4144 6542
311 424 407 476 iii

1733 414 2171 472 TllESAURUS.

3470 406 3573 464 ιειι

314 542 598 613 δύσφημον
629 545 1063 614 παραιτήσεται;
1099 542 1308 596 Οὐκοῦν
1337 540 1584 609 ἐκατέρῳ
1614 537 1790 608 καιρῷ
1832 553 1891 588 τε

2001 536 2135 601 Quid
2164 549 2292 589 vero
2320 547 2443 587 cum
2474 533 2794 587 crucilixum
2838 532 3075 587 viderit?
3103 544 3243 585 anne
3271 538 3435 585 etiam
3470 530 3573 583 hoc

315 635 411 687 καὶ
441 635 728 704 πράγματι
758 632 1014 697 σωζὲσθω
1051 631 1113 686 τὸ
1152 633 1381 700 πρέπον,
1406 632 1501 685 καὶ
1526 626 1891 698 γυμναζέσθω

317 725 417 794 μὲν
450 726 541 792 τῆς
567 724 842 792 θεολογίας
870 727 899 777 6
926 724 1105 792 λόγος,
1140 724 1214 793 μὴ
1245 725 1466 784 πάντως
1501 721 1561 787 ἐξ
1592 714 1667 773 ὧν
1696 720 1771 781 ὡς
1796 720 1892 771 ἀν-

315 816 531 886 θρωπος
556 816 801 882 φαίνεται
835 814 1032 879 λαλῶν,
1061 814 1174 869 ἀλλ’
1198 814 1256 878 ἐξ
1284 808 1359 866 ῶν
1388 815 1538 865 ἐστιν
1562 813 1627 865 ἐκ
1660 810 1891 879 Πατρδς,

311 908 389 971 ὡς
427 908 552 971 Υίδς
579 908 675 960 καὶ⁵
716 908 864 972 Θεός.
900 906 1294 979 Συγχωρείσθω
1328 907 1385 959 δέ
1415 907 1482 976 τῇ
1527 900 1892 972 οἰκονομίᾳτῇ

318 997 454 1067 μετὰ
481 998 703 1067 σαρκὸς,
731 997 792 1051 τὸ
821 998 1002 1065 λέγειν
1030 998 1192 1052 αὑτὸν
1219 996 1328 1050 ἐσθ’
1353 998 1441 1049 ὅτε
1465 996 1560 1048 καὶ⁸
1582 992 1619 1047 ἃ
1655 992 1731 1062 μὴ
1749 979 1894 1061 ’πρέ-

315 1105 408 1141 πει
438 1091 616 1158 γυμνῇ
653 1091 745 1143 καὶ
775 1090 898 1143 καθ’
931 1089 1133 1159 ἐαυτὴν
1171 1088 1305 1159 οὕσῃ
1348 1090 1414 1156 τῇ
1444 1086 1679 1155 θεότητι.
1726 1084 1895 1135 Ὅταν

315 1176 429 1244 οὖν,
460 1179 535 1243 ῶς
565 1180 851 1248 ἄνθρωπος
870 1222 884 1246 ,
925 1182 1060 1252 λέγῃ
1091 1179 1164 1250 μὴ
1192 1174 1333 1231 εἶναι
1387 1176 1590 1244 ἀγαθὸς
1620 1175 1791 1235 οὕτως
1821 1173 1895 1235 ὼς

315 1270 344 1321 6
375 1268 582 1338 Πατὴρ,
618 1269 870 1339 φερέσθω
906 1269 1104 1339 μᾶλλον
1126 1267 1221 1321 καὶ⁵
1248 1266 1407 1320 τοῦτο
1433 1265 1526 1318 ἐπὶ
1557 1265 1657 1336 τὴν
1687 1265 1895 1316 οἰκονο-

319 1358 448 1428 μίαν
489 1359 589 1429 τὴν
637 1360 777 1429 μετὰ
804 1360 1029 1430 σαρκὸς,
1058 1360 1152 1413 καὶ
1186 1358 1261 1428 pi‘
1297 1355 1552 1411 ἁπτέσθω
1580 1356 1678 1425 τῆς
1708 1353 1898 1415 οὐσίας

315 1448 410 1501 τοῦ
439 1449 570 1504 Υίοῦ
605 1452 702 1506 καὶ
731 1452 890 1506 Θεοῦ.

330 1739 643 1823 Ἀπρλοτέα
682 1740 902 1823 πιθανὴ
918 1741 1097 1823 ’.πρὸς
1131 1740 1240 1823 τρίς
1255 1738 1700 1823 ,ἐρωτήσανεαιο
1735 1756 1753 1788 ι
1796 1735 1901 1816 Ald

388 1812 445 1864 τί
466 1807 766 1881 ,με-’λέγεις
790 1807 1018 1880 ἀγαθόν
1034 1827 1052 1874 ;
1084 1811 1183 1864 καί
1212 1807 1506 1879 ἐξήγησις
1533 1807 1641 1861 τοῦ
1654 1807 1865 1875 ῥητοῦ.

1995 624 2115 680 Filii
2150 623 2487 692 divinitatem
2517 624 2624 691 pati
2652 623 2913 676 concedet
2943 622 3166 690 perinde
3205 630 3373 691 atque
3401 622 3572 676 homi-

1998 716 2258 769 nent?An
2296 714 2477 783 potius
2508 712 2898 779 blasphemiam
2936 712 3179 767 vetabit?
3199 712 3573 767 Conservetur

1998 808 2179 875 itaque
2215 809 2359 875 quod
2388 804 2608 873 utrique
2638 811 2692 858 et
2731 802 2960 871 tempori
2996 811 3051 854 et
3085 802 3161 855 rei
3199 802 3476 865 convenit,
3521 809 3576 853 et

1997 897 2160 951 divini
2193 896 2462 951 sermonis
2503 896 2644 949 ratio
2670 893 2999 963 inquiratur,
3035 908 3141 947 non
3171 892 3224 946 in
3257 892 3570 946 universum

1995 1006 2060 1044 ex
2089 990 2154 1043 iis
2175 1002 2297 1058 quae
2338 997 2394 1040 ut
2426 987 2584 1041 homo
2621 986 2878 1055 loquitur,
2917 984 3011 1040 sed
3052 998 3116 1039 ex
3148 984 3357 1053 quibus
3388 994 3472 1038 est
3509 998 3575 1037 ex

1997 1082 2181 1144 Patre,
2220 1088 2279 1133 ut
2329 1078 2497 1133 I-‘ilius
2540 1089 2595 1151 et
2622 1076 2787 1132 Deus.
2831 1076 3128 1130 Tribuatur
3160 1088 3292 1129 vero
3336 1074 3439 1128 hoc
3467 1073 3578 1128 dis-

1997 1172 2303 1244 pensatioui
2353 1185 2478 1225 cum
2536 1186 2703 1224 carne
2747 1169 2863 1223 sive
2896 1166 3281 1233 incarnationi,
3330 1166 3375 1221 si
3409 1165 3578 1219 inter-

1998 1265 2125 1319 dum
2158 1265 2272 1334 ipse
2319 1279 2381 1319 ea
2416 1264 2560 1317 dicat
2598 1278 2718 1332 quae
2762 1263 2916 1316 nuda:
2950 1274 3015 1315 ac
3060 1274 3155 1330 per
3185 1273 3244 1312 se
3293 1255 3576 1312 exsistenti

2000 1356 2185 1411 deitati
2221 1370 2327 1410 non
2370 1357 2656 1424 quadrant.
2689 1353 2822 1408 Cum
2873 1352 3035 1424 igitur
3064 1363 3121 1406 ut
3165 1351 3323 1405 homo
3357 1349 3489 1404 dicit
3520 1364 3580 1403 se

2001 1463 2107 1503 non
2138 1461 2258 1502 esse
2282 1447 2482 1502 bonum
2519 1448 2589 1500 ita
2621 1456 2678 1500 ut
2706 1445 2885 1510 Pater,
2926 1446 2991 1500 ad
3026 1443 3454 1499 incarnationem
3481 1456 3579 1511 po-

2003 1540 2109 1592 tius
2139 1537 2269 1591 illud
2305 1536 2593 1598 referatur,
2624 1549 2799 1605 neque
2825 1538 2893 1590 ad
2923 1536 3215 1591 essentiam
3249 1531 3372 1587 Filii
3395 1544 3448 1589 et
3480 1533 3572 1586 Dei

2002 1630 2276 1699 pertinere
2296 1628 2575 1698 judicetur

2006 1739 2252 1808 Defensio
2312 1738 2609 1793 verisimilis
2660 1737 2729 1789 ad
2757 1738 3252 1808 Ainterrogantem“:
3282 1754 3312 1808 _r
3340 1732 3451 1789 Cur
3500 1749 3580 1785 mc

2271 1809 2403 1863 dicis
2428 1810 2656 1862 bonum?
2683 1826 2702 1859 ι
2746 1805 2811 1859 Et
2846 1804 3126 1874 explicatio
3163 1806 3311 1858 dicti.

400 1917 745 1982 Ἐξεταστέον
784 1919 914 1991 ὅλην
957 1919 1053 1973 τοῦ
1089 1919 1453 1991 προκειμένου
1480 1918 1579 1990 τὴν
1614 1918 1890 1973 διὰνοιαν’

2072 1924 2264 1978 Totius
2308 1922 2385 1976 rei
2429 1921 2498 1976 de
2554 1935 2661 1991 qua
2708 1918 2917 1989 agimus
2971 1932 3168 1975 sensus
3224 1915 3582 1988 lnquirendus

316 2011 412 2065 καὶ
438 2010 581 2064 οῦτω
606 2009 929 2082 γνωσόμεθα
958 2011 1170 2080 σαφῶς,
1187 2011 1324 2081 ὅπερ
1348 2009 1598 2063 ἐϐούλετο
1625 2009 1899 2064 διδάσκειν

312 2102 342 2153 6
378 2100 633 2173 Χριστὸς,
665 2101 755 2154 διά
787 2101 882 2155 τοῦ
921 2102 1107 2171 φάναυ
1139 2121 1158 2154 ι
1194 2102 1260 2155 Τί
1294 2118 1363 2172 με
1387 2100 1566 2170 λέγεις
1589 2100 1832 2170 ἀγαθόν;
1875 2118 1894 2151 ι

311 2193 556 2263 Νομικὸς
588 2192 898 2263 προσῆλθεν
920 2192 1084 2262 (οὕτω
1121 2192 1231 2263 γάρ
1263 2192 1620 2263 γέγραπται),
1660 2191 1720 2244 τὸ
1749 2192 1900 2253 ὅπως

316 2283 621 2355 σωθήσεται
654 2284 947 2355 μανθάνειν
973 2284 1270 2353 ἐπιζητῶν.
1298 2280 1431 2338 Εἶτα
1459 2282 1733 2353 προτείνει
1756 2282 1901 2335 διδά-

316 2366 517 2426 σκαλον
536 2373 699 2427 αὑτὸν
719 2374 816 2427 καὶ⁵
834 2374 1037 2442 ἀγαθὸν
1058 2372 1406 2445 προειρηκὼς
1430 2373 1511 2438 τὺ,
1537 2392 1556 2426 ι
1581 2374 1647 2426 Τί
1668 2374 1901 2443 ποιήσας

317 2462 465 2534 ζωὴν
494 2464 711 2517 αἰώνιον
743 2463 1172 2535 κληρονομήσω;
1203 2482 1221 2515 ι
1261 2463 1406 2533 Πρὸς
1426 2463 1601 2517 ταῦτα
1627 2462 1862 2534 Χριστός
1883 2478 1897 2491 ο

324 2573 343 2607 ι
380 2554 445 2607 Τί
475 2572 543 2625 με
569 2555 767 2624 λέγεις,
800 2554 988 2625 φησὶν,
1019 2554 1254 2621 ἀγαθόν;
1286 2553 1475 2618 Οὐδεὶς
1497 2552 1719 2620 ἀγαθὸς,
1753 2553 1801 2604 εἰ
1827 2552 1904 2621 μὴ

316 2639 398 2709 εἷς
416 2648 445 2698 6
470 2646 624 2709 Θεός.
658 2647 900 2715 ’Ύπαγε,
933 2645 1186 2717 πώλησόν
1217 2663 1309 2699 σου
1330 2646 1399 2699 τά
1431 2646 1743 2717 ὑπάρχοντα
1764 2684 1779 2711 ,
1810 2646 1906 2699 καὶ

316 2738 406 2800 δὸς
433 2740 693 2807 πτωχοῖς,
724 2738 819 2791 καὶ
845 2737 990 2802 ἕξεις
1019 2737 1294 2809 θησαυρὸν
1319 2741 1380 2791 ἐν
1403 2738 1675 2808 οὐρανοῖς.
1717 2756 1736 2789 ι
1760 2738 1904 2791 Ἀλλ’

315 2831 416 2885 οὐκ
440 2829 679 2897 ἐνεγκὼν
702 2829 801 2898 τῆς
831 2828 1052 2898 ἐντολῆς
1072 2830 1135 2882 τὸ
1156 2829 1340 2901 βάρος.
1366 2830 1461 2883 καὶ
1482 2830 1750 2899 ἀτονήσας
1773 2831 1905 2900 περὶ

316 2920 415 2992 τὴν
448 2919 670 2991 ἀρετὴν,
716 2919 940 2983 ὀκλάζει
970 2920 1100 2989 περὶ
1148 2920 1208 2973 τὸ
1250 2920 1599 2993 πρόσταγμα.
1666 2920 1904 2992 Ἀπῆλθε

316 3018 446 3084 γάρ,
470 3014 626 3085 φησὶ,
649 3012 1007 3081 λυπούμενος.
1035 3013 1193 3074 Ποῖος
1213 3008 1305 3065 οὖν
1320 3008 1388 3082 ἦν
1406 3010 1593 3065 ἐνθάδε
1624 3011 1904 3080 θεολογίας

319 3104 543 3175 καιρός;
569 3102 660 3173 Τῷ
687 3104 745 3156 δὲ
772 3104 1129 3175 ἐρωτήσαντι,
1162 3102 1227 3155 Τί
1247 3103 1355 3173 ἄρα
1378 3103 1610 3172 ποιήσας
1636 3102 1904 3156 ἐσταικαὶ

318 3197 478 3262 αὐτὸς
509 3201 619 3261 τοῖς
644 3197 976 3267 σωζομένοις
1002 3195 1352 3266 ἐναρίθμιος;
1387 3198 1539 3248 ποῖον
1576 3194 1691 3265 ἔχει
1719 3194 1900 3263 λόγον,

324 3292 397 3361 μὴ
434 3291 570 3359 ὅπερ
615 3286 845 3359 times
899 3288 1088 3357 μαθεῖν
1126 3284 1476 3356 ἀποκαλύψαι
1529 3286 1749 3356 μᾶλλον,
1784 3285 1900 3338 ἀλλ’

320 3382 508 3452 ἕτερόν
540 3398 593 3435 τι
618 3380 771 3450 παρὰ
806 3379 869 3432 τὸ
912 3379 1106 3449 ἐκείνῳ
1162 3377 1497 3448 ποθούμενον
1537 3380 1744 3437 είπεῖν;
1780 3378 1904 3441 Πῶς

319 3473 376 3525 δὲ
405 3466 515 3525 οἷόν
548 3488 607 3524 τε
634 3466 701 3542 ἦν
720 3470 782 3523 τὸ
810 3472 1058 3537 ἐνεγκεῖν
1080 3470 1181 3523 ούκ
1216 3468 1518 3539 ἰσχύσαντα
1536 3469 1665 3538 μιᾶς
1686 3468 1903 3538 ἐντολῆς

322 3562 682 3632 εύαγγελικῆς
720 3562 961 3632 φορτίον,
1008 3559 1070 3613 τὸ
1128 3560 1269 3632 ὑπὲρ
1319 3559 1495 3613 πάντα
1553 3558 1903 3613 διδάσκεσθαι

325 3653 645 3723 μυστήριον,
693 3651 866 3715 οὕτως
908 3649 1203 3704 ἀτονοῦντα
1257 3650 1388 3721 περὶ
1412 3649 1509 3721 τὴν
1535 3650 1652 3716 τῶν
1682 3648 1902 3717 ἀγαθῶν

322 3745 527 3812 ἔφεσιν,
549 3743 624 3807 ὠς
648 3743 783 3814 μηδὲ
801 3743 944 3813 λόγῳ
966 3741 1228 3795 δύνασθαι
1250 3742 1453 3811 ταύτην
1480 3744 1711 3812 χωρεῖν;
1733 3741 1902 3795 Λελύ·

323 3852 489 3905 πηται
519 3834 648 3905 γὰρ,
673 3834 750 3897 ὡς
779 3833 1109 3903 γέγραπται.
1160 3831 1379 3904 Ἐπειδὴ
1408 3833 1587 3886 τοίνυν
1617 3832 1902 3905 ἄνθρωπον

326 3921 533 3991 βλέπων
573 3925 601 3975 6
649 3922 893 3991 νομικὸς,
945 3921 1017 3985 ὡς
1056 3920 1330 3992 ἀνθρώπῳ
1359 3922 1652 3994 πρόσεισι,
1688 3922 1781 3975 καὶ¹
1827 3922 1903 3987 ὡς

322 4013 473 4083 ψιλὸν
511 4013 793 4086 ἄνθρωπον
836 4014 1049 4084 ἐρωτᾷ,
1094 4012 1393 4084 ἐξελέγχων
1436 4013 1511 4076 ὡς
1541 4013 1761 4085 ἀμαθῆ,
1799 4014 1906 4084 μά-

324 4104 462 4157 λισθ’
505 4105 587 4158 ὅτι
624 4105 817 4172 σοφίας
862 4104 1132 4176 ὑπόληψιν
1166 4105 1638 4177 ἐπραγματεύετο,
1692 4105 1782 4159 διὰ
1810 4104 1902 4159 τοῦ

323 4198 497 4251 δοκεῖν
522 4198 726 4250 εἰδέναι
744 4198 837 4252 τὸν
862 4198 1048 4268 νόμον,
1071 4198 1315 4253 δυσωπεῖ
1341 4198 1515 4266 λέγων
1534 4217 1547 4230 ·
1570 4198 1747 4262 Μόνος
1770 4199 1905 4268 ἀγα-

324 4290 414 4353 θὸς
444 4289 586 4343 κατά
613 4287 872 4359 ἀλήθειαν
896 4289 924 4341 6
953 4289 1104 4351 Θεός.
1129 4289 1193 4341 Τί
1221 4287 1509 4360 τοιγαροῦν
1529 4290 1604 4353 ὡς
1632 4289 1904 4362 ἀνθρώπῳ

324 4377 659 4450 προσελθὼν,
685 4378 744 4432 τὸ
773 4378 919 4449 μόνῳ
938 4378 1137 4447 προσὸν
1153 4377 1230 4449 τῷ
1258 4378 1377 4450 Θεῷ
1406 4379 1549 4433 κατὰ
1578 4380 1762 4449 φύσιν,
1782 4381 1906 4450 ἐμοὶ

326 4468 631 4541 περιτίθης,
668 4467 870 4535 ἀγαθὸν
905 4467 1231 4533 ἀποκαλῶν;
1256 4463 1350 4532 Εἷς
1376 4470 1484 4539 γάρ
1516 4471 1663 4523 ἐστιν
1690 4473 1719 4524 6
1746 4470 1904 4539 φύσει

2001 2015 2158 2070 nobis
2208 2023 2327 2077 est;
2378 2020 2541 2079 atque
2592 2011 2665 2064 ita
2716 2006 3003 2063 manifeste
3045 2007 3414 2076 intelligemus
3455 2006 3582 2074 quid

2001 2106 2234 2163 voluerit
2282 2105 2478 2159 docere
2526 2101 2778 2158 Christus
2828 2099 3063 2155 dicens:
3104 2116 3123 2151 ι
3152 2097 3262 2153 Cur
3316 2112 3402 2152 me
3450 2094 3584 2148 dicis

2000 2197 2245 2253 bonum?
2280 2215 2298 2249 ι
2333 2194 2495 2265 Legis
2545 2193 2753 2264 peritus
2803 2191 3025 2260 quidam
3058 2190 3155 2261 (ita
3205 2188 3350 2244 enim
3395 2188 3586 2243 scrihi-

2001 2291 2108 2361 tur)
2138 2289 2251 2345 adit
2282 2287 2594 2353 Dominum,
2624 2285 2852 2354 cupiens
2886 2298 2953 2339 ex
2986 2298 3052 2339 eo
3082 2293 3414 2352 cognoscere
3443 2294 3582 2348 quo-

2002 2397 2126 2436 nam
2191 2388 2348 2449 pacto
2414 2379 2647 2433 salutem
2721 2384 2978 2431 aeternam
3062 2371 3322 2442 consequi
3381 2381 3580 2441 posset.

2003 2470 2204 2525 Deinde
2225 2471 2327 2524 hoc
2352 2469 2603 2539 petitioni
2630 2482 2741 2522 sua:
2761 2468 3031 2537 praetexit,
3065 2464 3384 2535 magistrum
3410 2462 3584 2533 ipsu-u

2003 2574 2125 2615 esse
2168 2570 2224 2613 et
2257 2559 2486 2623 bonum,
2534 2558 2936 2613 ita’Christum
2987 2555 3362 2626 compellans:
3400 2571 3418 2603 ι
3449 2552 3587 2618 Quid

2005 2650 2210 2705 faciens
2251 2649 2417 2701 vitam
2460 2656 2721 2703 aeternam
2756 2647 3082 2718 possidebo?
3112 2664 3131 2697 ι
3164 2644 3262 2699 Cui
3298 2642 3588 2697 Christus:

2009 2759 2028 2792 ι
2061 2740 2202 2807 Quid
2237 2755 2345 2806 me,
2377 2740 2573 2810 inquit,
2621 2740 2758 2796 dicis
2789 2739 3027 2793 bonum?
3056 2736 3228 2791 Nemo
3256 2736 3454 2801 bonus,
3488 2736 3585 2788 nisi

2003 2849 2146 2888 unus
2170 2834 2330 2890 Deus.
2368 2832 2542 2899 Vade,
2580 2844 2634 2889 et
2662 2832 2838 2887 vende
2873 2831 3051 2888 omnia
3078 2846 3197 2899 qua:
3226 2831 3413 2894 habes,
3443 2839 3497 2883 et
3521 2829 3585 2882 da

2002 2926 2355 2997 pauperibus,
2408 2936 2463 2981 et
2514 2927 2740 2981 habebis
2793 2926 3121 2980 thesaurum
3182 2923 3234 2977 in
3294 2923 3535 2977 cualis".
3567 2938 3585 2970 ι

2004 3016 2167 3086 Atqui
2218 3016 2263 3071 is
2298 3033 2405 3072 non
2440 3019 2617 3072 ferens
2660 3017 2912 3087 praecepti
2949 3016 3185 3085 pondus,
3237 3021 3290 3068 et
3339 3012 3593 3081 languido

2003 3125 2131 3179 erga
2173 3110 2431 3163 virtutem
2479 3110 2685 3172 animo,
2722 3115 3058 3177 prmceptum
3110 3120 3214 3159 non
3256 3104 3590 3172 exsequitur.

1928 3227 1970 3283 ο
2006 3200 2426 3263 Recessiteuim,
2455 3198 2916 3267 inquit,maestus.
2941 3196 3200 3261 Quaenam
3223 3196 3386 3265 igitur
3409 3194 3495 3247 hic
3510 3210 3596 3248 oc-

2011 3292 2160 3345 casio
2177 3299 2298 3344 erat
2317 3300 2373 3342 ut
2389 3289 2572 3343 divino
2596 3304 2745 3342 more
2767 3287 3121 3357 loqueretur?
3142 3287 3275 3341 Cum
3306 3300 3433 3338 vero
3462 3285 3595 3354 legis

2010 3382 2220 3451 peritus
2264 3382 2566 3449 interrogat
2619 3380 2747 3450 quid
2783 3379 2992 3434 faciens
3042 3378 3095 3432 in
3130 3392 3317 3431 eorum
3357 3377 3448 3445 qui
3481 3378 3590 3429 salo

2007 3472 2166 3525 vandi
2202 3480 2329 3524 sunt
2370 3485 2655 3524 numerum
2702 3468 3024 3523 referendus
3055 3469 3154 3531 sit,
3193 3481 3453 3536 quanam,
3481 3466 3583 3516 ob-

2009 3582 2192 3631 secro,
2226 3565 2456 3629 ratione,
2478 3578 2582 3618 non
2619 3565 2670 3617 id
2702 3563 2844 3632 quod
2877 3561 3099 3631 optabat
3122 3560 3289 3624 scire,
3324 3558 3399 3611 illi
3429 3559 3587 3625 expli-

2004 3668 2109 3717 cet.
2147 3657 2241 3711 sed
2269 3656 2447 3725 potius
2477 3655 2678 3724 aliquid
2717 3653 2991 3708 diversum
3021 3652 3089 3706 ab
3130 3665 3194 3705 eo
3220 3650 3367 3719 quod
3403 3651 3592 3719 cupie-

2002 3752 2115 3816 bat,
2145 3751 2220 3805 illi
2256 3751 2399 3803 dicat
2424 3750 2447 3802 ?
2470 3747 2588 3813 Quo
2617 3756 2773 3817 pacto
2800 3760 2932 3800 vero
2977 3743 3093 3798 lieri
3125 3752 3340 3812 poterat
3387 3752 3465 3805 ut,
3501 3740 3591 3809 qui

2005 3858 2073 3897 ne
2105 3843 2265 3896 unius
2302 3840 2519 3910 quidem
2580 3837 2877 3908 evangelici
2914 3834 3169 3907 praecepti
3209 3833 3416 3904 pondus
3454 3832 3593 3887 ferre

2006 3941 2253 4003 poterat,
2304 3945 2566 3985 arcanum
2621 3929 2865 3983 Omnium
2923 3927 3223 3981 maximum
3280 3924 3589 3985 doceretur,

2008 4023 2210 4092 quique
2242 4022 2316 4075 ita
2358 4019 2647 4089 languidus
2677 4032 2742 4072 ac
2764 4018 3028 4072 remissus
3063 4018 3115 4069 in
3151 4013 3468 4083 appetendis
3499 4013 3593 4066 bo-

2008 4115 2092 4169 nis
2122 4124 2262 4179 erat,
2297 4124 2354 4168 ut
2384 4128 2452 4168 ne
2482 4112 2694 4167 ratione
2725 4112 2942 4181 quidem
2978 4124 3041 4164 ea
3070 4107 3351 4179 percipere
3377 4108 3596 4175 posset?

2006 4205 2234 4261 Maestus
2264 4207 2408 4261 enim
2447 4213 2585 4270 erat,
2619 4213 2678 4258 ut
2730 4204 2993 4272 scriptum
3046 4202 3189 4255 est‘.
3239 4200 3374 4255 Cum
3415 4200 3595 4268 itaque

2006 4300 2140 4368 legis
2178 4298 2385 4367 peritus
2431 4296 2520 4351 ille
2566 4296 2845 4351 hominem
2904 4294 3055 4347 illum
3094 4305 3216 4347 esse
3251 4306 3503 4358 cernens,
3539 4301 3596 4344 ut

2006 4390 2331 4458 simpliciter
2380 4389 2654 4443 hominem
2708 4387 3092 4456 compellaret,
3155 4399 3391 4455 arguens
3441 4383 3589 4437 illum

2006 4481 2310 4550 imperitiae,
2339 4496 2406 4536 eo
2451 4479 2723 4549 praecipue
2771 4478 2992 4532 nomine
3028 4476 3175 4547 quod
3218 4475 3499 4542 sapientiae
3531 4474 3595 4525 ti-

324 4562 559 4631 ἀγαθδς,
601 4560 731 4621 Θεὸς
781 4559 1004 4630 δηλαδή.
1060 4560 1124 4614 El
1173 4561 1271 4630 μὲν
1318 4556 1411 4614 οὖν
1439 4557 1587 4624 οἶδάς
1621 4579 1710 4632 με,
1746 4562 1900 4633 φησὶ,

2012 4572 2127 4625 tulo
2164 4585 2225 4625 se
2247 4571 2548 4638 jactitarct,
2599 4569 2851 4623 nimirum
2899 4568 3044 4638 quod
3086 4581 3146 4621 se
3183 4565 3431 4636 peritiam
3462 4562 3597 4629 legis

325 4653 458 4707 Θεὸν
496 4653 648 4718 ὄντα,
688 4654 783 4706 καὶ
822 4651 907 4704 διὰ
932 4651 1091 4704 τοῦτο
1118 4650 1343 4720 ἀγαθὸν,
1375 4654 1496 4706 ὅτου
1538 4652 1603 4724 δὴ
1632 4653 1790 4725 χάριν
1829 4653 1905 4717 ώς

326 4744 599 4815 ἀνθρώπῳ
650 4745 929 4815 προσέρχῃ
967 4742 1143 4813 ψιλῷ;
1177 4743 1241 4797 El
1274 4743 1331 4796 δὲ
1368 4745 1430 4797 ού
1469 4744 1745 4809 πιστεύεις
1768 4740 1906 4798 εἶναι

330 4852 399 4907 με
430 4834 583 4900 Θεὸν,
614 4835 729 4889 ἀλλ’
761 4833 1048 4905 ἄνθρωπον
1076 4837 1180 4888 οῖει
1202 4852 1272 4905 με
1299 4834 1472 4905 ψιλὸν,
1505 4836 1556 4889 τί
1580 4836 1644 4908 δή
1676 4854 1806 4890 ποτε
1828 4835 1908 4908 τῷ

328 4925 448 4994 Θεῷ
486 4924 694 4997 πρέπον
748 4926 969 4996 ἀξίωμα
1021 4925 1167 4996 μόνῳ
1215 4925 1551 4995 προσάπτεις
1600 4925 1902 4998 ἀνθρώπῳ;

333 5017 595 5087 Ἔλεγχος
620 5012 712 5072 οὖν
744 5018 983 5089 ἀμαθίας
1012 5018 1072 5071 τὸ
1100 5018 1386 5090 εἰρημένον
1416 5019 1563 5073 ἐστὶν
1583 5059 1599 5083 ,
1628 5020 1689 5072 ού
1722 5019 1905 5073 θεολο-

328 5109 455 5175 γίας
483 5109 728 5174 ἀξίωσις.

2005 4670 2359 4716 consecutum
2393 4663 2640 4731 putabat,
2668 4659 2988 4729 perstringit
3019 4658 3199 4723 illum,
3230 4654 3418 4710 dicens
3446 4671 3461 4707 :
3493 4653 3595 4705 So-

2004 4754 2090 4809 lus
2120 4753 2261 4809 Deus
2300 4769 2485 4809 revera
2510 4753 2683 4807 bonus
2718 4761 2823 4807 est.
2870 4749 2979 4805 Cur
3011 4751 3173 4819 igitur
3212 4764 3297 4804 me
3329 4757 3387 4801 ut
3419 4746 3593 4799 homi-

2005 4860 2129 4901 nem
2154 4845 2511 4907 -accedendo,
2544 4843 2652 4915 74
2691 4844 2743 4898 id
2791 4841 2934 4912 quod
2979 4841 3077 4896 soli
3132 4840 3242 4895 Deo
3277 4836 3595 4892 naturaliter

2006 4939 2166 5001 inest,
2201 4939 2329 4992 mihi
2368 4937 2587 5003 tribuis,
2626 4938 2825 4992 bonum
2874 4953 2960 4991 me
2988 4934 3227 4990 vocans?
3270 4932 3419 4988 Unus
3447 4927 3592 4981 enim

2013 5040 2204 5084 natura
2237 5046 2331 5085 sua
2376 5031 2547 5085 bonus
2574 5038 2680 5095 est,
2718 5027 2864 5084 Deus
2904 5027 3182 5083 nimirum.
3222 5022 3278 5078 Si
3312 5020 3477 5084 enim,
3516 5017 3592 5070 in-

2013 5121 2153 5189 quit,
2203 5122 2342 5177 nosti
2391 5136 2478 5175 me
2528 5119 2692 5175 Deum
2738 5134 2885 5186 esse,
2941 5128 3105 5187 atque
3147 5114 3217 5168 oh
3268 5112 3319 5165 id
3372 5111 3594 5170 bonum,

330 5217 491 5270 quant
524 5204 592 5257 ob
621 5218 735 5258 rem
768 5218 854 5259 me
898 5212 956 5259 ut
978 5205 1181 5259 nudum
1223 5204 1496 5261 hominem
1553 5207 1808 5261 accedis?
1849 5208 1904 5262 Si
1944 5224 2076 5267 vero
2119 5230 2223 5267 non
2272 5215 2451 5269 credis
2493 5229 2578 5269 me
2647 5228 2769 5268 esse
2812 5212 3005 5275 Deum,
3059 5208 3154 5263 scd
3212 5205 3345 5260 nihil
3391 5216 3589 5273 praeter

330 5297 608 5353 hominem
641 5299 911 5370 vulgarem
944 5317 1029 5355 me
1062 5317 1183 5356 esse
1213 5317 1425 5367 censes,
1458 5317 1559 5355 cur
1586 5301 1902 5371 dignitatem
1939 5319 2063 5375 qua:
2100 5309 2201 5362 soli
2265 5309 2375 5363 Deo
2440 5309 2667 5363 debetur
2700 5307 2833 5361 mihi
2862 5304 3068 5360 homini
3105 5313 3316 5359 tantum
3365 5300 3594 5357 tribuis?

334 5390 549 5446 Dictum
581 5392 744 5462 igitur
780 5393 906 5461 hoc,
940 5402 1144 5447 tantum
1186 5394 1252 5447 ad
1294 5394 1773 5463 reprehensionem
1842 5397 2124 5467 imperitia:
2155 5399 2319 5466 illius,
2391 5414 2495 5454 non
2564 5402 2630 5454 ad
2683 5397 2983 5455 divinitatis
3014 5396 3435 5452 declarationem
3473 5407 3592 5461 per-

333 5485 489 5539 tinet.

1012 5576 1216 5629 ΛΑΜ).

407 5684 469 5738 El
501 5683 588 5736 διὰ
625 5685 686 5738 τὸ
714 5685 964 5755 λέγεσθαι
1003 5688 1163 5756 μόνον
1193 5682 1329 5742 εἶναι
1372 5691 1462 5743 καὶ
1501 5691 1595 5746 ἕνα
1628 5692 1766 5746 κατὰ
1802 5692 1903 5763 φύ-

415 5839 461 5872 "
489 5838 652 5894 Marc.
681 5855 733 5904 χ,
781 5841 959 5894 17-21.
1049 5844 1060 5872 ¹
1098 5844 1230 5900 Ibid.
1271 5846 1362 5900 “2‘2.

2692 5580 2918 5639 ALIUD.

2088 5693 2143 5748 Si
2175 5710 2237 5748 ex
2270 5709 2334 5750 eo
2364 5694 2507 5764 quod
2533 5695 2731 5751 dicitur
2756 5694 2897 5751 Deus
2932 5694 3079 5751 solus
3109 5710 3231 5750 csse
3264 5703 3424 5762 atque
3451 5704 3590 5745 unus
