4144 6566
550 415 652 471 123
1544 413 1604 469 S.
1649 410 1917 468 CYRILLI
1957 410 2425 469 ALEXANDRINI
2466 363 2786 470 AlllllllEP.

551 526 871 584 naturaliter
900 525 1098 588 bonus,
1142 522 1452 577 excluditur
1502 523 1604 578 hac
1639 524 1691 578 in
1724 537 1877 594 parte
1916 541 1945 579 a
1976 526 2127 579 simi-

2234 512 2317 580 (ἦν
2348 528 2555 596 ἀγαθὸν
2576 529 2669 584 τὸν
2694 530 2848 595 Θεὸν,
2880 529 3202 586 ἐκϐάλλεται
3239 531 3338 603 τῆς
3361 532 3502 587 κατὰ
3534 534 3695 589 τοῦτο
3720 536 3861 605 ep-

2233 622 2458 691 φερείας
2489 638 2547 675 τε
2575 624 2670 675 καὶ
2699 623 3017 694 ὁμοιότητος
3045 625 3073 676 6
3105 624 3231 689 Υἱὸς
3261 642 3365 695 της
3398 628 3533 697 πρὸς
3569 628 3661 683 τὸν
3705 629 3856 681 Πα-

2230 711 2379 781 τέρα,
2419 715 2581 783 φημὶ,
2622 714 2716 769 καὶ
2733 714 2953 768 ἔλαττον
2982 715 3135 769 ἔσται
3166 716 3402 785 ἀγαθὸς,
3431 717 3519 773 διά
3548 736 3614 772 τε
3651 718 3859 773 τοῦτο

2230 803 2328 871 οὐχ
2357 802 2663 872 ὁμοούσιος.
2696 806 2957 877 φρασάτω
2989 824 3073 871 τις
3106 809 3241 879 ἡμῖν
3278 808 3387 863 τῶν
3419 811 3863 880 χριστομαχεῖνν

550 618 776 673 litudine
807 632 929 670 cum
964 613 1127 670 Patre
1168 613 1358 678 Filius,
1394 622 1447 668 et
1481 614 1657 669 minus
1698 617 1870 670 bonus
1901 625 2003 682 est,
2042 624 2128 669 at-

549 726 655 777 que
686 708 887 763 ideirco
918 721 1024 760 non
1064 704 1562 766 consubstantialis,
1604 704 1748 759 dicat
1799 705 1953 758 nobis
1982 705 2131 773 quis-

550 802 691 867 piant
742 815 931 853 eorum
967 798 1058 867 qui
1104 798 1325 851 Christo
1375 794 1573 849 bellum
1624 795 1954 860 indixerunt,
2000 795 2130 864 qttid

553 890 754 943 taciant
779 890 824 943 si
852 890 1015 943 etiam
1055 904 1151 943 nos
1182 888 1358 943 simile
1383 886 1586 955 aliquid
1618 887 1699 939 eis
1737 899 2127 954 proponamus.

555 981 693 1034 Dicit
741 980 884 1033 cnim
934 979 1133 1033 alicubi
1180 977 1397 1047 quidam
1443 993 1510 1033 ex
1556 978 1764 1031 sanctis
1808 977 1874 1031 de
1908 976 2015 1031 Deo
2066 991 2130 1031 ac

553 1074 714 1126 Patre
749 1071 889 1141 quod
924 1072 1063 1125 Deus
1113 1070 1185 1125 sil.
1231 1069 1488 1133 lumen';
1536 1069 1668 1123 dicit
1704 1082 1832 1122 vero
1871 1068 2012 1122 idem
2062 1069 2131 1123 de

555 1163 716 1227 Filio,
750 1164 895 1233 quod
932 1163 1006 1218 sit
1044 1163 1223 1215 lumen
1273 1176 1456 1216 verum
1484 1162 1525 1217 ³.
1571 1160 1709 1215 Ecce
1752 1159 1913 1215 Pater
1948 1160 2128 1215 lumen

556 1258 780 1322 dicitur,
834 1265 888 1309 et
934 1254 1104 1309 Filius
1158 1258 1283 1309 item
1343 1253 1543 1309 lumen.
1598 1252 1708 1306 Soli
1761 1262 1938 1305 autem
1994 1251 2131 1306 Filio

556 1348 815 1401 tribuitur
847 1347 989 1416 quod
1034 1348 1103 1400 sit
1136 1362 1308 1399 verum
1358 1346 1560 1398 lumen.
1594 1342 1757 1397 Pater
1795 1343 1980 1412 itaque
2016 1358 2121 1395 non

555 1440 659 1492 erit
691 1455 877 1493 verum
926 1439 1129 1502 lutnen,
1165 1440 1210 1493 si
1254 1437 1468 1506 quidem
1501 1436 1737 1491 Joannes
1769 1436 1821 1490 id
1863 1436 1962 1492 soli
1994 1436 2132 1491 Filio

556 1530 806 1585 ascribit.
843 1531 1004 1600 Atqui
1054 1530 1323 1584 neminem
1374 1529 1610 1582 arbitror
1657 1542 1723 1582 eo
1767 1528 1991 1583 insaniae
2038 1530 2133 1583 de-

560 1632 867 1686 ventnrum,
912 1631 969 1675 ut
1002 1621 1135 1674 adeo
1180 1620 1395 1687 impiam
1440 1619 1750 1687 opinionem
1788 1619 1926 1673 tueri
1975 1619 2129 1676 velit.

558 1716 619 1770 Si
649 1729 779 1784 ergo
812 1730 931 1768 cum
957 1713 1123 1769 Filius
1152 1713 1297 1769 solus
1325 1727 1449 1767 vere
1483 1721 1707 1769 vocetur
1735 1721 1789 1767 et
1824 1713 1896 1767 sit
1928 1712 2130 1777 lumen,

558 1823 685 1861 vere
725 1807 889 1861 etiam
928 1807 1030 1861 hoc
1075 1807 1251 1876 ipsum
1294 1816 1378 1861 est
1416 1804 1597 1871 Pater,
1630 1820 1752 1860 cum
1784 1804 1945 1860 Pater
1978 1814 2133 1859 natu-

557 1897 746 1952 raliter
778 1898 849 1952 sit
884 1897 1077 1963 bonus,
1106 1908 1159 1952 et
1198 1897 1416 1965 quidem
1443 1896 1609 1961 solus,
1644 1896 1931 1951 eritetiani
1964 1894 2132 1951 Filius

556 1990 883 2044 naturaliter
929 1991 1140 2053 bonus,
1190 1990 1645 2058 quemadmodum
1687 1997 1742 2041 et
1793 1986 1975 2042 Pater.
2029 1985 2131 2042 Ubi

558 2090 744 2136 autem
789 2092 872 2136 est
916 2081 1169 2135 identitas
1216 2090 1445 2145 naturae,
1486 2081 1559 2134 ibi
1590 2081 1757 2135 etiam
1802 2078 2026 2135 omnino
2052 2088 2137 2134 est

558 2172 1118 2229 consubstantialitas.

1230 2350 1457 2408 ALIUD.

630 2467 688 2522 Si
724 2482 792 2520 ex
816 2480 883 2520 eo
909 2465 1051 2534 quod
1085 2464 1268 2533 aliqua
1301 2464 1354 2518 in
1380 2479 1438 2519 re
1463 2462 1676 2517 dilferat
1702 2462 1871 2518 Filius
1893 2477 1923 2516 a
1951 2460 2133 2529 Patre,

559 2560 621 2613 tit
654 2568 712 2612 ut
743 2575 847 2612 non
879 2558 1123 2611 eamdem
1152 2572 1274 2611 cum
1314 2570 1378 2610 eo
1405 2555 1695 2610 essentiam
1729 2554 1936 2609 habere
1980 2554 2097 2608 dica
2117 2583 2135 2596 -

561 2660 672 2714 tur,
710 2649 801 2705 sed
837 2649 1064 2703 alterius
1095 2647 1309 2716 generis
1335 2653 1389 2701 et
1418 2647 1814 2711 quodammodo
1841 2656 2136 2700 extraneus

558 2746 655 2807 sit,
686 2752 836 2797 certe
870 2741 914 2796 si
961 2742 1013 2794 in
1044 2738 1191 2793 nullo
1223 2736 1458 2802 dill‘erat,
1493 2734 1977 2791 consubstantialis
2006 2734 2132 2789 erit.

559 2835 696 2888 Cum
739 2848 868 2902 ergo
916 2847 1073 2887 sacra
1113 2829 1397 2898 Scriptura
1428 2828 1561 2883 dicit
1593 2828 1660 2882 de
1692 2826 1851 2882 Patre
1879 2827 2022 2896 quod
2068 2826 2139 2879 sit

563 2925 769 2987 lumen,
802 2932 857 2977 ct
889 2937 1077 2978 rursus
1110 2921 1303 2976 Filium
1343 2930 1498 2974 vocet
1525 2919 1733 2984 lumen,
1770 2917 2015 2985 nihilque
2050 2916 2139 2971 hic

560 3016 637 3069 sit
687 3016 829 3082 quod
880 3011 1291 3067 similitudinem
1346 3009 1639 3078 impediat,
1691 3017 1783 3061 aut
1838 3007 2140 3075 distinguat

563 3106 806 3176 (utrique
833 3103 978 3158 enim
1023 3119 1210 3158 verum
1251 3102 1428 3157 lumen
1462 3102 1762 3167 tribuitur),
1798 3099 1925 3167 quid
1958 3098 2141 3152 obstat

561 3199 851 3269 quominus
874 3195 1357 3253 consubstantialis
1388 3194 1538 3249 Patri
1569 3193 1641 3248 sit
1670 3190 1879 3247 Filius?

1251 3284 1478 3341 ALIUD.

638 3380 695 3435 Si
731 3379 899 3434 Filius
933 3379 1161 3433 diversa:
1204 3376 1456 3433 essentia:
1497 3385 1582 3430 est
1614 3389 1642 3427 a
1680 3373 1864 3437 Patre,
1901 3371 2007 3443 75
2033 3386 2141 3439 quo

568 3483 727 3540 pacto
758 3471 916 3527 Pater
941 3472 994 3526 in
1029 3470 1146 3539 ipso
1176 3476 1425 3539 apparet,
1452 3476 1507 3521 et
1539 3467 1654 3534 ipse
1686 3467 1737 3519 in
1762 3464 1961 3519 Patre?
1990 3483 2009 3516 ι
2039 3463 2142 3530 Qui

568 3566 715 3618 enim
758 3563 891 3618 vidit
924 3578 1032 3627 me,
1069 3563 1268 3629 inquit,
1314 3559 1449 3613 vidit
1486 3567 1542 3613 et
1584 3557 1799 3611 Patrem
1838 3570 2014 3610 meum
2039 3554 2081 3609 ⁸.
2119 3571 2138 3606 ›

570 3654 759 3727 Neque
806 3670 938 3710 vero
977 3652 1215 3708 hominis
1258 3650 1485 3706 formam
1536 3649 1589 3703 in
1629 3662 1771 3717 equo
1816 3661 2141 3703 cernemus:

573 3761 749 3814 neque
804 3745 1045 3799 vicissim
1095 3742 1219 3811 equi
1274 3740 1498 3795 formam
1552 3738 1606 3793 in
1655 3736 1895 3792 homine.
1958 3735 2147 3791 Simile

567 3837 715 3891 enim
748 3835 799 3888 in
835 3834 1003 3888 simili
1045 3831 1323 3895 cernitur;
1354 3843 1475 3897 quae
1520 3842 1650 3884 vero
1678 3827 1908 3883 diversa:
1948 3826 2145 3894 speciei

573 3937 721 3996 sunt,
769 3937 823 3981 et
851 3938 906 3979 ‘a
959 3922 1193 3978 naturali
1249 3920 1603 3977 similitudine
1651 3920 1793 3974 inter
1829 3932 1888 3974 se
1934 3918 2145 3973 discre-

573 4030 725 4090 pant,
755 4032 1029 4086 nunquam
1070 4013 1240 4067 altera
1277 4012 1462 4067 alteris
1492 4012 1673 4065 inesse
1703 4016 2017 4064 cernentur.
2059 4008 2149 4060 Vi-

576 4112 737 4165 detur
768 4121 946 4162 autctn
982 4105 1143 4159 Pater
1170 4108 1226 4158 in
1256 4103 1417 4168 Filio,
1444 4111 1499 4157 et
1529 4101 1698 4156 Filius
1734 4100 1786 4153 in
1824 4099 2005 4156 Patre.
2031 4096 2147 4153 Non

575 4217 729 4271 ergo,
762 4209 821 4253 ut
849 4214 945 4252 vos
979 4195 1298 4267 opinamini,
1333 4193 1563 4248 diversa:
1592 4190 1911 4246 substantiae
1942 4199 2026 4244 est
2061 4190 2151 4245 Fi-

579 4295 703 4355 lius,
742 4290 835 4344 sed
878 4286 1386 4353 consubstantialis,
1438 4293 1498 4338 ut
1532 4284 1821 4339 character
1871 4289 1927 4336 et
1975 4281 2151 4351 imago

579 4383 756 4439 Patris
781 4384 839 4446 ⁸.,

579 4498 736 4565 Quod
786 4494 977 4565 Filius
1005 4496 1072 4549 sit
1119 4492 1585 4565 consubstantialis
1642 4489 1792 4545 Patri
1814 4533 1862 4565 ,_
1884 4490 2152 4559 proposita

651 4569 790 4621 dicto
828 4581 892 4619 ξι
938 4564 1087 4619 Vada
1135 4565 1203 4617 ad
1241 4562 1453 4616 Patrem
1509 4579 1678 4615 meum
1728 4572 1774 4614 et
1823 4559 2037 4613 Patrem
2072 4576 2154 4614 ve-

649 4648 839 4704 strum,
873 4645 919 4690 et
956 4634 1120 4689 Deum
1152 4648 1321 4687 meum
1363 4644 1409 4685 et
1446 4632 1611 4685 Deum
1642 4641 1865 4685 vestrum
1890 4631 1931 4684 '.
1967 4649 1985 4682 ι

994 4746 1078 4802 Ex
1108 4746 1394 4817 objections
1426 4744 1693 4798 Eunomii.

652 4864 721 4918 At
756 4877 863 4931 quo
893 4868 1070 4931 pacto,
1110 4857 1303 4927 inquit,
1349 4855 1520 4910 Filius
1550 4862 1728 4922 potest
1776 4867 1894 4907 esse
1921 4852 2155 4906 consub-

2231 892 2520 956 εἰωθότων,
2555 894 2607 947 τί
2636 896 2744 965 ἄρα
2770 896 2994 967 ποιήσαι
3027 897 3155 950 ὅταν
3190 898 3286 951 καὶ
3312 899 3476 969 ἡμεῖς
3519 899 3854 970 προθῶμεν

2230 983 2414 1047 αὐτοῖς
2442 984 2617 1053 τούτῳ
2650 986 3069 1059 παραπλήσιον;
3100 988 3263 1057 Λέγει
3296 989 3395 1059 μὲν
3422 989 3532 1059 γάρ
3550 1006 3652 1043 που
3679 1007 3759 1043 πε
3769 991 3849 1060 pl

2229 1075 2363 1129 Θεοῦ
2388 1077 2480 1130 καὶ
2516 1078 2729 1149 Πατρός
2750 1096 2833 1142 τις
2860 1079 2970 1131 τῶν
2999 1078 3168 1147 ἁγίων
3190 1080 3271 1134 ὃτι
3305 1081 3333 1132 6
3364 1080 3497 1143 Θεὸς
3527 1082 3643 1150 φῶς
3667 1084 3839 1135 ἐστιν’

2230 1167 2376 1235 λέγει
2395 1167 2453 1222 δὲ
2481 1170 2723 1240 καὶπερὶ
2749 1168 2843 1223 τοῦ
2878 1169 3033 1234 Υίοῦ,
3050 1172 3132 1224 ὅτι
3152 1172 3247 1225 καὶ
3273 1167 3342 1241 ἦν
3360 1172 3421 1226 τὸ
3451 1173 3566 1241 φῶς
3586 1174 3648 1226 τὸ
3674 1175 3843 1243 ἅλη-

2232 1258 2395 1313 θινόν.
2442 1260 2572 1313 Ἰδοὺ
2595 1260 2709 1328 φῶς
2740 1262 2769 1313 6
2802 1260 3013 1331 Πατὴρ,
3045 1260 3161 1331 φῶς
3199 1264 3295 1316 καὶ
3322 1264 3350 1316 6
3382 1262 3527 1327 Υἱός.
3561 1265 3727 1334 Μόνῳ
3758 1264 3837 1317 δὲ

2228 1350 2306 1421 τῷ
2337 1351 2451 1421 Υίῴ
2472 1352 2795 1421 πρόσκειται
2816 1352 2874 1405 τὸ
2901 1353 3212 1419 ἀληθινόν.
3250 1354 3677 1426 Ἐκσληθήσεται
3698 1357 3839 1426 ἄρα

2228 1441 2322 1494 τοῦ
2350 1437 2486 1495 εἶναι
2527 1441 2665 1494 κατὰ
2697 1440 2956 1513 ἀλήθειαν
2984 1442 3098 1509 φῶς
3131 1442 3160 1493 6
3196 1442 3407 1513 Πατὴρ,
3442 1443 3633 1514 ὶπειδὴ
3663 1444 3834 1513 μόνῳ

2229 1531 2389 1585 τοῦτο
2420 1531 2761 1602 περιτέθεικε
2781 1531 2859 1602 τῷ
2877 1531 2993 1602 Υίῷ
3017 1534 3050 1602 ἡ
3074 1531 3165 1585 τοῦ
3200 1532 3444 1586 Ἰωάννου
3473 1534 3645 1604 φωνή.
3664 1533 3831 1585 Ἀλλ’

2230 1624 2329 1677 οὐκ
2356 1622 2444 1689 ἂν,
2469 1618 2644 1692 οἶμαι,
2672 1624 2758 1686 τὶς
2788 1624 2870 1687 εἰς
2902 1621 3062 1676 τοῦτο
3086 1624 3281 1694 μανίας
3310 1624 3500 1677 ἐλάται
3540 1624 3699 1686 ποτὲ,
3731 1624 3830 1686 ὡς

2232 1712 2386 1767 τοῦτο
2432 1713 2845 1786 παραδέξασθαι
2878 1718 2939 1767 τὸ
2978 1714 3317 1785 δυσσέϐημα.
3358 1714 3423 1769 Εἰ
3462 1712 3639 1767 τοίνυν
3668 1714 3826 1767 κατὰ

2234 1806 2489 1876 ἀλήθειαν
2510 1806 2661 1871 ὄντος
2679 1824 2741 1860 τε
2773 1807 2868 1861 καὶ
2910 1805 3243 1878 καλουμένου
3287 1806 3467 1876 φωτὸς
3510 1805 3671 1876 μόνου
3714 1804 3823 1858 τοῦ

2163 1862 2206 1917 Β
2237 1862 2392 1961 Υίόῦ,
2420 1894 2536 1964 φῶς
2557 1862 2699 1950 κατὰ
2720 1895 2978 1967 ἀλήθειάν
3005 1862 3123 1949 ἐστι
3150 1896 3244 1949 καὶ
3264 1862 3529 1967 ὁΠατίιρξ
3555 1897 3649 1950 καὶ
3677 1896 3825 1964 ἀγα-

2236 1986 2331 2039 θοῦ
2354 1986 2497 2042 κατὰ
2520 1986 2681 2057 φύσιν
2707 1988 2858 2052 ὄντος
2894 1986 2987 2042 τοῦ
3019 1988 3232 2059 Πατρὸς
3268 1990 3363 2043 καὶ
3388 1989 3475 2042 ἐπ’
3507 1988 3671 2041 αὑτοῦ
3700 1990 3822 2040 xst-

2236 2097 2324 2133 ται
2351 2080 2413 2133 τὸ
2445 2080 2625 2150 μόνος,
2664 2080 2817 2134 ἔσται
2844 2080 2985 2134 κατὰ
3012 2080 3174 2149 φύσιν
3218 2081 3423 2149 ἀγαθὸς
3453 2081 3554 2134 καὶ
3596 2084 3625 2134 6
3660 2080 3819 2143 Υίὸς,

2234 2170 2423 2243 ὥσπερ
2454 2172 2550 2225 καὶ
2580 2173 2609 2225 6
2645 2172 2860 2243 Πατήρ.
2904 2172 3079 2225 Ὅπου
3132 2172 3190 2225 δὲ
3245 2170 3461 2235 φύσεως
3512 2171 3813 2239 ταυτότης,

2237 2265 2354 2317 ἐκεῖ
2380 2265 2597 2328 πάντως
2621 2264 2773 2318 ἔσται
2793 2265 2887 2319 καὶ
2900 2265 2961 2317 τὸ
2980 2264 3287 2335 ὁμοούσιον.

2922 2358 3130 2412 ΑΔΔΟ.

2308 2477 2370 2529 ΕΞ
2402 2473 2463 2528 τὸ
2491 2490 2633 2527 κατα
2649 2490 2701 2526 τι
2726 2472 3004 2542 διαφέρειν
3028 2472 3121 2525 τὸν
3148 2472 3277 2525 Υίὸν
3304 2470 3380 2534 ὡς
3409 2469 3546 2540 πρὸς
3572 2468 3664 2522 τὸν
3687 2469 3826 2521 έαυ-

2236 2566 2331 2620 τοῦ
2360 2567 2601 2637 Πατέρα,
2628 2566 2728 2635 τὴν
2764 2564 2933 2635 αὐτὴν
2970 2564 3070 2617 οὐκ
3110 2562 3254 2633 ἔχειν
3299 2560 3449 2631 αὑτῷ
3486 2561 3699 2614 δίδωσιν
3726 2561 3823 2612 οὐ·

2239 2658 2381 2722 σίαν,
2408 2658 2524 2711 ἀλλ’
2548 2656 2838 2727 ἑτερογενῆ
2860 2656 2956 2712 καὶ
2976 2654 3207 2723 ἔκφυλον
3234 2654 3423 2723 ὥσπερ
3448 2652 3610 2705 αὐτὸν
3636 2652 3819 2721 ἀπερ-

2237 2752 2485 2821 γάζεται,
2517 2750 2579 2803 τὸ
2614 2748 2756 2802 κατὰ
2779 2748 2947 2820 μηδὲν
2970 2747 3247 2817 διαφέρειν
3290 2746 3578 2815 όμοούσιον
3602 2742 3825 2795 ἀποδει-

2238 2841 2409 2895 κνύει.
2435 2841 2602 2893 Ὅταν
2630 2833 2724 2892 οὖν
2744 2838 2778 2908 ὴ
2806 2836 2926 2891 θεία
2946 2835 3080 2905 λέγῃ
3104 2833 3293 2904 Γραφὴ
3322 2832 3451 2902 περὶ
3474 2829 3569 2882 τοῦ
3603 2828 3826 2898 Πατρὸς

2237 2934 2317 2986 ὄτι
2350 2931 2465 3001 φῶς
2493 2932 2660 2991 ἐστιν,
2686 2928 2936 2998 ἁποκαλῇ
2966 2926 3022 2980 δὲ
3056 2926 3219 2979 πάλιν
3242 2922 3356 2993 φῶς
3380 2922 3471 2974 τὸν
3507 2921 3644 2984 υἱὸν,
3694 2918 3825 2971 οὐδ-

2240 3023 2358 3085 ενὸς
2389 3022 2540 3085 ὄντος
2591 3020 2777 3074 ἐνθάδε
2828 3018 2922 3071 τοῦ
2958 3017 3057 3088 τὴν
3100 3016 3393 3087 ὁμοιότητα
3437 3010 3826 3081 διατέμνοντος

2243 3113 2442 3183 (κεῖται
2474 3110 2581 3181 γὰρ
2608 3110 2696 3163 ἐπ’
2722 3110 2924 3179 ἀμφοῖν
2950 3108 3011 3160 τὸ
3044 3106 3161 3175 φῶς
3196 3088 3586 3174 τὸόληθινὸν),
3624 3100 3677 3153 τί
3708 3117 3828 3153 κω-

2166 3198 2213 3261 C
2242 3204 2360 3258 λύει
2387 3204 2478 3256 τὸν
2498 3202 2625 3256 Υίὸν
2648 3202 2935 3271 όμοούσιον
2966 3194 3106 3252 εἶναι
3127 3196 3206 3267 τῷ
3238 3194 3447 3266 Πατρί;

2927 3293 3130 3345 ΑΛΛΟ.

2314 3388 2378 3442 Εἰ
2408 3384 2714 3456 ἐτερούσιός
2763 3386 2911 3436 ἐστιν
2958 3382 2987 3434 6
3016 3380 3144 3443 Υἱὸς
3168 3379 3243 3443 ὡς
3272 3379 3411 3450 πρὸς
3450 3378 3545 3432 τὸν
3578 3377 3826 3447 Πατέρα,

2246 3478 2363 3541 πῶς
2394 3480 2422 3531 6
2448 3476 2637 3546 Πατὴρ
2664 3477 2722 3528 ὲν
2751 3473 2897 3543 αὐτῷ
2914 3472 3186 3541 φαίνεται.
3209 3472 3305 3524 καὶ
3333 3470 3495 3533 αὐτὸς
3523 3469 3583 3521 ὲν
3606 3467 3777 3537 Πατρί
3804 3484 3822 3530 ς

2251 3589 2269 3622 ι
2316 3569 2374 3621 '0
2405 3566 2665 3637 ἑωρακὼς
2690 3566 2799 3636 γὰρ
2828 3563 2948 3633 ἐμὲ,
2973 3562 3159 3632 φησὶν,
3182 3560 3392 3631 ἑώρακε
3424 3558 3516 3612 τὸν
3546 3556 3817 3629 Πατέρα.»

2246 3660 2321 3714 υύ
2351 3659 2458 3729 γὰρ
2486 3658 2547 3729 δή
2579 3673 2681 3709 που
2716 3656 2814 3726 τὴν
2860 3653 3149 3725 ἀνθρώπου
3198 3651 3412 3723 μορφὴν
3433 3652 3490 3704 ὲν
3514 3652 3666 3721 ἵππῳ
3691 3650 3828 3702 Θεω-

2253 3753 2522 3824 ρήσομενο
2553 3749 2674 3802 οὐδὲ
2715 3744 2782 3801 αὖ
2808 3747 2967 3801 πάλιν
3001 3745 3099 3815 τὴν
3150 3744 3358 3797 ἐκείνου
3407 3740 3703 3811 κατόψεται
3740 3758 3826 3803 τις

2247 3841 2563 3913 ἀνθρωπεία
2603 3842 2809 3911 μορφῇ.
2837 3839 2911 3891 Τὸ
2933 3837 3041 3908 γὰρ
3064 3838 3247 3905 ὅμοιον
3268 3837 3326 3888 ὲν
3353 3834 3526 3905 ὁμοίῳ
3552 3834 3821 3903 φαίνεται·

2249 3934 2319 3988 τὰ
2344 3933 2401 3986 δὲ
2428 3930 2725 4004 έτεροειδῆ,
2751 3929 2964 3999 καὶτῆς
2981 3926 3226 3997 ἀλλήλων
3249 3925 3485 3995 φυσικῆς
3508 3922 3823 3994 ὁμοιότητος

2250 4023 2729 4095 ἀπεσχοινισμένα,
2765 4021 2867 4074 οὐκ
2889 4019 2957 4073 ἂν
2999 4022 3057 4073 ὲν
3098 4018 3346 4087 ἀλλήλοις
3376 4014 3619 4085 φαίνοιτό
3670 4031 3821 4067 ποτε.

2249 4116 2501 4170 Φαίνεται
2523 4115 2579 4168 δὲ
2612 4114 2732 4176 Υἱὸς
2756 4115 2813 4166 έν
2843 4111 3044 4181 Πατρὶ,
3068 4111 3163 4164 καὶ
3197 4108 3386 4179 Πατὴρ
3418 4110 3477 4162 έν
3524 4106 3661 4177 Υίῴ.
3712 4106 3825 4159 οὐκ

2254 4207 2380 4277 ἄρα,
2417 4202 2537 4257 καθ’
2572 4202 2717 4272 ὑμᾶς
2755 4199 3083 4271 ὲτερούσιος,
3117 4198 3232 4252 ἀλλ’
3270 4196 3577 4267 όμοούσιος,
3618 4194 3697 4258 ὡς
3731 4212 3827 4263 χαο

2257 4293 2466 4364 ρακτὴρ
2492 4292 2585 4347 καὶ
2622 4289 2785 4344 εἰκὼν
2818 4289 2910 4343 τοῦ
2940 4288 3164 4360 πατρὸς.

2258 4488 2388 4541 Ὀτι
2437 4486 2756 4554 ὁμοούσιος
2793 4485 2826 4554 ό
2882 4481 3017 4547 Υἱὸς
3053 4479 3134 4554 τῷ
3179 4478 3382 4554 Πατρὶ,
3432 4478 3828 4554 προκειμένου

2187 4527 2228 4583 θ
2290 4527 3140 4632 υὲιτέἶνξᾜξὶώοῷξέῥὸὶ
3168 4527 3536 4632 ἱόἷῖῖᾷτέρξί
3552 4527 3828 4632 gazas

2332 4614 2559 4692 Πατέρα
2590 4614 2776 4692 ὑμῶν,
2809 4614 2907 4674 mil
2940 4614 3089 4673 Θεόν
3114 4636 3232 4687 μου
3264 4617 3360 4671 καὶ
3402 4614 3551 4670 Θεὸν
3567 4614 3765 4686 ὑμῶν.
3805 4634 3824 4665 ι

2529 4737 2849 4800 Ἇντίθεσις
2874 4735 2957 4801 ὠς
2996 4732 3066 4787 ἐκ
3109 4732 3229 4786 τῶν
3265 4730 3582 4800 Εὑνομίου.

2329 4854 2439 4907 Καὶ
2471 4852 2608 4916 πῶς,
2632 4850 2816 4921 φησιν,
2854 4852 2883 4903 6
2914 4847 3043 4911 Υἱὸς
3086 4844 3371 4915 όμοούσιος
3420 4838 3561 4897 εἶναι
3605 4842 3830 4896 δύναται

3722 415 3861 477 124

581 4954 855 5011 stantialis
906 4952 1076 5014 Patri,
1137 4963 1261 5004 cum
1318 4947 1493 5016 ipsum
1547 4945 1747 4999 habeat
1807 4944 2018 4998 Deum?
2080 4944 2136 4997 lt:

2258 4946 2337 5018 τῷ
2369 4944 2563 5016 Πατρὶ,
2600 4943 2733 4997 Θεὸν
2762 4942 2857 4995 καὶ
2885 4940 3048 4993 αὐτὸν
3080 4937 3217 5008 ἔχων
3243 4954 3257 5002 ;
3290 4935 3463 4990 Αὑτοῦ
3492 4935 3600 5007 γὰρ
3649 4935 3829 5003 φαίνεο

582 5049 727 5101 enim
777 5047 892 5114 ipse
942 5043 1216 5111 loquitur:
1254 5057 1273 5091 ι
1310 5037 1457 5091 Vado
1502 5037 1569 5090 ad
1612 5035 1826 5090 Patrem
1880 5049 2057 5088 meum
2101 5050 2131 5088 e

2262 5057 2351 5093 ται
2386 5037 2566 5107 φωνή·
2613 5056 2630 5086 ‹
2667 5032 2977 5103 Πορεύομαι
3012 5030 3146 5100 πρὸς
3189 5030 3280 5083 τὸν
3325 5028 3546 5098 Πατέρα
3584 5045 3687 5098 μου
3737 5027 3831 5079 καὶ

585 5137 801 5191 Patrem
846 5142 1125 5195 vestrum,
1179 5140 1233 5185 et
1285 5128 1452 5183 Deum
1506 5141 1683 5182 meum
1737 5135 1792 5180 et
1850 5123 2015 5177 Deum
2065 5139 2136 5179 ve

2266 5129 2484 5200 Πατέρα
2514 5127 2686 5198 ὑμῶν,
2717 5125 2811 5178 καὶ⁸
2836 5124 2969 5176 Θεόν
3006 5140 3106 5193 μου
3152 5120 3248 5174 καὶ
3274 5120 3406 5173 Θεὸν
3452 5118 3605 5189 ὑμῶν
3628 5135 3644 5149 ο
3686 5137 3703 5169 ι
3738 5119 3831 5170 καὶ

587 5238 800 5289 strnm;
838 5243 856 5275 ι
907 5232 963 5278 et
1013 5235 1279 5277 rursum:
1321 5235 1340 5270 ι
1372 5216 1510 5271 Deus
1558 5231 1731 5283 meus,
1788 5216 1929 5269 Deus
1981 5228 2134 5268 mens

2265 5221 2428 5275 πάλιν
2449 5236 2463 5250 ’
2497 5240 2515 5271 ι
2542 5218 2642 5271 Θεέ
2674 5234 2794 5288 μου,
2823 5214 2922 5269 Θεέ
2955 5231 3077 5284 μου,
3108 5213 3194 5265 ἵνα
3213 5213 3265 5264 τι
3297 5229 3363 5281 με
3394 5209 3749 5279 ἐγκατέλιπες
3771 5227 3786 5274 ;
3808 5228 3825 5259 ι

589 5333 687 5371 cur
721 5328 809 5369 me
835 5312 1206 5382 dereliquisti?
1236 5329 1254 5363 ι
1291 5309 1349 5365 Si
1387 5324 1513 5364 vero
1545 5310 1685 5363 Deus
1713 5308 1884 5375 ipsius
1917 5315 2021 5368 est,
2052 5320 2136 5375 qut

2259 5314 2323 5367 Ei
2351 5312 2407 5365 δὲ
2434 5309 2566 5372 Θεὸς
2602 5306 2766 5362 αὐτοῦ
2797 5307 2932 5368 ἐστι,
2959 5305 3075 5367 πῶς
3100 5302 3424 5372 ὁμοούσιοςς
3472 5300 3553 5353 τὰ
3595 5300 3704 5369 γὰρ
3735 5300 3833 5368 τῆς

590 5418 750 5477 pacto
783 5407 890 5461 erit
914 5403 1433 5460 consulistantialis?
1457 5401 1589 5455 Nam
1618 5415 1740 5470 qua:
1771 5400 2011 5469 ejusdem
2034 5414 2134 5454 sun

2259 5403 2431 5472 αὐτῆς
2469 5402 2597 5453 ὄντα
2630 5398 2844 5469 φύσεως
2894 5397 2994 5449 οὐκ
3029 5396 3096 5449 ἂν
3134 5390 3242 5447 εἷεν
3296 5394 3383 5446 ἐπ’
3434 5391 3641 5462 ἄλληλα
3696 5391 3834 5444 κατὰ

594 5507 823 5562 natura},
862 5510 965 5550 non
1013 5501 1173 5548 erunt
1212 5493 1379 5547 altera
1426 5492 1612 5548 alteris
1660 5490 1952 5545 secundum
2006 5497 2131 5543 natu

2260 5494 2422 5564 φύσιν
2442 5492 2552 5545 θεοί
2569 5509 2581 5522 ο
2606 5490 2682 5553 ὡς
2701 5488 2818 5542 οὐδὲ
2842 5487 2988 5559 ψυχὴ
3008 5486 3139 5550 Θεὸς
3159 5485 3223 5539 ἂν
3250 5483 3411 5555 ἑτέρᾳ
3434 5482 3641 5551 γένοιτο
3665 5481 3831 5553 ψυχῇ,

596 5606 711 5645 ram
758 5588 877 5643 dii:
912 5585 1361 5658 quemadmodum
1413 5600 1512 5640 nec
1547 5584 1727 5637 anima
1769 5580 1925 5635 alteri
1968 5580 2136 5633 anima

2260 5586 2381 5640 οὐδὲ
2412 5583 2636 5652 ἄγγελος
2664 5582 2899 5652 ἀγγέλῳ.

599 5681 737 5738 Deus
762 5694 883 5736 esse
910 5687 1106 5749 potest,
1138 5693 1308 5747 neque
1337 5675 1561 5744 angelus
1593 5672 1806 5728 ancelo.

685 5835 745 5891 "l
777 5834 931 5893 Joau.
968 5852 1005 5905 t,
1039 5836 1088 5891 5.
1165 5833 1361 5891 ’Juan.
1404 5847 1439 5898 ι,
1471 5831 1522 5886 9.
1604 5829 1619 5858 ³
1651 5826 1806 5882 Joan.
1847 5841 1951 5891 xw,
1992 5825 2043 5879 9.
2121 5821 2136 5852 ⁸

2234 5822 2331 5875 :br.
2369 5834 2405 5885 t,
2448 5817 2499 5871 ὖ.
2578 5817 2596 5845 ⁶
2627 5814 2780 5871 Joan.
2819 5825 2910 5874 xx,
2948 5809 3029 5865 l7.
