4144 6542
263 417 371 473 195

757 528 912 597 Πρὸς
935 525 1119 580 ταῦτα
1139 527 1341 591 λύσις.

336 642 453 695 Οὐκ
474 639 792 696 αἰσθάνεται
828 639 990 692 πάλιν
1023 638 1051 690 ὁ
1078 636 1445 708 χριστομάχος
1477 635 1684 705 κτίσμα
1720 635 1841 705 μὲν,

263 733 367 802 οὐχ
386 731 515 785 Υίδν
541 732 805 800 εἰσφέρων
832 728 921 781 τὸν
949 728 1175 798 Κύριον,
1201 726 1387 781 δοῦλον
1406 726 1463 779 δὲ
1496 726 1616 779 ἀντὶ
1637 724 1843 777 Δεσπό-

266 840 384 886 του,
410 823 504 875 καὶ
531 821 719 891 λάτριν
746 818 867 872 ἀντὶ
892 817 1051 871 Θεοῦ.
1086 818 1148 871 El
1177 818 1283 889 γὰρ
1314 816 1454 871 κατά
1480 816 1641 885 φύσιν
1670 817 1843 870 οἴεται

266 912 401 966 Θεὸν
434 909 572 966 εἶναι
603 910 696 964 τοῦ
719 909 849 963 Υίοῦ
883 908 975 962 τὸν
1006 909 1246 979 Πατέρα,
1280 908 1373 962 καὶ
1397 908 1498 979 τὴν
1522 908 1579 960 ὲν
1609 910 1721 971 τοῖς
1753 907 1846 960 ἀλ-

264 1004 379 1068 λοις
406 1002 714 1073 οἰκονομίαν
743 1002 839 1071 οὐχ
871 1001 993 1071 ὁρᾷ,
1029 998 1153 1052 οὔτε
1184 997 1468 1069 ὁμοούσιος
1509 997 1685 1060 ἔσται,
1718 994 1844 1049 οὒτε

265 1094 561 1164 Δεσπότης,
596 1092 721 1146 οὔτε
748 1091 901 1155 Θεὸς.
944 1089 1140 1153 Καλῶς
1180 1090 1291 1159 γὰρ
1332 1087 1397 1157 δὴ
1420 1088 1546 1158 τῇδε
1575 1087 1845 1157 διῖσχυρί-

265 1186 439 1248 ζεται.
483 1183 790 1237 Ἐκϐαλέτω
813 1181 1104 1252 τοιγαροῦν
1129 1179 1379 1252 φανερῶς
1408 1182 1501 1234 καὶ
1528 1180 1633 1247 τῆς
1662 1178 1844 1249 θεότη-

263 1293 357 1340 τος
381 1277 475 1329 καὶ
497 1275 818 1347 κυριότητος
849 1273 941 1327 τὸν
963 1272 1110 1335 Υίὸν,
1149 1272 1244 1325 καὶ
1272 1274 1381 1334 τοῖς
1420 1272 1689 1342 ποιήμασι
1715 1286 1841 1323 συν-

264 1368 528 1431 ταττέτω,
567 1367 656 1421 ἵνα
698 1367 878 1437 σαφὴς
932 1365 1113 1420 αὐτῶν
1143 1367 1177 1435 ἡ
1219 1362 1502 1433 δυσφημία
1548 1360 1840 1433 γενομένη,

267 1459 477 1521 πάντας
503 1457 807 1531 ἀναπείσῃς
832 1458 1009 1526 λέγειν
1035 1473 1048 1485 ·
1084 1456 1362 1510 Πλανᾶσθε
1411 1454 1487 1527 μὴ
1520 1455 1720 1517 εἰδότες
1742 1456 1843 1518 τὰς

267 1548 509 1619 Γραφάς.
548 1550 675 1603 Δέον
702 1550 813 1619 γὰρ
854 1547 1127 1615 ἐξετάζειν
1169 1546 1267 1617 τὴν
1312 1545 1702 1616 κεκρυμμένην
1747 1544 1841 1597 τοῦ

264 1639 440 1709 Λόγου
461 1640 708 1712 δύναμιν,
726 1638 1097 1711 δυσφημοῦσιν
1118 1638 1463 1707 ἀφυλάκτως,
1485 1636 1669 1689 οὐκέτι
1686 1634 1840 1698 Θεὸν,

1672 406 2113 468 THESAUBUS.

1869 526 1916 581 A

3413 414 3516 471 iis

2442 525 2650 581 Salutio
2684 529 3003 595 objectiont's.

2014 636 2129 690 Non
2161 637 2327 692 sentit
2362 637 2558 693 iterum
2587 639 2756 696 hostis
2779 640 2980 695 Christi
3008 656 3065 695 se
3095 640 3378 696 Dominum
3406 656 3510 696 non

1943 738 1996 782 ut
2030 728 2247 796 Filium,
2279 731 2372 785 sed
2408 740 2465 785 ut
2500 739 2804 786 creaturam
2855 732 3134 796 inducere,
3181 743 3236 787 et
3272 748 3509 795 servum,

1945 834 2048 872 non
2094 818 2413 884 Dominum,
2450 820 2746 887 famulum,
2777 838 2879 877 non
2917 821 3102 876 Deum.
3140 823 3196 877 Si
3235 824 3376 877 enim
3416 838 3512 878 ex-

1944 909 2149 965 istimat
2175 909 2386 966 Patrem
2418 913 2715 967 secundum
2756 923 3002 968 naturam
3031 928 3149 968 esse
3180 912 3343 967 Deum
3368 912 3511 980 Filii,

1942 1011 1997 1054 et
2026 1016 2130 1054 non
2160 1002 2341 1069 potius
2374 1004 2584 1057 ratione
2613 1004 3028 1068 incarnationis,
3066 1020 3241 1072 neque
3281 1007 3514 1059 consub-

1941 1091 2209 1146 stantialis
2233 1092 2356 1156 erit.
2381 1108 2556 1163 neque
2579 1094 2861 1157 Dominus.
2898 1110 3073 1164 neque
3103 1095 3267 1150 Deus.
3296 1095 3512 1164 Optime

1943 1181 2089 1236 enim
2141 1182 2242 1237 hac
2277 1184 2484 1238 ratione
2511 1185 2790 1254 probatur.
2822 1186 3082 1241 Deturbet
3118 1187 3298 1254 itaque
3332 1195 3515 1255 aperte

1943 1288 1974 1328 a
2000 1273 2201 1328 deitate
2232 1283 2287 1329 et
2311 1274 2682 1329 dominatione
2712 1274 2924 1343 Filium,
2960 1287 3016 1331 et
3040 1278 3307 1331 creaturis
3337 1292 3513 1330 annu-

1943 1375 2135 1431 meret,
2175 1376 2253 1431 ut,
2290 1366 2573 1421 manifesta
2611 1366 2824 1421 illorum
2850 1368 3189 1437 blasphemia
3217 1367 3511 1437 patefacta,

1943 1457 2135 1511 merito
2152 1471 2340 1511 omnes
2373 1456 2671 1511 exclamem
2705 1476 2718 1512 :
2748 1457 2987 1512 «Erratis
3018 1458 3326 1513 nescientes
3356 1457 3511 1513 Scri-

1943 1556 2129 1616 pturas
2146 1546 2204 1602 ⁶⁶.
2219 1566 2238 1597 ι
2258 1546 2391 1601 Cum
2408 1548 2549 1616 enim
2573 1547 2840 1602 occultam
2862 1548 3019 1602 Verbi
3046 1548 3339 1616 potentiam
3363 1562 3516 1602 scru-

1945 1637 2047 1692 tari
2094 1637 2375 1702 deberent,
2425 1638 2772 1707 blasphemiis
2813 1640 2990 1708 potius
3056 1637 3355 1709 indulgent,
3408 1653 3514 1693 non

263 1730 401 1784 άλλά
419 1732 546 1785 ναὸν
573 1732 728 1799 Θεοῦ,
758 1732 848 1785 τὸν
872 1733 996 1785 Υίὸν
1026 1732 1387 1803 εἰσφέροντες,
1419 1727 1609 1798 ὥσπερ
1638 1723 1707 1797 ἦν
1734 1726 1832 1779 τῶν

1946 1729 2135 1793 Deum,
2179 1730 2272 1786 sed
2321 1732 2574 1799 templum
2625 1732 2741 1797 Dei,
2776 1731 2971 1785 Filium
3011 1746 3131 1787 esse
3175 1740 3514 1796 statuentes;

266 1824 439 1892 ἁγίων
460 1824 709 1889 ἕκαστος,
742 1826 871 1895 περὶ
899 1818 974 1878 ὧν
1003 1814 1166 1896 φησιν
1188 1841 1202 1855 ·
1250 1843 1269 1875 ι
1314 1821 1611 1891 Ἐνοικήσω
1645 1821 1703 1873 ὲν
1737 1819 1832 1871 αὑ-

1947 1820 2171 1887 perinde
2216 1830 2380 1884 atque
2419 1822 2794 1892 unusquisque
2834 1832 3166 1888 sanctorum,
3204 1822 3272 1878 de
3319 1823 3515 1891 quibus

264 1918 400 1980 τοῖς,
449 1916 544 1969 καὶ
584 1917 1039 1988 ὲμπεριπατήσω.
1076 1934 1094 1967 ι
1136 1915 1330 1968 Ἔσται
1371 1911 1661 1985 τοιγαροῦν
1696 1912 1832 1966 κατὰ

1947 1908 2192 1963 dicitur:
2248 1926 2268 1960 ι
2301 1908 2568 1965 Habitabo
2617 1911 2672 1964 in
2725 1911 2875 1979 ipsis,
2922 1920 2978 1964 et
3026 1910 3381 1965 deambulabo
3401 1910 3444 1966 ’.
3486 1929 3507 1963 ι

263 2005 362 2077 τὴν
393 2006 616 2062 ἐκείνων
661 2006 858 2079 μανίαν
908 2003 989 2070 εἷς
1030 2007 1125 2061 καὶ
1168 2004 1329 2069 αὐτὸς
1371 2006 1479 2061 τῶν
1509 2008 1651 2061 κατά
1681 2007 1842 2077 χάριν

264 2096 618 2166 κεκλημένων
645 2095 776 2150 υίῶν
806 2096 900 2150 καὶ
921 2095 1078 2159 θεῶν,
1109 2098 1240 2167 πρὸς
1267 2097 1359 2162 οὓς
1384 2099 1633 2171 εἴρηκεν·
1659 2114 1677 2147 ι
1702 2094 1842 2163 Ἐγὼ

263 2185 394 2241 εῐπα
417 2204 432 2219 ⁶
463 2189 588 2243 Θεοί
621 2190 744 2242 ὲστε
773 2189 868 2243 καὶ
899 2189 1017 2242 Υίοὶ
1047 2190 1271 2259 ὑψίστου
1299 2190 1521 2254 πάντες.
1575 2208 1593 2240 ι
1630 2184 1731 2243 Ὦν
1752 2188 1834 2240 ὅτι

268 2283 548 2347 παντελῶς
595 2283 907 2354 ἀφέστηκε,
948 2285 1041 2337 καὶ
1078 2283 1291 2352 φύσεως
1330 2285 1567 2355 ὑπεροχῇ
1613 2282 1841 2353 μεμέρι-

269 2387 414 2433 σται,
443 2371 640 2435 διδάξει
674 2372 862 2440 σαφῶς
895 2372 953 2423 ὲν
980 2371 1296 2442 Εὑαγγελίῳ
1327 2374 1584 2442 Χριστὸς,
1619 2371 1794 2440 λέγων
1822 2387 1836 2401 ο

273 2480 293 2512 ι
347 2462 534 2531 Ὑμεῖς
555 2463 622 2514 ὲκ
651 2462 761 2514 τῶν
801 2463 949 2515 κάτω
976 2462 1121 2526 ἐστὲ,
1148 2462 1260 2530 ἐγὼ
1283 2465 1347 2516 ὲκ
1377 2464 1485 2516 τῶν
1508 2462 1620 2515 ἄνω
1646 2463 1783 2532 εἰμί·
1814 2481 1831 2512 ι

268 2549 418 2602 κάτω
447 2550 620 2619 λέγων
648 2552 747 2621 τὴν
781 2550 1204 2622 βασιλευομένην
1231 2552 1326 2604 καὶ
1348 2551 1713 2622 ὑποκειμένην
1740 2552 1841 2620 τὴν

266 2639 461 2707 φύσιν
494 2642 607 2695 ἄνω
630 2644 685 2696 δὲ
716 2642 879 2696 πάλιν
906 2643 1005 2712 τὴν
1044 2642 1433 2712 βασιλεύουσαν
1477 2644 1572 2697 καὶ
1598 2644 1711 2706 τοῖς
1738 2644 1841 2695 πᾶ-

266 2745 352 2781 σιν
379 2731 747 2802 ἐποχουμένην
783 2731 1033 2801 θεότητα.
1081 2732 1318 2803 Ἀληθῶς
1356 2734 1536 2786 τοίνυν
1578 2732 1672 2786 τοῦ
1704 2734 1841 2803 Χρι-

265 2817 392 2871 στοῦ
413 2818 660 2888 λέγοντος
683 2820 888 2875 ἄνωθεν
910 2818 1071 2889 εἶναι,
1092 2815 1246 2886 οὗτος
1271 2824 1434 2878 αὐτὸν
1460 2826 1525 2877 ὲκ
1562 2823 1670 2877 τῶν
1686 2824 1839 2877 κάτω

264 2910 419 2980 φησὶ,
444 2911 692 2982 φανερῶς
714 2910 805 2964 τοῦ
840 2912 969 2965 Υίοῦ
996 2912 1093 2983 τὴν
1121 2913 1309 2967 οὐσίαν
1337 2913 1711 2981 συκοφαντῶν.

528 3133 657 3186 Ὀτι
687 3133 1007 3201 ὀμοούσιος
1030 3132 1109 3199 τῷ
1129 3136 1312 3201 Πατρὶ
1343 3136 1376 3187 ὁ
1410 3134 1563 3199 Υἱός.

485 3223 811 3290 Ἀντίθεσις
858 3225 939 3289 ὠς
992 3225 1062 3278 ἐκ
1130 3223 1248 3278 τῶν
1293 3225 1612 3294 Εὐνομίου.

334 3356 442 3410 Καὶ
473 3355 608 3421 πῶς,
640 3357 824 3427 φησὶν,
844 3356 998 3410 ἔσται
1022 3357 1100 3428 τῷ
1125 3358 1301 3430 Πατρὶ
1329 3357 1612 3429 ὁμοούσιος
1632 3360 1659 3412 ὁ
1684 3358 1832 3427 Υἰὶς,

259 3447 434 3501 αῐτιον
456 3448 617 3501 αὑτὸν
644 3449 738 3502 τοῦ
770 3444 908 3503 εῖναι
936 3449 1073 3519 ἔχων
1095 3466 1109 3515 ;
1138 3451 1201 3503 Ὃ
1224 3451 1304 3522 μὴ
1333 3453 1596 3523 πρόσεστι
1623 3452 1701 3522 τῷ
1720 3453 1835 3505 Πα⁴

257 3537 370 3611 τρε.
400 3536 473 3593 Οὺ
495 3536 604 3610 γὰρ
627 3535 686 3605 ἐξ
711 3536 882 3594 αἰτίου
917 3537 1083 3606 τινὸς,
1111 3538 1248 3611 ὅπερ
1282 3540 1369 3607 ἂν,
1405 3540 1481 3604 ὡς
1523 3535 1697 3609 οἶμαι,
1726 3542 1834 3602 πᾶς

256 3650 342 3697 τις
366 3628 457 3687 οὗν
473 3631 670 3703 ἀληθὲς
697 3627 838 3685 εἶναι
873 3632 1117 3703 φήσειεν.

727 3832 885 3901 Πρὸς
927 3831 1103 3887 τοῦτο
1147 3833 1352 3898 λύσις.

329 3946 534 4017 Πολλὴν
561 3946 627 4000 ἀν
648 3963 730 4008 τις
757 3945 981 4009 εἰκότως
1003 3944 1243 4014 ἀμαθίαν
1266 3944 1706 4016 καταψηφίσαιτο
1721 3945 1830 4001 τῶν

252 4040 323 4093 τὰ
368 4036 591 4092 τοιαῦτα
636 4037 955 4107 τολμώντων
1007 4035 1206 4090 λαλεῖν.
1254 4036 1381 4089 Υίὸν
1414 4036 1522 4107 γὰρ
1551 4036 1824 4105 λέγοντες,

251 4132 352 4201 οὐχ
392 4129 676 4199 όμοούσιον
728 4124 866 4180 εἷναί
899 4144 1064 4195 φασιν
1087 4166 1104 4194 ,
1136 4127 1237 4180 οὐκ
1285 4126 1660 4199 αἰσθανόμενοι
1686 4129 1828 4200 τάχα

254 4222 391 4290 πρὸς
413 4221 480 4291 ἦν
506 4218 851 4290 ἐμϐαίνουσιν
879 4219 1086 4275 ἄνοιαν.
1125 4220 1186 4272 El
1214 4218 1323 4290 γάρ
1348 4218 1474 4284 Υἱός
1508 4220 1677 4284 ἐστιν,
1715 4220 1827 4274 ὥσ·

250 4331 360 4384 περ
380 4308 474 4367 οὖν
508 4313 598 4366 καὶ
637 4313 783 4367 ἔστιν
811 4312 1048 4384 ἀληθῶς,
1082 4311 1235 4367 ἔσται
1271 4312 1489 4376 πάντως
1528 4310 1605 4383 τῷ
1636 4328 1827 4381 γεγεν-

248 4406 437 4477 νηκότι
461 4405 602 4460 κατά
626 4406 724 4477 τὴν
744 4405 931 4460 οὐσίαν
949 4409 978 4460 ό
1002 4407 1183 4470 αὐτός.
1208 4408 1271 4460 Εἰ
1300 4406 1355 4460 δὲ
1376 4406 1476 4459 οὐκ
1501 4405 1648 4459 ἐστιν
1674 4406 1822 4468 Υἱὸς,

1944 2001 2063 2055 Erit
2107 2000 2287 2069 itaque
2319 2000 2469 2069 iuxta
2522 2001 2737 2058 illorum
2786 2002 3048 2056 insaniam
3081 2003 3302 2071 perinde
3352 2011 3515 2072 atque

1944 2108 2084 2147 unus
2110 2092 2338 2148 filiorum
2368 2103 2421 2148 et
2443 2093 2666 2149 deorum
2692 2092 2783 2164 qui
2817 2094 2988 2149 vocati
3020 2100 3146 2149 sunt
3168 2094 3233 2148 ad
3261 2094 3510 2164 gratiam,

1943 2184 2008 2237 ad
2041 2198 2176 2253 quos
2208 2184 2337 2239 dicit
2367 2202 2382 2239 :
2417 2202 2435 2235 ι
2465 2184 2576 2252 Ego
2606 2183 2715 2237 dixi
2744 2201 2756 2238 :
2790 2183 2867 2237 Dii
2899 2184 3053 2248 estis,
3088 2192 3140 2237 et
3168 2182 3260 2237 lilii
3297 2182 3506 2238 Excelsi

1940 2290 2128 2330 omnes
2147 2274 2188 2330 '.
2225 2296 2242 2326 ι
2280 2275 2325 2329 Δ
2352 2275 2547 2345 quibus
2581 2275 2723 2346 quod
2755 2275 2809 2330 in
2851 2276 3161 2331 universum
3190 2274 3426 2340 differat,
3456 2286 3513 2330 et

1942 2372 2146 2420 naturze
2179 2367 2288 2437 76
2313 2364 2631 2422 excellentia
2662 2377 2946 2437 separatus
2976 2367 3066 2433 sit,
3098 2368 3324 2436 ipsemet
3348 2368 3506 2421 Chri-

1944 2466 2063 2511 stus
2103 2458 2154 2511 in
2185 2458 2475 2529 Evangelia
2505 2466 2689 2527 aperte
2719 2459 2956 2526 docebit,
3004 2459 3255 2530 inquiens
3285 2479 3298 2513 :
3338 2478 3358 2512 ι
3399 2458 3503 2513 Vos

1940 2547 2006 2601 de
2039 2547 2291 2603 deorsum
2312 2550 2465 2614 estis,
2491 2564 2591 2620 ego
2616 2565 2681 2605 ex
2710 2553 2958 2620 supernis
2977 2568 3095 2608 sum
3114 2555 3172 2619 ';
3207 2571 3227 2605 ι
3256 2553 3506 2607 deorsum

1940 2638 2214 2706 appellans
2257 2648 2502 2693 naturam
2534 2650 2772 2695 creatam
2808 2652 2862 2696 et
2909 2642 3135 2712 imperio
3158 2643 3454 2713 subjectam
3491 2660 3504 2695 :

1940 2743 2153 2783 sursum
2206 2743 2335 2782 vero
2394 2728 2730 2783 divinitatem
2793 2745 2954 2799 supra
3024 2732 3205 2787 omnia
3265 2742 3507 2787 evectatr.

1937 2819 2296 2888 omnibusque
2336 2820 2711 2889 imperantem.
2762 2819 2894 2874 Cum
2947 2821 3107 2890 igitur
3137 2821 3384 2877 Christus
3427 2822 3510 2874 di-

1937 2917 2025 2963 cat
2056 2923 2115 2963 se
2152 2924 2217 2964 ex
2252 2911 2501 2978 supernis
2526 2926 2663 2976 esse,
2702 2911 2805 2967 iste
2837 2912 2985 2966 illum
3032 2913 3085 2966 in
3120 2912 3307 2968 inferis
3340 2911 3505 2968 collo-

1936 3006 2045 3063 cat,
2073 2998 2361 3055 manifeste
2392 2999 2513 3056 Filii
2548 3003 2839 3057 essentiam
2871 3003 3232 3059 calumnians.

2133 3130 2287 3197 Quod
2320 3131 2492 3187 Filius
2528 3135 2597 3188 sit
2638 3136 3100 3191 consubstantialis
3130 3136 3326 3206 (Patri.

2412 3221 2645 3292 Objectio
2672 3240 2737 3279 ea:
2766 3223 3046 3281 Eunomia.

2007 3354 2115 3412 Sed
2148 3371 2253 3427 quo
2278 3365 2457 3423 pacto,
2494 3357 2693 3428 inquit,
2725 3358 2832 3413 erit
2861 3358 3338 3414 consubstantialis
3361 3359 3506 3414 Patri

1934 3445 2125 3511 Filius,
2169 3462 2293 3501 cum
2344 3447 2503 3502 Pater
2546 3448 2596 3503 ei
2646 3463 2812 3504 causa
2864 3449 3160 3505 exsistendi
3210 3450 3323 3506 sit?
3354 3450 3506 3517 Quod

1933 3535 2149 3603 quidem
2189 3535 2257 3591 de
2287 3535 2447 3591 Patre
2480 3536 2587 3592 dici
2638 3553 2743 3593 non
2780 3547 2977 3607 potest.
3026 3536 3211 3609 Neque
3249 3540 3390 3594 enim
3424 3549 3507 3594 ιιςι

1931 3636 1996 3677 ex
2044 3624 2222 3693 aliqua
2273 3641 2457 3691 causa,
2503 3627 2648 3694 quod
2698 3636 2867 3683 certe.
2921 3635 2979 3682 ut
3021 3626 3278 3693 arbitror,
3317 3642 3507 3684 omnes

1932 3729 2118 3769 verum
2148 3729 2269 3771 esse
2299 3715 2633 3772 fatebuntur.

2423 3828 2632 3885 Salutio
2683 3830 2988 3900 objectionis

2002 3937 2195 3994 Merito
2226 3949 2370 3995 certe
2406 3940 2528 4011 quis
2564 3955 2750 3997 eorum
2792 3942 3115 4012 imperitiam
3144 3942 3384 4009 damnet,
3413 3945 3503 4013 qui

1928 4031 2191 4108 ejusmodi
2235 4034 2433 4087 audent
2474 4033 2675 4089 dicere.
2714 4034 2909 4088 Filium
2953 4034 3098 4089 enim
3134 4050 3255 4090 cum
3288 4036 3497 4105 dicunt,

1928 4123 2447 4179 consubstantialem
2493 4139 2614 4178 esse
2662 4134 2882 4193 negant,
2940 4140 3045 4179 non
3103 4126 3401 4182 sentientes
3449 4129 3503 4183 in

1928 4232 2089 4287 quam
2121 4216 2510 4271 absurditatem
2544 4215 2815 4271 labantur.
2850 4215 2908 4271 Si
2941 4216 3084 4271 enim
3110 4215 3280 4271 Filius
3305 4227 3409 4281 est,
3444 4229 3502 4274 ut

1930 4307 2177 4378 proiecto
2213 4317 2319 4373 est,
2361 4307 2466 4362 erit
2498 4308 2717 4361 omnino
2745 4307 2984 4377 ejusdem
3030 4307 3345 4364 substantire
3378 4324 3499 4365 cum

1927 4397 2203 4454 Genitore.
2244 4397 2300 4453 Si
2347 4412 2474 4452 vero
2515 4396 2687 4452 Filius
2734 4412 2837 4451 non
2884 4405 2987 4462 est,
3044 4398 3337 4453 secundum
3384 4414 3499 4463 vos,

248 4496 374 4551 καθ’
407 4498 571 4568 ὑμᾶς,
600 4496 807 4561 δείξατε
832 4499 1045 4569 γυμνὴν
1086 4498 1293 4553 ἑαυτῶν
1314 4498 1414 4569 τὴν
1451 4497 1821 4568 βλασφημίαν,

1934 4492 2127 4562 nudam
2173 4498 2411 4544 vestram
2464 4489 2854 4557 blaSphemiam
2890 4488 3198 4558 patefacite,
3252 4497 3308 4542 et
3342 4490 3504 4544 dicite

248 4587 343 4640 xui.
367 4586 555 4654 λέγετε
584 4589 795 4658 ποίημα
828 4584 988 4650 εἶναι,
1026 4589 1113 4642 ἴνα
1143 4590 1277 4659 μηδὲ
1308 4590 1593 4659 ὁμοούσιος
1711 4589 1821 4641 Καὶ

248 4680 370 4733 τότε
398 4680 743 4751 δειχθήσεσθε
778 4681 979 4744 πάσαις
1005 4679 1298 4751 μαχόμενοι
1331 4682 1451 4743 ταῖς
1481 4680 1653 4743 θείαις
1679 4681 1821 4749 Γρα-

248 4774 395 4841 φαίς.
428 4772 553 4826 Υίὸν
579 4773 687 4844 γάρ
710 4772 927 4841 λέγουσι
955 4773 1047 4827 τὸν
1079 4772 1228 4835 Υἰὺν,
1264 4774 1358 4827 καὶ
1394 4773 1455 4826 οὐ
1481 4772 1711 4844 ποίημα.

929 4971 1114 5024 ΑΛΛΟ

313 5087 495 5141 Δττιον
534 5084 861 5157 γεγενῆσθαι
894 5082 989 5136 τοῦ
1028 5079 1164 5136 εἶναι
1214 5081 1289 5153 τῷ
1318 5083 1432 5154 Υίῴ
1474 5082 1564 5137 τὸν
1597 5082 1811 5152 Πατέρα

244 5176 399 5247 φατὲ,
433 5176 573 5230 κατά
597 5176 715 5229 τίνα
746 5176 967 5246 τρόπον,
996 5168 1040 5228 ὦ
1060 5174 1455 5247 χριστομάχοι;
1486 5174 1549 5226 Ei
1591 5172 1688 5243 μὲν
1720 5168 1814 5225 οὖν

241 5268 319 5330 ὠς
349 5266 680 5337 δημιουργόν
729 5283 850 5319 τινα
904 5265 1114 5336 ποίημα
1168 5262 1524 5332 φαντάζεσθε,
1576 5263 1672 5317 καὶ
1717 5265 1813 5332 οὐχ

242 5356 392 5420 Υἱδν,
419 5358 513 5411 καὶ
546 5356 846 5429 διαρρήδην
883 5356 1118 5427 μάχεσθε
1140 5355 1217 5426 τῷ
1240 5356 1414 5427 Πατρὶ
1445 5355 1656 5424 λέγοντι
1687 5354 1813 5425 περ)⁸

240 5447 335 5502 τοῦ
371 5449 498 5503 ίδίου
530 5450 897 5521 γεννήματοςο
944 5469 961 5499 ι
986 5449 1080 5502 Ἐκ
1102 5448 1338 5521 γαστρὸς
1387 5448 1493 5517 πρὸ
1535 5447 1812 5518 έωσφόρου

240 5541 565 5614 ὲξεγέννησά
606 5558 687 5595 σε.
720 5560 738 5593 ι
776 5542 838 5594 Ei
881 5540 937 5594 δὲ
971 5540 1095 5595 Υίὸν
1134 5541 1300 5603 ὅντως
1339 5541 1648 5610 ὁμολογεῖτε
1669 5580 1684 5605 ,
1718 5540 1811 5593 καὶ

240 5633 412 5698 οὕτως
441 5630 578 5688 εἶναι
599 5634 903 5701 πιστεύετε,
944 5632 1156 5704 ἀνάγκη
1191 5635 1333 5687 πᾶσα
1355 5633 1429 5705 μὴ
1455 5632 1531 5696 ὡς
1546 5633 1809 5703 δημιουρ-

1929 4590 2231 4636 creaturam
2262 4595 2401 4647 esse,
2427 4590 2486 4634 ut
2513 4595 2575 4634 ea
2603 4580 2812 4634 ratione
2840 4580 3315 4635 consubstantialis
3336 4582 3498 4634 etiam

1928 4684 2033 4724 non
2060 4671 2150 4724 sit.
2173 4671 2247 4724 Ac
2271 4681 2381 4725 tum
2411 4671 2677 4727 universae
2694 4684 2865 4725 sacra:
2884 4671 3178 4742 Scriptura:
3202 4686 3502 4742 repugnare

1925 4763 2310 4817 ostendentini.
2345 4763 2540 4818 Filium
2568 4764 2712 4820 enim
2752 4764 3034 4819 nominant
3064 4763 3284 4829 Filium,
3310 4774 3365 4819 et
3395 4780 3499 4817 nun

1925 4863 2110 4908 creata
2120 4869 2253 4911 ram.

2588 4968 2818 5028 ALIUD.

1994 5086 2182 5142 Dicitis
2232 5084 2447 5141 Patrem
2499 5084 2663 5141 fuisse
2714 5087 2852 5141 Filio
2898 5100 3117 5140 causam
3166 5081 3495 5150 exsrstendi;

1918 5194 2150 5249 quonam
2189 5194 2318 5233 vero
2352 5180 2529 5242 modo,
2575 5194 2608 5232 ο
2637 5178 2838 5233 Christi
2888 5176 3114 5232 hostes?
3142 5172 3309 5239 Nam,
3346 5175 3391 5229 si
3441 5181 3499 5227 ut

1924 5280 2250 5335 creatorem,
2276 5269 2389 5336 jam
2436 5282 2742 5324 creaturam
2796 5283 2915 5322 esse
2964 5267 3354 5337 imaginatnini,
3389 5285 3492 5322 non

1918 5361 2134 5423 Filium,
2171 5371 2225 5413 et
2257 5359 2545 5415 manifeste
2585 5360 2728 5414 Patri
2767 5358 3101 5428 repugnatis,
3135 5360 3224 5431 qui
3264 5360 3330 5415 de
3359 5361 3495 5416 Filio

1916 5464 2016 5505 suo
2039 5451 2111 5504 ita
2144 5450 2220 5504 ait
2252 5469 2264 5504 :
2299 5467 2318 5501 ι
2355 5450 2431 5504 Ex
2457 5460 2611 5503 utero
2636 5459 2762 5504 ante
2787 5448 3071 5503 luciferum
3100 5450 3260 5520 genui
3296 5459 3348 5505 te
3372 5450 3436 5505 “.
3470 5469 3490 5501 ι

1920 5542 1978 5599 Si
2015 5557 2141 5597 vero
2164 5540 2359 5596 Filium
2417 5555 2605 5596 revera
2636 5555 2758 5595 esse
2788 5540 3052 5608 fatemini,
3087 5551 3247 5612 atque
3281 5542 3351 5596 ita
3377 5557 3495 5595 esse

1918 5632 2164 5699 creditis,
2195 5634 2561 5689 necessarium
2594 5633 2753 5703 plane
2799 5643 2881 5690 est
2921 5644 2976 5689 ut
3020 5634 3257 5699 Patrem,
3291 5650 3397 5690 non
3436 5643 3493 5688 ut

312 5811 351 5841 "
385 5809 573 5867 Matth.
612 5827 744 5877 χχιι,
774 5813 841 5868 '29
937 5813 955 5843 ⁷
994 5811 1131 5868 ινδειι.
1181 5826 1229 5865 v.
1265 5809 1344 5864 1‘2.
1424 5812 1442 5841 ⁸
1477 5810 1613 5864 Psal.
1648 5826 1829 5878 cum,
1866 5811 1919 5866 6.
1995 5813 2015 5843 ’
2049 5810 2202 5866 Juan.
2234 5826 2346 5899 rm,
2389 5810 2477 5868 25.
2556 5812 2598 5845 ³ο
2625 5812 2764 5869 Psal.
2799 5828 2907 5879 cur,
2932 5814 2988 5868 5.
