4144 6526
680 374 780 429 127

1662 378 1719 433 s.
1763 376 2035 431 manus
2073 357 2539 435 ALEXANDRINI
2573 374 2895 430 ARCHIEP.

3838 366 3959 420 128

677 500 977 545 creatorem
1021 506 1239 566 causam
1285 491 1581 548 exsistendi
1634 493 1772 547 Filio
1820 494 1985 549 fuisse
2029 493 2235 553 dicatisl

2348 491 2445 559 γὸν
2470 493 2642 545 αἴτιον
2677 492 2773 545 τοῦ
2804 489 2944 546 εἶναι
2982 490 3059 561 τῷ
3100 488 3213 560 Υἱῷ
3259 486 3585 556 γεγενῆσθαι
3616 484 3805 553 λέγειν
3849 482 3959 534 τὸν

673 582 766 637 sed
825 591 883 635 ut
920 583 1221 651 genitorem
1281 584 1620 640 naturaliter.
1670 582 1814 640 Nihil
1871 600 1999 640 vero
2042 585 2243 649 obstat,

675 672 783 727 imo
816 687 946 728 vero
991 676 1360 730 necessarium
1402 687 1509 741 est,
1558 687 1615 730 ut
1654 676 1703 730 id
1738 677 1883 748 quod
1926 675 2247 731 naturaliter

672 775 742 814 ex
782 760 965 829 aliquo
1004 766 1292 833 processit,
1316 764 1493 820 simile
1529 766 1576 820 ei
1609 766 1905 821 secundum
1944 764 2242 820 essentiam

670 852 762 919 sit,
795 855 1009 909 tametsi
1039 855 1271 927 idipsum
1307 856 1602 912 exsistendi
1635 871 1856 912 causam
1889 856 2106 913 habeat.

1336 966 1565 1026 ALIUD.

743 1075 800 1130 Si
843 1077 1101 1147 quidquid
1133 1093 1198 1133 ex
1239 1095 1403 1135 causa
1443 1080 1621 1151 aliqua
1670 1082 1751 1145 ﬁt,
1794 1082 1845 1138 id
1877 1086 2101 1141 omnino
2134 1086 2242 1141 erit

670 1165 949 1221 dissimilis
983 1184 1102 1222 eum
1156 1170 1273 1239 ipso
1301 1172 1636 1236 substantiae,
1683 1177 1954 1243 quomodo
1998 1177 2131 1232 Abel
2166 1194 2232 1232 ex

668 1258 878 1312 Adamo
903 1269 1158 1330 tanquam
1187 1277 1251 1316 ex
1289 1277 1451 1316 causa
1485 1265 1719 1333 genitus,
1745 1266 1939 1322 similis
1967 1267 2015 1322 ei
2041 1282 2240 1323 secun-

669 1350 797 1403 dum
833 1349 1191 1404 substantiam
1231 1351 1374 1405 fuit?
1408 1352 1787 1409 Necessarium
1820 1357 1982 1425 igitur
2016 1360 2241 1415 omnino

667 1448 751 1493 est
787 1450 844 1493 ut
869 1442 1046 1495 omnis
1080 1442 1132 1495 in
1162 1444 1471 1497 universum
1506 1447 1817 1514 generativa
1846 1458 2060 1513 natura,
2090 1450 2243 1504 simi-

668 1529 739 1581 iia
770 1530 868 1583 sibi
914 1546 980 1585 ex
1030 1545 1091 1586 se
1141 1533 1422 1601 producat,
1474 1536 1693 1592 tametsi
1745 1538 1798 1593 id
1848 1539 1990 1606 quod
2043 1540 2238 1612 gignit,

666 1631 830 1671 causa
862 1618 932 1672 sit
959 1619 1279 1674 naturaliter
1302 1620 1351 1676 ei
1387 1623 1531 1691 quod
1553 1638 1621 1679 ex
1656 1638 1714 1680 se
1745 1626 2004 1697 gignitur.

1266 1730 1497 1790 ALIUD.

2348 580 2589 652 Πατέρα,
2614 580 2727 634 ἀλλ’
2752 580 2827 645 ὡς
2857 582 3159 651 γεννήτορα
3194 575 3460 647 φυσικῶς.
3498 574 3711 629 κωλύει
3756 574 3821 627 δὲ
3850 574 3957 625 οὐ-

2343 672 2453 735 δὲν,
2491 673 2691 743 μᾶλλον
2744 672 2802 725 δὲ
2834 672 3049 743 ἀνάγκη
3104 672 3253 725 πᾶσα
3285 667 3348 721 τὸ
3392 667 3454 721 ἐκ
3486 683 3629 730 τινος
3676 664 3952 734 φυσικῶς

2344 762 2627 834 προελθὸν,
2654 763 2836 833 ὅμοιον
2857 758 2993 816 εἶναι
3021 762 3141 815 κατ’
3175 759 3362 813 οὐσίαν
3396 755 3582 823 αὑτοῦ,
3625 757 3729 810 κᾶν
3751 758 3952 808 αἴτιον

2344 854 2474 907 αὐτὸ
2509 853 2602 907 τοῦ
2631 850 2769 907 εἷναι
2799 852 2935 924 ἔχοι.

3028 967 3237 1024 ΔΛΛΟ.

2414 1084 2476 1137 ΕΞ
2499 1084 2608 1137 πᾶν
2631 1084 2768 1155 ὅπερ
2787 1082 2853 1136 ἂν
2883 1082 2944 1146 ἐξ
2965 1081 3138 1137 αἰτίου
3160 1079 3308 1143 τινὸς
3338 1080 3580 1149 γένηται,
3606 1077 3767 1130 τοῦτο
3792 1074 3946 1128 πάν-

2341 1192 2449 1237 τως
2495 1174 2645 1228 ἔσται
2698 1174 2835 1244 πρὸς
2874 1174 3008 1227 αὐτὸ
3052 1174 3146 1227 καὶ
3175 1169 3550 1241 ἀνομοιούσιον
3595 1169 3695 1239 (1),
3746 1167 3877 1229 πῶς
3911 1166 3943 1216 6

2344 1266 2509 1319 ’Λσελ
2542 1265 2599 1333 ὲξ
2630 1265 2803 1320 αἰτίου
2822 1264 3103 1336 γεννηθεὶς
3130 1263 3224 1317 τοῦ
3256 1262 3446 1333 Ἀδὰμ,
3476 1263 3660 1331 ὅμοιος
3685 1255 3755 1329 ἦν
3774 1258 3941 1325 αὐτῷ

2341 1359 2462 1413 κατ’
2486 1359 2710 1423 οὑσίανς
2740 1356 2949 1411 Οὐκοῦν
2985 1357 3199 1425 ἀνάγκη
3228 1356 3412 1408 πᾶσαν
3458 1351 3644 1415 ἁπλῶς
3672 1365 3938 1418 γεννητι-

2342 1450 2444 1520 κὴν
2471 1450 2633 1519 φύσιν
2658 1491 2672 1513 ,
2707 1450 2868 1519 ὅμοια
2896 1448 3115 1511 πάντως
3148 1447 3285 1517 αὐτῇ
3329 1446 3399 1500 τά
3443 1444 3502 1510 ἐξ
3553 1442 3725 1512 αὐτῆς
3754 1439 3935 1509 ἔχειν,

2341 1540 2444 1595 κᾶν
2479 1540 2541 1593 τὸ
2568 1540 2751 1593 τίκτον
2781 1538 2952 1593 αἴτιον
3052 1536 3299 1607 φυσικῶς
3327 1534 3406 1607 τῷ
3447 1535 3506 1602 ἐξ
3537 1532 3702 1588 αὑτοῦ
3741 1546 3939 1585 τικτο-

2343 1632 2509 1704 μένῳ.

3023 1738 3228 1793 ΑΛΛΟ.

734 1841 789 1894 Si
842 1842 1046 1898 idcirco
1094 1843 1264 1901 Filius
1313 1862 1419 1902 non
1470 1859 1555 1905 est
1607 1851 1906 1909 secundum
1945 1856 2235 1911 essentiam

2412 1853 2473 1906 Ei
2505 1850 2593 1904 διὰ
2625 1857 2781 1905 τοῦτο
2804 1852 2927 1904 κατ’
2958 1849 3146 1905 οὐσίαν
3168 1850 3197 1903 6
3219 1849 3349 1912 Υἱὸς
3381 1848 3481 1901 οὐκ
3506 1847 3658 1899 ἔσται
3691 1844 3773 1917 τῷ
3807 1845 3932 1897 Πα-

662 1931 859 1984 similis
886 1932 993 2003 77
1028 1933 1173 1989 Patri
1199 1952 1374 2009 neque
1399 1940 1896 2011 consubstantialis,
1924 1947 2050 2016 quia
2082 1947 2240 2004 Pater

664 2031 729 2069 ex
775 2019 917 2073 nulla
968 2037 1131 2079 causa
1164 2026 1280 2079 sive
1325 2028 1593 2099 principio
1634 2042 1735 2097 est.
1769 2032 1939 2090 Filius
1964 2052 2091 2093 vero
2131 2037 2239 2093 Pa-

668 2114 803 2197 trem
850 2111 1173 2183 principium
1225 2116 1572 2190 habet,‘quid
1635 2123 1904 2181 obstiterit
1951 2130 2239 2197 quominus

663 2196 909 2253 dicamus
934 2201 1065 2258 Cain
1099 2207 1260 2261 etiam
1288 2213 1425 2278 patri
1456 2226 1556 2267 suo
1583 2196 2099 2275 consubstantialem
2131 2239 2236 2277 non

666 2287 869 2343 fuisse?
902 2290 956 2345 Si
993 2294 1211 2362 quidem
1249 2299 1419 2354 Adam
1453 2317 1483 2355 a
1524 2307 1741 2361 nemine
1770 2322 2064 2378 generatus
2093 2314 2235 2368 fuit:

666 2379 874 2445 primus
903 2380 1048 2436 enim
1100 2386 1376 2442 hominum
1409 2389 1532 2445 fuit.
1569 2394 1700 2450 Cain
1747 2412 1876 2455 vero
1909 2399 2084 2470 ipsum
2131 2420 2233 2459 au-

664 2478 869 2522 ctorem
903 2480 956 2524 et
991 2472 1315 2544 principium
1359 2478 1566 2547 habuit,
1612 2501 1734 2540 nam
1765 2502 1831 2543 ex
1882 2491 1998 2560 ipso
2025 2498 2238 2561 genitus

663 2568 766 2612 est.
805 2558 963 2629 Atqui
1003 2562 1047 2616 si
1083 2564 1183 2620 hoc
1214 2566 1405 2623 falsum
1448 2582 1529 2627 est
1562 2558 2064 2642 (consubstantialis
2094 2586 2236 2640 enim

662 2648 870 2703 Adamn
896 2660 980 2707 est
1013 2653 1188 2726 Cain),
1226 2660 1328 2713 erit
1356 2663 1600 2729 profecto
1636 2669 2113 2731 consubstantialis
2140 2675 2239 2730 Pa-

664 2738 730 2791 tri
771 2738 958 2806 Filius,
992 2747 1203 2799 tametsi
1240 2748 1390 2804 illum
1427 2767 1648 2811 causam
1691 2761 1987 2818 exsistendi
2019 2765 2236 2831 habent,

671 2833 969 2899 procedens
1000 2849 1067 2889 ex
1114 2836 1230 2906 ipso
1276 2840 1484 2912 absque
1513 2854 1778 2917 tempore,
1834 2861 1889 2906 et
1928 2852 1996 2907 ab
2037 2863 2239 2910 aeterno

661 2937 783 2975 cum
817 2921 931 2993 ipso
957 2925 1244 2983 exsisteus.
1332 2964 1341 2971 -

1338 3042 1564 3103 ALIUD.

1090 3155 1179 3214 Ea:
1206 3159 1498 3229 objections
1528 3160 1799 3217 Eunomia.

729 3260 997 3320 Caeterum
1021 3271 1313 3336 quomodo,
1340 3271 1536 3339 inquit,
1570 3272 1867 3341 ingenitum
1894 3276 2076 3344 genito
2104 3295 2236 3332 cou-

660 3353 1009 3410 substantiale
1046 3358 1184 3412 erit?
1232 3358 1451 3429 Multum
1485 3363 1627 3415 enim
1669 3364 1809 3417 inter
1857 3379 1917 3419 ea
1953 3374 2036 3420 est
2084 3367 2236 3423 diﬂ'e-

660 3448 868 3500 rentia).

1158 3562 1366 3618 Salutio
1396 3567 1725 3635 objectionis.

727 3674 912 3728 Ardua
940 3677 1157 3740 scilicet
1194 3679 1427 3732 hostium
1457 3678 1659 3732 Christi
1705 3678 1940 3746 obiectio
1973 3698 2077 3737 non
2123 3684 2236 3739 eili-

659 3766 766 3819 ciet
807 3776 859 3818 ut
892 3765 1062 3822 Filius
1096 3784 1203 3822 non
1248 3769 1320 3824 sit
1370 3768 1852 3826 eonsubstantialis
1895 3773 2063 3841 Patri,
2113 3777 2236 3832 ideo

658 3856 782 3925 quia
833 3856 995 3912 Pater
1042 3858 1319 3928 ingenitus
1365 3870 1470 3923 est,
1507 3859 1680 3916 Filius
1724 3877 1851 3918 vero
1892 3866 2125 3934 genitus.
2175 3869 2233 3924 Si

659 3946 803 4001 enim
829 3947 1046 4005 diﬂ'erre
1077 3952 1131 4005 in
1164 3950 1345 4018 aliquo
1374 3949 1504 4006 facit
1540 3962 1596 4005 ut
1624 3953 1834 4009 diversa
1873 3958 1945 4010 sit
1979 3957 2029 4011 in
2071 3961 2234 4016 rebus

662 4047 878 4103 natura,
907 4048 959 4093 et
984 4056 1176 4111 genera
1210 4057 1240 4096 a
1272 4053 1456 4096 mutua
1490 4043 1629 4098 inter
1650 4058 1708 4098 se
1734 4047 2107 4102 convenientia
2138 4066 2233 4102 na-

660 4130 927 4199 turalique
975 4132 1329 4188 similitudine
1382 4145 1631 4202 separat,
1675 4136 2013 4207 distinguant
2065 4140 2229 4194 etiaan

657 4217 878 4273 Paulum
912 4236 940 4272 a
974 4219 1133 4277 Petro
1163 4222 1371 4278 ratione
1416 4226 1691 4291 essentia,
1751 4225 2019 4297 siquidem
2059 4233 2231 4298 parti-

654 4310 895 4365 eularem
944 4313 1233 4381 quamdam
1287 4315 1489 4370 habent
1527 4329 1592 4371 ac
1641 4318 1803 4373 veluti
1848 4318 1903 4373 in
1955 4320 2233 4378 individuo

655 4401 799 4456 inter
847 4416 906 4456 se
953 4401 1513 4474 diﬂerentiam,juxta
1556 4423 1719 4478 quam
1769 4410 1857 4466 hic
1887 4411 2101 4481 quidem
2150 4423 2235 4469 est

2339 1940 2428 2012 τρὶ
2461 1939 2796 2011 προσεοικὼς
2816 1939 2939 1994 οὐδὲ
2965 1938 3272 2010 ὁμοούσιος,
3301 1936 3599 2008 ἐπειδήπερ
3619 1935 3648 1987 6
3681 1934 3781 2005 μὲν
3803 1933 3928 1986 [ια-

2338 2033 2443 2102 τὴρ
2479 2032 2581 2085 οὐκ
2611 2030 2668 2098 ἐξ
2697 2031 2871 2085 αίτίου
2903 2030 3050 2094 τινός
3070 2032 3238 2095 ἐστιν,
3268 2030 3296 2082 6
3320 2027 3380 2081 δὲ
3406 2026 3531 2090 Υἱὸς
3552 2024 3724 2080 αἴτιον
3758 2024 3929 2077 αὑτὸν

2340 2122 2473 2193 ἔχει,
2498 2123 2552 2174 τί
2580 2122 2812 2174 κωλύσει
2837 2121 3015 2189 λέγειν
3043 2122 3125 2175 ὅτι
3157 2120 3251 2173 καὶ
3273 2119 3302 2171 6
3332 2118 3471 2172 Κάῖν
3494 2117 3697 2170 οὑκ-ἂν
3726 2115 3819 2184 εἴη
3847 2113 3925 2183 τῷ

2341 2211 2510 2283 πατρὶ
2546 2210 2858 2281 ὁμοοὺσιοςς
2916 2205 3262 2281 Ἐπειδήπερ]
3289 2210 3317 2262 6
3350 2208 3449 2278 μὲν
3485 2204 3655 2275 Ἀδὰμ
3684 2204 3781 2257 ὑπ’
3828 2204 3925 2255 οὔ·

2338 2302 2487 2367 δενὺς
2510 2303 2794 2375 ἐγεννήθηο
2822 2303 3039 2374 πρῶτος
3062 2301 3170 2372 γὰρ
3195 2296 3263 2372 ἦν
3281 2299 3584 2369 ἄνθρωπος.
3617 2297 3675 2350 '0
3692 2295 3747 2349 δὲ
3771 2294 3919 2349 Κάῖν

2339 2394 2512 2449 αίτιον
2542 2395 2700 2466 ἔσχεν
2728 2395 2911 2448 αὐτόν·
2938 2392 2998 2458 ἐξ
3026 2392 3190 2447 αὑτοῦ
3218 2391 3327 2462 γὰρ
3347 2389 3588 2458 γέγονεν.
3616 2388 3675 2443 Et
3710 2386 3767 2441 δὲ
3788 2385 3924 2457 ψεύ-

2342 2503 2491 2541 σεται
2524 2486 2741 2551 πάντως
2769 2488 2796 2540 6
2816 2485 2974 2538 τοῦτο
2994 2485 3169 2554 λέγων
3191 2481 3497 2554 (ὀμοούσιος
3521 2478 3628 2549 γὰρ
3649 2477 3920 2549 τῷἋδάμ

2338 2580 2367 2631 ὁ
2392 2578 2574 2648 Κάῖν),
2604 2576 2755 2629 ἔσται
2797 2575 2875 2647 τῷ
2916 2576 3092 2647 Πατρὶ
3142 2575 3359 2637 πάντως
3393 2570 3672 2643 ὁμοούσιος
3709 2569 3738 2621 6
3768 2568 3921 2629 Υἱὸς,

2340 2668 2445 2723 κᾶν
2471 2669 2641 2721 αἴτιον
2671 2665 2833 2719 αὑτὸν
2857 2664 2956 2737 ἔχῃ
2995 2665 3089 2719 τοῦ
3136 2659 3297 2728 εῖναι,
3333 2663 3393 2727 ἐξ
3439 2659 3604 2715 αὑτοῦ
3635 2657 3922 2730 προελθὼν

2339 2760 2606 2831 ἀχρόνως,
2638 2758 2736 2811 καὶ
2758 2757 2944 2821 ἀῖδίως
2964 2757 3038 2809 ὢν
3072 2755 3170 2809 σὺν
3203 2754 3372 2825 αὐτῷ.

3024 3054 3228 3107 ΑΛΛΟ.

2596 3167 2694 3235 Ὠς
2718 3167 2786 3231 ἐξ
2816 3164 3174 3229 ἀντιθέσεως
3198 3161 3319 3215 τῶν
3343 3161 3663 3231 Εὑνομίου.

2409 3282 2517 3334 Καὶ
2554 3280 2671 3341 πῶς
2698 3279 2871 3343 ἔσται,
2911 3278 3081 3347 φησι.
3114 3276 3174 3329 τὸ
3211 3275 3504 3343 ἀγέννητον
3545 3273 3625 3342 τῷ
3672 3272 3920 3342 νεννητῷ

2337 3371 2657 3445 ὁμοούσιον;
2687 3370 2864 3440 Πολλὴ
2900 3370 3010 3438 γάρ
3030 3369 3089 3420 ὲν
3110 3367 3295 3429 αὐτοῖς
3325 3367 3357 3436 ἡ
3394 3364 3643 3435 διαφορά.

2818 3566 2975 3635 Πρὸς
3013 3566 3189 3619 τοῦτο
3217 3565 3420 3629 λύσις.

2407 3685 2521 3738 Οὐκ
2541 3678 2832 3751 ἀνατρέψει
2859 3676 2919 3731 τὸ
2942 3675 3103 3746 σοφὸν
3130 3676 3238 3728 τῶν
3260 3676 3642 3746 χριπομάχων
3679 3676 3923 3745 πρόϐλη-

2340 3794 2416 3848 μα
2447 3776 2508 3829 τὸ
2529 3769 2669 3827 εἶναι
2707 3772 2798 3824 τὸν
2822 3769 2952 3823 Υἰὸν
2981 3768 3265 3838 ὁμοούσιον
3284 3765 3362 3835 τῷ
3390 3766 3589 3836 Πατρὶ,
3618 3766 3919 3835 ἐπειδήπερ

2336 3868 2364 3919 6
2399 3866 2497 3936 μὲν
2530 3862 2716 3933 Πατὴρ
2742 3857 3038 3929 ἀγέννητός
3078 3857 3244 3918 ἐστιν,
3280 3856 3409 3919 Υἱὸς
3450 3856 3507 3909 δὲ
3534 3856 3815 3924 γεννητὸς.
3855 3856 3917 3908 Εἰ

2336 3957 2445 4027 γὰρ
2468 3955 2529 4009 τὸ
2552 3954 2694 4007 κατά
2726 3969 2779 4005 τι
2814 3951 3130 4022 διαφέρειν,
3180 3948 3397 4010 πάντως
3435 3948 3529 4000 καὶ
3565 3948 3826 4017 διάφορον
3860 3950 3919 4000 ὲν

2334 4048 2444 4109 τοίς
2469 4040 2587 4097 οὖσι
2612 4043 2709 4115 τὴν
2727 4040 2890 4111 φύσιν
2912 4036 3306 4108 ἀπεργάζεται,
3322 4037 3415 4090 καὶ
3436 4037 3536 4107 τῆς
3560 4035 3698 4105 πρὸς
3713 4035 3920 4107 ἄλληλα

2336 4133 2618 4197 κοινωνίας
2639 4149 2699 4186 τε
2745 4132 2841 4186 καὶ
2876 4131 3112 4201 φυσικῆς
3160 4128 3481 4199 ὁμοιότητος
3510 4128 3814 4200 ἀποτέμνει
3850 4130 3917 4181 τὰ

2334 4228 2487 4297 γένη·
2509 4225 2915 4299 διοριζέτωσαν,
2946 4223 3083 4293 φέρε
3106 4223 3298 4283 εἰπεῖν,
3328 4220 3423 4273 καὶ
3446 4219 3537 4274 τὸν
3566 4219 3780 4274 Παῦλον
3808 4222 3917 4273 ἀπὸ

2334 4318 2426 4372 τοῦ
2442 4317 2647 4387 Πέτρου
2668 4315 2811 4370 κατά
2836 4314 2927 4367 τὸν
2942 4314 3042 4382 τῆς
3065 4311 3251 4375 οὐσίας
3274 4311 3452 4379 λόγον.
3474 4311 3771 4381 ἐπειδήπερ
3795 4313 3914 4363 τινὰ

2339 4410 2569 4481 μερικὴν
2582 4407 2762 4478 ἔχουσι
2779 4406 2872 4459 καὶ
2889 4406 2965 4469 ὼς
2982 4406 3040 4457 ὲν
3061 4405 3248 4475 ἀτόμῳ
3266 4402 3398 4475 πρὸς
3416 4403 3677 4473 ἀλλήλους
3701 4402 3799 4473 τὴν
3810 4403 3914 4455 διαο

656 4487 868 4555 Petrus,
900 4491 991 4547 hic
1037 4507 1165 4546 vero
1194 4492 1413 4550 Paulus.
1464 4494 1718 4551 Videmus
1764 4510 1941 4553 autem
1990 4516 2232 4569 swpenu-

2339 4500 2527 4571 φορὰν,
2560 4498 2682 4552 καθ’
2706 4499 2771 4568 ἢν
2795 4498 2824 4549 6
2850 4497 2947 4568 μὲν
2974 4496 3089 4549 ἔστι
3119 4495 3346 4565 Πέτρος,
3364 4496 3392 4547 6
3411 4494 3467 4548 δὲ
3501 4492 3731 4557 Παῦλος.
3755 4494 3916 4564 Ὁρῶ-

656 4595 808 4636 mero
847 4583 1013 4636 etiam
1058 4598 1119 4637 ea
1159 4598 1279 4654 qua:
1328 4586 1438 4642 alio
1490 4590 1648 4644 modo
1675 4605 1703 4641 a
1759 4602 1942 4644 mutua
1986 4592 2127 4646 inter
2172 4607 2231 4648 se

653 4672 1012 4727 similitudine
1068 4675 1297 4732 multum
1353 4678 1653 4745 dissident,
1707 4683 1960 4736 essentia:
2018 4684 2230 4739 ratione

652 4764 967 4819 convenire.
993 4763 1127 4819 Nam
1153 4766 1314 4824 homo
1348 4771 1498 4840 niger
1526 4772 1751 4828 multum
1780 4772 1961 4830 differt
1987 4775 2055 4829 ab
2084 4775 2227 4839 albo,

655 4856 751 4910 sed
792 4855 908 4910 haec
941 4855 1241 4913 diﬂerentia
1298 4876 1486 4916 eorum
1532 4864 1891 4920 subStantiam
1944 4879 2046 4919 non
2103 4866 2233 4919 facit

656 4946 951 5001 diversam.
983 4947 1042 5003 Si
1089 4966 1219 5018 ergo
1265 4952 1429 5006 etiam
1472 4953 1525 5007 in
1571 4955 1724 5009 nobis
1770 4955 1901 5024 ipsis
1932 4954 2229 5010 diﬂ'ereutia

655 5039 951 5095 secundum
1002 5040 1205 5110 aliquid
1261 5058 1367 5097 non
1419 5043 1669 5097 immutat
1714 5061 1836 5101 esse
1883 5046 2056 5116 ipsum
2104 5049 2232 5101 sub-

657 5130 891 5193 stantire,
923 5145 987 5185 ex
1019 5145 1126 5200 qua
1167 5140 1422 5187 constant
1466 5133 1536 5186 illi
1568 5135 1660 5203 qui
1708 5152 1737 5188 a
1774 5137 1929 5191 nobis
1953 5136 2230 5205 dill’erunt,

657 5220 787 5289 quid
812 5223 991 5276 obstat
1019 5224 1312 5292 quominus
1362 5224 1525 5279 etiam
1562 5224 1733 5282 Filius
1767 5227 1838 5282 sit
1866 5228 2228 5284 consubstan-

660 5309 806 5364 tialis
846 5310 1014 5378 Patri,
1062 5314 1275 5367 etiamsi
1310 5314 1362 5368 in
1407 5330 1470 5369 eo
1517 5315 1658 5372 inter
1704 5334 1762 5372 se
1804 5317 2056 5373 differant
2091 5321 2233 5389 quod

659 5398 825 5456 Pater
851 5402 923 5455 sit
952 5402 1238 5473 ingenltns,
1263 5405 1431 5463 Filius
1451 5420 1631 5464 autem
1661 5413 1914 5480 genitus?
1946 5412 2066 5468 Una
2089 5414 2231 5467 enim

662 5494 714 5546 in
757 5494 889 5563 ipsis
923 5504 1007 5549 est
1033 5496 1224 5564 deitas,
1253 5515 1316 5553 ex
1349 5498 1509 5557 Patre
1544 5501 1786 5571 ingenito
1830 5504 2150 5559 naturaliter
2181 5505 2232 5558 in

662 5582 857 5637 FiIlUIII
890 5587 1201 5655 procedens.

2342 4607 2439 4661 μεν
2459 4590 2516 4642 δὲ
2554 4590 2635 4643 ὅτι
2662 4587 2923 4652 πολλάκις
2945 4587 3041 4640 καὶ
3070 4584 3139 4638 τὰ
3181 4584 3304 4638 καθ’
3352 4583 3536 4653 ἕτερον
3562 4601 3685 4638 τινα
3718 4585 3919 4661 τρόπον

2336 4681 2434 4750 τῆς
2471 4678 2720 4749 ἀλλήλων
2764 4676 3081 4748 ὁμοιότητος
3123 4674 3257 4728 πολὺ
3281 4672 3639 4743 διεστηκότα,
3672 4677 3920 4727 κοινωνεῖ

2338 4771 2479 4825 κατὰ
2508 4771 2598 4824 τὸν
2628 4770 2725 4840 τῆς
2744 4769 2931 4833 οὐσίας
2962 4768 3141 4836 λόγον.
3184 4767 3242 4821 '0
3270 4767 3369 4837 μὲν
3394 4765 3503 4837 γὰρ
3523 4764 3688 4836 μέλας
3716 4765 3919 4835 ἄνθρω-

2338 4877 2438 4924 πος
2468 4859 2630 4931 τυχὸν
2666 4859 2741 4923 ὼς
2780 4858 2915 4930 πρὸς
2954 4858 3044 4911 τὸν
3069 4858 3260 4911 λευκὸν
3292 4856 3491 4927 πολλὴν
3524 4856 3636 4925 ἔχει
3674 4858 3772 4926 τὴν
3804 4856 3919 4909 δια-

2341 4950 2534 5022 φορὰν,
2566 4949 2681 5004 ἀλλ’
2712 4951 2772 5002 οὐ
2797 4949 2954 5002 τοῦτο
2984 4949 3081 5020 τὴν
3109 4949 3299 5003 οὐσίαν
3328 4949 3512 5011 αὐτοῖς
3532 4948 3827 5017 διατέμνει.
3853 4948 3916 5000 Εἰ

2340 5044 2516 5097 τοίνυν
2532 5043 2627 5096 καὶ
2656 5041 2739 5110 ἐφ’
2761 5041 2920 5112 ἡμῶν
2942 5042 3121 5095 αὐτῶν
3144 5043 3177 5112 ή
3200 5040 3341 5095 κατά
3360 5058 3411 5093 τι
3438 5040 3669 5111 διαφορά
3692 5040 3753 5092 τὺ
3779 5036 3918 5094 εἶναι

2336 5135 2433 5205 τῆς
2464 5134 2635 5203 αὐτῆς
2658 5133 2844 5196 οὐσίας
2864 5134 2964 5186 οὐκ
2999 5132 3316 5203 ἀνατρέπει,
3344 5126 3412 5204 ἦς
3436 5131 3501 5186 ἂν
3534 5128 3642 5184 εἷεν
3677 5133 3917 5184 κάκεῖνοι

2338 5225 2473 5296 πρὸς
2504 5222 2596 5287 οὓς
2619 5223 2685 5276 ἂν
2713 5222 3149 5293 διακρινοίμεθα·
3200 5222 3252 5275 τί
3302 5222 3501 5276 κωλύει
3546 5223 3640 5276 καὶ
3671 5223 3763 5274 τὸν
3790 5222 3916 5275 Υἰὸν

2336 5316 2620 5388 ὁμοούσιον
2654 5309 2795 5367 εἶναι
2847 5312 2924 5383 τῷ
2964 5315 3157 5385 Πατρὶ,
3195 5314 3336 5368 κατά
3382 5314 3538 5368 τοῦτο
3591 5314 3914 5385 διαφέροντα

2336 5409 2457 5465 καθ’
2492 5410 2520 5461 ὃ
2554 5409 2652 5478 μὲν
2682 5406 2873 5477 Πατὴρ
2899 5406 3195 5477 ἀγέννητὸς
3226 5408 3395 5474 ἐστιν,
3431 5410 3458 5461 ὁ
3487 5406 3544 5460 δὲ
3570 5405 3698 5469 Υἱὸς
3724 5423 3914 5475 γεννη-

2336 5501 2460 5564 τός;
2495 5499 2607 5553 Μία
2631 5498 2737 5568 γὰρ
2772 5499 2829 5549 ὲν
2868 5497 3051 5559 αὐτοῖς
3088 5497 3123 5567 ἡ
3147 5496 3360 5567 Θεότης,
3399 5497 3463 5549 ὲκ
3500 5496 3713 5567 Πατρὸς
3754 5496 3912 5563 ἀγίν-

2338 5593 2499 5661 νήτου
2531 5590 2795 5658 τρέχουσα
2827 5587 3070 5657 φυσικῶς
3094 5588 3185 5640 ἐπὶ
3210 5589 3268 5641 τὸ
3296 5589 3557 5658 γέννημα.

735 5762 810 5834 ll)
848 5761 965 5823 Ed..
997 5764 1367 5834 ἀνομοούσιον.
1409 5766 1537 5823 Vide
1576 5766 1902 5823 Colclet‘iutn
1938 5768 1988 5823 in
2028 5780 2138 5825 not.
2166 5768 2231 5823 ad

2339 5782 2514 5822 unum.
2545 5764 2685 5819 Eccl.
2722 5764 2841 5832 (.‘r.,
2877 5782 2928 5836 ν.
2955 5764 3082 5820 551.
3116 5765 3272 5821 Eutr.
