4144 6556
173 347 276 402 £29

861 458 1058 510 ΑΛΛΟ.

434 573 751 636 Ἀντίθεσις
792 571 871 634 ὡς
907 572 975 623 ἐκ
1015 571 1134 625 τῶν
1180 571 1501 638 Εὐνομίοιι.

249 689 363 742 Οὐκ
395 687 460 740 ἂν
506 687 589 754 εἴη
622 685 842 746 τέλειος,
891 684 1044 754 φησι,
1081 684 1156 755 μὴ
1212 684 1427 747 πάντως
1467 683 1575 736 ἀπό
1611 698 1754 744 τινος

177 780 452 851 ἐκτρέχων
478 776 671 847 ἀρχῆς.
705 776 765 827 Εἰ
797 775 973 827 τοίνυν
999 776 1342 828 κατέπαυσεν
1369 776 1396 826 0
1419 773 1608 843 Πατὴρ
1635 789 1756 840 γεν-

177 873 284 925 νῶν
304 872 394 924 τὸν
424 870 570 931 Υίὸν,
599 868 656 920 τὸ
701 867 758 919 δὲ
793 866 1145 921 καταπαῦσαι
1174 867 1332 934 βέλος
1375 867 1520 918 ἐστὶν
1539 906 1553 931 ,
1584 865 1756 937 ἀρχὴν

178 964 284 1033 ἄρα
315 959 545 1031 ἔχειτοῦ
592 955 751 1011 εἶναι.
807 956 932 1020 Πῶς
983 952 1075 1010 οῦν
1110 959 1137 1009 0
1188 957 1431 1020 τοιοῦτος
1473 956 1758 1026 ὁμοούσιος

179 1056 329 1108 ἔσται
357 1052 436 1122 τῷ
462 1052 528 1104 ἐκ
559 1050 829 1122 μηδεμιᾶς
861 1048 1037 1120 ἀρχῆς
1067 1048 1181 1101 ὃντι
1204 1048 1408 1119 Πατρί;
1508 1053 1512 1063 ’

673 1224 826 1292 Πρὸς
854 1225 1030 1278 τοῦτο
1061 1225 1264 1291 λύσις.

251 1341 312 1392 Ei
341 1337 682 1391 κατέπαυσεν
711 1336 740 1387 0
765 1334 972 1405 Πατὴρ,
1011 1333 1133 1388 καθ’
1180 1334 1348 1404 ὑμᾶς,
1371 1327 1417 1387 ὧ
1457 1333 1758 1404 χριστομά-

177 1448 280 1501 χοι,
312 1429 516 1498 γεννῶν
566 1428 656 1479 τὸν
689 1426 839 1489 Υἱὸν,
890 1426 985 1477 καὶ
1036 1425 1143 1477 ἀπό
1183 1442 1326 1489 τινος
1351 1426 1526 1495 ἀρχῆς
1557 1424 1760 1495 ἤρξατο

179 1521 356 1587 (τοῦτο
375 1521 482 1592 γὰρ
513 1518 667 1588 ὑμῶν
702 1519 736 1588 ή
770 1516 1037 1586 πρότασις
1064 1515 1221 1587 ἔχει),
1247 1517 1613 1586 προσγέγονεν
1654 1515 1760 1586 ἄρα

177 1610 256 1679 τῷ
289 1611 485 1682 Πατρί.
535 1608 608 1661 Τὸ
655 1607 709 1659 δὲ
743 1608 1110 1678 προσγεγονὸς
1159 1608 1252 1660 καὶ
1282 1606 1456 1678 ἀρχὴν
1505 1607 1626 1677 ἔχον
1666 1606 1761 1658 τοῦ

179 1697 338 1761 εἶναι,
378 1702 685 1772 πρόσφατον
710 1701 774 1752 ἂν
801 1698 885 1768 εἴη
915 1699 1129 1760 πάντως
1157 1700 1249 1751 καὶ
1280 1699 1614 1766 ἀναγκαίως.
1636 1698 1759 1761 Πῶς

1587 337 2031 396 THESAURUS.

3332 325 3433 377 150

2530 443 2755 498 ALIUD.

2290 559 2372 612 Ex
2413 558 2701 627 objectione
2730 556 3000 608 Eunomii.

1928 676 2227 738 Perfectus,
2261 673 2451 742 inquit,
2496 686 2618 726 esse
2659 685 2763 722 non
2810 680 3008 737 potest,
3061 671 3160 726 nisi
3194 673 3282 740 qui
3315 688 3433 727 om.

1861 770 1987 824 nino
2019 769 2087 821 ab
2114 767 2294 834 aliquo
2327 763 2592 832 principio
2625 763 2972 830 processerit.
3002 762 3058 816 Si
3085 764 3245 832 igitur
3273 763 3435 818 Pater

1859 863 2016 917 desiit
2048 874 2311 931 generare
2339 858 2557 919 Filium,
2587 857 2714 909 illud
2745 865 2926 908 autem
2968 855 3233 916 desinere,
3272 858 3430 909 liuent

1859 954 2150 1024 signiﬁcat,
2195 952 2518 1022 principium
2550 950 2732 1017 itaque
2772 946 3069 1000 exsistentli
3108 945 3285 999 habet.
3317 947 3434 1011 Quo

1860 1057 2018 1116 pacto
2049 1047 2210 1116 igitur
2244 1046 2289 1099 is
2320 1040 2819 1098 consubstantialis
2848 1039 2953 1093 erit
2990 1037 3160 1101 Patri,
3195 1037 3285 1106 qui
3315 1038 3431 1092 nul-

1862 1139 1970 1192 lum
2001 1137 2324 1208 principium
2359 1135 2565 1189 habet?

2359 1226 2566 1279 Salutio
2618 1223 2940 1292 objectionis.

1931 1340 1988 1394 Si
2022 1338 2180 1393 desiit
2217 1337 2301 1392 vel
2331 1335 2565 1392 cessavit
2614 1333 2776 1386 Pater
2815 1344 3003 1385 creare
3040 1328 3258 1390 Filium,
3285 1328 3437 1394 juxta

1861 1440 2094 1484 vestram
2143 1429 2472 1498 opinionem,
2534 1427 2717 1479 hostes
2761 1422 2985 1486 Christi,
3041 1429 3096 1475 et
3145 1418 3213 1473 ab
3259 1418 3438 1488 aliquo

1864 1521 2132 1593 principio
2165 1521 2326 1589 coepit
2359 1519 2468 1588 78
2496 1518 2590 1585 (ita
2632 1516 2776 1570 enim
2803 1525 2982 1569 vestra
3015 1513 3311 1582 propositio
3352 1513 3438 1566 ha-

1863 1613 1996 1682 bet),
2043 1626 2175 1680 ergo
2205 1611 2534 1663 adventitius
2571 1617 2653 1661 est
2683 1606 2851 1659 Patri.
2892 1605 2946 1658 Id
2995 1619 3124 1658 vero
3155 1603 3296 1673 quod
3340 1604 3438 1655 ad.

1863 1705 2149 1758 ventitium
2183 1703 2299 1757 sive
2357 1701 2648 1755 ascititium
2688 1708 2792 1762 est,
2823 1708 2876 1752 et
2911 1697 3236 1767 principium
3277 1695 3440 1749 habet

178 1794 243 1863 δὴ
273 1789 364 1846 οῦν
392 1794 500 1863 ἄρα
522 1793 714 1862 θήσετε
731 1789 823 1842 τὸν
848 1790 974 1843 Υίὸν
996 1791 1127 1843 Θεὸν
1152 1787 1291 1844 εἶναι
1318 1792 1468 1863 παρὰ
1492 1793 1590 1864 τῆς
1613 1791 1762 1854 Θείας

1874 1795 2215 1858 exsistentize,
2248 1809 2438 1848 recens
2464 1792 2683 1845 omnino
2717 1791 2785 1843 sit
2815 1803 3038 1842 necesse
3063 1797 3163 1841 est.
3192 1786 3312 1853 Quo
3346 1800 3441 1854 pa-

179 1884 400 1956 Γραφῆς
429 1883 489 1936 ού
519 1879 991 1953 συγχωρούμενον,
1031 1880 1096 1934 ἂν
1123 1881 1295 1945 οῦτως
1333 1883 1432 1955 ἔχῃ
1452 1924 1466 1947 ,
1505 1882 1759 1954 καθάπερ

181 1974 337 2045 ὑμεῖς
381 1991 548 2043 (paea;
591 1992 611 2026 ι
648 1975 761 2028 Οὐκ
807 1973 960 2027 ἔσται
1007 1973 1115 2044 γὰρ
1166 1974 1224 2025 ὲν
1277 1974 1359 2026 σοὶ
1396 1973 1549 2036 Θεὸς,
1602 1975 1755 2044 φησι,

181 2064 512 2134 πρόσφατος.
543 2084 562 2116 ι
596 2065 735 2118 Ἀλλ’
757 2063 897 2120 οἶδεν
922 2065 1084 2119 αὑτὸν
1107 2066 1141 2135 ἡ
1168 2064 1286 2118 θεία
1307 2065 1500 2136 Γραφὴ
1519 2065 1612 2118 καὶ
1630 2064 1759 2117 Υἱὸν

180 2156 306 2208 ὖντα
339 2156 432 2207 καὶ
459 2155 612 2211 Θεόν.
650 2158 765 2210 Οὐκ
794 2159 902 2228 ἄρα
935 2157 1273 2228 πρόσφατος,
1306 2157 1427 2209 οὐδὲ
1455 2156 1760 2226 ἀρξάμενος

181 2242 273 2296 τοῦ
302 2246 614 2311 γεννᾶσθαι,
647 2246 769 2299 καθ’
801 2249 974 2316 ὑμᾶς’
1009 2246 1146 2299 ἀλλά
1185 2247 1443 2315 γεννητὸς
1473 2247 1593 2315 μὲν,
1638 2263 1761 2299 συν-

183 2335 347 2397 αῖδιος
375 2336 430 2387 δὲ
454 2337 600 2404 ὅμως
621 2336 696 2399 ὡς
720 2337 847 2399 Υἱὸς
871 2338 946 2389 ῶν
973 2338 1028 2388 ὲν
1046 2336 1123 2405 τῷ
1148 2337 1341 2406 Πατρί.
1365 2337 1428 2388 Ei
1455 2337 1511 2388 δὲ
1534 2335 1593 2387 τὸ
1621 2331 1762 2388 εἶναι

186 2425 496 2493 πρόσφατον
525 2427 586 2478 οὐ
616 2427 962 2498 συγχωρήσει
993 2427 1092 2496 τῆς
1115 2427 1284 2495 αὐτῆς
1305 2427 1493 2488 οὐσίας
1524 2423 1662 2480 εἶναι
1685 2427 1764 2497 τῷ

189 2514 366 2583 Πατρὶ
394 2513 484 2566 τὸν
514 2514 663 2580 Υἱὸν,
691 2515 752 2568 τὸ
782 2517 859 2586 μὴ
899 2512 1035 2567 εἶναι
1083 2515 1399 2586 πρόσφατον
1428 2557 1443 2581 ,
1478 2515 1765 2584 ὁμοούσιον

187 2602 479 2666 ἀποδείξει.

873 2841 1077 2895 AAAO.

260 2951 322 3002 Ei
344 2948 487 3020 μόνῳ
503 2948 621 3019 Θεῷ
643 2947 721 3018 τῷ
746 2949 887 3003 κατά
904 2950 1064 3018 φύσιν
1087 2967 1148 3003 το
1170 2955 1592 3023 προσκυνεῖσθαι
1615 2957 1769 3028 παρά

1863 1898 1950 1942 cto
1983 1887 2148 1955 igitur
2190 1884 2441 1940 statuetis
2476 1897 2689 1936 sacram
2726 1881 3063 1949 Scripturam
3099 1893 3203 1931 non
3249 1891 3442 1931 concc-

1864 1981 1990 2033 dere
2024 1968 2223 2031 Filium
2259 1977 2429 2030 Deum
2461 1989 2603 2038 esse,
2635 1972 2678 2027 si
2721 1971 2793 2024 ita
2825 1986 2883 2025 se
2925 1985 3010 2024 res
3043 1969 3224 2031 habet,
3257 1976 3315 2021 ut
3346 1981 3443 2020 vos

1863 2071 2089 2127 dicitis?
2119 2090 2136 2122 ι
2169 2067 2286 2124 Non
2311 2067 2452 2121 enim
2477 2063 2822 2133 erit,inquit,
2849 2061 2900 2114 in
2924 2069 2975 2114 te
3002 2059 3142 2113 Deus
3172 2070 3377 2111 recens.
3418 2073 3437 2106 ι

1864 2163 2030 2231 Atqui
2073 2175 2229 2214 sacra
2259 2158 2544 2226 Scriptura
2577 2155 2723 2208 illum
2769 2162 2824 2205 et
2861 2151 3056 2204 Filium
3095 2147 3356 2218 agnoscit,
3388 2157 3443 2199 et
3525 2219 3544 2231 Χ

1865 2255 2058 2308 Βιιιιηι.
2101 2251 2219 2305 Νοη
2258 2250 2423 2318 igitur
2455 2261 2645 2300 recens
2673 2255 2778 2306 est,
2811 2256 2985 2310 neque
3014 2241 3236 2308 inccnpit
3276 2254 3441 2310 gem-.-

1866 2344 1998 2404 rari,
2033 2353 2090 2396 ut
2134 2356 2230 2396 vos
2281 2337 2601 2410 opinamini,
2655 2337 2749 2389 sed
2798 2335 3014 2404 genitus
3059 2330 3301 2401 quidem,
3349 2343 3443 2384 co-

1867 2444 2104 2488 :eternus
2138 2430 2510 2491 nihilominus,
2560 2438 2620 2480 ut
2650 2426 2821 2481 Filius
2863 2425 3135 2479 exsistens
3163 2422 3216 2475 in
3262 2421 3440 2474 Patre.

1869 2524 2022 2576 Sicut
2054 2521 2237 2588 igitur,
2271 2520 2315 2573 si
2352 2532 2544 2571 recens
2579 2525 2745 2580 esset,
2777 2515 3014 2581 ejusdem
3046 2513 3296 2568 essentia:
3326 2526 3446 2565 esse

1869 2629 1992 2668 cum
2025 2611 2182 2665 Patre
2215 2609 2383 2664 Filius
2430 2623 2770 2678 nequaquam
2807 2616 3011 2675 posset,
3073 2606 3144 2660 ita
3183 2606 3347 2659 etiam
3379 2618 3446 2658 eo

1872 2706 1986 2774 ipso
2016 2704 2158 2772 quod
2195 2715 2384 2757 recens
2411 2715 2514 2755 non
2545 2707 2652 2762 est,
2681 2696 3160 2752 consubstantialis
3194 2709 3317 2750 esse
3351 2696 3448 2749 de-

1870 2797 2129 2852 elaratur.

2545 2860 2774 2916 ALIUD.

1944 2977 2003 3030 Si
2038 2976 2137 3030 soli
2173 2975 2284 3030 Deo
2324 2973 2621 3028 secundum
2657 2981 2903 3026 naturam
2938 2971 3186 3026 adoratio
3220 2983 3251 3023 a
3294 2969 3449 3036 nobis

188 3059 246 3094 τε
277 3040 431 3112 ἡμῶν
455 3041 550 3094 καὶ
569 3041 814 3109 ἀγγέλων
847 3042 1140 3110 ὀφείλεται,
1175 3043 1346 3115 ἑτέρῳ
1375 3044 1431 3098 δὲ
1461 3045 1656 3111 οὐδενὶ,
1676 3048 1767 3100 καὶ

1874 3073 1926 3120 et
1958 3063 2164 3134 angelis
2189 3063 2438 3125 debetur,
2470 3071 2524 3115 et
2554 3061 2683 3114 nulli
2719 3059 2900 3124 alteri,
2931 3070 2985 3114 et
3021 3060 3088 3113 de
3122 3059 3280 3114 nobis
3317 3062 3452 3113 seri-

189 3134 276 3202 ὲφ⁸
312 3132 468 3203 ήμῶν
497 3132 596 3204 μὲν
633 3132 899 3186 τέθειται·
927 3153 944 3184 ι
970 3133 1173 3204 Κύριον
1200 3135 1290 3188 τὸν
1319 3136 1453 3189 θεόν
1480 3154 1575 3190 σου
1594 3154 1765 3207 προσ-

1874 3131 2153 3222 ριυηιέει
2189 3169 2201 3202 :
2233 3170 2251 3202 ι
2293 3151 2576 3205 Dominum
2627 3148 2796 3201 Deum
2843 3158 2989 3201 tuum
3036 3149 3287 3204 adorabis
3314 3150 3390 3212 “;
3427 3168 3445 3201 ι

191 3227 468 3295 κυνήσεις,
504 3243 522 3273 ι
553 3223 805 3292 ἀγγέλοις
839 3224 895 3277 δὲ
930 3225 994 3277 τὸ
1023 3225 1250 3295 Πνεῦμα
1282 3227 1493 3282 κελεύει
1525 3247 1766 3300 προσκυ-

190 3319 302 3370 νεῖν
328 3316 419 3368 τὸν
439 3315 590 3378 Υἱὸν,
616 3314 758 3370 κατὰ
781 3315 863 3381 τὸ,
897 3335 914 3367 ι
941 3316 1110 3370 Ὅταν
1136 3317 1194 3370 δὲ
1222 3318 1494 3390 εἰσαγάγῃ
1511 3319 1601 3374 τὸν
1617 3337 1767 3392 πρω-

191 3407 410 3459 τότοκον
449 3408 527 3468 είς
557 3405 656 3475 τὴν
683 3405 1026 3477 οἰκουμένην,
1071 3406 1253 3475 λέγει·
1300 3409 1412 3461 Καὶ
1456 3426 1768 3480 προσκυνη-

192 3497 444 3550 σάτωσαν
463 3496 614 3566 αύτῷ
640 3496 841 3558 πάντες
869 3496 1090 3564 ἄγγελοι
1112 3496 1268 3564 Θεοῦ,
1307 3517 1328 3550 ›
1347 3498 1480 3562 Θεὸς
1496 3499 1604 3570 ἄρα
1622 3501 1772 3554 ἐστὶν

192 3592 220 3642 0
247 3586 720 3660 προσκυνούμενος
752 3586 901 3650 Υἱός.
941 3587 1065 3650 Πῶς
1096 3583 1188 3642 οὖν
1241 3588 1394 3643 ἔσται
1433 3590 1532 3660 μία
1559 3591 1768 3662 θεότης,

194 3682 243 3734 εί
270 3680 370 3733 οὐκ
399 3679 533 3742 ἔστι,
565 3678 687 3731 καθ’
713 3679 879 3748 ὑμᾶς,
909 3679 1192 3749 ὁμοούσιος
1218 3681 1298 3750 τῷ
1323 3681 1496 3753 Πατρί
1519 3700 1534 3748 ;
1567 3683 1630 3736 Ei
1663 3682 1772 3754 γὰρ

195 3773 311 3841 ἔχει
326 3770 449 3824 τινά
467 3769 747 3823 διάστασιν
772 3771 890 3840 ἦτοι
913 3771 1176 3842 διαφορὰν
1198 3771 1340 3825 κατά
1357 3772 1448 3825 τὸν
1466 3773 1564 3839 τῆς
1585 3773 1772 3837 οὐσίας

197 3864 379 3930 λόγον,
413 3863 647 3933 ἑτεροῖος
680 3862 777 3931 μὲν
817 3861 884 3915 ἂν
912 3862 998 3932 εἴη
1029 3861 1161 3926 Θεὸς
1191 3865 1220 3916 0
1248 3863 1411 3930 Υἱὸς,
1447 3864 1684 3935 ἑτεροῖος
1715 3865 1772 3918 δὲ

197 3956 226 4007 0
256 3954 468 4024 Πατὴρ,
493 3953 590 4005 καὶ
617 3951 711 4005 δύο
754 3953 897 4006 κατὰ
932 3952 1091 4006 τοῦτο
1126 3953 1293 4018 Θεοὺς
1321 3955 1536 4025 ἀνάγκη
1559 3955 1738 4025 λέγειν
1755 3971 1769 3985 ⁸

197 4047 336 4116 ὅπερ
367 4045 514 4098 ἐστὶν
548 4044 764 4108 ἀσεϐὲς,
799 4045 894 4097 καὶ
929 4044 1050 4097 οὐδὲ
1083 4043 1244 4118 μέχρι
1273 4046 1434 4117 μόνον
1465 4047 1636 4117 ἀκοῆς
1671 4065 1775 4102 πα-

201 4136 482 4204 ραδεκτόν.
530 4135 668 4188 Ἀλλ’
697 4135 810 4188 ἔστι
835 4137 933 4206 μία
962 4135 1173 4209 θεότης,
1196 4138 1290 4191 καὶ
1309 4137 1452 4192 οὕτω
1478 4140 1775 4211 κηρύττου-

202 4245 287 4280 σιν
318 4229 375 4281 ai
400 4227 542 4281 θεῖαι
573 4226 786 4298 Γραφαί
805 4245 819 4258 ·
853 4228 1137 4298 ὁμοούσιος
1163 4230 1272 4300 ἄρα
1285 4229 1364 4299 τῷ
1379 4231 1552 4303 Πατρὶ
1577 4233 1608 4287 0
1627 4233 1772 4296 Υἱός.

201 4318 361 4373 Οῦτω
396 4318 506 4391 γὰρ
540 4319 602 4372 τὸ
630 4319 690 4374 ἓν
710 4319 935 4390 Θεότητι
969 4322 1293 4393 σωθήσεται.

887 4428 1095 4486 AAAO.

280 4543 340 4596 Et
364 4542 568 4613 ἤρξατο
593 4543 687 4596 τοῦ
719 4544 914 4614 γεννᾷν
940 4542 1033 4596 τὸν
1060 4544 1189 4599 Υἱὸν
1220 4545 1249 4598 0
1280 4547 1468 4620 Πατὴρ
1513 4549 1608 4604 καὶ
1649 4568 1782 4604 κατ-

205 4636 435 4697 έπαυσε,
469 4635 608 4687 κατά
627 4635 724 4705 τὴν
751 4635 859 4690 τῶν
884 4637 1265 4708 χριστομάχων
1310 4641 1524 4710 μανίαν,
1561 4643 1782 4697 ἀλλοίω-

207 4727 293 4789 σίς
316 4743 400 4789 τις
429 4725 522 4779 καὶ
545 4726 815 4797 μεταϐολὴ
849 4727 975 4797 περὶ
995 4728 1157 4781 αὐτὸν
1183 4729 1422 4798 γέγονεν.
1462 4735 1525 4786 Ὃ
1556 4733 1664 4804 γὰρ
1685 4736 1782 4789 οὐκ

205 4812 273 4889 ἦν
299 4816 425 4886 πρὶν
447 4815 702 4887 γεννήσῃ,
742 4814 932 4883 γέγονε
959 4815 1097 4886 μετά
1115 4815 1175 4869 τὸ
1202 4821 1480 4889 γεννῆσαι.
1505 4819 1567 4873 Ei
1595 4820 1651 4874 δὲ
1675 4822 1782 4875 τῶν

207 4888 469 4959 τοιούτων
501 4906 756 4974 ἀνωτέρω
787 4905 848 4957 τὸ
881 4905 1021 4960 Θείόν
1070 4908 1186 4961 ἐστι
1231 4888 1439 4981 τροπῆς
1471 4928 1530 4963 τε
1555 4913 1649 4964 καὶ
1687 4913 1786 4966 ἁλ-

207 4995 479 5058 λοιώσεως
515 4995 885 5063 ἀνεπίδεκτον,
916 4998 1016 5050 οὐκ
1048 4998 1249 5069 ἤρξατο
1297 4999 1392 5053 τοῦ
1424 5004 1638 5073 γεννᾷν,
1669 5005 1788 5057 οὐδὲ

210 5088 547 5150 κατέπαυσε,
583 5088 835 5160 καθάπερ
862 5083 1008 5142 οὗτοί
1039 5108 1204 5160 φασιν
1225 5108 1240 5123 ·
1290 5094 1404 5146 ἀλλ’
1443 5091 1512 5166 ἦν
1549 5097 1788 5166 ἀχρόνως

211 5180 270 5229 ὲν
293 5179 468 5248 Πατρὶ
498 5181 527 5232 0
564 5179 670 5232 τῶν
722 5179 935 5233 αἰώνων
989 5183 1083 5235 καὶ
1116 5183 1322 5254 χρόνων
1362 5186 1592 5256 ποιητὴς
1640 5187 1787 5251 Υἱός.

224 5267 442 5339 Ἐπειδὴ
463 5268 519 5322 δὲ
552 5269 836 5335 συναῒδιος,
866 5269 954 5324 διὰ
983 5271 1140 5325 τοῦτο
1164 5273 1258 5326 xui.
1288 5275 1590 5345 δμοούσιος.

897 5473 1099 5528 ΔΛΛΟ.

285 5580 348 5634 Εἰ
378 5580 582 5652 ἤρξατο
604 5583 694 5658 τοῦ
729 5586 924 5653 γεννᾷν
945 5585 974 5636 0
1015 5586 1207 5657 Πατὴρ
1251 5589 1341 5641 τὸν
1367 5590 1514 5654 Υίὸν,
1557 5595 1792 5662 προσγέ-

287 5742 325 5771 ¹⁵
371 5741 521 5797 Deut.
562 5757 635 5809 vr,
679 5744 776 5808 l3;
810 5741 999 5798 Matth.
1033 5761 1108 5810 tv,
1145 5748 1227 5802 l0.
1313 5749 1352 5779 "
1385 5748 1543 5804 Hebr.
1575 5769 1610 5820 ι,
1650 5756 1700 5811 6.

1875 3243 2082 3313 angelis
2125 3256 2256 3296 vero
2309 3241 2541 3310 Spiritus
2581 3239 2736 3308 jubet
2769 3239 3000 3292 adorare
3042 3239 3260 3305 Filium,
3293 3240 3449 3311 juxta

1879 3333 2007 3387 illud
2040 3351 2054 3385 τ
2084 3350 2103 3383 ι
2141 3332 2368 3399 Quando
2403 3329 2676 3384 induxerit
2708 3329 3127 3397 primogenitum
3179 3329 3233 3383 in
3262 3331 3449 3384 orbem

1879 3435 2189 3488 terrarum,
2245 3422 2418 3476 dicit:
2454 3421 2518 3474 Et
2581 3421 2811 3474 adorent
2858 3435 2979 3474 eum
3033 3436 3223 3476 omnes
3275 3423 3452 3495 angeli

1877 3516 1971 3570 Dei
1996 3516 2078 3583 ης
2107 3533 2125 3565 ι
2187 3515 2328 3568 Deus
2366 3527 2495 3581 ergo
2540 3523 2624 3565 est
2676 3510 2845 3566 Filius
2880 3511 2971 3582 qui
3021 3513 3298 3567 adoratur.
3335 3514 3454 3580 Quo

1877 3616 2036 3675 pacto
2066 3604 2230 3675 igitur
2251 3604 2358 3657 erit
2395 3619 2499 3657 una
2533 3602 2730 3668 deitas,
2767 3603 2811 3656 si
2844 3617 2950 3656 non
2985 3612 3089 3667 est,
3115 3615 3172 3658 ut
3208 3618 3303 3660 vos
3336 3605 3455 3675 Opi-

1881 3697 2110 3762 natiiini,
2142 3694 2627 3750 consubstantialis
2656 3694 2842 3747 Patri?
2871 3694 2927 3748 Si
2961 3695 3106 3748 enim
3143 3696 3451 3750 distantiam

1879 3786 1993 3838 sive
2021 3782 2382 3837 diﬂ'erentiam
2424 3781 2588 3835 ullam
2627 3781 2788 3835 habet
2817 3781 3030 3836 ratione
3061 3785 3334 3848 essentia,
3369 3785 3452 3838 di-

1879 3891 2072 3930 versus
2103 3888 2239 3928 sane
2285 3873 2447 3928 fuerit
2480 3873 2622 3927 Deus
2652 3871 2823 3926 Filius
2853 3887 2882 3925 a
2922 3871 3034 3927 Deo
3067 3872 3250 3937 Patre,
3293 3885 3457 3944 atque

1883 3966 1954 4020 ita
2003 3966 2139 4018 duos
2162 3965 2302 4018 Deos
2339 3963 2674 4017 constituere
2726 3976 2946 4017 necesse
2979 3963 3083 4017 erit
3111 3981 3125 4017 :
3159 3964 3302 4032 quod
3333 3969 3455 4033 qui-

1881 4057 2001 4112 dem
2035 4055 2256 4125 impium
2293 4065 2395 4118 est,
2429 4063 2483 4109 et
2514 4053 2598 4109 vel
2625 4053 2738 4108 solo
2761 4055 2946 4108 auditu
2975 4055 3332 4110 exsecrabile.
3362 4056 3459 4109 At-

1882 4150 1972 4219 qui
2007 4163 2114 4202 una
2151 4156 2234 4202 est
2268 4147 2464 4210 deitas,
2502 4155 2664 4213 atque
2698 4147 2769 4200 ita
2812 4161 2981 4200 sacrae
3017 4145 3237 4201 Litterae
3266 4149 3458 4217 praedi-

1883 4248 2007 4292 cant
2039 4256 2053 4293 :
2085 4236 2564 4292 consubstantialis
2617 4239 2782 4308 igitur
2818 4247 2902 4293 est
2950 4237 3096 4294 Patri
3145 4239 3336 4296 Filius.
3383 4241 3458 4295 Ita

1885 4332 2030 4385 enim
2063 4329 2246 4384 unitas
2284 4329 2335 4383 in
2377 4328 2588 4385 Deitate
2619 4331 3051 4387 conservabitur.

2554 4442 2785 4499 ALIUD.

1962 4560 2018 4613 Si
2051 4560 2217 4630 cmpit
2247 4573 2508 4628 generare
2554 4558 2748 4613 Filium
2793 4557 2953 4613 Pater
2999 4568 3054 4614 et
3095 4558 3277 4623 desiit,
3306 4559 3459 4630 juxta

1890 4651 2134 4705 insanam
2166 4650 2372 4705 Christi
2403 4650 2636 4706 hostium
2680 4649 3010 4719 opinionem,
3043 4650 3291 4705 alteratio
3312 4666 3461 4722 qua:-

1891 4743 2014 4795 tlam
2046 4749 2097 4796 et
2131 4743 2364 4796 mutatio
2383 4741 2432 4796 ei
2462 4742 2680 4797 accidit.
2711 4741 2844 4796 Nam
2879 4743 3023 4813 quod
3061 4759 3168 4797 non
3216 4755 3335 4798 erat
3359 4760 3462 4796 an-

1892 4840 2108 4900 tequam
2139 4841 2448 4903 generaret,
2495 4834 2673 4888 factus
2717 4843 2796 4888 est
2831 4844 3118 4903 postquam
3159 4834 3458 4900 generavit.

1890 4924 2054 4993 Atqui
2092 4925 2136 4979 si
2165 4925 2421 4980 divinitas
2468 4925 2598 4980 nulli
2629 4926 2940 4980 alterationi
2977 4925 3333 4979 mutationive
3368 4924 3465 4977 ob-

1893 5016 2054 5068 noxia
2086 5025 2190 5081 est,
2240 5032 2347 5070 non
2387 5031 2520 5087 ergo
2551 5017 2719 5087 cmpit
2762 5030 3045 5088 generare,
3081 5029 3258 5084 neque
3299 5013 3463 5067 etiam

1893 5107 2093 5172 desiit,
2161 5110 2612 5178 quemadmodum
2670 5112 2756 5165 isti
2810 5111 3146 5178 opinantur,
3203 5107 3297 5160 sed
3348 5117 3467 5161 erat

1893 5197 2098 5265 absque
2139 5209 2383 5269 tempore
2421 5202 2474 5255 in
2507 5200 2689 5268 Patre,
2723 5200 3042 5256 saeculorum
3076 5207 3131 5252 et
3163 5205 3469 5267 temporum

1894 5287 2136 5340 omnium
2188 5289 2438 5343 conditor
2469 5289 2656 5344 Filius.
2705 5290 2840 5344 Cum
2871 5302 3001 5343 vero
3043 5297 3345 5343 coaeternus
3375 5286 3470 5350 sit,

1898 5376 2210 5432 necessario
2237 5378 2403 5433 etiam
2441 5380 2938 5436 eonsubstantialis.

2571 5495 2804 5553 ALIUD.

1973 5600 2028 5655 Si
2063 5602 2224 5660 Pater
2252 5608 2413 5678 coepit
2443 5625 2704 5679 generare
2738 5610 2957 5677 Filium,
2989 5609 3220 5666 accessit
3249 5605 3476 5663 omnino
