4144 6506
690 305 783 362 131

1676 301 1734 357 S.
1775 300 2046 358 CYRILLI
2089 302 2557 358 ALEXANDRINI
2598 303 2918 357 ARCHIEP.

3855 310 3972 358 152

689 424 793 476 hoc
840 415 905 471 ad
935 415 1225 471 essentiam
1254 412 1449 484 ipsms,
1477 422 1531 467 ct
1571 416 1712 483 quod
1760 417 1915 471 initio
1946 432 2051 471 non
2092 418 2249 472 hahe-

2362 435 2519 486 γονεν
2540 418 2645 487 ἀρα
2684 420 2750 489 τῇ
2777 417 2935 488 οὐσίᾳ
2964 416 3128 471 αὐτοῦ
3158 433 3335 481 τουτο,
3366 417 3461 472 καὶ
3494 416 3629 488 ὅπερ
3666 417 3771 470 οὐκ
3807 413 3968 489 εἶχεν

688 512 798 573 hat,
832 516 1019 577 postea
1056 506 1287 574 accepit.
1316 504 1469 572 Quod
1511 520 1636 561 vero
1681 507 2003 564 incrementi
2033 511 2261 580 alicujus

684 612 768 656 est
807 615 999 670 capax,
1032 598 1413 668 imperfectum
1450 600 1663 653 censeri
1711 601 1891 667 debet,
1934 618 2038 656 non
2078 612 2257 658 autem

683 695 1004 764 perfectum.
1045 693 1156 764 79
1200 693 1307 748 Sed
1367 694 1467 747 hoc
1516 692 1808 747 absurdum
1864 705 1987 749 est:
2022 697 2257 764 perlecta

681 788 826 841 enim
869 796 952 839 est
985 782 1167 839 Patris
1208 784 1469 838 essentia.
1504 782 1782 839 Generare
1828 784 1994 854 igitur
2024 801 2129 839 non
2162 785 2262 840 fuit

684 876 839 931 ineo
882 874 1272 938 accessorium,
1326 874 1420 929 sed
1479 873 1640 929 infuit
1689 875 1792 930 hoc
1836 877 1883 931 ei
1933 877 2000 932 ab
2033 886 2258 945 :eterno,

683 981 860 1035 neque
891 980 1126 1034 unquam
1161 979 1282 1019 esse
1318 965 1504 1035 coepit.
1545 964 1799 1020 Siautem
1834 982 1938 1020 non
1974 970 2140 1037 cmpit
2165 986 2259 1039 ge-

682 1074 901 1124 nerare,
923 1067 1225 1112 coaeternus
1260 1072 1389 1126 ergo
1415 1066 1499 1111 est
1539 1057 1686 1112 Patri
1720 1056 1892 1114 Filius
1918 1073 1984 1114 ex
2032 1060 2146 1129 ipso
2166 1075 2258 1128 ge-

685 1152 851 1205 nitus.
880 1150 942 1203 Et
973 1148 1426 1219 quemadmodum
1448 1190 1463 1210 .
1492 1148 1539 1203 si
1572 1148 1783 1203 initium
1828 1150 2120 1205 exsisteudi
2162 1152 2260 1206 ha-

684 1242 913 1305 buisset,
956 1257 1058 1297 non
1101 1250 1249 1294 esset
1290 1241 1772 1295 consubstantialis
1799 1241 1944 1296 Patri
1970 1258 1986 1295 :
2014 1243 2108 1308 ita,
2131 1243 2259 1312 quia

681 1348 789 1390 non
848 1332 1037 1386 habuit
1087 1332 1300 1386 initium
1352 1332 1406 1387 in
1459 1341 1738 1402 tempore,
1783 1334 2261 1390 consubstantialis

680 1423 905 1479 omnino
932 1425 1056 1480 erit.

1160 1512 1393 1581 ALIUD,
1436 1514 1774 1583 explicatius.

751 1648 1216 1715 Quemadmodum
1263 1651 1338 1705 illi
1379 1651 1468 1719 qui
1503 1651 1715 1705 veritati
1754 1658 2077 1720 repugnant,
2106 1650 2256 1721 prin-

2362 511 2418 563 ὲν
2442 510 2607 581 ἀρχῇ,
2636 509 2969 581 προσέλαϐεν
2993 509 3236 581 ὕστερον.
3255 510 3329 564 Τὸ
3346 510 3402 564 δὲ
3426 512 3744 583 προσθηκην
3770 510 3967 562 ἐπιδε-

2361 602 2588 672 χόμενόν
2633 620 2774 667 τινα,
2831 602 3017 665 ἀτελὲς
3046 601 3111 655 ἂν
3135 602 3242 672 εἴη,
3276 602 3369 655 καὶ
3413 603 3473 653 οὐ
3514 601 3739 657 τέλειον.
3788 598 3967 654 Ἀλλὰ

2360 692 2517 746 τοῦτο
2543 693 2742 747 ἄτοπον
2767 710 2780 724 ο
2815 693 2995 747 τελεία
3028 693 3137 764 γάρ
3174 696 3207 764 ή
3234 692 3327 747 τοῦ
3362 692 3574 762 Πατρὸς
3618 692 3802 746 οΰσία.
3839 693 3963 747 οὐκ

2361 785 2469 855 ἄρα
2498 785 2865 856 προσγέγονεν
2911 784 3047 855 αὐτῇ
3084 784 3144 838 τὸ
3176 785 3370 854 γεννᾷν
3393 825 3409 847 ,
3455 782 3570 836 ἀλλ’
3598 778 3665 853 ἦν
3711 784 3771 835 ὲν
3810 783 3960 851 αὐτῇ

2360 879 2519 931 τοῦτο
2546 879 2647 931 οὐκ
2680 878 3009 949 ἀρξάμενον.
3038 878 3101 929 Εἰ
3122 876 3179 930 δὲ
3208 877 3308 929 οὐκ
3332 875 3533 947 ἧρξατο
3573 876 3793 946 γεννᾷν,
3825 892 3959 927 συν-

2362 971 2529 1034 αἲδιος
2563 972 2673 1041 ἀρα
2695 971 2813 1023 ἐστὶ
2835 969 2913 1041 τῷ
2939 968 3118 1040 Ilasz
3140 969 3169 1022 ὁ
3197 968 3255 1033 ἐξ
3280 968 3443 1022 αὑτοῦ
3479 968 3761 1038 γεννηθεὶς
3792 968 3954 1030 Υἰός.

2360 1064 2473 1117 Καὶ
2495 1062 2682 1132 ὥσπερ
2707 1064 2755 1115 εἰ
2777 1062 2951 1133 ἀρχὴν
2975 1061 3099 1132 ἔσχε
3121 1060 3215 1115 τοῦ
3245 1058 3403 1125 εἶναι,
3434 1062 3533 1115 οὐκ
3556 1060 3620 1115 ἂν
3645 1057 3715 1132 ἦν
3743 1060 3953 1133 opem}-

2362 1173 2497 1219 σιος,
2523 1155 2697 1219 οὕτως
2721 1156 2843 1209 ἐπεὶ
2873 1155 2950 1227 μὴ
2980 1155 3136 1226 ἔσχεν
3158 1154 3334 1226 ἀρχὴν
3352 1153 3450 1224 τὴν
3477 1154 3533 1207 ὲν
3566 1154 3765 1225 χρόνῳ,
3787 1155 3951 1207 ἔσται

2362 1248 2579 1312 πάντως
2608 1247 2913 1319 ὁμοούσιος.

2802 1508 3009 1576 ΑΛΛΟ,
3041 1508 3497 1579 διηγηματικῶς.

2432 1636 2644 1711 ’Ὥσπερ
2673 1639 2721 1692 οἰ
2749 1641 2814 1711 τῇ
2843 1639 3073 1713 ἀληθείᾳ
3098 1640 3416 1711 μαχόμενοι,
3448 1637 3622 1712 ἀρχὴν
3662 1638 3757 1694 καὶ
3788 1640 3950 1703 τέλος

677 1741 874 1810 ι·ἰρὶυιη
898 1752 952 1795 et
978 1740 1138 1796 linem
1171 1744 1507 1812 generationi
1540 1743 1662 1798 Filii
1693 1745 2049 1808 ascribentes,
2082 1744 2249 1813 ipsum

2358 1730 2423 1799 τῇ
2447 1728 2539 1782 τοῦ
2566 1728 2695 1782 Υἰοῦ
2722 1730 2974 1801 γεννήσει
2992 1730 3382 1801 περιτιθέντες,
3408 1730 3760 1784 ἐκϐάλλουσιν
3778 1730 3949 1784 αὑτὸν

678 1834 747 1887 ab
806 1833 1165 1888 similitudine
1226 1850 1349 1889 cum
1408 1834 1570 1891 Patre
1623 1836 1955 1901 excludunt;
2014 1835 2087 1889 ita
2136 1848 2254 1897 nos,

676 1936 855 1991 neque
912 1923 1234 1993 principium
1278 1938 1453 1994 neque
1492 1925 1654 1979 linem
1708 1922 2075 1994 generationis
2136 1922 2255 1977 Filii

674 2022 1053 2080 agnoscentes,
1116 2014 1485 2068 omnimodam
1537 2014 1588 2068 ei
1654 2013 2070 2069 similitudinem
2133 2027 2256 2068 cum

676 2101 835 2158 Patre
879 2104 1185 2158 tribuimus.
1228 2104 1381 2170 Quod
1428 2119 1558 2160 vero
1597 2119 1695 2174 per
1734 2105 1916 2160 omnia
1947 2103 2125 2159 simile
2154 2112 2255 2170 est,

677 2194 1146 2249 cuusubstautiale
1169 2196 1332 2249 etiam
1359 2204 1459 2250 est.

840 2328 993 2394 Quod
1051 2327 1516 2383 cmtaubstantialis
1567 2328 1635 2381 sit
1688 2327 1866 2382 Filius
1926 2327 2098 2381 Patri.

1268 2420 1508 2489 Objectio
1532 2421 1687 2475 Aetii.

744 2534 865 2601 Quo
904 2543 1065 2604 pacto
1089 2533 1260 2603 possit
1289 2535 1519 2598 servari,
1557 2534 1754 2604 inquit,
1794 2534 2047 2589 identitas
2079 2546 2259 2588 essen-

676 2626 765 2681 tia:
803 2629 857 2679 in
905 2626 1068 2679 Patre
1119 2634 1173 2680 et
1215 2624 1376 2692 Filio,
1425 2628 1469 2681 si
1516 2624 1678 2682 Pater
1728 2627 1943 2695 quidem
1984 2626 2258 2693 ingenitus

672 2728 778 2783 est,
817 2718 987 2773 Filius
1031 2728 1214 2771 autem
1265 2718 1519 2789 genitus?
1558 2716 1940 2774 Necessarium
1993 2719 2135 2773 enim
2176 2726 2260 2770 est

674 2812 839 2881 plane
877 2810 1034 2863 lateri
1078 2808 1222 2862 nulla
1272 2825 1336 2864 ex
1367 2820 1521 2878 parte
1570 2809 1769 2864 similia
1801 2823 1925 2864 esse
1958 2808 2255 2877 ingenitum

671 2910 728 2954 et
753 2900 1019 2968 genitum.
1052 2898 1123 2953 At
1154 2899 1198 2953 si
1230 2899 1427 2953 similia
1464 2909 1612 2966 sunt,
1646 2900 1780 2954 nihil
1805 2899 2085 2954 obstiterit
2123 2913 2259 2968 quo-

671 2990 852 3042 minus
894 2996 951 3043 et
1003 2986 1223 3043 Patrem
1277 2988 1540 3058 genitura,
1600 2997 1656 3042 ct
1710 2987 1907 3043 Filium
1956 2987 2255 3057 ingenitum

670 3078 1003 3149 appellemus
1061 3078 1354 3147 omniaque
1379 3077 1802 3133 coul'uudamus.

1174 3188 1385 3244 Salutio
1428 3188 1759 3260 objectionis.

741 3308 843 3374 Qui
895 3308 1008 3361 haec
1058 3305 1130 3361 ita
1183 3305 1435 3375 imperite
1477 3303 1689 3372 objicit,
1736 3302 1973 3358 vicissim
2020 3317 2050 3357 a
2100 3302 2255 3358 nobis

669 3401 853 3456 audiet
884 3418 897 3453 :
928 3402 1046 3466 Quo
1088 3407 1247 3468 pacto
1286 3411 1394 3452 non
1443 3398 1615 3466 possit
1640 3397 1846 3451 servari
1882 3398 2133 3451 identitas
2166 3411 2252 3451 es-

668 3493 857 3548 sentia:
888 3494 941 3547 in
971 3493 1135 3546 Patre
1160 3499 1216 3545 et
1245 3489 1403 3552 Filio,
1435 3491 1479 3543 si
1510 3487 1679 3544 Filius
1717 3498 1801 3545 est
1829 3489 2006 3556 imago
2054 3487 2248 3552 Patris,

667 3594 723 3639 et
762 3585 816 3638 in
852 3584 1035 3654 seipso
1067 3580 1309 3635 ostendit
1344 3577 1596 3633 Patrem?
1624 3578 1965 3634 Manifestum
1994 3578 2139 3634 enim
2169 3587 2253 3634 est

668 3687 724 3734 et
753 3678 823 3732 ab
854 3676 1110 3731 omnibus
1142 3673 1467 3737 admissum,
1524 3673 1793 3727 neminem
1836 3672 1889 3726 in
1918 3672 2020 3725 alia
2057 3682 2249 3726 natura

667 3772 829 3826 aliam
867 3780 1135 3828 cernere;
1185 3779 1361 3834 neque
1402 3764 1688 3834 quisquam
1728 3765 1909 3819 dicere
1946 3765 2116 3833 possit
2153 3777 2247 3827 se,

669 3878 793 3919 cum
825 3876 1024 3929 equum
1059 3858 1273 3924 viderit,
1298 3857 1574 3913 hominum
1604 3856 1840 3926 aliquem
1870 3857 2087 3911 vidisse.
2114 3853 2246 3909 Nam

668 3955 723 4009 in
763 3955 830 4010 iis
859 3969 979 4023 qua:
1019 3953 1258 4023 ejusdem
1291 3960 1496 4005 natura:
1542 3959 1668 4003 sunt
1693 3949 1890 4003 similia
1925 3950 2088 4004 etiam
2128 3962 2247 4002 cer-

668 4057 903 4112 nuntur,
930 4060 1034 4098 non
1067 4044 1120 4097 in
1150 4042 1217 4098 iis
1259 4056 1382 4113 qua:
1425 4041 1569 4096 inter
1610 4055 1667 4095 se
1695 4040 1999 4107 dissident,
2036 4042 2246 4095 ratione

668 4138 814 4193 modi
856 4151 963 4205 quo
995 4135 1286 4190 exsistunt.
1318 4133 1375 4189 Si
1423 4148 1553 4203 ergo
1580 4132 1828 4201 Philippo
1870 4132 2106 4202 cupienti
2144 4130 2245 4185 Pa-

668 4244 805 4287 trem
856 4232 1041 4284 videre
1099 4227 1354 4284 Christus
1408 4226 1647 4295 scipsum
1703 4224 1956 4288 ostendit,
2016 4224 2240 4278 dicens:

670 4344 690 4378 ι
725 4325 825 4391 Qui
878 4324 1010 4378 vidit
1050 4337 1157 4388 me,
1188 4320 1326 4377 vidit
1372 4328 1428 4374 et
1472 4317 1690 4374 Patrem
1710 4316 1784 4384 ¹³;
1824 4336 1843 4369 ι
1893 4331 2113 4372 necesse
2159 4327 2242 4372 est

663 4414 888 4471 omnino
931 4424 989 4467 ut
1035 4412 1277 4481 ejusdem
1319 4410 1572 4466 essentia:
1601 4409 1844 4464 dicamus
1885 4423 2005 4463 esse
2044 4408 2238 4464 Filiqu

663 4523 789 4563 cum
826 4505 1008 4572 Patre,
1042 4514 1101 4559 ut
1142 4502 1516 4561 omnimodam
1555 4501 1840 4571 imaginem
1870 4512 1924 4556 et
1958 4503 2239 4557 characte-

666 4613 779 4653 rem
805 4613 915 4655 sute
948 4598 1010 4669 hy
1020 4607 1322 4668 postaseos.

1330 4706 1558 4763 ALIUD.

734 4824 1015 4888 Dominus,
1050 4822 1266 4877 etiamsi
1313 4822 1526 4892 genitus
1591 4822 1696 4905 sit,
1741 4824 1940 4892 passim
1997 4821 2236 4891 seipsum

660 4913 1185 4972 consubstantialem
1233 4914 1380 4968 Patri
1414 4928 1536 4969 esse
1578 4917 1778 4968 ducet:
1815 4913 2082 4982 siquidem
2130 4928 2239 4984 quo

661 5018 821 5078 pacto
849 5009 1085 5078 seipsum
1117 5006 1311 5062 Filium
1353 5023 1477 5063 esse
1513 5007 1684 5061 dicit?
1713 5006 1751 5060 E
1782 5008 2017 5070 diverso,
2056 5006 2238 5061 hostes

657 5102 861 5156 Christi
898 5100 1166 5156 imbecilla
1222 5116 1317 5154 sua
1376 5108 1681 5155 commenta
1722 5109 2079 5168 opponentes,
2123 5099 2237 5154 neri

659 5204 766 5241 non
815 5203 972 5258 posse
1010 5190 1161 5244 aiunt
1192 5190 1305 5260 80
1348 5198 1426 5256 ut,
1460 5204 1583 5243 cum
1622 5188 1693 5243 sit
1728 5190 1965 5257 genitus,
1998 5190 2237 5258 ejusdem

658 5277 911 5331 essentia:
961 5278 1034 5331 sit
1078 5294 1201 5333 cum
1254 5278 1415 5333 Patre
1461 5278 1552 5349 qui
1600 5289 1683 5333 est
1732 5279 2023 5349 ingenitus.
2072 5278 2236 5348 Atqui

658 5382 782 5420 cum
814 5367 1063 5424 Christus
1093 5370 1181 5424 illa
1212 5372 1278 5425 de
1314 5371 1493 5442 seipso
1522 5371 1688 5436 dicat,
1724 5372 1838 5426 ha'c
1870 5387 2004 5425 vero
2033 5369 2236 5426 Christi

658 5456 865 5522 hostes,
899 5460 1175 5529 quisnam,
1201 5462 1446 5527 obsecro,
1477 5477 1541 5517 eo
1573 5464 1858 5519 dementiae
1878 5464 2146 5535 pervenit,
2178 5471 2236 5517 ut

656 5562 878 5605 censeat
909 5552 1218 5610 hominibus
1252 5557 1429 5626 potius
1457 5557 1784 5615 credendum
1821 5571 1982 5627 quam
2010 5557 2143 5623 Deo.
2183 5566 2238 5611 ει

728 5725 949 5783 "Joau.
982 5744 1090 5795 XIV,
1122 5731 1175 5786 9.
1210 5712 1223 5715 ἡ

2360 1819 2459 1890 τῆς
2482 1821 2801 1892 ὁμοιότητος
2824 1821 2926 1892 τῆς
2955 1824 3090 1893 πρὸς
3115 1821 3207 1875 τὸν
3237 1821 3609 1892 Γέγεννηκότα
3626 1836 3641 1851 ⁸
3675 1821 3824 1875 οὕτω
3843 1822 3946 1876 καὶ

2361 1913 2522 1983 ἡμεῖς
2549 1911 2672 1964 οὔτε
2698 1913 2895 1983 ἀρχὴν,
2924 1912 3048 1967 οὕτε
3070 1912 3223 1976 τέλος
3260 1913 3389 1985 περὶ
3409 1913 3507 1985 τὴν
3540 1912 3631 1967 τοῦ
3665 1912 3801 1966 Υἰοῦ
3822 1915 3945 1981 γέν-

2359 2022 2513 2075 νησιν
2549 2004 2999 2076 παραδεχόμενοι,
3035 2005 3362 2077 εἰσφέρομεν
3390 2005 3552 2059 αὐτὸν
3577 2004 3656 2068 εἰς
3689 2004 3942 2075 ἀπαράλ-

2359 2095 2556 2150 λακτον
2592 2097 2884 2167 ὁμοιότητα
2912 2096 3007 2168 τὴν
3029 2097 3164 2168 πρὸς
3192 2095 3282 2149 τὸν
3310 2096 3550 2167 Πατέρα.
3580 2097 3652 2149 Τὸ
3676 2096 3733 2149 δὲ
3754 2096 3943 2165 ὅμοιον

2360 2188 2502 2241 κατά
2535 2190 2732 2253 πάντα,
2770 2190 2866 2243 καὶ
2890 2189 3193 2259 ὁμοούσιον.

2573 2328 2702 2380 ’Ὅτι
2751 2329 3075 2397 ὀμοούσιος
3130 2331 3164 2382 ὁ
3229 2328 3361 2393 Υιός
3399 2327 3479 2393 τῷ
3519 2328 3725 2396 Πατρί.

2674 2418 2974 2485 Πρότασις
3002 2419 3083 2484 ὡς
3113 2419 3181 2472 ἑκ
3208 2418 3328 2473 τῶν
3368 2419 3615 2473 Ἀετίου.

2431 2529 2542 2582 Καὶ
2569 2527 2687 2592 πῶς
2722 2527 2787 2581 ἂν
2818 2529 3055 2595 δύναιτο,
3108 2530 3264 2600 φησὶ,
3314 2530 3579 2602 ταυτότης
3606 2528 3800 2595 οὐσίας
3853 2529 3943 2583 ἐπὶ

2358 2637 2417 2673 τε
2449 2621 2662 2691 Πατρὸς
2716 2621 2811 2673 καὶ
2856 2620 2987 2674 Υἰοῦ
3045 2622 3335 2686 σώζεσθαι,
3374 2623 3427 2675 εῐ
3456 2639 3518 2690 γε
3558 2624 3585 2675 ό
3615 2621 3715 2691 μὲν
3748 2620 3945 2690 Πατὴρ

2358 2711 2651 2781 ἀγέννητός
2699 2712 2835 2775 ἐστι,
2890 2712 3147 2783 γεννητὸς
3193 2712 3249 2765 δὲ
3276 2713 3304 2763 ὁ
3345 2713 3506 2778 Υἱός;
3553 2712 3792 2782 Ἀνάγκη
3833 2712 3943 2781 γάρ

2360 2805 2511 2857 πᾶσα
2560 2804 2736 2871 λέγειν
2773 2805 2831 2857 ὲν
2869 2805 3044 2857 οὐδενί⁹
3089 2803 3486 2875 παραλλάττειν
3536 2802 3596 2855 τὸ
3643 2802 3942 2872 ἀγέννητον

2361 2895 2497 2964 πρὸς
2526 2895 2584 2947 τὸ
2617 2896 2894 2965 γεννητόν.
2921 2896 2983 2948 Εἰ
3013 2895 3069 2948 δὲ
3094 2894 3270 2959 τοῦτο,
3294 2894 3447 2949 οὐδὲν
3474 2894 3708 2947 κωλύσει
3738 2894 3835 2947 καὶ
3854 2896 3942 2947 τὸν

2358 2988 2577 3058 Πατέρα
2607 2989 2866 3059 γεννητὸν
2888 2984 3028 3041 εἶναι
3058 2986 3237 3055 λέγειν
3267 2987 3361 3041 καὶ¹
3394 2986 3485 3040 τὸν
3527 2986 3655 3039 Υἰὸν
3702 2987 3943 3056 ἀγέννη-

2281 3112 2325 3167 η
2357 3097 2469 3145 τον,
2501 3080 2595 3133 καὶ
2634 3080 2967 3150 συγκέχυται
2987 3080 3048 3131 τὸ
3079 3081 3206 3133 πᾶν.

2850 3191 3005 3259 Πρὸς
3030 3191 3217 3245 ταῦτα
3246 3195 3448 3259 λύσις.

2439 3308 2496 3359 Ὁ
2527 3305 2701 3359 ταῦτα
2734 3305 3037 3377 προτείνων
3080 3305 3310 3376 ἀμαθῶς
3330 3346 3345 3369 ,
3377 3306 3775 3360 ἀντακούσεται
3809 3309 3942 3378 παρ’

2353 3398 2511 3469 ἡμῶν
2531 3413 2544 3428 °
2584 3398 2696 3451 Καὶ
2730 3396 2847 3461 πῶς
2872 3396 2940 3451 ἂν
2970 3396 3187 3450 δύναιτο
3212 3396 3477 3467 ταυτότης
3497 3398 3685 3461 οὐσίας
3722 3398 3801 3469 μὴ
3830 3398 3937 3451 σὼο

2351 3493 2542 3558 {adﬂat
2585 3495 2678 3547 ὲπί
2731 3512 2791 3547 τε
2832 3494 3044 3565 Πατρδς
3080 3496 3174 3549 καὶ
3209 3496 3371 3561 Υἰοῦ,
3407 3496 3462 3549 εἰ
3487 3514 3551 3566 γε
3589 3499 3683 3551 τοῦ
3724 3501 3938 3569 Πατρὶς

2352 3585 2516 3639 εἰκών
2542 3586 2690 3639 ἐστιν
2719 3588 2748 3640 ὁ
2774 3587 2920 3651 Υἱὸς,
2943 3588 3038 3641 καὶ
3067 3589 3126 3640 ἐν
3156 3588 3336 3660 ἑαυτῷ
3354 3588 3594 3644 δείκνυσι
3632 3591 3726 3645 τὸν
3759 3593 3935 3645 Πατέ-

2355 3693 2453 3747 ρα;
2489 3676 2726 3747 Εὔδηλον
2752 3678 2861 3750 γὰρ
2893 3678 2956 3748 δή
2992 3678 3192 3732 πουθέν
3228 3681 3345 3732 ἐστι
3400 3680 3494 3732 καὶ
3530 3682 3698 3734 πᾶσιν
3746 3681 3935 3750 ὁμολο-

2350 3772 2447 3839 γοῦ
2457 3788 2636 3842 μενον,
2666 3769 2743 3831 ὡς
2769 3770 2944 3833 οὐδεὶς
2970 3771 3026 3823 ὲν
3064 3771 3230 3841 ἑτέρᾳ
3267 3770 3425 3839 φύσει
3464 3770 3562 3843 τὴν
3589 3772 3785 3842 ἑτέραν
3812 3772 3934 3839 ὅψε-

2349 3880 2439 3915 ται
2462 3880 2475 3893 -
2501 3862 2611 3915 οὐδ’
2638 3862 2705 3916 ἄν
2741 3878 2824 3925 τις
2874 3862 2985 3932 ἔχοι
3017 3861 3197 3930 λέγειν
3248 3862 3413 3915 ἵππον
3441 3862 3723 3933 ἑωρακὼς,
3763 3863 3852 3916 ὅτι
3867 3864 3929 3933 δή

2346 3969 2468 4006 τινα
2491 3952 2600 4005 τῶν
2627 3951 2931 4024 ἀνθρώπων
2949 3951 3223 4006 τεθέαται.
3256 3951 3345 4006 Ἐν
3366 3953 3475 4024 γὰρ
3504 3956 3617 4016 τοῖς
3634 3954 3932 4022 ὁμοφυέσιν

2347 4048 2380 4117 ἡ
2406 4046 2514 4100 τῶν
2542 4046 2746 4117 ὁμοίων
2769 4044 3067 4111 ἀπόδειξις,
3090 4045 3191 4098 οὐκ
3215 4045 3273 4098 ὲν
3297 4046 3411 4109 τοῖς
3447 4045 3689 4117 ἀλλήλων
3712 4046 3928 4117 διεστη-

2346 4139 2485 4202 κόσι,
2518 4139 2658 4193 κατά
2685 4138 2775 4193 τὸν
2795 4138 2889 4191 τοῦ
2913 4138 3033 4201 πῶς
3049 4134 3185 4191 εἶναι
3200 4138 3375 4206 λόγον.
3402 4139 3464 4191 Εἰ
3484 4140 3661 4193 τοίνυν
3679 4138 3927 4210 ζητοῦντι

2344 4230 2422 4301 τῷ
2449 4230 2701 4299 Φιλίππῳ
2754 4228 2847 4282 τὸν
2900 4228 3124 4299 Πατέρα
3178 4228 3328 4293 ἰδεῖν,
3352 4227 3546 4281 ἑαυτὸν
3599 4230 3927 4284 ἐπιδεικνύει

2344 4320 2599 4393 Χριστὸς,
2620 4320 2796 4389 λέγων
2814 4336 2826 4349 ·
2865 4338 2885 4372 t
2931 4320 2989 4373 '0
3023 4318 3284 4391 ἑωρακὼς
3303 4320 3421 4390 ἐμὲ,
3460 4319 3673 4391 ἑώρακε
3700 4320 3795 4374 τὸν
3815 4323 3925 4374 Πα-

2272 4449 2318 4506 D
2346 4414 2498 4484 τέρα,
2532 4431 2551 4464 ι
2582 4414 2796 4483 ἀνάγκη
2829 4413 2979 4466 πᾶσα
3011 4414 3110 4483 τῆς
3134 4412 3305 4485 αὐτῆς
3347 4412 3533 4476 οὐσίας
3566 4407 3705 4467 εἶναι
3748 4413 3923 4480 λέγειν

2346 4507 2439 4559 τὸν
2466 4505 2594 4558 Υἰὸν
2618 4506 2695 4576 τῷ
2718 4506 2914 4577 Πατρὶ,
2944 4505 3021 4569 ὡς
3054 4505 3468 4576 ἀπαράλλακτον
3492 4505 3677 4560 εἰκόνα
3704 4506 3800 4561 καὶ
3826 4522 3925 4576 χα-

2351 4601 2601 4671 ρακτῆρα
2621 4599 2722 4670 τῆς
2746 4598 3098 4663 ὑποστάσεως
3122 4598 3310 4654 αὐτοῦ.

3037 4711 3239 4763 ΔΛΛΟ.

2433 4824 2744 4894 Ὁμοούσιον
2772 4823 2961 4876 ἑαυτὸν
2990 4823 3117 4876 ὄντα
3143 4823 3221 4893 τῷ
3254 4824 3431 4895 Ilath
3461 4824 3727 4878 διδάσκων
3752 4828 3782 4879 ὁ
3811 4826 3927 4879 Κύ-

2352 4933 2463 4988 ριος
2492 4916 2683 4985 ὁρᾶται
2735 4914 3035 4984 πανταχοῦ,
3085 4914 3262 4969 καίτοι
3310 4916 3566 4986 γεννητὸς
3616 4917 3923 4989 ὑπάρχων·

2346 5011 2468 5063 ἐπεὶ
2493 5008 2611 5073 πῶς
2654 5006 2843 5061 ἑαυτὸν
2889 5006 3017 5060 Υἱὸν
3070 5002 3207 5061 εἶναί
3241 5009 3576 5081 φησι;Πρδς
3600 5008 3775 5063 ταῦτα
3826 5013 3926 5085 τὴν

2346 5100 2454 5154 ἀπὸ
2478 5099 2585 5152 τῶν
2601 5097 2817 5152 οἰκείων
2842 5097 3117 5168 λογισμῶν
3138 5099 3422 5153 ἀσθένειαν
3448 5100 3848 5169 ἀντεπάγοντες
3872 5104 3925 5153 οἰ

2342 5189 2721 5261 χριστομάχοι,
2760 5190 2837 5260 μὴ
2867 5188 3129 5242 δύνασθαί
3178 5206 3340 5259 φασιν
3369 5232 3385 5255 ,
3433 5191 3623 5263 ἐπειδὴ
3666 5191 3926 5261 γεννητός

2341 5283 2479 5345 ἐστι,
2506 5281 2607 5351 τῆς
2651 5281 2825 5351 αὐτῆς
2870 5280 3058 5344 οὐσίας
3096 5276 3237 5334 εἶναι
3274 5282 3353 5354 τῷ
3400 5284 3679 5354 ἀγεννήτῳ
3725 5284 3920 5354 Πατρί.

2354 5374 2567 5426 Ἐκεῖνα
2599 5371 2891 5443 τοιγαροῦν
2927 5373 3055 5443 περὶ
3093 5373 3287 5427 ἑαυτοῦ
3334 5375 3634 5444 φάσκοντος
3662 5374 3755 5427 τοῦ
3787 5375 3923 5445 Χρι-

2341 5463 2492 5528 στοῦ,
2527 5464 2699 5517 ταῦτα
2723 5463 2779 5516 δὲ
2814 5463 2920 5518 τῶν
2950 5465 3357 5536 χριστομάχων,
3382 5466 3467 5529 τίς
3498 5467 3575 5528 εἰς
3620 5456 3779 5518 τοῦτο
3810 5482 3923 5535 μω-

2342 5556 2461 5629 ρίας
2485 5556 2799 5629 ἐκϐήσεται,
2828 5558 2904 5621 ὡς
2945 5557 3152 5614 οἴεσθαι
3181 5558 3290 5612 δεῖν
3333 5555 3609 5628 ἀνθρώπῳ
3653 5555 3857 5625 μᾶλλον
3886 5554 3919 5625 ἦ
