4144 6508
272 328 374 385 133

1678 321 2123 380 TIlESAURUS.

3418 313 3514 370 l5!

267 444 388 513 θ..ᾦ
419 441 718 505 πιστεύειν,
749 442 841 495 καὶ
874 440 947 512 μὴ
979 439 1076 508 τὴν
1103 437 1276 507 «καλὴν
1315 436 1532 506 ἐκείνην
1575 437 1680 490 τῶν
1712 439 1847 491 ἀπο-

1953 454 2056 492 ιιοη
2087 436 2262 503 potius
2292 433 2437 487 illam
2469 431 2820 502 apostolicam
2855 430 3513 494 scntentiamexclament,

272 535 473 587 στόλων
513 531 847 601 φθέγγεσθαι
894 529 1096 599 φωνὴν,
1131 526 1308 596 λέγειν
1343 544 1400 579 τε
1441 528 1575 598 πρὸς
1597 529 1721 592 τοὺς
1750 531 1844 582 ἀν-

270 625 452 687 οσίους
485 624 815 693 αἱρετικούςο
870 641 886 672 ι
937 620 1258 690 Πειθαρχεῖν
1292 619 1373 671 δεῖ
1410 619 1526 688 Θεῴ
1577 620 1774 689 μᾶλλον
1811 621 1843 691 ἢ

271 713 614 784 ἁνθ,ρώποις;
651 731 669 764 ι
701 715 763 767 Εί
791 713 898 782 γὰρ
930 711 1177 764 ἁτονοῦσι
1202 712 1326 781 περὶ
1355 712 1452 781 τὴν
1466 714 1566 782 τῆς
1592 711 1846 783 ἀληθείας

277 805 615 872 κατάληψιν,
665 804 764 856 οὐκ
815 804 1061 872 ἀδικήσει
1109 801 1266 854 τοῦτο
1322 802 1625 872 προσούσης
1667 805 1846 865 αὐτοῖς

275 894 546 956 ἀϐουλίας.

952 1007 1155 1059 ΑΛΛΟ.

343 1110 708 1181 Γεγεννῆσθαι
747 1113 837 1166 τόν
886 1114 1013 1166 Υίὸν
1041 1115 1105 1167 ἐκ
1132 1116 1372 1185 Πατρὸς,
1407 1115 1500 1168 καὶ
1527 1115 1678 1169 αὐτοὶ
1713 1119 1846 1170 πάν-

271 1222 380 1268 τως
397 1205 742 1275 ὁμολογεῖτεο
778 1207 840 1258 οὐ
877 1206 986 1276 γὰρ
1017 1208 1093 1268 ὡς
1121 1206 1177 1259 ἓν
1227 1209 1333 1261 τῶν
1385 1208 1702 1277 ποιημάτων
1743 1208 1847 1272 ἔξω

276 1297 373 1366 τῆς
400 1297 587 1359 οὐσίας
615 1295 709 1349 τοῦ
732 1298 980 1359 τεκόντος
1008 1298 1270 1352 κείσεται.
1299 1299 1408 1350 Καὶ
1432 1300 1546 1361 πῶς
1569 1301 1667 1351 οὐκ
1696 1299 1846 1350 ἔσται

275 1385 355 1453 τῷ
381 1385 591 1438 τεκόντι
615 1387 833 1448 πάντως
857 1387 1159 1456 ὁμοούσιος,
1186 1389 1237 1440 εἴ
1267 1405 1330 1456 γε
1368 1389 1534 1452 ὅντως
1565 1390 1682 1441 ἐστὶ
1725 1390 1849 1456 γέν-

273 1489 446 1544 νημα,
502 1473 712 1545 καρπὸς
760 1473 948 1544 ὥσπερ
981 1491 1060 1536 τις
1105 1475 1330 1542 φυσικὸς
1367 1474 1456 1527 τοῦ
1492 1475 1847 1544 γεννήσαντος

277 1563 571 1632 ὐπὰρχων;
603 1564 664 1615 Εἰ
698 1562 795 1632 μὲν
817 1560 910 1616 οὖν
938 1563 1124 1616 τοῦτον
1164 1565 1307 1633 ἔχειν
1357 1564 1557 1617 δώσετε
1599 1567 1688 1618 τὸν
1719 1565 1845 1638 τρό-

277 1669 400 1716 πον,
433 1653 586 1705 ἔσται
614 1653 828 1716 πάντως
859 1654 954 1707 καὶ
981 1653 1262 1723 ὁμοούσιος
1280 1673 1296 1685 ·
1322 1656 1370 1707 εί
1403 1655 1457 1707 δὲ
1481 1657 1643 1726 μέχρι
1668 1655 1846 1708 διακό-

1951 526 2238 594 impiisque
2279 521 2550 576 hxretieis
2603 517 2858 585 objiciant
2913 536 2928 572 :
2977 537 2995 570 ι
3028 517 3259 574 Obedire
3307 528 3517 588 oportet

1949 617 2059 671 Deo
2101 615 2272 684 magis
2314 629 2473 682 quam
2506 611 2816 665 hominibus
2841 610 2942 662 "‘?
2971 629 2988 660 ι
3031 609 3085 662 Si
3112 611 3252 662 enim
3285 609 3336 662 in
3373 624 3518 663 com-

1949 703 2329 775 prehendenda
2371 703 2596 758 veritate
2635 702 2768 754 adeo
2805 709 3016 767 torpent
3051 710 3104 752 et
3144 698 3518 767 languescunt,

1950 798 2173 862 nullam,
2201 796 2414 864 Opinor,
2447 792 2696 860 injuriatn
2739 792 2925 846 inferri
2968 791 3068 844 sibi
3101 803 3518 858 conquerentur,

1949 905 2070 942 cum
2096 898 2246 942 tanta
2278 887 2475 942 mentis
2499 887 2742 940 caecitate
2770 885 3033 937 laborent.

2613 996 2839 1052 ALIUD.

2019 1112 2269 1166 Genitum
2296 1125 2416 1167 esse
2451 1109 2644 1163 Filium
2675 1125 2737 1162 ex
2777 1107 2957 1171 Patre,
2982 1124 3078 1161 vos
3106 1110 3266 1163 etiam
3301 1108 3520 1163 omnino

1951 1201 2186 1255 fatemini
2221 1219 2235 1253 :
2269 1217 2441 1270 neque
2465 1201 2608 1253 enim
2637 1199 2794 1251 veluti
2827 1215 2928 1250 una
2960 1210 3337 1253 creaturarum
3367 1208 3518 1252 extra

1948 1295 2237 1348 essentiam
2268 1293 2543 1348 Genitoris
2589 1291 2798 1359 pasitns
2826 1291 2949 1342 erit.
2985 1291 3101 1354 Quo
3141 1300 3298 1358 pacto
3341 1300 3518 1343 autem

1950 1402 2054 1439 non
2088 1388 2190 1440 erit
2233 1385 2285 1439 in
2320 1386 2630 1438 universum
2659 1382 3139 1438 consubstantialis
3173 1383 3440 1447 Genitori,
3473 1384 3517 1436 si

1950 1493 2136 1529 revera
2189 1488 2268 1530 est
2313 1477 2593 1544 genitnen,
2647 1490 2710 1528 ac
2765 1476 2926 1527 veluti
2989 1476 3248 1528 naturalis
3302 1475 3519 1545 quidam

1948 1567 2160 1622 fructus
2194 1567 2510 1622 Genitoris?
2540 1568 2594 1620 Si
2627 1583 2753 1620 vero
2780 1567 2880 1618 liac
2918 1569 3123 1620 ratione
3159 1567 3305 1620 illum
3343 1583 3399 1621 se
3427 1567 3522 1620 lia-

1948 1657 2074 1711 bere
2105 1659 2400 1711 conceditis
2424 1696 2438 1721 ,
2474 1658 2574 1711 erit
2608 1659 2846 1724 profectu
2891 1657 3052 1711 etiam
3088 1657 3521 1711 consubstantia-

275 1759 368 1794 νου
392 1743 576 1812 φωνῆς
605 1745 698 1796 καὶ
729 1746 1097 1816 προσηγορίας
1117 1745 1278 1815 ψιλῆς
1304 1748 1550 1817 γέννημα
1578 1746 1840 1810 καλεῖται,

1952 1747 2054 1814 lis;
2087 1759 2142 1800 at
2169 1749 2213 1802 si
2249 1750 2422 1802 solum
2462 1748 2765 1801 ministerio
2814 1749 2962 1801 vocis
3000 1748 3246 1815 nudaque
3287 1745 3520 1814 appella-

275 1835 516 1902 λεγέσθω
546 1836 754 1906 ποίημα
784 1838 910 1904 παρ’
944 1837 1117 1906 ὐμῶν,
1155 1837 1241 1890 ἵνα
1261 1837 1324 1908 δὴ
1368 1841 1462 1893 καὶ
1511 1839 1842 1910 σαφέστερον

274 1923 446 1993 δυσφη
456 1923 678 1993 μοῦντες
708 1925 990 1996 φαίνησθε.

957 2037 1159 2090 ΑΛΛΟ.

556 2149 650 2215 Ὠς
671 2149 739 2214 ἐξ
763 2151 1122 2216 ἀντιθέσεως
1151 2150 1270 2204 τῶν
1316 2150 1555 2205 Ἀετίου.

345 2260 411 2313 Ei
436 2261 729 2332 ἀμέριστος
767 2265 904 2326 ἐστι,
942 2266 1094 2334 φησι,
1145 2264 1244 2335 τὴν
1274 2266 1463 2320 οὐσίαν
1495 2269 1524 2319 ό
1561 2267 1713 2332 Θεὸς,
1746 2267 1846 2320 οὐκ

269 2353 460 2414 οὐσίας
498 2353 770 2406 διαστάσει
801 2355 860 2407 τὸ
889 2355 1146 2424 γεννηθὲν
1177 2357 1463 2428 ἐγεννήθη,
1492 2358 1604 2410 ἀλλ’
1639 2359 1846 2429 ὑπέστη

277 2445 402 2493 κατ’
427 2442 692 2506 ἐξουσίαν.
726 2445 832 2497 Καὶ
858 2445 973 2506 πῶς
1006 2445 1074 2497 ἂν
1119 2447 1204 2515 εἴη
1247 2447 1346 2515 τῆς
1388 2449 1558 2518 αὐτῆς
1591 2449 1775 2512 οὐσίας
1812 2453 1844 2518 ή

284 2535 560 2586 ὐποστᾶσα
592 2534 752 2604 φύσις
791 2535 925 2606 πρὸς
957 2536 1054 2606 τὴν
1078 2537 1463 2607 ὐποστήσασαν
1509 2539 1706 2604 αὐτόν;

757 2732 914 2797 Πρὸς
949 2732 1132 2784 ταῦτα
1157 2734 1359 2799 λύσις.

350 2842 423 2895 Τὸ
455 2841 595 2911 μέγα
645 2843 802 2896 τοῦτο
829 2845 924 2896 καὶ
949 2844 1106 2913 βαθὺ,
1139 2845 1392 2916 καθάπερ
1432 2847 1665 2913 οἴονται,
1698 2851 1849 2919 σόφι-

283 2955 413 3006 σμα,
448 2937 507 2989 τὸ
537 2938 616 3008 μὴ
653 2938 966 3008 μερίζεσθαι
1015 2939 1108 2992 τοῦ
1154 2939 1290 2992 Θεοῦ
1345 2942 1444 3010 τὴν
1475 2944 1685 3009 οὐσίαν,
1747 2945 1848 3015 τῆς

279 3029 448 3098 αὐτῆς
478 3030 660 3092 οὐσίας
692 3026 828 3082 εἶναι
851 3031 941 3083 τὸν
982 3031 1107 3083 Υἱὸν
1132 3031 1208 3102 τῷ
1243 3034 1435 3102 Πατρὶ,
1463 3035 1576 3098 πῶς
1607 3037 1705 3088 οὐκ
1726 3039 1847 3089 ἐπι-

1948 1839 2092 1892 tione
2129 1839 2377 1906 genimen
2415 1847 2660 1900 vocatur,
2695 1837 2900 1890 dicatur
2929 1841 3091 1889 etiam
3121 1853 3147 1888 a
3183 1835 3331 1888 vobis
3366 1850 3521 1888 crea-

1949 1937 2065 1982 tura
2109 1945 2248 1996 esse,
2283 1938 2340 1982 ut
2377 1927 2716 1983 manifestior
2747 1930 2816 1981 sit
2849 1937 3029 1980 vestra
3055 1925 3410 1993 blasphemia.

2622 2036 2854 2093 ALIUD.

2428 2154 2512 2207 Ea:
2549 2153 2840 2223 objectione
2883 2149 3033 2202 Aetii.

2017 2266 2074 2321 Si
2123 2264 2486 2330 indivisibilis,
2530 2265 2726 2333 inquit,
2771 2265 3066 2318 secundum
3112 2265 3402 2319 essentiam
3439 2272 3520 2317 est

1949 2359 2110 2421 Deus,
2140 2373 2243 2412 non
2284 2357 2537 2410 essentia:
2566 2357 2906 2424 separatione
2933 2357 3178 2421 genimen
3205 2365 3516 2425 generatum

1947 2457 2051 2513 est,
2082 2448 2173 2501 sed
2225 2447 2577 2500 constitutum
2625 2456 2707 2499 est
2765 2461 2828 2498 ex
2882 2446 3176 2499 voluntate.
3211 2447 3326 2512 Quo
3363 2457 3520 2515 pacto

1951 2549 2130 2591 autem
2155 2537 2399 2605 ejusdem
2438 2537 2685 2591 essentia!
2721 2551 2840 2590 esse
2869 2538 3040 2605 possit
3079 2545 3269 2590 natura
3315 2538 3519 2592 conati-

1954 2637 2067 2682 tuta
2095 2644 2221 2682 eum
2259 2642 2377 2680 eam
2409 2626 2814 2680 constituente?

2449 2740 2654 2794 Salutio
2707 2741 3028 2809 objectionis.

2023 2855 2213 2924 Ingens
2278 2853 2379 2906 hoc
2441 2867 2507 2904 ae
2561 2851 2912 2920 praeclarum,
2961 2860 3019 2905 ut
3070 2851 3404 2918 existimant,
3443 2869 3524 2906 so-

1950 2947 2183 3014 phisma,
2223 2959 2329 3013 quo
2364 2943 2620 3012 colligunt
2667 2957 2731 2996 ex
2779 2957 2842 2995 eo
2877 2945 3020 3011 quod
3065 2946 3306 3010 separari
3346 2945 3521 2996 divina

1951 3038 2186 3091 essentia
2223 3051 2327 3087 non
2359 3035 2551 3102 possit,
2591 3031 2830 3098 ejusdem
2878 3033 3128 3085 essentia:
3171 3047 3290 3087 esse
3329 3032 3523 3086 Filium

279 3120 466 3191 τρέψει
493 3123 640 3192 παρὰ
673 3125 784 3184 τοῖς
809 3121 983 3192 ὀρθῶς
1010 3124 1321 3194 δοκιμάζειν
1345 3127 1558 3180 είωθόσι
1579 3129 1645 3182 τὰ
1673 3133 1845 3200 πράγ-

1952 3143 2073 3182 cnm
2121 3126 2306 3188 Patre,
2343 3141 2451 3194 quo
2494 3134 2654 3192 pacto
2698 3139 2800 3175 non
2853 3125 3183 3176 concedatur
3231 3128 3297 3178 ab
3338 3125 3403 3178 iis
3434 3129 3523 3193 qni

284 3232 463 3284 ματα;
498 3216 816 3283 Λεγέτωσαν
850 3219 981 3286 ἡμῖν
1028 3219 1078 3270 oi.
1126 3218 1288 3271 δεινοὶ
1314 3221 1404 3272 καὶ
1445 3221 1718 3288 φιλαίτιοι.
1772 3225 1845 3274 Οὐ

281 3306 388 3376 γάρ
441 3305 737 3376 ἐπειδήπερ
785 3306 1077 3376 ἀμέριστός
1133 3311 1250 3360 ἐστι
1297 3311 1394 3378 τὴν
1427 3311 1663 3364 οὐσίανό
1696 3312 1846 3376 Θεὸς,

279 3397 366 3448 διὰ
389 3395 546 3448 τοῦτο
567 3396 773 3465 καὶτῆς
800 3398 1123 3466 γεννητικῆς
1144 3399 1423 3470 δυνάμεως
1449 3402 1651 3472 ἔρημος
1673 3403 1846 3468 ἐσται,

274 3485 402 3538 καθ’
435 3487 598 3555 ὑμᾶς.
641 3487 749 3539 Καὶ
787 3487 886 3539 οὐκ
921 3489 1192 3555 ἀπόδειξιν
1223 3490 1335 3561 ἔχει
1364 3493 1456 3544 τοῦ
1489 3496 1565 3563 μὴ
1593 3495 1849 3548 δύνασθαι

282 3577 471 3646 γεννᾷν
506 3576 688 3640 αὐτὸν,
712 3577 772 3630 τὸ
805 3578 1097 3648 ἀμέριστον
1138 3576 1278 3634 εἶναι
1309 3584 1449 3636 κατὰ
1489 3583 1588 3654 τὴν
1639 3586 1845 3640 οὐσίαν.

283 3667 342 3718 El
367 3667 423 3720 δὲ
458 3670 625 3738 τιμᾷν
649 3669 850 3723 οίονται
879 3671 968 3723 τὸν
997 3673 1150 3738 θεὸν,
1188 3673 1451 3738 σώζοντες
1484 3677 1582 3744 μὲν
1615 3679 1760 3749 αὐτῷ
1789 3679 1850 3731 τὸ

286 3757 600 3827 μερίζεσθαι
627 3760 914 3830 μηδαμῶς,
938 3762 1364 3833 ἀποστεροῦντες
1395 3765 1450 3819 δὲ
1477 3767 1570 3820 τοῦ
1592 3768 1848 3822 δύνασθαι

284 3850 496 3919 γεννᾷν,
528 3848 601 3912 ὡς
630 3851 718 3902 διὰ
763 3850 920 3904 τοῦτο
965 3855 1082 3906 κατ’
1123 3853 1370 3918 ἐξουσίαν
1410 3857 1713 3926 ὑποστῆσαι
1758 3860 1849 3912 τὸν

286 3938 430 3999 Υίδν,
463 3939 810 3991 ἁκουέτωσαν
840 3939 922 3992 ὅτι
967 3939 1100 3992 πολὺ
1133 3941 1322 4010 μεῖζον
1369 3942 1465 3994 καὶ
1500 3943 1716 3996 κάλλιον
1753 3945 1850 4013 τῆς

281 4028 402 4081 κατ’
427 4028 678 4092 ἐξουσίαν
703 4029 1081 4100 λαμπρότητος
1109 4031 1207 4100 τῆς
1238 4033 1474 4102 φυσικῆς
1505 4034 1780 4104 ἐνεργείας
1816 4037 1849 4104 ἠ

282 4121 458 4190 χάρις.
501 4119 942 4191 Ἀξιολογώτερον
964 4121 1073 4190 γὰρ
1101 4122 1163 4174 τὸ
1193 4123 1504 4196 ἀμερίστως
1529 4125 1735 4177 οῐεσθαι
1760 4125 1851 4177 τὸν

282 4210 415 4264 ιῖεδν
443 4213 636 4281 γεννᾷν
665 4211 725 4274 ἐξ
755 4211 916 4265 αὐτοῦ
952 4214 1175 4284 ἀρρήτῳ
1215 4214 1321 4267 τινὶ
1360 4216 1452 4268 καὶ
1484 4215 1852 4287 ἀκαταλήπτῳ

281 4303 486 4372 τρόπῳ,
515 4304 547 4374 ἢ
576 4304 663 4356 διὰ
686 4303 746 4356 τὸ
772 4304 845 4374 μὴ
867 4305 1202 4374 μερίζεσθαι,
1231 4306 1350 4361 καθ’
1378 4309 1540 4379 ὑμᾶς,
1569 4309 1704 4380 μηδὲ
1727 4327 1852 4378 γεν-

285 4396 382 4461 νᾷν
413 4394 633 4464 ίσχρειν.

969 4592 1171 4645 ΑΛΛΟ.

348 4700 418 4753 ‘El
451 4701 568 4754 κατ’
607 4702 875 4766 ἐξουσίαν,
905 4704 981 4768 ὥς
1011 4723 1168 4775 φατε,
1202 4706 1292 4760 τὸν
1323 4707 1450 4761 my
1491 4708 1797 4780 ὐπέστησεν
1825 4711 1853 4762 ὁ

279 4792 495 4862 Πατὴρ,
525 4793 792 4862 περιττῶς
822 4795 1065 4850 καλεῖται
1110 4796 1201 4850 καὶ
1251 4798 1394 4861 Υίός.
1430 4799 1502 4851 Τὸ
1527 4801 1634 4872 γὰρ
1662 4803 1760 4854 οὐκ
1787 4803 1852 4854 ἐκ

283 4885 382 4952 τῆς
410 4882 596 4945 οὐσίας
615 4883 708 4934 τοῦ
740 4884 950 4954 Πατρὸς
975 4887 1254 4956 προελθὸν,
1277 4890 1394 4952 πῶς
1423 4890 1489 4943 ἂν
1521 4890 1731 4959 λέγοιτο
1756 4893 1852 4944 καὶ

278 4975 311 5026 ὁ
349 4974 512 5038 Υἱόςς
547 4974 619 5025 Τὸ
645 4974 701 5026 δέ
729 4974 796 5027 ἐκ
816 4993 958 5037 τινος
989 4978 1129 5030 κατὰ
1163 4979 1323 5047 φύσιν
1349 4982 1629 5052 προελθὸν,
1651 4983 1848 5054 ἐπαληο

283 5062 542 5116 θεύουσαν
581 5063 694 5133 ἔχει
742 5067 837 5116 καὶ
868 5066 967 5135 τὴν
1008 5067 1100 5119 τοῦ
1135 5071 1471 5140 γεννήματος
1511 5074 1848 5143 ἐπωνυμίαν.

294 5153 591 5224 Ἐγεννήθη
622 5154 907 5225 τοιγαροῦν
947 5158 975 5208 ό
1009 5157 1156 5222 Υίὺς,
1179 5160 1458 5229 δμοούσιος
1488 5162 1595 5234 ἄρα
1623 5164 1699 5234 τῷ
1739 5166 1849 5216 Πα-

280 5246 390 5314 τρί.
422 5246 529 5298 Καὶ
561 5247 660 5315 μία
681 5247 788 5314 γὰρ
813 5249 926 5309 τοῖς
952 5251 1309 5319 γεννωμένοις
1338 5254 1472 5323 πρὸς
1495 5256 1561 5307 τὰ
1581 5255 1854 5322 γεννῶντα

283 5336 463 5401 φύσις.

961 5439 1163 5492 AAAO.

356 5538 418 5589 Εἰ
453 5539 698 5615 καθάπερ
741 5546 895 5618 ὑμεῖς
929 5549 1104 5604 οἴεσθε
1137 5549 1448 5614 πλανῶντές
1501 5568 1557 5602 τε
1594 5551 1688 5605 καὶ
1719 5551 1853 5604 πλα-

356 5698 557 5768 ”‘_Act.
588 5703 749 5772 v,2‘29.

1880 4447 1930 4507 D

1952 3228 2099 3270 recte
2131 3218 2196 3268 de
2225 3211 2682 3282 rebnsjndicant?
2708 3212 2777 3264 At
2811 3211 2992 3264 dicant
3023 3213 3178 3266 nobis
3204 3215 3526 3268 contentiosi

1953 3307 2061 3359 isti.
2093 3303 2207 3358 Non
2254 3305 2398 3358 enim
2432 3303 2556 3371 quia
2589 3301 2932 3356 indivisibilis
2966 3315 3049 3356 est
3093 3306 3390 3358 secundum
3433 3319 3526 3358 es-

1950 3397 2176 3452 sentiam
2211 3394 2373 3460 Deus,
2426 3395 2546 3446 ideo
2579 3393 2743 3446 etiam
2791 3395 3106 3462 generativa
3139 3394 3391 3450 facultate
3436 3413 3527 3450 ca-

1949 3500 2054 3554 ret,
2091 3489 2241 3558 juxta
2293 3499 2524 3540 vestram
2563 3486 2896 3553 Opinionem.
2938 3485 3125 3555 Neque
3177 3502 3360 3542 rursus
3399 3489 3526 3557 quia

1947 3579 2294 3636 indivisibilis
2350 3587 2432 3632 est
2482 3577 2774 3631 secundum
2831 3579 3164 3642 essentiam,
3222 3579 3528 3634 declaratur

1952 3685 2214 3740 generare
2251 3684 2353 3722 non
2387 3681 2565 3736 posse.
2605 3667 2672 3717 At
2702 3681 2830 3720 vero
2867 3668 2910 3721 si
2959 3683 3017 3722 se
3051 3667 3214 3722 Deum
3261 3671 3526 3726 honorare

1951 3763 2288 3823 exisdmant,
2335 3760 2631 3812 tribuentes
2681 3757 2752 3810 illi
2801 3758 2947 3826 quod
2982 3761 3144 3812 dividi
3188 3779 3290 3814 non
3332 3767 3524 3831 possit,

1953 3855 2045 3908 sed
2098 3851 2391 3923 generandi
2431 3849 2687 3904 facultate
2719 3853 3016 3917 privantes,
3057 3862 3110 3903 ιιι
3153 3867 3217 3906 ex
3259 3854 3358 3908 lioc
3391 3857 3527 3910 infe-

1955 3952 2075 3996 rant
2123 3942 2288 3996 Deum
2336 3955 2400 3993 ex
2450 3939 2727 3993 voluntate
2771 3940 3116 3993 constituisse
3165 3941 3376 4009 Filium,
3425 3946 3525 4000 hoc

1954 4044 2140 4088 contra
2197 4032 2418 4086 audiant
2465 4030 2622 4100 longe
2678 4030 2935 4100 majorem
2993 4035 3528 4106 praestantioremqne

1954 4125 2240 4196 splendore
2293 4122 2582 4176 voluntatis
2635 4136 2756 4176 esse
2816 4122 3078 4177 naturalis
3125 4126 3353 4180 actionis
3401 4143 3526 4195 gra-

1958 4218 2109 4272 tiam.
2149 4215 2368 4284 lﬁgnins
2393 4215 2536 4267 enim
2560 4223 2639 4267 est
2668 4215 2736 4266 ita
2762 4214 2982 4280 sentire,
3010 4213 3174 4269 Deum
3205 4217 3431 4271 indivise
3454 4235 3520 4273 ex

1955 4322 2012 4359 se
2040 4320 2324 4373 generare,
2354 4302 2608 4356 ineffabili
2641 4302 2873 4371 quodam
2904 4312 2959 4356 et
2989 4305 3522 4373 incomprehensibili

1959 4399 2139 4462 modo,
2171 4411 2354 4464 quam,
2389 4402 2447 4448 ut
2471 4408 2566 4448 vos
2599 4395 2917 4462 opinamini,
2941 4396 3066 4463 quia
3095 4398 3256 4450 dividi
3294 4408 3348 4452 et
3380 4414 3529 4467 sepa-

1963 4488 2068 4541 rari
2099 4501 2202 4541 non
2224 4495 2424 4556 potest,
2458 4501 2631 4554 neque
2659 4501 2919 4556 generare
2949 4502 3105 4555 posse

2561 4598 2666 4667 ει
2701 4597 2931 4652 ALIUD.

2031 4709 2086 4764 Si
2140 4709 2439 4774 voluntate,
2467 4716 2526 4762 ιιι
2555 4709 2754 4774 dicitis,
2781 4708 2978 4763 Filium
3033 4712 3313 4766 constituit
3346 4712 3525 4778 Pater,

1956 4812 2161 4856 temere
2221 4803 2383 4856 etiam
2425 4811 2646 4856 vocatur
2665 4798 2850 4855 Filius.
2878 4801 3030 4867 Quod
3057 4805 3198 4856 enim
3236 4819 3298 4858 ex
3345 4819 3529 4859 essen-

1961 4897 2028 4946 tia
2065 4893 2236 4948 Patris
2262 4909 2365 4948 non
2397 4891 2682 4962 processit,
2713 4909 2820 4961 quo
2849 4903 3006 4962 pacto
3031 4904 3256 4948 vocetur
3321 4894 3527 4949 Filius?

1957 4982 2107 5048 Quod
2147 4998 2275 5037 vero
2312 4997 2375 5035 ex
2411 4981 2591 5049 aliquo
2637 4983 2931 5035 secundum
2975 4995 3222 5034 naturam
3260 4987 3528 5053 procedit,

1963 5089 2144 5128 veram
2176 5075 2336 5128 etiam
2361 5073 2645 5140 genitninis
2684 5072 3092 5140 appellationem
3137 5073 3315 5126 liabet.
3363 5075 3528 5130 Geni-

1972 5175 2057 5220 tus
2081 5169 2265 5234 itaque
2288 5182 2406 5218 cum
2441 5167 2508 5217 sit
2545 5163 2740 5231 Filius,
2766 5161 3136 5216 coessentialis
3178 5165 3338 5217 etiam
3382 5165 3529 5222 Patri

1959 5268 2063 5311 est.
2101 5258 2212 5312 Una
2244 5258 2383 5310 enim
2425 5267 2507 5310 est
2549 5265 2744 5309 natura
2779 5253 3104 5323 gignentium
3138 5266 3392 5312 eteorum
3414 5276 3528 5328 qua:

1953 5350 2266 5418 gignuntur.

2621 5435 2846 5490 ALIUD.

2035 5551 2069 5606 S
2100 5590 2114 5615 ,
2152 5549 2612 5618 quemadmodum
2645 5566 2739 5626 vos
2769 5552 3004 5608 censetis
3033 5552 3149 5610 falsi
3178 5567 3228 5610 et
3256 5554 3521 5619 fallentes,
