4144 6514
240 384 342 445 137
1643 370 2085 429 THESAURUS.

3393 370 3497 424 153

237 503 347 558 τῶν
380 502 523 559 κατὰ
558 500 729 563 θέσιν,
783 498 1068 570 ὀμοούσιος
1116 499 1225 569 ἄρα
1275 497 1353 568 τῷ
1400 496 1517 550 κατ’
1570 493 1817 565 ἀλήθειαι

1931 486 2102 542 Filius
2141 492 2321 540 autem
2354 493 2438 539 est
2468 497 2531 538 es
2566 483 2633 539 iis
2654 482 2747 553 qui
2778 497 2905 540 vere
2933 484 3101 554 geniti
3136 493 3284 552 sunt,
3310 486 3493 558 longe-

240 595 424 660 αὐτὸν,
453 594 570 649 ἀλλ’
595 594 656 648 οὐ
690 591 858 656 θέσει,
888 592 1239 663 γεγεννηκότι
1269 589 1409 661 Θεῷ.

933 878 1119 932 ΑΛΛΟ

310 994 371 1046 Ei
422 992 482 1045 τὸ
516 989 789 1054 οὖσιωδῶς
834 987 1180 1061 γεννώμενον
1226 990 1555 1061 κληρονομεῖ
1589 988 1687 1059 τὴν
1729 986 1821 1041 τοῦ

235 1082 627 1153 γεγεννηκότος
650 1081 861 1148 οὐσίαν,
898 1080 1022 1151 ἔχον
1050 1079 1255 1149 ταύτην
1302 1082 1359 1134 ὲν
1389 1079 1588 1150 ἐαυτῷ,
1620 1079 1733 1149 ἔχει
1764 1078 1821 1132 δὲ

233 1177 413 1229 πάντα
439 1174 510 1228 τὰ
540 1174 635 1228 τοῦ
667 1172 881 1244 Πατρὸς
914 1174 943 1225 ό
980 1172 1145 1239 Υίὸς,
1186 1170 1461 1234 οὑσιωδῶς
1494 1171 1602 1242 ἄρα
1630 1171 1821 1241 γεγέν-

234 1281 393 1336 νηται

915 1374 1126 1429 ΑΛΛΟ.

304 1487 368 1539 Εἰ
418 1486 583 1557 μηδὲν
609 1486 721 1539 τῶν
760 1484 899 1556 μετὰ
926 1485 1019 1538 τὸν
1052 1484 1178 1537 Υἱὸν
1229 1486 1293 1538 ὲκ
1327 1485 1401 1555 μὴ
1436 1485 1606 1538 ὄντων
1634 1481 1822 1545 οὐσίας

231 1577 547 1649 ὑφίστησιν,
598 1577 860 1648 ὑφίστησι
908 1575 965 1630 δὲ
1012 1578 1042 1630 ό
1093 1576 1241 1645 Υίὸς,
1280 1578 1380 1631 οὑκ
1424 1578 1531 1649 ἄρα
1562 1576 1671 1629 τῶν
1707 1576 1823 1647 μετ’

231 1669 395 1722 αὐτὸν
446 1668 598 1721 ἔσται
633 1668 938 1740 συγγενὴς,
974 1666 1113 1722 ἀλλὰ
1153 1668 1232 1739 τῷ
1283 1670 1349 1723 ἐκ
1386 1670 1461 1739 μὴ
1500 1668 1670 1721 ὄντων
1713 1666 1817 1737 ὑφ-

232 1759 457 1813 ιστῶντι
486 1760 794 1830 ὁμοούσιος.
812 1758 895 1812 Τὰ
917 1758 1026 1831 γὰρ
1038 1760 1137 1829 τῆς
1166 1760 1337 1830 αὐτῆς
1366 1759 1648 1833 ἐνεργείας
1668 1758 1818 1821 ὄντα,

232 1852 327 1903 καὶ
350 1851 450 1921 τῆς
480 1851 650 1921 αὐτῆς
678 1849 865 1913 οὐσίας
896 1848 1297 1921 ὡμολόγηνται.

908 2051 1114 2105 ΔΛΛΟ.

300 2166 364 2220 Ei
396 2165 463 2220 τὰ
490 2166 591 2237 τῆς
631 2166 800 2237 αὐτῆς
841 2166 1125 2238 ἐνεργείας
1168 2164 1607 2236 ἀπαραλλάκτως
1637 2166 1819 2238 ὑπάρ-

228 2275 413 2329 χοντα,
465 2260 562 2313 καὶ
605 2262 705 2332 τῆς
735 2258 910 2324 αὐτῆς
939 2257 1127 2321 οὐσίας
1163 2258 1563 2330 ὡμολόγηνται,
1613 2257 1728 2312 ἔστι
1761 2259 1817 2312 δὲ

227 2350 329 2421 τῆς
360 2352 533 2422 αὐτῆς
574 2350 653 2421 τῷ
685 2350 863 2422 Πατιώ⁵
911 2348 1195 2421 ἐνεργείας
1235 2350 1265 2402 δ
1313 2348 1461 2413 Υἱὸς,
1505 2349 1685 2404 πάντα
1718 2350 1820 2404 ὅσα

231 2446 380 2495 ποιεῖ
403 2444 497 2495 καὶ
530 2443 691 2507 αὐτὸς
722 2442 925 2513 ὁμοίως
960 2440 1157 2505 ποιῶν,
1185 2440 1635 2512 ὁμολογουμένως
1667 2440 1819 2497 ἔσται

232 2534 330 2588 κα1⁵
368 2535 468 2603 τῆς
517 2535 687 2605 αὐτῆς
715 2535 940 2600 οὐσίας,
985 2533 1075 2588 διὰ
1121 2532 1181 2587 τὸ
1216 2532 1311 2586 καὶ
1351 2531 1447 2601 τῆς
1478 2531 1648 2603 αὐτῆς
1681 2527 1820 2586 εἶναι

232 2626 321 2678 ὲνε
331 2627 540 2696 ργείας.

915 2742 1118 2796 ΑΛΛΟ.

307 2855 369 2906 Ei
401 2852 560 2922 φύσει
587 2853 720 2917 Θεός
749 2854 897 2907 ἐστιν
928 2854 957 2906 ό
983 2852 1195 2922 Πατὴρ,
1224 2851 1343 2904 ἀλλ’
1366 2851 1428 2904 οὐ
1459 2855 1684 2922 μετοχῇ,
1705 2851 1820 2905 ἔστι

231 2943 290 2996 δὲ
324 2943 484 3013 φύσει
508 2942 640 3007 Θεὸς
686 2945 779 2997 καὶ
809 2946 837 2997 ό
874 2942 1021 3006 Υἱός.
1059 2943 1232 3014 Εἷπερ
1260 2941 1369 2995 τῶν
1409 2942 1550 2997 κατὰ
1584 2944 1818 3014 μετοχὴν

233 3035 528 3107 ὑπερέχει,
578 3035 677 3107 τῆς
705 3035 875 3108 αὐτῆς
904 3035 1015 3108 ἄρα
1065 3032 1280 3104 φύσεως
1312 3032 1463 3090 ἐσται
1506 3034 1584 3107 τῷ
1615 3035 1813 3106 Πατρὶ,

232 3125 353 3183 ἀλλ’
380 3127 439 3180 οὐ
470 3129 581 3191 τοῖς
609 3126 752 3181 κατὰ
786 3127 1043 3201 μετοχήν.

907 3324 1109 3381 AAAO.

303 3458 367 3513 Ei
402 3458 637 3529 μετοχῇ,
668 3442 791 3509 ἀλλ”
823 3456 884 3509 οὐ
917 3455 1099 3526 φύσει,
1129 3457 1262 3521 Θεὸς
1299 3458 1329 3512 ό
1360 3457 1506 3523 Υἱὸς,
1536 3456 1721 3510 πολλοὶ
1757 3457 1813 3510 δὲ

228 3552 286 3605 οἱ
334 3549 477 3604 κατὰ
533 3548 769 3619 μετοχὴν
819 3548 931 3602 θεοὶ
951 3589 966 3614 ,
1018 3549 1171 3602 οὐδὲν
1211 3549 1320 3620 ἄρα
1363 3548 1647 3613 πλεονάζει
1706 3547 1814 3600 τῶν

231 3640 449 3695 πολλῶν
477 3640 557 3701 εἰς
586 3638 861 3709 ὑπεροχὴν
887 3638 1097 3701 οὐσίας,
1129 3638 1192 3691 Εἰ
1224 3638 1279 3692 δὲ
1305 3638 1380 3709 μὴ
1408 3638 1561 3692 ἔσται
1589 3639 1809 3709 μετοχῇ.

229 3733 318 3785 ὅτι
348 3732 454 3783 τῶν
480 3728 622 3781 κατὰ
650 3728 887 3800 μετοχὴν
914 3730 1076 3793 αὐτός
1101 3731 1216 3783 ἐστι
1244 3729 1493 3801 ποιητὴς,
1524 3731 1622 3800 τῆς
1644 3728 1815 3798 αὐτῆς

233 3826 347 3897 ἄρα
393 3822 608 3893 φύσεως
658 3818 810 3875 ἔσται
859 3820 938 3892 τῷ
998 3822 1198 3893 Ila-cpi,
1245 3820 1360 3874 ἀλλ’
1404 3820 1466 3873 οὐ
1511 3822 1621 3882 τοῖς
1672 3818 1815 3872 κατὰ

240 3917 492 3991 μετοχὴν.

908 4023 1114 4078 AAAO.

308 4145 371 4199 Ei
412 4145 564 4198 πᾶσα
595 4141 751 4197 οὐσία
791 4135 1005 4207 λογικὴ,
1036 4135 1098 4188 οὗ
1148 4132 1298 4205 μόνῳ
1341 4131 1421 4204 τῷ
1453 4131 1651 4201 θέλειν,
1678 4132 1817 4186 ἀλλὰ

235 4237 334 4291 καὶ
361 4236 442 4305 τῷ
474 4235 718 4304 ἐνεργεῖν
744 4229 837 4285 καὶ
878 4228 1110 4298 πάσχειν
1146 4225 1491 4297 δημιουργεῖ,
1528 4223 1663 4295 μόνη
1696 4223 1755 4278 δὲ
1779 4226 1813 4296 ἡ

233 4326 535 4399 ἀγέννητὸς
568 4323 729 4378 οὐσία
750 4320 829 4393 τῷ
854 4320 1031 4375 θέλειν
1056 4318 1152 4374 καὶ
1184 4317 1259 4389 μὴ
1288 4316 1540 4388 πάσχειν,
1564 4316 1734 4372 θέλων
1758 4317 1815 4371 δὲ

232 4421 332 4475 καὶ
372 4419 447 4490 μὴ
490 4417 716 4487 πάσχων
748 4412 1127 4484 δημιουργεῖὸ
1160 4408 1309 4474 Υἱὸς,
1346 4408 1446 4479 τῆς
1489 4409 1549 4462 ὲν
1594 4407 1813 4479 θελήσει

1923 592 2028 647 que
2046 575 2388 648 praestantior
2405 589 2568 645 quam
2587 575 2677 645 qui
2702 574 3025 643 adoptione;
3053 577 3493 632 consubstantia-

1922 670 1991 724 lis
2010 670 2193 739 itaque
2213 676 2296 724 est
2328 666 2441 723 Deo
2470 668 2562 737 qui
2590 681 2713 722 eum
2746 681 2851 723 non
2873 667 3182 737 adoptione,
3218 672 3315 724 sed
3371 686 3498 726 vero

1922 774 1989 815 ac
2012 759 2337 816 naturaliter
2362 760 2570 831 genuit.

2588 870 2822 930 ALIUD.

1999 987 2057 1041 Si
2096 987 2239 1057 quod
2262 984 2693 1042 substantialiter
2719 985 2960 1057 genitum
2991 994 3095 1051 est,
3120 988 3384 1057 genitoris
3413 1006 3503 1046 es-

1926 1079 2153 1134 sentiam
2182 1078 2442 1149 possidet,
2464 1077 2669 1134 habens
2703 1092 2823 1134 eam
2848 1078 2901 1132 in
2927 1079 3020 1144 sef:
3039 1078 3205 1133 Filius
3227 1094 3357 1133 vero
3377 1094 3502 1150 pos-

1925 1169 2067 1225 sidet
2094 1168 2278 1225 omnia
2302 1184 2420 1241 qua
2442 1169 2623 1225 Patris
2659 1176 2827 1237 sunt;
2864 1169 3229 1227 essentialiter
3258 1185 3390 1242 ergo
3408 1184 3502 1241 ge-

1926 1259 2071 1315 nitus
2097 1268 2204 1315 est.

2590 1370 2823 1429 ALIUD.

2001 1479 2058 1536 Si
2094 1495 2253 1539 nemo
2282 1488 2401 1550 post
2429 1478 2628 1533 Filium
2662 1493 2726 1533 ex
2760 1479 2932 1533 nihilo
2980 1477 3315 1535 substantias
3375 1496 3501 1550 pro-

1928 1572 2097 1639 ducit,
2131 1572 2383 1642 producit
2410 1581 2591 1626 autem
2619 1569 2829 1626 Filius:
2862 1586 2967 1626 non
3002 1571 3168 1642 igitur
3192 1572 3299 1627 erit
3351 1573 3501 1643 ejus«

1928 1664 2049 1719 dem
2077 1664 2297 1734 generis
2334 1678 2457 1719 cum
2483 1663 2549 1718 iis
2584 1662 2677 1732 qui
2708 1671 2832 1733 post
2865 1663 3038 1734 ipsum
3063 1672 3211 1730 sunt,
3270 1665 3363 1720 sed
3423 1666 3500 1720 illi

1928 1753 2019 1824 qui
2057 1770 2122 1810 ex
2151 1754 2321 1810 nihilo
2352 1754 2605 1823 producit
2635 1754 3143 1809 eonsubstantialis.
3169 1754 3299 1821 Quae
3355 1758 3501 1810 enim

1849 1825 1895 1886 Β
1920 1846 2162 1916 ejusdem
2185 1846 2412 1902 actionis
2432 1845 2872 1916 operationisque
2903 1853 3048 1914 sunt,
3068 1846 3307 1916 ejusdem
3336 1848 3501 1902 etiam

1922 1947 2048 1993 sunt
2074 1938 2411 1995 substantiae.

2592 2048 2824 2108 ALIUD.

1992 2160 2051 2216 Si
2085 2175 2204 2232 quae
2232 2160 2473 2230 ejusdem
2494 2174 2717 2230 prorsus
2767 2159 2999 2217 actionis
3054 2160 3504 2231 operationisque

1923 2262 2067 2321 sunt,
2099 2254 2344 2327 ejusdem
2363 2261 2417 2309 et
2448 2253 2765 2309 substantiae
2798 2263 2944 2322 sunt,
2978 2260 3033 2309 et
3064 2253 3237 2309 Filius
3257 2253 3499 2322 ejusdem

1923 2354 2009 2401 est
2026 2360 2145 2401 cum
2175 2344 2334 2401 Patre
2352 2345 2605 2410 actionis,
2642 2345 2823 2400 omnia
2844 2361 2965 2416 qua:
2999 2345 3127 2401 facit
3148 2345 3311 2401 Pater
3342 2348 3499 2402 simi-

1925 2434 2049 2491 liter
2075 2445 2130 2490 et
2157 2437 2271 2505 ipse
2290 2436 2639 2501 faciens,erit
2662 2447 2810 2493 certe
2841 2439 3002 2493 etiam
3036 2440 3279 2511 ejusdem
3312 2454 3498 2495 essen-

1929 2526 2033 2591 tize,
2064 2526 2182 2581 ideo
2204 2527 2343 2595 quod
2367 2528 2604 2596 ejusdem
2635 2530 2708 2583 sit
2737 2531 3087 2587 ooerationis.

2605 2725 2831 2782 ALIUD.

1996 2840 2054 2895 Si
2079 2842 2238 2898 Pater
2262 2853 2344 2899 est
2361 2842 2683 2897 naturaliter
2713 2840 2877 2907 Deus,
2902 2857 3005 2897 non
3044 2854 3225 2900 autem
3277 2848 3502 2915 partici-

1926 2932 2161 2999 patione,
2189 2945 2276 2988 est
2301 2949 2428 2990 vero
2451 2935 2615 2988 etiam
2640 2932 2812 2988 Filius
2841 2935 3160 2989 naturaliter
3194 2936 3357 2993 Deus.
3425 2939 3502 2993 At

1924 3022 1969 3076 si
2004 3021 2071 3077 iis
2095 3023 2185 3092 qui
2206 3024 2620 3093 participatione
2650 3025 2723 3079 dii
2750 3025 2881 3081 ﬁunt
2906 3025 3063 3097 longe
3093 3036 3177 3085 est
3210 3021 3495 3100 superior:

1844 3154 1889 3212 Ο
1922 3114 2164 3184 ejusdem
2192 3130 2321 3185 ergo
2348 3125 2556 3171 naturae
2610 3114 2714 3171 erit
2743 3130 2863 3172 cum
2911 3115 3091 3185 Patre,
3151 3136 3258 3176 non
3317 3132 3498 3179 autem

1925 3220 2045 3257 cunt
2080 3205 2144 3258 iis
2174 3205 2264 3275 qui
2314 3205 2658 3275 participant.

2604 3318 2835 3375 ALIUD.

1996 3449 2051 3503 Si
2088 3450 2518 3519 participatione,
2550 3465 2655 3506 non
2721 3460 2900 3507 autem
2947 3461 3161 3517 natura,
3205 3454 3316 3525 83
3353 3454 3497 3512 Deus

1923 3549 2004 3595 est
2063 3539 2254 3607 Filius,
2290 3541 2444 3595 multi
2479 3555 2609 3596 vero
2637 3549 2763 3595 sunt
2791 3540 3208 3611 participatione
3233 3545 3327 3609 dii,
3361 3545 3494 3598 nihil

1924 3633 2108 3702 itaque
2127 3633 2388 3704 dignitate
2406 3633 2659 3689 essentia:
2686 3632 2808 3687 aliis
2825 3635 3114 3695 antecellit.
3149 3634 3204 3689 Si
3224 3649 3351 3690 vero
3386 3650 3493 3691 nan

1923 3724 2336 3793 participatione
2363 3725 2499 3795 (ipse
2520 3724 2664 3779 enim
2697 3733 2778 3778 est
2800 3724 3040 3778 omnium
3065 3724 3495 3796 quiparticipant

1922 3816 2440 3886 creator),ejusdem
2473 3816 2637 3885 igitur
2660 3817 2766 3872 erit
2791 3826 2999 3873 natum
3031 3835 3151 3873 cum
3183 3819 3361 3883 Patre,
3388 3837 3493 3878 non

1923 3921 2044 3962 cum
2075 3907 2143 3962 iis
2176 3910 2268 3977 qui
2291 3907 2617 3977 participant

2518 4064 2521 4067 λ
2593 4018 2825 4075 ALIUD.

1997 4133 2054 4189 Si
2083 4132 2262 4189 omnis
2287 4134 2522 4187 essentia
2557 4133 2853 4198 rationalis,
2886 4149 2992 4189 non
3040 4134 3317 4192 voluntate
3349 4139 3493 4207 sola,

1925 4226 2019 4282 sed
2048 4225 2258 4296 agendo
2277 4232 2334 4280 et
2361 4224 2615 4295 patiendo
2638 4233 2896 4295 operatur
2930 4241 2944 4278 :
2973 4226 3085 4281 sola
3118 4236 3296 4283 autem
3343 4229 3495 4300 inge-

1924 4319 2037 4375 nita
2070 4318 2307 4375 essentia
2342 4317 2572 4373 valendo
2604 4325 2659 4373 et
2680 4332 2787 4373 non
2813 4318 3063 4388 patiendo
3098 4332 3115 4375 ξ
3150 4322 3337 4377 volens
3362 4337 3490 4377 vero

1924 4423 1979 4468 et
2008 4427 2112 4468 non
2144 4411 2355 4482 patiens
2395 4419 2654 4482 operatur
2694 4410 2897 4480 Filius;
2930 4411 3049 4483 ejus
3079 4428 3207 4485 ergo
3247 4417 3496 4470 essentia:

236 4513 379 4584 μόνῃ
411 4506 853 4580 δημιουργούσης
899 4502 1089 4566 οὐσίας
1136 4500 1310 4568 ἐστὶν,
1361 4498 1477 4554 ἀλλ’
1504 4500 1565 4553 οὐ
1591 4498 1692 4569 τῆς
1728 4500 1817 4553 ὲν-

1925 4513 2144 4575 estquae
2174 4502 2450 4560 voluntate
2488 4502 2605 4559 sola
2651 4512 2930 4573 operatur,
2988 4519 3093 4559 non
3147 4518 3242 4576 per
3286 4506 3495 4575 passio.

232 4601 506 4673 εργούσης
532 4596 673 4653 κατὰ
701 4596 898 4660 πάθος.

911 4708 998 4760 AA
1006 4706 1115 4760 ΛΟ.

308 4831 370 4883 El
409 4829 516 4881 πᾶν
561 4827 623 4879 τὸ
663 4824 934 4895 γεννῆσαν
973 4820 1034 4876 οὐ
1078 4817 1253 4882 νόθον,
1304 4814 1592 4888 ὁμοούσιον
1638 4815 1817 4891 ἑασῷ

231 4921 554 4991 γεγέννηκε,
587 4917 887 4987 γεγέννηκε
932 4914 988 4967 δὲ
1031 4915 1059 4966 ό
1088 4910 1220 4975 Θεὸς
1250 4909 1340 4964 τὸν
1368 4908 1649 4980 Μονογενῆ
1668 4948 1683 4971 ,
1717 4909 1816 4963 οὐκ

236 5011 370 5063 ὄντα
395 5010 569 5075 νόθον,
613 5008 898 5078 ὁμοοὺσιον
929 5003 1036 5073 ἄρα
1077 5000 1253 5072 ἐαυτῷ
1278 4998 1627 5070 γεγέννηκεν.
1661 4997 1724 5051 El
1759 4996 1815 5049 δὲ

234 5100 405 5166 γεννᾷ
459 5098 581 5169 μὲν,
615 5097 767 5152 νόθον
802 5096 856 5149 δὲ
884 5094 1151 5165 γεννήσας
1184 5094 1246 5146 οὐ
1277 5091 1593 5163 γεγέννηκε.
1622 5091 1818 5162 Χεῖρον

237 5191 351 5262 γὰρ
378 5190 439 5243 τὸ
469 5190 620 5261 παρὰ
652 5187 814 5259 φύσιν
838 5185 934 5241 τοῦ
968 5184 1211 5256 μηδόλως
1239 5182 1622 5254 γεγεννῆσθαι.

909 5392 1112 5446 AAAO.

313 5508 378 5566 Ei
424 5510 514 5564 τὸν
563 5510 840 5581 Μονογενῆ
913 5507 1181 5578 γεννήσας
1229 5506 1258 5558 ὁ
1313 5503 1446 5569 Θεὸς
1492 5504 1588 5557 καὶ
1630 5504 1820 5575 Πατὴρ

233 5606 565 5679 κρειττόνως
604 5604 761 5674 ἡμῶν
816 5601 1115 5672 γεγέννηκε
1141 5640 1155 5663 ,
1206 5598 1503 5666 γεννῶντες
1553 5596 1609 5650 δὲ
1657 5599 1821 5668 ἡμεῖς

232 5694 670 5765 προῦπάρχομεν
698 5693 806 5745 τῶν
834 5692 1273 5761 γεγεννημένων,
1302 5691 1436 5756 Θεὸς
1478 5692 1585 5763 ἄρα
1614 5694 1821 5761 γεννῶν

231 5789 300 5841 οὐ
362 5784 727 5857 ποοῦπάρχει.
782 5785 844 5837 Ei
891 5785 949 5838 δὲ
1003 5784 1267 5848 ὡσαύτως
1312 5786 1441 5857 ἡμῖν
1491 5785 1819 5857 γεγέννηκεν

558 5880 827 5941 PATROL.
874 5882 988 5942 Gn.
1040 5881 1263 5941 LXXV.

1920 4611 2065 4653 nem.

2580 4706 2813 4764 ALIUD.

1993 4821 2048 4877 Si
2077 4822 2338 4894 quidquid
2366 4825 2553 4895 genuit
2578 4840 2684 4880 non
2724 4823 2993 4894 spurium,
3030 4823 3497 4880 cousuostautrale

1921 4913 2025 4970 sibi
2051 4915 2151 4985 ipsi
2184 4916 2386 4984 genuit,
2412 4915 2553 4972 Deus
2575 4924 2754 4970 autem
2781 4914 2966 4984 genuit
2994 4914 3361 4984 linigenitum,
3386 4928 3493 4967 non

1922 5009 2203 5077 spurium;
2234 5022 2362 5079 ergo
2383 5006 2895 5063 consubstantialem
2925 5006 3025 5060 sibi
3050 5007 3255 5075 genuit.
3286 5004 3343 5059 Si
3371 5003 3496 5074 qui-

1922 5099 2048 5156 dem
2076 5100 2268 5170 gignit,
2297 5100 2390 5154 sed
2421 5102 2664 5169 spuriutn
2695 5098 3049 5169 gignensnon
3077 5095 3279 5165 genuit.
3338 5094 3496 5163 Pejus

1922 5194 2068 5249 enim
2099 5202 2180 5247 est
2215 5201 2411 5262 praeter
2441 5201 2688 5246 naturam
2716 5204 2858 5255 esse,
2895 5205 3056 5257 quam
3104 5189 3155 5241 in
3183 5186 3495 5242 universum

1925 5283 2167 5352 genitum
2198 5295 2302 5335 non
2329 5295 2469 5335 esse.

2593 5390 2821 5448 ALIUD.

1994 5506 2052 5563 Si
2082 5521 2203 5563 cum
2240 5504 2383 5563 Deus
2432 5520 2495 5560 ac
2524 5503 2682 5561 Pater
2719 5503 3063 5574 Unigenitum
3111 5504 3296 5575 genuit
3343 5504 3500 5574 longe

1923 5597 2296 5670 praestantiore
2326 5596 2485 5653 modo
2528 5611 2689 5666 quam
2716 5611 2816 5651 nos
2838 5597 3056 5667 genuit;
3089 5611 3189 5651 nos
3220 5610 3348 5651 vero
3375 5608 3498 5649 cum

1926 5699 2247 5761 generamus
2298 5685 2509 5755 priores
2558 5699 2716 5754 quam
2760 5685 2851 5755 qui
2898 5701 2965 5741 ex
3005 5687 3160 5743 nobis
3208 5686 3499 5755 gignuntur

1926 5780 2269 5850 exsistimus;
2299 5776 2445 5836 Deus
2464 5790 2594 5850 ergo
2612 5776 2803 5836 Filium
2823 5778 3048 5849 gignens
3075 5778 3221 5847 prior
3245 5780 3361 5847 ipso
3390 5788 3497 5830 non
