4144 6510
659 315 757 371 135

1642 311 1700 365 s.
1739 311 2008 366 CYRILLI
2052 310 2518 368 ALEXANDRINI
2558 314 2874 370 ARClltEP.

3822 318 3939 369 17.6

652 451 756 487 non
789 446 853 485 ex
885 428 1125 483 essentia
1156 426 1333 480 Patris
1375 429 1641 496 processit
1668 429 1863 493 Filius,
1897 433 1989 485 sed
2014 448 2076 486 ex
2132 448 2214 485 vo-

2332 433 2586 504 νώμενοι,
2621 433 2720 486 οὑκ
2751 435 2816 487 ὲκ
2842 433 2940 504 τῆς
2971 431 3159 496 οὐσίας
3199 433 3292 486 τοὺ
3336 435 3545 506 [ἰατρὸς
3580 436 3862 506 προῆλθεν
3902 438 3937 488 6

650 525 857 578 luntate
884 520 1062 574 Patris
1091 518 1426 574 constitutus
1459 528 1560 584 est,
1598 530 1649 573 et
1687 530 1771 575 est
1825 523 1937 592 ipse
1965 522 2227 592 sapientia

646 630 711 668 ac
742 611 982 681 potentia
1003 610 1203 675 Patris,
1231 619 1379 662 certe
1414 623 1589 677 neque
1633 613 1852 681 sapiens
1886 624 1969 668 est
2015 629 2218 668 secun-

646 707 772 758 dum
802 715 1073 765 naturam,
1105 716 1277 770 neque
1320 713 1513 771 potens
1547 703 1727 757 Pater.
1766 703 1822 758 Si
1878 719 2008 758 vero
2054 704 2229 774 (juxta

646 791 1039 861 ineptissimam
1104 802 1341 843 vestram
1385 792 1828 860 propositionem)
1887 794 2229 847 extrinsecus

643 880 925 936 constituit
950 878 1172 942 Filium,
1206 879 1295 947 qui
1325 881 1540 949 quidem
1570 880 1738 949 ipsius
1760 882 2023 951 sapientia
2052 892 2105 935 et
2132 896 2227 950 po-

648 972 817 1026 tentia
847 980 955 1033 est,
980 970 1073 1024 sed
1102 978 1183 1023 cst
1216 985 1281 1023 ex
1312 986 1407 1023 sua
1460 981 1651 1024 natura
1687 973 1902 1039 sapiens
1939 981 1993 1026 et
2017 982 2224 1039 potens,

647 1063 1014 1117 necessarium
1047 1061 1271 1116 omnino
1303 1071 1408 1125 est,
1431 1062 1593 1115 etiam
1630 1060 1826 1115 Filiqu
1858 1076 1923 1115 ex
1956 1063 2226 1130 dessentia

650 1153 830 1207 Patris
858 1168 981 1207 esse
1001 1193 1016 1219 ,
1057 1161 1216 1221 atque
1242 1153 1316 1207 ita
1348 1153 1512 1206 etiam
1544 1153 2084 1208 consubstantialem.

1325 1283 1553 1339 ALIUD.

713 1398 947 1455 Necesse
984 1406 1156 1453 estut
1211 1399 1300 1467 qui
1364 1398 1558 1452 Filium
1607 1413 1673 1452 ex
1724 1382 2003 1451 inluntate
2047 1397 2224 1452 Patris

641 1491 997 1547 constitutum
1016 1505 1139 1545 esse
1171 1491 1520 1553 contendunt,
1547 1504 1652 1543 non
1701 1498 1879 1544 autem
1904 1506 1967 1543 ex
1989 1489 2106 1559 ipso
2135 1505 2225 1559 ge-

642 1582 840 1647 nitum,
879 1582 1058 1636 dicant
1084 1580 1212 1648 quid
1237 1580 1465 1634 moverit
1494 1579 1710 1634 Patrem
1749 1591 1804 1633 ut
1838 1579 2033 1633 Filium
2089 1598 2224 1635 con-

639 1674 911 1737 stitueret,
949 1680 1006 1725 ut
1030 1672 1131 1740 ipsi
1163 1672 1342 1739 inepte
1397 1671 1720 1740 loquuntur.
1776 1670 2094 1727 Necessario
2133 1672 2225 1742 igi-

640 1774 726 1819 tur
756 1764 858 1818 hoc
896 1762 1023 1817 fecit
1057 1780 1069 1816 :
1102 1772 1194 1816 aut
1215 1761 1354 1816 Filio
1375 1762 1427 1815 id
1457 1762 1640 1832 largiri
1668 1762 1856 1827 voluit,
1888 1774 1944 1815 ut
1978 1762 2124 1816 illmn
2153 1764 2217 1817 ad
2255 1772 2294 1825 Β

642 1872 769 1911 esse
799 1857 1110 1910 traduceret
1139 1854 1364 1924 perinde
1387 1870 1447 1907 ac
1472 1869 1593 1908 nos.
1618 1853 1672 1908 Si
1695 1854 1859 1923 igitur
1887 1855 2214 1919 necessario,
2266 1862 2270 1867 ‘

633 1945 745 2013 jam
769 1947 937 1999 Deum
972 1945 1282 1999 necessitati
1321 1944 1619 2013 subjectum
1682 1959 1806 1999 esse
1858 1945 2216 2011 concedetis;

636 2037 722 2091 sin
746 2049 936 2090 contra
968 2036 1182 2089 Patrem
1215 2036 1316 2089 hoc
1346 2034 1486 2088 Filio
1519 2035 1701 2104 largiri
1728 2034 1961 2090 voluisse
2014 2036 2215 2100 dicitis,

636 2130 846 2197 sibiipsi
915 2129 1093 2197 potius
1148 2127 1198 2181 id
1252 2127 1480 2197 largitus
1525 2140 1648 2182 esse
1698 2127 1984 2189 videbitur,
2036 2137 2092 2180 ut
2148 2129 2217 2181 sit

636 2230 876 2282 creator,
903 2229 957 2273 et
986 2229 1175 2287 potens
1199 2232 1263 2272 ac
1311 2218 1567 2285 sapiens:
1604 2216 1865 2287 siquidem
1914 2217 2049 2272 Filio
2103 2217 2217 2271 inec

634 2314 839 2365 insunt.
867 2328 886 2362 ι
922 2308 1114 2367 Omnia
1139 2309 1283 2364 enim
1319 2324 1415 2378 per
1439 2309 1615 2376 ipsum
1649 2308 1786 2362 facta
1835 2318 1981 2375 sunt,
2044 2310 2215 2379 inquit

632 2403 935 2469 Scriptura,
964 2409 1017 2453 et
1042 2398 1161 2453 sine
1185 2400 1298 2467 ipso
1330 2398 1527 2452 factum
1558 2408 1642 2451 est
1668 2398 1803 2451 nihil
1830 2398 1895 2450 η.
1928 2416 1946 2449 ι
1984 2399 2050 2452 Et
2101 2415 2214 2452 rur-

631 2512 776 2561 sum,
814 2512 833 2546 t
858 2494 1113 2549 Christus
1151 2493 1242 2547 Dei
1278 2492 1517 2562 potentia
1541 2502 1595 2546 et
1623 2492 1888 2558 sapientia
1922 2491 2005 2545 ⁸⁸⁸.
2042 2510 2062 2545 ι
2096 2493 2213 2547 Ca:-

631 2599 809 2642 terum
839 2604 935 2642 nos
964 2603 1068 2642 non
1094 2586 1196 2640 sibi
1232 2586 1327 2654 ipsi
1370 2586 1483 2639 hate
1511 2584 1760 2655 largitum
1794 2600 1914 2640 esse
1952 2587 2114 2639 Deum
2150 2600 2213 2641 ac

634 2680 848 2735 Patrem
878 2680 1129 2745 dicimus,
1160 2681 1254 2734 sed
1281 2692 1402 2733 esse
1428 2678 1746 2731 naturaliter
1801 2677 2097 2746 sapientem
2160 2684 2215 2729 et

633 2782 933 2842 pmeutem.
955 2771 1069 2826 Non
1101 2771 1262 2840 igitur
1290 2784 1357 2823 ex
1386 2768 1660 2823 voluntate
1678 2768 1960 2823 constituit
1987 2765 2209 2830 Filium,

634 2875 694 2919 ut
736 2880 833 2919 vos
894 2862 1214 2934 opinamini,
1269 2861 1363 2916 sed
1430 2860 1594 2915 veluti
1668 2868 1878 2913 naturae
1933 2873 2045 2912 suae
2099 2858 2213 2911 fru-

631 2971 750 3012 ctus
783 2968 887 3024 est,
912 2957 1056 3027 quod
1079 2972 1205 3012 cum
1242 2956 1315 3009 ita
1365 2955 1455 3021 sit,
1505 2954 1670 3008 etiam
1732 2950 2213 3006 consubstantialis

2334 526 2462 589 Υίδς
2483 565 2497 589 ,
2549 525 2760 595 ὑπέστη
2793 524 2851 578 δὲ
2885 522 3339 588 ὲξουσιαστικῶς,
3379 526 3473 578 καὶ
3506 526 3651 581 ἐστιν
3679 527 3849 590 αὑτὸς
3892 531 3933 595 ἡ

2332 618 2496 686 σοφία
2524 617 2620 670 καὶ
2646 616 2878 686 δύναμις
2898 614 2994 669 τοῦ
3027 615 3261 685 Πατρός,
3284 614 3407 668 οὔτε
3438 615 3600 684 σοφὸς
3638 618 3786 670 κατὰ
3818 618 3931 684 φύ-

2332 727 2416 763 σιν
2453 709 2599 762 ὲστὶν
2625 710 2653 761 6
2687 707 2899 779 Πατὴρ,
2945 705 3069 760 οὔτε
3116 706 3221 777 μὴν
3255 707 3500 770 δυνατός.
3548 708 3610 760 Εἰ
3636 708 3724 771 δὲ,
3769 709 3928 761 κατὰ

2328 801 2428 871 τὴν
2459 800 2847 870 ἀμαθεστάτην
2877 798 3031 869 ὑμῶν
3078 798 3364 868 πρότασιν,
3397 797 3597 861 ἔξωθεν
3628 800 3921 867 ὑπέστησε

2327 894 2420 946 τὸν
2465 892 2617 955 Υἱὺν,
2648 892 2707 954 ὃς
2750 894 2898 944 ἐστιν
2927 888 3090 944 αὑτοῦ
3140 889 3301 958 σοφία
3351 890 3446 941 καὶ
3492 888 3739 958 δύναμις,
3795 889 3921 941 ἀλλ’

2328 985 2445 1037 ἐστι
2472 983 2615 1037 κατά
2639 982 2802 1051 φύσιν
2829 982 2991 1050 σοφός
3022 998 3082 1034 τε
3113 983 3210 1035 καὶ
3236 981 3479 1045 δυνατὸς,
3508 981 3723 1050 ἀνάγκη
3752 983 3918 1034 πᾶσα

2328 1076 2422 1129 καὶ
2447 1075 2538 1127 τὸν
2561 1073 2689 1126 Υἰὸν
2721 1074 2785 1126 ὲκ
2809 1072 2910 1142 τῆς
2943 1070 3037 1124 τοῦ
3073 1072 3286 1143 Πατρὸς
3320 1072 3509 1135 οὐσίας
3532 1069 3671 1125 εἶναι
3702 1071 3912 1141 λέγειν,

2326 1171 2376 1224 εἰ
2403 1170 2461 1223 δὲ
2491 1168 2670 1236 τοῦτο,
2695 1167 2789 1221 καὶ
2811 1165 3117 1237 ὁμοοὺσιος.

3007 1302 3208 1354 ΑΛΛΟ.

2411 1416 2735 1484 Ἀναγκαῖον
2766 1412 2988 1486 ἐρέσθαι
3034 1412 3160 1474 τοὺς
3199 1411 3315 1464 ὅσοι
3360 1414 3452 1462 τὸν
3487 1409 3615 1463 Υξὸν
3660 1409 3779 1461 κατ’
3814 1408 3912 1474 ἑξ-

2324 1509 2510 1564 ουσίαν
2541 1508 2842 1578 ὑποστῆναι
2871 1505 2971 1576 τὴν
3004 1504 3096 1558 τοῦ
3128 1503 3369 1576 Πατρός,
3397 1503 3489 1556 καί
3514 1503 3613 1555 οὑκ
3651 1502 3709 1568 ἐξ
3733 1502 3909 1555 αὑτοῦ

2325 1601 2686 1672 γεγεννῆσθαί
2735 1617 2890 1670 φασι,
2937 1599 2989 1652 τί
3034 1598 3097 1651 τὸ
3144 1596 3407 1658 πεπεικὸς
3438 1594 3529 1647 τὸν
3562 1594 3782 1663 Πατέρα
3808 1592 3909 1645 τὸν

2326 1696 2452 1749 Υἰὸν
2482 1694 2785 1765 ὑποστῆσαι
2815 1692 2956 1746 κατὰ
2988 1691 3080 1744 τὸν
3119 1689 3272 1758 ὑμῶν
3295 1687 3486 1758 ἅμαθῆ
3511 1687 3687 1754 λόγον.
3708 1687 3908 1749 Ἀναγ-

2323 1787 2494 1850 καίως
2523 1787 2632 1858 ἄρα
2660 1784 2818 1839 τοῦτο
2861 1782 3159 1852 πεποίηκεν
3180 1819 3194 1844 ,
3230 1780 3263 1851 ἢ
3294 1780 3624 1850 χαρίσασθαι
3658 1778 3737 1848 τῷ
3784 1776 3906 1846 Υίῷ

2324 1880 2625 1953 βουληθεὶς,
2650 1880 2731 1932 ὅτι
2760 1877 2823 1947 δὴ
2850 1876 2940 1930 καὶ
2958 1876 3120 1929 αὑτὸν
3142 1877 3221 1937 είς
3255 1873 3551 1926 ὑπόστασιν
3582 1872 3705 1938 ἄγοι
3736 1871 3903 1924 καθά-

2322 1991 2427 2041 περ
2464 1972 2559 2026 καὶ
2603 1972 2773 2042 ἡμᾶς.
2813 1970 2875 2021 Εἰ
2919 1967 3027 2038 μὲν
3062 1963 3154 2020 οὖν
3194 1966 3505 2031 ἀναγκαίως
3551 1964 3767 2035 ἀνάγκῃ
3796 1961 3902 2016 δώ-

2321 2083 2443 2119 σετε
2490 2064 2583 2115 τὸν
2630 2063 2763 2115 Θεὸν
2803 2059 3145 2121 ὑποκεῖσθαι,
3178 2061 3227 2110 εἰ
3264 2059 3321 2111 δὲ
3356 2059 3431 2129 μὴ
3460 2058 3638 2122 τοῦτο,
3668 2057 3903 2127 χαρίσα-

2319 2157 2445 2211 σθαι
2490 2157 2547 2209 δὲ
2601 2153 2935 2225 βουληθέντα
2973 2150 3054 2222 τῷ
3100 2151 3247 2222 Υἰῷ,
3296 2149 3474 2219 ἑαυτῷ
3529 2150 3900 2219 χαρισάμενος

2319 2253 2569 2319 φανεῖται
2596 2248 2659 2301 τὸ
2692 2242 2829 2300 εἶναι
2850 2245 3183 2317 δημιουργὸς
3207 2245 3301 2297 καὶ
3325 2244 3551 2304 δυνατὸς
3580 2243 3674 2294 καὶ
3709 2242 3896 2309 σοφὶς,

2317 2343 2371 2395 si!
2411 2358 2475 2409 γε
2525 2343 2582 2393 ὲν
2632 2338 2745 2409 Υἰῷ
2784 2337 2958 2390 ταῦτά
3000 2338 3136 2389 ἐστι.
3189 2354 3206 2386 ι
3241 2334 3429 2388 Πάντα
3473 2334 3581 2404 γὰρ
3625 2335 3692 2387 δι’
3727 2332 3897 2387 αὑτοῦ

2318 2434 2555 2502 ἐγένετο,
2588 2435 2750 2501 φησὶν
2800 2433 2832 2500 ἡ
2875 2430 3086 2500 Γραφὴ,
3130 2429 3222 2481 καὶ
3265 2429 3434 2498 χωρὶς
3479 2425 3644 2482 αὑτοῦ
3677 2427 3899 2494 ἐγένετο

2314 2526 2436 2579 οὐδὲ
2490 2526 2603 2578 ἓν.)
2658 2524 2769 2578 Καὶ
2812 2523 2996 2585 πάλιν,
3041 2541 3058 2572 ι
3084 2521 3320 2590 Χριστὸς
3362 2520 3496 2573 Θεοῦ
3529 2519 3759 2590 δύναμις
3800 2521 3897 2572 καὶ

2314 2618 2448 2673 Θεοῦ
2469 2616 2649 2686 σοφία.
2667 2638 2685 2669 ι
2717 2615 2877 2669 Ἀλλά
2906 2615 3012 2685 μὴν
3043 2615 3140 2684 οὑχ
3164 2612 3340 2683 ἑαυτῷ
3368 2612 3541 2666 ταῦτα
3570 2612 3898 2683 χαρίζεσθαί

2319 2725 2501 2778 φαμεν
2525 2708 2616 2760 τὸν
2638 2707 2772 2760 Θεὸν
2792 2706 2889 2759 καὶ
2912 2708 3152 2776 Πατέρα,
3170 2705 3287 2758 ἀλλ’
3303 2701 3445 2757 εἶναι
3466 2703 3706 2771 φυσικῶς
3731 2702 3900 2771 σοφόν

2312 2818 2373 2853 τε
2405 2800 2501 2853 καὶ
2536 2800 2779 2852 δυνατόν.
2832 2798 2949 2853 Οὐκ
2995 2796 3418 2862 ὲξουσιαστικῶς
3466 2793 3573 2865 ἄρα
3627 2793 3717 2845 τὸν
3764 2792 3901 2845 Υιδν

2315 2892 2616 2961 ὑπέστησε,
2650 2890 2772 2945 καθ’
2801 2890 2965 2960 ὑμᾶς,
2991 2889 3128 2942 ἀλλὰ
3155 2890 3255 2958 τῆς
3287 2886 3493 2951 οἰκείας
3521 2885 3737 2954 φύσεως
3777 2884 3897 2955 ἔχει

2314 2981 2546 3051 καρπόν·
2584 2980 2773 3051 ἐπειδὴ
2808 2980 2865 3033 δὲ
2899 2979 3075 3044 τοῦτο,
3107 2980 3201 3032 καί⁵
3235 2979 3540 3048 ὀμοοὺσιος.
3574 2976 3649 3029 Τδ
3682 2976 3793 3046 γάρ
3827 2978 3899 3028 ἐκ

629 3061 731 3105 est.
765 3049 919 3118 Quod
947 3051 1092 3104 enim
1128 3047 1450 3103 naturaliter
1503 3060 1571 3099 ex
1623 3042 1733 3099 Deo
1785 3042 2046 3113 procedit,
2082 3042 2212 3096 alie-

793 3143 856 3164 _.._
895 3156 954 3164 η
985 3156 1101 3164 ---η
1132 3154 1232 3164 η..
1272 3146 1443 3164 Mn...

2316 3042 2450 3128 Θεοῦ
2477 3072 2738 3143 προελθὸν
2760 3042 2900 3126 ζωιτά
2921 3042 3107 3141 φύσιν,
3136 3073 3237 3125 οὐκ
3264 3042 3542 3142 άλλότριον
3579 3042 3765 3123 αὑτοῦ,

630 3159 756 3198 num
791 3143 860 3196 ab
892 3156 957 3196 eo
982 3156 1104 3195 esse
1130 3154 1235 3193 non
1272 3146 1471 3208 potest.

699 3276 857 3343 Quod
898 3276 1004 3329 Deo
1030 3290 1093 3327 ac
1130 3272 1282 3326 Patri
1303 3270 1773 3326 consubstantialis
1816 3270 1884 3324 sit
1937 3267 1983 3322 F
1988 3270 2134 3325 ilius.

698 3388 757 3444 Si
782 3395 1000 3458 propter
1034 3388 1260 3441 formam
1310 3400 1473 3456 quam
1495 3384 1725 3454 accepit,
1774 3384 1825 3438 in
1880 3381 2055 3437 forma
2115 3382 2209 3436 Dei

628 3479 923 3541 exsistens,
956 3475 1434 3532 consubstantialis
1462 3474 1616 3529 nobis
1650 3482 1753 3537 est,
1782 3476 1907 3542 quia
1948 3487 2013 3527 ex
2046 3471 2203 3525 nobis

626 3579 731 3636 est,
756 3577 841 3625 est
875 3578 1055 3623 autem
1099 3569 1272 3622 forma
1328 3567 1420 3622 Dei
1485 3565 1674 3631 Filius,
1731 3563 2209 3620 consubstantialis

626 3659 791 3728 igitur
828 3658 878 3714 ei
910 3667 1016 3723 est,
1043 3656 1202 3728 cujus
1217 3665 1297 3711 est
1323 3655 1519 3712 forma.

1224 3768 1336 3840 32
1372 3766 1603 3823 ALIUD.

695 3885 752 3941 Si
786 3895 974 3941 nostro
1019 3883 1210 3939 lumini
1260 3883 1515 3954 splendor
1548 3882 1667 3953 ejus
1730 3880 2209 3938 consubstantialis

621 3988 726 4041 est,
755 3977 926 4032 Filius
945 3985 1122 4030 autem
1143 3975 1334 4030 :eterni
1358 3974 1579 4028 luminis
1601 3982 1685 4028 est
1737 3973 2025 4042 splendor;
2074 3987 2207 4026 con-

622 4067 1000 4124 substantialis
1030 4066 1197 4137 igitur
1224 4067 1390 4121 etiam
1422 4068 1537 4135 ipse
1560 4075 1643 4122 est
1666 4064 1877 4129 lumini,
1910 4065 2062 4134 cujus
2123 4073 2205 4119 est

621 4159 896 4230 splendor,
928 4173 1053 4213 cum
1085 4158 1334 4228 exempla
1358 4168 1513 4227 parte
1547 4157 1725 4227 aliqua
1775 4170 1887 4211 sua!
1910 4166 2115 4211 naturae
2150 4157 2201 4212 in

619 4250 798 4306 simile
827 4249 1174 4306 conveniant.

1303 4379 1529 4436 ALIUD.

688 4495 1150 4564 Quemadmodum
1180 4493 1466 4564 aequalitas
1494 4492 1547 4547 in
1579 4491 2031 4549 iutellectualibus
2090 4510 2193 4550 non

616 4590 919 4658 quantitate
944 4587 1266 4652 aestimatur,
1296 4593 1348 4638 et
1376 4583 1518 4653 quod
1548 4582 1621 4637 ita
1646 4581 1851 4651 aequale
1881 4592 1985 4648 est,
2009 4600 2194 4639 neces-

616 4680 762 4733 sario
794 4677 956 4733 etiam
1009 4693 1106 4747 par
1136 4676 1397 4745 dignitate
1450 4688 1516 4728 ac
1572 4674 2028 4730 consubstantiale
2087 4686 2192 4741 est,

613 4770 785 4827 Filius
815 4778 994 4824 autem
1024 4779 1108 4825 est
1131 4784 1230 4840 par
1250 4767 1512 4838 dignitate
1543 4766 1710 4831 Patri,
1751 4776 1810 4820 ut
1842 4783 1995 4824 sacra
2039 4768 2189 4825 Scri-

615 4870 775 4929 plura
826 4865 1096 4926 testatur;
1149 4857 1456 4913 necessario
1504 4856 1667 4911 etiam
1716 4859 2191 4916 consubstantialis

611 4950 717 5003 erit
749 4966 764 5004 :
800 4947 1108 5018 aequalitate
1132 4948 1386 5000 nimirum
1416 4945 1525 5011 illa,
1553 4960 1659 5000 non
1718 4947 1927 5003 ratione
1971 4951 2187 5019 quanti-

614 5045 744 5097 tatis
766 5043 819 5097 in
843 5052 1034 5097 natura
1060 5040 1674 5109 incorporeamstimata,
1699 5042 1793 5095 sed
1827 5044 2002 5111 potius
2032 5046 2183 5100 iden-

611 5134 769 5188 litate
794 5136 1067 5188 esset-tiae.

1280 5247 1513 5305 ALIUD.

686 5363 745 5416 Si
766 5376 885 5430 qua:
924 5374 1050 5416 vere
1091 5376 1153 5417 ac
1176 5364 1496 5419 naturaliter
1523 5365 1703 5433 genita
1751 5375 1896 5430 sunt,
1928 5382 2034 5422 non
2082 5383 2181 5422 au-

612 5458 719 5503 tem
755 5448 1062 5518 adoptione,
1095 5449 1314 5504 dubium
1354 5466 1460 5505 non
1502 5461 1587 5507 est
1623 5451 1753 5521 quin
1789 5453 1899 5507 sint
1946 5457 2181 5511 consub-

2437 3296 2558 3348 Ὅτι
2584 3293 2664 3359 τῷ
2690 3293 2813 3358 Θεῷ
2837 3294 2937 3346 καὶ
2964 3292 3145 3361 Πατρὶ
3170 3292 3491 3361 όμοούσιος
3521 3293 3556 3347 ὀ
3589 3292 3743 3357 Υἱός.

2383 3407 2445 3460 Et
2479 3406 2544 3459 δι’
2570 3406 2636 3477 ῆν
2666 3405 2823 3457 ἔλαϐε
2848 3405 3061 3475 μορφὴν
3089 3405 3117 3455 6
3144 3406 3202 3456 ὲν
3227 3406 3407 3474 μορφῇ
3434 3402 3569 3457 Θεοῦ
3600 3403 3890 3473 ὑπάρχων,

2310 3499 2594 3566 όμοοὺσιος
2627 3497 2783 3568 ἡμῶν
2831 3498 2912 3550 ὅτι
2947 3497 3006 3561 ἐξ
3040 3496 3216 3565 ἡμῶν,
3246 3497 3360 3549 ἔστι
3388 3496 3445 3549 δὲ
3482 3496 3664 3567 μορφὴ
3690 3494 3825 3549 Θεοῦ
3858 3497 3890 3547 6

2312 3590 2459 3655 Υἱὸς,
2485 3588 2772 3660 όμοούσιος
2803 3590 2912 3659 ἄρα
2936 3588 3152 3657 ἐκείνῳ,
3179 3583 3240 3640 οἶδ
3275 3588 3369 3640 καὶ
3398 3588 3513 3640 ἔστι
3548 3586 3765 3660 μορφής

2987 3785 3189 3840 ΔΛΛΟ.

2380 3904 2442 3957 Εἰ
2472 3902 2551 3972 τῷ
2572 3900 2692 3954 καθ’
2725 3903 2870 3972 ἡμᾶς
2903 3901 3046 3968 φωτὶ
3073 3899 3134 3954 τὸ
3166 3899 3507 3970 ἀπαύγασμα
3538 3897 3705 3953 αὑτοῦ
3736 3897 3882 3949 ἐστιν

2306 3995 2615 4067 ὀμοούσιον,
2656 3996 2685 4046 6
2727 3995 2783 4048 δὲ
2820 3994 2947 4057 Υἱὸς
2975 3994 3071 4047 τοῦ
3107 3994 3278 4048 ἀϊδίου
3322 3993 3497 4062 φωτός
3534 3994 3681 4046 ἐστιν
3711 3992 3881 4045 ἀπαύ-

2305 4106 2495 4158 γασμα
2518 4127 2533 4151 ,
2567 4087 2851 4156 όμοούσιος
2885 4087 2993 4157 ἄρα
3027 4087 3124 4140 καὶ
3155 4087 3317 4150 αὑτὸς
3366 4086 3444 4156 τῷ
3493 4086 3651 4154 φωτὶ,
3684 4077 3746 4137 οὗ
3787 4084 3877 4136 καὶ

2303 4180 2449 4233 ἐστιν
2488 4179 2852 4250 ἀπαύγασμα,
2885 4179 2992 4232 τῶν
3022 4179 3437 4249 ὑποδειγμάτων
3467 4178 3609 4231 κατά
3633 4196 3686 4229 τι
3715 4177 3877 4247 μέρος

2303 4272 2403 4343 τῆς
2431 4271 2640 4336 οἰκείας
2671 4270 2887 4340 φύσεως
2916 4272 2996 4334 εἰς
3026 4270 3085 4323 τὸ
3118 4271 3303 4339 ὅμοιον
3334 4268 3753 4339 παραγομένων.

2983 4406 3186 4460 ΑΛΛΟ.

2375 4516 2436 4570 Et
2470 4518 2532 4569 τὸ
2582 4516 2695 4569 ἴσον
2734 4516 2792 4568 ὲν
2824 4518 3037 4585 νοητοῖς
3079 4515 3140 4569 οὑ
3175 4517 3437 4586 ποσότητι
3484 4515 3771 4586 μετρητὸν,
3814 4514 3876 4567 τὸ

2300 4607 2345 4659 δ’
2375 4606 2551 4667 οὕτως
2582 4606 2717 4668 ἴσον,
2767 4606 2861 4659 καὶ
2902 4606 3162 4676 ὁμότιμον
3196 4605 3254 4670 ἐξ
3285 4608 3532 4677 ἀνάγκης
3557 4608 3654 4660 καὶ
3678 4609 3875 4677 όμοού-

2300 4715 2433 4761 σιον,
2489 4698 2605 4751 ἔστι
2651 4698 2707 4751 δὲ
2756 4699 2870 4761 ἴσος
2916 4698 3010 4752 καί⁵
3046 4700 3308 4769 ὁμότιμος
3345 4700 3422 4769 τῷ
3454 4699 3627 4769 ιιατρὶ
3662 4702 3691 4753 6
3723 4700 3870 4762 Υἱὸς,

2296 4789 2522 4844 κατὰτὰ
2539 4789 2658 4843 θεῖα
2685 4791 2878 4859 Λὸγια,
2900 4790 2959 4855 ἐξ
2989 4790 3234 4860 ἀνάγκης
3259 4791 3411 4843 ἐσται
3442 4792 3536 4844 καὶ
3562 4790 3862 4860 όμοούσιοςτ

2294 4881 2389 4935 τοῦ
2419 4883 2535 4935 ἴσου
2567 4880 2711 4936 κατά
2741 4882 2801 4936 τὸ
2840 4882 3006 4935 ποσὸν
3034 4885 3093 4936 ὲν
3121 4883 3396 4953 ἀσωμάτῳ
3436 4882 3594 4952 φύσει
3624 4882 3699 4952 μὴ
3732 4881 3870 4933 Oeta-

2296 4974 2580 5045 ρουμένου,
2614 4973 2751 5029 ἀλλὰ
2786 4974 2987 5045 μᾶλλον
3012 4977 3071 5029 ὲν
3095 4976 3283 5039 οὑσίας
3311 4975 3620 5046 ταυτότητι.

2974 5270 3173 5324 ΔΛΛΟ.

2362 5372 2423 5428 Εἰ
2462 5375 2529 5430 τά
2564 5379 2684 5431 κατ’
2737 5378 3018 5451 ἀλήθειαν,
3060 5382 3175 5435 ἀλλ’
3216 5382 3277 5435 οὑ
3324 5382 3490 5450 θέσει,
3526 5383 3862 5459 γεννῲμενα,

2286 5466 2547 5535 όμοούσια
2571 5468 2678 5521 τῶν
2708 5474 2830 5525 κατ’
2856 5471 3116 5543 ἀλήθειαν
3148 5474 3461 5544 γεννώντων
3487 5476 3860 5548 ὡμολόγηται,

608 5540 881 5599 Stantialia
902 5556 1024 5597 cum
1050 5543 1220 5614 iisqui
1258 5557 1385 5598 vere
1407 5558 1470 5598 ac
1494 5544 1819 5599 naturaliter
1857 5559 2181 5617 genuerunt,

2317 5570 2400 5606 στι
2428 5556 2483 5608 δὲ
2512 5556 2619 5611 τῶν
2657 5561 2778 5614 κατ’
2806 5540 3067 5632 ἀλήθειαν
3102 5540 3473 5638 γεννηθέντων
3500 5540 3693 5634 όεϊίὸς-
3713 5540 3863 5641 ῆπερ

682 5696 725 5725 ⁸⁸
758 5693 911 5750 Joan.
943 5711 980 5756 ι,
1012 5695 1065 5752 3.
1145 5699 1208 5730 “'
1238 5698 1258 5753 Ι
1292 5697 1413 5756 Cor.
1453 5717 1492 5769 ι,
1525 5708 1615 5762 24.
