4144 6510
238 383 338 445 I57
1639 366 2081 426 THESAURUS.

3388 366 3492 419 158

235 502 344 557 τῶν
378 500 519 556 κατά
554 499 725 562 θέσιν,
780 496 1063 569 ὁμοούσιος
1112 497 1221 566 ἄρα
1271 495 1349 566 τῷ
1395 493 1513 548 κατ’
1566 491 1816 562 ἀλήθειαν

1928 483 2097 539 Filius
2136 489 2317 537 autem
2350 490 2434 536 est
2464 494 2527 535 ex
2561 479 2629 535 iis
2649 478 2743 549 qui
2773 494 2900 536 vere
2928 480 3096 550 geniti
3130 488 3279 547 sunt,
3305 482 3489 553 longe-

236 594 420 658 αὑτὸν,
450 593 566 647 ἀλλ’
592 592 653 646 οὐ
687 589 854 655 θέσει,
884 590 1235 660 γεγεννηκότι
1265 586 1405 658 Θεῷ.

929 876 1115 930 ΔΛΛΟ

307 992 367 1044 EI
419 991 478 1044 τὸ
512 987 787 1052 οὑσιωδῶς
831 986 1176 1059 γεννώμενον
1223 987 1551 1059 κληρονομεῖ
1586 985 1684 1057 τὴν
1725 984 1817 1038 τοῦ

232 1081 623 1151 γεγεννηκότος
647 1079 857 1146 οὐσίαν,
895 1078 1018 1149 ἔχον
1046 1078 1252 1147 ταύτην
1298 1080 1356 1131 ἐν
1386 1076 1585 1148 ἐαυτῷ,
1616 1077 1729 1146 ἔχει
1761 1076 1818 1129 δὲ

230 1175 409 1228 πάντα
435 1172 506 1227 τὰ
537 1172 631 1226 τοῦ
663 1170 878 1242 Πατρὸς
910 1171 939 1223 6
977 1170 1142 1235 Υίὸς,
1183 1167 1458 1232 οῠσιωδῶς
1490 1168 1598 1240 άρα
1627 1168 1817 1238 γεγέν-

232 1280 390 1335 νηται

912 1372 1123 1426 ΑΛΛΟ.

300 1486 364 1538 Ei
414 1485 580 1556 μηδὲν
606 1484 717 1538 τῶν
756 1483 896 1554 μετὰ
923 1482 1016 1536 τὸν
1049 1481 1176 1535 Υίὸν
1226 1484 1290 1535 ἐκ
1324 1482 1398 1553 μὴ
1433 1482 1603 1536 ὄντων
1631 1479 1819 1542 οὐσίας

228 1576 543 1647 ὕφίστησιν,
594 1575 857 1647 ὑφίστησι
905 1574 962 1629 δέ
1010 1576 1039 1627 6
1090 1574 1239 1642 Υίὸς,
1277 1576 1377 1629 οὑκ
1421 1575 1528 1647 ἄρα
1558 1574 1667 1627 τῶν
1704 1574 1819 1644 μετ’

229 1668 392 1720 αὐτὸν
442 1666 595 1720 ἐσται
630 1666 935 1738 συγγενὴς,
972 1664 1110 1720 ἀλλὰ
1150 1665 1229 1736 τῷ
1280 1667 1346 1720 ἐκ
1382 1667 1458 1736 μὴ
1496 1665 1667 1718 ὄντων
1710 1664 1813 1734 ὑφ-

230 1758 453 1812 ιστῶντι
483 1759 791 1829 ὀμοούσιος.
810 1756 892 1810 Τὰ
914 1756 1134 1829 γὰρτῆς
1163 1757 1334 1827 αὐτῆς
1362 1755 1645 1831 ἐνεργείας
1665 1756 1815 1818 ὄντα,

230 1850 324 1902 καὶ
348 1850 447 1919 τῆς
477 1849 648 1919 αὐτῆς
674 1847 862 1911 οὐσίας
893 1845 1294 1919 ὡμολόγηνται.

906 2049 1111 2103 ΔΛΛΟ.

298 2165 361 2219 Εί
394 2164 461 2218 τὰ
488 2164 588 2235 τῆς
627 2164 797 2235 αὐτῆς
838 2164 1123 2236 ἐνεργείας
1166 2161 1603 2233 ἀπαραλλάκτως
1634 2163 1817 2235 ὑπάρ-

226 2274 412 2328 χοντα,
463 2259 559 2311 καὶ
602 2260 702 2330 τῆς
732 2257 908 2323 αὐτῆς
937 2255 1125 2319 οὐσίας
1161 2256 1561 2327 ὡμολόγηνται,
1610 2254 1726 2309 ἔστι
1759 2256 1815 2309 δέ

227 2349 328 2420 τῆς
360 2350 530 2420 αὐτῆς
572 2348 651 2420 τῷ
684 2348 861 2420 [Ιιιτρλ⁸
909 2346 1192 2419 ἐνεργείας
1233 2348 1262 2400 6
1310 2346 1459 2410 Υἱὸς,
1502 2346 1683 2400 πάντα
1716 2347 1818 2401 ὅσα

232 2444 380 2494 ποιεῖ
403 2442 495 2494 καὶ
528 2441 689 2505 αὐτὸς
720 2440 922 2511 ὁμοίως
958 2438 1155 2502 ποιῶν,
1183 2437 1632 2509 ὁμολογουμένως
1665 2438 1817 2494 ἔσται

234 2533 331 2587 καὶ
369 2534 466 2603 τῆς
515 2533 685 2603 αὐτῆς
714 2533 937 2597 οὐσίας,
982 2531 1072 2585 διὰ
1118 2529 1179 2584 τὸ
1212 2529 1309 2583 καὶ
1348 2529 1444 2599 τῆς
1476 2529 1645 2599 αὐτῆς
1679 2524 1818 2584 εἶναι

234 2625 539 2695 ἐνεργείας.

913 2739 1117 2794 ΑΛΛΟ.

305 2853 368 2905 Ei
399 2851 558 2921 φύσει
585 2851 718 2915 Θεός
748 2852 896 2905 ἐστιν
926 2852 955 2905 ό
981 2849 1193 2919 Πατὴρ,
1222 2849 1340 2902 ἀλλ’
1364 2848 1426 2901 οὐ
1457 2852 1683 2919 μετοχῇ,
1703 2849 1819 2901 ἐστι

229 2941 289 2994 δὲ
323 2941 481 3012 φύσει
506 2941 639 3006 Θεὸς
684 2943 778 2995 καὶ¹
807 2943 836 2995 6
872 2940 1019 3004 Υίός.
1057 2940 1230 3011 Εἴπερ
1258 2939 1367 2993 τῶν
1407 2940 1548 2994 κατὰ
1582 2941 1817 3012 μετοχὴν

232 3034 526 3105 ὑπερέχει,
577 3034 676 3105 τῆς
704 3033 873 3106 αὐτῆς
902 3032 1012 3106 ἄρα
1063 3030 1278 3103 φύσεως
1310 3030 1461 3087 ἔσται
1503 3031 1582 3104 τῷ
1613 3032 1811 3103 Ila-cpi,

232 3124 351 3181 ἀλλ’
378 3126 437 3179 οὐ
468 3127 579 3189 τοῖς
607 3124 750 3179 κατὰ
784 3125 1042 3199 μετοχὴν.

905 3321 1107 3378 ΑΛΛΟ.

302 3456 366 3511 Ei
401 3455 635 3527 μετοχῇ,
666 3439 790 3507 ἀλλ”
821 3454 883 3506 οὐ
916 3452 1097 3524 φύσει,
1127 3454 1261 3518 Θεὸς
1298 3455 1327 3509 ό
1358 3454 1504 3521 Υἱὸς,
1534 3453 1720 3507 πολλοὶ
1756 3454 1812 3507 δι

230 3551 285 3604 οἱ
334 3547 476 3602 κατὰ
531 3545 766 3617 μετοχὴν
817 3545 964 3611 θεοὶ,
1017 3547 1169 3600 οὐδὲν
1210 3546 1318 3618 ἄρα
1361 3545 1646 3610 πλεονάζει
1704 3544 1814 3597 τῶν

234 3639 448 3693 πολλῶν
476 3637 556 3699 είς
584 3635 859 3707 ὑπεροχὴν
885 3636 1096 3698 οὐσίας.
1128 3636 1191 3688 Εἰ
1222 3635 1278 3689 δὲ
1304 3636 1379 3706 μὴ
1406 3635 1559 3689 ἔσται
1588 3636 1809 3706 μετοχῇ.

234 3731 319 3783 ὅτι
349 3730 455 3782 τῶν
479 3726 620 3780 κατὰ
649 3726 885 3797 μετοχὴν
913 3727 1075 3791 αὐτός
1101 3728 1215 3780 ἐστι
1243 3727 1492 3797 ποιητὴς,
1523 3728 1622 3797 τῆς
1643 3725 1814 3795 αὐτῆς

236 3824 348 3895 ἄρα
395 3820 607 3891 φύσεως
657 3816 809 3873 ἔσται
858 3818 937 3889 τῷ
997 3819 1197 3890 Πατρὶ,
1244 3816 1358 3872 ἀλλ’
1403 3816 1466 3869 οὐ
1511 3818 1619 3879 τοίς
1671 3814 1815 3869 κατά

239 3915 491 3989 μετοχήνο

908 4020 1113 4075 AAAO.

307 4143 370 4197 El
412 4144 564 4196 πᾶσα
594 4138 750 4195 οὐσία
790 4133 1004 4205 λογικὴ,
1036 4133 1098 4186 οὐ
1148 4129 1297 4203 μόνῳ
1341 4129 1421 4201 τῷ
1453 4128 1650 4197 θέλειν,
1678 4128 1816 4182 ἀλλὰ

236 4235 333 4289 καὶ
361 4234 441 4304 τῷ
473 4233 717 4302 ἐνεργεῖν
743 4227 836 4283 καὶ
878 4226 1109 4296 πάσχειν
1145 4223 1490 4295 δημιουργεῖ,
1528 4220 1662 4292 μόνη
1695 4220 1812 4292 δὲή

236 4324 535 4397 άγέννητος
568 4322 728 4377 οὐσία
750 4318 828 4391 τῷ
854 4318 1030 4373 θέλειν
1056 4315 1151 4371 καὶ
1184 4315 1259 4386 μὴ
1287 4313 1539 4384 πάσχειν,
1563 4312 1733 4368 θέλων
1757 4313 1815 4368 δὲ

236 4419 332 4473 καὶ
371 4418 447 4489 μὴ
490 4415 715 4485 πάσχων
748 4410 1071 4483 δημιουργεῖ
1098 4409 1127 4461 6
1159 4405 1309 4471 Υἱὸς,
1346 4405 1446 4476 τῆς
1488 4406 1548 4459 ἐν
1593 4404 1813 4476 θελήσει

1919 589 2024 645 que
2042 572 2384 645 praestantior
2400 586 2564 643 quam
2583 571 2672 641 qui
2697 571 3020 639 adoptione;
3048 573 3489 628 consubstantiao

1919 667 1987 721 lis
2006 667 2188 735 itaque
2209 673 2292 721 est
2324 663 2436 720 Deo
2466 665 2558 733 qui
2585 677 2708 718 eum
2740 677 2847 719 non
2868 664 3178 733 adoptione,
3213 667 3309 720 sed
3366 682 3493 723 vero

1917 772 1984 813 ac
2008 756 2333 813 naturaliter
2358 757 2566 827 genuit.

2584 867 2817 926 ALIUD.

1995 984 2053 1038 Si
2092 983 2236 1054 quod
2258 980 2689 1038 substantialiter
2715 981 2956 1053 genitum
2987 990 3091 1046 est,
3116 984 3379 1053 genitoris
3410 1001 3498 1041 es-

1921 1076 2149 1131 sentiam
2178 1074 2438 1145 possidet,
2460 1074 2666 1130 habens
2699 1088 2818 1130 eam
2844 1074 2896 1129 in
2924 1074 3016 1140 sei:
3034 1073 3201 1129 Filius
3223 1090 3354 1128 vero
3373 1090 3498 1145 pos-

1921 1166 2064 1222 sidet
2091 1165 2275 1222 omnia
2298 1181 2416 1237 qua:
2439 1165 2619 1222 Patris
2655 1173 2787 1221 sunt
2808 1182 2824 1233 ;
2860 1165 3226 1222 essentialiter
3254 1180 3386 1236 ergo
3404 1180 3498 1235 ge-

1922 1256 2067 1312 nitus
2094 1265 2200 1313 est.

2586 1366 2819 1424 ALIUD.

1997 1476 2054 1533 Si
2091 1492 2250 1535 nemo
2277 1485 2397 1547 post
2425 1474 2625 1530 Filium
2659 1489 2723 1529 ex
2757 1474 2928 1529 nihilo
2976 1472 3312 1529 substantias
3372 1490 3498 1545 pro-

1924 1569 2093 1635 ducit,
2127 1568 2379 1639 producit
2407 1577 2588 1622 autem
2615 1565 2825 1622 Filius:
2859 1582 2964 1621 non
2999 1566 3165 1637 igitur
3189 1567 3295 1622 erit
3348 1568 3497 1637 ejus-

1925 1660 2045 1715 dem
2073 1660 2294 1731 generis
2330 1675 2452 1715 cum
2480 1660 2545 1714 iis
2581 1658 2674 1728 qui
2705 1666 2829 1729 post
2862 1659 3034 1729 ipsum
3060 1667 3207 1725 sunt,
3268 1660 3360 1715 sed
3420 1661 3497 1715 illi

1924 1751 2016 1821 qui
2053 1766 2118 1807 ex
2148 1750 2317 1806 nihilo
2348 1750 2602 1819 producit
2631 1748 3140 1805 consubstantialis.
3166 1748 3297 1817 Quae
3352 1753 3497 1805 enim

1846 1822 1892 1883 Β
1917 1842 2159 1912 ejusdem
2182 1842 2409 1898 actionis
2428 1841 2868 1912 operationisque
2899 1848 3045 1910 sunt,
3065 1841 3304 1911 ejusdem
3333 1842 3499 1897 etiam

1919 1943 2044 1990 sunt
2071 1934 2407 1992 substantiae.

2589 2044 2821 2104 ALIUD.

1990 2157 2048 2213 Si
2082 2172 2201 2228 quae
2230 2157 2470 2227 ejusdem
2492 2171 2715 2227 prorsus
2764 2155 2996 2212 actionis
3051 2156 3502 2226 operationisqne

1920 2260 2065 2319 sunt,
2096 2251 2341 2323 ejusdem
2361 2257 2414 2305 et
2445 2250 2762 2305 substantias
2795 2258 2940 2318 sunt,
2975 2257 3031 2304 et
3062 2249 3234 2305 Filius
3254 2248 3497 2318 ejusdem

1920 2351 2006 2398 est
2023 2357 2142 2398 cum
2173 2341 2331 2397 Patre
2349 2342 2603 2406 actionis,
2639 2342 2819 2397 omnia
2841 2357 2963 2412 qua:
2996 2340 3124 2397 facit
3146 2341 3308 2397 Pater
3340 2343 3497 2397 simi-

1923 2431 2046 2488 liter
2072 2441 2127 2487 et
2155 2433 2268 2502 ipse
2288 2432 2636 2498 faciens,erit
2660 2442 2807 2488 certe
2838 2434 2999 2489 etiam
3034 2435 3276 2506 ejusdem
3310 2449 3497 2491 essen-

1926 2523 2031 2588 tiae,
2061 2523 2180 2578 ideo
2201 2524 2341 2591 quod
2365 2524 2601 2593 ejusdem
2633 2525 2705 2580 sit
2734 2526 3085 2583 onerationis.

2602 2721 2829 2778 ALIUD.

1994 2837 2052 2892 Si
2077 2838 2236 2894 Pater
2260 2849 2342 2894 est
2360 2838 2681 2893 naturaliter
2710 2836 2875 2904 Deus,
2900 2853 3003 2893 non
3042 2848 3223 2896 autem
3276 2843 3501 2911 partici-

1923 2929 2159 2995 patione,
2187 2941 2274 2984 est
2299 2945 2427 2985 vero
2450 2930 2612 2984 etiam
2638 2928 2810 2984 Filius
2839 2930 3158 2985 naturaliter
3192 2931 3356 2989 Deus.
3424 2934 3501 2988 At

1923 3019 1967 3073 si
2003 3018 2069 3073 iis
2093 3020 2183 3088 qui
2204 3020 2618 3090 participatione
2649 3021 2720 3075 dii
2748 3021 2880 3077 fiunt
2905 3021 3061 3093 longe
3091 3032 3175 3080 est
3209 3016 3456 3095 superior
3476 3042 3494 3078 :

1921 3111 2162 3180 ejusdem
2191 3126 2320 3181 ergo
2346 3121 2555 3167 naturae
2608 3110 2712 3167 erit
2742 3126 2862 3167 cum
2910 3110 3090 3180 Patre,
3150 3131 3256 3171 non
3316 3127 3497 3174 autem

1924 3216 2044 3253 cum
2078 3202 2143 3254 iis
2173 3202 2262 3271 qui
2313 3201 2657 3271 participant.

2603 3314 2835 3371 ALIUD.

1995 3446 2050 3500 Si
2087 3447 2517 3516 participatione,
2549 3462 2654 3502 non
2720 3457 2899 3503 autem
2945 3457 3160 3513 natura,
3203 3449 3314 3521 33
3351 3449 3496 3507 Deus

1922 3546 2003 3591 est
2063 3536 2253 3603 Filius,
2290 3538 2442 3592 multi
2478 3552 2607 3592 vero
2635 3546 2762 3591 sunt
2790 3536 3206 3607 participatione
3232 3540 3326 3604 dii,
3359 3540 3492 3593 nihil

1923 3630 2108 3699 itaque
2126 3630 2387 3700 dignitate
2405 3630 2657 3685 essentia:
2685 3628 2807 3683 aliis
2824 3631 3112 3687 antecellit.
3147 3629 3203 3684 Si
3222 3644 3349 3686 vero
3385 3645 3492 3685 non

1922 3721 2336 3789 participatione
2361 3721 2499 3791 (ipse
2519 3721 2662 3776 enim
2696 3729 2777 3775 est
2799 3720 3038 3774 omnium
3063 3720 3494 3791 quiparticipant

1922 3811 2440 3883 creator),ejusdem
2472 3812 2637 3882 igitur
2659 3814 2764 3868 erit
2790 3822 2997 3869 natura:
3030 3830 3150 3868 cum
3182 3814 3361 3878 Patre,
3388 3832 3492 3873 non

1923 3918 2044 3958 cum
2075 3903 2143 3958 iis
2176 3907 2267 3973 qui
2291 3903 2616 3974 participant

2592 4014 2823 4071 ALIUD.

1997 4129 2054 4185 Si
2084 4128 2262 4185 omnis
2288 4130 2522 4184 essentia
2556 4129 2852 4194 rationalis,
2885 4145 2990 4185 non
3039 4130 3317 4187 voluntate
3348 4134 3493 4201 sola,

1925 4222 2019 4278 sed
2048 4221 2259 4292 agendo
2278 4228 2334 4276 et
2362 4220 2614 4291 patiendo
2637 4229 2895 4291 operatur
2929 4237 2943 4274 :
2972 4221 3083 4277 sola
3117 4231 3295 4278 autem
3342 4224 3495 4295 inge-

1925 4315 2038 4371 nita
2071 4314 2308 4371 essentia
2343 4313 2572 4369 volendo
2604 4322 2659 4369 et
2680 4328 2786 4369 non
2813 4313 3062 4384 patiendo
3097 4329 3114 4370 :
3148 4317 3337 4372 volens
3362 4333 3490 4372 vero

1925 4419 1980 4465 et
2008 4423 2113 4465 non
2145 4408 2356 4479 patiens
2396 4415 2654 4477 operatur
2693 4406 2897 4475 Filius;
2930 4407 3048 4479 ejus
3078 4423 3206 4481 ergo
3246 4412 3496 4465 essentia:

240 4512 379 4582 μόνῃ
412 4504 853 4578 δημιουργούσης
899 4501 1088 4564 οὐσίας
1136 4497 1310 4565 ἐστὶν,
1361 4495 1477 4550 ἀλλ’
1504 4496 1564 4549 οὐ
1590 4496 1691 4566 τῆς
1728 4497 1816 4550 ἐν-

1926 4510 2145 4572 estqua:
2176 4498 2451 4556 voluntate
2488 4498 2605 4554 sola
2651 4507 2931 4568 operatur,
2989 4515 3093 4554 non
3146 4515 3241 4572 per
3285 4501 3494 4571 passio.

236 4600 507 4671 εργούσης
532 4594 673 4650 κατὰ
701 4594 898 4658 πάθος.

912 4705 997 4758 AA
1005 4704 1114 4758 ΔΟ.

308 4828 371 4880 EI
410 4827 517 4879 πᾶν
562 4824 624 4877 τὸ
664 4821 935 4892 γεννῆσαν
973 4818 1034 4873 οὐ
1077 4816 1252 4881 νόθον,
1304 4812 1592 4886 ὁμοούσιον
1638 4812 1818 4889 {agt};

236 4918 555 4988 γεγέννηκε,
589 4915 887 4985 γεγέννηκε
933 4911 988 4964 δὲ
1031 4912 1059 4963 6
1088 4908 1221 4972 Θεὸς
1250 4908 1341 4961 τὸν
1369 4907 1649 4979 Μονογενῆ
1669 4946 1684 4971 ,
1718 4906 1819 4961 οὐκ

240 5009 371 5061 ὄντα
396 5007 571 5073 νόθον,
614 5006 898 5076 ὁμοούσιον
929 5000 1037 5070 ἄρα
1077 4996 1254 5068 ἐαυτῷ
1279 4996 1627 5068 γεγέννηκεν.
1662 4996 1725 5049 El
1761 4995 1818 5048 δέ

239 5098 405 5165 γεννᾷ
460 5097 582 5168 μὲν,
616 5095 769 5149 νόθον
803 5093 857 5146 δὲ
884 5090 1152 5162 γεννήσας
1185 5090 1247 5143 οὐ
1278 5088 1595 5159 γεγέννηκε.
1623 5088 1820 5159 Χεῖρον

241 5190 351 5261 γάρ
378 5188 439 5241 τὸ
470 5188 620 5259 παρὰ
654 5185 814 5256 φύσιν
839 5182 934 5239 τοῦ
969 5181 1212 5254 μηδόλως
1240 5179 1624 5251 γεγεννῆσθαι.

910 5390 1113 5443 ΑΛΔΟ.

310 5508 377 5564 Εί
423 5508 514 5563 τὸν
564 5508 841 5579 Μονογενῆ
914 5505 1182 5577 γεννήσας
1231 5504 1260 5556 6
1315 5501 1447 5566 θεὸς
1494 5501 1589 5555 καὶ
1632 5502 1822 5573 Πατὴρ

239 5605 566 5677 κρειττόνως
604 5602 763 5673 ἡμῶν
817 5600 1116 5670 γεγέννηκε
1142 5638 1156 5663 ,
1206 5595 1504 5665 γεννῶντες
1555 5594 1611 5648 δὲ
1658 5596 1823 5665 ἡμεῖς

239 5693 670 5764 προϋπάρχομεν
699 5691 808 5744 τῶν
836 5690 1275 5759 γεγεννημένων,
1304 5689 1438 5754 Θεὸς
1480 5691 1587 5761 ἄρα
1616 5691 1821 5760 γεννῶν

238 5787 300 5839 οὐ
362 5784 727 5856 ποοῦπάρχει.
784 5783 846 5835 Et
893 5782 951 5836 δέ
1005 5781 1269 5845 ὡσαύτως
1314 5784 1443 5855 ἡμῖν
1494 5783 1819 5855 γεγέννηκεν

558 5880 828 5941 ΡΑτιιοι..
875 5880 990 5939 Gn.
1042 5878 1266 5938 LXXV.

1921 4609 2066 4650 nem.

2580 4702 2813 4760 ALIUD.

1994 4818 2049 4875 Si
2078 4819 2339 4890 quidquid
2366 4821 2553 4891 genuit
2579 4835 2685 4876 non
2724 4819 2993 4890 spurium,
3030 4818 3497 4875 consuostanttale

1922 4910 2025 4967 sibi
2052 4911 2151 4982 ipsi
2183 4912 2387 4980 genuit,
2412 4911 2554 4968 Deus
2576 4919 2755 4965 autem
2782 4909 2966 4980 genuit
2994 4909 3361 4978 Unigenitum,
3386 4923 3492 4962 non

1923 5006 2203 5074 spurium;
2235 5018 2363 5075 ergo
2384 5002 2894 5059 consubstantialem
2924 5001 3024 5055 sibi
3050 5002 3255 5070 genuit.
3286 4998 3343 5053 Si
3372 4998 3497 5068 qui-

1923 5096 2047 5153 dem
2074 5097 2269 5167 gignit,
2298 5096 2392 5151 sed
2422 5098 2665 5165 Spurium
2697 5094 3048 5165 gignensnon
3076 5091 3281 5160 genuit.
3338 5089 3497 5157 Pejus

1923 5190 2068 5245 enim
2099 5199 2180 5244 est
2215 5198 2412 5259 praeter
2443 5197 2689 5242 naturam
2717 5199 2859 5250 esse,
2895 5200 3055 5253 quatn
3103 5184 3155 5237 in
3183 5181 3496 5237 universum

1926 5279 2168 5347 genitum
2199 5292 2303 5331 non
2330 5291 2471 5331 esse.

2595 5386 2823 5444 ALIUD.

1995 5503 2052 5559 Si
2083 5518 2205 5560 cum
2241 5501 2385 5559 Deus
2433 5516 2495 5556 ac
2524 5499 2683 5556 Pater
2721 5498 3065 5570 Unigenitum
3113 5500 3296 5570 genuit
3342 5500 3500 5569 longe

1924 5594 2298 5667 praestantiore
2328 5592 2486 5649 modo
2529 5607 2691 5662 quam
2718 5607 2819 5648 nos
2840 5592 3058 5663 genuit;
3090 5606 3190 5646 nos
3220 5605 3348 5647 vero
3375 5604 3497 5645 cum

1926 5696 2249 5757 generamus
2300 5682 2510 5751 priores
2559 5695 2718 5751 quam
2762 5682 2853 5751 qui
2899 5697 2967 5737 ex
3006 5682 3161 5738 nobis
3209 5681 3499 5750 gignuntur

1927 5776 2271 5848 exsistimus;
2301 5773 2446 5834 Deus
2466 5787 2594 5846 ergo
2612 5773 2805 5833 Filium
2826 5775 3048 5846 gignens
3076 5773 3223 5843 prior
3247 5775 3362 5842 ipso
3391 5785 3497 5825 non
