4144 6534
225 386 319 441 Nl

1620 367 1901 425 THESAU
1914 366 2070 425 RUS.

3374 369 3475 425 ΗΞ

227 501 416 572 μόναις
467 499 700 561 ἐννοίαις
745 494 1117 566 δοκιμάζεται.
1168 492 1346 545 Ἔστω
1394 490 1451 543 δι
1496 488 1803 558 ὑπόδειγμα

1930 486 2019 542 sola
2051 485 2397 555 cogitatione.
2445 484 2528 540 Sit
2577 498 2703 540 vero
2763 484 3066 555 exemplum
3120 485 3389 543 dictorum
3422 489 3475 543 id

222 591 332 646 τῶν
378 588 694 660 λεγομένων
720 588 783 641 τὸ
811 585 961 657 παρά
1000 583 1079 655 τῷ
1108 582 1309 651 Παύλῳ
1335 579 1588 650 κείμενον
1607 595 1620 609 ·
1659 598 1678 631 ι
1708 577 1800 647 Τῷ

228 681 326 754 μὲν
350 682 483 753 γὰρ,
515 682 670 751 φησι,
693 678 903 732 δέδοται
932 676 1090 745 λόγος
1121 674 1314 744 σοφίας
1339 671 1493 743 παρά
1514 670 1610 725 τοῦ
1633 670 1803 724 Πνεύ-

228 789 432 843 ματος’
480 772 627 840 άλλῳ
667 768 725 824 δὲ
768 766 1084 840 χαρίσματα
1124 765 1396 836 ίαμάτων,
1430 781 1454 815 -ι
1496 761 1591 814 κα)⁸
1630 758 1802 813 πολλά

226 863 365 931 πρὸς
388 861 597 926 τούτοις
627 860 791 933 ἕτερα
816 860 956 923 θεὶς,
990 856 1192 925 ἐπάγει
1212 872 1226 887 ο
1265 876 1283 908 ι
1319 854 1506 909 Ταῦτα
1529 853 1587 907 δὲ
1624 852 1803 907 πάντα

224 954 441 1024 ἐνεργεῖ
469 954 529 1006 τὸ
556 952 615 1006 ἓν
639 952 733 1005 καὶ
767 952 828 1005 τὸ
855 949 991 1003 αὐτὸ
1023 948 1269 1019 Πνεῦμα.
1306 965 1324 1000 ι
1353 944 1486 1001 Εῐτα
1509 945 1672 1001 πάλιν
1697 960 1802 1013 φη-

228 1043 313 1097 σὶν
342 1045 423 1097 ὅτι
452 1043 689 1115 Ζηλοῦτε
718 1043 787 1097 τὰ
814 1042 1132 1113 χαρίσματα
1176 1040 1246 1095 τὰ
1268 1038 1515 1111 μείζονα.
1545 1032 1672 1108 'Ap'
1711 1030 1804 1089 οὖν

225 1135 506 1206 διαφέρειν
539 1135 615 1199 ὡς
646 1134 787 1207 πρὸς
820 1135 983 1188 ἐαυτὸ
1007 1132 1070 1186 τὸ
1100 1130 1328 1202 Πνεῦμα
1359 1128 1599 1198 ἐροῦσιν,
1639 1128 1673 1198 ἢ
1709 1126 1803 1194 οὐχ

226 1226 411 1298 ὅμοιον
440 1225 619 1297 ἐαυτῷ
662 1226 805 1280 κατὰ
833 1226 932 1298 τὴν
965 1223 1154 1278 οὐσίαν
1184 1217 1346 1287 εῖναι,
1379 1219 1567 1290 ἐπειδὴ
1607 1217 1806 1290 μικρὸν

230 1320 331 1389 μὲν
369 1320 427 1372 ἐν
467 1320 705 1390 μικροῖς,
734 1318 921 1389 μεῖξον
955 1315 1012 1369 δέ
1038 1317 1097 1368 ἐν
1141 1312 1354 1385 μείζοσι
1395 1310 1679 1382 φαίνεται,
1706 1308 1806 1379 τὴν

227 1411 337 1466 τῶν
364 1412 668 1483 δεχομένων
699 1410 814 1477 ἐξιν
848 1407 1128 1480 πληροῦν;
1162 1405 1302 1459 Ἀλλ’
1331 1403 1486 1476 οἶμαι
1517 1403 1594 1475 μὴ
1616 1400 1806 1456 τοσοῦ-

229 1516 321 1553 τον
363 1497 468 1563 ἔξω
513 1496 727 1569 φρενῶν
769 1494 1025 1566 γενέσθαι
1071 1494 1222 1559 τινὰ,
1276 1494 1351 1557 ὡς
1395 1492 1661 1563 τολμῆσαι
1715 1491 1809 1544 καὶ

229 1590 389 1644 τοῦτο
423 1590 617 1644 εἰπεῖν.
658 1587 867 1643 Οὐκοῦν
904 1586 1005 1658 τῆς
1042 1585 1335 1657 ἀσωμάτου
1376 1583 1591 1654 φύσεως
1624 1582 1685 1636 οὐ
1720 1580 1808 1634 δε-

231 1681 473 1752 χομένης
501 1680 586 1749 ἐφ’
612 1680 813 1751 ἑαυτῆς
828 1678 896 1732 δι’
929 1675 1126 1747 ἐαυτὴν
1150 1676 1212 1729 τὸ
1240 1675 1429 1745 μεῖζον
1449 1673 1544 1727 καὶ
1567 1672 1808 1737 ἔλαττον,

1902 578 2044 647 quod
2084 593 2113 630 a
2148 575 2317 631 Paulo
2364 576 2618 631 alfertur:
2660 593 2678 626 ι
2722 575 2827 630 Alii
2868 578 3036 641 enim,
3070 578 3270 648 inquit,
3317 581 3476 635 datus

1903 679 1988 723 est
2022 683 2204 723 sermo
2249 667 2528 737 sapientize
2553 682 2582 721 a
2608 667 2813 736 Spiritu
2843 683 2858 721 :
2891 667 2983 722 alii
3016 670 3189 739 gratia
3236 674 3474 727 curatio-

1904 774 2053 825 num,
2081 778 2099 810 ι
2138 759 2427 829 multisque
2456 758 2761 827 huiusmodi
2793 762 3254 828 commemoratis,
3277 763 3477 819 infert:

1910 847 2129 903 «Omnia
2150 862 2279 902 vero
2310 849 2422 903 haec
2444 858 2700 917 operatur
2720 858 2928 913 unuset
2952 849 3095 905 idem
3128 850 3435 921 Spiritus“.
3452 872 3474 906 ι

1907 940 2111 994 Deinde
2134 954 2346 993 rursum
2376 937 2631 993 hortatur
2664 948 2723 993 ut
2769 939 3220 1012 majoresgratias
3276 957 3307 998 a
3367 943 3481 1000 Deo

1909 1039 2176 1101 petamus.
2214 1029 2295 1083 An
2384 1029 2546 1099 igitur
2604 1026 2823 1084 differre
2875 1027 3133 1100 Spiritum
3193 1031 3247 1087 in
3301 1034 3521 1103 seipso~

1905 1120 2014 1192 85
2045 1121 2244 1185 dicent,
2274 1129 2366 1175 aut
2397 1119 2715 1175 dissimilem
2743 1120 2845 1175 sibi
2885 1122 2936 1175 in
2962 1123 3197 1177 essentia
3212 1138 3353 1191 esse,
3401 1127 3468 1181 si-

1907 1212 2123 1282 quidem
2150 1227 2355 1281 parvus
2388 1211 2440 1266 in
2461 1212 2667 1280 parvis,
2694 1211 2865 1280 major
2900 1215 2951 1267 in
2978 1212 3274 1282 majoribus
3305 1231 3476 1288 appa-

1910 1315 2014 1370 ret,
2040 1304 2447 1373 suscipientium
2476 1303 2713 1358 habitum
2735 1304 2998 1375 impletis?
3022 1307 3185 1378 Atqui
3209 1309 3478 1368 neminem

1911 1398 1983 1451 ita
2012 1405 2205 1451 emotae
2234 1396 2428 1452 mentis
2457 1396 2715 1461 arbitror,
2764 1406 2820 1450 ut
2884 1398 2986 1453 hoc
3027 1399 3208 1454 dicere
3254 1402 3473 1458 audeat.

1909 1490 2043 1544 Cum
2068 1489 2229 1558 igitur
2259 1489 2573 1559 incorporea
2605 1498 2797 1543 natura
2838 1504 2947 1544 non
2983 1491 3210 1561 recipiat
3230 1493 3282 1548 in
3309 1508 3367 1549 se
3388 1508 3486 1562 per

1912 1579 2149 1649 seipsam
2185 1578 2355 1650 magis
2389 1588 2482 1633 aut
2516 1580 2713 1648 minus,
2799 1582 3017 1650 quando
3057 1583 3307 1640 Christus
3353 1586 3486 1642 dicit

1912 1669 2127 1726 Patrem
2163 1686 2221 1728 se
2236 1672 2496 1740 majorem
2527 1688 2667 1741 esse,
2699 1689 2879 1730 sermo
2906 1676 2995 1732 hic
3025 1675 3347 1735 humanitati
3369 1680 3488 1748 ejus

230 1773 363 1827 ὅταν
390 1772 525 1843 λέγῃ
550 1770 782 1843 Χριστὸς
810 1768 1005 1823 ἐαυτοῦ
1030 1769 1124 1823 τὸν
1152 1766 1372 1837 Πατέρα
1394 1764 1638 1836 μείζονα,
1658 1762 1810 1817 ἐσται

1930 1765 2190 1829 ronvenit,
2219 1779 2327 1819 non
2361 1780 2489 1821 vero
2539 1765 2777 1820 divinam
2810 1781 2965 1821 suam
2999 1770 3289 1824 essentiam
3319 1770 3485 1841 laedit,

234 1863 396 1919 πάλιν
422 1866 488 1934 τῇ
526 1861 911 1934 ἀνθρωπότητι
937 1858 1161 1929 πρέπων
1188 1859 1215 1911 ό
1240 1856 1422 1926 λόγος,
1451 1855 1513 1908 οὐ
1542 1854 1642 1925 τῆς
1661 1853 1811 1916 θείας

1930 1854 2071 1923 ιιιεδὶ
2097 1853 2323 1910 inferior
2346 1869 2410 1909 ac
2439 1854 2618 1911 minor
2645 1858 2716 1911 sit
2749 1872 2847 1914 suo
2864 1856 3139 1915 Genitore.

232 1954 421 2019 οὐσίας
454 1953 618 2008 αὐτοῦ
650 1951 1037 2024 κατηγόρημα,
1065 1949 1142 2013 ὡς
1162 1949 1220 2003 ἐν
1250 1947 1499 2002 ἐλάττοσι
1526 1944 1806 2017 κειμένης.

233 2046 267 2119 ﬁ
303 2047 360 2102 ἐν
387 2039 469 2110 οἷς
492 2046 640 2100 ἐστιν
668 2045 697 2099 ό
721 2044 996 2115 Γεννήσας
1028 2039 1211 2098 αὐτόν.

468 2179 676 2246 ΑΔΛΟ,
701 2173 1138 2247 διηγηματικῶς
1165 2175 1252 2241 εις
1282 2174 1347 2228 τὸ
1365 2175 1579 2243 ῥητόν.

309 2315 473 2384 Λέγει
504 2332 607 2369 που
632 2313 885 2385 Χριστός
917 2329 936 2364 ι
966 2311 1027 2365 Ὀ
1052 2310 1242 2382 Πατὴρ
1270 2310 1300 2363 ό
1333 2309 1555 2380 πέμψας
1580 2326 1668 2380 με,
1698 2307 1816 2379 μεῖ-

243 2410 351 2475 ζων
398 2407 500 2479 μού
543 2407 682 2459 ἐστι.
716 2424 735 2456 ι
798 2406 1083 2476 Μαρτυρεῖ
1109 2402 1167 2455 δέ
1196 2401 1361 2456 πάλιν
1391 2403 1425 2471 ή
1460 2400 1583 2454 θεία
1627 2399 1818 2472 Γραφὴ

245 2500 376 2572 περὶ
400 2497 566 2552 αὐτοῦ
592 2497 673 2550 ὅτι
696 2515 713 2548 ι
735 2497 845 2565 υύχ
874 2493 1165 2567 άρπαγμδν
1187 2493 1435 2564 ἡγήσατο
1462 2490 1523 2544 τὸ
1557 2486 1697 2545 εἶναι
1727 2491 1821 2544 ἴσα

245 2590 385 2663 Θεῷ.
423 2609 443 2643 ι
476 2588 601 2652 Πῶς
630 2582 725 2641 οὖν
754 2586 909 2640 ἔσται
945 2587 1037 2639 καὶ
1064 2586 1200 2648 ἶσος,
1224 2583 1319 2636 καὶ
1349 2580 1569 2653 μείζονα
1596 2580 1709 2647 ἕξει
1730 2579 1822 2634 τὸν

246 2683 487 2754 Πατέρα,
541 2678 805 2752 ζητητέον
837 2675 1118 2749 ἀκριϐῶς·
1152 2674 1373 2731 ἐναντία
1416 2672 1525 2742 γάρ
1571 2671 1825 2744 ἀλλήλοις

244 2775 315 2829 τὰ
365 2772 596 2829 τοιαῦτα
640 2773 809 2824 ἐστιν.
849 2769 1067 2837 Ἐπειδὴ
1115 2768 1179 2822 δὲ
1218 2764 1542 2836 δοκιμάζειν
1584 2765 1825 2828 εὐσεϐῶς

247 2866 541 2937 πρόκειται
572 2863 642 2916 τὰ
678 2860 838 2932 ῥητὰ,
870 2859 995 2913 οὔτε
1027 2860 1089 2912 τὸ
1128 2859 1241 2911 ἴσον
1272 2856 1612 2926 ἐκϐαλοῦμεν
1643 2856 1733 2909 διὰ
1764 2857 1827 2909 τὸ

250 2957 452 3027 μεῖζον,
487 2954 613 3010 οὐτε
651 2955 756 3026 μὴν
781 2953 844 3006 τὸ
866 2953 1050 3023 μεῖζον
1080 2952 1169 3005 διά
1200 2950 1260 3004 τὸ
1293 2949 1405 3003 ἴσον
1434 2949 1821 3019 ἀναιρήσομεν⁹

248 3052 515 3122 κρατήσει
549 3048 592 3101 δ’
639 3046 927 3119 ἀμφότερα
975 3044 1209 3115 Θεωρίας
1240 3041 1479 3105 εὐσεϐῶς
1510 3038 1827 3109 εἰσφερομέ-

248 3162 347 3215 νης
374 3144 460 3195 ἐπ’
494 3142 697 3204 αὐτοῖς.
722 3136 929 3194 Οὐκοῦν
961 3135 1109 3206 ἁπλῆ
1136 3152 1220 3197 τις
1241 3129 1378 3187 οὖσα
1408 3132 1504 3186 καὶ
1531 3128 1826 3192 ἀσύνθετος

250 3237 284 3304 ἡ
320 3233 423 3302 τῆς
467 3230 724 3301 θεότητος
770 3226 968 3298 φύσις,
1018 3226 1118 3279 οὐκ
1154 3224 1220 3280 ἂν
1268 3223 1480 3295 ἐτμήθη
1530 3222 1660 3276 ποτέ
1710 3222 1830 3284 ταῖς

252 3322 520 3384 ἐπινοίαις
554 3321 634 3384 είς
669 3318 838 3374 δυάδα
870 3315 1085 3385 Πατρδς
1127 3315 1223 3369 καὶ
1248 3312 1401 3379 Υίοῦ,
1434 3313 1483 3365 εί
1521 3313 1594 3383 μή
1624 3328 1707 3374 τις
1739 3311 1825 3363 εὑ-

252 3414 401 3466 δόκει
429 3410 754 3484 προκεῖσθαι
785 3406 1041 3479 διαφορὰ,
1072 3408 1134 3460 οὐ
1161 3405 1301 3459 κατά
1327 3405 1426 3477 τὴν
1447 3404 1637 3459 οὐσίαν
1665 3405 1829 3474 φημί,

257 3504 372 3557 ἀλλ’
403 3504 601 3569 ἔξωθεν
633 3499 1015 3570 ἐπινοουμένη,
1057 3498 1124 3552 δι’
1167 3492 1236 3570 ἦς
1270 3497 1333 3551 τὸ
1359 3496 1623 3566 ἐκατέρου
1662 3495 1832 3565 πρόσο

261 3613 409 3649 ωπον
441 3594 757 3664 εἰσφέρεται
791 3592 850 3645 ἐν
891 3588 1166 3661 ίδιαζούσῃ
1193 3587 1291 3659 μὲν
1316 3585 1613 3640 ὑποστάσει
1646 3584 1837 3653 κείμε-

261 3704 372 3752 νον,
404 3689 484 3751 είς
512 3687 740 3756 ἐνότητα
763 3684 821 3737 δὲ
854 3681 1109 3752 θεότητος
1138 3678 1226 3733 διὰ
1253 3678 1577 3747 ταυτότητος
1599 3675 1841 3745 φυσικῆς

265 3779 655 3851 σφιγγόμενον,
684 3776 774 3831 ἴνα
808 3775 883 3846 μή
911 3790 994 3836 τις
1020 3771 1282 3841 ἀνάχυσις
1307 3768 1401 3823 καὶ
1433 3768 1596 3820 οἱονεὶ
1626 3766 1838 3838 φυρμδς

265 3872 489 3943 γένηται
512 3868 723 3939 Πατρὸς
747 3867 840 3920 καὶ
866 3862 1021 3925 Υίοῦ,
1045 3862 1125 3925 εἰς
1157 3860 1325 3932 μόνην
1354 3857 1514 3912 ἐνάδα
1537 3855 1838 3929 τρεχούσης

264 3964 367 4035 τῆς
397 3962 784 4025 ὑποστάσεως,
832 3958 931 4027 τῆς
966 3953 1167 4024 πολλῆς
1216 3951 1337 4006 λίαν
1386 3948 1704 4022 ὁμοιότητος
1740 3946 1842 4000 οὐκ

266 4054 444 4125 ἐώσης
488 4049 778 4123 φαίνεσθαι
823 4048 1020 4101 δυάδα’
1065 4045 1140 4108 ὡς
1187 4041 1443 4097 ἐντεῦθεν
1484 4040 1588 4112 ἢδη
1624 4039 1719 4094 καὶ
1750 4038 1843 4093 τὸν

267 4146 427 4200 αὐτὸν
461 4142 683 4214 Πατέρα
725 4139 821 4195 καὶ
855 4139 981 4192 Υίὺν
1011 4133 1360 4190 ὑπονοεῖσθαι
1404 4133 1559 4202 παρά
1592 4148 1733 4184 τισιν
1764 4131 1843 4193 είς

267 4238 437 4295 δυάδα
490 4234 798 4308 μηδαμόθεν
843 4229 1261 4304 χωριζομένους.
1304 4226 1523 4295 Ἐπειδὴ
1572 4225 1629 4279 δὲ
1677 4225 1843 4296 ἐχρῆν

270 4327 469 4382 ειδέναι
506 4324 602 4378 καὶ
634 4323 734 4393 τὴν
759 4322 1097 4391 γεννήσασαν
1124 4316 1289 4386 φύσιν
1321 4316 1414 4369 καὶ
1445 4314 1546 4386 τὴν
1570 4312 1847 4385 γεννηθεῑη

274 4435 373 4473 σαν
398 4416 459 4484 ἐξ
487 4415 676 4485 αὐτῆς,
706 4412 949 4466 τέθεικεν
982 4413 1015 4482 ἡ
1045 4409 1163 4462 θεία
1191 4405 1385 4478 Γραφὴ
1422 4405 1481 4463 τὸ
1514 4404 1608 4459 τοῦ
1634 4402 1847 4474 Ilasz;

2158 2154 2387 2224 ALIUD,
2412 2157 2726 2227 explicatius
2766 2159 2819 2213 in
2849 2160 3049 2216 dictum
3083 2162 3235 2219 illud.

1985 2294 2235 2351 Christus
2270 2295 2463 2352 alicubi
2510 2296 2624 2352 ait:
2670 2314 2689 2349 ι
2716 2294 2879 2352 Pater
2905 2297 2995 2369 qui
3023 2298 3169 2355 misit
3193 2314 3299 2366 me,
3324 2301 3495 2372 major

1920 2400 2006 2440 me
2039 2395 2119 2441 est
2151 2388 2218 2442 ¹⁹.
2263 2407 2279 2440 ι
2311 2386 2500 2442 Divina
2526 2388 2689 2444 etiam
2727 2388 3008 2459 Scriptura
3041 2389 3148 2446 hoc
3203 2393 3268 2446 de
3319 2409 3385 2448 eo
3410 2403 3493 2449 te-

1922 2486 2119 2544 statur,
2154 2479 2295 2547 quod
2331 2496 2350 2530 ι
2388 2478 2505 2534 Νοη
2551 2480 2794 2550 rapinam
2836 2479 3135 2554 arbitratus
3171 2492 3253 2537 est
3290 2499 3348 2540 se
3374 2499 3497 2542 esse

1924 2566 2185 2635 aequalem
2219 2566 2330 2623 Deo
2362 2566 2427 2622 ’⁸.
2457 2587 2480 2619 ο
2510 2567 2756 2634 Quonam
2792 2570 2954 2639 igitur
2977 2580 3136 2638 pacto
3172 2570 3380 2630 futurus
3427 2575 3501 2631 sit

1925 2656 2167 2726 aequalis,
2207 2666 2265 2713 et
2285 2658 2544 2729 majorem
2574 2675 2634 2715 se
2667 2661 2952 2717 habiturus
2975 2661 3214 2733 Patrem,
3245 2677 3500 2725 accurate

1928 2747 2085 2802 nobis
2116 2747 2493 2818 inquirendum
2517 2757 2601 2805 est
2638 2768 2652 2805 :
2699 2766 2942 2822 pugnare
2983 2755 3132 2809 enim
3189 2758 3303 2814 haec
3357 2758 3502 2816 inter

1927 2854 1986 2892 se
2025 2839 2293 2896 videntur.
2313 2841 2445 2896 Cum
2480 2853 2658 2897 autem
2686 2845 2844 2899 nobis
2894 2848 3229 2917 propositum
3294 2852 3369 2905 sit
3413 2853 3500 2921 pie

1930 2931 2043 2984 haec
2064 2931 2204 2985 dicta
2239 2932 2573 2999 exantinare,
2601 2949 2776 3004 neque
2797 2936 3107 3004 aqualitate
3142 2954 3262 2994 eum
3315 2942 3502 3010 priva-
3534 2944 3537 2947 ’

1929 3020 2128 3085 bimus,
2157 3033 2222 3074 eo
2250 3021 2394 3089 quod
2445 3021 2621 3091 major
2652 3024 2723 3079 sit
2745 3024 2939 3092 Pater;
2976 3043 3149 3097 neque
3186 3044 3369 3087 rursus
3395 3048 3504 3088 ma-

1926 3109 2095 3176 jorem
2129 3124 2249 3166 esse
2269 3109 2488 3167 Patrem
2530 3114 2845 3183 negabimus
2865 3117 2935 3172 ob
2964 3120 3326 3188 aequalitatem
3357 3122 3502 3182 Filii.

1856 3187 1902 3247 (ἶ
1938 3202 2235 3272 Utrumque
2255 3203 2399 3259 enim
2433 3202 2608 3258 locum
2637 3204 2937 3275 habebit,si
2955 3187 3127 3278 eaipie
3156 3213 3504 3271 considerare

1936 3295 2343 3365 intelligereque
2395 3293 2640 3351 velimus.
2676 3297 2911 3369 Simplex
2942 3301 3122 3370 itaque
3144 3313 3194 3358 et
3218 3319 3322 3360 non
3360 3319 3507 3364 com-

1936 3388 2105 3457 posita
2138 3387 2354 3442 deitatis
2383 3396 2576 3443 natura
2618 3404 2892 3458 nunquam
2942 3392 2996 3446 in
3030 3394 3353 3452 dualitatem
3410 3399 3523 3455 Par

1938 3479 2034 3533 tris
2061 3487 2115 3533 et
2168 3476 2285 3532 Filii
2311 3487 2457 3533 secta
2482 3478 2692 3545 fuisset,
2736 3481 2835 3537 nisi
2864 3483 3012 3552 prius
3046 3485 3221 3554 aliqua
3258 3489 3509 3548 differen-

1941 3572 2007 3622 tia
2044 3569 2208 3623 fuisse
2247 3570 2360 3623 visa
2401 3580 2565 3637 esset,
2604 3587 2707 3627 non
2739 3576 3030 3630 secundum
3070 3580 3380 3647 essentiam,
3415 3588 3508 3640 sed

1937 3659 2277 3715 extrinsecus
2303 3659 2600 3726 intellecta,
2637 3676 2734 3731 per
2761 3679 2919 3732 quant
2955 3668 3240 3736 utriusque
3282 3685 3509 3736 persona

1941 3752 2215 3806 inducitur
2236 3752 2498 3820 peculiari
2524 3754 2742 3822 quidem
2779 3757 3050 3828 hypostasi
3112 3768 3388 3827 constans,
3419 3767 3513 3819 sed

1942 3844 1995 3897 in
2021 3844 2282 3898 unitatem
2325 3844 2629 3900 divinitatis
2668 3861 2766 3915 per
2819 3850 3119 3903 naturalem
3173 3852 3513 3907 identitatem

1943 3935 2263 4001 constricta;
2296 3949 2363 3989 ne
2387 3935 2564 4003 aliqua
2595 3936 2839 3991 confusio
2891 3937 2981 3993 [lat
3036 3939 3215 3997 Patris
3276 3953 3329 3996 et
3371 3944 3514 4011 Filii,

1945 4037 2299 4081 concurrente
2331 4027 2383 4082 in
2415 4030 2582 4082 solam
2605 4029 2867 4082 unitatem
2893 4032 3193 4100 hypostasi,
3218 4049 3338 4087 cum
3367 4052 3515 4105 mag-j

1948 4135 2013 4172 na
2045 4118 2332 4187 quaeinter
2387 4136 2480 4174 eos
2527 4121 2819 4177 intercedit
2868 4124 3163 4181 similitudo
3204 4127 3516 4182 dualitatem

1948 4225 2209 4280 apparere
2237 4227 2339 4266 non
2368 4212 2555 4267 sinat:
2596 4214 2730 4268 adeo
2780 4223 2839 4269 ut
2893 4216 3016 4270 hinc
3069 4218 3316 4273 nonnulli
3370 4221 3518 4275 inter

1951 4301 2163 4355 Patrem
2190 4312 2244 4355 et
2274 4301 2468 4356 Filium
2505 4304 2702 4358 nullam
2725 4305 2885 4374 plane
2949 4307 3263 4363 dualitatem
3323 4312 3524 4368 consti-

1953 4394 2173 4446 tuerint.
2189 4392 2318 4446 Cum
2349 4407 2479 4447 vero
2499 4404 2781 4462 oporteret
2803 4405 2859 4449 et
2876 4409 3225 4465 generantem
3248 4411 3520 4463 naturam,

274 4511 445 4581 ὄνομα
483 4507 579 4561 καὶ
602 4505 665 4558 τὸ
695 4503 789 4556 τοῦ
833 4500 984 4564 Υίοῦ,
1032 4500 1117 4553 ἵνα
1148 4498 1261 4567 φῶς
1307 4499 1372 4551 ἐκ
1407 4499 1582 4568 φωτὸς
1622 4495 1811 4564 νοῆται

1952 4495 2006 4540 et
2034 4500 2153 4540 eam
2180 4500 2300 4554 quae
2328 4500 2393 4541 ex
2412 4501 2473 4541 ea
2510 4487 2689 4556 genita
2716 4497 2800 4542 est
2827 4503 3172 4558 cognoscere,
3196 4506 3348 4546 sacra
3380 4490 3528 4547 Scri-

275 4604 371 4656 καὶ
407 4600 666 4670 ἑκάτερον
694 4597 753 4649 ἐν
787 4595 895 4665 ίδίᾳ
931 4590 1229 4646 ὑποστάσει
1274 4589 1589 4660 σωζομένης
1620 4586 1706 4641 ἐπ’
1743 4587 1849 4657 άμ-

276 4697 398 4765 φοῖν
435 4693 535 4762 τῆς
570 4688 899 4760 ταυτότητος
926 4685 1059 4757 πρὸς
1093 4684 1183 4737 τὸν
1208 4683 1415 4752 ἓτερον.
1454 4679 1851 4734 Ἀκολουθοῦσα

275 4787 333 4840 δὲ
370 4784 529 4839 πάλιν
557 4785 623 4852 τῇ
653 4781 777 4835 καθ’
808 4780 955 4851 ἡμᾶς
1004 4774 1294 4846 συνηθείᾳ,
1338 4774 1399 4826 τὸ
1450 4771 1674 4845 μείζονα
1708 4772 1838 4826 ἀπο-

276 4876 457 4929 δίδωσι
489 4872 566 4943 τῷ
612 4869 812 4940 Πατρὶ,
850 4868 938 4921 ἵνα
968 4863 1303 4934 πανταχόθεν
1347 4865 1379 4934 ἡ
1416 4862 1546 4926 δυὰς
1572 4861 1667 4916 καὶ
1694 4860 1755 4914 τὸ
1789 4860 1851 4923 ἐξ

277 4962 339 5020 οὑ
371 4963 703 5036 σημαίνηται
728 4977 738 4988 ·
772 4958 1185 5029 προσμαρτυρεῖ
1206 4954 1265 5007 δέ
1283 4954 1343 5008 τὸ
1373 4954 1506 5021 ἴσον,
1538 4952 1624 5005 ἵνα
1660 4954 1734 5022 μή
1764 4966 1850 5012 τις

280 5058 409 5129 περὶ
438 5054 535 5125 τὴν
557 5052 747 5107 οὐσίαν
772 5047 1101 5120 ἀνομοιότης
1123 5049 1310 5116 νοῆται
1330 5044 1545 5115 Πατρὸς
1577 5042 1670 5096 καὶ
1696 5038 1850 5093 Υίοῦ.

284 5150 425 5211 Ἰσος
453 5144 736 5215 τοιγαροῦν
766 5141 908 5197 κατὰ
939 5141 1030 5193 τὸν
1061 5138 1157 5210 τῆς
1183 5137 1371 5199 οὐσίας
1403 5136 1561 5204 λόγον
1593 5133 1855 5202 ὑπάρχων

279 5243 309 5294 ὁ
343 5238 468 5301 Υἱὸς
501 5235 575 5307 τῷ
604 5235 780 5306 Πατρὶ
831 5234 927 5287 καὶ
974 5233 1157 5302 ὅμοιος
1200 5230 1341 5283 κατά
1383 5228 1583 5291 πάντα,
1634 5224 1858 5298 μείζονα

1957 4586 2113 4649 ptura
2176 4576 2352 4632 Patris
2389 4588 2443 4633 et
2470 4577 2589 4632 Filii
2622 4579 2839 4633 nomina
2905 4581 3200 4647 constituit,
3236 4593 3293 4637 ut
3348 4583 3526 4638 lumen

1956 4685 2019 4725 ex
2059 4669 2261 4725 lumine
2306 4669 2719 4740 intelligeretur,
2744 4672 2958 4740 utrique
2988 4675 3262 4741 pr0priam
3290 4689 3443 4729 suam
3463 4690 3528 4729 ae

1958 4762 2283 4833 peculiarem
2319 4762 2651 4833 hypostasim
2702 4762 2964 4829 tribuens,
3006 4774 3217 4820 servata
3263 4774 3441 4820 tamen
3477 4767 3528 4820 in

1958 4861 2190 4922 utroque
2219 4854 2757 4907 naturmidentitate.
2801 4852 3009 4908 Nostra:
3061 4870 3189 4909 vero
3230 4864 3529 4911 consuetu-

1960 4945 2069 4998 dini
2094 4958 2214 4999 scse
2242 4947 2674 5012 accommodans,
2709 4945 2853 4998 Patri
2880 4945 2980 4999 hoc
3012 4945 3195 5000 tribuit
3247 4955 3305 4999 ut
3360 4945 3533 5014 major

1960 5036 2064 5090 sit:
2094 5046 2155 5090 ut
2181 5036 2435 5095 nimirum
2490 5038 2847 5107 undequaque
2904 5036 3135 5090 dualitas
3177 5050 3531 5103 personarum

1961 5130 2231 5199 gignentis
2260 5139 2313 5183 et
2333 5131 2527 5199 genitae
2561 5129 2913 5199 signiﬁcetur;
2947 5126 3134 5181 tribuit
3158 5137 3338 5182 autem
3364 5144 3537 5197 aequa.

1962 5222 2192 5286 litatem,
2220 5236 2287 5276 ne
2317 5222 2495 5291 aliqua
2524 5221 2700 5277 Patris
2733 5237 2762 5275 ιι
2802 5221 2939 5276 Filio
2964 5219 3212 5274 essentia:
3262 5220 3539 5276 dissimili-

285 5330 447 5385 αὑτόν
479 5345 641 5399 φησιν
691 5328 765 5389 ὡς
809 5324 1062 5397 ἄναρχον,
1105 5322 1243 5393 έχων
1285 5321 1459 5393 ἀρχὴν
1505 5318 1646 5373 κατά
1698 5316 1827 5388 μόνο

1965 5313 2094 5369 tudo
2115 5312 2462 5383 intelligatur.
2499 5310 2743 5382 Equalis
2787 5312 2968 5380 itaque
3023 5311 3275 5366 essentia
3331 5311 3541 5367 ratione

285 5423 347 5476 τὸ
373 5422 431 5487 ἐξ
461 5417 543 5485 οὐ,
591 5422 639 5473 εί
669 5419 761 5472 καὶ
798 5417 1096 5487 σύνδρομον
1130 5414 1279 5485 αὐτῷ
1310 5412 1405 5485 τὴν
1441 5408 1676 5481 ὓπαρξιν
1725 5408 1857 5479 ἔχει.

1966 5404 2235 5461 exsistens
2261 5417 2383 5459 cum
2448 5401 2608 5459 Patre
2657 5401 2847 5467 Filius.
2882 5401 3181 5472 similisque
3212 5416 3307 5472 per
3331 5402 3539 5465 omnia,

290 5520 545 5590 majorem
566 5516 715 5571 illum
736 5522 911 5579 vocat,
947 5524 1199 5582 tanquam
1253 5508 1520 5581 principio
1550 5515 1849 5568 cartrnlettt,
1888 5501 2001 5573 83
2046 5502 2160 5571 ipse
2190 5500 2515 5572 principium
2576 5498 2778 5556 habens
2806 5511 2870 5553 ea
2912 5505 3120 5554 tantum
3160 5497 3367 5554 ratione
3396 5496 3540 5566 quod

286 5634 350 5673 ex
380 5614 535 5670 Patre
584 5621 686 5679 est,
723 5610 935 5666 tametsi
988 5607 1318 5664 exsistentiae
1389 5604 1599 5660 ratione
1660 5615 1780 5655 cum
1831 5614 1895 5654 eo
1935 5597 2239 5654 conveniat.

362 5794 405 5826 “
434 5792 453 5847 l
478 5791 603 5848 Cor.
635 5805 732 5858 λιι,
766 5790 851 5857 10,
892 5788 976 5845 ll.
1056 5787 1097 5821 "
1132 5784 1287 5873 Ινιι.
1330 5798 1437 5850 xw,
1466 5782 1557 5840 ΞΒ.
1636 5781 1681 5813 ⁸⁸
1711 5777 1941 5851 Philipp.
1978 5794 2036 5844 ll,
2072 5779 2125 5834 6.
