4144 6632
577 394 682 449 ηδ
1569 373 1627 428 S.
1670 370 1949 428 CYRILLI
1990 362 2465 424 ALEXANDRINI
2506 361 2829 418 ARCHIEP.
3768 360 3901 412 ΗΔ

1259 492 1492 549 ALIUD.

2956 481 3162 536 ΑΛΛΟ.

642 617 772 684 Qua:
803 610 1045 681 ejusdem
1082 607 1406 664 substantiae
1437 614 1561 662 sunt
1595 614 1649 660 et
1706 614 1938 668 naturze,
1986 602 2162 670 magis

2338 596 2420 649 Τὰ
2450 596 2549 665 τῆς
2588 594 2760 666 αὐτῆς
2803 594 2992 659 οὐσίας
3034 593 3164 648 ὄντα
3216 593 3311 645 καὶ
3358 590 3574 661 φύσεως
3617 591 3717 645 καὶ
3768 593 3892 661 τὴν

548 708 737 762 -etiant
776 703 998 776 pr0prie
1024 701 1170 756 inter
1200 713 1260 754 se
1293 697 1529 753 conferri
1560 704 1818 766 possunt;
1851 710 1971 765 quae
2034 707 2164 748 vero

2275 689 2406 760 πρὸς
2436 687 2642 757 ἄλληλα
2690 687 2981 759 σύγκρισιν
3011 685 3355 758 κυριωτέραν
3402 685 3753 757 ἐπιδέχεταυ
3802 687 3891 736 τὰ

573 800 647 853 ita
676 809 798 853 sese
825 809 935 849 non
968 793 1193 857 habent,
1219 791 1314 844 sed
1337 788 1569 843 diversa:
1598 796 1811 841 naturae
1831 795 1978 846 sunt,
1998 795 2163 853 atque

2275 781 2319 835 5s
2355 780 2429 853 μὴ
2452 780 2624 845 οὕτως
2653 779 2868 852 ἔχοντα,
2898 777 3170 851 ἑτεροφυῆ
3194 777 3251 832 δὲ
3273 777 3425 844 ὄντα,
3446 777 3542 832 καὶ
3572 778 3662 831 διά
3702 776 3891 830 τοῦτο

570 904 634 945 ea
671 890 739 945 de
766 899 933 943 causa
957 883 1281 941 diversitate
1311 879 1552 951 quadam
1585 879 1729 933 inter
1763 891 1823 933 se
1881 876 2160 941 distincta,

2275 874 2577 946 τεμνόμενα
2633 873 2768 946 πρὸς
2824 871 3252 943 ἀλλοτριότητα,
3309 870 3409 925 οὐκ
3467 870 3534 925 ἂν
3603 869 3885 941 ἀλλήλοις

572 978 878 1051 comparari
926 974 1034 1033 sibi
1072 973 1303 1030 invicem
1356 987 1462 1027 non
1499 978 1751 1041 possunt.
1802 966 1989 1037 Neque
2015 967 2161 1022 enim

2275 967 2655 1039 συγκρίνοιτοο
2685 965 3015 1023 ἀπαιδευσία
3049 966 3159 1038 γὰρ
3190 964 3349 1019 τοῦτό
3393 981 3477 1035 γε.
3524 965 3600 1018 Οὐ
3631 964 3753 1036 γὰρ
3809 963 3887 1017 ἄν

574 1075 866 1142 quisquam
888 1069 993 1125 nisi
1016 1067 1205 1138 judicii
1234 1065 1413 1134 inops,
1439 1061 1675 1118 hominis
1706 1069 1959 1116 naturam
1985 1058 2165 1128 inqui-

2275 1074 2351 1122 τις
2380 1057 2525 1111 εῐποι
2550 1058 2675 1111 νοῦν
2708 1056 2866 1127 ἔχων,
2895 1056 3121 1127 μείζονα
3142 1054 3238 1109 τοῦ
3263 1054 3553 1126 ἀνθρώπου
3587 1055 3683 1109 τὸν
3707 1053 3879 1125 βοῦν,

575 1180 704 1221 rens
729 1166 895 1229 dicat,
925 1163 1118 1218 bovem
1144 1158 1365 1216 homine
1392 1154 1661 1226 majorem
1689 1166 1836 1218 esse,
1876 1159 1970 1206 aut
1998 1150 2162 1206 vicis-

2275 1149 2375 1222 τὴν
2403 1148 2695 1220 ἀνθρώπου
2720 1148 2882 1219 φύσιν
2913 1147 3150 1220 ἐρευνῶν
3168 1165 3184 1182 ·
3218 1147 3327 1202 οὐδ’
3357 1143 3427 1202 αὖ
3460 1148 3621 1202 πάλιν
3641 1148 3752 1220 τὴν
3775 1147 3881 1201 τοῦ

574 1258 678 1313 sim
694 1256 845 1311 bovis
864 1262 1115 1309 naturam
1160 1265 1321 1307 nosse
1350 1247 1561 1311 volens,
1592 1245 1736 1301 dicat
1764 1243 2042 1300 hominem
2090 1257 2158 1297 eo

2275 1242 2395 1314 βοὸς
2421 1242 2687 1314 ἐκμαθεῖν
2719 1242 2983 1313 βούλοιτο,
3003 1240 3227 1313 μείζονα
3242 1240 3435 1295 τούτου
3460 1242 3550 1295 τδν
3572 1241 3879 1314 ἄνθρωπον

578 1350 837 1418 majorem
866 1361 1007 1402 esse.
1055 1343 1186 1412 Quae
1228 1342 1372 1398 enim
1403 1337 1646 1410 ejusdem
1679 1346 1891 1393 natura:
1931 1349 1998 1390 ac
2037 1348 2164 1404 spe-

575 1441 678 1496 ciei
706 1448 852 1503 sunt,
880 1448 939 1492 ut
965 1437 1168 1492 dictum
1195 1442 1300 1499 est,
1334 1447 1396 1487 ea
1422 1429 1709 1486 commode
1742 1438 1980 1498 apteque
2022 1426 2167 1481 inter

576 1531 1031 1590 seconferuntur.
1068 1528 1127 1584 Si
1167 1527 1353 1595 itaque
1379 1524 1683 1589 confertur,
1706 1521 2004 1578 secundum
2048 1533 2165 1583 vos,

578 1623 749 1680 Filius
772 1638 894 1678 cum
914 1621 1095 1685 Patre,
1131 1619 1343 1674 ratione
1375 1614 1599 1685 majoris
1631 1623 1688 1670 et
1739 1613 1992 1678 minoris,
2033 1627 2169 1666 con-

575 1713 949 1771 substantialis
976 1719 1129 1768 certe
1152 1724 1329 1780 neque
1362 1708 1617 1763 diversus
1644 1707 1713 1761 ab
1740 1719 1807 1761 eo
1864 1705 1993 1760 erit.
2024 1704 2168 1760 Con-

573 1802 925 1861 substantiale
956 1812 1276 1857 autemnon
1312 1806 1493 1870 potest
1556 1795 2016 1853 consubstantiali
2057 1810 2167 1847 ma-

2266 1337 2436 1407 λέγοι.
2469 1336 2553 1391 Τά
2581 1336 2692 1407 γὰρ
2729 1337 2943 1407 ὸμοφυῆ
2976 1350 3036 1387 τε
3068 1334 3163 1388 καὶ
3192 1332 3415 1404 ὁμοειδῆ
3441 1371 3456 1398 ,
3498 1333 3759 1406 καθάπερ
3794 1332 3880 1386 εῖ-

2271 1444 2458 1499 ρηται,
2492 1425 2593 1498 τὴν
2622 1425 2759 1497 πρὸς
2786 1424 2995 1496 ἄλληλα
3021 1422 3316 1495 σύγκρισιν
3348 1422 3645 1478 ἀκόλουθόν
3670 1440 3731 1477 τε
3770 1422 3879 1476 καὶ

2272 1518 2591 1590 πρέπουσαν
2619 1517 2757 1589 ἔχει.
2786 1517 2851 1571 Ei
2889 1517 3072 1571 τοίνυν
3103 1516 3492 1589 συγκρίνεται,
3528 1518 3653 1571 καθ’
3691 1517 3875 1589 ὑμᾶς.

2266 1612 2296 1664 6
2321 1612 2451 1675 Υίὸς
2477 1610 2555 1682 τῷ
2586 1612 2763 1682 Πατρὶ
2792 1609 2934 1664 κατά
2962 1609 3023 1663 τὸ
3060 1607 3246 1681 μεῖζον
3271 1610 3369 1665 καὶ
3401 1610 3642 1676 ἔλαττον,
3666 1610 3880 1682 ὁμοού-

2272 1725 2387 1771 σιος
2425 1708 2535 1779 ἄρα
2568 1705 2661 1760 καὶ
2683 1706 2784 1759 οὐκ
2814 1705 3097 1778 ἀλλότριος
3125 1703 3293 1760 αὐτοῦ
3327 1706 3496 1759 ἐστιν.
3543 1704 3875 1776 Ὀμοούσιον

2272 1796 2331 1850 δὲ
2356 1794 2647 1865 ὁμοουσίου
2675 1794 2777 1848 οὐκ
2806 1792 2874 1847 ἂν
2900 1795 3112 1863 γένοιτο
3143 1793 3328 1865 μεῖζον
3350 1794 3445 1848 καὶ
3474 1793 3698 1848 ἔλαττον
3723 1794 3878 1846 κατὰ

569 1896 659 1964 jus
682 1904 773 1949 aut
792 1894 973 1948 minus
1009 1906 1133 1948 esse
1159 1891 1370 1947 ratione
1392 1888 1715 1946 substantia:
1752 1903 1769 1943 :
1816 1902 1994 1958 neque
2022 1886 2166 1940 enim

2275 1890 2363 1943 τὸν
2395 1889 2495 1959 τῆς
2528 1887 2716 1950 οὐσίας
2744 1887 2900 1957 λόγον
2930 1905 2943 1918 ’
2973 1888 3034 1941 οὐ
3066 1886 3176 1959 γὰρ
3204 1885 3409 1959 μείζων
3436 1887 3726 1957 ἄνθρωπος
3767 1889 3872 1940 ἀν-

577 1991 742 2044 homo
772 1987 990 2042 homine
1019 1985 1193 2054 major
1217 1992 1323 2049 est,
1349 1992 1622 2054 quatenus
1659 1982 1817 2038 homo
1840 1991 1943 2036 est.
1969 1980 2170 2051 Equa-

576 2079 645 2135 lis
677 2078 843 2150 igitur
872 2086 957 2133 est
985 2087 1037 2131 et
1062 2076 1544 2132 consubstantialis
1610 2073 1756 2129 Patri
1828 2072 2037 2139 Filius;
2084 2090 2170 2126 ra-

579 2174 726 2230 tione
750 2186 881 2228 vero
908 2169 1297 2227 incarnationis
1330 2167 1605 2224 credimus
1635 2165 1849 2223 Patrem
1882 2165 2155 2233 majorem

576 2282 608 2321 a
639 2264 777 2321 Filio
806 2263 1328 2331 vocatum.Quando
1342 2262 1489 2317 enim
1512 2260 1907 2317 humanitatem
1922 2274 2169 2331 assumpo

578 2359 673 2425 sit,
701 2365 819 2413 tum
850 2356 1013 2412 etiam
1049 2363 1108 2411 ut
1138 2356 1298 2409 homo
1329 2355 1432 2409 hoc
1466 2352 1631 2409 dixit.

1252 2465 1486 2524 ALIUD.

644 2581 993 2654 Quaecunque
1020 2580 1238 2651 proprie
1275 2583 1744 2650 comparationem
1774 2579 1917 2635 inter
1973 2593 2033 2634 se
2074 2578 2171 2632 ad-

580 2676 826 2742 mittunt,
856 2673 1348 2731 consubstantialia
1374 2673 1541 2728 etiam
1593 2685 1720 2729 sunt
1753 2688 1766 2725 :
1816 2672 1978 2727 homo
2020 2670 2169 2725 enim

583 2767 812 2833 homini,
851 2776 907 2823 et
932 2780 1110 2836 equus
1136 2779 1279 2835 equo
1312 2763 1616 2820 confertur.
1667 2761 1985 2818 Diﬂ'erentia
2041 2776 2172 2816 vero

580 2860 768 2932 quain
797 2859 863 2915 iis
893 2867 975 2915 est
992 2871 1113 2928 quae
1137 2855 1379 2923 ejusdem
1406 2854 1606 2925 speciei
1633 2864 1783 2919 sunt,
1826 2853 1883 2907 in
1913 2852 2171 2907 acciden-

581 2951 727 3007 tibus
761 2947 1053 3015 consistit;
1099 2956 1264 3015 atque
1312 2944 1445 3011 haec,
1487 2954 1545 2997 ut
1574 2941 1895 3013 plurimum,
1943 2956 2009 2996 ex
2050 2954 2175 3011 pas-

582 3044 757 3107 sione,
777 3048 875 3095 aut
902 3038 1007 3095 alia
1042 3037 1301 3107 quapiam
1335 3048 1496 3090 causa
1522 3033 1678 3097 ﬁunt,
1715 3049 1821 3089 non
1859 3033 1915 3087 in
1963 3033 2175 3087 ratione

582 3129 904 3190 substantiae
930 3128 1038 3185 sita
1070 3137 1218 3194 sunt,
1244 3128 1312 3183 de
1336 3141 1444 3196 qua
1477 3128 1806 3195 prmdicetur
1826 3125 2042 3196 aliquod
2078 3138 2174 3181 ac-

2272 1980 2518 2051 θρώπου,
2552 1980 2688 2034 καθὸ
2718 1979 3029 2053 ἄνθρωπος.
3067 1980 3212 2045 "ldo;
3245 1980 3354 2052 ἄρα
3379 1979 3458 2053 τῷ
3490 1980 3665 2053 Πατρὶ
3707 1980 3806 2034 καὶ
3842 1983 3874 2033 6

2272 2075 2399 2137 Υἱὸς
2450 2074 2548 2129 καὶ
2590 2073 2913 2144 ὁμοούσιος’
2961 2073 3325 2145 οἰκονομικῶς
3370 2074 3428 2127 δὲ
3480 2071 3731 2145 εἰρῆσθαι
3782 2090 3875 2125 πι-

2276 2166 2546 2237 στεύομεν
2579 2167 2675 2220 ἐπὶ
2709 2165 2806 2220 τοῦ
2855 2167 3072 2239 Πατρδς
3112 2169 3173 2221 τὸ
3217 2165 3423 2238 μεῖζον.
3451 2166 3579 2220 Ὅτε
3626 2165 3741 2237 γὰρ
3779 2167 3871 2219 ὲν-

2276 2258 2650 2331 ανθρωπήσας
2682 2258 2970 2329 φαίνεται,
3003 2259 3127 2312 τότε
3163 2260 3257 2313 καὶ
3287 2257 3446 2313 τοῦτό
3472 2274 3638 2329 φησιν
3660 2257 3738 2322 ὡς
3769 2259 3871 2315 ἁν-

2272 2348 2301 2401 θ
2311 2365 2513 2419 ρωπος.

2948 2466 3134 2519 ΑΛΛΟ

2346 2580 2487 2633 Ὅσα
2546 2579 2646 2650 τὴν
2697 2579 2837 2649 πρὸς
2889 2579 3095 2649 ἄλληλα
3143 2578 3437 2649 σύγκρισιν
3484 2580 3692 2651 κυρίως
3752 2580 3880 2633 ὲπι-

2272 2671 2511 2741 δέχεται,
2543 2670 2719 2724 ταῦτα
2750 2670 2972 2734 πάντως
2999 2672 3117 2725 ἐστὶ
3137 2671 3232 2725 καὶ
3256 2672 3524 2743 ὁμοούσια
3541 2688 3555 2702 ’
3578 2671 3875 2744 ἄνθρωπος

2272 2762 2383 2831 γὰρ
2415 2760 2691 2833 ἀνθρώπῳ
2717 2801 2732 2827 ,
2774 2764 2871 2817 καὶ
2902 2763 3069 2827 ἵππος
3106 2763 3259 2835 ἵππῳ
3298 2764 3674 2835 συγκρίνεται.
3720 2765 3788 2817 Ἡ
3817 2765 3879 2818 δὲ

2274 2853 2332 2906 ὲν
2354 2853 2469 2916 τοῖς
2495 2852 2767 2923 ὁμοειδέσι
2791 2854 3028 2925 διαφορὰ
3059 2854 3190 2926 περὶ
3220 2855 3291 2908 τὰ
3318 2855 3709 2927 συμϐεϐηκότα
3726 2855 3875 2907 ἔστί·

2276 2943 2371 2998 καὶ¹
2403 2943 2601 3007 ταῦτα,
2629 2945 2706 3009 ὡς
2732 2946 2826 2998 ἐπὶ
2850 2945 3123 3010 πλεῖστον,
3153 2948 3218 3001 ὲκ
3247 2944 3454 3011 πάθους
3483 2948 3715 3016 γίνεται,
3748 2945 3783 3017 ἢ
3816 2946 3880 3013 ἐξ

2276 3034 2469 3106 ἑτέρας
2492 3035 2639 3099 τινὸς
2662 3036 2866 3101 αίτίας,
2898 3037 3001 3091 οὐκ
3030 3038 3090 3091 ὲν
3116 3038 3195 3110 τῷ
3218 3039 3362 3111 λόγῳ
3389 3039 3493 3111 τῆς
3528 3038 3719 3103 οὐσίας
3754 3041 3881 3094 xei-

2280 3144 2437 3198 μένα,
2466 3125 2590 3181 καθ’
2619 3122 2792 3200 οὗπερ
2836 3128 2906 3183 ἂν
2944 3131 3310 3202 κατηγοροῖτό
3350 3148 3403 3185 τι
3440 3129 3551 3186 τῶν
3603 3130 3880 3203 συμϐεϐηο

583 3225 903 3281 cidentium.
937 3222 1010 3279 Ut
1051 3220 1285 3291 exempli
1317 3221 1519 3291 gratia,
1560 3219 1723 3274 homo
1779 3220 1997 3275 homine
2053 3232 2171 3273 ma-

2278 3218 2473 3273 κότων.
2505 3214 2632 3272 Οίον
2661 3220 2795 3292 φέρε
2825 3220 3001 3273 εἰπεῖν
3021 3260 3037 3286 ,
3082 3221 3373 3292 ἄνθρωπος
3418 3221 3711 3293 ἀνθρώπου
3756 3221 3881 3288 μεί-

576 3318 664 3386 jor
692 3326 799 3383 est,
826 3314 1203 3384 magnitudine
1238 3314 1490 3385 corporis
1516 3321 1573 3368 et
1606 3312 1820 3377 robore,
1845 3311 2012 3365 animi
2035 3326 2176 3379 pra}-

582 3410 779 3475 seutia,
822 3406 1024 3462 mentis
1056 3405 1346 3472 acumine;
1380 3404 1475 3460 sed
1524 3419 1629 3458 una
1650 3404 1905 3458 omnibus
1939 3410 2022 3457 est
2051 3402 2177 3456 suh-

583 3501 798 3556 stantiae
825 3501 990 3563 ratio,
1023 3513 1131 3554 non
1158 3512 1288 3553 vero
1317 3496 1616 3567 separatim
1644 3496 1697 3551 in
1746 3494 1975 3566 singulis
2005 3495 2178 3549 diver-

585 3604 665 3644 sa.
713 3588 1032 3643 Accidentia
1108 3596 1295 3642 autem
1362 3601 1428 3640 ex
1483 3585 1740 3656 passione
1809 3585 1973 3639 veluti
2038 3585 2179 3639 radi-

585 3695 649 3735 ce
725 3680 1030 3735 oriuutur:
1088 3692 1157 3734 ex
1225 3679 1483 3747 passione
1552 3677 1696 3731 enim
1770 3677 2019 3732 infirmus
2083 3678 2172 3747 qui

584 3781 667 3827 est
733 3769 1016 3833 inﬁrmus,
1100 3778 1156 3824 et
1262 3770 1452 3823 tardus
1535 3767 1806 3823 intellectu
1880 3768 2177 3837 timidoque

586 3863 795 3917 animo.
820 3860 884 3916 Si
917 3876 1049 3931 ergo
1069 3875 1175 3915 una
1195 3869 1277 3915 cst
1300 3869 1496 3915 natura
1524 3860 1825 3930 eademque
1855 3860 2178 3915 substantiae

588 3954 730 4007 ratio
764 3954 831 4009 iis
855 3968 975 4022 quae
992 3953 1211 4023 proprie
1272 3951 1417 4006 inter
1457 3966 1518 4006 se
1552 3951 1855 4021 comparari
1884 3960 2119 4021 possunt
2157 3968 2172 4006 :

583 4060 705 4115 quae
726 4059 855 4100 vero
879 4042 1205 4099 substantiis
1235 4043 1493 4099 accidunt
1526 4058 1595 4098 ex
1640 4043 1895 4113 passione
1925 4043 2177 4098 oriuntur

584 4147 679 4191 aut
702 4153 765 4193 ex
796 4152 861 4192 eo
883 4137 1028 4206 quod
1073 4153 1179 4192 nou
1226 4136 1508 4208 patiuntur
1548 4150 1565 4188 :
1606 4144 1956 4204 comparatur
1994 4142 2173 4187 autem

586 4227 756 4284 Filius
779 4226 928 4282 Patri
963 4228 1173 4282 ratione
1205 4224 1431 4293 majoris
1459 4234 1515 4281 et
1534 4225 1785 4293 minoris,
1828 4226 2050 4295 ipseque
2079 4238 2176 4277 ex-

589 4332 668 4374 tra
700 4335 920 4376 omnem
950 4320 1261 4390 passionem
1295 4327 1379 4374 est
1406 4318 1574 4390 (Deus
1606 4320 1751 4372 enim
1805 4317 1911 4388 pati
1943 4332 2049 4372 non
2087 4330 2176 4387 po-

586 4412 738 4480 test),
761 4408 1085 4479 nullafplane
1110 4409 1322 4464 ratione
1346 4406 1624 4478 superabit
1649 4404 1815 4460 Pater
1842 4403 2059 4470 Filium,
2080 4406 2171 4476 qui

585 4502 827 4574 ejusdem
845 4517 969 4557 cum
1000 4517 1065 4557 eo
1112 4501 1362 4556 essentiaa
1400 4510 1505 4567 est,
1543 4499 1837 4569 omnisque
1890 4500 2171 4569 passionis

587 4608 782 4661 expers
812 4601 914 4647 est.
940 4591 1049 4662 87
1076 4591 1290 4646 Dicitur
1319 4606 1449 4646 vero
1511 4590 1708 4661 major,
1745 4600 1797 4644 ut
1839 4589 2169 4659 principium

586 4686 842 4740 coaeterni
874 4684 1184 4752 geniminis.

623 4796 688 4853 In
719 4798 886 4856 illud.
922 4816 939 4847 ι
980 4796 1140 4851 Pater
1165 4798 1255 4866 qui
1287 4797 1425 4851 misit
1461 4813 1568 4861 me,
1602 4797 1773 4866 major
1798 4811 1878 4850 me
1905 4806 1982 4849 est
2006 4797 2070 4847 ἰ.
2113 4821 2130 4846 ι

1031 4972 1113 5027 Ex
1144 4974 1429 5041 obiectione
1460 4972 1732 5030 Eunomii.

652 5089 815 5157 Atqui
849 5086 1109 5142 Servatur
1136 5088 1252 5157 ipse
1282 5103 1387 5142 non
1418 5088 1671 5153 obscure,
1702 5088 1901 5159 inquit,
1930 5098 2024 5143 aut
2053 5104 2172 5144 am-

586 5179 777 5248 bigue,
813 5180 909 5235 sed
944 5179 1287 5250 apertissime
1328 5179 1541 5235 Patrem
1581 5179 1841 5249 majorem
1881 5195 1942 5235 se
1977 5192 2169 5247 vocat,

585 5283 707 5322 cum
741 5268 872 5324 dicit
906 5287 919 5324 :
959 5288 979 5323 ι
1016 5269 1179 5325 l'ater
1208 5271 1299 5338 qui
1339 5270 1485 5326 misit
1519 5285 1638 5338 me,
1674 5270 1849 5342 major
1880 5284 1965 5326 me
1997 5282 2102 5327 est.
2142 5291 2161 5324 ι

588 5360 644 5413 Si
681 5369 860 5414 autem
893 5362 1176 5418 veritatem
1211 5378 1394 5417 verum
1432 5363 1617 5420 dicere
1657 5363 1931 5427 fatemini,
1972 5365 2173 5420 veritas

586 5460 764 5505 autem
805 5452 1088 5521 Christus,
1124 5466 1273 5511 certe
1321 5454 1579 5524 majorem
1625 5469 1684 5510 se
1724 5454 1886 5510 habet
1931 5454 2170 5511 Patrem.

586 5543 738 5608 Quod
765 5544 808 5598 si
840 5545 914 5599 ita
942 5557 1046 5611 est,
1074 5546 1352 5603 dissimilis
1380 5551 1546 5604 etiam
1580 5549 1656 5603 illi
1689 5550 1814 5605 crit.
1846 5548 1914 5602 At
1942 5548 1987 5605 si
2016 5548 2174 5605 dissi-

590 5635 754 5702 milis,
786 5651 889 5693 non
923 5653 1053 5708 ergo
1081 5641 1564 5697 consubstantialis

658 5819 701 5852 ⁸¹
726 5818 885 5875 Joau.
928 5835 1037 5884 xw,
1072 5821 1161 5873 9.8.

2277 3306 2406 3374 ζων,
2447 3310 2673 3380 μεγέθει
2705 3309 2962 3382 σώματος
3012 3311 3108 3364 καὶ
3158 3310 3341 3381 ἰσχύϊ,
3371 3311 3553 3383 ψυχῆς
3582 3314 3879 3384 παραστή-

2280 3420 2434 3473 ματι,
2466 3404 2708 3468 διανοίας
2732 3403 2956 3476 ὀξύτητι
2978 3421 2994 3436 ·
3034 3404 3152 3459 ἀλλ’
3199 3400 3281 3470 εἷς
3330 3404 3430 3476 μὲν
3474 3405 3678 3459 ἆπασιν
3702 3408 3732 3458 6
3766 3405 3875 3473 τῆς

2276 3494 2464 3559 οὐσίας
2507 3495 2688 3564 λόγος,
2735 3497 2831 3550 καὶ
2860 3496 2923 3551 ού
2954 3496 3378 3568 μεμερισμένως
3408 3497 3466 3550 ἐν
3494 3496 3713 3566 ἑκάστῳ
3748 3496 3871 3550 διάο

2278 3603 2464 3657 φορος.
2491 3586 2573 3640 Τὰ
2605 3587 2662 3640 δὲ
2701 3587 3091 3659 συμϐεϐηκότα
3127 3586 3286 3658 ῥίζαν
3336 3587 3446 3657 ἔχει
3476 3587 3538 3642 τδ
3570 3588 3742 3651 πάθος
3763 3603 3779 3620 ο
3806 3590 3873 3641 ὲκ

2278 3676 2489 3741 πάθους
2529 3677 2639 3750 γὰρ
2669 3678 2902 3750 ἀσθενὴς
2949 3681 2979 3732 6
3024 3679 3295 3750 ἀσθενὴς,
3328 3680 3424 3734 καὶ
3468 3682 3497 3733 6
3526 3679 3736 3751 νωθρὸς
3772 3681 3875 3750 τὴν

2277 3768 2539 3836 διάνοιαν,
2571 3770 2665 3823 καὶ
2698 3772 2726 3823 6
2758 3769 2964 3824 δειλίαν
2998 3769 3138 3841 ἔχων
3166 3772 3226 3823 ὲν
3256 3769 3426 3842 ψυχῇ.
3455 3770 3519 3825 Εί
3551 3771 3736 3825 τοίνυν
3771 3772 3871 3841 μία

2281 3861 2380 3930 μὲν
2420 3862 2454 3933 ἡ
2490 3860 2654 3930 φύσις
2684 3862 2782 3915 καὶ
2807 3862 2907 3933 τῆς
2942 3862 3133 3926 οὐσίας
3158 3865 3187 3916 6
3210 3862 3370 3933 λόγος
3392 3865 3421 3917 6
3450 3863 3615 3928 αὐτὸς
3636 3865 3752 3926 τοῖς
3770 3864 3870 3934 τὴν

2280 3951 2420 4024 πρὸς
2447 3952 2653 4024 ἄλληλα
2678 3951 2969 4024 σύγκρισιν
3002 3955 3209 4026 κυρίως
3239 3954 3670 4025 ἐπιδεχομένοις,
3706 3955 3774 4009 τὰ
3810 3955 3868 4008 δὲ

2276 4047 2377 4101 ὅσα
2409 4046 2539 4118 περὶ
2582 4046 2685 4110 τὰς
2716 4046 2905 4112 οὐσίας
2953 4048 3091 4101 εἰσιν
3127 4049 3191 4102 ὲκ
3222 4048 3431 4113 πάθους
3478 4048 3693 4118 γίνεται
3736 4049 3769 4121 ἢ
3805 4050 3867 4103 ἐκ

2278 4134 2377 4190 τοῦ
2410 4137 2486 4208 μὴ
2515 4134 2709 4190 παθεῖν
2732 4176 2748 4203 ,
2782 4138 3135 4209 συγκρίνεται
3160 4138 3217 4191 δὲ
3250 4140 3279 4192 6
3306 4138 3434 4201 Υἱὸς
3464 4139 3604 4209 πρὸς
3632 4141 3727 4193 τὸν
3755 4141 3866 4194 Πα-

2276 4229 2412 4299 τέρα
2453 4227 2599 4282 κατά
2637 4229 2699 4283 τὸ
2749 4230 2933 4300 μεῖζον
2974 4229 3066 4284 καὶ
3093 4230 3314 4285 ἔλαττον
3345 4232 3740 4303 εἰσφερομένου
3771 4233 3865 4286 τοῦ

2277 4318 2408 4389 περὶ
2439 4317 2602 4372 αὐτὸν
2642 4317 2828 4387 λόγου,
2863 4320 2957 4372 καὶ
3003 4318 3120 4373 ἔστι
3154 4319 3363 4384 πάθους
3404 4320 3563 4385 ἐκτὸς
3614 4320 3866 4391 (ἀπαθὴς

2275 4407 2387 4480 γὰρ
2411 4409 2489 4471 ὡς
2511 4408 2689 4480 Θεὸς),
2726 4410 2849 4464 κατ’
2876 4411 3070 4465 οὐδένα
3096 4412 3301 4483 τρόπον
3325 4414 3354 4466 6
3385 4412 3576 4484 Πατὴρ
3610 4415 3865 4484 ὑπερέξει

2273 4501 2371 4556 τοῦ
2404 4501 2539 4556 Υίοῦ
2566 4502 2663 4556 καὶ
2697 4502 2799 4574 τὴν
2842 4501 3015 4574 αὐτὴν
3047 4503 3267 4575 ἔχοντος
3313 4504 3504 4558 οὐσίαν
3546 4506 3642 4560 καὶ
3672 4506 3868 4560 παθεῖν

2281 4594 2435 4648 οὐδὲν
2478 4594 2802 4665 δυναμένου.
2846 4595 3083 4663 Λέγεται
3128 4595 3185 4649 δὲ
3234 4594 3438 4667 μείζων
3467 4596 3543 4662 ὡς
3590 4598 3739 4670 ἀρχὴ
3772 4599 3866 4652 τοῦ

2282 4684 2557 4738 ωναῖδίου
2584 4685 2946 4756 γεννήματος.

2280 4793 2385 4858 Εἰς
2422 4792 2488 4846 τὸ
2512 4833 2525 4857 ,
2580 4812 2596 4844 ι
2636 4791 2703 4845 '0
2746 4793 3311 4920 Παὲὴρέἓτῇέιίψας
3352 4813 3431 4866 με
3486 4796 3701 4868 μείζων
3750 4799 3868 4870 μού

2598 4977 2933 5045 Ἀντίθεσις
2969 4979 3039 5034 ἐκ
3077 4979 3198 5034 τῶν
3230 4980 3551 5052 Εὑνομίου.

2348 5092 2521 5157 Αὐτὸς
2556 5093 2585 5145 6
2612 5093 2804 5165 Σωτὴρ
2844 5095 2947 5147 οὐκ
2988 5095 3536 5167 ἐπικεκαλυμμένως,
3561 5097 3866 5169 τρανότατα

2276 5184 2332 5237 δὲ
2363 5185 2583 5255 μείζονα
2612 5185 2807 5239 ἑαυτοῦ
2842 5186 2933 5240 τὸν
2960 5187 3179 5259 Πατέρα
3224 5191 3378 5260 φησὶ,
3410 5190 3498 5243 διὰ
3524 5188 3618 5243 τοῦ
3649 5190 3830 5259 λέγειν
3849 5210 3861 5220 -

2284 5293 2303 5327 ι
2324 5274 2383 5329 '0
2413 5275 2604 5348 Πατὴρ
2630 5278 2659 5330 6
2681 5276 2902 5348 πέμψας
2929 5296 2997 5349 με
3036 5278 3237 5349 μείζων
3286 5279 3388 5348 μού
3420 5282 3585 5335 ἐστιν.
3616 5300 3634 5332 ι
3670 5282 3733 5333 Εἰ
3758 5282 3865 5333 τοί-

2278 5382 2372 5417 νυν
2425 5364 2709 5436 ἀληθεύειν
2754 5365 2953 5419 δὼσετε
3000 5368 3099 5438 τὴν
3144 5368 3423 5439 ἀλήθειαν,
3462 5369 3690 5441 ἀλήθεια
3736 5370 3791 5421 δὲ
3839 5368 3867 5419 6

2277 5457 2532 5529 Χριστὸς,
2568 5457 2791 5528 μείζονα
2847 5458 2962 5530 ἔχει
3015 5461 3106 5514 τὸν
3155 5461 3395 5533 Πατέρα.
3431 5462 3540 5516 Καὶ
3593 5464 3641 5515 εί
3682 5457 3865 5523 τοῦτο,

2279 5549 2495 5614 πάντως
2527 5549 2679 5610 ἔσται
2700 5550 2805 5605 καὶ
2833 5551 3108 5624 ἀνόμοιος.
3127 5553 3344 5625 Ἐπειδὴ
3364 5554 3419 5607 δὲ
3448 5554 3722 5624 ἀνόμοιος,
3749 5554 3867 5610 οὐδὲ

2278 5642 2587 5713 ὁμοούσιος.

2977 5820 3027 5864 δ
