4144 6524
240 392 345 449 ιιε

721 503 877 574 Πρὸς
914 501 1090 559 τοῦτο
1126 500 1329 567 λύσις.

320 642 648 711 Ἀναγκαῖον
670 641 836 712 ὑμᾶς,
865 634 910 693 ῶ
938 640 1318 711 χριστομάχοι,
1339 637 1434 693 καὶ
1458 636 1554 691 νῦν
1583 634 1825 708 ἐρέσθαι,

241 735 373 789 πότε
406 731 503 787 τοῦ
534 731 665 786 Υἱοῦ
698 730 901 803 μείζων
925 732 954 784 6
987 730 1178 801 Πατὴρ
1216 730 1249 801 ἢ
1284 729 1511 797 γέγονεν
1541 726 1574 798 ἦ
1604 725 1827 798 εὑρέθη,

239 825 272 895 ῆ
311 824 449 897 ὅπερ
477 823 543 878 ἀν
582 819 859 892 βούλοισθε
898 820 1099 889 λέγειν.
1132 820 1337 891 Χρόνον
1369 820 1467 891 μὲν
1492 814 1586 872 οὖν
1617 817 1828 887 ὁριζόν-

238 932 351 968 των
385 913 537 985 ὑμῶν
569 913 670 967 οὐκ
708 912 774 967 ἀν
799 929 883 976 τις
911 911 1205 983 ἀνάσχοιτο
1227 929 1241 943 ·
1287 910 1497 983 χρόνων
1529 912 1638 981 γὰρ
1673 925 1832 980 ποιη-

241 1006 341 1078 τὴς
367 1008 396 1060 6
418 1006 565 1071 Υίδς,
582 1004 679 1058 καὶ
706 1005 815 1076 πρὸ
839 1004 951 1058 τῶν
979 1003 1192 1058 αἰώνων
1217 1002 1351 1068 ἐστὶ,
1370 1001 1517 1056 κατά
1536 1001 1636 1066 τὰς
1660 1000 1830 1070 ἀψευ-

236 1099 349 1163 δεῖς
373 1098 484 1152 τῶν
515 1098 688 1167 ἁγίων
725 1097 929 1169 φωνάς.
971 1097 1176 1168 Χρόνου
1212 1095 1270 1150 δέ
1292 1094 1661 1167 ἀνῃρημένου,
1690 1094 1832 1148 πάν·-

240 1206 349 1252 τως
374 1189 624 1243 λείπεται
645 1188 827 1257 λέγειν
858 1188 998 1241 κατὰ
1020 1187 1120 1259 τὴν
1150 1186 1305 1257 ὑμῶν
1331 1186 1596 1259 πρότασιν
1627 1184 1715 1238 ἀεὶ
1740 1182 1835 1237 καὶ

242 1280 495 1351 ἀνάρχως
520 1279 609 1333 τὸν
645 1280 865 1351 Πατέρα
893 1278 1117 1350 μείζονα
1143 1275 1239 1330 τοῦ
1266 1276 1419 1331 Υίοῦ.
1455 1275 1616 1339 Ἀλλ’,
1635 1268 1680 1328 ῶ
1710 1274 1833 1345 βέλ-

241 1384 435 1432 τιστοι,
476 1368 674 1439 μικρὸν
708 1368 1084 1439 ἀνανήψαντες
1112 1368 1290 1421 ἐκεῖνο
1333 1366 1455 1421 καθ’
1487 1367 1713 1430 ἑαυτοὺς
1751 1368 1837 1419 ἐν·

245 1457 549 1529 θυμήθητε,
575 1458 740 1513 ὅτιτὸ
771 1460 1031 1532 διαφέρον
1049 1456 1195 1522 τινὸς
1228 1458 1369 1513 κατά
1392 1458 1452 1511 τὸ
1477 1453 1618 1511 εῖναι
1648 1456 1835 1528 μεῖζον

244 1549 279 1614 ἢ
329 1547 603 1615 λέγεσθαι,
640 1550 1045 1619 παρακείμενον
1080 1550 1193 1620 ἔχει
1224 1550 1318 1603 καὶ
1348 1548 1838 1620 συνεισφερόμενον

246 1638 428 1708 ἐαυτῷ
460 1637 523 1691 τδ
563 1638 803 1703 ἔλαττον,
838 1632 899 1692 οὗ
934 1638 1029 1694 καὶ
1071 1640 1189 1693 ἐστὶ
1221 1639 1603 1711 μεῖζον.⁶’οταν
1637 1639 1746 1710 γάρ
1777 1637 1838 1691 τὸ

251 1726 436 1795 μεῖζον
463 1726 782 1798 θελήσωμεν
811 1729 1024 1799 μαθεῖν,
1043 1731 1137 1784 ἐπὶ
1161 1731 1262 1801 τὴν
1286 1730 1379 1785 τοῦ
1402 1731 1685 1794 ἐλάττονος
1708 1731 1841 1801 δρα-

250 1818 445 1887 μόντες
491 1820 816 1890 κατάληψιν,
844 1820 944 1893 τὴν
972 1821 1185 1877 ἐκείνου
1228 1822 1502 1895 βλέπομεν
1539 1823 1835 1897 ὑπεροχήν.

248 1908 311 1961 Ei
347 1909 527 1963 τοίνυν
560 1912 647 1965 ἀεὶ
678 1912 879 1982 μείζων
910 1913 937 1965 6
963 1915 1154 1987 Πατὴρ
1186 1914 1279 1968 τοῦ
1318 1914 1471 1979 Υἱοῦ,
1502 1911 1570 1987 ἦν
1600 1916 1699 1987 μὲν
1737 1918 1836 1969 αὐ-

248 2002 338 2065 τὸς
379 2003 467 2057 ἀεί
487 2020 500 2032 ·
535 1998 604 2075 ἦν
631 2003 688 2057 δὲ
720 2006 816 2059 σὺν
862 2005 1011 2077 αὐτῷ
1045 2008 1138 2060 καὶ
1166 2008 1195 2060 6
1229 2006 1377 2071 Υἱὸς,
1406 2002 1467 2061 οὗ
1508 2009 1602 2062 καὶ
1634 2009 1836 2079 μείζων

249 2089 389 2147 εἶναι
422 2093 661 2164 λέγεται,
692 2094 813 2149 καθ’
839 2098 1000 2169 ὑμᾶς.
1031 2098 1105 2152 Τὸ
1148 2099 1207 2153 δέ
1240 2099 1329 2153 ἀεὶ
1368 2099 1450 2168 ὃν,
1483 2100 1560 2172 τῷ
1592 2101 1679 2155 ἀεὶ
1724 2102 1836 2155 δντι

251 2188 367 2251 πῶς
397 2188 655 2260 ἀνόμοιον
688 2189 875 2258 ἐσταις
922 2192 1125 2256 Μεῖζον
1171 2191 1230 2245 δέ
1270 2192 1407 2257 πῶς,
1437 2194 1837 2265 συντρεχούσης

250 2278 329 2350 τῷ
377 2281 729 2351 γεγεννηκότι
776 2282 877 2353 τῆς
923 2283 1211 2355 ὑπάρξεως
1234 2284 1329 2338 τοῦ
1355 2286 1716 2356 γεννήματος,
1746 2286 1840 2339 καὶ

255 2369 434 2422 πάντα
463 2369 677 2440 ἔχοντος
710 2374 954 2442 φυσικῶς
982 2377 1083 2430 ὅσα
1112 2377 1378 2448 πρόσεστι
1408 2376 1487 2447 τῷ
1516 2376 1731 2447 Πατρίς

948 2679 1154 2734 ΑΛΛΟ.

340 2783 437 2839 Ἐκ
465 2787 806 2857 μαθημάτων
836 2789 968 2860 ἡμῖν
998 2790 1108 2843 τῶν
1149 2791 1553 2861 Ἀριστοτέλους
1588 2794 1844 2865 ὁρμώμεο

256 2893 357 2940 νοι,
390 2878 487 2931 καὶ
514 2880 579 2950 τῇ
604 2878 871 2950 δεινότητι
891 2882 989 2951 τῆς
1016 2884 1075 2934 ἐν
1103 2883 1293 2953 κόσμῳ
1318 2885 1511 2953 σοφίας
1536 2886 1846 2957 ἀποκεχρη-

261 2968 434 3039 μένοι,
474 2968 717 3034 κτύπους
754 2971 1025 3043 ἐγείρουσι
1062 2975 1325 3046 ῥημάτων
1350 2975 1542 3039 κενῶν,
1580 2976 1681 3028 οὐκ
1710 2977 1845 3030 είδό-

257 3074 349 3123 τες
375 3061 457 3114 δτι
486 3062 581 3114 καὶ⁵
612 3062 748 3133 πρὸς
768 3063 974 3136 ταύτην
996 3064 1227 3136 ἀμαθῶς
1250 3065 1466 3137 ἔχοντες
1496 3066 1849 3139 ἐλεγχθήσον-

1653 372 2099 433 THESAURUS.

1850 496 1903 554 Δ

3412 370 3514 423 H6

2441 487 2643 544 Salutio
2672 487 3002 557 objectionis.

2004 620 2379 691 lnterrogandi
2417 618 2574 675 nobis
2608 628 2736 675 sunt
2773 620 2959 674 hostes
2995 618 3230 684 Christi,
3268 619 3517 689 quando-

1931 730 2056 770 naut
2094 712 2266 782 major
2303 713 2444 770 Filio
2475 711 2635 768 Pater
2673 721 2763 766 aut
2797 711 2973 767 factus
3007 711 3078 766 sit
3112 722 3203 765 aut
3250 714 3519 774 iuventus.

1934 817 2029 862 aut
2053 806 2541 876 quomodocunque
2571 804 2701 859 illud
2727 804 2933 858 dicant.
2954 802 3191 873 Tempus
3216 804 3358 858 enim
3386 818 3523 873 pra:-

1934 900 2183 956 iinientes
2213 912 2310 954 vos
2342 912 2500 953 nemo
2531 896 2670 952 ferat
2700 912 2714 948 :
2756 894 3006 951 conditor
3040 894 3183 949 enim
3219 902 3521 963 temporum

1935 998 2019 1045 est
2042 987 2233 1056 Filius,
2261 997 2316 1044 et
2341 998 2469 1045 ante
2495 986 2689 1044 saecula
2717 986 2831 1055 ipse
2858 986 3094 1048 exsistit,
3120 984 3272 1053 juxta
3304 992 3524 1038 sancto-

1936 1096 2058 1136 rum
2100 1082 2191 1150 qul
2234 1080 2452 1136 mentiri
2497 1093 2603 1134 non
2643 1086 2872 1148 possunt
2908 1077 3251 1132 verissimum
3294 1075 3520 1129 dictum.

1937 1168 2161 1225 Sublato
2186 1178 2367 1224 autem
2395 1177 2656 1237 tempore,
2673 1177 2944 1237 superest,
2978 1181 3043 1221 ex
3071 1175 3253 1222 vestra
3283 1166 3521 1234 ipsorum

1936 1262 2229 1327 sententia,
2247 1277 2464 1331 semper
2487 1270 2542 1316 et
2570 1261 2687 1315 sine
2716 1260 2979 1330 principio
3003 1259 3218 1313 Patrem
3245 1258 3381 1314 Filio
3408 1273 3525 1311 ma-

1930 1353 2106 1424 jorem
2146 1353 2332 1409 fuisse.
2369 1354 2438 1408 At
2470 1366 2586 1418 vos,
2627 1351 2752 1406 boni
2789 1351 2913 1413 viri.
2951 1350 3198 1405 nonnihil
3233 1351 3299 1403 ad
3336 1349 3524 1403 melio-

1938 1461 2052 1502 rem
2085 1455 2322 1502 mentem
2356 1446 2647 1501 redeuntes
2678 1444 2752 1497 ita
2782 1442 3066 1498 vobiscum
3097 1442 3352 1512 cogitate,
3381 1439 3523 1509 quod

1939 1538 1992 1593 id
2033 1538 2179 1609 quod
2220 1536 2402 1592 differt
2437 1540 2504 1589 ab
2538 1536 2721 1606 aliquo
2756 1550 2819 1591 ea
2857 1536 3065 1589 ratione
3098 1547 3205 1603 qua
3242 1530 3411 1600 majus
3444 1539 3527 1585 est

1939 1639 2034 1685 aut
2061 1629 2283 1693 dicitur,
2319 1626 2684 1698 propinquum
2720 1625 2820 1680 sibi
2855 1624 3020 1679 habet
3050 1633 3104 1677 et
3133 1622 3387 1677 collatum
3424 1619 3526 1676 sibi

1941 1718 2149 1782 minus,
2181 1730 2289 1786 quo
2320 1716 2576 1770 nimirum
2609 1712 2783 1783 majus
2812 1723 2919 1770 εει.
2954 1712 3086 1767 Cum
3118 1713 3262 1767 enim
3297 1711 3347 1765 id
3383 1712 3526 1780 quod

1942 1810 2119 1878 majus
2142 1818 2226 1864 est
2252 1821 2590 1880 cognoscere
2613 1807 2894 1871 volumus,
2922 1806 2988 1859 ad
3020 1804 3248 1859 minoris
3277 1803 3525 1858 notitiam

1943 1899 2340 1969 confugientes,
2360 1896 2583 1967 majoris
2600 1895 2975 1950 excellentiam
2998 1895 3293 1949 cernimus.
3317 1892 3373 1947 Si
3398 1908 3530 1960 ergo

1945 1990 2106 2046 Pater
2127 2004 2343 2061 semper
2367 1988 2545 2058 major
2567 1997 2650 2042 est
2679 1985 2839 2051 Filio,
2868 1984 2969 2039 fuit
2996 1985 3213 2055 quidem
3245 1984 3359 2052 ipse
3387 1998 3531 2038 scm-

1945 2101 2041 2155 per
2076 2103 2089 2138 :
2128 2082 2228 2139 fuit
2264 2098 2392 2139 vero
2427 2082 2592 2137 etiam
2625 2094 2751 2136 cum
2785 2094 2852 2134 eo
2890 2078 3087 2144 Filius,
3125 2093 3232 2147 quo
3266 2086 3319 2131 ct
3362 2074 3533 2145 major

1943 2192 2065 2234 esse
2093 2176 2315 2241 dicitur,
2347 2181 2644 2230 secundum
2674 2187 2792 2228 vos.
2823 2170 2978 2238 Quod
3010 2185 3140 2226 vero
3170 2184 3387 2238 semper
3414 2178 3529 2233 est,

1946 2284 2181 2340 quonam
2214 2277 2373 2340 pacto
2402 2266 2670 2324 dissimile
2699 2267 2805 2322 erit
2837 2266 2911 2321 illi
2944 2264 3085 2336 quod
3118 2263 3283 2318 etiam
3319 2278 3533 2332 semper

1947 2362 2062 2415 cst?
2089 2361 2196 2414 Aut
2223 2358 2500 2429 quomodo
2529 2358 2736 2428 majus,
2767 2374 2889 2413 cum
2923 2358 3039 2429 ipsa
3068 2354 3233 2426 geniti
3263 2354 3535 2409 exsisteu-

1948 2455 2022 2505 tia
2052 2466 2172 2505 cum
2206 2450 2453 2520 genitore
2482 2445 2773 2505 conveniat
2801 2448 3095 2518 omniaque
3128 2445 3450 2502 naturaliter
3481 2445 3532 2498 iu

1951 2558 2009 2599 se
2041 2542 2235 2598 habeat
2264 2556 2384 2611 qua:
2411 2540 2555 2597 Patri
2590 2540 2811 2595 insunt?

2626 2672 2853 2730 ALIUD.

2024 2789 2098 2843 Ex
2148 2786 2499 2843 Aristotelica
2548 2787 2831 2856 disciplina
2880 2788 3037 2844 nobis
3081 2789 3436 2855 insu.tantes,
3484 2798 3538 2844 et

1955 2879 2554 2949 mundauwsapieutite
2586 2879 2727 2932 fastu
2762 2879 2995 2949 turgidi,
3028 2878 3217 2935 inanes
3246 2880 3532 2934 verborum

1953 2970 2192 3038 crepitus
2224 2971 2498 3034 excitant,
2540 2984 2729 3040 parum
2762 2969 2865 3023 sibi
2900 2971 3289 3039 pcrsuadentes
3322 2986 3380 3025 se
3410 2970 3533 3024 Ari-

1954 3062 2217 3118 stotelicas
2254 3061 2555 3132 disciplinae
2597 3063 2816 3132 ignaros
2859 3063 3073 3118 ostendi
3116 3077 3295 3133 posse.
3334 3061 3537 3118 Miran-

260 3165 368 3202 ται.
404 3150 694 3221 Θαυμάσαι
733 3152 842 3224 γάρ
874 3154 1043 3218 ὅντως
1075 3154 1371 3208 ἀκόλουθον
1400 3154 1481 3210 ὅτι
1508 3152 1572 3226 δὴ
1598 3154 1690 3208 τὸν
1720 3155 1847 3227 περὶ

1956 3155 2081 3208 dum
2117 3154 2262 3208 enim
2296 3161 2379 3208 est
2412 3152 2591 3223 quod,
2624 3168 2747 3208 cum
2786 3153 3051 3209 rationem
3089 3154 3311 3224 majoris
3342 3163 3397 3208 et
3438 3156 3540 3207 mi-

260 3237 357 3290 τοῦ
407 3240 652 3309 μείζονος
695 3220 925 3296 xuii-1:05
972 3243 1254 3308 ἐλάττονος
1300 3220 1643 3310 ἐξετάζοντες
1672 3220 1849 3313 λόγον,

1958 3247 2108 3303 noris
2137 3247 2438 3309 excutiant,
2467 3247 2533 3299 ad
2568 3260 2875 3301 sermonem
2907 3246 2975 3301 de
3004 3246 3169 3301 simili
3202 3256 3258 3301 et
3287 3247 3535 3301 dissimili

264 3330 357 3382 ἐπὶ
384 3331 477 3383 τὸν
505 3349 573 3384 πε
583 3333 634 3401 pl.
662 3332 757 3386 τοῦ
790 3335 977 3405 ὁμοίου
1008 3336 1105 3389 καὶ
1133 3336 1386 3407 ἀνομοίου
1417 3335 1853 3407 μεταπεπτώκα-

268 3438 374 3486 σιν,
408 3424 507 3477 οὐκ
532 3424 735 3489 εἰδότες
757 3427 862 3493 ὅτι,
897 3427 1039 3481 κατά
1079 3428 1178 3499 τὴν
1222 3429 1628 3500 Ἀριστοτέλους
1659 3428 1854 3499 τέχνην

267 3509 408 3589 ἐφ’ᾗ
436 3516 669 3585 μάλιστα
698 3520 1124 3591 μεγαλοφρονεῖν
1156 3520 1409 3574 εἰώθασιν
1447 3522 1622 3585 αὐτοὶ,
1654 3521 1754 3574 οὐκ
1777 3523 1856 3585 εἰς

267 3608 461 3661 ταυτὸν
506 3610 903 3665 κατατάττεται
932 3612 1091 3681 γένος
1117 3613 1180 3665 τό
1212 3630 1272 3665 τε
1305 3614 1490 3684 ὅμοιον
1520 3613 1615 3666 καὶ
1659 3613 1720 3665 τὸ
1763 3614 1857 3666 ἀν-

269 3699 476 3769 όμοιον,
504 3701 578 3766 ὡς
601 3703 696 3756 καὶ
727 3704 790 3757 τὸ
820 3704 1008 3775 μεῖζον
1042 3707 1217 3760 καὶτὸ
1251 3707 1493 3761 ἔλαττον.
1528 3707 1601 3759 Τὸ
1630 3707 1727 3778 μὲν
1748 3708 1856 3779 γάρ

275 3785 460 3857 μεῖζον
504 3790 598 3843 καὶ
634 3790 692 3844 τὸ
725 3791 966 3862 ἔλαττον,
997 3793 1106 3848 τῶν
1156 3796 1292 3868 πρός
1338 3814 1389 3849 τι
1435 3797 1666 3868 ἐχόντων
1717 3800 1858 3868 παρ’

270 3878 501 3944 ἐκείνοις
544 3882 779 3951 λέγεται.
823 3883 897 3938 Τὸ
947 3886 1004 3939 δὲ
1051 3887 1238 3957 ὅμοιον
1282 3888 1315 3960 ἢ
1366 3890 1459 3943 καὶ
1501 3889 1563 3943 τὸ
1607 3890 1860 3961 ἀνόμοιον

272 3972 464 4043 ἐτέρας
502 3974 619 4028 ἐστὶ
646 3977 983 4047 κατηγορίας
1023 3978 1142 4049 ἦτοι
1180 3978 1518 4051 διαιρέσεως.
1548 3981 1721 4034 Πόθεν
1750 3981 1856 4035 τοί-

270 4081 365 4118 νυν
395 4066 523 4136 ὑμῖν
544 4067 652 4121 ἀπὸ
672 4068 767 4122 τοῦ
794 4068 1041 4139 μείζονος
1064 4070 1157 4123 ἐπὶ
1175 4072 1236 4124 τὸ
1257 4072 1442 4143 ὅμοιον
1466 4074 1498 4144 ἡ
1525 4072 1859 4143 μετάϐασις;

272 4156 366 4208 καὶ
393 4156 451 4222 ἐξ
478 4157 763 4223 ἐλάττονος
804 4160 922 4231 ἦτοι
950 4161 1045 4214 τοῦ
1075 4162 1321 4232 μείζονος
1347 4164 1447 4234 τὴν
1477 4163 1741 4235 πρότασιν
1773 4164 1861 4231 ἐξ-

273 4247 609 4315 υφαίνοντες,
655 4250 969 4322 ἐτερογενὲς
1026 4253 1310 4324 είσφέρετε
1353 4254 1415 4307 τὸ
1468 4254 1860 4326 συμπέρασμα,

272 4334 555 4404 λέγοντες·
592 4338 656 4392 El
688 4339 926 4394 ἐλάττων
960 4340 1110 4394 ἐστὶν
1147 4342 1177 4395 6
1212 4342 1340 4406 Υἱὸς
1372 4341 1466 4396 τοῦ
1505 4343 1740 4414 Πατρὸς,
1770 4345 1865 4398 άν-

271 4426 460 4498 όμοιος
491 4428 600 4501 ἄρα
619 4448 632 4460 ·
667 4430 839 4503 ἐχρῆν
867 4433 975 4506 γάρ
1003 4433 1205 4505 μᾶλλον
1229 4436 1425 4502 είπεῖν,
1453 4436 1554 4490 οὐκ
1587 4436 1701 4501 ίσος
1731 4437 1863 4509 ἄρα,

271 4521 309 4595 ἢ
336 4522 397 4575 οὐ
435 4522 688 4588 τοσοῦτος
716 4524 845 4597 ἀρα,
879 4526 967 4580 ἵνα
1002 4527 1077 4599 μὴ
1116 4528 1281 4583 πάλιν
1309 4529 1544 4600 ἀμαθεῖς
1582 4530 1734 4594 ὄντες
1775 4530 1863 4595 ἐξ·

274 4614 681 4689 ελεγχθήσησθε
715 4617 793 4690 τῷ
821 4636 881 4672 τε
904 4619 1109 4691 μείζονι
1126 4621 1221 4675 καὶ
1242 4620 1318 4694 τῷ
1341 4622 1584 4677 ἐλάττονι
1617 4623 1677 4677 τὸ
1700 4624 1865 4678 ποσὸν

276 4708 650 4779 ἐπιφέροντες.
668 4712 742 4765 Οὐ
778 4711 888 4784 γὰρ
922 4713 991 4768 τὰ
1013 4713 1151 4785 πρός
1186 4715 1239 4769 τί
1267 4733 1384 4780 πως
1414 4715 1622 4788 ἔχοντα,
1650 4717 1785 4772 ἀλλά
1806 4716 1868 4771 τὸ

279 4798 464 4868 μεῖζον
493 4801 525 4871 ἢ
556 4802 777 4857 ἔλαττον
804 4804 1127 4860 ὑποκεῖσθαι
1152 4805 1230 4877 τῷ
1262 4807 1413 4879 ποσῷ
1439 4808 1866 4881 νενομοθέτηκεν

276 4892 312 4962 ἡ
351 4893 757 4965 Ἀριστοτέλους
785 4896 971 4970 τέχνη.
1009 4900 1139 4973 Είδη
1179 4900 1235 4954 δὲ
1283 4901 1433 4973 αὐτῷ
1455 4904 1670 4972 τίθησιν
1704 4904 1866 4966 ἑπτὰ,

276 4983 536 5056 ἀριθμὸν,
571 4987 664 5040 καί
707 4987 887 5057 λόγον,
922 4990 1020 5043 καὶ
1068 4992 1356 5065 γραμμὴν,
1389 4993 1484 5047 καὶ
1518 4994 1861 5063 ἐπιφάνειαν,

277 5077 373 5130 καὶ
403 5077 585 5150 σῶμα,
617 5082 713 5135 καὶ
752 5081 964 5155 χρόνον,
998 5084 1093 5138 καὶ
1125 5085 1308 5140 τόπον.
1345 5086 1537 5141 Μόνων
1578 5084 1868 5157 τοιγαροῦν

277 5170 386 5224 τῶν
422 5172 730 5244 εἰρημένων
763 5176 1011 5247 δέχεσθαι
1049 5177 1109 5231 τὸ
1140 5178 1305 5233 ποσὸν
1333 5179 1676 5247 πεφυκότων,
1705 5178 1870 5233 πόθεν

278 5263 461 5333 ὑμεῖς,
489 5259 535 5318 ὦ
563 5261 730 5331 οὗτοι,
764 5268 842 5339 τῷ
874 5270 1079 5341 μείζονι
1107 5270 1203 5325 καὶ
1225 5269 1304 5341 τῷ
1337 5270 1582 5324 ἐλάττονι
1609 5270 1671 5324 τὸ
1705 5271 1869 5341 ποσὸν

280 5356 571 5428 ἐπιφέρετε
598 5398 614 5423 ,
668 5359 841 5432 ἐτέρῳ
886 5363 1037 5430 γένει
1089 5362 1263 5417 ταῦτα
1317 5361 1413 5416 τοῦ
1464 5361 1870 5432 Ἀριστοτέλους

282 5449 727 5516 ἀνατεθεικότοςς
756 5454 976 5525 Ἐπειδὴ
1010 5455 1188 5510 τοίνυν
1222 5456 1314 5509 τὸν
1344 5454 1589 5527 περὶτοῦ
1627 5452 1871 5525 μείζονος

284 5544 381 5597 καὶ
427 5544 523 5597 τοῦ
577 5544 861 5612 ἐλάττονος
911 5548 1256 5614 ἐξετάζοντες
1306 5550 1486 5619 λόγον,
1531 5548 1870 5613 ἀπαιδεύτως

281 5634 378 5686 ἐπὶ
414 5634 513 5705 τὴν
548 5638 641 5691 τοῦ
676 5639 863 5710 ὁμοίου
908 5643 1001 5696 καὶ
1032 5643 1290 5714 ἀνομοίου
1333 5643 1638 5715 παράθεσιν
1664 5643 1871 5710 ἐξεκλί-

283 5743 434 5795 νατε,
466 5728 750 5799 λέγοντες·
780 5736 844 5790 Εἰ
870 5735 1105 5790 ἐλάττων
1132 5736 1278 5789 ἐστὶν
1303 5738 1332 5791 6
1357 5736 1484 5801 Υἱὸς
1513 5736 1607 5789 τοῦ
1637 5736 1869 5807 Πατρὸς,

284 5827 541 5892 ἀνόμοιος
592 5829 729 5893 ἄρα*
783 5832 1155 5895 γαλεπωτέρω,
1204 5832 1259 5886 δέ
1312 5833 1472 5888 πάλιν
1520 5832 1910 5894 ἀπαιδευσίας-

1957 3337 2340 3408 prolabantur,
2384 3335 2732 3400 nescientes,
2774 3337 2926 3406 juxta
2972 3336 3284 3390 Aristotelis
3335 3336 3533 3405 placita

1956 3443 2063 3496 quo
2092 3428 2191 3497 ipsi
2210 3416 2515 3498 plurimum
2545 3440 2666 3481 sese
2691 3425 2971 3495 jactitant,
3005 3425 3182 3480 simile
3210 3426 3324 3497 88
3350 3437 3405 3482 et
3432 3427 3544 3483 dis-

1957 3518 2133 3572 simile
2166 3533 2270 3573 non
2302 3516 2357 3572 in
2389 3518 2578 3573 eodem
2610 3532 2809 3589 genere
2838 3515 3119 3579 collocari,
3151 3516 3202 3570 in
3231 3532 3337 3585 quo
3368 3518 3542 3587 majus

1957 3616 2012 3662 et
2048 3609 2248 3664 minus.
2281 3607 2338 3663 Si
2375 3608 2593 3679 quidem
2630 3607 2804 3678 majus
2841 3616 2898 3662 et
2936 3606 3118 3661 minus
3155 3606 3378 3660 relativa
3426 3608 3541 3661 sive

1960 3698 2026 3751 ad
2062 3697 2266 3769 aliquid
2302 3698 2370 3754 ab
2404 3698 2470 3753 iis
2502 3697 2781 3753 dicuntur.
2814 3696 3004 3752 Simile
3035 3712 3163 3751 vero
3196 3706 3251 3751 et
3284 3698 3543 3751 dissimile

1959 3787 2186 3842 alterius
2210 3788 2420 3843 ordinis
2447 3786 2561 3843 sive
2589 3785 2997 3856 praedicamenti
3023 3796 3169 3841 sunt.
3199 3785 3352 3842 Unde
3380 3788 3544 3856 igitur

1963 3894 2059 3933 vos
2089 3879 2161 3933 ita
2189 3893 2220 3933 a
2248 3877 2452 3946 majore
2478 3878 2543 3932 ad
2573 3877 2751 3933 simile
2781 3877 3104 3933 transilitis‘l
3131 3888 3187 3933 et
3213 3894 3280 3933 ex
3309 3879 3542 3947 majore,

1962 3981 2076 4034 sive
2115 3979 2325 4033 minore
2354 3976 2779 4049 propositionem
2808 3975 3162 4041 deducentes,
3211 3976 3411 4030 diversi
3452 3992 3547 4047 ge-

1964 4072 2111 4127 neris
2142 4071 2547 4126 conclusionem
2576 4069 2813 4133 iufertis,
2846 4067 3091 4124 dicentes
3122 4085 3136 4122 :
3172 4066 3228 4122 Si
3260 4067 3438 4123 minor
3464 4078 3547 4123 est

1964 4164 2133 4219 Filius
2158 4163 2351 4230 Patre,
2384 4162 2663 4217 dissimilis
2689 4161 2886 4233 igitur;
2913 4176 3034 4215 cum
3062 4160 3240 4232 potius
3264 4160 3338 4214 ita
3361 4160 3547 4214 dicen-

1964 4257 2091 4313 dum
2125 4255 2293 4313 fuerit
2325 4275 2338 4312 :
2378 4254 2494 4313 Non
2524 4270 2654 4325 ergo
2685 4254 2942 4326 aequalis,
2973 4263 3067 4309 aut
3099 4268 3203 4309 non
3236 4263 3448 4323 tantus,
3480 4270 3549 4310 ne

1966 4350 2293 4421 imperitiam
2320 4357 2558 4405 vestram
2586 4348 2909 4421 proderetis,
2934 4362 3000 4402 ex
3029 4344 3235 4415 majore
3258 4356 3311 4401 et
3339 4346 3549 4401 minore

1966 4444 2323 4515 quantitatem
2358 4441 2672 4497 inferentes.
2717 4438 2903 4510 Neque
2929 4440 3075 4493 enim
3105 4454 3225 4509 quae
3251 4438 3316 4493 ad
3341 4437 3546 4508 aliquid

1969 4545 2119 4600 sunt,
2151 4535 2245 4591 sed
2284 4532 2460 4604 majus
2495 4543 2551 4589 et
2586 4534 2791 4600 minus,
2824 4532 3117 4603 quantitati
3154 4532 3393 4601 subjecta
3427 4546 3548 4587 esse

1968 4627 2316 4685 Aristotelica
2342 4627 2625 4698 disciplina
2655 4626 2840 4682 tradit.
2867 4624 3090 4696 Species
3113 4635 3291 4680 autem
3318 4624 3393 4679 illi
3419 4639 3549 4680 con-

1968 4720 2143 4775 stituit
2176 4728 2384 4789 septem
2420 4737 2434 4773 :
2469 4733 2752 4772 numerum
2774 4757 2791 4785 ,
2823 4718 3161 4782 orationem,
3194 4717 3423 4781 lineam,
3457 4732 3550 4770 su-

1969 4812 2264 4884 perficiem,
2293 4826 2514 4881 corpus,
2545 4821 2759 4884 tempus
2785 4821 2841 4867 et
2870 4810 3068 4867 locum.
3096 4809 3229 4865 Cum
3259 4808 3403 4863 enim
3436 4807 3549 4861 haec

1968 4904 2307 4959 solummodo
2332 4913 2595 4975 quantum
2624 4902 2911 4973 recipiant,
2940 4902 3209 4956 undenam
3233 4914 3331 4953 vos
3358 4896 3549 4966 majori

1970 5007 2024 5051 et
2069 4996 2266 5051 minori
2309 5005 2570 5064 quantum
2618 4994 2886 5059 tribuitis,
2932 5006 3054 5047 cum
3095 4987 3418 5045 Aristoteles
3461 4986 3548 5040 illa

1971 5089 2070 5142 sub
2101 5088 2204 5141 alio
2237 5101 2437 5157 genere
2464 5086 2735 5142 collocet?
2761 5084 2897 5140 Cum
2930 5083 3095 5153 igitur
3121 5094 3217 5135 vos
3249 5078 3470 5148 majoris
3496 5089 3552 5133 et

1974 5180 2199 5234 minoris
2229 5179 2492 5232 rationem
2523 5177 2943 5244 investigantes,
2980 5171 3231 5240 imperite
3260 5171 3325 5225 ad
3357 5170 3552 5225 similis

1972 5279 2022 5322 et
2055 5266 2335 5322 dissimilis
2364 5265 2827 5334 comparationem
2856 5261 3230 5327 devolvimini,
3255 5260 3506 5316 dicentes
3535 5280 3548 5315 :

1975 5360 2031 5415 Si
2076 5360 2246 5415 Filius
2288 5357 2469 5413 minor
2508 5366 2594 5412 est
2632 5354 2815 5421 Patre,
2857 5369 2987 5425 ergo
3026 5354 3191 5410 etiam
3233 5348 3551 5415 dissimilis;

1972 5455 2191 5528 gravius
2218 5452 2403 5509 statim
2431 5449 2650 5517 erratis,
2678 5447 2851 5519 majus
2880 5457 2933 5502 et
2964 5449 3145 5503 minus
3175 5447 3242 5503 ad
3271 5445 3551 5517 quantita-

1974 5558 2081 5602 tem
2124 5543 2457 5607 referentes,
2500 5555 2623 5596 cum
2662 5539 2843 5595 dicitis
2885 5557 2898 5594 :
2941 5539 2997 5593 Si
3041 5537 3210 5593 Filius
3250 5548 3335 5593 est
3379 5539 3553 5591 minor

1975 5639 2155 5704 Patre,
2193 5652 2323 5706 ergo
2365 5651 2471 5689 non
2512 5633 2752 5703 tequalis,
2795 5647 2968 5703 neque
3011 5641 3210 5688 tantus.
3252 5630 3386 5687 Cum
3425 5646 3552 5685 vero

1977 5747 2130 5788 mens
2155 5729 2309 5785 vobis
2337 5727 2481 5782 nulla
2512 5741 2576 5782 cx
2611 5734 2764 5796 parte
2796 5742 2925 5782 sana
2958 5727 3049 5791 sit,
3082 5724 3262 5781 inanis
3293 5724 3456 5779 etiam
3488 5735 3554 5775 ac

1976 5841 2113 5882 vana
2147 5833 2230 5879 est
2260 5830 2436 5877 vestra
2469 5820 2783 5891 propositio.
