4144 6514
631 360 738 416 ΗἹ
1624 362 1682 417 S.
1725 360 2005 418 CYRILLI
2046 359 2513 416 ALEXANDRINI
2552 360 2874 418 ARCHIEP.
3826 366 3941 422 us

629 479 936 551 ιγκλήματι
966 478 1329 553 περιπίπτετε
1365 477 1508 534 κατὰ
1552 477 1646 531 τοῦ
1683 477 1929 548 μείζονος
1966 477 2180 533 καὶτοῦ
2221 477 2503 544 ἐλάττονος
2542 480 2603 534 τδ
2628 480 2794 536 ποσὸν
2820 480 3083 550 τιθέντες,
3122 483 3251 537 ὅταν
3283 482 3509 555 itiner
3560 486 3623 539 Et
3666 483 3937 539 ἐλάττων

628 576 777 630 ἐστὶν
802 575 834 628 ὁ
863 574 991 639 mg
1018 574 1112 630 τοῦ
1153 576 1391 647 Πατρὸς,
1422 575 1524 630 οὐκ
1564 575 1681 640 ι’σος
1726 576 1856 648 ἄρα,
1885 576 2004 631 οὐδὲ
2062 575 2333 641 τοσοῦτος.
2354 576 2669 649 Οὑδαμὸθεν
2732 578 2779 632 δ’
2803 578 2933 650 ὑμῖν
2981 577 3315 647 ὑγιαίνοντος
3374 574 3470 629 τοῦ
3491 576 3674 646 λόγου,
3701 574 3936 647 ματαία

629 667 849 732 πάντως
878 666 995 721 ἐστὶ
1026 667 1121 721 καὶ
1149 666 1377 740 [κούφη]
1404 669 1438 739 ἠ
1468 668 1754 740 πρότασις.

1320 783 1532 840 ALIUD
2238 768 2287 826 Δ
3008 764 3197 836 'AAAo

636 893 837 949 Doceus
881 895 1331 966 quoa,proposito
1379 896 1580 966 majore
1618 906 1664 947 et
1711 896 1932 966 minore,
1976 897 2211 962 imperite

2316 895 2615 952 ΔιδὰσκΟν
2642 897 2754 962 ὅτι,
2791 897 3188 966 προκειμένου
3220 894 3626 966 τοῦμειζονος
3661 914 3767 951 και
3810 897 3933 951 τοῦ

704 967 991 1035 admodum
1017 965 1349 1033 iitwqualitas
1376 964 1657 1033 inferatur,
1686 982 1805 1018 eum
1824 965 1983 1035 juxta
2010 966 2216 1021 Aristo-

707 1035 822 1089 telis
853 1034 1189 1103 disciplinam
1218 1034 1441 1088 alterius
1471 1036 1537 1087 sit
1567 1036 1790 1104 generis.

705 1208 936 1265 Nomina
977 1224 1098 1279 qua:
1134 1210 1201 1265 ad
1240 1208 1447 1279 aliquid
1484 1218 1647 1277 sunt,
1685 1219 1848 1281 atque
1885 1212 1960 1266 ita
1999 1213 2067 1268 ab
2109 1212 2216 1269 illis

636 1311 921 1367 vocantur,
945 1316 1067 1356 cum
1091 1300 1415 1356 Aristoteles
1440 1300 1666 1370 hujusce
1692 1301 1828 1357 artis
1855 1302 2105 1360 inventor
2121 1320 2217 1359 ex-

636 1395 822 1464 plicat,
852 1394 927 1449 ita
954 1393 1141 1449 deﬁnit
1170 1412 1185 1449 :
1218 1395 1301 1448 Ad
1324 1393 1548 1464 aliquid,
1576 1394 1775 1464 inquit,
1806 1405 2072 1451 vocantur
2094 1412 2215 1467 quae

635 1483 689 1537 id
718 1482 892 1552 ipsum
918 1482 1059 1551 quod
1086 1490 1243 1545 sunt,
1267 1481 1495 1536 aliorum
1520 1496 1641 1537 esse
1666 1483 1939 1550 dicuntur,
1966 1494 2060 1540 aut
2083 1501 2217 1557 quo-

632 1574 929 1629 modolibet
955 1573 1115 1629 aliter
1144 1576 1210 1628 ad
1241 1573 1385 1628 aliud
1416 1588 1433 1628 z
1464 1583 1520 1629 ut
1551 1576 1747 1646 majus,
1778 1577 1831 1633 id
1866 1578 2039 1649 ipsum
2070 1581 2217 1650 quod

633 1675 721 1720 est
754 1675 1004 1735 respectu
1034 1666 1260 1721 alterius
1291 1682 1413 1722 esse
1444 1667 1666 1724 dicitur.
1698 1668 1767 1725 Et
1799 1670 2045 1742 duplum,
2075 1672 2216 1744 idip-

630 1772 749 1811 sum
784 1759 928 1826 quod
963 1768 1079 1821 est,
1115 1759 1343 1813 alterius
1378 1768 1462 1814 est
1496 1772 1512 1812 :
1548 1760 1779 1829 alicujus
1812 1763 1959 1817 enim
1994 1764 2215 1834 duplum

628 1848 853 1904 dicitur.
887 1849 1023 1905 Cum
1060 1851 1224 1920 igitur
1254 1852 1368 1906 luec
1400 1851 1472 1907 sit
1504 1865 1689 1907 eorum
1722 1853 1837 1925 89
1871 1869 1990 1925 quae
2022 1857 2088 1912 ad
2120 1857 2219 1912 ali-

629 1940 760 2007 quid
789 1951 914 1994 sunt
940 1940 1205 2007 deiiuitio,
1231 1942 1415 1997 dicant
1442 1943 1599 1999 nobis
1625 1943 1744 2009 isti,
1772 1945 1861 2015 qui
1893 1946 2028 2001 nihil
2054 1962 2216 2018 quam

630 2032 979 2089 Aristotelem
1010 2042 1253 2101 crepant,
1280 2043 1332 2089 et
1363 2035 1509 2091 illius
1532 2037 1712 2107 potius
1743 2036 2027 2107 disciplina
2054 2054 2215 2108 quam

2389 967 2735 1031 ἐλάττονος,
2780 965 3151 1037 ἀπαιδεύτως
3201 965 3270 1037 τὸ
3313 965 3600 1037 ἀνόμοιον
3644 967 3931 1037 ελεγ-φέρε-

2389 986 2735 1031 εκαττονος,
2780 986 3151 1031 απαιοευτως
3201 986 3270 1019 το
3313 986 3600 1037 ανομοιον
3644 986 3747 1022 cur
3801 986 3928 1036 ερε-

2387 1054 2483 1107 ται
2504 1077 2519 1101 ,
2578 1037 2919 1106 ἑτερογενὲο
2979 1036 3054 1091 ὃν
3097 1035 3249 1090 κατὰ
3300 1036 3415 1107 τὴν
3454 986 3928 1107 Ἀριστοτὲιους

2387 1106 2631 1176 τέχνην.

2388 1219 2470 1273 Τὰ
2522 1220 2660 1291 πρός
2708 1237 2762 1273 τι
2803 1220 2995 1290 ἔχοντα
3027 1219 3139 1274 τῶν
3184 1220 3466 1292 ὀνομάτων
3498 1220 3643 1276 οὕτω
3675 1239 3736 1275 τε
3771 1221 3930 1292 παρ’

2318 1304 2551 1369 ἐκείνοις
2576 1304 2905 1377 καλούμενα,
2932 1308 3142 1379 φανερὰ
3170 1307 3444 1363 καθιστῶν
3467 1312 3496 1363 ὁ
3524 1314 3623 1381 τῆς
3650 1311 3924 1380 τοιαύτης

2317 1399 2513 1470 τέχνης
2552 1400 2781 1471 εὑρετὴς
2816 1399 3212 1470 Ἀριστοτέλης,
3256 1398 3500 1453 τοιοῦτον
3547 1400 3769 1472 ἐκφέρει
3825 1402 3925 1453 τὸν

2317 1491 2442 1562 ὂρον
2464 1508 2479 1523 ·
2514 1490 2656 1561 Πρός
2678 1509 2729 1544 τι
2759 1490 2815 1544 δὲ
2837 1489 2907 1543 τὰ
2939 1490 3165 1545 τοιαῦτα
3196 1490 3438 1559 λέγεται,
3472 1493 3573 1546 ὅσα
3602 1492 3744 1546 αὐτὰ
3765 1492 3923 1563 ἅπερ

2320 1585 2490 1647 ἐστὶν,
2520 1583 2725 1654 ἐτέρων
2762 1576 2904 1636 εἶναι
2948 1582 3165 1651 λέγεται
3197 1582 3229 1653 ἦ
3265 1582 3517 1635 ὁπωσοῦν
3553 1581 3730 1645 ἄλλως
3773 1582 3921 1651 πρὸς

2318 1671 2504 1744 ἕτερον
2525 1690 2538 1703 ο
2574 1665 2685 1725 οἷον
2736 1670 2797 1724 τὸ
2840 1670 3025 1741 μεῖζον
3072 1668 3219 1723 τοῦθ’
3243 1670 3381 1739 ὅπερ
3413 1668 3560 1721 ἐστὶν
3595 1666 3785 1737 ἑτέρου
3830 1666 3919 1718 λέο

2319 1781 2499 1833 γεται.
2527 1764 2638 1817 Καὶ
2680 1763 2742 1816 τὸ
2783 1762 3068 1817 διπλάσιον
3116 1759 3306 1831 ἐτέρου
3356 1758 3573 1827 λέγεται
3604 1756 3921 1826 τοῦθ’ὃπερ

2319 1854 2437 1908 ἐστί
2456 1870 2471 1885 °
2498 1853 2644 1917 τινὸς
2667 1854 2777 1924 γὰρ
2803 1852 3085 1908 διπλάσιον
3122 1850 3368 1921 λέγεται.
3388 1848 3589 1903 Τοῦτον
3615 1848 3922 1919 τοιγαροῦν

2321 1945 2554 2016 ἑχόντων
2578 1944 2688 1998 τῶν
2716 1944 2853 2014 πρός
2880 1962 2932 1998 τι
2975 1944 3067 1997 τὸν
3112 1945 3255 2015 ὅρον,
3292 1944 3657 1997 δεικνύτωσαν
3693 1942 3830 2011 ἡμῖν
3866 1940 3917 1991 ei

2318 2036 2422 2108 τὴν
2455 2036 2859 2107 Ἀριστοτέλους
2884 2034 3235 2107 ἐρευγόμενοι
3261 2034 3478 2105 τέχνην,
3507 2032 3599 2085 καὶ
3626 2033 3740 2095 τοῖς
3767 2032 3915 2083 έκεῖ-

631 2142 912 2183 sacrarum
959 2128 1368 2197 Scripturarum
1413 2130 1721 2201 cognitione
1761 2145 1885 2187 sese
1919 2131 2211 2201 jactitant,

2318 2129 2409 2184 θεν
2435 2128 2776 2201 μαθήμασιν,
2805 2130 2865 2182 οὐ
2899 2130 3012 2193 τοῖς
3054 2128 3163 2183 ἀπὸ
3190 2128 3290 2198 τῆς
3328 2126 3482 2190 θείας
3520 2124 3747 2197 Γραφῆς
3792 2126 3909 2177 £19-

630 2235 700 2274 an
735 2218 916 2276 simile
957 2220 1009 2275 id
1044 2219 1218 2290 ipsum
1267 2221 1409 2289 quod
1444 2231 1525 2276 est
1568 2221 1793 2278 alterius
1823 2222 1923 2290 sit,
1958 2225 2217 2292 quemad-

632 2312 851 2366 modum
899 2312 1075 2383 majus
1119 2321 1171 2368 et
1222 2313 1463 2384 duplum.
1512 2315 1816 2385 Opponitur
1855 2318 2001 2372 enim
2050 2318 2214 2374 simili

630 2402 923 2467 dissimile,
942 2403 1084 2458 sicut
1109 2403 1320 2472 majori,
1349 2406 1554 2472 minus;
1584 2408 1677 2461 sed
1706 2422 1811 2463 non
1837 2410 2026 2464 eodem
2056 2411 2216 2467 modo

630 2502 796 2562 atque
824 2494 1052 2550 ratione.
1080 2494 1252 2567 Majus
1279 2496 1426 2552 enim
1462 2498 1662 2554 dicitur
1688 2507 1748 2555 ut
1778 2500 1985 2555 minore
2016 2502 2210 2573 majus.

632 2581 821 2638 Simile
848 2592 1029 2639 autem
1060 2600 1341 2656 nunquam
1373 2587 1623 2644 dissimili
1655 2590 1831 2660 majus
1857 2592 2091 2658 dicitur,
2121 2608 2216 2650 ne-

629 2689 737 2742 que
766 2676 1221 2745 quemadmodum
1250 2677 1447 2750 majus,
1477 2680 1570 2751 qui
1600 2682 1907 2753 oppositum
1936 2697 2095 2738 suum
2125 2700 2215 2738 su-

629 2772 817 2832 perat,
860 2774 943 2821 est
989 2766 1042 2821 id
1084 2770 1229 2836 quod
1276 2783 1399 2824 esse
1442 2770 1677 2838 dicitur;
1720 2772 1797 2828 ita
1835 2774 2043 2839 simile,
2086 2778 2212 2843 quia

632 2853 806 2923 majus
841 2865 926 2910 est
960 2856 1249 2924 dissimili,
1283 2860 1389 2915 hoc
1420 2864 1566 2932 quod
1601 2873 1686 2920 est
1717 2879 1841 2921 esse
1875 2867 2210 2921 censebitur.

632 2947 836 3003 Diversi
875 2948 1043 3019 igitur
1076 2952 1293 3021 generis
1332 2967 1565 3023 prorsus.
1590 2965 1649 3012 ut
1686 2957 1798 3012 sint
1833 2972 2055 3013 necesse
2094 2968 2212 3023 est,

628 3054 749 3106 qua:
774 3041 1027 3097 eamdem
1051 3043 1371 3101 divisionem
1398 3045 1879 3119 deliuitionemque
1906 3064 2011 3105 non
2040 3050 2214 3106 susci-

627 3132 798 3198 piunt.

1309 3249 1539 3309 ALIUD.

700 3356 928 3415 Nomina
960 3375 1082 3429 qua
1111 3363 1177 3417 ad
1209 3362 1412 3435 aliquid
1443 3375 1605 3433 sunt,
1641 3376 1734 3424 aut
1762 3382 2089 3439 quacunque
2119 3385 2213 3425 ra-

2316 2221 2443 2284 τοὺς
2490 2217 2984 2290 ἀποσεμνύνοντες,
3014 2218 3065 2270 εἰ
3112 2218 3207 2272 καὶ
3254 2216 3316 2269 τὸ
3364 2216 3551 2286 ὅμοιον
3596 2212 3741 2266 τοῦθ’
3774 2213 3918 2281 ὅπερ

2317 2315 2466 2368 ἐστὶν
2504 2312 2692 2384 ἐτέρου
2722 2312 2962 2381 λέγεται,
2994 2310 3248 2382 καθάπερ
3278 2309 3373 2363 καί
3403 2309 3465 2361 τὸ
3493 2307 3676 2379 μεῖζον
3718 2306 3819 2359 καὶ
3854 2306 3915 2357 τὸ

2316 2408 2618 2463 διπλάσιον.
2636 2405 2960 2459 Ἀντίκειται
2994 2402 3094 2475 μὲν
3118 2402 3227 2473 γὰρ
3248 2400 3327 2472 τῷ
3350 2400 3522 2472 ὁμοίῳ
3544 2398 3607 2451 τὸ
3630 2397 3917 2468 ἀνόμοιον,

2316 2499 2504 2570 ὥσπερ
2538 2498 2633 2551 καὶ
2677 2495 2756 2566 τῷ
2795 2495 3005 2566 μείζονι
3037 2493 3099 2547 τὸ
3149 2492 3393 2552 ἔλαττον.
3438 2489 3557 2543 ἀλλ’
3586 2488 3686 2557 οὐχ
3734 2486 3915 2549 οὕτως

2314 2591 2435 2645 οὐδὲ
2468 2588 2755 2653 ὡσαύτως.
2785 2587 2859 2641 Τὸ
2896 2587 2995 2658 μὲν
3021 2586 3131 2657 γὰρ
3158 2585 3343 2656 μεῖζον
3372 2584 3449 2647 ὼς
3473 2582 3757 2643 ἐλάττονος
3797 2581 3898 2648 μεὶ

2314 2682 2407 2747 ζον
2436 2682 2675 2751 λέγεται.
2705 2680 2779 2733 Τὸ
2804 2679 2861 2733 δὲ
2887 2680 3074 2747 ὅμοιον
3103 2678 3204 2731 οὐκ
3235 2676 3306 2731 ἂν
3337 2676 3413 2740 ὡς
3441 2673 3699 2745 ἀνομοίου
3723 2671 3916 2743 μεῖζον

2314 2772 2533 2843 λεχθείη
2570 2769 2726 2834 ποτὲ,
2770 2768 2891 2823 οὐδὲ
2911 2769 3112 2835 ὥσπερ
3127 2766 3188 2820 τὺ
3212 2765 3398 2835 μεῖζον
3421 2765 3508 2818 διὰ
3532 2764 3595 2817 τὸ
3614 2762 3914 2832 ὑπερέχειν

2315 2861 2411 2916 τοῦ
2475 2849 2854 2929 ἀντικειμένου
2891 2857 3054 2913 τοῦτό
3092 2858 3249 2911 ἐστιν
3287 2858 3427 2926 ὅπερ
3467 2852 3615 2907 εἶναι
3649 2853 3910 2921 λέγεται·

2314 2951 2457 3007 οὕτω
2483 2951 2579 3006 καὶ
2614 2951 2677 3005 τδ
2714 2952 2901 3022 ὅμοιον
2934 2951 3021 3005 διὰ
3063 2950 3124 3003 τὸ
3166 2948 3352 3019 μεῖζον
3374 2944 3631 3002 εἴναιτοῦ
3653 2945 3914 3016 ἀνομοίου

2314 3042 2642 3113 νοηθήσεται
2684 3041 2860 3096 τοῦτο.
2886 3039 3096 3095 Οὐκοῦν
3118 3039 3408 3113 ἑτερογενῆ
3430 3037 3647 3100 πάντως
3664 3036 3823 3089 ἔσται
3844 3037 3913 3089 τὰ

2314 3137 2417 3206 τὴν
2436 3135 2610 3207 αὐτὴν
2627 3134 2893 3206 διαίρεσεν
2911 3152 2973 3189 τε
2995 3135 3089 3189 καὶ
3114 3136 3242 3207 ὅρον
3262 3134 3365 3187 οὐκ
3387 3130 3775 3202 ὲπιδεχόμενα.

3014 3248 3222 3303 ΑΛΛΟ.

2384 3360 2464 3415 Τὰ
2500 3361 2637 3433 πρός
2675 3379 2728 3415 τι
2766 3358 2959 3432 ἔχοντα
2992 3358 3103 3413 τῶν
3145 3357 3508 3429 ὁνομάτων,ἢ
3552 3357 3647 3411 καὶ
3675 3356 3823 3419 ὅπως
3843 3354 3909 3425 δή

627 3452 775 3507 tione
807 3464 1053 3524 respectu
1085 3455 1309 3514 alterius
1340 3458 1617 3526 dicuntur,
1648 3461 1813 3517 simul
1844 3471 1899 3519 et
1928 3462 2207 3520 intellectu

2315 3448 2545 3507 ποτόὗν
2582 3452 2719 3524 πρὸς
2760 3452 2948 3524 ἕτερόν
2989 3470 3043 3505 τι
3081 3451 3376 3523 λεγόμενα,
3398 3450 3517 3520 ἅμα
3558 3450 3679 3502 ἐστὶ
3710 3448 3807 3501 καὶ
3839 3451 3907 3518 τῇ

627 3554 680 3597 et
716 3555 905 3601 natura
941 3557 1102 3613 sunt,
1141 3558 1201 3605 ut
1237 3550 1473 3622 exempli
1510 3553 1719 3623 gratia,
1756 3554 1977 3625 duplum
2010 3564 2064 3611 et
2097 3571 2214 3611 ma-

628 3651 815 3704 gnum.
847 3638 1076 3709 Duplum
1104 3640 1249 3698 enim
1275 3642 1504 3699 omnino
1528 3658 1711 3700 secum
1742 3645 1949 3703 inducit
1975 3646 2027 3702 id
2057 3647 2214 3717 cujus

624 3737 710 3781 est
735 3728 979 3798 duplum,
1002 3741 1057 3787 et
1084 3747 1341 3803 magnum
1368 3747 1553 3789 secum
1578 3735 1744 3791 etiam
1773 3734 1932 3793 aﬂ'ert
1958 3753 2211 3808 parvum,

625 3819 785 3889 cujus
818 3827 1226 3892 comparatione
1258 3833 1346 3882 est
1382 3840 1659 3898 magnum.
1698 3826 1886 3899 Neque
1920 3832 2069 3886 enim
2102 3832 2212 3887 erit

625 3916 845 3986 duplum
873 3931 979 3972 non
1008 3917 1308 3974 exsistente
1334 3919 1514 3975 medio
1540 3937 1557 3975 :
1584 3935 1762 3990 neque
1788 3937 2043 3992 magnum
2061 3965 2078 3990 ,
2105 3924 2212 3981 nisi

626 4014 896 4062 statuatur
915 4006 1132 4077 aliquod
1154 4023 1403 4079 parvum.
1429 4007 1555 4065 Haec
1580 4018 1664 4065 est
1690 4010 1855 4081 igitur
1876 4026 2063 4067 eorum
2088 4028 2211 4083 quae

626 4098 693 4150 ad
728 4098 932 4168 aliquid
965 4107 1091 4155 sunt
1124 4099 1400 4167 deﬁnitio;
1438 4099 1616 4154 simile
1644 4115 1777 4157 vero
1813 4116 1921 4156 non
1957 4117 2212 4158 accessa.-

626 4191 708 4243 rio
753 4205 857 4245 una
900 4205 1023 4245 cum
1068 4190 1317 4246 dissimili
1367 4191 1713 4262 intelligitur,
1751 4195 2208 4263 quemadmodum

626 4283 745 4347 illa,
780 4282 923 4339 sicut
956 4296 1133 4351 neque
1159 4280 1366 4351 justum
1402 4297 1524 4338 cum
1564 4281 1792 4351 injusto,
1827 4298 2003 4353 neque
2036 4285 2209 4341 virtus

623 4391 745 4429 cum
783 4375 937 4431 vitio.
976 4374 1110 4431 Nam
1155 4374 1421 4443 ejusmodi
1462 4374 1799 4445 privatioues
1839 4377 2018 4447 potius
2058 4388 2206 4446 sunt,

621 4480 678 4525 et
704 4484 894 4525 eorum
924 4483 1044 4539 quae
1077 4470 1128 4523 in
1165 4469 1351 4525 habitu
1382 4470 1684 4525 consistunt
1714 4472 2042 4527 mutationes
2062 4513 2078 4535 ,
2112 4488 2207 4527 ne-

622 4575 728 4628 que
762 4560 1215 4630 quemadmodum
1251 4575 1313 4615 ea
1350 4576 1470 4631 quze
1503 4562 1570 4618 ad
1608 4562 1815 4632 aliquid
1850 4572 2004 4629 sunt,
2042 4562 2205 4618 simul

622 4670 746 4709 cum
782 4653 896 4708 suis
929 4652 1194 4721 oppositis
1228 4652 1622 4727 intelliguntur.
1655 4656 1864 4711 Similis
1900 4656 2043 4711 cnim
2085 4673 2205 4712 tnu-

624 4745 756 4799 tatio
786 4742 1031 4813 quaedam
1061 4752 1147 4798 est
1176 4743 1470 4810 dissimile,
1496 4743 1723 4814 iustitia:
1748 4762 1879 4802 vero
1913 4747 2201 4819 injustitia.

2318 3544 2501 3615 νοήσει
2538 3544 2633 3596 καὶ
2668 3546 2733 3615 τῇ
2774 3543 2971 3613 φύσει·
3016 3537 3127 3596 οἷον
3151 3543 3282 3615 φέρε
3324 3542 3519 3605 εἰπεῖν,
3546 3541 3605 3595 τὸ
3625 3540 3909 3595 διπλάσιον

2320 3635 2413 3688 καὶ
2457 3633 2518 3687 τὸ
2558 3633 2720 3704 μέγα.
2744 3634 2820 3688 Τὸ
2861 3633 2962 3705 μὲν
3004 3635 3115 3705 γὰρ
3161 3634 3463 3695 διπλάσιον,
3490 3634 3906 3704 συνεισφέρειττ

2318 3723 2535 3787 πάντως
2576 3722 2755 3794 ἑαυτῷ
2797 3715 2859 3776 οὗ
2902 3723 2996 3776 καὶ
3035 3723 3151 3777 ἐστὶ
3193 3722 3493 3789 διπλάσιον,
3520 3724 3615 3777 καὶ
3659 3722 3719 3775 τὸ
3764 3722 3907 3792 μέγα

2320 3813 2642 3868 συνεισοίσει
2680 3814 2900 3879 πάντως
2944 3813 3124 3885 ἑαυτῷ
3146 3814 3208 3868 τὸ
3242 3813 3438 3885 μικρὸν
3470 3814 3605 3885 πρὸς
3630 3813 3658 3867 ὃ
3692 3813 3789 3868 καὶ
3819 3813 3905 3865 λέ-

2318 3920 2471 3972 γεται
2505 3903 2667 3975 μέγα.
2705 3903 2780 3957 Οὔ
2810 3902 2919 3975 γὰρ
2952 3903 3019 3957 ἂν
3063 3904 3149 3974 εἴη
3200 3903 3499 3968 διπλάσιον,
3531 3902 3758 3975 ἡμίσεος
3804 3903 3904 3955 οὐκ

2316 3996 2490 4063 ὄντος,
2524 3994 2639 4049 ἀλλ’
2665 3996 2786 4049 οὐδὲ
2827 3996 2991 4068 μέγα,
3030 3996 3229 4068 μικροῦ
3276 3995 3353 4069 μὴ
3400 3996 3690 4067 νοουμένου
3737 3996 3898 4058 τινός.

2316 4087 2398 4141 Τὰ
2434 4089 2533 4159 μὲν
2562 4084 2656 4141 οὖν
2689 4088 2827 4159 πρός
2872 4106 2926 4142 τι
2952 4088 3143 4143 τοῦτον
3185 4088 3301 4161 ἔχει
3340 4089 3433 4143 τὸν
3478 4090 3635 4159 ὅρονο
3663 4088 3725 4141 τὸ
3752 4087 3809 4141 δέ
3847 4102 3901 4155 ει

2315 4181 2503 4251 ὅμοιον
2549 4182 2649 4235 οὐκ
2700 4180 2760 4248 ἐξ
2806 4180 3057 4252 ἀνάγκης
3101 4180 3218 4252 ἅμα
3263 4181 3341 4253 τῷ
3395 4180 3630 4253 ἀνομοίῳ
3676 4181 3897 4239 νοεῖται,

2316 4276 2570 4348 καθάπερ
2615 4277 2867 4330 κάκεῖνα*
2902 4274 3093 4348 ὥσπερ
3130 4276 3251 4331 οὐδὲ
3293 4275 3356 4329 τὸ
3404 4276 3613 4330 δίκαιον
3661 4274 3776 4346 ἅμα
3823 4272 3900 4341 τῷ

2314 4368 2509 4440 ἀδίκῳ,
2546 4368 2667 4423 οὐδὲ
2705 4370 2740 4439 ἡ
2788 4369 2960 4441 ἀρετὴ
3008 4368 3124 4439 ἅμα
3168 4372 3237 4441 τῇ
3286 4369 3474 4441 κακίᾳ.
3507 4369 3590 4422 Τὰ
3642 4368 3744 4438 μὲν
3792 4367 3897 4438 γὰρ

2313 4461 2536 4515 τοιαῦτα
2566 4462 2853 4533 στερήσεις
2887 4461 3085 4534 μᾶλλόν
3115 4464 3222 4517 εισι
3269 4464 3364 4516 καὶ
3405 4461 3673 4533 ἐκτροπαὶ
3702 4459 3810 4513 τῶν
3844 4460 3898 4511 ὲν

2312 4552 2423 4619 ἕξει
2452 4554 2741 4625 κειμένων,
2764 4554 2826 4607 οὑ
2861 4553 3311 4627 συνεισφέρεσθαι
3345 4554 3563 4617 πάντως
3591 4552 3895 4623 ὀφείλοντα,

2314 4646 2566 4715 καθάπερ
2596 4646 2688 4699 καὶ
2717 4647 2809 4700 ἐπὶ
2838 4646 2948 4700 τῶν
2987 4647 3124 4717 πρός
3168 4663 3221 4699 τι
3268 4645 3338 4700 τὰ
3383 4644 3759 4715 ἀντικείμενα.
3792 4644 3898 4696 Τοῦ

2315 4736 2417 4808 μὲν
2446 4735 2554 4808 γὰρ
2583 4736 2769 4807 ὁμοίου
2798 4737 3042 4807 ἐκτροπή
3072 4736 3155 4799 τίς
3182 4737 3299 4789 ἐστι
3328 4735 3388 4789 τὸ
3414 4734 3689 4806 ἀνόμοιον,
3715 4736 3815 4805 τῆς
3842 4733 3899 4787 δὲ

621 4837 756 4891 Cum
795 4850 956 4901 vero,
994 4836 1147 4906 juxta
1194 4835 1407 4890 illorum
1447 4836 1823 4907 disciplinam,
1867 4818 2205 4908 privationes

2315 4829 2655 4899 δικαιοσύνης
2703 4830 2737 4898 ἡ
2780 4828 2982 4883 ἀδικία.
3002 4828 3220 4899 Ἐπειδὴ
3249 4827 3329 4891 δὲ,
3360 4827 3499 4880 κατὰ
3537 4826 3635 4897 τὴν
3674 4818 3899 4880 ἐκείνων

622 4930 896 4984 habilibus
927 4929 1036 4983 sint
1066 4928 1417 4995 posteriores,
1448 4944 1555 4983 non
1586 4930 1693 4985 erit
1724 4929 1907 5001 itaque
1936 4931 2206 4988 dissimile

2315 4924 2526 4993 τέχνην,
2558 4921 2616 4973 αἱ
2645 4921 2931 4993 στερήσεις
2962 4920 3070 4972 τῶν
3099 4918 3266 4982 ἕξεων
3291 4918 3563 4989 δεύτεραι,
3587 4917 3689 4969 οὐκ
3720 4918 3787 4970 ἂν
3812 4919 3897 4987 εἴη

622 5038 687 5077 ex
718 5022 786 5077 iis
810 5035 931 5092 quae
958 5036 1062 5075 una
1095 5020 1488 5093 intelliguntur,
1516 5037 1641 5077 cum
1670 5024 1853 5093 potius
1873 5025 1946 5081 sit
1972 5024 2206 5095 privatio

2315 5013 2417 5068 τῶν
2454 5014 2572 5084 ἃμα
2605 5012 2909 5080 νοουμένων
2960 5011 3021 5065 τὸ
3049 5011 3321 5081 ἀνόμοιον,
3359 5009 3611 5082 στέρησις
3661 5011 3756 5064 καὶ
3804 5010 3897 5062 ὲκ-

622 5123 676 5167 et
709 5112 937 5169 mutatio
967 5111 1181 5170 similis.

1301 5226 1528 5283 ALIUD.

694 5338 979 5394 Nomiuum
1010 5356 1128 5409 qua:
1157 5340 1223 5394 ad
1255 5340 1454 5410 aliquid
1483 5352 1639 5408 sunt,
1670 5342 1899 5399 alterum
1934 5343 2197 5415 quodam-

624 5432 784 5485 modo
815 5431 869 5485 in
904 5430 1073 5486 altero
1102 5445 1221 5486 esse
1249 5447 1407 5487 suum
1441 5434 1624 5501 habet,
1657 5446 1710 5488 et
1740 5438 1953 5491 sublato
1984 5453 2091 5492 uno
2120 5437 2199 5492 al-

626 5533 797 5578 terum
838 5524 999 5578 etiam
1041 5523 1245 5578 interit.
1285 5525 1751 5593 Quemadmodum
1790 5528 1953 5596 igitur
1990 5529 2203 5584 sublato

627 5615 851 5684 majore,
898 5616 1101 5671 tollitur
1141 5616 1311 5671 etiam
1350 5618 1560 5682 minus;
1611 5633 1789 5688 neque
1831 5619 1974 5673 cnim
2022 5621 2202 5677 minus

2308 5103 2487 5174 τοοπὴ
2518 5100 2614 5154 τοῦ
2651 5100 2837 5171 ὁμοίου
2871 5101 3159 5171 τυγχάνον.

3000 5220 3208 5275 ΔΑΜ).

2386 5341 2473 5395 Τὰ
2502 5340 2637 5410 πρός
2668 5356 2721 5392 τι
2748 5338 2937 5409 ἔχοντα
2974 5338 3081 5392 τῶν
3109 5337 3393 5411 ὀνομάτων
3420 5355 3531 5393 ο.ον
3558 5338 3617 5393 ὲν
3643 5338 3896 5411 ἀλλήλοις

2308 5434 2421 5504 ἔχει
2447 5432 2511 5486 τὺ
2536 5427 2699 5496 εἶναι,
2751 5432 2844 5485 καὶ
2866 5431 2983 5494 ἐνὸς
3013 5430 3391 5503 ἀναιρεθέντος
3416 5433 3515 5486 οὐκ
3539 5430 3655 5485 ἔστι
3681 5432 3750 5486 τὸ
3775 5432 3895 5486 δεύ-

2309 5540 2489 5594 τερον.
2516 5522 2733 5593 ’Ὥσπερ
2774 5518 2869 5577 οὖν
2912 5522 3007 5576 καὶ
3050 5522 3433 5592 ἀναιρεθέντος
3476 5525 3573 5579 τοῦ
3624 5524 3890 5595 μείζονος,

2310 5615 2720 5685 συναναιρεῖται
2742 5613 2962 5677 πάντως
2978 5613 3041 5667 τὸ
3065 5613 3285 5669 ἔλαττον
3306 5632 3320 5646 ⁶
3351 5616 3412 5669 οὐ
3442 5615 3551 5688 γὰρ
3579 5615 3646 5670 ἂν
3672 5615 3893 5669 ἔλαττον

627 5706 831 5774 aliquid
877 5705 1060 5772 fuerit,
1103 5707 1205 5761 nisi
1248 5708 1477 5763 exsistat
1520 5708 1715 5779 niajus,
1756 5706 1907 5777 cujus
1954 5719 2201 5777 respectu

2315 5707 2393 5777 εἴη
2428 5724 2503 5769 τι,
2544 5706 2620 5777 μὴ
2652 5707 2805 5770 ὁντος
2841 5706 3105 5777 μείζονος,
3141 5702 3203 5762 οὗ
3234 5708 3331 5762 καὶ
3358 5707 3507 5762 ἔστιν
3550 5707 3793 5761 ἔλαττον.
3830 5708 3889 5760 Εἰ

626 5812 810 5853 minus
836 5807 935 5853 est.
967 5797 1020 5854 Si
1047 5813 1175 5868 ergo
1203 5798 1377 5856 simile
1403 5800 1645 5870 ejusdem
1686 5800 1899 5870 gcueris
1927 5815 2047 5859 esse
2072 5816 2195 5859 cum

2315 5799 2486 5857 τοίνυν
2512 5800 2772 5871 ὁμογενὲς
2792 5796 2929 5854 εἶναί
2951 5817 3085 5870 φατε
3116 5802 3226 5864 τοῖς
3247 5801 3379 5871 πρὸς
3402 5819 3455 5854 τι
3481 5803 3573 5856 καὶ
3601 5802 3660 5854 τὸ
3682 5801 3888 5868 ὅμοιον,
