4144 6518
238 374 241 375 ⁷
298 373 402 431 “9

1717 354 2158 413 THESAURUS‘.

3453 354 3551 409 150

298 491 581 563 ἀναιρεθὲν
611 490 793 555 αὐτὸν,
827 486 1216 559 συναναιρείτω
1240 486 1300 539 τὸ
1338 483 1610 555 ἀνόμοιον,
1645 481 1741 533 καὶ
1767 497 1888 533 συν-

1992 472 2300 527 nominibus
2329 486 2449 541 qua:
2476 473 2541 527 ad
2573 470 2775 542 aliquid
2803 482 2929 527 sunt
2960 472 3213 539 censetis,
3239 472 3451 529 sublato
3480 475 3553 528 εἰς·

298 583 627 657 αναιρείσθω
679 582 842 638 πάλιν
895 579 1112 650 ἐκείνῳ.
1148 577 1288 632 Ἀλλ’
1335 575 1395 629 οὐ
1453 574 1876 643 συναναιρεῖται,

298 675 420 729 οὐδὲ
451 675 559 747 μὴν
586 674 828 745 ἀναιρεῖ·
870 672 1022 736 ὄντος
1051 672 1162 742 γάρ
1190 686 1336 732 τινος
1379 665 1687 739 ἀνθρώπου,
1718 662 1880 734 τυχὸν

300 772 454 827 ἔσται
484 789 536 827 τι
563 770 621 823 τὸ
644 767 895 837 ἀνόμοιον
925 763 1073 835 αὒτῷ
1096 781 1108 795 ·
1130 763 1226 817 καὶ
1258 759 1636 832 ἀναιρεθέντος
1667 755 1763 811 τοῦ
1796 757 1881 809 ἀν-

301 865 512 936 ομοίου,
541 864 601 917 οὐ
634 860 1039 930 συναναιρεῖται
1080 857 1138 911 τὸ
1174 855 1257 920 ὃν,
1287 854 1564 909 τουτέστιν
1592 853 1621 905 6
1666 850 1878 922 ἄνθρω-

301 972 422 1021 πος,
457 950 517 1010 οὗ
550 953 643 1008 καὶ
671 952 898 1022 γέγονεν
923 950 1178 1019 ἀνόμοιον
1204 947 1265 1000 τὸ
1288 944 1595 1017 ἀναιρεθέν.
1631 943 1744 996 Οὐκ
1772 941 1880 1013 ἀρα

298 1049 408 1104 τῶν
453 1048 590 1120 πρὸς
621 1046 826 1117 ἄλληλα
871 1040 1182 1113 λεγομένων
1213 1039 1273 1092 τὸ
1314 1040 1497 1110 ὅμοιον
1536 1036 1628 1089 καὶ
1677 1034 1738 1088 τὸ
1788 1034 1881 1088 ἀν-

299 1138 501 1210 ὀμοιον.

988 1247 1191 1301 ΑΛΛΟ.

382 1364 506 1420 Ἐπὶ
543 1362 638 1418 τοῦ
672 1361 857 1434 ὁμοίου
908 1360 1004 1417 καὶ¹
1029 1360 1131 1430 τῆς
1158 1359 1361 1432 ἀρετῆς
1389 1357 1480 1413 καὶ
1507 1356 1616 1411 τῶν
1645 1356 1882 1409 ἀντικει-

303 1452 479 1525 μένων
522 1452 733 1517 τούτοις
769 1451 1009 1522 χωρήσει
1050 1448 1113 1503 τὸ
1158 1447 1359 1519 μᾶλλον
1403 1446 1499 1500 καὶ
1530 1440 1880 1517 ἦττον.Ἔστι

300 1546 411 1617 γὰρ
453 1546 629 1599 εἰπεῖν
672 1544 733 1598 οὐ
776 1542 1106 1613 ψευδόμενον
1138 1539 1288 1594 τόνδε
1334 1538 1457 1593 τινὰ
1501 1537 1664 1606 τυχὸν
1696 1536 1880 1605 ὅμοιον

299 1636 457 1707 τῷδε,
474 1635 570 1692 καὶ
596 1628 757 1709 ἦττον
786 1633 819 1705 ἢ
854 1633 1053 1704 μᾶλλον
1078 1633 1280 1704 ὅμοιον,
1303 1632 1396 1684 καὶ
1422 1628 1621 1702 μᾶλλον
1648 1627 1878 1689 δίκαιον,

301 1728 397 1781 καὶ
427 1728 635 1782 δίκαιον
666 1721 992 1798 ἦττον.⁹Επί
1024 1723 1125 1795 μέν
1169 1741 1252 1777 τοι
1300 1721 1395 1776 τοῦ
1447 1719 1751 1792 μείζονοςῆ
1784 1719 1880 1772 καὶ

298 1818 393 1873 τοῦ
443 1817 742 1884 ἐλάττονος,
771 1814 1116 1877 διπλασίονός
1158 1830 1219 1868 τε
1266 1814 1360 1867 καὶ
1406 1811 1653 1883 ἡμίσεος,
1687 1809 1784 1863 οὐκ
1813 1807 1878 1863 ἀν

299 1912 444 1965 είποι
471 1927 579 1973 τις,
616 1908 816 1979 μᾶλλον
850 1905 1089 1977 μεῖζονῆ
1125 1905 1323 1977 μᾶλλον
1356 1902 1647 1973 ἔλαττον,ἢ
1683 1901 1881 1972 μᾶλλον

298 1995 630 2066 διπλάσιονῆ
658 1995 857 2067 μᾶλλον
881 1995 1076 2066 ἥμισυ.
1094 1993 1445 2048 Ἀνεπίδεκτσ.
1464 1991 1573 2063 γὰρ
1594 1991 1687 2046 τοῦ
1713 1992 1881 2045 ποσοῦ

299 2089 368 2142 τά
408 2091 509 2160 τῆς
548 2089 839 2160 ποιότητος
879 2088 994 2160 εῐδη
1028 2087 1118 2142 διὰ
1149 2088 1358 2142 πολλῶν
1388 2087 1789 2142 ἀποδέδεικται.
1819 2088 1881 2139 Ei

298 2181 476 2236 τοίνυν
500 2181 561 2237 τὸ
584 2182 771 2253 ὅμοιον
798 2181 893 2237 τοῦ
922 2180 1089 2236 ποσοῦ
1117 2181 1421 2253 χωρητικόν
1446 2182 1583 2245 ἐστι,
1612 2181 1704 2233 καὶ
1729 2180 1883 2251 δέχε-

299 2290 390 2328 ται
416 2273 479 2327 τὸ
513 2274 713 2345 μᾶλλον
740 2275 835 2329 καὶ
862 2274 923 2327 τὸ
954 2274 1197 2338 ἔλαττον,
1217 2273 1279 2327 οὐ
1300 2273 1603 2345 δεχομένων
1634 2273 1766 2327 αὐτὸ
1788 2272 1883 2326 τοῦ

303 2363 549 2433 ἡμίσεως
587 2364 684 2417 καὶ
716 2364 1021 2431 διπλασίου,
1055 2365 1152 2434 οὐχ
1180 2364 1437 2435 ὁμογενὲς
1464 2364 1573 2435 ἄρα
1605 2366 1717 2428 τοῖς
1749 2364 1883 2435 πρός

306 2453 358 2506 τί
393 2454 558 2510 ἐστιν.

989 2538 1192 2625 ΑΛΛΟ.

378 2678 452 2731 Τὸ
480 2679 681 2751 μᾶλλον
711 2682 829 2753 ήτοι
858 2682 919 2735 τὸ
946 2684 1130 2754 μεῖζον
1162 2684 1416 2748 ἐπίτασις
1445 2684 1562 2738 ἐστι
1595 2686 1689 2739 καὶ
1726 2684 1890 2753 ὑπερ-

301 2767 433 2839 ϐολή
483 2786 632 2834 τινος
674 2772 1001 2842 πράγματος
1049 2775 1451 2846 οίουδηποτοῦν,
1483 2777 1584 2829 οὐκ
1633 2776 1887 2846 ἀνομοίου

303 2859 448 2923 τινὸς
493 2861 589 2913 καὶ
636 2862 1017 2933 ἀντικειμένου
1066 2865 1297 2936 δήλωσιν
1346 2866 1479 2935 ἔχει.
1512 2866 1586 2920 Τὸ
1614 2861 1678 2919 ’δὲ
1703 2867 1888 2936 ὅμοιον

303 2952 403 3022 οὐχ
433 2950 626 3016 οὕτως.
655 2953 914 3025 Είσφέρει
945 2954 1054 3024 γὰρ
1086 2955 1179 3008 τοῦ
1211 2957 1467 3028 ἀνομοίου
1495 2957 1593 3028 τὴν
1625 2957 1884 3029 ἔμφασιν.

308 3043 522 3107 Ἀλλως
550 3062 607 3097 τε
634 3044 712 3115 τῷ
737 3045 837 3116 μὲν
858 3046 1096 3117 ἀνομοίῳ
1128 3047 1386 3119 στέρησις
1416 3049 1716 3105 ἀκολουθεῖ.
1735 3053 1889 3106 Ἀπο-

301 3134 435 3202 6ολὴ
474 3135 583 3207 γάρ
616 3137 709 3191 τοῦ
741 3138 929 3207 όμοίου
962 3138 1024 3191 τὸ
1065 3139 1321 3210 ἀνόμοιον
1365 3140 1678 3210 ἐργάζεται.
1714 3142 1787 3194 Τὸ
1830 3141 1889 3195 δὲ

304 3224 510 3296 μᾶλλον
549 3229 641 3281 καὶ
689 3228 874 3299 μεῖζον
923 3230 1175 3295 ὲπίτασίς
1210 3248 1357 3295 τινος
1386 3231 1534 3296 ὄντα,
1567 3232 1727 3285 ποίαν
1778 3233 1887 3298 ἕξει

304 3317 404 3387 τὴν
428 3318 769 3391 ἀποϐολὴν,ἢ
793 3320 912 3385 πῶς
933 3320 1021 3374 ἐπ’
1041 3322 1206 3377 αὑτοῦ
1230 3324 1485 3396 στέρησις
1507 3323 1680 3392 ἔσται,
1701 3324 1889 3396 ὥσπερ

304 3408 401 3460 κα)⁸
449 3408 540 3462 ἐπὶ
564 3409 659 3463 τοῦ
690 3411 981 3481 ἀνομοίου;
1030 3412 1168 3466 Ἀλλ’
1201 3414 1300 3467 οὐκ
1337 3414 1404 3468 ἂν
1436 3414 1549 3485 ἔχοι
1578 3432 1660 3481 τις
1692 3417 1885 3470 εἰπεῖν.

318 3495 662 3569 Ἐτερσγενὲς
691 3498 799 3570 ἄρα
827 3499 907 3571 τῷ
940 3502 1112 3573 ὁμοίῳ
1145 3503 1206 3555 τὸ
1238 3503 1443 3573 μεῖζον.

309 3609 512 3685 ΔᾹᾼΟ,
559 3612 871 3685 ἀπόδειξιν
897 3613 1043 3682 ἔχον
1070 3613 1159 3667 ὅτι
1199 3613 1297 3668 διὰ
1328 3616 1435 3671 τοῦ
1461 3617 1743 3685 λέγεσθαι
1763 3619 1890 3685 μεί-

381 3680 520 3754 ζοκα
548 3683 654 3735 τὸν
685 3680 939 3754 Πατέρα,
954 3680 1417 3754 ήσυνεισφέρεται
1451 3680 1568 3754 μὲῦ
1597 3680 1834 3754 πάντως
1858 3690 1891 3741 ὀ

391 3752 541 3818 mg,
580 3754 712 3807 ἐστι
742 3752 810 3806 δὲ
846 3756 959 3807 οὐκ
984 3752 1480 3810 ἐλάττωνναὺτοῦ.

382 3867 456 3921 Τὸ
488 3866 674 3938 μεῖξον
705 3868 862 3932 εἴτις
890 3869 1174 3939 ὀνομάσαι,
1202 3870 1528 3924 συνεισοίσει
1553 3872 1771 3936 πάντως
1798 3871 1892 3926 καὶ

311 3957 626 4027 ἀναγκαίως
657 3958 843 4030 ἕτερόν
889 3976 940 4012 τι
989 3961 1116 4030 παρ’
1149 3960 1282 4013 αὐτὸ
1309 3954 1370 4015 οῦ
1397 3962 1492 4014 καὶ
1520 3960 1636 4016 ἔστι
1686 3962 1888 4033 μεῖζον.

312 4050 469 4105 Οῦτω
510 4049 798 4122 τοιγαροῦν
842 4050 1058 4121 ἔχοντος
1102 4050 1199 4104 τοῦ
1245 4053 1536 4123 νοήματος,
1575 4053 1708 4125 φέρε
1760 4056 1895 4108 κατ’

312 4141 444 4194 αὐτὸ
483 4141 583 4212 τὴν
633 4139 782 4217 θείαν
831 4140 1173 4212 ἐξετάσωμεν
1207 4142 1481 4214 γέννησιν,
1508 4144 1603 4197 καὶ
1645 4143 1737 4199 τὸν
1764 4144 1895 4217 περὶ

312 4232 529 4304 Πατρὸς
579 4233 673 4286 καὶ
720 4215 848 4285 Ῠίοῦ
895 4233 1264 4304 γυμνάσωμεν
1315 4234 1667 4304 λόγον.⁹οταν
1712 4215 1893 4292 τοίνυν

312 4325 541 4395 λέγηται
572 4324 775 4395 μείζων
808 4326 836 4378 6
859 4325 1070 4398 Πατὴρ,
1102 4326 1442 4397 συνεισφέρει
1462 4326 1561 4398 μὲν
1587 4326 1807 4392 πάντως
1835 4327 1895 4381 τὸ

312 4417 373 4471 ὲν
411 4414 593 4486 σχέσει
637 4418 703 4487 τῇ
756 4416 893 4487 πρὸς
920 4417 1103 4485 αὑτὸν,
1130 4418 1228 4490 τὴν
1253 4416 1385 4471 Υίοῦ
1422 4417 1697 4489 σημασίαν
1727 4419 1895 4490 φημὶ,

1915 3198 1957 3256 C

1982 563 2117 625 mili,
2162 562 2347 617 interit
2390 563 2552 615 etiam
2599 571 2655 616 et
2698 563 2980 629 dissimile,
3022 562 3289 633 simulque
3330 573 3553 633 peream

1980 667 2200 707 necesse
2238 660 2342 707 est.
2379 651 2490 722 90
2527 650 2631 707 Sed
2669 667 2841 721 neque
2877 652 3227 720 interimitur,
3264 669 3437 724 neque
3457 655 3555 709 οἰη-

1981 742 2183 798 terimit
2213 761 2226 797 :
2258 758 2379 797 cum
2408 743 2551 796 enim
2589 741 2792 813 aliquid
2823 745 2895 798 sit
2924 743 3106 807 homo,
3134 743 3237 797 erit
3264 744 3426 798 etiam
3459 743 3555 799 ali-

1980 836 2106 904 quid
2137 835 2186 890 ei
2217 834 2502 898 dissimile,
2536 844 2590 888 et
2620 833 2834 889 sublato
2868 832 3140 897 dissimili,
3173 848 3280 887 non
3316 835 3459 903 perit
3486 835 3559 888 si-

1981 929 2091 985 mul
2121 929 2173 983 id
2200 930 2343 999 quod
2370 937 2508 992 erat,
2548 928 2650 982 hoc
2682 935 2764 982 est
2802 927 2987 989 homo,
3032 925 3118 979 cui
3150 924 3413 980 dissimile
3441 935 3559 981 erat

1980 1022 2121 1093 quod
2160 1021 2340 1091 periit.
2378 1019 2568 1075 Simile
2605 1018 2770 1089 igitur
2800 1028 2855 1073 et
2889 1015 3152 1072 dissimile
3186 1030 3293 1071 non
3331 1023 3457 1071 sunt
3491 1018 3557 1071 ad

1982 1111 2204 1183 aiiquid.

2653 1219 2887 1277 ALIUD.

2054 1339 2129 1395 De
2155 1337 2316 1393 simili
2345 1347 2399 1391 et
2423 1336 2621 1391 virtute
2645 1345 2806 1405 atque
2837 1336 3030 1390 horum
3062 1333 3325 1406 oppositis
3358 1333 3560 1389 dicitur

1982 1430 2154 1500 magis
2198 1438 2241 1484 at
2276 1430 2475 1483 minus.
2498 1416 2636 1482 Vere
2665 1427 2807 1480 enim
2846 1427 2950 1481 dici
2986 1435 3183 1495 potest,
3210 1427 3352 1481 hunc
3375 1425 3452 1480 illi
3484 1426 3560 1480 si-

1982 1519 2161 1574 milem
2195 1533 2344 1583 esse,
2375 1525 2429 1570 et
2465 1517 2645 1570 minus
2675 1524 2767 1569 aut
2798 1516 2970 1581 magis
3001 1515 3234 1570 similem
3254 1554 3269 1581 ,
3302 1524 3357 1571 et
3388 1516 3561 1584 magis

1982 1620 2077 1665 aut
2119 1611 2296 1665 minus
2351 1609 2580 1680 justum.
2613 1606 2678 1660 Et
2716 1607 2783 1662 de
2829 1607 2999 1678 magis
3070 1607 3231 1678 duplo
3270 1616 3325 1662 et
3385 1608 3562 1663 medio

1980 1700 2087 1756 dici
2132 1714 2237 1754 non
2282 1707 2461 1768 potest
2515 1698 2686 1768 magis
2737 1697 2932 1767 majus,
2984 1697 3072 1753 vel
3116 1698 3286 1767 magis
3345 1698 3563 1763 minus,

1982 1800 2075 1847 aut
2098 1792 2270 1862 magis
2287 1791 2529 1861 duplum,
2549 1789 2634 1844 vel
2652 1790 2822 1857 magis
2841 1788 3397 1856 medium.Qualitatis
3414 1789 3562 1844 enim

1983 1882 2191 1952 species
2224 1882 2507 1952 incapaces
2528 1895 2648 1936 esse
2675 1880 2993 1950 quantitatis
3024 1895 3094 1935 ex
3125 1880 3308 1936 multis
3336 1882 3563 1936 demon-

1984 1982 2210 2029 stratum
2245 1983 2345 2028 est.
2379 1973 2436 2027 Si
2480 1988 2607 2042 ergo
2647 1972 2826 2027 simile
2872 1972 3193 2042 quantitatis
3232 1986 3404 2041 capax
3446 1981 3560 2038 est,

1986 2064 2286 2134 recipitque
2313 2064 2481 2136 magis
2500 2073 2551 2117 et
2569 2064 2763 2127 minus,
2784 2063 3063 2117 dimidium
3099 2078 3229 2119 vero
3257 2072 3312 2120 et
3343 2063 3562 2135 duplum

1986 2156 2040 2211 id
2059 2172 2171 2223 non.
2186 2157 2450 2228 recipiunt
2475 2173 2489 2221 ;
2519 2172 2624 2212 non
2651 2171 2779 2227 ergo
2803 2155 3046 2225 ejusdem
3075 2156 3294 2227 generis
3313 2158 3420 2212 erit
3437 2171 3562 2211 cum

1988 2247 2053 2305 iis
2083 2266 2202 2321 quze
2231 2259 2361 2305 sunt
2387 2249 2454 2304 ad
2485 2249 2712 2321 aliquid.

2663 2565 2894 2622 ALIUD.

2062 2675 2229 2746 Magis
2265 2677 2377 2733 sive
2408 2678 2578 2749 majus
2605 2680 2960 2736 intentionem
2992 2690 3154 2750 atque
3188 2680 3563 2739 excellentiam

1991 2765 2217 2838 alicujus
2253 2769 2330 2823 rei
2370 2770 2668 2839 significat,
2702 2787 2807 2826 non
2847 2783 3023 2827 autem
3066 2773 3330 2829 dissimile
3364 2773 3564 2847 aliquid

1989 2866 2044 2911 et
2082 2861 2388 2927 oppositum
2437 2861 2660 2916 indicat.
2709 2860 2899 2917 Simile
2940 2878 3070 2917 vero
3119 2879 3224 2919 non
3270 2866 3399 2919 item
3430 2880 3443 2915 :
3472 2864 3566 2918 de-

1991 2960 2258 3006 monstrat
2289 2953 2429 3007 enim
2467 2953 2518 3007 id
2552 2954 2693 3022 quod
2728 2954 2989 3010 dissimile
3020 2964 3123 3011 est.
3157 2955 3391 3011 Amissio
3421 2957 3563 3009 enim

1993 3041 2209 3107 similis,
2237 3043 2501 3097 dissimile
2528 3042 2691 3099 eliicit
2720 3062 2733 3100 :
2761 3046 2898 3100 adde
2924 3049 3067 3116 quod
3095 3046 3359 3101 dissimile
3386 3046 3567 3114 sequi-

1994 3141 2080 3187 tur
2108 3134 2358 3202 privatio.
2390 3133 2559 3203 Magis
2589 3150 2717 3191 vero
2747 3146 2802 3191 et
2834 3137 3010 3191 minus
3041 3152 3161 3191 cum
3194 3138 3302 3191 sint
3332 3138 3569 3192 intensio

1991 3222 2217 3291 alicujus
2260 3222 2358 3288 rei,
2401 3236 2645 3291 quaenam
2693 3224 2747 3277 in
2786 3224 2869 3278 his
2911 3225 3155 3289 amissio,
3202 3235 3296 3280 aut
3334 3226 3566 3295 privatio

1991 3314 2156 3368 statui
2199 3321 2392 3382 potest.
2431 3320 2487 3365 ut
2529 3312 2582 3367 in
2627 3314 2913 3368 dissimili?
2948 3313 3107 3369 Nulla
3150 3325 3318 3371 certe.
3358 3315 3566 3373 Diversi

1992 3403 2156 3472 igitur
2185 3404 2401 3471 generis
2430 3413 2557 3458 sunt
2589 3403 2767 3459 simile
2795 3413 2851 3459 et
2882 3406 3078 3477 majus.

1992 3601 2227 3673 ALIUD,
2256 3604 2622 3657 demonstrans
2656 3619 2748 3673 per
2775 3605 2829 3658 id
2858 3605 2997 3673 quod
3031 3606 3230 3659 dicitur
3260 3606 3420 3665 Pater
3446 3627 3560 3664 ma-

2056 3672 2168 3741 jor,
2198 3673 2355 3727 simul
2383 3676 2539 3728 etiam
2570 3674 2766 3741 inferre
2793 3672 3017 3742 Filium,
3052 3678 3225 3731 minor
3250 3689 3424 3735 autem
3453 3682 3566 3751 ipso

2063 3758 2165 3795 non
2192 3753 2287 3797 εει.

2068 3867 2125 3924 Si
2159 3870 2279 3939 quis
2313 3871 2554 3927 nominet
2590 3872 2796 3943 majus,
2829 3873 3138 3928 necessario
3169 3874 3333 3929 etiam
3372 3874 3568 3930 inferet

1994 3957 2138 4012 aliud
2166 3958 2439 4028 quidpiam
2471 3970 2665 4029 praeter
2712 3962 2762 4016 id
2791 3963 2949 4031 cujus
2981 3972 3228 4032 respectu
3257 3964 3434 4034 majus
3460 3974 3566 4021 est.

1995 4049 2148 4117 Quod
2176 4065 2299 4105 cum
2329 4051 2402 4105 ita
2435 4054 2655 4109 omnino
2687 4069 2745 4110 se
2777 4055 3004 4122 habeat,
3033 4072 3131 4126 age
3161 4057 3263 4113 hac
3291 4060 3454 4113 etiam
3486 4074 3570 4114 ra-

1999 4140 2143 4196 tione
2172 4141 2404 4196 divinam
2436 4147 2837 4211 generationem
2872 4146 3248 4217 exploremus,
3275 4158 3330 4203 et
3356 4163 3568 4204 sermo-

1996 4245 2120 4285 nem
2154 4232 2219 4286 de
2250 4230 2410 4288 Patre
2440 4243 2495 4288 et
2525 4234 2661 4291 Filio
2690 4236 3096 4308 investigemus.
3125 4238 3261 4295 Cum
3294 4241 3459 4306 igitur
3485 4242 3569 4295 di-

1996 4324 2139 4380 citur
2173 4326 2347 4393 major
2377 4323 2560 4393 Pater,
2598 4326 2828 4383 infertur
2863 4330 3086 4384 omnino
3126 4332 3286 4385 etiam
3332 4331 3383 4386 id
3424 4333 3569 4402 quod

1998 4414 2317 4472 relationem
2365 4417 2432 4471 ad
2481 4419 2657 4487 ipsum
2704 4419 2897 4487 habet,
2948 4422 3200 4476 nimirum
3246 4423 3570 4493 signiﬁcatio

316 4507 439 4562 καθ’
462 4503 533 4580 ἧς
570 4508 634 4561 τὸ
660 4507 883 4563 ἔλαττον
913 4508 1124 4564 νοοῦσιν
1166 4509 1217 4564 οἱ
1260 4510 1639 4581 χριστομάχοι.
1672 4511 1889 4564 Συνεισ-

2002 4504 2146 4571 Filii,
2171 4507 2222 4561 in
2247 4522 2353 4577 qua
2378 4509 2555 4564 minus
2575 4510 2914 4565 constituunt
2936 4513 3120 4567 hostes
3141 4512 3365 4568 Christi.
3390 4514 3573 4583 Quano

316 4598 627 4671 ενεχθέντος
654 4600 946 4671 τοιγαροῦν
983 4601 1294 4671 ἀναγκαίως
1326 4602 1402 4672 τῷ
1424 4603 1600 4672 Πατρὶ
1622 4602 1716 4656 τοῦ
1742 4601 1893 4671 Υίοῦ,

2002 4598 2290 4668 doqnidem
2325 4613 2453 4670 ergo
2489 4601 2800 4657 necessario
2839 4617 2944 4657 una
2981 4618 3103 4657 cum
3141 4602 3305 4661 Patre
3342 4604 3574 4660 infertur

318 4692 454 4763 φέρε
496 4691 883 4763 δοκιμάζωμεν
913 4692 1030 4758 πῶς
1062 4692 1174 4759 ἕξει
1220 4692 1282 4746 τὸ
1319 4693 1504 4763 μεῖξον
1528 4695 1556 4747 6
1588 4694 1801 4766 Πατήρ.
1832 4695 1889 4747 ΕΙ

2000 4686 2191 4754 Filius,
2215 4702 2333 4759 age,
2351 4690 2727 4746 examinemus
2758 4705 2864 4760 quo
2899 4703 3056 4765 pacto
3089 4692 3252 4749 Pater
3280 4698 3451 4764 major
3478 4697 3569 4750 sit.

316 4781 427 4853 γὰρ
455 4779 614 4850 φύσει
648 4780 781 4844 Θεὸς
808 4781 837 4832 6
870 4780 1015 4847 Υἱὸς,
1039 4780 1291 4851 καθάπερ
1320 4780 1414 4834 καὶ
1442 4781 1471 4834 ό
1503 4779 1715 4852 Πατὴρ,
1738 4779 1898 4850 φύσει

316 4870 541 4939 ἀγαθὸς,
589 4870 750 4939 φύσει
792 4870 1143 4943 δημιουργὸς,
1194 4870 1354 4940 φύσει
1409 4870 1685 4941 βασιλεὺς,
1746 4872 1898 4926 ποῖον

317 4960 472 5015 ἔσται
498 4961 559 5014 τὸ
596 4959 780 5031 μεῖζον
808 4964 864 5015 ἐν
895 4963 1091 5033 Πατρὶ,
1125 4961 1340 5032 ἔχοντος
1371 4962 1512 5017 αὐτά
1547 4961 1770 5027 τελείως
1803 4962 1900 5017 κοιλ⁵

315 5054 412 5108 τοῦ
443 5054 606 5121 Υίοῦ;
635 5056 697 5109 Ei
729 5054 789 5108 δὲ
822 5055 900 5126 μὴ
946 5054 1059 5125 ἔχει
1098 5054 1337 5121 τελείως,
1368 5053 1487 5118 πῶς
1519 5053 1653 5118 Θεός
1690 5055 1807 5106 ἐστι
1839 5051 1901 5107 τὸ

316 5139 362 5217 ᾧ
378 5146 557 5201 τιτῶν
580 5146 801 5217 ἀγαθῶν
822 5147 1022 5213 ὲνδεεί;
1043 5146 1115 5199 Τὸ
1132 5146 1241 5217 γὰρ
1268 5143 1422 5200 οῦπω
1448 5146 1545 5216 τῆς
1575 5144 1900 5215 ὀφειλούσης

318 5241 597 5311 προσεῖναι
631 5237 750 5310 Θεῷ
781 5238 1116 5311 τελειότητος
1140 5237 1561 5309 ἐπειλημμένον,
1590 5238 1691 5291 οὐκ
1722 5236 1788 5291 ἂν
1815 5237 1901 5310 εἴη

320 5328 481 5398 φύσει
512 5329 646 5392 Θεός
665 5343 680 5359 ⁸
718 5328 879 5398 φύσει
905 5328 963 5382 δὲ
984 5327 1115 5391 Θεὸς
1143 5330 1171 5381 6
1192 5327 1339 5391 Υἱόςο
1368 5326 1572 5391 τέλειος
1599 5327 1707 5397 ἄρα
1733 5326 1903 5381 καθά-

322 5436 429 5491 περ
473 5421 566 5473 καὶ
593 5421 622 5472 6
650 5421 1094 5493 Πατήρ.Ἑπειδὴ
1140 5421 1196 5475 δὲ
1242 5421 1448 5485 τέλειος
1487 5423 1515 5473 6
1549 5419 1761 5490 Πατὴρ,
1803 5420 1905 5473 οὐκ

323 5512 561 5567 ἐλάττων
586 5513 809 5586 δηλαδή.
839 5513 1213 5585 Οἰκονομικῶς
1247 5514 1306 5568 δέ
1346 5532 1511 5586 φησιν
1555 5513 1750 5568 ἑαυτοῦ
1785 5512 1907 5585 μεί-

324 5604 458 5670 ζονα
482 5604 573 5658 τὸν
602 5590 890 5679 Πατέρα,ἢ
916 5605 1051 5661 καθὸ
1076 5607 1297 5676 γέγονεν
1326 5604 1635 5678 ἄνθρωπος,
1654 5622 1907 5678 παραχω-

326 5697 437 5769 ρῶν
460 5699 528 5769 τῇ
553 5696 650 5769 τῆς
673 5697 923 5770 θεότητος
943 5697 1103 5768 φύσει
1126 5698 1187 5752 τὸ
1202 5698 1491 5770 ὑπερέχειν
1512 5697 1620 5753 τῶν
1639 5698 1901 5772 γενητῶν·

327 5791 419 5851 καὶ
449 5789 525 5859 τῷ
556 5790 697 5846 κατά
727 5791 889 5860 φύσιν
915 5790 1103 5862 Κυρίῳ
1130 5790 1192 5847 τὸ
1217 5792 1328 5849 ἀνω
1361 5792 1573 5849 κεῖσθαι
1600 5791 1773 5858 διδοὺς
1810 5793 1907 5860 τῆς

1999 4775 2056 4859 Si
2093 4778 2237 4833 enim
2272 4777 2440 4834 Filius
2475 4788 2561 4835 est
2594 4788 2788 4834 natura
2823 4781 2993 4848 Deus,
3026 4783 3482 4853 quemadmodum
3519 4794 3575 4838 et

1996 4868 2159 4925 Pater
2183 4881 2266 4928 est
2293 4881 2483 4927 natura
2516 4872 2710 4938 bonus,
2741 4882 2930 4928 natura
2959 4884 3196 4939 creator,
3229 4884 3422 4928 natura
3450 4889 3569 4938 rex,

1998 4961 2283 5031 qualenam
2311 4963 2420 5019 erit
2448 4964 2619 5035 majus
2650 4966 2703 5020 in
2736 4964 2917 5031 Patre,
2943 4966 3049 5038 91
3080 4981 3201 5021 cum
3229 4975 3284 5020 et
3312 4965 3479 5021 Filius
3510 4980 3575 5021 ea

1997 5051 2238 5122 perfecte
2279 5054 2510 5111 haheat?
2548 5055 2606 5111 Si
2648 5071 2776 5112 vero
2817 5055 3051 5126 perfecte
3090 5070 3199 5109 non
3245 5053 3427 5122 habet,
3468 5069 3577 5124 quo

2000 5153 2159 5214 pacto
2182 5146 2287 5201 dici
2310 5155 2489 5216 potest
2512 5149 2652 5202 Deus
2678 5148 2723 5201 is
2747 5149 2833 5201 cui
2862 5144 3078 5214 aliquod
3103 5145 3365 5200 bonorum
3392 5145 3577 5201 deest!

2004 5232 2061 5289 ld
2094 5236 2238 5290 enim
2272 5239 2413 5305 quod
2442 5251 2561 5292 eam
2592 5252 2713 5307 qua:
2747 5238 2922 5291 inesse
2952 5236 3061 5290 Deo
3092 5234 3252 5292 debet
3286 5235 3576 5307 perfectio-

2007 5338 2133 5379 nem
2164 5341 2267 5379 non
2300 5325 2491 5391 habet,
2518 5326 2660 5383 Deus
2686 5342 2874 5381 natura
2904 5340 3027 5382 esse
3052 5340 3159 5381 non
3187 5336 3396 5396 potest;
3427 5329 3576 5399 atqui

2008 5417 2174 5472 Filius
2215 5428 2301 5472 est
2341 5418 2482 5473 Deus
2524 5428 2715 5473 natura
2753 5439 2766 5475 :
2805 5418 3078 5490 perfectus
3116 5420 3280 5492 igitur
3312 5423 3576 5490 quemad-

2008 5510 2226 5566 modum
2250 5520 2305 5565 et
2327 5510 2505 5564 Pater.
2527 5509 2662 5565 Cum
2689 5525 2816 5565 vero
2841 5510 3111 5581 perfectus
3132 5511 3203 5566 sit
3225 5509 3407 5577 Pater,
3430 5522 3576 5565 certe

2008 5603 2187 5657 minor
2209 5618 2315 5656 non
2340 5610 2445 5657 est.
2469 5602 2738 5657 Caeterqu
2766 5614 3011 5674 respectu
3037 5602 3430 5659 incarnationis
3457 5614 3573 5656 ma-

2004 5695 2178 5765 jorem
2207 5695 2337 5751 dicit
2364 5695 2601 5762 Patrem,
2630 5697 2743 5752 sive
2767 5706 3036 5767 quatenus
3066 5696 3244 5751 factus
3271 5704 3352 5751 est
3385 5695 3574 5756 homo;

2013 5787 2255 5843 tribuens
2300 5788 2401 5844 hoc
2444 5797 2647 5844 natura:
2688 5788 2983 5845 divinitatis
3026 5797 3083 5843 ut
3125 5786 3391 5843 creaturis
3429 5794 3572 5839 ante
