4144 6508
242 337 349 399 153

1667 332 1943 390 THESAU
1957 332 2115 390 RUS.

3412 327 3513 383 154

243 457 339 512 καὶ
369 454 577 526 ταύτην
605 453 883 518 ἀπόδειξιν
928 452 1223 524 ποιουμένη
1272 452 1367 523 τῆς
1426 450 1831 523 ἒτεροουσιότη-

1973 463 1992 510 ι
2027 455 2079 509 in
2118 468 2282 524 quam
2319 453 2496 508 minus
2531 451 2675 507 nulla
2709 449 2917 505 ratione
2952 450 3146 505 cadere
3178 455 3384 517 potest,
3420 447 3513 502 sed

242 567 356 614 τος,
387 549 455 619 ἢν
486 548 588 602 οὐκ
624 544 739 603 οἴδα
778 546 942 601 πόθεν
970 546 1276 600 ἐπινοοῦσιν
1309 548 1400 599 ἐπὶ
1427 546 1527 617 τῆς
1557 546 1626 600 τά
1653 547 1831 601 πάντα

1972 561 2055 601 uae
2098 547 2279 617 potius
2315 543 2698 617 perfectionem
2740 543 2845 599 sibi
2884 541 3295 597 convenientem
3334 540 3518 609 requi-

246 639 655 711 ὑπερκειμένης
687 637 893 703 οὐσίας,
916 636 1010 690 καὶ
1034 636 1094 689 τὸ
1116 636 1335 689 ἔλαττον
1375 635 1678 706 οὐδαμόθεν
1721 654 1831 705 χω-

250 733 366 800 ρεῖν
409 730 749 801 δυναμένηςο
802 725 1141 797 ἀπαιτούσης
1186 726 1244 780 δὲ
1299 727 1501 796 μᾶλλον
1540 726 1639 799 τὴν
1696 727 1832 798 αὐτῇ

248 825 568 903 πρέπουσαν
613 820 946 890 τελειότητα,
983 819 1216 890 ἐπείπερ
1252 818 1405 872 οὐδὲν
1446 817 1667 871 ἔλαττον
1713 816 1834 870 οὐδὲ

251 915 441 979 ἀτελὲς
468 916 526 968 ἐν
554 913 632 986 τῷ
661 914 802 969 κατά
828 912 991 982 φύσιν
1022 910 1165 983 Θεῷ,
1185 914 1323 983 ὅπερ
1350 912 1496 965 ἐστὶν
1527 913 1556 966 6
1590 910 1742 975 Υἱός.

939 1048 1139 1104 ΑΛΛΟ.

320 1186 561 1250 Μείζονά
583 1200 748 1255 φασιν
771 1186 818 1237 οἱ
847 1183 1208 1255 χριστομάχοι
1236 1182 1332 1237 τοῦ
1349 1183 1478 1237 Υίοῦ
1499 1183 1592 1237 τὸν
1615 1182 1838 1255 Πατέρα

250 1275 665 1346 δυσφημοῦντες
712 1276 1060 1345 ἀφυλάκτως,
1101 1276 1196 1329 καὶ
1260 1274 1336 1347 μὴ
1388 1274 1657 1340 νοοῦντες,
1695 1274 1840 1328 καθά

253 1367 587 1440 γέγραπται,
632 1369 771 1439 μήτε
804 1367 838 1422 ἃ
871 1368 1110 1437 λέγουσι,
1150 1368 1287 1437 μήτε
1320 1367 1450 1437 περὶ
1480 1366 1642 1420 τίνων
1669 1366 1841 1419 διαὸεο

253 1459 556 1513 ϐαιοῦνται.
595 1459 686 1512 Διὸ
717 1459 782 1530 δὴ
823 1459 986 1513 πάλιν
1035 1461 1156 1522 ταῖς
1200 1457 1427 1511 ἐκείνων
1481 1458 1704 1528 μανίαις
1750 1456 1842 1509 τὸν

252 1550 413 1622 ὀρθὸν
448 1549 967 1622 ἀντιστρατεύοντες
1009 1548 1189 1618 λόγον,
1224 1550 1573 1620 ἐρωτήσομεν
1615 1545 1838 1610 αὐτούς·

254 1642 460 1710 Λέγετε
500 1642 663 1696 πάλιν
694 1643 845 1715 ἡμῖν,
885 1636 927 1696 ὧ
959 1635 1128 1706 οὗτοι,
1161 1640 1388 1711 πότερόν
1414 1657 1566 1706 ποτε,
1590 1638 1843 1708 καθάπερ

256 1734 416 1804 ὑμεῖς
444 1750 603 1803 φατε,
642 1734 842 1804 μείζων
875 1728 943 1804 ἦν
971 1733 1058 1786 ἀεὶ
1085 1734 1114 1785 6
1149 1730 1339 1801 Πατὴρ
1373 1728 1464 1783 τοῦ
1493 1729 1649 1793 Υίοῦ,
1684 1728 1717 1799 ἢ
1751 1726 1844 1795 γέ-

254 1840 412 1895 γονεν
437 1825 699 1896 ὐστερον;
736 1826 798 1879 Ei
837 1825 935 1897 μὲν
964 1820 1057 1878 οῦν
1091 1822 1235 1878 κατά
1264 1840 1383 1876 τινα
1410 1822 1602 1893 χρόνον
1638 1818 1842 1890 μείζων

255 1917 507 1987 ἐφαίνετο
536 1916 628 1970 τοῦ
651 1915 803 1984 Υἱοῦ,
837 1915 1176 1989 προσγέγονέ
1192 1933 1244 1968 τι
1268 1914 1348 1985 τῷ
1371 1913 1489 1985 Θεῷ
1519 1913 1610 1967 καὶ
1632 1910 1807 1984 Πατρί
1826 1928 1840 1942 ο

255 2008 349 2062 καὶ
367 2008 395 2061 ὃ
417 2007 495 2079 μὴ
519 2008 783 2080 πρότερον
811 2008 1057 2079 ὑπῆρχεν
1084 2005 1255 2078 αὐτῷ,
1283 2005 1378 2058 νῦν
1403 2005 1542 2076 ἔχων
1570 2002 1841 2073 φαίνεταιο

257 2101 373 2164 πῶς
406 2095 498 2153 οὖν
541 2100 747 2163 τέλειος
784 2094 854 2171 ἦν
891 2101 919 2153 6
956 2098 1146 2153 τούτου
1189 2097 1510 2168 λειπόμενος
1542 2094 1601 2162 ἐξ
1635 2094 1845 2166 ἀρχῆς;

270 2193 410 2246 Ἀλλ’
433 2188 503 2264 ἦν
530 2193 620 2247 ἀεὶ
649 2192 876 2258 τέλειος,
908 2191 1010 2245 οὐκ
1038 2192 1147 2262 ἄρα
1169 2189 1414 2243 ἐλείπετο
1446 2187 1540 2242 τοῦ
1568 2186 1843 2257 μείζονος’

257 2278 324 2356 ἦν
359 2285 416 2337 δὲ
449 2284 537 2338 ἀεὶ
567 2282 746 2350 τοῦτο,
785 2282 907 2336 καθ’
940 2284 1104 2353 ὑμᾶς.
1125 2279 1287 2345 Ἀλλ’,
1322 2272 1367 2333 ὦ
1400 2277 1688 2348 βέλτιστοι,
1724 2292 1851 2329 cnv-

260 2378 423 2446 ορᾶτε
469 2376 533 2446 δή
581 2392 684 2428 που
738 2373 833 2427 καὶ
880 2374 1040 2443 ὑμεῖς
1071 2373 1153 2424 ὅτι
1185 2370 1274 2424 διὰ
1304 2370 1365 2422 τὸ
1393 2368 1616 2422 ἐλαττον
1650 2366 1745 2421 καὶ
1792 2364 1853 2417 τὸ

268 2466 452 2536 μεῖζον
501 2466 629 2536 ὑμῖν
676 2464 914 2532 εὐλόγως
964 2460 1317 2527 κινδυνεύσει,
1370 2463 1464 2514 καὶ
1513 2457 1856 2528 δειχθήσεται

266 2559 450 2612 λοιπὸν
475 2558 643 2622 ἓωλος
678 2557 834 2628 ὐμῶν
867 2558 901 2628 ἡ
930 2556 1215 2627 πρότασις.
1248 2554 1322 2606 Τὸ
1350 2552 1461 2622 γὰρ
1505 2550 1688 2622 μεῖζόν
1712 2566 1857 2612 τινος

266 2650 579 2719 λεγόμενον,
611 2649 713 2703 οὐκ
740 2648 806 2702 ἂν
837 2648 924 2719 εἴη
954 2646 1161 2718 μεῖζον,
1196 2645 1271 2717 μὴ
1316 2645 1506 2715 ἐτέρου
1541 2642 1688 2706 τινὸς
1719 2642 1858 2696 πάν-

265 2757 374 2803 τως
406 2740 811 2812 παρακειμένου
843 2739 940 2791 καὶ
966 2737 1268 2801 ἐλάττονος,
1311 2734 1447 2805 πρὸς
1475 2734 1502 2787 ὃ
1535 2733 1599 2805 δὴ
1637 2734 1731 2788 καὶ
1760 2750 1861 2804 με⁴

268 2830 589 2903 τρούμενον,
627 2830 812 2901 μεῖζον
846 2830 923 2894 ὡς
954 2830 1090 2900 πρὸς
1122 2829 1256 2882 αὐτὸ
1286 2828 1561 2897 φαίνεται.
1591 2828 1654 2879 Εί
1680 2825 1863 2879 τοίνυν

267 2925 357 2978 ἀεὶ
405 2924 608 2995 μείζων
642 2918 711 2995 ἦν
743 2924 985 2994 ὁΠατὴρ
1022 2920 1118 2974 τοῦ
1147 2920 1297 2985 Υίοῦ,
1330 2918 1548 2989 ἀνάγκη
1592 2919 1747 2972 πᾶσα
1771 2919 1863 2970 τὸν

268 3017 400 3072 Υἱδν
454 3015 898 3087 συνεισφέρεσθαι
942 3012 1019 3084 τῷ
1064 3012 1258 3084 Πατρι,
1300 3011 1438 3083 πρὸς
1476 3011 1534 3064 ὃν
1584 3010 1680 3076 ὡς,
1731 3010 1865 3063 καθ’

270 3110 440 3180 ὑμᾶς,
468 3109 726 3163 ἐλάττονα
741 3107 868 3160 ὅντα
892 3104 1345 3176 συγκρινόμενος,
1368 3102 1569 3174 μείζων
1587 3102 1861 3172 ἐφαίνετο.

1939 641 2027 705 rit,
2056 639 2324 709 siquidem
2365 637 2497 692 nihil
2526 636 2705 691 minus
2733 644 2827 688 aut
2857 631 3233 703 imperfectum
3263 641 3346 688 est
3374 633 3425 687 in
3454 648 3522 687 eo

1937 733 2029 804 qui
2064 731 2387 788 naturaliter
2416 729 2556 786 Deus
2585 737 2691 795 est,
2720 728 2823 784 hoc
2850 733 2934 782 est
2963 725 3018 780 itt
3048 722 3209 779 Filio.

2612 1031 2844 1091 ALIUD.

2014 1179 2212 1235 Hostes
2241 1174 2443 1232 Christi
2477 1172 2741 1243 majorem
2776 1169 2939 1225 Patre
2965 1167 3162 1222 Filium
3195 1180 3314 1221 esse
3343 1162 3529 1218 dicunt

1943 1272 2180 1343 graviter
2204 1269 2660 1340 blasphemantes,
2686 1273 2740 1320 et
2766 1278 2871 1317 non
2899 1260 3284 1330 intelligentes,
3311 1265 3367 1309 ιιι
3391 1255 3528 1310 scri-

1943 1374 2094 1437 ptum
2124 1370 2209 1418 est
2230 1364 2300 1427 ²²,
2330 1374 2507 1429 neque
2533 1372 2594 1412 ea
2627 1371 2746 1425 qua:
2778 1356 2993 1416 dicunt,
3028 1365 3201 1419 neque
3229 1363 3348 1417 qua:
3380 1360 3527 1400 asse-

1945 1463 2154 1511 verant.
2190 1452 2457 1519 Quocirca
2498 1464 2686 1504 rursus
2724 1447 2936 1501 illorttm
2980 1441 3206 1498 insaniae
3240 1439 3527 1495 veritatem

1946 1554 2303 1619 opponentes,
2337 1558 2431 1599 eos
2467 1539 2946 1611 interrogabimus.
2981 1535 3154 1591 Dicite
3189 1532 3368 1599 nobis,
3403 1530 3530 1584 boni

1948 1639 2085 1704 viri,
2119 1637 2316 1693 Fuitne
2363 1649 2579 1705 semper
2607 1632 2797 1702 major,
2829 1638 2888 1685 ttt
2927 1644 3023 1684 vos
3054 1625 3364 1696 loquimini,
3395 1620 3539 1676 Filio

1951 1731 2144 1796 Pater,
2165 1745 2229 1784 an
2268 1725 2553 1798 postmodo
2585 1725 2637 1779 id
2673 1722 2850 1778 factus
2882 1720 3009 1775 est?
3036 1718 3170 1773 Nam
3208 1717 3255 1770 si
3292 1725 3535 1781 tempore

1948 1822 2129 1892 aliquo
2154 1818 2325 1887 major
2344 1816 2481 1871 Filio
2506 1814 2731 1870 effectus
2755 1821 2864 1879 est,
2882 1810 3115 1866 accessit
3144 1808 3307 1878 igitur
3331 1803 3535 1874 aliquid

1950 1914 2058 1969 Deo
2095 1928 2159 1967 ac
2195 1910 2341 1965 Patri
2383 1929 2398 1965 :
2440 1917 2492 1963 et
2531 1906 2673 1976 quod
2713 1914 2874 1958 antea
2912 1901 2962 1956 ei
3003 1916 3107 1955 non
3147 1900 3351 1956 inerat.
3392 1910 3539 1950 nunc

1949 2006 2152 2061 habere
2177 2003 2452 2067 cernitur;
2481 1996 2758 2071 quomodo
2783 1994 2949 2063 igitur
2974 1990 3253 2062 perfectus
3281 1996 3421 2050 erat,
3450 1986 3538 2039 cui

1951 2101 2004 2155 id
2047 2100 2114 2153 ab
2155 2098 2313 2152 initio
2347 2091 2571 2149 deerat?
2605 2088 2769 2160 Atqui
2806 2100 3024 2155 semper
3055 2090 3176 2139 erat
3215 2078 3487 2151 perfectus
3522 2092 3537 2130 :

1954 2208 2058 2247 non
2089 2191 2255 2261 igitur
2276 2186 2454 2242 caruit
2480 2182 2688 2253 majore
2712 2199 2728 2235 :
2757 2192 2973 2247 semper
2992 2174 3140 2229 enim
3168 2172 3222 2226 id
3247 2177 3365 2225 erat
3385 2169 3543 2239 juxta

1955 2299 2070 2339 vos.
2100 2283 2366 2335 Caeterum
2396 2274 2589 2331 videtis
2619 2274 2781 2329 etiam
2812 2286 2907 2326 vos
2940 2283 3036 2339 per
3066 2265 3247 2321 minus
3278 2272 3333 2318 et
3363 2260 3542 2325 majus

1958 2372 2280 2446 periclitari,
2313 2380 2619 2438 vanamque
2652 2360 2987 2434 deprehendi
3025 2367 3263 2413 vestram
3295 2350 3544 2423 proposi-~

1961 2471 2185 2523 tionem.
2225 2462 2381 2531 Quod
2420 2462 2564 2516 enim
2614 2455 2789 2526 majus
2833 2454 3015 2522 aliquo
3057 2449 3276 2513 dicitur,
3317 2460 3424 2500 non
3475 2443 3549 2497 sit

1963 2560 2169 2629 majus,
2198 2556 2301 2610 nisi
2334 2554 2480 2608 aliud
2507 2548 2786 2622 quidpiam
2813 2546 2958 2619 quod
2988 2543 3169 2598 minus
3199 2541 3271 2595 sit
3302 2550 3543 2609 appona-

1965 2663 2075 2714 tttr,
2111 2650 2175 2702 ad
2218 2647 2359 2716 quod
2399 2643 2652 2699 collatum
2693 2637 2865 2707 majus
2900 2651 2966 2693 eo
3001 2640 3283 2703 appareat.
3322 2629 3379 2684 Si
3417 2642 3549 2697 ergo

1964 2737 2123 2792 Pater
2150 2749 2363 2806 semper
2388 2731 2488 2786 fuit
2517 2729 2688 2801 major
2713 2727 2869 2791 Filio,
2899 2722 3269 2781 necessarium
3297 2718 3406 2790 93
3435 2734 3551 2774 om-

1966 2829 2098 2884 nino
2120 2838 2203 2881 est
2227 2837 2286 2881 ut
2308 2840 2411 2879 una
2434 2839 2557 2879 cum
2583 2821 2743 2875 Patre
2765 2818 3031 2874 inferatur
3051 2814 3250 2881 Filius,
3271 2814 3338 2867 ad
3364 2824 3548 2881 quem,

1965 2921 2265 2975 secundum
2305 2927 2546 2971 vestram
2587 2912 2922 2983 opinionem,
2963 2914 3334 2977 comparatus,
3379 2906 3556 2971 major

1967 3010 2237 3082 apparuit.
2268 3007 2327 3064 Si
2360 3023 2512 3079 ergo,
2547 3015 2606 3060 ut
2636 3018 2731 3060 vos
2762 2999 3083 3073 opinamini,
3119 2997 3243 3053 ideo
3278 2993 3442 3049 Pater
3470 3000 3557 3047 est

1969 3103 2145 3172 major
2174 3099 2347 3166 Filio,
2381 3099 2508 3169 quia
2538 3097 2628 3150 ille
2657 3097 2725 3150 ab
2754 3103 2961 3149 :eterno
2990 3099 3140 3154 erat,
3172 3088 3263 3143 hic
3290 3100 3420 3141 vero
3448 3098 3553 3139 non

273 3174 338 3256 Εἰ
365 3202 567 3266 τοίνυν,
605 3199 746 3253 κατὰ
789 3200 888 3269 τὴν
938 3174 1211 3269 ὑμετέραν
1260 3196 1547 3268 πρότασιν,
1578 3194 1667 3248 διὰ
1703 3193 1860 3247 τοῦτο

1969 3198 2119 3260 item,
2151 3209 2273 3249 eum
2305 3192 2417 3263 jam
2450 3201 2730 3246 OSIensum
2762 3187 2835 3240 sit
2865 3198 2989 3238 eum
3022 3195 3240 3250 semper
3296 3192 3421 3232 cum
3457 3174 3555 3228 Pa-

278 3294 481 3366 μείζων
529 3293 678 3347 ἐστὶν
722 3294 751 3346 6
801 3289 992 3361 Πατὴρ
1023 3289 1120 3343 τοῦ
1154 3288 1310 3354 Υίοῦ,
1358 3288 1658 3358 ἐπειδήπερ
1703 3285 1865 3348 αὐτὸς

275 3389 461 3451 ἀϊδίως
498 3386 596 3458 μὲν
629 3381 717 3456 ἦν,
734 3384 762 3436 6
789 3383 847 3435 δὲ
874 3382 1000 3445 Υίὸς
1027 3381 1127 3451 οὐχ
1154 3378 1350 3443 οὕτως,
1379 3378 1569 3449 ἐπειδὴ
1597 3376 1866 3430 δέδεικται

278 3481 454 3535 συνὼν
482 3478 570 3533 ἀεὶ
590 3478 685 3531 καὶ
716 3475 1079 3547 συνυπάρχων
1106 3470 1184 3542 τῷ
1209 3472 1406 3540 Πατρὶ,
1428 3471 1528 3523 οὐκ
1549 3468 1703 3521 ἔσται
1727 3466 1869 3520 κατά

277 3592 329 3627 τι
357 3572 488 3643 γοῦν
521 3571 783 3631 ἐλάττων,
813 3567 847 3639 ἢ
888 3563 1227 3635 ἐτεροούσιος
1270 3554 1533 3631 αὐτοῦ.ᾯ
1569 3558 1677 3631 γὰρ
1725 3558 1870 3627 λόγῳ

284 3668 358 3740 μὴ
388 3664 564 3720 συνὼν
589 3662 918 3717 ἀπελείπετο
958 3659 1059 3728 τῆς
1104 3656 1368 3727 ἰσότητος,
1401 3653 1480 3725 τῷ
1518 3653 1666 3723 αὐτῷ
1708 3651 1871 3705 πάλιν

283 3762 378 3814 καὶ
421 3759 480 3827 ἐξ
517 3754 881 3828 ἀντιστροφῆς
910 3752 1076 3821 λόγῳ,
1111 3748 1298 3819 ἐπειδὴ
1338 3749 1696 3818 συνυπάρχει,
1739 3745 1872 3800 κατ’

281 3852 471 3908 οὐδένα
502 3851 703 3923 τρόπον
746 3844 1229 3915 ἀπολειφθήσεται.
1249 3841 1374 3894 Ἐπὶ
1400 3840 1456 3893 δὲ
1486 3839 1597 3893 τῶν
1624 3838 1875 3909 ἀλλήλοις

285 3947 429 3999 κατά
467 3945 644 3999 πάντα
683 3938 1082 4012 προσεοικότων
1112 3934 1382 4007 φυσικῶς,
1416 3933 1510 3986 καὶ
1540 3929 1762 4003 μεγέθει
1801 3930 1876 4001 μὴ

288 4037 695 4109 μετρουμένων,
726 4033 828 4088 ποῦ
866 4031 1110 4104 χωρήσει
1140 4028 1201 4083 τὸ
1232 4027 1419 4100 μεῖζον
1464 4025 1561 4080 καὶ
1600 4025 1664 4078 τὸ
1717 4022 1845 4077 ἔλατ

282 4149 377 4186 τον
398 4149 414 4198 ;

984 4258 1186 4314 ΔΛΛΟ.

361 4407 424 4460 Εἰ
453 4402 655 4477 μείζων
683 4400 712 4453 ὁ
742 4397 931 4469 Πατὴρ
960 4396 1054 4450 τοῦ
1084 4394 1240 4457 Υίοῦ,
1282 4391 1425 4447 κατὰ
1467 4392 1566 4462 τὴν
1608 4391 1882 4461 ὑμετέραν

1970 3296 2054 3343 tre
2083 3286 2355 3340 exsistere
2385 3300 2399 3336 :
2431 3296 2537 3337 non
2567 3279 2675 3335 erit
2703 3286 2850 3333 certe
2880 3275 3179 3330 secundum
3214 3267 3421 3337 aliquid
3456 3264 3557 3318 mi-

1971 3396 2092 3447 nor,
2129 3387 2223 3432 aut
2259 3377 2491 3432 diversa:
2525 3372 2594 3428 ab
2628 3386 2694 3425 eo
2729 3366 3004 3425 essentia.
3042 3362 3243 3417 Eadem
3279 3358 3425 3415 enim
3462 3372 3554 3410 ra-

1971 3476 2121 3528 tione
2148 3485 2254 3540 qna
2287 3470 2573 3539 probatur,
2604 3465 2648 3518 si
2682 3476 2788 3516 una
2819 3473 2944 3515 cum
2976 3455 3139 3509 Patre
3169 3467 3276 3507 non
3306 3449 3555 3509 exsistit,

1971 3564 2041 3617 ab
2076 3538 2386 3630 mqualitate
2421 3556 2656 3611 deiicere
2696 3568 2711 3606 :
2748 3550 2938 3605 cadent
2974 3544 3141 3600 etiam
3182 3557 3250 3597 ex
3292 3538 3558 3596 adverso,

1972 3657 2100 3727 quia
2137 3669 2242 3708 una
2280 3666 2405 3708 cum
2445 3648 2606 3703 Patre
2638 3643 2879 3704 exsistit,
2913 3637 3063 3694 nullo
3102 3634 3263 3704 plane
3296 3630 3458 3685 modo
3492 3628 3562 3681 ab

1972 3766 2038 3807 eo
2076 3751 2260 3817 dispar
2292 3744 2419 3801 erit.
2456 3740 2623 3795 ln'iis
2654 3752 2783 3793 vero
2819 3747 2940 3803 qum
2976 3746 3074 3801 per
3104 3727 3289 3783 omnia
3327 3724 3468 3777 inter
3502 3736 3563 3775 se

1978 3838 2300 3897 naturaliter
2326 3834 2525 3891 similia
2567 3836 2696 3885 sunt
2718 3868 2736 3894 ,
2765 3834 2821 3880 et
2859 3819 3231 3893 magnitudine
3260 3829 3370 3870 non
3403 3826 3559 3867 men-

1978 3941 2260 4000 surantur,
2290 3941 2451 3999 quem
2488 3922 2667 3978 locum
2700 3915 2922 3974 habebit
2953 3912 3128 3982 majus
3157 3917 3217 3967 et
3250 3906 3434 3963 minus
3448 3902 3493 3973 τι

2668 4232 2891 4289 ALIUD.

2058 4381 2117 4437 Si
2158 4378 2323 4434 Pater
2359 4372 2535 4441 major
2571 4378 2656 4427 est
2694 4365 2864 4432 Filio,
2900 4360 3198 4420 secundum
3235 4365 3507 4424 vestram,
3540 4371 3572 4409 o

286 4448 576 4571 «96rd:th
630 4487 676 4547 ὦ
716 4448 1095 4563 χριστοιμόιχοι,
1150 4448 1266 4548 πᾶις
1308 4482 1459 4553 αὐτῷ
1508 4448 1607 4553 τὴν
1647 4448 1860 4549 ’ἰσότητι

1985 4476 2171 4531 hostes
2199 4467 2435 4533 Christi,
2468 4461 2896 4535 propositionem
2914 4497 2930 4523 ,
2961 4469 3072 4525 quo
3100 4460 3263 4523 pacto
3292 4449 3494 4504 Paulus
3522 4448 3577 4501 ei

2144 4566 2176 4571 --
2449 4560 2480 4571 ..
2543 4559 2576 4571 .,
2826 4568 2841 4571 ς
2884 4569 2894 4571 _
2954 4568 2966 4571 Α
3012 4548 3113 4571 nu,
3160 4546 3211 4571 ,Α
3260 4544 3431 4571 ,“m
3481 4542 3575 4571 nn;

287 4542 503 4656 112.610;
548 4542 861 4647 ἀποδίδωσι,
893 4542 1102 4652 λέγε)νί
1138 4542 1269 4644 «Ὃς
1294 4582 1351 4632 ἐν
1387 4542 1575 4648 μορφῇ
1606 4572 1743 4627 Θεοῦ
1777 4542 1860 4625 ὐπ·

1988 4566 2350 4639 aequalitatem
2396 4559 2617 4622 tribuit,
2661 4556 2845 4612 dicens
2881 4569 2897 4607 :
2947 4568 2970 4603 ι
3012 4548 3116 4616 Qui
3160 4546 3213 4601 in
3259 4544 3433 4598 forma
3480 4542 3581 4598 Dei

288 4688 498 4757 ἅρχων,
527 4681 627 4751 οὐχ
672 4674 967 4750 ἁρπαγμὸν
1005 4674 1250 4745 ἡγήσατο
1287 4671 1350 4724 τὸ
1392 4664 1530 4723 εἶναι
1584 4666 1674 4720 ίσα
1721 4665 1840 4737 Θεῷ
1870 4681 1882 4693 ·

287 4777 407 4833 ἀλλ’
436 4775 629 4829 ἐαυτὸν
659 4772 919 4833 ἐκένωσε,
949 4765 1164 4841 μορφὴν
1195 4763 1381 4817 δούλου
1414 4760 1618 4825 λαϐὼν,
1641 4760 1734 4813 καὶ
1757 4763 1886 4829 σχή-

295 4889 430 4943 ματι
466 4867 715 4940 εὑρεθεὶς
741 4864 817 4929 ὡς
848 4863 1157 4933 ἄνθρωπος,
1194 4854 1558 4911 ἐταπείνωσεν
1597 4850 1823 4914 ἐαυτόν;
1861 4868 1878 4900 ι

294 4940 360 5016 Εἰ
385 4959 565 5014 τοίνυν
590 4960 619 5011 6
646 4958 746 5027 τῆς
778 4950 1245 5023 ἐνανθρωπήσεως
1270 4946 1471 5017 τρόπος
1500 4943 1597 5016 τὴν
1624 4940 1887 4995 ταπείνω-

296 5070 384 5112 σιν
412 5050 548 5123 ἔχει,
578 5049 671 5102 καὶ
698 5048 797 5117 τὴν
824 5044 1126 5116 λεγομένην
1158 5038 1348 5095 ἐνθάδε
1387 5037 1638 5100 κένωσιν,
1671 5033 1885 5103 ἀνάγκη

296 5146 449 5197 πᾶσα
499 5137 768 5205 σώζεσθαι
798 5137 858 5191 τὸ
884 5136 1086 5189 τέλειον
1110 5133 1189 5205 τῷ
1219 5130 1333 5203 Υίῷ
1366 5130 1488 5185 κατ’
1523 5128 1746 5198 ἰσότητα
1786 5125 1888 5194 τὴν

297 5235 437 5307 πρὸς
470 5234 561 5287 τὸν
590 5231 724 5285 Θεὸν
758 5230 852 5283 καὶ
884 5228 1102 5299 Πατέρα
1134 5227 1240 5297 πρὸ
1270 5226 1371 5296 τῆς
1400 5220 1888 5293 ἐνανθρωπήσεως.

311 5326 597 5381 Ἐντεῦθεν
627 5322 738 5395 γάρ
767 5324 900 5393 ἡμῖν
926 5322 1176 5390 φανεῖται
1216 5320 1313 5372 καὶ
1357 5318 1391 5388 ἠ
1440 5314 1788 5377 ταπείνωσις.
1828 5312 1889 5364 Εἰ

304 5418 415 5488 γὰρ
442 5413 510 5489 ἦν
536 5413 774 5470 ἐλάττων
798 5414 858 5481 ἐξ
888 5412 1084 5467 ἐαυτοῦ
1109 5412 1208 5467 καὶ
1228 5410 1334 5481 πρὸ
1358 5408 1457 5479 τῆς
1486 5406 1890 5468 ταπεινώσεως,

1990 4662 2260 4719 exsistens
2277 4698 2294 4724 ,
2325 4670 2432 4709 non
2458 4651 2702 4721 rapinam
2731 4646 3028 4702 arbitratus
3053 4649 3135 4696 est
3162 4653 3221 4695 se
3246 4650 3368 4693 esse
3393 4649 3581 4705 aequa-

1992 4758 2097 4811 lem
2128 4753 2271 4816 Deo,
2302 4748 2397 4802 sed
2428 4745 2664 4814 seipsum
2695 4737 3025 4799 exinanivit,
3058 4732 3289 4788 formam
3318 4725 3458 4782 servi
3489 4740 3579 4777 ac-

1992 4847 2231 4917 cipiens,
2257 4812 2425 4910 atque
2454 4812 2641 4891 habitu
2671 4831 2925 4885 inventus
2953 4834 3015 4880 ιιι
3043 4824 3240 4884 homo,
3270 4812 3581 4873 humiliavit

1994 4903 2229 5009 se'ipsum
2247 4932 2332 4987 "‘1
2376 4951 2395 4984 ι
2443 4929 2502 4984 Si
2547 4938 2677 4997 ergo
2714 4914 3106 4978 incarnationis
3149 4911 3363 4967 ratione
3402 4903 3582 4960 humi-

1998 4996 2161 5088 liatus
2195 5037 2356 5096 atque
2390 4996 2703 5078 exinanitus
2733 5013 2954 5077 dicitur,
2988 5016 3212 5064 necesse
3243 4996 3468 5055 omnino
3499 5002 3583 5046 est

1997 5134 2057 5179 ut
2082 5087 2344 5194 perfectio
2370 5113 2492 5171 Filii
2519 5109 2846 5169 retineatur,
2871 5099 3084 5155 ratione
3099 5087 3439 5163 'azqualitatis
3464 5100 3583 5154 qua-

1996 5221 2044 5275 ei
2077 5181 2200 5273 cum
2237 5214 2346 5268 Deo
2376 5218 2432 5264 et
2462 5205 2622 5260 Patre
2656 5193 2941 5254 intercedit
2971 5197 3098 5244 ante
3130 5181 3585 5241 incarnationem.

2000 5314 2138 5371 [line
2171 5308 2316 5365 enim
2350 5313 2406 5358 et
2437 5294 2742 5356 humiliatio
2774 5306 2805 5346 a
2840 5288 2999 5344 nobis
3036 5287 3415 5355 cognoscetur.
3451 5274 3584 5329 Nam

2001 5407 2048 5464 si
2076 5419 2175 5477 per
2203 5415 2263 5456 se
2289 5398 2469 5454 minor
2493 5400 2614 5450 erat
2636 5390 2803 5447 etiam
2831 5394 2958 5440 ante
2984 5373 3413 5436 incarnationem
3436 5408 3451 5431 ,
3480 5381 3593 5436 quo

306 5457 414 5565 έιοῖ
428 5457 492 5581 δή
522 5510 630 5581 ἄρα
681 5457 1079 5579 καταξεόηκὼς
1104 5457 1556 5578 ὀφθήσέταιῗκαὶ
1584 5501 1667 5585 τίς
1705 5457 1860 5574 ἡμῖν’

2002 5457 2164 5571 pacto
2193 5488 2547 5551 descendisse
2573 5490 2851 5549 cernetur,
2882 5486 2973 5534 aut
3001 5482 3249 5546 quaenam
3280 5462 3385 5522 erit
3410 5457 3595 5518 humi.»

306 5605 410 5677 τῆς
440 5602 822 5666 ταπεινώσεως
848 5602 1079 5673 τρόπος;

306 5802 312 5809 ο
386 5786 429 5815 ¹¹
466 5782 483 5837 Ι
514 5783 749 5840 Tintoth.
787 5798 825 5852 ι,
857 5782 910 5836 '7.
990 5782 1033 5813 ³³
1064 5777 1297 5848 Philipp.
1327 5793 1386 5845 tt,
1424 5776 1476 5845 6,
1510 5775 1563 5830 7ο

2007 5589 2244 5650 liationis
2276 5582 2452 5643 ratio?
