4144 6552
590 336 686 389 iiii

1611 332 1668 385 S.
1708 330 1984 387 CYRILLI
2026 332 2496 391 ALEXANDRINI
2536 334 2856 393 ARCllllﬁP.

3748 339 3867 392 £53

586 448 780 513 cellat;
829 454 883 500 et
929 444 1156 500 Domino
1203 442 1501 500 secundum
1549 453 1798 499 naturam
1847 447 1951 501 hoc
1996 447 2161 501 ascri-

2276 447 2353 500 τοῦ
2375 447 2563 501 δούλου
2588 450 2821 520 μορφῆς,
2841 450 2889 501 εί
2915 446 3008 501 καὶ
3034 448 3117 502 ὅτι
3150 448 3386 520 μάλιστα
3409 451 3503 504 καὶ
3523 451 3683 515 αὐτὸς
3707 452 3866 504 κατὰ

586 542 721 596 bene
746 538 887 608 quod
915 535 1098 592 servili
1128 534 1302 591 forma
1334 534 1493 606 longe
1523 535 1768 605 superior
1792 544 1867 591 est
1898 575 1913 600 ,
1943 538 2157 591 tametsi

585 629 747 683 etiam
789 629 904 699 ipse
939 628 1238 683 secundum
1275 636 1523 681 naturam
1561 625 1823 682 Dominus
1857 628 1961 693 sit;
1998 638 2160 697 atque

585 701 676 775 ita.
696 720 913 790 quidem
955 719 1200 775 tribuens
1236 717 1408 787 Patri,
1447 727 1506 773 ut
1543 718 1713 789 major
1748 718 1837 784 sit,
1879 728 1939 772 ut
1979 728 2158 773 tamen

585 813 701 878 ipse
736 812 866 865 nihil
909 814 1089 866 minus
1122 811 1319 867 habeat
1352 812 1561 866 ratione
1593 810 1861 866 essentiae.
1898 811 1974 865 Ita
2013 812 2158 866 enim

583 905 690 957 erit
718 919 902 957 verum
936 903 1183 971 genimen
1216 914 1376 973 alque
1407 902 1584 972 imago
1608 901 1905 967 Geuitoris,
1934 916 2039 956 non
2067 902 2161 957 ali-

583 1007 687 1060 qua
720 1006 785 1046 ex
818 1003 973 1060 parte
1004 1005 1293 1060 expressa,
1328 991 1421 1046 sed
1453 990 1822 1045 omnimodatu
1853 993 2161 1049 similitudi-

584 1096 708 1136 nem
747 1096 866 1135 cum
910 1083 1025 1151 ipso
1060 1082 1299 1148 habens;
1334 1081 1502 1136 solius
1531 1097 1661 1138 vero
1691 1084 1873 1139 decori
1908 1099 2073 1141 causa
2104 1095 2161 1141 ut

583 1171 755 1227 Filius
785 1172 1046 1241 majorem
1082 1172 1342 1228 honorem
1376 1172 1518 1227 Patri
1554 1174 1760 1228 tribuit.
1810 1202 1811 1205 η

671 1309 928 1365 ιλάυενσιιε
965 1310 1209 1375 dicentes,
1242 1312 1380 1380 quod
1420 1307 1579 1365 Pater
1607 1310 1677 1364 sit
1710 1311 1884 1380 major
1910 1309 2075 1366 Filio.

1031 1490 1269 1557 Obiectio
1302 1491 1692 1564 Irwreticorttm.

652 1602 837 1671 Pater,
881 1603 1166 1674 inquiunt,
1211 1617 1431 1674 semper
1469 1614 1626 1669 erat,
1671 1602 1843 1659 Filius
1885 1617 2014 1659 vero
2055 1618 2162 1660 non

582 1710 795 1763 semper
828 1713 841 1748 :
876 1710 983 1765 quo
1016 1704 1176 1765 pacto
1212 1693 1377 1763 igitur
1408 1709 1515 1750 non
1554 1695 1662 1749 erit
1696 1693 1867 1763 major
1896 1694 1989 1764 qui
2024 1709 2163 1750 sem-

2269 537 2429 607 φύσιν
2470 538 2691 608 Κύριος,
2742 540 2775 610 ἢ
2825 540 2885 593 τὸ
2929 540 3112 611 μεῖζον
3152 543 3497 613 παραχωρῶν
3540 542 3613 606 ὡς
3650 543 3862 613 “arpi,

2267 631 2417 684 οὐδὲν
2456 632 2554 703 μὲν
2585 626 2747 702 ἦττον
2776 631 2914 703 ἔχων
2945 631 3111 686 αὐτοῦ
3141 633 3283 686 κατὰ
3311 634 3400 687 τὸν
3421 634 3519 705 τῆς
3552 634 3744 696 οὐσίας
3769 635 3867 687 λό-

2267 743 2384 795 γον.
2403 725 2561 779 Οὐτω
2588 726 2695 797 γὰρ
2719 726 2785 780 ἂν
2817 725 2902 797 εἴη
2932 726 3029 779 καὶ
3055 728 3278 796 γνήσιον
3303 726 3549 798 γέννημα
3569 728 3662 781 καὶ
3684 727 3865 779 εἰκὼν

2267 820 2435 882 ὅντως
2458 818 2551 873 τοῦ
2580 818 2992 889 γεγεννηκότος,
3020 819 3080 872 οὐ
3108 819 3249 872 κατά
3272 835 3323 871 τι
3347 820 3864 890 παρακεχαραγμέ-

2267 929 2355 980 νη,
2385 911 2501 963 ἀλλ’
2540 910 2832 982 ὁλόκληρον
2878 909 3016 981 πρὸς
3066 910 3229 964 αὐτὸν
3266 908 3513 974 σώζουσα
3537 911 3638 982 τὴν
3673 910 3860 980 ἐμφέγ

2274 1020 2423 1074 ρειαν
2447 1020 2460 1033 ·
2507 1004 2596 1057 διὰ
2645 1004 2703 1057 δὲ
2754 1002 2916 1074 μόνον
2949 1002 3009 1056 τὸ
3038 1001 3251 1072 πρέπον
3295 1001 3372 1066 ὡς
3401 1002 3529 1067 Υἱὸς
3564 1001 3645 1075 τῷ
3672 1000 3861 1072 Πατρὶ

2268 1096 2435 1166 τιμὴν
2463 1095 2754 1167 ἀπονέμων
2781 1094 2879 1166 τὴν
2911 1094 3153 1166 μείζονα.

2268 1318 2429 1386 Πρὸς
2467 1317 2618 1385 Δτοὺς
2663 1318 2954 1387 λέγοντας
2979 1319 3125 1443 ,ῃότέ
3164 1317 3379 1388 μείζων
3417 1320 3451 1373 ό
3487 1320 3691 1390 Πατὴρ
3742 1322 3865 1377 τοῦ

3055 1406 3147 1442 ου.

3055 1406 3147 1442 ου.

2530 1501 2852 1567 ’.ἀντίθεσις
2889 1501 2969 1566 ὡς
3005 1500 3073 1554 ἐκ
3110 1500 3231 1556 τῶν
3266 1504 3600 1572 αἱρετικῶν.

2352 1614 2414 1667 '0
2440 1612 2652 1684 Πατὴρ,
2686 1612 2870 1684 φησὶν,
2901 1608 2970 1683 ἦν
2998 1613 3107 1678 ἀεὶ,
3138 1613 3241 1668 οὐκ
3266 1613 3439 1669 ἀεὶδὲ
3475 1615 3504 1668 6
3534 1615 3659 1680 Υἱός
3684 1632 3699 1645 ο
3738 1615 3865 1678 πῶς

2269 1700 2363 1759 οὐν
2390 1703 2492 1757 οὐκ
2522 1702 2675 1756 ἔσται
2711 1703 2912 1773 μείζων
2939 1704 2968 1755 6
2995 1703 3086 1756 ἀεὶ
3116 1704 3377 1776 ὑπάρχων
3419 1705 3515 1759 τοῦ
3562 1705 3636 1776 μὴ
3678 1704 3864 1767 οὕτως

579 1802 677 1859 per
715 1787 934 1843 exsistit
967 1801 1032 1843 eo
1058 1786 1151 1857 qui
1180 1801 1287 1842 non
1317 1786 1570 1856 semper?
1595 1787 1703 1840 Aut
1728 1801 1838 1856 quo
1864 1798 2023 1856 pacto
2049 1801 2155 1842 non

2276 1798 2445 1859 ἱντοςς
2479 1792 2603 1855 Πῶς
2632 1791 2691 1845 δὲ
2715 1790 2818 1844 οὐκ
2849 1791 3089 1846 ἐλάττων
3114 1792 3209 1847 τοῦ
3236 1794 3427 1860 ἀϊδίως
3451 1795 3793 1866 ὑπάρχοντος
3830 1796 3863 1847 6

578 1881 651 1934 sit
684 1881 862 1935 minor
891 1894 957 1935 eo
989 1879 1080 1949 qui
1114 1880 1183 1935 ab
1219 1887 1424 1935 aeterno
1453 1878 1673 1934 exsistit
1707 1879 1752 1934 is
1781 1880 1873 1949 qui
1924 1889 2163 1936 aeternus

577 1986 687 2024 non
733 1971 854 2025 est?
899 1968 957 2025 Si
999 1983 1127 2026 vero
1174 1967 1344 2039 major
1384 1976 1469 2025 est
1514 1969 1680 2026 Pater
1719 1969 1891 2034 Filio,
1938 1971 2167 2027 diversae

578 2063 741 2117 etiam
771 2063 1025 2118 essentiae
1052 2061 1123 2118 ab
1152 2061 1267 2131 ipso
1297 2061 1425 2117 erit.

1081 2193 1290 2250 Salutio
1325 2195 1659 2265 objectionis.

657 2310 958 2383 Oportebat
985 2324 1117 2366 sane
1149 2325 1255 2366 non
1292 2310 1366 2366 ita
1403 2310 1585 2381 inepte
1614 2318 1776 2381 atque
1809 2311 2019 2366 ruditer
2046 2327 2167 2380 pro-

580 2401 709 2469 poni
741 2415 961 2469 gravem
995 2401 1136 2455 bane
1156 2442 1172 2466 ,
1205 2408 1263 2455 et
1301 2399 1589 2469 imperitia:
1615 2408 1809 2455 vestra:
1839 2401 2168 2456 convenien-

521 2556 525 2561 η
582 2504 695 2548 tem
722 2495 1103 2563 quaestionem.
1127 2491 1265 2548 Nam
1290 2507 1413 2549 cum
1439 2493 1807 2548 diversitatem
1833 2493 2087 2549 essentia:
2112 2494 2164 2547 in

581 2582 744 2639 Patre
768 2592 824 2637 et
849 2583 988 2638 Filio
1012 2583 1242 2655 urgetis,
1268 2583 1521 2654 imperite
1547 2584 1839 2640 admodum
1867 2600 1933 2639 ex
1962 2584 2167 2654 majore

582 2683 638 2730 et
666 2675 875 2731 minore
902 2676 953 2731 id
981 2676 1213 2745 probare
1237 2675 1472 2733 studetis
1502 2693 1517 2731 :
1546 2677 1771 2748 proinde
1796 2692 1858 2732 ac
1885 2677 1930 2731 si
1958 2691 2020 2730 ea
2046 2691 2168 2747 qua:

580 2767 776 2823 horum
813 2769 1031 2839 rapacia
1066 2777 1214 2834 sunt,
1247 2770 1560 2826 necessario
1594 2770 1735 2825 inter
1765 2784 1827 2825 se
1860 2768 2165 2825 substantia

582 2859 856 2916 diil'erant.
880 2860 1044 2931 Atqui
1077 2861 1272 2932 lapidis
1300 2862 1521 2931 quidem
1550 2862 1618 2917 ad
1645 2862 1905 2931 lapidem,
1934 2860 2063 2930 ligni
2097 2859 2165 2915 ad

582 2950 821 3021 lignum,
853 2951 1087 3007 hominis
1117 2951 1184 3006 ad
1215 2951 1528 3016 hominem,
1559 2950 1882 3007 substantia:
1914 2948 2054 3002 ratio
2085 2957 2169 3003 est

580 3043 792 3099 eadem.
823 3044 1037 3099 Accidit
1071 3053 1250 3103 tamen
1290 3044 1421 3114 ipsis
1453 3051 1510 3099 et
1542 3042 1718 3113 majus
1750 3052 1805 3097 et
1841 3042 2049 3095 minus.
2079 3040 2169 3094 Li-

581 3148 743 3203 gnum
774 3133 923 3188 enim
948 3134 1098 3205 ligno
1127 3133 1307 3203 majus
1336 3133 1638 3189 secundum
1668 3132 1895 3202 aliquid,
1923 3142 1977 3186 et
2005 3131 2166 3187 vicis-

584 3319 704 3371 dem
731 3318 1052 3373 substantia:
1078 3327 1201 3374 sunt
1229 3320 1406 3389 majus
1429 3327 1487 3374 et
1513 3317 1694 3373 minus
1721 3318 1953 3385 accidat,
1986 3319 2169 3385 inepte

583 3424 683 3463 vos
721 3424 788 3464 ex
827 3410 931 3465 hoc
964 3410 1338 3468 diversitatem
1373 3412 1630 3469 essentia:
1662 3412 1716 3467 in
1750 3410 1911 3468 Patre
1942 3424 1997 3467 et
2029 3411 2168 3467 Filio

584 3502 967 3557 demonstrare
1014 3502 1281 3568 nitimini,
1319 3511 1668 3571 vestramque
1710 3506 2035 3558 dementiam
2082 3504 2168 3558 ni-

585 3593 886 3649 hilominus
918 3609 1021 3663 per
1053 3595 1172 3652 haec
1202 3595 1514 3652 declaratis.
1552 3594 1803 3668 Equalis
1836 3598 1982 3652 enim
2017 3595 2164 3651 Patri

585 3684 859 3740 exsistens
883 3684 1090 3753 Filius,
1119 3686 1387 3742 minorem
1417 3700 1478 3745 se
1508 3686 1637 3742 facit
1669 3688 1877 3743 ratione
1908 3688 2165 3742 incarna-

588 3776 771 3844 tionis,
802 3787 863 3833 ut
886 3777 1151 3833 diximus.

1169 4072 1282 4144 92
1319 4072 1551 4131 ALIUD.

657 4210 791 4275 Qua:
834 4207 1065 4263 naturali
1111 4209 1254 4264 inter
1291 4224 1351 4264 se
1397 4209 1754 4264 similitudine
1795 4224 1901 4262 nou
1951 4207 2171 4277 conjun-

588 4314 808 4372 guntur,
841 4312 896 4355 et
930 4301 1141 4356 ratione
1172 4301 1423 4356 essentiae
1456 4299 1733 4365 ditl‘eruut,
1774 4314 1870 4370 per
1901 4299 2084 4355 simile
2116 4310 2173 4355 et

589 4394 883 4459 dissimile,
913 4410 1020 4449 non
1053 4410 1185 4451 vero
1214 4410 1310 4463 per
1342 4394 1515 4464 majus
1542 4402 1597 4447 et
1630 4393 1807 4446 minus
1836 4392 2169 4447 discernun-

2271 1887 2348 1960 μὴ
2378 1884 2545 1948 ἀΐδιος
2577 1884 2685 1951 div;
2733 1884 2795 1937 Ei
2827 1882 2883 1937 δὲ
2928 1883 3135 1955 μείζων
3161 1886 3191 1939 6
3217 1886 3410 1959 Πατὴρ
3438 1887 3533 1941 τοῦ
3567 1886 3722 1953 Υἱού,
3760 1885 3864 1939 καὶ

2268 1976 2609 2050 ὲτεροούσιος
2635 1975 2743 2045 ἄρα
2778 1974 2915 2046 πρὸς
2940 1974 3126 2031 αὐτόν.

2743 2196 2901 2264 Πρὸς
2938 2195 3127 2249 ταῦτα
3162 2196 3363 2263 λύσις.

2357 2309 2574 2380 Ἐχρῆν,
2604 2324 2649 2362 ω
2682 2306 2973 2379 βέλτιστοι,
3006 2308 3083 2378 μὴ
3128 2308 3249 2361 λίαν
3301 2308 3446 2364 οὐτω
3479 2309 3667 2373 κακῶς
3724 2309 3861 2379 μηδὲ

2268 2402 2511 2472 ἀτέχνως
2539 2398 2861 2470 προκεῖσθαι
2888 2398 2948 2451 τὸ
2972 2400 3138 2469 σοφδν
3161 2399 3227 2471 δὴ
3251 2398 3410 2455 τοῦτο
3440 2402 3541 2472 τῆς
3570 2402 3701 2471 ὑμῖν
3723 2419 3859 2471 πρε-

2271 2493 2481 2563 πούσης
2527 2491 2768 2562 ἀμαθίας
2820 2488 3134 2562 πρόϐλημα.
3169 2492 3531 2564 Είσφέροντες
3574 2494 3682 2563 γὰρ
3728 2494 3862 2563 ἡμῖν

2270 2584 2363 2638 ἐπί
2392 2602 2451 2637 τε
2480 2582 2694 2653 Πατρὸς
2724 2581 2821 2636 καὶ
2850 2580 2983 2634 Υἱοῦ
3010 2580 3072 2634 τὺ
3100 2581 3460 2653 ἑτεροούσιον,
3488 2584 3599 2637 ἀπὸ
3626 2584 3717 2638 τοῦ
3745 2584 3864 2653 μεί-

2271 2674 2423 2741 ζονος
2446 2674 2542 2729 καλ⁸
2572 2673 2666 2727 τοῦ
2700 2673 2986 2737 ἐλάττονος
3010 2672 3110 2743 τὴν
3132 2673 3408 2741 ἀπόδειξιν
3430 2675 3665 2746 ἀμαθῶς
3692 2676 3864 2728 ποιεῖ-

2274 2768 2398 2822 σθαι
2456 2765 2810 2831 σπουδάζετε,
2859 2764 3052 2838 ὥσπερ
3093 2766 3408 2835 ἀναγκαίως
3447 2766 3682 2838 ἐχόντων
3728 2766 3865 2836 πρὸς

2271 2858 2477 2930 ἄλληλα
2504 2858 2602 2929 τὴν
2631 2857 3105 2928 ἑτεροουσιότητα,
3124 2858 3232 2911 τῶν
3260 2858 3361 2911 ὅσα
3386 2857 3591 2913 τούτων
3621 2858 3871 2925 πέφυκεν

2272 2946 2412 3003 εἶναι
2458 2950 2703 3003 δεκτικά.
2738 2948 2932 3004 Καίτοι
2967 2951 3108 3022 ξύλῳ
3149 2949 3250 3022 μὲν
3298 2950 3463 3002 παντὶ
3510 2949 3649 3019 πρὸς
3683 2942 3868 3015 εὐλον,

2273 3042 2368 3095 καὶ
2400 3040 2533 3111 λίθῳ
2577 3043 2714 3112 πρὸς
2744 3041 2914 3107 λίθον,
2947 3043 3043 3097 καὶ
3073 3041 3346 3113 ἀνθρώπῳ
3391 3040 3528 3111 πρὸς
3558 3040 3869 3111 ἄνθρωπον,

2216 3186 2238 3207 η
2272 3134 2372 3202 τῆς
2408 3131 2508 3203 μὲν
2539 3131 2728 3195 οὐσίας
2772 3134 2801 3186 6
2846 3131 3007 3200 λόγος
3031 3133 3060 3186 6
3084 3131 3270 3194 αὐτός.
3325 3131 3598 3202 Πρόσεστι
3630 3129 3873 3195 δὲ’ὅμως

583 3224 685 3279 sim
721 3225 901 3281 minus
932 3235 1179 3297 apparet.
1207 3225 1343 3281 Cum
1378 3225 1545 3298 igitur
1571 3226 1736 3282 etiam
1770 3227 1838 3282 iis
1867 3242 1987 3297 qua:
2019 3227 2165 3294 ejus-
2196 3222 2241 3245 “

2279 3224 2375 3278 καὶ
2404 3223 2465 3277 τὸ
2494 3224 2678 3295 μεῖζον
2714 3224 2812 3279 καὶ¹
2854 3224 2915 3278 τὸ
2942 3224 3163 3278 ἔλαττον
3183 3241 3197 3255 ·
3230 3222 3390 3290 ξύλον
3415 3223 3525 3293 γὰρ
3556 3221 3714 3287 ξύλου
3746 3223 3873 3291 μει-

2279 3316 2372 3382 ζον
2426 3317 2569 3371 κατά
2602 3334 2677 3382 τι,
2710 3318 2806 3371 καὶ
2862 3316 3027 3371 πάλιν
3081 3315 3286 3388 ὁμοίως
3340 3316 3561 3369 ἔλαττον
3593 3316 3869 3385 φαίνεται.

2292 3408 2673 3478 Ἐμὸαίνοντος
2702 3409 2881 3462 τοίνυν
2923 3410 3019 3462 καὶ
3060 3408 3157 3463 ἐπὶ
3205 3409 3316 3461 τῶν
3348 3408 3653 3478 ὁμοουσίων
3687 3406 3781 3459 τοῦ
3807 3423 3872 3458 τε

2281 3500 2526 3570 μείζονος
2557 3500 2651 3554 καὶ
2679 3500 2773 3553 τοῦ
2804 3500 3111 3565 ἐλάττονος,
3146 3502 3418 3574 περιττῶς
3452 3502 3613 3572 ὑμεῖς
3636 3501 3731 3553 ἐπὶ
3756 3500 3873 3552 Πα-

2274 3592 2406 3662 τρός
2448 3592 2542 3645 καὶ
2576 3591 2707 3645 Υἱοῦ
2745 3592 2954 3664 ταύτην
2980 3593 3259 3661 ἀπόδειξιν
3285 3593 3525 3648 ποιεῖσθε
3551 3592 3645 3646 τοῦ
3679 3593 3869 3662 ἑτερο-

2274 3683 2487 3738 ουσίουο
2522 3684 2616 3737 καὶ
2646 3682 2964 3737 διά⁹τούτων
2991 3683 3049 3737 δὲ
3072 3684 3229 3739 οὐδὲν
3258 3701 3421 3755 ηττον
3446 3685 3511 3755 λη
3524 3684 3744 3755 ροῦντες
3776 3686 3870 3737 εὐ-

2278 3776 2704 3848 ρίσκεσθε.”1σος
2741 3775 2852 3844 γὰρ
2898 3774 3163 3847 ὑπάρχων
3211 3777 3239 3829 ό
3269 3777 3400 3840 Υἱὸς
3444 3794 3521 3847 τῳ
3560 3776 3757 3847 Πατρὶ,
3804 3773 3866 3827 τὺ

2276 3873 2497 3928 ἔλαττον
2546 3873 2630 3942 ἐφ’
2656 3870 2851 3927 ἑαυτοῦ
2896 3870 3109 3941 τίθησιν
3143 3871 3524 3943 οἰκονομικῶς,
3562 3871 3652 3944 ιὼς
3697 3871 3869 3925 δέδει-

2282 3980 2425 4017 κται.

2965 4080 3167 4132 ΑΛΛΟ.

2347 4205 2428 4258 Τὰ
2454 4205 2557 4275 τῆς
2585 4206 2720 4276 πρὸς
2752 4204 2959 4277 ἄλληλα
3005 4207 3242 4278 φυσικῆς
3287 4208 3604 4279 ὁμοιότητος
3637 4210 3860 4280 ἐστερη-

2277 4298 2435 4366 μένα,
2468 4296 2562 4349 καὶ
2596 4295 2737 4350 κατά
2762 4297 2855 4351 τὸν
2884 4296 2979 4351 τοῦ
3016 4315 3132 4363 πως
3163 4296 3306 4352 εἶναι
3334 4298 3492 4367 λόγον
3519 4300 3861 4372 διεστηκότα,

2274 4386 2352 4458 τῷ
2381 4388 2553 4458 ὁμοίῳ
2588 4388 2684 4441 καὶ
2708 4387 2786 4458 τῷ
2821 4389 3061 4461 ἀνομοίῳ
3091 4391 3338 4462 κρίνεται
3376 4392 3600 4463 μᾶλλον,
3624 4396 3719 4449 καὶ
3746 4396 3863 4448 οὐδέ

591 4496 696 4538 tur.
722 4485 776 4538 Si
801 4501 928 4554 ergo
953 4501 1117 4540 unum
1142 4497 1225 4541 est
1252 4485 1410 4540 Pater
1431 4494 1485 4538 et
1510 4483 1677 4538 Filius
1705 4483 1915 4537 ratione
1941 4493 2168 4551 natura,

2279 4499 2383 4534 που
2430 4480 2507 4551 τῷ
2539 4497 2600 4533 τε
2640 4480 2848 4552 μείζονι
2901 4482 2995 4536 καὶ
3039 4482 3117 4554 τῷ
3163 4484 3431 4539 ἐλάττονι.
3463 4486 3525 4539 Ei
3558 4487 3658 4558 μὲν
3686 4484 3779 4541 οὖν
3808 4490 3865 4542 ἓν

590 4578 771 4631 dicant
796 4578 954 4634 uohis
977 4579 1158 4635 acerbi
1186 4578 1275 4633 isti
1302 4578 1718 4647 disceptatores,
1745 4579 2020 4646 quomodo
2048 4593 2167 4631 ma-

583 4668 673 4733 jus
698 4678 752 4723 et
781 4669 960 4725 minus
988 4670 1069 4725 eis
1094 4678 1405 4740 competere
1438 4668 1676 4738 poterit?
1704 4667 1759 4722 Si
1790 4683 1917 4722 vero
1947 4668 2175 4723 alterius

588 4759 745 4827 plane
779 4762 1119 4831 diversaeque
1152 4777 1181 4816 a
1219 4761 1382 4815 Patre
1414 4762 1672 4816 essentia:
1709 4761 1903 4815 Filium
1938 4776 2061 4817 esse
2097 4762 2172 4815 αἱς

589 4854 730 4917 citis,
758 4868 866 4921 quo
890 4863 1050 4923 pacto
1076 4867 1139 4907 ea
1167 4867 1288 4922 quae
1316 4853 1474 4921 plane
1502 4853 1752 4908 essentia:
1781 4854 1993 4909 ratione
2023 4854 2165 4907 inter

588 4959 645 4999 se
685 4946 986 5010 dissident,
1027 4948 1335 5017 comparari
1377 4948 1518 5002 inter
1554 4962 1613 5002 se
1652 4948 1946 5016 poterunt?
1985 4946 2176 5017 Neque

588 5040 733 5090 enim
778 5054 883 5091 non
929 5036 1188 5091 ridiculus
1227 5051 1352 5093 esse
1392 5039 1583 5108 possit,
1625 5038 1715 5107 qui
1760 5053 1877 5107 qua:
1917 5036 2059 5092 nulla
2108 5052 2175 5092 ex

587 5140 739 5199 parte
769 5129 1096 5184 conveniant
1128 5131 1271 5185 inter
1299 5145 1358 5185 se
1391 5130 1740 5199 compararit,
1774 5134 1974 5200 quique
2002 5129 2171 5184 solent

590 5223 733 5289 ligno
777 5221 1196 5292 splendidiorem
1247 5223 1431 5280 dicere
1476 5223 1727 5280 voluerit.
1769 5223 1822 5279 Si
1874 5238 2003 5294 ergo
2056 5238 2176 5292 qua:

591 5315 787 5368 diversi
821 5315 1037 5384 generis
1063 5326 1209 5380 sunt,
1235 5332 1263 5370 a
1293 5326 1475 5371 mutua
1505 5316 1646 5373 inter
1670 5332 1728 5373 se
1753 5316 2175 5386 comparatione

590 5406 888 5462 abhorrent
920 5428 932 5461 :
966 5406 1147 5478 inepta
1185 5419 1332 5465 certe
1366 5420 1449 5465 est
1483 5412 1799 5481 propositio,
1835 5426 1960 5480 quae
1999 5410 2176 5480 majus

590 5506 644 5551 et
677 5498 856 5553 minus
891 5497 1035 5554 Patri
1075 5511 1130 5555 et
1168 5499 1305 5556 Filio
1338 5503 1752 5568 accommodat,
1791 5503 1833 5558 si
1874 5502 2032 5557 modo
2066 5516 2172 5556 nou

590 5589 831 5659 ejusdem
856 5633 869 5654 ,
895 5590 1047 5660 juxta
1079 5604 1317 5651 vestram
1347 5596 1655 5666 opinionem
1678 5636 1693 5661 ,
1728 5604 1855 5653 sunt
1882 5594 2137 5651 essentia:
2162 5632 2178 5661 ,

595 5691 647 5735 et
670 5697 788 5751 qua:
813 5699 931 5739 eam
958 5687 1209 5743 essentia:
1234 5688 1601 5744 diversitatem
1628 5688 1989 5751 demonstrat,
2013 5701 2177 5757 quam

593 5776 785 5831 nescio
806 5780 941 5835 unde
961 5780 1322 5851 excogitarint
1340 5782 1403 5838 de
1423 5791 1621 5837 natura
1639 5780 1878 5838 omnium
1897 5793 2175 5850 suprema,

2282 4572 2431 4625 ἐστιν
2455 4572 2483 4625 6
2510 4570 2700 4644 Πατὴρ
2729 4573 2806 4637 ὡς
2833 4574 2971 4646 πρὸς
2989 4574 3081 4628 τόν
3106 4576 3234 4629 Υἱὸν
3261 4577 3402 4630 κατὰ
3421 4577 3514 4632 τὸν
3535 4578 3635 4649 τῆς
3656 4580 3867 4649 φύσεως

2276 4661 2456 4730 λόγον,
2488 4663 2795 4733 λεγέτωσαν
2842 4667 2975 4736 ἡμῖν
3023 4668 3071 4720 oi
3120 4669 3310 4738 πικροὶ
3366 4670 3685 4742 συζητηταὶ,
3732 4671 3868 4725 κατά

2283 4755 2405 4809 τίνα
2451 4757 2652 4827 τρόπον
2688 4758 2929 4829 χωρήσει
2972 4758 3061 4812 ἐπ’
3086 4760 3269 4813 αὐτῶν
3317 4762 3377 4814 τὸ
3431 4761 3616 4833 μεῖζον
3667 4766 3762 4816 καὶ
3807 4764 3867 4815 τὸ

2283 4846 2522 4915 ἐλαττονς
2539 4848 2605 4902 Εἰ
2626 4847 2685 4902 δὲ
2706 4848 2882 4919 πάντη
2902 4849 3197 4919 διεστηκὼς
3227 4852 3318 4905 καὶ
3346 4853 3751 4924 κεχωρισμένος
3772 4855 3867 4923 τῆς

2284 4939 2379 4996 τοῦ
2410 4940 2623 5014 Πατρός
2650 4940 2840 5005 οὐσίας
2863 4942 2891 4994 ό
2920 4942 3049 5006 Υἱὸς
3086 4943 3419 5015 εἰσφέρεται,
3450 4946 3643 5018 ἐτέρας
3675 4964 3736 5000 τε
3766 4946 3866 5017 φύ-

2288 5050 2425 5097 σεως
2447 5032 2779 5104 ὑπείληπται
2803 5037 2934 5105 παρ’
2950 5034 3101 5105 ὑμῖν,
3117 5036 3233 5100 πῶς
3255 5036 3324 5089 τὰ
3348 5037 3524 5109 πάντη
3547 5038 3867 5109 διεστηκότα

2287 5127 2429 5180 κατά
2455 5127 2547 5181 τὸν
2591 5126 2686 5182 τοῦ
2722 5146 2835 5193 πως
2866 5126 3008 5184 εἶναι
3033 5129 3194 5199 λόγον
3218 5129 3316 5202 τὴν
3343 5132 3477 5201 πρὸς
3503 5131 3708 5202 ἄλληλα
3738 5132 3865 5200 σύγ-

2289 5236 2470 5289 κρίσιν
2507 5218 2847 5285 ὲπιδέξεται;
2876 5223 2951 5275 Οὐ
2988 5221 3098 5292 γὰρ
3134 5222 3201 5293 δή
3251 5240 3335 5287 τις
3376 5223 3483 5290 ἔξω
3527 5223 3867 5294 γελοιότητος

2289 5311 2529 5365 κείσεται
2544 5312 2613 5366 τὰ
2640 5312 2781 5367 κατά
2810 5314 2975 5386 μηδὲν
2993 5314 3244 5383 ἀλλήλοις
3265 5314 3625 5369 κοινωνοῦντα
3646 5317 3868 5387 συγκρίο

2290 5422 2417 5470 νων,
2453 5407 2546 5460 καὶ
2578 5406 2727 5476 ἥλιον
2758 5406 2916 5472 ξύλου
2959 5407 3134 5476 λέγων
3179 5404 3317 5462 εἶναι
3366 5408 3766 5480 λαμπρότερον.
3804 5409 3865 5463 Ei

2286 5497 2470 5551 τοίνυν
2502 5498 2569 5552 τὰ
2596 5500 2884 5571 ἑτερογενῆ
2916 5500 3009 5554 καὶ
3040 5498 3136 5570 τὴν
3176 5500 3311 5571 πρὸς
3340 5500 3547 5571 ἄλληλα
3578 5499 3863 5571 σύγκρισιν

2290 5590 2703 5661 παραιτούμενα
2750 5591 3013 5661 φαίνεται,
3046 5592 3369 5657 ἀπαίδευτος
3420 5595 3453 5664 ἡ
3508 5593 3770 5665 πρότασις
3807 5593 3866 5645 τὸ

2296 5682 2477 5754 μεῖζον
2523 5685 2615 5740 καὶ
2648 5686 2710 5738 τὸ
2740 5683 2960 5739 ἔλαττον
2991 5685 3082 5737 ἐπὶ
3131 5685 3262 5738 Υίοῦ
3294 5687 3385 5739 καὶ
3420 5686 3634 5755 Πατρός
3684 5684 3863 5753 εἰσφέ-

2294 5793 2477 5848 ρουσα,
2510 5775 2666 5850 εἴπερ
2702 5778 2837 5833 εἰσιν
2873 5779 2932 5832 οὐ
2978 5779 3075 5850 τῆς
3104 5779 3275 5851 αὐτῆς
3309 5779 3517 5844 οὐσίας,
3546 5778 3666 5833 καθ’
3696 5779 3857 5849 ὑμᾶς,
