4144 6514
292 327 397 389 153

1718 334 2165 395 THESAURUS.

3461 345 3562 400 156

291 446 386 501 xui.
416 444 625 517 ταύτην
653 444 931 511 ἀπόδειξιν
976 448 1272 521 ποιουμένη
1320 450 1415 521 τῆς
1474 449 1880 525 ἑτεροουσιότηο

1993 467 2041 514 et
2076 459 2127 514 in
2167 474 2330 528 quam
2368 461 2545 517 minus
2580 461 2723 516 nulla
2757 461 2965 517 ratione
3001 464 3194 518 cadere
3227 471 3432 532 potest,
3468 465 3563 520 sed

290 556 403 603 τος,
434 539 503 609 ἢν
534 538 635 593 οὑκ
671 536 787 594 οἶδα
826 539 990 595 πόθεν
1018 542 1324 597 ἐπινοοῦσιν
1357 546 1448 598 ἐπὶ
1474 546 1574 616 τῆς
1604 547 1673 601 τά
1700 549 1879 603 πάντα

294 630 702 701 ὑπερκειμένης
733 630 939 697 οὐσίας,
963 631 1057 685 καὶ
1082 632 1141 685 τὸ
1163 633 1383 687 ἔλαττον
1423 636 1725 705 οὐδαμόθεν
1768 656 1877 707 χω-

297 722 412 789 ρεῖν
456 721 795 792 δυναμένης·
848 722 1188 793 ἀπαιτούσης
1233 724 1291 777 δὲ
1346 726 1546 793 μᾶλλον
1587 727 1686 799 τὴν
1742 729 1877 801 αὐτῇ

295 815 613 895 πρέπουσαν
658 812 991 884 τελειότητα,
1029 815 1262 887 ἐπείπερ
1297 816 1451 871 οὐδὲν
1492 817 1712 871 ἔλαττον
1758 819 1879 873 οὑδέ

297 906 485 970 ἀτελὲς
513 908 570 959 ἐν
599 905 676 978 τῷ
705 908 847 962 κατά
873 906 1035 976 φύσιν
1067 906 1209 979 Θεῷ,
1229 910 1367 981 ὅπερ
1395 910 1541 965 ἐστὶν
1572 913 1600 966 6
1634 911 1786 977 Υἱός.

982 1043 1182 1100 ΑΛΛΟ.

362 1176 602 1240 Μείζονά
625 1194 790 1247 φασιν
813 1179 860 1230 οἱ
889 1179 1250 1251 χριστομάχοι
1279 1180 1374 1235 τοῦ
1391 1182 1521 1237 Υίοῦ
1542 1182 1634 1237 τὸν
1657 1184 1881 1257 Πατέρα

284 1266 706 1337 κδυσφημοῦντες
754 1269 1102 1339 ἀφυλάκτως,
1143 1273 1237 1326 καὶ
1301 1272 1377 1345 μὴ
1430 1273 1698 1341 νοοῦντες,
1736 1276 1881 1330 καθά

294 1357 627 1430 γέγραπται,
671 1362 811 1431 μήτε
844 1360 879 1415 ἃ
912 1362 1150 1431 λέγουσι,
1190 1365 1327 1434 μήτε
1360 1366 1490 1436 περὶ
1521 1366 1683 1419 τίνων
1709 1367 1882 1420 διαϐε·

295 1448 595 1504 ϐαιοῦνται.
633 1452 725 1503 Διὸ
756 1452 821 1524 δὴ
863 1453 1025 1507 πάλιν
1075 1458 1195 1518 ταῖς
1239 1454 1467 1509 ἐκείνων
1520 1458 1743 1527 μανίαις
1790 1458 1882 1512 τὸν

291 1540 452 1611 ὀρθὸν
487 1542 1005 1613 ἀντιστρατεὺοντες
1048 1543 1228 1614 λόγον,
1263 1548 1612 1618 ὲρωτήσομεν
1654 1548 1877 1611 αὑτούς·

291 1632 498 1699 Λέγετε
538 1634 701 1687 πάλιν
732 1636 883 1707 ἡμῖν,
923 1630 965 1690 ὦ
997 1630 1166 1702 οὗτοι,
1199 1638 1425 1709 πότερόν
1452 1656 1604 1705 ποτε,
1628 1639 1882 1710 καθάπερ

292 1724 454 1793 ὑμεῖς
481 1741 641 1793 φατε,
678 1726 879 1796 μείζων
912 1721 981 1798 ἦν
1008 1728 1094 1781 ἀεὶ
1122 1730 1151 1781 6
1186 1727 1376 1799 Πατὴρ
1410 1727 1502 1781 τοῦ
1530 1728 1686 1793 Υίοῦ,
1721 1729 1754 1800 ἢ
1788 1729 1882 1797 γέ-

1982 565 2102 620 quae
2146 552 2326 622 potius
2363 551 2745 623 perfectionem
2787 555 2892 610 sibi
2932 556 3342 611 convenientem
3382 558 3565 626 requi-

1986 644 2074 709 rit,
2103 644 2371 715 siquidem
2412 646 2544 700 nihil
2573 646 2751 701 miuus
2780 656 2873 700 aut
2904 644 3279 716 imperfectum
3310 656 3393 704 est
3421 649 3472 703 in
3501 665 3569 705 eo

1983 737 2075 808 qui
2110 738 2433 795 naturaliter
2463 737 2601 795 Deus
2631 748 2737 805 est,
2767 739 2869 795 hoc
2897 745 2981 794 est
3010 739 3064 793 in
3093 737 3254 793 Filio.

2655 1043 2888 1101 ALIUD.

2058 1183 2253 1239 Hostes
2283 1182 2485 1238 Christi
2519 1181 2783 1251 majorem
2819 1180 2981 1236 Patre
3008 1180 3204 1235 Filium
3237 1195 3356 1235 esse
3385 1178 3571 1234 dicunt

1984 1277 2221 1347 graviter
2244 1275 2702 1346 blasphemautes,
2728 1284 2782 1330 et
2808 1290 2913 1328 non
2940 1273 3325 1343 intelligentes,
3352 1281 3409 1325 nt
3432 1273 3569 1326 scri—

1983 1378 2134 1440 ptum
2164 1376 2249 1423 est
2271 1370 2340 1433 ²¹,
2370 1382 2547 1437 neque
2573 1380 2635 1422 ea
2668 1381 2787 1434 quae
2819 1367 3034 1429 dicunt,
3069 1380 3241 1433 neque
3269 1379 3389 1432 qua:
3420 1378 3568 1417 asse-

1986 1468 2193 1515 verant.
2230 1458 2496 1524 Quocirca
2537 1473 2726 1513 rursus
2765 1458 2977 1512 illorum
3020 1455 3245 1511 insaniae
3280 1455 3567 1510 veritatem

1985 1560 2341 1622 opponentes,
2376 1565 2470 1607 eos
2505 1550 2985 1622 interrogabimus.
3021 1549 3193 1603 Dicite
3228 1548 3407 1615 nobis,
3442 1547 3569 1601 boni

1987 1643 2086 1697 viri
2107 1683 2123 1709 ,
2157 1642 2353 1700 Fuitne
2400 1657 2617 1714 semper
2645 1643 2836 1712 major,
2867 1650 2926 1696 ut
2966 1657 3061 1696 vos
3092 1640 3401 1710 loquimini,
3434 1637 3576 1692 Filio

1987 1734 2267 1801 Pater,‘an
2304 1734 2590 1805 postmodo
2622 1735 2674 1789 id
2710 1732 2888 1788 factus
2920 1733 3047 1787 est?
3074 1731 3206 1786 Nam
3245 1731 3291 1785 si
3329 1740 3573 1797 tempore

290 1830 449 1883 γονεν
474 1816 735 1887 ὕστερον;
774 1819 833 1871 El
872 1819 971 1891 μὲν
1000 1814 1093 1873 οῦν
1128 1819 1271 1874 κατά
1299 1838 1419 1873 τινα
1446 1821 1639 1892 χρόνον
1675 1820 1879 1891 μείζων

1993 1826 2165 1895 aliquo
2191 1824 2361 1893 major
2380 1823 2518 1880 Filio
2543 1824 2767 1880 ellectus
2792 1832 2900 1891 est,
2918 1823 3151 1878 accessit
3180 1822 3344 1892 igitur
3367 1820 3573 1890 aliquid

290 1906 543 1977 ἐφαίνετο
571 1908 663 1961 τοῦ
687 1908 838 1977 Υῐοῦ,
872 1911 1211 1983 προσγέγονέ
1227 1929 1279 1965 τι
1303 1911 1383 1983 τῷ
1406 1912 1525 1983 Θεῷ
1554 1913 1646 1967 καὶ
1668 1912 1843 1985 Πατρί
1862 1930 1875 1945 ο

290 1998 383 2051 καὶ
402 1998 429 2051 6
452 1998 528 2071 μὴ
553 2000 818 2073 πρότερον
846 2002 1092 2074 ὑπῆρχεν
1118 2002 1289 2075 αὑτῷ,
1317 2003 1412 2057 νῦν
1438 2003 1577 2075 ἔχων
1605 2003 1875 2073 φαίνεται·

290 2090 408 2154 πῶς
440 2086 531 2143 οὖν
574 2092 781 2156 τέλειος
819 2087 888 2165 ἦν
925 2095 952 2147 6
990 2094 1179 2148 τούτου
1223 2095 1545 2166 λειπόμενος
1576 2095 1635 2163 ἐξ
1669 2096 1879 2167 ἀρχῆςς

303 2182 443 2235 Ἀλλ’
466 2178 535 2254 ἦν
563 2185 652 2238 ἀεὶ
682 2184 909 2251 τέλειος,
941 2186 1042 2241 οὑκ
1070 2188 1181 2258 ἄρα
1202 2186 1447 2240 ἐλείπετο
1479 2187 1574 2241 τοῦ
1602 2188 1876 2257 μείζονος·

287 2266 357 2344 ἦν
391 2274 448 2327 δὲ
481 2275 569 2328 ἀεὶ
599 2274 779 2342 τοῦτο,
818 2276 939 2330 καθ’
972 2278 1137 2348 ὑμᾶς.
1158 2276 1319 2342 Ἀλλ’,
1355 2271 1400 2331 ὦ
1432 2276 1720 2347 βέλτιστοι,
1757 2294 1884 2330 env-

290 2367 455 2435 ορᾶτε
501 2366 564 2436 δή
614 2383 715 2419 που
769 2367 865 2421 καὶ
912 2368 1072 2437 ὑμεῖς
1103 2369 1184 2420 ὅτι
1217 2366 1305 2421 διὰ
1336 2368 1397 2420 τὸ
1425 2368 1647 2421 ἔλαττον
1683 2368 1777 2422 καὶ
1824 2366 1885 2419 τὸ

297 2455 483 2524 μεῖζον
532 2456 659 2526 ὑμῖν
707 2456 945 2525 εὐλόγως
995 2456 1349 2523 κινδυνεύσει,
1402 2462 1495 2512 καὶ
1544 2458 1887 2528 δειχθήσεται

296 2547 481 2601 λοιπὸν
506 2548 673 2613 ἓωλος
707 2549 863 2620 ὑμῶν
896 2551 930 2622 ἡ
959 2551 1245 2622 πρότασις.
1278 2551 1352 2604 Τὸ
1380 2551 1491 2619 γὰρ
1534 2550 1718 2621 μεῖζόν
1742 2567 1887 2615 τινος

295 2638 609 2709 λεγόμενον,
641 2640 741 2694 οὑκ
769 2641 835 2695 ἂν
866 2642 952 2713 εἴη
983 2641 1190 2713 μεῖζον,
1225 2642 1301 2713 μὴ
1346 2643 1535 2713 ἐτέρου
1570 2642 1717 2707 τινὸς
1747 2643 1887 2696 πάν-

293 2746 403 2793 τως
435 2731 840 2803 παρακειμένου
872 2733 968 2785 καὶ
994 2732 1296 2797 ἐλάττονος,
1339 2732 1476 2803 πρὸς
1503 2733 1531 2786 6
1563 2733 1627 2805 δὴ
1665 2735 1759 2788 καὶ
1788 2752 1889 2806 με·

295 2821 617 2893 τροὺμενον,
654 2822 840 2893 μεῖζον
873 2824 951 2887 ὡς
980 2825 1117 2894 πρὸς
1149 2825 1283 2877 αὑτὸ
1313 2825 1589 2894 φαίνεται.
1619 2827 1681 2879 Ei
1707 2827 1890 2880 τοίνυν

293 2914 382 2967 ἀεὶ
430 2914 635 2985 μείζων
668 2909 737 2986 ἦν
769 2918 797 2970 6
818 2917 1011 2987 Πατὴρ
1049 2916 1145 2969 τοῦ
1174 2916 1324 2982 Υίοῦ,
1357 2916 1575 2989 ἀνάγκη
1620 2920 1774 2973 πᾶσα
1797 2920 1890 2972 τὸν

293 3006 424 3061 Υίὸν
478 3008 923 3078 συνεισφέρεσθαι
966 3006 1044 3078 τῷ
1089 3008 1284 3080 Πατρὶ,
1327 3008 1464 3081 πρὸς
1502 3010 1560 3062 ὃν
1610 3010 1706 3077 ὡς,
1757 3012 1892 3065 καθ’

295 3099 463 3170 ὑμᾶς,
491 3100 751 3154 ἐλάττονα
765 3100 893 3153 δντα
916 3099 1370 3172 συγκρινόμενος,
1392 3101 1594 3172 μείζων
1612 3103 1885 3173 ἐφαίνετο.

1986 1918 2093 1972 Deo
2130 1933 2194 1973 ac
2230 1916 2377 1972 Patri
2419 1936 2433 1973 :
2475 1926 2527 1972 et
2567 1915 2708 1985 quod
2749 1925 2909 1969 antea
2948 1914 2997 1968 ei
3038 1929 3142 1968 non
3182 1914 3385 1973 iuerat.
3429 1928 3574 1966 nunc

1984 2011 2187 2067 habere
2212 2010 2486 2075 cernitur;
2516 2007 2792 2079 quomodo
2818 2005 2984 2074 igitur
3009 2004 3288 2074 perfectus
3316 2012 3455 2067 erat,
3485 2003 3573 2057 cui

1985 2105 2038 2159 id
2081 2104 2148 2159 ab
2190 2104 2347 2158 initio
2381 2100 2604 2156 deerat?
2638 2098 2802 2170 Atqui
2841 2112 3058 2167 semper
3089 2105 3210 2153 erat
3250 2094 3522 2166 perlectus
3556 2110 3572 2147 :

1987 2212 2090 2250 non
2122 2196 2287 2265 igitur
2309 2195 2487 2250 caruit
2512 2191 2761 2263 majore:
2790 2204 3007 2259 semper
3025 2188 3173 2242 enim
3201 2186 3255 2241 id
3280 2193 3399 2241 erat
3418 2185 3576 2255 juxta

1987 2303 2101 2343 vos.
2132 2289 2398 2341 Caeterum
2428 2284 2621 2339 videtis
2652 2284 2814 2338 etiam
2844 2297 2940 2337 vos
2972 2296 3068 2351 per
3098 2280 3279 2335 minus
3310 2288 3366 2333 et
3396 2277 3574 2342 majus

1988 2378 2311 2450 periclitari,
2344 2390 2651 2453 vanamque
2684 2373 3019 2444 deprehendi
3056 2381 3294 2427 vestram
3327 2368 3576 2440 proposi--

1992 2474 2214 2527 tionem.
2255 2470 2410 2537 Quod
2451 2470 2595 2524 enim
2645 2466 2820 2536 majus
2863 2466 3046 2535 aliquo
3087 2464 3307 2529 dicitur,
3348 2477 3455 2516 non
3506 2461 3580 2514 sit

1992 2564 2198 2634 majus,
2228 2562 2330 2616 uisi
2363 2563 2509 2616 aliud
2537 2559 2815 2631 quidpiam
2843 2558 2988 2631 quod
3018 2557 3199 2612 minus
3229 2556 3300 2610 sit
3331 2568 3573 2624 appuua‘

1994 2667 2103 2719 tur,
2140 2655 2203 2707 ad
2247 2655 2387 2723 quod
2428 2652 2681 2708 collatum
2722 2649 2894 2718 majus
2929 2664 2996 2705 eo
3031 2655 3311 2717 appareat.
3351 2645 3409 2700 Si
3446 2660 3579 2714 ergo

1992 2741 2152 2795 Pater
2178 2755 2391 2812 semper
2417 2739 2516 2793 fuit
2546 2739 2716 2810 major
2740 2738 2897 2803 Filio,
2928 2736 3297 2793 necessarium
3326 2734 3435 2807 93
3464 2751 3580 2791 om-

1994 2834 2125 2887 nino
2148 2844 2231 2887 est
2255 2843 2314 2888 ut
2336 2849 2438 2886 uua
2461 2848 2584 2887 cum
2610 2830 2770 2885 Patre
2793 2829 3059 2885 inferatur
3080 2827 3278 2895 Filius,
3299 2830 3365 2883 ad
3391 2842 3575 2897 quem,

1993 2927 2291 2980 secundum
2332 2935 2572 2979 vestram
2613 2923 2948 2993 opinionem,
2989 2929 3361 2990 comparatus,
3406 2923 3583 2988 major

1994 3017 2263 3087 apparuit.
2294 3014 2353 3070 Si
2385 3031 2537 3086 ergo,
2572 3025 2632 3070 ut
2662 3029 2757 3069 vos
2789 3011 3108 3084 opinamini,
3145 3010 3268 3066 ideo
3303 3008 3468 3064 Pater
3497 3018 3583 3064 est

1995 3108 2171 3177 major
2200 3105 2371 3173 Filio,
2405 3107 2531 3177 quia
2564 3105 2652 3159 ille
2681 3107 2749 3159 ab
2779 3114 2985 3160 aeterno
3014 3113 3164 3168 erat,
3198 3102 3288 3158 hic
3314 3116 3445 3157 vero
3474 3115 3579 3157 non

297 3192 360 3246 El
388 3193 589 3258 τοίνυν,
628 3191 769 3246 κατά
813 3193 912 3264 τὴν
962 3193 1235 3265 ὑμετέραν
1284 3194 1571 3265 πρότασιν,
1602 3194 1691 3248 διὰ
1728 3194 1886 3249 τοῦτο

1994 3201 2144 3265 item,
2175 3215 2297 3254 cmn
2329 3199 2441 3269 jam
2474 3210 2754 3253 emensum
2786 3198 2859 3251 sit
2889 3210 3013 3250 eum
3046 3210 3264 3264 semper
3320 3208 3445 3248 cum
3482 3191 3580 3246 Pa-

300 3284 502 3355 μείζων
551 3285 700 3339 ἐστἰν
744 3287 773 3339 6
823 3284 1015 3357 Πατὴρ
1046 3285 1143 3339 τοῦ
1178 3286 1333 3351 Υἱοῦ,
1380 3288 1682 3358 ἐπειδήπερ
1726 3287 1889 3349 αὑτὸς

296 3379 482 3442 ἀϊδίως
519 3378 618 3449 μὲν
650 3373 737 3449 ἧν,
755 3378 783 3430 6
811 3377 868 3429 δὲ
896 3376 1022 3441 Υἱὸς
1049 3377 1149 3447 οὐχ
1176 3375 1372 3441 οὑτως,
1401 3377 1591 3448 ἐπειδὴ
1620 3376 1889 3430 δέδεικται

297 3471 474 3525 συνὼν
502 3470 590 3525 ἀεὶ
610 3471 705 3523 καὶ
736 3470 1101 3542 συνυπάρχων
1127 3467 1205 3539 τῷ
1231 3470 1427 3538 Ilath,
1449 3470 1549 3522 οὑκ
1571 3468 1726 3522 ἔσται
1750 3468 1892 3521 κατά

297 3581 349 3617 τι
376 3563 507 3633 γοῦν
541 3563 802 3623 ἐλάττων,
833 3562 867 3633 ἢ
908 3560 1248 3631 ἐτεροοὺσιος
1290 3554 1554 3631 αὑτοῦ.ᾮ
1590 3559 1698 3632 γὰρ
1747 3559 1891 3629 λόγῳ

305 3657 378 3728 μὴ
409 3655 582 3710 συνὼν
608 3655 937 3709 ἀπελείπετο
976 3654 1078 3724 τῆς
1124 3653 1387 3725 ἰσότητος,
1420 3652 1500 3724 τῷ
1538 3653 1686 3724 αὑτῷ
1728 3653 1892 3707 πάλιν

303 3750 398 3803 καὶ
440 3749 499 3817 ἐξ
536 3748 899 3821 ἀντιστροφῆς
929 3746 1095 3817 λόγῳ,
1130 3746 1316 3817 ἐπειδὴ
1357 3748 1715 3819 συνυπάρχει,
1758 3749 1892 3802 κατ’

301 3841 489 3896 οὐδένα
519 3842 720 3913 τρόπον
764 3839 1247 3911 ἀπολειφθήσεται.
1268 3840 1392 3893 Ἐπὶ
1417 3840 1474 3893 δὲ
1504 3839 1616 3893 τῶν
1641 3840 1894 3911 ἀλλήλοις

303 3936 445 3989 κατά
484 3935 661 3990 πάντα
699 3934 1099 4005 προσεοικότων
1129 3932 1399 4002 φυσικῶς,
1432 3933 1527 3986 καὶ
1557 3931 1779 4003 μεγέθει
1818 3933 1894 4003 μὴ

305 4028 711 4100 μετρουμένων,
741 4026 845 4082 ποῦ
882 4027 1126 4099 χωρήσει
1156 4025 1217 4079 τὸ
1248 4025 1435 4097 μεῖζον
1481 4025 1577 4079 καὶ
1617 4026 1680 4079 τὸ
1733 4024 1862 4079 ἔλατ

299 4138 392 4175 τον
414 4138 429 4188 ;

999 4254 1200 4309 ΔΛΛΟ.

374 4396 437 4450 Εἰ
465 4393 667 4467 μείζων
696 4392 725 4446 6
755 4391 945 4463 Πατὴρ
973 4391 1067 4445 τοῦ
1097 4391 1252 4454 Υίοῦ,
1294 4389 1437 4444 κατά
1480 4391 1579 4462 τὴν
1621 4391 1895 4462 ὑμετέραν

1995 3299 2077 3346 tre
2107 3290 2378 3345 exsistere
2408 3307 2421 3343 :
2454 3305 2560 3344 non
2590 3289 2697 3344 erit
2726 3297 2873 3343 certe
2904 3289 3202 3342 secundum
3237 3284 3444 3353 aliquid
3480 3282 3581 3336 mi-

1994 3400 2114 3451 nor,
2151 3393 2246 3437 aut
2281 3383 2513 3438 diversa:
2548 3382 2617 3436 ab
2650 3396 2716 3435 eo
2750 3378 3027 3436 essentiae.
3065 3375 3265 3431 Eadem
3301 3375 3449 3431 enim
3485 3390 3577 3428 ra-

1993 3479 2142 3531 tione
2170 3490 2276 3545 qua
2309 3476 2595 3545 probatur,
2625 3474 2669 3527 si
2703 3487 2810 3526 una
2841 3486 2966 3527 cum
2998 3468 3161 3523 Patre
3191 3483 3298 3521 non
3329 3466 3578 3526 exsiStit,

1992 3567 2062 3621 ab
2097 3565 2407 3634 aequalitate
2442 3563 2676 3618 dellcere
2717 3579 2731 3616 :
2769 3562 2959 3615 eadem
2994 3558 3162 3613 etiam
3203 3571 3271 3611 ex
3313 3555 3579 3614 adverso,

1993 3662 2120 3731 quia
2156 3674 2262 3714 una
2300 3673 2425 3714 cum
2465 3656 2626 3710 Patre
2658 3654 2899 3715 exsistit,
2934 3650 3083 3706 nullo
3121 3648 3283 3717 plane
3316 3645 3478 3700 modo
3513 3646 3583 3698 ab

1992 3770 2057 3811 eo
2096 3755 2279 3823 dispar
2311 3751 2438 3807 erit.
2475 3748 2643 3803 ln'iis
2673 3762 2802 3802 vero
2838 3759 2959 3814 qum
2995 3758 3093 3813 per
3124 3741 3309 3796 omnia
3347 3739 3489 3793 inter
3522 3753 3582 3793 se

1997 3844 2318 3901 naturaliter
2344 3842 2543 3898 similia
2585 3845 2715 3894 sunt
2736 3878 2754 3904 ,
2784 3844 2840 3891 et
2877 3832 3250 3905 magnitudine
3280 3845 3388 3885 non
3423 3843 3577 3883 meu-

1995 3946 2277 4006 surantur,
2308 3949 2468 4005 quem
2506 3930 2685 3987 locum
2718 3926 2940 3984 habebit
2970 3924 3146 3996 majus
3175 3932 3234 3981 et
3268 3919 3511 3990 minusij

2682 4243 2907 4299 ALIUD.

2072 4385 2130 4442 Si
2172 4384 2337 4440 Pater
2372 4379 2549 4449 major
2585 4387 2669 4435 est
2707 4375 2879 4443 Filio,
2915 4374 3212 4432 secundum
3248 4381 3519 4441 vestram,
3552 4389 3585 4427 o

302 4464 587 4560 πρότασιν,
643 4479 687 4539 ὧ
728 4482 1106 4556 χριστομάχοι,
1161 4480 1278 4544 πῶς
1321 4481 1472 4553 αὑτῷ
1520 4482 1619 4554 τὴν
1672 4483 1886 4551 ἰσότητα

1998 4481 2183 4535 hostes
2211 4474 2447 4540 Christi,
2480 4470 2910 4542 propositionem
2928 4509 2944 4535 ,
2975 4483 3085 4538 quo
3114 4475 3275 4536 pacto
3305 4464 3506 4521 Paulus
3534 4466 3589 4519 ei

303 4556 513 4646 Παῦλος
558 4579 872 4640 ἀποδίδωσι,
905 4578 1113 4646 λέγων·
1148 4578 1280 4641 «Ὃς
1306 4578 1363 4629 ἐν
1398 4578 1581 4646 μορφῇ
1618 4573 1754 4628 Θεοῦ
1789 4575 1886 4627 ὑπ-

1998 4572 2361 4644 aequalitatem
2408 4567 2629 4631 tribuit.
2673 4565 2858 4621 dicens
2895 4580 2911 4618 :
2960 4581 2983 4615 ι
3025 4561 3128 4630 Qui
3172 4560 3225 4615 in
3270 4559 3444 4614 forma
3492 4560 3592 4615 Dei

303 4676 507 4744 ἀρχων,
537 4672 636 4742 οὐχ
682 4668 977 4742 ἁρπαγμὸν
1015 4669 1261 4740 ἡγήσατο
1298 4668 1361 4721 τὸ
1403 4663 1540 4721 εἶναι
1595 4665 1685 4720 ἴσα
1732 4666 1851 4738 Θεῷ
1881 4684 1893 4695 ⁸

302 4766 416 4820 ἀλλ’
445 4766 638 4818 ἐαυτὸν
668 4764 928 4827 ἐκένωσε,
958 4761 1173 4835 μορφὴν
1204 4760 1391 4815 δούλου
1424 4759 1628 4825 λαϐὼν,
1652 4760 1744 4814 καὶ
1767 4765 1896 4831 σχή-

308 4877 438 4929 ματι
474 4858 723 4929 εὑρεθεὶς
749 4856 826 4921 ὡς
857 4856 1166 4927 ἄνθρωπος,
1202 4853 1567 4908 ἐταπείνωσεν
1606 4852 1832 4916 ἐαυτόν;
1871 4870 1887 4902 ι

305 4950 368 5003 Εἰ
393 4948 573 5002 τοίνυν
596 4950 626 5002 6
653 4950 753 5018 τῆς
785 4945 1254 5016 ἐνανθρωπήσεως
1278 4944 1480 5014 τρόπος
1508 4943 1605 5015 τὴν
1632 4942 1895 4996 ταπείνω-

306 5058 391 5100 σιν
419 5039 554 5112 ἐχει,
584 5040 677 5093 καὶ
704 5040 803 5109 τὴν
831 5037 1133 5109 λεγομένην
1166 5035 1356 5090 ἐνθάδε
1395 5036 1646 5100 κένωσιν,
1679 5035 1892 5106 ἀνάγκη

306 5134 455 5186 πᾶσα
505 5128 773 5196 σώζεσθαι
804 5129 864 5184 τὸ
889 5129 1093 5183 τέλειον
1118 5128 1196 5201 τῷ
1226 5127 1340 5199 Υίῷ
1373 5128 1495 5181 κατ’
1530 5127 1753 5197 ίσότητα
1793 5127 1895 5196 τὴν

306 5224 443 5295 πρὸς
475 5224 566 5278 τὸν
594 5222 728 5276 Θεὸν
762 5223 856 5276 καὶ
888 5222 1107 5294 Πατέρα
1140 5222 1245 5293 πρὸ
1276 5222 1376 5292 τῆς
1406 5220 1894 5291 ἐνανθρωπήσεως.

318 5316 601 5369 Ἐντεῦθεν
630 5314 741 5387 γὰρ
771 5316 903 5386 ἡμῖν
930 5318 1180 5384 φανεῖται
1220 5316 1317 5368 καὶ
1362 5315 1396 5386 ἡ
1445 5312 1794 5376 ταπείνωσις.
1834 5314 1896 5365 Ei.

309 5405 420 5477 γὰρ
446 5402 514 5478 ἦν
539 5404 776 5461 ἐλάττων
801 5407 861 5475 ἐξ
891 5407 1088 5461 ἐαυτοῦ
1113 5408 1211 5463 καὶ
1232 5407 1337 5478 πρὸ
1362 5406 1462 5477 τῆς
1491 5405 1895 5470 ταπεινώσεως,

310 5501 404 5553 ποῖ
432 5499 495 5571 δὴ
525 5500 633 5571 ἄρα
683 5501 1081 5573 καταϐεϐηκὼς
1107 5502 1425 5574 ὀφθήσεται,
1464 5502 1558 5557 καὶ
1588 5501 1671 5583 τίς
1708 5502 1839 5574 ἡμῖν
1870 5501 1898 5554 6

309 5592 412 5664 τῆς
442 5594 823 5659 ταπεινώσεως
849 5596 1050 5668 τρόπος
1068 5614 1081 5664 ;
1452 5622 1455 5623 ⁷

308 5790 313 5795 ι
387 5771 910 5844 ¹³1Τὶιιιοιιι.ι,7.
990 5773 1563 5846 ²³Ρ1ιί1ἰ1ιιλ¹¹νδι⁷σ

2001 4667 2271 4723 exsistens
2288 4704 2304 4730 ,
2336 4676 2443 4716 non
2469 4660 2714 4730 rapinam
2743 4658 3039 4713 arbitratus
3064 4663 3146 4710 est
3173 4667 3232 4709 se
3257 4666 3378 4708 esse
3403 4667 3592 4722 inqua-

2002 4762 2106 4815 lem
2138 4758 2280 4822 Deo,
2312 4755 2406 4810 sed
2437 4754 2675 4823 seipsum
2707 4750 3035 4813 exinanivit,
3068 4746 3298 4802 formam
3328 4742 3467 4798 servi
3499 4757 3589 4795 ac-

2001 4851 2240 4922 cipiens,
2270 4857 2433 4918 atque
2464 4845 2651 4900 habitu
2681 4843 2935 4897 inventus
2963 4847 3024 4893 ut
3053 4827 3249 4898 hemo,
3280 4830 3590 4888 humiliavii

2002 4921 2340 5014 seipsum”?
2384 4958 2403 4992 ι
2451 4938 2511 4993 Si
2557 4950 2686 5007 ergo
2724 4927 3114 4989 incarnationis
3156 4925 3371 4980 ratione
3410 4921 3591 4976 humi-

2006 5013 2168 5091 liatus
2202 5044 2363 5103 atque
2398 5030 2710 5087 exinanitus
2740 5024 2961 5087 dicitur,
2996 5030 3219 5075 necesse
3250 5013 3475 5069 omnino
3507 5020 3591 5065 est

2004 5138 2064 5184 ut
2088 5126 2351 5199 perfectio
2376 5122 2499 5177 Filii
2526 5119 2852 5181 retineatur,
2877 5111 3090 5167 ratione
3114 5104 3446 5177 aequalitatis
3471 5118 3589 5171 qua-

2003 5225 2051 5278 ei
2083 5198 2206 5277 cum
2244 5220 2352 5273 Deo
2383 5226 2439 5271 et
2469 5214 2628 5268 Patre
2662 5205 2946 5263 intercedit
2976 5210 3103 5257 ante
3137 5198 3591 5255 incarnationem.

2005 5317 2143 5374 llinc
2177 5313 2322 5370 enim
2356 5320 2412 5365 et
2443 5304 2747 5363 humiliatio
2779 5318 2809 5358 a
2845 5302 3003 5357 nobis
3040 5302 3419 5370 cognoscetur.
3455 5290 3590 5345 Nam

2007 5410 2054 5466 si
2081 5424 2180 5480 per
2208 5421 2267 5462 se
2294 5405 2474 5461 minor
2499 5410 2618 5459 erat
2642 5401 2807 5458 etiam
2835 5406 2961 5451 ante
2988 5388 3418 5450 incarnationem
3440 5425 3455 5448 ,
3483 5399 3597 5454 quo

2008 5476 2169 5573 pacto
2197 5497 2551 5557 descendisse
2577 5500 2854 5559 ccrnetur,
2884 5499 2976 5545 aut
3004 5498 3252 5559 quaenam
3282 5479 3387 5539 erit
3414 5476 3596 5535 humi‘

2011 5594 2247 5653 liationis
2279 5590 2455 5648 ratio?
