4144 6526
610 365 714 421 155

1282 478 1514 536 ALIUD.

678 592 733 646 Si
771 606 868 661 per
898 591 1209 662 passionem
1245 592 1441 649 mortis
1476 582 1821 651 imminutum
1854 594 2038 651 Jesum
2075 611 2195 651 cer-

608 685 823 746 nimus,
857 681 1012 752 juxta
1054 683 1207 738 Pauli
1244 698 1431 741 vocem
1455 685 1522 753 “,
1558 702 1687 758 ergo
1723 696 1848 742 ante
1884 689 2195 758 passionem

608 776 789 831 minus
824 776 879 831 in
919 775 1036 846 ipso
1073 791 1178 831 non
1216 787 1355 832 erat.
1391 777 1524 833 Cum
1562 794 1689 835 vero
1727 779 1815 835 hic
1851 780 2030 843 dicat,
2069 795 2192 849 per-

606 866 811 921 fectum
836 867 1011 938 ipsum
1039 884 1159 923 esse
1184 884 1408 926 necesse
1431 879 1535 927 est.
1559 871 1692 927 Cum
1719 881 1897 929 autem
1925 872 2196 943 perfectus

610 958 683 1012 sit
715 956 902 1024 Filius,
933 969 988 1015 et
1019 959 1335 1029 perfectioni
1367 960 1547 1018 Patris
1576 962 1909 1033 adaequatus,
1945 974 2096 1019 certe
2127 964 2196 1019 il-

612 1049 705 1104 Iud
734 1051 1111 1108 haereticorum
1138 1052 1335 1119 minus,
1366 1052 1539 1109 locum
1574 1054 1628 1110 in
1660 1054 1777 1125 ipso
1810 1070 1917 1111 non
1951 1055 2194 1111 habebit.

1288 1255 1518 1311 ALlUD.

626 1416 629 1419 ι
681 1389 905 1457 Paulus,
942 1390 1241 1446 tcstiﬁcans
1269 1392 1635 1463 aequalitatem
1655 1408 1774 1464 quae
1793 1394 1932 1451 Filio
1948 1411 2070 1451 cum
2100 1395 2201 1451 Pa-

614 1490 695 1535 tre
740 1482 1048 1546 intercedit,
1085 1483 1280 1537 alicubi
1327 1485 1398 1537 ita
1448 1484 1623 1554 inquit
1660 1503 1673 1539 :
1717 1504 1736 1537 ι
1778 1486 1878 1553 Qui
1925 1487 1979 1541 in
2025 1487 2197 1542 forma

610 1573 788 1629 Patris
822 1574 1088 1629 exsistens
1123 1590 1228 1629 non
1267 1577 1507 1647 rapinam
1543 1578 1839 1635 arbitratus
1872 1588 1956 1634 est
1989 1594 2047 1633 se
2079 1594 2200 1635 esse

610 1666 872 1733 aequalem
905 1666 1032 1722 Deo.
1068 1686 1085 1719 ι
1122 1669 1263 1724 Dicit
1291 1685 1423 1726 vero
1451 1671 1616 1726 etiam
1645 1672 1821 1741 ipsum
1851 1672 2197 1727 imminutum

611 1758 780 1813 fuisse
824 1775 921 1829 per
956 1763 1259 1830 passionem
1302 1765 1516 1820 mortis.
1555 1766 1689 1820 Cum
1733 1766 1900 1836 igitur
1935 1766 2049 1821 ﬁeri
2093 1782 2198 1823 non

1644 365 1700 419 S.
1746 363 2013 422 CYRIILI
2055 365 2526 425 ALEXANDIHNI
2567 367 2888 428 ARCHIEP.
3805 370 3925 426 1δὸ

2222 491 2270 546 Α

2987 485 3191 543 ΑΛΛΟ.

2370 596 2432 648 Εἰ
2459 595 2547 650 διὰ
2579 596 2639 650 τὸ
2672 595 2902 667 πάθημα
2929 597 3026 651 τοῦ
3062 598 3295 653 θανάτου
3336 600 3608 674 βλέπομεν
3644 602 3919 673 ἠλαττω-

2302 686 2460 757 μένον
2489 688 2579 742 τὸν
2623 687 2851 757 Ἰησοῦν,
2887 691 3030 744 κατὰ
3053 691 3155 764 τὴν
3187 692 3281 746 τοῦ
3309 694 3523 747 Παύλου
3560 695 3778 766 φωνὴν,
3797 694 3919 765 πρὸ

2298 777 2391 830 τοῦ
2420 776 2628 841 πάθους
2648 777 2759 848 ἄρα
2786 778 2848 830 τὸ
2882 778 3105 833 ἔλαττον
3133 781 3235 834 οὐκ
3258 776 3328 852 ἦν
3349 783 3407 835 ὲν
3439 783 3608 853 αὐτῷ.
3629 783 3918 844 Εἰπόντος

2297 867 2355 921 δὲ
2393 866 2602 932 τούτου,
2620 868 2683 920 τὸ
2703 863 2845 923 εἶναι
2869 868 3081 923 τέλειον
3114 871 3281 925 αὑτὸν
3308 872 3601 927 εἰσὸαἰνειν
3646 874 3912 944 ἀνάγκη.

2300 960 2514 1024 Τέλειος
2551 960 2609 1013 δὲ
2638 960 2714 1013 ὢν
2751 963 2781 1014 6
2815 961 2966 1026 Υἰὸς,
2998 962 3091 1016 καὶ
3113 965 3182 1035 τῇ
3219 963 3313 1016 τοῦ
3353 964 3565 1035 Πατρὸς
3588 964 3913 1033 τελειότητι

2300 1050 2725 1121 παρισούμενος,
2755 1052 2856 1105 οὐκ
2882 1051 3187 1120 ὲπιδέξεται
3221 1052 3467 1124 δηλονότι
3487 1054 3595 1109 τῶν
3614 1053 3910 1126 ἀνομοίων
3936 1124 3943 1137 θ

2299 1142 2361 1197 τὸ
2390 1142 2663 1199 ἔλαττον.

2986 1258 3193 1313 ΛΛΛυ.

2370 1393 2483 1466 Τὴν
2513 1394 2733 1464 ἰσότητα
2760 1393 2837 1465 τῷ
2866 1392 2981 1464 Υἰῷ
3026 1392 3470 1465 προσμαρτυρῶν
3502 1396 3531 1448 6
3567 1393 3792 1459 Παῦλος
3842 1396 3910 1467 ἢν

2300 1487 2415 1559 ἔχει
2461 1488 2599 1561 πρὸς
2648 1488 2737 1540 τὸν
2780 1486 3033 1557 Πατέρα,
3072 1485 3207 1556 φησί
3242 1503 3346 1538 που
3381 1484 3599 1554 σαφῶς·
3654 1489 3799 1550 (⁸ος
3852 1487 3912 1540 ὲν

2305 1577 2485 1645 μορφῇ
2538 1574 2675 1627 Θεοῦ
2720 1573 3003 1645 ὑπάρχων,
3044 1574 3144 1644 οὺχ
3195 1574 3493 1645 ἁρπαγμὸν
3544 1577 3803 1647 ἡγήσατο
3846 1577 3910 1630 τὸ

2301 1663 2439 1719 εἶναι
2470 1667 2562 1719 ἴσα
2585 1665 2725 1736 Θεῷ.
2761 1685 2780 1719 ι
2837 1666 3001 1734 Λέγει
3026 1665 3084 1719 δὲ
3117 1665 3281 1719 αὑτὸν
3312 1666 3407 1720 καὶ
3432 1667 3787 1738 ἠλαττῶσθαι
3818 1668 3908 1721 διὰ

2301 1755 2364 1809 τὸ
2392 1755 2623 1827 πάθημα
2653 1755 2748 1809 τοῦ
2783 1755 3041 1810 θανάτου.
3078 1757 3193 1811 Οὐκ
3228 1758 3580 1829 ἐνδεχομένου
3604 1757 3907 1830 τοιγαροῦν

607 1851 781 1919 possit
822 1862 878 1905 ut
923 1854 987 1907 de
1028 1868 1135 1907 uno
1177 1864 1343 1925 atque
1383 1856 1576 1912 eodem
1619 1857 1785 1912 simul
1826 1859 2199 1929 signiﬁcentur

2307 1848 2382 1917 ἐφ’
2414 1848 2533 1911 ἐνὸς
2571 1850 2668 1903 καὶ
2702 1848 2798 1902 τοῦ
2835 1847 3002 1903 αὑτοῦ
3036 1850 3403 1922 σημαίνεσθαι
3427 1849 3563 1922 ὁμοῦ
3597 1851 3658 1905 τό
3687 1867 3752 1904 τε
3778 1853 3906 1922 μεῖ-

609 1945 782 2013 majns
823 1955 879 1999 et
926 1946 1106 2003 minus
1153 1949 1514 2015 naturaliter;
1565 1954 1918 2018 quaerendum
1965 1960 2049 2007 est
2090 1967 2198 2021 quo

607 2045 767 2106 pacto
803 2047 1095 2107 utrumque
1128 2039 1181 2094 in
1223 2040 1332 2094 Deo
1370 2042 1546 2097 Verbo
1584 2043 1875 2108 tuebimur,
1912 2053 1967 2100 et
2003 2046 2057 2099 in
2092 2059 2199 2099 uno

607 2142 670 2180 ac
704 2128 822 2182 solo
856 2130 961 2183 duo
997 2131 1109 2186 haec
1143 2131 1248 2187 sita
1282 2146 1405 2187 esse
1438 2141 1763 2189 statuemus.
1793 2135 1905 2208 95
1935 2135 2199 2203 Quocirca

606 2230 879 2288 quatenus
915 2231 1106 2277 natura
1144 2239 1240 2277 sua
1280 2223 1423 2280 Deus
1454 2234 1557 2290 est,
1590 2227 1818 2296 aequalis
1848 2238 1932 2284 est
1966 2228 2073 2284 Deo
2106 2229 2197 2299 qui

607 2328 730 2366 eum
766 2314 988 2383 genuit;
1026 2326 1294 2385 quatenus
1320 2332 1451 2372 vero
1482 2318 1654 2373 factus
1683 2330 1765 2376 est
1794 2321 1988 2387 homo,
2022 2322 2203 2377 immi-

610 2417 774 2461 nutus
798 2421 917 2461 esse
937 2408 1155 2463 dicitur.
1176 2410 1231 2464 Si
1256 2410 1377 2480 quis
1402 2421 1580 2467 autem
1604 2429 1634 2467 a
1661 2414 1893 2469 naturali
1916 2414 2033 2485 ejus
2055 2415 2204 2471 exsi-

612 2496 811 2550 stentia
845 2500 1213 2567 aequalitatem
1247 2503 1473 2568 adimat,
1507 2520 1683 2575 neque
1716 2506 1854 2561 hanc
1886 2507 1937 2560 in
1974 2522 2037 2563 eo
2068 2523 2202 2563 con-

611 2589 816 2643 servari
842 2595 1158 2658 contendat,
1185 2594 1402 2649 ubinam
1433 2597 1598 2665 igitur
1616 2597 1720 2651 sita
1748 2598 1887 2653 erit?
1910 2598 2015 2653 Aut
2040 2615 2201 2670 quem

609 2676 785 2735 locum
823 2682 1044 2738 habebit
1079 2684 1200 2739 Filii
1237 2688 1590 2757 excellentia,
1626 2705 1748 2744 cum
1787 2692 1901 2746 sola
1939 2691 2202 2746 imminuo

612 2771 686 2825 tio
716 2784 973 2842 appareat
1003 2776 1149 2832 circa
1186 2778 1587 2837 incarnationis
1619 2781 1937 2837 rationem?

608 2901 849 2976 lnjdem
881 2922 900 2961 :
936 2907 1089 2972 Quod
1125 2906 1172 2960 F
1176 2909 1300 2965 ilius
1339 2927 1432 2976 per
1465 2927 1643 2964 omnia
1677 2913 1867 2966 similis
1897 2914 1967 2967 ait
2005 2913 2111 2969 Deo
2141 2931 2207 2970 ac

686 2974 866 3047 Patri,
906 2980 1174 3047 proposito
1206 2989 1253 3033 et
1295 2974 1600 3034 eiaminato
1634 2983 1775 3034 dicto
1808 2983 1898 3036 illo
1931 2998 1948 3036 :
1986 3003 2004 3036 ι
2041 2985 2203 3040 Amen

684 3044 802 3125 ('lico
829 3044 1125 3125 vobi‘ﬂnou
1147 3051 1379 3103 surrexit
1403 3050 1535 3104 inter
1554 3061 1706 3106 natos
1729 3052 2007 3108 mulierum
2031 3056 2208 3125 major

677 3110 891 3171 Joanne
920 3116 1184 3188 Baptista,
1221 3137 1240 3171 ι
1275 3130 1382 3175 etc.

1072 3316 1313 3389 Objectio
1353 3320 1720 3377 Itazrelicorum

682 3453 754 3506 At
799 3453 1093 3523 quomodo,
1143 3456 1416 3525 inquiunt,
1466 3458 1538 3513 sit
1589 3461 1813 3530 aequalis
1865 3472 1957 3517 aut
2008 3464 2203 3521 similis

613 3544 895 3613 Christus,
936 3547 1041 3603 hoc
1083 3560 1166 3605 est
1212 3547 1406 3616 Filius,
1453 3551 1597 3607 Patri
1642 3555 2072 3624 perfectissimo,
2109 3558 2203 3628 qui

616 3638 817 3694 alicubi
846 3650 1033 3708 aperte
1056 3640 1176 3696 ait:
1209 3659 1228 3693 ι
1259 3641 1538 3699 Neminem
1568 3645 1711 3703 inter
1736 3658 1889 3704 natos
1916 3651 2203 3706 mulierum

619 3729 880 3800 majorem
918 3728 1125 3786 Joanne
1176 3732 1418 3802 Baptista
1456 3738 1792 3803 surrexisse;
1848 3750 1900 3794 et
1943 3741 2203 3797 minorem

618 3822 672 3875 in
701 3836 864 3892 regno
888 3824 1446 3894 cmlorum.majorcm
1475 3826 1590 3895 ipso
1611 3843 1733 3884 esse
1751 3831 1839 3885 "‘2
1869 3850 1888 3882 ι
1917 3831 2033 3901 Ipse
2056 3833 2203 3887 enim

618 3913 798 3969 minor
825 3916 1124 3984 exsistens,
1160 3919 1369 3976 ratione
1404 3923 1667 3992 temporis
1695 3938 1804 3994 quo
1836 3933 1993 3981 natus
2022 3937 2107 3982 est
2138 3942 2207 3982 ex

620 4016 811 4061 sancta
842 4008 1096 4077 Virgine,
1134 4021 1246 4065 tum
1283 4013 1496 4069 demum
1532 4029 1592 4071 se
1624 4016 1691 4070 ad
1730 4031 1997 4072 summam
2033 4018 2206 4074 virtu-

622 4106 736 4150 tum
762 4112 1067 4155 mensuram
1091 4113 1475 4172 perventurum
1500 4106 1723 4175 fatetur,
1743 4108 1960 4178 quando
1983 4123 2208 4179 regnum

623 4190 885 4246 cmlorum
922 4194 1235 4261 advenerit,
1274 4212 1337 4254 ac
1370 4200 1535 4257 veluti
1573 4203 1880 4257 mercedem
1916 4202 2208 4272 quamdam

626 4291 847 4351 propter
879 4283 1405 4345 administrationem
1444 4301 1642 4347 nostra:
1674 4292 1865 4347 salutis
1905 4302 2213 4363 reportatu-

626 4389 769 4428 rum.
797 4373 899 4441 Qui
926 4390 1056 4430 νει-ο
1082 4380 1342 4443 ejusmodi
1374 4390 1600 4449 naturae,
1628 4397 1736 4453 quo
1768 4393 1928 4451 pacto
1958 4385 2031 4440 sit
2057 4384 2212 4441 simi-

627 4463 724 4529 lis,
753 4474 846 4518 aut
874 4482 982 4535 quo
1013 4477 1172 4535 pacto
1200 4478 1474 4525 statuatur
1496 4470 1725 4542 aequalis
1753 4470 1944 4527 Patri?

1134 4672 1342 4730 Salutio
1378 4674 1709 4746 objectiouis.

701 4800 951 4871 lmperite
981 4804 1271 4862 admodum
1302 4818 1469 4877 atque
1501 4807 1682 4877 inepte
1711 4809 1802 4878 qui
1837 4809 1909 4863 ita
1939 4810 2213 4879 sentiunt,

2302 1937 2394 2003 ζον
2426 1938 2520 1992 καὶ
2547 1938 2607 1992 τὸ
2636 1938 2858 1994 ἔλαττον
2899 1941 3168 2010 φυσικῶς,
3210 1941 3470 2013 ζητητέον
3501 1944 3649 2007 ὅπως
3676 1943 3783 1996 ἐπὶ
3808 1943 3908 1995 τοῦ

2300 2030 2437 2085 Θεοῦ
2467 2030 2642 2101 Λόγου
2670 2030 3012 2103 διασώσομεν
3048 2034 3357 2105 ἀμφότερα,
3389 2034 3486 2087 καὶ
3528 2034 3656 2105 περὶ
3676 2034 3778 2088 τὸν
3806 2034 3908 2087 ἕνα

2302 2119 2395 2173 καὶ
2424 2120 2586 2191 μόνον
2618 2121 2686 2175 τὰ
2714 2119 2807 2174 δύο
2838 2120 3053 2175 κεῖσθαι
3080 2121 3349 2193 δώσομεν.
3387 2122 3597 2176 Οὐκοῦν
3626 2122 3770 2176 καθὸ
3798 2122 3906 2190 φύ-

2303 2228 2386 2265 σει
2424 2212 2576 2281 Θεὸς,
2615 2213 2729 2278 ἴσος
2767 2213 2922 2268 ἔσται
2959 2212 3037 2284 τῷ
3088 2213 3407 2285 γεγενηκότι
3458 2211 3610 2285 Θεῷ’
3662 2211 3811 2266 καθὸ
3851 2212 3909 2264 δὲ

2301 2305 2529 2375 γέγονεν
2574 2305 2883 2377 ἄνθρωπος,
2916 2305 3269 2377 ὴλαττῶσθαι
3316 2305 3559 2375 λέγεται.
3596 2305 3661 2358 Εἰ
3704 2304 3775 2357 δέ
3822 2320 3909 2366 τις

2301 2396 2493 2467 ἀφέλοι
2515 2397 2614 2469 τῆς
2644 2398 2880 2469 φυσικῆς
2908 2396 3199 2469 ὑπάρξεως
3228 2397 3394 2452 αὐτοῦ
3423 2396 3522 2468 τὴν
3546 2396 3910 2467 ἰσότητα,καὶ

2308 2490 2383 2561 μὴ
2426 2493 2485 2544 ὲν
2527 2488 2703 2561 τούτῳ
2733 2490 2939 2561 ταύτην
2976 2489 3251 2554 σώζεσθαι
3279 2490 3450 2559 λέγοι,
3480 2491 3575 2544 ποῖ
3616 2488 3682 2559 δὴ
3712 2488 3909 2541 λοιπὸν

2303 2584 2581 2649 κείσεται;
2620 2584 2691 2636 Ἦ
2723 2584 2875 2636 ποῖον
2910 2580 3022 2646 ἕξει
3062 2583 3155 2636 τὸν
3186 2581 3349 2636 τόπον
3377 2580 3473 2635 τοῦ
3499 2579 3630 2634 Υἰοῦ
3660 2579 3721 2633 τὸ
3756 2579 3910 2645 ἐξαξ-

2306 2692 2483 2748 ρετον,
2521 2675 2691 2747 μόνης
2734 2677 2835 2746 τῆς
2887 2674 3241 2739 ἐλαττώσεως
3273 2674 3607 2746 φαινομένης
3650 2671 3787 2743 περὶ
3820 2672 3910 2725 τὸν

2303 2768 2406 2838 τῆς
2434 2765 2911 2838 ὲνανθρωπήσεως
2938 2765 3173 2837 τρόπον;

2311 2902 2434 2954 Ἕτι
2463 2904 2550 2967 εἰς
2578 2901 2644 2954 τὸ
2676 2903 2828 2955 αὑτό
2845 2918 2860 2934 υ
2893 2902 3023 2953 Ὀτι
3052 2900 3188 2964 ἶσος
3210 2901 3241 2952 d
3268 2897 3399 2962 Υἱὸς
3429 2894 3579 2967 κατὰ
3603 2895 3809 2967 πάντα
3832 2894 3910 2957 τῷ

2381 2970 2504 3036 Θεῷ
2525 2964 2636 3024 ’καὶ
2668 2970 2873 3037 Πατρί,
2909 2970 3306 3038 προκειμένου
3347 2966 3445 3020 καὶ
3475 2964 3911 3038 ἐλξεταζομένου

2373 3033 2563 3109 ῥητοῦ
2590 3054 2603 3068 ⁸
2638 3059 2663 3115 ε
2684 3033 2874 3110 Ἀμὴν
3116 3033 3447 3115 ἤρων-,θύῃ
3490 3033 3914 3115 ἐγήγερται-ὲν

2380 3106 2691 3181 γεννητοῖς
2724 3106 3027 3181 γυναικῶν
3051 3109 3263 3181 μείζων
3304 3106 3577 3162 Ἰωάννου
3630 3106 3739 3159 τοῦ
3793 3108 3911 3160 Ba-

2228 3202 2273 3261 c
2373 3178 2651 3247 ἐττιστοῦ,
2693 3178 2902 3252 ι’μετά
2922 3180 3032 3234 τῶν
3059 3178 3281 3249 ἑφεξῆς.

2534 3319 2853 3385 Ἆντίθεσις
2890 3319 2970 3385 ὠς
3006 3317 3075 3372 ἐκ
3114 3317 3234 3371 τῶν
3270 3315 3345 3371 δι’
3378 3316 3683 3383 ἐναντίας.

2383 3456 2491 3508 Καὶ
2517 3454 2634 3518 πῶς
2664 3454 2730 3507 ἂν
2762 3453 2869 3524 εἴη,
2900 3454 3086 3525 φησιν,
3115 3454 3147 3525 ἢ
3180 3453 3295 3518 ἴσος
3324 3454 3356 3525 ἢ
3388 3455 3577 3525 ὅμοιος
3597 3455 3627 3508 6
3646 3452 3911 3525 Χριστὸς,

2311 3550 2610 3608 τουτέστιν.
2642 3552 2671 3603 6
2698 3549 2828 3613 Υἱὸς
2855 3547 2932 3619 τῷ
2966 3547 3272 3619 παν-τελείῳ
3296 3548 3496 3618 Πατρὶ,
3522 3548 3582 3611 ὃς
3619 3565 3683 3616 γε
3720 3548 3912 3619 σαφῶς

2315 3638 2418 3692 πού
2454 3655 2618 3711 φησιν
2647 3638 2724 3701 ὡς
2772 3658 2790 3690 ι
2821 3638 2935 3691 Οὐκ
2960 3638 3261 3709 ἐγήγερται
3295 3636 3395 3708 μὲν
3419 3639 3476 3690 ὲν
3504 3640 3785 3708 γεννητοῖς
3811 3656 3913 3706 γυ-

2314 3730 2518 3785 ναικῶν
2558 3730 2805 3785 Ἰωάννου
2842 3727 3045 3801 μείζων
3083 3728 3293 3793 οὐδείς’
3341 3730 3369 3782 6
3397 3728 3453 3781 δὲ
3498 3729 3827 3800 μικρότερος
3856 3732 3914 3782 ὲν

2314 3824 2380 3893 τῇ
2436 3820 2686 3893 βασιλείᾳ
2730 3820 2840 3874 τῶν
2883 3820 3155 3891 οὐρανῶν,
3214 3820 3414 3892 μείζων
3467 3820 3635 3875 αὑτοῦ
3684 3823 3855 3875 ἐστιν.
3889 3840 3909 3873 ι

2315 3914 2486 3979 Αὐτὸς
2512 3914 2621 3985 γὰρ
2649 3912 2723 3967 ὢν
2745 3915 2775 3967 6
2806 3914 3131 3986 μικρότερος
3162 3913 3304 3967 κατὰ
3330 3913 3421 3968 τὸν
3448 3917 3506 3968 ὲν
3536 3914 3615 3986 τῷ
3645 3916 3914 3986 γεγεννῆ-

2319 4008 2441 4063 σθαι
2480 4007 2673 4079 χρόνον
2694 4006 2785 4061 διὰ
2808 4007 2909 4078 τῆς
2937 4006 3100 4075 ἁγίας
3141 4006 3444 4080 Παρθένου,
3472 4008 3598 4061 τότε
3636 4008 3795 4079 μόλις
3824 4009 3915 4062 καὶ

2316 4099 2376 4153 τὸ
2425 4098 2532 4153 τῶν
2566 4098 2648 4163 εἰς
2676 4100 2846 4172 ἄκρον
2878 4098 3124 4169 ἡκόντων
3153 4098 3359 4170 ἀρετῆς
3396 4099 3915 4172 ὑπεραναϐήσεσθαι

2322 4188 2522 4261 μέτρον
2543 4189 2735 4244 ἑαυτὸν
2753 4189 3029 4260 ὁμολογεῖ,
3056 4190 3182 4243 ὅταν
3203 4192 3237 4261 ἡ
3261 4189 3371 4243 τῶν
3398 4191 3644 4262 οὐρανῶν
3670 4190 3913 4261 βασιλεία

2320 4281 2723 4354 παραγένηται,
2750 4280 2940 4352 μισθὸν
2968 4280 3157 4355 ῶσπερ
3179 4282 3302 4337 τινὰ
3329 4282 3518 4337 τοῦτον
3541 4282 3642 4354 τῆς
3666 4285 3749 4347 εἰς
3770 4285 3914 4354 ἡμᾶς

2319 4372 2590 4437 διακονίας
2613 4371 3117 4444 άντικομιζόμενον.
3135 4372 3193 4427 '0
3218 4371 3274 4426 δὲ
3302 4370 3477 4436 οὕτως
3506 4372 3648 4443 ἔχων
3675 4373 3910 4443 φύσεως,

2322 4464 2441 4529 πῶς
2468 4464 2535 4519 ἂν
2568 4460 2636 4535 ἦν
2662 4465 2869 4537 ὅμοιος,
2892 4465 2926 4537 ἢ
2952 4466 3048 4519 καὶ
3078 4464 3136 4520 ὲν
3160 4465 3367 4538 ἰσότητι
3395 4466 3643 4536 φαίνοιτο
3661 4466 3759 4521 τοῦ
3781 4465 3910 4520 Θεοῦ

2245 4590 2289 4643 (ι
2324 4559 2421 4610 καὶ
2450 4556 2667 4627 Πατρός
2684 4572 2700 4622 ;

2674 4668 2829 4739 Πρὸς
2866 4670 3055 4725 ταῦτα
3088 4671 3269 4738 λύσις
3307 4668 3554 4741 ἐφεξῆς.

2405 4802 2673 4875 Ἀνοήτως
2699 4802 2905 4876 σφόδρα
2938 4804 3033 4858 καὶ
3068 4803 3297 4876 ἀμαθῶς
3323 4806 3372 4858 οἰ
3398 4803 3560 4875 τῆσδε
3590 4803 3918 4874 διεσκεμμὲ-

627 4910 818 4949 eorum
864 4910 985 4966 quae
1018 4912 1050 4953 a
1086 4897 1377 4956 Servatore
1432 4912 1619 4957 nostro
1652 4902 1872 4958 Christo
1904 4903 2045 4958 dicta
2093 4920 2201 4959 sutr

2322 4912 2402 4949 νοι
2426 4894 2527 4966 τὴν
2550 4894 2658 4951 τῶν
2687 4896 2993 4968 εἰρημένων
3019 4897 3172 4969 παρὰ
3196 4895 3290 4951 τοῦ
3321 4897 3474 4968 Σωτῆ
3485 4914 3574 4968 ρος
3602 4896 3765 4967 ἡμῶν
3788 4897 3921 4966 Χρι-

629 4989 737 5041 νίιιι
776 4989 1221 5059 interpretantur.
1258 4991 1446 5063 Neque
1477 4994 1624 5049 enim
1662 5006 1720 5048 ut
1754 4995 2027 5065 propriam
2064 5011 2201 5051 suan

2326 4987 2450 5042 στοῦ
2480 4988 2792 5061 διειλήφασι
2811 4988 3062 5060 δύναμιν.
3090 4990 3164 5044 Οὐ
3182 4989 3291 5061 γὰρ
3315 4989 3403 5044 ἴνα
3425 4992 3523 5059 τῆς
3551 4988 3764 5051 οἰκείας
3787 5004 3919 5041 κατ·

634 5089 882 5136 uaturam
903 5093 1149 5151 accuset,
1174 5086 1289 5142 haec
1311 5086 1463 5154 dicit,
1490 5082 1664 5157 neqtte
1686 5098 1943 5158 tanquam
1968 5104 2201 5160 magnuu

2324 5078 2573 5151 ηγορὴσῃ
2610 5080 2845 5149 φύσεως,
2874 5080 2944 5134 τὰ
2973 5080 3202 5136 τοιαῦτά
3234 5080 3557 5153 φησιν,οὐδὲ
3592 5081 3669 5143 ὡς
3700 5080 3847 5150 μέγα
3868 5096 3920 5132 τι

630 5180 688 5224 et
719 5173 1035 5240 praeclarum
1069 5177 1272 5247 aliquid
1306 5177 1499 5234 statuit
1529 5176 1738 5235 Joanne
1773 5177 2032 5248 majorem
2064 5194 2186 5235 esse

2326 5173 2422 5227 καὶ
2473 5172 2831 5243 ἀξιοζήλωτον
2880 5176 3141 5245 καύχημα
3196 5171 3540 5245 περιτίθησιν
3592 5171 3771 5242 ἑαυτῷ
3812 5169 3919 5222 τῶν

632 5262 725 5331 qui
766 5263 857 5319 Dei
891 5281 958 5321 ac
987 5266 1167 5324 Patris
1198 5269 1458 5339 dignitate
1493 5269 1777 5340 gloriatur,
1809 5279 1863 5326 et
1900 5270 2201 5326 naturalite‘

2340 5266 2589 5321 Ἰωάννου
2621 5266 2837 5339 μέτρων
2863 5266 2962 5339 τὴν
2989 5266 3284 5339 ὑπεροχὴν,
3321 5270 3350 5322 6
3386 5268 3495 5329 τοῖς
3531 5266 3626 5319 τοῦ
3666 5264 3803 5318 Θεοῦ
3827 5265 3920 5317 καὶ

633 5358 816 5411 omnia
854 5373 973 5427 qua:
1013 5360 1189 5415 Patris
1225 5369 1381 5427 sunt,
1422 5361 1475 5416 in
1522 5377 1583 5418 se
1624 5362 1823 5430 habet,
1862 5372 2023 5435 atque
2063 5363 2134 5418 ob
2174 5366 2201 5417 Ῐι

2329 5357 2543 5430 Πατρὸς
2577 5358 2972 5429 ὲπικομπάξων
3000 5359 3301 5430 ἀξιώμασι,
3329 5359 3424 5412 καὶ
3464 5357 3643 5411 πάντα
3691 5356 3829 5427 ἔχων
3862 5356 3921 5406 ὲν

636 5449 982 5518 proclamans
1008 5467 1024 5506 :
1056 5470 1074 5502 ι
1104 5451 1295 5506 Omnia
1319 5467 1437 5521 qua:
1461 5454 1622 5510 habet
1646 5454 1804 5511 Pater
1826 5472 1944 5511 mea
1969 5456 2175 5511 sunt".

2331 5452 2508 5522 ἑαυτῷ
2562 5451 2632 5505 τὰ
2685 5453 2893 5506 ἐκείνου
2955 5454 3221 5523 φυσικῶς,
3272 5453 3363 5507 διά
3418 5469 3481 5520 γε
3537 5450 3701 5504 τοῦτο
3746 5448 3917 5519 βοῶν’

642 5541 923 5598 Perfectus
954 5553 1132 5599 autem
1165 5553 1248 5598 est
1278 5543 1469 5601 Pater:
1498 5548 1696 5602 nullius
1724 5550 1904 5618 itaque
1933 5549 2181 5617 indigens

2336 5565 2355 5598 ι
2386 5546 2570 5599 Πάντα
2614 5546 2713 5599 ὅσα
2760 5545 2872 5616 ἔχει
2916 5547 2943 5598 ὁ
2992 5547 3183 5617 Πατὴρ
3222 5546 3331 5617 ὲμά
3377 5545 3545 5597 ἐστιν.
3581 5542 3767 5611 »Ἔχει
3804 5537 3859 5591 δὲ
3893 5539 3921 5589 ὁ

644 5635 1029 5703 perfectus-que
1059 5646 1144 5690 cst
1173 5636 1339 5693 Filius
1365 5652 1430 5693 ex
1463 5639 1579 5707 ipso
1608 5640 1840 5708 genitus.
1868 5640 1970 5707 Qui
1999 5655 2127 5695 vero
2157 5641 2201 5694 it.

2335 5640 2521 5714 Πατὴρ
2555 5641 2615 5694 τὸ
2649 5641 2962 5697 παντέλειον
2988 5658 3000 5673 ⁸
3039 5641 3341 5714 ἀπροσδεὴς
3372 5640 3477 5711 ἄρα
3514 5636 3608 5692 καὶ
3633 5634 3837 5697 τέλειος
3860 5631 3917 5695 ἐξ

722 5808 769 5841 ⁸⁸
800 5809 961 5866 Hebr.
995 5828 1052 5880 ll,
1077 5816 1127 5869 7.
1208 5818 1250 5847 ’⁸
1284 5815 1411 5876 Luc.
1453 5836 1545 5887 VII,
1576 5818 1666 5873 ’28.
1744 5822 1787 5851 ²“
1818 5817 1972 5873 Joun.
1998 5834 2104 5881 1m,
2143 5818 2221 5874 l5.
