4144 6514
620 360 641 413 Ι
654 360 724 416 59

1611 356 1669 412 S.
1714 354 1987 411 CYRILLI
2028 350 2498 406 ALEXANDRINI
2542 350 2865 409 ARCUIEP.

3794 352 3815 404 1
3829 349 3908 405 ιέο

617 484 757 527 stam
800 473 851 528 in
895 490 1062 545 regno
1103 473 1388 541 ctelorum,
1428 484 1522 529 aut
1565 475 1836 545 quomodo
1879 478 1983 532 erit
2026 476 2195 545 major

2301 468 2443 523 κατά
2474 486 2595 524 τινα
2631 470 2833 541 τρόπον
2860 469 2951 524 τὸν
2986 470 3142 539 ἅγιον
3182 467 3496 540 Βαπτιστὴν
3529 468 3589 521 ἐν
3631 471 3697 539 τῇ
3735 468 3903 538 βασι-

614 564 719 617 eo?
762 562 1074 629 Quantitate
1119 565 1265 619 enim
1314 566 1572 635 temporis
1611 580 1677 620 es
1724 582 1834 636 quo
1881 578 2035 622 natus
2077 581 2197 633 est,

618 669 797 718 nemo,
820 663 878 708 ut
905 655 1160 719 arbitror,
1187 670 1410 725 compos
1437 658 1632 712 mentis
1657 659 1875 713 dixerit.
1901 660 2018 727 Quo
2041 673 2201 730 pacto

615 746 761 799 enim
814 746 1084 815 quispiam
1136 758 1422 816 praetereat
1472 749 1523 803 id
1572 751 1712 820 quod
1763 767 1979 821 semper
2027 756 2198 824 ipsum

618 838 912 907 prteeedit,
946 849 1110 907 atque
1144 854 1249 894 una
1284 855 1407 894 cum
1450 842 1563 909 ipsa
1606 846 1866 913 temporis
1897 847 2203 903 evolutione

618 939 866 997 raptatur
901 940 1066 1001 alque
1108 934 1412 1000 percurrit?
1454 933 1918 1000 Quemadmodum
1960 940 2104 992 enim
2149 939 2200 993 in

621 1028 861 1074 rotarum
909 1021 1275 1092 volutatione,
1323 1026 1656 1082 auteriorum
1709 1042 1927 1098 semper
1970 1030 2029 1085 lit
2078 1046 2204 1099 pro-

619 1125 870 1179 gressus,
915 1116 1270 1183 sequentibus
1321 1133 1536 1188 semper
1578 1118 1632 1174 in
1673 1122 1978 1190 posteriore
2021 1124 2126 1177 situ
2172 1138 2201 1177 a

622 1213 774 1273 tergo
813 1205 1048 1273 relictis;
1088 1208 1157 1262 ita
1192 1209 1354 1263 etiam
1395 1210 1446 1265 in
1487 1226 1773 1281 progressu
1817 1215 2076 1282 temporis
2110 1216 2200 1285 qui

622 1299 769 1363 prior
806 1309 908 1364 est,
947 1301 1336 1371 posterioribus
1387 1303 1561 1373 major
1597 1313 1700 1359 est.
1739 1304 1853 1359 Non
1896 1306 2063 1375 igitur
2101 1307 2204 1362 hoc

622 1391 781 1444 modo
818 1394 1059 1462 superari
1098 1393 1390 1463 Baptistam
1427 1411 1455 1449 a
1486 1395 1726 1461 Christo,
1763 1399 1855 1452 sed
1896 1400 2204 1455 sanctitatis

620 1482 881 1536 duntaxat
914 1484 1147 1549 ratione,
1174 1500 1310 1553 opus
1337 1496 1422 1541 est
1446 1488 1714 1556 profiteri.
1747 1487 2027 1555 Quomodo
2054 1491 2201 1545 enim

618 1574 884 1642 quispiam
920 1574 1079 1631 aliter
1108 1576 1159 1631 in
1193 1578 1324 1646 ipsis
1358 1578 1537 1648 majus
1571 1580 1870 1651 intelligere
1901 1582 2109 1648 possit?
2138 1583 2207 1638 At

616 1666 661 1718 si
704 1681 823 1719 cum
864 1681 1089 1736 regnum
1130 1669 1390 1724 ctelorum
1435 1671 1713 1726 advenerit
1759 1672 1930 1742 major
1962 1673 2051 1728 illo
2088 1689 2206 1729 cer-

618 1768 796 1824 uetur,
842 1775 986 1815 nunc
1028 1770 1177 1817 certe
1222 1773 1313 1817 aut
1353 1765 1601 1833 aequalis,
1645 1778 1740 1821 aut
1782 1769 1960 1823 minor
1993 1784 2057 1824 eo
2100 1779 2202 1825 est.

2302 560 2423 631 λείᾳ
2448 560 2557 614 τῶν
2580 561 2847 632 οὐρανῶν,
2873 562 2907 633 ἢ
2936 562 3051 625 πῶς
3080 561 3235 615 ἔσται
3266 560 3469 632 μείζων
3501 558 3671 613 αὐτοῦ
3694 576 3709 625 ;
3733 560 3905 612 Κατά

2306 653 2405 722 μὲν
2452 647 2544 706 οὖν
2592 653 2684 707 τὸν
2732 655 2792 706 ἐν
2842 654 3100 723 ποσότητι
3141 651 3237 706 τοῦ
3275 650 3637 722 γεγεννῆσθαι
3675 651 3899 722 χρόνον,

2302 743 2403 796 οὐκ
2428 742 2495 797 άν
2524 760 2629 807 τις,
2665 738 2842 815 οἶμαι,
2883 742 3177 816 σωφρονῶν
3205 744 3499 813 ἐννοήσειε.
3534 744 3659 805 Πῶς
3688 743 3799 813 γὰρ
3831 744 3901 796 ἄν

2302 852 2387 898 τις
2414 835 2510 889 καὶ
2538 836 2741 905 φθάσαι
2767 836 2828 888 τὸ
2856 836 2944 892 ἀεὶ
2978 833 3299 905 προϐαδίζον
3328 832 3514 897 αὐτοῦ,
3539 836 3633 887 καὶ
3653 837 3776 896 ταῖς
3800 833 3898 887 τοῦ

2303 926 2498 997 χρόνου
2531 928 2802 999 περιόδοις
2847 928 2937 982 ἀεὶ
2991 926 3285 999 συντρέχον
3317 926 3413 980 καὶ
3458 925 3895 996 συνελκόμενον;

2307 1017 2518 1087 Ὅνπερ
2544 1016 2654 1089 γάρ
2683 1017 2884 1089 τρόπον
2911 1016 2983 1070 τὰ
3004 1018 3063 1071 ἐν
3089 1017 3211 1080 ταῖς
3231 1015 3337 1069 τῶν
3362 1014 3576 1068 κύκλων
3600 1032 3899 1087 περιστροο

2305 1111 2434 1179 φαῖς
2480 1110 2567 1163 ἀεὶ
2616 1110 2754 1181 πρὸς
2802 1109 2865 1163 τὸ
2912 1109 3102 1180 πρόσω
3151 1110 3321 1179 χωρεῖ
3349 1107 3447 1180 τὴν
3475 1106 3569 1161 τοῦ
3603 1107 3895 1169 διώκοντος

2303 1200 2400 1254 καὶ
2443 1201 2677 1254 κατόπιν
2703 1200 2955 1271 κειμένου
2992 1198 3405 1271 παρεκνεύοντα
3430 1197 3600 1261 θέσιν,
3636 1197 3813 1262 οὕτως
3848 1201 3896 1251 οί

2302 1289 2364 1342 τὸ
2392 1290 2449 1342 ἐν
2481 1290 2659 1361 χρόνῳ
2694 1289 2973 1361 τρίϐοντες
3018 1289 3237 1361 μέτρον,
3264 1287 3353 1341 ἀεὶ
3402 1288 3587 1358 μεῖζον
3633 1291 3692 1343 ἐν
3742 1287 3899 1359 αύτῷ

2305 1380 2447 1434 κατά
2473 1381 2583 1433 τῶν
2612 1379 2842 1452 ὕστερον
2867 1379 3205 1451 κεκτήμεθα.
3246 1378 3455 1434 Οὐκοῦν
3481 1380 3540 1433 οὐ
3569 1380 3709 1434 κατὰ
3732 1380 3897 1433 τοῦτο

2305 1472 2694 1543 πλεονεκτήσει
2737 1471 2968 1541 Χριστὸς
3015 1471 3108 1524 τὸν
3157 1471 3315 1538 ἆγιον
3356 1470 3688 1539 Βαπτιστὴν,
3714 1471 3897 1524 λείπει

2303 1562 2369 1634 δὴ
2398 1562 2583 1615 λοιπὸν
2629 1562 2703 1624 ὡς
2744 1560 2807 1625 ἐξ
2834 1562 3083 1632 ἀνάγκης
3112 1562 3308 1625 εἰπεῖν,
3336 1561 3419 1614 ὅτι
3463 1560 3604 1614 κατά
3648 1561 3741 1614 τὸν
3790 1562 3894 1629 τῆς

2304 1654 2594 1724 ἁγιότητος
2616 1652 2841 1723 τρόπον.
2877 1652 2999 1716 Πῶς
3028 1652 3138 1722 γὰρ
3178 1653 3244 1707 ἄν
3272 1669 3358 1716 τις
3388 1652 3593 1723 ἐτέρως
3619 1654 3678 1705 ἐν
3705 1653 3895 1715 abaci;

2306 1746 2613 1816 ἐπινοήσειε
2660 1744 2722 1797 τὸ
2772 1743 2992 1815 μεῖζον;
3032 1744 3172 1797 Ἀλλ’
3199 1744 3249 1797 εἰ
3301 1746 3424 1797 τότε
3469 1743 3613 1797 κατά
3656 1744 3747 1796 τὸν
3792 1745 3893 1810 τῆς

613 1851 746 1904 Cum
786 1867 919 1907 vero
968 1854 1116 1923 impii
1166 1855 1256 1909 isti
1301 1856 1579 1911 Christum
1624 1856 1834 1914 Joanne
1876 1860 2191 1918 inferiorem

2298 1835 2577 1906 βασιλείας
2599 1834 2844 1906 δηλονότι
2870 1833 3067 1906 καιρὸν
3101 1834 3304 1904 μείζων
3326 1833 3647 1907 ὀφθήσεται,
3669 1834 3765 1887 νῦν
3784 1835 3895 1905 ἄρα

613 1940 958 2011 existiment,
1002 1946 1367 2014 mqualitatem
1414 1949 1488 2003 illi
1529 1950 1790 2005 tribuent.
1830 1950 1935 2006 Sed
1972 1953 2196 2010 videant

615 2049 839 2103 prorsus
877 2052 1039 2107 quam
1081 2039 1338 2095 imbecilli
1380 2052 1699 2111 argumento
1739 2046 1998 2099 nitantur.
2034 2046 2195 2113 Qum-

616 2144 738 2179 uaut
770 2128 911 2182 enim
945 2130 1227 2199 aequalitas
1257 2133 1562 2189 sanctitatis
1592 2151 1654 2190 cx
1690 2137 1773 2190 his
1804 2140 2060 2194 constitui
2096 2155 2195 2210 po-

616 2219 761 2273 test?
791 2213 900 2275 A'ut
932 2238 1040 2292 quo
1071 2233 1229 2293 pacto
1265 2241 1370 2279 non
1406 2226 1904 2297 incomparabiliter
1933 2246 2194 2299 superare

613 2313 927 2366 censebitur
953 2314 1227 2380 Christus,
1264 2333 1385 2373 cum
1420 2320 1698 2375 videamus
1728 2322 1898 2391 ipsum
1926 2323 2190 2380 Joannem

615 2402 686 2455 ita
716 2403 782 2456 ad
813 2402 1090 2462 Christum
1122 2408 1431 2479 loquentem
1464 2429 1479 2466 :
1519 2430 1538 2463 ι
1576 2412 1703 2467 Mihi
1736 2428 1873 2483 opus
1897 2426 1981 2471 est
2013 2418 2111 2471 abs
2141 2426 2193 2472 te

614 2495 877 2562 baptizari
903 2497 968 2551 ".
1013 2518 1033 2550 ι
1072 2498 1125 2553 ld
1159 2515 1288 2556 vero
1320 2511 1474 2558 extra
1509 2518 1722 2559 omnem
1764 2510 2189 2563 controversiam

611 2597 730 2653 est,
766 2588 818 2643 id
852 2592 995 2660 quod
1034 2594 1213 2650 minus
1251 2605 1336 2651 est
1376 2613 1407 2653 a
1450 2601 1825 2670 praestantiore
1858 2603 2102 2661 benedici
2137 2615 2193 2659 et

612 2679 963 2739 sanctiﬁcari.

1286 2909 1512 2966 ALIUD.

682 3044 882 3099 Beatus
913 3044 1149 3116 Baptista
1178 3043 1393 3101 Judazos
1425 3048 1496 3101 ita
1529 3047 1825 3118 alloqmtur
1857 3067 1869 3103 :
1905 3069 1924 3101 ‹
1962 3050 2071 3121 Ego
2099 3067 2193 3107 vos

2297 1927 2358 1981 τὸ
2393 1929 2505 1981 ἴσον
2537 1926 2570 1998 ἢ
2595 1925 2901 1997 τδίέλαττον
2929 1924 3065 1996 ἔχει.
3084 1925 3305 1996 Ἐπειδὴ
3327 1924 3406 1991 δὲ,
3433 1926 3509 1989 ὡς
3542 1925 3708 1991 εἰκὸς,
3738 1925 3799 1977 τὸ
3830 1927 3893 1978 ἐν

2297 2018 2544 2071 ἐλάττοσι
2589 2015 2700 2070 τῶν
2738 2015 2989 2072 Ἰωάννου
3042 2016 3259 2071 κεῖσθαι
3297 2016 3535 2087 Χριστὸν
3584 2017 3894 2085 λογιοῦνται

2296 2108 2596 2174 δυσσεϐεῖς,
2626 2108 3003 2162 ἀποδώσουσιν
3046 2107 3156 2179 ἄρα
3194 2108 3255 2162 τὸ
3281 2108 3417 2162 ἴσον.
3436 2109 3577 2161 Ἀλλ’
3608 2110 3892 2181 όράτωσαν

2298 2202 2391 2256 καὶ
2414 2199 2601 2256 τοῦτον
2629 2202 2815 2265 αὐτοῖς
2841 2200 3179 2255 ἀσθενοῦντα
3198 2201 3290 2255 τὸν
3315 2201 3597 2271 λογισμόν.
3627 2202 3760 2255 Ποία
3782 2202 3893 2273 γὰρ

2301 2294 2482 2365 ἰσότης
2513 2293 2697 2356 αὐτοῖς
2729 2295 2787 2347 ἐν
2823 2290 3084 2363 ἁγιασμῷ
3115 2291 3461 2363 σωθήσεται;
3494 2292 3617 2356 Πῶς
3642 2292 3698 2344 δὲ
3718 2292 3780 2345 ού
3812 2311 3891 2345 νι-

2299 2388 2457 2457 κήσει
2491 2385 2724 2459 Χριστὸς
2746 2385 3105 2456 άσυγκρίτοις
3139 2386 3457 2457 ὑπεροχαῖς,
3492 2386 3621 2439 ὅταν
3656 2385 3769 2455 ἴδῃς
3798 2385 3891 2437 τὸν

2301 2479 2568 2550 μακάριον
2582 2479 2836 2551 Ἰωάννην
2855 2478 3084 2547 λέγοντα
3106 2477 3243 2549 πρὸς
3268 2477 3433 2531 αὐτόν
3451 2493 3466 2509 ο
3497 2493 3515 2527 ι
3540 2475 3680 2543 Ἐγὼ
3699 2477 3893 2546 χρείαν

2297 2572 2404 2640 ἐχω
2439 2569 2545 2623 ὑπὸ
2571 2569 2665 2623 σοῦ
2691 2569 3057 2640 βαπτισθῆναι
3081 2587 3096 2635 ;
3126 2587 3146 2620 ι
3172 2568 3360 2640 Χωρὶς
3389 2568 3446 2621 δέ
3477 2567 3659 2639 πάσης
3676 2567 3888 2622 ἀντιλο-

2298 2663 2421 2731 γίας
2457 2662 2517 2717 τὸ
2542 2663 2764 2718 ἐλαττον
2799 2663 2906 2718 ὑπὸ
2954 2661 3050 2716 τοῦ
3102 2661 3416 2734 κρείττονος
3465 2660 3767 2729 εὐλογεῖται
3800 2661 3890 2714 καὶ

2299 2754 2611 2823 ἁγιάζεται.

2990 2891 3197 2946 ΑΛΔΟ.

2374 3049 2723 3120 Προσεφὼνει
2748 3051 2865 3115 τοῖς
2897 3049 3169 3114 Ἰουδαίοις
3193 3051 3222 3104 ό
3254 3050 3524 3122 μακάριος
3555 3051 3888 3122 Bait-stati};-

609 3136 825 3205 baptizo
865 3137 917 3188 in
959 3151 1137 3204 aqua:
1176 3137 1270 3192 sed
1308 3146 1427 3207 post
1464 3152 1548 3191 me
1579 3139 1726 3192 venit
1756 3140 1858 3203 vir,
1893 3142 2048 3208 cujus
2085 3157 2191 3197 non

2307 3160 2325 3193 ι
2348 3141 2489 3211 Ἐγὼ
2518 3142 2665 3213 ὑμᾶς
2697 3143 2970 3198 ἐϐάπτισα
2998 3144 3057 3197 ἐν
3089 3142 3263 3197 ὕδατι.
3284 3144 3489 3197 Ὀπίσω
3520 3161 3620 3215 μου
3668 3143 3892 3215 ἔρχεται

615 3245 734 3283 sum
768 3228 966 3297 dignus
989 3239 1047 3283 ut
1072 3244 1276 3299 pronus
1298 3229 1501 3284 solvam
1526 3231 1813 3300 corrigiam
1846 3232 2193 3289 calceamenti

2300 3232 2457 3304 ἀνὴρ.
2479 3226 2539 3288 οὗ
2569 3234 2670 3289 οὐκ
2697 3235 2814 3307 ειμι
2844 3235 3031 3300 ίκανδς
3062 3236 3148 3289 ἵνα
3180 3234 3357 3305 κύψας
3390 3235 3537 3289 λύσω
3560 3235 3652 3289 τὸν
3689 3236 3893 3307 ἱμάντα

611 3322 749 3388 ejus.
788 3320 879 3373 llle
914 3337 1011 3374 vos
1047 3320 1343 3391 haptizabit
1383 3321 1436 3376 in
1478 3321 1682 3391 Spiritu
1724 3333 1914 3379 sancto
1953 3336 2010 3380 et
2050 3328 2191 3396 igne.

2298 3325 2389 3377 τοῦ
2426 3325 2793 3397 ὑποδήματος.
2813 3328 3053 3391 Ἐκεῖνος
3075 3328 3221 3398 ὑμᾶς
3243 3327 3494 3398 βαπτίσει
3521 3329 3577 3380 ἐν
3607 3328 3891 3397 Πνεύματι

614 3412 780 3482 Cujus
806 3412 1167 3467 ventilabrum
1200 3412 1251 3466 in
1286 3428 1445 3467 manu
1475 3413 1614 3481 ejus,
1644 3420 1697 3467 et
1729 3416 1980 3483 purgabit
2006 3432 2193 3472 aream

2298 3416 2437 3487 ἀγίῳ
2471 3417 2567 3471 καὶ¹
2600 3418 2754 3490 πυρί.
2784 3411 2859 3472 Οὗ
2904 3419 2967 3472 τὸ
3009 3419 3176 3473 πτύον
3204 3420 3263 3472 ἐν
3294 3422 3361 3489 τῇ
3388 3420 3533 3489 χειρὶ
3562 3418 3751 3483 αὐτοῦ,
3792 3420 3891 3472 καὶ

614 3520 768 3559 suam
792 3542 807 3565 ,
838 3513 893 3558 et
927 3504 1281 3574 congregabit
1312 3505 1553 3558 triticum
1589 3507 1640 3559 in
1677 3508 1886 3562 horreis
1916 3508 2029 3563 suis
2051 3551 2065 3575 ,
2099 3525 2193 3577 pa-

2298 3508 2644 3580 διακαθαριεῖ
2681 3510 2783 3581 τὴν
2812 3509 2994 3564 ἅλωνα
3021 3508 3213 3574 αὐτοῦ,
3244 3510 3339 3562 καὶ
3369 3509 3587 3573 συνάξει
3617 3509 3710 3562 τὸν
3744 3511 3890 3563 σῖτον

616 3598 751 3650 leam
794 3611 921 3650 vero
960 3604 1153 3651 exuret
1196 3595 1318 3666 igne
1361 3597 1814 3668 inexstinguibili.
1866 3618 1884 3651 ι
1934 3600 2193 3668 Quaenam

2298 3603 2377 3667 είς
2416 3602 2513 3674 τὴν
2566 3603 2890 3674 ἀποθήκην,
2922 3602 2986 3656 τὸ
3031 3602 3089 3656 δὲ
3132 3602 3336 3674 ἄχυρον
3383 3603 3721 3656 κατακαύσει
3752 3604 3889 3672 πνέει

615 3687 776 3757 igitur
806 3686 949 3741 inter
977 3685 1078 3741 hos
1106 3687 1434 3755 arqualitatis
1467 3688 1607 3743 ratio
1639 3699 1891 3745 constare
1922 3701 2099 3761 potest
2124 3696 2189 3759 ",

611 3778 867 3843 Joannis,
902 3779 1155 3847 inquam,
1184 3788 1238 3831 ct
1266 3778 1511 3833 Christi?
1540 3778 1786 3835 Nondum
1817 3782 1963 3837 enim
1998 3786 2189 3855 major.

616 3871 661 3924 si
691 3869 984 3939 aliquando
1011 3870 1225 3925 l'uturus
1251 3880 1390 3936 erat,
1416 3870 1571 3941 juxta
1603 3871 1827 3928 istorum
1857 3876 2194 3943 opinionem,

613 3980 710 4017 cur
744 3964 981 4033 seipsum
1019 3979 1162 4033 aqua
1198 3964 1506 4034 baptizare,
1539 3964 1813 4022 Christum
1851 3979 2029 4026 autem
2073 3970 2195 4040 Spi-

614 4058 751 4110 ritus
779 4056 1021 4109 datorem
1050 4052 1292 4109 futurum
1324 4056 1599 4110 aliirmati
1626 4056 1805 4127 Atque
1834 4059 1924 4115 hic
1949 4061 2191 4130 quidem,

616 4158 677 4202 ut
708 4147 958 4215 famulus,
989 4163 1057 4203 ne
1082 4148 1372 4215 corrigiam
1400 4149 1619 4218 quidem
1646 4150 1999 4207 calceamenti
2027 4156 2191 4212 attin-

610 4259 741 4315 gere
779 4245 964 4308 audet,
1009 4244 1152 4299 hunc
1187 4258 1316 4297 vero
1358 4258 1499 4299 area:
1542 4244 1829 4301 Dominum
1875 4263 2000 4305 esse
2041 4251 2190 4306 dicit.

614 4337 728 4394 Hoc
746 4339 892 4393 enim
914 4336 1185 4407 signiﬁcat
1204 4334 1358 4399 illud,
1380 4353 1399 4386 ι
1424 4335 1681 4407 Purgabit
1702 4352 1885 4394 aream
1907 4356 2057 4396 suam
2075 4343 2140 4397 ³ο.
2169 4364 2187 4396 ι

616 4432 1032 4488 υἱςιτὶιηιιοτθιη
1058 4428 1202 4484 enim
1230 4442 1296 4483 ac
1322 4427 1483 4484 veluti
1510 4430 1910 4500 designatorem
1942 4432 2056 4490 fore
2081 4436 2193 4508 97

614 4529 690 4581 ait
715 4541 903 4581 eorum
935 4538 1054 4592 quat
1081 4520 1311 4591 singulis
1339 4522 1671 4579 conveniunt
1700 4542 1713 4579 :
1744 4525 1815 4580 ita
1845 4536 1905 4581 ut
1926 4526 2103 4596 justos
2130 4546 2192 4586 ac

614 4623 782 4675 honos
818 4620 993 4672 instar
1022 4613 1145 4669 boni
1185 4614 1350 4669 tritici
1387 4615 1443 4669 in
1473 4615 1727 4674 ctelcstes
1760 4620 2067 4676 mansiones
2104 4623 2187 4677 ino

613 4715 875 4767 ducturus
909 4708 1013 4771 sit,
1046 4707 1241 4778 impios
1273 4722 1402 4762 vero
1440 4708 1611 4762 instar
1642 4709 1917 4779 palearum
1956 4712 2061 4782 igni
2096 4729 2193 4784 pa-

613 4803 797 4856 bulum
834 4799 1199 4871 projecturus.
1230 4798 1303 4854 At
1337 4798 1383 4853 si
1419 4808 1540 4855 erat
1569 4800 1795 4870 aequalis
1824 4802 1873 4856 ei
1907 4803 1996 4872 qui
2031 4806 2190 4876 paulo

612 4902 730 4964 post
757 4902 873 4947 erat
900 4892 1115 4947 futurus
1140 4891 1337 4961 major,
1361 4906 1460 4947 cur
1483 4907 1588 4947 non
1615 4893 1778 4948 etiam
1808 4895 1921 4964 ipsc
1947 4895 2189 4969 baptiza-

610 4988 688 5042 vit
726 4987 777 5039 in
824 4984 1067 5054 Spiritu,
1104 4997 1400 5052 areamque
1438 4999 1591 5039 suam
1628 4988 1971 5057 expurgavit,
1999 4997 2056 5043 et
2084 4988 2189 5043 Do-

610 5078 741 5132 tuini
774 5078 1090 5148 dignitatem
1117 5076 1219 5131 sibi
1248 5092 1530 5149 arrogans,
1551 5077 1812 5147 judicavit
1844 5081 2101 5136 mundum
2135 5083 2186 5136 in

608 5169 855 5237 iustitia?
897 5169 1032 5224 Cum
1082 5183 1211 5222 vero
1253 5168 1443 5223 beatus
1490 5168 1729 5236 Baptista
1773 5169 2009 5226 Joannes
2054 5171 2187 5226 nihil

2220 4567 2271 4627 υ

2295 3695 2565 3766 ἀσϐέστῳ.
2598 3714 2617 3747 ι
2671 3696 2829 3758 Ποῖος
2883 3690 2975 3748 οὖν
3022 3694 3132 3765 ἄρα
3184 3694 3319 3763 πρὸς
3374 3693 3549 3747 ταῦτα
3597 3694 3887 3763 γενήσεται

2295 3786 2451 3856 λόγος
2493 3790 2606 3851 τοῖς
2657 3790 2714 3843 ἐν
2766 3788 2972 3859 ἰσότητι
3010 3786 3119 3840 τῶν
3162 3787 3409 3842 Ἰωάννου
3446 3772 3660 3857 μέτρων
3692 3785 3885 3839 τιθεῖσι

2294 3880 2388 3933 τὸν
2427 3879 2663 3951 Κύριον;
2698 3879 2870 3935 Οὔπω
2918 3878 3029 3951 γὰρ
3084 3878 3308 3950 μείζων,
3339 3877 3500 3950 εῐπερ
3543 3877 3697 3932 ἔσται
3730 3877 3881 3939 ποτὲ,

2296 3972 2439 4028 κατά
2469 3972 2569 4043 τὴν
2601 3972 2827 4026 ἐκείνων
2874 3971 3149 4043 διάληψιν,
3184 3973 3305 4026 ὅτου
3357 3970 3518 4044 χάριν
3564 3970 3757 4024 ἑαυτὸν
3789 3970 3885 4041 μὲν

2297 4063 2452 4118 ὕδατι
2486 4063 2796 4133 βαπτίζειν,
2824 4064 2918 4118 τὸν
2950 4064 3007 4118 δὲ
3038 4064 3135 4119 τοῦ
3168 4064 3487 4135 Πνεύματος
3528 4063 3748 4117 ἔσεσθαι
3797 4080 3884 4133 χοε

2298 4155 2468 4227 ρηγδν
2513 4156 2942 4230 διῖσχυρίζεταις
2986 4156 3098 4211 Καὶ
3148 4155 3310 4219 αὐτὸς
3364 4155 3483 4227 μὲν,
3523 4156 3600 4218 ὡς
3642 4154 3879 4223 οἰκέτης,

2295 4247 2402 4301 οὐδ’
2428 4247 2551 4301 ὅσον
2582 4247 2867 4318 άποθίγειν
2914 4247 3009 4301 τοῦ
3064 4248 3287 4319 ίμάντος
3335 4246 3619 4318 ἀποτολμᾷ
3641 4264 3655 4278 ο
3706 4246 3798 4298 τὸν
3827 4245 3881 4299 δὲ

2295 4340 2395 4409 τῆς
2426 4339 2540 4393 ἆλω
2573 4340 2853 4411 Δεσπότην
2899 4334 3041 4394 εῖναι
3087 4356 3241 4410 φησι.
3276 4340 3449 4393 Τοῦτο
3478 4337 3586 4410 γάρ
3631 4337 3882 4410 σημαίνει

2294 4432 2375 4499 τὸ,
2406 4450 2428 4499 ι
2448 4431 2811 4504 Διακαθαριεῖ
2832 4432 2931 4503 τὴν
2952 4431 3134 4485 ἅλωνα
3161 4429 3351 4486 αὑτοῦ.
3368 4449 3386 4483 ι
3414 4430 3526 4484 Καὶ
3546 4428 3804 4500 διανομὲα
3823 4445 3879 4480 τε

2296 4523 2391 4578 καὶ
2420 4524 2582 4577 οἱονεὶ
2609 4524 2927 4597 σημάντορα
2964 4522 3073 4577 τῶν
3103 4522 3321 4594 ἑκάστῳ
3360 4524 3681 4593 πρεπόντων
3710 4522 3882 4591 ὀφθή-

2297 4613 2491 4668 σεσθαι
2514 4613 2662 4683 λέγει
2682 4630 2697 4644 ο
2728 4613 2805 4677 ὡς
2831 4613 2924 4667 τὸν
2952 4612 3052 4684 μὲν
3071 4611 3279 4667 δίκαιόν
3303 4629 3361 4665 τε
3390 4611 3483 4664 καὶ
3504 4609 3711 4679 ἀγαθὸν
3734 4610 3883 4663 σίτου

2296 4708 2452 4778 δίκην
2496 4708 2618 4771 ταῖς
2664 4705 2937 4779 οὐρανίοις
2991 4705 3330 4775 είσκομίζειν
3381 4703 3596 4767 αὐλαῖς,
3626 4703 3799 4775 πυρὸς
3829 4703 3886 4756 δὲ

2295 4798 2567 4853 ποιεῖσθαι
2609 4798 2817 4871 τροφὴν
2850 4798 3059 4871 ἀχύρου
3089 4798 3293 4871 τρόπον
3330 4796 3766 4867 ἀποτιναχθέντα
3792 4798 3887 4849 τὸν

2293 4891 2498 4946 ἄδικον.
2518 4890 2657 4944 Ἀλλ’
2686 4890 2846 4961 εἴπερ
2872 4886 2942 4961 ἦν
2974 4892 3031 4943 ἐν
3060 4892 3160 4961 ἴσῳ
3193 4890 3377 4962 μέτρῳ
3400 4888 3477 4959 τῷ
3510 4888 3708 4958 μικρὸν
3728 4886 3886 4940 ὔστε-

2294 4999 2387 5053 ρον
2416 4981 2659 5053 ἐσομένῳ
2693 4981 2921 5052 μείξονι,
2947 4981 3001 5034 τί
3043 4979 3121 5051 μὴ
3157 4980 3255 5033 καὶ⁵
3284 4978 3447 5042 αὐτὸς
3495 4976 3746 5048 βαπτίζει
3782 4977 3886 5047 μὲν

2298 5076 2356 5128 ἐν
2390 5075 2529 5146 ἁγίῳ
2560 5073 2867 5145 Πνεύματι·
2896 5073 3244 5144 διακαθαίρει
3274 5072 3329 5125 δὲ
3354 5071 3453 5143 τὴν
3482 5071 3665 5124 ἅλωνα
3691 5070 3882 5130 αὐτοῦ,

2295 5169 2389 5222 καὶ
2423 5169 2482 5221 τὸ
2515 5167 2840 5221 Δεσποτικδν
2886 5165 3102 5237 ἀξίωμα
3149 5163 3535 5234 περικείμενος
3571 5164 3745 5234 κρίνει
3781 5162 3883 5231 τὴν

610 5264 801 5318 horum
851 5262 1173 5330 pra'stitisse
1221 5260 1549 5325 inveniatur,
1596 5261 1847 5317 Christus
1896 5274 2077 5317 autem
2130 5265 2183 5318 in

2298 5258 2619 5329 οἰκουμένην
2665 5260 2723 5311 ἐν
2764 5255 3113 5327 δικαιοσύνῃ;
3156 5254 3374 5323 Ἐπειδὴ
3406 5252 3463 5305 δὲ
3492 5252 3701 5305 τούτων
3727 5252 3883 5305 οὐδὲν

606 5363 871 5424 potestate
904 5354 1083 5407 divina
1121 5352 1373 5422 prmstitit
1412 5372 1424 5409 :
1467 5370 1573 5407 nou
1610 5362 1725 5408 erat
1767 5355 1930 5425 igitur
1961 5356 2186 5427 mqualis

2298 5351 2320 5402 δ
2344 5351 2614 5422 μακάριος
2633 5349 2945 5420 Βαπτιστὴς
2976 5348 3231 5417 Ἰωάννης
3251 5344 3516 5399 ἐπιτελῶν
3539 5345 3877 5415 εὑρίσκεται,

608 5448 681 5502 illi
715 5446 805 5518 qui
842 5455 990 5501 tauto
1024 5444 1305 5502 intervallo
1336 5460 1457 5504 eum
1490 5447 1799 5518 superabat.

2298 5444 2522 5515 πράττει
2554 5442 2611 5497 δὲ
2635 5445 2663 5498 ό
2687 5443 2920 5515 Χριστὸς
2953 5443 3010 5495 ἐν
3045 5441 3263 5512 ἐξουσίᾳ
3293 5440 3607 5510 θεοπρεπεῖ,
3634 5438 3736 5491 οὐκ
3766 5436 3878 5499 ἴσος

2293 5538 2400 5607 ἄρα
2434 5536 2641 5601 ἐκεῖνος
2688 5536 2766 5606 τῷ
2816 5534 3073 5590 τοσοῦτον
3123 5532 3467 5605 ἐξαλλομένῳ
3517 5533 3611 5586 καὶ
3657 5529 3882 5584 ἀναϐαίσ-

2290 5645 2409 5679 νοντ
2420 5647 2431 5678 ῑ
2442 5668 2454 5681 .

680 5798 723 5831 ’³
751 5798 936 5855 Matth.
977 5816 1057 5865 ιιι,
1104 5800 1181 5855 Η.
1262 5802 1303 5832 ²⁹
1339 5800 1471 5856 Ibid.
1521 5800 1601 5861 ll.
1642 5801 1722 5854 Η.
1804 5802 1846 5832 ³ο
1875 5801 1997 5857 Luc.
2037 5822 2114 5861 ιιι.
2156 5806 2211 5857 l"
