4144 6504
243 389 335 447 161

931 500 1136 553 ᾹΛΛΟ.

308 611 420 691 Τῆν
446 616 535 672 διά
565 618 802 681 πίστεως
833 616 1027 684 ἄφεσιν
1060 611 1493 685 ὑπισχνούμενος
1524 610 1656 680 ἡμῖν
1687 609 1715 661 6
1738 605 1833 661 τοῦ

238 711 376 765 Θεοῦ
432 711 624 779 Λόγος,
680 710 768 763 διὰ
830 706 926 760 τοῦ
987 708 1270 780 προφήτου
1332 705 1497 776 φησιν
1569 702 1832 756 Ἡσαΐου·

245 821 263 855 ι
318 802 460 873 Ἐγώ
486 803 601 873 είμι
631 803 660 853 6
680 799 981 868 ἐξαλείφων
1011 798 1107 863 τὰς
1138 798 1371 869 ἀνομίας
1400 815 1513 863 σου,
1547 796 1641 850 καὶ
1669 797 1730 850 οὐ
1760 796 1835 867 μὴ

241 895 648 967 μνησθήσομαι.
690 911 708 944 ι
757 889 981 963 Ἐπειδὴ
1013 890 1069 944 δὲ
1100 891 1202 963 ἤδη
1255 890 1457 962 παρῆν,
1490 889 1586 942 καὶ
1622 887 1708 942 διά
1737 887 1837 959 τῆς

236 988 400 1057 ἁγίας
434 986 701 1058 ἐγεννήθη
756 983 1060 1056 Παρθένου,
1105 984 1198 1037 ἐπὶ
1226 983 1330 1055 γῆς
1368 1000 1428 1036 τε
1459 981 1637 1052 ὤφθη,
1691 980 1835 1035 καθά

236 1082 587 1152 γέγραπται,
645 1079 741 1133 καὶ
808 1080 920 1142 τοῖς
982 1074 1294 1149 ἀνθρώποις
1351 1075 1835 1147 συνανεστρέφετο,

236 1173 640 1244 κατασημαίνει
685 1175 799 1236 τοῖς
852 1171 1054 1243 ὁρῶσιν
1097 1170 1262 1225 αὐτὸν
1303 1172 1331 1224 6
1359 1169 1531 1243 κήρυξ
1566 1170 1660 1223 καὶ
1694 1168 1835 1241 πρό-

235 1268 458 1338 δρομος,
500 1271 597 1320 καὶ
630 1266 695 1338 δὴ
740 1265 833 1319 καί
883 1282 1048 1337 φησιν
1093 1265 1121 1317 6
1170 1266 1440 1336 μακάριος
1484 1264 1832 1336 Βαπτιστής·

246 1378 265 1412 ι
308 1359 414 1412 Ἴδε
439 1361 467 1412 6
498 1359 671 1430 ἀμνὸς
696 1359 793 1413 τοῦ
827 1358 987 1422 Θεοῦ,
1022 1361 1050 1413 6
1079 1359 1252 1429 αἴρων
1279 1359 1381 1428 τὴν
1419 1356 1695 1428 ἁμαρτίαν
1736 1354 1834 1410 τοῦ

238 1449 467 1518 κόσμου.
534 1468 553 1500 ι
613 1447 788 1520 Εἴπερ
831 1445 925 1503 οὖν
968 1447 1142 1513 ἔσται,
1198 1449 1341 1503 κατά
1389 1465 1577 1512 τινας,
1634 1447 1836 1518 μείζων

250 1540 500 1594 Ἰωάννου
531 1542 765 1612 Χριστὸς
797 1544 856 1596 ἐν
897 1544 963 1613 τῇ
1010 1540 1263 1613 βασιλείᾳ
1294 1541 1405 1595 τῶν
1442 1539 1712 1611 οὐρανῶν,
1742 1540 1836 1593 καὶ

236 1630 398 1685 τοῦτο
442 1633 500 1686 ἐν
529 1632 743 1687 ἐλπίσιν
772 1633 885 1704 ἔχει
929 1633 992 1687 τὸ
1018 1635 1208 1705 γέρας,
1232 1629 1301 1704 ἦν
1344 1632 1453 1704 ἀρα
1492 1634 1708 1695 πάντως
1737 1632 1837 1685 οὐκ

237 1726 297 1776 ἐν
328 1723 646 1793 ἐλαττώσει,
671 1726 729 1780 ἐν
758 1726 965 1798 ἰσότητι
998 1726 1078 1791 δὲ,
1099 1724 1243 1780 κατὰ
1266 1725 1327 1780 τδ
1356 1725 1524 1789 εἰκός.
1558 1720 1693 1778 Εἶτα
1717 1724 1835 1788 πῶς

1673 370 2114 429 TIIESAURUS.

3426 366 3530 423 162

2618 489 2846 545 ALIUD.

2012 607 2154 662 Deus
2202 620 2303 675 per
2333 605 2657 676 prophetam
2692 607 2888 659 Isaiam
2919 606 3302 662 remissionem
3334 622 3430 676 per
3463 608 3526 663 ll-

1938 700 2061 755 deiu
2098 701 2424 770 promittens
2470 716 2483 753 :
2537 717 2555 750 ι
2590 697 2701 768 Ego
2725 742 2739 764 ,
2806 699 2981 769 inquit
3011 740 3027 766 ,
3093 713 3211 753 sum
3246 700 3349 771 quij
3378 700 3532 755 deleo

1944 792 2263 861 iniquitates
2300 802 2441 860 luas,
2476 801 2529 846 et
2568 807 2673 845 non
2699 792 3024 847 recordahor
3057 793 3099 824 ³⁸
3125 832 3138 845 .
3182 811 3200 843 ι
3229 792 3365 848 Cum
3398 808 3531 849 vero

1938 901 2005 941 ex
2037 896 2225 941 sancta
2258 884 2484 957 Virgine
2526 897 2687 941 natus
2739 897 2823 941 est
2874 896 2927 942 et
2965 888 3017 941 in
3067 898 3212 942 terra
3254 892 3531 959 apparuit,

1940 980 2081 1035 sicut
2109 980 2371 1048 scriptum
2407 989 2493 1035 est
2516 980 2559 1011 ³⁸
2585 1020 2600 1046 ,
2650 994 2882 1051 cumque
2930 981 3244 1036 hominibus
3273 994 3529 1038 versatus

1938 1081 2041 1137 est,
2070 1071 2307 1128 Joannes
2342 1072 2584 1143 Baptista
2614 1072 2732 1142 ejus
2783 1090 2961 1145 praeco
3003 1085 3170 1146 atque
3215 1091 3523 1147 praecursor

1938 1165 2177 1221 ostendit
2214 1167 2447 1230 dicens;
2489 1187 2506 1219 ι
2543 1167 2682 1222 Ecce
2728 1166 2917 1237 Agnus
2950 1169 3043 1225 Dei
3075 1170 3168 1240 qui
3219 1171 3360 1226 tellit
3393 1188 3521 1241 pec-

1938 1267 2061 1314 cata
2122 1260 2306 1315 mundi
2365 1260 2433 1316 ⁸³.
2494 1280 2514 1313 ι
2581 1260 2638 1316 Si
2686 1262 2874 1333 igitur,
2907 1272 2964 1318 ut
3016 1265 3259 1320 nonnulli
3313 1266 3523 1329 volunt,

1939 1349 2191 1408 Christus
2237 1352 2449 1407 futurus
2483 1362 2568 1409 est
2595 1354 2768 1421 major
2821 1355 3032 1413 Joanne
3065 1356 3120 1411 in
3151 1373 3319 1429 regno
3361 1359 3532 1415 caelo:

1940 1459 2081 1510 rum,
2116 1453 2279 1514 atque
2308 1446 2411 1501 hoc
2442 1448 2723 1515 praemium
2758 1464 2819 1505 se
2852 1461 3282 1506 consecuturum
3319 1465 3528 1522 sperat,

1940 1545 2057 1589 erat
2079 1536 2265 1605 igitur,
2288 1548 2345 1590 ut
2362 1538 2527 1593 verisi
2547 1539 2670 1595 mile
2690 1551 2795 1606 est,
2817 1558 2922 1597 non
2949 1544 3148 1603 minor.
3164 1545 3259 1600 sed
3282 1548 3527 1616 aequalis.

1940 1626 2009 1680 At
2061 1642 2190 1681 vero
2246 1644 2367 1697 quae
2421 1631 2652 1700 :equalia
2694 1644 2844 1697 sunt,
2907 1650 3013 1705 quo
3045 1649 3202 1707 pacto
3251 1648 3533 1709 tantopere

1941 1720 2085 1773 inter
2118 1731 2177 1774 se
2208 1720 2556 1792 discrepant,
2612 1735 2669 1777 ut
2698 1724 2788 1779 hic
2828 1726 3045 1796 quidem
3075 1738 3302 1797 peccata
3345 1731 3531 1785 mundi

237 1816 307 1869 τὰ
336 1818 394 1868 ἐν
432 1816 532 1886 ίσῳ
569 1815 759 1888 μέτρῳ
789 1816 1045 1871 τοσοῦτον
1073 1815 1141 1871 δι’
1172 1815 1420 1889 ἀλλήλων
1462 1816 1838 1887 ἀπολιμπάνεο

1945 1808 2134 1866 tollere
2169 1813 2361 1882 possit,
2400 1824 2565 1885 atque
2593 1816 2695 1870 hoc
2725 1832 2790 1871 ex
2819 1833 2915 1873 sua
2968 1831 3235 1889 potestate
3268 1833 3487 1892 praestet
3514 1841 3530 1889 ;

237 1924 350 1972 ται,
388 1907 464 1971 ὡς
499 1907 591 1961 τὸν
626 1907 725 1979 μὲν
754 1907 1017 1964 δύνασθαι
1063 1908 1157 1963 τοῦ
1193 1909 1402 1980 κόσμου
1432 1909 1531 1981 τὴν
1566 1908 1844 1979 ἁμαρτίαν

240 1996 518 2067 ἀφαιρεῖν,
564 1998 659 2051 καὶ
698 1998 858 2053 τοῦτο
886 2000 1129 2071 ἐνεργεῖν
1161 2000 1619 2066 ὲξουσιαστικῶςο
1666 2002 1758 2055 τὸν
1785 2001 1843 2056 δὲ

238 2087 335 2141 τοῦ
383 2088 741 2161 καθαίροντος
775 2092 870 2145 καὶ
898 2092 1219 2161 ἁγιάζοντος
1248 2092 1442 2147 ἐπιδεᾶ
1476 2093 1841 2159 καθεστάναι;

245 2198 264 2230 ι
318 2180 521 2251 Χρείαν
549 2181 660 2253 γὰρ
704 2182 837 2251 ἐγὼ,
892 2184 1079 2255 φησὶν,
1116 2183 1226 2255 ἔχω
1261 2183 1368 2238 ὑπὸ
1401 2184 1496 2238 σοῦ
1541 2183 1846 2256 βαπτισθῆ-

240 2288 349 2326 ναι.
383 2291 402 2324 ι
448 2273 668 2343 Ἐπειδὴ
718 2274 774 2327 δέ
811 2274 913 2328 οὐκ
959 2276 1018 2328 ἐν
1062 2278 1177 2339 τοῖς
1209 2293 1356 2340 τινος
1394 2275 1692 2348 δεομένοις,
1728 2278 1842 2331 ἀλλ’

244 2366 302 2417 ἐν
338 2367 451 2428 τοῖς
480 2364 778 2435 χορηγοῦσι
819 2366 880 2419 τὸ
920 2367 1105 2437 μεῖζον
1139 2368 1357 2440 ὁρᾶται,
1392 2370 1490 2422 καὶ
1520 2370 1550 2422 6
1602 2371 1726 2440 μὲν,
1768 2370 1844 2435 ὡς

244 2453 397 2519 Θεὸς,
427 2454 653 2525 ἀφίησιν
697 2456 998 2527 ἁμαρτίας,
1039 2459 1068 2511 6
1103 2457 1160 2511 δὲ
1205 2457 1429 2511 δύναται
1469 2458 1630 2513 τοῦτο
1670 2464 1844 2513 ποιεῖν

243 2545 518 2617 οὐδαμῶς,
569 2548 669 2601 οὐκ
716 2547 831 2611 ἴσος
864 2549 973 2619 ἄρα
1016 2549 1097 2621 τῷ
1138 2550 1393 2605 τοσοῦτον
1434 2550 1844 2622 ἐξηλλαγμένῳ.

423 2680 631 2744 ΑΛΛΟ,
672 2680 753 2746 ὡς
785 2680 856 2733 ἐν
887 2679 1141 2750 ἐπιτομῇ
1182 2681 1281 2735 καὶ
1331 2680 1644 2749 ἁπλότητι.

316 2791 379 2843 Εἰ
424 2791 629 2861 μείζων
654 2792 806 2846 ἔσται
834 2793 929 2847 τοῦ
959 2792 1118 2863 ἁγίου
1150 2793 1481 2859 Βαπτιστοῦ,
1505 2792 1648 2848 κατά
1670 2810 1842 2859 τινας,

242 2884 271 2934 6
311 2880 502 2951 Σωτὴρ
544 2883 604 2933 ἐν
648 2883 713 2951 τῇ
748 2881 998 2950 βασιλείᾳ
1025 2880 1132 2934 τῶν
1161 2881 1433 2951 οὐρανῶν,
1469 2882 1502 2951 ἢ
1533 2881 1668 2945 ἴσος,
1711 2880 1744 2950 ἢ
1785 2883 1844 2933 ἐν

243 2970 539 3026 ἐλαττώσει
573 2971 691 3025 ἐστὶ
717 2973 859 3025 κατά
885 2972 977 3025 τὸν
1003 2971 1103 3042 τῆς
1132 2970 1602 3043 ἐνανθρωπήσεως
1629 2971 1839 3042 χρόνον.

258 3063 346 3116 Ἐν
371 3063 470 3133 μὲν
496 3058 588 3116 οὖν
609 3060 925 3129 ἐλαττώσει,
946 3060 1222 3134 οὐδαμῶς.
1256 3060 1347 3115 Ἐν
1367 3061 1573 3131 ἰσότητι
1598 3061 1685 3115 δέ’
1715 3060 1844 3114 τοῦο

241 3171 305 3208 το
318 3154 426 3222 γάρ
448 3153 566 3217 πώς
589 3156 705 3208 ἐστι
730 3154 792 3209 τὸ
812 3154 1283 3226 πρεπωδέστερον.
1318 3152 1459 3207 Ἀλλ’
1477 3154 1637 3226 εἴπερ
1666 3154 1839 3217 ὅντως

241 3248 383 3318 ὁτῆς
402 3248 643 3320 ίσότητος
663 3248 750 3301 ἐπ’
768 3248 972 3317 ἀμφοῖν
999 3244 1235 3312 σώζεται
1252 3245 1431 3315 λόγος,
1454 3244 1730 3299 καλείσθω
1744 3245 1841 3298 καὶ

254 3338 510 3411 Ἰωάννης
528 3339 693 3409 σοφία
714 3340 811 3394 καὶ
830 3338 1061 3411 δύναμις
1080 3337 1177 3392 τοῦ
1193 3339 1432 3410 Πατρδς,
1453 3335 1845 3410 χρηματιζέτω

240 3431 300 3485 δὲ
332 3451 351 3483 ι
376 3431 541 3487 εἰκὼν
559 3432 980 3506 καὶξχαρακτὴρ,
1003 3432 1100 3486 καὶ
1117 3432 1464 3503 ἀπαύγασμα
1480 3432 1580 3503 τῆς
1600 3430 1843 3485 ὑποστά-

245 3539 385 3587 σεως
411 3524 598 3579 αὑτοῦ.
638 3525 855 3597 Φερέτω
881 3524 977 3577 καὶ
1006 3523 1171 3587 αὐτὸς
1208 3523 1277 3579 τὰ
1304 3522 1483 3578 πάντα
1517 3521 1597 3593 τῷ
1636 3524 1845 3594 ῥήματι

240 3617 344 3686 τῆς
366 3614 648 3687 δυνάμεως
675 3613 843 3669 αὑτοῦ
866 3630 880 3646 ⁸
913 3633 931 3667 ι
973 3616 1222 3669 ἀκουέτω
1247 3616 1342 3669 καὶ
1376 3614 1540 3678 αὐτὸς
1566 3615 1722 3685 παρά
1747 3612 1844 3666 τοῦ

244 3705 494 3775 Πατρόςο
523 3722 545 3758 r
579 3705 709 3768 Υίός
738 3721 843 3775 μου
876 3699 930 3758 εἴ
970 3706 1057 3768 σὺ,
1107 3704 1220 3774 ἐγὼ
1262 3705 1506 3775 σήμερον
1535 3701 1846 3773 γεγέννηκά

252 3815 315 3851 σε
344 3816 359 3830 ·
393 3819 412 3850 ι
456 3800 551 3853 καί
580 3815 594 3830 ·
632 3816 651 3849 ι
684 3798 869 3852 Κάθου
900 3798 964 3851 ἐκ
996 3796 1187 3862 δεξιῶν
1234 3813 1354 3868 μου,
1380 3796 1486 3859 ἕως
1526 3794 1593 3849 ἂν
1618 3793 1696 3847 θῶ
1719 3794 1846 3853 τοὺς

243 3888 473 3961 ἐχθρούς
502 3906 598 3942 σου
629 3888 923 3943 ὑποπόδιον
955 3888 1066 3943 τῶν
1095 3888 1274 3942 ποδῶν
1315 3905 1433 3941 σου.
1473 3906 1490 3940 ι
1522 3885 1845 3955 Εἰσαγέσοω

244 3983 339 4035 καὶ
362 3982 525 4047 αὐτὸς
552 3981 629 4046 ὡς
652 3982 998 4053 πρωτότοκος
1033 3983 1114 4046 εἰς
1153 3981 1255 4054 τὴν
1281 3979 1633 4051 οἰκουμένην,
1663 3994 1841 4049 προσ-

242 4073 512 4131 κυνείσθω
574 4073 733 4145 παρά
788 4072 899 4127 τῶν
953 4073 1127 4142 ἁγίων
1196 4072 1480 4142 ἀγγέλων,
1537 4071 1744 4139 λεγέτω
1787 4070 1844 4124 δὲ

241 4165 595 4236 ἀτεεγκλήτως
621 4166 755 4237 περὶ
784 4162 1018 4219 ἐαυτοῦο
1058 4184 1076 4216 ι
1136 4165 1280 4233 Ἐγὼ
1328 4165 1424 4218 καὶ
1473 4166 1503 4217 6
1552 4162 1745 4234 Πατὴρ
1785 4162 1843 4215 ἓν

242 4260 433 4329 ἐσμεν.
475 4256 535 4310 '0
565 4256 828 4328 ἑωρακὼς
857 4258 978 4330 ἐμὲ,
1020 4257 1233 4329 ἑώρακε
1265 4256 1356 4311 τὸν
1386 4256 1606 4327 Πατέρα
1635 4272 1652 4288 υ
1692 4274 1711 4307 ι
1747 4258 1841 4310 καὶ

242 4350 440 4406 πάλιν·
477 4368 499 4402 ι
543 4349 686 4419 Ἐγώ
712 4351 887 4421 είμιή
932 4351 1229 4413 ἀνάστασις
1260 4349 1353 4404 καὶ
1398 4350 1433 4421 ἡ
1463 4347 1610 4419 ζωήο
1649 4366 1667 4401 ι
1703 4348 1798 4401 καί
1822 4362 1836 4377 ο

249 4462 270 4495 r
316 4442 457 4512 Ἐγώ
487 4443 602 4513 είμι
645 4445 674 4497 6
715 4442 882 4514 ἄρτος
912 4444 941 4495 6
985 4441 1094 4507 ζῶν
1122 4443 1151 4495 6
1179 4444 1243 4496 ἐκ
1270 4439 1367 4494 τοῦ
1402 4438 1636 4512 οὐρανοῦ
1667 4456 1838 4492 κατα-

241 4533 364 4597 δας,
400 4536 495 4588 καὶ
520 4532 666 4605 ζωὴν
700 4533 877 4598 διδοὺς
903 4533 981 4604 τῷ
1007 4534 1222 4604 κόσμῳ.
1264 4552 1283 4586 ι
1338 4530 1402 4585 El
1446 4532 1505 4585 δέ
1533 4529 1708 4584 ταῦτα
1736 4529 1835 4601 μὲν

239 4627 357 4678 ἔστι
398 4625 577 4680 πάντα
626 4626 885 4696 Χριστὸς,
926 4625 1111 4680 οὐκέτι
1151 4625 1208 4679 δέ
1240 4625 1336 4679 καὶ
1366 4627 1395 4678 ὀ
1426 4623 1563 4695 πρὸς
1614 4622 1835 4690 ἰσότητα

237 4717 337 4788 τὴν
374 4718 511 4789 πρὸς
558 4719 723 4771 αὐτὸν
771 4718 1110 4789 καλούμενος
1143 4716 1393 4788 ἀμαθῶς,
1449 4716 1570 4779 πῶς
1612 4715 1673 4768 οὐ
1712 4714 1833 4769 λίαν

239 4806 568 4862 ἀπαίδευτον
588 4809 747 4863 παντί
770 4827 850 4881 τῳ
872 4812 1123 4880 φανεῖται
1145 4809 1352 4874 λοιπὸν,
1372 4808 1433 4862 τὸ
1458 4808 1680 4881 μείζονά
1701 4824 1831 4861 ποτε

239 4901 571 4971 γενήσεσθαι
600 4902 847 4973 νομίζειν
874 4902 1066 4970 αὐτοῦ,
1091 4904 1183 4958 τὸν
1221 4903 1308 4958 ἀεὶ
1335 4902 1494 4957 τοῦτο
1518 4902 1833 4974 ὑπάρχοντα

241 4991 511 5060 φυσικῶς,
542 4992 619 5057 ὼς
643 4992 779 5047 Θεόν
802 5010 816 5058 ;

937 5111 1144 5165 ΑΛΛΟ.

312 5220 373 5274 El
417 5222 475 5275 ἐν
501 5221 582 5293 τῷ
628 5222 761 5277 ποτὲ
806 5222 906 5295 τὴν
948 5223 1198 5277 ἰωὸιννου
1245 5224 1663 5295 πλεονεκτήσειν
1706 5219 1835 5294 ἀρε-

235 5310 334 5382 τὴν
361 5311 693 5380 ἀξιάγαστος
716 5313 1012 5385 ὀφθήσεται
1043 5315 1299 5386 Χριστὸς,
1325 5315 1476 5368 οὐδὲν
1499 5316 1558 5369 ἐν
1590 5312 1740 5385 αὐτῷ
1775 5313 1837 5367 τὸ

240 5402 416 5474 μέγασ
445 5406 567 5458 ἐπεὶ
591 5408 687 5461 καὶ
711 5407 933 5476 ἄγγελοι
960 5407 1246 5480 κρείττους
1280 5407 1448 5462 αὑτοῦ
1482 5408 1625 5463 κατά
1654 5424 1718 5477 γε
1746 5406 1838 5461 τὸν

235 5497 397 5567 λόγον
432 5498 532 5570 τῆς
570 5502 778 5567 οἰκείας
823 5502 1063 5572 φύσεως,
1116 5504 1211 5557 καλ⁵
1248 5504 1347 5574 τῆς
1388 5504 1468 5567 είς
1502 5502 1635 5555 Θεὸν
1680 5502 1837 5554 εὐσε-

235 5594 392 5658 δείας
413 5596 512 5666 τὴν
545 5596 840 5669 ὑπεροχήν.
878 5592 1011 5652 Εἶτα
1045 5599 1138 5651 ποῖ
1172 5614 1303 5651 ποτε
1335 5596 1600 5668 βαδιεῖται
1625 5595 1841 5659 Παῦλος

1948 1903 2086 1959 alter
2109 1920 2238 1962 vero
2257 1918 2522 1978 purgante
2545 1918 2599 1965 et
2629 1910 3008 1968 sanedﬁcante
3035 1915 3309 1986 indigeat?
3340 1916 3535 1989 c.0pus

1948 1999 2093 2052 enim
2124 2008 2226 2065 est,
2258 1997 2455 2069 inquit,
2491 2009 2551 2055 ut
2588 2004 2686 2055 abs
2725 2012 2776 2058 te
2804 2004 3050 2073 baptizer
3074 2005 3142 2061 ³⁸.
3176 2024 3196 2060 ι
3234 2007 3370 2062 Cum
3403 2024 3536 2064 vero

1949 2104 2055 2145 non
2096 2090 2143 2146 is
2173 2092 2263 2161 qui
2291 2092 2475 2162 aliquo
2508 2093 2733 2164 indiget,
2784 2098 2877 2151 sed
2906 2098 2951 2153 is
3000 2098 3093 2167 qui
3156 2098 3206 2152 id
3252 2115 3359 2171 quo
3397 2102 3537 2154 alius

1947 2194 2067 2253 eget
2088 2185 2435 2255 suppeditare
2461 2197 2660 2256 potest,
2710 2189 2885 2256 major
2914 2191 3021 2256 sit,
3066 2201 3123 2246 et
3152 2192 3293 2247 Deus
3318 2185 3535 2262 quidein

1948 2278 2196 2331 remittat
2246 2290 2509 2348 peccata,
2566 2280 2657 2337 hic
2702 2296 2832 2338 vero
2884 2284 3030 2339 nullo
3088 2293 3249 2353 parto
3298 2286 3349 2340 id
3399 2300 3536 2355 prae-

1949 2378 2096 2424 stare
2130 2381 2295 2440 queat
2327 2388 2342 2426 :
2376 2388 2484 2429 non
2512 2384 2597 2431 est
2648 2375 2813 2443 igitur
2842 2378 3069 2447 aequalis
3118 2378 3191 2433 illi
3224 2394 3253 2432 a
3276 2393 3385 2448 quo
3416 2388 3535 2432 tan-

1951 2471 2137 2531 topere
2160 2475 2472 2533 superatur.

2299 2676 2530 2746 ALIUD,
2556 2684 2818 2738 succincte
2847 2695 2894 2739 et
2944 2686 3165 2741 ruditer.

2022 2789 2077 2845 Si
2114 2790 2394 2863 Servator,
2449 2808 2506 2851 ut
2561 2798 2805 2853 nonnulli
2865 2802 3181 2870 opinantur,
3240 2801 3416 2873 major
3453 2814 3538 2857 est

1944 2883 2155 2941 Joanne
2182 2888 2424 2957 Baptista
2460 2891 2513 2943 in
2557 2905 2722 2959 regno
2746 2891 3009 2946 cmlorum
3033 2931 3049 2957 ,
3100 2902 3250 2949 certe
3292 2910 3360 2950 eo
3392 2907 3534 2951 teni-

1946 2995 2078 3050 pore
2106 2996 2213 3050 quo
2246 2981 2389 3035 inter
2424 2983 2674 3038 homines
2699 2994 2947 3040 versatus
2993 2995 3100 3052 est,
3148 2988 3253 3056 {aut
3286 2989 3535 3058 aequalis,

1946 3080 2040 3125 aut
2060 3071 2239 3125 minor
2254 3086 2319 3125 eo
2342 3073 2465 3127 l'uit.
2490 3071 2666 3127 Minor
2687 3084 2867 3131 autem
2890 3076 3035 3132 nulla
3061 3078 3297 3136 ratione.
3328 3079 3537 3151 IEqua-

1946 3163 2011 3219 lis
2042 3164 2228 3233 igitur.
2286 3163 2397 3219 lloc
2433 3166 2575 3220 enim
2608 3178 2691 3221 est
2720 3170 3155 3226 convenientius.
3184 3174 3254 3225 At
3283 3173 3328 3227 si
3355 3188 3539 3242 arqua-

1947 3259 2026 3313 les
2061 3257 2284 3313 omnino
2314 3259 2456 3313 inter
2486 3274 2544 3314 se
2573 3259 2819 3324 fuerunt,
2849 3273 3080 3318 vocetur
3101 3264 3267 3319 etiam
3293 3263 3543 3321 Joannes

1945 3349 2209 3420 sapientia
2231 3359 2283 3403 et
2305 3350 2544 3420 potentia
2568 3350 2748 3407 Patris
2770 3352 2838 3420 ³⁸;
2857 3363 3081 3409 vocetur
3102 3356 3269 3411 etiam
3301 3375 3321 3409 ι
3354 3356 3541 3426 imago

1942 3451 1998 3505 et
2031 3442 2339 3508 character,
2374 3458 2438 3497 ac
2470 3444 2728 3512 splendor
2753 3447 3090 3502 exsistentire
3118 3448 3321 3519 ipsius:
3350 3449 3537 3505 Portet

1944 3535 2110 3589 etiam
2164 3535 2350 3590 omnia
2396 3536 2581 3607 verbo]
2616 3540 2875 3606 potentiae
2924 3555 3037 3594 sua:
3072 3539 3142 3606 ³⁸,
3183 3561 3202 3594 ι
3252 3543 3441 3597 audiat
3479 3556 3535 3597 et

1944 3627 2059 3695 ipse
2093 3640 2122 3679 a
2158 3626 2318 3681 Patre
2347 3646 2359 3683 :
2398 3646 2417 3680 ι
2457 3628 2627 3683 Filius
2658 3644 2810 3685 meus
2859 3645 2919 3686 es
2947 3642 3022 3696 tu,
3046 3647 3146 3701 ego
3177 3633 3339 3689 hodie
3373 3638 3541 3705 getiui

1945 3727 2000 3773 te
2026 3716 2095 3785 ³⁷;
2130 3739 2147 3772 ι
2180 3718 2294 3790 98
2320 3730 2373 3774 et
2406 3738 2425 3771 ι
2468 3722 2609 3776 Sede
2634 3737 2663 3775 a
2693 3723 2900 3777 dextris
2936 3723 3091 3787 meis,
3123 3724 3295 3780 donec
3336 3742 3541 3795 ιιοιιειιιι⁸

1944 3811 2195 3868 inimicos
2234 3822 2355 3868 tuos
2386 3813 2682 3869 scabelluni
2725 3817 2922 3883 pedum
2967 3824 3183 3870 tuorum
3210 3816 3275 3871 ³⁸.
3305 3835 3325 3869 ι
3361 3816 3529 3872 Intro-

1945 3906 2173 3960 ducatur
2206 3907 2369 3962 etiam
2401 3907 2518 3978 ipse
2543 3907 2595 3961 in
2619 3910 2806 3963 orbem
2838 3917 3107 3964 terrarum
3136 3919 3395 3980 tanquam
3415 3915 3527 3982 pri--

1946 4001 2292 4070 mogenitus;
2327 3999 2590 4056 adoretur
2640 4017 2670 4055 a
2718 4002 2925 4056 sanctis
2967 4003 3215 4073 angelis,
3268 4016 3537 4074 recteque

1946 4094 2013 4147 de
2041 4092 2225 4165 seipso
2256 4094 2401 4148 dicat
2434 4109 2449 4147 :
2491 4113 2509 4148 ι
2567 4093 2682 4165 Ego
2712 4106 2768 4149 et
2794 4094 2960 4151 Pater
2991 4112 3158 4151 unum
3185 4113 3394 4153 sumus.
3430 4097 3536 4167 Qui

1944 4186 2078 4240 vidit
2110 4202 2215 4253 me,
2247 4185 2382 4241 vidit
2410 4197 2465 4240 et
2493 4186 2707 4242 Patrem
2728 4188 2772 4221 "
2792 4206 2840 4255 ;ι
2878 4198 2932 4244 et
2962 4205 3176 4245 rursum
3204 4207 3220 4247 :
3245 4190 3390 4263 «Ego
3412 4208 3535 4247 sunt

1944 4280 2274 4335 resurrectio
2307 4290 2362 4336 et
2388 4280 2493 4335 vita
2521 4299 2536 4350 ;
2567 4280 2611 4313 “
2650 4301 2668 4334 ι
2703 4291 2757 4337 et
2792 4302 2810 4333 ι
2848 4282 2958 4352 Ego
2991 4300 3109 4339 sum
3143 4286 3300 4356 panis
3343 4286 3537 4341 vivens

1942 4374 2035 4444 qui
2070 4391 2100 4428 e
2149 4375 2290 4429 cmlo
2327 4376 2606 4443 descendi,
2660 4384 2716 4432 et
2758 4379 2924 4431 vitam
2978 4378 3114 4433 dans
3155 4380 3355 4434 mundo
3390 4380 3457 4436 ".
3505 4399 3528 4430 ι

1945 4463 2001 4520 Si
2037 4482 2169 4522 vero
2200 4468 2314 4522 hmc
2342 4469 2521 4522 omnia
2558 4479 2643 4524 est
2664 4467 2939 4536 Christus,
2963 4484 3069 4523 non
3100 4482 3283 4525 autem
3317 4471 3407 4525 ille
3435 4474 3532 4541 qui

1869 4557 1911 4611 Ι)
1942 4556 2192 4627 imperite
2223 4560 2450 4627 mqualis
2480 4574 2604 4615 esse
2655 4560 2856 4615 dicitur
2890 4578 2904 4614 :
2944 4577 3051 4631 quo
3095 4575 3253 4632 paeto
3284 4578 3389 4617 non
3424 4566 3531 4617 ah-

1946 4653 2171 4703 surdum
2203 4650 2350 4705 dictu
2396 4653 2609 4708 censeri
2654 4653 2884 4715 debeat.
2913 4652 3191 4709 Christum
3237 4655 3535 4726 aliquando

1941 4739 2151 4799 Joanne
2199 4742 2458 4811 majorem
2504 4744 2768 4813 futurum,
2802 4748 2896 4817 qui
2936 4756 3129 4818 suapte
3159 4757 3356 4804 natura
3383 4762 3533 4802 sem-

1942 4850 2038 4905 per
2069 4835 2245 4907 major
2274 4836 2399 4904 l'uit,
2436 4838 2693 4893 nimirum
2721 4836 2913 4895 Deus?

2613 5104 2849 5161 ALIUD.

2014 5216 2071 5273 Si
2105 5217 2159 5272 in
2191 5216 2377 5272 luturo
2401 5215 2601 5271 saeculo
2635 5227 2847 5271 tantum
2875 5213 3127 5271 Christus
3160 5213 3388 5272 Joannis
3418 5217 3523 5271 vir-

1939 5319 2107 5366 tutem
2139 5319 2500 5378 superaturos
2531 5319 2633 5371 est,
2666 5320 2818 5364 certe
2864 5307 3070 5363 nihilin
3096 5310 3216 5381 ipso
3261 5326 3521 5383 magnum

1941 5415 2025 5461 est
2064 5422 2077 5458 :
2120 5420 2244 5459 cum
2276 5414 2331 5457 et
2370 5401 2549 5473 angeli
2595 5401 2852 5459 meliores
2899 5405 3415 5476 praestantioresque
3456 5422 3523 5475 eo

1950 5499 2061 5554 sint
2107 5498 2345 5570 propria}
2375 5512 2487 5551 sine
2529 5507 2740 5551 natum.
2774 5498 2987 5552 ratione
3008 5537 3022 5562 ,
3058 5505 3113 5553 et
3143 5499 3362 5568 pietatis
3393 5516 3522 5569 erga

1943 5592 2112 5647 Deum
2129 5590 2480 5648 excellentia.
2510 5590 2713 5646 Deinde
2730 5589 2862 5661 quid
2885 5591 2949 5647 de
2962 5590 3351 5662 sapientissimi
3377 5590 3524 5645 illius

308 5773 349 5803 ³¹
378 5772 483 5827 lsa.
512 5788 664 5839 mn,
705 5774 798 5829 25.
878 5776 923 5813 ³¹
957 5774 1168 5830 Barnch
1203 5789 1288 5836 ιιι,
1329 5775 1420 5830 '58.
1500 5775 1543 5808 ³³
1576 5773 1735 5831 Joan.
1768 5788 1806 5839 ι,

2012 5771 2056 5803 ⁸⁸
2090 5770 2281 5828 Matth.
2315 5786 2399 5836 ιιι,
2432 5771 2519 5827 Μ,
2598 5769 2644 5803 ³⁸
2684 5770 2698 5825 |
2729 5771 2927 5839 Corkt,
2960 5769 3050 5826 9-4.
3129 5770 3175 5803 ³⁸
3206 5768 3373 5837 Hebr.
3396 5767 3519 5837 3,5.

236 5843 281 5875 ³⁷
316 5841 458 5899 Psal.
489 5860 546 5912 ιι,
587 5845 636 5899 7.
728 5846 771 5878 ³³
800 5845 945 5905 Psal-
987 5862 1096 5915 CIX.
1128 5848 1176 5901 ί·

1255 5848 1297 5878 ³³
1324 5846 1477 5903 Joan.
1513 5861 1621 5913 xiv,
1664 5845 1715 5899 9.
1796 5844 1840 5875 "°
1865 5842 2021 5899 Joan.
2056 5858 2133 5912 ιι,
2161 5843 2250 5899 25.
2328 5844 2370 5874 ⁸¹
2407 5843 2560 5898 Joan.
2589 5859 2663 5907 vt,
2698 5843 2784 5898 '53.
