4144 6524
275 371 394 425 165

1707 367 1737 415 'I
1755 366 2148 415 ιιιλδΑωιυδ.

3452 368 3555 422 16ὺ

274 492 421 554 θεῖν,
465 491 559 545 καὶ
593 491 693 544 οὑκ
741 493 918 545 εἴασεν
966 491 1162 555 αὐτοὺς
1213 492 1272 545 τὸ
1317 488 1541 560 Πνεῦμα
1593 485 1788 556 Ἰησοῦ.
1848 502 1856 534 ι

1979 481 2035 535 Si
2068 495 2198 550 ergo
2223 480 2472 538 Christus
2495 491 2554 538 ut
2591 483 2885 554 aliquando
2911 488 3124 544 futurus
3147 487 3318 556 major
3341 487 3555 546 Joanne

271 579 463 650 Εἴπερ
500 575 593 633 οῦν
633 581 708 646 ώς
749 581 1007 651 έσόμενός
1039 597 1167 634 ποτε
1204 580 1405 650 μείζων
1451 577 1698 631 Ἰωάννου
1730 576 1871 645 Χρι-

277 673 434 738 στδς,
477 673 534 727 ὲν
569 673 772 743 ίσότητι
816 672 954 735 τέως
986 673 1051 743 τῇ
1102 672 1238 742 πρὸς
1286 670 1447 724 αὑτὸν
1490 666 1868 739 εὑρεθήσεται,

275 765 597 820 ἀνανεούτω
625 766 876 827 κάκεῖνος
905 764 964 817 ὲν
995 764 1125 833 ἡμῖν
1156 762 1253 834 τὴν
1298 760 1393 813 τοῦ
1430 759 1747 827 Πνεύματος
1773 755 1872 825 χά-

281 872 399 925 ριν,
429 856 519 909 καὶ
550 853 852 926 χορηγείτω
872 853 966 906 καὶ
995 852 1176 915 αὑτὸς,
1199 851 1388 920 ὥσπερ
1417 844 1509 902 οὖν
1541 845 1713 900 ἐποίει
1742 845 1873 916 Χρι-

282 946 434 1009 στὸς,
469 942 707 1012 λεγέσθω
733 943 791 995 δὲ
819 943 914 996 καὶ
946 941 1110 994 αὑτοῦ
1147 938 1371 1009 Πνεῦμα
1413 935 1476 990 τὸ
1520 937 1577 990 ὲν
1613 933 1732 1005 Θεῷ
1775 932 1872 986 καὶ

281 1036 484 1106 Πατρὶ,
518 1033 694 1104 βοάτω
717 1034 812 1087 καὶ
833 1033 996 1096 αὐτὸς
1023 1031 1154 1103 περὶ
1177 1030 1272 1082 τοῦ
1305 1027 1446 1082 Πνεὺ
1456 1042 1623 1097 ματος
1644 1040 1656 1052 ·
1691 1042 1708 1074 ι
1748 1023 1869 1075 Ὅτι

278 1125 351 1176 ὲκ
379 1121 472 1176 τοῦ
521 1120 652 1192 ἐμοῦ
683 1119 974 1190 λαμϐάνει.
1013 1137 1032 1169 ι
1077 1116 1238 1170 Ἀλλὰ
1268 1117 1426 1170 τοῦτο
1455 1116 1550 1168 καὶ
1583 1113 1740 1184 μόνον
1781 1111 1868 1163 ὲν-

276 1215 447 1278 νοεῐν,
483 1212 700 1276 ἀσεϐές.
737 1213 852 1265 Οὐκ
886 1211 994 1281 ἄρα
1028 1208 1143 1272 ίσος
1189 1208 1308 1262 ἐστὶ
1348 1207 1425 1279 τῷ
1463 1203 1706 1277 Χριστῷ,
1747 1201 1869 1255 οὐδὲ

270 1303 383 1375 ὀψὲ
430 1305 824 1374 παραχωρήσει
856 1302 917 1354 τὸ
958 1300 1160 1372 μεῖζον,
1206 1299 1294 1353 ἀεὶ¹
1345 1299 1405 1352 τὸ
1437 1297 1660 1352 ἔλαττον
1705 1293 1866 1364 ἔχων,

271 1396 381 1449 καὶ
402 1393 657 1449 τοσοῦτον
685 1392 1021 1464 ἡττώμενος,
1054 1393 1180 1445 ὅσον
1213 1390 1499 1462 ἄνθρωπος
1529 1386 1689 1442 Θεοῦ.

970 1506 1194 1562 ΑΛΛΟ.’

347 1622 485 1676 Θεὸν
523 1622 651 1674 ὅντα
683 1620 824 1676 κατά
851 1623 1011 1690 φύσιν
1047 1617 1401 1672 ἐπιδεικνύων
1432 1617 1624 1672 ἑαυτὸν
1649 1616 1678 1669 ό
1712 1615 1861 1680 Υἱὸς,

265 1711 699 1767 ἀντιδιαστέλλει
731 1713 796 1783 τῇ
829 1711 1024 1775 κτίσει,
1053 1709 1147 1763 καί
1180 1727 1345 1780 φησιν
1370 1724 1384 1740 ο
1423 1728 1442 1760 r
1493 1706 1634 1775 Ἐγὼ
1665 1709 1728 1759 ὲκ
1754 1702 1862 1760 τῶν

1977 571 2203 640 aequalis
2233 572 2441 628 interea
2471 576 2519 628 ei
2547 574 2676 642 fuit,
2719 577 2988 634 instauret
3024 580 3189 635 etiam
3223 580 3460 636 Joannes
3501 583 3552 636 in

1979 661 2135 717 nobis
2166 664 2399 733 gratiam
2435 664 2692 734 Spiritus,
2739 669 3010 738 ducatque
3038 672 3204 726 etiam
3262 674 3378 743 ipse
3428 690 3552 740 nos,

1979 762 2037 808 ut
2069 753 2200 809 fecit
2227 754 2504 823 Christus;
2529 758 2740 814 dicatur
2769 761 3010 830 et;ipsius
3042 775 3164 818 esse
3194 761 3435 833 Spiritus
3457 766 3550 820 Dei

1977 860 2040 900 ac
2069 845 2248 902 Patris
2283 866 2297 904 :
2333 849 2533 905 clamet
2583 851 2746 906 etiam
2801 852 2918 923 ipse
2949 858 3016 910 de
3045 853 3250 924 Spiritu
3296 873 3312 914 :
3363 875 3382 910 ι
3415 857 3550 923 Quia

1975 935 2042 991 de
2069 953 2192 993 meo
2222 939 2474 1007 accipiet.
2513 959 2531 992 ι
2551 941 2822 998 Caeterum
2850 945 2953 1000 hoc
2969 945 3053 1000 vel
3081 944 3193 1000 sola
3221 947 3552 1015 cogitatione

1975 1028 2198 1097 impium
2233 1039 2338 1084 est.
2365 1029 2481 1086 Non
2511 1043 2595 1087 est
2629 1033 2795 1104 igitur
2840 1036 3066 1106 aequalis
3096 1036 3338 1102 Christo,
3375 1053 3552 1108 neque

1975 1117 2027 1172 in
2054 1117 2238 1173 futuro
2265 1120 2468 1175 saeculo
2506 1123 2719 1179 desinet
2755 1139 2877 1180 esse
2923 1124 3118 1193 major,
3161 1141 3286 1181 cum
3339 1141 3552 1197 semper

1971 1208 2151 1265 minor
2181 1209 2368 1279 fuerit,
2393 1221 2653 1283 tantoque
2681 1215 2930 1284 inferior,
2954 1225 3015 1274 ut
3041 1219 3203 1273 homo
3232 1217 3368 1277 Deo.

2631 1491 2858 1548 ALIUD.

2037 1603 2208 1659 Filius
2245 1605 2413 1660 Deum
2455 1620 2514 1661 se
2567 1607 2891 1662 naturaliter
2931 1621 3051 1664 esse
3091 1610 3408 1678 ostendens,
3451 1627 3548 1681 op«

1965 1697 2116 1764 ponit
2136 1711 2196 1752 se
2218 1707 2484 1754 creaturae
2512 1699 2699 1755 dicens
2727 1699 2896 1770 :«Ego
2912 1713 2979 1754 ex
3010 1703 3262 1771 supernis
3285 1718 3425 1769 sum,
3451 1719 3546 1758 vos

262 1802 391 1857 ἄνω
421 1803 558 1874 εἰμὶ,
589 1803 748 1872 ὑμεῖς
775 1803 839 1855 ὲκ
864 1800 971 1854 τῶν
1000 1799 1150 1853 κάτω
1179 1799 1322 1855 ὲστέ.
1360 1817 1379 1851 ι
1420 1797 1630 1851 Οὐκοῦν
1656 1797 1856 1865 λεγέτω

1962 1803 2028 1845 ex
2055 1791 2282 1846 infernis
2307 1791 2441 1846 estis
2466 1790 2532 1845 δ’.
2568 1810 2587 1843 ι
2616 1792 2951 1863 Dicatigitur
2967 1798 3131 1848 etiam
3169 1796 3272 1850 hoc
3301 1795 3538 1850 Joannes

262 1894 435 1947 τοῦτο
461 1893 554 1947 καὶ
581 1895 609 1946 ὁ
639 1893 907 1963 μακάριος
934 1889 1264 1960 Βαπτιστὴς,
1296 1889 1372 1953 ώς
1400 1887 1552 1942 οὔπω
1577 1889 1636 1940 τὸ
1659 1889 1716 1940 ὲν
1741 1886 1860 1956 μεί-

265 1984 428 2049 ζοσιν
455 1980 592 2037 εἶναι
621 1981 964 2054 παραχωρῶν
984 1981 1062 2051 τῷ
1083 1980 1321 2051 Χριστῷ,
1349 1980 1506 2051 εἴπερ
1528 1979 1678 2032 ἔσται
1700 1977 1859 2032 τοῦτό

264 2091 430 2137 ποτε,
479 2072 623 2126 κατά
653 2074 752 2143 τήν
782 2087 944 2124 τινων
976 2071 1253 2124 ὑπόνοιαν.
1312 2070 1475 2124 Ἀλλά
1512 2069 1618 2141 μὴν
1641 2069 1707 2122 ὲκ
1749 2069 1852 2138 τῆς

261 2166 379 2236 γῆς
414 2160 554 2219 εἷναί
584 2182 748 2236 φησιν
780 2163 993 2231 ἑαυτὸν,
1025 2163 1206 2216 καὶτὸ
1239 2165 1434 2216 οἰκεῖον
1474 2164 1574 2216 οὐκ
1620 2163 1857 2232 ἠγνόησε

266 2258 495 2328 μέτρον.
533 2258 751 2323 Μείξων
799 2260 908 2329 ἄρα
961 2260 1216 2332 Χριστὸς,
1258 2260 1358 2314 οὑκ
1401 2259 1657 2328 ἐσόμενος
1701 2256 1858 2311 τοῦτο

265 2349 431 2415 ποτὲ,
478 2349 590 2402 ἀλλ’
626 2348 763 2419 ἔχων
813 2350 900 2403 ἀεὶ
946 2351 1008 2404 τὸ
1059 2351 1222 2403 πλέον
1271 2351 1346 2413 ώς
1394 2350 1524 2413 Θεὸς
1570 2351 1634 2402 ὲκ
1682 2348 1855 2403 Θεοῦ⁶

266 2435 435 2489 τοῦτο
469 2437 574 2508 γὰρ
607 2439 861 2508 σημαίνει
891 2439 972 2506 τὸ,
1013 2458 1031 2491 ι
1077 2441 1170 2492 Ἐκ
1211 2441 1320 2494 τῶν
1349 2441 1460 2493 ἀνω
1489 2439 1624 2508 εἰμί.
1674 2457 1694 2490 ι

965 2549 1171 2603 ΑΛΛΟ.

358 2657 417 2710 Ὀ
480 2658 747 2728 μακάριος
806 2659 1199 2731 εὑαγγελιστής
1275 2661 1528 2731 Ἰωάννης
1580 2661 1640 2715 τὸ
1698 2662 1856 2732 φύσει

267 2747 480 2819 προσὸν
515 2749 733 2819 ἀξίωμα
778 2749 857 2820 τῷ
897 2750 1014 2820 Υίῷ
1051 2751 1422 2822 διερμηνεὺων
1459 2753 1720 2823 ἀκριϐῶς,
1760 2754 1856 2807 καὶ

264 2839 337 2891 τὸ
388 2839 632 2892 Ἰωάννου
671 2841 867 2911 μέτρον
899 2843 974 2906 ὡς
1011 2845 1222 2897 οίκέτου
1253 2845 1480 2913 γνησίου
1509 2846 1852 2916 παρατιθεὶς,

263 2928 415 2981 οὕτω
455 2929 652 2999 φησίν·
719 2947 737 2980 ι
811 2931 1057 2997 Ἐγένετο
1109 2931 1396 3001 ἄνθρωπος
1444 2935 1854 3002 ἀπεσταλμένος

266 3019 426 3093 παρὰ
462 3019 617 3088 Θεοῦ,
657 3019 826 3092 ὄνομα
860 3021 1009 3094 αὑτῷ
1060 3022 1344 3094 Ἰωάννηςο
1389 3017 1542 3088 οὗτος
1576 3018 1738 3096 ἦλθεν
1774 3024 1854 3087 είς

268 3113 601 3184 μαρτυρίαν,
639 3115 725 3168 ἵνα
766 3117 1092 3186 μαρτυρήσῃ
1123 3117 1251 3187 περί⁸
1287 3115 1382 3169 τοῦ
1415 3116 1610 3185 φωτός.
1651 3109 1760 3169 Ἦν
1791 3115 1852 3168 τὸ

265 3204 391 3273 φῶς
427 3203 488 3258 τὸ
528 3205 801 3276 ἀληθινὸν,
839 3206 868 3259 ὃ
901 3206 1123 3275 φωτίζει
1165 3207 1341 3261 πάντα
1372 3207 1658 3278 ἄνθρωπον
1693 3208 1851 3277 ἐρχό-

269 3315 438 3368 μενον
464 3299 544 3362 είς
578 3299 668 3352 τὸν
711 3300 933 3370 κόσμον.
982 3320 1000 3353 ι
1039 3303 1139 3354 Ποῖ
1167 3319 1297 3354 ποτε
1327 3296 1419 3354 οῦν
1454 3301 1562 3372 ἄρα
1589 3300 1854 3372 προκόψει

264 3386 508 3457 Χριστὸς
551 3390 663 3451 τοῖς
715 3388 959 3444 Ἰωάννου
996 3392 1420 3463 συγκρινόμενος
1473 3391 1726 3461 μέτροις;
1781 3391 1854 3444 Ἢ

268 3477 389 3539 πῶς
417 3478 476 3530 οὑ
508 3479 694 3548 μεῖζον
732 3480 819 3534 ἀεὶ
848 3481 908 3534 τὸ
945 3482 1201 3552 φωτίζειν
1235 3482 1375 3545 είδὸς
1408 3483 1502 3534 καὶ
1534 3481 1851 3551 δυνάμενον,

267 3569 368 3621 τοῦ
406 3569 656 3640 δεομένου
691 3572 1041 3640 φωτίζεσθαι,
1079 3574 1172 3626 καὶ
1204 3574 1302 3643 τῆς
1334 3574 1441 3626 ἀπὸ
1473 3574 1567 3626 τοῦ
1598 3574 1852 3645 λαμπρὺ-

272 3676 457 3723 νοντος
497 3660 788 3732 χρῄζοντος
830 3665 1127 3734 χορηγίαςς
1169 3664 1294 3728 Πῶς
1322 3665 1378 3717 δὲ
1422 3664 1545 3734 οὑχὶ
1574 3665 1794 3728 πάντως
1825 3669 1856 3720 ὁ

275 3750 414 3819 πρὸς
444 3751 610 3821 μόνην
653 3754 960 3825 μαρτυρίαν
997 3755 1372 3824 παραληφθεὶς
1402 3756 1499 3808 κα)⁴
1527 3755 1686 3810 τοῦτο
1713 3757 1851 3827 ἔχων

272 3841 514 3911 ἀξίωμα,
546 3846 936 3914 παραχωρήσει
974 3846 1034 3898 τὸ
1075 3845 1258 3916 μεῖζον
1290 3847 1374 3900 ἀεὶ
1411 3846 1487 3917 τῷ
1517 3847 1583 3902 δι’
1614 3849 1671 3901 ὅν
1706 3851 1852 3902 ἐστιν

272 3929 551 4002 ἐξαίρετος
571 3951 584 3999 ;

961 4138 1164 4190 ΑΛΛΟ.

358 4245 779 4316 Ἀναλεγόμενός
809 4263 938 4299 ποτε
961 4249 1071 4311 τοῖς
1109 4247 1379 4312 Ἰουδαίοις
1421 4249 1620 4319 ἔφησεν
1657 4254 1685 4305 ό
1720 4254 1850 4324 Χρι-

269 4336 398 4399 στός
417 4351 429 4363 ·
470 4355 487 4387 ε
541 4337 729 4406 ’Υμεῖς
753 4337 1127 4390 ἀπεστάλκατε
1151 4338 1287 4408 πρὸς
1329 4340 1602 4410 Ἰωάννην,
1639 4341 1731 4394 καὶ
1756 4359 1850 4411 με-

1963 1883 2222 1953 Baptista,
2251 1891 2310 1937 ut
2332 1883 2424 1953 qui
2453 1884 2694 1938 nondum
2717 1883 3108 1954 majoritatem,
3139 1894 3197 1941 ut
3232 1887 3308 1941 ita
3341 1889 3541 1954 dicam,

1958 1974 2072 2030 sive
2102 1974 2476 2030 excellentiam
2512 1990 2663 2030 suam
2692 1975 2908 2031 Christo
2936 1977 3166 2032 cesserit
3197 2019 3213 2045 ,
3274 1992 3533 2033 cessurus

1957 2081 2077 2121 eam
2110 2067 2161 2121 in
2194 2065 2378 2122 futuro
2412 2067 2638 2131 saeculo.
2665 2075 2722 2122 ut
2755 2067 3004 2123 nonnulli
3032 2068 3346 2138 opinantur.
3380 2068 3543 2138 Atqui

1960 2159 2074 2229 ipse
2097 2174 2156 2215 se
2191 2169 2465 2216 terrenum
2508 2175 2630 2216 esse
2661 2161 2757 2226 ait,
2791 2174 2967 2229 neque
2993 2176 3148 2215 suam
3173 2162 3544 2217 conditionem

1959 2251 2191 2322 ignorat.
2228 2251 2399 2324 Major
2427 2255 2609 2323 itaque
2634 2262 2715 2308 est
2747 2254 3020 2318 Christus,
3046 2268 3153 2308 non
3193 2254 3244 2308 id
3275 2254 3534 2323 aliquan~

1958 2343 2027 2398 do
2057 2343 2298 2411 futurus,
2332 2346 2425 2399 sed
2462 2360 2676 2415 semper
2710 2345 2979 2415 superior,
3018 2353 3076 2400 ut
3107 2347 3249 2402 Deus
3279 2362 3346 2400 ex
3384 2347 3494 2401 Deo
3523 2362 3536 2397 :

1961 2435 2065 2490 hoc
2090 2435 2236 2490 enim
2270 2437 2549 2506 signiﬁcat
2579 2438 2733 2504 illud,
2769 2440 2787 2488 ἰ
2824 2437 2934 2508 Ego
2965 2452 3032 2492 ex
3056 2440 3309 2508 supernis
3334 2454 3476 2495 sum.
3514 2457 3536 2492 ι

2635 2548 2865 2604 ALIUD.

2030 2661 2231 2718 Beatus
2310 2662 2642 2733 evangelista
2726 2664 2966 2722 Joannes
3039 2666 3360 2736 dignitatem
3422 2680 3542 2737 quae

1959 2753 2098 2809 Filio
2131 2753 2452 2808 naturaliter
2481 2755 2638 2821 inest,
2691 2765 2881 2825 aperte
2915 2756 3215 2825 explicans,
3269 2756 3429 2826 100
3483 2765 3539 2810 et

1963 2846 2192 2901 Joannis
2222 2846 2586 2902 conditionem
2613 2856 2672 2902 ut
2698 2848 2846 2902 servi
2871 2847 3045 2902 ﬁdelis
3083 2849 3422 2914 describens,
3467 2850 3540 2903 ita

1956 2935 2071 2986 ait:
2115 2953 2133 2984 ι
2171 2934 2302 2987 Erat
2351 2936 2513 2988 homo
2556 2937 2754 2990 missus
2796 2950 2827 2990 a
2860 2937 2993 3002 Deo,
3043 2939 3129 2992 cui
3181 2953 3377 2994 nomen
3424 2952 3544 2996 erat

1954 3019 2199 3077 Joannes
2236 3023 2371 3078 :hic
2403 3024 2548 3077 venit
2603 3024 2657 3078 in
2719 3025 3133 3094 testimonium,
3187 3037 3245 3081 ut
3301 3029 3544 3082 testimo-

1956 3111 2103 3166 nium
2134 3111 2444 3182 perhiberet
2469 3113 2537 3168 de
2567 3112 2791 3177 lumine,
2817 3121 2876 3166 ut
2900 3128 3093 3170 omnes
3116 3115 3406 3169 crederent
3438 3130 3535 3184 per

1957 3204 2154 3275 ipsum.
2201 3205 2331 3259 Erat
2356 3205 2446 3260 lux
2473 3220 2601 3260 vera
2633 3220 2752 3274 quae
2783 3205 3053 3260 illuminat
3095 3221 3313 3261 omnem
3359 3206 3540 3261 homi-

1956 3310 2078 3351 nem
2117 3297 2420 3351 venientem
2463 3296 2516 3352 in
2564 3297 2704 3351 hunc
2752 3299 3017 3352 mundum
3067 3298 3135 3352 ⁸ο.
3181 3317 3200 3349 ι
3232 3298 3348 3364 Quo
3382 3309 3542 3367 pacto

1957 3385 2121 3454 igitur
2153 3387 2566 3456 promovebitur
2612 3387 2863 3443 Christus
2898 3384 3094 3441 Joanni
3140 3397 3487 3457 comparatus
3519 3389 3542 3440 ?

1954 3479 2062 3533 Aut
2093 3481 2362 3548 quomodo
2421 3495 2530 3535 non
2586 3492 2801 3548 semper
2861 3479 3037 3548 major
3078 3479 3538 3548 praestantiorqne

1956 3575 2064 3630 erit
2103 3574 2194 3644 qui
2241 3574 2547 3629 illuminare
2589 3574 2736 3628 novit
2784 3583 2838 3629 et
2883 3583 3063 3643 potest
3105 3587 3168 3628 eo
3213 3573 3304 3642 qui
3337 3573 3537 3626 illumi-

1957 3667 2179 3722 natione
2209 3666 2459 3737 indiget?
2488 3665 2766 3733 Quomodo
2814 3682 2942 3721 vero
2975 3681 3080 3720 non
3118 3668 3338 3721 omnino
3367 3667 3411 3721 is
3441 3666 3533 3734 qui

1956 3758 2129 3813 solum
2167 3758 2233 3811 ad
2292 3757 2673 3813 testimonium
2726 3757 3120 3825 perhibendum
3158 3765 3402 3825 sumptus
3432 3767 3535 3815 est.

1955 3864 2129 3918 eaque
2184 3850 2298 3904 sola
2347 3849 2609 3919 dignitate
2671 3864 2734 3903 ac
2777 3861 3003 3902 munere
3051 3847 3323 3918 fungitur,
3379 3849 3538 3901 cedat

1955 3957 2109 3996 suam
2166 3941 2542 3995 excellentiam
2603 3941 2718 3994 sive
2787 3940 3146 4008 majoritatem
3200 3939 3271 3994 illi
3319 3950 3540 4008 propter

1955 4048 2115 4102 quem
2160 4033 2367 4087 electus
2400 4034 2518 4085 est?

2629 4141 2859 4199 ALIUD.

2022 4253 2273 4309 Christus
2298 4267 2418 4307 cum
2477 4251 2680 4307 Judmis
2731 4253 3044 4317 disserens,
3095 4252 3168 4306 ita
3221 4250 3421 4307 alicubi
3458 4251 3534 4304 in-

1949 4345 2105 4414 quit:
2140 4362 2157 4394 c
2195 4341 2305 4397 Vos
2356 4342 2582 4397 misistis
2615 4343 2680 4396 ad
2731 4341 3013 4406 Joannem,
3064 4351 3118 4396 et
3157 4341 3244 4396 ille
3288 4343 3535 4397 testimo-

270 4428 595 4500 μαρτύρηκε
629 4430 694 4498 τῇ
730 4426 975 4498 ἀληθεία.
1029 4428 1170 4496 Ἐγὼ
1195 4428 1250 4480 δὲ
1290 4429 1349 4481 οὑ
1386 4431 1534 4500 παρά
1560 4431 1846 4502 ἀνθρώπου

1960 4440 2100 4492 nium
2132 4435 2409 4505 perhibuit
2445 4434 2684 4488 veritati.
2714 4433 2828 4503 Ego
2853 4443 3033 4488 autem
3070 4448 3173 4487 non
3210 4434 3278 4489 ab
3310 4433 3530 4489 homine

267 4521 372 4590 τήν
395 4518 697 4589 μαρτυρίαν
730 4517 1013 4587 λαμϐάνω.
1059 4537 1077 4570 ι
1125 4519 1263 4570 Ἀλλ’
1293 4520 1448 4591 εἴπερ
1481 4522 1596 4574 ἐστὶ
1629 4501 1722 4574 καὶ
1749 4525 1848 4594 τῆς

1960 4501 2327 4582 testimonium
2355 4525 2567 4593 accipio
2587 4526 2655 4578 εί.
2681 4544 2700 4576 ι
2725 4501 2886 4594 Atqui
2911 4525 3285 4594 si_testimonio
3306 4525 3531 4580 Joannis

282 4611 530 4664 Ἰωάννου
596 4608 905 4680 μαρτυρίας
952 4609 1214 4678 κρείττων
1263 4612 1291 4662 ὁ
1340 4610 1550 4682 Σωτὴρ,
1592 4613 1692 4665 οὑκ
1738 4612 1846 4684 ἄρα

270 4701 405 4764 ἴσος,
433 4699 569 4753 ἀλλά
597 4700 795 4770 μείζων
815 4700 902 4754 ἀεὶ¹
929 4701 1019 4753 καὶ
1039 4699 1476 4772 ἀξιολογώτερος.
1512 4705 1570 4754 'U
1597 4702 1652 4756 δὲ
1675 4705 1846 4769 οὕτως

1951 4616 2201 4686 superior
2230 4625 2312 4670 est
2339 4614 2622 4677 Servator,
2654 4629 2757 4669 non
2783 4614 2949 4682 igitur
2973 4613 3221 4684 aequalis,
3241 4615 3335 4670 sed
3354 4617 3530 4684 major

1950 4723 2164 4777 semper
2183 4716 2240 4762 et
2262 4707 2494 4774 dignior.
2527 4705 2626 4772 Qui
2661 4721 2787 4761 vero
2822 4706 2894 4759 ita
2935 4721 2994 4759 se
3019 4704 3201 4772 habet,
3234 4720 3342 4775 quo
3369 4718 3530 4775 pacto

267 4791 408 4860 ἔχων
446 4793 538 4843 ποῖ
574 4807 703 4844 ποτε
759 4791 866 4861 ἄρα
913 4790 1266 4861 προϐήσεται,
1302 4792 1335 4862 ἢ
1378 4792 1514 4860 πρὸς
1565 4795 1714 4846 ποῖον
1761 4795 1842 4849 ἔτι

1960 4799 2378 4868 proniovebitur,
2403 4805 2494 4851 aut
2521 4799 2588 4851 ad
2617 4797 2778 4866 quale
2815 4798 2989 4867 majus
3017 4798 3321 4853 evchetur?

269 4880 454 4951 μεῖζον
481 4881 812 4951 ἀναϐήσεται
837 4899 850 4944 ;

951 4992 1156 5046 ΑΛΛΟ.

349 5103 408 5155 'O
461 5104 728 5174 μακάριος
775 5103 1046 5172 Ζαχαρίας
1091 5102 1119 5154 ὁ
1159 5100 1254 5154 τοῦ
1304 5102 1459 5171 ἁγίου
1504 5103 1837 5172 Βαπτιστοῦ,

265 5196 407 5248 κατά
441 5195 618 5266 σάρκα
670 5193 872 5264 πατὴρ,
902 5194 990 5246 ὅτε
1036 5193 1134 5263 τὴν
1175 5193 1316 5264 ὑπὲρ
1357 5194 1520 5248 αὑτοῦ
1565 5196 1840 5266 προσῆγεν

265 5286 615 5358 εὐχαριστίαν
669 5287 786 5350 ταῖς
849 5287 912 5338 ὲκ
984 5285 1319 5356 προφητείας
1386 5286 1841 5357 ἀναμεμιγμένην

2630 4989 2860 5046 ALIUD.

2018 5107 2218 5163 Beatus
2267 5103 2602 5170 Zacharias,
2661 5103 2834 5159 sancti
2901 5100 3158 5170 Baptistae
3218 5100 3515 5156 secundum

1949 5213 2168 5253 carnem
2204 5204 2377 5266 pater,
2408 5210 2530 5249 cum
2556 5195 2854 5264 gratiarum
2900 5192 3165 5246 actionem
3192 5204 3290 5258 pro
3333 5205 3398 5244 eo
3442 5191 3522 5241 or-

1953 5289 2148 5352 l‘erret,
2205 5287 2469 5355 ejusmodi
2499 5299 2685 5340 vocem
2721 5283 3036 5353 prophetico
3065 5282 3257 5351 spiritu
3309 5283 3520 5352 plenam

265 5381 494 5448 φωναῖς,
524 5377 901 5448 ἀπεφθέγγετο
920 5393 935 5410 ·
966 5397 983 5428 ‹
1020 5378 1133 5431 Καὶ
1174 5377 1260 5444 σὺ,
1292 5377 1525 5443 παιδίον,
1556 5379 1842 5450 προφήτης

1960 5381 2116 5436 edidit
2151 5397 2165 5434 :
2203 5397 2222 5431 ‹
2255 5379 2320 5433 Ει
2349 5387 2426 5442 tu,
2451 5391 2604 5446 puer,
2631 5373 3171 5445 prophelaAltissimi
3199 5375 3479 5429 vocaberis
3506 5392 3519 5426 :

265 5470 486 5539 ὑψίστου
530 5468 812 5542 κληθήσῃ·
863 5469 1213 5542 προπορεὺσῃ
1253 5468 1361 5541 γὰρ
1408 5470 1515 5542 πρὸ
1546 5470 1839 5542 προσώπου

264 5561 471 5630 Κυρίου
519 5562 804 5631 ἑτοιμάσαι
850 5559 996 5631 αὐτῷ
1043 5561 1169 5615 λαὸν
1229 5560 1756 5632 κατεσκευασμένον.
1816 5578 1834 5610 ι

1950 5469 2165 5539 ριίεἱὺὶε
2195 5469 2338 5523 enim
2378 5477 2504 5522 ante
2538 5465 2733 5520 facient
2788 5464 2998 5520 Domini
3036 5464 3102 5518 ad
3140 5467 3439 5533 parandum
3474 5465 3520 5517 ei

1949 5561 2202 5631 populum
2235 5562 2559 5615 instructum
2583 5559 2649 5612 δ’.
2687 5578 2703 5610 ι
2752 5558 2869 5628 Ipse
2914 5557 3077 5613 etiam
3123 5571 3151 5611 a
3195 5555 3394 5612 J'udteis
3437 5555 3510 5610 in-

338 5767 379 5798 "
405 5764 559 5821 Joan.
589 5780 709 5830 νιιι.
732 5765 822 5821 25.
899 5765 946 5798 ⁸ο
969 5764 1124 5820 Joan.
1169 5783 1208 5831 ι,
1238 5769 1291 5818 6-
1313 5767 1366 5822 9.
1443 5768 1484 5799 "
1516 5767 1669 5824 Joan.
1700 5781 1749 5832 v,
1776 5767 1856 5829 55,

1966 5786 1980 5821 ·.
2059 5767 2103 5797 ⁵³
2138 5766 2266 5820 Luc.
2304 5781 2342 5830 ι,
2372 5765 2458 5820 76.
