4072 6526
563 324 662 376 lC?

1595 322 1652 376 S.
1692 319 1970 375 CYRILLI
2015 317 2486 373 ALEXANDBINI
2527 317 2851 376 ARCHIEP.

3754 320 3862 373 168

562 449 865 510 terrogatus
892 440 1143 509 quisnam
1175 449 1317 494 esset
1346 456 1359 492 :
1408 458 1427 491 ι
1479 439 1614 511 Ego,
1646 441 1842 511 inquit,
1876 456 1994 495 sum
2037 456 2136 493 vox

2251 441 2352 493 Καὶ
2387 440 2549 503 αὐτὸς
2584 440 2641 494 δέ
2682 459 2787 495 που
2813 440 2965 511 παρά
2993 439 3102 493 τῶν
3147 439 3413 494 Ἰουδαίων
3448 439 3508 492 τδ
3541 440 3627 504 τίς
3658 439 3730 493 ἂν
3765 442 3861 511 εἴη

558 533 839 587 clamantis
867 533 919 586 in
945 532 1165 588 deserto
1196 553 1209 587 :
1250 533 1560 602 Prmparatc
1588 533 1731 586 viam
1765 532 1983 586 Domini
2017 532 2086 585 ³³.
2121 551 2140 583 ι

562 625 729 677 Dicite
763 624 927 693 igitur
958 622 1115 676 nobis
1145 623 1237 690 qui
1263 623 1513 692 imperite
1543 622 1826 677 Christum
1856 623 2147 693 aliquando

563 716 991 783 promerendum
1067 715 1413 784 opinamini,
1481 725 1538 770 et
1599 714 1827 770 Joannis
1888 716 2145 769 virtutem

559 810 776 862 vixdum
808 809 858 861 in
902 806 1089 861 lntttro
1113 807 1313 863 sa-culo
1345 818 1748 878 superaturum,
1779 812 1997 878 quando
2020 823 2147 878 pro-

558 902 717 963 pheta
747 900 1009 954 Altissimi
1044 915 1148 954 non
1183 900 1382 955 merito
1411 900 1591 955 minor
1617 902 1830 957 censeri
1859 901 2148 956 debuerit?

558 992 787 1057 Quando
840 1006 973 1044 vero
1021 1006 1200 1061 praeco
1260 1000 1315 1046 et
1367 1006 1713 1062 prmcursor,
1752 993 1959 1062 quique
2000 992 2143 1048 servi

559 1082 734 1137 ollicio
765 1082 1025 1151 fungitur,
1067 1082 1294 1151 aequalis
1317 1083 1588 1139 habeatur
1621 1084 1669 1139 ei
1694 1085 1788 1153 qui
1819 1084 2146 1139 naturaliter

565 1175 822 1227 Dominus
879 1173 997 1228 est?
1049 1173 1221 1240 Quam
1262 1175 1481 1244 quidem
1540 1190 1653 1231 rem
1705 1178 1965 1231 omnibus
2011 1177 2146 1231 satis

562 1267 833 1334 cognitam
864 1280 985 1320 esse
1025 1265 1285 1319 arbitror.
1313 1266 1595 1332 Quomodo
1618 1266 1785 1334 igitur
1808 1268 1898 1337 qni
1931 1280 2147 1335 semper

564 1357 737 1425 major
770 1354 893 1421 fuit,
937 1365 1238 1426 temporum
1274 1357 1586 1410 evolutione
1624 1357 1744 1411 talis
1769 1357 1878 1424 lict,
1919 1358 1963 1412 si
1989 1357 2145 1413 Chri-

565 1457 681 1500 stus
737 1456 992 1514 tanquam
1052 1447 1266 1501 futurus
1303 1447 1481 1517 major
1528 1446 1736 1504 Joanne
1782 1450 2021 1519 Baptista
2073 1451 2145 1507 ita

565 1541 639 1593 ait
694 1556 707 1592 :
768 1557 785 1590 ι
837 1538 1011 1593 Minor
1071 1538 1124 1593 in
1206 1553 1376 1609 regno
1434 1539 1696 1596 caelorum
1778 1543 1956 1614 major
2028 1543 2146 1613 ipso

562 1628 668 1683 erit
702 1626 788 1682 ⁵δῖ
826 1648 845 1680 t

2247 531 2654 602 διερωτώμενος
2676 548 2688 562 '
2727 550 2745 583 t
2797 530 2939 597 Ἐγὼ
2965 530 3117 601 φωνὴ
3153 530 3383 600 βοῶντος
3424 532 3481 583 ἐν
3510 533 3577 602 τῇ
3622 530 3859 600 ἐρήμῳ,

2248 622 2444 692 φησίνο
2509 622 2866 692 Ἑτοιμάσατε
2895 623 2997 691 τὴν
3028 621 3145 675 ὁδὸν
3174 621 3400 692 Κυρίου.
3438 639 3457 671 ι
3494 620 3703 689 Δέγετε
3738 622 3862 672 τοί-

2248 731 2342 767 νυν
2380 716 2513 785 ἡμῖν
2541 715 2591 767 οἱ
2627 713 3037 784 προϐεϐλῆσθαι
3071 731 3203 768 ποτε
3237 713 3329 767 τὸν
3368 714 3605 783 Χριστὸν
3636 715 3740 765 ἐπὶ
3792 713 3860 765 τὸ

2251 805 2434 875 μεῖζον
2480 804 2707 875 ἀμαθῶς
2737 805 3161 870 ὑποπτεύοντες,
3209 805 3305 859 καὶ
3347 804 3411 857 τὸ
3452 804 3708 858 Ἰωάννου
3747 803 3858 873 μέ-

2246 913 2376 967 τρον
2408 896 2799 968 ὐπεραλεῖσθαι
2831 899 2986 969 μόλις
3019 900 3077 952 ἐν
3116 900 3182 969 τῇ
3230 896 3478 969 βασιλείᾳ
3516 896 3629 951 τῶν
3669 897 3855 965 οὐρα-

2246 990 2373 1053 νῶν,
2420 990 2554 1043 πότε
2584 989 2679 1043 τοῦ
2731 990 2989 1060 Ὑψίστου
3038 991 3327 1062 προφήτης
3361 990 3462 1044 οὐκ
3501 990 3567 1044 ἂν
3599 990 3855 1044 ἐλάττων

2247 1084 2420 1135 νοοῖτο
2442 1082 2669 1146 δικαίως
2693 1100 2707 1147 ς
2742 1083 2878 1136 Πότε
2900 1082 2960 1137 δὲ
3006 1084 3035 1135 6
3059 1081 3236 1155 κήρυξ
3262 1082 3358 1137 καὶ
3384 1081 3699 1154 πρόδρομος
3748 1082 3854 1133 καὶ

2244 1169 2345 1241 τὴν
2370 1171 2559 1243 οἰκέτῃ
2599 1173 2920 1243 πρέπουσαν
2954 1172 3228 1228 διακονίαν
3271 1172 3629 1243 ἀποπληρῶν,
3663 1172 3754 1233 είς
3786 1173 3853 1225 τὺ

2249 1264 2362 1317 ῐσον
2394 1263 2672 1319 ἀναϐαίνει
2703 1266 2900 1337 μέτρον
2928 1265 3007 1336 τῷ
3038 1265 3179 1320 κατὰ
3205 1264 3369 1334 φύσιν
3400 1263 3625 1335 Κυρίῳ;
3669 1263 3849 1325 Ἀλλ’.

2246 1350 2421 1427 οἶμαι,
2469 1357 2637 1410 πᾶσίν
2677 1357 2826 1411 ἐστιν
2854 1359 2884 1411 6
2927 1358 3084 1426 λόγος
3127 1355 3477 1420 εὐσύνοπτος.
3522 1356 3649 1418 Πῶς
3682 1351 3791 1408 οὖν
3819 1354 3851 1406 6

2250 1450 2453 1520 μείζων
2479 1450 2587 1515 ἀεὶ,
2616 1448 2774 1502 τοῦτο
2795 1448 2947 1502 ἔσται
2980 1449 3124 1503 κατὰ
3148 1448 3391 1520 καιροὺς,
3414 1446 3573 1518 εἴπερ
3605 1446 3685 1510 ὡς
3714 1446 3846 1499 ἐσόο

2250 1558 2413 1611 μενος
2445 1538 2647 1612 μείζων
2704 1541 2949 1594 Ἰωάννου
2995 1540 3250 1612 Χριστὸς,
3295 1559 3313 1593 t
3378 1540 3440 1592 Ὀ
3485 1538 3843 1612 μικρότερος,

2247 1637 2431 1705 φησὶν,
2478 1636 2536 1688 ἐν
2578 1636 2643 1705 τῇ
2686 1632 2933 1705 βασιλείᾳ
2974 1633 3084 1686 τῶν
3118 1632 3385 1706 οὐρανῶν,
3420 1630 3621 1705 μείζων
3669 1629 3843 1685 αὐτοῦ

2250 1729 2397 1781 ἐστιν
2423 1745 2437 1793 ;
2482 1748 2499 1778 ι

568 1826 663 1885 Pia
707 1830 865 1885 totius
904 1830 1095 1910 capitis
1122 1830 1460 1910 “explicatio,
1493 1830 1727 1910 'semimt
1772 1831 1879 1887 sine
1922 1846 2142 1903 scopum

2257 1839 2574 1910 Ἐξήγησις
2603 1838 2866 1907 εὐσεϐὴς
2905 1837 3192 1910 ὅλουντοῦ
3225 1837 3580 1910 κεφαλαίου,
3616 1834 3729 1910 re;
3766 1834 3842 1886 ἐν

917 1901 1065 1955 iltius
1099 1900 1226 1954 dicti
1258 1910 1507 1955 accurate
1530 1901 1829 1960 declarans.

633 2010 770 2065 Cum
819 2010 932 2080 jam
984 2011 1121 2066 satis
1175 2025 1272 2079 pro
1325 2026 1445 2066 meo
1492 2012 1809 2077 intellectu,
1852 2014 2145 2084 propositae

565 2101 887 2171 qumstionis
908 2101 1178 2156 rationem
1198 2101 1661 2171 investigaverim,
1693 2103 1847 2173 101
1879 2104 2147 2175 singulas-

563 2207 668 2260 que
699 2191 818 2261 ejus
855 2201 1037 2262 partes
1058 2200 1320 2247 accurate
1368 2195 1750 2260 pertractarim
1779 2233 1796 2258 ,
1842 2202 1898 2250 et
1946 2197 2146 2253 adver-

563 2284 834 2337 sariorum
879 2282 1166 2352 opiniones
1214 2291 1272 2336 ut
1311 2282 1479 2338 falsas
1519 2283 1801 2339 relutarim
1828 2324 1844 2350 ,
1896 2296 2147 2355 superest

565 2384 625 2428 ut
691 2389 878 2429 verum
943 2372 1104 2441 hujus
1161 2373 1291 2429 dicti
1337 2390 1557 2430 sensum
1606 2374 1891 2445 explicem.
1961 2376 2147 2447 Neque

563 2468 709 2523 enim
746 2467 984 2522 arbitror
1016 2465 1265 2523 snlIicere
1289 2507 1305 2531 ,
1355 2477 1416 2522 ut
1445 2481 1539 2522 eos
1570 2470 1661 2538 qui
1714 2469 1852 2524 male
1902 2470 2147 2525 sentiunt

564 2563 891 2630 (statuentes
950 2559 1206 2613 nimirum
1265 2559 1542 2614 Christum
1603 2560 1833 2629 quodam
1901 2570 2147 2631 tempore

568 2651 829 2720 majorem
860 2646 1070 2704 Joanne
1106 2647 1397 2718 futurum),
1426 2650 1888 2719 reprehendamus
1911 2691 1926 2717 ,
1958 2665 2143 2705 verum

566 2737 729 2792 etiam
758 2736 1123 2792 necessarium
1157 2751 1279 2791 esse
1336 2748 1416 2803 ut,
1452 2739 1614 2793 allata
1648 2740 1699 2793 in
1746 2740 1982 2793 medium
2017 2754 2142 2793 vera

565 2830 858 2895 sententia,
888 2828 1220 2898 intelligatur
1270 2844 1376 2884 non
1422 2838 1625 2885 temere
1659 2845 1756 2883 nos
1803 2831 1871 2884 ad
1914 2843 2008 2884 eos
2062 2846 2146 2883 re-

564 2920 980 2991 prehendendos
1037 2916 1357 2973 accessisse.
1433 2917 1545 2986 Age
1593 2916 1756 2986 igitur
1805 2926 1966 2970 totam
2033 2932 2144 2971 rem

562 3013 741 3067 denuo
772 3011 1085 3076 recitemus,
1137 3016 1411 3063 eteorum
1471 3022 1593 3075 quae
1654 3022 1681 3059 a
1731 3005 1948 3060 Christo
2003 3006 2145 3061 dicta

563 3113 690 3161 sunt
712 3117 933 3158 causam
957 3101 1198 3157 breviter
1230 3106 1575 3154 recensentes
1604 3137 1619 3163 ,
1668 3097 1960 3154 doceamus
1994 3097 2146 3151 audi—

2315 1904 2745 1981 τῷ’θὲωρήματι
2774 1904 3014 1964 σκοπόν
3048 1904 3487 1979 ἀπογυμνοῦσα
3514 1904 3763 1977 νοργῶς.

2330 2024 2737 2096 Ἐξαρκούντως
2763 2025 2865 2095 ἤδη
2893 2022 3036 2077 κατά
3064 2039 3129 2092 γε
3162 2023 3253 2076 τὸν
3288 2022 3556 2092 ἡμέτερον
3578 2018 3707 2072 νοῦν
3740 2019 3837 2071 τὸν

2245 2115 2305 2168 ἐν
2332 2117 2445 2179 τοῖς
2468 2110 3217 2186 προλαϐοῦσιβασανίσαντες
3236 2112 3414 2181 λόγον,
3441 2111 3536 2165 καὶ
3564 2110 3676 2164 τῶν
3701 2109 3839 2163 θεω-

2250 2208 2510 2279 ρημάτων
2541 2207 2770 2262 ἕκαστον
2802 2206 2941 2277 μετὰ
2975 2206 3076 2275 τῆς
3114 2206 3341 2276 δεούσης
3372 2203 3659 2276 ἀκριϐείας
3699 2202 3839 2255 διευ-

2246 2300 2637 2371 κρινησάμενοι
2697 2300 2791 2352 τόν
2821 2313 2877 2350 τε
2918 2297 3028 2351 τῶν
3055 2296 3123 2349 δι’
3166 2296 3412 2358 ἐναντίας
3460 2294 3536 2359 ὼς
3576 2294 3677 2346 οὐκ
3722 2292 3837 2361 ἔχοι

2247 2390 2428 2454 καλῶς
2450 2388 2827 2458 διελέγξαντες
2861 2388 3081 2449 σκοπὸν,
3113 2388 3199 2440 ἐπ’
3221 2385 3360 2440 αὐτά
3394 2384 3458 2455 δὴ
3483 2383 3670 2437 λοιπὸν
3696 2383 3837 2434 ἰέναι

2248 2485 2547 2554 προσήκειν
2590 2483 2955 2553 ἐνενοήσαμεν
2995 2479 3065 2533 τὰ
3098 2478 3157 2545 ἐξ
3194 2477 3445 2547 ἀληθείας
3501 2474 3835 2545 θεωρήματα

2247 2576 2342 2629 καὶ
2395 2575 2494 2645 τὴν
2527 2575 2585 2627 ἐν
2618 2574 2696 2645 τῷ
2749 2572 3097 2643 παροισθέντι
3137 2569 3284 2641 ῥητῷ
3317 2567 3667 2621 διαπτύσσειν
3718 2564 3835 2618 διάσ

2248 2682 2416 2718 νοιαν.
2451 2665 2525 2718 Οὐ
2553 2663 2663 2734 γάρ
2686 2658 2839 2733 οἶμαι
2871 2662 3001 2724 δεῖν,
3034 2660 3109 2724 ῶς
3136 2661 3237 2713 οὐκ
3268 2659 3467 2730 ἄριστα
3495 2654 3695 2719 νοοῦσι,
3738 2654 3833 2723 μό-

2248 2774 2336 2810 νον
2368 2757 2627 2827 ἐπιτιμᾷν
2657 2757 2768 2818 τοῖς
2790 2754 2869 2807 ὅτι
2899 2752 3100 2824 μείζων
3133 2752 3284 2803 ἔσται
3314 2749 3549 2820 Χριστὸς
3582 2747 3831 2800 Ἰωάννου

2249 2847 2392 2900 κατά
2406 2864 2526 2899 τινα
2545 2848 2735 2914 χρόνον
2758 2846 3110 2915 διειληφόσιν,
3135 2842 3269 2895 ἀλλὰ
3288 2842 3381 2895 καὶ
3408 2842 3545 2909 αὐτῇ
3566 2842 3632 2909 τῇ
3655 2855 3833 2908 παρα-

2250 2936 2395 2990 θέσει
2438 2936 2548 2989 τῶν
2596 2936 2974 3007 ἀληθεστέρων
3021 2933 3240 2989 ἐννοιῶν
3292 2931 3696 3003 ἀποκρούεσθαι
3755 2928 3834 3000 τῷ

2253 3026 2326 3099 μὴ
2358 3027 2536 3081 δοκεῖν
2587 3028 2648 3079 οὐ
2691 3027 2919 3090 δεόντως
2963 3027 3325 3097 ἐπισκήπτειν
3354 3024 3557 3086 αὐτοῖς.
3590 3022 3723 3091 Φέρε
3769 3021 3834 3090 δὴ

2249 3112 2343 3168 οὖν
2374 3116 2459 3168 ἐπ’
2494 3114 2625 3169 αὐτὸ
2668 3115 2856 3169 λοιπὸν
2890 3114 3059 3186 ῐωμεν
3103 3114 3166 3167 τὸ
3202 3114 3556 3184 ἀνάγνωσμα,
3599 3112 3693 3165 καὶ
3723 3110 3837 3162 τῶν

568 3209 755 3261 tores,
816 3195 1072 3265 quisnam
1122 3193 1194 3248 sit
1222 3191 1379 3261 hujus
1437 3192 1563 3247 dicti
1611 3204 1825 3260 scopus.
1880 3188 2143 3256 Quocirca

2251 3204 2559 3274 εἰρημένων
2608 3205 2759 3277 παρά
2811 3204 2906 3258 τοῦ
2945 3183 3201 3276 Σωτῆρος
3251 3203 3410 3275 ἡμῶν
3448 3183 3686 3273 Χριστοῦ
3732 3201 3836 3271 τὴν

566 3292 716 3359 (nam
748 3289 871 3344 inde
894 3287 1105 3342 initium
1133 3284 1426 3348 faciemus,
1445 3299 1567 3339 cum
1588 3283 1639 3338 in
1666 3297 1890 3338 carcere
1911 3281 2147 3339 Joannes

571 3378 830 3433 nuracnla
861 3376 1066 3431 Christi
1109 3374 1447 3435 audivisset,
1497 3374 1677 3428 missis
1731 3372 1942 3427 duobus
1984 3372 2147 3426 disci-

568 3470 711 3537 pulis
740 3468 853 3523 suis
897 3467 1036 3522 dixit
1080 3467 1126 3523 ei
1165 3482 1176 3513 t
1218 3486 1235 3515 ι
1280 3466 1359 3520 Tu
1417 3482 1477 3520 es
1524 3465 1615 3535 qui
1672 3474 1931 3519 venturus
1957 3477 2037 3530 es,
2076 3477 2144 3517 an

576 3561 742 3615 alium
780 3560 1199 3629 exspectamus?
1232 3577 1249 3609 ι
1284 3558 1364 3611 Ad
1402 3557 1504 3611 hoc
1540 3556 1789 3612 Christus
1822 3555 2099 3624 respondit
2129 3572 2143 3609 :

574 3674 594 3707 ι
626 3654 826 3708 Euntes
859 3653 1021 3707 dicite
1048 3650 1241 3706 Joanni
1272 3666 1392 3721 quae
1425 3648 1654 3704 audistis
1676 3658 1733 3703 et
1756 3647 1968 3703 vidistis
2012 3648 2079 3712 ⁵⁸,
2119 3665 2138 3700 ι

570 3753 625 3799 et
657 3745 919 3814 praeclara
959 3741 1215 3796 miracula
1246 3742 1340 3795 abs
1371 3754 1431 3795 se
1475 3739 1619 3793 edita
1650 3748 1955 3794 enumerat.
2011 3738 2144 3793 Cum

574 3851 701 3890 vero
728 3831 973 3903 discipuli
1021 3834 1087 3886 ad
1122 3829 1389 3886 Joannem
1442 3830 1753 3895 rediissent,
1792 3829 2042 3884 Christus
2071 3830 2145 3885 ita

572 3928 639 3981 ad
688 3926 1072 3981 circumfusam
1126 3922 1438 3978 Judaeorum
1500 3922 1713 3976 turbam
1762 3921 1973 3977 locutus
2016 3934 2144 3977 est:

578 4037 597 4070 ι
637 4018 776 4084 Quid
840 4017 1032 4072 existis
1083 4017 1135 4070 in
1198 4015 1474 4069 desertum
1528 4013 1710 4068 videre
1744 4052 1758 4077 ,
1824 4014 2146 4087 arundinem

572 4119 735 4166 vento
772 4108 1071 4180 agitatam?
1102 4123 1170 4161 an
1205 4108 1478 4161 hominem
1514 4106 1765 4159 mollibus
1808 4105 2150 4160 vestimentis

575 4203 817 4257 indutum
841 4200 864 4253 ?
885 4217 953 4254 an
981 4198 1338 4269 prophetam?
1384 4207 1533 4252 certe
1575 4196 1701 4251 dico
1730 4196 1883 4252 vobis
1941 4205 1996 4252 et
2029 4196 2149 4266 plus

575 4310 734 4364 quam
779 4293 1123 4361 prophetam.
1163 4291 1261 4345 Hic
1300 4291 1445 4344 enim
1498 4297 1580 4343 est
1630 4289 1699 4344 de
1745 4304 1853 4359 quo
1886 4291 2147 4359 scriptum

573 4395 657 4441 est
688 4399 702 4439 :
738 4385 877 4439 Ecce
909 4399 1008 4453 ego
1044 4385 1250 4437 mittam
1283 4380 1531 4450 angelum
1572 4395 1751 4435 meum
1782 4392 1912 4437 ante
1952 4382 2148 4437 faciem

2250 3296 2429 3351 αἰτίαν
2475 3296 3059 3369 ἀνακεφαλαιούμενοι,
3108 3298 3235 3362 τοὺς
3263 3294 3649 3367 ἀκροωμένους
3689 3293 3839 3346 διδά-

2250 3406 2492 3460 σκωμεν,
2524 3390 2608 3452 τίς
2639 3390 2707 3445 ἂν
2737 3389 2821 3462 εἴη
2853 3390 3038 3444 λοιπὸν
3060 3390 3089 3442 6
3124 3388 3220 3442 τοῦ
3244 3388 3403 3457 λόγου
3429 3388 3647 3450 σκοπός.
3682 3387 3834 3439 Οὐκ-

2248 3478 2363 3544 οῦν,
2413 3478 2663 3532 ἐντεῦθεν
2711 3477 2820 3549 γὰρ
2866 3477 2967 3549 ήδη
3021 3478 3118 3549 τὴν
3174 3477 3349 3548 ἀρχὴν
3404 3474 3761 3546 ποιησόμεθα,
3803 3476 3835 3526 6

2262 3569 2517 3641 Ἰωάννης
2546 3572 2605 3623 ἐν
2651 3570 2729 3640 τῷ
2775 3569 3134 3641 δεσμωτηρίῳ
3180 3568 3419 3633 ἀκούσας
3451 3568 3518 3622 τὰ
3556 3568 3693 3638 ἔργα
3734 3565 3832 3619 τοῦ

2250 3659 2522 3731 Χριστοῦ,
2570 3659 2794 3731 πέμψας
2853 3659 2947 3714 δύο
2996 3659 3106 3713 τῶν
3156 3660 3414 3731 μαθητῶν
3471 3659 3635 3713 αὐτοῦ
3677 3653 3834 3712 εἶπεν

2251 3751 2399 3824 αὐτῷ
2417 3767 2430 3780 ·
2460 3773 2479 3805 ‹
2508 3753 2581 3805 Σὺ
2605 3750 2653 3805 εἶ
2680 3752 2708 3805 6
2733 3752 3049 3823 ἐρχόμενος,
3076 3752 3109 3823 ἥ
3139 3750 3326 3823 ἕτερον
3354 3749 3777 3822 προσδοκῶμεν;
3804 3768 3823 3800 ι

2252 3844 2395 3915 Πρὸς
2426 3844 2599 3897 ταῦτα
2628 3843 2859 3914 Χριστὸς
2892 3843 3258 3914 ἀπεκρίνατο’
3298 3860 3317 3895 t
3353 3842 3717 3914 Πορευθέντες
3750 3841 3831 3893 εί-

2252 3952 2391 3988 πατε
2433 3936 2657 4008 Ἰωάννῃ
2698 3934 2735 3988 ἃ
2770 3934 3041 4005 ἠκούσατε
3088 3936 3181 3988 καὶ
3209 3935 3456 4005 βλέπετε,
3517 3953 3536 3985 ι
3591 3934 3684 3987 καὶ
3731 3934 3831 4003 τὴν

2251 4026 2359 4080 τῶν
2402 4025 2645 4097 σημείων
2692 4026 2983 4095 καταλέγει
3036 4026 3457 4097 μεγαλουργίαν.
3512 4026 3730 4097 Ἐπειδὴ
3772 4026 3832 4080 δὲ

2252 4115 2390 4185 πρὸς
2426 4119 2518 4168 τὸν
2566 4116 2837 4187 μακάριον
2878 4117 3190 4188 Βαπτιστήν
3240 4117 3404 4170 πάλιν
3446 4117 3831 4187 ἀνεκομίζοντο

2252 4210 2301 4261 οἱ
2330 4208 2588 4280 μαθηταὶ,
2620 4210 2769 4278 λέγει
2796 4208 2932 4281 πρὸς
2960 4210 3057 4280 τὴν
3090 4209 3460 4280 περιεστῶσαν
3486 4190 3695 4280 πληθύν
3722 4210 3831 4262 τῶν

2267 4299 2528 4354 Ἰουδαίων
2573 4303 2602 4354 6
2640 4301 2863 4372 Σωτήρ·
2915 4320 2934 4352 ι
2967 4301 3031 4353 Τί
3061 4299 3317 4371 ἐξήλθετε
3348 4302 3428 4364 εἰς
3480 4299 3578 4371 τὴν
3625 4300 3833 4371 ἔρημον

2258 4392 2403 4457 ἰδεῖν,
2454 4391 2699 4462 κάλαμον
2749 4391 2854 4444 ὐπὸ
2906 4392 3108 4461 ἀνέμου
3160 4392 3555 4462 σαολευόμενον;
3606 4390 3722 4444 ἀλλ’
3774 4392 3833 4446 ἐν

578 4491 747 4544 tuam,
807 4479 897 4548 qui
958 4478 1285 4548 prmparabit
1333 4477 1474 4530 viam
1536 4486 1680 4529 tuam
1731 4484 1858 4528 ante
1911 4486 1960 4528 te
1989 4473 2054 4526 ⁸⁸.
2125 4492 2144 4525 ›

2260 4483 2522 4553 μαλακοῖς
2548 4483 2780 4553 ἱματίοις
2800 4482 3083 4555 ἄνθρωπον
3103 4483 3508 4555 ήμφιεσμένον;
3533 4482 3668 4537 ἀλλά
3695 4499 3834 4551 προ-

579 4573 778 4627 Deinde
810 4572 959 4626 addit
988 4571 1042 4625 id
1074 4570 1216 4639 quod
1242 4571 1610 4636 interrogatur
1638 4584 1651 4620 :
1687 4585 1706 4620 ι
1740 4569 1947 4631 Amen,
1992 4582 2149 4621 amen

575 4667 698 4721 dico
756 4664 931 4729 vobis,
980 4678 1086 4717 non
1131 4662 1369 4717 surrexit
1425 4662 1568 4715 inter
1611 4672 1767 4717 natos
1808 4661 2094 4715 mulierum
2135 4697 2150 4722 ,

577 4758 747 4827 major
779 4754 989 4811 Joanne
1018 4754 1288 4824 Baptista,
1342 4758 1436 4807 sed
1474 4755 1651 4807 minor
1684 4755 1738 4808 in
1779 4767 1944 4823 regno
1984 4755 2153 4807 caelo-

576 4867 694 4906 rum
731 4850 899 4918 major
938 4850 1052 4918 ipso
1082 4856 1167 4901 est
1209 4846 1279 4899 ⁵⁷.
1318 4864 1336 4897 ι
1386 4845 1573 4916 Neque
1604 4845 1691 4900 hic
1745 4845 1907 4900 linem
1953 4845 2151 4899 verbo-

577 4960 693 4998 rum
724 4942 879 4997 l'ecit.
913 4940 1075 4995 Addit
1104 4939 1249 4994 enim
1287 4939 1471 4993 statim
1510 4954 1525 4993 :
1566 4956 1584 4989 ι
1643 4939 1686 4991 Α
1734 4938 1926 4992 diebus
1969 4949 2148 4991 autem

573 5035 800 5092 Joannis
830 5048 1002 5102 usque
1036 5047 1181 5084 nunc
1206 5045 1427 5100 regnmn
1465 5029 1725 5083 cmlorum
1776 5030 1880 5082 vim
1926 5030 2150 5099 patitur,

574 5135 629 5182 et
661 5126 885 5181 violenti
911 5122 1125 5193 rapiunt
1157 5121 1285 5175 illud
1316 5122 1387 5173 ⁵⁸.
1416 5140 1434 5172 ι
1466 5122 1644 5189 Atque
1690 5122 1803 5176 lucc
1826 5122 2045 5190 quidem
2072 5132 2154 5176 est

579 5220 744 5276 totius
774 5218 970 5285 capitis
999 5229 1232 5270 summa.
1267 5213 1418 5267 Nunc
1448 5229 1577 5269 vero
1607 5225 1820 5284 oportet
1854 5225 1911 5269 ut
1939 5217 2148 5285 singula

578 5317 963 5378 percurrentes
1006 5305 1273 5368 dicamus,
1323 5318 1483 5369 quam
1534 5305 1603 5358 0b
1659 5320 1877 5359 causam
1916 5304 2152 5361 Joannes

575 5400 818 5468 Baptista
856 5399 907 5451 in
940 5411 1213 5452 carcerem
1246 5396 1526 5464 conjectns
1560 5396 1761 5465 fuerit;
1797 5399 2151 5465 quamobrem

577 5491 742 5546 etiam
801 5504 898 5559 per
932 5486 1225 5557 discipulos
1262 5501 1389 5542 suos
1437 5486 1712 5541 Christum
1766 5486 2149 5555 interrogarit,

580 5591 759 5638 utrum
794 5582 906 5652 ipse
931 5581 1152 5635 omnino
1188 5588 1333 5635 esset
1355 5581 1446 5649 qui
1480 5590 1742 5635 venturus
1768 5588 1925 5645 erat;
1958 5578 2154 5633 deinde

2257 4576 2469 4646 φήτην;
2499 4576 2604 4627 Ναὶ
2634 4574 2777 4643 λέγω
2810 4576 2938 4645 ὑμῖν
2966 4575 3060 4628 καὶ
3096 4576 3480 4646 περισσότερον
3513 4575 3832 4645 προφήτου·

2257 4659 2425 4728 Οὗτος
2454 4666 2562 4736 γάρ
2601 4666 2715 4718 ἐστι
2746 4666 2872 4736 περὶ
2893 4662 2954 4720 οὗ
2985 4666 3295 4737 γέγραπται
3315 4682 3328 4696 ·
3384 4664 3514 4719 Ἰδοὺ
3549 4663 3836 4718 ἀποστελῶ

2256 4757 2345 4810 τὸν
2374 4756 2603 4825 ἄγγελόν
2629 4774 2729 4828 μου
2752 4757 2858 4826 πρὸ
2887 4757 3181 4825 προσώπου
3208 4773 3321 4823 σου,
3350 4756 3408 4819 ὃς
3434 4755 3835 4810 κατασκευάσει

2255 4850 2351 4920 τὴν
2386 4849 2504 4902 ὁδόν
2536 4865 2630 4902 σου
2678 4847 2987 4920 ἔμπροσθέν
3031 4865 3146 4902 σου.
3199 4868 3217 4900 ι
3269 4845 3405 4903 Εἶτα
3456 4849 3593 4921 πρὸς
3624 4850 3835 4912 τούτοις

2257 4943 2391 5013 φησι
2424 4940 2782 5011 ζητούμενον·
2836 4958 2854 4990 t
2907 4940 3099 5010 Ἀμὴν,
3152 4940 3301 5009 ἀμὴν
3336 4939 3483 5008 λέγω
3532 4940 3681 5010 ὑμῖν,
3733 4940 3833 4992 οὐκ

2257 5034 2554 5103 ἐγήγερται
2602 5033 2659 5084 ἐν
2704 5034 2983 5100 γεννητοῖς
3021 5031 3292 5099 γυναικῶν
3336 5030 3537 5101 μείζων
3586 5030 3833 5084 Ἰωάννου

2256 5124 2350 5177 τοῦ
2391 5122 2693 5178 Βαπτιστοῦ
2714 5139 2726 5153 ·
2771 5124 2799 5174 6
2823 5121 2878 5174 δὲ
2921 5121 3241 5193 μικρότερος
3266 5124 3323 5175 ἐν
3349 5124 3415 5194 τῇ
3447 5122 3692 5193 βασιλείᾳ
3726 5121 3835 5174 τῶν

2255 5215 2524 5288 οὐρανῶν,
2553 5213 2754 5285 μείζων
2784 5213 2946 5268 αὐτοῦ
2982 5216 3120 5268 ἐστι.
3160 5232 3178 5265 ν
3218 5213 3321 5267 Καὶ
3349 5213 3407 5266 οὐ
3439 5214 3600 5284 μέχρι
3629 5213 3832 5267 τούτων

2255 5307 2283 5358 6
2316 5306 2493 5373 λόγος.
2526 5304 2805 5376 Ἐπιφέρει
2830 5304 2937 5375 γὰρ
2954 5303 3148 5367 εὐθύς⁴
3181 5321 3199 5355 t
3245 5303 3376 5356 Ἀπὸ
3398 5302 3456 5355 δὲ
3483 5301 3591 5355 τῶν
3612 5302 3833 5372 ἡμερῶν

2269 5397 2515 5452 Ἰωάννου
2548 5396 2643 5450 τοῦ
2686 5394 2991 5450 Βαπτιστοῦ
3044 5395 3150 5458 ἕως
3185 5394 3308 5466 ἄρτι
3352 5396 3386 5465 ή
3434 5392 3684 5464 βασιλεία
3725 5392 3834 5453 τῶν

2256 5488 2500 5559 οὐρανῶν
2537 5488 2803 5559 βιάζεται,
2837 5488 2931 5541 καὶ
2967 5487 3181 5558 βιασταὶ
3212 5485 3548 5558 ἁρπάζουσιν
3583 5484 3775 5556 αὐτήν.
3810 5504 3827 5536 ι

2260 5579 2421 5634 ’Ὀλον
2452 5583 2509 5633 ὲν
2547 5580 2775 5647 τούτοις,
2808 5579 2882 5644 ὡς
2929 5581 3054 5645 ἔπος
3083 5580 3278 5643 εἰπεῖν,
3308 5577 3371 5631 τὸ
3412 5576 3711 5648 κεφάλαιον
3737 5576 3833 5648 τὴν

654 5736 700 5768 ⁸³
726 5733 858 5792 Luc.
892 5749 979 5802 ιιι,
1004 5732 1075 5800 4;
1109 5731 1210 5789 lsa.
1239 5749 1326 5802 XL,
1354 5733 1407 5788 5.
1488 5734 1535 5821 '7’
1561 5733 1693 5789 Luc.
1725 5748 1822 5801 vn,
1849 5733 1941 5788 28.
2020 5732 2067 5765 "
2090 5730 2282 5789 Matth.
2322 5750 2403 5802 XI,
2435 5735 2490 5803 5,
2521 5733 2575 5789 4.
2652 5734 2853 5790 “ibid.
2890 5732 3037 5787 7-10.
3116 5738 3159 5767 ⁵⁷
3194 5734 3325 5791 Ibid.
3358 5737 3438 5793 ll.
3522 5737 3722 5792 "Ibid.
3751 5734 3828 5789 12.
