4072 6522
214 398 317 456 1ῧ9

1656 394 2105 453 THESAL’RUS.

3397 393 3500 449 170

219 514 617 586 συμπλήρωσιν
665 516 797 585 ἐχει.
851 515 1063 586 Χρῆναι
1099 516 1157 569 δὲ
1191 510 1343 587 οἶμαι
1386 516 1492 569 τῶν
1529 517 1812 587 νοημάτων

1926 516 2054 585 quid
2081 523 2254 569 etcur
2280 511 2333 565 id
2365 509 2619 567 Christus
2650 511 2825 565 turbis
2858 512 3218 582 responderit.
3265 510 3500 563 Practer-

220 604 457 659 ἕκαστον
487 607 857 677 ἐπιδρομάδην
889 608 1181 671 διεξιόντας
1207 610 1405 674 εἰπεῖν,
1430 609 1513 672 τίς
1536 610 1640 680 μὲν
1663 609 1812 661 αίτία

218 696 507 768 δεσμώτην
533 698 706 752 ἐποίει
732 698 821 752 τὸν
848 698 1002 767 ἅγιον
1037 700 1371 771 Βαπτιστήν,
1409 702 1534 754 δτου
1560 701 1617 753 δὲ
1652 701 1812 771 χάριν

220 788 621 841 ἀνεπυνθάνετο
640 787 735 841 τοῦ
767 789 1006 859 Χριστοῦ
1038 789 1129 843 διὰ
1157 790 1265 843 τῶν
1284 792 1503 845 οἰκείων
1525 790 1808 863 μαθητῶν,

175 948 183 955 Α
221 878 378 947 είπερ
408 877 492 946 είη
532 878 719 946 σαφῶς
748 879 910 941 αὐτὸς
942 881 971 932 6
997 879 1290 951 ἐρχόμενος
1313 896 1325 909 ·
1360 881 1454 933 καὶ
1482 882 1564 945 τίς
1590 879 1623 951 ἢ
1649 880 1808 935 πόθεν

166 958 174 1001 ⁷
222 968 254 1038 ἠ
284 968 419 1038 πρὸς
452 972 582 1034 τοὺς
622 971 816 1041 ὄχλους
860 972 1157 1044 ἀπόκρισις
1185 974 1376 1041 γέγονε
1413 973 1505 1027 τοῦ
1545 971 1806 1043 Χριστοῦ.

1919 622 1981 661 ιιι
2012 605 2142 677 quid
2187 604 2338 658 illum
2390 604 2626 658 moverit
2669 613 2726 655 ut
2775 602 3001 665 diceret,
3046 618 3149 655 non
3198 602 3501 655 surrexisse

1922 713 1954 756 e
2007 698 2150 753 natis
2206 696 2495 751 mulierum
2546 693 2804 762 majorem
2862 692 3067 748 Joanne
3124 692 3409 763 Baptista,
3447 701 3502 747 ct

1922 800 2103 846 tamen
2136 790 2396 858 majorem
2437 802 2502 842 eo
2559 801 2681 842 esse
2724 801 2847 841 eum
2890 788 2978 854 qui
3024 788 3078 838 lu
3127 800 3293 856 regno
3333 786 3500 837 ταξιο-

1920 898 2041 939 rum
2095 882 2276 937 minor
2322 889 2485 935 esset.
2541 879 2920 933 Accedendunr
2979 877 3165 944 itaque
3220 876 3377 929 nobis
3430 873 3499 926 ad

1919 990 2109 1030 eorum
2139 989 2260 1042 qua:
2292 973 2566 1042 proposita
2601 981 2727 1025 sunt
2756 971 2909 1025 nobis
2932 969 3375 1036 explicationem.

220 1062 293 1113 “ﬂ
323 1060 375 1114 τί
412 1063 473 1116 τὸ
499 1065 764 1128 πεπεικὸς
782 1064 863 1128 ὡς
905 1066 1233 1139 Ἐγήγερται
1276 1071 1375 1140 μὲν
1445 1069 1620 1132 οὐδεὶς
1674 1070 1733 1121 ἐν
1791 1072 2072 1139 γεννητοῖς
2121 1068 2394 1139 γυναικῶν
2455 1067 2656 1138 μείζων
2691 1067 2938 1121 Ἰωάννου
3008 1064 3208 1133 λέγειν,
3256 1059 3396 1116 εἷναί
3435 1074 3501 1126 γε

221 1153 329 1223 μήν
360 1153 454 1207 τοῦ
493 1154 747 1207 τοσούτου
794 1156 1016 1224 μείζονα
1063 1159 1153 1211 τον
1201 1161 1258 1211 ἐν
1310 1163 1375 1229 τῇ
1439 1161 1687 1230 βασιλείᾳ
1758 1160 1868 1213 τῶν
1906 1158 2155 1234 οὐρανῶν
2200 1160 2563 1232 μικρότερον;
2612 1158 2819 1211 Ούκοῦν
2869 1158 2954 1211 ἐπ’
3004 1156 3173 1226 αὐτὴν
3223 1154 3360 1207 ἰτέον
3402 1151 3501 1221 τήν

220 1246 326 1298 τῶν
351 1244 725 1314 προτεθέντων
756 1247 1036 1317 ἐξήγησιν.

294 1335 600 1408 Παράδοξον
616 1355 741 1390 τινα
771 1339 867 1391 καὶ
898 1339 1055 1408 ξένην
1088 1341 1445 1411 ἐπιτηδεύσας
1470 1346 1740 1401 πολιτείαν
1772 1351 1801 1402 6

224 1431 493 1498 μακάριος
528 1429 857 1499 Βαπτιστὴς,
888 1432 981 1483 καὶ
999 1432 1116 1500 βίου
1138 1434 1320 1503 τρίϐον
1350 1437 1547 1501 ἐλάσας
1563 1440 1806 1511 ἀσυνήθη

221 1522 335 1583 τοῖς
376 1520 555 1584 ἀλλοις
596 1523 691 1574 καὶ
730 1522 792 1574 οὐ
824 1526 935 1586 τοῖς
970 1524 1194 1593 τυχοῦσι
1229 1527 1419 1598 βατὴν,
1468 1530 1811 1602 ἐθαυμάζετο

224 1611 347 1680 μὲν,
382 1612 477 1664 xal.
507 1611 626 1665 λίαν
671 1613 915 1677 εἰκότως,
948 1616 1097 1683 παρὰ
1145 1616 1252 1669 τῶν
1291 1620 1587 1675 Ἰουδαίωνσ
1632 1624 1722 1675 τὸν
1754 1625 1811 1677 δὲ

222 1703 346 1754 ὅσον
370 1702 602 1764 οὐδέπω,
636 1702 835 1773 μᾶλλον
859 1704 915 1757 δὲ
944 1705 1045 1775 ἥδη
1077 1708 1340 1777 παρόντα,
1366 1712 1652 1782 κηρύττων
1684 1714 1809 1786 Χρι-

1986 1341 2147 1412 102
2174 1341 2369 1395 Beatus
2400 1338 2668 1409 Baptista,
2703 1339 3000 1394 inauditum
3025 1337 3292 1406 quoddam
3324 1347 3376 1390 et
3418 1339 3500 1391 in-

1908 1436 2162 1490 usitatum
2210 1434 2335 1486 vita:
2394 1447 2567 1500 genus
2595 1432 2840 1495 ducens,
2890 1431 3141 1500 quodque
3169 1430 3257 1481 alii
3297 1430 3497 1483 imitari

1910 1540 2015 1580 non
2061 1532 2322 1593 possent,
2384 1537 2635 1591 magnam
2692 1522 2888 1575 merito
2932 1520 3016 1575 sui
3074 1519 3498 1573 admirationem

1911 1617 2049 1685 apud
2077 1614 2293 1669 Judmos
2323 1613 2601 1679 excitavit,
2629 1623 2683 1666 et
2710 1613 2986 1666 Christum
3015 1613 3104 1681 qui
3137 1621 3346 1665 tantum
3391 1625 3495 1663 non

1917 1709 2174 1774 venisset,
2204 1707 2311 1760 ituo
2333 1710 2445 1774 jam
2470 1704 2800 1770 advenisset,
2840 1703 3164 1772 pratdicans,
3212 1702 3493 1771 digitoque

224 1793 371 1855 στὸν,
411 1796 691 1865 μονονουχὶ
721 1797 812 1848 καὶ
844 1799 1004 1868 χεῖρα
1036 1801 1308 1869 προτείνει
1342 1803 1515 1871 λέγων
1536 1820 1553 1837 ⁸
1591 1825 1611 1858 ι
1645 1808 1751 1861 Ἴδε
1781 1812 1810 1862 6

1919 1802 2063 1856 illum
2093 1808 2565 1862 comtttoustraus,
2616 1797 2692 1850 ait
2727 1818 2737 1851 :
2776 1813 2795 1846 ι
2844 1796 2981 1849 Ecce
3010 1796 3195 1863 Agnus
3258 1793 3378 1856 Dei,
3407 1793 3498 1862 qtti

235 1884 431 1954 Ἀμνδς
444 1885 537 1937 τοῦ
554 1885 708 1949 Θεοῦ,
731 1888 758 1939 6
784 1888 953 1957 αἴρων
984 1888 1083 1959 τὴν
1113 1892 1388 1963 ἁμαρτίαν
1417 1895 1508 1948 τοῦ
1540 1896 1766 1968 κόσμου.
1784 1916 1801 1950 ι

235 1975 454 2045 Ἐπειδὴ
491 1976 548 2028 δὲ
593 1978 622 2029 6
654 1979 783 2047 παρ’
828 1979 992 2031 αὐτοῦ
1050 1983 1500 2053 μαρτυρούμενος
1565 1988 1804 2060 Κύριος,

222 2064 400 2118 λιπεῖν
439 2066 613 2119 ἐδόκει
644 2067 746 2136 τὴν
788 2068 851 2121 ἐκ
895 2070 1063 2139 νόμου
1093 2071 1183 2125 διὰ
1231 2076 1476 2140 Μωσέως
1524 2077 1804 2149 λατρείαν,

221 2156 321 2226 τὴν
382 2157 746 2228 εύαγγελικὴν
808 2160 925 2212 ἀντ’
993 2163 1210 2232 ἐκείνης
1278 2166 1558 2220 πολιτείαν
1622 2172 1808 2238 είσφέ-

224 2265 368 2319 ρων,
407 2249 608 2319 μᾶλλον
643 2250 700 2302 δὲ
733 2251 803 2304 τὰ
857 2253 913 2304 ἐν
952 2252 1109 2323 τύπῳ
1157 2256 1252 2308 καὶ
1301 2260 1429 2327 σκιᾷ
1467 2262 1808 2331 μεταρυθμί-

222 2338 332 2401 ζων
358 2342 437 2402 εἰς
466 2340 743 2411 ἀλήθειαν,
772 2344 872 2396 ούκ
897 2344 1001 2407 ἔξω
1034 2348 1256 2417 μομφῆς
1279 2350 1309 2401 6
1343 2351 1609 2421 μακάριος
1632 2353 1811 2407 ἔκειτο

225 2430 570 2501 Βαπτιστὴς,
610 2434 707 2486 ἆτε
741 2434 806 2505 δὴ
845 2441 1163 2507 συνηγορεῖν
1204 2441 1700 2514 ,ἀναπεπεισμένος
1730 2446 1812 2516 τῷ

225 2522 324 2588 τὴν
353 2522 583 2593 νομικὴν
634 2525 992 2594 ἁνατρέποντι
1048 2528 1349 2595 παίδευσιν,
1390 2533 1532 2586 κατά
1578 2551 1643 2601 γε
1685 2537 1810 2600 τοὺς

222 2609 331 2662 τῶν
376 2611 616 2682 ἀνοήτων
660 2612 873 2680 λόγους.
923 2617 984 2668 Ei
1019 2617 1127 2689 γὰρ
1170 2614 1238 2688 ἦν
1275 2616 1431 2684 οὗτος
1463 2624 1614 2693 παρὰ
1650 2624 1809 2689 Θεοῦ,

222 2700 484 2769 ἔφασκον,
505 2706 534 2756 6
572 2704 880 2775 ἄνθρωπος,
913 2707 1015 2760 οὐκ
1048 2709 1115 2761 ἂν
1144 2708 1265 2761 ἔλυε
1303 2711 1365 2763 τὸ
1412 2712 1707 2769 Σάδϐατον.
1745 2716 1812 2768 Τί

221 2788 317 2846 οὖν
355 2794 463 2864 ἄρα
510 2798 818 2865 μηχανᾶται
854 2798 990 2869 πρὸς
1027 2798 1213 2862 τοῦτο;
1248 2802 1361 2866 Τὰς
1404 2803 1511 2857 τῶν
1546 2804 1811 2859 Ἰουδαίων

220 2883 288 2938 οὐ
318 2884 535 2949 πάντως
563 2889 1023 2960 ἀποκρουόμενος,
1050 2890 1187 2955 ἀλλ’,
1218 2892 1284 2944 ἵν’
1308 2892 1481 2957 οὕτως
1510 2895 1668 2963 εῐπω,
1694 2897 1811 2950 δια-

224 2977 505 3048 χλευάξων
557 2982 802 3048 ἐννοίας,
858 2985 1241 3054 συναγορεύειν
1295 2992 1676 3057 προσποιεῖται
1732 2989 1811 3061 τῷ

224 3068 395 3139 νόμῳ,
425 3070 520 3122 καὶ
550 3071 862 3125 Μωσαῖκῶν
904 3073 1413 3144 ύπεραγωνίζεσθαι
1454 3080 1811 3149 προσταγμά-

1918 1890 2056 1946 tollit
2097 1899 2377 1958 peccatum
2412 1888 2595 1941 muttdi
2627 1888 2693 1939 ".
2738 1905 2755 1937 ι
2792 1885 2929 1939 Cum
2966 1899 3094 1938 vero
3128 1884 3407 1945 Dominus,
3435 1884 3501 1935 de

1916 1997 2023 2052 quo
2071 1981 2439 2035 testiinonium
2504 1978 2853 2047 perhibuerat
2890 2017 2905 2041 ,
2955 1978 3172 2029 deserto
3236 1974 3383 2029 cultu
3431 1973 3508 2027 le-

1916 2074 2020 2143 gali
2056 2088 2151 2140 per
2179 2072 2357 2125 Mosen
2411 2070 2752 2140 praescripto,
2789 2068 2909 2121 loco
2957 2067 3099 2122 illius
3127 2065 3499 2134 evangelicum

1917 2168 2086 2220 vitam
2130 2166 2439 2225 induceret,
2475 2173 2525 2216 et
2558 2176 2680 2230 qua:
2712 2162 2764 2215 in
2798 2170 2926 2230 typo
2968 2172 3131 2228 atque
3178 2162 3373 2213 umbra
3411 2158 3499 2211 in-

1918 2256 2099 2311 voluta
2146 2265 2345 2317 erant,
2390 2255 2457 2307 ad
2508 2254 2791 2305 veritatem
2840 2251 3195 2313 transferret,
3258 2249 3497 2317 Baptista

1919 2347 2399 2417 reprehensionem
2424 2344 2678 2407 incurrit,
2708 2344 2907 2412 quippe
2936 2343 3026 2412 qui
3062 2342 3501 2410 patrocinaretur

1918 2439 2025 2502 illi,
2067 2439 2159 2509 qui
2186 2437 2411 2507 legalem
2447 2438 2785 2500 doctrinam,
2830 2437 2982 2505 juxta
3012 2440 3252 2503 ipsorum
3290 2447 3499 2488 sermo-

1920 2544 2067 2594 nem,
2117 2537 2409 2584 everteret.
2447 2528 2506 2582 Si
2537 2530 2681 2582 enim
2746 2529 2911 2581 homo
2938 2528 3025 2581 hic
3068 2565 3084 2590 ,
3121 2526 3415 2588 dicebant,
3469 2538 3501 2576 a

1921 2622 2033 2674 Deo
2065 2627 2232 2681 esset,
2272 2620 2693 2688 haudquaquam
2751 2618 3078 2673 dissolveret
3103 2618 3401 2670 Sabbatum
3428 2616 3497 2667 ‘°.

1918 2708 2061 2774 Quid
2130 2710 2293 2774 igitur
2352 2719 2613 2761 adversus
2674 2708 2789 2761 hate
2848 2708 3119 2776 excogitat
3177 2715 3233 2760 et
3284 2706 3503 2759 molitur

1919 2800 2203 2868 Baptista?
2234 2800 2545 2854 .ludaeorum
2563 2800 2871 2869 Opinionem
2898 2816 3002 2853 non
3026 2801 3182 2866 plane
3215 2799 3499 2868 rejiciens,

1916 2894 2038 2958 sed,
2066 2903 2126 2948 ut
2163 2894 2236 2947 ita
2289 2893 2467 2947 dit-am
2493 2932 2508 2957 ,
2574 2893 2829 2953 irridens,
2864 2891 3221 2958 patrocinium
3265 2892 3397 2958 legis
3447 2903 3503 2943 et

1918 2986 2283 3040 Mosaicorum
2317 2996 2710 3054 praceptorum
2734 2983 3225 3052 propugnationem
3254 2980 3497 3034 simulat.

1917 3077 2057 3132 Cum
2117 3078 2262 3132 enim
2322 3086 2449 3130 tunc
2497 3076 2758 3144 teruporis
2805 3076 2972 3129 variis
3024 3076 3198 3129 modis
3239 3075 3291 3128 in
3329 3074 3500 3143 legem

222 3178 353 3241 των.
385 3161 603 3216 Πολλῶν
631 3164 738 3233 γὰρ
763 3163 841 3235 τῷ
869 3165 1123 3235 τηνικάδε
1154 3166 1299 3219 κατὰ
1327 3168 1607 3233 ποικίλους
1638 3187 1812 3240 παρα-

1925 3179 2262 3238 peccaretur,
2296 3166 2469 3220 solum
2502 3165 2767 3220 llerodetn
2802 3167 3232 3234 reprehensurus
3270 3167 3500 3226 accedit.

225 3252 534 3323 νομούντων
584 3255 856 3325 τρόπους,
909 3257 1161 3328 πρόσεισι
1216 3258 1378 3329 μόνον
1420 3257 1513 3311 τὸν
1567 3260 1814 3332 Ἡρώδην

222 3344 536 3417 διελέγχων,
583 3347 679 3400 καὶ
735 3348 1123 3418 ῥιψοκινδύνως
1176 3351 1306 3421 περὶ
1347 3351 1447 3421 τῆς
1489 3352 1814 3422 Ἡρωδιάδος

225 3436 395 3507 βοῶν·
432 3457 451 3489 ι
479 3440 592 3493 Οὐκ
640 3439 818 3505 ἔξεστί
858 3458 938 3495 σοι
973 3442 1121 3513 ἔχειν
1169 3444 1376 3514 αὐτήν
1411 3462 1431 3494 ι
1475 3445 1664 3498 οὐδένα
1707 3447 1814 3517 γὰρ

223 3530 362 3593 ὅλως
384 3530 478 3584 τοῦ
514 3531 708 3585 παθεῖν
739 3535 974 3588 ἐποιεῖτο
1002 3535 1183 3603 λόγον,
1210 3536 1371 3606 ἄχρις
1402 3536 1469 3589 ἂν
1496 3537 1643 3608 αύτῷ
1674 3540 1816 3592 κατά

223 3618 319 3673 τὸν
350 3620 685 3691 προτεθέντα
716 3622 920 3675 σκοπὸν
946 3622 1129 3688 διεξίοι
1156 3623 1225 3676 τὰ
1251 3624 1571 3694 πράγματα.
1596 3621 1817 3694 Δεσμώ-

224 3727 325 3781 της
360 3712 540 3765 τοίνυν
564 3714 594 3765 6
627 3712 836 3777 δίκαιος
862 3717 927 3769 ἐκ
961 3715 1299 3785 τυραννικῶν
1339 3714 1550 3783 ἐγίνετο
1582 3732 1817 3786 προστα-

223 3805 476 3874 γμάτων,
518 3806 615 3858 καί
652 3807 715 3859 τὸ
749 3806 922 3869 πάθος
968 3806 1236 3861 ἐδυσώπει
1265 3807 1357 3861 τὸν
1407 3806 1818 3879 φιλεγκλήμονα

223 3894 335 3947 τῶν
372 3895 641 3950 Ἰουδαίων
671 3897 820 3951 λαόν.
864 3899 954 3961 Ὠς
986 3898 1095 3969 γὰρ
1143 3899 1283 3970 ὑπὲρ
1334 3899 1501 3969 νόμου
1536 3899 1817 3968 πάσχοντα

225 3986 433 4052 λοιπὸν,
459 3988 679 4061 ἀγαπᾷν
705 3991 1067 4060 ἠναγκάζετο,
1117 3991 1463 4063 ἐτοιμότερός
1490 4008 1548 4044 τε
1574 3991 1674 4063 ⁴ήδη
1704 3993 1817 4057 τοῖς

225 4077 362 4151 παρ’
388 4080 553 4134 αὑτοῦ
580 4083 1005 4153 κηρυττομένοις
1029 4084 1168 4154 πρὸς
1192 4083 1252 4136 τὸ
1284 4084 1557 4137 πιστεύειν
1586 4084 1815 4153 ἐγίνετο.

225 4170 439 4225 Οὐκοῦν
485 4173 586 4235 τὰς
632 4172 743 4225 τῶν
792 4175 1061 4229 Ἰουδαίων
1123 4174 1368 4243 εὐνοίας,
1416 4176 1514 4229 καὶ
1562 4174 1662 4246 τὴν
1708 4176 1818 4229 τῶν

226 4263 610 4334 σκληροτέρων
652 4265 935 4320 ἀπείθειαν
982 4266 1272 4338 ἀγοράζειν
1314 4267 1504 4339 ὥσπερ
1543 4269 1572 4321 6
1615 4266 1821 4321 Βαπτι-

228 4356 363 4425 στὴς
409 4356 497 4409 διὰ
546 4356 640 4408 τοῦ
687 4360 919 4428 πάσχειν
965 4360 1243 4428 ἠπείγετο.
1294 4360 1510 4429 Ἐπειδὴ
1549 4360 1605 4412 δὲ
1646 4359 1818 4412 Πνεύ-

231 4463 403 4516 ματος
449 4448 604 4515 ἁγίου
655 4448 881 4518 μέτοχος
929 4448 1025 4515 ὢν,
1078 4451 1170 4502 καὶ
1218 4452 1565 4520 προφητικῆς
1614 4450 1820 4502 ἀναπε-

1923 3271 1979 3315 et
2001 3262 2261 3314 audacter
2300 3260 2370 3314 de
2420 3258 2725 3313 llerodiade
2764 3257 3008 3311 clatnans
3053 3274 3068 3311 :
3121 3274 3140 3306 ι
3188 3256 3302 3309 Non
3350 3256 3501 3317 licet.

1918 3352 2111 3420 inquit,
2137 3351 2230 3404 tibi
2254 3363 2374 3404 eam
2405 3348 2606 3403 habere
2632 3349 2712 3413 εις
2741 3365 2758 3398 ι
2790 3356 3102 3417 contempto
3130 3348 3286 3416 plane
3310 3348 3502 3401 mortis

1918 3443 2181 3513 periculo,
2207 3442 2334 3496 dum
2358 3442 2407 3496 ei
2431 3442 2495 3495 ad
2519 3440 2881 3510 prmétitutum
2908 3455 3129 3508 scopum
3165 3454 3253 3495 res
3272 3455 3501 3509 ageren-

1922 3546 2030 3592 tur.
2073 3535 2310 3606 Tyranni
2346 3536 2528 3601 itaque
2558 3532 2711 3601 jussu
2746 3533 2798 3586 in
2833 3534 3047 3587 vincula
3072 3530 3375 3599 coniectus,
3402 3532 3499 3585 Ju-

1917 3629 2060 3682 daeos
2077 3629 2144 3681 ad
2161 3626 2521 3681 accusandum
2543 3639 2741 3693 pronos
2756 3624 2855 3678 sibi
2875 3624 3200 3679 conciliavit.
3218 3623 3353 3675 Nam
3373 3624 3501 3692 quia

1918 3735 2017 3791 pro
2050 3718 2165 3789 lege
2199 3718 2522 3787 patiebatur,
2552 3731 2735 3771 amare
2758 3731 2879 3771 eum
2916 3720 3278 3786 cogebantur,
3319 3730 3503 3785 prom-

1918 3812 2228 3879 ptioresque
2274 3812 2340 3864 ad
2373 3810 2735 3864 adhibendum
2772 3809 3141 3879 praedicationi
3180 3808 3300 3875 ejus
3340 3810 3498 3861 Iidem

1919 3900 2306 3955 reddebantur.
2351 3898 2658 3953 Judamrum
2715 3899 2894 3967 itaque
2939 3900 3404 3960 benevolentiam,
3446 3910 3501 3953 et

1920 3993 2196 4047 duriorum
2247 3992 2681 4045 incredulitatem
2731 4000 2906 4045 morte
2960 4006 3053 4043 sua
3096 3990 3499 4059 quodamumdo

1921 4084 2153 4138 mercari
2191 4084 2432 4153 Baptista
2468 4084 2659 4137 voluit.
2708 4083 2845 4137 Cum
2881 4098 3010 4137 vero
3045 4082 3282 4149 Spiritus
3316 4083 3493 4136 sancti

1932 4177 2203 4247 particeps
2230 4185 2279 4229 ct
2312 4177 2627 4245 prophetica
2661 4179 2835 4244 gratia
2868 4190 2931 4228 ex
2971 4185 3126 4227 utero
3162 4177 3350 4227 matris
3388 4188 3500 4227 sua:

1922 4267 2112 4336 plenus
2141 4278 2309 4333 esset,
2364 4268 2822 4337 tyrannicumquc
2862 4279 3046 4319 ensem
3090 4266 3201 4333 jam
3241 4267 3497 4319 strictum

1921 4367 1974 4410 et
2009 4358 2207 4411 cervici
2245 4374 2355 4411 suae
2392 4358 2764 4410 imminentem
2796 4357 3156 4425 prmvidisset,
3201 4356 3500 4425 discipulos

1923 4464 2049 4503 suos
2080 4451 2132 4501 in
2168 4449 2271 4503 {ide
2308 4460 2435 4515 erga
2464 4448 2740 4502 Christum
2772 4447 3120 4502 Servatorem
3171 4448 3501 4501 continuare

226 4535 544 4607 πλησμένος
574 4538 794 4607 χάριτος
827 4538 906 4591 ἔτι
946 4540 1009 4592 ἐκ
1046 4540 1248 4603 κοιλίας
1293 4539 1497 4610 μητρὸς
1534 4539 1721 4603 αὐτοῦ,
1756 4539 1812 4592 τὸ

1923 4556 1986 4596 ac
2032 4542 2276 4595 stabilire
2311 4542 2502 4606 vulttil,
2541 4551 2708 4609 utque
2742 4537 2794 4593 id
2825 4539 2958 4593 citra
3020 4554 3237 4593 omnem
3286 4539 3501 4592 dubita~

223 4626 550 4697 τυραννικὸν
583 4627 807 4699 ἐθεώρει
839 4628 991 4697 ξίφος
1033 4630 1513 4701 ἀπογυμνούμενον
1549 4631 1647 4702 ἤδη
1667 4670 1683 4695 ,
1724 4632 1817 4685 καὶ

220 4714 322 4768 τὸν
354 4714 451 4768 τοῦ
494 4714 744 4785 σώματος
769 4718 1165 4789 ἀπαστράπτον
1203 4718 1453 4784 θάνατον,
1477 4718 1660 4790 ἐζήτει
1686 4721 1814 4784 τοὺς

225 4806 464 4870 οἰκείους
515 4807 764 4879 μαθητὰς
814 4808 1109 4880 βεϐαιῶσαι
1155 4810 1291 4874 πρὸς
1334 4811 1435 4879 τὴν
1488 4811 1669 4865 πίστιν
1715 4811 1814 4882 τὴν

228 4899 324 4951 ἐπὶ
355 4897 432 4968 τῷ
462 4898 673 4971 Σωτῆρι
714 4901 934 4971 Χριστῷ
956 4918 969 4931 ·
1004 4902 1200 4954 εἰδέναι
1228 4918 1285 4954 τε
1319 4903 1413 4955 καὶ
1447 4903 1594 4971 μάλα
1627 4902 1815 4969 σαφῶς

228 4987 496 5060 ἐπεθύμει
519 4992 639 5044 κατ’
662 4991 813 5044 οὐδὲν
838 4992 1230 5058 ἐνδοιάζοντας,
1260 4993 1450 5063 ὅτιπερ
1473 4994 1637 5056 αὐτός
1668 4996 1814 5046 ἐστιν

226 5084 255 5136 6
283 5083 377 5135 ἐπὶ
413 5084 658 5155 σωτηρίᾳ
692 5085 908 5138 πάντων
950 5086 1099 5155 ἥξειν
1131 5086 1599 5157 προσδοκώμενος.
1634 5089 1813 5157 Προσ-

228 5174 463 5225 ποιεῖται
488 5174 667 5226 τοίνυν
694 5175 1053 5244 οἰκονομικῶς
1083 5176 1317 5244 ἀγνοεῖν,
1342 5177 1431 5231 ἵνα
1462 5177 1814 5230 πιστεύσαντι

230 5264 518 5337 σύνδρομοι
554 5268 714 5320 πάλιν
741 5269 790 5320 οί
828 5268 1065 5339 μαθηταὶ
1115 5269 1253 5341 πρὸς
1290 5271 1352 5323 τὸ
1394 5271 1673 5324 πιστεύειν
1720 5271 1812 5323 εύ-

227 5355 519 5425 ρίσκοιντο.
541 5352 651 5410 ’Ἦν
692 5358 800 5429 γὰρ
824 5360 887 5430 δὴ
919 5361 1012 5413 καὶ
1048 5362 1395 5431 φρονήματος
1423 5363 1483 5414 ού
1517 5362 1719 5433 μικρὰν
1755 5364 1813 5414 ἐν

226 5447 404 5517 ἐαυτῷ
434 5449 533 5519 τὴν
566 5449 885 5512 ἀλαζονείαν
920 5451 1221 5515 ώδίνοντος,
1259 5453 1333 5523 μὴ
1376 5456 1494 5515 ταῖς
1525 5452 1617 5505 τοῦ
1663 5452 1810 5506 διδα-

225 5538 425 5591 σκάλου
474 5540 695 5610 μᾶλλον,
724 5543 860 5596 ἀλλά
901 5548 1021 5608 ταῖς
1064 5545 1292 5609 οἰκείαις
1339 5544 1809 5613 παιδαγωγεῖσθαι

225 5629 464 5699 βουλαῖς.
518 5633 724 5687 Οὐκοῦν
761 5637 1154 5708 οἰκονομικῶς,
1200 5638 1293 5691 καὶ
1327 5639 1394 5691 i’v‘
1435 5638 1607 5701 οὕτως
1640 5638 1806 5691 εἴπω-

292 5808 338 5839 ³⁹
368 5806 523 5861 Joan.
557 5823 595 5872 ι,
627 5809 718 5863 29.
796 5810 839 5841 ⁶⁰
862 5812 1017 5864 .loan.
1048 5828 1120 5875 rx,
1158 5814 1242 5868 l6.
1320 5814 1360 5843 ⁶¹
1390 5814 1574 5869 Matth.
1613 5832 1721 5881 xiv,
1751 5816 1801 5868 εί.

567 5907 837 5969 Peracta
876 5910 993 5967 Gn.
1036 5910 1270 5973 LXXV.

1928 4631 2126 4684 tionem
2155 4646 2471 4698 persuasum
2521 4632 2807 4693 haberent,
2859 4628 3132 4697 cupiebat,
3188 4627 3328 4696 quod
3385 4627 3501 4695 ipse

1916 4731 2060 4776 esset
2081 4723 2171 4791 qui
2210 4740 2305 4792 pro
2338 4722 2510 4775 Salute
2534 4722 2774 4774 omnium
2822 4731 3084 4774 venturus
3129 4734 3250 4772 esse
3298 4734 3500 4786 exspe-

1918 4816 2185 4866 ctabatur.
2222 4814 2383 4867 Certo
2415 4814 2599 4883 itaque
2631 4812 2866 4868 consilio
2899 4813 3118 4866 simulat
3148 4827 3208 4865 se
3248 4814 3457 4864 nescire
3480 4851 3497 4875 ,

1920 4916 1977 4957 ut
2043 4906 2291 4959 credenti
2348 4905 2447 4974 ipsi
2525 4905 2914 4975 discipulormn
2984 4905 3117 4958 fides
3174 4918 3497 4972 aggregare-

1920 5005 2027 5051 tur.
2088 4996 2370 5066 Regnabat
2427 4998 2571 5051 enim
2620 5013 2725 5052 non
2788 4999 2980 5066 exigua
3038 4999 3093 5050 iu
3158 4997 3357 5049 animis
3412 5010 3500 5049 co-

1923 5104 2040 5141 rum
2098 5091 2452 5157 arrogantia,
2528 5105 2705 5160 neque
2765 5105 2823 5144 se
2869 5100 2975 5142 tam
3032 5088 3277 5159 magistri
3334 5105 3496 5156 quam

1930 5182 2044 5234 Suis
2106 5182 2344 5249 ipslirum
2390 5184 2633 5236 consiliis
2690 5182 2976 5252 gubernari
3018 5182 3286 5235 volebant.
3340 5181 3497 5251 103

1920 5273 2083 5326 Certo
2121 5273 2282 5342 igitur
2332 5274 2585 5335 consilio,
2639 5286 2832 5344 atque,
2889 5284 2945 5327 ιιι
3004 5275 3076 5327 ita
3129 5274 3347 5341 dicam,
3386 5275 3497 5325 vel-

1922 5365 1995 5417 uti
2044 5365 2094 5418 iu
2127 5379 2284 5419 srena
2316 5365 2675 5435 ignorantium
2724 5380 3008 5436 personam
3044 5365 3293 5431 induens,
3332 5367 3499 5420 mittit

1919 5469 1985 5510 ex
2012 5456 2128 5511 suis
2154 5456 2440 5526 discipulis
2469 5459 2602 5514 duos
2628 5457 2854 5530 reliquis
2884 5460 3357 5527 iutelligcntiores,
3390 5460 3497 5514 eis-

1917 5563 2023 5618 que
2069 5548 2226 5619 jubet
2272 5560 2333 5604 ut
2382 5550 2748 5615 sciscitentur,
2794 5561 2851 5608 et
2909 5568 2975 5607 ex
3026 5553 3147 5606 viva
3191 5550 3495 5606 Servatoris

1920 5655 2049 5695 voce
2074 5650 2425 5711 cognoscant,
2453 5657 2520 5697 an
2547 5643 2660 5712 ipse
2686 5644 2753 5698 sit
2782 5644 2827 5698 is
2855 5644 2945 5714 qui
2971 5651 3336 5713 exspectatur.
3361 5640 3492 5695 Cum

3137 5910 3174 5968 6
