4072 6524
588 386 704 452 "ut

1592 385 1647 440 S.
1690 382 1959 440 CYlllLlJ
2004 382 2466 439 ALEXANDRINI
2511 384 2827 443 ARCIIIEP.

3757 383 3889 439 173'

583 527 735 567 'vero
785 511 821 564 ii
871 510 937 564 ad
987 508 1264 564 Christum
1318 505 1629 571 venissent,
1686 506 1789 561 hoc
1838 506 2174 575 intelligens,

2285 523 2403 576 μεν,
2434 505 2622 579 ὥσπερ
2671 508 2762 560 ἐπὶ
2800 507 3006 578 σκηνῆς
3042 506 3102 559 τὸ
3138 506 3240 559 τῶν
3289 506 3624 574 ἀγνοούντων
3682 521 3867 574 προσ-

607 604 802 675 quippe
834 602 926 671 qui
955 614 1114 656 verus
1141 600 1284 653 Dens
1310 607 1447 663 eral,
1472 599 1815 668 praeclarium
1839 598 1981 652 circa
2013 612 2175 666 aegro-

607 703 690 750 tos
740 708 903 763 opera
960 692 1328 760 miraculaqoe
1378 690 1612 754 edebat,
1665 704 1825 759 quam
1877 698 2065 755 antea;
2109 703 2173 744 ea

608 799 735 839 vero
766 793 915 838 certo
937 783 1166 838 consilio
1194 797 1293 852 per
1323 780 1450 835 illud
1481 790 1689 848 tempus
1716 782 2025 848 praestabat,
2053 794 2175 847 qua:

606 876 805 946 ipsum,
843 890 966 928 cum
998 875 1061 926 ad
1092 887 1188 927 nos
1220 873 1474 935 venisset,
1511 871 1785 940 pmphetaa
1813 870 2173 938 ρτενειὶιιιινυιη

562 1006 574 1052 ἶ
608 968 985 1037 praedixerant.
1019 964 1388 1033 Interrogatus
1421 965 1601 1031 itaque
1648 978 1753 1014 non
1795 961 1978 1015 statim
2010 960 2177 1028 proli-

562 1050 571 1115 ξ
610 1068 751 1110 tetur
790 1070 850 1110 se
884 1055 1031 1109 illum
1080 1068 1216 1118 esse,
1248 1052 1703 1123 sed'prnpheticis
1730 1050 2172 1122 praedictionibus

610 1146 875 1199 factorum
912 1156 965 1199 et
997 1143 1377 1198 miraculorum
1414 1142 1837 1213 magnitudinem
1872 1143 2173 1209 adaptans:

613 1256 629 1287 ι
670 1237 765 1298 Ite,
811 1236 1008 1306 inquit,
1059 1246 1113 1290 et
1142 1236 1450 1289 renuntiate
1482 1232 1674 1287 Joanni
1701 1250 1819 1302 qua:
1864 1232 2093 1286 audistis
2125 1238 2179 1284 et

607 1329 856 1396 vidistis;
899 1347 917 1380 ι
954 1328 1184 1383 audistis
1210 1330 1353 1381 enim
1381 1343 1474 1396 per
1505 1328 1813 1397 pmphetas,
1845 1325 2055 1379 vidistis
2078 1341 2175 1379 au-

612 1431 714 1473 tem
749 1434 844 1489 per
876 1434 960 1473 me
1004 1419 1244 1488 impleta.
1285 1419 1419 1472 Cum
1472 1419 1653 1488 itaque
1699 1420 1750 1472 hi
1800 1419 2084 1482 ahiissent,
2121 1426 2180 1472 ut

607 1511 936 1581 evangelista
976 1511 1090 1577 ipse
1120 1519 1371 1577 testatur,
1407 1512 1571 1579 cmpit
1603 1510 1849 1565 Christus
1883 1509 2026 1579 loqui
2063 1520 2177 1563 tur-

610 1602 693 1655 bis
742 1604 808 1654 de
863 1599 1111 1655 Joanne:
1148 1620 1169 1652 ι
1208 1600 1345 1667 Quid
1390 1601 1584 1655 e‘xistis
1630 1599 1896 1653 videre‘h
1955 1608 2010 1653 et
2059 1613 2181 1667 quae

606 1690 859 1759 deinceps
905 1700 1231 1759 sequuntur.
1274 1688 1648 1743 Necessarium
1691 1702 1821 1742 vero
1860 1687 2016 1756 plane
2043 1686 2177 1752 'luit,

602 1791 663 1833 ut
689 1779 940 1833 Christus
970 1780 1034 1832 de
1057 1776 1267 1832 Joanne
1295 1792 1599 1833 sermonem
1634 1777 1854 1832 laceret.
1878 1776 2013 1832 Cum
2034 1779 2178 1832 enim

605 1870 933 1926 circumfusa
989 1870 1297 1923 auditorum
1338 1869 1493 1922 turba
1536 1869 1900 1937 cognovisset,
1947 1868 2181 1937 discipu-

608 1962 689 2016 los
723 1959 949 2016 Joannis
976 1974 1118 2024 esse,
1158 1960 1248 2029 qui
1280 1959 1760 2028 interrogationem
1790 1959 1936 2012 illam
1961 1957 2178 2013 Christo

598 2052 1036 2120 prnpnsuissent,
1067 2065 1299 2120 cumque
1333 2051 1431 2117 ipsi
1465 2065 1570 2103 non
1604 2057 1662 2103 ut
1690 2064 1787 2104 sua
1814 2050 2051 2118 ipsorum
2074 2050 2178 2103 du-

598 2145 876 2199 bitatione
933 2157 1054 2197 sese
1109 2142 1427 2204 liberarent,
1463 2141 1757 2204 venissent,
1804 2141 1899 2195 sed
1950 2141 2098 2196 illum
2148 2157 2179 2195 a

598 2251 715 2304 quo
747 2235 897 2288 missi
921 2243 1095 2297 erant,
1120 2232 1319 2302 quique
1345 2232 1426 2286 eis
1452 2240 1512 2285 ut
1546 2231 1598 2285 id
1626 2230 2061 2296 sciscitarentur,
2098 2232 2182 2285 in-

595 2327 891 2397 ‘jnnxerat;
952 2324 1219 2379 intellexit
1270 2324 1453 2378 statim
1500 2323 1781 2388 Christus,
1842 2326 2043 2392 quippe
2088 2323 2180 2392 qui

598 2419 775 2473 corda
832 2428 888 2472 et
938 2416 1292 2486 cogitationes
1338 2415 1614 2469 hominum
1660 2414 1899 2481 novit“,
1943 2415 2181 2468 dicturos

596 2524 732 2563 ‘esse
773 2506 1081 2568 nonnullos,
1125 2514 1217 2559 aut
1246 2504 1447 2574 alioqui
1493 2519 1680 2559 secum
1713 2505 2043 2573 cogitaturos
2073 2522 2088 2558 :
2121 2503 2180 2559 Si

598 2600 666 2652 ~in
697 2598 839 2652 hunc
876 2610 1046 2665 usque
1076 2596 1217 2648 diem
1234 2593 1479 2649 «Joannes
1504 2594 1742 2663 Baptista
1771 2593 2047 2648 Christum
2074 2610 2179 2648 non

598 2688 783 2754 \novit,
808 2702 916 2757 quo
942 2696 1099 2756 pacto
1123 2685 1277 2737 nobis
1300 2683 1447 2737 illum
1470 2684 1711 2737 ostendit
1735 2684 1920 2737 dicens
1945 2701 1958 2737 :
1989 2701 2007 2736 ι
2042 2684 2182 2739 Ecce

597 2783 796 2850 Agnus
827 2778 940 2846 Lei,
966 2776 1053 2848 qui
1083 2775 1220 2830 tollit
1244 2784 1527 2845 peccatum
1562 2774 1787 2828 mundi?
1814 2793 1837 2825 τι
1877 2774 1940 2828 Ει
1966 2776 2181 2844 quidem

598 2873 906 2927 'verendum
948 2879 1066 2925 erat
1120 2883 1186 2924 ne
1240 2883 1343 2922 non
1393 2883 1580 2936 parum
1608 2866 1788 2921 damni
1826 2866 1949 2922 inde
1982 2868 2032 2921 in
2071 2877 2183 2922 tur-

597 2964 735 3017 -ham
777 2960 1099 3027 perveniret.
1134 2958 1524 3025 Quamobrem,
1567 2966 1626 3010 ut
1672 2956 1985 3026 scrupulum
2038 2957 2182 3011 illiilli

589 3052 808 3106 -~animis
846 3065 1033 3105 eorum
1078 3050 1344 3103 eximeret
1378 3055 1433 3100 et
1480 3045 1721 3100 scandali
1772 3062 1959 3099 ansam
1994 3046 2182 3114 prteri-

593 3152 784 3212 .peret,
830 3143 903 3195 ita
942 3141 1009 3194 ad
1057 3154 1152 3195 eos
1182 3139 1295 3192 ait:
1337 3156 1354 3188 ι
1383 3136 1522 3202 Quid
1572 3138 1763 3190 existis
1810 3138 1863 3189 in
1912 3138 2182 3193 desertum

2275 602 2474 652 ωπεῖον
2518 600 2695 669 ἐαυτῷ
2731 600 2995 670 περιθεὶς,
3034 600 3242 669 πέμπει
3272 599 3380 650 τῶν
3413 599 3627 651 οἰκείων
3675 599 3869 668 μαθηο

2274 689 2591 761 τῶν,οἶπερ
2628 686 2768 761 ἦσαν
2808 690 3194 758 συνετώτεροι,
3235 690 3325 743 κου⁵
3375 689 3436 759 δὴ
3469 691 3563 742 καὶ
3610 690 3869 742 ἀναπυν-

2277 778 2535 831 θάνεσθαι
2562 779 2795 841 κελεύει,
2831 779 2925 830 καὶ
2953 777 3037 830 διὰ
3068 778 3245 849 ζώσης
3274 779 3364 829 τοῦ
3394 777 3643 847 Σωτῆρος
3674 776 3871 845 φωνῆς

2276 868 2555 936 ἐκμαθεῖν,
2600 870 2655 920 ἐἰ
2708 869 2871 930 αὑτός
2921 870 3067 920 ἐστιν
3121 866 3587 937 προσδοκώμενος.
3636 867 3870 936 Ἐπειδὴ

2275 956 2330 1007 δέ
2350 952 2492 1026 κῆκον
2518 956 2618 1027 ἤδη
2648 956 2783 1027 πρὸς
2816 955 2905 1008 τὸν
2941 954 3147 1025 Ἰησοῦν
3175 956 3224 1007 οἱ
3254 954 3672 1025 ἀπεσταλμένοι,
3702 953 3873 1005 τοῦτο

2278 1049 2485 1113 συνεὶς,
2536 1047 2630 1101 ἆτε
2671 1047 2736 1118 δὴ
2781 1047 2912 1110 Θεὸς
2963 1046 3222 1115 ὑπάρχων
3270 1045 3541 1115 ἀληθινὸς,
3592 1045 3875 1096 πλουσιω-

2276 1139 2331 1192 τέ
2344 1157 2440 1210 ραν
2467 1142 2700 1192 ἐποιεῖτο
2726 1140 2824 1209 τὴν
2848 1139 2940 1191 ἐπὶ
2966 1141 3076 1200 τοῖς
3103 1139 3369 1206 κάμνουσι
3405 1137 3742 1205 φιλοτιμίαν,
3772 1137 3873 1188 καὶ

2281 1230 2599 1300 παραδόξων
2644 1231 2935 1300 ηὑρίσκετο
2970 1229 3200 1298 ποιητὴς
3230 1228 3347 1279 τότε
3406 1227 3604 1296 μᾶλλον
3651 1229 3685 1295 ἢ
3730 1229 3875 1296 πρό-

2278 1338 2467 1394 τερον⁹
2501 1325 2686 1375 ἐκεῖνα
2716 1323 2770 1374 δὲ
2809 1320 3166 1391 οἰκονομικῶς
3209 1321 3493 1390 εἰργάζετο
3537 1321 3657 1372 κατ’
3686 1323 3875 1372 ἐκεῖνο

2282 1413 2517 1485 μάλιστα
2572 1411 2784 1482 καιροῦ,
2809 1411 2954 1480 ἆπερ
2999 1410 3159 1463 αὑτὸν
3198 1408 3550 1473 ἐπιτελέσειν,
3577 1410 3709 1460 ὅταν
3740 1410 3873 1478 ἥκοι

2280 1504 2419 1576 πρὸς
2460 1504 2627 1573 ἡμᾶς,
2677 1504 2726 1555 οἱ
2762 1502 3040 1572 προφῆται
3085 1500 3419 1571 διήγγελλον.
3474 1501 3873 1569 Ἐρωτώμενας

2278 1598 2480 1660 τοίνυν,
2515 1596 2614 1649 οὐκ
2650 1595 2809 1657 εὐθὺς
2857 1594 3069 1663 ὑπαντᾷ
3100 1593 3191 1645 καί
3237 1609 3369 1663 φησι
3400 1591 3482 1654 τδ,
3519 1590 3663 1657 Ἐγὼ
3694 1593 3825 1659 εἰμι
3854 1632 3873 1652 ,

2281 1686 2415 1742 ἀλλὰ
2447 1688 2557 1749 τοῖς
2587 1685 2942 1756 προφητικοῖς
2978 1681 3296 1752 κηρύγμασι
3325 1680 3422 1750 τὴν
3452 1684 3508 1733 ἐν
3529 1682 3639 1741 τοῖς
3668 1680 3877 1731 ἀποτε-

2280 1778 2517 1831 λεσθεῖσι
2542 1775 2807 1846 παραθεὶς
2834 1774 3262 1844 μεγαλουργίαν·
3301 1793 3319 1823 ι
3352 1771 3740 1839 Πορευθέντες,
3776 1789 3877 1839 φης

2212 1883 2252 1938 Β
2285 1872 2387 1933 σὶν,
2414 1868 2788 1936 ἀπαγγείλατε
2834 1866 3053 1936 Ἰωάννῃ
3082 1865 3118 1918 ἃ.
3147 1866 3314 1918 εἴδετε
3365 1864 3457 1915 καὶ
3498 1864 3783 1931 ⁴ἢκούσατε
3804 1879 3818 1889 ·
3851 1882 3871 1913 ι

2286 1961 2553 2029 ἠκούσατε
2586 1959 2682 2028 μὲν
2707 1959 2815 2026 γὰρ
2842 1956 2933 2009 διὰ
2955 1955 3065 2009 τῶν
3098 1953 3414 2025 προφητῶν,
3449 1952 3614 2006 εἰδετε
3644 1953 3705 2006 δέ
3736 1953 3879 2022 πλη-

2288 2050 2526 2123 ρωθέντα
2555 2050 2622 2102 δι’
2660 2047 2816 2119 ἐμοῦ.
2870 2046 3035 2099 Ἀλλά
3078 2047 3284 2099 τούτων
3334 2043 3738 2116 πορευομένων,
3798 2047 3878 2107 ὡς

2286 2143 2446 2203 αὑτός
2466 2158 2641 2210 φησιν
2656 2142 2687 2192 ὁ
2715 2139 3126 2207 εὑαγγελιστὴς,
3148 2136 3347 2210 ἤρξατο
3365 2140 3400 2190 ὑ
3424 2139 3661 2208 Χριστὸς
3689 2138 3876 2205 λέγειν

2287 2237 2395 2296 τᾶς
2421 2233 2596 2302 ὄχλοις
2623 2232 2750 2300 περὶ
2787 2232 3032 2285 Ἰωάννου
3050 2248 3064 2261 ⁸
3088 2250 3116 2282 1
3146 2231 3210 2282 Τί
3243 2229 3494 2301 ἐξήλθετε
3525 2229 3693 2295 ἱδεῖνς
3721 2249 3737 2279 i
3777 2234 3874 2283 καὶ

2285 2325 2355 2377 τά
2383 2323 2592 2385 τούτοις
2627 2322 2821 2393 ἐφεξῆς
2861 2322 3107 2392 κείμενα.
3150 2322 3469 2388 Ἀναγκαῖον
3495 2321 3550 2373 δὲ
3579 2321 3744 2373 πάλιν
3774 2324 3870 2373 καὶ

2286 2414 2376 2467 τὸν
2420 2414 2548 2484 περὶ
2588 2411 2779 2466 τούτου
2814 2412 2970 2480 λόγον
3011 2413 3307 2482 ἐποιήσατο
3351 2413 3601 2481 Χριστός.
3644 2413 3868 2479 Ἐπειδὴ

2286 2505 2394 2577 γὰρ
2426 2504 2727 2575 ἐμάνθανεν
2758 2505 2791 2575 ἡ
2827 2521 2892 2556 πε
2904 2503 3174 2574 ριεστῶσα
3201 2502 3308 2555 τῶν
3335 2503 3704 2572 ἀκροωμένων
3734 2502 3870 2570 πλη-

2288 2597 2418 2661 θὺςε,
2470 2596 2546 2659 ὡς
2581 2592 2721 2666 ἦσαν
2772 2596 2870 2666 μέν
2924 2594 3032 2647 τῶν
3067 2594 3311 2648 Ἰωάννου
3367 2593 3625 2664 μαθητῶν
3663 2594 3719 2645 oi
3772 2594 3870 2662 τὴν

2289 2686 2481 2740 πεῦσιν
2505 2687 2890 2757 προσάγοντες,
2914 2680 3047 2758 ἧκον
3069 2684 3126 2739 δέ
3150 2686 3250 2737 οὑκ
3273 2684 3409 2747 ἰδίας
3424 2685 3621 2756 ὥσπερ
3644 2686 3871 2754 ἀγνοίας

2287 2778 2577 2847 ζητοῦντες
2619 2777 2959 2847 ἀπαλλαγὴν,
2991 2776 3130 2830 ἀλλά
3162 2776 3262 2845 τῆς
3303 2776 3468 2829 αὑτοῦ
3517 2778 3873 2847 πεπομφότος

2290 2869 2384 2920 καὶ
2414 2867 2675 2939 διερωτᾷν
2717 2847 3131 2930 ἀναπείθοντος,
3171 2868 3503 2936 κατενόησεν
3546 2866 3643 2919 ἆτε
3675 2867 3745 2937 δὴ
3779 2870 3874 2919 καὶ

2290 2958 2517 3030 καρδίας
2560 2958 2734 3024 εἰδὼς,
2761 2959 2863 3011 καὶ
2901 2958 2969 3010 τὰ
2998 2960 3055 3011 ἐν
3092 2957 3170 3028 τῷ
3209 2958 3487 3030 ἀνθρώπῳ
3520 2960 3870 3027 γιγνώσκων,

2290 3049 2370 3102 ὅτι
2404 3050 2623 3111 πάντως
2665 3049 2849 3119 ἐροῦσι
2897 3067 3041 3112 τινες
3087 3050 3181 3102 καὶ
3231 3049 3537 3117 λογιοῦνται
3582 3052 3707 3104 καθ’
3740 3055 3871 3104 ἐαυο

2292 3137 2449 3201 τούςο
2490 3139 2561 3190 El
2609 3137 2768 3208 μέχρι
2820 3138 3057 3207 σήμερον
3109 3138 3291 3207 ἀγνοεῖ
3341 3139 3430 3192 τὸν
3464 3140 3673 3210 Ἰησοῦν
3704 3143 3736 3193 ὁ
3773 3161 3877 3210 μα-

610 3236 836 3289 videre?
901 3233 1238 3286 Arundinem
1291 3241 1452 3283 vento
1509 3229 1805 3292 agitatam?
1840 3248 1859 3281 ι
1917 3230 2182 3284 Admirati

2288 3229 2477 3299 κάριος
2513 3229 2797 3299 Ἰωάννης,
2846 3229 2963 3291 πῶς
3007 3230 3139 3298 ἡμῖν
3173 3229 3334 3281 αὑτὸν
3384 3230 3624 3284 ἐδείκνυε
3667 3232 3873 3299 λέγων’

602 3324 770 3389 estis,
828 3322 1036 3391 inquit,
1081 3319 1345 3375 Joannem
1385 3320 1717 3387 Baptistam,
1775 3328 1828 3374 et
1881 3321 2188 3390 frequenter

614 3414 772 3483 longa
826 3426 923 3483 per
963 3412 1309 3466 solitudinem
1361 3410 1696 3479 profectione
1744 3410 1891 3464 illum
1940 3412 2186 3477 adiiStis,

619 3503 803 3557 multis
833 3502 1109 3556 laboribus
1137 3501 1445 3565 utilitatem,
1483 3517 1644 3569 quam
1678 3501 1804 3556 inde
1837 3504 2191 3571 exspectaba-

618 3593 709 3658 tis,
742 3592 1091 3647 redimentes.
1117 3590 1390 3646 Cancrum
1421 3592 1708 3646 temerarie
1748 3592 1991 3662 profecto
2017 3594 2191 3646 nulla-

616 3697 724 3751 que
756 3682 948 3736 idonea
987 3684 1053 3736 de
1085 3696 1256 3736 causa
1306 3682 1453 3734 illum
1487 3682 1738 3735 admirati
1785 3684 1940 3746 estis,
1976 3683 2020 3737 si
2065 3699 2188 3736 eum

617 3777 753 3830 adeo
798 3775 972 3829 levem
1027 3773 1376 3838 existimatis,
1418 3783 1475 3826 ut
1516 3773 1769 3827 arundini
1823 3783 2188 3843 comparetur,

616 3882 737 3933 qua:
774 3864 1029 3919 facillime
1063 3867 1113 3918 in
1144 3865 1395 3933 quamvis
1434 3873 1640 3933 partem
1677 3875 1836 3920 vento
1880 3864 2188 3934 impellitur.

617 3957 896 4024 Quomodo
922 3955 1080 4025 104.
1106 3958 1250 4009 enim
1294 3971 1399 4008 non
1431 3954 1693 4022 ejusmodi
1734 3971 1855 4010 esse
1887 3956 2189 4024 deprehen-

619 4049 799 4108 datur,
856 4047 926 4112 si,
972 4061 1081 4115 prae
1115 4060 1307 4114 magna
1359 4046 1521 4099 animi
1565 4046 1801 4109 levitate,
1835 4061 1995 4115 quem
2044 4047 2193 4100 novit

621 4151 780 4192 nosse
806 4152 864 4190 se
887 4137 1195 4190 intieiatur?
1228 4137 1299 4188 At
1327 4152 1430 4190 non
1461 4137 1777 4190 arundinem
1803 4146 1973 4191 certe,
2004 4157 2022 4189 ι
2055 4137 2192 4203 Quid

625 4234 806 4279 tamen
863 4225 1055 4278 existis
1086 4223 1305 4277 videre?
1337 4222 1692 4277 Hominemne
1743 4221 1993 4276 mollibus
2025 4220 2191 4276 vesti-

626 4317 822 4372 mentis
859 4316 1145 4371 indutum?
1179 4315 1318 4370 Ecce
1362 4315 1451 4383 qui
1499 4314 1749 4368 mollibus
1780 4312 2095 4378 induuntur,
2138 4313 2193 4368 in

623 4406 879 4463 domibus
914 4422 1097 4476 regum
1142 4415 1292 4461 sunt.
1327 4423 1348 4458 ι
1384 4405 1561 4474 Atque
1611 4404 1679 4459 iis
1719 4404 1958 4471 quidem,
1997 4404 2191 4473 inquit,

622 4498 1033 4553 convenientius
1047 4497 1119 4552 sit
1147 4497 1368 4553 levitate
1387 4497 1551 4551 animi
1580 4496 1849 4551 laborare.
1875 4495 2026 4552 Unde
2048 4498 2192 4552 enim

622 4590 713 4658 qui
741 4590 1012 4660 perpetuis
1045 4590 1319 4644 laboribus
1362 4603 1484 4644 sese
1514 4597 1751 4654 exercet,
1790 4603 2191 4659 corporeasque

623 4679 941 4735 affectiones
989 4681 1208 4734 assidue
1255 4679 1504 4748 reprimit
1551 4693 1616 4732 ac
1665 4680 1869 4744 domat,
1900 4679 1952 4733 in
1987 4689 2191 4734 tantam

631 4774 908 4827 levitatem
954 4772 1060 4827 labi
1095 4772 1321 4842 posset?
1368 4769 1501 4825 Nam
1555 4771 1926 4839 hujuscemodi
1977 4771 2192 4827 levitate

626 4865 823 4919 mentis
858 4864 1108 4917 laborare
1150 4873 1234 4916 est
1282 4862 1472 4926 animi,
1528 4862 1718 4935 inquit,
1768 4864 1859 4931 qui
1921 4880 2025 4917 non
2082 4876 2191 4918 tam

624 4971 815 5023 aspera
846 4956 1054 5009 vivendi
1088 4957 1317 5017 ratione,
1347 4970 1508 5023 quam
1546 4954 1834 5008 mundanis
1868 4939 2074 5010 deliciis
2100 4957 2194 5010 de-

627 5049 873 5101 lectetur.
907 5046 962 5098 Si
995 5060 1124 5114 ergo
1148 5060 1270 5099 eum
1306 5045 1646 5098 admiramini
1686 5054 1940 5113 tanquam
1964 5061 1995 5099 a
2019 5046 2197 5100 molli-

629 5135 698 5186 tie
719 5134 1123 5196 abhorrentem,
1158 5134 1381 5186 tribuite
1406 5132 1566 5185 etiam
1594 5133 1665 5185 illi
1698 5133 2006 5187 ﬁrmitatem
2031 5136 2195 5191 animi

626 5223 888 5291 ejusmodi
938 5224 1219 5278 laboriosae
1256 5224 1379 5277 vitae
1409 5226 1836 5279 convenientem.
1886 5226 1941 5280 Si
1976 5240 2103 5280 vero
2138 5227 2190 5281 in

626 5313 836 5383 optimo
866 5314 988 5368 vita:
1018 5329 1217 5383 genere
1257 5315 1389 5369 nihil
1416 5315 1648 5384 amplius
1682 5318 1940 5382 statuitis,
1977 5319 2071 5374 sed
2100 5333 2194 5373 eo-

629 5407 749 5458 dem
785 5405 975 5458 ordine
1028 5405 1239 5459 habetis
1278 5419 1399 5460 eum
1427 5408 1517 5476 qui
1570 5406 1781 5463 laborat
1830 5425 1950 5462 cum
2000 5425 2068 5465 eo
2098 5409 2191 5479 qui

632 5494 936 5555 deiiciatur.
985 5508 1102 5559 cur,
1152 5497 1474 5566 contemptis
1504 5500 1568 5551 iis
1599 5498 1690 5568 qui
1742 5500 1930 5552 sericis
1959 5498 2195 5553 vestibus

631 5593 859 5637 utuntur
891 5592 944 5638 et
991 5584 1041 5636 in
1090 5584 1227 5638 aulis
1274 5600 1455 5654 regum
1494 5601 1810 5655 versantur,
1855 5605 1977 5641 eum
2017 5585 2197 5656 quiin

711 5758 753 5792 θ’
785 5761 920 5815 Ps.~|.
961 5778 1109 5827 scut,
1158 5763 1233 5816 ll.
1326 5749 1330 5752 ⁴

2248 3316 2252 3322 ’
2294 3337 2311 3367 ι
2346 3319 2449 3371 ’Ίδε
2480 3319 2507 3369 ὁ
2526 3318 2718 3387 Ἀμνδς
2748 3317 2842 3369 τοῦ
2880 3317 3037 3381 Θεοῦ,
3066 3319 3095 3370 ὁ
3126 3319 3294 3389 αῖρων
3340 3322 3438 3388 τὴν
3476 3323 3757 3394 ἁμαρτίαν
3782 3324 3874 3376 τοῦ

2287 3409 2577 3478 κόσμους»
2624 3408 2734 3461 Καὶ
2792 3404 2860 3479 ἧν
2906 3409 2966 3461 οὐ
3022 3410 3218 3479 μικρὸν
3268 3411 3519 3464 ἐντεῦθεν
3581 3414 3877 3467 ὑπολαϐεῖν

2289 3497 2507 3549 ἔσεσθαι
2528 3500 2638 3560 τοῖς
2666 3496 2841 3567 ὄχλοις
2866 3498 2926 3550 τὸ
2958 3498 3172 3569 βλάϐος.
3199 3499 3406 3552 Οὐκοῦν
3436 3501 3495 3553 τὸ
3524 3502 3877 3573 συμϐεὸηκὴ

2291 3589 2471 3649 αὐτοῖς
2509 3587 2826 3657 θεραπεύων
2862 3588 3053 3654 πάθος,
3085 3590 3180 3641 καὶ
3224 3590 3322 3660 τὴν
3352 3590 3462 3645 ἀπὸ
3496 3591 3589 3643 τοῦ
3640 3595 3878 3646 σκανδά·

2290 3680 2402 3748 λουζ
2437 3678 2640 3749 ζημίαν
2688 3679 3022 3751 ἀπορριζῶν,
3080 3680 3229 3748 λέγει
3277 3681 3410 3751 πρὸς
3468 3682 3700 3747 αὐτούς·
3738 3706 3756 3734 ι
3813 3684 3877 3737 Τί

2291 3769 2541 3838 ἐξήλθετε
2574 3770 2654 3832 είς
2684 3768 2782 3839 τὴν
2814 3769 3019 3840 ἔρημον
3057 3770 3220 3835 ίδεῖν;
3250 3772 3496 3841 κάλαμον
3529 3772 3635 3825 ὑπὸ
3671 3774 3877 3842 ἀνέμου

2296 3861 2689 3931 σαλευόμενον;
2723 3880 2741 3911 ι
2788 3860 3201 3929 Ἑθαυμάσατε,
3247 3862 3407 3931 φησι,
3452 3864 3545 3915 τὶν
3604 3864 3879 3933 μακάριον

2293 3951 2623 4020 Βαπτιστὴν,
2656 3949 2752 4002 καὶ
2794 3949 2858 4018 δὴ
2895 3950 2990 4002 καὶ
3022 3951 3121 4020 τὴν
3161 3950 3295 4020 πρὸς
3344 3952 3507 4004 αὑτὸν
3559 3953 3878 4023 ἀποδημίαν

2294 4040 2615 4095 ἐπονίσασθε
2659 4039 2941 4104 πολλάκις,
2971 4040 3071 4103 τὰς
3110 4038 3251 4092 οὕτω
3284 4041 3498 4110 μακρὰς
3530 4045 3627 4105 τῆς
3664 4045 3877 4114 ἐρήμου

2293 4132 2709 4203 κατατρίϐοντες
2739 4132 2913 4196 ὁδοὺς,
2950 4133 3043 4185 καὶ
3074 4131 3257 4203 ίδρῶτι
3288 4133 3465 4203 πολλῷ
3497 4132 3595 4205 τὴν
3623 4136 3879 4191 ἐντεῦθεν

2293 4224 2558 4294 ὠφέλειαν
2607 4222 2927 4294 ὠνούμενοι.
2960 4225 3083 4294 Ἆρ’
3122 4220 3217 4277 οὖν
3248 4225 3371 4293 εἰκῆ
3414 4226 3506 4277 καὶ
3543 4228 3877 4298 προχείρως,

2295 4316 2479 4385 φησιν,
2514 4314 2871 4385 ἐθαυμάζετε,
2901 4316 3060 4386 εῐπερ
3086 4314 3259 4378 οὓτως
3284 4316 3442 4369 αὑτὸν
3476 4316 3710 4387 ἐλαφρὸν
3731 4320 3879 4388 ἐχειν

2293 4406 2469 4459 οἴεσθε
2510 4406 2599 4459 τὸν
2638 4407 2784 4471 νοῦν,
2826 4407 2902 4469 ὡς
2940 4408 3318 4478 προσεοικέναι
3367 4408 3597 4479 καλάμῳ
3634 4409 3711 4479 τῷ
3755 4411 3877 4462 λίαν

2295 4494 2524 4565 ἑτοίμως
2563 4496 2646 4563 ἐφ’
2673 4495 2812 4565 ὅπερ
2848 4496 2913 4549 ἂν
2946 4495 3157 4567 συνωθῇ
3201 4497 3261 4549 τὸ
3290 4496 3505 4568 πνεῦμα
3540 4498 3872 4555 συννεύοντι.

2227 4573 2269 4626 Ῐ)
2300 4586 2423 4650 Πῶς
2449 4585 2557 4657 γὰρ
2584 4586 2702 4656 οὐχὶ
2729 4585 2965 4649 τοιοῦτος
2987 4586 3063 4639 ὢν
3086 4588 3461 4657 εὑρεθήσεται,
3493 4589 3653 4659 εἴπερ
3679 4589 3871 4654 ὅντως,

2294 4677 2352 4729 ὃν
2366 4676 2523 4741 οἶδεν,
2540 4679 2751 4746 ἀγνοεῖν
2764 4677 3034 4747 ὁμολογεῖ,
3051 4678 3114 4729 ἐκ
3132 4678 3331 4748 πολλῆς
3351 4695 3494 4741 τινος
3509 4678 3667 4733 τοῦτο
3685 4680 3876 4734 παθὼν

2295 4768 2591 4839 ἐλαφρίαςς
2627 4768 2764 4821 Ἀλλ’
2792 4769 2851 4821 οὑ
2882 4769 3124 4839 κάλαμον
3161 4769 3259 4838 μέν
3281 4785 3295 4797 ο
3333 4788 3351 4820 ι
3381 4770 3423 4820 Τ
3429 4770 3443 4820 ί
3475 4770 3533 4822 δέ
3562 4771 3712 4840 ὅμως
3749 4771 3876 4824 ίδεῖν

2294 4858 2578 4930 emes-:5;
2603 4857 2920 4929 ’Ἄνθρωπον
2944 4861 2999 4910 ἐν
3027 4859 3285 4928 μαλακοῖς
3308 4860 3713 4929 ἡμφιεσμένον;
3744 4861 3875 4914 Ἰδοὺ

2296 4949 2345 4999 oi
2376 4948 2444 5000 τά
2477 4948 2697 5018 μαλακά
2726 4946 3016 5017 φοροῦντες
3054 4949 3110 4999 ἐν
3139 4950 3251 5011 τοῖς
3280 4950 3449 5011 οἴκοις
3473 4948 3582 5001 τῶν
3609 4947 3877 5018 βασιλέων

2300 5039 2457 5094 εἰσίν.
2487 5058 2504 5090 ι
2539 5035 2631 5102 οἷς
2670 5039 2734 5108 δὴ
2769 5039 2861 5091 καὶ
2903 5039 3103 5108 μᾶλλον
3135 5040 3199 5091 ἂν
3244 5040 3352 5109 εἴη,
3388 5040 3573 5110 φησὶν,
3608 5041 3878 5110 ἁρμοδιὼ⁴

2300 5148 2456 5201 τερον
2501 5131 2561 5183 τὸ
2604 5132 2661 5182 ἐν
2693 5132 2882 5200 φρεσὶν
2914 5130 3179 5199 ὑπάρχειν
3225 5131 3503 5200 ἐλαφραῖς.
3544 5130 3715 5183 Πόθεν
3771 5133 3877 5201 γὰρ

2302 5223 2330 5273 ὁ
2362 5220 2607 5283 σύντονος
2645 5218 2788 5272 οὑτω
2834 5220 2959 5291 περὶ
3008 5221 3103 5290 τὴν
3153 5220 3405 5289 ἄσκησιν,
3444 5220 3656 5289 βέϐαιός
3690 5237 3751 5274 τε
3788 5213 3896 5274 καὶί

2305 5312 2470 5375 πολὺς
2512 5314 2591 5374 εἰς
2630 5311 2691 5363 τὸ
2724 5312 2815 5365 καὶ
2851 5312 3029 5364 αὐτῶν
3054 5311 3161 5363 τῶν
3193 5311 3292 5380 τῆς
3327 5312 3526 5381 σαρκὸς
3574 5316 3881 5381 καταγωνί-

2308 5402 2493 5465 ζεσθαι
2528 5402 2734 5466 παθῶν,
2766 5402 2845 5464 είς
2878 5400 3148 5473 τοσαύτην
3180 5402 3418 5472 ἀμαθίαν
3450 5402 3776 5471 ἐκδήσεται;
3811 5405 3883 5456 Τὸ

2306 5495 2414 5564 γὰρ
2456 5496 2511 5545 ἐν
2544 5493 2768 5565 τοιαύτῃ
2812 5494 3024 5547 κεῖσθαι
3064 5495 3299 5557 διανοίας
3350 5481 3676 5567 nou-196mm...
3702 5481 3884 5566 ψυχῆς

2308 5586 2372 5640 ἂν
2402 5586 2510 5656 εἴη,
2546 5586 2728 5658 φησιν,
2758 5584 2818 5637 ού
2853 5585 3294 5657 σκληραγωγίαις
3336 5584 3559 5655 μᾶλλον,
3586 5585 3723 5640 ἀλλά
3768 5592 3883 5649 ταῖς
