  <div class='ocr_page' id='page_1' title='image "/cluster/home/n/w/nwhite01/storage/ocr_20150623/75/hvd.32044019207935/098.png"; bbox 0 0 4072 6520; ppageno 0'>
   <div class='ocr_carea' id='block_1_1' title="bbox 265 371 369 429">
    <p class='ocr_par' dir='ltr' id='par_1_1' title="bbox 265 371 369 429">
     <span class='ocr_line' id='line_1_1' title="bbox 265 371 369 429; baseline 0.01 -2"><span class='ocrx_word' id='word_1_1' title='bbox 265 371 369 429; x_wconf 65' lang='grc'><strong>175</strong></span> 
     </span>
    </p>
   </div>
   <div class='ocr_carea' id='block_1_2' title="bbox 1682 359 2126 420">
    <p class='ocr_par' dir='ltr' id='par_1_2' title="bbox 1682 359 2126 420">
     <span class='ocr_line' id='line_1_2' title="bbox 1682 359 2126 420; baseline 0 -1"><span class='ocrx_word' id='word_1_2' title='bbox 1682 359 2126 420; x_wconf 68' lang='lat' dir='ltr'><strong>THESAURUS.</strong></span> 
     </span>
    </p>
   </div>
   <div class='ocr_carea' id='block_1_3' title="bbox 3404 353 3509 413">
    <p class='ocr_par' dir='ltr' id='par_1_3' title="bbox 3404 353 3509 413">
     <span class='ocr_line' id='line_1_3' title="bbox 3404 353 3509 413; baseline 0.029 -3"><span class='ocrx_word' id='word_1_3' title='bbox 3404 353 3509 413; x_wconf 66' lang='lat' dir='ltr'><strong>Ut</strong></span> 
     </span>
    </p>
   </div>
   <div class='ocr_carea' id='block_1_4' title="bbox 262 476 1872 555">
    <p class='ocr_par' dir='ltr' id='par_1_4' title="bbox 262 476 1872 555">
     <span class='ocr_line' id='line_1_4' title="bbox 262 476 1872 555; baseline -0.004 -13"><span class='ocrx_word' id='word_1_4' title='bbox 262 492 324 542; x_wconf 80' lang='lat' dir='ltr'><strong>tv</strong></span> <span class='ocrx_word' id='word_1_5' title='bbox 369 486 561 555; x_wconf 81' lang='grc' dir='ltr'><strong>κόσμῳ</strong></span> <span class='ocrx_word' id='word_1_6' title='bbox 603 483 837 553; x_wconf 75' lang='grc' dir='ltr'><strong>τρυφαῖς</strong></span> <span class='ocrx_word' id='word_1_7' title='bbox 901 480 1185 551; x_wconf 69' lang='grc' dir='ltr'><strong>ήδομένης.</strong></span> <span class='ocrx_word' id='word_1_8' title='bbox 1219 480 1279 534; x_wconf 78' lang='grc' dir='ltr'>Εἰ</span> <span class='ocrx_word' id='word_1_9' title='bbox 1339 482 1436 552; x_wconf 68' lang='grc' dir='ltr'><strong>μὲν</strong></span> <span class='ocrx_word' id='word_1_10' title='bbox 1481 476 1574 535; x_wconf 73' lang='grc' dir='ltr'><strong>οὖν</strong></span> <span class='ocrx_word' id='word_1_11' title='bbox 1617 481 1692 545; x_wconf 78' lang='grc' dir='ltr'><strong>ὡς</strong></span> <span class='ocrx_word' id='word_1_12' title='bbox 1737 481 1872 544; x_wconf 40' lang='grc' dir='ltr'><strong>οὐκί</strong></span> 
     </span>
    </p>
   </div>
   <div class='ocr_carea' id='block_1_5' title="bbox 1976 476 3508 555">
    <p class='ocr_par' dir='ltr' id='par_1_5' title="bbox 1976 476 3508 551">
     <span class='ocr_line' id='line_1_5' title="bbox 1976 476 3508 551; baseline -0.005 -14"><span class='ocrx_word' id='word_1_13' title='bbox 1976 482 2231 537; x_wconf 84' lang='lat' dir='ltr'><strong>olitudine</strong></span> <span class='ocrx_word' id='word_1_14' title='bbox 2258 480 2423 551; x_wconf 84' lang='lat' dir='ltr'><strong>degit.</strong></span> <span class='ocrx_word' id='word_1_15' title='bbox 2468 478 2665 547; x_wconf 84' lang='lat' dir='ltr'><strong>vilique</strong></span> <span class='ocrx_word' id='word_1_16' title='bbox 2695 477 2893 534; x_wconf 84' lang='lat' dir='ltr'><strong>vestitu</strong></span> <span class='ocrx_word' id='word_1_17' title='bbox 2923 493 3018 533; x_wconf 83' lang='lat' dir='ltr'><strong>seu</strong></span> <span class='ocrx_word' id='word_1_18' title='bbox 3052 477 3230 546; x_wconf 91' lang='lat' dir='ltr'><strong>potius</strong></span> <span class='ocrx_word' id='word_1_19' title='bbox 3270 476 3393 547; x_wconf 89' lang='lat' dir='ltr'><strong>pllls</strong></span> <span class='ocrx_word' id='word_1_20' title='bbox 3414 493 3508 530; x_wconf 55' lang='lat' dir='ltr'><strong>ca.</strong></span> 
     </span>
    </p>
   </div>
   <div class='ocr_carea' id='block_1_6' title="bbox 263 570 1844 646">
    <p class='ocr_par' dir='ltr' id='par_1_6' title="bbox 263 570 1844 646">
     <span class='ocr_line' id='line_1_6' title="bbox 263 570 1844 646; baseline -0.005 -14"><span class='ocrx_word' id='word_1_21' title='bbox 263 580 394 632; x_wconf 74' lang='grc' dir='ltr'><strong>ὅντα</strong></span> <span class='ocrx_word' id='word_1_22' title='bbox 436 580 494 630; x_wconf 97' lang='lat' dir='ltr'><strong>tv</strong></span> <span class='ocrx_word' id='word_1_23' title='bbox 536 575 799 646; x_wconf 74' lang='grc' dir='ltr'><strong>μαλακοῖς</strong></span> <span class='ocrx_word' id='word_1_24' title='bbox 847 570 1175 643; x_wconf 74' lang='grc' dir='ltr'><strong>θαυμάζετε,</strong></span> <span class='ocrx_word' id='word_1_25' title='bbox 1202 573 1321 625; x_wconf 79' lang='grc' dir='ltr'><strong>δότε</strong></span> <span class='ocrx_word' id='word_1_26' title='bbox 1367 575 1433 644; x_wconf 71' lang='grc' dir='ltr'><strong>τῇ</strong></span> <span class='ocrx_word' id='word_1_27' title='bbox 1465 572 1697 642; x_wconf 74' lang='grc' dir='ltr'><strong>ἀσκήσει</strong></span> <span class='ocrx_word' id='word_1_28' title='bbox 1742 572 1844 642; x_wconf 80' lang='grc' dir='ltr'><strong>τὴν</strong></span> 
     </span>
    </p>
   </div>
   <div class='ocr_carea' id='block_1_7' title="bbox 265 655 1844 739">
    <p class='ocr_par' dir='ltr' id='par_1_7' title="bbox 265 655 1844 739">
     <span class='ocr_line' id='line_1_7' title="bbox 265 655 1844 739; baseline -0.006 -16"><span class='ocrx_word' id='word_1_29' title='bbox 265 670 403 739; x_wconf 75' lang='grc' dir='ltr'><strong>αὐτῇ</strong></span> <span class='ocrx_word' id='word_1_30' title='bbox 469 665 787 736; x_wconf 83' lang='grc' dir='ltr'><strong>πρέπουσαν</strong></span> <span class='ocrx_word' id='word_1_31' title='bbox 850 663 1171 731; x_wconf 82' lang='grc' dir='ltr'><strong>ἀσφάλειαν.</strong></span> <span class='ocrx_word' id='word_1_32' title='bbox 1226 663 1289 715; x_wconf 76' lang='lat' dir='ltr'><strong>Et</strong></span> <span class='ocrx_word' id='word_1_33' title='bbox 1338 663 1395 715; x_wconf 73' lang='grc' dir='ltr'><strong>δὲ</strong></span> <span class='ocrx_word' id='word_1_34' title='bbox 1451 664 1511 716; x_wconf 86' lang='lat' dir='ltr'><strong>tv</strong></span> <span class='ocrx_word' id='word_1_35' title='bbox 1555 662 1633 733; x_wconf 78' lang='grc' dir='ltr'><strong>τῷ</strong></span> <span class='ocrx_word' id='word_1_36' title='bbox 1696 655 1844 732; x_wconf 85' lang='grc' dir='ltr'><strong>βιοῦν</strong></span> 
     </span>
    </p>
   </div>
   <div class='ocr_carea' id='block_1_8' title="bbox 265 752 1845 830">
    <p class='ocr_par' dir='ltr' id='par_1_8' title="bbox 265 752 1845 830">
     <span class='ocr_line' id='line_1_8' title="bbox 265 752 1845 830; baseline -0.006 -16"><span class='ocrx_word' id='word_1_37' title='bbox 265 761 464 830; x_wconf 75' lang='grc' dir='ltr'><strong>ἄριστα</strong></span> <span class='ocrx_word' id='word_1_38' title='bbox 495 758 557 810; x_wconf 76' lang='grc' dir='ltr'><strong>τὺ</strong></span> <span class='ocrx_word' id='word_1_39' title='bbox 587 755 747 807; x_wconf 83' lang='grc' dir='ltr'><strong>πλέον</strong></span> <span class='ocrx_word' id='word_1_40' title='bbox 775 754 947 816; x_wconf 77' lang='grc' dir='ltr'><strong>οὐδὲν,</strong></span> <span class='ocrx_word' id='word_1_41' title='bbox 978 755 1035 806; x_wconf 88' lang='lat' dir='ltr'><strong>tv</strong></span> <span class='ocrx_word' id='word_1_42' title='bbox 1062 754 1119 807; x_wconf 82' lang='grc' dir='ltr'><strong>δὲ</strong></span> <span class='ocrx_word' id='word_1_43' title='bbox 1150 753 1239 826; x_wconf 82' lang='grc' dir='ltr'><strong>ίσῃ</strong></span> <span class='ocrx_word' id='word_1_44' title='bbox 1267 752 1417 818; x_wconf 77' lang='grc' dir='ltr'><strong>τάξει</strong></span> <span class='ocrx_word' id='word_1_45' title='bbox 1452 752 1542 805; x_wconf 77' lang='grc' dir='ltr'><strong>τὸν</strong></span> <span class='ocrx_word' id='word_1_46' title='bbox 1580 752 1845 807; x_wconf 88' lang='grc' dir='ltr'><strong>πονοῦντα</strong></span> 
     </span>
    </p>
   </div>
   <div class='ocr_carea' id='block_1_9' title="bbox 266 843 1853 921">
    <p class='ocr_par' dir='ltr' id='par_1_9' title="bbox 266 843 1853 921">
     <span class='ocr_line' id='line_1_9' title="bbox 266 843 1853 921; baseline -0.005 -18"><span class='ocrx_word' id='word_1_47' title='bbox 266 850 345 919; x_wconf 84' lang='grc' dir='ltr'><strong>τῷ</strong></span> <span class='ocrx_word' id='word_1_48' title='bbox 375 847 648 921; x_wconf 72' lang='grc' dir='ltr'><strong>τρυφῶντι</strong></span> <span class='ocrx_word' id='word_1_49' title='bbox 683 846 896 917; x_wconf 87' lang='grc' dir='ltr'><strong>θήσετε,</strong></span> <span class='ocrx_word' id='word_1_50' title='bbox 926 845 981 897; x_wconf 89' lang='grc' dir='ltr'><strong>τί</strong></span> <span class='ocrx_word' id='word_1_51' title='bbox 1020 845 1082 897; x_wconf 82' lang='grc' dir='ltr'><strong>τὸ</strong></span> <span class='ocrx_word' id='word_1_52' title='bbox 1126 845 1409 914; x_wconf 80' lang='grc' dir='ltr'><strong>σεμνύνειν</strong></span> <span class='ocrx_word' id='word_1_53' title='bbox 1456 844 1683 912; x_wconf 78' lang='grc' dir='ltr'><strong>ἀφέντες</strong></span> <span class='ocrx_word' id='word_1_54' title='bbox 1723 843 1853 906; x_wconf 76' lang='grc' dir='ltr'><strong>τοὺς</strong></span> 
     </span>
    </p>
   </div>
   <div class='ocr_carea' id='block_1_10' title="bbox 266 932 1849 1008">
    <p class='ocr_par' dir='ltr' id='par_1_10' title="bbox 266 932 1849 1008">
     <span class='ocr_line' id='line_1_10' title="bbox 266 932 1849 1008; baseline -0.003 -16"><span class='ocrx_word' id='word_1_55' title='bbox 266 941 425 1008; x_wconf 79' lang='grc' dir='ltr'><strong>οἷπερ</strong></span> <span class='ocrx_word' id='word_1_56' title='bbox 463 938 602 990; x_wconf 80' lang='grc' dir='ltr'><strong>εἰσὶν</strong></span> <span class='ocrx_word' id='word_1_57' title='bbox 642 938 699 989; x_wconf 83' lang='grc' dir='ltr'><strong>ὲν</strong></span> <span class='ocrx_word' id='word_1_58' title='bbox 737 935 1000 1006; x_wconf 81' lang='grc' dir='ltr'><strong>μαλακοῖς</strong></span> <span class='ocrx_word' id='word_1_59' title='bbox 1037 936 1261 1006; x_wconf 79' lang='grc' dir='ltr'><strong>ἀμφίοις</strong></span> <span class='ocrx_word' id='word_1_60' title='bbox 1293 936 1388 989; x_wconf 70' lang='grc' dir='ltr'><strong>καὶ</strong></span> <span class='ocrx_word' id='word_1_61' title='bbox 1422 938 1480 989; x_wconf 87' lang='grc' dir='ltr'><strong>ὲν</strong></span> <span class='ocrx_word' id='word_1_62' title='bbox 1518 932 1710 999; x_wconf 78' lang='grc' dir='ltr'><strong>αὐλαῖς</strong></span> <span class='ocrx_word' id='word_1_63' title='bbox 1751 934 1849 1005; x_wconf 85' lang='grc' dir='ltr'><strong>βα-</strong></span> 
     </span>
    </p>
   </div>
   <div class='ocr_carea' id='block_1_11' title="bbox 270 1022 1849 1098">
    <p class='ocr_par' dir='ltr' id='par_1_11' title="bbox 270 1022 1849 1098">
     <span class='ocr_line' id='line_1_11' title="bbox 270 1022 1849 1098; baseline -0.003 -15"><span class='ocrx_word' id='word_1_64' title='bbox 270 1030 483 1093; x_wconf 70' lang='grc' dir='ltr'><strong>σιλέων,</strong></span> <span class='ocrx_word' id='word_1_65' title='bbox 530 1028 628 1092; x_wconf 85' lang='grc' dir='ltr'><strong>τάς</strong></span> <span class='ocrx_word' id='word_1_66' title='bbox 666 1030 727 1081; x_wconf 83' lang='grc' dir='ltr'><strong>ὲν</strong></span> <span class='ocrx_word' id='word_1_67' title='bbox 770 1029 962 1098; x_wconf 67' lang='grc' dir='ltr'><strong>ἐρήμῳ</strong></span> <span class='ocrx_word' id='word_1_68' title='bbox 1007 1027 1315 1097; x_wconf 75' lang='grc' dir='ltr'><strong>διατριϐὰς,</strong></span> <span class='ocrx_word' id='word_1_69' title='bbox 1366 1028 1460 1081; x_wconf 70' lang='grc' dir='ltr'><strong>καὶ</strong></span> <span class='ocrx_word' id='word_1_70' title='bbox 1507 1022 1849 1097; x_wconf 74' lang='grc' dir='ltr'><strong>περιϐὁλαιον</strong></span> 
     </span>
    </p>
   </div>
   <div class='ocr_carea' id='block_1_12' title="bbox 268 1116 1851 1191">
    <p class='ocr_par' dir='ltr' id='par_1_12' title="bbox 268 1116 1851 1191">
     <span class='ocr_line' id='line_1_12' title="bbox 268 1116 1851 1191; baseline -0.003 -18"><span class='ocrx_word' id='word_1_71' title='bbox 268 1121 507 1183; x_wconf 75' lang='grc' dir='ltr'><strong>εὐτελὲς,</strong></span> <span class='ocrx_word' id='word_1_72' title='bbox 541 1119 742 1189; x_wconf 76' lang='grc' dir='ltr'><strong>μᾶλλον</strong></span> <span class='ocrx_word' id='word_1_73' title='bbox 770 1119 827 1172; x_wconf 79' lang='grc' dir='ltr'><strong>δὲ</strong></span> <span class='ocrx_word' id='word_1_74' title='bbox 859 1118 956 1182; x_wconf 82' lang='grc' dir='ltr'><strong>τὰς</strong></span> <span class='ocrx_word' id='word_1_75' title='bbox 990 1120 1055 1172; x_wconf 77' lang='grc' dir='ltr'><strong>ἐκ</strong></span> <span class='ocrx_word' id='word_1_76' title='bbox 1094 1120 1357 1191; x_wconf 85' lang='grc' dir='ltr'><strong>καμήλων</strong></span> <span class='ocrx_word' id='word_1_77' title='bbox 1403 1118 1593 1188; x_wconf 80' lang='grc' dir='ltr'><strong>τρίχας</strong></span> <span class='ocrx_word' id='word_1_78' title='bbox 1640 1116 1851 1188; x_wconf 79' lang='grc' dir='ltr'><strong>θαυμά-</strong></span> 
     </span>
    </p>
   </div>
   <div class='ocr_carea' id='block_1_13' title="bbox 268 1205 1851 1279">
    <p class='ocr_par' dir='ltr' id='par_1_13' title="bbox 268 1205 1851 1279">
     <span class='ocr_line' id='line_1_13' title="bbox 268 1205 1851 1279; baseline -0.004 -16"><span class='ocrx_word' id='word_1_79' title='bbox 268 1210 421 1274; x_wconf 77' lang='grc' dir='ltr'><strong>ζετες</strong></span> <span class='ocrx_word' id='word_1_80' title='bbox 475 1209 615 1261; x_wconf 78' lang='grc' dir='ltr'><strong>Ἀλλ’</strong></span> <span class='ocrx_word' id='word_1_81' title='bbox 655 1205 811 1278; x_wconf 75' lang='grc' dir='ltr'><strong>οἶμαι</strong></span> <span class='ocrx_word' id='word_1_82' title='bbox 860 1209 1205 1279; x_wconf 81' lang='grc' dir='ltr'><strong>δυσωπήσειν</strong></span> <span class='ocrx_word' id='word_1_83' title='bbox 1244 1209 1388 1279; x_wconf 80' lang='grc' dir='ltr'><strong>ὑμᾶς</strong></span> <span class='ocrx_word' id='word_1_84' title='bbox 1429 1209 1491 1260; x_wconf 78' lang='grc' dir='ltr'><strong>τὸ</strong></span> <span class='ocrx_word' id='word_1_85' title='bbox 1536 1210 1593 1261; x_wconf 90' lang='lat' dir='ltr'><strong>tv</strong></span> <span class='ocrx_word' id='word_1_86' title='bbox 1638 1206 1851 1269; x_wconf 82' lang='grc' dir='ltr'><strong>τούτοις</strong></span> 
     </span>
    </p>
   </div>
   <div class='ocr_carea' id='block_1_14' title="bbox 270 1294 1851 1370">
    <p class='ocr_par' dir='ltr' id='par_1_14' title="bbox 270 1294 1851 1370">
     <span class='ocr_line' id='line_1_14' title="bbox 270 1294 1851 1370; baseline -0.003 -16"><span class='ocrx_word' id='word_1_87' title='bbox 270 1302 493 1365; x_wconf 73' lang='grc' dir='ltr'><strong>ἄτοπον,</strong></span> <span class='ocrx_word' id='word_1_88' title='bbox 543 1299 903 1369; x_wconf 77' lang='grc' dir='ltr'><strong>ἀξιοζήλωτον</strong></span> <span class='ocrx_word' id='word_1_89' title='bbox 933 1298 990 1351; x_wconf 83' lang='grc' dir='ltr'><strong>δὲ</strong></span> <span class='ocrx_word' id='word_1_90' title='bbox 1033 1299 1201 1363; x_wconf 78' lang='grc' dir='ltr'><strong>ὅντως</strong></span> <span class='ocrx_word' id='word_1_91' title='bbox 1237 1297 1414 1370; x_wconf 63' lang='grc' dir='ltr'><strong>ἐρεῖτε</strong></span> <span class='ocrx_word' id='word_1_92' title='bbox 1443 1294 1534 1351; x_wconf 70' lang='grc' dir='ltr'><strong>τὸν</strong></span> <span class='ocrx_word' id='word_1_93' title='bbox 1579 1297 1851 1369; x_wconf 68' lang='grc' dir='ltr'><strong>μακάριον</strong></span> 
     </span>
    </p>
   </div>
   <div class='ocr_carea' id='block_1_15' title="bbox 272 1384 1854 1461">
    <p class='ocr_par' dir='ltr' id='par_1_15' title="bbox 272 1384 1854 1461">
     <span class='ocr_line' id='line_1_15' title="bbox 272 1384 1854 1461; baseline -0.005 -15"><span class='ocrx_word' id='word_1_94' title='bbox 272 1393 605 1461; x_wconf 77' lang='grc' dir='ltr'><strong>Βαπτιττήν.</strong></span> <span class='ocrx_word' id='word_1_95' title='bbox 633 1384 876 1460; x_wconf 69' lang='grc' dir='ltr'><strong>Ἆρ’·οὖν</strong></span> <span class='ocrx_word' id='word_1_96' title='bbox 904 1387 1082 1441; x_wconf 82' lang='grc' dir='ltr'><strong>οἴεσθε</strong></span> <span class='ocrx_word' id='word_1_97' title='bbox 1133 1389 1419 1459; x_wconf 77' lang='grc' dir='ltr'><strong>προφήτην</strong></span> <span class='ocrx_word' id='word_1_98' title='bbox 1464 1386 1731 1458; x_wconf 82' lang='grc' dir='ltr'><strong>ὑπάρχειν</strong></span> <span class='ocrx_word' id='word_1_99' title='bbox 1757 1386 1854 1439; x_wconf 82' lang='grc' dir='ltr'><strong>αύ-</strong></span> 
     </span>
    </p>
   </div>
   <div class='ocr_carea' id='block_1_16' title="bbox 272 1480 1852 1552">
    <p class='ocr_par' dir='ltr' id='par_1_16' title="bbox 272 1480 1852 1552">
     <span class='ocr_line' id='line_1_16' title="bbox 272 1480 1852 1552; baseline -0.004 -15"><span class='ocrx_word' id='word_1_100' title='bbox 272 1486 397 1549; x_wconf 84' lang='grc' dir='ltr'><strong>τόν;</strong></span> <span class='ocrx_word' id='word_1_101' title='bbox 429 1483 539 1536; x_wconf 71' lang='grc' dir='ltr'><strong>Ναὶ</strong></span> <span class='ocrx_word' id='word_1_102' title='bbox 568 1482 873 1552; x_wconf 81' lang='grc' dir='ltr'><strong>προφήτην,</strong></span> <span class='ocrx_word' id='word_1_103' title='bbox 918 1480 1117 1549; x_wconf 80' lang='grc' dir='ltr'><strong>μᾶλλον</strong></span> <span class='ocrx_word' id='word_1_104' title='bbox 1143 1481 1200 1533; x_wconf 82' lang='grc' dir='ltr'><strong>δὲ</strong></span> <span class='ocrx_word' id='word_1_105' title='bbox 1231 1480 1324 1533; x_wconf 81' lang='grc' dir='ltr'><strong>καὶ</strong></span> <span class='ocrx_word' id='word_1_106' title='bbox 1351 1480 1632 1551; x_wconf 76' lang='grc' dir='ltr'><strong>προφήτου</strong></span> <span class='ocrx_word' id='word_1_107' title='bbox 1658 1480 1852 1532; x_wconf 80' lang='grc' dir='ltr'><strong>πλεον-</strong></span> 
     </span>
    </p>
   </div>
   <div class='ocr_carea' id='block_1_17' title="bbox 277 1563 1855 1641">
    <p class='ocr_par' dir='ltr' id='par_1_17' title="bbox 277 1563 1855 1641">
     <span class='ocr_line' id='line_1_17' title="bbox 277 1563 1855 1641; baseline -0.004 -14"><span class='ocrx_word' id='word_1_108' title='bbox 277 1573 544 1627; x_wconf 87' lang='grc' dir='ltr'><strong>εκτοῦντα</strong></span> <span class='ocrx_word' id='word_1_109' title='bbox 565 1572 625 1625; x_wconf 80' lang='grc' dir='ltr'><strong>τὸ</strong></span> <span class='ocrx_word' id='word_1_110' title='bbox 651 1570 867 1641; x_wconf 80' lang='grc' dir='ltr'><strong>μέτρον.</strong></span> <span class='ocrx_word' id='word_1_111' title='bbox 896 1569 959 1621; x_wconf 87' lang='grc' dir='ltr'><strong>Οί</strong></span> <span class='ocrx_word' id='word_1_112' title='bbox 982 1569 1087 1639; x_wconf 80' lang='grc' dir='ltr'><strong>μὲν</strong></span> <span class='ocrx_word' id='word_1_113' title='bbox 1118 1568 1228 1639; x_wconf 85' lang='grc' dir='ltr'><strong>γὰρ</strong></span> <span class='ocrx_word' id='word_1_114' title='bbox 1253 1563 1328 1630; x_wconf 81' lang='grc' dir='ltr'><strong>ὡς</strong></span> <span class='ocrx_word' id='word_1_115' title='bbox 1360 1570 1479 1639; x_wconf 71' lang='grc' dir='ltr'><strong>ἥξει</strong></span> <span class='ocrx_word' id='word_1_116' title='bbox 1522 1569 1855 1639; x_wconf 84' lang='grc' dir='ltr'><strong>προεκήρυτ-</strong></span> 
     </span>
    </p>
   </div>
   <div class='ocr_carea' id='block_1_18' title="bbox 278 1656 1852 1731">
    <p class='ocr_par' dir='ltr' id='par_1_18' title="bbox 278 1656 1852 1731">
     <span class='ocr_line' id='line_1_18' title="bbox 278 1656 1852 1731; baseline -0.004 -15"><span class='ocrx_word' id='word_1_117' title='bbox 278 1682 391 1726; x_wconf 87' lang='grc' dir='ltr'><strong>τον,</strong></span> <span class='ocrx_word' id='word_1_118' title='bbox 418 1661 571 1714; x_wconf 74' lang='grc' dir='ltr'><strong>οὔπω</strong></span> <span class='ocrx_word' id='word_1_119' title='bbox 600 1660 837 1731; x_wconf 85' lang='grc' dir='ltr'><strong>παρόντα</strong></span> <span class='ocrx_word' id='word_1_120' title='bbox 866 1658 1125 1729; x_wconf 81' lang='grc' dir='ltr'><strong>θεώμενοι</strong></span> <span class='ocrx_word' id='word_1_121' title='bbox 1143 1673 1156 1684; x_wconf 82' lang='lat'><strong><em>°</em></strong></span> <span class='ocrx_word' id='word_1_122' title='bbox 1187 1660 1216 1711; x_wconf 98' lang='lat'><strong>6</strong></span> <span class='ocrx_word' id='word_1_123' title='bbox 1240 1658 1298 1711; x_wconf 83' lang='grc' dir='ltr'><strong>δὲ</strong></span> <span class='ocrx_word' id='word_1_124' title='bbox 1331 1658 1393 1712; x_wconf 79' lang='grc' dir='ltr'><strong>τὸ</strong></span> <span class='ocrx_word' id='word_1_125' title='bbox 1423 1656 1852 1728; x_wconf 83' lang='grc' dir='ltr'><strong>συναμφότερον.</strong></span> 
     </span>
    </p>
   </div>
   <div class='ocr_carea' id='block_1_19' title="bbox 282 1744 1857 1821">
    <p class='ocr_par' dir='ltr' id='par_1_19' title="bbox 282 1744 1857 1821">
     <span class='ocr_line' id='line_1_19' title="bbox 282 1744 1857 1821; baseline -0.005 -15"><span class='ocrx_word' id='word_1_126' title='bbox 282 1750 623 1821; x_wconf 81' lang='grc' dir='ltr'><strong>Πανταχόθεν</strong></span> <span class='ocrx_word' id='word_1_127' title='bbox 642 1748 928 1818; x_wconf 76' lang='grc' dir='ltr'><strong>τοιγαροῦν</strong></span> <span class='ocrx_word' id='word_1_128' title='bbox 947 1750 976 1801; x_wconf 90' lang='lat'><strong>6</strong></span> <span class='ocrx_word' id='word_1_129' title='bbox 999 1748 1185 1819; x_wconf 76' lang='grc' dir='ltr'><strong>Σωτὴρ</strong></span> <span class='ocrx_word' id='word_1_130' title='bbox 1208 1747 1535 1815; x_wconf 77' lang='grc' dir='ltr'><strong>ἀειάγαστον</strong></span> <span class='ocrx_word' id='word_1_131' title='bbox 1557 1744 1721 1800; x_wconf 83' lang='grc' dir='ltr'><strong>οὖσαν</strong></span> <span class='ocrx_word' id='word_1_132' title='bbox 1738 1750 1857 1801; x_wconf 83' lang='grc' dir='ltr'><strong>ὲπι-</strong></span> 
     </span>
    </p>
   </div>
   <div class='ocr_carea' id='block_1_20' title="bbox 1948 569 3511 639">
    <p class='ocr_par' dir='ltr' id='par_1_20' title="bbox 1948 569 3511 639">
     <span class='ocr_line' id='line_1_20' title="bbox 1948 569 3511 639; baseline -0.004 -9"><span class='ocrx_word' id='word_1_133' title='bbox 1948 575 2212 630; x_wconf 87' lang='lat' dir='ltr'><strong>melorum</strong></span> <span class='ocrx_word' id='word_1_134' title='bbox 2241 572 2501 637; x_wconf 89' lang='lat' dir='ltr'><strong>induitur,</strong></span> <span class='ocrx_word' id='word_1_135' title='bbox 2532 571 2909 626; x_wconf 82' lang='lat' dir='ltr'><strong>admiramini?</strong></span> <span class='ocrx_word' id='word_1_136' title='bbox 2936 569 3041 625; x_wconf 85' lang='lat' dir='ltr'><strong>Sed</strong></span> <span class='ocrx_word' id='word_1_137' title='bbox 3068 580 3196 639; x_wconf 88' lang='lat' dir='ltr'><strong>puto</strong></span> <span class='ocrx_word' id='word_1_138' title='bbox 3219 586 3313 623; x_wconf 84' lang='lat' dir='ltr'><strong>vos</strong></span> <span class='ocrx_word' id='word_1_139' title='bbox 3342 572 3511 624; x_wconf 76' lang='lat' dir='ltr'><strong>vereri</strong></span> 
     </span>
    </p>
   </div>
   <div class='ocr_carea' id='block_1_21' title="bbox 1946 661 3513 733">
    <p class='ocr_par' dir='ltr' id='par_1_21' title="bbox 1946 661 3513 733">
     <span class='ocr_line' id='line_1_21' title="bbox 1946 661 3513 733; baseline -0.004 -12"><span class='ocrx_word' id='word_1_140' title='bbox 1946 666 2336 721; x_wconf 84' lang='lat' dir='ltr'><strong>absurditatetn</strong></span> <span class='ocrx_word' id='word_1_141' title='bbox 2374 663 2535 733; x_wconf 86' lang='lat' dir='ltr'><strong>hujus</strong></span> <span class='ocrx_word' id='word_1_142' title='bbox 2581 663 2693 728; x_wconf 87' lang='lat' dir='ltr'><strong>rei;</strong></span> <span class='ocrx_word' id='word_1_143' title='bbox 2743 661 3005 717; x_wconf 75' lang='lat' dir='ltr'><strong>Joannem</strong></span> <span class='ocrx_word' id='word_1_144' title='bbox 3055 677 3182 716; x_wconf 81' lang='lat' dir='ltr'><strong>vero</strong></span> <span class='ocrx_word' id='word_1_145' title='bbox 3218 662 3513 729; x_wconf 81' lang='lat' dir='ltr'><strong>Baptistam</strong></span> 
     </span>
    </p>
   </div>
   <div class='ocr_carea' id='block_1_22' title="bbox 1949 751 3517 824">
    <p class='ocr_par' dir='ltr' id='par_1_22' title="bbox 1949 751 3517 824">
     <span class='ocr_line' id='line_1_22' title="bbox 1949 751 3517 824; baseline -0.003 -14"><span class='ocrx_word' id='word_1_146' title='bbox 1949 755 2311 811; x_wconf 75' lang='lat' dir='ltr'><strong>admiratione</strong></span> <span class='ocrx_word' id='word_1_147' title='bbox 2344 754 2565 824; x_wconf 90' lang='lat' dir='ltr'><strong>dignum</strong></span> <span class='ocrx_word' id='word_1_148' title='bbox 2609 768 2731 809; x_wconf 89' lang='lat' dir='ltr'><strong>esse</strong></span> <span class='ocrx_word' id='word_1_149' title='bbox 2781 751 2995 807; x_wconf 77' lang='lat' dir='ltr'><strong>dicetis.</strong></span> <span class='ocrx_word' id='word_1_150' title='bbox 3045 752 3383 807; x_wconf 68' lang='lat' dir='ltr'><strong>Existimatis</strong></span> <span class='ocrx_word' id='word_1_151' title='bbox 3416 753 3517 806; x_wconf 79' lang='lat' dir='ltr'><strong>itu-</strong></span> 
     </span>
    </p>
   </div>
   <div class='ocr_carea' id='block_1_23' title="bbox 1948 844 3517 919">
    <p class='ocr_par' dir='ltr' id='par_1_23' title="bbox 1948 844 3517 919">
     <span class='ocr_line' id='line_1_23' title="bbox 1948 844 3517 919; baseline -0.001 -18"><span class='ocrx_word' id='word_1_152' title='bbox 1948 864 2055 919; x_wconf 90' lang='lat' dir='ltr'><strong>que</strong></span> <span class='ocrx_word' id='word_1_153' title='bbox 2101 848 2418 917; x_wconf 74' lang='lat' dir='ltr'><strong>prophetam</strong></span> <span class='ocrx_word' id='word_1_154' title='bbox 2469 846 2642 918; x_wconf 90' lang='lat' dir='ltr'><strong>ipsum</strong></span> <span class='ocrx_word' id='word_1_155' title='bbox 2684 846 2847 901; x_wconf 81' lang='lat' dir='ltr'><strong>esse?</strong></span> <span class='ocrx_word' id='word_1_156' title='bbox 2893 844 3050 900; x_wconf 84' lang='lat' dir='ltr'><strong>Certe</strong></span> <span class='ocrx_word' id='word_1_157' title='bbox 3100 846 3361 915; x_wconf 75' lang='lat' dir='ltr'><strong>propheta</strong></span> <span class='ocrx_word' id='word_1_158' title='bbox 3414 858 3517 909; x_wconf 77' lang='lat' dir='ltr'><strong>est,</strong></span> 
     </span>
    </p>
   </div>
   <div class='ocr_carea' id='block_1_24' title="bbox 1951 934 3517 1009">
    <p class='ocr_par' dir='ltr' id='par_1_24' title="bbox 1951 934 3517 1009">
     <span class='ocr_line' id='line_1_24' title="bbox 1951 934 3517 1009; baseline -0.001 -16"><span class='ocrx_word' id='word_1_159' title='bbox 1951 939 2061 993; x_wconf 91' lang='lat' dir='ltr'><strong>imo</strong></span> <span class='ocrx_word' id='word_1_160' title='bbox 2092 940 2268 1009; x_wconf 80' lang='lat' dir='ltr'><strong>potius</strong></span> <span class='ocrx_word' id='word_1_161' title='bbox 2289 936 2674 1008; x_wconf 82' lang='lat' dir='ltr'><strong>prophetarum</strong></span> <span class='ocrx_word' id='word_1_162' title='bbox 2698 935 3059 990; x_wconf 86' lang='lat' dir='ltr'><strong>conditionem</strong></span> <span class='ocrx_word' id='word_1_163' title='bbox 3092 934 3249 1003; x_wconf 85' lang='lat' dir='ltr'><strong>longe</strong></span> <span class='ocrx_word' id='word_1_164' title='bbox 3278 947 3517 1004; x_wconf 84' lang='lat' dir='ltr'><strong>superat.</strong></span> 
     </span>
    </p>
   </div>
   <div class='ocr_carea' id='block_1_25' title="bbox 1951 1027 3523 1099">
    <p class='ocr_par' dir='ltr' id='par_1_25' title="bbox 1951 1027 3523 1099">
     <span class='ocr_line' id='line_1_25' title="bbox 1951 1027 3523 1099; baseline -0.003 -13"><span class='ocrx_word' id='word_1_165' title='bbox 1951 1032 2234 1099; x_wconf 61' lang='lat' dir='ltr'><strong>Propheta</strong></span> <span class='ocrx_word' id='word_1_166' title='bbox 2274 1031 2417 1085; x_wconf 86' lang='lat' dir='ltr'><strong>enim</strong></span> <span class='ocrx_word' id='word_1_167' title='bbox 2466 1040 2757 1085; x_wconf 82' lang='lat' dir='ltr'><strong>venturum</strong></span> <span class='ocrx_word' id='word_1_168' title='bbox 2792 1041 2915 1081; x_wconf 88' lang='lat' dir='ltr'><strong>eum</strong></span> <span class='ocrx_word' id='word_1_169' title='bbox 2957 1027 3341 1096; x_wconf 65' lang='lat' dir='ltr'><strong>praedixerunt,</strong></span> <span class='ocrx_word' id='word_1_170' title='bbox 3390 1044 3523 1096; x_wconf 72' lang='lat' dir='ltr'><strong>prte-</strong></span> 
     </span>
    </p>
   </div>
   <div class='ocr_carea' id='block_1_26' title="bbox 1953 1116 3520 1184">
    <p class='ocr_par' dir='ltr' id='par_1_26' title="bbox 1953 1116 3520 1184">
     <span class='ocr_line' id='line_1_26' title="bbox 1953 1116 3520 1184; baseline -0.004 -7"><span class='ocrx_word' id='word_1_171' title='bbox 1953 1130 2162 1177; x_wconf 87' lang='lat' dir='ltr'><strong>sentem</strong></span> <span class='ocrx_word' id='word_1_172' title='bbox 2212 1129 2391 1174; x_wconf 87' lang='lat' dir='ltr'><strong>tamen</strong></span> <span class='ocrx_word' id='word_1_173' title='bbox 2435 1135 2541 1175; x_wconf 92' lang='lat' dir='ltr'><strong>non</strong></span> <span class='ocrx_word' id='word_1_174' title='bbox 2583 1119 2838 1173; x_wconf 85' lang='lat' dir='ltr'><strong>viderunt</strong></span> <span class='ocrx_word' id='word_1_175' title='bbox 2870 1134 2885 1172; x_wconf 86' lang='lat'><strong>:</strong></span> <span class='ocrx_word' id='word_1_176' title='bbox 2917 1116 3005 1171; x_wconf 90' lang='lat' dir='ltr'><strong>hic</strong></span> <span class='ocrx_word' id='word_1_177' title='bbox 3054 1132 3182 1170; x_wconf 87' lang='lat' dir='ltr'><strong>vero</strong></span> <span class='ocrx_word' id='word_1_178' title='bbox 3213 1128 3520 1184; x_wconf 84' lang='lat' dir='ltr'><strong>utrumque.</strong></span> 
     </span>
    </p>
   </div>
   <div class='ocr_carea' id='block_1_27' title="bbox 1954 1208 3527 1276">
    <p class='ocr_par' dir='ltr' id='par_1_27' title="bbox 1954 1208 3527 1276">
     <span class='ocr_line' id='line_1_27' title="bbox 1954 1208 3527 1276; baseline -0.003 -9"><span class='ocrx_word' id='word_1_179' title='bbox 1954 1213 2032 1267; x_wconf 85' lang='lat' dir='ltr'><strong>lta</strong></span> <span class='ocrx_word' id='word_1_180' title='bbox 2060 1212 2311 1267; x_wconf 83' lang='lat' dir='ltr'><strong>Christus</strong></span> <span class='ocrx_word' id='word_1_181' title='bbox 2357 1211 2736 1265; x_wconf 84' lang='lat' dir='ltr'><strong>admirandum</strong></span> <span class='ocrx_word' id='word_1_182' title='bbox 2777 1210 3028 1263; x_wconf 88' lang='lat' dir='ltr'><strong>omnibus</strong></span> <span class='ocrx_word' id='word_1_183' title='bbox 3068 1209 3241 1262; x_wconf 87' lang='lat' dir='ltr'><strong>modis</strong></span> <span class='ocrx_word' id='word_1_184' title='bbox 3272 1208 3527 1276; x_wconf 67' lang='lat' dir='ltr'><strong>Baptista:</strong></span> 
     </span>
    </p>
   </div>
   <div class='ocr_carea' id='block_1_28' title="bbox 1956 1299 3527 1366">
    <p class='ocr_par' dir='ltr' id='par_1_28' title="bbox 1956 1299 3527 1366">
     <span class='ocr_line' id='line_1_28' title="bbox 1956 1299 3527 1366; baseline -0.006 -7"><span class='ocrx_word' id='word_1_185' title='bbox 1956 1302 2260 1359; x_wconf 79' lang='lat' dir='ltr'><strong>iustitutum</strong></span> <span class='ocrx_word' id='word_1_186' title='bbox 2299 1315 2420 1356; x_wconf 88' lang='lat' dir='ltr'><strong>esse</strong></span> <span class='ocrx_word' id='word_1_187' title='bbox 2456 1299 2713 1362; x_wconf 86' lang='lat' dir='ltr'><strong>ostendit,</strong></span> <span class='ocrx_word' id='word_1_188' title='bbox 2746 1307 2804 1352; x_wconf 93' lang='lat' dir='ltr'><strong>ut</strong></span> <span class='ocrx_word' id='word_1_189' title='bbox 2846 1299 3101 1353; x_wconf 79' lang='lat' dir='ltr'><strong>credatur</strong></span> <span class='ocrx_word' id='word_1_190' title='bbox 3144 1313 3270 1353; x_wconf 89' lang='lat' dir='ltr'><strong>vera</strong></span> <span class='ocrx_word' id='word_1_191' title='bbox 3329 1299 3527 1366; x_wconf 67' lang='lat' dir='ltr'><strong>praedi-</strong></span> 
     </span>
    </p>
   </div>
   <div class='ocr_carea' id='block_1_29' title="bbox 1956 1387 3595 1459">
    <p class='ocr_par' dir='ltr' id='par_1_29' title="bbox 1956 1387 3595 1459">
     <span class='ocr_line' id='line_1_29' title="bbox 1956 1387 3595 1459; baseline -0.004 -13"><span class='ocrx_word' id='word_1_192' title='bbox 1956 1405 2120 1457; x_wconf 84' lang='lat' dir='ltr'><strong>care;</strong></span> <span class='ocrx_word' id='word_1_193' title='bbox 2168 1406 2234 1446; x_wconf 80' lang='lat' dir='ltr'><strong>ac</strong></span> <span class='ocrx_word' id='word_1_194' title='bbox 2278 1400 2508 1446; x_wconf 84' lang='lat' dir='ltr'><strong>testatur</strong></span> <span class='ocrx_word' id='word_1_195' title='bbox 2558 1388 2773 1459; x_wconf 85' lang='lat' dir='ltr'><strong>quidem</strong></span> <span class='ocrx_word' id='word_1_196' title='bbox 2811 1387 2925 1456; x_wconf 90' lang='lat' dir='ltr'><strong>ipse</strong></span> <span class='ocrx_word' id='word_1_197' title='bbox 2977 1388 3029 1443; x_wconf 93' lang='lat' dir='ltr'><strong>iu</strong></span> <span class='ocrx_word' id='word_1_198' title='bbox 3070 1388 3354 1442; x_wconf 86' lang='lat' dir='ltr'><strong>sublimem</strong></span> <span class='ocrx_word' id='word_1_199' title='bbox 3404 1403 3525 1442; x_wconf 88' lang='lat' dir='ltr'><strong>eum</strong></span> <span class='ocrx_word' id='word_1_200' title='bbox 3592 1398 3595 1401; x_wconf 78' lang='lat'><em>&#39;</em></span> 
     </span>
    </p>
   </div>
   <div class='ocr_carea' id='block_1_30' title="bbox 1958 1479 3531 1551">
    <p class='ocr_par' dir='ltr' id='par_1_30' title="bbox 1958 1479 3531 1551">
     <span class='ocr_line' id='line_1_30' title="bbox 1958 1479 3531 1551; baseline 0 -16"><span class='ocrx_word' id='word_1_201' title='bbox 1958 1481 2276 1551; x_wconf 86' lang='lat' dir='ltr'><strong>dignitatem</strong></span> <span class='ocrx_word' id='word_1_202' title='bbox 2316 1480 2605 1542; x_wconf 75' lang='lat' dir='ltr'><strong>extollens.</strong></span> <span class='ocrx_word' id='word_1_203' title='bbox 2648 1488 2703 1533; x_wconf 89' lang='lat' dir='ltr'><strong>et</strong></span> <span class='ocrx_word' id='word_1_204' title='bbox 2745 1481 3038 1547; x_wconf 82' lang='lat' dir='ltr'><strong>prophetas</strong></span> <span class='ocrx_word' id='word_1_205' title='bbox 3080 1480 3345 1534; x_wconf 79' lang='lat' dir='ltr'><strong>excellere</strong></span> <span class='ocrx_word' id='word_1_206' title='bbox 3394 1479 3531 1535; x_wconf 84' lang='lat' dir='ltr'><strong>aliir-</strong></span> 
     </span>
    </p>
   </div>
   <div class='ocr_carea' id='block_1_31' title="bbox 1960 1568 3529 1641">
    <p class='ocr_par' dir='ltr' id='par_1_31' title="bbox 1960 1568 3529 1641">
     <span class='ocr_line' id='line_1_31' title="bbox 1960 1568 3529 1641; baseline 0.001 -16"><span class='ocrx_word' id='word_1_207' title='bbox 1960 1586 2134 1626; x_wconf 72' lang='lat' dir='ltr'><strong>niaus.</strong></span> <span class='ocrx_word' id='word_1_208' title='bbox 2163 1571 2363 1641; x_wconf 80' lang='lat' dir='ltr'><strong>Adjicit</strong></span> <span class='ocrx_word' id='word_1_209' title='bbox 2391 1584 2521 1625; x_wconf 87' lang='lat' dir='ltr'><strong>vero</strong></span> <span class='ocrx_word' id='word_1_210' title='bbox 2551 1569 2732 1624; x_wconf 83' lang='lat' dir='ltr'><strong>statim</strong></span> <span class='ocrx_word' id='word_1_211' title='bbox 2760 1584 2868 1639; x_wconf 90' lang='lat' dir='ltr'><strong>quo</strong></span> <span class='ocrx_word' id='word_1_212' title='bbox 2896 1579 3054 1638; x_wconf 90' lang='lat' dir='ltr'><strong>pacto</strong></span> <span class='ocrx_word' id='word_1_213' title='bbox 3074 1572 3187 1624; x_wconf 89' lang='lat' dir='ltr'><strong>suis</strong></span> <span class='ocrx_word' id='word_1_214' title='bbox 3221 1571 3398 1625; x_wconf 82' lang='lat' dir='ltr'><strong>verbis</strong></span> <span class='ocrx_word' id='word_1_215' title='bbox 3422 1568 3529 1626; x_wconf 83' lang='lat' dir='ltr'><strong>Pa-</strong></span> 
     </span>
    </p>
   </div>
   <div class='ocr_carea' id='block_1_32' title="bbox 1961 1662 3526 1730">
    <p class='ocr_par' dir='ltr' id='par_1_32' title="bbox 1961 1662 3526 1730">
     <span class='ocr_line' id='line_1_32' title="bbox 1961 1662 3526 1730; baseline -0.001 -12"><span class='ocrx_word' id='word_1_216' title='bbox 1961 1662 2062 1719; x_wconf 85' lang='lat' dir='ltr'><strong>tris</strong></span> <span class='ocrx_word' id='word_1_217' title='bbox 2095 1663 2259 1717; x_wconf 85' lang='lat' dir='ltr'><strong>etiam</strong></span> <span class='ocrx_word' id='word_1_218' title='bbox 2293 1676 2392 1716; x_wconf 79' lang='lat' dir='ltr'><strong>vox</strong></span> <span class='ocrx_word' id='word_1_219' title='bbox 2433 1662 2781 1730; x_wconf 82' lang='lat' dir='ltr'><strong>respondeat,</strong></span> <span class='ocrx_word' id='word_1_220' title='bbox 2825 1670 2885 1715; x_wconf 85' lang='grc' dir='ltr'><strong>ιιι</strong></span> <span class='ocrx_word' id='word_1_221' title='bbox 2929 1662 3328 1729; x_wconf 88' lang='lat' dir='ltr'><strong>quodanunodo</strong></span> <span class='ocrx_word' id='word_1_222' title='bbox 3358 1665 3526 1717; x_wconf 87' lang='lat' dir='ltr'><strong>etiam</strong></span> 
     </span>
    </p>
   </div>
   <div class='ocr_carea' id='block_1_33' title="bbox 1959 1751 3532 1825">
    <p class='ocr_par' dir='ltr' id='par_1_33' title="bbox 1959 1751 3532 1825">
     <span class='ocr_line' id='line_1_33' title="bbox 1959 1751 3532 1825; baseline -0.002 -16"><span class='ocrx_word' id='word_1_223' title='bbox 1959 1769 2026 1810; x_wconf 78' lang='lat' dir='ltr'><strong>ex</strong></span> <span class='ocrx_word' id='word_1_224' title='bbox 2067 1754 2221 1825; x_wconf 87' lang='lat' dir='ltr'><strong>legali</strong></span> <span class='ocrx_word' id='word_1_225' title='bbox 2265 1753 2476 1823; x_wconf 88' lang='lat' dir='ltr'><strong>justitia</strong></span> <span class='ocrx_word' id='word_1_226' title='bbox 2535 1751 2904 1806; x_wconf 89' lang='lat' dir='ltr'><strong>testimonium</strong></span> <span class='ocrx_word' id='word_1_227' title='bbox 2949 1753 3015 1806; x_wconf 87' lang='lat' dir='ltr'><strong>de</strong></span> <span class='ocrx_word' id='word_1_228' title='bbox 3056 1768 3122 1806; x_wconf 90' lang='lat' dir='ltr'><strong>eo</strong></span> <span class='ocrx_word' id='word_1_229' title='bbox 3162 1754 3532 1823; x_wconf 70' lang='lat' dir='ltr'><strong>consignatur.</strong></span> 
     </span>
    </p>
   </div>
   <div class='ocr_carea' id='block_1_34' title="bbox 277 1832 1872 1911">
    <p class='ocr_par' dir='ltr' id='par_1_34' title="bbox 277 1836 1857 1911">
     <span class='ocr_line' id='line_1_34' title="bbox 277 1836 1857 1911; baseline -0.005 -15"><span class='ocrx_word' id='word_1_230' title='bbox 277 1841 507 1896; x_wconf 80' lang='grc' dir='ltr'><strong>δεικνύει</strong></span> <span class='ocrx_word' id='word_1_231' title='bbox 533 1840 630 1911; x_wconf 78' lang='grc' dir='ltr'><strong>τὴν</strong></span> <span class='ocrx_word' id='word_1_232' title='bbox 657 1838 748 1891; x_wconf 75' lang='grc' dir='ltr'><strong>ἐπὶ</strong></span> <span class='ocrx_word' id='word_1_233' title='bbox 769 1837 846 1907; x_wconf 83' lang='grc' dir='ltr'><strong>τῷ</strong></span> <span class='ocrx_word' id='word_1_234' title='bbox 870 1836 1159 1908; x_wconf 85' lang='grc' dir='ltr'><strong>προδρόμῳ</strong></span> <span class='ocrx_word' id='word_1_235' title='bbox 1182 1837 1455 1908; x_wconf 75' lang='grc' dir='ltr'><strong>διάληψιν,</strong></span> <span class='ocrx_word' id='word_1_236' title='bbox 1484 1837 1571 1889; x_wconf 78' lang='grc' dir='ltr'><strong>ἵνα</strong></span> <span class='ocrx_word' id='word_1_237' title='bbox 1597 1837 1857 1907; x_wconf 86' lang='grc' dir='ltr'><strong>φαίνηται</strong></span> 
     </span>
    </p>
   </div>
   <div class='ocr_carea' id='block_1_35' title="bbox 1976 1832 3535 1911">
    <p class='ocr_par' dir='ltr' id='par_1_35' title="bbox 1976 1840 3535 1911">
     <span class='ocr_line' id='line_1_35' title="bbox 1976 1840 3535 1911; baseline 0.001 -15"><span class='ocrx_word' id='word_1_238' title='bbox 1976 1861 1986 1896; x_wconf 87' lang='grc' dir='ltr'><strong>ι</strong></span> <span class='ocrx_word' id='word_1_239' title='bbox 2019 1843 2115 1899; x_wconf 84' lang='lat' dir='ltr'><strong>Hic</strong></span> <span class='ocrx_word' id='word_1_240' title='bbox 2149 1845 2292 1897; x_wconf 91' lang='lat' dir='ltr'><strong>enim</strong></span> <span class='ocrx_word' id='word_1_241' title='bbox 2337 1850 2441 1909; x_wconf 87' lang='lat' dir='ltr'><strong>est,</strong></span> <span class='ocrx_word' id='word_1_242' title='bbox 2475 1840 2671 1911; x_wconf 88' lang='lat' dir='ltr'><strong>inquit,</strong></span> <span class='ocrx_word' id='word_1_243' title='bbox 2710 1843 2776 1895; x_wconf 90' lang='lat' dir='ltr'><strong>de</strong></span> <span class='ocrx_word' id='word_1_244' title='bbox 2801 1856 2908 1911; x_wconf 91' lang='lat' dir='ltr'><strong>quo</strong></span> <span class='ocrx_word' id='word_1_245' title='bbox 2949 1841 3209 1909; x_wconf 90' lang='lat' dir='ltr'><strong>scriptum</strong></span> <span class='ocrx_word' id='word_1_246' title='bbox 3246 1850 3364 1898; x_wconf 87' lang='lat' dir='ltr'><strong>est:</strong></span> <span class='ocrx_word' id='word_1_247' title='bbox 3396 1842 3535 1898; x_wconf 81' lang='lat' dir='ltr'><strong>Ecce</strong></span> 
     </span>
    </p>
   </div>
   <div class='ocr_carea' id='block_1_36' title="bbox 280 1928 1861 2005">
    <p class='ocr_par' dir='ltr' id='par_1_36' title="bbox 280 1928 1861 2005">
     <span class='ocr_line' id='line_1_36' title="bbox 280 1928 1861 2005; baseline -0.005 -18"><span class='ocrx_word' id='word_1_248' title='bbox 280 1933 525 2005; x_wconf 77' lang='grc' dir='ltr'><strong>κηρύξας</strong></span> <span class='ocrx_word' id='word_1_249' title='bbox 556 1930 731 2000; x_wconf 81' lang='grc' dir='ltr'><strong>ἀληθῆ</strong></span> <span class='ocrx_word' id='word_1_250' title='bbox 750 1945 763 1957; x_wconf 93' lang='grc'>·</span> <span class='ocrx_word' id='word_1_251' title='bbox 799 1930 891 1983; x_wconf 76' lang='grc' dir='ltr'><strong>καὶ</strong></span> <span class='ocrx_word' id='word_1_252' title='bbox 926 1930 1193 1999; x_wconf 76' lang='grc' dir='ltr'><strong>μαρτυρεῖ</strong></span> <span class='ocrx_word' id='word_1_253' title='bbox 1224 1928 1322 1996; x_wconf 85' lang='grc' dir='ltr'><strong>μὲν</strong></span> <span class='ocrx_word' id='word_1_254' title='bbox 1356 1928 1518 1991; x_wconf 81' lang='grc' dir='ltr'><strong>αὐτὸς</strong></span> <span class='ocrx_word' id='word_1_255' title='bbox 1550 1930 1629 1992; x_wconf 81' lang='grc' dir='ltr'><strong>εἰς</strong></span> <span class='ocrx_word' id='word_1_256' title='bbox 1660 1928 1861 1999; x_wconf 72' lang='grc' dir='ltr'><strong>ὑψηλὸν</strong></span> 
     </span>
    </p>
   </div>
   <div class='ocr_carea' id='block_1_37' title="bbox 276 2018 1864 2092">
    <p class='ocr_par' dir='ltr' id='par_1_37' title="bbox 276 2018 1864 2092">
     <span class='ocr_line' id='line_1_37' title="bbox 276 2018 1864 2092; baseline -0.002 -17"><span class='ocrx_word' id='word_1_257' title='bbox 276 2022 569 2092; x_wconf 74' lang='grc' dir='ltr'><strong>ἀναφέρων</strong></span> <span class='ocrx_word' id='word_1_258' title='bbox 609 2021 844 2090; x_wconf 80' lang='grc' dir='ltr'><strong>ἀξίωμα,</strong></span> <span class='ocrx_word' id='word_1_259' title='bbox 881 2020 973 2074; x_wconf 61' lang='grc' dir='ltr'><strong>καὶ.</strong></span> <span class='ocrx_word' id='word_1_260' title='bbox 1019 2019 1372 2089; x_wconf 76' lang='grc' dir='ltr'><strong>προφητικῶν</strong></span> <span class='ocrx_word' id='word_1_261' title='bbox 1414 2018 1732 2084; x_wconf 78' lang='grc' dir='ltr'><strong>ἐξάλλεσθαι</strong></span> <span class='ocrx_word' id='word_1_262' title='bbox 1774 2020 1864 2073; x_wconf 80' lang='grc' dir='ltr'><strong>τό·</strong></span> 
     </span>
    </p>
   </div>
   <div class='ocr_carea' id='block_1_38' title="bbox 281 2110 1864 2182">
    <p class='ocr_par' dir='ltr' id='par_1_38' title="bbox 281 2110 1864 2182">
     <span class='ocr_line' id='line_1_38' title="bbox 281 2110 1864 2182; baseline -0.003 -15"><span class='ocrx_word' id='word_1_263' title='bbox 281 2131 400 2167; x_wconf 87' lang='grc' dir='ltr'><strong>πων</strong></span> <span class='ocrx_word' id='word_1_264' title='bbox 427 2113 520 2165; x_wconf 79' lang='grc' dir='ltr'><strong>τὸν</strong></span> <span class='ocrx_word' id='word_1_265' title='bbox 546 2112 714 2182; x_wconf 83' lang='grc' dir='ltr'><strong>ἀνδρα</strong></span> <span class='ocrx_word' id='word_1_266' title='bbox 734 2110 1229 2182; x_wconf 74' lang='grc' dir='ltr'><strong>διαϐεϐαιούμενος.</strong></span> <span class='ocrx_word' id='word_1_267' title='bbox 1254 2111 1593 2182; x_wconf 84' lang='grc' dir='ltr'><strong>Παρατίθησι</strong></span> <span class='ocrx_word' id='word_1_268' title='bbox 1622 2110 1679 2164; x_wconf 85' lang='grc' dir='ltr'><strong>δὲ</strong></span> <span class='ocrx_word' id='word_1_269' title='bbox 1704 2111 1864 2174; x_wconf 80' lang='grc' dir='ltr'><strong>εὐθὺς</strong></span> 
     </span>
    </p>
   </div>
   <div class='ocr_carea' id='block_1_39' title="bbox 281 2200 1865 2271">
    <p class='ocr_par' dir='ltr' id='par_1_39' title="bbox 281 2200 1865 2271">
     <span class='ocr_line' id='line_1_39' title="bbox 281 2200 1865 2271; baseline -0.001 -17"><span class='ocrx_word' id='word_1_270' title='bbox 281 2205 357 2266; x_wconf 73' lang='grc' dir='ltr'><strong>ὡς</strong></span> <span class='ocrx_word' id='word_1_271' title='bbox 395 2204 509 2266; x_wconf 79' lang='grc' dir='ltr'><strong>τοῖς</strong></span> <span class='ocrx_word' id='word_1_272' title='bbox 539 2200 733 2256; x_wconf 79' lang='grc' dir='ltr'><strong>ἑαυτοῦ</strong></span> <span class='ocrx_word' id='word_1_273' title='bbox 774 2201 954 2269; x_wconf 83' lang='grc' dir='ltr'><strong>λόγοις</strong></span> <span class='ocrx_word' id='word_1_274' title='bbox 995 2203 1230 2254; x_wconf 76' lang='grc' dir='ltr'><strong>ἐποιεῖτο</strong></span> <span class='ocrx_word' id='word_1_275' title='bbox 1271 2201 1485 2269; x_wconf 75' lang='grc' dir='ltr'><strong>γείτονα</strong></span> <span class='ocrx_word' id='word_1_276' title='bbox 1512 2200 1608 2253; x_wconf 91' lang='grc' dir='ltr'><strong>τοῦ</strong></span> <span class='ocrx_word' id='word_1_277' title='bbox 1651 2200 1865 2271; x_wconf 77' lang='grc' dir='ltr'><strong>Πατρδς</strong></span> 
     </span>
    </p>
   </div>
   <div class='ocr_carea' id='block_1_40' title="bbox 283 2290 1867 2365">
    <p class='ocr_par' dir='ltr' id='par_1_40' title="bbox 283 2290 1867 2365">
     <span class='ocr_line' id='line_1_40' title="bbox 283 2290 1867 2365; baseline -0.004 -16"><span class='ocrx_word' id='word_1_278' title='bbox 283 2295 380 2365; x_wconf 73' lang='grc' dir='ltr'><strong>τὴν</strong></span> <span class='ocrx_word' id='word_1_279' title='bbox 425 2295 628 2365; x_wconf 77' lang='grc' dir='ltr'><strong>φωνὴν,</strong></span> <span class='ocrx_word' id='word_1_280' title='bbox 657 2295 744 2347; x_wconf 81' lang='grc' dir='ltr'><strong>ἵνα</strong></span> <span class='ocrx_word' id='word_1_281' title='bbox 772 2294 970 2364; x_wconf 81' lang='grc' dir='ltr'><strong>τρόπον</strong></span> <span class='ocrx_word' id='word_1_282' title='bbox 996 2293 1119 2346; x_wconf 86' lang='grc' dir='ltr'><strong>τινά</strong></span> <span class='ocrx_word' id='word_1_283' title='bbox 1150 2294 1243 2346; x_wconf 74' lang='grc' dir='ltr'><strong>καὶ</strong></span> <span class='ocrx_word' id='word_1_284' title='bbox 1287 2295 1351 2346; x_wconf 71' lang='grc' dir='ltr'><strong>εκ</strong></span> <span class='ocrx_word' id='word_1_285' title='bbox 1379 2291 1605 2361; x_wconf 87' lang='grc' dir='ltr'><strong>νομικοῦ</strong></span> <span class='ocrx_word' id='word_1_286' title='bbox 1646 2290 1867 2345; x_wconf 82' lang='grc' dir='ltr'><strong>δικαιώ-</strong></span> 
     </span>
    </p>
   </div>
   <div class='ocr_carea' id='block_1_41' title="bbox 289 2376 1867 2457">
    <p class='ocr_par' dir='ltr' id='par_1_41' title="bbox 289 2376 1867 2457">
     <span class='ocr_line' id='line_1_41' title="bbox 289 2376 1867 2457; baseline -0.003 -18"><span class='ocrx_word' id='word_1_287' title='bbox 289 2403 458 2457; x_wconf 83' lang='grc' dir='ltr'><strong>ματος</strong></span> <span class='ocrx_word' id='word_1_288' title='bbox 488 2388 522 2453; x_wconf 84' lang='grc' dir='ltr'><strong>ή</strong></span> <span class='ocrx_word' id='word_1_289' title='bbox 563 2384 648 2439; x_wconf 72' lang='grc' dir='ltr'><strong>ἐπ’</strong></span> <span class='ocrx_word' id='word_1_290' title='bbox 676 2384 824 2453; x_wconf 79' lang='grc' dir='ltr'><strong>αὐτῷ</strong></span> <span class='ocrx_word' id='word_1_291' title='bbox 871 2380 1147 2453; x_wconf 82' lang='grc' dir='ltr'><strong>μαρτυρία</strong></span> <span class='ocrx_word' id='word_1_292' title='bbox 1209 2382 1598 2451; x_wconf 82' lang='grc' dir='ltr'><strong>σφραγίζηται.</strong></span> <span class='ocrx_word' id='word_1_293' title='bbox 1651 2401 1668 2432; x_wconf 80' lang='grc' dir='ltr'><strong>ι</strong></span> <span class='ocrx_word' id='word_1_294' title='bbox 1698 2376 1867 2444; x_wconf 72' lang='grc' dir='ltr'><strong>Οὗτος</strong></span> 
     </span>
    </p>
   </div>
   <div class='ocr_carea' id='block_1_42' title="bbox 288 2465 1868 2546">
    <p class='ocr_par' dir='ltr' id='par_1_42' title="bbox 288 2465 1868 2546">
     <span class='ocr_line' id='line_1_42' title="bbox 288 2465 1868 2546; baseline -0.006 -18"><span class='ocrx_word' id='word_1_295' title='bbox 288 2476 397 2546; x_wconf 79' lang='grc' dir='ltr'><strong>γάρ</strong></span> <span class='ocrx_word' id='word_1_296' title='bbox 423 2476 559 2539; x_wconf 72' lang='grc' dir='ltr'><strong>ἐστι,</strong></span> <span class='ocrx_word' id='word_1_297' title='bbox 592 2473 756 2542; x_wconf 76' lang='grc' dir='ltr'><strong>φησὶ,</strong></span> <span class='ocrx_word' id='word_1_298' title='bbox 789 2471 915 2541; x_wconf 79' lang='grc' dir='ltr'><strong>περὶ</strong></span> <span class='ocrx_word' id='word_1_299' title='bbox 946 2466 1006 2525; x_wconf 76' lang='grc' dir='ltr'><strong>οὗ</strong></span> <span class='ocrx_word' id='word_1_300' title='bbox 1040 2470 1380 2542; x_wconf 76' lang='grc' dir='ltr'><strong>γέγραπται’</strong></span> <span class='ocrx_word' id='word_1_301' title='bbox 1419 2469 1551 2522; x_wconf 79' lang='grc' dir='ltr'><strong>Ἰδοὺ</strong></span> <span class='ocrx_word' id='word_1_302' title='bbox 1586 2465 1698 2535; x_wconf 78' lang='grc' dir='ltr'><strong>ὶγὼ</strong></span> <span class='ocrx_word' id='word_1_303' title='bbox 1730 2468 1868 2520; x_wconf 84' lang='grc' dir='ltr'><strong>ἀπο-</strong></span> 
     </span>
    </p>
   </div>
   <div class='ocr_carea' id='block_1_43' title="bbox 292 2557 1873 2633">
    <p class='ocr_par' dir='ltr' id='par_1_43' title="bbox 292 2557 1873 2633">
     <span class='ocr_line' id='line_1_43' title="bbox 292 2557 1873 2633; baseline -0.004 -16"><span class='ocrx_word' id='word_1_304' title='bbox 292 2564 495 2618; x_wconf 77' lang='grc' dir='ltr'><strong>στέλλω</strong></span> <span class='ocrx_word' id='word_1_305' title='bbox 520 2564 610 2616; x_wconf 74' lang='grc' dir='ltr'><strong>τὸν</strong></span> <span class='ocrx_word' id='word_1_306' title='bbox 637 2558 867 2632; x_wconf 64' lang='grc' dir='ltr'><strong>ἄγγελόν</strong></span> <span class='ocrx_word' id='word_1_307' title='bbox 897 2578 1000 2629; x_wconf 81' lang='grc' dir='ltr'><strong>μου</strong></span> <span class='ocrx_word' id='word_1_308' title='bbox 1031 2560 1138 2633; x_wconf 81' lang='grc' dir='ltr'><strong>πρὸ</strong></span> <span class='ocrx_word' id='word_1_309' title='bbox 1164 2557 1457 2632; x_wconf 79' lang='grc' dir='ltr'><strong>προσώπου</strong></span> <span class='ocrx_word' id='word_1_310' title='bbox 1487 2575 1603 2625; x_wconf 75' lang='grc' dir='ltr'><strong>σευ,</strong></span> <span class='ocrx_word' id='word_1_311' title='bbox 1631 2558 1687 2621; x_wconf 63' lang='grc' dir='ltr'><strong>ὃς</strong></span> <span class='ocrx_word' id='word_1_312' title='bbox 1712 2574 1873 2611; x_wconf 79' lang='grc' dir='ltr'><strong>κατα-</strong></span> 
     </span>
    </p>
   </div>
   <div class='ocr_carea' id='block_1_44' title="bbox 292 2648 1872 2726">
    <p class='ocr_par' dir='ltr' id='par_1_44' title="bbox 292 2648 1872 2726">
     <span class='ocr_line' id='line_1_44' title="bbox 292 2648 1872 2726; baseline -0.004 -17"><span class='ocrx_word' id='word_1_313' title='bbox 292 2654 548 2709; x_wconf 83' lang='grc' dir='ltr'><strong>σκευάσει</strong></span> <span class='ocrx_word' id='word_1_314' title='bbox 594 2654 693 2726; x_wconf 78' lang='grc' dir='ltr'><strong>τὴν</strong></span> <span class='ocrx_word' id='word_1_315' title='bbox 738 2653 857 2707; x_wconf 81' lang='grc' dir='ltr'><strong>ὀδόν</strong></span> <span class='ocrx_word' id='word_1_316' title='bbox 913 2669 1009 2706; x_wconf 92' lang='grc' dir='ltr'><strong>σου</strong></span> <span class='ocrx_word' id='word_1_317' title='bbox 1064 2650 1372 2724; x_wconf 75' lang='grc' dir='ltr'><strong>ἔμπροσθέν</strong></span> <span class='ocrx_word' id='word_1_318' title='bbox 1424 2670 1540 2706; x_wconf 91' lang='grc' dir='ltr'><strong>σου.</strong></span> <span class='ocrx_word' id='word_1_319' title='bbox 1569 2672 1587 2703; x_wconf 77' lang='grc' dir='ltr'><strong>ι</strong></span> <span class='ocrx_word' id='word_1_320' title='bbox 1642 2648 1773 2703; x_wconf 75' lang='grc' dir='ltr'><strong>Εἶτα</strong></span> <span class='ocrx_word' id='word_1_321' title='bbox 1820 2651 1872 2703; x_wconf 90' lang='grc' dir='ltr'><strong>τί</strong></span> 
     </span>
    </p>
   </div>
   <div class='ocr_carea' id='block_1_45' title="bbox 292 2740 1875 2814">
    <p class='ocr_par' dir='ltr' id='par_1_45' title="bbox 292 2740 1875 2814">
     <span class='ocr_line' id='line_1_45' title="bbox 292 2740 1875 2814; baseline -0.001 -18"><span class='ocrx_word' id='word_1_322' title='bbox 292 2760 460 2814; x_wconf 79' lang='grc' dir='ltr'><strong>φησιν</strong></span> <span class='ocrx_word' id='word_1_323' title='bbox 486 2745 577 2796; x_wconf 71' lang='grc' dir='ltr'><strong>ἐπὶ</strong></span> <span class='ocrx_word' id='word_1_324' title='bbox 602 2741 813 2804; x_wconf 78' lang='grc' dir='ltr'><strong>τούτοις</strong></span> <span class='ocrx_word' id='word_1_325' title='bbox 838 2740 967 2812; x_wconf 77' lang='grc' dir='ltr'><strong>περὶ</strong></span> <span class='ocrx_word' id='word_1_326' title='bbox 992 2742 1156 2795; x_wconf 83' lang='grc' dir='ltr'><strong>αὐτοῦ</strong></span> <span class='ocrx_word' id='word_1_327' title='bbox 1179 2759 1193 2806; x_wconf 91' lang='lat'><strong>;</strong></span> <span class='ocrx_word' id='word_1_328' title='bbox 1228 2742 1400 2813; x_wconf 74' lang='grc' dir='ltr'><strong>’Ᾱμην</strong></span> <span class='ocrx_word' id='word_1_329' title='bbox 1426 2741 1569 2811; x_wconf 77' lang='grc' dir='ltr'><strong>λέγω</strong></span> <span class='ocrx_word' id='word_1_330' title='bbox 1595 2742 1746 2813; x_wconf 83' lang='grc' dir='ltr'><strong>ὑμῖν,</strong></span> <span class='ocrx_word' id='word_1_331' title='bbox 1774 2741 1875 2794; x_wconf 80' lang='grc' dir='ltr'><strong>οῦκ</strong></span> 
     </span>
    </p>
   </div>
   <div class='ocr_carea' id='block_1_46' title="bbox 292 2830 1873 2903">
    <p class='ocr_par' dir='ltr' id='par_1_46' title="bbox 292 2830 1873 2903">
     <span class='ocr_line' id='line_1_46' title="bbox 292 2830 1873 2903; baseline 0.001 -19"><span class='ocrx_word' id='word_1_332' title='bbox 292 2834 589 2903; x_wconf 69' lang='grc' dir='ltr'><strong>ἐγήγερται</strong></span> <span class='ocrx_word' id='word_1_333' title='bbox 634 2835 692 2886; x_wconf 89' lang='lat' dir='ltr'><strong>tv</strong></span> <span class='ocrx_word' id='word_1_334' title='bbox 735 2835 1014 2901; x_wconf 80' lang='grc' dir='ltr'><strong>γεννητοῖς</strong></span> <span class='ocrx_word' id='word_1_335' title='bbox 1057 2830 1334 2901; x_wconf 88' lang='grc' dir='ltr'><strong>γυναικῶν</strong></span> <span class='ocrx_word' id='word_1_336' title='bbox 1380 2831 1582 2903; x_wconf 78' lang='grc' dir='ltr'><strong>μείζων</strong></span> <span class='ocrx_word' id='word_1_337' title='bbox 1628 2830 1873 2885; x_wconf 81' lang='grc' dir='ltr'><strong>Ἰωάννου</strong></span> 
     </span>
    </p>
   </div>
   <div class='ocr_carea' id='block_1_47' title="bbox 290 2920 1875 2995">
    <p class='ocr_par' dir='ltr' id='par_1_47' title="bbox 290 2920 1875 2995">
     <span class='ocr_line' id='line_1_47' title="bbox 290 2920 1875 2995; baseline -0.002 -17"><span class='ocrx_word' id='word_1_338' title='bbox 290 2924 387 2978; x_wconf 87' lang='grc' dir='ltr'><strong>τοῦ</strong></span> <span class='ocrx_word' id='word_1_339' title='bbox 418 2922 745 2989; x_wconf 83' lang='grc' dir='ltr'><strong>Βαπτιστοῦ,</strong></span> <span class='ocrx_word' id='word_1_340' title='bbox 768 2926 797 2977; x_wconf 84' lang='grc' dir='ltr'><em>ὁ</em></span> <span class='ocrx_word' id='word_1_341' title='bbox 832 2920 889 2977; x_wconf 75' lang='grc' dir='ltr'><strong>δὲ</strong></span> <span class='ocrx_word' id='word_1_342' title='bbox 918 2923 1243 2995; x_wconf 83' lang='grc' dir='ltr'><strong>μικρότερος</strong></span> <span class='ocrx_word' id='word_1_343' title='bbox 1269 2926 1327 2977; x_wconf 89' lang='lat' dir='ltr'><strong>tv</strong></span> <span class='ocrx_word' id='word_1_344' title='bbox 1354 2926 1420 2993; x_wconf 80' lang='grc' dir='ltr'><strong>τῇ</strong></span> <span class='ocrx_word' id='word_1_345' title='bbox 1471 2922 1721 2993; x_wconf 74' lang='grc' dir='ltr'><strong>βασιλεία</strong></span> <span class='ocrx_word' id='word_1_346' title='bbox 1765 2923 1875 2976; x_wconf 89' lang='grc' dir='ltr'><strong>τῶν</strong></span> 
     </span>
    </p>
   </div>
   <div class='ocr_carea' id='block_1_48' title="bbox 291 3015 1876 3092">
    <p class='ocr_par' dir='ltr' id='par_1_48' title="bbox 291 3015 1876 3092">
     <span class='ocr_line' id='line_1_48' title="bbox 291 3015 1876 3092; baseline -0.004 -18"><span class='ocrx_word' id='word_1_347' title='bbox 291 3019 560 3092; x_wconf 77' lang='grc' dir='ltr'><strong>οὐρανῶν,</strong></span> <span class='ocrx_word' id='word_1_348' title='bbox 594 3018 796 3089; x_wconf 85' lang='grc' dir='ltr'><strong>μείζων</strong></span> <span class='ocrx_word' id='word_1_349' title='bbox 846 3016 1011 3070; x_wconf 76' lang='grc' dir='ltr'><strong>αὐτοῦ</strong></span> <span class='ocrx_word' id='word_1_350' title='bbox 1061 3018 1229 3070; x_wconf 85' lang='grc' dir='ltr'><strong>ὲστιν.</strong></span> <span class='ocrx_word' id='word_1_351' title='bbox 1256 3035 1273 3065; x_wconf 75' lang='grc' dir='ltr'><strong>ι</strong></span> <span class='ocrx_word' id='word_1_352' title='bbox 1313 3017 1456 3087; x_wconf 82' lang='grc' dir='ltr'><strong>Ὅρα</strong></span> <span class='ocrx_word' id='word_1_353' title='bbox 1492 3016 1556 3087; x_wconf 80' lang='grc' dir='ltr'><strong>δὴ</strong></span> <span class='ocrx_word' id='word_1_354' title='bbox 1607 3015 1769 3069; x_wconf 79' lang='grc' dir='ltr'><strong>πάλιν</strong></span> <span class='ocrx_word' id='word_1_355' title='bbox 1818 3016 1876 3068; x_wconf 85' lang='lat' dir='ltr'><strong>tv</strong></span> 
     </span>
    </p>
   </div>
   <div class='ocr_carea' id='block_1_49' title="bbox 292 3100 1874 3181">
    <p class='ocr_par' dir='ltr' id='par_1_49' title="bbox 292 3100 1874 3181">
     <span class='ocr_line' id='line_1_49' title="bbox 292 3100 1874 3181; baseline -0.004 -16"><span class='ocrx_word' id='word_1_356' title='bbox 292 3111 501 3175; x_wconf 81' lang='grc' dir='ltr'><strong>τούτοις</strong></span> <span class='ocrx_word' id='word_1_357' title='bbox 550 3110 682 3181; x_wconf 83' lang='grc' dir='ltr'><strong>ὅσην</strong></span> <span class='ocrx_word' id='word_1_358' title='bbox 730 3109 1024 3179; x_wconf 68' lang='grc' dir='ltr'><strong>ἐποιήσατο</strong></span> <span class='ocrx_word' id='word_1_359' title='bbox 1081 3108 1177 3178; x_wconf 78' lang='grc' dir='ltr'><strong>τὴν</strong></span> <span class='ocrx_word' id='word_1_360' title='bbox 1227 3105 1539 3176; x_wconf 71' lang='grc' dir='ltr'><strong>οἰκονομίαν</strong></span> <span class='ocrx_word' id='word_1_361' title='bbox 1585 3106 1613 3157; x_wconf 76' lang='lat'><strong>6</strong></span> <span class='ocrx_word' id='word_1_362' title='bbox 1657 3100 1874 3176; x_wconf 64' lang='grc' dir='ltr'><strong>Σωτήρ.</strong></span> 
     </span>
    </p>
   </div>
   <div class='ocr_carea' id='block_1_50' title="bbox 1961 1935 3533 2009">
    <p class='ocr_par' dir='ltr' id='par_1_50' title="bbox 1961 1935 3533 2009">
     <span class='ocr_line' id='line_1_50' title="bbox 1961 1935 3533 2009; baseline -0.003 -14"><span class='ocrx_word' id='word_1_363' title='bbox 1961 1955 2062 2009; x_wconf 88' lang='lat' dir='ltr'><strong>ego</strong></span> <span class='ocrx_word' id='word_1_364' title='bbox 2092 1938 2301 1994; x_wconf 87' lang='lat' dir='ltr'><strong>mittam</strong></span> <span class='ocrx_word' id='word_1_365' title='bbox 2343 1936 2594 2009; x_wconf 86' lang='lat' dir='ltr'><strong>angelum</strong></span> <span class='ocrx_word' id='word_1_366' title='bbox 2627 1951 2804 1991; x_wconf 88' lang='lat' dir='ltr'><strong>meum</strong></span> <span class='ocrx_word' id='word_1_367' title='bbox 2849 1945 2976 1991; x_wconf 85' lang='lat' dir='ltr'><strong>ante</strong></span> <span class='ocrx_word' id='word_1_368' title='bbox 3018 1935 3213 1990; x_wconf 81' lang='lat' dir='ltr'><strong>faciem</strong></span> <span class='ocrx_word' id='word_1_369' title='bbox 3242 1946 3410 2002; x_wconf 86' lang='lat' dir='ltr'><strong>tuam,</strong></span> <span class='ocrx_word' id='word_1_370' title='bbox 3442 1941 3533 2006; x_wconf 87' lang='lat' dir='ltr'><strong>qui</strong></span> 
     </span>
    </p>
   </div>
   <div class='ocr_carea' id='block_1_51' title="bbox 1964 2027 3535 2101">
    <p class='ocr_par' dir='ltr' id='par_1_51' title="bbox 1964 2027 3535 2101">
     <span class='ocr_line' id='line_1_51' title="bbox 1964 2027 3535 2101; baseline -0.002 -15"><span class='ocrx_word' id='word_1_371' title='bbox 1964 2031 2175 2101; x_wconf 88' lang='lat' dir='ltr'><strong>parabit</strong></span> <span class='ocrx_word' id='word_1_372' title='bbox 2216 2030 2359 2084; x_wconf 85' lang='lat' dir='ltr'><strong>viam</strong></span> <span class='ocrx_word' id='word_1_373' title='bbox 2405 2039 2551 2083; x_wconf 89' lang='lat' dir='ltr'><strong>tuam</strong></span> <span class='ocrx_word' id='word_1_374' title='bbox 2600 2038 2727 2084; x_wconf 84' lang='lat' dir='ltr'><strong>ante</strong></span> <span class='ocrx_word' id='word_1_375' title='bbox 2760 2039 2830 2083; x_wconf 90' lang='lat' dir='ltr'><strong>te.</strong></span> <span class='ocrx_word' id='word_1_376' title='bbox 2867 2046 2886 2079; x_wconf 74' lang='grc' dir='ltr'><strong>ι</strong></span> <span class='ocrx_word' id='word_1_377' title='bbox 2933 2027 3069 2093; x_wconf 87' lang='lat' dir='ltr'><strong>Quid</strong></span> <span class='ocrx_word' id='word_1_378' title='bbox 3103 2044 3233 2083; x_wconf 86' lang='lat' dir='ltr'><strong>vero</strong></span> <span class='ocrx_word' id='word_1_379' title='bbox 3272 2039 3535 2097; x_wconf 71' lang='lat' dir='ltr'><strong>praeterea</strong></span> 
     </span>
    </p>
   </div>
   <div class='ocr_carea' id='block_1_52' title="bbox 1965 2119 3539 2191">
    <p class='ocr_par' dir='ltr' id='par_1_52' title="bbox 1965 2119 3539 2191">
     <span class='ocr_line' id='line_1_52' title="bbox 1965 2119 3539 2191; baseline -0.002 -14"><span class='ocrx_word' id='word_1_380' title='bbox 1965 2124 2030 2177; x_wconf 91' lang='lat' dir='ltr'><strong>de</strong></span> <span class='ocrx_word' id='word_1_381' title='bbox 2058 2136 2129 2177; x_wconf 89' lang='lat' dir='ltr'><strong>eo</strong></span> <span class='ocrx_word' id='word_1_382' title='bbox 2161 2120 2464 2191; x_wconf 67' lang='lat' dir='ltr'><strong>praedicat?</strong></span> <span class='ocrx_word' id='word_1_383' title='bbox 2489 2137 2508 2171; x_wconf 74' lang='grc' dir='ltr'><strong>ι</strong></span> <span class='ocrx_word' id='word_1_384' title='bbox 2537 2121 2708 2175; x_wconf 85' lang='lat' dir='ltr'><strong>Amen</strong></span> <span class='ocrx_word' id='word_1_385' title='bbox 2759 2120 2882 2173; x_wconf 84' lang='lat' dir='ltr'><strong>dico</strong></span> <span class='ocrx_word' id='word_1_386' title='bbox 2929 2119 3103 2182; x_wconf 86' lang='lat' dir='ltr'><strong>vobis,</strong></span> <span class='ocrx_word' id='word_1_387' title='bbox 3151 2135 3254 2173; x_wconf 90' lang='lat' dir='ltr'><strong>non</strong></span> <span class='ocrx_word' id='word_1_388' title='bbox 3299 2121 3539 2175; x_wconf 76' lang='lat' dir='ltr'><strong>surrexit</strong></span> 
     </span>
    </p>
   </div>
   <div class='ocr_carea' id='block_1_53' title="bbox 1966 2205 3538 2276">
    <p class='ocr_par' dir='ltr' id='par_1_53' title="bbox 1966 2205 3538 2276">
     <span class='ocr_line' id='line_1_53' title="bbox 1966 2205 3538 2276; baseline -0.001 -12"><span class='ocrx_word' id='word_1_389' title='bbox 1966 2209 2110 2264; x_wconf 90' lang='lat' dir='ltr'><strong>inter</strong></span> <span class='ocrx_word' id='word_1_390' title='bbox 2153 2217 2310 2263; x_wconf 87' lang='lat' dir='ltr'><strong>natos</strong></span> <span class='ocrx_word' id='word_1_391' title='bbox 2350 2206 2635 2262; x_wconf 89' lang='lat' dir='ltr'><strong>mulierum</strong></span> <span class='ocrx_word' id='word_1_392' title='bbox 2685 2207 2856 2274; x_wconf 80' lang='lat' dir='ltr'><strong>major</strong></span> <span class='ocrx_word' id='word_1_393' title='bbox 2894 2205 3100 2262; x_wconf 87' lang='lat' dir='ltr'><strong>Joanne</strong></span> <span class='ocrx_word' id='word_1_394' title='bbox 3131 2206 3403 2276; x_wconf 78' lang='lat' dir='ltr'><strong>Baptista;</strong></span> <span class='ocrx_word' id='word_1_395' title='bbox 3439 2211 3538 2264; x_wconf 85' lang='lat' dir='ltr'><strong>mi-</strong></span> 
     </span>
    </p>
   </div>
   <div class='ocr_carea' id='block_1_54' title="bbox 1967 2298 3539 2369">
    <p class='ocr_par' dir='ltr' id='par_1_54' title="bbox 1967 2298 3539 2369">
     <span class='ocr_line' id='line_1_54' title="bbox 1967 2298 3539 2369; baseline 0.001 -14"><span class='ocrx_word' id='word_1_396' title='bbox 1967 2315 2068 2355; x_wconf 87' lang='lat' dir='ltr'><strong>nor</strong></span> <span class='ocrx_word' id='word_1_397' title='bbox 2099 2310 2281 2355; x_wconf 83' lang='lat' dir='ltr'><strong>autem</strong></span> <span class='ocrx_word' id='word_1_398' title='bbox 2326 2299 2379 2354; x_wconf 89' lang='lat' dir='ltr'><strong>in</strong></span> <span class='ocrx_word' id='word_1_399' title='bbox 2429 2314 2596 2369; x_wconf 73' lang='lat' dir='ltr'><strong>regno</strong></span> <span class='ocrx_word' id='word_1_400' title='bbox 2628 2298 2889 2352; x_wconf 76' lang='lat' dir='ltr'><strong>ctelorum</strong></span> <span class='ocrx_word' id='word_1_401' title='bbox 2938 2299 3110 2368; x_wconf 83' lang='lat' dir='ltr'><strong>major</strong></span> <span class='ocrx_word' id='word_1_402' title='bbox 3148 2313 3214 2353; x_wconf 89' lang='lat' dir='ltr'><strong>eo</strong></span> <span class='ocrx_word' id='word_1_403' title='bbox 3245 2310 3347 2357; x_wconf 91' lang='lat' dir='ltr'><strong>est.</strong></span> <span class='ocrx_word' id='word_1_404' title='bbox 3385 2319 3404 2353; x_wconf 79' lang='grc' dir='ltr'><strong>ι</strong></span> <span class='ocrx_word' id='word_1_405' title='bbox 3443 2302 3539 2356; x_wconf 85' lang='lat' dir='ltr'><strong>Hic</strong></span> 
     </span>
    </p>
   </div>
   <div class='ocr_carea' id='block_1_55' title="bbox 1968 2388 3538 2457">
    <p class='ocr_par' dir='ltr' id='par_1_55' title="bbox 1968 2388 3538 2457">
     <span class='ocr_line' id='line_1_55' title="bbox 1968 2388 3538 2457; baseline 0.003 -17"><span class='ocrx_word' id='word_1_406' title='bbox 1968 2388 2092 2443; x_wconf 87' lang='lat' dir='ltr'><strong>vide</strong></span> <span class='ocrx_word' id='word_1_407' title='bbox 2131 2402 2317 2442; x_wconf 84' lang='lat' dir='ltr'><strong>rursus</strong></span> <span class='ocrx_word' id='word_1_408' title='bbox 2358 2397 2558 2457; x_wconf 88' lang='lat' dir='ltr'><strong>quanta</strong></span> <span class='ocrx_word' id='word_1_409' title='bbox 2609 2388 2913 2442; x_wconf 75' lang='lat' dir='ltr'><strong>meonomia</strong></span> <span class='ocrx_word' id='word_1_410' title='bbox 2968 2404 3099 2442; x_wconf 89' lang='lat' dir='ltr'><strong>usus</strong></span> <span class='ocrx_word' id='word_1_411' title='bbox 3139 2392 3212 2444; x_wconf 85' lang='lat' dir='ltr'><strong>sit</strong></span> <span class='ocrx_word' id='word_1_412' title='bbox 3257 2390 3538 2445; x_wconf 87' lang='lat' dir='ltr'><strong>Servatur.</strong></span> 
     </span>
    </p>
   </div>
   <div class='ocr_carea' id='block_1_56' title="bbox 1969 2474 3545 2550">
    <p class='ocr_par' dir='ltr' id='par_1_56' title="bbox 1969 2474 3545 2550">
     <span class='ocr_line' id='line_1_56' title="bbox 1969 2474 3545 2550; baseline 0.003 -20"><span class='ocrx_word' id='word_1_413' title='bbox 1969 2474 2243 2531; x_wconf 79' lang='lat' dir='ltr'><strong>Prolixutu</strong></span> <span class='ocrx_word' id='word_1_414' title='bbox 2273 2477 2420 2530; x_wconf 91' lang='lat' dir='ltr'><strong>enim</strong></span> <span class='ocrx_word' id='word_1_415' title='bbox 2454 2476 2519 2532; x_wconf 87' lang='lat' dir='ltr'><strong>de</strong></span> <span class='ocrx_word' id='word_1_416' title='bbox 2559 2475 2800 2547; x_wconf 76' lang='lat' dir='ltr'><strong>Baptista</strong></span> <span class='ocrx_word' id='word_1_417' title='bbox 2836 2477 3025 2531; x_wconf 82' lang='lat' dir='ltr'><strong>habuit</strong></span> <span class='ocrx_word' id='word_1_418' title='bbox 3057 2494 3383 2534; x_wconf 87' lang='lat' dir='ltr'><strong>sermonem.</strong></span> <span class='ocrx_word' id='word_1_419' title='bbox 3422 2479 3545 2550; x_wconf 77' lang='lat' dir='ltr'><strong>Opi-</strong></span> 
     </span>
    </p>
   </div>
   <div class='ocr_carea' id='block_1_57' title="bbox 1973 2568 3543 2641">
    <p class='ocr_par' dir='ltr' id='par_1_57' title="bbox 1973 2568 3543 2641">
     <span class='ocr_line' id='line_1_57' title="bbox 1973 2568 3543 2641; baseline 0.001 -18"><span class='ocrx_word' id='word_1_420' title='bbox 1973 2569 2188 2624; x_wconf 86' lang='lat' dir='ltr'><strong>nionem</strong></span> <span class='ocrx_word' id='word_1_421' title='bbox 2225 2568 2369 2622; x_wconf 70' lang='lat' dir='ltr'><strong>etaim</strong></span> <span class='ocrx_word' id='word_1_422' title='bbox 2402 2582 2541 2637; x_wconf 67' lang='lat' dir='ltr'><strong>quae,</strong></span> <span class='ocrx_word' id='word_1_423' title='bbox 2568 2578 2628 2621; x_wconf 93' lang='lat' dir='ltr'><strong>ut</strong></span> <span class='ocrx_word' id='word_1_424' title='bbox 2661 2569 2956 2624; x_wconf 88' lang='lat' dir='ltr'><strong>verisimile</strong></span> <span class='ocrx_word' id='word_1_425' title='bbox 2990 2579 3094 2634; x_wconf 88' lang='lat' dir='ltr'><strong>est,</strong></span> <span class='ocrx_word' id='word_1_426' title='bbox 3124 2569 3295 2624; x_wconf 88' lang='lat' dir='ltr'><strong>l&#39;raudi</strong></span> <span class='ocrx_word' id='word_1_427' title='bbox 3330 2572 3428 2641; x_wconf 86' lang='lat' dir='ltr'><strong>ipsi</strong></span> <span class='ocrx_word' id='word_1_428' title='bbox 3461 2574 3543 2625; x_wconf 78' lang='lat' dir='ltr'><strong>fit--</strong></span> 
     </span>
    </p>
   </div>
   <div class='ocr_carea' id='block_1_58' title="bbox 1977 2657 3545 2731">
    <p class='ocr_par' dir='ltr' id='par_1_58' title="bbox 1977 2657 3545 2731">
     <span class='ocr_line' id='line_1_58' title="bbox 1977 2657 3545 2731; baseline 0.002 -18"><span class='ocrx_word' id='word_1_429' title='bbox 1977 2670 2094 2713; x_wconf 90' lang='lat' dir='ltr'><strong>tura</strong></span> <span class='ocrx_word' id='word_1_430' title='bbox 2141 2666 2278 2722; x_wconf 83' lang='lat' dir='ltr'><strong>erat,</strong></span> <span class='ocrx_word' id='word_1_431' title='bbox 2335 2657 2547 2727; x_wconf 82' lang='lat' dir='ltr'><strong>repulit.</strong></span> <span class='ocrx_word' id='word_1_432' title='bbox 2587 2657 2831 2727; x_wconf 85' lang='lat' dir='ltr'><strong>Cumque</strong></span> <span class='ocrx_word' id='word_1_433' title='bbox 2874 2659 3022 2712; x_wconf 90' lang='lat' dir='ltr'><strong>illum</strong></span> <span class='ocrx_word' id='word_1_434' title='bbox 3072 2660 3274 2728; x_wconf 87' lang='lat' dir='ltr'><strong>aliquid</strong></span> <span class='ocrx_word' id='word_1_435' title='bbox 3315 2662 3545 2731; x_wconf 75' lang='lat' dir='ltr'><strong>amplius</strong></span> 
     </span>
    </p>
   </div>
   <div class='ocr_carea' id='block_1_59' title="bbox 1974 2747 3547 2818">
    <p class='ocr_par' dir='ltr' id='par_1_59' title="bbox 1974 2747 3547 2818">
     <span class='ocr_line' id='line_1_59' title="bbox 1974 2747 3547 2818; baseline 0.002 -18"><span class='ocrx_word' id='word_1_436' title='bbox 1974 2763 2139 2818; x_wconf 84' lang='lat' dir='ltr'><strong>quant</strong></span> <span class='ocrx_word' id='word_1_437' title='bbox 2168 2747 2486 2816; x_wconf 89' lang='lat' dir='ltr'><strong>prophetam</strong></span> <span class='ocrx_word' id='word_1_438' title='bbox 2530 2747 2730 2802; x_wconf 72' lang='lat' dir='ltr'><strong>habere</strong></span> <span class='ocrx_word' id='word_1_439' title='bbox 2756 2748 3003 2809; x_wconf 79' lang='lat' dir='ltr'><strong>dixisset,</strong></span> <span class='ocrx_word' id='word_1_440' title='bbox 3052 2750 3411 2805; x_wconf 86' lang='lat' dir='ltr'><strong>admiratione</strong></span> <span class='ocrx_word' id='word_1_441' title='bbox 3459 2764 3547 2803; x_wconf 82' lang='lat' dir='ltr'><strong>at-</strong></span> 
     </span>
    </p>
   </div>
   <div class='ocr_carea' id='block_1_60' title="bbox 1974 2837 3550 2906">
    <p class='ocr_par' dir='ltr' id='par_1_60' title="bbox 1974 2837 3550 2906">
     <span class='ocr_line' id='line_1_60' title="bbox 1974 2837 3550 2906; baseline 0.001 -16"><span class='ocrx_word' id='word_1_442' title='bbox 1974 2852 2083 2905; x_wconf 84' lang='lat' dir='ltr'><strong>que</strong></span> <span class='ocrx_word' id='word_1_443' title='bbox 2137 2851 2324 2891; x_wconf 89' lang='lat' dir='ltr'><strong>amore</strong></span> <span class='ocrx_word' id='word_1_444' title='bbox 2373 2837 2594 2906; x_wconf 87' lang='lat' dir='ltr'><strong>dignum</strong></span> <span class='ocrx_word' id='word_1_445' title='bbox 2649 2837 2985 2892; x_wconf 84' lang='lat' dir='ltr'><strong>auditoribus</strong></span> <span class='ocrx_word' id='word_1_446' title='bbox 3028 2840 3285 2896; x_wconf 87' lang='lat' dir='ltr'><strong>ostendit.</strong></span> <span class='ocrx_word' id='word_1_447' title='bbox 3346 2842 3550 2896; x_wconf 78' lang='lat' dir='ltr'><strong>Deinde</strong></span> 
     </span>
    </p>
   </div>
   <div class='ocr_carea' id='block_1_61' title="bbox 1978 2924 3550 2999">
    <p class='ocr_par' dir='ltr' id='par_1_61' title="bbox 1978 2924 3550 2999">
     <span class='ocr_line' id='line_1_61' title="bbox 1978 2924 3550 2999; baseline 0.004 -20"><span class='ocrx_word' id='word_1_448' title='bbox 1978 2924 2137 2996; x_wconf 73' lang='lat'><strong>105</strong></span> <span class='ocrx_word' id='word_1_449' title='bbox 2169 2941 2274 2980; x_wconf 91' lang='lat' dir='ltr'><strong>non</strong></span> <span class='ocrx_word' id='word_1_450' title='bbox 2313 2928 2617 2983; x_wconf 81' lang='lat' dir='ltr'><strong>surrexisse</strong></span> <span class='ocrx_word' id='word_1_451' title='bbox 2648 2927 2821 2999; x_wconf 87' lang='lat' dir='ltr'><strong>inquit</strong></span> <span class='ocrx_word' id='word_1_452' title='bbox 2853 2942 2885 2981; x_wconf 90' lang='lat' dir='ltr'><strong>e</strong></span> <span class='ocrx_word' id='word_1_453' title='bbox 2915 2929 3058 2984; x_wconf 91' lang='lat' dir='ltr'><strong>natis</strong></span> <span class='ocrx_word' id='word_1_454' title='bbox 3102 2930 3390 2984; x_wconf 90' lang='lat' dir='ltr'><strong>mulierum</strong></span> <span class='ocrx_word' id='word_1_455' title='bbox 3437 2948 3550 2986; x_wconf 77' lang='lat' dir='ltr'><strong>tua-</strong></span> 
     </span>
    </p>
   </div>
   <div class='ocr_carea' id='block_1_62' title="bbox 1971 3016 3553 3089">
    <p class='ocr_par' dir='ltr' id='par_1_62' title="bbox 1971 3016 3553 3089">
     <span class='ocr_line' id='line_1_62' title="bbox 1971 3016 3553 3089; baseline 0.004 -17"><span class='ocrx_word' id='word_1_456' title='bbox 1971 3020 2169 3089; x_wconf 84' lang='lat' dir='ltr'><strong>joretn.</strong></span> <span class='ocrx_word' id='word_1_457' title='bbox 2215 3016 2348 3072; x_wconf 87' lang='lat' dir='ltr'><strong>Cum</strong></span> <span class='ocrx_word' id='word_1_458' title='bbox 2398 3018 2564 3088; x_wconf 89' lang='lat' dir='ltr'><strong>igitur</strong></span> <span class='ocrx_word' id='word_1_459' title='bbox 2616 3019 2766 3076; x_wconf 90' lang='lat' dir='ltr'><strong>illum</strong></span> <span class='ocrx_word' id='word_1_460' title='bbox 2798 3021 2959 3074; x_wconf 82' lang='lat' dir='ltr'><strong>veluti</strong></span> <span class='ocrx_word' id='word_1_461' title='bbox 2999 3020 3288 3088; x_wconf 88' lang='lat' dir='ltr'><strong>imaginem</strong></span> <span class='ocrx_word' id='word_1_462' title='bbox 3323 3038 3553 3078; x_wconf 69' lang='lat' dir='ltr'><strong>summa</strong></span> 
     </span>
    </p>
   </div>
   <div class='ocr_carea' id='block_1_63' title="bbox 1982 3109 3554 3178">
    <p class='ocr_par' dir='ltr' id='par_1_63' title="bbox 1982 3109 3554 3178">
     <span class='ocr_line' id='line_1_63' title="bbox 1982 3109 3554 3178; baseline 0.002 -15"><span class='ocrx_word' id='word_1_463' title='bbox 1982 3109 2218 3172; x_wconf 87' lang='lat' dir='ltr'><strong>virtutis,</strong></span> <span class='ocrx_word' id='word_1_464' title='bbox 2248 3123 2368 3178; x_wconf 63' lang='lat' dir='ltr'><strong>quae</strong></span> <span class='ocrx_word' id='word_1_465' title='bbox 2397 3109 2448 3163; x_wconf 92' lang='lat' dir='ltr'><strong>in</strong></span> <span class='ocrx_word' id='word_1_466' title='bbox 2473 3121 2630 3163; x_wconf 84' lang='lat' dir='ltr'><strong>natos</strong></span> <span class='ocrx_word' id='word_1_467' title='bbox 2655 3123 2685 3162; x_wconf 90' lang='lat' dir='ltr'><strong>e</strong></span> <span class='ocrx_word' id='word_1_468' title='bbox 2715 3110 3031 3163; x_wconf 90' lang='lat' dir='ltr'><strong>mulieribus</strong></span> <span class='ocrx_word' id='word_1_469' title='bbox 3061 3112 3300 3177; x_wconf 88' lang='lat' dir='ltr'><strong>caderet,</strong></span> <span class='ocrx_word' id='word_1_470' title='bbox 3334 3113 3554 3166; x_wconf 82' lang='lat' dir='ltr'><strong>statuis-</strong></span> 
     </span>
    </p>
   </div>
   <div class='ocr_carea' id='block_1_64' title="bbox 297 3195 1872 3273">
    <p class='ocr_par' dir='ltr' id='par_1_64' title="bbox 297 3195 1872 3273">
     <span class='ocr_line' id='line_1_64' title="bbox 297 3195 1872 3273; baseline -0.006 -15"><span class='ocrx_word' id='word_1_471' title='bbox 297 3204 474 3268; x_wconf 70' lang='grc' dir='ltr'><strong>Πολὺς</strong></span> <span class='ocrx_word' id='word_1_472' title='bbox 512 3201 661 3272; x_wconf 82' lang='grc' dir='ltr'><strong>αῦτῷ</strong></span> <span class='ocrx_word' id='word_1_473' title='bbox 696 3202 790 3254; x_wconf 77' lang='grc' dir='ltr'><strong>καὶ</strong></span> <span class='ocrx_word' id='word_1_474' title='bbox 831 3199 1039 3273; x_wconf 78' lang='grc' dir='ltr'><strong>μακρὸς</strong></span> <span class='ocrx_word' id='word_1_475' title='bbox 1070 3199 1198 3269; x_wconf 76' lang='grc' dir='ltr'><strong>περὶ</strong></span> <span class='ocrx_word' id='word_1_476' title='bbox 1231 3197 1327 3251; x_wconf 89' lang='grc' dir='ltr'><strong>τοῦ</strong></span> <span class='ocrx_word' id='word_1_477' title='bbox 1367 3198 1523 3265; x_wconf 83' lang='grc' dir='ltr'><strong>ἁγίου</strong></span> <span class='ocrx_word' id='word_1_478' title='bbox 1573 3195 1872 3250; x_wconf 83' lang='grc' dir='ltr'><strong>Βαπτιστοῦ</strong></span> 
     </span>
    </p>
   </div>
   <div class='ocr_carea' id='block_1_65' title="bbox 1976 3195 3553 3273">
    <p class='ocr_par' dir='ltr' id='par_1_65' title="bbox 1982 3198 3553 3269">
     <span class='ocr_line' id='line_1_65' title="bbox 1982 3198 3553 3269; baseline 0.002 -17"><span class='ocrx_word' id='word_1_479' title='bbox 1982 3208 2085 3265; x_wconf 84' lang='lat' dir='ltr'><strong>set,</strong></span> <span class='ocrx_word' id='word_1_480' title='bbox 2124 3198 2299 3267; x_wconf 85' lang='lat' dir='ltr'><strong>majus</strong></span> <span class='ocrx_word' id='word_1_481' title='bbox 2328 3198 2525 3251; x_wconf 88' lang='lat' dir='ltr'><strong>bonum</strong></span> <span class='ocrx_word' id='word_1_482' title='bbox 2573 3199 2818 3268; x_wconf 84' lang='lat' dir='ltr'><strong>opponit,</strong></span> <span class='ocrx_word' id='word_1_483' title='bbox 2851 3201 2952 3252; x_wconf 84' lang='lat' dir='ltr'><strong>ltoc</strong></span> <span class='ocrx_word' id='word_1_484' title='bbox 2985 3209 3091 3262; x_wconf 81' lang='lat' dir='ltr'><strong>est,</strong></span> <span class='ocrx_word' id='word_1_485' title='bbox 3123 3200 3214 3269; x_wconf 86' lang='lat' dir='ltr'><strong>qui</strong></span> <span class='ocrx_word' id='word_1_486' title='bbox 3253 3215 3441 3255; x_wconf 72' lang='lat' dir='ltr'><strong>recens</strong></span> <span class='ocrx_word' id='word_1_487' title='bbox 3467 3217 3553 3255; x_wconf 82' lang='lat' dir='ltr'><strong>re-</strong></span> 
     </span>
    </p>
   </div>
   <div class='ocr_carea' id='block_1_66' title="bbox 297 3284 1879 3366">
    <p class='ocr_par' dir='ltr' id='par_1_66' title="bbox 297 3284 1879 3366">
     <span class='ocr_line' id='line_1_66' title="bbox 297 3284 1879 3366; baseline -0.006 -16"><span class='ocrx_word' id='word_1_488' title='bbox 297 3296 578 3366; x_wconf 80' lang='grc' dir='ltr'><strong>κεκίνηται</strong></span> <span class='ocrx_word' id='word_1_489' title='bbox 606 3294 781 3362; x_wconf 84' lang='grc' dir='ltr'><strong>λόγος.</strong></span> <span class='ocrx_word' id='word_1_490' title='bbox 819 3292 930 3362; x_wconf 84' lang='grc' dir='ltr'><strong>Τὴν</strong></span> <span class='ocrx_word' id='word_1_491' title='bbox 963 3291 1060 3361; x_wconf 83' lang='grc' dir='ltr'><strong>μὲν</strong></span> <span class='ocrx_word' id='word_1_492' title='bbox 1093 3289 1222 3360; x_wconf 81' lang='grc' dir='ltr'><strong>γὰρ,</strong></span> <span class='ocrx_word' id='word_1_493' title='bbox 1246 3288 1369 3341; x_wconf 83' lang='grc' dir='ltr'><strong>ὅθεν</strong></span> <span class='ocrx_word' id='word_1_494' title='bbox 1407 3284 1475 3358; x_wconf 77' lang='grc' dir='ltr'><strong>ἦν</strong></span> <span class='ocrx_word' id='word_1_495' title='bbox 1507 3288 1653 3351; x_wconf 81' lang='grc' dir='ltr'><strong>είκὸς</strong></span> <span class='ocrx_word' id='word_1_496' title='bbox 1690 3287 1879 3356; x_wconf 80' lang='grc' dir='ltr'><strong>ἀδικη-</strong></span> 
     </span>
    </p>
   </div>
   <div class='ocr_carea' id='block_1_67' title="bbox 298 3377 1879 3461">
    <p class='ocr_par' dir='ltr' id='par_1_67' title="bbox 298 3377 1879 3461">
     <span class='ocr_line' id='line_1_67' title="bbox 298 3377 1879 3461; baseline -0.008 -19"><span class='ocrx_word' id='word_1_497' title='bbox 298 3386 560 3461; x_wconf 82' lang='grc' dir='ltr'><strong>θήσεσθαί</strong></span> <span class='ocrx_word' id='word_1_498' title='bbox 590 3403 705 3447; x_wconf 89' lang='grc' dir='ltr'><strong>πως</strong></span> <span class='ocrx_word' id='word_1_499' title='bbox 746 3383 929 3446; x_wconf 78' lang='grc' dir='ltr'><strong>αὐτὸν,</strong></span> <span class='ocrx_word' id='word_1_500' title='bbox 972 3379 1351 3451; x_wconf 86' lang='grc' dir='ltr'><strong>ἀπεκρούσατο</strong></span> <span class='ocrx_word' id='word_1_501' title='bbox 1384 3377 1564 3444; x_wconf 80' lang='grc' dir='ltr'><strong>δόξαν.</strong></span> <span class='ocrx_word' id='word_1_502' title='bbox 1595 3378 1879 3449; x_wconf 81' lang='grc' dir='ltr'><strong>Προφήτου</strong></span> 
     </span>
    </p>
   </div>
   <div class='ocr_carea' id='block_1_68' title="bbox 298 3467 1883 3546">
    <p class='ocr_par' dir='ltr' id='par_1_68' title="bbox 298 3467 1883 3546">
     <span class='ocr_line' id='line_1_68' title="bbox 298 3467 1883 3546; baseline -0.008 -12"><span class='ocrx_word' id='word_1_503' title='bbox 298 3482 356 3534; x_wconf 76' lang='grc' dir='ltr'><strong>δέ</strong></span> <span class='ocrx_word' id='word_1_504' title='bbox 396 3498 451 3533; x_wconf 91' lang='grc' dir='ltr'><strong>τι</strong></span> <span class='ocrx_word' id='word_1_505' title='bbox 496 3477 657 3531; x_wconf 80' lang='grc' dir='ltr'><strong>πλέον</strong></span> <span class='ocrx_word' id='word_1_506' title='bbox 706 3475 851 3546; x_wconf 71' lang='grc' dir='ltr'><strong>ἔχειν</strong></span> <span class='ocrx_word' id='word_1_507' title='bbox 899 3472 1091 3537; x_wconf 78' lang='grc' dir='ltr'><strong>εἰπὼν,</strong></span> <span class='ocrx_word' id='word_1_508' title='bbox 1140 3467 1577 3540; x_wconf 78' lang='grc' dir='ltr'><strong>ἀξιοθαύμαστον</strong></span> <span class='ocrx_word' id='word_1_509' title='bbox 1643 3468 1742 3538; x_wconf 65' lang='grc' dir='ltr'><strong>ἤδη</strong></span> <span class='ocrx_word' id='word_1_510' title='bbox 1789 3469 1883 3521; x_wconf 77' lang='grc' dir='ltr'><strong>καὶ</strong></span> 
     </span>
    </p>
   </div>
   <div class='ocr_carea' id='block_1_69' title="bbox 300 3553 1883 3643">
    <p class='ocr_par' dir='ltr' id='par_1_69' title="bbox 300 3553 1883 3643">
     <span class='ocr_line' id='line_1_69' title="bbox 300 3553 1883 3643; baseline -0.011 -16"><span class='ocrx_word' id='word_1_511' title='bbox 300 3569 748 3643; x_wconf 78' lang='grc' dir='ltr'><strong>ἁξιεραστότατον</strong></span> <span class='ocrx_word' id='word_1_512' title='bbox 766 3568 877 3629; x_wconf 86' lang='grc' dir='ltr'><strong>τοῖς</strong></span> <span class='ocrx_word' id='word_1_513' title='bbox 897 3562 1266 3634; x_wconf 78' lang='grc' dir='ltr'><strong>ἀκροωμένοις</strong></span> <span class='ocrx_word' id='word_1_514' title='bbox 1285 3561 1576 3615; x_wconf 74' lang='grc' dir='ltr'><strong>ἐδείκνυεν.</strong></span> <span class='ocrx_word' id='word_1_515' title='bbox 1596 3553 1727 3613; x_wconf 76' lang='grc' dir='ltr'><strong>Εἶτα</strong></span> <span class='ocrx_word' id='word_1_516' title='bbox 1747 3557 1883 3627; x_wconf 75' lang='grc' dir='ltr'><strong>πρὸς</strong></span> 
     </span>
    </p>
   </div>
   <div class='ocr_carea' id='block_1_70' title="bbox 304 3649 1884 3732">
    <p class='ocr_par' dir='ltr' id='par_1_70' title="bbox 304 3649 1884 3732">
     <span class='ocr_line' id='line_1_70' title="bbox 304 3649 1884 3732; baseline -0.011 -13"><span class='ocrx_word' id='word_1_517' title='bbox 304 3664 515 3728; x_wconf 78' lang='grc' dir='ltr'><strong>τούτοις</strong></span> <span class='ocrx_word' id='word_1_518' title='bbox 543 3664 643 3716; x_wconf 78' lang='grc' dir='ltr'><strong>οὐκ</strong></span> <span class='ocrx_word' id='word_1_519' title='bbox 676 3659 969 3732; x_wconf 78' lang='grc' dir='ltr'><strong>ὲγηγέρθαι</strong></span> <span class='ocrx_word' id='word_1_520' title='bbox 1000 3655 1165 3725; x_wconf 71' lang='grc' dir='ltr'><strong>φησὶν</strong></span> <span class='ocrx_word' id='word_1_521' title='bbox 1200 3656 1257 3708; x_wconf 86' lang='lat' dir='ltr'><strong>tv</strong></span> <span class='ocrx_word' id='word_1_522' title='bbox 1295 3653 1573 3723; x_wconf 84' lang='grc' dir='ltr'><strong>γεννητοῖς</strong></span> <span class='ocrx_word' id='word_1_523' title='bbox 1610 3649 1884 3720; x_wconf 87' lang='grc' dir='ltr'><strong>γυναικῶν</strong></span> 
     </span>
    </p>
   </div>
   <div class='ocr_carea' id='block_1_71' title="bbox 308 3741 1884 3827">
    <p class='ocr_par' dir='ltr' id='par_1_71' title="bbox 308 3741 1884 3827">
     <span class='ocr_line' id='line_1_71' title="bbox 308 3741 1884 3827; baseline -0.009 -18"><span class='ocrx_word' id='word_1_524' title='bbox 308 3755 551 3827; x_wconf 83' lang='grc' dir='ltr'><strong>μείζονα.</strong></span> <span class='ocrx_word' id='word_1_525' title='bbox 574 3752 774 3806; x_wconf 78' lang='grc' dir='ltr'><strong>Εἱκόνα</strong></span> <span class='ocrx_word' id='word_1_526' title='bbox 799 3747 1087 3821; x_wconf 83' lang='grc' dir='ltr'><strong>τοιγαροῦν</strong></span> <span class='ocrx_word' id='word_1_527' title='bbox 1114 3746 1304 3815; x_wconf 86' lang='grc' dir='ltr'><strong>ῶσπερ</strong></span> <span class='ocrx_word' id='word_1_528' title='bbox 1332 3744 1495 3799; x_wconf 80' lang='grc' dir='ltr'><strong>αὑτὸν</strong></span> <span class='ocrx_word' id='word_1_529' title='bbox 1528 3744 1750 3806; x_wconf 77' lang='grc' dir='ltr'><strong>ἀναθεὶς</strong></span> <span class='ocrx_word' id='word_1_530' title='bbox 1782 3741 1884 3811; x_wconf 81' lang='grc' dir='ltr'><strong>τῆς</strong></span> 
     </span>
    </p>
   </div>
   <div class='ocr_carea' id='block_1_72' title="bbox 305 3831 1887 3918">
    <p class='ocr_par' dir='ltr' id='par_1_72' title="bbox 305 3831 1887 3918">
     <span class='ocr_line' id='line_1_72' title="bbox 305 3831 1887 3918; baseline -0.01 -17"><span class='ocrx_word' id='word_1_531' title='bbox 305 3846 531 3918; x_wconf 71' lang='grc' dir='ltr'><strong>ἐνούσης</strong></span> <span class='ocrx_word' id='word_1_532' title='bbox 579 3843 781 3916; x_wconf 81' lang='grc' dir='ltr'><strong>ἀρετῆς</strong></span> <span class='ocrx_word' id='word_1_533' title='bbox 821 3842 879 3895; x_wconf 88' lang='lat' dir='ltr'><strong>tv</strong></span> <span class='ocrx_word' id='word_1_534' title='bbox 916 3841 1196 3910; x_wconf 85' lang='grc' dir='ltr'><strong>γεννητοῖς</strong></span> <span class='ocrx_word' id='word_1_535' title='bbox 1240 3836 1514 3905; x_wconf 92' lang='grc' dir='ltr'><strong>γυναικῶν</strong></span> <span class='ocrx_word' id='word_1_536' title='bbox 1546 3835 1776 3904; x_wconf 75' lang='grc' dir='ltr'><strong>ἔχουσαν</strong></span> <span class='ocrx_word' id='word_1_537' title='bbox 1824 3831 1887 3885; x_wconf 72' lang='grc' dir='ltr'><strong>τὸ</strong></span> 
     </span>
    </p>
   </div>
   <div class='ocr_carea' id='block_1_73' title="bbox 305 3922 1884 4007">
    <p class='ocr_par' dir='ltr' id='par_1_73' title="bbox 305 3922 1884 4007">
     <span class='ocr_line' id='line_1_73' title="bbox 305 3922 1884 4007; baseline -0.011 -16"><span class='ocrx_word' id='word_1_538' title='bbox 305 3936 631 4007; x_wconf 87' lang='grc' dir='ltr'><strong>ἀκρότατον,</strong></span> <span class='ocrx_word' id='word_1_539' title='bbox 683 3928 1175 4002; x_wconf 86' lang='grc' dir='ltr'><strong>ἀντιπαρατίθησιν</strong></span> <span class='ocrx_word' id='word_1_540' title='bbox 1227 3928 1288 3980; x_wconf 81' lang='grc' dir='ltr'><strong>τὸ</strong></span> <span class='ocrx_word' id='word_1_541' title='bbox 1355 3924 1614 3997; x_wconf 77' lang='grc' dir='ltr'><strong>μειζόνως</strong></span> <span class='ocrx_word' id='word_1_542' title='bbox 1662 3922 1884 3992; x_wconf 81' lang='grc' dir='ltr'><strong>ἀγαθὸν,</strong></span> 
     </span>
    </p>
   </div>
   <div class='ocr_carea' id='block_1_74' title="bbox 306 4015 1888 4093">
    <p class='ocr_par' dir='ltr' id='par_1_74' title="bbox 306 4015 1888 4093">
     <span class='ocr_line' id='line_1_74' title="bbox 306 4015 1888 4093; baseline -0.009 -12"><span class='ocrx_word' id='word_1_543' title='bbox 306 4026 575 4089; x_wconf 78' lang='grc' dir='ltr'><strong>τουτέστι,</strong></span> <span class='ocrx_word' id='word_1_544' title='bbox 616 4025 709 4077; x_wconf 81' lang='grc' dir='ltr'><strong>τὸν</strong></span> <span class='ocrx_word' id='word_1_545' title='bbox 747 4022 873 4093; x_wconf 77' lang='grc' dir='ltr'><strong>ἄρτι</strong></span> <span class='ocrx_word' id='word_1_546' title='bbox 904 4024 1005 4093; x_wconf 82' lang='grc' dir='ltr'><strong>τῆς</strong></span> <span class='ocrx_word' id='word_1_547' title='bbox 1038 4018 1315 4091; x_wconf 85' lang='grc' dir='ltr'><strong>βασιλείας</strong></span> <span class='ocrx_word' id='word_1_548' title='bbox 1353 4017 1655 4088; x_wconf 79' lang='grc' dir='ltr'><strong>ἁψάμενον,</strong></span> <span class='ocrx_word' id='word_1_549' title='bbox 1687 4015 1780 4069; x_wconf 79' lang='grc' dir='ltr'><strong>καὶ</strong></span> <span class='ocrx_word' id='word_1_550' title='bbox 1809 4016 1888 4078; x_wconf 88' lang='grc' dir='ltr'><strong>είς</strong></span> 
     </span>
    </p>
   </div>
   <div class='ocr_carea' id='block_1_75' title="bbox 308 4104 1887 4184">
    <p class='ocr_par' dir='ltr' id='par_1_75' title="bbox 308 4104 1887 4184">
     <span class='ocr_line' id='line_1_75' title="bbox 308 4104 1887 4184; baseline -0.008 -15"><span class='ocrx_word' id='word_1_551' title='bbox 308 4117 424 4169; x_wconf 82' lang='grc' dir='ltr'><strong>υίδν</strong></span> <span class='ocrx_word' id='word_1_552' title='bbox 466 4112 898 4184; x_wconf 77' lang='grc' dir='ltr'><strong>ἀναγεννηθὲντα</strong></span> <span class='ocrx_word' id='word_1_553' title='bbox 927 4110 1064 4164; x_wconf 82' lang='grc' dir='ltr'><strong>Θεοῦ</strong></span> <span class='ocrx_word' id='word_1_554' title='bbox 1094 4110 1181 4165; x_wconf 89' lang='grc' dir='ltr'><strong>διά</strong></span> <span class='ocrx_word' id='word_1_555' title='bbox 1211 4109 1306 4162; x_wconf 89' lang='grc' dir='ltr'><strong>τοῦ</strong></span> <span class='ocrx_word' id='word_1_556' title='bbox 1340 4107 1682 4178; x_wconf 78' lang='grc' dir='ltr'><strong>Πνεύματοςο</strong></span> <span class='ocrx_word' id='word_1_557' title='bbox 1719 4107 1785 4158; x_wconf 82' lang='grc' dir='ltr'><strong>ἶν’</strong></span> <span class='ocrx_word' id='word_1_558' title='bbox 1829 4104 1887 4171; x_wconf 70' lang='grc' dir='ltr'><strong>ἐξ</strong></span> 
     </span>
    </p>
   </div>
   <div class='ocr_carea' id='block_1_76' title="bbox 306 4194 1890 4272">
    <p class='ocr_par' dir='ltr' id='par_1_76' title="bbox 306 4194 1890 4272">
     <span class='ocr_line' id='line_1_76' title="bbox 306 4194 1890 4272; baseline -0.009 -12"><span class='ocrx_word' id='word_1_559' title='bbox 306 4204 383 4260; x_wconf 84' lang='grc' dir='ltr'><strong>ῶν</strong></span> <span class='ocrx_word' id='word_1_560' title='bbox 421 4208 625 4268; x_wconf 69' lang='grc' dir='ltr'><strong>ἐκεῖνος</strong></span> <span class='ocrx_word' id='word_1_561' title='bbox 667 4205 727 4257; x_wconf 81' lang='grc' dir='ltr'><strong>τὸ</strong></span> <span class='ocrx_word' id='word_1_562' title='bbox 758 4203 976 4256; x_wconf 74' lang='grc' dir='ltr'><strong>ἔλαττον</strong></span> <span class='ocrx_word' id='word_1_563' title='bbox 1016 4203 1156 4272; x_wconf 76' lang='grc' dir='ltr'><strong>ἔχων</strong></span> <span class='ocrx_word' id='word_1_564' title='bbox 1187 4198 1557 4270; x_wconf 77' lang='grc' dir='ltr'><strong>θαυμάζεται,</strong></span> <span class='ocrx_word' id='word_1_565' title='bbox 1600 4194 1890 4264; x_wconf 83' lang='grc' dir='ltr'><strong>ἀξιολογώ-</strong></span> 
     </span>
    </p>
   </div>
   <div class='ocr_carea' id='block_1_77' title="bbox 309 4285 1890 4365">
    <p class='ocr_par' dir='ltr' id='par_1_77' title="bbox 309 4285 1890 4365">
     <span class='ocr_line' id='line_1_77' title="bbox 309 4285 1890 4365; baseline -0.008 -14"><span class='ocrx_word' id='word_1_566' title='bbox 309 4315 463 4351; x_wconf 88' lang='grc' dir='ltr'><strong>τατοι</strong></span> <span class='ocrx_word' id='word_1_567' title='bbox 500 4295 772 4365; x_wconf 84' lang='grc' dir='ltr'><strong>φαίνοιντο</strong></span> <span class='ocrx_word' id='word_1_568' title='bbox 804 4297 902 4364; x_wconf 75' lang='grc' dir='ltr'><strong>τῆς</strong></span> <span class='ocrx_word' id='word_1_569' title='bbox 935 4292 1211 4364; x_wconf 83' lang='grc' dir='ltr'><strong>βασιλείας</strong></span> <span class='ocrx_word' id='word_1_570' title='bbox 1249 4294 1296 4345; x_wconf 86' lang='grc' dir='ltr'><strong>οί</strong></span> <span class='ocrx_word' id='word_1_571' title='bbox 1344 4290 1580 4361; x_wconf 77' lang='grc' dir='ltr'><strong>μέτοχοι,</strong></span> <span class='ocrx_word' id='word_1_572' title='bbox 1627 4285 1890 4359; x_wconf 76' lang='grc' dir='ltr'><strong>βαδίζοιεν</strong></span> 
     </span>
    </p>
   </div>
   <div class='ocr_carea' id='block_1_78' title="bbox 308 4377 1893 4460">
    <p class='ocr_par' dir='ltr' id='par_1_78' title="bbox 308 4377 1893 4460">
     <span class='ocr_line' id='line_1_78' title="bbox 308 4377 1893 4460; baseline -0.008 -20"><span class='ocrx_word' id='word_1_573' title='bbox 308 4387 366 4440; x_wconf 75' lang='grc' dir='ltr'><strong>δὲ</strong></span> <span class='ocrx_word' id='word_1_574' title='bbox 401 4384 694 4460; x_wconf 77' lang='grc' dir='ltr'><strong>προθύμως</strong></span> <span class='ocrx_word' id='word_1_575' title='bbox 725 4383 867 4446; x_wconf 79' lang='grc' dir='ltr'><strong>τινὲς</strong></span> <span class='ocrx_word' id='word_1_576' title='bbox 913 4383 1006 4434; x_wconf 73' lang='grc' dir='ltr'><strong>ἐπὶ</strong></span> <span class='ocrx_word' id='word_1_577' title='bbox 1042 4380 1103 4433; x_wconf 84' lang='grc' dir='ltr'><strong>τὸ</strong></span> <span class='ocrx_word' id='word_1_578' title='bbox 1149 4377 1414 4451; x_wconf 75' lang='grc' dir='ltr'><strong>ἁρπάζειν</strong></span> <span class='ocrx_word' id='word_1_579' title='bbox 1455 4378 1646 4448; x_wconf 80' lang='grc' dir='ltr'><strong>αὐτὴν,</strong></span> <span class='ocrx_word' id='word_1_580' title='bbox 1694 4378 1758 4430; x_wconf 79' lang='grc' dir='ltr'><strong>ὲκ</strong></span> <span class='ocrx_word' id='word_1_581' title='bbox 1795 4378 1893 4447; x_wconf 77' lang='grc' dir='ltr'><strong>τῆς</strong></span> 
     </span>
    </p>
   </div>
   <div class='ocr_carea' id='block_1_79' title="bbox 324 4468 1891 4545">
    <p class='ocr_par' dir='ltr' id='par_1_79' title="bbox 324 4468 1891 4545">
     <span class='ocr_line' id='line_1_79' title="bbox 324 4468 1891 4545; baseline -0.006 -16"><span class='ocrx_word' id='word_1_582' title='bbox 324 4477 572 4531; x_wconf 77' lang='grc' dir='ltr'><strong>Ἰωάννου</strong></span> <span class='ocrx_word' id='word_1_583' title='bbox 604 4474 773 4545; x_wconf 81' lang='grc' dir='ltr'><strong>τιμῆς</strong></span> <span class='ocrx_word' id='word_1_584' title='bbox 798 4474 859 4527; x_wconf 77' lang='grc' dir='ltr'><strong>τὸ</strong></span> <span class='ocrx_word' id='word_1_585' title='bbox 889 4472 1195 4543; x_wconf 76' lang='grc' dir='ltr'><strong>ὑπερφέρον</strong></span> <span class='ocrx_word' id='word_1_586' title='bbox 1228 4470 1401 4540; x_wconf 80' lang='grc' dir='ltr'><strong>αὐτῆς</strong></span> <span class='ocrx_word' id='word_1_587' title='bbox 1427 4468 1891 4541; x_wconf 87' lang='grc' dir='ltr'><strong>ἀναμετρούμενοι</strong></span> 
     </span>
    </p>
   </div>
   <div class='ocr_carea' id='block_1_80' title="bbox 1982 3290 3552 3359">
    <p class='ocr_par' dir='ltr' id='par_1_80' title="bbox 1982 3290 3552 3359">
     <span class='ocr_line' id='line_1_80' title="bbox 1982 3290 3552 3359; baseline 0.003 -16"><span class='ocrx_word' id='word_1_588' title='bbox 1982 3306 2143 3359; x_wconf 82' lang='lat' dir='ltr'><strong>gnum</strong></span> <span class='ocrx_word' id='word_1_589' title='bbox 2179 3290 2438 3344; x_wconf 76' lang='lat' dir='ltr'><strong>ctelorum</strong></span> <span class='ocrx_word' id='word_1_590' title='bbox 2486 3300 2814 3344; x_wconf 83' lang='lat' dir='ltr'><strong>consecutus</strong></span> <span class='ocrx_word' id='word_1_591' title='bbox 2843 3300 3007 3352; x_wconf 81' lang='lat' dir='ltr'><strong>esset,</strong></span> <span class='ocrx_word' id='word_1_592' title='bbox 3059 3300 3114 3345; x_wconf 89' lang='lat' dir='ltr'><strong>et</strong></span> <span class='ocrx_word' id='word_1_593' title='bbox 3157 3292 3208 3346; x_wconf 92' lang='lat' dir='ltr'><strong>in</strong></span> <span class='ocrx_word' id='word_1_594' title='bbox 3255 3292 3420 3347; x_wconf 81' lang='lat' dir='ltr'><strong>illium</strong></span> <span class='ocrx_word' id='word_1_595' title='bbox 3457 3290 3552 3348; x_wconf 82' lang='lat' dir='ltr'><strong>Dei</strong></span> 
     </span>
    </p>
   </div>
   <div class='ocr_carea' id='block_1_81' title="bbox 1986 3381 3554 3451">
    <p class='ocr_par' dir='ltr' id='par_1_81' title="bbox 1986 3381 3554 3451">
     <span class='ocr_line' id='line_1_81' title="bbox 1986 3381 3554 3451; baseline 0.003 -15"><span class='ocrx_word' id='word_1_596' title='bbox 1986 3392 2334 3451; x_wconf 81' lang='lat' dir='ltr'><strong>regeneratus</strong></span> <span class='ocrx_word' id='word_1_597' title='bbox 2367 3396 2461 3450; x_wconf 89' lang='lat' dir='ltr'><strong>per</strong></span> <span class='ocrx_word' id='word_1_598' title='bbox 2490 3381 2775 3450; x_wconf 87' lang='lat' dir='ltr'><strong>Spiritum,</strong></span> <span class='ocrx_word' id='word_1_599' title='bbox 2829 3391 2885 3435; x_wconf 91' lang='lat' dir='ltr'><strong>ut</strong></span> <span class='ocrx_word' id='word_1_600' title='bbox 2912 3397 2975 3435; x_wconf 80' lang='lat' dir='ltr'><strong>ex</strong></span> <span class='ocrx_word' id='word_1_601' title='bbox 3013 3382 3211 3451; x_wconf 88' lang='lat' dir='ltr'><strong>quibus</strong></span> <span class='ocrx_word' id='word_1_602' title='bbox 3248 3383 3334 3439; x_wconf 90' lang='lat' dir='ltr'><strong>ille</strong></span> <span class='ocrx_word' id='word_1_603' title='bbox 3376 3384 3554 3441; x_wconf 84' lang='lat' dir='ltr'><strong>minus</strong></span> 
     </span>
    </p>
   </div>
   <div class='ocr_carea' id='block_1_82' title="bbox 1984 3472 3553 3542">
    <p class='ocr_par' dir='ltr' id='par_1_82' title="bbox 1984 3472 3553 3542">
     <span class='ocr_line' id='line_1_82' title="bbox 1984 3472 3553 3542; baseline 0 -15"><span class='ocrx_word' id='word_1_604' title='bbox 1984 3474 2213 3537; x_wconf 84' lang='lat' dir='ltr'><strong>habens,</strong></span> <span class='ocrx_word' id='word_1_605' title='bbox 2246 3472 2585 3526; x_wconf 81' lang='lat' dir='ltr'><strong>admirationi</strong></span> <span class='ocrx_word' id='word_1_606' title='bbox 2617 3480 2782 3536; x_wconf 80' lang='lat' dir='ltr'><strong>esset,</strong></span> <span class='ocrx_word' id='word_1_607' title='bbox 2815 3472 2963 3541; x_wconf 87' lang='lat' dir='ltr'><strong>regni</strong></span> <span class='ocrx_word' id='word_1_608' title='bbox 2999 3472 3286 3542; x_wconf 87' lang='lat' dir='ltr'><strong>participes</strong></span> <span class='ocrx_word' id='word_1_609' title='bbox 3319 3474 3553 3527; x_wconf 88' lang='lat' dir='ltr'><strong>admira-</strong></span> 
     </span>
    </p>
   </div>
   <div class='ocr_carea' id='block_1_83' title="bbox 1986 3560 3556 3631">
    <p class='ocr_par' dir='ltr' id='par_1_83' title="bbox 1986 3560 3556 3631">
     <span class='ocr_line' id='line_1_83' title="bbox 1986 3560 3556 3631; baseline 0.002 -14"><span class='ocrx_word' id='word_1_610' title='bbox 1986 3563 2135 3617; x_wconf 85' lang='lat' dir='ltr'><strong>tione</strong></span> <span class='ocrx_word' id='word_1_611' title='bbox 2163 3562 2467 3630; x_wconf 88' lang='lat' dir='ltr'><strong>dignissitni</strong></span> <span class='ocrx_word' id='word_1_612' title='bbox 2499 3560 2805 3624; x_wconf 86' lang='lat' dir='ltr'><strong>videantur,</strong></span> <span class='ocrx_word' id='word_1_613' title='bbox 2855 3573 3019 3631; x_wconf 90' lang='lat' dir='ltr'><strong>utque</strong></span> <span class='ocrx_word' id='word_1_614' title='bbox 3069 3562 3162 3616; x_wconf 86' lang='lat' dir='ltr'><strong>alii</strong></span> <span class='ocrx_word' id='word_1_615' title='bbox 3193 3563 3449 3619; x_wconf 86' lang='lat' dir='ltr'><strong>alacriter</strong></span> <span class='ocrx_word' id='word_1_616' title='bbox 3487 3567 3556 3620; x_wconf 84' lang='lat' dir='ltr'><strong>ad</strong></span> 
     </span>
    </p>
   </div>
   <div class='ocr_carea' id='block_1_84' title="bbox 1984 3651 3555 3723">
    <p class='ocr_par' dir='ltr' id='par_1_84' title="bbox 1984 3651 3555 3723">
     <span class='ocr_line' id='line_1_84' title="bbox 1984 3651 3555 3723; baseline -0.001 -14"><span class='ocrx_word' id='word_1_617' title='bbox 1984 3653 2379 3722; x_wconf 85' lang='lat' dir='ltr'><strong>capessendum</strong></span> <span class='ocrx_word' id='word_1_618' title='bbox 2423 3652 2554 3706; x_wconf 92' lang='lat' dir='ltr'><strong>illud</strong></span> <span class='ocrx_word' id='word_1_619' title='bbox 2603 3652 2961 3715; x_wconf 85' lang='lat' dir='ltr'><strong>contendant,</strong></span> <span class='ocrx_word' id='word_1_620' title='bbox 3020 3666 3086 3707; x_wconf 82' lang='lat' dir='ltr'><strong>ex</strong></span> <span class='ocrx_word' id='word_1_621' title='bbox 3125 3651 3348 3708; x_wconf 80' lang='lat' dir='ltr'><strong>Joannis</strong></span> <span class='ocrx_word' id='word_1_622' title='bbox 3385 3654 3555 3723; x_wconf 84' lang='lat' dir='ltr'><strong>gloria</strong></span> 
     </span>
    </p>
   </div>
   <div class='ocr_carea' id='block_1_85' title="bbox 1986 3741 3559 3811">
    <p class='ocr_par' dir='ltr' id='par_1_85' title="bbox 1986 3741 3559 3811">
     <span class='ocr_line' id='line_1_85' title="bbox 1986 3741 3559 3811; baseline 0 -12"><span class='ocrx_word' id='word_1_623' title='bbox 1986 3744 2305 3799; x_wconf 87' lang='lat' dir='ltr'><strong>immensam</strong></span> <span class='ocrx_word' id='word_1_624' title='bbox 2358 3741 2500 3797; x_wconf 92' lang='lat' dir='ltr'><strong>illius</strong></span> <span class='ocrx_word' id='word_1_625' title='bbox 2545 3742 3007 3811; x_wconf 87' lang='lat' dir='ltr'><strong>pulchritudinem</strong></span> <span class='ocrx_word' id='word_1_626' title='bbox 3056 3744 3409 3799; x_wconf 56' lang='lat' dir='ltr'><strong>aestimantes.</strong></span> <span class='ocrx_word' id='word_1_627' title='bbox 3456 3744 3559 3798; x_wconf 77' lang='lat' dir='ltr'><strong>Ne-</strong></span> 
     </span>
    </p>
   </div>
   <div class='ocr_carea' id='block_1_86' title="bbox 1985 3834 3559 3906">
    <p class='ocr_par' dir='ltr' id='par_1_86' title="bbox 1985 3834 3559 3906">
     <span class='ocr_line' id='line_1_86' title="bbox 1985 3834 3559 3906; baseline 0.001 -18"><span class='ocrx_word' id='word_1_628' title='bbox 1985 3850 2091 3906; x_wconf 93' lang='lat' dir='ltr'><strong>que</strong></span> <span class='ocrx_word' id='word_1_629' title='bbox 2116 3835 2260 3889; x_wconf 91' lang='lat' dir='ltr'><strong>enim</strong></span> <span class='ocrx_word' id='word_1_630' title='bbox 2283 3834 2376 3904; x_wconf 92' lang='lat' dir='ltr'><strong>qui</strong></span> <span class='ocrx_word' id='word_1_631' title='bbox 2402 3849 2525 3888; x_wconf 92' lang='lat' dir='ltr'><strong>cum</strong></span> <span class='ocrx_word' id='word_1_632' title='bbox 2550 3848 2716 3903; x_wconf 85' lang='lat' dir='ltr'><strong>parva</strong></span> <span class='ocrx_word' id='word_1_633' title='bbox 2743 3850 2801 3888; x_wconf 89' lang='lat' dir='ltr'><strong>re</strong></span> <span class='ocrx_word' id='word_1_634' title='bbox 2835 3834 3138 3900; x_wconf 87' lang='lat' dir='ltr'><strong>contendit,</strong></span> <span class='ocrx_word' id='word_1_635' title='bbox 3169 3850 3418 3906; x_wconf 78' lang='lat' dir='ltr'><strong>magnam</strong></span> <span class='ocrx_word' id='word_1_636' title='bbox 3445 3837 3559 3906; x_wconf 70' lang='lat' dir='ltr'><strong>gloo</strong></span> 
     </span>
    </p>
   </div>
   <div class='ocr_carea' id='block_1_87' title="bbox 1988 3921 3559 3990">
    <p class='ocr_par' dir='ltr' id='par_1_87' title="bbox 1988 3921 3559 3990">
     <span class='ocr_line' id='line_1_87' title="bbox 1988 3921 3559 3990; baseline 0.002 -16"><span class='ocrx_word' id='word_1_637' title='bbox 1988 3921 2124 3975; x_wconf 88' lang='lat' dir='ltr'><strong>riam</strong></span> <span class='ocrx_word' id='word_1_638' title='bbox 2152 3921 2408 3990; x_wconf 86' lang='lat' dir='ltr'><strong>consequi</strong></span> <span class='ocrx_word' id='word_1_639' title='bbox 2433 3931 2633 3990; x_wconf 86' lang='lat' dir='ltr'><strong>potest,</strong></span> <span class='ocrx_word' id='word_1_640' title='bbox 2658 3923 2752 3976; x_wconf 88' lang='lat' dir='ltr'><strong>sed</strong></span> <span class='ocrx_word' id='word_1_641' title='bbox 2782 3922 2828 3975; x_wconf 90' lang='lat' dir='ltr'><strong>si</strong></span> <span class='ocrx_word' id='word_1_642' title='bbox 2855 3937 2978 3976; x_wconf 90' lang='lat' dir='ltr'><strong>cum</strong></span> <span class='ocrx_word' id='word_1_643' title='bbox 3008 3936 3203 3990; x_wconf 84' lang='lat' dir='ltr'><strong>magno</strong></span> <span class='ocrx_word' id='word_1_644' title='bbox 3224 3922 3559 3990; x_wconf 76' lang='lat' dir='ltr'><strong>conferatur,</strong></span> 
     </span>
    </p>
   </div>
   <div class='ocr_carea' id='block_1_88' title="bbox 1988 4009 3559 4079">
    <p class='ocr_par' dir='ltr' id='par_1_88' title="bbox 1988 4009 3559 4079">
     <span class='ocr_line' id='line_1_88' title="bbox 1988 4009 3559 4079; baseline 0.002 -15"><span class='ocrx_word' id='word_1_645' title='bbox 1988 4009 2193 4074; x_wconf 81' lang='lat' dir='ltr'><strong>majore</strong></span> <span class='ocrx_word' id='word_1_646' title='bbox 2248 4024 2500 4065; x_wconf 85' lang='lat' dir='ltr'><strong>mensura</strong></span> <span class='ocrx_word' id='word_1_647' title='bbox 2548 4009 2728 4064; x_wconf 86' lang='lat' dir='ltr'><strong>vincit.</strong></span> <span class='ocrx_word' id='word_1_648' title='bbox 2779 4010 3020 4079; x_wconf 78' lang='lat' dir='ltr'><strong>Regnum</strong></span> <span class='ocrx_word' id='word_1_649' title='bbox 3070 4020 3249 4065; x_wconf 87' lang='lat' dir='ltr'><strong>autem</strong></span> <span class='ocrx_word' id='word_1_650' title='bbox 3295 4012 3559 4067; x_wconf 76' lang='lat' dir='ltr'><strong>cmlorum</strong></span> 
     </span>
    </p>
   </div>
   <div class='ocr_carea' id='block_1_89' title="bbox 1989 4099 3560 4170">
    <p class='ocr_par' dir='ltr' id='par_1_89' title="bbox 1989 4099 3560 4170">
     <span class='ocr_line' id='line_1_89' title="bbox 1989 4099 3560 4170; baseline 0.001 -15"><span class='ocrx_word' id='word_1_651' title='bbox 1989 4100 2226 4170; x_wconf 89' lang='lat' dir='ltr'><strong>Spiritus</strong></span> <span class='ocrx_word' id='word_1_652' title='bbox 2274 4101 2474 4155; x_wconf 86' lang='lat' dir='ltr'><strong>donum</strong></span> <span class='ocrx_word' id='word_1_653' title='bbox 2525 4115 2650 4155; x_wconf 88' lang='lat' dir='ltr'><strong>esse</strong></span> <span class='ocrx_word' id='word_1_654' title='bbox 2684 4100 2937 4166; x_wconf 84' lang='lat' dir='ltr'><strong>dicimus,</strong></span> <span class='ocrx_word' id='word_1_655' title='bbox 2965 4099 3117 4168; x_wconf 79' lang='lat' dir='ltr'><strong>juxta</strong></span> <span class='ocrx_word' id='word_1_656' title='bbox 3181 4101 3308 4155; x_wconf 90' lang='lat' dir='ltr'><strong>illud</strong></span> <span class='ocrx_word' id='word_1_657' title='bbox 3354 4103 3560 4157; x_wconf 88' lang='lat' dir='ltr'><strong>Christi</strong></span> 
     </span>
    </p>
   </div>
   <div class='ocr_carea' id='block_1_90' title="bbox 1988 4189 3560 4260">
    <p class='ocr_par' dir='ltr' id='par_1_90' title="bbox 1988 4189 3560 4260">
     <span class='ocr_line' id='line_1_90' title="bbox 1988 4189 3560 4260; baseline -0.001 -13"><span class='ocrx_word' id='word_1_658' title='bbox 1988 4193 2190 4247; x_wconf 92' lang='lat' dir='ltr'><strong>dictum</strong></span> <span class='ocrx_word' id='word_1_659' title='bbox 2225 4210 2238 4247; x_wconf 92' lang='lat'><strong>:</strong></span> <span class='ocrx_word' id='word_1_660' title='bbox 2273 4209 2293 4244; x_wconf 79' lang='grc' dir='ltr'><strong>ι</strong></span> <span class='ocrx_word' id='word_1_661' title='bbox 2327 4189 2571 4260; x_wconf 83' lang='lat' dir='ltr'><strong>Regnum</strong></span> <span class='ocrx_word' id='word_1_662' title='bbox 2603 4191 2864 4247; x_wconf 63' lang='lat' dir='ltr'><strong>caelorum</strong></span> <span class='ocrx_word' id='word_1_663' title='bbox 2902 4192 3042 4246; x_wconf 89' lang='lat' dir='ltr'><strong>intra</strong></span> <span class='ocrx_word' id='word_1_664' title='bbox 3067 4208 3166 4247; x_wconf 85' lang='lat' dir='ltr'><strong>vos</strong></span> <span class='ocrx_word' id='word_1_665' title='bbox 3194 4204 3279 4247; x_wconf 86' lang='lat' dir='ltr'><strong>est</strong></span> <span class='ocrx_word' id='word_1_666' title='bbox 3297 4194 3362 4245; x_wconf 81' lang='lat'><strong>“.</strong></span> <span class='ocrx_word' id='word_1_667' title='bbox 3396 4212 3413 4246; x_wconf 74' lang='grc' dir='ltr'><strong>ι</strong></span> <span class='ocrx_word' id='word_1_668' title='bbox 3447 4193 3560 4247; x_wconf 62' lang='grc' dir='ltr'><strong>Μξια</strong></span> 
     </span>
    </p>
   </div>
   <div class='ocr_carea' id='block_1_91' title="bbox 1984 4282 3567 4354">
    <p class='ocr_par' dir='ltr' id='par_1_91' title="bbox 1984 4282 3567 4354">
     <span class='ocr_line' id='line_1_91' title="bbox 1984 4282 3567 4354; baseline 0 -17"><span class='ocrx_word' id='word_1_669' title='bbox 1984 4282 2073 4354; x_wconf 88' lang='lat' dir='ltr'><strong>jor</strong></span> <span class='ocrx_word' id='word_1_670' title='bbox 2103 4285 2284 4354; x_wconf 84' lang='lat' dir='ltr'><strong>itaque</strong></span> <span class='ocrx_word' id='word_1_671' title='bbox 2310 4282 2563 4338; x_wconf 88' lang='lat' dir='ltr'><strong>onmibus</strong></span> <span class='ocrx_word' id='word_1_672' title='bbox 2594 4283 2737 4338; x_wconf 90' lang='lat' dir='ltr'><strong>natis</strong></span> <span class='ocrx_word' id='word_1_673' title='bbox 2759 4299 2790 4336; x_wconf 91' lang='lat' dir='ltr'><strong>e</strong></span> <span class='ocrx_word' id='word_1_674' title='bbox 2821 4283 3045 4339; x_wconf 80' lang='lat' dir='ltr'><strong>muliere</strong></span> <span class='ocrx_word' id='word_1_675' title='bbox 3071 4293 3172 4347; x_wconf 90' lang='lat' dir='ltr'><strong>est,</strong></span> <span class='ocrx_word' id='word_1_676' title='bbox 3196 4286 3285 4354; x_wconf 92' lang='lat' dir='ltr'><strong>qui</strong></span> <span class='ocrx_word' id='word_1_677' title='bbox 3319 4301 3413 4354; x_wconf 74' lang='lat' dir='ltr'><strong>per</strong></span> <span class='ocrx_word' id='word_1_678' title='bbox 3441 4286 3567 4352; x_wconf 82' lang='lat' dir='ltr'><strong>Spi-</strong></span> 
     </span>
    </p>
   </div>
   <div class='ocr_carea' id='block_1_92' title="bbox 1995 4371 3569 4442">
    <p class='ocr_par' dir='ltr' id='par_1_92' title="bbox 1995 4371 3569 4442">
     <span class='ocr_line' id='line_1_92' title="bbox 1995 4371 3569 4442; baseline 0.001 -16"><span class='ocrx_word' id='word_1_679' title='bbox 1995 4373 2156 4427; x_wconf 92' lang='lat' dir='ltr'><strong>ritum</strong></span> <span class='ocrx_word' id='word_1_680' title='bbox 2204 4382 2554 4442; x_wconf 74' lang='lat' dir='ltr'><strong>regeneratus</strong></span> <span class='ocrx_word' id='word_1_681' title='bbox 2594 4381 2697 4426; x_wconf 87' lang='lat' dir='ltr'><strong>cst.</strong></span> <span class='ocrx_word' id='word_1_682' title='bbox 2747 4371 2826 4425; x_wconf 91' lang='lat' dir='ltr'><strong>llli</strong></span> <span class='ocrx_word' id='word_1_683' title='bbox 2858 4373 3002 4426; x_wconf 89' lang='lat' dir='ltr'><strong>enim</strong></span> <span class='ocrx_word' id='word_1_684' title='bbox 3046 4374 3219 4427; x_wconf 85' lang='lat' dir='ltr'><strong>adhuc</strong></span> <span class='ocrx_word' id='word_1_685' title='bbox 3257 4374 3348 4426; x_wconf 77' lang='lat' dir='ltr'><strong>lilii</strong></span> <span class='ocrx_word' id='word_1_686' title='bbox 3384 4374 3569 4427; x_wconf 81' lang='lat' dir='ltr'><strong>carnis</strong></span> 
     </span>
    </p>
   </div>
   <div class='ocr_carea' id='block_1_93' title="bbox 1996 4459 3563 4532">
    <p class='ocr_par' dir='ltr' id='par_1_93' title="bbox 1996 4459 3563 4532">
     <span class='ocr_line' id='line_1_93' title="bbox 1996 4459 3563 4532; baseline -0.001 -15"><span class='ocrx_word' id='word_1_687' title='bbox 1996 4461 2361 4532; x_wconf 85' lang='lat' dir='ltr'><strong>appellantur;</strong></span> <span class='ocrx_word' id='word_1_688' title='bbox 2411 4460 2463 4513; x_wconf 89' lang='lat' dir='ltr'><strong>hi</strong></span> <span class='ocrx_word' id='word_1_689' title='bbox 2502 4475 2630 4514; x_wconf 91' lang='lat' dir='ltr'><strong>vero</strong></span> <span class='ocrx_word' id='word_1_690' title='bbox 2658 4459 2825 4514; x_wconf 86' lang='lat' dir='ltr'><strong>Deum</strong></span> <span class='ocrx_word' id='word_1_691' title='bbox 2859 4462 3020 4515; x_wconf 89' lang='lat' dir='ltr'><strong>totius</strong></span> <span class='ocrx_word' id='word_1_692' title='bbox 3064 4463 3301 4517; x_wconf 88' lang='lat' dir='ltr'><strong>universi</strong></span> <span class='ocrx_word' id='word_1_693' title='bbox 3349 4462 3563 4517; x_wconf 82' lang='lat' dir='ltr'><strong>Patrem</strong></span> 
     </span>
    </p>
   </div>
   <div class='ocr_carea' id='block_1_94' title="bbox 312 4546 1872 4637">
    <p class='ocr_par' dir='ltr' id='par_1_94' title="bbox 312 4558 1872 4637">
     <span class='ocr_line' id='line_1_94' title="bbox 312 4558 1872 4637; baseline -0.006 -16"><span class='ocrx_word' id='word_1_694' title='bbox 312 4567 528 4631; x_wconf 79' lang='grc' dir='ltr'><strong>κάλλος.</strong></span> <span class='ocrx_word' id='word_1_695' title='bbox 556 4567 631 4619; x_wconf 82' lang='grc' dir='ltr'><strong>υύ</strong></span> <span class='ocrx_word' id='word_1_696' title='bbox 667 4566 776 4637; x_wconf 83' lang='grc' dir='ltr'><strong>γὰρ</strong></span> <span class='ocrx_word' id='word_1_697' title='bbox 814 4565 875 4617; x_wconf 76' lang='grc' dir='ltr'><strong>τὸ</strong></span> <span class='ocrx_word' id='word_1_698' title='bbox 931 4562 1111 4634; x_wconf 82' lang='grc' dir='ltr'><strong>μικρῷ</strong></span> <span class='ocrx_word' id='word_1_699' title='bbox 1148 4579 1254 4615; x_wconf 88' lang='grc' dir='ltr'><strong>τινι</strong></span> <span class='ocrx_word' id='word_1_700' title='bbox 1307 4558 1641 4629; x_wconf 86' lang='grc' dir='ltr'><strong>φιλονεικοῦν</strong></span> <span class='ocrx_word' id='word_1_701' title='bbox 1682 4560 1761 4622; x_wconf 82' lang='grc' dir='ltr'><strong>είς</strong></span> <span class='ocrx_word' id='word_1_702' title='bbox 1793 4575 1872 4611; x_wconf 81' lang='grc' dir='ltr'><strong>πο</strong></span> 
     </span>
    </p>
   </div>
   <div class='ocr_carea' id='block_1_95' title="bbox 1976 4546 3563 4637">
    <p class='ocr_par' dir='ltr' id='par_1_95' title="bbox 2003 4549 3563 4619">
     <span class='ocr_line' id='line_1_95' title="bbox 2003 4549 3563 4619; baseline 0.001 -14"><span class='ocrx_word' id='word_1_703' title='bbox 2003 4560 2288 4615; x_wconf 84' lang='lat' dir='ltr'><strong>vocantes,</strong></span> <span class='ocrx_word' id='word_1_704' title='bbox 2321 4559 2377 4603; x_wconf 88' lang='lat' dir='ltr'><strong>ut</strong></span> <span class='ocrx_word' id='word_1_705' title='bbox 2405 4549 2500 4605; x_wconf 81' lang='lat' dir='ltr'><strong>ﬁlii</strong></span> <span class='ocrx_word' id='word_1_706' title='bbox 2543 4565 2665 4603; x_wconf 89' lang='lat' dir='ltr'><strong>eum</strong></span> <span class='ocrx_word' id='word_1_707' title='bbox 2694 4551 2967 4615; x_wconf 88' lang='lat' dir='ltr'><strong>invocant,</strong></span> <span class='ocrx_word' id='word_1_708' title='bbox 3011 4553 3254 4607; x_wconf 88' lang='lat' dir='ltr'><strong>dicentes</strong></span> <span class='ocrx_word' id='word_1_709' title='bbox 3286 4572 3299 4608; x_wconf 87' lang='lat'><strong>:</strong></span> <span class='ocrx_word' id='word_1_710' title='bbox 3337 4573 3356 4606; x_wconf 77' lang='grc' dir='ltr'><strong>ι</strong></span> <span class='ocrx_word' id='word_1_711' title='bbox 3389 4554 3563 4619; x_wconf 78' lang='lat' dir='ltr'><strong>Abba,</strong></span> 
     </span>
    </p>
   </div>
   <div class='ocr_carea' id='block_1_96' title="bbox 313 4652 1887 4727">
    <p class='ocr_par' dir='ltr' id='par_1_96' title="bbox 313 4652 1887 4727">
     <span class='ocr_line' id='line_1_96' title="bbox 313 4652 1887 4727; baseline -0.004 -15"><span class='ocrx_word' id='word_1_712' title='bbox 313 4660 534 4727; x_wconf 88' lang='grc' dir='ltr'><strong>σότητα,</strong></span> <span class='ocrx_word' id='word_1_713' title='bbox 561 4656 663 4727; x_wconf 85' lang='grc' dir='ltr'><strong>τὴν</strong></span> <span class='ocrx_word' id='word_1_714' title='bbox 695 4655 789 4710; x_wconf 89' lang='grc' dir='ltr'><strong>τοῦ</strong></span> <span class='ocrx_word' id='word_1_715' title='bbox 833 4656 1067 4726; x_wconf 81' lang='grc' dir='ltr'><strong>μεγάλου</strong></span> <span class='ocrx_word' id='word_1_716' title='bbox 1098 4654 1255 4719; x_wconf 81' lang='grc' dir='ltr'><strong>δόξαν</strong></span> <span class='ocrx_word' id='word_1_717' title='bbox 1282 4654 1585 4715; x_wconf 84' lang='grc' dir='ltr'><strong>ἀποίσεται,</strong></span> <span class='ocrx_word' id='word_1_718' title='bbox 1616 4653 1729 4707; x_wconf 73' lang='grc' dir='ltr'><strong>ἀλλ’</strong></span> <span class='ocrx_word' id='word_1_719' title='bbox 1751 4652 1805 4706; x_wconf 83' lang='grc' dir='ltr'><strong>εί</strong></span> <span class='ocrx_word' id='word_1_720' title='bbox 1832 4669 1887 4706; x_wconf 90' lang='grc' dir='ltr'><strong>τι</strong></span> 
     </span>
    </p>
   </div>
   <div class='ocr_carea' id='block_1_97' title="bbox 312 4741 1888 4821">
    <p class='ocr_par' dir='ltr' id='par_1_97' title="bbox 312 4741 1888 4821">
     <span class='ocr_line' id='line_1_97' title="bbox 312 4741 1888 4821; baseline -0.004 -19"><span class='ocrx_word' id='word_1_721' title='bbox 312 4749 451 4821; x_wconf 78' lang='grc' dir='ltr'><strong>πρὸς</strong></span> <span class='ocrx_word' id='word_1_722' title='bbox 486 4748 630 4819; x_wconf 84' lang='grc' dir='ltr'><strong>μέγα</strong></span> <span class='ocrx_word' id='word_1_723' title='bbox 675 4746 774 4817; x_wconf 82' lang='grc' dir='ltr'><strong>τὴν</strong></span> <span class='ocrx_word' id='word_1_724' title='bbox 805 4746 1092 4816; x_wconf 87' lang='grc' dir='ltr'><strong>σύγκρισιν</strong></span> <span class='ocrx_word' id='word_1_725' title='bbox 1138 4744 1280 4815; x_wconf 78' lang='grc' dir='ltr'><strong>ἔχοι,</strong></span> <span class='ocrx_word' id='word_1_726' title='bbox 1324 4741 1403 4815; x_wconf 85' lang='grc' dir='ltr'>τῷ</span> <span class='ocrx_word' id='word_1_727' title='bbox 1449 4743 1652 4797; x_wconf 88' lang='grc' dir='ltr'><strong>πλείονι</strong></span> <span class='ocrx_word' id='word_1_728' title='bbox 1702 4744 1888 4815; x_wconf 80' lang='grc' dir='ltr'><strong>μέτρῳ</strong></span> 
     </span>
    </p>
   </div>
   <div class='ocr_carea' id='block_1_98' title="bbox 310 4832 1884 4909">
    <p class='ocr_par' dir='ltr' id='par_1_98' title="bbox 310 4832 1884 4909">
     <span class='ocr_line' id='line_1_98' title="bbox 310 4832 1884 4909; baseline -0.003 -18"><span class='ocrx_word' id='word_1_729' title='bbox 310 4841 436 4909; x_wconf 75' lang='grc' dir='ltr'><strong>νικᾷ</strong></span> <span class='ocrx_word' id='word_1_730' title='bbox 462 4838 555 4891; x_wconf 77' lang='grc' dir='ltr'><strong>καὶ</strong></span> <span class='ocrx_word' id='word_1_731' title='bbox 578 4837 974 4905; x_wconf 79' lang='grc' dir='ltr'><strong>ὑπερτείνεται.</strong></span> <span class='ocrx_word' id='word_1_732' title='bbox 1002 4836 1287 4889; x_wconf 78' lang='grc' dir='ltr'><strong>Βασιλείαν</strong></span> <span class='ocrx_word' id='word_1_733' title='bbox 1308 4835 1363 4889; x_wconf 79' lang='grc' dir='ltr'><strong>δὲ</strong></span> <span class='ocrx_word' id='word_1_734' title='bbox 1394 4834 1639 4906; x_wconf 83' lang='grc' dir='ltr'><strong>οὐρανῶν</strong></span> <span class='ocrx_word' id='word_1_735' title='bbox 1663 4834 1762 4903; x_wconf 82' lang='grc' dir='ltr'><strong>τὴν</strong></span> <span class='ocrx_word' id='word_1_736' title='bbox 1789 4832 1884 4886; x_wconf 87' lang='grc' dir='ltr'><strong>τοῦ</strong></span> 
     </span>
    </p>
   </div>
   <div class='ocr_carea' id='block_1_99' title="bbox 310 4926 1886 5000">
    <p class='ocr_par' dir='ltr' id='par_1_99' title="bbox 310 4926 1886 5000">
     <span class='ocr_line' id='line_1_99' title="bbox 310 4926 1886 5000; baseline -0.004 -16"><span class='ocrx_word' id='word_1_737' title='bbox 310 4930 631 5000; x_wconf 79' lang='grc' dir='ltr'><strong>Πνεύματος</strong></span> <span class='ocrx_word' id='word_1_738' title='bbox 678 4932 824 4984; x_wconf 81' lang='grc' dir='ltr'><strong>δόσιν</strong></span> <span class='ocrx_word' id='word_1_739' title='bbox 866 4926 1008 4983; x_wconf 70' lang='grc' dir='ltr'><strong>εἷναί</strong></span> <span class='ocrx_word' id='word_1_740' title='bbox 1061 4945 1261 4999; x_wconf 84' lang='grc' dir='ltr'><strong>φαμεν,</strong></span> <span class='ocrx_word' id='word_1_741' title='bbox 1309 4927 1448 4981; x_wconf 83' lang='grc' dir='ltr'><strong>κατά</strong></span> <span class='ocrx_word' id='word_1_742' title='bbox 1492 4926 1553 4979; x_wconf 82' lang='grc' dir='ltr'><strong>τὸ</strong></span> <span class='ocrx_word' id='word_1_743' title='bbox 1601 4926 1886 4997; x_wconf 72' lang='grc' dir='ltr'><strong>εἰρημένον</strong></span> 
     </span>
    </p>
   </div>
   <div class='ocr_carea' id='block_1_100' title="bbox 311 5014 1890 5092">
    <p class='ocr_par' dir='ltr' id='par_1_100' title="bbox 311 5014 1890 5092">
     <span class='ocr_line' id='line_1_100' title="bbox 311 5014 1890 5092; baseline -0.003 -19"><span class='ocrx_word' id='word_1_744' title='bbox 311 5022 468 5092; x_wconf 68' lang='grc' dir='ltr'><strong>παρὰ</strong></span> <span class='ocrx_word' id='word_1_745' title='bbox 515 5020 783 5091; x_wconf 85' lang='grc' dir='ltr'><strong>Χριστοῦ·</strong></span> <span class='ocrx_word' id='word_1_746' title='bbox 823 5040 841 5071; x_wconf 77' lang='lat' dir='ltr'><strong>t</strong></span> <span class='ocrx_word' id='word_1_747' title='bbox 880 5020 946 5072; x_wconf 82' lang='grc' dir='ltr'><strong>Ἥ</strong></span> <span class='ocrx_word' id='word_1_748' title='bbox 997 5017 1243 5088; x_wconf 84' lang='grc' dir='ltr'><strong>βασιλεία</strong></span> <span class='ocrx_word' id='word_1_749' title='bbox 1286 5016 1395 5069; x_wconf 88' lang='grc' dir='ltr'><strong>τῶν</strong></span> <span class='ocrx_word' id='word_1_750' title='bbox 1450 5016 1696 5088; x_wconf 69' lang='grc' dir='ltr'><strong>οὐρανῶν</strong></span> <span class='ocrx_word' id='word_1_751' title='bbox 1742 5014 1890 5077; x_wconf 67' lang='grc' dir='ltr'><strong>ἐντὸς</strong></span> 
     </span>
    </p>
   </div>
   <div class='ocr_carea' id='block_1_101' title="bbox 310 5103 1893 5179">
    <p class='ocr_par' dir='ltr' id='par_1_101' title="bbox 310 5103 1893 5179">
     <span class='ocr_line' id='line_1_101' title="bbox 310 5103 1893 5179; baseline -0.004 -16"><span class='ocrx_word' id='word_1_752' title='bbox 310 5110 467 5179; x_wconf 81' lang='grc' dir='ltr'><strong>ὑμῶν</strong></span> <span class='ocrx_word' id='word_1_753' title='bbox 514 5111 649 5163; x_wconf 74' lang='grc' dir='ltr'><strong>ἐστι.</strong></span> <span class='ocrx_word' id='word_1_754' title='bbox 677 5128 695 5160; x_wconf 77' lang='grc' dir='ltr'><strong>ι</strong></span> <span class='ocrx_word' id='word_1_755' title='bbox 735 5108 953 5173; x_wconf 79' lang='grc' dir='ltr'><strong>Μείζων</strong></span> <span class='ocrx_word' id='word_1_756' title='bbox 990 5104 1083 5160; x_wconf 76' lang='grc' dir='ltr'><strong>οὖν</strong></span> <span class='ocrx_word' id='word_1_757' title='bbox 1123 5106 1230 5175; x_wconf 81' lang='grc' dir='ltr'><strong>ἄρα</strong></span> <span class='ocrx_word' id='word_1_758' title='bbox 1262 5106 1461 5169; x_wconf 82' lang='grc' dir='ltr'><strong>παντὸς</strong></span> <span class='ocrx_word' id='word_1_759' title='bbox 1492 5103 1752 5175; x_wconf 89' lang='grc' dir='ltr'><strong>γεννητοῦ</strong></span> <span class='ocrx_word' id='word_1_760' title='bbox 1796 5121 1893 5171; x_wconf 79' lang='grc' dir='ltr'><strong>γυο</strong></span> 
     </span>
    </p>
   </div>
   <div class='ocr_carea' id='block_1_102' title="bbox 309 5195 1890 5272">
    <p class='ocr_par' dir='ltr' id='par_1_102' title="bbox 309 5195 1890 5272">
     <span class='ocr_line' id='line_1_102' title="bbox 309 5195 1890 5272; baseline -0.004 -19"><span class='ocrx_word' id='word_1_761' title='bbox 309 5202 499 5263; x_wconf 80' lang='grc' dir='ltr'><strong>ναικὸς</strong></span> <span class='ocrx_word' id='word_1_762' title='bbox 520 5204 548 5255; x_wconf 90' lang='lat'><strong>6</strong></span> <span class='ocrx_word' id='word_1_763' title='bbox 574 5204 639 5272; x_wconf 78' lang='grc' dir='ltr'><strong>τῇ</strong></span> <span class='ocrx_word' id='word_1_764' title='bbox 668 5201 761 5254; x_wconf 81' lang='grc' dir='ltr'><strong>τοῦ</strong></span> <span class='ocrx_word' id='word_1_765' title='bbox 790 5201 1107 5270; x_wconf 83' lang='grc' dir='ltr'><strong>Πνεύματος</strong></span> <span class='ocrx_word' id='word_1_766' title='bbox 1127 5198 1482 5268; x_wconf 86' lang='grc' dir='ltr'><strong>ἀναγεννήσει</strong></span> <span class='ocrx_word' id='word_1_767' title='bbox 1510 5195 1890 5265; x_wconf 79' lang='grc' dir='ltr'><strong>τετιμημένος.</strong></span> 
     </span>
    </p>
   </div>
   <div class='ocr_carea' id='block_1_103' title="bbox 311 5283 1893 5361">
    <p class='ocr_par' dir='ltr' id='par_1_103' title="bbox 311 5283 1893 5361">
     <span class='ocr_line' id='line_1_103' title="bbox 311 5283 1893 5361; baseline -0.004 -19"><span class='ocrx_word' id='word_1_768' title='bbox 311 5290 376 5342; x_wconf 77' lang='lat' dir='ltr'><strong>Ui</strong></span> <span class='ocrx_word' id='word_1_769' title='bbox 412 5290 512 5359; x_wconf 84' lang='grc' dir='ltr'><strong>μὲν</strong></span> <span class='ocrx_word' id='word_1_770' title='bbox 539 5294 647 5361; x_wconf 71' lang='grc' dir='ltr'><strong>γὰρ</strong></span> <span class='ocrx_word' id='word_1_771' title='bbox 692 5289 771 5342; x_wconf 73' lang='grc' dir='ltr'><strong>ἐτι</strong></span> <span class='ocrx_word' id='word_1_772' title='bbox 811 5289 978 5342; x_wconf 78' lang='grc' dir='ltr'><strong>τέκνα</strong></span> <span class='ocrx_word' id='word_1_773' title='bbox 1012 5286 1299 5341; x_wconf 83' lang='grc' dir='ltr'><strong>καλοῦνται</strong></span> <span class='ocrx_word' id='word_1_774' title='bbox 1347 5286 1570 5356; x_wconf 83' lang='grc' dir='ltr'><strong>σαρκὸς,</strong></span> <span class='ocrx_word' id='word_1_775' title='bbox 1600 5286 1649 5337; x_wconf 82' lang='grc' dir='ltr'><strong>οί</strong></span> <span class='ocrx_word' id='word_1_776' title='bbox 1690 5283 1747 5337; x_wconf 77' lang='grc' dir='ltr'><strong>δὲ</strong></span> <span class='ocrx_word' id='word_1_777' title='bbox 1779 5285 1893 5335; x_wconf 74' lang='lat' dir='ltr'><strong>lla-</strong></span> 
     </span>
    </p>
   </div>
   <div class='ocr_carea' id='block_1_104' title="bbox 309 5371 1893 5448">
    <p class='ocr_par' dir='ltr' id='par_1_104' title="bbox 309 5371 1893 5448">
     <span class='ocr_line' id='line_1_104' title="bbox 309 5371 1893 5448; baseline -0.005 -18"><span class='ocrx_word' id='word_1_778' title='bbox 309 5377 447 5448; x_wconf 82' lang='grc' dir='ltr'><strong>τέρα</strong></span> <span class='ocrx_word' id='word_1_779' title='bbox 498 5378 589 5430; x_wconf 86' lang='grc' dir='ltr'><strong>τδν</strong></span> <span class='ocrx_word' id='word_1_780' title='bbox 625 5376 736 5431; x_wconf 87' lang='grc' dir='ltr'><strong>τῶν</strong></span> <span class='ocrx_word' id='word_1_781' title='bbox 793 5376 929 5430; x_wconf 78' lang='grc' dir='ltr'><strong>ὅλων</strong></span> <span class='ocrx_word' id='word_1_782' title='bbox 980 5374 1413 5448; x_wconf 71' lang='grc' dir='ltr'><strong>ἐπιγραφόμενοι</strong></span> <span class='ocrx_word' id='word_1_783' title='bbox 1463 5373 1617 5437; x_wconf 80' lang='grc' dir='ltr'><strong>θεὸν,</strong></span> <span class='ocrx_word' id='word_1_784' title='bbox 1666 5371 1743 5433; x_wconf 83' lang='grc' dir='ltr'><strong>ὡς</strong></span> <span class='ocrx_word' id='word_1_785' title='bbox 1784 5371 1893 5423; x_wconf 79' lang='lat' dir='ltr'><strong>uici.</strong></span> 
     </span>
    </p>
   </div>
   <div class='ocr_carea' id='block_1_105' title="bbox 310 5460 1889 5541">
    <p class='ocr_par' dir='ltr' id='par_1_105' title="bbox 310 5460 1889 5541">
     <span class='ocr_line' id='line_1_105' title="bbox 310 5460 1889 5541; baseline -0.005 -20"><span class='ocrx_word' id='word_1_786' title='bbox 310 5468 727 5541; x_wconf 82' lang='grc' dir='ltr'><strong>προσεύχονται,</strong></span> <span class='ocrx_word' id='word_1_787' title='bbox 753 5467 1003 5531; x_wconf 54' lang='grc' dir='ltr'><strong>λέγοντες</strong></span> <span class='ocrx_word' id='word_1_788' title='bbox 1023 5484 1037 5497; x_wconf 93' lang='grc'><strong>·</strong></span> <span class='ocrx_word' id='word_1_789' title='bbox 1069 5484 1089 5517; x_wconf 76' lang='grc' dir='ltr'><strong>ι</strong></span> <span class='ocrx_word' id='word_1_790' title='bbox 1123 5464 1314 5529; x_wconf 76' lang='grc' dir='ltr'><strong>Ἀσϐᾶ,</strong></span> <span class='ocrx_word' id='word_1_791' title='bbox 1343 5465 1372 5518; x_wconf 86' lang='lat'><strong>6</strong></span> <span class='ocrx_word' id='word_1_792' title='bbox 1400 5464 1643 5535; x_wconf 75' lang='grc' dir='ltr'><strong>Πατήρ.»</strong></span> <span class='ocrx_word' id='word_1_793' title='bbox 1676 5460 1889 5517; x_wconf 85' lang='grc' dir='ltr'><strong>Οὐκοῦν</strong></span> 
     </span>
    </p>
   </div>
   <div class='ocr_carea' id='block_1_106' title="bbox 310 5550 1889 5628">
    <p class='ocr_par' dir='ltr' id='par_1_106' title="bbox 310 5550 1889 5628">
     <span class='ocr_line' id='line_1_106' title="bbox 310 5550 1889 5628; baseline -0.003 -20"><span class='ocrx_word' id='word_1_794' title='bbox 310 5559 361 5608; x_wconf 82' lang='grc' dir='ltr'><strong>εί</strong></span> <span class='ocrx_word' id='word_1_795' title='bbox 398 5558 493 5612; x_wconf 77' lang='grc' dir='ltr'><strong>καὶ</strong></span> <span class='ocrx_word' id='word_1_796' title='bbox 521 5556 823 5628; x_wconf 71' lang='grc' dir='ltr'><strong>ινυπάρχῃ,</strong></span> <span class='ocrx_word' id='word_1_797' title='bbox 851 5556 1005 5627; x_wconf 67' lang='grc' dir='ltr'><strong>φησὶ,</strong></span> <span class='ocrx_word' id='word_1_798' title='bbox 1053 5552 1295 5625; x_wconf 81' lang='grc' dir='ltr'><strong>γεννητῷ</strong></span> <span class='ocrx_word' id='word_1_799' title='bbox 1323 5552 1577 5622; x_wconf 74' lang='grc' dir='ltr'><strong>γυναικὸς</strong></span> <span class='ocrx_word' id='word_1_800' title='bbox 1606 5550 1667 5604; x_wconf 78' lang='grc' dir='ltr'><strong>τὸ</strong></span> <span class='ocrx_word' id='word_1_801' title='bbox 1708 5552 1766 5604; x_wconf 88' lang='lat' dir='ltr'><strong>tv</strong></span> <span class='ocrx_word' id='word_1_802' title='bbox 1797 5550 1889 5622; x_wconf 79' lang='grc' dir='ltr'><strong>ἐρ-</strong></span> 
     </span>
    </p>
   </div>
   <div class='ocr_carea' id='block_1_107' title="bbox 394 5730 1475 5801">
    <p class='ocr_par' dir='ltr' id='par_1_107' title="bbox 394 5730 1475 5801">
     <span class='ocr_line' id='line_1_107' title="bbox 394 5730 1475 5801; baseline -0.005 -12"><span class='ocrx_word' id='word_1_803' title='bbox 394 5732 447 5801; x_wconf 74' lang='grc'><strong>⁸⁸,</strong></span> <span class='ocrx_word' id='word_1_804' title='bbox 469 5732 603 5790; x_wconf 85' lang='lat' dir='ltr'><strong>Luc.</strong></span> <span class='ocrx_word' id='word_1_805' title='bbox 634 5750 766 5801; x_wconf 71' lang='lat' dir='ltr'><strong>aut,</strong></span> <span class='ocrx_word' id='word_1_806' title='bbox 796 5735 888 5791; x_wconf 68' lang='lat'><strong>2|.</strong></span> <span class='ocrx_word' id='word_1_807' title='bbox 967 5735 1011 5767; x_wconf 78' lang='lat'>&quot;</span> <span class='ocrx_word' id='word_1_808' title='bbox 1041 5734 1197 5790; x_wconf 91' lang='lat' dir='ltr'><strong>Rom.</strong></span> <span class='ocrx_word' id='word_1_809' title='bbox 1234 5747 1348 5797; x_wconf 73' lang='lat' dir='ltr'><strong>vtu,</strong></span> <span class='ocrx_word' id='word_1_810' title='bbox 1392 5730 1475 5785; x_wconf 75' lang='lat' dir='ltr'><strong>l5.</strong></span> 
     </span>
    </p>
   </div>
   <div class='ocr_carea' id='block_1_108' title="bbox 1998 4638 3566 4713">
    <p class='ocr_par' dir='ltr' id='par_1_108' title="bbox 1998 4638 3566 4713">
     <span class='ocr_line' id='line_1_108' title="bbox 1998 4638 3566 4713; baseline 0.003 -18"><span class='ocrx_word' id='word_1_811' title='bbox 1998 4640 2158 4696; x_wconf 83' lang='lat' dir='ltr'><strong>Pater</strong></span> <span class='ocrx_word' id='word_1_812' title='bbox 2180 4640 2247 4695; x_wconf 77' lang='lat'><strong>“.</strong></span> <span class='ocrx_word' id='word_1_813' title='bbox 2277 4656 2296 4692; x_wconf 76' lang='grc' dir='ltr'><strong>ι</strong></span> <span class='ocrx_word' id='word_1_814' title='bbox 2341 4638 2606 4707; x_wconf 83' lang='lat' dir='ltr'><strong>Quocirca</strong></span> <span class='ocrx_word' id='word_1_815' title='bbox 2646 4642 2859 4696; x_wconf 87' lang='lat' dir='ltr'><strong>tametsi</strong></span> <span class='ocrx_word' id='word_1_816' title='bbox 2908 4642 3183 4713; x_wconf 66' lang='lat' dir='ltr'><strong>Baptistae,</strong></span> <span class='ocrx_word' id='word_1_817' title='bbox 3238 4657 3296 4699; x_wconf 88' lang='lat' dir='ltr'><strong>ut</strong></span> <span class='ocrx_word' id='word_1_818' title='bbox 3346 4662 3413 4701; x_wconf 77' lang='lat' dir='ltr'><strong>ex</strong></span> <span class='ocrx_word' id='word_1_819' title='bbox 3456 4662 3566 4701; x_wconf 89' lang='lat' dir='ltr'><strong>mu-</strong></span> 
     </span>
    </p>
   </div>
   <div class='ocr_carea' id='block_1_109' title="bbox 1998 4730 3566 4805">
    <p class='ocr_par' dir='ltr' id='par_1_109' title="bbox 1998 4730 3566 4805">
     <span class='ocr_line' id='line_1_109' title="bbox 1998 4730 3566 4805; baseline 0.003 -20"><span class='ocrx_word' id='word_1_820' title='bbox 1998 4730 2133 4787; x_wconf 90' lang='lat' dir='ltr'><strong>liere</strong></span> <span class='ocrx_word' id='word_1_821' title='bbox 2173 4740 2323 4796; x_wconf 89' lang='lat' dir='ltr'><strong>nato,</strong></span> <span class='ocrx_word' id='word_1_822' title='bbox 2354 4745 2563 4785; x_wconf 87' lang='lat' dir='ltr'><strong>sununa</strong></span> <span class='ocrx_word' id='word_1_823' title='bbox 2593 4745 2815 4799; x_wconf 90' lang='lat' dir='ltr'><strong>operum</strong></span> <span class='ocrx_word' id='word_1_824' title='bbox 2850 4735 3160 4802; x_wconf 67' lang='lat' dir='ltr'><strong>praestantia</strong></span> <span class='ocrx_word' id='word_1_825' title='bbox 3193 4734 3358 4789; x_wconf 91' lang='lat' dir='ltr'><strong>insit:</strong></span> <span class='ocrx_word' id='word_1_826' title='bbox 3392 4736 3566 4805; x_wconf 79' lang='lat' dir='ltr'><strong>major</strong></span> 
     </span>
    </p>
   </div>
   <div class='ocr_carea' id='block_1_110' title="bbox 1998 4821 3567 4893">
    <p class='ocr_par' dir='ltr' id='par_1_110' title="bbox 1998 4821 3567 4893">
     <span class='ocr_line' id='line_1_110' title="bbox 1998 4821 3567 4893; baseline 0.003 -16"><span class='ocrx_word' id='word_1_827' title='bbox 1998 4835 2177 4878; x_wconf 85' lang='lat' dir='ltr'><strong>tamen</strong></span> <span class='ocrx_word' id='word_1_828' title='bbox 2224 4837 2291 4877; x_wconf 88' lang='lat' dir='ltr'><strong>eo</strong></span> <span class='ocrx_word' id='word_1_829' title='bbox 2338 4822 2444 4876; x_wconf 91' lang='lat' dir='ltr'><strong>erit</strong></span> <span class='ocrx_word' id='word_1_830' title='bbox 2493 4823 2584 4891; x_wconf 88' lang='lat' dir='ltr'><strong>qui</strong></span> <span class='ocrx_word' id='word_1_831' title='bbox 2637 4821 2704 4875; x_wconf 89' lang='lat' dir='ltr'><strong>ad</strong></span> <span class='ocrx_word' id='word_1_832' title='bbox 2750 4837 2970 4893; x_wconf 81' lang='lat' dir='ltr'><strong>regnum</strong></span> <span class='ocrx_word' id='word_1_833' title='bbox 3023 4825 3284 4879; x_wconf 82' lang='lat' dir='ltr'><strong>ctelorum</strong></span> <span class='ocrx_word' id='word_1_834' title='bbox 3343 4836 3567 4882; x_wconf 80' lang='lat' dir='ltr'><strong>vocatus</strong></span> 
     </span>
    </p>
   </div>
   <div class='ocr_carea' id='block_1_111' title="bbox 1998 4914 3565 4984">
    <p class='ocr_par' dir='ltr' id='par_1_111' title="bbox 1998 4914 3565 4984">
     <span class='ocr_line' id='line_1_111' title="bbox 1998 4914 3565 4984; baseline 0 -13"><span class='ocrx_word' id='word_1_835' title='bbox 1998 4916 2197 4980; x_wconf 78' lang='lat' dir='ltr'><strong>fuerit;</strong></span> <span class='ocrx_word' id='word_1_836' title='bbox 2234 4914 2357 4984; x_wconf 87' lang='lat' dir='ltr'><strong>quia</strong></span> <span class='ocrx_word' id='word_1_837' title='bbox 2390 4928 2495 4968; x_wconf 90' lang='lat' dir='ltr'><strong>non</strong></span> <span class='ocrx_word' id='word_1_838' title='bbox 2527 4914 2763 4983; x_wconf 82' lang='lat' dir='ltr'><strong>amplius</strong></span> <span class='ocrx_word' id='word_1_839' title='bbox 2805 4915 3089 4971; x_wconf 86' lang='lat' dir='ltr'><strong>vocabitur</strong></span> <span class='ocrx_word' id='word_1_840' title='bbox 3123 4916 3264 4970; x_wconf 80' lang='lat' dir='ltr'><strong>ﬁlius</strong></span> <span class='ocrx_word' id='word_1_841' title='bbox 3301 4918 3565 4981; x_wconf 85' lang='lat' dir='ltr'><strong>mulieris,</strong></span> 
     </span>
    </p>
   </div>
   <div class='ocr_carea' id='block_1_112' title="bbox 1999 5003 3568 5073">
    <p class='ocr_par' dir='ltr' id='par_1_112' title="bbox 1999 5003 3568 5073">
     <span class='ocr_line' id='line_1_112' title="bbox 1999 5003 3568 5073; baseline 0.001 -14"><span class='ocrx_word' id='word_1_842' title='bbox 1999 5006 2093 5059; x_wconf 90' lang='lat' dir='ltr'><strong>sed</strong></span> <span class='ocrx_word' id='word_1_843' title='bbox 2121 5004 2317 5059; x_wconf 66' lang='lat' dir='ltr'><strong>divinae</strong></span> <span class='ocrx_word' id='word_1_844' title='bbox 2344 5014 2549 5058; x_wconf 64' lang='lat' dir='ltr'><strong>natura</strong></span> <span class='ocrx_word' id='word_1_845' title='bbox 2582 5003 2854 5073; x_wconf 88' lang='lat' dir='ltr'><strong>particeps</strong></span> <span class='ocrx_word' id='word_1_846' title='bbox 2877 5006 2967 5059; x_wconf 84' lang='lat' dir='ltr'><strong>llet</strong></span> <span class='ocrx_word' id='word_1_847' title='bbox 2990 5005 3058 5067; x_wconf 82' lang='grc'><strong>⁸⁸,</strong></span> <span class='ocrx_word' id='word_1_848' title='bbox 3087 5013 3142 5058; x_wconf 87' lang='lat' dir='ltr'><strong>et</strong></span> <span class='ocrx_word' id='word_1_849' title='bbox 3172 5005 3314 5062; x_wconf 74' lang='lat' dir='ltr'><strong>[ilius</strong></span> <span class='ocrx_word' id='word_1_850' title='bbox 3346 5006 3440 5060; x_wconf 88' lang='lat' dir='ltr'><strong>Dei</strong></span> <span class='ocrx_word' id='word_1_851' title='bbox 3469 5023 3568 5060; x_wconf 85' lang='lat' dir='ltr'><strong>vo-</strong></span> 
     </span>
    </p>
   </div>
   <div class='ocr_carea' id='block_1_113' title="bbox 2002 5094 3568 5165">
    <p class='ocr_par' dir='ltr' id='par_1_113' title="bbox 2002 5094 3568 5165">
     <span class='ocr_line' id='line_1_113' title="bbox 2002 5094 3568 5165; baseline 0.002 -16"><span class='ocrx_word' id='word_1_852' title='bbox 2002 5096 2216 5149; x_wconf 88' lang='lat' dir='ltr'><strong>cabitur</strong></span> <span class='ocrx_word' id='word_1_853' title='bbox 2236 5094 2283 5126; x_wconf 83' lang='lat'>“</span> <span class='ocrx_word' id='word_1_854' title='bbox 2309 5111 2323 5148; x_wconf 89' lang='lat'><strong>:</strong></span> <span class='ocrx_word' id='word_1_855' title='bbox 2350 5094 2567 5149; x_wconf 89' lang='lat' dir='ltr'><strong>tametsi</strong></span> <span class='ocrx_word' id='word_1_856' title='bbox 2596 5096 2773 5150; x_wconf 88' lang='lat' dir='ltr'><strong>minor</strong></span> <span class='ocrx_word' id='word_1_857' title='bbox 2795 5096 2865 5150; x_wconf 92' lang='lat' dir='ltr'><strong>sit</strong></span> <span class='ocrx_word' id='word_1_858' title='bbox 2885 5096 2952 5150; x_wconf 92' lang='lat' dir='ltr'><strong>iis</strong></span> <span class='ocrx_word' id='word_1_859' title='bbox 2974 5097 3064 5165; x_wconf 88' lang='lat' dir='ltr'><strong>qui</strong></span> <span class='ocrx_word' id='word_1_860' title='bbox 3096 5096 3417 5165; x_wconf 82' lang='lat' dir='ltr'><strong>perfectiore</strong></span> <span class='ocrx_word' id='word_1_861' title='bbox 3443 5113 3568 5154; x_wconf 89' lang='lat' dir='ltr'><strong>sunt</strong></span> 
     </span>
    </p>
   </div>
   <div class='ocr_carea' id='block_1_114' title="bbox 2003 5183 3567 5256">
    <p class='ocr_par' dir='ltr' id='par_1_114' title="bbox 2003 5183 3567 5256">
     <span class='ocr_line' id='line_1_114' title="bbox 2003 5183 3567 5256; baseline 0.003 -17"><span class='ocrx_word' id='word_1_862' title='bbox 2003 5183 2210 5249; x_wconf 88' lang='lat' dir='ltr'><strong>habitu,</strong></span> <span class='ocrx_word' id='word_1_863' title='bbox 2260 5192 2315 5237; x_wconf 87' lang='lat' dir='ltr'><strong>et</strong></span> <span class='ocrx_word' id='word_1_864' title='bbox 2344 5184 2570 5252; x_wconf 87' lang='lat' dir='ltr'><strong>pusillus</strong></span> <span class='ocrx_word' id='word_1_865' title='bbox 2618 5183 2799 5239; x_wconf 78' lang='lat' dir='ltr'><strong>infans</strong></span> <span class='ocrx_word' id='word_1_866' title='bbox 2849 5187 3022 5239; x_wconf 89' lang='lat' dir='ltr'><strong>adhuc</strong></span> <span class='ocrx_word' id='word_1_867' title='bbox 3070 5200 3364 5256; x_wconf 88' lang='lat' dir='ltr'><strong>recensque</strong></span> <span class='ocrx_word' id='word_1_868' title='bbox 3411 5198 3567 5244; x_wconf 73' lang='lat' dir='ltr'><strong>natus</strong></span> 
     </span>
    </p>
   </div>
   <div class='ocr_carea' id='block_1_115' title="bbox 2000 5274 3570 5347">
    <p class='ocr_par' dir='ltr' id='par_1_115' title="bbox 2000 5274 3570 5347">
     <span class='ocr_line' id='line_1_115' title="bbox 2000 5274 3570 5347; baseline 0.003 -18"><span class='ocrx_word' id='word_1_869' title='bbox 2000 5277 2265 5329; x_wconf 86' lang='lat' dir='ltr'><strong>videatur.</strong></span> <span class='ocrx_word' id='word_1_870' title='bbox 2298 5274 2436 5340; x_wconf 85' lang='lat' dir='ltr'><strong>Quia</strong></span> <span class='ocrx_word' id='word_1_871' title='bbox 2464 5289 2593 5328; x_wconf 87' lang='lat' dir='ltr'><strong>vero</strong></span> <span class='ocrx_word' id='word_1_872' title='bbox 2619 5276 2956 5344; x_wconf 80' lang='lat' dir='ltr'><strong>regeneratio</strong></span> <span class='ocrx_word' id='word_1_873' title='bbox 2985 5292 3083 5346; x_wconf 90' lang='lat' dir='ltr'><strong>per</strong></span> <span class='ocrx_word' id='word_1_874' title='bbox 3115 5277 3376 5347; x_wconf 87' lang='lat' dir='ltr'><strong>Spiritum</strong></span> <span class='ocrx_word' id='word_1_875' title='bbox 3404 5279 3570 5334; x_wconf 86' lang='lat' dir='ltr'><strong>Joan-</strong></span> 
     </span>
    </p>
   </div>
   <div class='ocr_carea' id='block_1_116' title="bbox 2004 5364 3569 5432">
    <p class='ocr_par' dir='ltr' id='par_1_116' title="bbox 2004 5364 3569 5432">
     <span class='ocr_line' id='line_1_116' title="bbox 2004 5364 3569 5432; baseline 0.004 -11"><span class='ocrx_word' id='word_1_876' title='bbox 2004 5366 2089 5421; x_wconf 92' lang='lat' dir='ltr'><strong>nis</strong></span> <span class='ocrx_word' id='word_1_877' title='bbox 2113 5374 2169 5420; x_wconf 91' lang='lat' dir='ltr'><strong>et</strong></span> <span class='ocrx_word' id='word_1_878' title='bbox 2204 5366 2446 5420; x_wconf 84' lang='lat' dir='ltr'><strong>omnium</strong></span> <span class='ocrx_word' id='word_1_879' title='bbox 2479 5364 2569 5432; x_wconf 80' lang='lat' dir='ltr'><strong>qui</strong></span> <span class='ocrx_word' id='word_1_880' title='bbox 2608 5381 2674 5421; x_wconf 77' lang='lat' dir='ltr'><strong>es</strong></span> <span class='ocrx_word' id='word_1_881' title='bbox 2719 5366 3034 5424; x_wconf 87' lang='lat' dir='ltr'><strong>mulieribus</strong></span> <span class='ocrx_word' id='word_1_882' title='bbox 3077 5371 3186 5424; x_wconf 90' lang='lat' dir='ltr'><strong>nati</strong></span> <span class='ocrx_word' id='word_1_883' title='bbox 3229 5381 3355 5427; x_wconf 90' lang='lat' dir='ltr'><strong>sunt</strong></span> <span class='ocrx_word' id='word_1_884' title='bbox 3383 5372 3569 5427; x_wconf 84' lang='lat' dir='ltr'><strong>condi-</strong></span> 
     </span>
    </p>
   </div>
   <div class='ocr_carea' id='block_1_117' title="bbox 2008 5456 3570 5532">
    <p class='ocr_par' dir='ltr' id='par_1_117' title="bbox 2008 5456 3570 5532">
     <span class='ocr_line' id='line_1_117' title="bbox 2008 5456 3570 5532; baseline 0.002 -20"><span class='ocrx_word' id='word_1_885' title='bbox 2008 5459 2209 5513; x_wconf 87' lang='lat' dir='ltr'><strong>tionem</strong></span> <span class='ocrx_word' id='word_1_886' title='bbox 2243 5456 2426 5512; x_wconf 90' lang='lat' dir='ltr'><strong>multis</strong></span> <span class='ocrx_word' id='word_1_887' title='bbox 2454 5456 2754 5514; x_wconf 79' lang='lat' dir='ltr'><strong>intervallis</strong></span> <span class='ocrx_word' id='word_1_888' title='bbox 2780 5459 2852 5513; x_wconf 89' lang='lat' dir='ltr'><strong>sit</strong></span> <span class='ocrx_word' id='word_1_889' title='bbox 2876 5474 3216 5532; x_wconf 84' lang='lat' dir='ltr'><strong>superatura,</strong></span> <span class='ocrx_word' id='word_1_890' title='bbox 3246 5477 3352 5518; x_wconf 90' lang='lat' dir='ltr'><strong>non</strong></span> <span class='ocrx_word' id='word_1_891' title='bbox 3382 5472 3570 5523; x_wconf 76' lang='lat' dir='ltr'><strong>estra-</strong></span> 
     </span>
    </p>
   </div>
   <div class='ocr_carea' id='block_1_118' title="bbox 2004 5546 3568 5617">
    <p class='ocr_par' dir='ltr' id='par_1_118' title="bbox 2004 5546 3568 5617">
     <span class='ocr_line' id='line_1_118' title="bbox 2004 5546 3568 5617; baseline 0.001 -14"><span class='ocrx_word' id='word_1_892' title='bbox 2004 5564 2140 5604; x_wconf 83' lang='lat' dir='ltr'><strong>neus</strong></span> <span class='ocrx_word' id='word_1_893' title='bbox 2179 5546 2337 5605; x_wconf 85' lang='lat' dir='ltr'><strong>nobis</strong></span> <span class='ocrx_word' id='word_1_894' title='bbox 2365 5547 2691 5617; x_wconf 75' lang='lat' dir='ltr'><strong>quaerendus</strong></span> <span class='ocrx_word' id='word_1_895' title='bbox 2718 5559 2801 5605; x_wconf 93' lang='lat' dir='ltr'><strong>est</strong></span> <span class='ocrx_word' id='word_1_896' title='bbox 2843 5552 3019 5614; x_wconf 88' lang='lat' dir='ltr'><strong>testis.</strong></span> <span class='ocrx_word' id='word_1_897' title='bbox 3052 5552 3149 5609; x_wconf 83' lang='lat' dir='ltr'><strong>sed</strong></span> <span class='ocrx_word' id='word_1_898' title='bbox 3176 5551 3413 5608; x_wconf 82' lang='lat' dir='ltr'><strong>Joannes</strong></span> <span class='ocrx_word' id='word_1_899' title='bbox 3454 5552 3568 5615; x_wconf 86' lang='lat' dir='ltr'><strong>ipse</strong></span> 
     </span>
    </p>
   </div>
   <div class='ocr_carea' id='block_1_119' title="bbox 1552 5727 2567 5798">
    <p class='ocr_par' dir='ltr' id='par_1_119' title="bbox 1552 5727 2567 5798">
     <span class='ocr_line' id='line_1_119' title="bbox 1552 5727 2567 5798; baseline -0.003 -14"><span class='ocrx_word' id='word_1_900' title='bbox 1552 5730 1598 5762; x_wconf 81' lang='lat'><strong>“</strong></span> <span class='ocrx_word' id='word_1_901' title='bbox 1625 5728 1669 5785; x_wconf 91' lang='lat' dir='ltr'><strong>ll</strong></span> <span class='ocrx_word' id='word_1_902' title='bbox 1705 5728 1853 5785; x_wconf 77' lang='lat' dir='ltr'><strong>Petr.</strong></span> <span class='ocrx_word' id='word_1_903' title='bbox 1885 5744 1927 5798; x_wconf 85' lang='grc' dir='ltr'><strong>ι,</strong></span> <span class='ocrx_word' id='word_1_904' title='bbox 1962 5728 2012 5785; x_wconf 78' lang='lat' dir='ltr'><strong>t.</strong></span> <span class='ocrx_word' id='word_1_905' title='bbox 2089 5727 2134 5761; x_wconf 81' lang='lat'><strong>“</strong></span> <span class='ocrx_word' id='word_1_906' title='bbox 2162 5727 2183 5783; x_wconf 87' lang='grc' dir='ltr'><strong>Ι</strong></span> <span class='ocrx_word' id='word_1_907' title='bbox 2211 5728 2367 5785; x_wconf 84' lang='lat' dir='ltr'><strong>Joan.</strong></span> <span class='ocrx_word' id='word_1_908' title='bbox 2400 5743 2484 5793; x_wconf 84' lang='grc' dir='ltr'><strong>ιιι.</strong></span> <span class='ocrx_word' id='word_1_909' title='bbox 2516 5754 2567 5784; x_wconf 65' lang='grc' dir='ltr'><strong>ι.</strong></span> 
     </span>
    </p>
   </div>
  </div>
