4072 6546
548 366 655 437 {75
1529 371 1598 426 'S.
1639 369 1918 426 CYRILLI
1959 368 2429 424 ALEXANDBINI
2469 367 2788 424 ARCHIEP.
3694 363 3809 418 576

545 486 810 554 declarat,
849 484 1034 540 dicens
1067 483 1134 537 ad
1162 481 1347 537 desum
1379 498 1394 536 :
1433 499 1451 534 ι
1483 479 1632 552 Opus
1665 482 1797 536 mihi
1828 490 1913 537 est
1942 487 1999 537 ut
2021 481 2105 536 ab:

2222 499 2342 551 γοις
2375 481 2683 554 ἐξαίρετον,
2726 481 2842 536 ἁλλ’
2887 478 2999 546 ἕξει
3028 479 3091 532 τὸ
3122 481 3306 552 μεῖζον
3339 477 3366 531 ὁ
3392 479 3525 551 πρὸς
3549 481 3649 551 τὴν
3690 482 3814 534 τῶν

547 593 599 637 te
647 577 998 648 baptizcr“'.
1031 595 1048 626 ι
1081 573 1222 629 Ecce
1261 573 1404 628 enim
1446 573 1492 628 is
1528 575 1618 643 qui
1651 587 1858 626 summa
1900 573 2105 628 virtutis

2219 571 2464 644 οὐρανῶν
2499 571 2778 642 βασιλείαν
2825 570 3160 641 κεκλημένος
3191 569 3281 624 διὰ
3309 570 3372 623 τὸ
3419 571 3614 642 μηκέτι
3669 589 3811 642 χρη-

543 667 878 741 perfectione
907 663 1168 734 praeditus
1201 661 1341 726 erat,
1371 662 1799 731 regenerationis
1821 675 1919 730 per
1949 661 2105 731 Spiri‘

2224 665 2474 736 ματίζειν
2501 665 2618 718 υἱὸν
2642 665 2921 735 γυναικὸς,
2951 664 3086 718 άλλά
3107 664 3256 726 θείας
3292 664 3390 734 μὲν
3413 663 3624 732 φύσεως
3650 666 3818 732 γενέ-

514 773 656 819 ilum
693 759 894 813 donum
925 756 1121 825 poscit,
1151 762 1336 823 utpote
1364 754 1456 822 qui
1486 768 1582 824 per
1624 754 1675 809 id
1723 754 1894 823 major
1936 754 2105 822 seipsc

2221 756 2346 810 σθαι
2393 758 2670 822 κοινωνὸν,
2714 757 2906 810 τέκνον
2947 756 3004 810 δὲ
3049 757 3152 826 ήδη
3203 754 3484 809 καλεῖσθαι
3517 755 3674 821 Θεοῦ,
3709 761 3814 809 καὶ

508 878 511 883 -
540 849 855 905 eﬂiciendus
885 856 1053 909 esset,
1089 859 1264 914 neque
1292 845 1522 913 amplius
1557 844 1607 898 id
1638 844 1939 906 habiturus.
1974 845 2117 912 quod

539 957 604 994 rx
640 939 870 993 muliere
899 946 1058 990 natus
1093 945 1262 1001 esset,
1285 937 1378 990 scd
1412 938 1476 988 ad
1511 934 1750 988 divinam
1783 933 2114 988 nobilitatem

503 1081 508 1086 .
541 1031 982 1086 transformatus.
1021 1027 1297 1096 Cujusrei
1334 1025 1500 1079 fidem
1535 1025 1795 1079 Servator
1821 1027 1932 1095 ipse
1966 1024 2111 1086 facit,

540 1138 646 1176 non
680 1122 891 1185 dicens,
933 1117 1134 1182 Habes,
1173 1117 1370 1179 amice,
1405 1117 1795 1185 perfectionem
1843 1117 1894 1170 iu
1935 1115 2112 1183 bonis,

535 1215 703 1268 etiam
731 1212 866 1266 citra
900 1209 1384 1264 sanctilicationem
1417 1209 1779 1277 baptismatis,
1823 1209 1916 1262 sed
1945 1209 2115 1278 signi-

539 1307 712 1359 licans
747 1303 961 1373 quidem
990 1316 1110 1354 eum
1138 1313 1482 1369 summopere
1518 1313 1582 1353 ea
1619 1299 1883 1369 indigere,
1914 1299 2111 1352 denum

539 1409 717 1449 taluen
753 1394 870 1462 ejus
910 1393 984 1446 rei
1025 1391 1270 1445 consulto
1298 1389 1361 1444 -iu
1408 1390 1552 1444 aliud
1584 1399 1797 1460 tempus
1838 1389 2110 1444 differens.

539 1488 649 1540 Iloc
685 1486 828 1540 enim
874 1484 1098 1537 omnino
1131 1481 1385 1535 existimo
1433 1481 1740 1551 significare
1777 1481 1942 1535 illud:
1974 1499 1992 1532 ι
2025 1481 2114 1535 Di-

537 1579 692 1631 mitte
732 1577 891 1631 modo
914 1576 980 1628 ⁶⁷.
1017 1594 1034 1626 ι
1086 1574 1238 1640 Quod
1271 1588 1402 1627 vero
1449 1587 1639 1627 rursus
1672 1588 1892 1642 regnum
1944 1574 2113 1629 coelo-

538 1687 652 1722 rum
685 1679 840 1724 vocet
870 1669 1068 1723 donum
1104 1666 1344 1736 Spiritus
1378 1667 1579 1730 sancti,
1623 1675 1676 1720 et
1716 1681 1835 1736 qua:
1866 1683 1963 1735 per
1988 1683 2111 1722 eum

534 1760 810 1815 confertur
845 1758 1196 1814 credentibus
1245 1759 1731 1827 regenerationem,
1773 1759 1995 1811 minimo
2027 1773 2116 1812 ne-

2218 849 2268 900 εί
2303 847 2622 919 μικρότερος
2671 847 2755 917 είη
2803 846 2912 898 τῶν
2957 847 3017 898 ὲν
3047 845 3158 909 ἕξει
3193 846 3562 914 τελειοτέρων,
3604 845 3811 916 βρέφος

2217 957 2277 993 τε
2331 940 2412 992 ἔτι
2471 941 2644 994 νοοῖτο
2695 940 2869 1008 βραχὺ
2923 938 3017 993 καὶ
3066 938 3371 1010 ἀρτιγενές.
3418 937 3540 991 Ὅτι
3589 939 3644 991 δὲ
3694 939 3812 991 τῶν

2228 1030 2478 1083 Ἰωάννου
2513 1029 2748 1099 μέτρων,
2797 1029 2830 1100 ἢ
2865 1030 2960 1081 καὶ
2993 1027 3189 1091 παντὸς
3221 1028 3480 1099 γεννητοῦ
3526 1029 3810 1096 γυναικῶν

2217 1123 2252 1190 ὴ
2282 1121 2368 1174 διά
2399 1120 2494 1173 τοῦ
2527 1118 2848 1190 Πνεύματος
2885 1120 3240 1191 άναγέννησις
3273 1120 3375 1172 οὐκ
3405 1119 3573 1190 ὀλίγῳ
3612 1120 3811 1174 διοίσει

2214 1212 2388 1281 τόπῳ,
2419 1211 2480 1264 οὐ
2509 1210 2743 1281 θύραθεν
2772 1211 2904 1279 ἡμῖν
2931 1210 2960 1262 ὁ
3001 1211 3233 1280 μάρτυς,
3273 1209 3389 1262 ἀλλ’
3413 1210 3576 1272 αὐτὸς
3605 1209 3810 1280 ἀσεϐή-

2219 1320 2370 1358 σεται
2417 1300 2590 1372 λέγων
2629 1302 2766 1373 πρὸς
2810 1302 2901 1355 τὸν
2939 1301 3180 1372 Ἰησοῦν·
3219 1319 3238 1352 ‹
3285 1300 3426 1369 Ἐγὼ
3463 1301 3652 1371 χρείαν
3694 1301 3811 1371 ἔχω

2216 1396 2322 1449 ὑπὸ
2350 1395 2444 1449 σοῦ
2475 1394 2862 1466 βαπτισθῆναι.
2887 1411 2907 1446 ι
2948 1392 3078 1446 Ἰδοὺ
3113 1393 3242 1464 γάρ,
3279 1392 3386 1445 ἰδοὺ
3423 1393 3605 1445 καίτοι
3631 1393 3690 1446 τὸ
3719 1393 3814 1446 τὲ-

2217 1488 2358 1542 λειον
2397 1488 2537 1559 ἔχων
2575 1491 2632 1542 ἐν
2667 1489 2868 1558 ἀρετῇ,
2915 1487 3015 1557 τῆς
3035 1485 3136 1558 ,διὰ
3181 1484 3275 1538 τοῦ
3310 1484 3626 1555 Πνεύματος
3669 1487 3813 1539 ἁνα-

2216 1581 2522 1650 γεννήσεως
2551 1580 2651 1648 τὴν
2681 1580 2842 1650 χάριν
2876 1580 3037 1642 αἰτεῖ,
3071 1577 3147 1642 ὡς
3188 1580 3268 1642 εἰς
3294 1577 3356 1631 τὸ
3389 1579 3574 1648 μεῖζον
3607 1579 3640 1649 ἥ
3676 1579 3811 1631 καθ’

2217 1670 2410 1723 ἑαυτὸν
2455 1670 2523 1723 δι’
2567 1670 2739 1739 αὐτῆς
2785 1669 3229 1740 ἀναϐησόμενος,
3278 1669 3371 1723 καὶ
3413 1669 3477 1722 τὸ
3522 1670 3621 1740 μὲν
3663 1666 3809 1723 εἶναι

2216 1762 2474 1833 γεννητὸς
2506 1761 2766 1830 γυναικὸς
2804 1762 2901 1831 οὐχ
2943 1760 3082 1827 ἕξων
3131 1760 3232 1821 ἔτι.
3267 1761 3404 1830 πρὸς
3438 1760 3494 1814 δὲ
3525 1761 3622 1831 τὴν
3651 1761 3808 1814 θείαν

489 1838 495 1843 ’
531 1853 677 1919 gotio
713 1852 876 1920 106
901 1852 1278 1905 demonstrare
1326 1865 1639 1919 possumus,
1687 1865 1752 1904 ex
1785 1851 1900 1904 istis
1941 1850 2105 1905 nostri

2216 1853 2496 1921 εὐγένειαν
2537 1852 3044 1924 ἀναμορφούμενος.
3083 1853 3302 1906 Βεϐαιοῖ
3337 1852 3392 1904 δὲ
3429 1853 3664 1922 μάλιστα
3701 1853 3806 1923 τὴν

531 1947 839 2000 Servatoris
865 1944 1047 1998 verbis
1082 1962 1094 1997 :
1133 1961 1152 1994 ι
1183 1944 1225 1996 Α
1262 1943 1451 1996 diebus
1475 1944 1616 1996 enim
1641 1942 1887 2007 Joannis,
1915 1944 2107 2012 inquit,

531 2053 703 2105 usque
736 2037 895 2090 modo
943 2049 1164 2104 regnum
1207 2036 1467 2090 caelorum
1497 2035 1606 2088 vim
1649 2034 1874 2103 patitur,
1917 2046 1968 2089 ct
1998 2037 2111 2090 vio-

532 2129 662 2181 lenti
704 2129 925 2197 rapiunt
959 2127 1178 2182 illud".
1213 2144 1231 2178 ι
1271 2125 1402 2180 Nam
1440 2141 1562 2180 cum
1587 2125 1822 2180 Joannes
1852 2128 2111 2196 pradica-

531 2228 660 2272 ret:
696 2239 712 2270 ι
745 2217 940 2272 Parate
987 2219 1124 2272 viam
1177 2218 1414 2284 Domini,
1453 2227 1636 2270 rectas
1682 2217 1850 2270 facite
1888 2217 2109 2272 semitas

527 2309 646 2379 ejus
668 2311 760 2363 ⁶⁹ε
801 2328 818 2361 ι
863 2309 1016 2363 mulli
1061 2310 1368 2363 auditorum
1409 2323 1437 2361 a
1479 2309 1718 2376 peccatis
1761 2318 1816 2362 et
1874 2309 2109 2378 turpitu-

528 2402 655 2455 dine
697 2402 818 2455 vitn:
867 2402 1256 2465 desciscentes,
1312 2415 1505 2470 magno
1553 2401 1729 2456 studio
1772 2408 1826 2455 et
1879 2411 2106 2456 conten-

532 2492 677 2544 tione
706 2491 872 2546 animi
909 2507 1086 2545 morcs
1125 2507 1252 2545 suos
1278 2492 1344 2544 ad
1377 2491 1592 2544 virtutis
1618 2507 1860 2545 normam
1895 2506 2110 2562 compo-

529 2591 738 2644 nentes,
771 2579 864 2633 lilii
895 2579 987 2633 Dei
1024 2596 1117 2649 pcr
1149 2579 1412 2648 Spiritum
1446 2579 1702 2633 declarati
1740 2587 1887 2643 sunt,
1927 2589 2108 2633 mente

513 2671 742 2724 illorum
783 2669 1052 2723 illustrata
1097 2679 1150 2722 et
1185 2684 1279 2738 per
1322 2679 1572 2721 sanctum
1617 2668 1943 2734 baptismmn
1976 2681 2108 2736 pur-

517 2770 670 2832 gata.
720 2761 877 2829 Atqui
911 2761 955 2814 si
998 2761 1062 2814 iis
1095 2762 1184 2828 qui
1231 2759 1566 2815 contrariam
1595 2760 1907 2827 opinionem
1950 2769 2102 2813 tuen-

525 2865 634 2917 tur,
672 2870 774 2906 non
808 2861 954 2907 recte
1005 2867 1178 2922 neque
1223 2851 1430 2904 utiliter
1479 2851 1620 2905 dicta
1662 2851 1776 2904 haec
1811 2852 2101 2908 videntur:

519 2947 755 3000 doceant
797 2959 901 3012 qua
949 2944 1014 2997 de
1061 2959 1220 2997 causa
1253 2943 1416 3006 dicat,
1461 2957 1489 2995 a
1526 2943 1718 2997 diebus
1748 2941 1977 2997 Joannis
2010 2942 2105 2995 Ba-

504 3037 697 3107 ptistae
745 3049 969 3103 regnum
1019 3034 1281 3088 ccelorum
1327 3034 1442 3104 rapi
1473 3051 1488 3087 :
1519 3034 1719 3103 quippe
1755 3034 1898 3102 quod
1949 3049 2104 3088 nemo

510 3138 646 3182 ante
689 3143 810 3180 eum
854 3125 1114 3194 rapuerit.
1153 3123 1396 3189 Quonam
1447 3123 1612 3192 igitur
1655 3138 1778 3193 spes
1810 3123 2098 3191 propheta-

2213 1945 2304 1997 ἐπὶ
2350 1945 2525 2013 τούτῳ
2573 1945 2759 1997 πίστιν
2787 1946 2814 1996 ὁ
2843 1945 3057 2015 Σωτήρ·
3087 1945 3292 2014 Ἔχεις,
3338 1937 3382 1997 ὧ
3409 1937 3584 2010 οὗτος,
3609 1943 3672 1996 τὸ
3714 1945 3811 1996 τέ-

2211 2035 2355 2088 λειον
2401 2036 2460 2090 ὲν
2491 2035 2740 2103 ἀγαθοῖς,
2773 2035 2875 2088 οὐκ
2917 2033 3110 2097 είπὼν,
3157 2036 3253 2087 καὶ
3281 2035 3402 2105 δίχα
3433 2033 3526 2088 τοῦ
3575 2035 3665 2089 διὰ
3707 2035 3808 2104 βα-

2213 2127 2519 2195 πτίσματος
2571 2124 2882 2195 ἀγιασμοῦ,
2942 2124 3159 2187 ἀλλ’ὡς
3187 2127 3245 2178 ὲν
3295 2126 3452 2196 χρείᾳ
3486 2126 3586 2193 μὲν
3634 2124 3804 2179 αὐτοῦ

2211 2217 2306 2269 καὶ
2344 2215 2465 2268 λίαν
2501 2215 2735 2286 ὑπάρχοι
2771 2215 3043 2270 συννεύων
3074 2218 3170 2270 καὶ
3205 2217 3614 2287 συντιθέμενος,
3653 2220 3803 2272 οἰκο-

2209 2308 2445 2378 νομικῶς
2476 2307 2533 2360 se
2565 2309 2665 2378 τὴν
2698 2309 2859 2379 χάριν
2883 2307 3056 2378 ἑτέρῳ
3083 2308 3368 2377 φυλάττων
3397 2308 3595 2378 καιρῷ.
3627 2308 3802 2362 Τοῦτο

2209 2400 2317 2471 γὰρ
2349 2398 2413 2468 δὴ
2454 2401 2548 2452 καὶ
2584 2399 2789 2468 νομίζω
2819 2399 2899 2464 τὸ,
2943 2418 2961 2450 ι
2997 2401 3168 2470 Ἀφες
3202 2400 3348 2470 ἄρτι,
3375 2418 3393 2450 ι
3431 2399 3647 2470 δηλοῦν.
3677 2401 3801 2454 Ὀτι

2207 2494 2264 2546 δὲ
2301 2493 2460 2547 πάλιν
2489 2493 2733 2565 οὐρανῶν
2766 2492 3044 2564 βασιλείαν
3083 2493 3352 2546 ἀποκαλεῖ
3377 2492 3476 2564 τὴν
3511 2492 3605 2546 τοῦ
3651 2493 3800 2545 θείου

2207 2589 2526 2657 Πνεύματος
2556 2585 2720 2652 δόσιν,
2762 2588 2857 2641 καὶ
2883 2588 2984 2658 τὴν
3014 2587 3082 2641 δι’
3105 2587 3271 2642 αὐτοῦ
3305 2590 3416 2650 τοῖς
3449 2587 3796 2640 πιστεύουσιν

2207 2679 2289 2742 εἰς
2329 2677 2462 2732 Θεὸν
2504 2679 2884 2750 ἀναγέννησιν,
2929 2678 2990 2731 οὐ
3035 2677 3262 2750 μακρῶν
3297 2680 3429 2748 ἡμῖν
3475 2679 3658 2750 δεήσει
3698 2679 3792 2731 πόα

2207 2786 2336 2832 νων,
2364 2770 2444 2832 είς
2473 2770 2877 2840 ἐναργεστάτην
2905 2769 3202 2835 ἀπόδειξιν,
3232 2769 3420 2834 ἀλλ’ὲξ
3448 2769 3630 2823 αὐτῶν
3659 2771 3780 2823 είσό

2211 2859 2352 2930 μεθα
2386 2857 2496 2910 τῶν
2539 2858 2633 2911 τοῦ
2680 2859 2934 2931 Σωτῆρος
2967 2859 3261 2932 ῥημάτων·
3301 2878 3319 2911 ι
3368 2861 3498 2913 Ἀπὸ
3548 2860 3658 2932 γάρ
3686 2863 3791 2915 τῶν

2205 2947 2431 3018 ἡμερῶν
2467 2949 2713 3003 Ἰωάννου
2768 2949 2873 3013 ἕως
2906 2951 3062 3020 άρτι,
3114 2951 3300 3019 φησὶν,
3331 2951 3365 3020 ἡ
3408 2950 3658 3020 βασιλεία
3685 2953 3796 3006 τῶν

2205 3038 2450 3110 οὐρανῶν
2483 3039 2751 3110 βιάζεται,
2791 3039 2886 3092 καὶ
2935 3039 3154 3108 βιασταὶ
3183 3040 3522 3110 ἁρπάζουσιν
3553 3041 3741 3111 αὐτήν.
3772 3063 3789 3092 ι

2221 3129 2466 3184 Ἰωάννου
2505 3131 2611 3201 γάρ
2637 3133 2699 3204 δὴ
2729 3131 2808 3196 τὸ,
2841 3149 2860 3182 ι
2901 3132 3260 3201 Ἑτοιμάσατε
3287 3131 3385 3202 τὴν
3415 3133 3533 3186 ὁδὸν
3559 3135 3796 3205 Κυρίου,

523 3235 646 3274 rum
688 3217 896 3272 abibit?
943 3218 1080 3282 Quid
1118 3228 1302 3270 inultis
1353 3226 1666 3270 sanctorum
1708 3227 1886 3269 coetus
1917 3215 2100 3280 faciet,

2208 3219 2460 3289 βοῶντος,
2491 3221 2708 3286 εὐθείας
2742 3225 2943 3277 ποιεῖτε
2967 3222 3066 3286 τὰς
3093 3223 3314 3295 τρίϐους
3340 3223 3530 3288 αὐτοῦ,
3550 3244 3570 3278 ι
3608 3225 3799 3279 πολλοὶ

521 3310 566 3365 si
605 3325 772 3380 regno
803 3307 1066 3363 caelorum
1097 3309 1350 3362 exclusus
1385 3308 1508 3361 est?
1550 3324 1671 3363 cum
1707 3317 1835 3362 tunc
1869 3310 2101 3377 primum

517 3401 747 3469 cmperit
793 3399 929 3466 rapi,
976 3399 1195 3466 quando
1242 3397 1423 3449 multis
1470 3397 1801 3464 temporibus
1836 3394 2104 3463 posterior

519 3499 775 3545 ostensus
832 3489 1044 3541 tandem
1101 3499 1184 3540 est
1238 3487 1496 3551 Joannes,
1545 3485 1788 3540 clamans
1826 3504 1838 3538 :
1875 3503 1893 3535 ι
1928 3484 2104 3539 Parui-

525 3581 746 3634 lentiam
783 3581 948 3648 agite,
993 3577 1442 3647 appropinquavit
1480 3577 1625 3630 enim
1675 3591 1900 3644 regnum
1937 3574 2103 3628 caelo-

511 3671 779 3724 .rum".i
853 3670 1119 3724 Caeterum
1179 3669 1336 3723 facile
1396 3668 1671 3722 intellectu
1735 3677 1818 3722 est
1877 3683 2099 3736 regnum

513 3761 782 3814 caelorum
834 3761 1030 3830 priscis
1076 3761 1237 3812 etiam
1298 3761 1544 3828 patribus
1597 3770 1845 3828 paratum
1898 3757 2097 3826 fuisse,

519 3862 706 3922 utpote
735 3853 1107 3907 conformibus
1138 3851 1360 3921 imagini
1395 3850 1516 3904 Filii
1553 3853 1659 3915 sui,
1691 3862 1854 3921 atque
1893 3851 2100 3906 ideirco

517 3963 546 3995 a
583 3945 692 3998 Deo
733 3958 796 3997 ac
831 3941 991 3996 Patre
1030 3944 1392 4011 pra-cognitis.
1427 3942 1694 4011 Tempore
1722 3957 1848 3996 vero
1877 3941 2100 3997 Joannis

515 4020 795 4104 Baptism,
852 4048 1017 4102 atque
1073 4035 1142 4088 ab
1191 4049 1256 4088 eo
1316 4044 1559 4103 tempore
1608 4036 1863 4103 deinceps
1899 4034 2096 4088 donum

513 4125 757 4194 Spiritus
807 4126 1006 4190 sancti,
1045 4135 1100 4179 ct
1133 4126 1475 4194 regeneratio
1506 4139 1601 4192 per
1631 4135 1878 4178 sanctqu
1912 4121 2096 4192 Bapti-

519 4233 722 4278 smutn,
776 4218 877 4270 fide
920 4218 1151 4287 rapitur.
1187 4219 1320 4271 Cum
1356 4215 1538 4286 itaque
1581 4216 1698 4270 haec
1733 4214 1960 4283 quaestio
1984 4213 2095 4282 jam

519 4308 669 4361 mimi
707 4323 771 4361 cx
810 4321 963 4376 parte
996 4311 1264 4378 eXplicata
1299 4310 1391 4373 sit,
1425 4309 1558 4362 satis
1582 4315 1805 4376 apparet
1830 4320 1992 4376 quam
2027 4305 2099 4361 sit

521 4403 680 4451 inane
710 4412 776 4452 ac
815 4399 1062 4451 frivolum
1089 4400 1406 4453 existimare
1429 4399 1689 4466 majorem
1719 4397 1939 4452 Christo
1975 4411 2097 4452 esse

514 4489 834 4559 Baptistam.
879 4490 1033 4556 Quod
1067 4507 1188 4544 cum
1225 4494 1296 4544 ita
1335 4493 1428 4556 sit,
1469 4491 1673 4546 corruit
1707 4489 1866 4560 plane
1907 4491 2095 4546 adver-

495 4583 778 4644 sariorum
818 4583 1070 4650 objectio.

2205 3312 2311 3368 τῶν
2337 3315 2721 3385 ἀκροωμένων,
2751 3315 2843 3368 τὸν
2870 3315 2927 3368 ὲν
2958 3316 3256 3387 ἁμαρτίαις
3278 3317 3356 3370 ἔτι
3379 3318 3475 3370 καλ¹
3505 3318 3797 3389 ἀσχήμονα

2203 3406 2634 3478 παραιτούμενοι
2670 3408 2806 3478 βίον,
2857 3407 3044 3479 ἐφέσει
3077 3427 3137 3464 τε
3172 3413 3236 3482 τῇ
3289 3410 3427 3482 πρὸς
3475 3413 3534 3465 τὸ
3569 3412 3796 3482 ἄμεινον

2205 3499 2301 3551 σύν
2331 3498 2424 3570 βίᾳ
2458 3501 2550 3552 καὶ
2576 3500 2714 3570 τόνῳ
2743 3501 2834 3553 τὸν
2879 3501 3077 3555 οἰκεῖον
3123 3503 3204 3566 εἰς
3243 3503 3444 3574 ἀρετὴν
3487 3504 3794 3576 ἀναρυθμί-

2202 3588 2387 3652 ζοντες
2410 3589 2611 3662 τρόπον
2645 3593 2919 3663 ,γεννητοὶ
2948 3593 3083 3646 Θεοῦ
3116 3592 3206 3648 διὰ
3235 3595 3556 3666 Πνεύματος
3580 3597 3794 3650 ἀνεδεί-

2201 3693 2414 3741 κνυντο,
2447 3680 2852 3751 πεφωτισμένον.
2877 3682 2968 3736 τὸν
2997 3683 3123 3737 νοῦν
3149 3685 3244 3738 καὶ
3274 3686 3673 3758 κεκαθαρμένοι
3700 3688 3792 3741 διὰ

2198 3767 2294 3820 τοῦ
2327 3767 2483 3836 ἁγίου
2513 3770 2912 3842 βαπτίσματος.
2939 3774 3011 3827 Ἢ
3049 3775 3210 3846 εῐπερ
3240 3777 3341 3830 οὐκ
3382 3778 3562 3848 ὀρθῶς
3602 3796 3661 3832 τε
3695 3781 3790 3832 καὶ

2200 3858 2514 3927 ἀναγκαίως
2545 3861 2797 3932 εἰρῆσθαι
2829 3862 2898 3916 τά
2928 3864 3158 3920 τοιαῦτα
3196 3865 3345 3920 δοκεί
3385 3871 3497 3931 τοῖς
3539 3867 3636 3939 τὴν
3669 3869 3789 3921 ἑτέ-

2201 3968 2302 4021 ραν
2337 3953 2700 4024 πρεσϐεὑουσι
2733 3955 2912 4021 δόξαν,
2942 3955 3346 4014 διδασκέτωσαν
3379 3961 3502 4014 ὅτου
3533 3962 3598 4032 δὴ
3623 3962 3784 4032 χάριν

2198 4043 2262 4094 ἐκ
2290 4042 2398 4096 τῶν
2451 4043 2697 4098 Ἰωάννου
2748 4048 2913 4117 φησὶν
2960 4050 3188 4120 ἡμερῶν
3233 4049 3332 4121 τὴν
3380 4052 3490 4105 τῶν
3539 4054 3782 4124 οὐρανῶν

2200 4131 2475 4201 βασιλείαν
2531 4134 2908 4207 ἁρπάζεσθαι,
2938 4138 3015 4202 ὡς
3061 4138 3275 4203 οὐδενὸς
3320 4141 3428 4214 ἀρα
3468 4141 3574 4212 πρὸ
3614 4142 3779 4196 αὐτοῦ

2196 4223 2296 4294 τὴν
2332 4225 2439 4279 τῶν
2484 4228 2729 4299 οὐρανῶν
2770 4227 3047 4299 βασιλείαν
3097 4231 3463 4302 ἁρπάσαντος.
3507 4233 3608 4285 Ποῖ
3649 4249 3778 4285 ποτε

2199 4311 2294 4368 οὖν
2338 4316 2448 4386 ἁρα
2475 4317 2582 4370 τῶν
2615 4319 2911 4390 προφητῶν
2946 4322 2980 4391 ἠ
3023 4320 3179 4384 ἐλπὶς
3226 4323 3538 4392 οἰχήσεται;
3575 4322 3641 4374 Τί
3666 4321 3722 4374 δὲ
3751 4325 3781 4375 ὁ

2196 4403 2451 4468 τοσοῦτος
2505 4405 2611 4459 τῶν
2661 4408 2832 4475 ἁγίων
2876 4408 3075 4480 πράξει
3121 4412 3302 4482 χορὸς,
3351 4413 3507 4483 είπερ
3540 4410 3646 4476 ἔξω
3681 4413 3780 4483 τῆς

2196 4494 2304 4546 τῶν
2351 4496 2596 4566 οὐρανῶν
2641 4497 2920 4567 βασιλείας
2954 4501 3235 4567 κείσεται;
3281 4503 3402 4556 τότε
3448 4503 3513 4575 δὴ
3562 4503 3780 4575 πρῶτον

2124 4570 2169 4626 Ῑ)
2197 4583 2291 4636 τοῦ
2336 4586 2679 4656 ἁρπάζεσθαι
2711 4589 2979 4663 λαϐούσης
3019 4594 3215 4664 ἀρχὴν,
3246 4595 3334 4648 ὅτε
3370 4570 3584 4666 χρόνοις
3608 4570 3781 4648 *ὑστε-

512 4680 687 4747 ρήσας
724 4682 972 4750 μακροῖς,
1038 4679 1321 4750 ἀνεδείχθη
1359 4679 1510 4750 μόλις
1535 4681 1563 4733 ὁ
1624 4677 1958 4751 Βαπτιστὴς,
1998 4699 2017 4732 ι
2069 4681 2415 4745 Μετανοεῖτε,
2446 4682 2616 4752 λέγων
2647 4702 2660 4713 '
2707 4687 2905 4757 ἦγγικε
2957 4687 3064 4761 γὰρ
3105 4693 3136 4762 ἡ
3177 4690 3423 4762 βασιλεία
3462 4692 3572 4745 τῶν
3615 4693 3782 4763 οὐρα·

509 4769 637 4822 νῶν.
677 4788 694 4820 ι
745 4770 881 4824 Ἀλλ’
924 4770 1068 4823 ἔστιν
1113 4773 1464 4838 εὐσύνοπτον,
1502 4771 1579 4835 ὡς
1611 4771 1943 4842 ηὐτρέπιστο
1987 4771 2091 4842 μὲν
2124 4773 2238 4837 τοῖς
2305 4775 2480 4843 ἁγίοις
2514 4775 2574 4828 τὸ
2629 4779 2687 4831 ὲν
2723 4778 2971 4852 βασιλείᾳ
3009 4782 3278 4850 γίνεσθαι,
3311 4785 3404 4836 καὶ
3438 4783 3628 4847 πάλαι,
3680 4783 3776 4836 ἁτε

509 4864 572 4934 δὴ
605 4866 699 4917 καὶ
731 4865 1072 4936 συμμόρφοις
1122 4867 1425 4938 ὑπάρχουσι
1471 4868 1571 4938 τῆς
1619 4868 1826 4932 εἰκόνος
1857 4867 1952 4921 τοῦ
1984 4867 2111 4921 Υίοῧ
2147 4869 2333 4934 αὐτοῦ,
2375 4872 2470 4924 καὶ
2509 4873 2595 4925 διὰ
2633 4875 2791 4927 τοῦτο
2834 4880 3307 4949 προεγνωσμένοις
3371 4880 3522 4950 παρὰ
3549 4880 3627 4952 τῷ
3658 4880 3776 4951 Θεῷ

509 4957 604 5007 καὶ
634 4957 824 5026 Πατρί.
860 4956 1017 5012 Κατὰ
1050 4957 1108 5009 δὲ
1141 4959 1231 5012 τὸν
1266 4959 1509 5013 Ἰωάννου
1540 4958 1752 5030 καιρὸν,
1788 4958 1884 5012 καὶ
1907 4958 2092 5012 λοιπὸν
2131 4961 2348 5032 ἐφεξῆς,
2379 4964 2411 5033 ἡ
2443 4961 2538 5015 τοῦ
2571 4964 2886 5034 Πνεύματος
2930 4967 3078 5033 δόσις
3121 4971 3216 5023 καὶ
3250 4973 3281 5041 ἡ
3318 4971 3405 5024 διὰ
3472 4971 3566 5024 τοῦ
3617 4972 3772 5040 ἁγίου

509 5047 882 5118 βαπτίσματος
942 5051 1021 5112 εἰς
1059 5050 1191 5102 Θεὸν
1223 5050 1604 5123 ἀναγέννησις,
1638 5052 1724 5106 διά
1794 5052 2032 5117 πίστεως
2073 5053 2402 5123 ἁρπάζεται.
2473 5056 2818 5126 Πανταχόθεν
2859 5060 3035 5114 τοίνυν
3090 5062 3541 5133 ἀποδεδειγμένου
3588 5065 3770 5134 σαφῶς

507 5141 598 5194 τοῦ
633 5141 1008 5213 θεωρήματος,
1048 5147 1297 5216 περιττὸν
1331 5148 1427 5218 ἠδη
1476 5149 1725 5218 φαίνεται
1753 5149 1815 5202 τὸ
1859 5149 2084 5220 μείζονά
2119 5167 2248 5204 ποτε
2316 5151 2411 5204 τοῦ
2453 5153 2706 5225 Σωτῆρος
2755 5156 2973 5211 ἔσεσθαι
3011 5160 3100 5212 τὸν
3137 5159 3388 5233 Ἰωάννην
3453 5161 3771 5231 ὑπολαμϐά-

504 5247 636 5287 νειν.
683 5234 744 5286 ΕΞ
799 5235 855 5288 δὲ
893 5236 1050 5290 τοῦτο
1097 5238 1322 5308 ἀληθὲς,
1373 5241 1611 5296 λελύσθω
1645 5243 1807 5297 πάλιν
1863 5242 1970 5296 τῶν
2004 5243 2071 5298 δι’
2113 5243 2361 5309 ἐναντίας
2393 5246 2704 5319 πρόϐλημα.

581 5407 854 5462 εινιιηιι.
892 5412 1068 5475 μη..
1125 5412 1308 5467 “loli
1377 5417 1457 5468 ιδ.
1539 5416 1904 5484 σαιιυιιιωι,
1945 5419 2025 5472 te.

2206 5418 2360 5474 latth.
2411 5437 2492 5483 Ill,
2523 5423 2576 5477 ’5.
2654 5422 2699 5456 ⁷ο
2734 5425 2922 5481 Matth.
2960 5443 3030 5493 tv,
3070 5428 3146 5484 l7.
