4072 6516
299 394 399 451 I77

799 525 1164 615 ΛΟΓΟΣ
1241 535 1383 616 IB‘.

298 698 402 763 Εἰς
429 698 514 762 τὸ,
543 717 560 749 ι
593 700 928 783 ςεένιτῷ
955 705 1157 783 liae-pi,
1186 706 1285 783 καὶ
1309 710 1353 783 ὀμ
1370 711 1568 783 Πατὴρ
1593 710 1662 764 ἐν
1686 713 1839 783 ἐμοὶ,
1862 734 1888 766 ι-

510 768 628 835 καὶ,
663 768 688 821 ι
726 771 866 840 Ἐγὼ
894 775 999 828 καὶ
1023 768 1294 846 δ’Πατὴρ
1322 777 1394 831 ἓν
1416 768 1621 848 ἐσμεν.
1650 802 1681 834 »-

573 904 891 973 Ἀντίθεσιις
921 907 1003 974 ὡς
1039 909 1108 963 ἐκ
1147 909 1266 964 τῶν
1302 913 1650 978 αἱρετικῶν..

367 1016 554 1080 Οὐδὲν,
585 1019 739 1087 φασὶ,
769 1019 1103 1089 θαυμαστὸν,
1133 1023 1182 1075 εί
1211 1024 1240 1074 6
1271 1025 1463 1095 Πατήρ
1493 1028 1645 1079 ἐστιν
1665 1029 1722 1080 ὲν
1751 1028 1900 1100 Υἰῷ,

295 1107 387 1158 καὶ
413 1109 442 1160 6
475 1108 603 1171 Υἱὸς
631 1110 690 1161 ὲν
726 1111 900 1181 Ila.th
922 1152 936 1175 ,
983 1114 1117 1166 ὅπου
1152 1115 1245 1168 καὶ
1293 1117 1420 1186 περὶ
1464 1117 1621 1188 ἡμῶν
1652 1119 1709 1172 ai
1749 1120 1887 1174 θεῖαι

293 1196 510 1263 λέγουσι
540 1199 751 1270 Γραφαὶ
779 1201 861 1254 ὅτι
891 1221 911 1252 ι
935 1204 1024 1257 Ἐν
1051 1204 1204 1276 αὐτῷ
1232 1205 1415 1276 ζῶμεν
1440 1209 1534 1261 καὶ
1564 1210 1884 1280 κινούμεθα,

294 1287 387 1338 καὶ
421 1289 611 1357 ἐσμέν.
639 1309 659 1340 ι
696 1291 908 1366 Ὥσπερ
937 1291 1030 1348 οῦν
1060 1296 1158 1349 καὶ
1196 1298 1360 1368 ἡμεῖς
1399 1301 1456 1353 ἐν
1493 1302 1642 1372 αὐτῷ
1680 1299 1884 1373 ζῶμεν,

293 1379 386 1430 καὶ
430 1379 753 1450 κινούμεθα,
799 1385 892 1438 καὶ
935 1385 1132 1455 ἐσμὲν,
1170 1385 1423 1461 καθάπερ
1453 1391 1702 1461 εἴρηται,
1746 1391 1888 1445 οὕτω

295 1468 389 1521 καὶ
417 1469 444 1520 6
476 1469 605 1534 Υἱός
635 1473 782 1526 ἐστιν
813 1474 870 1528 ὲν
899 1475 1094 1545 Πατρί.
1134 1476 1259 1538 Πῶς
1289 1476 1398 1548 γὰρ
1426 1474 1538 1533 οἶόν
1571 1497 1632 1532 τε
1665 1479 1906 1550 μείζονας

292 1561 422 1614 ὄντα
458 1561 552 1615 τοῦ
587 1564 713 1617 Υίοῦ
754 1570 950 1637 χωρεῖν
980 1570 1036 1621 ἐν
1069 1567 1221 1639 αύτῷ
1249 1569 1341 1622 τὸν
1380 1571 1634 1641 Πατέρα;
1663 1573 1734 1624 Ἢ
1769 1572 1888 1636 πῶς

293 1659 435 1711 κατά
464 1661 600 1716 πολὺ
626 1664 721 1716 τοῦ
758 1665 970 1736 Πατρὸς
1001 1666 1394 1738 ἐλαττούμενος
1418 1671 1450 1722 6
1475 1670 1622 1735 Υἱὸς,
1653 1673 1710 1725 ὲν
1737 1670 1888 1741 αύτῷ

291 1752 543 1822 χωρῆσαι
567 1754 853 1827 δυνήσεται
883 1761 976 1814 καὶ
1008 1760 1296 1831 πληρῶσαι
1328 1762 1388 1818 τὸ
1419 1763 1642 1834 μείζους

787 1870 944 1938 Πρὸς
975 1872 1152 1926 τοῦτο
1186 1874 1389 1940 λύσις.

365 1972 423 2023 Εἰ
443 1973 694 2048 καθάπερ
719 1977 880 2047 σῶμα
904 1981 961 2031 ὲν
985 1979 1197 2051 σώματι
1225 1986 1424 2054 χωρεῖν
1444 1987 1620 2040 οἴεσθε
1645 1986 1736 2043 τὸν
1759 1990 1886 2044 Υίὸν

288 2063 349 2114 ὲν
385 2064 498 2116 Πατ
511 2067 583 2136 ρὶ,
612 2069 839 2131 εἰκότως
869 2071 954 2130 ἂν.
1000 2067 1187 2142 οἶμαι,
1211 2072 1306 2127 καὶ
1340 2073 1524 2147 ζητεῖν
1552 2078 1760 2133 ἕλοισθε
1793 2081 1886 2134 τὸν

287 2156 368 2218 εἰς
403 2156 666 2226 ἀλλήλους
707 2160 1173 2232 ἀντεμὸιόασμόν.
1211 2166 1334 2218 Ἐπὶ
1379 2167 1478 2236 μὲν
1506 2169 1616 2239 γὰρ
1657 2172 1886 2236 σκεύους

287 2246 610 2316 ὀστρακίνου
639 2251 799 2320 τυχὸν
831 2252 871 2322 ἦ
897 2253 955 2319 ἐξ
986 2255 1178 2325 ἑτέρας
1209 2257 1354 2320 τινὸς
1385 2257 1517 2329 ὕλης
1552 2278 1886 2316 κατεσκευα-

291 2339 516 2406 σμένου,
543 2341 644 2393 οὐκ
672 2342 918 2412 ἄκομψον
952 2345 1082 2406 ἴσως
1113 2345 1173 2398 τὸ
1205 2347 1386 2414 λέγειν
1416 2349 1489 2420 μὴ
1525 2351 1784 2406 δύνασθαι
1826 2354 1887 2407 τὸ

295 2425 478 2492 μεῖζον
546 2425 625 2495 τῷ
684 2429 928 2482 ἐλάττονι
979 2433 1234 2499 γενέσθαι
1297 2440 1581 2508 χωρητὸν,
1647 2443 1769 2512 μηδ’
1814 2439 1883 2495 αῦ

292 2516 454 2569 πάλιν
482 2517 543 2570 τὸ
575 2518 792 2574 ἔλαττον
830 2523 1178 2595 ἀναπληροῦν
1207 2527 1266 2579 τὸ
1300 2530 1504 2596 μεῖζον.
1542 2533 1663 2584 Ἐπὶ
1689 2534 1745 2585 δὲ
1778 2535 1889 2588 τῶν-

290 2608 620 2678 ἀσωμάτων,
661 2612 755 2664 καὶ
800 2606 876 2665 ὧν
911 2615 942 2676 ἡ
992 2615 1155 2684 φύσις
1190 2616 1250 2669 τὺ
1285 2618 1346 2672 ἔκ
1386 2637 1532 2684 τινος
1579 2622 1711 2695 ὕλης
1748 2622 1894 2679 εἶναι.

287 2699 659 2769 διαπέφευγε,
697 2705 847 2756 ποῖον
883 2703 948 2758 ἂν
989 2706 1102 2775 ἔχει
1150 2707 1380 2780 λόγονιὴ
1436 2714 1738 2782 πρότασις;
1775 2719 1885 2770 Καὶ

287 2789 462 2844 ταῦτά
498 2808 680 2862 φαμεν
721 2795 796 2858 ὼς
826 2796 961 2866 πρὸς
993 2799 1053 2851 τὸ
1085 2801 1278 2870 παρὸν,
1311 2803 1372 2856 τὸ
1412 2806 1541 2876 παρ’
1570 2807 1698 2872 ὑμῖν
1738 2811 1884 2878 ἀμα-

287 2881 398 2944 θῶς
423 2883 816 2954 ὑπονοούμενον
857 2892 1333 2960 συγχωρήσαντες,
1363 2897 1458 2947 καὶ
1489 2897 1740 2970 καθάπερ
1781 2903 1883 2955 αύ-

287 2974 374 3026 τοὶ
438 2975 786 3046 πλανώμενοι
828 2981 1258 3047 πεπιστεύκατε,
1305 2986 1533 3055 μείζονα
1599 2991 1692 3044 τοῦ
1747 2993 1880 3047 Υἱοῦ

287 3061 429 3118 εἶναι
461 3065 644 3134 λέγειν
679 3067 768 3121 τδν
793 3070 1032 3140 Πατέρα·
1063 3075 1091 3126 6
1122 3074 1178 3127 δὲ
1200 3076 1300 3146 τῆς
1323 3078 1580 3148 ἀληθείας
1601 3083 1762 3152 λόγος
1781 3087 1882 3158 οὐχ

285 3156 460 3220 οὕτως
490 3157 620 3228 ἔχει.
653 3160 810 3213 Ἔστι
848 3161 952 3235 γὰρ
986 3164 1100 3226 ἴσος
1142 3166 1220 3237 τῷ
1268 3169 1445 3240 Πατρὶ
1485 3174 1627 3227 κατά
1669 3156 1870 3234 πάντα⁸

1721 411 2159 471 TllESAURUS.

1915 551 1956 605 Α

1917 1896 1960 1952 Β

3469 428 3569 492 178

2345 551 2918 650 ASSERTIO
2989 563 3217 649 XII.

1988 720 2051 774 lu
2101 720 2233 774 illud
2261 735 2281 776 :
2318 722 2485 803 (“EgO
2525 727 2598 803 in.
2623 725 2805 790 Patre,
2856 741 2902 783 et
2937 731 3098 786 Pater
3145 732 3200 792 in
3243 737 3408 803 nte";
3447 755 3466 789 ι
3497 749 3569 802 et,

2277 811 2294 844 ι
2329 793 2438 864 Ego
2471 806 2519 849 et
2556 797 2720 851 Pater
2759 817 2918 853 unum
2960 819 3142 858 sumus
3162 804 3229 859 "’.
3264 825 3283 856 ι

2437 928 2680 1001 Objectio
2725 933 3117 990 hereticorum.

2059 1036 2200 1091 Nihil
2235 1040 2429 1096 mirum
2476 1053 2580 1109 est,
2617 1045 2891 1115 inquiunt,
2936 1047 2981 1102 si
3013 1046 3174 1103 Pater
3203 1059 3287 1104 est
3326 1051 3378 1104 in
3411 1050 3568 1117 Filio,

1987 1139 2042 1184 et
2073 1131 2243 1186 Filius
2289 1133 2341 1187 in
2388 1135 2573 1203 Patre,
2627 1153 2750 1193 cum
2801 1142 2867 1194 de
2909 1140 3064 1195 nobis
3097 1141 3262 1196 etiam
3296 1143 3451 1213 107
3487 1158 3574 1198 Sa-

1988 1235 2093 1275 crae
2135 1222 2430 1293 Scriptura:
2478 1229 2682 1296 dicant,
2719 1231 2860 1299 quod
2895 1250 2914 1284 ‹
2947 1233 3005 1286 In
3054 1233 3171 1302 ipso
3223 1233 3480 1301 vivimus,
3518 1246 3571 1289 et

1989 1329 2308 1382 movemur,
2361 1328 2413 1372 et
2481 1335 2670 1376 sumus
2693 1323 2760 1380 ⁷³.
2793 1342 2812 1374 ι
2883 1322 3352 1390 Quemadmodum
3407 1327 3571 1397 igitur

1987 1405 2151 1459 etiam
2192 1423 2294 1463 nos
2327 1411 2378 1464 in
2425 1412 2540 1480 ipso
2561 1413 2816 1478 vivimus,
2853 1424 2907 1468 et.
2941 1431 3241 1481 movemur,
3276 1429 3331 1473 et.
3356 1434 3565 1486 sumus.

1988 1496 2131 1550 sicut
2170 1499 2431 1568 scriptum
2469 1513 2572 1567 est,
2617 1505 2689 1559 ita
2723 1515 2777 1559 et
2821 1506 2992 1561 Filius
3024 1520 3108 1562 est
3144 1510 3197 1562 in
3230 1508 3410 1566 Patre.
3452 1512 3570 1577 Qun

1989 1594 2146 1653 pacto
2186 1590 2328 1642 enim
2357 1589 2472 1644 ﬂeri
2500 1601 2698 1660 potest,
2726 1603 2785 1648 ut
2828 1593 2988 1650 Pater
3022 1612 3142 1649 cum
3181 1598 3352 1665 major
3375 1599 3450 1653 sit
3480 1598 3572 1652 Fi-

1987 1674 2080 1739 lio,
2137 1675 2191 1729 in
2241 1693 2307 1732 eo
2341 1679 2736 1735 contineatur?
2779 1684 2886 1739 Aut
2934 1686 3204 1749 quotnodo
3245 1685 3429 1750 Filius,
3479 1690 3572 1756 qui

1987 1766 2158 1820 multo
2196 1768 2375 1824 minor
2403 1779 2508 1836 est,
2549 1771 2809 1840 majorem
2849 1773 3074 1842 implere
3103 1777 3272 1845 possit

2514 1882 2718 1938 Salutio
2747 1889 3073 1955 objectionis.

2060 1993 2118 2048 Si
2157 2004 2213 2050 ut
2242 2012 2441 2067 corpus
2489 2014 2717 2069 corpore
2769 2002 3102 2066 continetur,
3158 2003 3231 2056 ita
3274 2003 3468 2060 Filium
3519 2007 3570 2060 in

1991 2085 2150 2140 Patre
2175 2089 2446 2141 contineri
2477 2090 2828 2158 existimatis,
2860 2092 3054 2145 merito
3092 2093 3321 2148 fortasse
3350 2095 3576 2149 alterius

1989 2175 2041 2226 in
2091 2174 2264 2228 altero
2316 2176 2714 2245 impositionent
2783 2179 3062 2247 quaeratis.
3137 2178 3272 2232 Nam
3333 2180 3387 2234 in
3446 2195 3574 2236 vase

1989 2263 2229 2333 ﬁgulino,
2276 2276 2371 2321 aut
2411 2283 2479 2322 ex
2517 2268 2620 2322 alia
2667 2269 2848 2338 aliqua
2896 2271 3122 2325 materia
3160 2271 3417 2337 conﬂato,
3464 2289 3573 2328 non

1986 2357 2170 2425 int-pte
2226 2359 2510 2424 dixeritis,
2563 2361 2740 2427 majus
2789 2362 2842 2415 in
2892 2363 3102 2417 minore
3146 2363 3417 2418 contineri
3463 2381 3571 2418 non

1987 2463 2186 2515 posse:
2216 2464 2397 2519 neque
2435 2441 2629 2506 rursus
2649 2453 2828 2507 minus
2855 2467 3014 2521 posse
3063 2453 3288 2524 implere
3333 2455 3384 2509 id
3426 2459 3572 2524 quod

1990 2537 2161 2603 majus
2191 2551 2294 2592 est.
2343 2539 2400 2593 In
2435 2539 2770 2612 incorporeis
2817 2559 2972 2609 vero,
3017 2553 3071 2598 et
3103 2560 3331 2614 quorum
3380 2558 3571 2601 natura

1985 2631 2165 2684 omnis
2187 2632 2430 2685 materiae
2450 2647 2644 2701 expers
2660 2643 2766 2697 est,
2786 2649 2945 2702 quem
2968 2635 3144 2689 locum
3170 2636 3368 2690 habent
3395 2646 3573 2694 vestra

1985 2718 2509 2788 propositio?Atqtte
2534 2720 2648 2774 haec
2676 2723 2893 2790 quidem
2916 2722 2967 2774 in
2993 2724 3284 2792 praesentia
3315 2725 3570 2790 diximus,

1985 2809 2186 2877 aliquid
2231 2825 2262 2863 a
2317 2811 2472 2865 vobis
2523 2809 2772 2878 imperite
2821 2813 3024 2872 dictum
3076 2818 3457 2882 concedentes,
3519 2829 3577 2872 et

1984 2901 2438 2968 quemadmodum
2472 2917 2570 2958 vos
2594 2913 2843 2959 errantes
2867 2906 3198 2972 credidistis,
3230 2907 3444 2962 Patrem
3480 2909 3571 2962 Fi-

1984 2988 2056 3043 lio
2088 2988 2348 3057 majorem
2407 2993 2728 3057 dicendum;
2772 2994 3018 3050 veritatis
3065 3006 3246 3050 autem
3278 2997 3417 3052 ratio
3465 3014 3573 3052 non

1983 3076 2054 3132 ita
2084 3093 2144 3133 se
2168 3079 2332 3133 habet
2361 3097 2376 3134 :
2401 3091 2485 3136 est
2512 3082 2658 3136 enim
2684 3081 2910 3152 aequalis
2936 3082 3079 3138 Patri
3107 3099 3205 3151 per
3231 3086 3433 3139 omnia.
3463 3084 3570 3141 Sed

1985 3185 2160 3240 neque
2197 3185 2293 3225 vos
2324 3171 2588 3240 ejusmodi
2637 3175 2821 3230 verbis
2866 3190 3062 3238 usuros
3092 3177 3476 3241 existimarint,
3527 3182 3570 3233 si

286 3244 456 3315 Θῖμαι
501 3250 545 3302 δ’
583 3248 650 3306 αὖ
682 3253 782 3306 οὐκ
828 3254 895 3307 ἂν
941 3255 1086 3324 ὑμᾶς
1132 3258 1270 3322 ὅλως
1313 3262 1526 3329 τούτοις
1566 3268 1876 3337 χρήσασθαι

1987 3259 2356 3329 intelligeretis
2381 3263 2508 3330 quid
2545 3263 2613 3316 sit
2637 3278 2796 3318 verus
2823 3264 3002 3329 Pater,
3039 3267 3165 3336 quid
3193 3283 3352 3324 verus
3377 3270 3567 3335 Filius.

285 3343 399 3403 τοῖς
427 3340 624 3410 λόγοις,
653 3345 810 3415 εἴπερ
836 3345 1013 3415 ᾔδειτε
1047 3346 1099 3399 τί
1130 3349 1276 3401 ἐστιν
1308 3351 1564 3423 ἀληθινὸς
1605 3359 1634 3410 6
1664 3361 1877 3432 Πατὴρ,

287 3433 380 3484 καὶ
415 3433 667 3503 ἀληθινὸς
691 3438 720 3488 6
751 3437 899 3503 Υἱὸς,
933 3440 1026 3492 καὶ
1057 3441 1110 3493 τί
1146 3443 1261 3510 φῶς
1294 3445 1528 3515 ἀόρατον
1570 3449 1660 3502 καὶ
1686 3451 1874 3518 ἀΐδιον,

286 3525 384 3577 καὶ
431 3527 492 3578 τὸ
530 3527 875 3600 ἀπαύγασμα
919 3532 1107 3597 αὑτοῦ,
1153 3537 1248 3589 καὶ
1283 3538 1334 3590 τί
1367 3539 1528 3593 πάλιν
1559 3542 1706 3596 ἐστὶν
1740 3545 1879 3598 ἀσώ-

292 3636 459 3687 ματος
490 3621 788 3685 ὑπόστασις
804 3623 897 3676 καὶ
924 3626 1208 3698 χαρακτὴρ
1228 3629 1539 3700 ἀσώματος.
1563 3634 1625 3687 El
1647 3634 1756 3706 γὰρ
1778 3636 1877 3701 τὰς

286 3711 417 3779 περὶ
452 3711 562 3764 τῶν
607 3713 864 3766 τοιούτων
913 3720 1134 3788 μνήμας
1169 3721 1309 3774 κατά
1339 3722 1437 3792 τὴν
1467 3725 1668 3796 ἀκριϐῆ
1706 3729 1876 3781 κατά-

284 3797 448 3869 ληψιν
482 3802 562 3864 εἰς
596 3801 722 3854 νοῦν
771 3805 1091 3876 ὲμφορεῖτε,
1139 3811 1357 3874 πάντως
1398 3813 1464 3865 ἂν
1498 3817 1594 3868 καὶ
1639 3817 1740 3888 τὴν
1782 3820 1876 3873 τοῦ

283 3889 422 3942 Θεοῦ
477 3891 653 3958 φύσιν
701 3894 1087 3966 ὲννοήσαντες,
1131 3901 1230 3954 ούκ
1287 3901 1352 3955 ἂν
1401 3903 1478 3968 ὡς
1516 3907 1645 3978 περὶ
1685 3912 1877 3982 σωμά-

283 4001 392 4035 των
434 3985 837 4054 ὲφαντάζεσθε,
887 3990 1004 4042 ἀλλ’
1049 3993 1363 4059 ἀκολούθως
1412 4001 1526 4062 τοῖς
1564 4001 1877 4072 είρημένοις

284 4076 529 4144 ἀκριϐῶς
563 4078 826 4148 ἐζητεῖτε.
861 4083 978 4144 πῶς
1011 4084 1111 4154 μὲν
1134 4088 1163 4139 6
1201 4087 1328 4150 Υἱὸς
1354 4090 1413 4141 ὲν
1450 4092 1646 4162 Ila—cpi,
1674 4093 1790 4158 πῶς
1820 4095 1876 4148 δέ

283 4169 432 4221 ἐστιν
460 4171 488 4220 6
533 4170 726 4241 Πατὴρ
760 4173 817 4224 ὲν
853 4173 986 4245 Υίῷ.
1037 4175 1125 4240 Ὠς
1158 4177 1266 4248 γάρ
1310 4182 1618 4254 χαρακτὴρ,
1665 4185 1760 4238 καὶ
1796 4189 1876 4240 εί-

283 4257 418 4322 κὼν,
449 4261 540 4311 καὶ
567 4261 910 4332 ἀπαύγασμα
954 4266 1049 4318 καὶ
1091 4269 1372 4338 ὁμοιότης,
1407 4266 1562 4335 οὗτος
1594 4275 1653 4325 ἐν
1683 4276 1876 4347 ἐκείνῳ

283 4350 538 4413 κάκεῖνος
566 4352 624 4404 ἐν
656 4352 838 4424 τούτῳ.
879 4357 1149 4423 φαίνεται.
1193 4361 1411 4432 Ἐπειδὴ
1440 4363 1496 4415 δέ
1532 4381 1669 4432 φατε
1707 4367 1875 4437 μηδὲν

283 4437 432 4493 εἶναι·
464 4441 798 4513 θαυμαστὸν,
837 4447 886 4498 εἰ
917 4449 1011 4500 καὶ
1039 4452 1066 4502 6
1102 4449 1230 4513 Υιὸς
1263 4455 1410 4506 ἐστιν
1449 4456 1506 4506 ὲν
1541 4456 1744 4526 Πατρὶ,
1787 4457 1876 4511 διὰ

280 4531 344 4584 τδ
371 4535 466 4585 καὶ
514 4536 660 4604 ἡμᾶς
689 4537 748 4589 ὲν
779 4537 928 4606 αὐτῷ
962 4542 1227 4595 κινεῖσθαι
1263 4545 1358 4596 καὶ
1407 4544 1526 4615 ζῇν,
1577 4549 1877 4614 ἀναγκαῖον

1983 3361 2038 3406 et
2071 3353 2200 3421 quid
2237 3353 2413 3407 lumen
2460 3355 2750 3417 invisibile,
2797 3365 2852 3410 et
2882 3368 3168 3423 aeternum,
3217 3371 3272 3415 et
3315 3364 3572 3431 splendor

1980 3443 2122 3512 ejus,
2161 3447 2364 3513 etquid
2403 3461 2616 3500 rursum
2653 3448 2961 3518 hypostasis
2999 3451 3320 3520 incorporea
3359 3463 3413 3507 et
3440 3455 3570 3509 cha-

1982 3545 2160 3589 racter
2186 3536 2558 3606 incorporeus.
2587 3537 2722 3592 Nam
2753 3541 2796 3594 si
2833 3541 2945 3594 haec
2977 3541 3027 3594 in
3066 3543 3382 3598 memoriam
3414 3560 3568 3598 revo—

1979 3636 2166 3681 cantes
2185 3637 2496 3682 accuratam
2521 3629 2928 3702 perfectamque
2946 3648 3132 3686 cormn
3155 3634 3568 3705 intelligentiam

1980 3725 2163 3771 mente
2191 3721 2576 3788 conceperitis,
2604 3731 2750 3776 certe
2784 3723 3053 3778 intellecta
3090 3736 3282 3780 natura
3309 3728 3426 3793 Dei,
3461 3747 3566 3782 ltutl

1979 3810 2096 3866 hac
2131 3829 2391 3882 corporea
2436 3814 2894 3885 imaginaremini,
2927 3819 3041 3880 sed,
3066 3833 3127 3871 ea
3167 3820 3375 3873 ratione
3404 3835 3566 3888 mnam

1980 3901 2237 3968 diximus,
2277 3904 2516 3972 perfecte
2549 3907 2896 3974 inquireretis
2924 3907 3059 3975 'qno
3101 3919 3258 3976 pacto
3308 3909 3475 3980 Filius
3512 3913 3566 3964 in

1979 3990 2139 4047 Patre
2155 3991 2245 4057 sit,
2269 4001 2324 4047 et
2346 4009 2454 4062 quo
2473 4005 2628 4063 pacto
2652 3995 2811 4049 Pater
2835 3997 2886 4050 in
2912 3996 3069 4051 Filio.
3101 3998 3563 4063 Quemadmodmn

1979 4083 2124 4138 enim
2156 4086 2474 4150 character,
2506 4097 2561 4142 et
2607 4088 2803 4158 imago,
2843 4098 2896 4143 et
2926 4089 3218 4159 splendor,
3272 4100 3437 4161 atque
3485 4094 3563 4147 si-

1981 4175 2224 4230 militudo
2250 4177 2316 4240 7‘,
2356 4177 2444 4231 hic
2476 4179 2528 4232 in
2558 4178 2744 4243 illo,et
2776 4179 2867 4234 ille
2898 4181 2950 4233 in
2993 4181 3095 4235 hoc
3129 4183 3394 4236 cernitur.
3425 4183 3560 4238 Cum

1977 4279 2108 4321 vero
2136 4269 2328 4322 dicatis
2361 4268 2493 4323 nihil
2523 4271 2718 4324 mirum
2753 4287 2895 4337 esse,
2917 4272 2961 4326 si
2998 4273 3167 4328 Filius
3201 4275 3271 4327 sit
3298 4275 3350 4328 in
3378 4273 3558 4342 Patre,

1977 4359 2102 4426 quia
2127 4368 2183 4412 et
2209 4375 2306 4414 nos
2332 4360 2384 4414 in
2404 4361 2518 4429 ipso
2541 4377 2824 4416 movemur
2841 4372 2896 4418 et
2919 4365 3171 4428 vivimus,
3194 4370 3570 4422 necessarium-

1977 4450 2200 4505 omniuo
2236 4452 2513 4506 declarare
2548 4464 2884 4523 quantopere
2913 4455 3076 4510 etiam
3113 4458 3216 4513 hac
3251 4459 3304 4512 in
3347 4472 3499 4529 parte
3531 4483 3562 4514 a

1977 4558 2108 4597 vero
2131 4544 2417 4598 aberretis.
2446 4544 2630 4614 Neque
2653 4547 2796 4600 enim
2826 4551 3279 4616 quemadmodum
3317 4551 3457 4607 Dens
3480 4567 3564 4608 est

281 4624 430 4691 ὑμᾶς
451 4626 552 4677 κάν
579 4625 754 4696 τούτῳ
779 4627 911 4680 πολὺ
943 4629 1332 4700 πλανωμένους
1360 4635 1623 4698 ἐπιδεῖξαι
1655 4637 1869 4706 καὶτῆς

1980 4632 2030 4686 in
2052 4648 2376 4702 unoquoque
2406 4643 2715 4687 sanctorum
2741 4650 2942 4704 eosque
2959 4636 3284 4701 sanctiﬁcat,
3309 4638 3377 4691 ita
3397 4639 3562 4692 etiam

280 4716 541 4786 ἀληθείας
577 4719 950 4789 ἐκϐεϐηκότας
988 4723 1079 4774 τὸν
1108 4725 1251 4792 ὅρον.
1283 4727 1356 4778 Οὐ
1393 4728 1500 4798 γάρ
1535 4729 1786 4798 καθάπερ
1815 4733 1872 4783 ἐν

282 4809 499 4878 ἑκάστῳ
543 4809 653 4862 τῶν
700 4811 871 4879 ἁγίων
911 4814 1194 4883 γινόμενος
1239 4818 1267 4868 6
1298 4817 1430 4882 Θεὸς
1489 4820 1704 4887 ἁγιάζει
1741 4821 1869 4874 τού-

279 4917 426 4963 τους,
463 4901 639 4965 οὕτως
684 4905 800 4956 ἐστὶ
836 4906 931 4957 καὶ
964 4907 1022 4959 ὲν
1055 4907 1133 4976 τῷ
1175 4909 1415 4980 Χριστῷ.
1469 4912 1610 4965 Ἀλλ’
1639 4915 1800 4976 αὐτὸς
1843 4918 1871 4967 ὁ

284 4992 410 5054 Υἱὸς
452 4992 683 5064 δύναμίς
716 4995 832 5046 ἐστι
865 4995 958 5048 καὶ
996 4998 1158 5066 σοφία
1202 4999 1294 5052 τοῦ
1331 5002 1573 5072 Πατρὸς,
1623 5005 1868 5070 ἁγιάζων

282 5085 458 5136 πάντα
492 5085 567 5138 τά
596 5085 892 5156 μετέχοντα
918 5089 1084 5142 αὐτοῦ
1113 5091 1173 5144 ἐν
1203 5092 1399 5163 Πατρὶ,
1430 5093 1589 5157 αὐτὸς
1619 5096 1675 5148 δὲ
1707 5097 1869 5150 πάλιν

279 5175 340 5228 ού
368 5177 508 5230 κατά
536 5195 657 5229 τινα
691 5179 982 5247 μετουσίαν
1007 5181 1162 5248 ἅγιος
1190 5181 1264 5236 ὢν
1306 5182 1496 5256 ὥσπερ
1525 5187 1711 5256 ἡμεῖς,
1746 5187 1867 5239 οὐδὲ

281 5269 422 5321 κατὰ
453 5270 613 5339 χάριν
649 5271 769 5333 Υἱὸς
798 5273 1132 5342 κεκλημένος
1153 5315 1177 5336 ,.
1202 5275 1337 5328 ἀλλά
1368 5278 1613 5347 γέννημα
1645 5279 1743 5347 τῆς
1771 5279 1866 5332 τοῦ

282 5359 496 5427 Ματρὸς
531 5361 720 5423 οὐσίας
763 5363 1034 5433 ὑπάρχων
1066 5366 1255 5418 ἀΐδιον.
1300 5367 1413 5419 Οὐκ
1452 5367 1564 5420 ἔστι
1609 5369 1664 5421 δὲ
1705 5369 1868 5423 πάλιν

277 5448 453 5512 οὕτως
485 5453 514 5502 6
554 5450 682 5514 Υἱὸς
727 5453 784 5504 ὲν
825 5454 1000 5524 Πατρὶ
1051 5455 1302 5524 καθάπερ
1340 5458 1500 5525 ἡμεῖς
1523 5473 1535 5485 ·
1573 5457 1732 5526 ἡμεῖς
1770 5458 1869 5527 μὲν

279 5541 389 5610 γὰρ
421 5542 480 5595 ἐν
520 5542 639 5612 Θεῴ
677 5542 861 5614 ζῶμεν
892 5547 982 5598 καὶ
1015 5545 1336 5617 κινούμεθα,
1366 5548 1462 5600 καὶ
1497 5549 1662 5618 ἐσμέν
1688 5565 1702 5579 ο
1753 5550 1781 5600 6
1813 5549 1868 5602 δὲ

281 5631 423 5685 κατὰ
448 5633 610 5701 φύσιν
639 5635 794 5703 Υἱὸς,
815 5636 1004 5708 ὥσπερ
1029 5639 1137 5690 ἀπό
1169 5657 1310 5703 τινος
1341 5643 1521 5712 πηγῆς
1547 5642 1632 5695 ἀεὶ
1666 5641 1864 5714 ζώσης,

359 5811 399 5842 ⁷³
430 5810 585 5867 Joau.
622 5829 730 5880 λιν,
773 5815 851 5871 ll‘.
932 5818 975 5847 ⁷²
1011 5816 1164 5872 Juan.
1205 5834 1255 5872 χ.
1292 5819 1382 5875 50.

1466 5823 1512 5852 ⁷³
1539 5821 1658 5876 Act.
1701 5836 1835 5888 xm,
1869 5820 1960 5875 28.

1972 4732 2058 4777 est
2095 4723 2146 4776 in
2177 4723 2417 4779 Christo.
2438 4723 2540 4778 Sed
2561 4725 2673 4794 ipse
2696 4724 2866 4780 Filius
2888 4737 2971 4780 est
2993 4729 3254 4795 sapientia
3296 4727 3476 4783 Patris
3509 4739 3565 4781 et

1970 4814 2205 4882 potentia
2249 4815 2318 4880 τ’,
2356 4818 2706 4873 sanctitleans
2742 4819 2926 4873 omnia
2952 4821 3333 4888 participantia
3362 4821 3460 4890 ipsi
3505 4821 3559 4874 in

1971 4907 2204 4974 Spiritu:
2227 4908 2341 4977 ipse
2359 4925 2488 4964 vero
2500 4908 2644 4963 nulla
2663 4909 3074 4978 participatione
3096 4922 3338 4976 sanctus,
3365 4921 3422 4966 ut
3439 4929 3555 4966 nos.

1968 4998 2073 5052 Sed
2128 5015 2303 5068 neque
2334 5015 2430 5068 per
2461 5003 2694 5069 gratiam
2721 5012 2805 5056 est
2839 5001 3030 5067 Filius,
3063 5003 3201 5056 sicut
3223 5018 3343 5070 nos,
3371 5006 3464 5059 sed
3492 5005 3558 5058 ab

1972 5098 2176 5144 aeterno
2200 5105 2266 5145 ex
2305 5092 2540 5145 essentia
2571 5091 2746 5145 Patris
2781 5093 3014 5162 genitus.
3042 5092 3227 5159 Neque
3257 5109 3445 5150 rursus
3475 5095 3559 5150 Fi-

1975 5179 2076 5232 lius
2101 5182 2150 5233 in
2171 5179 2332 5236 Patre
2348 5192 2452 5244 est,
2475 5183 2614 5236 sicut
2645 5199 2782 5236 nos:
2810 5184 3076 5250 siquidem
3102 5198 3200 5238 nos
3218 5184 3268 5236 in
3293 5183 3406 5239 Deo
3423 5186 3559 5239 vivi-

1977 5288 2118 5335 mus,
2143 5282 2196 5326 et
2215 5287 2516 5338 movemur,
2535 5274 2760 5344 loset
2775 5289 2981 5328 sumus.
3007 5275 3077 5328 Αι
3093 5290 3220 5331 vero
3242 5279 3559 5332 naturaliter

1968 5363 2156 5430 Filius,
2179 5377 2244 5416 ex
2266 5366 2498 5418 essentia
2540 5365 2718 5420 Patris
2737 5366 2896 5420 veluti
2918 5368 3138 5436 perenni
3157 5369 3390 5437 quodam
3412 5371 3558 5426 l'onte

1967 5457 2285 5525 procedens,
2309 5456 2414 5510 vita
2441 5466 2524 5511 est
2545 5458 2864 5512 naturaliter
2892 5460 3072 5513 omnia
3097 5460 3376 5516 viviﬁcans
3403 5482 3414 5517 :
3445 5477 3549 5515 non

1968 5563 2064 5615 per
2093 5549 2559 5618 participationem
2592 5549 2717 5605 vita:
2759 5551 3062 5609 viviﬁcatus
3091 5547 3378 5611 sicut-niis.
3418 5554 3553 5609 Nam

1967 5640 2164 5710 alioqui
2201 5656 2305 5696 non
2331 5649 2477 5698 esset
2505 5641 2620 5714 ipse
2661 5643 2923 5700 naturalis
2945 5646 3074 5702 vita.
3101 5646 3257 5714 Quod
3286 5648 3434 5703 enim
3462 5661 3553 5700 as-

2038 5821 2082 5852 “
2114 5820 2276 5878 Hebr.
2309 5838 2346 5889 ι,
2377 5823 2446 5878 5..
2508 5823 2554 5857 ⁷⁸
2588 5822 2606 5877 ι
2641 5824 2763 5881 Cor.
2801 5841 2840 5892 ι,
2875 5825 2965 5881 9.4.
