4072 6534
244 363 338 419 {Si

1654 362 2109 422 τηιεΑυιιυε.

3409 346 3511 415 ωε

242 478 433 542 οὐσίας
462 474 598 535 εἶναι
628 478 721 535 τοῦ
749 480 982 554 Πατρός,
1023 479 1162 552 μετὰ
1189 478 1388 547 πολλῆς
1414 494 1558 541 τινος
1586 476 1687 546 τῆς
1714 479 1826 530 ἐπει
1856 513 1866 538 λ

1970 480 2323 551 ircumspccte
2347 478 2485 535 dixit
2511 496 2525 533 :
2556 499 2572 532 ι
2597 480 2708 550 Ego
2738 480 2788 533 in
2815 479 3071 544 Patrc,ct
3101 476 3254 532 Pater
3282 474 3335 528 in
3355 454 3523 529 meet)»

241 573 554 643 τηρήσεως,
585 593 603 625 ι
639 574 804 643 Ἐγὼ,
829 576 1013 645 φησὶν,
1039 576 1099 627 ὲν
1132 572 1209 643 τῷ
1237 574 1435 644 Πατρὶ,
1467 572 1563 624 καὶ
1583 572 1612 623 6
1640 569 1829 640 Πατὴρ

245 662 303 712 ὲν
346 663 490 731 ἐμοί.
522 683 541 716 ι
583 665 696 717 Οὐκ
745 666 853 735 ἄρα
908 665 1084 718 κοινὸν
1136 664 1249 734 ἔχει
1310 662 1449 732 μετὰ
1506 658 1723 711 πάντων
1770 658 1830 711 τὸ

247 752 485 825 ἀξίωμα,
512 756 627 808 ἀλλ’
652 755 848 819 ἰδιάζον
874 756 969 809 καὶ
1002 755 1279 828 ἐξαίρετον
1306 754 1381 817 ὼς
1425 753 1574 818 Υἱὸς,
1611 750 1705 804 καὶ
1733 749 1833 802 Λό-

246 861 365 911 γος.
398 846 493 898 καὶ
527 845 680 909 Θεός.

248 936 453 1000 ΑΛΛΟ,
481 936 778 991 διδάσκον
804 938 1112 1077 ὄπωςρχρὲι
1145 936 1310 991 νοεῖν
1336 935 1404 990 τὸ
1438 934 1837 1004 προκείμενοκ

993 1026 1065 1077 ητ
1106 1026 1159 1063 ν.

993 1026 1159 1079 ητον.

336 1098 394 1153 '0
430 1102 557 1165 Υἱὸς
598 1103 658 1155 ὲν
696 1102 773 1173 τῷ
809 1101 1016 1172 Πατρὶ,
1069 1101 1164 1154 καὶ
1205 1101 1233 1153 6
1266 1097 1455 1169 Πατὴρ
1503 1098 1561 1149 ὲν
1598 1094 1691 1165 τῷ,
1722 1092 1838 1163 Υἱῷ

253 1189 577 1261 νοηθήσεται
628 1192 771 1246 κατὰ
821 1191 1011 1247 τοῦτον
1058 1190 1165 1243 τὸν
1193 1188 1414 1260 τρόπον.
1456 1187 1552 1243 Ἐκ
1597 1184 1698 1255 τῆς
1743 1182 1839 1235 τοῦ

258 1281 472 1350 Πατρός
502 1283 692 1347 οὐσίας
721 1283 993 1355 προῆλθεν
1020 1284 1048 1336 6
1079 1280 1229 1348 Υἱὸς,
1257 1280 1317 1332 οὐ
1348 1277 1601 1343 καθάπερ
1630 1275 1696 1328 τὰ
1734 1273 1843 1331 κτί-

256 1389 443 1442 σματα
463 1375 525 1427 ὲκ
544 1375 637 1429 τοῦ
659 1375 905 1446 μὴδντος
921 1375 1001 1436 είς
1016 1375 1075 1430 τὸ
1096 1366 1233 1425 εῖναι
1263 1367 1617 1439 παρελθὼν,,ἢ
1637 1364 1842 1431 ἔξωθέν

255 1462 421 1517 ποθεν
447 1466 550 1534 τὴν
570 1466 664 1521 τοῦ
692 1462 832 1524 εἶναι
862 1465 1121 1522 σύστασιν
1146 1462 1307 1533 ἔχων,
1330 1458 1444 1513 ἀλλ’
1471 1458 1587 1517 ἔστι
1615 1459 1713 1527 τῆς
1745 1455 1842 1511 τοῦ

254 1558 616 1626 γεννήσαντος
660 1558 848 1622 οὐσίας
890 1558 950 1614 τὸ
990 1557 1142 1613 τδιοψ
1195 1553 1389 1626 ὥσπερ
1422 1547 1517 1606 οὖν
1558 1552 1622 1604 ὲκ
1669 1548 1845 1623 capri};

256 1648 681 1720 ἀπαύγασμα,ῆ
714 1651 809 1702 καὶ
848 1649 955 1703 ἀπό
985 1663 1131 1709 τινος
1172 1645 1355 1715 πηγῆς
1393 1642 1634 1698 ἐκϐαίνει
1680 1656 1849 1693 ποτα-

262 1739 382 1807 μός.
415 1739 602 1794 Ἔστιν
624 1736 852 1803 οὖντοῖς
874 1738 1043 1811 ὁρῶσι
1072 1738 1164 1791 τὸν
1193 1736 1345 1798 Υίδν,
1378 1734 1476 1805 τὴν
1504 1732 1600 1786 τοῦ
1634 1731 1849 1801 Πατρδς

1934 570 2049 624 Non
2098 571 2263 641 igitur
2296 587 2639 627 communem
2686 572 2832 626 illam
2886 573 3045 626 habet
3097 585 3218 622 cum
3263 565 3515 621 annilius

1934 662 2273 733 dignitatem,
2308 664 2400 718 sed
2434 664 2707 733 propriam
2745 664 2846 718 sibi
2895 678 2957 716 ac
2990 662 3314 731 peculiarem
3349 665 3406 711 ιιι
3426 656 3514 711 Fi-

1935 752 2057 819 lius,
2090 767 2143 810 et
2171 754 2425 821 Verbum,
2464 766 2515 810 et
2547 756 2706 812 Deus.

1937 932 2173 997 AUUD,‘
2224 935 2414 989 docens
2462 949 2563 999 quo
2615 941 2766 996 parto
2799 928 2998 982 dictum
3038 926 3181 980 istud
3233 921 3533 977 vrazfatttnv

2479 1002 2870 1068 intelligendum
2904 999 2989 1050 sit.

2011 1093 2179 1148 Filius
2215 1094 2267 1149 in
2301 1093 2480 1159 Patre,
2512 1101 2566 1147 et
2595 1090 2755 1145 Pater
2778 1090 2831 1144 in
2866 1088 3002 1143 Filio
3029 1098 3150 1142 esse
3184 1083 3286 1137 hac
3314 1080 3522 1135 ratione

1940 1187 2279 1257 intelligitur.
2309 1185 2477 1240 Filius
2500 1200 2565 1240 ex
2599 1182 2835 1239 essentia
2863 1179 3039 1233 Patris
3078 1172 3366 1246 processit,
3392 1185 3520 1229 non,

1942 1278 2396 1348 quemadmodum
2434 1285 2721 1338 creaturae,
2752 1288 2816 1327 ex
2849 1286 2954 1325 non
2985 1283 3109 1324 esse
3147 1265 3213 1320 ad
3249 1277 3369 1318 esse
3412 1270 3547 1313 tra--

1944 1372 2161 1436 ductus,
2204 1378 2300 1423 aut
2337 1368 2676 1422 extrinsecus
2725 1363 3088 1425 substitutus;
3138 1357 3231 1413 sed
3283 1363 3368 1409 est
3408 1353 3524 1421 ipsa

1944 1462 2193 1517 essentia:
2212 1460 2387 1515 Patris
2414 1461 2735 1528 proprietas,
2773 1456 2913 1513 sicut
2931 1470 2995 1509 ex
3021 1452 3226 1507 lumine
3248 1446 3525 1518 splendor,

1945 1562 2037 1605 aut
2061 1566 2127 1605 ex
2158 1550 2341 1619 aliquo
2378 1549 2523 1603 l‘onte
2569 1547 2764 1601 ﬂumen
2815 1554 3122 1615 promanat.
3169 1539 3322 1593 Licet
3364 1535 3529 1606 igitur

1948 1644 2015 1698 iis
2040 1645 2131 1713 qui
2183 1642 2375 1697 Filium
2410 1642 2612 1706 vident,
2652 1640 2827 1694 Patris
2874 1636 3163 1693 essentiam
3212 1628 3443 1691 intueri,
3477 1637 3533 1679 et

1951 1735 2210 1805 genitoris
2230 1733 2615 1802 proprietatem
2640 1746 2703 1795 ex
2727 1732 2831 1784 hoc
2855 1739 3201 1799 cognoscere.
3222 1721 3358 1789 Quia
3387 1718 3530 1776 enim

258 1829 448 1884 οὐσίαν
468 1832 628 1902 όρᾷν,
657 1832 752 1885 καὶ
778 1831 837 1887 τὸ
860 1830 955 1884 τοῦ
981 1832 1344 1900 γεννήσαντος
1371 1826 1501 1881 ἴδιον
1528 1825 1634 1878 ἀπὸ
1662 1823 1852 1877 τούτου

1970 1826 2270 1879 .miversum
2307 1839 2431 1879 esse
2456 1822 2575 1876 Filii
2600 1837 2663 1877 ex
2695 1819 2930 1875 essentia
2965 1816 3146 1871 Patris
3180 1810 3442 1883 procedit,
3472 1823 3533 1863 ea

258 1923 659 1993 νοεῖν.“οτιπερ
694 1921 1128 1994 ἐπειδὴμσύμπαν
1156 1920 1216 1974 τδ
1235 1914 1484 1973 εἷναιτοῦ
1511 1916 1641 1970 Υἱοῦ
1667 1918 1729 1969 ὲκ
1756 1914 1855 1980 τῆς

260 2012 373 2070 τοῦ
399 2015 607 2086 Πατρός
636 2015 824 2079 οὐσίας
866 2015 1134 2085 πρόεισιν,
1162 2011 1336 2075 οὓτως
1366 2012 1515 2064 ἐστὶν
1564 2011 1621 2061 ὲν
1653 2006 1852 2074 Πατρὶ,

263 2105 357 2158 καὶ
395 2107 557 2159 πάλιν
589 2110 652 2161 ὲκ
682 2107 790 2159 τῶν
825 2107 1105 2168 ἐναντίων,
1132 2108 1160 2159 6
1200 2104 1390 2173 Πατήρ
1422 2104 1569 2155 ἐστιν
1612 2103 1669 2152 ὲν
1716 2098 1853 2167 Υἰῷ,

263 2197 566 2268 ἐπειδήπερ
610 2199 748 2268 ὅπερ
778 2200 926 2250 ἐστὶν
957 2197 1117 2259 αὐτὸς
1166 2195 1354 2264 φύσει,
1403 2193 1564 2246 τοῦτο
1605 2192 1700 2243 καὶ
1742 2192 1770 2242 6
1798 2188 1857 2253 ἐξ

263 2288 431 2342 αὐτοῦ
462 2288 742 2360 προελθὼν
769 2289 904 2352 Θεὸς
945 2288 1138 2356 Λόγος.
1184 2287 1439 2339 Φαίνεται
1468 2285 1525 2337 δὲ
1571 2284 1667 2336 καὶ
1712 2282 1857 2334 ἔστιν

265 2376 326 2427 ἐν
356 2373 828 2452 Υἰῴμῶσπερκούν
863 2377 959 2429 καλ⁸
985 2378 1042 2428 ὲν
1074 2374 1151 2445 τῷ
1184 2374 1312 2444 παρ’
1340 2371 1506 2426 αὐτοῦ
1542 2370 1858 2441 προελθόντι

268 2467 662 2537 ὰπαυγάσματι
690 2468 928 2538 δ’ἧλιος,
978 2466 1081 2519 καὶΔ
1117 2467 1175 2517 ἔν
1212 2464 1291 2533 τῷ
1333 2463 1479 2532 λόγῳ
1505 2463 1533 2514 6
1576 2460 1731 2522 νοῦς,
1768 2457 1861 2511 καὶ

271 2559 330 2610 ὲν
367 2557 451 2629 τῷ¹
473 2559 718 2629 ποταμῷ.
740 2560 773 2628 ἠ
804 2557 1005 2610 τοῦτον
1024 2553 1398 2619 ἀναϐλύζουσα
1447 2552 1619 2622 πηγή.
1651 2550 1724 2602 Τὸ
1754 2549 1863 2619 γὰρ

271 2647 402 2699 ἴδιον
442 2649 540 2718 τῆς
572 2649 662 2702 τοῦ
714 2648 929 2718 Πατρὸς
974 2648 1160 2709 οὐσίας
1203 2649 1260 2700 ὲν
1296 2644 1410 2714 Υἱῴ
1450 2642 1723 2713 κείμενον,
1767 2641 1865 2693 καὶ

269 2739 699 2811 τῆςθεότητος,
744 2740 821 2792 ἵν*
864 2739 1035 2801 οὕτως
1091 2738 1252 2801 εἴπω,
1327 2736 1388 2788 τὸ
1434 2731 1576 2797 εἶδος
1631 2732 1865 2786 δεικνύει

272 2832 439 2883 πᾶσιν
460 2832 624 2884 αὐτὸν
652 2834 709 2885 ἐν
736 2831 907 2901 αὐτῷ.
952 2829 1315 2899 Ἐπιτηρῆσαι
1345 2827 1401 2880 δὲ
1431 2825 1538 2896 χρὴ
1570 2824 1665 2877 καὶ
1698 2824 1867 2890 ἀναγ-

272 2924 444 2987 statim;
489 2924 683 2977 εἰδέναι
728 2920 921 2994 ὅτιπερ
960 2924 1021 2975 οὐ
1090 2924 1190 2991 τῆς
1236 2917 1509 2988 τυχούσης
1550 2915 1868 2984 οἰκονομίας

273 3013 437 3065 ῑνεκα
470 3012 569 3084 τὴν
614 3012 868 3082 τοιαύτην
893 3014 922 3065 6
951 3010 1143 3082 Σωτὴρ
1185 3009 1376 3081 εἴρηκε
1407 3006 1613 3077 φωνήν.
1650 3004 1868 3074 Ἐπειδὴ

232 3093 243 3099 ’
274 3104 391 3173 γὰρ
429 3103 529 3173 τὴν
579 3105 884 3172 ταύτότητα
930 3102 1032 3168 τῆς
1075 3101 1291 3169 φύσεως
1324 3099 1392 3168 ἥν
1440 3098 1567 3167 ἔχειν
1593 3096 1732 3168 πρὸς
1775 3095 1868 3147 τὸν

1956 1917 2166 1972 ratione
2180 1916 2329 1970 estin
2360 1913 2542 1979 Patre,
2564 1922 2618 1967 et
2640 1929 2670 1967 e
2693 1910 2967 1967 contrario
3007 1905 3167 1961 Pater
3197 1913 3278 1960 est
3302 1904 3353 1956 in
3380 1899 3536 1955 Filio.

1954 1998 2222 2078 Siquidem
2265 2007 2315 2062 id
2363 2008 2506 2076 quod
2554 2008 2669 2074 ipse
2721 2014 2805 2058 est
2849 2011 3059 2061 natura,
3108 1999 3211 2052 hoc
3255 1995 3419 2050 etiam
3455 2001 3541 2046 est

1959 2104 2103 2157 Dens
2121 2099 2357 2154 Verbum
2376 2115 2439 2153 ex
2462 2098 2579 2166 ipso
2597 2096 2915 2167 procedens.
2935 2093 3171 2161 Apparet
3194 2096 3372 2142 autem
3391 2089 3542 2139 etest

1958 2192 2012 2247 in
2040 2190 2177 2246 Filio
2207 2189 2659 2255 quemadmodum
2687 2190 2765 2241 sol
2798 2186 2851 2240 in
2878 2183 3164 2254 splendore
3198 2193 3360 2249 quem
3392 2175 3543 2231 emit-

1964 2284 2028 2338 tit
2057 2297 2123 2336 ex
2146 2296 2226 2345 se,
2256 2292 2311 2336 et
2337 2281 2480 2335 sicut
2510 2294 2660 2334 mens
2682 2279 2734 2332 in
2765 2291 3039 2340 sermone,
3060 2284 3117 2329 et
3149 2272 3270 2326 fons
3302 2270 3354 2324 in
3381 2267 3540 2321 ﬂuvio

1961 2373 2051 2442 qui
2081 2389 2148 2427 ex
2177 2388 2235 2427 se
2258 2380 2563 2440 promanat.
2590 2369 2903 2439 Proprietas
2924 2368 3069 2421 enim
3091 2362 3346 2420 essentia:
3366 2360 3545 2415 Patris

1966 2467 2017 2519 in
2064 2465 2202 2521 Filio
2244 2466 2369 2528 sita,
2416 2475 2481 2517 et
2503 2462 2825 2525 divinitatis,
2861 2469 2925 2514 ιιι¹
2970 2461 3043 2513 ita
3078 2458 3278 2520 dicam,
3311 2452 3543 2523 species,

1967 2558 2140 2625 ipsum
2161 2557 2212 2610 in
2233 2570 2298 2610 eo
2326 2568 2446 2609 esse
2468 2554 2719 2607 onmibus
2742 2552 3001 2607 ostendit.
3024 2546 3432 2604 Observandum
3452 2558 3517 2596 au
3532 2570 3549 2582 ο

1967 2657 2074 2701 tem
2094 2656 2198 2709 est,
2215 2654 2267 2700 et
2293 2645 2599 2700 necessario
2626 2644 2930 2707 sciendum,
2956 2656 3064 2695 non
3088 2638 3291 2707 vulgari
3324 2632 3550 2689 consilio

1970 2749 2131 2808 atque
2170 2737 2580 2807 dispensatione
2622 2736 2761 2788 hanc
2793 2746 2982 2787 vocem
3018 2746 3047 2784 a
3095 2729 3385 2784 Servatore
3424 2736 3553 2793 ι)το-

1968 2831 2130 2884 latam
2165 2828 2353 2884 fuisse.
2386 2826 2520 2883 Cum
2562 2826 2730 2889 enim,
2774 2824 3109 2879 identitatem
3133 2829 3359 2873 natum
3390 2829 3552 2885 quam

1971 2922 2131 2977 habet
2158 2936 2277 2975 cum
2312 2918 2475 2973 Patre
2507 2918 2794 2973 ostendere
2833 2915 3038 2979 volens,
3088 2911 3220 2965 dixit
3250 2926 3267 2964 :
3302 2928 3319 2960 ι
3357 2907 3466 2976 Ego
3497 2913 3554 2960 et

1969 3013 2131 3067 Pater
2166 3027 2331 3065 unum
2364 3025 2578 3071 sumus,
2612 3027 2630 3055 ι
2664 3023 2730 3061 ne
2779 3006 2901 3076 quis
2932 3004 3176 3058 eumdem
3222 3014 3344 3055 esse
3379 2996 3557 3065 suspi-

1975 3114 2191 3159 caretur
2220 3104 2459 3166 Patrem,
2494 3110 2549 3155 et
2572 3100 2790 3165 Filium,
2826 3098 2955 3152 solis
2988 3104 3192 3150 tantum
3226 3089 3555 3148 nominibus,

277 3196 634 3266 γεννήσαντα,
667 3194 833 3258 δεῖξαι
885 3192 1193 3263 βουληθεὶς,
1242 3184 1395 3242 εἶπεν
1419 3229 1433 3252 ,
1469 3207 1504 3240 ι.
1530 3186 1672 3253 Ἐγὼ
1715 3185 1808 3238 καὶ
1841 3187 1866 3238 6

1979 3214 2085 3251 non
2115 3195 2388 3267 bypostasi
2426 3195 2479 3248 in
2501 3192 2822 3248 dualitatent
2857 3200 3215 3259 personarum
3251 3183 3554 3238 distinctos:

280 3286 470 3357 Πατὴρ
494 3287 553 3339 ἓν
579 3289 767 3357 ἐσμεν,
792 3307 809 3338 ι
838 3287 925 3339 ἵνα
961 3286 1033 3355 μή
1065 3301 1146 3347 τις
1171 3283 1261 3335 τὸν
1295 3279 1459 3334 αὐτὸν
1487 3274 1624 3331 εἶναι
1653 3276 1872 3346 Πατέρα

281 3376 378 3431 καὶ
410 3377 535 3446 Υὶδν
567 3376 846 3448 ὑπολάϐῃ,
898 3375 1088 3445 μόνοις
1118 3372 1349 3442 ὀνόμασι
1396 3366 1873 3436 διαστελλομένους

282 3467 364 3529 εἰς
391 3466 588 3531 δυάδα,
619 3466 780 3528 ὄντας
810 3463 1197 3537 δὲμούχνούτως
1241 3463 1299 3514 ὲν
1343 3458 1640 3513 ὑποστάσει
1660 3458 1873 3525 ,πάναγ-

284 3555 454 3618 mlta;
506 3555 941 3625 ὲπεξηγούμενος
984 3556 1120 3625 ὅπερ
1158 3551 1372 3623 εἴρηκε,
1399 3550 1494 3603 καὶ
1529 3548 1865 3617 σαφέστερον

282 3650 398 3709 τοῖς
424 3647 792 3718 ἀκροωμένοις
818 3647 948 3702 αὐτὸ
975 3643 1270 3707 καθιστῶν,
1296 3640 1547 3712 ἐπιφέρει
1579 3639 1658 3702 τὸ,
1693 3657 1710 3689 t
1733 3636 1874 3704 Ἐγὼ

285 3738 346 3792 ὲν
381 3737 458 3808 τῷ
500 3739 704 3809 Πατρὶ,
750 3738 845 3794 καὶ
874 3739 902 3790 6
936 3737 1123 3809 Πατὴρ
1169 3737 1226 3787 ὲν
1275 3735 1418 3804 ἐμοὶ,
1449 3751 1466 3783 ι
1507 3730 1594 3783 ἵνα
1639 3728 1726 3782 διὰ
1777 3728 1874 3799 μὲν

286 3826 405 3887 τοῦ,
440 3827 626 3883 τοῦτον
650 3828 952 3897 ένὲκεῑνῳ,
985 3829 1237 3886 κάκεῖνον
1256 3829 1313 3878 έν
1349 3822 1523 3893 τούτῳ
1562 3819 1871 3891 φαίνεσθαι,

287 3919 387 3989 τὴν
418 3920 718 3989 ταύτότητα
746 3920 844 3994 τῆς
874 3919 1126 3989 Θεότητος
1157 3919 1254 3970 καῖ
1284 3917 1382 3985 τῆς
1414 3914 1600 3977 οὐσίας
1630 3912 1729 3982 τὴν
1761 3912 1871 3964 ὲνόο

288 4028 430 4081 τητα
466 4010 650 4082 δείξῃ’
694 4010 782 4063 διὰ
812 4011 869 4064 δὲ
904 4010 999 4066 τοῦ
1052 4011 1238 4087 ἕτερον
1278 4009 1337 4060 ἐν
1384 4006 1556 4076 ἑτέρῳ
1600 3999 1875 4071 εἷναι,.μὴ

289 4105 350 4156 ἓν
374 4122 426 4156 τι
453 4102 511 4156 ὃν
542 4105 599 4156 ἐν
632 4101 851 4173 ἀριθμῷ
895 4102 1085 4175 venda,
1112 4102 1139 4154 ὂ
1180 4101 1310 4153 ποτὲ
1364 4098 1463 4168 μὲν
1495 4096 1707 4166 Πατὴρ,
1745 4094 1877 4146 ποτε

290 4195 350 4253 δὲ
386 4195 512 4259 Υἱός
539 4195 791 4265 λέγεται·
825 4194 938 4247 ἀλλ’
980 4194 1150 4255 ὅντως
1173 4191 1459 4259 ὑφεστῶτα
1489 4187 1736 4258 Πατέρα,
1785 4184 1897 4242 καὶ⁴

293 4288 583 4357 ὑφεστῶτα
610 4286 738 4343 Υιὸν
772 4285 1165 4356 ἐναργέστερον
1192 4281 1475 4355 ἀποδείξῃ,

989 4376 1214 4431 ΑΛΛΟ..

378 4472 437 4523 ὐ
473 4470 662 4542 Πατὴρ
696 4469 790 4521 καὶ
819 4469 859 4521 6'
880 4467 1006 4530 Υῐδς
1036 4466 1094 4520 ἒν
1137 4466 1237 4536 μέν
1263 4467 1369 4521 εἱσι
1404 4463 1545 4516 κατὰ
1574 4460 1756 4531 φύσιν,
1786 4458 1879 4512 δύο

1976 3288 2288 3346 necessario
2336 3286 2650 3353 utiliterque
2682 3280 2957 3350 explicans
3006 3279 3057 3332 id
3096 3275 3238 3345 quod
3282 3273 3449 3337 dixit,
3502 3279 3559 3324 ct

1976 3380 2317 3436 manifestius
2360 3375 2713 3430 auditoribus
2743 3370 2969 3432 faciens,
3010 3368 3159 3423 addit
3202 3367 3305 3419 hoc
3345 3382 3359 3417 :
3396 3381 3413 3415 ι
3449 3361 3559 3431 Ego

1978 3473 2027 3525 in
2062 3470 2245 3534 Patre,
2273 3477 2328 3523 et
2379 3465 2540 3521 Pater
2574 3465 2626 3518 in
2682 3478 2800 3528 me;
2837 3480 2855 3513 ι
2888 3471 2946 3514 ut
2978 3473 3074 3529 per
3115 3457 3237 3521 ltoc,
3281 3452 3425 3523 quod
3471 3450 3559 3505 hic

1976 3561 2192 3633 quidem
2223 3560 2275 3614 iu
2303 3558 2415 3623 illo,
2440 3557 2532 3611 ille
2550 3570 2679 3610 vero
2702 3554 2755 3607 in
2785 3552 2889 3606 hoc
2911 3555 3194 3620 appareat,
3219 3544 3555 3601 identitatem

1977 3651 2192 3708 deitatis
2234 3659 2289 3705 et
2345 3647 2598 3704 essentia:
2655 3645 2917 3700 unitatem
2977 3641 3343 3700 demonstret;
3393 3644 3561 3705 utque

1978 3759 2073 3812 per
2105 3740 2331 3809 id'quod
2361 3737 2500 3791 alter
2538 3735 2591 3790 in
2630 3734 2804 3788 altero
2851 3732 2945 3795 sit,
2984 3746 3090 3783 non
3122 3741 3284 3783 unum
3332 3739 3558 3779 numero

1978 3850 2098 3889 esse
2126 3832 2478 3901 intelligatur,
2531 3827 2689 3899 quod
2718 3821 3011 3893 aliquando
3041 3820 3223 3883 Pater,
3264 3816 3559 3886 aliquando

1980 3926 2149 3980 Filius
2173 3932 2425 3987 vocetur;
2458 3920 2551 3975 sed
2585 3932 2712 3973 vere
2735 3925 2897 3984 atque
2927 3910 3266 3983 Itypostatice
3295 3909 3561 3963 exsistere

1978 4023 2225 4083 Patrem,
2261 4033 2388 4071 vere
2447 4015 2613 4068 etiam
2678 4020 2841 4080 atque
2887 4004 3225 4079 ltypostatice
3289 3999 3558 4056 exsistere

1981 4112 2193 4165 Filium.
2212 4102 2655 4162 manifestissime
2683 4098 2954 4155 ostendat.

2556 4364 2718 4433 ιιο
2754 4358 2980 4415 ALIUD.

2052 4463 2212 4516 Pater
2234 4471 2286 4515 et
2317 4458 2487 4514 Filius
2521 4473 2685 4510 unum
2716 4453 2936 4523 quidem
2969 4458 3096 4505 sunt
3141 4446 3435 4504 secundum
3472 4462 3568 4500 na-

295 4560 353 4613 δὲ
393 4562 450 4613 ἐν
475 4557 714 4629 ἀριθμῷ,
741 4559 837 4626 οὐχ
866 4555 941 4618 ὡς
981 4555 1111 4617 ἑνός
1135 4571 1280 4613 τινος
1314 4554 1392 4616 εἰς
1419 4552 1511 4605 δύο
1534 4551 1866 4619 καταδιαιρε·

1988 4564 2185 4615 turam,
2227 4552 2335 4606 duo
2377 4564 2505 4604 vero
2553 4563 2811 4613 numero;
2864 4558 3037 4612 neque
3081 4542 3155 4596 ita
3202 4556 3265 4595 ac
3303 4540 3349 4594 si
3399 4554 3565 4592 unum

298 4654 486 4716 θέντος
523 4652 686 4723 μέρη,
725 4650 799 4712 ὼς
838 4644 977 4701 εἶναι
1008 4644 1194 4700 λοιπον
1226 4648 1323 4715 τῆς
1355 4645 1489 4715 πρὸς
1524 4641 1728 4711 ἄλληλα
1771 4658 1882 4694 κοι-

301 4745 495 4807 νωνίας
536 4761 593 4796 τε
624 4744 725 4795 καὶ
771 4741 1006 4812 σχέσεως
1048 4736 1328 4807 ἀμέτοχα,
1370 4735 1492 4788 οὔτε
1538 4733 1644 4805 μὴν
1677 4732 1883 4796 ὼςςτοῦ

302 4836 468 4890 αὐτοῦ
508 4836 600 4888 καὶ
631 4834 748 4896 ἑνὸς
774 4834 970 4895 διττοίς
1003 4830 1265 4899 ὀνόμασιν
1297 4825 1769 4896 ἀποκαλουμένου,
1796 4823 1882 4876 ἵνα

303 4932 360 4982 ὲν
398 4928 532 4999 μόνῃ
565 4926 904 4998 προσηγορίᾳ
934 4924 1189 4993 φαίνηται
1214 4921 1315 4988 τῆς
1347 4917 1535 4981 δυάδος
1564 4919 1597 4987 ἡ
1629 4915 1883 4984 δύναμις*

302 5021 425 5074 οὐδὲ
462 5020 538 5081 ὡς
576 5017 671 5071 τοῦ
699 5015 866 5071 αὐτοῦ
912 5016 1041 5068 ποτὲ
1086 5015 1183 5084 μὲν
1228 5010 1460 5081 Πατρός,
1495 5008 1625 5061 ποτὲ
1666 5007 1721 5060 δὲ
1754 5004 1886 5058 Υἱοῦ

304 5111 619 5181 λεγομένου,
656 5109 817 5162 τοῦτο
850 5108 953 5177 γὰρ
987 5103 1278 5159 Σαϐελλίου
1304 5102 1365 5155 τὸ
1394 5102 1593 5171 δόγμα.
1634 5098 1750 5153 ἀλλ’
1780 5098 1887 5150 εἰσὶ

310 5205 407 5272 μὲν
436 5201 654 5272 ἀριθμῷ
682 5200 802 5252 δύὀ’
834 5199 949 5251 ἔστι
981 5198 1089 5266 γὰρ
1115 5197 1144 5249 6
1186 5193 1374 5265 Πατὴρ
1411 5192 1499 5245 ἀεὶ
1529 5190 1738 5260 Πατὴρ,
1766 5188 1888 5241 οὐδέ

308 5312 441 5348 ποτε
487 5295 567 5357 εἰς
614 5292 741 5345 Υίδν
800 5288 1292 5360 μεταποιούμενος·
1333 5286 1426 5338 καὶ
1465 5283 1647 5346 πάλιν,
1694 5284 1723 5334 6
1764 5280 1889 5343 Υἱὸς

307 5388 563 5440 οὐδέποτε
593 5387 672 5447 εἰς
702 5383 923 5453 Πατέρα
960 5379 1445 5452 μεταϐαλλόμενος.
1475 5374 1715 5429 Οὖτωιδὲ
1739 5373 1891 5435 ὄντος

309 5480 405 5534 τοῦ
438 5479 781 5550 πράγματος,
809 5477 902 5529 καὶ
932 5476 994 5528 ὲν
1016 5472 1166 5527 δυάδι
1196 5472 1454 5540 κειμένου
1505 5466 1600 5519 τοῦ
1634 5463 1892 5535 ἀριθμοῦ,

314 5574 413 5643 μέα
443 5571 605 5641 φύσις
647 5568 976 5638 ἀμφοτέροις
1012 5565 1107 5618 καὶ
1151 5564 1185 5632 ὴ
1224 5560 1369 5630 αὐτὴ
1403 5558 1623 5626 θεότης,
1660 5555 1896 5617 ἐοικότος

313 5669 401 5721 ἀεὶ
433 5673 529 5720 τοῦ
559 5646 896 5734 γεννήματος
925 5659 1003 5728 τῷ
1036 5654 1388 5726 γεγεννηκότι
1427 5650 1693 5719 φυσικῶς.
1723 5645 1898 5700 Είκὼν

314 5762 424 5830 γᾴρ
455 5760 590 5823 ἐστι,
625 5757 718 5810 καὶ
745 5753 1101 5821 ἀπαύγασμα,
1135 5748 1226 5800 καὶ
1253 5743 1647 5815 χαρακτὴρτῆς
1668 5740 1899 5795 ὑποστά-

1993 4644 2204 4714 aliquod
2230 4644 2281 4696 in
2314 4642 2447 4694 duas
2477 4649 2660 4708 partes
2681 4639 3030 4699 divideretur,
3061 4644 3119 4686 ut
3149 4648 3177 4686 a
3207 4639 3395 4685 mutua
3427 4631 3570 4685 inter

1986 4754 2044 4793 se
2114 4735 2373 4790 societate
2437 4731 2862 4800 ltabitndineque
2922 4728 3314 4797 sejunganlur,
3395 4737 3570 4788 neque

1988 4843 2178 4883 rursus
2209 4827 2278 4879 ita
2313 4836 2370 4879 ut
2403 4839 2566 4879 unum
2605 4832 2769 4889 atque
2815 4821 2957 4875 idem
3001 4818 3213 4873 duobus
3261 4813 3571 4869 nominibus

1989 4931 2231 4983 vocetur,
2266 4928 2321 4972 ut
2348 4919 2398 4971 in
2434 4933 2537 4970 una
2571 4912 2931 4983 appellatione
2957 4908 3235 4964 dualitatis
3272 4907 3445 4958 virtus
3474 4919 3572 4969 ap-

1990 5020 2206 5077 pareat;
2263 5022 2437 5076 ueque
2469 5005 2700 5058 nt.idem
2735 5000 3029 5069 aliquando
3055 4996 3234 5057 Pater,
3278 4993 3571 5059 aliquando

1996 5100 2417 5157 Filinsdicatur,
2459 5097 2563 5149 hoc
2592 5094 2734 5146 enim
2786 5089 3003 5145 Sabellii
3033 5088 3222 5156 dogma
3249 5094 3352 5141 est.
3377 5082 3470 5135 sed
3513 5092 3572 5135 ιιι

1996 5195 2102 5244 sint
2127 5191 2229 5240 duo
2252 5202 2476 5239 numero
2505 5205 2517 5239 :
2542 5199 2664 5238 nam
2699 5181 2857 5235 Pater
2878 5191 3088 5244 semper
3112 5186 3189 5227 est
3220 5171 3402 5235 Pater,
3438 5189 3574 5224 nuu-

1998 5295 2159 5347 qnam
2190 5278 2241 5331 in
2276 5276 2464 5329 Filium
2499 5281 2735 5326 mutatus
2766 5288 2779 5323 :
2811 5278 2864 5323 et
2912 5266 3077 5320 Filius
3109 5278 3323 5333 semper
3351 5272 3431 5315 est
3480 5261 3571 5315 Fi-

2001 5372 2422 5436 lius,ntntqnam
2457 5365 2509 5418 in
2553 5363 2768 5417 Patrem
2811 5368 3070 5414 mutatus.
3110 5356 3353 5425 Cumque
3397 5354 3468 5406 ita
3515 5368 3576 5406 se

1996 5478 2083 5516 res
2115 5460 2330 5523 habeat,
2359 5468 2414 5511 et
2441 5457 2510 5509 sit
2547 5468 2770 5509 numero
2802 5450 3035 5507 dualitas
3062 5461 3435 5517 personarmn,
3467 5459 3585 5497 una

1996 5551 2212 5620 utrique
2253 5557 2338 5602 est
2381 5555 2592 5611 natura,
2624 5545 2921 5612 eademque
2960 5538 3134 5594 deitas
3159 5576 3174 5601 ,
3229 5550 3352 5590 cum
3406 5533 3576 5588 Filius

1998 5657 2212 5712 stentper
2248 5640 2316 5695 sit
2360 5638 2556 5695 similis
2584 5635 2633 5691 ei
2677 5633 2765 5703 qui
2822 5629 3144 5686 naturaliter
3201 5640 3322 5680 eum
3367 5619 3572 5692 genuit.

2001 5738 2091 5793 Est
2135 5735 2279 5790 enim
2313 5732 2512 5802 imago,
2554 5739 2612 5784 ct
2657 5725 2925 5798 Splendor,
2975 5732 3028 5778 et
3083 5723 3365 5778 character
3408 5716 3605 5784 ltypo--,
