4072 6520
227 399 332 459 183

1641 405 2084 463 THESAURUS.

3381 403 3485 460 186

224 521 285 576 ῑν
324 522 511 593 ἐσμεν,
543 521 665 576 ὅσον
694 523 774 587 εἰς
817 521 1113 593 ὁμοιότητα
1141 521 1234 575 καῖ
1266 521 1666 594 ἀκριϐεστάτην
1702 525 1802 592 ἐμ-

1908 539 2027 579 sum
2062 541 2076 578 :
2108 521 2216 592 Ego
2252 522 2304 576 in
2341 536 2483 592 rcgc,
2516 523 2568 574 et
2601 535 2690 574 rex
2728 520 2779 575 in
2813 536 2918 584 me,
2942 523 3103 591 juxta
3148 521 3335 576 formae
3365 537 3485 591 spe-

224 613 470 686 φὲρειαν,
500 614 595 666 καὶ
629 614 822 668 πάλιν
863 613 1004 682 Ἐγὼ
1037 616 1095 667 ὲν
1127 611 1205 682 τῷ
1239 612 1468 683 βασιλεῖ,
1509 613 1604 668 καὶ
1633 617 1662 668 6
1709 613 1806 683 βα-

225 706 406 770 σιλεὺς
429 707 490 759 ὲν
512 707 661 777 ἐμοὶ,
697 706 836 760 κατὰ
875 705 936 758 τὸ
973 709 1072 777 τῆς
1105 706 1319 777 μορφῆς
1356 707 1540 777 σχῆμα
1581 706 1662 773 (τὸ
1699 707 1809 778 γὰρ

222 793 363 862 εἶδος
391 797 452 852 τὸ
485 798 696 852 ἐκείνου
730 798 946 860 πάντως
979 801 1136 868 φορεῖ
1174 799 1205 868 ὴ
1245 797 1455 869 γραφὴ,
1486 797 1581 850 καὶ
1611 795 1674 849 τὸ
1710 797 1809 866 τῆς

221 889 440 959 γραφῆς
483 884 622 951 εἶδος
670 889 731 941 ὲν
771 887 965 958 ἐκείνῳ
1017 889 1234 952 πάντως
1286 885 1589 950 σώζεται)’
1637 885 1808 948 οὕτως

220 979 341 1033 ἐστὶ
379 980 472 1033 καὶ
513 981 541 1033 6
572 981 700 1043 Υἱὸς
730 979 937 1048 λέγων·
975 999 993 1032 ι
1033 979 1091 1032 '0
1134 977 1394 1050 ἑωρακὼς
1441 979 1560 1049 ἐμὲ,
1596 977 1807 1049 ἑώρακε

219 1069 312 1122 τὸν
347 1071 582 1140 Πατέρα.
616 1069 786 1139 Κάγὼ
817 1071 913 1123 καί
953 1071 982 1123 6
1024 1071 1214 1140 Πατὴρ
1259 1071 1317 1122 ἓν
1347 1073 1534 1140 ἐσμεν.
1575 1067 1719 1138 Ἐγὼ
1749 1070 1808 1120 ἐν

217 1160 297 1231 τῷ
329 1164 526 1232 Πατρὶ,
565 1164 658 1216 καὶ
694 1163 723 1214 6
752 1162 942 1234 Πατὴρ
968 1163 1024 1216 ὲν
1057 1161 1198 1232 ἐμοί.
1229 1181 1247 1212 ›
1283 1162 1357 1214 Τὸ
1393 1161 1504 1232 γὰρ
1541 1160 1670 1214 ἴδιον
1706 1163 1808 1231 τῆς

216 1251 311 1305 τοῦ
352 1253 564 1324 Πατρὸς
605 1253 792 1317 οὐσίας
832 1254 1268 1326 ἀπαραλλάκτως
1309 1253 1446 1323 ἔχων
1480 1255 1509 1306 6
1541 1253 1688 1318 Υἱὸς,
1725 1254 1804 1305 εί-

220 1341 333 1397 κών
374 1344 490 1396 ἐστι
522 1343 618 1397 τοῦ
649 1346 863 1416 Πατρὸς
904 1345 1156 1416 ἀκριϐὴς,
1188 1346 1282 1399 καὶ
1315 1344 1499 1416 μορφὴ
1544 1343 1640 1398 τοῦ
1682 1359 1807 1413 γεν-

220 1435 512 1504 νήσαντος,
558 1435 677 1488 ὅλον
715 1438 774 1490 ἐν
825 1438 992 1507 ἑαυτῇ
1043 1437 1365 1490 δεικνύουσα
1414 1436 1505 1489 τὸν
1551 1420 1808 1506 γεγεννη-

219 1522 372 1578 κότα.
417 1523 574 1578 Οὕτω
625 1527 732 1598 γὰρ
775 1529 988 1598 νοήσεις
1035 1527 1130 1581 καὶ
1169 1526 1231 1579 τὸ
1271 1526 1424 1598 παρᾶ
1480 1526 1557 1599 τῷ
1608 1526 1806 1598 Παύλῳ

219 1615 506 1685 κείμενον·
546 1636 564 1668 ι
595 1618 690 1680 Ὃς
734 1619 791 1670 ὲν
839 1621 1020 1689 μορφῇ
1062 1617 1196 1670 Θεοῦ
1243 1618 1524 1688 ὑπάρχων,
1571 1618 1669 1687 οὐχ
1709 1619 1807 1690 ἀρ-

216 1705 439 1777 παγμὸν
463 1709 711 1778 ἡγήσατο
739 1709 798 1761 τὸ
827 1705 966 1762 εἶναι
993 1709 1082 1762 ίσα
1105 1709 1245 1778 Θεῷ.
1269 1729 1286 1758 ι
1321 1710 1464 1772 "leo;
1502 1710 1612 1781 γὰρ
1630 1705 1698 1781 ἦν
1727 1708 1805 1780 τῷ

213 1794 338 1868 Θεῷ
378 1796 497 1860 ὅλος
536 1795 613 1850 ὢν
649 1799 808 1863 Θεὸς,
850 1799 1041 1871 ὥσπερ
1079 1801 1174 1854 κού⁸
1199 1803 1227 1853 6
1259 1801 1485 1871 Πατήρ·
1516 1799 1690 1864 οὕτως
1735 1795 1804 1870 ἦν

1911 615 2047 669 ciem
2100 617 2258 685 (nam
2307 615 2448 668 illius
2493 613 2718 668 formam
2770 612 2961 667 tabella
3009 613 3164 683 plane
3215 613 3402 678 refert,
3434 625 3486 668 et

1911 707 2084 762 forma
2114 706 2325 761 tabella'
2349 707 2463 760 sive
2486 707 2708 776 picturae
2733 706 2785 759 in
2817 706 2932 774 ipso
2957 706 3120 758 etiam
3143 704 3300 776 est);
3335 704 3405 759 ita
3434 717 3482 758 ct

1909 799 2080 854 Filius
2112 799 2245 854 dicit
2285 817 2298 856 :
2338 818 2358 851 ι
2390 798 2492 864 Qui
2539 797 2672 852 vidit
2707 811 2812 857 me.
2847 796 2981 852 vidit
3015 807 3072 850 et
3102 794 3316 850 Patrem
3348 796 3424 862 ἐς
3464 816 3480 847 ι

1909 900 1982 956 et,
2021 911 2039 943 ι
2064 889 2177 962 Ego
2205 900 2256 945 et
2278 889 2440 944 Pater
2471 905 2636 944 tntum
2667 904 2854 944 sumus
2880 887 2952 943 ⁸⁸.
2992 887 3104 957 Ego
3140 889 3193 941 in
3229 888 3410 953 Patre,
3435 899 3488 942 ct

1910 983 2070 1040 Pater
2098 983 2150 1036 in
2190 998 2277 1038 me
2309 982 2377 1036 ³⁷.
2412 1000 2432 1034 ι
2467 979 2637 1038 Filius
2662 980 2807 1034 enin:
2855 980 3061 1034 habens
3096 980 3484 1049 proprietatem

1909 1075 2164 1131 essentia:
2186 1073 2363 1132 Patris
2385 1073 2520 1127 citra
2545 1072 2706 1126 ullam
2740 1071 3119 1135 diﬂerentiaut,
3141 1079 3224 1126 est
3250 1068 3486 1140 perfecta

1911 1169 2089 1237 imago
2122 1167 2296 1224 Patris
2335 1173 2390 1221 et
2432 1164 2607 1224 forma
2642 1163 2925 1235 genitoris,
2956 1171 3123 1218 totum
3159 1163 3215 1216 in
3245 1175 3304 1215 se
3336 1161 3487 1230 geni—

1913 1269 2081 1314 torem
2135 1257 2379 1316 referens
2438 1264 2601 1327 atque
2650 1258 2981 1325 exprimens.
3017 1253 3093 1308 lta
3127 1252 3272 1308 enim
3319 1251 3486 1308 etiam

1909 1351 2040 1408 illud
2063 1350 2214 1406 Pauli
2238 1349 2507 1422 intelliges
2533 1364 2550 1405 :
2581 1367 2600 1400 ι
2627 1347 2872 1416 Quicum
2901 1355 3046 1403 esset
3075 1347 3128 1400 in
3161 1344 3334 1400 forma
3367 1342 3484 1408 Dei,

1908 1458 2016 1498 non
2048 1443 2292 1512 rapinam
2317 1441 2612 1496 arbitratus
2632 1447 2715 1496 est
2738 1452 2798 1496 se
2817 1453 2940 1496 esse
2961 1437 3219 1506 aequalem
3241 1437 3350 1492 Deo
3373 1436 3440 1489 “.
3461 1455 3480 1488 ι

1907 1535 2154 1605 λΕιιιιιιιίε
2186 1535 2332 1590 enim
2372 1543 2492 1588 erat
2527 1532 2636 1586 Deo
2663 1540 2811 1585 totus
2850 1529 3120 1584 exsisteus
3151 1527 3314 1591 Deus,
3346 1525 3487 1580 sicut

1906 1638 1960 1685 et
1988 1627 2193 1682 Pater:
2230 1627 2303 1681 ita
2347 1635 2466 1681 erat
2517 1624 2570 1680 in
2603 1623 2820 1680 Christo
2869 1621 3126 1676 mundum
3163 1619 3263 1674 sibi
3301 1617 3487 1672 conci-

1906 1720 2048 1778 lians
2075 1719 2215 1776 Deus
2247 1735 2262 1774 :
2296 1719 2368 1774 ita
2401 1731 2742 1786 quaecunque
2786 1724 3044 1786 Operatur
3077 1711 3267 1776 Filius,
3309 1708 3488 1766 Patris

1907 1827 2071 1885 Opera
2100 1820 2246 1868 sunt.
2284 1811 2417 1865 Cum
2448 1809 2591 1863 enim
2622 1808 2763 1861 nulla
2798 1808 2938 1864 inter
2971 1821 3064 1860 eos
3089 1807 3160 1860 sit
3186 1805 3488 1860 dill‘erentia

213 1890 275 1942 ὲν
306 1890 528 1961 Χριστῷ
563 1892 770 1963 κόσμον
814 1893 992 1964 ἐαυτῷ
1026 1893 1412 1946 καταλλάττων
1453 1895 1481 1947 6
1513 1892 1647 1956 Θεός
1668 1909 1681 1923 ν
1715 1891 1803 1945 οὓ-

1910 1913 2169 1977 quantum
2200 1905 2264 1958 ad
2292 1903 2544 1957 deitatem
2575 1910 2630 1955 et
2670 1909 2942 1965 naturam,
2975 1899 3110 1954 nihil
3148 1898 3329 1954 obstat
3353 1913 3488 1970 quo-

210 1996 323 2043 τως
345 1980 489 2051 ἅπερ
519 1983 813 2052 ἐργάζεται
843 1985 871 2037 6
901 1984 1049 2050 Υἱὸς,
1075 1983 1171 2037 τοῦ
1207 1984 1422 2056 Πατρός
1451 1985 1597 2038 ἐστιν
1643 1983 1800 2054 ἔργα.

212 2070 484 2142 Οὐδεμιᾶς
518 2075 625 2144 γὰρ
652 2075 711 2127 ὲν
736 2076 922 2139 αὐτοῖς
946 2075 1112 2146 οὑσης
1141 2077 1406 2147 διαφορᾶς
1428 2077 1552 2129 ὅσον
1575 2077 1654 2139 είς
1689 2075 1805 2128 θεό-

209 2177 352 2232 τητα
389 2165 484 2217 καὶ
516 2164 700 2234 φύσιν,
744 2166 805 2219 τὸ
834 2167 1046 2220 κωλῦον
1086 2169 1239 2222 οὐδὲν
1282 2169 1416 2241 ἔργα
1456 2168 1550 2222 τοῦ
1588 2167 1804 2239 Πατρὸς

209 2250 466 2322 λέγεσθαι
490 2255 560 2310 τὰ
585 2257 680 2310 τοῦ
713 2257 868 2325 Υἱοῢ,
896 2260 992 2312 καὶ
1023 2259 1084 2312 τὸ
1118 2260 1516 2330 ἀντικείμενον.

909 2372 1113 2425 AAAO.

286 2479 350 2534 Ei
383 2481 554 2536 πάντα
581 2482 682 2536 ὅσα
711 2483 998 2556 πρόσεστιν
1024 2483 1276 2554 ἐξαίρετα
1300 2482 1375 2552 τῷ
1410 2482 1606 2553 “arpi,
1629 2481 1804 2536 ταῦτα

212 2574 486 2643 προσόντα
518 2577 610 2628 καὶ
641 2574 720 2646 τῷ
763 2575 875 2646 Υἱῴ
906 2576 1185 2644 φαίνεται,
1230 2576 1290 2628 οὐ
1325 2574 1469 2628 κατὰ
1497 2574 1655 2644 χάριν
1685 2577 1803 2626 ἐπι-

211 2665 498 2731 γεγονότα,
526 2665 646 2718 οὐδὲ
683 2665 827 2718 κατά
870 2684 994 2718 τινα
1035 2667 1290 2736 μετοχὴν,
1335 2664 1472 2718 ἀλλὰ
1522 2664 1799 2733 φυσικῶς,

209 2749 401 2822 ὥσπερ
434 2754 527 2805 καὶ
564 2753 642 2821 τῷ
680 2755 1064 2827 γεγεννηκότι,
1098 2758 1192 2808 καὶ
1233 2755 1292 2807 τὸ
1337 2754 1671 2824 μεσολαδοῦν
1711 2755 1801 2807 οὐ·

207 2840 317 2908 δὲν,
356 2843 388 2913 ἢ
419 2844 480 2896 τὸ
512 2844 736 2916 μερίζον
775 2849 854 2909 είς
881 2847 1264 2916 ἀνομοιότητα,
1305 2846 1466 2915 δῆλον
1494 2846 1560 2900 ἂν
1590 2846 1673 2913 εἴη
1707 2845 1800 2898 καὶ

211 2930 376 2984 παντί
397 2949 474 3002 τῳ
505 2933 694 3001 σαφὲς,
718 2935 910 3005 ὅτιπερ
931 2935 1062 2988 αὐτὸ
1091 2936 1188 3004 τῆς
1217 2935 1492 3004 πατρικῆς
1520 2934 1709 2996 οὐσίας
1739 2933 1800 2988 τὸ

211 3024 345 3080 ἴδιον
374 3025 635 3096 ὑπάρχων
664 3027 693 3078 6
726 3025 874 3091 Υἱὸς,
913 3027 1032 3079 ὅλον
1059 3028 1118 3078 ὲν
1148 3025 1327 3096 ἑαυτῷ
1361 3029 1520 3096 φορεῖ
1544 3026 1638 3078 τὸν
1680 3028 1796 3078 Πα-

207 3117 372 3184 τέραο
401 3117 496 3168 καὶ
528 3116 648 3179 ὅλος
688 3117 837 3169 ἐστὶν
883 3118 941 3169 ὲν
975 3117 1151 3188 Πατρ)⁵
1180 3116 1318 3169 κατὰ
1361 3117 1460 3184 τὴν
1492 3115 1796 3184 ταυτότητα

204 3209 309 3280 τῆς
346 3207 535 3270 οὐσίας
553 3197 570 3236 ·’
615 3207 710 3261 καὶ
735 3207 824 3262 διά
860 3225 940 3261 τοι
966 3207 1126 3260 τοῦτο
1151 3207 1330 3270 καλῶς
1356 3223 1418 3260 τε
1445 3205 1538 3259 καὶ
1575 3204 1798 3258 ἀκολού-

1911 1997 2091 2051 minus
2133 2009 2295 2068 opera
2327 1991 2454 2052 Filii
2486 1991 2738 2050 dicantur
2768 2004 2930 2060 opera
2969 1988 3167 2059 Patris,
3204 1997 3258 2045 et
3289 2003 3320 2043 e
3359 2001 3490 2043 con-

1907 2090 2074 2149 trario

2578 2379 2816 2450 ALIUD.

1977 2494 2037 2548 Si
2091 2507 2427 2563 qttmcuuque
2474 2493 2674 2547 eximia
2704 2501 2827 2546 sunt
2862 2491 2916 2544 in
2967 2489 3153 2554 Patre,
3179 2504 3242 2544 ea
3269 2498 3326 2543 et
3353 2487 3491 2543 Filio

1904 2583 2098 2640 adesse
2127 2592 2554 2652 cognoscuntur,
2590 2597 2693 2637 non
2727 2597 2822 2650 per
2868 2581 3100 2648 gratiam
3137 2577 3346 2646 adjecta
3395 2585 3488 2633 aut

1904 2689 2000 2742 per
2025 2672 2522 2741 participationem,
2552 2671 2645 2724 sed
2681 2669 3019 2732 naturaliter,
3058 2667 3199 2723 sicut
3231 2675 3288 2720 et
3321 2665 3489 2728 Patri,

1903 2765 2221 2832 nullumque
2249 2763 2472 2816 omnino
2497 2771 2579 2816 est
2604 2761 2922 2824 discrimen,
2957 2767 3050 2812 aut
3075 2756 3489 2819 dissimilitudo;

1904 2854 2252 2914 manifestum
2289 2855 2451 2908 etiam
2484 2853 2657 2907 cuivis
2702 2852 2865 2905 fuerit
2892 2854 3036 2921 quod
3071 2850 3241 2905 Filius
3267 2865 3390 2905 cum
3421 2849 3494 2905 sit

1903 2949 2134 3016 ipsatnet
2159 2947 2462 3015 proprietas
2492 2945 2742 3000 essentia:
2768 2943 2970 3009 Patris,
3011 2951 3180 2997 totum
3212 2941 3265 2994 in
3305 2955 3364 2996 sc
3394 2939 3494 2992 Pa-

1905 3045 2040 3094 trem
2074 3043 2280 3102 gestat,
2312 3045 2368 3089 et
2397 3043 2543 3089 totus
2569 3042 2654 3088 est
2691 3035 2742 3087 in
2774 3032 2933 3089 Patre
2956 3032 3253 3087 sectmdum
3295 3029 3493 3084 identi-

1903 3134 2068 3181 tatem
2102 3125 2374 3180 essentne.
2415 3126 2573 3194 112
2629 3124 2794 3180 Recte
2832 3124 2995 3191 igitur
3032 3133 3087 3176 et
3112 3121 3497 3178 convenienter

1907 3218 2040 3273 dicit
2068 3235 2083 3272 :
2126 3237 2144 3272 ι
2172 3217 2282 3285 Ego
2315 3219 2368 3272 itt
2422 3217 2602 3279 Patre,
2637 3225 2692 3272 et
2725 3215 2884 3270 Pater
2930 3216 2982 3268 in
3016 3230 3136 3280 me;
3171 3234 3190 3265 ι
3221 3224 3296 3277 et,
3335 3230 3354 3266 t
3387 3213 3498 3282 Ego

207 3297 318 3364 Θως
339 3299 482 3371 ἐρεῖ·
515 3317 532 3350 ι
558 3298 696 3367 Ἐγὼ
727 3301 783 3352 ὲν
810 3296 888 3368 τῷ
915 3299 1112 3368 Πατρι,
1138 3299 1232 3351 καὶ
1257 3300 1285 3350 6
1313 3297 1502 3368 Πατὴρ
1527 3299 1582 3349 ἐν
1606 3296 1746 3367 ἐμοί.
1777 3316 1796 3348 ι

1909 3319 1965 3364 et
1994 3309 2156 3364 Pater
2180 3281 2344 3363 unum
2373 3323 2582 3362 sumus.
2626 3325 2646 3359 ι
2679 3306 2812 3372 Quia
2859 3309 3004 3360 enim
3044 3305 3179 3360 nihil
3219 3305 3272 3358 in
3301 3319 3370 3360 eo
3400 3281 3498 3360 de-

205 3393 344 3454 Καὶ,
381 3411 398 3443 ι
438 3390 580 3460 Ἐγὼ
635 3391 731 3445 καὶ
773 3393 802 3444 6
840 3390 1030 3461 Πατὴρ
1059 3390 1120 3443 ἓν
1154 3390 1341 3459 ἐσμεν.
1375 3408 1393 3439 ι
1432 3387 1529 3440 Διὰ
1567 3387 1677 3458 γὰρ
1709 3387 1802 3440 τοῦ

209 3484 378 3557 μηδὲν
403 3484 551 3554 αὐτῴ
584 3482 1013 3554 παραλελεῖφθαι
1037 3482 1148 3536 τῶν
1173 3483 1273 3535 ὅσα
1303 3480 1560 3550 πρόσεστι
1584 3478 1663 3548 τῷ
1694 3479 1805 3532 Πα-

205 3577 322 3648 τρὶ,
349 3575 588 3639 τοιοῦτος
625 3574 779 3628 ἔσται
818 3574 1036 3638 πάντως
1065 3575 1247 3637 ὁποῖος
1290 3572 1358 3626 ἂν
1384 3572 1469 3642 είη
1499 3571 1592 3626 καὶ
1619 3572 1647 3626 6
1681 3586 1804 3640 γεν-

210 3669 382 3741 νήσας
413 3669 598 3722 αὐτόν.

905 3779 1111 3836 ΑΔΛΟ.

283 3893 470 3967 Πατὴρ
506 3895 748 3948 καλεῖται
777 3892 930 3955 Θεὸς,
964 3890 1457 3962 συνεισφερομένης
1493 3888 1643 3958 αὑτῷ
1675 3887 1806 3944 πάν-

208 4000 320 4048 τως
346 3987 446 4056 τῆς
472 3985 759 4056 ὑπάρξεως
794 3982 887 4036 τοῦ
921 3982 1052 4037 Υίοῦ
1073 4000 1085 4013 ’
1117 3984 1178 4036 οὐ
1213 3983 1323 4053 γὰρ
1355 3981 1421 4035 ἂν
1466 3983 1552 4051 εἴη
1587 3981 1800 4050 Πατὴρ,

209 4074 310 4129 οὐκ
333 4074 470 4144 ἔχων
498 4075 589 4128 τὸν
615 4073 676 4139 ἐξ
709 4072 902 4127 ἑαυτοῦ
930 4072 1259 4143 προελθόντα
1283 4073 1475 4140 Λόγον.
1504 4072 1610 4124 Καὶ
1642 4069 1803 4124 πάλιν

210 4165 246 4237 ἡ
274 4164 370 4217 τοῦ
409 4163 538 4218 Υἱοὺ
589 4164 932 4236 προσηγορία
977 4164 1290 4231 συνεισάγει
1324 4163 1540 4224 πάντως
1569 4161 1668 4232 τὴν
1702 4159 1799 4213 τοῦ

211 4256 426 4326 Πατρὸς
458 4255 712 4328 ὕπαρξιν.
743 4257 913 4312 Τοῦτο
952 4257 1062 4328 γὰρ
1103 4255 1179 4318 ὡς
1213 4260 1347 4325 πρὸς
1381 4255 1558 4307 ἐκεῖνο
1601 4254 1802 4324 σημαί-

209 4365 382 4404 νεται.
409 4349 470 4402 Εἰ
502 4350 678 4405 τοίνυν
709 4350 1020 4419 ἀναγκαίως
1047 4348 1274 4418 Θάτερόν
1306 4348 1453 4398 ἐστιν
1481 4347 1538 4398 ὲν
1567 4345 1799 4416 θατέρῳ,

210 4441 307 4496 καὶ
337 4439 528 4511 Πατὴρ
559 4442 657 4510 μὲν
692 4442 1016 4512 σημαίνεται
1053 4440 1192 4512 μετὰ
1227 4439 1324 4494 τοῦ
1360 4438 1491 4491 ἰδίου
1530 4438 1804 4508 γεννήμα-

207 4545 334 4592 τοςο
367 4529 493 4593 Υἱὸς
540 4531 599 4584 δὲ
645 4531 864 4594 πάντως
899 4530 1040 4602 μετὰ
1069 4529 1166 4583 τοῦ
1200 4529 1565 4599 γεννήσαντος
1613 4527 1796 4592 αὐτὸν,

1907 3401 2178 3458 sideratur
2199 3415 2391 3455 eorum
2423 3414 2542 3469 qua:
2580 3397 2726 3452 Patri
2763 3398 2967 3463 insunt,
3001 3397 3126 3453 talis
3158 3397 3382 3453 omnino
3413 3403 3497 3450 est

1905 3492 2082 3564 qualis
2113 3501 2196 3548 est
2227 3491 2272 3547 is
2299 3492 2392 3546 cui
2419 3506 2542 3547 eum
2573 3490 2780 3560 genuit.

2592 3768 2820 3825 ALIUD.

1979 3887 2139 3942 Pater
2170 3894 2396 3940 vocatur
2431 3883 2594 3946 Deus,
2641 3883 2912 3937 intellecta
2947 3881 3110 3936 simul
3141 3895 3264 3936 cum
3302 3893 3370 3934 eo
3398 3893 3496 3932 ex-

1906 3980 2153 4036 sisteutia
2186 3977 2327 4039 Filii.
2367 3992 2539 4047 ueqte
2566 3976 2707 4033 enim
2743 3984 2886 4029 esset
2918 3974 3099 4036 Pater,
3135 3988 3241 4028 non
3289 3971 3496 4028 habens

1908 4073 2146 4127 Verbum
2195 4086 2261 4128 ex
2314 4085 2372 4124 se
2421 4068 2739 4137 procedens.
2792 4065 2858 4120 Et
2911 4066 3152 4120 vicissim
3204 4062 3496 4133 appellatio

1907 4161 2027 4220 Filii
2071 4160 2380 4216 necessario
2412 4160 2576 4213 etiam
2627 4157 2820 4212 statuit
2865 4155 3244 4212 exsisteutiam
3292 4152 3491 4208 Patris.

1909 4253 2024 4310 Hoc
2052 4254 2196 4309 enim
2228 4261 2474 4320 respectu
2514 4252 2654 4306 illius
2683 4250 2901 4304 dicitur.
2934 4248 2990 4301 Si
3021 4262 3151 4316 ergo
3181 4244 3495 4302 necessario

1907 4348 2140 4403 alterum
2171 4355 2256 4402 est
2287 4345 2339 4399 iu
2381 4345 2574 4407 altero,
2620 4353 2674 4397 et
2715 4341 2874 4395 Pater
2903 4340 3119 4408 quidem
3154 4337 3494 4408 signiﬁcatur

1910 4453 2034 4494 cum
2076 4437 2296 4506 proprio
2335 4453 2433 4493 suo
2477 4434 2640 4499 Filio,
2679 4445 2732 4487 et
2771 4432 2938 4487 Filius
2983 4446 3106 4486 cum
3156 4443 3258 4483 suo
3309 4427 3492 4489 Patre.

1910 4547 2036 4586 vere
2077 4530 2320 4601 profecto
2367 4531 2501 4585 dicit
2549 4546 2563 4582 :
2608 4547 2627 4580 ι
2666 4528 2777 4597 Ego
2818 4527 2870 4582 iu
2917 4525 3097 4590 Patre,
3141 4532 3196 4578 et
3233 4521 3395 4576 Pater
3437 4520 3492 4576 iti

209 4617 640 4690 προσαληθεύει,
690 4619 895 4690 λέγων’
930 4640 949 4672 ι
994 4618 1134 4689 Ἐγὼ
1167 4621 1225 4676 ὲν
1273 4617 1349 4689 τῷ
1387 4617 1599 4689 Πατρὶ,
1637 4618 1733 4672 καὶ
1772 4619 1801 4672 6
1829 4618 1879 4678 υ
1907 4639 2014 4680 me.
2047 4642 2068 4676 ι

210 4709 404 4780 Πατὴρ
430 4711 488 4762 ἐν
520 4710 664 4782 ἐμοί.
694 4731 714 4762 ι

904 4822 1110 4877 ΑΛΛΟ.

283 4935 346 4987 Εἰ
383 4935 491 4998 πᾶς
530 4935 558 4988 6
592 4937 861 4991 πιστεύων
903 4939 984 5002 είς
1020 4936 1112 4990 τὸν
1147 4936 1294 5001 Υἱὸν,
1331 4938 1411 5001 είς
1445 4936 1536 4990 τὸν
1584 4935 1804 5009 Πατέρα

213 5025 489 5088 πιστεύει,
523 5027 618 5080 καὶ
657 5029 685 5079 6
717 5029 895 5098 τιμῶν
927 5029 1018 5082 τὸν
1057 5029 1208 5093 Υίὸν,
1239 5031 1374 5101 τιμᾷ
1411 5029 1503 5083 τὸν
1552 5029 1801 5100 Πατέρα,

211 5117 306 5168 καὶ⁸
349 5118 532 5181 πάλιν,
570 5121 598 5171 6
636 5121 958 5190 προσκυνῶν
995 5121 1075 5192 τῷ
1123 5123 1335 5191 Πατρὶ,
1385 5123 1683 5192 προσκυνεῖ
1725 5117 1804 5190 τῷ

213 5208 348 5279 Υἱῷ,
381 5209 499 5274 πῶς
528 5211 626 5282 οὐχ
649 5207 802 5274 οὗτος
822 5215 880 5266 ὲν
903 5213 1118 5284 ἐκείνῳ,
1151 5214 1399 5277 κάκεῖνος
1428 5214 1503 5265 ὢν
1537 5215 1594 5267 ἐν
1626 5211 1800 5282 τούτῳ

210 5298 558 5370 δειχθήσεται
590 5301 732 5354 κατὰ
769 5303 828 5356 τὸ
863 5303 963 5374 τῆς
1002 5303 1189 5367 οὐςοῖας
1223 5303 1674 5372 ἁπαράλλακτον;
1705 5301 1803 5354 Διὰ

211 5389 325 5462 γὰρ
357 5392 513 5446 τοῦτο
547 5394 640 5447 κα)⁸
677 5395 772 5463 μία
803 5395 1172 5466 προσκύνησις
1203 5398 1235 5467 ἡ
1264 5398 1320 5449 ἐν
1354 5396 1468 5466 Υἱῷ
1508 5395 1602 5448 καὶ
1632 5395 1806 5465 Πατρὶ

150 5487 158 5494 ’
210 5483 470 5552 γινομένη
497 5486 592 5538 σὺν
617 5487 753 5556 ἁγίῳ
785 5487 1083 5558 Πνεύματι,
1115 5489 1209 5541 καὶ
1230 5484 1308 5552 εἷς
1329 5487 1460 5552 Θεὸς
1492 5488 1642 5559 παρὰ
1669 5489 1805 5540 πάν-

209 5591 321 5625 των
346 5575 710 5645 ὁμολογεῖται,
742 5579 835 5632 καὶ
862 5579 1030 5644 ἔστιν,
1060 5580 1134 5644 ὡς
1164 5580 1420 5652 οὐδεμιᾶς
1455 5579 1657 5650 μεταξὺ
1691 5597 1805 5632 κει-

215 5663 384 5734 μένης
413 5666 678 5740 διαφορᾶς
713 5670 925 5742 Πατρός
951 5688 1010 5724 τε
1039 5671 1134 5726 καὶ
1163 5671 1313 5740 Υἰοῦ,
1357 5671 1471 5725 ἀλλ’
1520 5673 1578 5724 ὲν
1609 5671 1803 5724 ταυτό-

289 5823 334 5854 ⁸³
365 5821 518 5877 «Ιινίιη.
546 5839 658 5891 xiv,
694 5825 746 5882 9.
825 5826 873 5857 ⁸⁰
891 5824 1048 5883 Joatt.
1079 5843 1130 5896 κ,
1158 5827 1247 5882 '50.

2577 4821 2808 4877 ALIUD.

1975 4935 2035 4991 Si
2078 4935 2256 4990 omnis
2300 4934 2392 5004 qui
2432 4932 2606 4989 credit
2650 4932 2704 4986 in
2753 4930 2974 4993 Filium,
3019 4927 3187 4983 credit
3230 4924 3393 4979 etiam
3440 4925 3492 4977 iu

1916 5026 2155 5094 Patrem,
2202 5038 2255 5082 ct
2288 5027 2378 5096 qui
2416 5026 2547 5080 colit
2583 5024 2802 5086 Filium,
2855 5023 2986 5075 colit
3035 5030 3087 5074 et
3149 5018 3396 5081 Patrem;
3439 5024 3494 5068 ct

1913 5132 2122 5184 contra,
2152 5119 2242 5188 qui
2277 5119 2463 5171 adorat
2509 5117 2744 5182 Patrem,
2797 5115 2989 5168 adorat
3019 5122 3068 5164 et
3116 5110 3306 5164 Filium
3343 5125 3355 5161 :
3389 5122 3495 5176 quo

1914 5221 2071 5278 pacto
2105 5225 2208 5263 non
2247 5210 2318 5264 sit
2353 5209 2439 5262 hic
2478 5211 2530 5261 in
2562 5209 2671 5267 illo,
2712 5217 2766 5260 ct
2800 5208 2890 5259 ille
2926 5207 2976 5257 in
3022 5203 3143 5265 hoc,
3180 5200 3490 5254 umnimoda

1911 5304 2163 5358 essentia:
2205 5300 2596 5355 similitudine?
2651 5299 2858 5352 Idcirco
2912 5297 3066 5348 unica
3121 5303 3203 5349 est
3247 5294 3493 5347 adoratio

1910 5412 2029 5465 qua:
2059 5392 2197 5447 Filio
2237 5403 2290 5447 et
2318 5391 2461 5446 Patri
2492 5407 2612 5445 cum
2649 5391 2849 5458 Spiritu
2877 5399 3066 5442 sancto
3105 5396 3408 5455 praestatur,
3439 5397 3491 5435 et

1913 5503 2050 5541 unus
2081 5486 2224 5539 Deus
2256 5485 2324 5537 ab
2350 5481 2622 5545 omnibus,
2661 5490 2713 5534 et
2739 5479 3079 5550 praedicatur,
3122 5486 3176 5531 ct
3204 5487 3320 5540 est;
3348 5475 3487 5544 quod

1911 5579 2168 5634 nimirum
2222 5576 2364 5630 nulla
2398 5573 2702 5630 tlill'ercutia
2747 5573 3019 5643 disjuugut
3050 5570 3264 5625 Patrem
3311 5577 3366 5622 et
3401 5567 3489 5622 Fi-

1909 5669 2063 5735 litnu,
2089 5667 2183 5722 sed
2218 5667 2499 5721 itlentitatc
2530 5663 2780 5720 essentia:
2809 5661 3016 5733 prtcditi
3061 5660 3201 5726 sint;
3249 5658 3491 5726 nihilque

1382 5825 1551 5882 ‘loatt.
1588 5843 1695 5893 xw,
1733 5827 1816 5884 ll.
1892 5826 1936 5856 ’"‘
1973 5823 2200 5894 Philipp.
2243 5839 2300 5889 tt,
2334 5823 2384 5877 6.
