4072 6522
613 319 719 377 I87
1608 324 1667 381 S.
1708 326 1976 382 CYRILLI
2017 325 2221 382 ALEM

2308 325 2481 383 DRINI
2520 326 2831 388 ARCHIEP.
3786 329 3916 385 188

600 438 837 493 habeant
885 438 1029 511 quod
1079 453 1111 495 a
1158 441 1391 497 naturali
1453 441 1779 514 proprietate
1833 459 1928 501 eos
1984 443 2208 517 ιθ]ιιιι-,

2302 460 2397 513 τητι
2427 447 2525 515 τῆς
2570 445 2759 509 οὐσίας
2790 444 2960 500 ὄντων
2997 444 3088 498 καὶ
3118 444 3268 499 οὐδὲν
3302 445 3528 516 ἑχόντων
3561 445 3591 498 ὃ
3623 445 3739 516 τῆς
3778 463 3910 514 φυ-

599 540 712 600 gat.
2283 537 2440 606 σικῆς
2472 537 2730 610 ἰδιότητος
2756 538 3048 609 ἀποτέμνει
3076 538 3169 591 τὸν
3198 538 3403 607 ἕτερον.

1276 645 1508 705 ALIUD.
2966 653 3171 705 AAAO.

778 757 979 827 Dogma
1009 758 1169 815 veluti
1199 777 1265 816 ea:
1288 762 1578 832 objectione
1609 767 1994 821 Itwreticorum.
2361 766 2386 813 Δ

2361 761 2578 830 Δόγμα,
2612 760 2693 827 ὡς
2716 760 2784 825 ἐξ
2816 761 3170 827 ἀντιθέσεως
3197 758 3314 813 τῶν
3343 758 3806 829 χριστοιιὰχων.

672 868 855 934 Pater,
887 872 1155 942 inquiunt,
1197 882 1282 929 est
1333 874 1385 929 in
1412 874 1570 939 Filio.
1612 886 1667 931 et
1697 876 1867 932 Filius
1898 879 1951 933 in
1990 878 2173 943 Patre,

2358 874 2418 927 '0
2449 873 2657 946 Πατὴρ,
2693 874 2878 943 φασὶν,
2907 876 2962 931 ὲν
3006 874 3083 947 τῷ
3121 874 3256 944 Υἱῷ,
3285 875 3377 927 καὶ
3414 874 3443 925 ό
3474 873 3602 935 Υἱός
3636 873 3809 924 ἐστιν
3841 874 3886 923 ὲ·

598 960 896 1013 secundant
950 961 1214 1016 habitum.
1247 962 1379 1018 Cum
1407 965 1548 1019 enim
1581 967 1726 1021 nullo
1755 969 1914 1022 modo
1967 969 2176 1024 dissen-

2276 964 2354 1035 τῷ
2390 966 2597 1038 Πατρὶ,
2643 967 2783 1019 κατὰ
2818 967 2935 1019 τόδε
2970 966 3031 1020 τὸ
3079 969 3288 1036 σχῆμα.
3326 964 3545 1034 Ἐπειδὴ
3594 963 3711 1032 γὰρ
3767 979 3882 1014 κατ

603 1050 741 1102 tiaut
771 1051 823 1103 in
854 1049 1093 1118 iudiciis,
1132 1052 1213 1108 vel
1242 1054 1683 1124 cogitationibus,
1718 1058 1813 1113 sed
1845 1073 2177 1129 qumcunque

2296 1058 2465 1110 ιῦδένα
2511 1059 2713 1129 τρόπον
2747 1057 3107 1127 διαφωνοῦσιν
3153 1060 3211 1109 ἐν
3249 1060 3361 1119 τοῖς
3407 1056 3701 1125 κρίμασιν,
3756 1054 3795 1122 ἢ
3842 1055 3904 1105 ἐν

604 1140 716 1192 vult
744 1139 924 1208 Pater,
959 1158 1020 1196 ea
1052 1143 1161 1197 vult
1192 1154 1247 1199 et
1272 1143 1465 1213 Filius,
1490 1157 1544 1202 et
1572 1148 1813 1205 vicissim
1841 1164 2176 1220 quamcunque

2296 1149 2391 1210 τοῖς
2434 1148 2727 1217 νοήμασιν,
2753 1148 2871 1202 ἀλλ’
2898 1147 3041 1217 άπερ
3071 1147 3137 1200 ἂν
3168 1149 3196 1200 ὁ
3231 1148 3418 1217 Πατὴρ
3459 1144 3757 1214 βούληται,
3798 1145 3904 1197 καὶ

602 1232 718 1288 vult
739 1234 924 1301 Filius,
945 1237 1057 1291 vult
1081 1248 1133 1291 et
1163 1237 1344 1304 Pater,
1363 1247 1419 1292 et
1442 1253 1740 1296 consensus
1768 1243 1985 1311 quidem
2012 1252 2176 1311 atque.

2291 1238 2308 1289 5
2347 1238 2477 1300 res;
2520 1237 2726 1302 ταῦτα,
2763 1238 2860 1291 καὶ
2899 1238 3061 1292 πάλιν
3095 1237 3238 1308 άπερ
3274 1236 3340 1290 ἂν
3366 1239 3393 1290 ὁ
3430 1236 3559 1299 Υἱὸς
3596 1236 3899 1306 ἐθελήσῃ,

603 1325 861 1382 ἱώηιιίιηε
892 1329 1225 1384 voluntatum
1261 1330 1315 1384 in
1342 1331 1421 1386 eis
1449 1329 1899 1400 deprehenditur,
1927 1343 2088 1405 atque
2113 1350 2174 1390 ea

2296 1327 2452 1381 ταῦτα
2495 1330 2590 1382 καὶ
2615 1330 2645 1380 ό
2677 1328 2889 1401 Πατὴρ,
2928 1329 3023 1382 καὶ
3054 1329 3340 1399 συμφωνία
3370 1346 3453 1391 τις
3482 1330 3575 1381 καὶ
3602 1330 3904 1395 ταυτότης

603 1419 811 1474 ratione
834 1418 1003 1474 Pater
1021 1430 1103 1476 est
1130 1421 1182 1475 in
1213 1420 1371 1487 Filio,
1401 1429 1456 1476 et
1484 1420 1653 1477 Filius
1685 1423 1736 1477 in
1765 1422 1949 1479 Patre.

2293 1416 2601 1489 Θελημάτιιιν
2645 1420 2740 1473 καὶ
2782 1418 3009 1489 γνώμης
3059 1421 3116 1472 ὲν
3171 1419 3356 1483 αὐτοῖς
3402 1420 3685 1488 φαίνεται,
3737 1420 3901 1473 κατὰ

2279 1507 2438 1563 τοῦτο
2467 1509 2657 1582 Πατὴρ
2684 1512 2743 1563 ὲν
2771 1510 2909 1581 Υίῷ,
2938 1510 3033 1564 καὶ
3062 1510 3191 1574 Υἱός
3224 1512 3370 1564 ἐστιν
3396 1511 3453 1563 ὲν
3482 1510 3681 1582 Πατρί.

1094 1608 1302 1666 Salutio
1351 1610 1681 1681 objectionis.

2779 1619 2935 1688 Πρὸς
2967 1619 3143 1674 τοῦτο
3174 1620 3377 1685 λύσις.

578 1706 589 1715 ’
668 1720 874 1776 Licebit
902 1721 1065 1789 igitur
1086 1722 1251 1777 etiam
1278 1722 1511 1794 angelis,
1540 1730 1633 1777 aut
1666 1719 1787 1778 aliis
1815 1721 2182 1778 rationalibus

2364 1726 2611 1802 Ἀρῗοῦν-
2633 1730 2849 1797 ἐξέσται
2885 1732 2981 1785 καὶ
3018 1732 3273 1799 ἀγγέλοις
3300 1732 3333 1801 ἢ
3373 1732 3470 1784 καὶ
3504 1731 3699 1793 ἄλλαις
3730 1730 3895 1798 λογι-

599 1813 979 1885 pntestatibus,
1013 1814 1080 1868 de
1108 1814 1301 1883 quibus
1350 1814 1635 1870 Psalmista
1667 1814 1744 1869 ait
1770 1832 1786 1869 :
1822 1834 1854 1869 ι.
1874 1814 2183 1869 Benedicite

2286 1825 2410 1886 καῖς
2434 1800 2716 1894 δυνάμεσι,
2749 1825 2878 1894 περί
2901 1816 2977 1877 ὧν
3000 1825 3059 1877 ὲν
3090 1800 3340 1894 Ψαλμοῖς
3368 1826 3583 1895 εἴρηται
3605 1841 3623 1855 ι
3661 1844 3683 1874 ι
3717 1824 3892 1875 Εὐλο-

600 1904 918 1969 Dominum,
948 1920 1140 1960 omnes
1159 1904 1334 1976 angeli
1365 1906 1503 1977 eius,
1530 1905 1760 1961 ministri
1782 1905 1899 1973 ejus
1920 1905 2181 1961 facientes

2286 1914 2430 1981 γεῖτε
2448 1912 2537 1966 τὸν
2559 1913 2782 1984 Κύριον,
2810 1912 3009 1977 πάντες
3032 1914 3082 1966 οἱ
3109 1916 3326 1982 ἄγγελοι
3352 1914 3537 1977 αὑτοῦ,
3565 1913 3894 1983 λειτουργοὶ

602 1994 932 2049 voluntatem
998 1994 1115 2064 ejus
1160 1996 1228 2061 θ’,
1277 2016 1297 2051 ι
1351 1995 1657 2052 Servatoris
1730 1996 1848 2067 ipsa
1898 2012 2032 2052 voce
2082 1997 2178 2062 uti,

2286 2002 2453 2057 αὑτοῦ
2497 2004 2777 2069 ποιοῦντες
2822 2007 2885 2059 τὸ
2916 2006 3129 2077 θέλημα
3176 2004 3364 2069 αὑτοῦ,
3396 2024 3416 2055 ι
3466 2008 3586 2067 ταῖς
3616 2005 3716 2057 τοῦ
3769 2006 3890 2055 Σω-

602 2085 906 2155 singulique
930 2102 1119 2141 eorum
1152 2088 1338 2143 dicere
1388 2096 1681 2157 poterunt:
1713 2106 1731 2139 ι
1764 2088 1875 2158 Ego
1905 2088 1958 2143 in
1991 2087 2176 2154 Patre,

2286 2094 2451 2163 τῆρος
2478 2094 2778 2167 κεχρῆσθαι
2813 2100 3036 2165 φωναῖς,
3057 2096 3130 2159 ὡς
3162 2095 3393 2148 ἕκαστον
3425 2096 3598 2149 είπείν
3619 2114 3632 2125 ·
3672 2114 3699 2146 ι
3742 2095 3891 2163 Ἐγὼ

603 2187 660 2232 et
694 2176 855 2232 l’ater
879 2176 931 2231 in
961 2192 1066 2232 me.
1092 2196 1110 2229 ι
1131 2207 1199 2221 ——-
1223 2196 1240 2229 ι
1268 2178 1368 2245 Qui
1394 2178 1525 2232 vidit
1548 2178 1807 2243 me,vidit
1826 2189 1880 2233 et
1906 2177 2177 2233 Pntrema

2288 2183 2345 2236 ὲν
2374 2183 2452 2254 τῷ
2480 2185 2674 2255 Πατρὶ,
2716 2186 2811 2240 καὶ
2844 2188 2873 2240 ό
2907 2186 3098 2254 Πατὴρ
3142 2186 3200 2238 ὲν
3242 2185 3400 2255 ὲμοί,
3427 2204 3447 2236 ι
3492 2185 3586 2239 καὶ
3622 2203 3640 2235 ι
3700 2187 3889 2237 Οτὲιωο

602 2268 811 2326 Nemini
836 2270 980 2323 enim
1003 2269 1223 2323 dubium
1237 2279 1340 2333 est,
1358 2269 1485 2338 quin
1509 2271 1689 2324 omnia
1714 2285 1835 2340 quae
1860 2272 1969 2324 vult
1991 2270 2176 2336 Pater,

2290 2275 2474 2344 ρακὼς
2505 2276 2637 2346 ἐμὲ,
2670 2276 2883 2348 ἑώρακε
2916 2277 3009 2331 τὸν
3037 2277 3275 2347 Πατέρα.
3300 2294 3318 2327 ι
3370 2275 3562 2329 Καίτοι
3603 2277 3775 2328 παντὶ
3808 2293 3892 2343 τῳ

600 2361 771 2417 velint
815 2362 976 2417 etiam
1023 2362 1210 2431 Angeli
1258 2371 1313 2417 et
1358 2362 1703 2431 Arcliangeli,
1749 2372 1802 2417 et
1852 2362 2075 2429 Tliruni,
2127 2372 2182 2417 et

2286 2365 2462 2435 δῆλον,
2500 2368 2582 2420 ὅτι
2611 2368 2792 2422 πάντα
2816 2369 2916 2422 ὅσα
2954 2368 3204 2437 βούλεται
3237 2366 3399 2431 Θεὸς,
3441 2366 3615 2421 ταῦτα
3660 2368 3888 2429 πάντως

603 2450 1037 2518 Dominationes,
1066 2462 1119 2506 et
1153 2451 1491 2519 Potestates;
1540 2467 1713 2522 tneque
1749 2454 2043 2523 quidquam
2086 2455 2180 2508 lio-

2286 2457 2382 2508 καὶ
2408 2457 2661 2526 ’Ἄγγελοι
2690 2457 2992 2527 βούλονται,
3017 2459 3113 2512 καὶ
3142 2460 3197 2511 Ἀ
3208 2458 3517 2530 ρχάγγελοι,
3546 2459 3649 2511 καὶ·
3663 2458 3883 2526 Θρόνοι,

602 2559 720 2597 r-utu
741 2544 992 2598 dissentit
1019 2543 1345 2599 avolnntatc
1372 2544 1489 2599 Dei.
1516 2542 1699 2613 Neque
1724 2545 1875 2598 enim
1902 2554 2181 2601 manerent

2288 2544 2382 2597 καὶ
2429 2546 2800 2615 κυριότητες,
2846 2549 2942 2601 καὶ
2980 2547 3285 2614 Ἑξουσίαι,
3337 2548 3431 2600 καὶ
3478 2547 3686 2599 τούτων
3728 2547 3885 2598 οὐδὲν

601 2632 657 2687 in
707 2649 807 2689 suo
839 2635 1048 2700 ordine,
1085 2634 1190 2689 nisi
1235 2635 1381 2691 hunc
1433 2650 1657 2705 scopum
1718 2637 1819 2691 sibi
1875 2638 2180 2705 popositum

2286 2634 2593 2703 διαφωνοῦν
2630 2637 2947 2708 εὑρίσκεται
2995 2638 3135 2709 πρὸς
3165 2637 3263 2708 τὴν
3302 2638 3459 2692 θείαν
3494 2638 3775 2708 βούλησιν.
3809 2637 3882 2688 03

603 2723 865 2779 haberent
881 2724 1058 2795 113.
1081 2725 1213 2779 Nam
1235 2725 1279 2780 is
1296 2726 1548 2794 quialiud
1566 2742 1725 2795 quam
1746 2726 1836 2782 Det
1854 2730 2180 2784 voluntatem

2288 2723 2397 2795 γὰρ
2428 2724 2493 2778 ἂν
2526 2724 2740 2794 ἔμεινεν
2766 2728 2823 2778 ὲν
2848 2728 2917 2797 τῇ
2943 2726 3120 2797 οἰκείᾳ
3154 2727 3325 2793 τάξει,
3362 2727 3437 2796 μὴ
3468 2725 3657 2777 τοῦτον
3687 2723 3882 2792 ἔχοντα

601 2815 895 2884 quaerebat,
919 2816 1125 2870 audivit
1148 2814 1335 2872 :Nunc
1357 2825 1534 2869 autent
1561 2819 1626 2871 ad
1642 2816 1845 2873 inferos
1865 2817 2179 2883 descendes,

2287 2815 2378 2867 τὸν
2407 2815 2629 2868 σκοπόν.
2666 2816 2726 2869 Ὁ
2763 2815 2872 2886 γὰρ
2901 2816 3091 2887 ἕτερόν
3130 2834 3182 2869 τι
3218 2816 3367 2886 παρὰ
3403 2815 3464 2867 τὸ
3490 2814 3584 2866 τοῦ
3612 2813 3763 2867 Θεοῦ,
3798 2814 3883 2865 θέ-

599 2916 650 2960 et
720 2906 789 2961 ad
839 2904 1186 2962 futidamenta
1237 2915 1418 2964 terrae.
1472 2907 1529 2962 Si
1577 2924 1708 2979 ergo
1760 2910 2183 2980 unumquodque

2288 2904 2435 2975 λημα
2463 2907 2722 2976 ζητήσας,
2755 2907 2985 2977 ἤκουσε·
3017 2905 3132 2960 Νῦν
3167 2907 3223 2959 δὲ
3269 2908 3348 2969 είς
3390 2906 3522 2976 ᾅδην
3553 2904 3879 2975 καταϐήσῃ,

600 3011 789 3052 eorum
818 3012 939 3067 qua:
978 2999 1124 3053 dicta
1160 3008 1306 3065 sunt,
1340 2999 1455 3052 vult
1491 3014 1828 3070 quacunque
1877 3000 2016 3056 Deus
2044 3001 2177 3066 vult,

2289 2994 2384 3048 καὶ
2411 2997 2491 3059 είις
2516 2996 2587 3050 τὰ
2618 2996 2845 3067 θεμέλια
2873 2998 2973 3067 τῆς
3014 2998 3137 3067 γῆς.
3182 2997 3244 3051 ΕΞ
3285 2996 3465 3049 τοίνυν
3505 2995 3736 3049 ἕκαστον
3767 2996 3879 3044 τῶν

602 3087 927 3156 llrmunique
952 3089 1005 3142 in
1036 3103 1103 3144 eo
1144 3098 1346 3156 manet,
1392 3104 1657 3159 suamque
1697 3092 2017 3161 dignitatem
2053 3091 2178 3145 reti-

2290 3086 2590 3155 εἰρημένων
2614 3086 2759 3140 θέλει
2793 3088 2893 3158 μὲν
2917 3089 3017 3142 ὅσα
3050 3088 3298 3158 βούλεται
3327 3086 3479 3150 Θεὸς,
3508 3087 3707 3153 ἕστηκε
3737 3084 3784 3137 δ’
3821 3087 3878 3136 ἐν

603 3188 719 3244 net,
756 3179 1011 3249 nullaque
1054 3179 1271 3235 ratione
1302 3179 1387 3235 bls
1421 3180 1543 3235 Filii
1574 3182 1755 3236 verbis
1780 3191 2038 3248 utuntur;
2070 3198 2176 3235 non
2206 3195 2211 3228 ι

2281 3174 2478 3245 τούτῳ,
2510 3176 2611 3229 καὶ
2653 3176 2817 3240 σώζει
2861 3178 2963 3247 τὴν
3009 3179 3219 3231 οἰκείαν
3263 3178 3457 3247 ἀρχὴν,
3500 3177 3593 3228 καὶ
3638 3174 3876 3243 οὐδαμοῦ

602 3285 901 3325 consensus
936 3272 1266 3338 animorum,
1305 3272 1668 3343 identitasque
1707 3274 2046 3328 voluntatum
2088 3276 2179 3328 de-

2283 3265 2532 3335 φαίνεται
2576 3268 2697 3329 ταῖς
2741 3265 2837 3320 τοῦ
2894 3267 3035 3319 Υίοῦ
3075 3268 3414 3338 κεχρημένον
3472 3268 3720 3333 φωναῖς,
3755 3265 3878 3331 οὐχὶ

603 3360 777 3418 clarat
814 3361 1009 3418 Filium
1041 3364 1093 3417 in
1118 3362 1278 3419 Patre
1305 3380 1447 3429 esse,
1481 3374 1536 3419 et
1567 3363 1782 3420 Patrem
1808 3366 1859 3419 in
1892 3365 2049 3427 Filio.
2084 3365 2179 3420 sed

2283 3358 2573 3427 συμφωνία
2600 3357 2703 3427 τῆς
2742 3356 2990 3427 γνώμης,
3018 3358 3137 3410 οὐδὲ
3165 3357 3227 3410 τὸ
3270 3349 3665 3427 βούλεσθαιξτὰ
3704 3354 3874 3417 αὐτὰ,

600 3452 909 3507 omnimoda
937 3453 1186 3508 essentia:
1215 3454 1534 3519 similitudo,
1567 3462 1622 3509 et
1649 3453 1910 3509 naturalis
1939 3455 2183 3523 proprie-

2280 3446 2516 3500 δεικνύει
2543 3448 2633 3501 τὸν
2666 3448 2792 3501 Υίὸν
2828 3449 2887 3501 ὲν
2923 3448 3095 3518 Πατρὶ
3125 3448 3217 3500 καὶ
3244 3449 3335 3501 τὸν
3362 3447 3590 3518 Πατέρα
3618 3446 3781 3499 πάλιν
3815 3446 3877 3496 ὲν

606 3543 735 3598 tatis
776 3542 1051 3599 identitas.
1610 3581 1615 3585 ς

2283 3538 2418 3608 Υιῴ,
2446 3538 2617 3610 ἀλλ”ή
2646 3539 2743 3609 τῆς
2782 3538 2968 3601 οὐσίας
3012 3537 3432 3606 ἀπαράλλακτος
3466 3538 3744 3610 ὁμοιότης,
3780 3536 3875 3588 καὶ

2284 3631 2319 3701 ἡ
2345 3630 2607 3702 ταυτότης
2635 3630 2738 3700 τῆς
2772 3630 2915 3684 κατὰ
2944 3630 3105 3698 φύσιν
3142 3630 3427 3697 ἰδιότητος.

1278 3746 1509 3804 ALIUD.
2967 3742 3170 3797 AAAO.

674 3860 809 3915 (iam
841 3861 1122 3915 immotum
1171 3870 1224 3915 et
1259 3864 1639 3916 inconcussum
1667 3869 1870 3915 statum
1927 3860 2185 3925 habeant,

2368 3856 2587 3928 Ἐπειδὴ
2647 3856 2899 3927 μένουσιν
2948 3854 3253 3926 ἀκλόνητον
3283 3857 3503 3927 ἔχοντες
3539 3855 3639 3926 τὴν
3684 3857 3875 3910 στάσιν

605 3965 881 4020 suumque
901 3952 1263 4019 principatum
1299 3961 1517 4006 servent
1546 3951 1745 4021 angeli,
1765 3961 1926 4021 atque
1952 3952 2186 4006 archan-

2287 3948 2382 4002 καὶ
2432 3947 2698 4013 σώζοντες
2750 3949 2851 4018 τὴν
2904 3949 3110 4001 οἰκείαν
3162 3948 3334 4020 ἀρχὴν
3387 3949 3640 4017 Ἀγγελοὶ
3678 3967 3734 4002 τε
3783 3967 3875 4003 και

611 4043 742 4114 geli,
777 4042 1004 4112 aliaeque
1036 4044 1121 4097 bis
1165 4043 1474 4112 superiores
1522 4042 1815 4097 rationales
1869 4048 2185 4111 potestates,

2301 4041 2679 4112 ’Λρχάγγελοι,
2715 4041 2809 4093 καὶ
2842 4041 2895 4092 αἱ
2940 4039 3144 4092 τούτων
3177 4040 3436 4109 ἀνωτέρω
3464 4041 3681 4107 λογικαὶ
3716 4040 3874 4093 δυνά-

608 4131 955 4187 maniﬂestum
985 4146 1119 4187 sane
1152 4141 1235 4187 est
1259 4147 1352 4188 eos
1380 4131 1641 4185 voluntati
1701 4131 1793 4186 Dei
1846 4146 2187 4201 nequaquam

2292 4148 2434 4200 μεις.
2464 4130 2739 4200 πρόδηλον
2777 4129 2839 4199 δή
2876 4128 3074 4181 πουθεν
3115 4127 3191 4190 ὡς
3238 4128 3300 4179 οὐ
3342 4128 3693 4191 στασιάζουσι
3733 4130 3874 4182 κατᾶ

607 4235 926 4291 repugnare,
956 4223 1050 4276 sed
1075 4222 1337 4278 creatoris
1365 4221 1593 4291 imperio
1628 4235 1692 4275 ac
1724 4220 1934 4290 legibus
1983 4236 2187 4277 morem

2287 4222 2396 4275 τῶν
2432 4220 2527 4274 τοῦ
2559 4220 2695 4273 Θεοῦ
2729 4219 3077 4290 θελημάτων,
3113 4218 3228 4272 ἀλλ’
3274 4218 3481 4271 εἴκουσί
3512 4236 3569 4270 τε
3607 4220 3702 4272 καὶ
3738 4219 3875 4272 ὐπο-

608 4327 818 4382 gerere,
851 4327 1113 4383 suamque
1129 4312 1463 4367 voluntatem
1490 4313 1556 4365 ad
1601 4312 1839 4367 divinam
1863 4327 2180 4384 aggregare,

2289 4314 2577 4367 τάσσονται
2607 4314 2719 4373 τοῖς
2750 4311 2844 4364 τοῦ
2887 4309 3248 4381 πεποιηκότος
3281 4312 3486 4380 νόμοις,
3521 4312 3617 4362 καὶ
3647 4309 3874 4378 σύμφω-

598 4414 669 4483 ~nt
694 4403 878 4459 omnia
904 4412 961 4459 et
986 4404 1151 4459 velint
1198 4415 1253 4459 et
1282 4404 1481 4459 faciuut
1510 4419 1630 4473 qua:
1675 4404 1748 4458 illi
1783 4404 2015 4474 placent.
2036 4406 2189 4472 Quod

2291 4420 2381 4455 νον
2415 4403 2600 4472 ἔχουσι
2632 4401 2766 4469 πρὸς
2801 4400 2934 4453 Θεὸν
2957 4401 3056 4471 τὴν
3087 4400 3336 4471 γνώμην,
3366 4400 3439 4462 ὡς
3479 4401 3656 4453 πάντα
3690 4399 3872 4468 βούλε-

608 4510 734 4551 cum
771 4496 844 4551 ita
880 4495 971 4561 sit,
998 4511 1172 4564 neque
1201 4496 1339 4550 nllus
1383 4495 1608 4550 omnino
1660 4495 1952 4560 inlicieutr,
1995 4510 2187 4565 quam-

2297 4494 2420 4547 σθαί
2456 4510 2514 4546 τε
2538 4493 2632 4547 καὶ
2660 4495 2833 4545 ποιεῖν
2863 4493 3074 4563 ὅσαπερ
3110 4492 3257 4562 αὐτῴ
3291 4492 3455 4545 δοκεῖ.
3498 4491 3655 4544 Οὕτω
3698 4492 3873 4544 τοίνυν

609 4589 797 4642 obrent
828 4588 972 4643 solus
999 4587 1164 4641 Filius
1200 4586 1602 4656 Unigenitus,et
1625 4585 1856 4642 Verbum
1882 4602 1946 4642 ac
1974 4587 2185 4655 sapien-

2261 4586 2511 4655 ’ἔχοντος
2543 4584 2720 4646 τοῦδε,
2763 4584 2856 4637 καὶ
2902 4585 3434 4654 συνομολογουμένου
3484 4586 3637 4656 παρὰ
3686 4587 3869 4645 πᾶσιν,

614 4680 687 4732 tia
712 4678 835 4733 est?
872 4678 1171 4747 Oportebat
1209 4680 1353 4734 enim
1377 4680 1639 4749 profecto,
1676 4680 1721 4735 si
1783 4680 1852 4735 ob
1884 4678 1935 4733 id
1988 4680 2186 4734 dicitur

2291 4680 2412 4732 ὅτου
2446 4679 2508 4749 δὴ
2551 4679 2709 4748 χάριν
2762 4677 2919 4747 μόνος
2966 4679 2994 4729 ὁ
3033 4677 3159 4739 Υἱὸς
3197 4679 3532 4746 Μονογενὴς,
3574 4680 3670 4731 καὶ
3703 4679 3870 4743 Λόγος

615 4767 957 4839 Unigeuitus,
978 4779 1033 4823 et
1058 4770 1346 4839 sapientia,
1401 4779 1455 4825 et
1514 4770 1770 4837 Verbum,
1824 4772 1951 4842 quia
2006 4773 2186 4826 omnia

2295 4773 2388 4823 καὶ
2428 4770 2589 4837 σοφία
2620 4768 2799 4832 ὲστίνς
2834 4768 2981 4821 Ἔδει
3021 4769 3157 4840 γὰρ,
3196 4771 3354 4839 εἴπερ
3383 4770 3551 4832 ὅντως
3595 4771 3656 4821 τὸ
3700 4769 3869 4820 θέλειν

612 4876 735 4930 qtue
766 4859 880 4915 vult
919 4860 1100 4923 Pater,
1130 4863 1242 4915 vult
1275 4874 1329 4916 et
1358 4863 1492 4931 ipso,
1527 4864 1763 4933 reliquas
1808 4864 1972 4918 etiam
2021 4863 2187 4918 ratiu-

2294 4865 2402 4918 ὂσα,
2442 4864 2536 4916 καὶ
2580 4864 2608 4915 ὁ
2660 4862 2846 4931 Πατὴρ
2901 4861 3182 4933 βούλεται,
3253 4865 3533 4931 Μονογενῆ
3593 4862 3866 4915 καλεῖσθαι

615 4953 768 5008 nales
797 4962 1080 5008 creaturas
1134 4954 1272 5009 idem
1324 4971 1467 5019 esse,
1528 4955 1826 5025 iisdemque
1885 4957 2191 5011 nominibus

2298 4956 2470 5015 ποιεῖ,
2496 4955 2590 5007 καὶ
2621 4954 2833 5020 σοφίαν,
2874 4954 2967 5007 καὶ
3000 4955 3189 5022 Λόγον,
3218 4956 3312 5006 καὶ
3355 4956 3465 5016 τοῖς
3512 4954 3695 5015 ἄλλοις
3723 4953 3863 5018 λογι-

616 5044 734 5099 illas
774 5043 1052 5112 appellari,
1093 5047 1289 5115 quibus
1320 5046 1498 5101 Filius.
1534 5047 1591 5102 Si
1638 5062 1768 5101 vero
1805 5048 1948 5101 nulla
1985 5062 2053 5102 cx
2101 5047 2188 5111 iis,

2300 5047 2415 5109 κοῖς
2446 5045 2707 5114 κτίσμασι
2736 5044 2907 5098 ταῦτα
2938 5045 3226 5115 ὑπάρχειν,
3255 5043 3350 5097 καὶ
3379 5043 3653 5106 τοσούτοις
3680 5045 3862 5110 ὀνόμα-

614 5144 707 5189 aut
730 5135 1046 5205 Unigenitns
1060 5148 1143 5192 est
1170 5137 1358 5202 Filius,
1386 5148 1477 5192 aut
1498 5139 1753 5202 Verbum,
1780 5154 1953 5207 neque
1981 5137 2189 5207 sapien-

2297 5154 2380 5189 σιν
2415 5136 2807 5189 ἀποκαλεῖσθαι
2838 5137 2931 5189 καί⁸
2956 5138 3116 5199 αὐτὰ,
3149 5137 3409 5205 ὅσοισπερ
3457 5136 3523 5188 ἂν
3556 5136 3648 5187 καὶ
3671 5138 3698 5188 ὁ
3725 5135 3858 5195 Υἱός.

608 5224 713 5287 tia,
745 5239 917 5294 neque
968 5226 1168 5288 lumen,
1228 5243 1404 5297 neque
1467 5229 1741 5299 splendor,
1792 5243 1968 5297 neque
1996 5228 2188 5293 forma,

2298 5228 2358 5279 Εἰ
2388 5226 2443 5278 δὲ
2480 5225 2683 5278 τοὺ-ων
2712 5225 2862 5277 οὐδὲν
2912 5225 3031 5278 οὔτε
3066 5228 3375 5293 Μονογτνείις
3408 5227 3554 5277 ἐστιν
3584 5226 3703 5277 Υῖὺο
3747 5223 3860 5275 οὖ·ε

2421 5266 2445 5278 ε
2491 5263 2503 5277 .
2587 5260 2602 5275 ν
2872 5268 2884 5286 ,
3009 5265 3034 5278 ν
3212 5274 3217 5277 ,
3249 5266 3271 5278 ,
3304 5270 3309 5275 .
3331 5261 3375 5295 ρ,
3481 5258 3499 5276 ..
3628 5265 3643 5275 .
3678 5263 3725 5287 ,,
3816 5262 3828 5273 .

618 5330 795 5382 nequc
848 5316 1025 5383 imago
1089 5318 1304 5383 Patris,
1370 5322 1733 5377 necessarium
1793 5320 1953 5389 plane
2001 5330 2085 5374 est
2136 5331 2192 5373 ut

2297 5320 2485 5385 Λόγος,
2507 5317 2627 5370 οὔτε
2669 5318 2849 5385 σοφία,
2872 5316 2997 5370 οὔτε
3031 5318 3165 5386 φώς,
3201 5317 3323 5369 οὔτε
3356 5318 3717 5386 ἀπαύγασμα.
3746 5314 3860 5368 οὔτε

618 5405 1130 5468 sentiaums,Fi|iutu
1161 5425 1261 5465 non
1285 5426 1402 5466 eam
1424 5412 1493 5466 ob
1522 5428 1738 5467 causam
1770 5412 1971 5467 dixisse
2002 5427 2016 5463 :
2050 5413 2191 5481 (Ego

2302 5410 2503 5481 μορφὴ,
2551 5409 2674 5462 οὔτε
2722 5408 2883 5461 εἰκὼν
2920 5408 3013 5460 τοῦ
3068 5410 3298 5479 Πατρός,
3336 5411 3632 5476 ἀναγκαῖον
3677 5408 3859 5460 εἰδέναι

621 5495 673 5549 iu
702 5495 880 5561 Patre,
910 5508 965 5552 et
985 5497 1143 5556 Pater
1173 5501 1223 5557 in
1249 5518 1364 5571 me;
1397 5524 1415 5558 ι
1455 5515 1508 5559 ct
1532 5520 1744 5560 rursum
1777 5522 1788 5557 :
1830 5522 1848 5556 ι
1874 5504 1983 5574 Ego
2011 5514 2064 5559 ct
2092 5502 2192 5557 Pan

2301 5503 2506 5569 λοιπὸν,
2536 5504 2727 5574 ὅτιπερ
2758 5501 2819 5553 οὐ
2849 5500 2908 5553 τὸ
2958 5500 3240 5571 βούλεσθαι
3273 5500 3339 5555 τὰ
3380 5501 3517 5554 αὐτὰ
3564 5501 3642 5571 τῷ
3676 5500 3856 5567 Πατρὶς

690 5672 736 5705 ⁸⁸
766 5671 899 5732 l’sul.
932 5692 1049 5743 cm,
1080 5679 1170 5731 ‘20.
