4072 6520
3797 129 3864 146 "ﬁ.

614 347 730 406 ’191
1654 347 1710 402 S.
1749 346 2022 402 (IYRILLI
2062 347 2527 406 ALEXANDRINI
2572 351 2894 407 ARClIiEP.
3823 352 3941 406 192

632 475 716 520 ter
748 465 801 521 iu
823 479 940 532 me;
970 485 988 518 ι
1023 474 1078 522 et
1111 468 1326 521 rursum
1364 485 1378 522 :
1415 484 1434 518 ι
1469 469 1567 535 Qui
1621 467 1752 523 vidit
1811 484 1916 532 me,
1968 467 2102 522 vidit
2145 480 2183 522 el

2305 467 2430 531 Υἱὸς
2446 468 2912 539 ἁναδειχθὴσεται,
2933 470 3007 533 ὡς
3037 489 3128 524 και
3150 473 3401 525 ιυνασθαι
3425 471 3612 538 λέγειν
3635 486 3652 500 ·
3692 485 3714 517 α
3767 465 3938 533 Ἑγὼ

628 555 862 610 Patrem.
900 575 919 608 ι
2299 560 2357 610 ἐν
2385 559 2464 628 τῷ
2493 560 2684 628 Πατρὶ,
2707 562 2800 613 καὶ
2832 563 2859 614 6
2888 561 3074 632 Πατὴρ
3101 564 3154 615 ἐν
3191 563 3335 631 ἐμοὶ,
3371 581 3388 613 ι
3417 562 3510 616 καὶ
3535 560 3753 614 πάλιν·
3797 576 3822 609 ι
3870 558 3934 612 Ὀ

2299 647 2558 717 ἑωρακὼς
2588 649 2712 718 ἐμὲ,
2749 647 2959 718 ἑώρακε
2991 650 3081 702 τὸν
3116 649 3356 720 Πατέρα.
3404 670 3422 700 ι

1045 769 1278 840 ALIUD,
1316 774 1468 826 modo
1514 774 1845 843 explicativo.

2634 783 2835 843 AAAO,
2874 784 3074 849 τρόπῳ
3107 781 3530 851 διηγηματικῷ.

701 879 774 935 lta
815 890 898 937 est
929 899 1091 938 unum
1132 885 1291 941 Pater
1306 896 1360 941 et
1391 887 1577 952 Filius,
1601 901 1774 956 eaque
1799 887 2008 943 ratione
2040 889 2194 943 simi-

627 973 694 1027 lis
715 975 814 1042 ipsi
831 985 936 1037 est,
957 977 1404 1046 quemadmodum
1424 979 1473 1031 in
1505 979 1656 1032 nobis
1675 978 1839 1034 Filius
1865 979 2074 1034 ratione
2105 994 2194 1036 es-

628 1061 812 1115 sentite
824 1062 1016 1116 similis
1031 1078 1149 1118 esse
1164 1063 1309 1118 Patri
1332 1064 1726 1134 intelligitur,et
1746 1068 2192 1134 quemadmodum

623 1151 958 1218 splendore:
983 1154 1659 1221 soleprocedens.fdcirco,
1681 1171 1802 1211 cum
1826 1157 1897 1211 ita
1921 1172 1979 1212 se
1997 1158 2196 1212 habeat

631 1244 796 1298 Filius
834 1245 897 1298 ad
926 1245 1435 1316 Patrem,operante
1467 1248 1602 1304 Filio
1629 1259 1956 1318 operatur-et
1989 1250 2191 1306 Pater:

625 1351 798 1404 eoque
816 1353 1024 1392 rursum
1079 1340 1144 1392 ad
1167 1348 1383 1394 sanctos
1407 1341 1659 1395 veniente
1683 1341 1830 1394 venit
1863 1342 2029 1395 etiam
2089 1343 2194 1396 Pa-

2367 892 2552 957 Οὖτως
2596 893 2654 946 ’ἐν
2701 895 2839 948 εἰσιν
2882 895 2909 945 6
2961 895 3150 965 Πατὴρ
3199 896 3291 948 καὶ
3332 897 3360 948 6
3404 894 3555 958 Υἱὸς.
3602 894 3714 946 καὶ
3761 894 3923 946 κατᾶ

2297 982 2446 1036 τόνδε
2497 984 2587 1036 τὸν
2630 984 2830 1055 τρόπον
2873 985 3118 1055 ἐμφερής
3166 985 3315 1037 ἐστιν
3363 984 3528 1054 αὐτῷ,
3562 984 3643 1047 ὡς
3690 984 3770 1037 ἂν
3825 983 3920 1050 ἐφ’

2297 1073 2452 1144 ἡμῶν
2492 1075 2709 1145 νοηθείη
2742 1076 2855 1138 υίὸς
2888 1075 3019 1146 πρὸς
3047 1075 3138 1128 τὸν
3170 1075 3362 1129 ἑαυτοῦ
3390 1076 3604 1146 πατέρα
3648 1077 3820 1128 κατά
3848 1093 3916 1140 γε

2295 1163 2387 1216 τὸν
2431 1164 2526 1233 τῆς
2573 1163 2760 1225 οὐσίας
2793 1163 2968 1232 λόγον,
3005 1165 3096 1216 καὶ
3125 1164 3199 1227 ὡς
3245 1164 3310 1219 ἂν
3344 1164 3441 1218 ίδοι
3470 1181 3555 1228 τις
3604 1166 3766 1234 πρὸς
3812 1165 3914 1216 τὸν

2296 1252 2444 1322 ἥλιον
2475 1253 2534 1305 τὸ
2571 1253 2626 1318 ἐξ
2658 1253 2820 1305 αὐτοῦ
2844 1255 3031 1323 προϊὸν
3062 1254 3421 1324 ἀπαύγασμα.
3453 1239 3550 1307 Διὰ
3578 1254 3698 1325 γὰρ
3739 1253 3910 1306 τοῦτο

2296 1345 2389 1396 καὶ
2413 1344 2500 1396 διὰ
2519 1344 2576 1396 τὸ
2605 1343 2778 1406 οὕτως
2803 1346 2946 1415 ἔχειν
2974 1345 3064 1398 τὸν
3092 1346 3216 1398 Υίὸν
3248 1345 3382 1416 πρὸς
3411 1345 3501 1398 τὸν
3530 1343 3747 1397 ἑαυτοῦ
3791 1346 3908 1396 Πα-

627 1436 734 1493 ter,
766 1429 905 1482 sicut
975 1429 1089 1498 ipse
1130 1432 1242 1485 ait:
1275 1449 1294 1482 ι
1360 1430 1679 1498 Veniemus,
1720 1447 1818 1502 ego
1841 1442 1894 1487 et
1925 1433 2106 1498 Pater,
2140 1444 2194 1489 et

626 1521 952 1576 mansionem
981 1524 1120 1592 apml
1149 1525 1319 1593 ipsum
1361 1523 1620 1580 faciemus
1643 1525 1709 1580 ⁸⁸.
1759 1543 1779 1577 ι
1807 1523 1998 1580 Omnia
2027 1527 2193 1593 enim,

623 1619 681 1664 ut
703 1612 859 1666 modo
885 1613 1085 1669 dictum
1119 1622 1224 1679 est,
1255 1629 1285 1668 a
1330 1613 1493 1670 Patre
1520 1631 1617 1686 per
1675 1615 1868 1671 Filium
1901 1616 2033 1672 fiunt
2061 1635 2073 1672 :
2116 1619 2195 1672 id-

2295 1434 2450 1505 τέρα,
2489 1433 2857 1505 ἐργαζομένου
2896 1434 2990 1488 τοῦ
3048 1434 3200 1494 Υίοῦ,
3241 1436 3268 1487 6
3324 1435 3512 1505 Πατὴρ
3555 1431 3903 1504 ἐργάζεται,

2296 1526 2391 1577 καὶ
2423 1525 2562 1595 πρὸς
2587 1527 2713 1587 τοὺς
2744 1527 2932 1593 ἁγίους
2964 1526 3259 1596 ἐρχομένου
3297 1526 3458 1578 πάλιν
3486 1525 3678 1590 αὐτοῦ,
3715 1526 3750 1576 ὁ
3786 1527 3905 1576 Πα-

2294 1617 2398 1686 τήρ
2429 1617 2576 1668 ἐστιν
2620 1618 2648 1668 6
2692 1617 3006 1687 ἐρχόμενος,
3041 1615 3115 1678 ὡς
3145 1615 3308 1678 αὐτὸς
3337 1615 3568 1684 ἔφησεν·
3615 1634 3635 1665 ι
3701 1614 3901 1666 Ἐλευο

621 1703 766 1759 circo
798 1706 841 1759 si
873 1707 1069 1777 quibus
1097 1724 1330 1777 unquam
1350 1708 1551 1764 sanctis
1571 1709 1740 1780 gratia
1771 1711 1891 1764 data
1917 1719 2018 1778 est,
2075 1725 2183 1768 eam

2298 1705 2524 1775 σόμεθα,
2568 1705 2679 1774 ἐγὼ
2729 1707 2821 1759 καὶ
2864 1709 2891 1776 6
2939 1707 3146 1776 Πατὴρ,
3191 1706 3284 1759 καὶ
3325 1706 3490 1776 μονὴν
3548 1707 3682 1775 παρ’
3734 1706 3897 1773 αὑτῴ

622 1795 779 1851 Pater
809 1813 903 1867 per
934 1797 1128 1854 Filiqu
1158 1800 1383 1870 largitus
1409 1799 1577 1857 fuisse
1613 1799 1769 1872 115
1807 1800 2065 1859 cernitur.
2086 1801 2183 1856 Cu-

2299 1798 2617 1866 ποιήσομεν.
2660 1815 2678 1848 ι
2718 1798 2900 1851 Πάντα
2937 1798 3066 1866 γὰρ,
3113 1797 3362 1868 καθάπερ
3393 1797 3489 1867 ἤδη
3521 1799 3892 1867 προείρηται.

613 1887 704 1956 jus
767 1891 843 1944 rei
891 1889 1097 1944 Paulus
1145 1893 1291 1947 testis
1339 1898 1443 1958 est,
1502 1889 1570 1945 ad
1601 1892 1860 1960 quosdam
1893 1891 2183 1947 scribens:

2290 1888 2442 1959 παρὰ
2483 1892 2694 1960 Πατρὸς
2734 1890 2800 1942 δι’
2837 1889 2965 1943 Υἱοῦ
3012 1890 3291 1958 γίγνεται·
3343 1889 3436 1942 καί
3478 1888 3608 1957 γοῦν
3659 1891 3714 1942 εί
3754 1894 3892 1941 ποτὲ

624 1998 643 2028 ‹
691 1979 875 2036 Gratia
912 1983 1061 2038 vobis
1085 1994 1138 2036 et
1172 1998 1271 2050 pax
1299 1998 1329 2035 a
1354 1982 1462 2038 Deo
1512 1983 1675 2038 Patre
1721 1994 1777 2039 et
1807 1981 2033 2037 Domino
2063 1982 2183 2040 Jesu

2295 1995 2436 2031 τισιν
2465 1981 2640 2046 ἁγίοις
2667 1980 2876 2033 δέδοται
2905 1981 3083 2051 χάρις,
3122 1978 3327 2050 ταύτην
3367 1981 3394 2032 ὀ
3421 1979 3606 2049 Πατὴρ
3647 1979 3716 2032 δι’
3748 1980 3888 2032 Tir/3

619 2069 834 2124 Christo
860 2070 927 2123 ⁸⁸.
971 2090 990 2121 ι
1033 2073 1097 2125 Et
1125 2073 1238 2140 ipse
1264 2087 1477 2125 rursum
1506 2071 1630 2125 alibi
1663 2089 1678 2126 :
1723 2089 1741 2122 ι
1773 2071 1890 2140 Ipse
1922 2071 2081 2128 Pater
2137 2083 2183 2128 cl

2292 2074 2608 2142 χορηγήσας
2635 2073 2905 2140 φαίνεται.
2942 2074 3051 2126 Καὶ
3082 2072 3294 2142 μάρτυς
3330 2073 3358 2124 ὁ
3403 2071 3612 2134 Παῦλος
3642 2073 3886 2141 γράφω-ι

619 2159 762 2216 Dens
783 2171 967 2216 uoster
987 2172 1041 2216 et
1068 2161 1323 2217 Dominus
1351 2173 1533 2218 noster
1558 2161 1715 2218 Jesus
1732 2163 1978 2218 Christus
1997 2165 2183 2233 dirigat

2292 2166 2428 2236 πρός
2453 2182 2603 2228 τινας
2624 2181 2637 2194 ο
2671 2184 2688 2214 ι
2723 2164 2898 2232 Χάρις
2926 2165 3054 2233 ὑμῖν
3084 2164 3178 2217 καὶ
3215 2164 3405 2234 εἰρήνη
3438 2163 3545 2216 ἀπὸ
3576 2163 3720 2216 Θεοῦ
3762 2165 3884 2217 Ila-

620 2252 760 2305 viam
791 2262 1028 2308 nostram
1055 2256 1120 2306 ad
1160 2268 1253 2308 vos
1301 2253 1369 2308 ".
1409 2273 1428 2305 ι
1467 2253 1537 2308 At
1585 2255 1630 2310 si
1667 2271 1772 2311 non
1820 2265 1961 2310 esset
2011 2257 2183 2312 unitas

2291 2258 2419 2326 τρὸς
2460 2258 2555 2310 καὶ
2595 2255 2798 2327 Κυρίου
2849 2256 3023 2327 Ἰησοῦ
3069 2255 3325 2325 Χριστοῦ.
3373 2275 3392 2307 ι
3436 2257 3607 2308 Πάλιν
3637 2258 3670 2308 ὁ
3713 2258 3883 2318 αὐτὸς

619 2343 795 2400 Patris
822 2361 948 2398 cum
979 2345 1137 2409 Filio,
1177 2345 1404 2402 dixisset
1448 2344 1712 2416 profecto,
1774 2345 2020 2416 Dirigaut
2043 2348 2183 2403 viam

2289 2349 2495 2419 ἑτέροις
2527 2347 2889 2402 ἐπιστέλλων’
2935 2366 2952 2398 ι
2996 2348 3166 2410 Αὐτὸς
3202 2348 3256 2402 δὲ
3302 2350 3329 2401 6
3367 2347 3555 2417 Πατὴρ
3603 2350 3704 2401 καὶ
3744 2349 3879 2411 Θεὸς

617 2443 884 2499 nostram,
917 2444 976 2491 ut
1007 2439 1140 2492 duos
1173 2437 1522 2503 significaret.
1598 2437 1754 2497 Nunc
1780 2456 1909 2498 vero
1964 2441 2018 2496 id
2079 2459 2183 2497 non

2289 2443 2462 2514 ἡμῶν,
2496 2443 2590 2495 καὶ
2614 2444 2643 2496 6
2673 2441 2877 2513 Κύριος
2901 2441 3057 2511 ἡμῶν
3100 2441 3307 2510 Ἰησοῦς
3337 2442 3568 2511 Χριστὸς
3601 2441 3880 2494 κατευθύ-

613 2527 791 2582 facit:
841 2529 1102 2584 unitatem
1184 2538 1365 2585 autem
1436 2528 1614 2586 Patris
1639 2541 1695 2586 et
1748 2531 1868 2587 Filii
1898 2532 2182 2588 manifeste

2289 2554 2374 2590 ναι
2405 2535 2504 2604 τὴν
2537 2535 2654 2588 ὁδὸν
2680 2535 2837 2606 ἡμῶν
2873 2535 3009 2605 πρὸς
3035 2537 3198 2606 ὑμᾶς.
3249 2553 3269 2582 ι
3325 2534 3464 2586 Ἀλλ’
3495 2536 3543 2586 εί
3581 2534 3654 2604 μή
3690 2551 3779 2596 τις
3810 2530 3879 2604 ἦν

616 2619 936 2683 observans,
991 2620 1344 2690 singulariter
1399 2621 1558 2685 dixit,
1611 2622 1831 2692 dirigat,
1880 2639 1984 2678 non
2025 2625 2183 2694 quasi

2289 2628 2475 2698 ἐνάτης
2507 2628 2684 2698 Πατρὶ
2713 2627 2850 2695 πρὸς
2876 2626 3023 2690 Υἰὸν,
3052 2621 3202 2679 εἶπεν
3232 2625 3319 2689 ἂν,
3346 2623 3748 2679 Κατευθὺνοιεν
3779 2623 3879 2691 τὴν

613 2711 844 2766 seorsim
891 2710 1070 2779 Pater,
1100 2721 1156 2767 et
1204 2713 1433 2769 seorsim
1490 2712 1660 2770 Filius
1703 2717 2005 2785 suppeditet
2062 2732 2183 2787 gra-

2289 2721 2407 2773 ὁδὸν
2433 2722 2465 2789 ὴ
2474 2719 2607 2789 μῶν,
2629 2719 2718 2772 ἵνα
2735 2719 2860 2780 τοὺς
2880 2718 2973 2770 δύο
2996 2718 3235 2788 σημάνῃ.
3259 2717 3394 2771 Νυνὶ
3421 2717 3477 2770 δὲ
3499 2715 3660 2769 τοῦτο
3687 2717 3793 2784 μὲν
3813 2717 3876 2768 οὐ

615 2801 769 2868 tium,
815 2801 911 2857 sed
973 2811 1224 2872 tanquam
1291 2801 1454 2859 Pater
1527 2818 1623 2873 per
1701 2805 1900 2860 Filium.
1961 2809 2014 2861 in
2062 2808 2183 2876 Spi-

2291 2813 2470 2864 ποιεῖ·
2501 2811 2600 2881 τὴν
2632 2810 2690 2863 δὲ
2718 2810 2944 2878 ἑνότητα
2972 2809 3065 2861 τοῦ
3099 2809 3310 2880 Πατρὸς
3354 2810 3448 2862 καὶ
3475 2807 3568 2862 τοῦ
3607 2807 3744 2860 Υῑοῦ
3777 2824 3876 2877 τη-

612 2891 722 2946 ritu
763 2903 954 2949 sancto
979 2909 1047 2948 ex
1069 2909 1172 2947 una
1191 2895 1390 2950 deitate
1414 2895 1551 2950 tlona
1575 2911 1671 2951 sua
1692 2898 1893 2951 sanctis
1913 2898 2182 2953 conterat.

2296 2903 2467 2972 ρήσας
2498 2901 2711 2970 σαφῶς,
2743 2902 2804 2954 τὸ
2831 2901 3189 2957 κατευθύναι
3225 2900 3469 2953 τέθεικεν
3507 2899 3704 2961 ἑνικῶς
3725 2915 3743 2929 ο
3775 2900 3875 2968 οὐχ

607 2981 687 3046 ὡς
735 2984 843 3056 ἰδίᾳ
891 2985 990 3056 μὲν
1032 2984 1127 3037 τοῦ
1169 2985 1402 3054 Πατρὸς,
1440 2987 1552 3059 ἰδία
1593 2987 1650 3043 δὲ
1696 2989 2059 3058 χορηγοῦντος
2086 2991 2182 3043 τοῦ
2224 2992 2376 3057 Υίοῦ,
2447 2993 2562 3047 ἀλλ’
2592 2993 2667 3057 ὼς
2731 2991 2942 3063 Πατρὸς
2973 2991 3042 3045 δι’
3076 2990 3203 3045 ἰ’ίοῦ
3233 2991 3290 3044 ἐν
3316 2991 3457 3060 ἁγίῳ
3495 2989 3784 3060 Πνεύματι
3813 2992 3876 3042 ἐκ

608 3074 709 3149 τῆς
749 3078 880 3150 μιᾶς
907 3077 1160 3149 θεότητος
1187 3079 1555 3148 πεμπομένων
1585 3081 1695 3133 τῶν
1722 3083 2077 3152 χαρισμάτων
2107 3086 2185 3147 είς
2224 3087 2348 3149 τοὺς
2387 3085 2598 3155 ἁγίους.

1270 3192 1500 3248 ALIUD.
2977 3199 3179 3252 AAAO.

688 3309 745 3365 Si
785 3317 1065 3377 separatus
1111 3313 1256 3362 esset
1311 3303 1608 3360 secundum
1682 3313 1927 3358 naturam
1986 3307 2054 3360 ab
2109 3321 2183 3360 es-

2360 3308 2423 3360 Ei
2445 3308 2745 3379 κεχώριστο
2774 3308 2914 3362 κατὰ
2947 3308 3108 3378 φύσιν
3134 3308 3230 3376 τῆς
3263 3307 3356 3360 τοῦ
3384 3308 3592 3377 Πατρὸς
3622 3308 3817 3373 οὐσίας
3845 3313 3873 3363 6

613 3400 789 3456 scutis
815 3398 993 3453 Patris
1038 3396 1228 3464 Filius,
1251 3405 1306 3450 et
1339 3395 1439 3450 nisi
1499 3395 1641 3450 inter
1683 3409 1778 3450 eos
1810 3396 2183 3464 inseparabilis

2289 3397 2436 3464 Υἱὸς,
2471 3400 2564 3453 καὶ
2602 3401 2650 3452 εί
2699 3400 2881 3471 μήτις
2909 3399 3094 3469 ἑνότης
3132 3395 3452 3458 ἁδιὰστατος
3478 3393 3546 3466 ἦν
3585 3399 3642 3449 ἐν
3678 3400 3872 3463 αὐτοῖς

612 3493 856 3562 quadam
889 3491 1067 3544 auitas
1095 3487 1472 3549 intercederet.
1500 3486 1677 3558 qualis
1699 3496 1781 3540 est
1821 3489 1965 3542 inter
2000 3488 2184 3558 splen-

614 3584 796 3640 dorem
821 3591 871 3635 et
889 3581 1077 3646 solem,
1112 3579 1375 3634 sufﬁceret
1406 3576 1578 3632 solum
1607 3575 1821 3631 Patrem
1850 3579 2052 3633 sanctis
2092 3580 2196 3634 do-

615 3691 683 3731 na
705 3673 971 3736 conferre,
1011 3687 1111 3724 non
1136 3669 1371 3724 admisso
1401 3669 1559 3724 simul
1578 3668 1646 3724 ad
1675 3669 1776 3725 hoc
1799 3670 1956 3725 Filio.
1980 3671 2114 3725 Nam
2138 3672 2184 3726 si

612 3777 807 3820 creant:
833 3772 1034 3816 naturae
1057 3771 1159 3825 est,
1181 3771 1232 3814 et
1260 3759 1531 3813 diversum
1551 3760 1677 3832 quid
1719 3774 1748 3814 a
1780 3759 1909 3825 Deo,
1928 3776 2088 3830 quam
2114 3762 2182 3817 ob

613 3871 829 3912 causam
863 3869 984 3907 cum
1019 3852 1157 3905 nulla
1186 3867 1249 3903 ex
1284 3850 1532 3905 omnibus
1557 3852 1821 3906 creaturis
1876 3851 1985 3909 Deo
2029 3867 2181 3907 com-

614 3947 853 4002 municet
877 3946 941 3998 ad
972 3945 1271 3996 divinorum
1299 3942 1562 3996 donorum
1615 3943 1977 4010 largitionem,
2035 3944 2182 3998 solus

611 4038 727 4106 ipse
751 4034 1103 4090 admittatur?
1125 4031 1293 4086 Nemo
1317 4032 1458 4086 enim
1513 4031 1650 4088 ferat
1716 4033 1949 4102 aliquem
1997 4034 2183 4089 dicen-

614 4139 719 4182 tem
747 4142 761 4179 :
797 4127 896 4180 Det
930 4125 1022 4180 tibi
1054 4123 1339 4194 petitiones
1367 4123 1548 4177 cordis
1578 4123 1652 4177 tui
1729 4123 1867 4177 Deus
1922 4123 2081 4177 Pater
2126 4133 2182 4179 et

610 4219 858 4287 angelus;
904 4217 998 4271 sed
1027 4230 1202 4285 neque
1230 4214 1275 4269 si
1313 4214 1441 4284 quid
1466 4215 1640 4284 majus
1697 4213 1888 4284 angelo
1912 4215 2175 4270 nominet.

612 4312 723 4366 Soli
753 4310 897 4363 cnim
947 4306 1057 4360 Deo
1089 4305 1342 4361 convenit
1368 4305 1493 4371 hoc,
1525 4306 1677 4361 dare.
1710 4305 1766 4360 Si
1791 4321 1920 4361 vero
1952 4306 2044 4362 dat
2071 4323 2182 4362 non.

609 4417 732 4455 cum
769 4399 870 4452 ulla
893 4414 954 4453 ex
990 4396 1276 4463 creaturis,
1311 4396 1406 4450 sed
1466 4411 1587 4450 cum
1627 4396 1744 4452 solo
1797 4395 1937 4452 Filio
1981 4407 2036 4452 et
2083 4413 2180 4466 per

609 4493 802 4547 Filium
849 4491 901 4544 in
951 4489 1154 4558 Spiritu
1189 4497 1400 4556 sancto,
1460 4487 1805 4544 manifestum
1863 4491 1998 4545 satis
2051 4491 2176 4545 hinc

610 4584 778 4638 fuerit
809 4582 959 4635 illum
994 4580 1315 4636 naturaliter
1350 4596 1415 4636 ex
1451 4581 1686 4636 essentia
1719 4579 1900 4637 Patris
1929 4583 2171 4651 genitum

608 4689 750 4738 esse,
771 4672 1094 4739 Patremque
1147 4673 1198 4725 in
1229 4688 1288 4727 se
1340 4673 1579 4727 habere:
1608 4673 1890 4742 ipsumque
1930 4675 2171 4729 vicissim

2285 3489 2475 3542 ὁποίαν
2521 3489 2631 3559 ἔχει
2663 3489 2724 3542 τὸ
2769 3489 3114 3558 ἀπαύγασμα
3141 3488 3278 3558 πρὸς
3310 3488 3402 3541 τὸν
3431 3489 3601 3557 ἥλιον,
3639 3489 3868 3559 ἐξήρκει

2285 3579 2378 3631 καὶ
2408 3578 2565 3649 μόνον
2599 3579 2689 3631 τὸν
2728 3579 2948 3650 Πατέρα
2973 3580 3086 3642 τοῖς
3127 3579 3302 3646 ἁγίοις
3329 3580 3619 3633 ἐπιδιδόναι
3667 3582 3734 3632 τὰ
3760 3600 3864 3651 χαο

2286 3668 2559 3740 ρίσματα,
2585 3670 2660 3740 μὴ
2699 3668 3370 3740 συμπαραλαμϐανομένου
3408 3671 3541 3739 πρὸς
3583 3670 3743 3724 τοῦτο
3768 3675 3866 3724 καὶ

2283 3758 2379 3812 τοῦ
2410 3760 2562 3814 Υίοῦ.
2592 3761 2652 3812 Εἰ
2682 3759 2788 3828 γὰρ
2819 3760 3045 3829 κτιστῆς
3072 3763 3220 3813 ἐστιν
3247 3761 3453 3824 οὐσίας,
3479 3762 3570 3813 καὶ
3598 3761 3683 3812 Et:
3696 3762 3784 3830 ρὸν
3808 3778 3861 3814 τι

2285 3850 2436 3920 παρὰ
2461 3848 2551 3902 τὸν
2581 3849 2734 3912 Θεὸν,
2761 3852 2912 3902 ποῖον
2945 3849 3058 3918 ἔχει
3084 3849 3240 3917 λόγον
3276 3851 3489 3913 οὐδενὸς
3529 3851 3639 3903 τῶν
3684 3851 3861 3904 ἄλλων

2283 3940 2600 4008 κτισμάτων
2633 3938 3110 4002 ἐπικοινωνοῦντος
3137 3939 3255 4008 Θεῷ
3283 3939 3418 4010 πρὸς
3456 3938 3551 4009 τὴν
3578 3939 3724 3993 δόσιν
3750 3941 3860 3994 τῶν

2283 4027 2444 4082 θείων
2485 4028 2863 4099 χαρισμάτων,
2899 4028 3057 4098 μόνον
3097 4029 3259 4081 αὑτὸν
3293 4027 3852 4098 παραλαμϐάνεσθαι;

2283 4118 2358 4172 Οὐ
2403 4118 2510 4189 γὰρ
2557 4118 2809 4184 ἀνέξεταί
2859 4135 2942 4181 τις
2979 4117 3226 4187 λέγοντός
3270 4135 3449 4182 τινοςο
3496 4118 3621 4189 Δοίη
3675 4135 3756 4171 σοι
3785 4121 3854 4172 τὰ

2281 4211 2561 4281 αἰτήματά
2595 4228 2688 4264 σου
2718 4210 2851 4274 Θεὸς
2889 4211 3051 4280 τυχὸν
3082 4211 3112 4263 ὁ
3144 4209 3333 4282 Πατὴρ
3381 4211 3476 4263 καὶ
3513 4213 3544 4262 ό
3587 4211 3814 4278 ἄγγελος
3834 4227 3850 4239 ο

2281 4301 2396 4355 ἀλλ’
2424 4301 2544 4354 οὐδὲ
2573 4302 2625 4355 εἰ
2643 4318 2696 4354 τι
2721 4299 2908 4371 μεῖζον
2933 4301 3251 4371 ὀνομάσειεν
3280 4301 3533 4369 ἀγγέλου.
3561 4302 3724 4370 Μόνῳ
3746 4301 3851 4371 γάρ

2279 4393 2339 4446 τὸ
2369 4393 2576 4447 διδόναι.
2598 4391 2796 4463 πρέπει
2828 4393 2968 4465 Θεῷ.
3015 4395 3078 4447 Εί
3102 4393 3159 4446 δὲ
3187 4392 3421 4456 δίδωσιν,
3450 4393 3511 4445 οὐ
3545 4394 3685 4460 μετά
3711 4410 3850 4455 τινος

2279 4485 2465 4555 ἐτέρου
2491 4485 2600 4538 τῶν
2629 4485 2968 4555 κτισμάτων,
3000 4485 3135 4538 ἀλλὰ
3177 4484 3322 4554 μόνῳ
3353 4484 3451 4536 σὺν
3497 4484 3607 4553 Υίῷ
3649 4485 3742 4537 καὶ
3783 4484 3847 4536 δι’

2282 4578 2410 4632 Υἱοῦ
2440 4579 2498 4630 ἐν
2527 4578 2667 4648 ἁγίῳ
2697 4577 2998 4648 Πνεύματι,
3039 4575 3196 4646 δῆλον
3225 4574 3476 4628 ἐντεῦθεν
3523 4575 3588 4628 ἂν
3626 4574 3711 4643 εἴη
3757 4576 3847 4627 καὶ

2284 4668 2446 4720 παντί
2480 4685 2555 4738 τῳ
2581 4666 2878 4738 γνώριμον,
2909 4667 3101 4736 ὅτιπερ
3139 4665 3240 4733 τῆς
3285 4666 3474 4728 οὐσίας
3515 4664 3609 4716 τοῦ
3641 4665 3848 4732 Πατρὸς

607 4763 954 4818 exsistentem
986 4759 1040 4813 in
1064 4759 1221 4814 Patre
1241 4761 1422 4814 omnia
1445 4761 1656 4816 ellicere
1682 4771 1842 4830 atque
1871 4763 2175 4832 operari,et

2289 4761 2410 4813 ἴδιόν
2450 4762 2567 4813 ἐστι
2608 4759 2876 4830 γέννημα,
2910 4759 3002 4812 καὶ
3031 4759 3120 4812 τὸν
3150 4759 3369 4827 Πατέρα
3399 4756 3533 4826 ἔχων
3565 4757 3623 4808 ἐν
3651 4756 3845 4824 ἐαυτῷ,

607 4857 745 4912 dona
776 4854 980 4909 sanctis
1008 4851 1277 4909 conferre.
1301 4852 1453 4920 Quod
1479 4861 1533 4908 et
1576 4853 1778 4907 Paulus
1811 4863 2038 4909 testatur
2095 4857 2177 4910 di-

609 4962 736 5002 cens
768 4962 781 4998 :
823 4965 841 4996 ι
866 4944 1080 5000 Gratias
1103 4961 1200 5015 ago
1226 4945 1333 5000 Deo
1359 4961 1477 5002 meo
1517 4961 1728 5015 semper
1758 4946 1824 5001 de
1852 4948 2001 5002 vobis
2033 4963 2160 5017 pro-

609 5045 726 5103 pter
748 5032 973 5102 gratiam
1005 5032 1097 5088 Dei
1146 5049 1265 5104 qua:
1310 5033 1432 5088 data
1498 5034 1651 5090 vobis
1707 5035 1760 5090 in
1809 5037 2031 5091 Christo
2084 5035 2175 5091 Je-

602 5142 664 5181 su
691 5127 756 5180 ⁸⁸.
793 5145 812 5178 ι

1287 5323 1516 5380 ALIUD.

981 5433 1064 5488 Ex
1099 5435 1385 5501 objections
1417 5437 1800 5496 Itwmtirorum.

677 5550 920 5617 Dixistis,
942 5550 1114 5616 aiunt,
1143 5550 1342 5606 nullam
1377 5562 1748 5606 creaturarum
1779 5551 1886 5607 Deo
1917 5568 2162 5606 cornutu-

2279 4850 2443 4913 αὐτός
2470 4866 2530 4902 τε
2554 4849 2753 4919 ὁμοίως
2779 4848 3041 4918 ὑπάρχων
3067 4849 3124 4900 ὲν
3146 4846 3224 4916 τῷ
3266 4847 3460 4916 Πατρὶ,
3492 4846 3667 4898 πάντα
3701 4847 3847 4913 ἐνερ-

2278 4947 2366 5013 γεῖ
2392 4944 2486 4997 καὶ
2524 4942 2818 5014 ἐργάζεται
2860 4941 2953 4993 καὶ
2996 4941 3221 5010 χορηγεῖ
3247 4941 3358 5000 τοῖς
3395 4937 3565 5003 ἁγίοις
3609 4935 3709 4997 τὰς
3742 4935 3844 4986 δω-

2283 5035 2429 5106 ρεάς.
2478 5035 2586 5087 Καὶ
2638 5037 2846 5104 μάρτυς
2890 5032 2918 5084 6
2963 5029 3170 5093 Παῦλος
3207 5028 3413 5097 λέγων·
3461 5047 3478 5078 ι
3528 5026 3845 5096 Εὑχαριστῶ

2277 5123 2356 5194 τῷ
2383 5122 2500 5193 Θεῷ
2551 5140 2652 5192 μου
2697 5122 2925 5175 πάντοτε
2975 5121 3102 5190 περὶ
3134 5120 3291 5189 ὑμῶν
3329 5119 3420 5171 ἐπὶ
3447 5121 3510 5188 τῇ
3543 5120 3724 5187 χάριτι
3751 5115 3842 5168 τοῦ

2277 5211 2413 5266 θεοῦ
2446 5214 2511 5280 τῇ
2537 5211 2751 5282 δοθείσῃ
2781 5211 2906 5280 ὑμῖν
2942 5211 2999 5261 ὲν
3029 5207 3250 5279 Χριστῷ
3295 5207 3490 5276 Ἰησοῦ.
3541 5225 3558 5256 ι

2953 5319 3158 5371 AAAO.

2513 5435 2605 5498 Ὠς
2633 5433 2702 5495 ἐξ
2733 5433 3088 5496 ἀντιθέσεως
3127 5428 3244 5482 τῶν
3283 5425 3607 5494 ιιίρετιχῶν.

2347 5547 2638 5616 Εἰρήκατε,
2666 5547 2818 5614 φασὶ,
2852 5546 3016 5616 μηδὲν
3048 5545 3152 5597 τῶν
3201 5541 3509 5612 κτισμάτων
3554 5553 3832 5608 συμπαρα-

674 5728 719 5759 ¹¹¹
751 5727 906 5785 Joan.
938 5745 1049 5796 λιν,
1079 5729 1172 5789 9.3.
1248 5731 1294 5762 ”
1330 5729 1484 5785 Rom.
1515 5747 1554 5793 ι,
1583 5731 1633 5784 7.
1709 5728 1756 5761 ⁹⁰
1787 5729 1804 5782 l
1839 5727 1998 5783 Thes.
2043 5746 2124 5793 Ill,
2173 5729 2183 5782 Ι

2331 5727 2371 5756 "
2409 5725 2425 5778 l
2461 5739 2585 5781 Lor.
2625 5744 2662 5794 ι,
2700 5735 2744 5782 ι.

4035 1095 4037 1122 1

4035 1199 4037 1246 Ι

4031 1673 4037 1806 l

4029 1813 4037 1968 ἓ
