4072 6516
134 374 250 449 493'

1548 381 1819 437 TIIESAL'
1836 380 1988 437 RUS.

3307 385 3410 440 19$

131 506 512 577 λαμϐάνεσθαι
539 506 618 577 τῷ
654 504 776 577 Θεῷ
810 494 869 559 ἐν
898 505 1017 567 ταῖς
1050 502 1160 579 τῶν
1206 502 1565 572 χαρισμάτων
1607 502 1713 553 ἐπι-

1833 501 2035 563 nieare,
2068 498 2120 553 iu
2157 500 2424 553 donorum
2454 500 2943 572 largitlouilms.At
2991 504 3117 573 quid
3160 505 3411 559 statuetis

129 596 335 652 δόσεσι.
369 598 437 651 Τί
475 594 569 651 οὖν
595 599 700 667 ἄρα
728 598 981 667 ποιήσετε
1020 594 1113 648 τὸν
1144 594 1486 664 πατριάρχην
1528 592 1720 645 Ἰακὼϐ

131 689 488 761 εὑρίσκοντες
518 692 575 743 ὲν
602 690 717 751 ταῖς
763 686 935 750 θείαις
970 687 1217 757 Γραφαῖς
1260 686 1386 749 τοὺς
1420 684 1480 749 ἐξ
1522 685 1721 755 Ἰωσὴφ

129 781 461 850 εὐλογοῦντα
504 780 593 834 τόν
636 796 696 831 τε
753 777 995 848 Ἐφραῖμ
1040 775 1285 847 δηλονότι
1334 776 1428 829 καὶ
1469 776 1559 829 τὸν
1602 777 1723 829 Μα-

129 873 329 942 νασσῆ,
372 873 463 926 καὶ
498 872 760 938 λέγοντα’
811 888 829 921 ι
888 868 946 921 '0
998 869 1131 931 Θεὸς
1183 867 1211 919 6
1262 866 1483 939 τρέφων
1536 883 1604 937 με
1657 869 1721 919 ὲκ

128 963 385 1035 νεότητός
425 980 527 1032 μου
566 962 671 1027 ἕως
704 962 801 1031 τῆς
843 960 1059 1031 ἡμέρας
1104 958 1331 1029 ταύτης,
1375 960 1469 1011 καὶ
1497 960 1525 1011 6
1557 959 1723 1027 ἄγγε-

126 1052 223 1116 λος
249 1056 278 1106 6
319 1054 582 1125 ρυόμενός
624 1070 689 1123 με
740 1054 804 1105 ἐκ
838 1053 1055 1105 πάντων
1086 1051 1191 1103 τῶν
1231 1048 1421 1103 κακῶν
1468 1068 1592 1120 μου,
1633 1050 1723 1102 εύ-

124 1142 358 1214 λογήσαι
397 1148 466 1198 τὰ
506 1145 693 1197 παιδία
724 1143 936 1209 ταῦτα;
970 1162 989 1195 ι
1042 1144 1196 1206 Ἰδοὺ,
1233 1144 1417 1213 φησὶν,
1448 1142 1721 1211 ὀνομάσας

125 1238 287 1302 Θεὸν,
322 1238 678 1309 προστέθεικε
709 1238 805 1291 καὶ
838 1236 927 1289 τὸν
960 1235 1209 1305 ἄγγελον,
1241 1236 1317 1299 ὼς
1348 1236 1590 1303 εὐλογεῖν
1624 1236 1721 1287 σὺν

130 1328 285 1398 αύτῷ
321 1329 638 1387 δυνάμενον.

611 1447 765 1516 Πρὸς
812 1448 997 1501 ταῦτα
1029 1448 1230 1513 λύσις.

200 1563 263 1614 Εἰ
293 1560 631 1630 προφητικὸν
672 1562 1000 1633 ἐνυπάρχειν
1032 1563 1249 1634 πνεῦμα
1282 1562 1360 1634 τῷ
1386 1563 1452 1617 τά
1491 1564 1718 1617 τοιαῦτα

120 1654 339 1721 λέγοντι
370 1650 783 1721 ὲνομολογοῢσιν
811 1654 859 1705 οἱ
891 1655 1273 1725 χριστομάχοι,
1307 1657 1400 1708 καὶ
1428 1658 1717 1710 πιττεύου-

124 1760 214 1795 σιν
248 1744 419 1804 ὅντως
446 1742 600 1808 ἆγιον
644 1742 813 1813 ἄνδρα
852 1744 1183 1814 γεγενῆσθαι
1213 1746 1304 1798 τὸν
1346 1747 1561 1811 Ἰακὼϐ,
1592 1749 1716 1801 ὅτου

1825 592 1891 645 de
1918 591 2225 661 patriarcha
2257 590 2446 655 Jacob,
2472 608 2593 645 eum
2632 595 2685 647 in
2725 596 2899 649 sacris
2935 595 3234 664 Scripturis
3265 596 3411 649 inve-

1824 684 1985 736 nietis
2005 698 2128 737 eum
2151 684 2381 752 posteris
2404 684 2603 751 Jnsepb
2634 688 3119 753 benedicentem,et
3149 686 3410 757 Eplu'aitn

1823 785 1876 827 et
1909 774 2163 838 lilanassi,
2194 787 2245 829 et
2271 778 2537 830 dicentem
2576 793 2638 829 τι
2681 777 2819 832 Deus
2878 778 2967 847 qui
3032 796 3118 832 me
3169 781 3340 832 nutrit
3379 795 3409 831 a

1819 865 2103 934 juventnte
2145 880 2260 919 mea
2283 882 2456 935 uSque
2488 870 2555 921 ad
2590 870 2915 930 ltuncdiem,
2940 879 2991 922 et
3035 869 3260 938 angelus
3316 870 3409 937 qui

1824 954 2019 1009 liberat
2053 971 2137 1008 me
2166 972 2231 1010 ex
2253 959 2506 1012 Omnibus
2540 960 2693 1014 malis
2714 960 2868 1022 meis,
2911 957 3198 1012 benedicat
3228 960 3412 1026 pueris

1826 1047 1944 1099 iStis
1975 1045 2040 1100 ".
2080 1065 2099 1099 ι
2134 1046 2294 1109 Ecce,
2342 1050 2613 1117 inquiunt,
2681 1067 2801 1103 cum
2854 1052 3186 1104 nominasset
3252 1050 3414 1121 116

1828 1137 2013 1201 Deum,
2039 1137 2232 1206 adjecit
2263 1140 2423 1194 etiam
2457 1144 2726 1210 angelum,
2768 1150 2949 1211 utpote
3013 1141 3103 1211 qui
3146 1156 3248 1194 una
3285 1158 3409 1195 cum

1825 1227 1943 1296 ipso
1981 1231 2303 1285 benedicere
2345 1246 2544 1301 pOSset.

2330 1442 2538 1496 Salutio
2569 1442 2903 1513 objectionis.

1895 1558 1951 1612 Si
1985 1560 2166 1611 hostes
2191 1557 2392 1612 Christi
2424 1558 2660 1610 fatentur
2699 1556 3013 1626 prophetico
3039 1557 3233 1626 spiritu
3259 1558 3411 1611 allia-

1825 1660 1934 1703 tum
1966 1648 2343 1711 fuisseJacob,
2377 1666 2494 1702 rum
2518 1650 2791 1719 ejusmodi
2826 1650 3052 1715 diceret,
3088 1665 3261 1720 neque
3312 1651 3409 1704 dii-

1824 1741 2047 1794 litentur
2079 1741 2224 1793 illum
2258 1757 2446 1795 revera
2483 1752 2734 1795 sanctmu
2774 1741 2949 1795 virum
2985 1742 3174 1805 fuisse,
3209 1758 3405 1812 quatu-

119 1827 190 1899 δὴ
236 1830 395 1899 χάριν
434 1828 705 1900 τοσαύτην
747 1831 895 1902 αύτῴ
937 1835 1305 1905 περιτιθέντες
1345 1836 1571 1908 πλάνην,
1613 1839 1713 1891 οὐκ

1820 1833 2003 1886 obrem
2024 1847 2116 1886 eos
2159 1841 2364 1885 tantum
2395 1847 2639 1885 errorem
2665 1833 2711 1885 ei
2742 1832 3017 1887 ascribere
3050 1849 3157 1887 non
3212 1836 3402 1903 pudet,

121 1919 475 1989 αἰσχύνονται
508 1924 584 1983 ὡς
614 1922 847 1990 ἄγγελον
884 1926 1177 1978 συνάπτειν
1208 1926 1284 1995 τῷ
1315 1929 1531 1981 πάντων
1574 1928 1715 1999 Θεῷ,

123 2010 223 2060 καὶ
252 2010 514 2066 δύνασθαι
549 2015 895 2083 συνευλογεῖν
920 2014 996 2086 τῷ
1024 2018 1346 2087 πεποιηκότι
1376 2021 1437 2071 τὸ
1461 2019 1526 2071 δι’
1548 2019 1716 2073 αὑτοῦ

120 2103 423 2172 γενόμενον
455 2105 732 2175 νομίζειν;
785 2106 847 2160 El
894 2107 949 2160 δὲ
988 2108 1146 2161 τοῦτο
1182 2110 1401 2173 ἄτοπον,
1439 2112 1714 2164 ἀκουέτω.

125 2210 229 2246 σαν
268 2196 360 2248 καὶ
394 2197 526 2265 παρ’
568 2198 744 2267 ἡμῶν.
793 2200 855 2251 Εἰ
907 2198 1006 2267 μὲν
1037 2200 1190 2267 ἆγιον
1224 2200 1395 2264 ὅντως
1431 2203 1717 2255 πιστεύετε

123 2286 456 2356 γεγενῆσθαι
514 2288 606 2341 τὸν
670 2288 899 2354 Ἰακὼϐ,
968 2289 1248 2343 παύσασθε
1307 2292 1719 2363 δυσφημοῦντες

120 2375 289 2427 αὐτόν
313 2396 323 2407 ·
360 2373 570 2445 ζητεῖτε
600 2377 656 2430 δὲ
693 2378 894 2447 μᾶλλον
923 2379 1029 2429 τῶν
1056 2378 1361 2448 εἰρημένων
1394 2381 1522 2451 παρ’
1551 2380 1715 2434 αὐτοῦ

124 2464 228 2534 τὴν
252 2465 428 2535 ἁληθῆ
459 2467 716 2521 διάνοιαν.
752 2471 812 2522 Εἰ
836 2469 894 2521 δὲ
922 2470 1023 2522 ούκ
1051 2466 1117 2540 ἦν
1142 2468 1317 2538 ἅγιος,
1342 2471 1478 2542 πρὸς
1511 2472 1566 2525 δὲ
1603 2477 1719 2537 τοῖς

122 2555 309 2619 ἄλλοις
357 2557 532 2613 ἅπασι
584 2560 677 2613 καὶ
733 2560 892 2613 τοῦτο
941 2561 1123 2629 λέγειν
1161 2562 1418 2632 τολμᾶτε,
1478 2566 1532 2617 τί
1583 2566 1720 2638 πρὸς

125 2647 468 2720 ἀνατροπὴν,
486 2649 561 2713 ὼς
580 2651 782 2719 οἴεσθε,
799 2652 911 2704 τῶν
932 2653 1207 2707 τοσούτων
1239 2655 1335 2708 καὶ
1358 2656 1715 2725 τηλικούτων,

120 2738 321 2810 ἀνδρὸς
359 2742 457 2812 οὐχ
500 2742 655 2810 ἁγίου
691 2745 886 2814 φέρετε
933 2748 1150 2817 φωνήνς
1198 2748 1571 2819 Παρελθόντες
1609 2767 1717 2803 τοι·

117 2830 330 2901 γαροῦν
383 2833 485 2896 τὰς
537 2834 693 2904 ὑμῶν
729 2835 994 2906 ἀμαθίας,
1032 2839 1447 2909 ἐρμηνεύσομεν
1490 2840 1610 2893 καθ’
1657 2842 1718 2895 ὃν

116 2922 208 2975 δεῖ
250 2921 452 2994 τρόπον
501 2924 597 2977 τοῦ
648 2927 992 2999 πατριάρχου
1045 2931 1171 2991 τοὺς
1218 2930 1433 2999 λόγους.
1489 2932 1575 2995 Ὠς
1608 2932 1716 3003 γὰρ

117 3011 265 3084 ἀνὴρ
299 3014 452 3082 ἅγιος
480 3016 573 3069 καὶ
607 3016 881 3087 Πνεύματι
907 3017 1036 3087 Θείῳ
1074 3018 1207 3089 πρὸς
1240 3021 1340 3090 τὴν
1374 3021 1577 3089 γνῶσιν
1607 3021 1716 3076 τῶν

115 3104 222 3175 τῆς
255 3104 537 3169 εὐσεϐείας
585 3107 871 3179 δογμάτων
918 3110 1457 3183 παιδαγωγούμενος,
1500 3114 1715 3186 πρῶτον

1824 1934 2057 1992 quantus
2102 1924 2475 1993 est.augelum
2514 1923 2624 1976 Deo
2661 1924 2825 1978 totius
2878 1926 3114 1977 universi
3177 1926 3405 1994 conjun-

1823 2032 1949 2085 gere
1975 2027 2029 2070 et
2055 2029 2243 2085 putare
2276 2026 2585 2070 creaturam
2625 2017 2784 2071 simul
2810 2033 2927 2069 eum
2947 2015 3022 2069 eo
3044 2033 3071 2070 a
3100 2034 3206 2086 quo
3224 2028 3405 2072 creata

1821 2118 1902 2161 est
1934 2108 2254 2162 benedicere
2283 2107 2483 2177 posse?
2523 2106 2577 2161 Si
2616 2108 2895 2173 vcro,boc
2955 2110 3249 2163 absardum
3303 2121 3404 2175 est,

1822 2198 2044 2251 audiant
2091 2215 2119 2251 a
2169 2199 2345 2254 nobis.
2386 2196 2443 2251 Si
2478 2208 2720 2251 sanctum
2751 2200 2973 2253 oumino
3006 2197 3172 2254 luisse
3230 2201 3404 2255 virum

1820 2288 1987 2343 Jaeob
2015 2305 2327 2357 persuasum
2356 2290 2589 2351 habetis,
2624 2287 2854 2344 desinite
2903 2289 3169 2357 ejusmodi
3215 2302 3407 2345 contu—

1823 2378 1979 2432 melia
2011 2392 2133 2431 eum
2158 2394 2387 2433 onerare
2421 2397 2435 2432 :
2473 2387 2526 2429 at
2561 2378 2740 2446 potius
2785 2394 2970 2432 eorum
3004 2396 3124 2449 qute
3147 2381 3283 2435 dixit
3309 2397 3403 2434 ve-

1825 2484 1937 2520 ram
1978 2468 2300 2522 sententiam
2334 2467 2676 2537 investigate.
2706 2468 2762 2522 Si
2789 2479 2968 2523 autem
3019 2485 3239 2527 sanctus
3298 2492 3403 2529 non

1824 2558 1946 2621 fuit,
1992 2569 2045 2612 et
2069 2569 2264 2627 praeter
2288 2560 2391 2613 alia
2427 2561 2531 2614 boc
2556 2561 2721 2613 etiam
2766 2562 2947 2615 direre
3006 2565 3240 2628 audetis,
3304 2582 3407 2621 cur

1824 2653 1891 2703 ad
1923 2651 2318 2705 subrertendas
2352 2666 2438 2705 res
2463 2650 2597 2703 tanti
2625 2653 2887 2705 momenti
2942 2657 3273 2711 auctoritate
3300 2659 3400 2711 viri

1823 2756 1928 2795 non
1949 2742 2119 2795 sancti
2154 2740 2406 2793 utimini?
2454 2741 2723 2796 Caeterum
2781 2758 2880 2800 nos
2938 2746 3157 2802 omissis
3205 2751 3404 2804 vestris

1822 2831 2210 2894 deliramentis,
2244 2814 2569 2901 patriarchae
2599 2834 2760 2888 verba
2787 2838 3061 2905 quomodo
3095 2839 3402 2910 intelligen-

1819 2922 1884 2975 da
1908 2922 2039 2987 sint,
2068 2924 2485 2993 explicabimus.
2518 2924 2657 2979 Nam
2694 2936 2753 2981 ut
2786 2927 2868 2982 vir
2889 2939 3110 2984 sanctus
3136 2942 3189 2985 et
3220 2948 3248 2984 a
3281 2932 3404 3000 Spi-

1823 3014 1925 3068 ritu
1952 3015 2136 3070 divino
2170 3017 2236 3070 ad
2268 3017 2511 3071 notitiam
2551 3019 2863 3088 dogmatum
2903 3020 3127 3089 pietatis
3179 3023 3398 3086 ductus,

1818 3109 2053 3176 prinmm
2078 3108 2296 3175 quidem
2320 3109 2456 3162 dixit
2498 3128 2511 3163 :
2553 3110 2699 3165 Deus
2730 3113 2820 3181 qui
2857 3114 3030 3167 nutrit
3055 3133 3138 3169 me
3162 3116 3403 3182 ajttvett-

121 3196 228 3267 μὲν
289 3197 525 3270 ἔφησεν·
584 3202 641 3255 '0
686 3203 815 3266 Θεὸς
865 3204 893 3256 6
936 3203 1156 3274 τρέφων
1230 3223 1295 3277 με
1345 3209 1409 3261 ὲκ
1466 3208 1713 3279 νεότητός

1822 3206 1934 3250 tute
1994 3200 2441 3262 mea,benedicat
2475 3200 2657 3269 pueris
2688 3201 2860 3257 hisce.
2912 3203 3117 3258 Deinde
3162 3208 3279 3260 ait:
3340 3207 3405 3259 Et

118 3301 253 3359 μου,
292 3291 581 3362 εὐλογῆσαι
613 3294 681 3347 τὰ
719 3294 909 3347 παιδία
939 3295 1130 3349 ταῦτα.
1164 3294 1298 3351 Εἶτά
1339 3316 1473 3370 φησι
1501 3317 1513 3329 ·
1546 3301 1656 3354 Καὶ
1685 3303 1713 3355 6

114 3382 355 3450 ἄγγελος
392 3386 421 3437 6
451 3386 715 3456 ρυόμενός
746 3404 813 3458 με
851 3389 914 3440 ὲκ
946 3390 1164 3443 πάντων
1202 3391 1311 3444 τῶν
1354 3393 1540 3447 κακῶν
1571 3412 1673 3465 μου
1695 3411 1709 3426 ·

116 3475 215 3528 ἵνα
239 3476 326 3529 διὰ
353 3477 449 3547 μὲν
464 3478 557 3531 τοῦ
579 3479 783 3548 λέγειν,
813 3481 871 3533 Ὀ
889 3482 1042 3545 Θεὸς,
1063 3484 1301 3555 σημαίνῃ
1332 3486 1423 3538 τὸν
1450 3487 1664 3559 Πατέρα
1691 3504 1706 3519 ⁶

116 3566 214 3619 διὰ
244 3567 304 3621 δὲ
329 3568 422 3621 τοῦ
464 3569 672 3637 λέγειν,
733 3571 790 3624 '0
815 3572 1067 3640 ἄγγελος,
1102 3574 1193 3626 τὸν
1231 3574 1290 3639 ἐξ
1316 3577 1483 3629 αὑτοῦ
1507 3579 1703 3647 Λόγον.

120 3658 281 3730 ’ᾙδει
321 3660 428 3732 γάρ
481 3662 563 3714 ὅτι
608 3662 854 3715 καλεῖται
907 3664 967 3716 τὸ
1015 3664 1187 3734 ὄνομα
1240 3667 1429 3733 αὐτοῦ,
1468 3671 1711 3741 μεγάλης

119 3751 325 3822 βουλῆς
360 3754 645 3822 Ἄγγελος.
683 3756 804 3809 Ὅτι
841 3755 897 3808 δὲ
925 3756 1017 3808 τὸν
1056 3757 1185 3810 Υἱὸν
1216 3758 1403 3811 ἐνθάδε
1436 3763 1591 3831 φησὶ,
1617 3765 1711 3815 καὶ

116 3844 183 3897 ού
218 3845 461 3900 τοιοῦτον
492 3847 744 3915 ἄγγελον,
772 3848 953 3901 ὁποῖον
989 3850 1021 3920 ἡ
1052 3850 1312 3920 συνήθεια
1337 3851 1521 3905 δίδωσι
1544 3856 1708 3921 νοεῖν,

116 3936 377 3990 ἐντεῦθεν
397 3938 549 3991 ἔσται
572 3939 905 4009 καταφανές.
930 3940 1183 4011 Εἰρηκὼς
1204 3941 1335 4013 γάρ,
1369 3944 1427 3995 '0
1455 3944 1707 4013 ἄγγελος,

115 4028 222 4098 ούχ
261 4028 443 4099 ἵστησι
485 4030 649 4103 μέχρι
694 4030 888 4084 τούτου
927 4030 1021 4084 τὸν
1069 4031 1246 4100 λόγον,
1298 4032 1435 4087 ἀλλὰ
1476 4038 1711 4107 προστέ-

116 4125 341 4178 θεικεν·
384 4145 401 4176 ι
460 4128 520 4179 'U
571 4130 833 4199 ρυόμενός
883 4149 950 4202 με
999 4136 1063 4186 ἐκ
1109 4136 1328 4188 πάντων
1370 4133 1479 4187 τῶν
1523 4137 1711 4191 κακῶν

119 4233 248 4287 μου.
282 4236 300 4269 ι
334 4220 562 4290 Ἰδωμεν
592 4222 771 4276 τοίνυν
805 4227 869 4278 ἐκ
903 4225 1011 4279 τῶν
1043 4226 1210 4280 αὐτοῦ
1245 4230 1526 4298 ῥημάτων,
1558 4232 1605 4283 εί
1635 4232 1709 4302 μὴ

115 4311 144 4361 6
177 4309 315 4373 Θεὸς
342 4306 410 4382 ἦν
437 4315 464 4365 ὁ
500 4314 761 4385 ῥυόμενος
795 4318 981 4386 αὑτὸν,
1017 4319 1154 4373 ἀλλά
1198 4337 1283 4384 τις
1326 4321 1434 4375 τῶν
1464 4321 1709 4393 γενητῶν

116 4402 285 4471 ᾶγγὲ)
294 4424 391 4459 ων.

1817 3288 2039 3356 angelus
2068 3288 2159 3357 qui
2195 3287 2391 3343 liberat
2424 3306 2511 3344 me
2545 3291 2613 3345 ab
2632 3292 2885 3346 omnibus
2936 3294 3093 3348 malis
3124 3295 3255 3351 meis
3281 3336 3296 3364 ,
3346 3308 3405 3351 ut

1815 3396 1938 3434 cum
1967 3380 2211 3435 nominat
2234 3381 2423 3445 Deum,
2456 3383 2717 3453 intelligat
2762 3383 2981 3439 Patrem
3016 3404 3030 3439 :
3065 3404 3187 3440 cum
3231 3405 3402 3459 ange-

1815 3474 1965 3539 lum,
2022 3477 2253 3531 Verbum
2277 3492 2341 3531 ex
2393 3477 2555 3533 Patre
2600 3481 2889 3548 signiﬁcet.
2980 3483 3195 3537 Sciebat
3254 3487 3399 3538 enim

1816 3568 1995 3619 vocari
2030 3583 2223 3621 nomen
2251 3569 2387 3636 ejus,
2409 3570 2586 3637 magni
2629 3572 2843 3624 consilii
2877 3574 3108 3643 Angelus
3130 3574 3193 3627 ”.
3248 3577 3401 3641 Quod

1814 3671 1943 3710 vero
1966 3655 2131 3711 Jacob
2163 3658 2448 3711 ibiFilium
2478 3658 2787 3729 signiﬁcare
2806 3662 3055 3729 voluerit,
3088 3678 3191 3717 non
3219 3676 3398 3718 autem

1817 3748 1974 3800 talem
2003 3749 2275 3817 angelum,
2303 3751 2518 3816 qualem
2550 3753 2889 3805 consuetudo
2919 3762 3002 3805 est
3054 3769 3249 3809 vocare
3305 3772 3402 3809 an-

1816 3841 2022 3910 gelum,
2049 3842 2175 3894 imle
2204 3840 2551 3895 manifestum
2596 3852 2701 3895 est.
2749 3843 2882 3896 Cum
2939 3846 3105 3909 enim,
3155 3849 3397 3916 angelus,

1814 3932 1971 3992 dixit.
2007 3947 2113 3985 non
2148 3930 2294 3984 sistit
2323 3932 2467 3984 ineo
2492 3945 2824 3996 sermonem,
2856 3934 2948 3984 sed
3011 3934 3158 3985 addit
3188 3950 3200 3986 :
3240 3952 3258 3984 ι
3297 3936 3397 4000 ρλιὶ

1816 4025 2013 4079 liberat
2046 4040 2134 4079 me
2157 4040 2224 4080 ex
2282 4024 2540 4080 omnibus
2602 4024 2760 4077 malis
2811 4024 2964 4077 meis.
3035 4043 3054 4074 ι
3111 4024 3400 4081 Videamus

1816 4116 1997 4185 itaque
2023 4130 2089 4169 ex
2120 4114 2292 4183 ipsius
2320 4114 2523 4179 verbis,
2559 4129 2626 4167 an
2683 4128 2787 4167 non
2842 4116 2911 4167 sit
2950 4114 3089 4167 Deus
3135 4115 3224 4184 qui
3274 4132 3396 4169 eum

1815 4209 2096 4264 liberate:
2128 4208 2381 4263 onmibus
2405 4206 2562 4261 malis
2609 4207 2746 4271 suis,
2777 4208 2870 4261 sed
2904 4207 3103 4277 aliquis
3130 4223 3197 4261 ex
3230 4223 3399 4278 ange-

1815 4302 1881 4357 lis
1907 4303 2134 4357 creatis.

130 4516 469 4604 Ἀπόδειξις
507 4520 771 4600 ξφεξνῆς,.
797 4520 907 4604 ὅτι.
934 4522 1081 4587 Θεὸς
1112 4518 1199 4604 ἦτς
1233 4528 1267 4579 ὁ
1305 4527 1615 4604 ,ῥυόμενοςΔ
1641 4526 1709 4581 ἐκ

1820 4527 2224 4581 Demonstramr
2286 4524 2468 4604 Deum.
2504 4524 2671 4592 fuisse
2728 4523 2821 4604 qui
2867 4523 3105 4604 liberat-it
3163 4524 3397 4592 pati-iur-

185 4587 437 4642 πάντων
463 4587 582 4643 τῶν
616 4587 818 4645 κακῶν
848 4594 957 4647 τὸν
984 4587 1364 4665 πατριάρχὴν
1405 4587 1633 4651 Ἰακώϐ.

186 4702 424 4770 Λέγεται
474 4704 737 4759 παλαῖσαι
788 4707 922 4779 πρὸς
974 4708 1066 4761 τὸν
1106 4709 1454 4781 πατριάρχην
1511 4709 1704 4764 Ἰακὼϐ

117 4794 366 4863 ἄγγελος,
421 4797 516 4850 καὶ
560 4798 721 4852 τοῦτο
772 4801 950 4853 κεῖται
1002 4802 1153 4872 παρὰ
1201 4804 1267 4873 τῇ
1314 4802 1433 4873 θείᾳ
1490 4803 1700 4874 Γραφῇ.

130 4885 290 4939 Ἀλλά
327 4888 541 4959 συσχὼν
588 4890 751 4944 αὐτὸν
792 4894 820 4944 6
856 4892 1010 4959 ἅγιος
1044 4892 1316 4960 ἔφασκεν·
1359 4912 1376 4945 ι
1423 4894 1498 4946 Οὐ
1540 4898 1613 4966 μή
1646 4912 1704 4948 σε

118 4977 252 5040 ἀνῶ,
295 4978 390 5031 ἐὰν
428 4980 502 5050 μή
553 4998 619 5051 με
652 4982 977 5053 εύλογήσῃς.
1015 5003 1034 5035 ι
1073 4980 1181 5039 Ἦν
1225 4984 1281 5038 δὲ
1308 4978 1464 5050 οὗτος
1496 4987 1525 5039 6
1549 4988 1701 5050 Θεός.

117 5067 292 5120 Αὑτοῦ
341 5086 401 5122 τε
446 5069 541 5123 τοῦ
584 5074 924 5144 πατριάρχου
965 5074 1190 5146 φέρεται
1230 5080 1416 5150 φωνή·
1479 5096 1497 5129 ι
1554 5074 1704 5132 Εἶδον

118 5157 250 5209 Θεὸν
286 5159 579 5230 πρόσωπον
629 5162 764 5232 πρὸς
803 5164 1116 5233 πρόσωπον.
1174 5185 1192 5217 ι
1245 5166 1447 5220 Τοῦτον
1497 5166 1588 5220 τὸν
1629 5167 1705 5230 ὡς

116 5249 345 5316 ἄγγελον
389 5250 539 5321 αὐτῷ
614 5252 846 5320 ὀφθέντα
914 5256 1218 5327 παρεκάλει
1273 5259 1387 5321 τοῖς
1452 5257 1700 5326 ἐκγόνοις

117 5338 430 5410 ἐπιπέμψαι
462 5341 559 5412 τὴν
596 5343 866 5411 εὐλογίαν.

544 5466 744 5530 AAAO,
785 5466 854 5519 ἐκ
897 5466 1014 5519 τῶν
1057 5468 1279 5523 αὐτῶν.

189 5577 369 5647 Ὠφθη
414 5578 493 5648 τῷ
533 5580 847 5652 πατριάρχῃ
892 5581 1097 5651 Κύριος
1132 5584 1159 5634 6
1193 5582 1347 5646 Θεὸς,
1391 5582 1465 5645 ὡς
1499 5582 1703 5653 γέγραο

116 5681 265 5733 πται,
299 5669 393 5721 καὶ
427 5665 580 5722 εἶπεν
614 5669 795 5741 αύτῷ·
839 5689 856 5721 ι
917 5672 1047 5725 Ἰδοὺ
1081 5673 1192 5740 ἐγὼ
1233 5673 1371 5743 μετὰ
1422 5672 1537 5737 σοῦ,
1580 5674 1701 5726 δια-

186 5843 231 5875 ⁹¹
264 5843 400 5897 Gen.
432 5859 617 5907 XLVIII.
656 5846 742 5900 16.
823 5847 868 5878 ’³
911 5845 1015 5903 lsa.
1051 5864 1124 5909 Ix.
1160 5847 1194 5901 6
1227 5863 1336 5902 sec.
1381 5847 1545 5901 LXX.

2132 4600 2282 4650 rlmm
2312 4594 2479 4648 Jacob
2509 4611 2573 4647 ex
2597 4595 2835 4647 omnibus
2858 4596 3014 4646 mulis

1882 4711 2123 4779 Angelus
2161 4710 2395 4763 luctatus
2423 4721 2543 4761 esse
2571 4706 2771 4761 dicitur
2803 4720 2923 4759 cum
2954 4704 3263 4774 patriarcha
3300 4704 3393 4759 Ja-

1811 4805 1933 4868 cob,
1958 4805 2121 4872 idque
2152 4802 2330 4855 divina
2352 4800 2634 4867 Scriptura
2666 4807 2918 4852 testatur.
2948 4800 3018 4852 At
3043 4808 3266 4853 sanctus
3316 4814 3391 4852 res

1811 4897 1989 4950 tinens
2014 4909 2161 4959 eum,
2188 4892 2360 4945 dixit:
2390 4911 2408 4943 ι
2446 4890 2562 4948 Non
2593 4890 2861 4944 dimittam
2900 4900 2965 4954 te,
2997 4891 3096 4944 nisi
3130 4891 3259 4943 milii
3302 4891 3396 4943 be-

1811 4985 2033 5040 nedicas
2054 4985 2121 5039 ".
2156 5004 2174 5036 ι
2234 4984 2364 5037 Erat
2397 4992 2576 5036 autem
2618 4984 2663 5036 is
2684 4984 2841 5036 Dens.
2877 4982 3029 5046 Quod
3088 4990 3142 5033 et
3221 4980 3391 5047 ipsius

1812 5078 2135 5143 patriarcha:
2159 5076 2320 5129 verba
2346 5076 2635 5129 ostendunt
2661 5075 2891 5127 dicentis
2921 5089 2933 5123 :
2963 5070 3083 5124 Vidi
3119 5071 3283 5123 Deum
3313 5072 3392 5123 ia-

1812 5169 1894 5221 eie
1928 5168 1993 5219 ad
2021 5167 2215 5220 faciem
2250 5166 2316 5218 ⁹³.
2352 5185 2370 5217 ι
2406 5167 2561 5221 Hunc
2605 5167 2788 5233 itaque
2817 5162 2908 5231 qui
2947 5171 3003 5215 ut
3037 5160 3259 5229 angelus
3289 5162 3390 5231 ipsi

1813 5261 1962 5313 \isus
1984 5271 2091 5324 esu,
2121 5268 2273 5328 rogat
2303 5267 2361 5311 ut
2386 5256 2887 5328 puerisbeuedicat.

2348 5457 2580 5526 ALIUD,
2599 5475 2663 5513 ex
2689 5458 2896 5512 iisdem.

1882 5577 2147 5632 Visusest
2178 5561 2505 5647 patriarcha:
2540 5576 2802 5632 Dominus
2836 5574 2997 5639 Deus,
3025 5582 3083 5628 ut
3124 5574 3387 5643 scriptum

1807 5681 1914 5735 est,
1949 5680 2003 5727 et
2032 5668 2173 5724 dixit
2204 5670 2251 5725 ei
2280 5688 2291 5723 :
2328 5689 2347 5721 ι
2388 5669 2525 5724 Ecce
2553 5684 2652 5739 ego
2690 5669 2846 5740 117
2884 5679 3059 5724 tecum
3117 5682 3260 5732 sum,
3292 5680 3389 5721 cn-

1623 5848 1666 5880 "
1702 5849 1837 5905 Gen.
1874 5866 2046 5913 xxxii,
2083 5848 2277 5905 2i-26.
2356 5849 2401 5881 ⁹⁸
2437 5847 2572 5903 Ibid.
2600 5850 2689 5903 50.
