4072 6504
668 327 771 380 195

1653 326 1711 385 S.
1753 328 2028 384 CYRILLI
2066 329 2533 386 ALEXANDRINI
2571 332 2892 389 ARCIIIEP.

3835 343 3937 399 195

664 440 907 495 stodiens
942 449 991 495 te
1027 440 1078 493 in
1108 440 1189 496 via
1221 456 1545 512 quocunque
1582 444 1710 497 ieris
1740 445 1809 497 “.
1852 463 1871 497 ι
1905 444 2045 501 Deus
2077 446 2238 517 igitur

2342 448 2629 516 φυλάσσων
2666 465 2721 501 σε
2776 451 2835 504 ὲν
2868 452 2932 522 τῇ
2958 452 3063 522 ὁδῷ
3094 449 3155 506 οὗ
3189 453 3285 506 ἐὰν
3328 454 3619 525 πορευθῇςη.
3662 473 3682 506 ι
3716 456 3936 509 Οὐκοῦν

662 540 780 584 erat
812 532 903 600 qui
936 531 1201 598 liberavit,
1228 549 1334 588 non
1369 535 1618 604 angelus.
1660 534 1728 589 Et
1754 552 1945 591 rursus
1983 539 2242 607 :quando

662 620 842 676 Laban
869 633 1187 690 persecutus
1210 634 1291 676 est
1315 622 1483 679 Jacob
1511 634 1565 677 et
1610 626 2041 696 comprehendit,
2114 639 2242 684 tunc

662 725 876 779 quoque
902 709 1044 765 Deus
1068 713 1343 781 prohibuit
1383 715 1721 778 violentiam,
1754 732 1861 771 non
1921 717 2242 786 permittens

664 802 862 871 alloqui
887 801 1076 857 Jacob.
1102 804 1254 870 Quod
1297 817 1478 860 autem
1511 806 1654 861 Deus
1713 809 1825 862 bmc
1876 810 1949 862 illi
1988 811 2243 878 pmstite-

664 892 756 958 rit,
794 892 1021 958 ipsemet
1056 895 1571 949 testatnrnxoribns
1621 896 1734 950 suis
1776 896 2008 952 dicens:
2063 918 2081 951 ι
2123 898 2239 954 Non

664 982 810 1037 dedit
842 982 982 1038 Deus
1004 994 1331 1051 potestatem
1354 986 1535 1041 Laban
1568 987 1941 1043 malefaciendi
1974 991 2101 1046 mihi
2133 993 2235 1047 ".s

665 1070 875 1127 Rursus
907 1088 1029 1127 cum
1054 1072 1221 1127 frater
1253 1074 1393 1129 Esau
1427 1077 1523 1146 ipsi
1562 1076 1933 1144 insidiaretur,
1959 1097 2064 1137 non
2091 1084 2244 1139 invo-

664 1164 809 1218 cavit
839 1163 1109 1233 angelum,
1142 1165 1235 1219 sed
1259 1165 1449 1231 Deum,
1472 1166 1685 1221 dicens:
1716 1187 1735 1219 ι
1774 1169 1934 1239 Eripe
1998 1188 2105 1237 me,
2136 1173 2242 1230 Do-

665 1256 831 1319 mine,
864 1256 933 1309 de
975 1270 1136 1310 manu
1168 1254 1355 1310 fratris
1392 1255 1495 1311 mei
1528 1255 1692 1322 Esau,
1748 1260 1873 1329 quia
1911 1260 2074 1319 timeo
2154 1264 2240 1335 ip-

663 1360 781 1399 sum
810 1345 878 1398 ".

664 1561 893 1626 ALIUD,
935 1577 1029 1632 per
1083 1562 1605 1648 demonstrationem,
1651 1570 1793 1648 quod
1857 1568 2084 1625 Verbum
2116 1570 2239 1640 Dei,

1173 1651 1368 1701 spectes
1398 1647 1563 1703 ipsius
1588 1647 1688 1693 est.

2341 539 2472 603 Θεδς
2497 535 2562 611 ἦν
2590 543 2619 594 ὁ
2654 542 2934 612 ῥυόμενος,
2963 546 3056 597 καὶ
3078 546 3179 599 οὐκ
3199 545 3446 614 ἄγγελος.
3480 548 3589 600 Καὶ
3620 547 3822 611 πά-λιν,
3845 549 3932 599 ὅτε

2341 632 2526 686 Λάὸαν
2572 632 2862 698 κατεδίωξε
2913 635 3004 687 τὸν
3064 635 3256 689 ’ἰακὼό
3297 639 3392 689 καὶ⁹
3431 637 3742 696 κατέλαϐε.
3810 640 3934 690 τότε

2342 722 2504 776 πάλιν
2535 723 2668 788 Θεὸς
2706 724 2986 778 κεκώλυκε
3015 726 3112 796 τὴν
3145 729 3429 798 ἐπήρειαν,
3458 730 3519 780 οὐ
3554 730 3935 799 συγχωρήσας

2339 811 2569 883 λαλῆσαι
2592 817 2810 886 ῥήματα
2839 816 2975 887 πρὸς
3000 817 3090 869 τὸν
3121 814 3339 872 Ἰακώϐ.
3376 819 3494 872 Ὀτι
3520 814 3574 872 δὲ
3604 819 3746 882 8:0;
3780 819 3934 887 αὐτῷ

2341 905 2435 956 καὶ
2468 900 2627 956 τοῦτο
2653 905 2931 976 ἐξήνυσεν,
2969 907 3130 970 αὐτὸς
3159 908 3309 962 ἔσται
3345 909 3553 979 μάρτυς
3586 909 3773 978 λέγων
3795 911 3934 980 τερος

2339 995 2439 1056 τὰς
2473 994 2668 1047 ἑαυτοῦ
2708 1000 2972 1064 γυναῖκας
2994 1015 3007 1027 ·
3049 1019 3065 1049 ι
3107 1000 3222 1051 Οὐκ
3261 998 3458 1052 ἔδωκεν
3483 1002 3513 1053 ὁ
3540 1000 3674 1063 Θεὸς
3709 1001 3792 1070 τῷ
3824 1003 3931 1053 Δάν

2341 1087 2442 1140 δαν
2487 1088 2857 1156 κακοποιῆσαί
2904 1105 2989 1157 με.
3035 1108 3052 1138 ι
3087 1090 3194 1141 Kal:
3235 1089 3394 1141 πάλιν
3440 1089 3932 1159 ἐπιϐουλευόμενος

2342 1179 2492 1250 παρὰ
2534 1179 2627 1232 τοῦ
2671 1179 2900 1248 ἀδελφοῦ
2944 1180 3136 1243 Ἠσαῦ,
3170 1182 3269 1234 οὐκ
3307 1180 3540 1249 ἄγγελον
3576 1182 3931 1243 ιπεκαλείτο,

2340 1273 2478 1328 ἀλλὰ
2509 1273 2640 1326 Θεὸν
2686 1274 2982 1343 παρεκάλει
3014 1272 3183 1342 βοῶν’
3238 1293 3256 1325 ι
3320 1270 3534 1339 Ἐξελοῦ
3577 1291 3672 1343 με,
3731 1274 3931 1345 Κύριε.

2589 1364 2640 1425 ὣς
2688 1363 2783 1415 τοῦ
2831 1360 3059 1431 ἀδελφοῦ
3111 1379 3213 1431 μου
3261 1361 3453 1427 Ἠσαῦ,
3507 1363 3591 1415 ὅτι
3645 1361 3931 1430 φθΰοῦμαι

2342 1584 2544 1651 ΔᾹᾹΟ,
2584 1581 3028 1655 ἀποδεικτικῶς,
3067 1587 3156 1639 ὅτι
3198 1588 3247 1655 ὁ,
3276 1586 3465 1655 Λόγος
3507 1587 3613 1641 τοῦ
3655 1578 3840 1654 Θεοῦ,
3873 1589 3932 1641 τὸ

2825 1649 2995 1723 εἶδος(
3015 1649 3204 1710 αὑτοῦ
3231 1649 3421 1711 ἐστιν’.

726 1766 989 1822 Servator
1017 1767 1213 1823 alicubi
1252 1770 1316 1821 ad
1339 1768 1554 1823 Judteos
1574 1771 1860 1826 admodum
1883 1774 2237 1834 refractarios

2408 1791 2573 1859 Λέγει
2626 1806 2730 1842 που
2781 1791 2915 1860 πρὸς
2975 1789 3265 1853 Ἰουδαίους
3312 1789 3435 1844 λίαν
3487 1790 3864 1855 ἀπειθοῦντας
3907 1794 3931 1843 ὀ

656 1856 815 1911 dicit:
852 1874 870 1908 ι
913 1855 1010 1921 Qui
1039 1872 1123 1909 me
1159 1856 1303 1910 misit
1328 1855 1514 1921 Pater,
1558 1858 1650 1913 ille
1682 1862 2050 1918 testimonium
2108 1881 2230 1935 per-

660 1943 833 1998 hibuit
902 1944 971 1998 de
1029 1958 1137 2009 me,
1203 1944 1358 2012 cujus
1406 1960 1592 2001 vocem
1677 1965 1776 2005 nec
1826 1966 1921 2007 vos
2004 1968 2239 2026 unquam

659 2034 909 2099 audistis,
934 2050 1107 2104 neque
1123 2037 1359 2105 speciem
1382 2038 1499 2107 ejus
1524 2040 1756 2107 vidistis,
1777 2053 1831 2096 et
1862 2045 2089 2100 verbum
2125 2048 2242 2115 ejus

660 2142 763 2181 non
798 2126 1006 2181 habetis
1047 2143 1269 2182 manens
1304 2130 1355 2182 in
1386 2132 1577 2185 vobis:
1623 2132 1749 2201 quia
1780 2149 1942 2203 quem
1997 2137 2087 2192 ille
2140 2140 2244 2193 nii-

658 2221 749 2285 sit,
807 2219 933 2274 huic
990 2235 1086 2275 vos
1119 2238 1225 2275 non
1283 2225 1530 2279 creditis.
1571 2244 1591 2278 ι
1634 2226 1768 2292 Quia
1802 2229 1967 2299 igitur
1997 2247 2102 2286 non
2125 2247 2240 2287 cre-

656 2311 907 2365 diderunt
926 2308 1105 2365 Verbo
1127 2326 1192 2366 ex
1230 2311 1388 2367 Patre
1423 2314 1612 2378 misso,
1653 2316 1911 2371 dicuntur
1936 2334 2113 2389 neque
2145 2338 2241 2375 vo-

656 2417 774 2455 cent
799 2401 898 2457 Dei
925 2402 1167 2467 audisse,
1225 2419 1398 2473 neque
1444 2406 1677 2475 speciem
1715 2407 1833 2477 ejus
1870 2426 2102 2479 unquam
2162 2413 2241 2466 vi-

656 2494 918 2559 disse,sed
942 2508 1116 2563 neque
1150 2494 1349 2550 habere
1386 2497 1697 2553 inhabitans
1729 2500 1781 2553 in
1823 2501 1957 2571 ipsis
1991 2506 2236 2559 verbum.

654 2583 819 2652 Atqui
896 2582 1243 2637 manifestum
1297 2584 1400 2640 hoc
1448 2588 1814 2658 omnibusque
1890 2593 2235 2661 perspicuum

656 2688 777 2730 esse
804 2682 1001 2744 potest,
1041 2674 1087 2728 si
1113 2675 1454 2743 recepissent
1512 2692 1634 2733 eum
1693 2680 1787 2749 qui
1849 2682 2045 2738 missus
2098 2695 2239 2748 erat,

658 2779 843 2819 vocem
866 2780 1085 2835 quoque
1121 2765 1213 2820 Dei
1245 2767 1548 2834 audissent,
1579 2777 1634 2824 et
1665 2772 1898 2840 speciem
1929 2772 2045 2840 ejus
2074 2776 2241 2830 vidis-

668 2861 813 2918 sent,
835 2863 888 2908 et
911 2853 1226 2908 habuissent
1247 2854 1553 2912 inhabitans
1580 2857 1635 2912 in
1661 2858 1789 2928 ipsis
1826 2856 2089 2915 Verbum.
2116 2862 2237 2918 Ilzcc

657 2944 818 3013 igitur
859 2946 1038 2999 omnia
1072 2955 1156 3000 est
1177 2946 1347 3002 Filius
1378 2963 1393 3001 :
1458 2950 1715 3005 nimirum
1747 2966 1872 3017 vox,
1922 2955 2152 3021 species,
2184 2965 2239 3009 et

661 3033 896 3091 Verbum
937 3037 1138 3092 Patris.
1175 3038 1230 3093 Si
1262 3048 1443 3094 autem
1465 3042 1674 3111 species
1698 3051 1803 3111 est,
1838 3053 1986 3098 certe
2014 3057 2068 3099 et
2105 3045 2239 3099 ima-

2345 1884 2537 1953 Σωτήρ
2555 1899 2570 1914 ο
2599 1901 2617 1933 ι
2657 1881 2714 1933 Ὀ
2734 1881 2952 1951 πέμψας
2977 1897 3041 1951 με
3064 1881 3273 1953 Πατὴρ,
3298 1882 3503 1945 ἐκεῖνος
3531 1882 3932 1955 μεμαρτύρηκε

2344 1975 2474 2044 περὶ
2497 1972 2653 2043 ἐμοῦ,
2686 1973 2810 2025 οὔτε
2842 1975 3026 2042 φωνὴν
3054 1972 3216 2025 αὐτοῦ
3240 1974 3510 2043 ἀκηκόατε
3540 1973 3795 2035 πώποτε,
3813 1973 3931 2026 οὔτε

2344 2060 2483 2129 εἶδος
2508 2064 2674 2117 αὑτοῦ
2708 2062 3016 2133 ἑωράκατε,
3040 2064 3135 2116 καὶ
3157 2064 3249 2117 τὸν
3270 2064 3427 2132 λόγον
3450 2064 3616 2118 αὑτοῦ
3639 2066 3749 2118 οὐκ
3779 2064 3931 2134 ἔχετε

2344 2158 2403 2209 ὲν
2439 2158 2567 2226 ὑμῖν
2612 2156 2865 2225 μένοντα,
2897 2156 2980 2208 ὅτι
3009 2154 3070 2207 ὃν
3116 2155 3438 2207 ἀπέστειλεν
3469 2156 3705 2215 ἐκεῖνος,
3756 2155 3932 2223 τούτῳ

2344 2250 2504 2319 ὑμεῖς
2533 2250 2593 2301 οὐ
2634 2248 2943 2300 πιστεύετε.
2982 2265 3002 2299 ι
3039 2247 3234 2299 Τοίνυν
3264 2248 3346 2300 ὅτι
3389 2248 3467 2318 μὴ
3516 2246 3932 2300 πεπιστεύκασι

2341 2340 2419 2412 τῷ
2451 2343 2516 2394 ὲκ
2546 2339 2641 2393 τοῦ
2671 2339 2885 2411 Πατρὸς
2924 2339 3283 2392 ἀποσταλέντι
3310 2339 3483 2409 Λόγῳ,
3517 2337 3641 2391 οὔτε
3680 2339 3786 2409 τῆς
3824 2355 3933 2405 φω-

2342 2434 2441 2503 νῆς
2470 2432 2765 2502 ἀκηκοέναι
2806 2432 3051 2500 λέγονται
3077 2430 3170 2484 τοῦ
3201 2429 3359 2492 Θεοῦ,
3398 2428 3522 2481 οὔτε
3559 2427 3667 2498 μὴν
3697 2428 3765 2480 τὺ
3793 2423 3931 2491 εἶδος

2342 2523 2506 2579 αὐτοῦ
2539 2522 2826 2577 τεθεᾶσθαι
2874 2521 3115 2582 πώποτε,
3146 2520 3260 2573 ἀλλ’
3293 2519 3415 2573 οὔτε
3467 2519 3611 2589 ἔχειν
3641 2522 3702 2570 ὲν
3748 2520 3930 2580 αὐτοῖς

2342 2612 2658 2666 ἐνοικοῦντα
2688 2612 2780 2664 τὸν
2813 2611 2991 2679 λόγον.
3028 2611 3184 2663 Ἔστι
3215 2609 3279 2680 δὴ
3322 2608 3506 2661 λοιπὸν
3546 2607 3723 2660 ἅπασι
3760 2608 3930 2676 σαφὲς

2342 2706 2438 2758 καὶ
2466 2703 2815 2766 εὐσύνοπτον,
2846 2703 3058 2770 ὅτιπερ,
3091 2702 3139 2753 εἰ
3168 2699 3417 2764 ἐδέξαντο
3446 2698 3536 2751 τὸν
3570 2697 3929 2766 ἀπεσταλμέ-

2342 2811 2451 2854 νον,
2482 2793 2722 2861 ἧκουσαν
2751 2790 2818 2843 ἂν
2853 2789 2946 2842 καὶ
2978 2788 3075 2857 τῆς
3113 2787 3299 2857 φωνῆς
3321 2786 3413 2839 τοῦ
3450 2784 3605 2848 Θεοῦ,
3640 2786 3737 2838 καὶ
3771 2786 3836 2837 τὸ
3863 2779 3932 2836 εῐ-

2340 2885 2428 2945 δος
2454 2883 2747 2936 ἐθεάσαντο
2775 2882 2957 2945 αὐτοῦ,
2987 2883 3079 2934 καὶ
3105 2876 3250 2950 εἶχον
3270 2878 3578 2932 ἐνοικοῦντα
3611 2878 3704 2930 τὸν
3728 2879 3928 2945 Λόγον.

2342 2969 2527 3022 Ταῦτα
2575 2970 2752 3022 τοίνυν
2789 2971 2965 3022 πάντα
3006 2971 3151 3021 ἐστὶν
3184 2971 3212 3023 ὀ
3257 2969 3403 3033 Υἱὸς,
3438 2968 3590 3037 φωνὴ
3635 2967 3736 3020 καὶ
3768 2963 3928 3029 εἶδος,

2342 3062 2435 3113 καὶ
2465 3062 2634 3129 Λόγος
2676 3059 2770 3113 τοῦ
2812 3060 3043 3131 Πατρός.
3081 3061 3143 3113 Εἰ
3178 3060 3234 3113 δὲ
3278 3056 3415 3123 εἶδός
3458 3059 3595 3120 ἐστι,
3636 3057 3809 3125 δῆλον
3854 3059 3930 3111 ὅτι

656 3142 745 3198 go,
773 3135 828 3181 et
853 3128 1151 3183 character
1177 3138 1259 3184 est
1284 3131 1325 3185 ι.
1355 3130 1570 3187 ilabeus
1593 3132 1779 3202 itaque
1838 3144 1897 3187 ut
1952 3134 2237 3190 character

2341 3153 2431 3205 καί
2464 3150 2626 3205 εἰκὼν
2657 3152 2752 3204 καὶ
2794 3153 3100 3222 χαρακτήρ.
3157 3152 3338 3221 Ἐχων
3377 3146 3470 3204 οῦν
3512 3150 3589 3212 ὡς
3634 3151 3931 3220 χαρακτὴρ

658 3218 712 3270 in
740 3230 800 3271 se
828 3217 1153 3272 naturaliter
1196 3220 1577 3289 archetypum,
1632 3222 1747 3275 sive
1798 3223 2076 3291 escinplar
2122 3224 2240 3293 ejus

657 3306 815 3376 cujus
845 3317 930 3364 est
953 3309 1260 3373 character,
1295 3323 1423 3366 vere
1462 3311 1632 3370 dicit:
1676 3331 1695 3365 ι
1730 3311 1840 3382 Ego
1870 3316 1923 3369 in
1976 3314 2157 3381 Patre,
2185 3326 2239 3371 et

658 3402 820 3456 Pater
851 3402 904 3456 in
940 3417 1026 3457 me
1058 3402 1104 3470 ’;
1152 3420 1171 3453 ι
1227 3409 1304 3466 et,
1350 3419 1368 3455 ι
1425 3400 1538 3474 Ego
1600 3413 1655 3460 et
1707 3404 1870 3461 Pater
1922 3422 2088 3462 unum
2142 3422 2238 3464 su-

659 3506 781 3547 mus
817 3493 859 3548 ³.
896 3511 917 3545 ι

728 3620 959 3689 ALIUD,
994 3626 1266 3679 ostendens
1288 3626 1435 3749 quod)
1457 3625 1680 3709 Verbum
1724 3639 1935 3684 vocetur
1973 3632 2170 3699 species

1438 3715 1509 3749 et.

1438 3715 1509 3752 et.

733 3804 1049 3859 Patriarcba
1072 3804 1241 3861 Jacob
1266 3808 1687 3876 cognominatus
1722 3809 1829 3865 fuit
1864 3811 2157 3880 aliquando
2206 3827 2236 3866 a

661 3896 771 3951 Deo
801 3894 991 3950 Israel.
1048 3915 1068 3949 ι
1108 3896 1267 3961 Nam,
1292 3908 1350 3950 ut
1381 3899 1554 3968 inquit
1584 3900 1888 3969 Scriptura,
1908 3914 2132 3957 exortus
2156 3912 2242 3959 est

664 3989 714 4040 ei
760 3988 838 4041 sol
866 3989 1082 4056 quando
1112 3989 1586 4057 transivitspecies
1614 3989 1704 4045 Dei
1730 3992 1772 4045 ⁸.
1814 4011 1833 4045 ι
1865 3991 2086 4062 Species
2146 4010 2241 4048 au-

662 4090 768 4133 tem
800 4080 898 4134 Dei
928 4081 1183 4149 quidnam
1220 4081 1363 4135 aliud
1389 4081 1481 4145 sit,
1509 4097 1671 4150 quam
1714 4084 1759 4138 is
1779 4084 1868 4152 qui
1908 4086 2075 4139 libere
2125 4087 2238 4140 cla-

662 4180 811 4224 mat:
842 4190 861 4221 s
890 4172 992 4236 Qui
1031 4173 1161 4223 vidit
1189 4187 1292 4236 me,
1331 4172 1459 4225 vidit
1487 4182 1540 4227 et
1567 4172 1782 4229 Patrem
1808 4175 1851 4229 '.
1917 4175 2030 4245 Ego
2060 4177 2112 4230 in
2141 4177 2239 4231 Pa-

660 4268 761 4323 tre,
783 4271 836 4315 et
869 4262 1101 4316 Paterin
1146 4278 1264 4329 me;
1305 4281 1323 4314 ι
1356 4273 1431 4328 et,
1458 4284 1475 4316 ι
1513 4263 1623 4335 Ego
1656 4276 1709 4320 et
1745 4265 1905 4322 Pater
1936 4284 2099 4323 unum
2147 4285 2241 4324 su-

662 4368 781 4407 mus
803 4353 826 4407 ?
871 4373 890 4405 ι

804 4548 1130 4618 ijcctiones
1152 4552 1377 4605 nostium
1409 4551 1605 4607 Christi
1625 4554 1790 4623 pleme
1812 4557 2095 4625 impietate.

731 4756 1009 4811 servator,
1048 4748 1319 4819 inquiunt,
1349 4751 1464 4822 ipse
1493 4753 1704 4808 Patrem
1733 4771 1890 4810 suum
1946 4773 2043 4827 pro
2083 4759 2241 4815 disci-

660 4840 801 4907 pulis
832 4839 965 4901 suis,
996 4855 1200 4911 proque
1225 4844 1494 4898 universis
1523 4846 1612 4913 qui
1640 4847 1801 4917 118
1830 4849 1881 4901 in
1914 4849 2084 4917 ipsum
2115 4864 2237 4905 cre-

659 4934 815 4994 dunt,
841 4941 979 4996 orat,
1032 4933 1102 4985 ita
1150 4935 1333 4989 dicens
1368 4954 1380 4988 :
1429 4955 1447 4987 ι
1493 4934 1649 4991 Pater
1673 4948 1879 5003 sancte,
1904 4941 2110 4995 custodi
2141 4956 2236 4997 eos

661 5021 713 5073 in
776 5021 992 5075 nomine
1048 5033 1137 5078 tuo
1186 5041 1325 5093 quos
1375 5028 1565 5081 dedisti
1626 5029 1781 5095 mihi,
1817 5031 2008 5085 utsiut
2069 5046 2234 5086 unum

659 5112 797 5165 sicut
817 5122 871 5167 et
902 5129 999 5169 nos
1040 5115 1080 5171 ‘.
1122 5135 1139 5166 ι
1176 5114 1243 5169 Ει
1266 5119 1423 5185 paulo
1457 5128 1616 5188 post:
1656 5139 1673 5173 ι
1710 5120 1822 5177 Nec
1847 5138 1945 5193 pro
1996 5124 2112 5180 istis
2142 5139 2232 5181 so-

662 5203 726 5256 lis
756 5218 909 5272 rogo.
932 5206 1027 5259 sed
1046 5209 1210 5261 etiam
1241 5224 1341 5277 pro
1402 5211 1746 5268 credentibus
1780 5230 1875 5284 per
1925 5231 2230 5272 sermonem

659 5306 842 5344 eorum
864 5293 915 5347 ln
949 5310 1072 5349 me:
1106 5307 1158 5348 ut
1181 5314 1369 5352 omnes
1401 5315 1564 5354 unum
1595 5304 1727 5369 sint,
1766 5308 1907 5359 sicut
1941 5315 2018 5371 tu,
2054 5306 2231 5372 Pater,

662 5382 713 5433 in
747 5392 925 5447 me,et
961 5402 1061 5456 ego
1089 5388 1140 5441 iu
1163 5399 1235 5456 te,
1267 5403 1323 5445 ut
1356 5403 1408 5446 et
1440 5394 1538 5463 ipsi
1584 5396 1637 5450 in
1663 5397 1816 5452 nobis
1867 5414 2038 5453 unum
2074 5401 2222 5467 sint;

660 5482 719 5525 ut
749 5476 978 5531 mundus
995 5481 1178 5535 credat
1210 5486 1350 5551 qnml
1389 5496 1443 5538 tu
1493 5501 1580 5541 me
1621 5485 1836 5543 misisti.
1871 5490 1938 5545 Et
1982 5504 2083 5559 ego
2117 5490 2230 5562 glo-

738 5648 782 5682 ³⁸
808 5652 941 5729 gen.
966 5671 1163 5729 Axsvm.
1198 5659 1289 5712 23.
1366 5662 1410 5692 ”
1447 5662 1583 5714 (ὶιειι.
1624 5677 1770 5727 sm,
1811 5664 1860 5716 7.
1936 5665 1982 5695 "
2011 5665 2149 5719 Gen.
2178 5681 2350 5729 sun.
2396 5670 2477 5723 Η.

2342 3242 2484 3295 κατὰ
2536 3238 2699 3309 φύσιν
2743 3242 2800 3293 ὲν
2834 3241 3013 3311 ἑαυτῷ
3044 3241 3106 3294 τὸ
3150 3241 3523 3311 πρωτὸτυπον,
3555 3232 3617 3292 οῦ
3665 3241 3766 3292 καὶ
3820 3240 3931 3293 ἐστι

2340 3331 2651 3403 χαρακτὴρ,
2682 3331 2973 3401 ἀληθεύσει
3005 3331 3184 3399 λέγων
3206 3348 3220 3361 ·
3256 3350 3274 3384 ι
3317 3330 3457 3399 Ἐγὼ
3504 3332 3561 3384 ὲν
3605 3329 3687 3400 τῷ
3726 3331 3929 3401 Harp},

2340 3424 2435 3477 καὶ
2463 3424 2492 3476 ὁ
2519 3422 2709 3495 Πατὴρ
2738 3425 2795 3477 ὲν
2828 3422 2948 3495 ἔμοι
2969 3439 2983 3454 ο
3023 3442 3043 3476 ι
3080 3423 3197 3491 καὶ,
3231 3441 3249 3475 ι
3297 3422 3438 3491 Ἐγὼ
3464 3423 3557 3476 καὶ
3592 3423 3620 3475 ὸ
3648 3423 3849 3492 Πατὴρ
3875 3423 3932 3477 ἒν

2340 3530 2529 3586 εσμεν.
2578 3533 2598 3567 ι

2341 3648 2547 3712 ΑΛΛΟ,
2612 3646 2913 3716 σημαῖνον
2972 3641 3292 3785 dignor;
3364 3644 3512 3699 Θεοῦ
3566 3643 3848 3697 καλεῖται
3901 3645 3933 3696 ό

3153 3734 3242 3782 ος.

3153 3734 3242 3782 ος.

2425 3828 2485 3884 '0
2532 3830 2878 3901 πατριάρχης
2935 3825 3128 3881 Ἰακὼϐ
3178 3825 3573 3899 μετωνομάσθη
3626 3825 3784 3895 παρὰ
3835 3822 3930 3875 τοῦ

2342 3921 2477 3976 Θεοῦ
2518 3925 2613 3976 καὶ
2641 3923 2900 3993 κέκληται
2946 3920 3089 3974 κατά
3124 3937 3246 3973 τινα
3282 3919 3473 3991 χρόνον
3530 3917 3773 3987 Ἰσραὴλ.
3816 3916 3931 3975 ὅτε,

2342 4014 2490 4069 καθά
2507 4031 2673 4084 φησιν
2694 4016 2729 4085 ἡ
2755 4013 2875 4065 θεία
2896 4010 3108 4082 Γραφὴ,
3146 4029 3164 4061 ι
3205 4008 3501 4062 Ἀνέτειλεν
3528 4006 3676 4077 αὐτῷ
3700 4009 3731 4061 ὁ
3752 4007 3929 4076 ἥλιος,

2345 4108 2509 4179 ἡνίκα
2539 4105 2786 4175 παρῆλθε
2816 4104 2877 4158 τὸ
2907 4101 3043 4168 εἶδος
3068 4102 3163 4157 τοῦ
3192 4101 3350 4154 Θεοῦ.
3391 4118 3409 4152 ι
3444 4096 3592 4162 Εἶδος
3619 4098 3675 4150 δὲ
3706 4097 3851 4150 Θεοῦ
3880 4096 3932 4149 τι

2343 4199 2411 4252 ἂν
2462 4199 2649 4269 ἓτερον
2698 4195 2806 4266 εἴη,
2864 4197 2912 4249 el
2962 4196 3037 4267 μὴ
3083 4195 3299 4256 πάντως
3347 4195 3375 4246 ὀ
3424 4191 3561 4261 μετὰ
3607 4190 3931 4259 παρρησίας

2343 4288 2521 4361 βοῶν·
2578 4307 2596 4339 ι
2668 4290 2725 4341 '0
2785 4286 3048 4359 ἑωρακὼς
3080 4285 3203 4357 ἐμὲ,
3257 4284 3468 4353 ἑώρακε
3525 4283 3611 4335 τὸν
3680 4281 3927 4349 Πατέρα.

2354 4380 2496 4450 Ἐγὼ
2536 4382 2594 4434 ἐν
2639 4380 2717 4450 τῷ
2759 4382 2955 4450 Πατρὶ,
2992 4379 3085 4432 καὶ
3129 4381 3156 4431 ὁ
3203 4375 3391 4447 Πατὴρ
3432 4376 3490 4427 ὲν
3530 4374 3688 4427 ἐμοὶ·
3736 4394 3757 4424 s
3807 4376 3929 4437 καὶ,

2353 4488 2372 4521 ι
2418 4468 2557 4538 Ἐγὼ
2583 4470 2674 4521 καὶ¹
2698 4470 2725 4522 ὁ
2758 4467 2941 4539 Πατὴρ
2964 4467 3023 4520 ἓν
3055 4467 3256 4537 ἔσμενς
3305 4483 3323 4516 ι

2275 4556 2317 4611 D
2355 4582 2684 4645 Ἀντίθεσις
2731 4580 2811 4644 ὡς
2855 4579 2972 4633 ἀπὸ
3023 4577 3142 4631 τῶν
3169 4572 3604 4657 χριστομὰχων,
3641 4571 3931 4636 ἀσεϐείαις

3044 4663 3255 4713 ιιεστιι.

2412 4767 2761 4840 Εὑρίσκεται,
2819 4768 3007 4836 φασιν,
3043 4767 3205 4829 αὐτὸς
3259 4765 3289 4819 ὁ
3336 4762 3526 4832 Σωτὴρ
3576 4759 3667 4812 τὸν
3723 4756 3925 4811 ἑαυτοῦ

2342 4860 2561 4929 Πατέρα
2610 4859 2944 4930 παρακαλῶν
2977 4859 3118 4929 ὑπὲρ
3155 4874 3213 4910 τε
3230 4857 3340 4909 τῶν
3390 4854 3585 4908 ἑαυτοῦ
3633 4852 3926 4922 μαθητῶν,

2343 4951 2438 5003 καὶ
2466 4951 2605 5021 ὑπὲρ
2662 4951 2878 5005 πάντων
2906 4950 3013 5003 τῶν
3035 4951 3117 5013 εἰς
3153 4947 3311 5002 αὑτὸν
3343 4946 3811 5007 πεπιστευκότων,
3832 4944 3927 4997 καὶ

2339 5036 2483 5091 οὕτω
2527 5039 2733 5106 λέγων*
2781 5059 2799 5091 ι
2840 5039 3019 5110 Πάτερ
3048 5038 3191 5107 ἅγιε,
3224 5038 3461 5107 τήρησον
3506 5035 3703 5095 αὐτοὺς
3750 5035 3810 5085 ἐν
3846 5033 3925 5100 τῷ

2340 5128 2563 5199 ὀνόματί
2613 5147 2729 5192 σου,
2776 5130 2870 5193 οὒς
2908 5129 3144 5191 δέδωκάς
3180 5145 3291 5198 μοι,
3340 5127 3429 5180 ἶνα
3458 5118 3592 5179 ὦσιν
3632 5123 3689 5177 ἐν
3735 5121 3922 5184 καθὼς

2338 5223 2432 5274 καὶ
2457 5222 2638 5292 ἡμεῖς.
2675 5241 2693 5272 ι
2731 5221 2844 5277 και
2872 5220 2990 5292 μεθ’
3025 5220 3222 5291 ἕτεραυ
3270 5237 3289 5270 ι
3336 5220 3411 5272 Οὐ
3446 5220 3576 5288 περι
3614 5216 3821 5269 τούτων
3867 5214 3921 5265 δὲ

2340 5313 2519 5385 μόνων
2554 5313 2762 5385 ἐρωτῶ,
2808 5313 2943 5366 ἀλλὰ
2973 5314 3069 5366 καὶ
3118 5310 3380 5382 περὶτῶν
3425 5309 3789 5362 πιστευόντων
3830 5306 3921 5359 διὰ

2336 5402 2431 5456 τοῦ
2471 5402 2630 5471 λόγου
2656 5402 2837 5458 αὐτῶν
2874 5404 2951 5468 εἰς
2980 5402 3081 5475 ὲμέ
3103 5418 3117 5432 ο
3151 5401 3239 5456 ἵνα
3275 5400 3474 5462 πάντες
3496 5400 3551 5451 ἓν
3578 5392 3700 5460 ὦσι,
3731 5397 3921 5458 καθὼς

2337 5492 2425 5557 σὺ,
2466 5493 2675 5566 Πατὴρ,
2718 5494 2776 5548 ἐν
2806 5494 2948 5566 ἐμοὶ,
2985 5492 3140 5563 κάγὼ
3174 5495 3232 5547 ὲν
3267 5493 3368 5550 σοὶ.
3414 5492 3501 5547 ῖνα
3542 5489 3636 5543 καὶ
3674 5489 3831 5542 αὐτοὶ
3863 5489 3922 5539 ὲν

3710 5668 3728 5698 ⁸
3753 5663 3919 5719 Jo'au.

2581 5672 2625 5702 "
2653 5669 2809 5723 1mm.
2844 5685 2899 5727 ν.
2929 5669 3018 5725 57.
3046 5669 3136 5723 58.
3253 5671 3264 5701 ¹
3305 5668 3466 5725 llcbr.
3501 5685 3537 5736 ι,
3576 5671 3629 5724 5.

657 5734 773 5790 11v,
804 5724 885 5778 Il.
962 5726 981 5757 ³
1008 5726 1163 5783 Juan.
1197 5748 1247 5787 ιι.
1280 5732 1369 5784 δυ.
1451 5731 1468 5761 δ
1495 5733 1629 5787 Gen.
1667 5724 1836 5801 usu,
1871 5733 1985 5799 5L,
2038 5736 2058 5766 '
2088 5733 2238 5791 Juau.

2340 5724 2400 5805 IV,
2435 5744 2486 5794 υ.
2569 5741 2587 5771 ⁴
2617 5740 2772 5796 Juau.
2809 5724 2936 5803 xui,
2977 5724 3061 5796 ιι.
