4072 6562
204 394 311 456 197

1626 398 2069 456 τιιεδλιίιυε.

3372 405 3474 461 193

203 518 337 587 ἡμῖν
363 514 424 569 ἓν
451 508 619 568 ὦσιν
654 513 792 568 ἴναὺ
828 513 1032 583 κόσμος
1077 514 1342 585 πιστεύσῃ
1378 515 1458 568 ὅτι
1502 513 1565 567 σύ
1602 533 1667 585 με
1693 516 1793 568 dra

1904 520 2037 571 riam
2061 534 2223 588 quam
2255 519 2450 575 dedisti
2478 518 2608 573 mihi
2637 519 2758 573 dedi
2804 520 2902 587 eis,
2924 530 2981 574 ιιι
3008 522 3115 576 sint
3147 537 3311 575 ιιιιιιιιι
3337 523 3477 577 sicut

206 610 478 675 έατειλας.
518 606 690 678 Κάγὼ
723 609 822 677 τὴν
854 608 1012 673 δόξαν
1044 609 1110 679 ἢν
1158 610 1395 673 δέδωκάς
1444 629 1554 680 μοι.
1590 612 1798 666 δέδωκα

204 701 411 766 αὐτοῖς,
431 701 519 754 ἴνα
546 694 678 753 ὦσιν
710 698 767 751 ἓν
784 698 965 762 καθὼς
982 701 1144 770 ἡμεῖς
1159 700 1236 753 ἓν.
1269 700 1409 769 Ἐγὼ
1429 706 1487 755 εν
1504 704 1686 767 αὐτοῖς
1703 704 1797 757 καὶ

206 795 272 844 σὺ
291 795 349 845 ὲν
365 792 508 862 ἐμοὶ,
532 790 618 844 ἵνα
649 783 750 842 ὦσι
778 790 1188 860 τετελειωμένοι
1223 794 1303 853 εἰς
1326 792 1383 845 ἓν
1404 810 1416 822 ·
1446 794 1528 845 ἵνα
1551 795 1795 867 γινώσκῃ

204 884 234 935 6
282 882 481 953 κόσμος
520 883 601 934 ὅτι
632 880 696 934 σύ
743 898 811 951 με
860 881 1229 945 ἀπέσταλκας.
1274 903 1292 933 ι
1332 884 1544 936 Οὐκοῦν
1604 884 1796 956 ὥσπερ

203 974 480 1044 ἂνθρωποι
512 974 611 1044 τὴν
664 972 827 1043 φύσιν
856 972 1010 1034 ὄντες
1040 974 1199 1042 ἡμεῖς
1230 977 1288 1027 ἐν
1328 975 1406 1044 τῷ
1436 976 1609 1047 Πατρὶ
1650 978 1797 1044 γινό-

207 1062 368 1131 μεθα,
402 1063 544 1116 οὕτω
574 1064 669 1116 καὶ
698 1063 859 1125 αὐτὸς
900 1065 927 1115 6
958 1063 1086 1126 Υξδς
1131 1064 1190 1117 ἓν
1228 1067 1344 1118 ἐστι
1379 1066 1514 1136 πρὸς
1557 1066 1646 1118 τὸν
1687 1069 1796 1119 Πα-

201 1152 356 1220 τέρα.
387 1152 497 1204 Καὶ
538 1152 703 1214 αὐτὸς
743 1151 798 1204 δὲ
835 1151 998 1203 πάλιν
1044 1154 1072 1204 ὁ
1116 1152 1329 1223 Πατὴρ,
1366 1153 1540 1216 οὕτως
1576 1154 1633 1206 ἓν
1676 1157 1794 1209 ἐστι

203 1244 339 1312 πρὸς
370 1244 462 1297 τὸν
488 1244 638 1305 Tim,
667 1244 921 1314 καθάπερ
953 1246 1047 1296 καὶ
1081 1244 1216 1313 πρὸς
1248 1245 1418 1315 ἡμᾶς.
1466 1247 1573 1298 Καὶ
1596 1246 1792 1317 ὥσπερ

202 1336 377 1397 οὐδεὶς
399 1334 697 1402 ἀναγκάζει
731 1335 888 1403 λόγος
915 1334 1133 1405 ὁμοίους
1165 1338 1310 1405 ἡμᾶς
1341 1332 1479 1389 εἶναι
1519 1339 1657 1390 κατὰ
1691 1338 1791 1407 φύ-

205 1444 289 1479 σιν
318 1427 395 1496 τῷ
424 1427 621 1497 Πατρὶ,
652 1427 734 1478 ὅτι
767 1426 831 1496 δὴ
861 1426 955 1477 καὶ
986 1426 1121 1496 πρὸς
1151 1427 1313 1480 αὑτὸν
1339 1428 1397 1478 ἒν
1427 1427 1671 1495 γίνεσθαι
1704 1429 1791 1481 λε-

202 1517 434 1587 γόμεθα,
460 1516 631 1581 οὕτως
652 1519 751 1570 οὐκ
776 1518 991 1587 ἀνάγκη
1018 1520 1166 1570 πᾶσα
1194 1517 1372 1586 λέγειν
1392 1520 1453 1571 ὲκ
1475 1519 1576 1589 τῆς
1602 1519 1790 1584 οὐσίας

199 1605 339 1661 εἶναι
370 1608 465 1661 τοῦ
504 1609 712 1679 [ἰατρὸς
744 1610 835 1661 τὸν
872 1609 1016 1669 Υἱον,
1039 1608 1337 1680 ἐπειδήπερ
1357 1610 1520 1679 φησίν
1540 1625 1554 1639 ⁸
1587 1631 1605 1661 ι
1647 1610 1789 1679 Ἐγὼ

200 1702 261 1752 ὲν
293 1701 370 1769 τῷ
404 1702 598 1770 Πατρὶ,
635 1701 727 1753 καὶ
750 1702 779 1753 6
810 1700 1001 1771 Πατὴρ
1034 1701 1093 1753 ἐν
1119 1700 1261 1769 ἐμοί.
1302 1720 1321 1753 ι
1370 1704 1457 1765 Ὠς
1488 1702 1596 1774 γὰρ
1640 1720 1790 1774 προ-

198 1793 454 1856 λαϐόντες
490 1796 811 1863 εἰρήκαμεν,
866 1792 1039 1856 οὕτως
1083 1795 1233 1846 ἐστὶν
1279 1795 1336 1846 ἐν
1389 1794 1585 1866 Πατρὶ,
1644 1794 1787 1848 καθὰ

1902 620 1955 664 et
1977 624 2079 665 nos
2103 626 2268 664 unum
2299 627 2506 665 smnus.
2541 611 2650 680 Ego
2676 612 2727 664 in
2779 612 2929 679 ipsis,
2978 622 3032 667 et
3075 623 3128 668 ιιι
3166 614 3219 667 in
3267 629 3382 676 me;
3422 625 3478 665 ιιι

1900 702 2010 756 sint
2046 701 2271 771 perl'ecti
2307 702 2360 755 in
2384 716 2590 767 unum;
2646 710 2703 753 ut
2732 712 3019 769 cognoscat
3054 704 3286 757 mundus
3336 706 3478 772 quod

1902 803 1954 846 tu
1990 809 2073 846 me
2105 792 2298 847 misisti
2333 793 2375 846 ⁷.
2417 811 2435 844 ι
2464 791 2923 857 Quemadmodum
2983 793 3146 860 igitur
3220 810 3318 847 nos
3386 797 3474 863 qui

1901 882 2148 936 homines
2176 897 2382 946 sumus,
2410 881 2461 935 in
2494 881 2656 934 Patre
2682 897 2869 935 sumus
2900 898 2915 934 :
2966 882 3038 934 ita
3090 883 3255 935 etiam
3312 884 3477 938 Filius

1898 988 2063 1026 unum
2091 982 2175 1026 est
2199 988 2321 1026 cum
2351 972 2527 1029 Patre.
2566 971 2629 1025 Et
2663 973 2928 1036 vicissim,
2958 971 3117 1025 l’ater
3147 975 3260 1040 ipse
3304 974 3372 1027 ita
3397 986 3477 1027 est

1897 1079 2064 1117 unum
2107 1078 2229 1117 cum
2263 1062 2419 1127 Filio,
2444 1066 2580 1117 sicut
2608 1073 2659 1117 et
2691 1062 2992 1117 nobiscum.
3028 1063 3091 1117 Et
3123 1067 3475 1133 quemadmo-

1896 1159 2020 1207 d-nm
2045 1155 2187 1208 nulla
2225 1157 2359 1209 ratio
2390 1157 2553 1224 cogit,
2578 1166 2638 1208 ut
2669 1169 2767 1208 nos
2795 1154 3088 1208 Secundum
3119 1165 3367 1208 naturam
3399 1158 3457 1209 si-

1897 1243 2053 1297 miles
2122 1245 2293 1300 simus
2362 1246 2546 1311 Patri,
2621 1246 2711 1315 qui
2776 1262 2942 1299 unum
2998 1262 3121 1299 cum
3174 1247 3292 1314 ipso
3359 1247 3473 1301 lleri

1894 1334 2125 1389 dicimur
2159 1353 2172 1388 :
2233 1339 2305 1391 ita
2331 1354 2433 1392 non
2467 1354 2688 1407 prorsus
2729 1353 2946 1391 necesse
3007 1348 3090 1391 est
3123 1349 3177 1391 ιιι
3211 1339 3378 1392 Filius
3403 1339 3471 1394 sit

1892 1443 1957 1482 ex
1992 1429 2225 1484 essentia
2260 1430 2457 1491 Patris,
2495 1429 2748 1499 quoniam
2801 1427 2916 1481 ait:
2955 1446 2973 1478 ι
3014 1428 3124 1495 Ego
3185 1429 3236 1482 in
3292 1428 3471 1493 Patre,

1893 1529 1948 1574 et
1970 1520 2135 1574 Pater
2158 1525 2209 1574 in
2236 1535 2344 1574 me.
2392 1538 2409 1571 ι
2440 1518 2595 1583 Nam,
2639 1530 2695 1572 ut
2723 1530 2848 1572 ante
2871 1520 3132 1583 diximus,
3162 1519 3234 1573 ita
3283 1530 3364 1573 est
3416 1523 3469 1574 iu

1891 1611 2072 1677 Patre,
2092 1613 2235 1667 sicut
2256 1620 2308 1666 et
2328 1626 2442 1665 nos.
2462 1612 2568 1665 Aut
2602 1627 2730 1681 ergo
2758 1627 2979 1666 necesse
3017 1622 3098 1665 est
3124 1613 3278 1666 fateri
3308 1614 3472 1666 etiam

1893 1720 1992 1758 nos
2017 1720 2084 1758 ex
2128 1703 2364 1758 essentia
2392 1702 2571 1756 Patris
2592 1718 2732 1767 esse,
2756 1704 2879 1770 quia
2907 1719 3070 1756 unum
3104 1703 3230 1757 l'acti
3282 1720 3471 1757 sumus

1892 1811 2014 1849 cttm
2049 1795 2179 1859 Deo,
2201 1802 2292 1846 aut
2315 1794 2359 1847 si
2389 1794 2634 1847 homines
2675 1809 2961 1847 manemus
3019 1795 3233 1848 etiamsi
3298 1812 3467 1850 unum

199 1885 296 1937 καὶ
321 1886 499 1952 ἡμεῖς.
536 1884 608 1936 “ll
643 1885 822 1937 τοίνυν
862 1884 956 1938 καὶ
994 1886 1143 1954 ἡμᾶς
1177 1884 1473 1937 ἀκόλουθον
1510 1884 1791 1954 ὁμολογεῖν

1896 1886 2086 1938 liatnns
2110 1898 2232 1937 cum
2260 1883 2392 1944 Deo,
2434 1897 2646 1950 :cquum
2683 1891 2785 1946 est,
2813 1894 2871 1937 ut
2898 1883 3035 1938 idem
3075 1886 3142 1937 de
3184 1882 3320 1937 Filio
3342 1901 3473 1938 cen-

199 1978 264 2029 ἑκ
298 1976 399 2044 τῆς
431 1975 619 2038 obsis;
647 1971 787 2028 εἶναι
833 1975 928 2029 τοῦ
969 1976 1203 2046 Πατρδς,
1233 1974 1321 2028 διά
1360 1976 1419 2027 τὸ
1451 1975 1508 2027 ἒν
1536 1975 1785 2043 γίνεσθαι

199 2070 335 2138 πρὸς
369 2068 525 2129 Θεὸν,
576 2067 609 2138 ἢ
660 2069 708 2120 εἱ
754 2068 988 2138 μένομεν
1037 2066 1334 2137 ἄνθρωποι,
1374 2066 1475 2120 κᾶν
1515 2066 1572 2118 ἓν
1614 2067 1786 2134 γενώ-

202 2159 341 2229 μεθα
370 2159 507 2231 πρὸς
536 2158 627 2211 τὸν
680 2159 919 2229 Πατέρα,
949 2159 1156 2212 δίκαιον
1191 2159 1286 2212 καὶ
1316 2160 1400 2228 ἐφ’
1454 2159 1583 2213 Υἱοῦ
1626 2160 1786 2213 τοῦτο

198 2258 435 2325 φρονᾱν.
489 2254 657 2308 Μένει
709 2255 818 2325 γάρ
863 2254 957 2307 ἐπὶ
1002 2254 1099 2324 τῆς
1152 2254 1347 2307 ἑαυτοῦ
1400 2255 1635 2324 φύσεως,
1681 2255 1782 2309 οὐκ

198 2349 464 2421 ὑπάρχειν
498 2348 726 2417 λέγηται
760 2347 899 2419 πρὸς
930 2347 1116 2400 αὐτόν.

756 2460 947 2525 Λύσις
974 2458 1219 2527 ἐφεξῆς.

271 2566 459 2621 Ταῦτα
510 2569 605 2622 καὶ
656 2570 683 2622 6
731 2568 842 2621 τῶν
877 2570 1264 2639 χριστομάχων
1309 2570 1492 2641 πατὴρ
1542 2571 1638 2623 καὶ
1685 2570 1784 2639 τῆς

199 2657 469 2727 φλυαρίας
504 2658 682 2711 αὐτῶν
713 2659 947 2729 χορηγὸς
981 2659 1229 2722 διάϐολος
1278 2660 1514 2731 εἰρηκὼς
1548 2661 1746 2731 ἤκουσε
1767 2675 1783 2691 θ

204 2768 222 2799 ι
261 2747 374 2801 Νῦν
406 2749 461 2801 δὲ
495 2750 575 2810 εἰς
604 2748 735 2819 ᾅδην
762 2751 1048 2822 καταϐήσῃ
1086 2752 1176 2804 καὶ
1216 2753 1297 2815 εἰς
1330 2753 1396 2804 τά
1431 2752 1655 2823 θεμέλια
1688 2754 1786 2822 τῆς

199 2840 320 2909 γῆς.
366 2858 384 2891 ι
430 2838 518 2902 Ὦς
552 2840 659 2910 γὰρ
692 2840 1023 2911 τετόλμηκεν
1059 2843 1232 2894 εἰπεῖν
1266 2844 1470 2905 ἐκεῖνος
1492 2860 1504 2871 '
1538 2861 1556 2894 ι
1632 2844 1788 2896 Ἀνα-

200 2930 439 2998 6ἡσομαι
481 2929 667 2981 ἐπάνω
694 2928 804 2981 τῶν
831 2929 1091 2995 νεφελῶν,
1123 2931 1214 2982 καὶ
1246 2930 1441 3000 ἔσομαι
1488 2930 1674 2999 ὅμοιος
1705 2929 1783 3000 τῷ

1893 1973 2493 2030 εροιιιιιε.λιιιιιειοιιίιιι
2553 1975 2606 2026 ἰιι
2652 1990 2749 2029 sua
2815 1985 3027 2042 natura,
3082 1992 3188 2029 non
3232 1976 3475 2030 sublatus

1894 2068 1946 2121 in
1970 2066 2260 2121 essentiam
2294 2064 2498 2131 Patris,
2525 2065 2738 2120 tametsi
2781 2082 2949 2120 unum
2998 2082 3122 2121 cum
3190 2067 3306 2136 ipso
3352 2082 3476 2122 esse

1893 2158 2124 2211 dicatur.

1855 2251 2164 2307 ἀναϐαίνων
2231 2251 2311 2313 εἰς
2356 2250 2457 2322 τὴν
2488 2249 2582 2302 τοῦ
2628 2247 2839 2321 Πατρὸς
2884 2250 3100 2315 οὐσίαν,
3151 2249 3257 2304 κᾶν
3290 2251 3366 2313 ὡς
3414 2249 3475 2302 ἓν

2406 2447 2615 2503 Soiutio
2649 2449 2977 2517 Objectionis.

1958 2561 2079 2616 ll:cc
2110 2562 2224 2627 ipsa
2251 2560 2499 2615 diabolus
2530 2563 2726 2628 etiam,
2768 2563 3001 2617 hostium
3064 2563 3261 2618 Christi
3296 2574 3472 2634 pater,

1885 2667 1934 2704 et
1971 2654 2184 2706 illorum
2253 2654 2580 2719 nugacitatis
2638 2655 3052 2723 antesignanus,
3106 2654 3268 2717 dixit,
3313 2668 3473 2728 atque

1885 2741 2023 2803 ideo,
2052 2741 2249 2793 audivit
2279 2759 2291 2793 :
2326 2760 2343 2791 ι
2376 2739 2528 2793 Nunc
2551 2742 2616 2793 ad
2648 2740 2849 2796 iub-ros
2879 2744 3172 2798 descendes
3199 2754 3246 2797 et
3267 2745 3318 2798 iu
3347 2744 3471 2799 l'un-

1894 2832 2143 2883 damenta
2174 2839 2355 2883 teme.
2384 2848 2402 2881 ι
2432 2830 2898 2895 Quemadmodum
2921 2833 3063 2886 enim
3086 2834 3171 2887 ille
3194 2850 3357 2888 attsns
3389 2845 3474 2889 est

1892 2920 2069 2974 dicere
2106 2939 2119 2974 :
2159 2939 2176 2972 ι
2202 2920 2504 2975 Asc-endam
2542 2938 2704 2989 super
2729 2924 2922 2986 nubes,
2951 2935 3004 2976 et
3033 2939 3128 2978 ero
3157 2926 3352 2981 similis
3378 2928 3471 2981 Al-

213 3018 487 3089 ’Υψίστῳσ
517 3038 536 3071 ι
572 3018 662 3072 τὸν
691 3019 853 3072 αὑτὸν
878 3018 941 3090 δὴ
974 3020 1175 3090 τρόπον
1201 3021 1293 3073 καὶ
1317 3012 1485 3082 οὗτοι,
1523 3020 1657 3072 πολὺ
1682 3020 1783 3089 τῆς

1896 3011 2102 3065 tissimo
2128 3012 2148 3042 '
2181 3028 2193 3063 :
2224 3031 2241 3061 ι
2264 3014 2451 3065 eadem
2515 3011 2725 3066 ratione
2782 3014 2945 3067 etiam
2992 3012 3078 3068 isti
3108 3015 3352 3070 humanae
3377 3033 3475 3070 na-

201 3110 507 3181 ἀνθρώπων
555 3110 770 3180 φύσεως
820 3112 947 3174 τοὺς
989 3110 1147 3182 ὅρους
1195 3110 1647 3181 ὑπερϐαινὸμενοι
1695 3110 1790 3163 καὶ

201 3205 302 3275 τῆς
344 3204 532 3266 οὐσίας
576 3203 874 3265 ἀναϐάντες
906 3203 968 3255 τὸ
1012 3201 1231 3273 μέτρον,
1265 3203 1327 3255 οὐ
1369 3202 1658 3271 φοϐοῦνται
1702 3202 1791 3255 λέο

202 3312 423 3364 γοντες·
483 3294 750 3365 Ἐσόμεθα
796 3294 973 3365 ὅμοιοι
1006 3293 1082 3364 τῷ
1130 3292 1389 3363 ’Υψίστιιλ
1442 3293 1654 3365 Ὥσπερ
1697 3290 1791 3348 οὖν

202 3387 457 3458 ἀληθεύει
502 3388 529 3440 6
575 3385 670 3439 τοῦ
700 3385 836 3438 Θεοῦ
866 3386 1037 3453 Λόγος
1074 3385 1233 3455 βοῶν,
1261 3385 1342 3437 ὅτι
1380 3403 1397 3436 ι
1451 3383 1592 3452 Ἐγὼ
1626 3386 1717 3438 καὶ
1762 3386 1791 3437 ὁ

205 3480 393 3552 Πατὴρ
429 3481 487 3533 ’ἐν
517 3481 707 3549 ἐσμεν,
743 3496 762 3530 ι
794 3478 882 3531 διὰ
910 3478 972 3531 τὸ
998 3478 1097 3548 τῆς
1129 3477 1320 3540 οὐσίας
1347 3477 1788 3548 ἀπαράλλακτον,

203 3570 347 3625 οὕτω
395 3572 491 3624 καὶ
528 3573 577 3624 oi
625 3571 981 3641 χριστομάχοι
1025 3569 1230 3621 εἴποιεν
1278 3567 1345 3622 ἂν
1400 3568 1789 3639 ἀληθεύοντες·

226 3664 420 3735 Ἡμεῖς
440 3664 533 3717 καὶ
560 3663 589 3715 6
606 3662 787 3733 πατὴρ
821 3660 978 3731 ἡμῶν
1009 3662 1038 3713 6
1062 3659 1305 3723 διάῦολος
1335 3659 1393 3713 ’ἐν
1416 3661 1603 3729 ἐσμεν,
1620 3659 1706 3713 διὰ
1728 3660 1792 3712 τὸ

206 3755 309 3827 τῆς
338 3756 561 3828 γνώμης
592 3754 1030 3825 ἀπαράλλακτον.
1066 3754 1159 3815 El;
1180 3752 1335 3806 τοῦτο
1360 3753 1417 3807 δὲ
1446 3752 1544 3824 ἤδη
1582 3754 1792 3824 μωρίας

209 3846 522 3900 ἐλαύνουσιν
547 3847 620 3910 ὡς
652 3845 862 3899 οἴεσθαι
895 3845 1038 3898 κατὰ
1074 3845 1234 3914 χάριν
1262 3843 1486 3914 ἔχοντας
1522 3842 1584 3897 τὸ
1608 3842 1793 3896 καλεί-

210 3940 333 3992 σθαι
365 3938 538 4003 θεοὺς,
568 3938 785 4010 ὁμοίους
825 3934 963 3991 εἶναι
990 3935 1250 3989 δύνασθαι
1297 3935 1439 3991 κατὰ
1487 3936 1586 4006 τὴν
1632 3937 1794 4004 φύσιν

206 4030 303 4083 ’τοῦ
338 4029 437 4100 τὴν
475 4030 634 4101 χάριν
681 4027 1089 4089 ἐπιδεδωκὸτος.
1141 4027 1249 4079 Καὶ
1288 4028 1395 4079 υἱοὶ
1442 4026 1793 4097 κεκλημένοι,

208 4122 333 4176 καθ’
361 4122 658 4191 ὁμοιότητα
688 4119 781 4174 τοῦ
811 4120 950 4173 κατὰ
981 4120 1143 4187 φύσιν
1175 4118 1331 4181 Υἱοῦ,
1378 4119 1526 4182 ἴσους
1568 4118 1796 4182 ἑαυτοὺς

209 4211 352 4269 εἶναι
404 4213 723 4266 πιστεύουσι
771 4211 865 4265 τοῦ
906 4210 1041 4281 πρὸς
1084 4210 1358 4263 υἱοθεσίαν
1407 4210 1793 4278 ἀναγαγόντος.

211 4308 309 4360 καὶ
338 4308 398 4360 τι
428 4306 557 4360 ἴδιον
601 4304 767 4358 αὑτοῦ
807 4306 951 4358 κατὰ
984 4304 1145 4374 φύσιν
1179 4302 1418 4373 ἀξίωμα,
1462 4300 1604 4355 κατὰ
1636 4302 1795 4373 γάριν

210 4401 399 4465 αὐτοῖς
429 4398 708 4462 ἐπιθέντος
732 4396 821 4451 διά
866 4396 1067 4467 πολλὴν
1103 4394 1535 4466 φιλανθρωπίαν.

490 4510 810 4575 Ἀντίθεσις
837 4509 919 4574 ὡς
946 4508 1015 4561 ἐκ
1045 4507 1165 4561 τῶν
1196 4504 1527 4575 αΙρετικῶν.

287 4620 410 4674 Κᾶν
451 4619 607 4691 λέγῃ,
660 4621 845 4690 φασιν,
884 4621 913 4673 6
962 4619 1112 4684 Υἱὸς,
1154 4616 1296 4686 Ἐγὼ
1340 4618 1434 4670 καὶ
1462 4619 1490 4670 6
1527 4615 1715 4688 Πατὴρ
1743 4615 1802 4668 ἒν

216 4712 407 4781 ἐσμεν,
439 4711 500 4763 οὐ
531 4711 748 4773 πάντως
778 4712 929 4764 ἔσται
956 4709 1057 4779 τῆς
1084 4708 1256 4778 αὐτῆς
1284 4705 1471 4769 οὐσίας
1500 4705 1578 4777 τῷ
1610 4708 1803 4777 Πατρὶ,

218 4805 344 4857 ἐπεὶ
384 4805 481 4857 καὶ
514 4806 678 4873 ἡμεῖς
711 4803 991 4874 ἄνθρωποι
1040 4801 1186 4855 κατά
1225 4799 1389 4867 φύσιν
1424 4799 1595 4863 ὄντες,
1632 4798 1689 4851 ἓν
1728 4798 1805 4862 ὡς

224 4895 360 4965 πρὸς
391 4896 481 4947 τὸν
506 4895 639 4948 Θεὸν
666 4894 931 4964 γινόμεθα
950 4911 964 4924 ·
1000 4894 1095 4946 καὶ
1126 4892 1337 4962 μάρτυς
1380 4890 1539 4952 αὐτὸς
1575 4889 1749 4957 λέγων
1777 4889 1806 4940 6

226 4986 350 5049 Υἱός
380 5002 391 5016 ’
431 5004 450 5038 ι
505 4985 683 5047 θέλω,
730 4985 934 5053 Πάτερ,
988 4984 1074 5036 ἵνα
1126 4982 1315 5053 ὥσπερ
1351 4980 1462 5049 ἐγὼ
1503 4982 1599 5034 καὶ
1638 4981 1703 5032 σὺ
1747 4980 1807 5031 ἓν

226 5080 412 5148 ἐσμεν,
439 5075 582 5129 οὕτω
616 5076 710 5129 καὶ
748 5075 903 5129 αὐτοὶ
932 5075 989 5127 ὲν
1021 5076 1152 5145 ἡμῖν
1188 5073 1246 5125 ἓν
1279 5066 1432 5125 ὦσιν.

712 5252 868 5319 Πρὸς
908 5251 1083 5305 τοῦτο
1114 5250 1317 5314 λύσις.

301 5369 362 5421 El
388 5368 561 5430 οὕτως
599 5366 736 5419 εἰσὶν
769 5365 797 5418 6
842 5364 1034 5434 Πατὴρ
1087 5362 1182 5415 καὶ
1222 5364 1250 5413 6
1298 5359 1427 5421 Υἱὸς
1469 5357 1549 5422 ἓν,
1584 5355 1661 5419 ὡς
1714 5356 1807 5407 καὶ

227 5463 388 5529 ἡμεῖς
429 5459 565 5530 πρὸς
610 5458 700 5511 τὸν
738 5458 979 5526 Πατέρα,
1031 5455 1128 5508 κα)⁸
1160 5456 1188 5508 6
1238 5451 1428 5523 Πατὴρ
1464 5449 1598 5518 πρὸς
1638 5448 1807 5519 ἡμᾶς,

229 5551 380 5603 οὐδὲν
412 5549 522 5619 ἄρα
550 5549 611 5601 τὸ
642 5545 845 5618 μεταξὺ
873 5546 965 5599 τοῦ
996 5544 1134 5599 Θεοῦ
1160 5544 1331 5611 Λόγου
1360 5541 1457 5596 καὶ
1484 5538 1662 5611 ἡμῶν,
1693 5537 1809 5591 ἀλλ’

230 5644 385 5696 ἔσται
427 5640 568 5694 κατὰ
601 5639 761 5707 φύσιν
792 5641 925 5709 ἡμῖν
952 5640 981 5692 6
1010 5637 1193 5702 αὐτὸς,
1213 5634 1401 5689 διοίσει
1440 5633 1495 5687 δὲ
1531 5632 1694 5703 μόνον
1730 5627 1809 5701 τῷ

1485 5813 1500 5842 ⁸
1538 5808 1670 5865 “lltl.
1707 5806 1787 5863 Η.

317 5817 337 5851 '
366 5820 517 5875 .loan.
558 5836 687 5884 xm,
721 5816 915 5873 ιιι-22.
995 5816 1015 5843 ⁸
1045 5813 1147 5869 lsi.
1181 5828 1289 5876 ιιιν,
1329 5811 1409 5867 l9.

1895 3088 2025 3153 tunc
2051 3100 2251 3154 limites
2272 3100 2429 3171 longe
2464 3102 2852 3166 transilientes,
2888 3114 2942 3157 et
3001 3106 3326 3159 substantia:
3360 3122 3474 3161 sua:

1894 3190 2166 3243 modulum
2225 3192 2697 3254 trzmsceuduutcs.
2751 3208 2855 3246 non
2932 3204 3190 3247 verentur
3241 3196 3467 3250 dicere:

1892 3278 2108 3335 Erimus
2136 3282 2346 3337 similes
2367 3282 2671 3336 Altissimo.
2724 3282 2877 3336 Sicut
2935 3283 3099 3353 igitur
3165 3300 3291 3339 vere
3345 3287 3477 3341 dicit

1898 3372 2129 3427 Verbum
2150 3372 2263 3438 Dei,
2289 3373 2531 3428 clamans
2559 3389 2571 3425 :
2614 3374 2755 3443 «Ego
2776 3382 2831 3427 et
2854 3374 3016 3428 Pater
3033 3392 3196 3429 unum
3227 3393 3469 3438 sumus.»

1892 3473 2113 3533 propter
2142 3464 2477 3519 identitatem
2504 3465 2756 3519 essentia:
2784 3483 2799 3519 :
2830 3465 2904 3519 ita
2928 3465 3089 3520 etiam
3106 3468 3289 3523 hostes
3315 3469 3476 3524 Chri.

1893 3555 2163 3609 stidicant
2196 3569 2355 3607 vere:
2388 3552 2498 3609 Nos
2524 3563 2577 3608 et
2606 3564 2760 3623 pater
2775 3564 2963 3608 noster
2989 3554 3235 3611 diabolus
3305 3573 3473 3612 unum

1893 3662 2101 3712 sumus,
2131 3658 2351 3716 propter
2383 3646 2721 3700 voluntatum
2747 3646 3178 3702 similitudinem.
3208 3648 3306 3709 ,ΕΟ
3327 3649 3473 3704 enim

1890 3738 2002 3808 jam
2027 3738 2314 3793 dementiae
2366 3744 2650 3804 venerunt,
2684 3746 2742 3791 ut
2805 3753 2926 3792 cum
2973 3755 3070 3807 per
3111 3740 3338 3806 gratiam
3421 3742 3475 3796 id

1894 3828 2176 3883 consecuti
2200 3828 2310 3881 sint
2345 3836 2405 3881 nt
2434 3827 2506 3882 dii
2547 3834 2827 3889 vocentur,
2875 3826 3185 3880 existiment
3229 3843 3288 3882 se
3321 3829 3475 3882 simi-

1897 3918 1976 3972 les
2001 3932 2122 3972 esse
2154 3931 2313 3987 posse
2339 3916 2635 3971 secundum
2660 3925 2911 3969 naturam
2939 3915 2987 3970 ei
3016 3916 3105 3986 qui
3166 3918 3295 3987 ipsis
3328 3918 3473 3973 illam

1895 4011 2124 4079 gratiam
2149 4008 2371 4078 largitus
2408 4015 2512 4062 est.
2541 4007 2783 4077 Cumque
2805 4015 3070 4061 vocentur
3092 4007 3207 4071 lilii,
3235 4009 3300 4062 ad
3324 4009 3476 4063 simi-

1898 4099 2175 4154 lilttdinrm
2223 4098 2340 4167 ejus
2383 4099 2475 4168 qui
2514 4097 2839 4152 naturaliter
2901 4107 2985 4152 est
3011 4098 3200 4164 Filius,
3236 4099 3474 4169 mquales

1897 4208 1955 4246 se
1984 4200 2173 4258 putant
2206 4193 2253 4245 ci
2286 4194 2375 4258 qui
2414 4206 2509 4244 eos
2538 4189 2834 4259 adoptavit,
2863 4189 3023 4259 119
3047 4190 3247 4258 quique
3293 4191 3473 4258 digni-

1900 4293 2061 4337 tatem
2095 4299 2216 4353 quae
2243 4283 2346 4337 sibi
2380 4283 2698 4337 naturaliter
2726 4284 2945 4351 propria
2970 4292 3075 4343 est,
3111 4298 3206 4351 per
3246 4283 3473 4352 gratiam

1831 4387 1873 4442 ι)
1904 4391 2001 4446 pro
2028 4376 2227 4445 ingenti
2265 4390 2361 4429 sua
2402 4374 2729 4443 benignitate
2756 4372 2834 4426 eis
2863 4373 3150 4429 concessit.

2353 4486 2590 4556 Objectio
2635 4485 3020 4539 Itwretirorum.

1980 4602 2244 4668 Tametsi,
2303 4601 2578 4669 inquiunt,
2630 4600 2800 4654 Filius
2845 4600 2988 4653 dicat
3023 4618 3035 4652 :
3067 4598 3176 4667 Ego
3222 4606 3275 4651 ct
3319 4597 3479 4652 Pater

1905 4711 2072 4750 ιιιιιιιιι
2104 4710 2315 4757 sumus,
2351 4711 2455 4748 non
2490 4702 2669 4747 tamen
2693 4690 2798 4745 erit
2832 4689 3071 4756 ejusdem
3105 4704 3325 4757 prorsus
3353 4705 3477 4742 cum

1906 4800 1972 4839 eo
1995 4787 2272 4847 essentne,
2293 4784 2562 4851 siquidem
2600 4790 2653 4833 et
2680 4795 2778 4833 nos
2808 4795 2929 4833 cum
2966 4790 3156 4831 ttatttta
3187 4779 3355 4830 simus
3384 4780 3476 4831 lm-

1909 4876 2106 4939 mines,
2141 4891 2304 4928 unum
2345 4889 2466 4927 cum
2520 4870 2629 4925 Deo
2675 4868 2973 4923 cllicinznr:
3020 4868 3174 4933 cujus
3213 4869 3285 4920 rei
3327 4870 3481 4920 testis

1905 4978 1992 5024 est
2028 4968 2142 5037 ipse
2166 4966 2337 5020 Filius
2372 4966 2559 5019 dicens
2592 4984 2603 5017 :
2645 4980 2662 5013 ι
2704 4960 2858 5023 Volo.
2905 4959 3085 5018 Pater.
3122 4968 3178 5009 ut
3205 4958 3345 5011 sicut
3381 4971 3481 5025 ego

1907 5071 1962 5115 et
2019 5074 2074 5115 ιιι
2128 5074 2292 5113 ιιιιιιιιι
2342 5072 2551 5119 smnus,
2610 5055 2681 5107 ita
2734 5064 2790 5108 et
2847 5053 2949 5121 ipsi
3012 5051 3063 5104 in
3124 5050 3280 5102 nobis
3314 5065 3479 5103 unnttt

1907 5152 2020 5207 sint
2043 5153 2088 5183 "’
2144 5170 2162 5200 ι

2400 5238 2608 5294 Salutio
2646 5235 2974 5306 objectionis.

1986 5351 2044 5406 Si
2086 5349 2248 5403 Pater
2280 5358 2335 5401 et
2371 5347 2544 5402 Filius
2585 5346 2657 5400 ita
2700 5354 2827 5401 sunt
2878 5358 3065 5405 unum,
3108 5340 3250 5396 sicut
3296 5350 3348 5396 et
3386 5354 3483 5395 nos

1912 5457 2037 5498 cum
2076 5441 2262 5505 Patre,
2312 5449 2363 5494 ct
2401 5438 2562 5493 l‘ater
2609 5436 2887 5492 uobiscum
2925 5450 2941 5489 :
2974 5433 3122 5491 nulla
3175 5433 3340 5502 igitur
3378 5434 3485 5486 erit

1913 5532 2218 5590 diﬂ‘ereutia
2248 5531 2392 5586 inter
2418 5531 2508 5586 Dei
2551 5529 2785 5607 \[erbum
2815 5538 2869 5585 et
2899 5543 2998 5584 nos
3019 5543 3034 5593 ;
3058 5527 3151 5582 sed
3185 5527 3292 5580 erit
3327 5535 3485 5579 natu-

1914 5624 2103 5682 raliter
2142 5622 2282 5678 idem
2321 5622 2625 5689 nobiscum,
2653 5629 2707 5676 et
2745 5630 2984 5691 tempore
3011 5626 3220 5673 tantum
3250 5615 3482 5680 dili‘eret,

1870 5806 1911 5838 ⁸ο
1944 5802 2100 5860 Joan.
2129 5817 2261 5867 ml,
2293 5800 2373 5856 ‘25.
