4072 6508
620 356 723 412 199

1646 360 1703 415 S.
1745 360 2021 417 (lYltlLLl
2061 364 2530 424 ALEXANDRINI
2569 372 2871 429 ARCIllEP

3786 371 3900 428 2W

619 477 887 547 siquidem
934 486 988 530 et
1027 477 1140 546 ipse
1173 488 1301 532 ante
1338 494 1532 533 omnes
1575 481 1832 547 exsistit;
1878 494 1934 537 at
1979 494 2175 543 tamets

2300 493 2497 564 χρόνῳ,
2530 495 2653 550 ἐπεὶ
2697 497 2793 550 καὶ
2827 497 2993 561 αύτός
3022 497 3137 551 ἐστι
3169 496 3277 568 πρὸ
3323 496 3542 552 πάντων
3562 510 3576 527 ⁸
3613 495 3755 550 ἀλλὰ
3790 496 3901 550 κᾶν

622 576 868 636 tempore
911 568 1061 635 prior
1103 569 1195 631 sit,
1232 570 1372 622 idem
1410 579 1589 624 tamen
1637 574 1916 627 nobiscum
1958 577 2063 629 erit
2107 594 2197 632 ra-

623 662 770 713 tione
796 660 1065 712 essentim.
1097 659 1235 724 Quid
1265 661 1407 712 enim
1434 662 1702 714 obstiterit
1722 668 2009 732 quominus
2027 667 2197 723 Adam

621 752 918 806 secundmn
955 762 1203 805 naturain
1235 755 1309 805 sit
1338 752 1502 807 Paulo
1528 755 1739 820 similis,
1782 758 2063 815 aut'alicui
2116 761 2197 816 al-

624 846 722 898 teri
752 852 872 913 post
920 860 979 898 se
1029 856 1176 909 nato,
1215 849 1424 900 tametsi
1468 858 1597 901 ante
1627 866 1815 903 oumes
1845 852 1959 920 ipse
2010 869 2038 906 a
2087 855 2196 909 Deo

621 946 841 990 creatus
878 936 1077 989 fuerit?
1112 937 1166 989 Si
1207 954 1338 1006 ergo
1385 939 1437 992 iu
1489 939 1574 994 his
1607 951 1816 1011 tempus
1866 944 1997 998 nihil
2020 946 2194 1015 juvat,

620 1028 749 1097 quid
774 1029 1024 1096 prohibet
1058 1031 1345 1096 quominus
1382 1042 1437 1085 et
1493 1032 1660 1087 Filius
1697 1045 1823 1087 ante
1860 1051 1957 1092 nos
1983 1039 2197 1108 genitus

621 1119 866 1188 ejusdem
917 1123 1167 1173 essentia-
1208 1123 1489 1176 nobiscum
1526 1124 1618 1186 sit,
1661 1126 1702 1178 si
1753 1126 1887 1180 nihil
1932 1127 2074 1181 aliud
2110 1138 2196 1183 est

620 1211 952 1265 discriminis
1009 1212 1147 1265 inter
1187 1229 1283 1265 nos
1328 1224 1381 1267 et
1430 1215 1644 1284 ipsum?
1688 1216 1851 1285 Atqui
1905 1218 1948 1271 si
1996 1219 2097 1273 hoc
2124 1234 2191 1273 ex

618 1316 797 1357 vestra
833 1307 1100 1359 sententia
1134 1321 1320 1359 verum
1364 1318 1469 1368 est,
1508 1324 1668 1375 quam
1713 1309 1782 1361 ob
1825 1324 2039 1363 causam
2077 1311 2195 1379 ipse

619 1397 767 1451 solus
791 1406 1017 1449 vocatur
1038 1407 1277 1458 creator,
1313 1414 1432 1450 cum
1465 1398 1596 1451 nulli
1634 1410 1875 1452 nostrum
1907 1401 1956 1454 id
1996 1416 2191 1456 nomen

618 1488 934 1554 competat?
966 1487 1031 1541 Et
1065 1504 1161 1541 nos
1194 1490 1410 1555 quidem
1444 1506 1539 1556 per
1574 1490 1745 1557 ipsom
1772 1491 1937 1544 creati
1978 1507 2188 1557 sumus,

616 1576 729 1643 ipse
750 1594 877 1631 vero
909 1580 1173 1632 creatoris
1201 1580 1429 1647 gloriam
1468 1580 1567 1634 sibi
1602 1581 1848 1635 ascribit.
1885 1582 1950 1635 Et
1977 1599 2189 1651 aequum

613 1680 754 1734 erat,
814 1672 857 1723 si
920 1670 1058 1724 idem
1118 1682 1309 1724 natura
1364 1687 1482 1723 cum
1530 1672 1646 1738 ipso
1693 1687 1904 1736 sumus,
1939 1675 2189 1727 eumdem

611 1760 777 1816 etiam
827 1776 948 1814 cum
1009 1762 1101 1815 illo
1144 1762 1285 1827 apud
1352 1761 1565 1815 Patrem
1615 1762 1788 1817 locum
1829 1765 2095 1829 obtinere,
2136 1772 2190 1818 et

2302 587 2400 660 ἔχῃ
2445 588 2505 642 τὸ
2558 590 2911 661 προτερεύειν
2952 592 3095 644 κατά
3138 592 3232 645 τῦν
3274 592 3485 661 χρόνον,
3518 590 3675 642 ἔσται
3723 589 3902 643 πάλιν

2302 678 2431 746 ἡμῖν
2464 681 2584 731 κατ’
2606 680 2852 733 ούσίανὸ
2878 682 3062 746 αύτός.
3094 683 3158 734 Τί
3188 682 3297 752 γὰρ
3318 681 3552 734 κωλύσει
3579 680 3675 733 τὸν
3713 680 3898 751 Ἀδὰμ

2300 768 2379 831 είς
2407 768 2468 821 τὸ
2512 764 2649 823 εῖναι
2688 771 2831 825 κατὰ
2866 772 3027 842 φύσιν
3059 774 3244 843 ὅμοιον
3273 773 3352 842 τῷ
3385 771 3585 843 Παύλῳ
3623 772 3821 842 τυχὸν,
3858 773 3893 840 ἢ

2299 856 2471 927 ἑτέρῳ
2498 859 2605 912 τιν)⁸
2636 858 2745 911 τῶν
2780 862 2896 929 μετ’
2917 860 3080 915 αὑτὸν
3103 863 3425 931 γεγονότων,
3447 860 3509 914 τὸ
3528 861 3636 933 πρὸ
3664 863 3895 913 πάντων

2298 949 2462 1001 αὑτὸν
2510 951 2842 1018 πεποιῆσθαι
2894 953 3046 1023 παρά
3092 952 3262 1017 Θεοῢς
3298 955 3360 1006 Ei
3392 953 3574 1006 τοίνυν
3620 953 3785 1006 οὐδὲν
3833 955 3893 1005 ἐν

2296 1040 2506 1104 τούτοις
2535 1044 2563 1095 ὁ
2591 1043 2784 1113 χρόνος
2811 1044 3032 1113 ὠφελεῖ,
3062 1047 3113 1098 τί
3144 1045 3342 1099 κωλύει
3376 1047 3473 1100 καὶ
3497 1044 3589 1099 τὸν
3618 1046 3756 1098 Υἱὸν
3780 1045 3894 1115 πρὸ

2295 1132 2453 1202 ἡμῶν
2476 1136 2755 1201 γεγονότα,
2786 1135 2885 1205 τῆς
2918 1137 3087 1205 αὐτῆς
3126 1139 3312 1199 ούσίας
3338 1139 3467 1207 ήμῖν
3504 1138 3805 1208 ὑπάρχειν,
3839 1139 3890 1189 εἱ

2299 1223 2467 1293 μηδὲν
2501 1223 2647 1276 ἔστιν
2690 1225 2875 1294 ἕτερον
2916 1228 2977 1279 τὸ
3013 1228 3217 1297 μεταξὺ
3249 1228 3409 1297 ἡμῶν
3441 1246 3499 1280 τε
3546 1229 3643 1281 καὶ
3673 1228 3884 1291 aia-:05;

2295 1315 2405 1368 Καὶ
2443 1317 2491 1367 εί
2522 1315 2680 1369 τοῦτο
2705 1318 2825 1370 καθ’
2862 1319 3005 1388 ὑμᾶς
3032 1322 3180 1371 ἐστιν
3204 1319 3421 1390 ἀληθὲς,
3458 1320 3578 1371 ὅτου
3607 1320 3673 1389 δή
3721 1321 3887 1389 χάριν

2294 1406 2457 1469 αὐτὸς
2509 1408 2667 1477 μόνος
2720 1409 2966 1462 καλεῖται
3002 1409 3261 1481 Ποιητής,
3304 1411 3462 1480 ήμῶν
3503 1412 3603 1463 οὐκ
3646 1412 3887 1479 ἐχόντων

2292 1498 2485 1563 τοῦτο;
2520 1502 2628 1553 Καὶ
2659 1504 2818 1571 ἡμεῖς
2854 1502 2950 1572 μὲν
2969 1503 3036 1555 δι’
3066 1503 3231 1556 αὑτοῦ
3258 1504 3582 1571 γεγόναμεν,
3628 1504 3800 1566 αὐτὸς
3829 1504 3888 1556 δὲ

2292 1590 2389 1659 τὴν
2412 1590 2505 1643 τοῦ
2541 1592 2884 1662 Δημιουργοῦ
2915 1593 3071 1657 δόξαν
3102 1594 3275 1663 φέρει.
3327 1589 3434 1645 Ἠν
3463 1593 3519 1644 δὲ
3554 1594 3725 1655 ὅντως
3753 1595 3885 1645 ἀκό-

2290 1679 2477 1735 λουθον
2505 1684 2555 1735 εί
2582 1685 2779 1737 ταυτόν
2808 1685 2973 1754 ἐσμεν
3000 1685 3142 1738 κατά
3176 1685 3338 1752 φύσιν
3372 1685 3542 1754 αύτῷ,
3578 1686 3679 1755 τὴν
3706 1687 3882 1755 αὐτὴν

2291 1770 2484 1840 ἐκείνῳ
2511 1771 2693 1842 χώραν
2726 1773 2944 1841 ἐπέχειν
2972 1774 3123 1842 παρά
3151 1773 3228 1843 τῷ
3260 1775 3432 1843 Πατρ“ι
3461 1776 3552 1826 καὶ
3587 1776 3764 1842 ἡμᾶς,
3788 1776 3882 1827 καὶ

612 1866 1055 1920 unumquemque
1106 1864 1349 1906 nostrum
1390 1853 1554 1906 etiam
1596 1855 1777 1907 vocari
1820 1854 2175 1923 Unigenitum,

2290 1862 2521 1915 ἕκαστον
2568 1865 2723 1934 ήμῶν
2773 1865 3053 1918 καλεῖσθαι
3082 1868 3176 1918 καὶ
3206 1867 3505 1935 Μονογενῆ,
3535 1868 3628 1918 καὶ
3672 1868 3873 1933 Λόγον,

610 1954 669 1996 et
708 1944 966 2005 Verbum,
996 1953 1051 1996 et
1078 1944 1400 2012 sapientiam
1429 1943 1624 2000 Patris.
1658 1949 1895 2010 Quorum
1920 1948 2061 2001 enim
2089 1963 2184 2001 na-

612 2042 733 2087 tura
766 2050 869 2085 uua
901 2042 1064 2101 atque
1089 2035 1276 2085 eadem
1310 2045 1417 2096 est,
1459 2035 1525 2087 iis
1548 2050 1831 2089 commune
1858 2036 2018 2091 etiam
2046 2038 2187 2092 inter

612 2139 671 2178 se
704 2139 899 2177 nomen
937 2135 1019 2177 est
1048 2142 1061 2177 :
1095 2134 1150 2177 et
1178 2123 1320 2193 quod
1346 2126 1435 2177 uni
1471 2127 1964 2191 naturaliterinest,
2000 2130 2051 2182 id
2082 2144 2186 2183 cm-

612 2221 744 2273 teris
774 2233 986 2287 quoque
1010 2219 1103 2288 qui
1130 2219 1371 2286 ejusdem
1411 2228 1617 2272 natura:
1657 2228 1785 2273 sunt
1817 2221 1978 2276 inest.
2009 2223 2077 2274 At
2102 2236 2185 2275 ve-

611 2324 675 2363 ro
705 2310 750 2364 si
778 2311 879 2364 hoc
919 2311 1210 2363 absurdum
1239 2319 1343 2375 est,
1374 2322 1425 2364 et
1466 2325 1642 2379 neque
1686 2322 1962 2366 creatures
1997 2328 2183 2367 sumus

610 2412 706 2454 aut
759 2417 1038 2467 vocamur,
1097 2416 1271 2470 neque
1321 2403 1613 2470 sapientia,
1661 2413 1755 2456 aut
1802 2401 2059 2469 Verbum,
2091 2412 2181 2456 aut

608 2490 884 2561 splendor,
917 2492 1066 2545 solus
1104 2502 1284 2544 autem
1333 2492 1448 2546 lucc
1484 2502 1570 2545 est
1621 2491 1826 2559 Filius;
1876 2509 1978 2547 non
2017 2494 2183 2563 igitur

608 2582 926 2636 naturaliter
958 2583 1097 2636 idem
1141 2580 1424 2636 nobiscum
1474 2593 1576 2647 εει,
1611 2584 1703 2637 sed
1748 2584 2074 2652 peculiarem
2118 2599 2180 2639 ac

606 2671 879 2741 propriam
926 2686 989 2725 ex
1028 2670 1187 2724 Patre
1218 2673 1621 2739 generationem
1672 2673 1853 2735 habet,
1900 2685 2062 2741 atque
2106 2673 2179 2726 ita

592 2761 688 2816 ἐει
718 2777 882 2816 unum
918 2776 1038 2815 eum
1082 2776 1180 2814 suo
1204 2761 1383 2827 l’atre,
1420 2778 1526 2816 non
1565 2764 1705 2815 sicut
1736 2778 1831 2817 nos
1862 2763 1950 2831 qui
1992 2765 2057 2818 ad
2095 2764 2179 2833 ip-

602 2867 721 2906 sum
767 2852 947 2919 relati,
986 2868 1080 2920 per
1105 2852 1575 2921 participationem
1602 2855 2178 2909 couuunnicationem-

600 2956 707 3011 que
760 2942 1025 2996 unitatem
1088 2943 1369 2996 consecuti
1430 2958 1654 2996 sumus:
1720 2944 2175 3012 quemadmodum

600 3030 803 3084 ferrum
846 3030 956 3100 igni
986 3031 1289 3095 admotum,
1322 3033 1390 3086 ab
1418 3048 1484 3086 eo
1520 3034 1717 3087 calent.

2290 1954 2382 2006 καὶ
2414 1955 2608 2022 σοφίαν
2652 1956 2743 2008 τοῦ
2786 1958 3018 2027 Πατρός.
3058 1953 3159 2009 ’Ὧν
3192 1958 3299 2026 γὰρ
3330 1959 3362 2025 ἡ
3394 1958 3553 2024 φύσις
3598 1958 3722 2027 μία,
3752 1959 3880 2010 τού-

2287 2063 2400 2108 τοις
2436 2047 2589 2099 ἔσται
2620 2048 2714 2100 καὶ
2754 2048 2814 2100 τὸ
2855 2049 3026 2118 όνομα
3054 2049 3229 2100 κοινόν
3250 2064 3264 2077 ·
3308 2050 3399 2101 καὶ
3428 2051 3565 2118 ὅπερ
3599 2050 3683 2101 ἑνὶ
3734 2051 3880 2102 κατά

2287 2143 2451 2210 φύσιν
2495 2143 2751 2214 ὑπάρχει,
2796 2144 2954 2197 τοῦτο
3003 2144 3219 2207 πάντως
3257 2146 3569 2212 ἐγκείσεται
3614 2145 3716 2197 xa‘t
3759 2149 3877 2207 τοῖς

2284 2234 2385 2303 τῆς
2421 2236 2592 2303 αὐτῆς
2642 2234 2959 2304 μετέχουσιν
2998 2234 3206 2298 οὐσίας.
3251 2236 3311 2288 Εἰ
3344 2236 3399 2288 δὲ
3446 2235 3606 2287 τοῦτο
3648 2236 3874 2295 ἄτοπον.

2286 2326 2381 2379 καὶ
2426 2326 2548 2378 οὔτε
2578 2326 2901 2395 δημιουργοί
2943 2326 3170 2396 ἐσμενῆ
3222 2325 3556 2396 κεκλήμεθα,
3597 2324 3724 2377 οὔτε
3763 2326 3877 2396 μὴν

2287 2415 2468 2482 σοφία,
2504 2414 2535 2485 ἢ
2564 2415 2807 2483 Λόγο;,ῆ
2840 2415 3180 2485 ἀπαύγασμα
3203 2434 3215 2446 ·
3247 2417 3408 2485 μόνος
3436 2416 3490 2467 δὲ
3522 2415 3699 2469 ταῦτά
3726 2418 3877 2470 ἐστιν

2283 2509 2310 2560 ό
2336 2507 2483 2570 Υἱὸς,
2510 2508 2609 2560 οὐκ
2634 2508 2742 2577 ἄρα
2775 2508 2914 2561 κατὰ
2938 2509 3097 2576 φύσιν
3116 2509 3262 2562 ἔσται
3298 2509 3430 2580 πρὸς
3454 2512 3600 2580 ἡμᾶς
3627 2512 3656 2561 ὁ
3685 2511 3872 2574 αὐτὸς,

2284 2598 2399 2650 ἀλλ’
2448 2598 2753 2663 ἰδιάζουσαν
2802 2602 2865 2652 ὲκ
2911 2598 3004 2652 τοῦ
3051 2598 3263 2669 Πατρὸς
3310 2600 3420 2669 ἔχει
3459 2600 3555 2669 τὴν
3589 2599 3872 2669 γέννησιν,

2283 2689 2376 2740 καὶ
2405 2687 2577 2753 οὕτως
2612 2690 2757 2741 ἐστὶν
2794 2690 2851 2741 ἓν
2884 2689 3019 2760 πρὸς
3050 2690 3139 2742 τὸν
3170 2690 3364 2742 ἑαυτοῦ
3396 2691 3639 2760 Πατέρα,
3678 2690 3743 2742 ού
3771 2708 3876 2743 κα-

2283 2780 2460 2850 θάπερ
2489 2783 2649 2851 ἡμεῖς
2679 2785 2743 2853 τῇ
2778 2782 2912 2853 πρὸς
2938 2782 3097 2835 αὑτὸν
3126 2782 3305 2853 σχέσει
3344 2782 3441 2853 τὴν
3477 2784 3708 2852 ἑνότητα
3741 2801 3870 2853 κερ-

2280 2871 2554 2937 δαίνοντες
2582 2875 2887 2943 μετοχικῶς
2928 2893 2987 2927 τε
3037 2874 3128 2928 καὶ
3181 2874 3620 2945 μεταληπικῶς,
3676 2876 3871 2946 ὥσπερ

2280 2964 2346 3016 ἂν
2395 2966 2443 3017 εἰ
2498 2967 2590 3017 καὶ
2639 2966 2855 3037 σίδηρος
2904 2968 3037 3038 πυρὶ
3072 2966 3336 3037 ὁμιλήσας
3386 2967 3873 3038 περιθερμαίνοιτο

2281 3058 2411 3125 παρ’
2442 3055 2629 3108 αὑτοῦ.

598 3186 833 3251 ALIUD,
862 3205 1002 3263 cum
1032 3190 1256 3242 evidenti
1296 3191 1738 3246 demonstratione
1783 3194 1994 3257 docens,
2035 3196 2173 3263 quod

2282 3190 2479 3263 ΑΛΛΟ,
2519 3191 2670 3258 μετὰ
2696 3190 2913 3263 τοργῆς
2947 3190 3313 3263 ἀποδείξεως
3342 3191 3637 3246 διδάσκον
3664 3195 3756 3247 ὅτι
3801 3198 3874 3249 τὰ

668 3276 786 3329 qua:
815 3258 1080 3323 aliquibus
1105 3262 1297 3332 similia
1320 3272 1439 3332 sunt
1474 3279 1574 3313 non
1604 3264 1763 3332 120
1784 3265 1838 3315 in
1868 3258 2170 3318 universum

670 3338 718 3380 rt
747 3332 1068 3380 naturaliter
1100 3331 1276 3382 insunt
1312 3331 1379 3382 iis
1412 3334 1598 3397 quibus
1646 3331 1843 3385 siuiilia
1886 3347 2041 3397 sunt;
2081 3335 2170 3385 sed

670 3415 730 3449 ea
757 3414 873 3465 qua'
916 3400 1233 3473 naturaliter
1261 3403 1519 3473 aliquibus
1546 3404 1746 3463 insunt,
1785 3404 1941 3454 veluti
1982 3406 2173 3473 imagi-

666 3484 753 3520 nes
779 3469 1017 3519 autetiam
1041 3470 1171 3535 ﬁunt
1197 3472 1483 3521 motionum
1512 3483 1703 3523 nostra
1722 3474 2025 3525 voluntatis.

672 3593 947 3664 Scriptura
988 3609 1143 3646 sacra
1172 3594 1245 3646 ita
1277 3594 1343 3646 ad
1370 3593 1654 3647 nonnullos
1685 3592 1925 3662 loquitur
1952 3612 1965 3648 :
2005 3614 2023 3647 ι
2064 3594 2171 3648 Νο-

595 3687 690 3741 lite
727 3688 839 3739 lieri
876 3685 1016 3740 sicut
1049 3700 1221 3754 equus
1260 3696 1317 3738 et
1362 3685 1561 3748 mulus,
1611 3685 1661 3737 in
1700 3687 1897 3753 quibus
1936 3702 2038 3740 non
2088 3698 2170 3741 est

597 3778 900 3832 intellectus
930 3779 1004 3844 “;
1045 3795 1064 3827 ι
1102 3786 1156 3829 et
1204 3792 1416 3828 rursum
1450 3777 1514 3827 de
1559 3775 1716 3828 aliis'
1752 3796 1769 3827 ι
1826 3776 1995 3831 llomo
2047 3794 2167 3831 cum

596 3870 651 3923 in
687 3870 891 3922 honore
924 3877 1070 3922 esset
1100 3883 1205 3920 non
1236 3867 1522 3929 intellexit,
1548 3878 1896 3933 comparatus
1923 3881 2007 3922 est
2044 3869 2172 3922 hru-

594 3964 664 4025 tis
702 3963 1103 4033 insipientibus,
1159 3970 1213 4015 et
1260 3961 1453 4015 similis
1499 3960 1671 4015 factus
1710 3970 1792 4014 est
1847 3960 1925 4014 eis
1950 3961 2013 4012 ¹¹.
2050 3978 2068 4010 ι
2106 3959 2168 4012 Ει

594 4055 833 4111 iterum:
865 4073 883 4106 ι
932 4056 1065 4124 Equi
1114 4054 1361 4107 furentes
1409 4054 1460 4105 in
1503 4068 1671 4122 equas
1721 4052 1845 4105 lacti
1898 4052 2107 4106 sunt”.
2142 4069 2161 4101 ι

592 4146 852 4200 Servator
896 4156 1075 4199 autem
1105 4146 1171 4199 ad
1216 4144 1515 4213 discipulos
1546 4161 1673 4196 suos
1706 4142 2047 4197 manifestius
2084 4142 2165 4195 di-

586 4240 705 4293 cit:
755 4258 773 4290 ι
812 4238 993 4292 Estote
1028 4239 1322 4305 prudentes
1352 4238 1494 4289 sicut
1540 4246 1840 4303 serpentes,
1867 4248 1921 4289 et
1965 4234 2169 4303 simpli-

589 4343 683 4382 ces
714 4330 854 4383 sicut
889 4328 1154 4381 columba:
1190 4328 1253 4378 “.
1298 4346 1315 4378 ι
1349 4328 1411 4380 Et
1446 4344 1693 4380 rursum:
1735 4344 1753 4377 ι
1784 4325 1968 4378 Estote
2005 4325 2167 4377 mise-

590 4421 833 4474 ricordes
863 4421 1004 4473 sicut
1047 4430 1103 4472 et
1142 4420 1306 4472 Pater
1354 4430 1535 4472 vester
1570 4418 1810 4472 t-wlestis
1855 4417 2165 4471 misericors

2344 3260 2774 3333 ξξομοιούμξνά
2804 3278 2982 3333 τισιν,
3013 3264 3083 3314 οὐ
3109 3262 3346 3333 πάντως
3374 3266 3639 3316 καὶκατὰ
3670 3268 3870 3333 φύσιν

2342 3326 2571 3383 ἕνείσιν
2619 3326 2713 3396 οἷς
2764 3331 3203 3398 ἐξομοιοῐινται,
3259 3326 3337 3384 ἀλ
3358 3334 3397 3383 ι’
3433 3334 3635 3400 ὥσπερ
3670 3326 3872 3398 ’τινὲς

2342 3403 2571 3465 εἰκόνες
2597 3402 2667 3453 τὰ
2698 3401 2877 3467 φύσει
2932 3401 3236 3471 προσόντα
3282 3404 3401 3454 τισί
3437 3406 3706 3471 γίνονται
3749 3404 3872 3457 τῶν

2341 3472 2491 3523 κατὰ
2534 3473 2885 3537 προαιρεσιν
2913 3470 3081 3538 ἡμῶν
3114 3470 3476 3536 κινημάτων.

2344 3593 2505 3660 Λέγει
2540 3596 2675 3661 πρός
2708 3612 2860 3657 τινας
2895 3595 2927 3664 ή
2961 3594 3079 3648 θεία
3108 3594 3294 3666 Γραφή
3317 3613 3330 3626 ’
3367 3617 3382 3647 ι
3422 3599 3511 3668 Μὴ
3534 3598 3757 3666 γίνεσθε
3787 3601 3865 3663 ὡς

2274 3684 2438 3746 ἵππος
2460 3686 2553 3736 καὶ
2582 3684 2827 3754 ήμίονος,
2853 3681 2933 3749 οἷς
2963 3688 3063 3739 οὐκ
3092 3688 3203 3739 ἔστι
3233 3688 3466 3751 σύνεσις.
3499 3708 3519 3738 ι
3549 3690 3661 3742 Καὶ
3692 3692 3864 3745 πάλιν

2272 3773 2399 3842 περὶ
2434 3774 2663 3841 ὲτέρωψ
2724 3793 2741 3825 ι
2801 3775 3120 3845 Ἀνθρωπος
3157 3779 3215 3830 ἐν
3254 3782 3384 3849 τιμῇ
3419 3778 3491 3831 ὢν
3521 3781 3581 3831 ού
3626 3782 3858 3849 συνῆκε,

2272 3865 2728 3937 παρασυνεὸλὴοη
2796 3870 2910 3930 τοῖς
2976 3870 3199 3939 κτήνεσι
3254 3873 3365 3933 τοῖς
3413 3871 3695 3939 ἀνοήτοις.
3760 3876 3863 3926 καὶ

2269 3953 2526 4025 ὡμοιώθη
2557 3956 2759 4019 αὐτοῖς.
2810 3977 2827 4009 ι
2872 3958 2983 4011 Καὶ⁸
3012 3959 3208 4011 πάλιν
3252 3981 3269 4011 ι
3304 3961 3489 4014 Ἰπποι
3521 3961 3865 4032 θηλυμανείς

2269 4048 2623 4118 ἐγενήθησαν.
2660 4068 2677 4099 ι
2727 4051 2786 4102 Ὀ
2810 4051 2864 4103 δέ
2892 4069 2954 4119 γε
2984 4053 3171 4123 Σωτὴρ
3198 4053 3333 4122 πρὸς
3363 4055 3488 4117 τοὺς
3522 4056 3720 4108 ἑαυτοῦ
3754 4076 3859 4125 μα-

2270 4139 2438 4209 θητὰς
2472 4141 2796 4212 τρανότερον
2828 4143 3017 4210 λέγει’
3065 4163 3083 4195 ‹
3134 4144 3349 4196 Γίνεσθε
3386 4146 3636 4215 φρόνιμοι
3680 4147 3763 4208 ὡς
3804 4149 3859 4199 oi

2268 4230 2438 4299 ὄφεις,
2476 4234 2570 4285 καὶ
2604 4233 2853 4304 ἀκέραιοι
2885 4235 2960 4297 ὡς
2989 4238 3042 4287 αἱ
3080 4236 3420 4306 περιστεραί.
3463 4256 3480 4287 ›
3515 4237 3622 4289 Καὶ
3653 4239 3818 4290 πάλιν
3842 4261 3857 4270 -

2276 4341 2296 4374 ι
2330 4323 2546 4376 Γίνεσθε
2578 4325 2920 4395 οἰκτίρμονες
2951 4326 3131 4388 καθὼς
3162 4328 3189 4377 ὁ
3224 4326 3409 4396 Πατὴρ
3442 4326 3595 4395 ὑμῶν
3623 4330 3650 4378 ὁ
3679 4330 3854 4398 οὐρά-

2266 4432 2376 4478 νιος
2414 4416 2713 4486 οἰκτίρμων
2758 4418 2925 4471 ἐστίν.
2983 4438 3001 4469 ι
3038 4419 3099 4470 Εί
3138 4419 3235 4488 μὲν
3265 4414 3357 4470 οὖν
3392 4418 3455 4471 τὸ
3491 4421 3601 4481 τοῖς
3632 4418 3856 4486 ἀλόγοις

585 4517 675 4565 est
712 4512 776 4563 ".
811 4530 829 4562 ο
873 4512 929 4564 Si
978 4526 1108 4578 ergo
1168 4510 1338 4563 brutis
1371 4510 1737 4563 animantibus
1778 4509 1985 4563 similes
2034 4509 2157 4561 lacti

2282 4506 2423 4571 ζώοις
2471 4506 2846 4576 ὲξομοιοῡσθαί
2892 4526 3066 4571 τινας,
3118 4510 3200 4564 ὅτι
3247 4510 3347 4579 τὴν
3395 4510 3564 4579 αὐτὴν
3617 4510 3851 4572 ἐκείνοις

527 4641 536 4656 .
590 4610 716 4654 sunt
742 4601 1003 4667 nonnulli,
1036 4603 1177 4670 quod
1208 4602 1393 4654 eadem
1433 4617 1551 4656 cmn
1592 4602 1696 4655 illis
1748 4604 1945 4655 mentis
1983 4602 2157 4668 inopia

591 4691 915 4755 laborarint,
951 4692 1186 4761 facitque
1222 4694 1321 4747 hoe
1355 4704 1412 4747 ut
1445 4694 1767 4747 naturaliter
1791 4694 1899 4748 sint
1939 4694 1990 4746 id
2018 4694 2158 4760 quod

590 4780 714 4844 illa;
748 4790 801 4833 et
845 4796 1050 4844 rursus,
1099 4784 1142 4835 si
1188 4784 1435 4852 discipuli
1492 4784 1764 4837 imitantes
1812 4786 2153 4853 prudentiam

589 4881 925 4941 serpentum,
963 4884 1015 4925 et
1042 4875 1442 4942 simplicitatem
1468 4876 1866 4939 columbarum,
1897 4886 1945 4929 et
1981 4875 2159 4930 Patris

588 4963 823 5019 caelestis
838 4966 901 5017 ad
931 4968 1359 5019 misrricordimu
1387 4969 1797 5035 propensionem
1822 4968 2157 5031 aumdantes,

586 5066 865 5123 serpentes
893 5067 944 5110 et
975 5058 1238 5110 columba:
1267 5060 1422 5121 liunt,
1451 5070 1610 5127 atque
1635 5060 1767 5112 adeo
1799 5060 1897 5127 ipsi
1931 5060 2036 5112 lleo
2060 5076 2149 5113 na-

588 5148 831 5201 turaliter
876 5149 1082 5203 similes
1130 5151 1409 5215 evadunt,
1450 5153 1579 5205 nihil
1625 5152 1893 5205 obstiterit
1940 5154 2153 5221 quomi-

588 5252 710 5299 nus,
730 5237 942 5303 quando
964 5239 1195 5292 dicimur
1226 5256 1388 5293 unum
1420 5243 1531 5295 lieri
1564 5258 1684 5294 eum
1713 5242 1958 5306 Domino,
1990 5258 2151 5295 unmn

586 5340 707 5378 cum
741 5324 849 5380 Deo
889 5330 1095 5381 ratione
1141 5333 1391 5386 essentia:
1440 5334 1655 5396 flauius,
1696 5334 2156 5401 quemadmodum

585 5414 755 5470 Filius
781 5432 903 5469 eum
946 5417 1128 5473 Patre.
1170 5419 1225 5473 Si
1263 5437 1391 5475 vero
1418 5426 1530 5477 sola
1555 5424 1922 5491 cogitationis,
1956 5425 2037 5476 vel
2072 5440 2160 5478 ae-

587 5509 747 5561 tionis
773 5508 1127 5565 similitudine
1166 5528 1229 5566 ea
1276 5516 1473 5580 quibus
1504 5529 1887 5580 comparamur
1918 5517 2033 5569 lieri
2066 5517 2152 5568 di-

583 5601 778 5665 cimur,
810 5616 912 5655 non
950 5617 1139 5657 sumus
1168 5604 1330 5674 igitur
1361 5605 1657 5659 secundum
1690 5606 1984 5659 essentiam
2012 5606 2154 5659 idem

665 5776 700 5805 "
730 5774 874 5832 Psal.
906 5795 1053 5847 χχχι,
1093 5779 1145 5833 9.
1225 5782 1267 5812 ⁵⁸
1306 5779 1443 5835 Psal.
1474 5795 1661 5842 sum,
1702 5779 1784 5833 l5.

1862 5780 1903 5813 ⁸³
1931 5779 2131 5835 Jcrem.
2167 5795 2212 5845 ι’,
2240 5780 2293 5835 8.

2264 4597 2530 4668 ἐνόσησαν
2558 4598 2835 4659 ἀδουλίαν.
2865 4601 2958 4651 καὶ
2990 4600 3127 4653 κατὰ
3163 4600 3325 4667 φύσιν
3357 4595 3496 4652 εἶναι
3526 4598 3682 4652 τοῦτο
3707 4602 3857 4652 τωιεῖ

2262 4690 2401 4758 ὅπερ
2434 4690 2583 4742 ἐστὶν
2613 4691 2797 4743 ἐκεῖνα
2818 4706 2831 4721 ο
2869 4692 2963 4743 καὶ
2996 4691 3179 4753 πάλιν,
3220 4694 3267 4744 εί
3296 4691 3357 4744 τὸ
3397 4691 3683 4761 μιμεῖσθαι
3725 4696 3855 4754 τοὺς

2266 4780 2513 4851 μαθητὰς
2554 4782 2616 4834 τὸ
2642 4781 2738 4834 τοῦ
2778 4783 2954 4851 ὄφεως
2997 4782 3280 4851 φρόνιμον,
3336 4783 3428 4835 καὶ
3457 4783 3518 4835 τὸ
3548 4786 3644 4849 τῆς
3688 4800 3854 4853 περι-

2264 4874 2462 4942 στερᾶς
2491 4873 2766 4944 ἀκέραιον,
2803 4874 2897 4927 καὶ
2930 4874 2991 4926 τὸ
3029 4873 3122 4925 τοῦ
3152 4874 3363 4943 Πατρός
3394 4873 3487 4925 τοῦ
3530 4876 3585 4925 ἐν
3614 4876 3725 4934 τοῖς
3752 4876 3852 4925 ού-

2269 4966 2449 5033 ρανοίς
2473 4965 2761 5035 πρόχειρον
2792 4966 2918 5037 περὶ
2941 4965 3001 5017 τὸ
3031 4965 3235 5025 πάντας
3261 4966 3422 5027 ἑλεῖν,
3446 4965 3539 5017 καὶ
3566 4965 3715 5030 ὖφεις
3749 4965 3851 5015 αύ-

2264 5056 2391 5117 τούς
2414 5056 2506 5108 καὶ
2530 5058 2860 5128 περιστερὰς
2883 5057 2977 5110 καὶ
3002 5056 3143 5109 κατὰ
3175 5056 3333 5123 φύσιν
3355 5057 3570 5124 ὁμοίους
3597 5056 3847 5122 γίνεσθαι

2261 5149 2667 5219 παρασκευάζει
2690 5148 2767 5218 τῷ
2794 5149 2912 5219 Θεῷ
2934 5164 2946 5176 ⁸
2975 5150 3102 5202 ὅταν
3129 5148 3412 5216 λεγώμεθα
3438 5150 3682 5216 γίνεσθαι
3708 5149 3848 5217 πρὸς

2262 5240 2466 5311 Κύριον
2496 5240 2573 5301 ἓν,
2609 5242 2759 5293 οὐδὲν
2789 5240 2987 5295 κωλύει
3012 5241 3212 5309 λέγειν,
3249 5242 3330 5293 ότι
3365 5240 3428 5311 δὴ
3462 5244 3599 5293 κατά
3634 5240 3725 5290 τὸν
3743 5242 3849 5309 τῆς

2259 5330 2445 5393 ούσίας
2468 5331 2624 5399 λόγον
2650 5332 2705 5383 ἓν
2728 5331 3029 5401 γεγόναμεν
3060 5331 3196 5400 πρὸς
3224 5331 3315 5382 τὸν
3344 5331 3494 5391 Θεὸν,
3518 5330 3701 5397 ὥσπερ
3726 5330 3849 5381 ὲετὶ

2260 5420 2353 5471 καὶ
2377 5420 2405 5470 ὁ
2437 5420 2561 5482 Υίὸς
2596 5422 2728 5491 πρὸς
2756 5422 2847 5474 τὸν
2871 5420 3063 5473 ἑαυτοῦ
3097 5420 3336 5490 Πατέρα.
3374 5420 3435 5471 Ei
3466 5418 3521 5469 δὲ
3556 5418 3715 5486 μέχρι
3744 5419 3832 5497 ,μὰ

2259 5527 2355 5577 νης
2404 5512 2611 5571 ἐννοίας
2648 5513 2680 5580 ἢ
2724 5512 2973 5582 πράξεως
3019 5513 3050 5580 ή
3099 5511 3352 5580 ὁμοιότης
3392 5511 3521 5579 ἡμῖν
3581 5508 3714 5578 πρὸς
3767 5512 3846 5562 τά

2258 5602 2840 5674 ἀντιπαραϐαλλόμενα
2870 5604 3077 5671 πέφυκε
3111 5600 3380 5669 γίνεσθαι,
3406 5601 3505 5653 οὐκ
3537 5601 3702 5667 ἐσμὲν
3732 5600 3841 5669 ἄρα

2374 5779 2415 5811 ³⁸
2446 5778 2634 5833 Matth.
2669 5796 2718 5843 ι,
2750 5779 2833 5835 16.
2876 5782 2956 5812 ’¹⁸
2988 5780 3116 5835 Luc.
3154 5799 3225 5847 \‘l,
3259 5783 3348 5838 56.
