4072 6562
266 393 363 451 ὶθί

1691 395 2072 457 THESAURU
2082 396 2140 454 S.

3423 420 3532 474 202

267 515 385 571 κατ’
413 514 603 571 οὐσίαν
647 516 699 570 οί
743 515 898 571 αὐτοὶ
944 516 1076 589 πρὸς
1122 516 1211 571 τὸν
1239 517 1392 584 Θεὸν,
1436 520 1564 573 ὅταν
1604 518 1664 572 ἓν
1715 520 1820 591 πρὸ

1925 533 2080 577 ,ρυηι
2130 518 2261 584 Deo,
2314 519 2530 588 quando
2571 536 2735 578 unum
2778 539 2902 580 cum
2942 528 3060 598 ipso
3111 530 3225 586 licri
3270 530 3525 591 dicimur.

265 608 427 663 ιύτὸν
459 608 705 678 γίνεσθαι
730 609 1034 680 λεγώμεθα.
1079 610 1218 663 Ἀλλ’
1238 610 1427 681 ὥσπερ
1457 611 1616 676 αύτδς
1646 612 1706 666 ἓν
1728 613 1844 665 ἐστι

265 698 422 765 φύσει
463 699 599 769 πρὸς
623 697 714 750 τὸν
753 697 947 749 ἑαυτοῦ
974 698 1165 766 Λόγον,
1201 698 1343 752 οὕτω
1363 699 1457 753 καὶ
1488 701 1649 771 ἡμεῖς
1676 700 1734 754 ἓν
1769 702 1845 764 ὡς

265 788 398 859 πρὸς
425 788 686 861 ἀλλήλους
714 787 977 858 γινόμεθα
1010 791 1074 860 τῇ
1102 806 1163 842 τε
1207 788 1423 861 γνώμῃ,
1465 790 1560 844 καὶ
1595 790 1841 862 ὁμονοίᾳ,

262 881 353 933 καὶ
390 880 468 950 τῷ
497 880 639 947 κατὰ
672 879 877 950 μηδένα
910 882 1109 949 τρόπον
1146 881 1461 946 στασιάζειν
1505 880 1641 951 πρὸς
1680 880 1845 951 ἀλλή-

262 969 401 1028 λους,
437 966 551 1018 ἀλλ’
583 966 663 1019 ἐνὶ
703 967 888 1037 δεσμῷ
917 968 1016 1037 τῆς
1051 968 1210 1037 ἁγίας
1254 970 1477 1041 ἀγάπης
1523 969 1714 1041 ῶσπερ
1764 972 1844 1035 εἰς

263 1056 558 1127 ταυτότητά
591 1058 1074 1128 περισφίγγεσθαι.

940 1171 1149 1228 ΑΛΛΟ.

329 1281 489 1344 Ἔθος
536 1282 615 1352 τῷ
663 1282 878 1353 Σωτῆρι
911 1284 1132 1356 Χριστῷ
1182 1285 1252 1339 τὰ
1286 1303 1430 1340 κατα
1479 1287 1641 1356 φύσιν
1690 1288 1840 1357 αὐτῷ

257 1373 527 1442 προσόντα
574 1372 754 1441 ἀγαθά
806 1376 1103 1447 προφέρειν
1148 1377 1257 1441 ἀεὶ,
1314 1379 1410 1432 καὶ
1479 1378 1688 1443 τούτοις
1748 1380 1840 1444 ἑξ-

254 1464 570 1534 ομοιοῦσθαι
622 1466 884 1531 κελεύειν,
934 1468 1008 1531 ὡς
1044 1469 1177 1539 πρὸς
1214 1469 1312 1541 τὴν
1334 1471 1485 1525 θείαν
1536 1474 1682 1543 ἡμᾶς
1708 1472 1837 1527 ἀνα-

255 1557 507 1611 πλάττων
538 1558 739 1625 εἰκόνα,
770 1559 889 1612 καθ’
929 1560 995 1630 ἢν
1028 1562 1121 1613 καὶ
1154 1562 1521 1634 πεποιήμεθα.
1558 1564 1683 1617 Ὅτε
1708 1564 1837 1633 γοῦν

254 1649 465 1719 πράους
491 1650 586 1703 καὶ¹
624 1651 773 1721 ἡμᾶς
794 1651 1004 1715 διδάξαι
1037 1651 1307 1722 βούλεται,
1342 1654 1527 1723 λέγει’
1560 1674 1579 1707 ι
1616 1655 1836 1710 Μάθετε

253 1741 347 1793 ἀπ’
380 1739 514 1810 ἐμοῦ
547 1741 628 1795 ὅτι
666 1744 839 1811 πρᾶός
862 1745 998 1814 εἰμι,
1033 1745 1126 1797 καὶ
1155 1746 1411 1810 ταπεινὸς
1445 1750 1508 1818 τῇ
1552 1748 1766 1819 καρδίᾳ.
1811 1767 1830 1801 ι

1948 609 2055 663 Sed
2088 610 2546 680 quemadmodum
2576 612 2691 682 ipse
2715 623 2798 669 est
2834 632 3004 672 unum
3047 631 3237 677 natura
3268 638 3390 679 cum
3431 642 3530 682 suo

1948 699 2130 755 Verbo
2156 740 2172 765 ,
2217 700 2289 754 ita
2328 711 2383 757 et
2411 717 2507 757 nos
2538 704 2682 759 inter
2704 720 2803 760 nos
2828 723 2990 762 unum
3024 711 3290 769 eﬂicimur
3331 720 3530 774 mentis

1946 802 2109 862 atque
2140 792 2434 848 voluntatis
2463 809 2730 852 consensu
2762 807 2926 868 atque
2967 806 3279 871 concordia,
3307 810 3525 876 quando

1946 884 2096 939 nullo
2127 885 2270 939 inter
2299 899 2394 940 nos
2440 885 2811 955 dissentimus,
2850 891 2943 945 sed
2978 907 3085 947 uno
3114 906 3313 952 sancta:
3339 900 3522 954 chari-

1950 975 2080 1030 tatis
2121 975 2339 1030 vinculo
2368 975 2531 1030 veluti
2570 977 2624 1030 in
2682 978 3020 1035 identitatem
3061 985 3349 1050 quamdam
3387 1002 3519 1041 coa-

1943 1064 2218 1120 lescimus.

2613 1179 2846 1236 ALIUD.

2014 1289 2267 1345 Christus
2324 1289 2583 1346 Servator
2628 1302 2811 1346 noster
2860 1292 2995 1348 bona
3037 1309 3153 1365 qum
3198 1299 3521 1356 naturaliter

1944 1383 2046 1438 sibi
2079 1383 2260 1438 insunt
2286 1383 2442 1438 nobis
2475 1398 2779 1453 proponere
2809 1386 2971 1450 solet,
3003 1388 3142 1441 etad
3177 1402 3364 1443 eorum
3399 1391 3523 1446 imi-

1942 1474 2198 1528 tationem
2233 1475 2749 1544 similitudinemque
2777 1491 2874 1531 nos
2904 1478 3132 1543 hortari,
3189 1481 3255 1534 ad
3279 1480 3517 1537 divinam

1942 1564 2233 1635 imaginem
2281 1566 2347 1619 ad
2394 1581 2558 1634 quam
2612 1566 2736 1621 facti
2800 1582 2987 1621 sumus
3030 1584 3093 1623 ea
3140 1572 3352 1626 ratione
3380 1588 3515 1641 quo-

1940 1656 2229 1711 dammodo
2264 1672 2362 1711 nos
2395 1656 2719 1712 reformans.
2764 1657 2990 1724 Quando
3024 1675 3123 1715 nos
3158 1670 3216 1716 ut
3252 1664 3411 1718 mites
3442 1664 3516 1718 si-

1940 1763 2061 1804 mus
2086 1749 2357 1813 hortatur,
2382 1750 2549 1804 dicit:
2579 1768 2597 1800 ι
2633 1749 2837 1804 Discite
2864 1765 2892 1803 a
2926 1766 3009 1804 me
3037 1752 3163 1821 quia
3201 1754 3351 1808 mitis
3395 1770 3513 1808 sum

252 1830 363 1885 Καὶ
387 1832 486 1902 οὐχ
525 1833 654 1886 ὅταν
702 1833 760 1900 ἐξ
794 1834 959 1887 αὑτοῦ
996 1836 1261 1905 μαθόντες
1304 1837 1590 1909 γενώμεθα
1644 1841 1820 1912 πρᾱὶοι1

1938 1848 1992 1893 et
2034 1840 2255 1895 humilis
2282 1842 2444 1895 corde
2475 1842 2539 1895 “.
2581 1859 2598 1891 ι
2629 1839 2739 1895 Nec
2777 1848 2957 1895 tamen
3006 1858 3127 1896 cum
3174 1843 3350 1912 ipsum
3395 1845 3516 1899 imi-

250 1926 469 1989 πάντως
493 1926 891 1996 ὲξομοιούμεθα
924 1928 1065 1981 κατὰ
1105 1929 1265 1998 φύσιν
1294 1931 1461 2000 αύτῷ,
1504 1930 1641 1985 ἀλλὰ
1670 1932 1832 2001 μόνον

247 2020 390 2073 κατά
423 2021 482 2073 τὸ
513 2022 609 2091 τῆς
646 2022 950 2093 πραότητος
1003 2026 1207 2094 σχῆμα.
1262 2025 1471 2077 Οὐκοῦν
1521 2026 1650 2078 ὅταν
1698 2025 1831 2097 λέγῃ

247 2111 376 2180 περὶ
401 2110 580 2181 ἡμῶν,
620 2129 639 2162 ι
682 2111 798 2164 Ἵνα
825 2105 957 2164 ὦσιν
980 2112 1057 2176 ἓν,
1094 2112 1278 2176 καθὼς
1305 2116 1467 2184 ἡμεῖς
1494 2114 1551 2166 ἔν
1582 2116 1768 2185 ἐσμεν,
1807 2134 1824 2166 ι

244 2204 307 2267 ἐξ
329 2203 521 2257 ἑαυτοῦ
545 2203 725 2257 λαϐὼν
754 2204 814 2256 τὸ
842 2206 1215 2275 παράδειγμα,
1248 2207 1307 2258 οὐ
1338 2208 1553 2270 πάντως
1580 2207 1667 2260 ἵνα
1688 2205 1831 2260 κατὰ

247 2295 408 2365 φύσιν
440 2294 498 2346 ἓν
523 2294 599 2357 ὡς
633 2295 767 2365 πρὸς
812 2294 902 2347 τὸν
944 2296 1076 2348 Θεὸν
1125 2296 1411 2367 γενώμεθα
1443 2297 1602 2350 τοῦτό
1643 2315 1827 2368 φησιν,

247 2385 364 2438 ἀλλ’
415 2385 503 2438 ἵνα
554 2384 743 2454 ῶσπερ
788 2386 1033 2454 φυσικῶς
1064 2386 1122 2438 ἓν
1170 2388 1319 2440 ἐστιν
1363 2388 1524 2451 αὐτὸς
1568 2389 1705 2461 πρὸς
1738 2390 1829 2442 τὸν

250 2474 492 2547 Πατέρα,
523 2474 668 2528 οὕτω
707 2476 800 2527 καὶ
834 2477 993 2546 ἡμεῖς
1035 2480 1101 2547 τῇ
1137 2478 1407 2548 ὁμοψυχία
1452 2480 1546 2532 καὶ
1584 2480 1651 2532 τά
1689 2480 1829 2533 αύτά

247 2569 465 2634 φρονεῖν
496 2568 575 2628 εἰς
604 2565 864 2635 ἀλλήλους
892 2566 949 2619 ἓν
970 2567 1279 2637 γενώμεθα,
1306 2569 1403 2639 τὴν
1433 2569 1671 2639 φυσικὴν
1699 2588 1832 2623 ταυ-

242 2657 445 2727 τότητα
472 2656 567 2709 τοῦ
599 2658 813 2728 Πατρός
847 2658 984 2729 πρὸς
1013 2658 1107 2711 τὸν
1147 2660 1275 2712 Υἱὸν
1303 2661 1489 2714 εἰκόνα
1521 2660 1829 2731 λαμϐάνονο

242 2766 335 2812 τες
364 2750 462 2820 τῆς
490 2750 814 2803 ἀδιαστάτου
861 2751 1087 2821 γνώμης
1106 2767 1119 2782 ο
1155 2751 1346 2822 ὥσπερ
1377 2752 1435 2805 ἒν
1468 2755 1616 2824 ἡμᾶς
1667 2756 1827 2825 σῶμα

243 2841 339 2894 καὶ
390 2841 519 2910 μίαν
568 2840 745 2912 ψυχὴν
798 2840 1104 2910 δυναμένης
1160 2841 1467 2897 ἀποτελεῖν.
1515 2843 1672 2896 Οὕτω
1720 2844 1827 2914 γάρ

240 2932 371 3003 περὶ
398 2931 505 2984 τῶν
530 2932 935 2985 πιστευσάντων
953 2931 1280 3002 γέγραπται,
1298 2932 1379 2984 ὄτι
1410 2950 1427 2981 ι
1456 2931 1560 2985 Τοῦ
1592 2932 1827 3003 πλήθους

240 3022 349 3077 τῶν
378 3022 785 3076 πιστευσάντων
824 3017 892 3092 ἦν
925 3022 958 3092 ὴ
989 3021 1188 3093 καρδία
1214 3021 1306 3075 καὶ
1342 3020 1488 3094 ψυχὴ
1523 3022 1642 3093 μία.
1693 3041 1711 3074 ι

933 3221 1116 3275 ΑΛΛΟ

308 3335 391 3387 Τὰ
441 3333 599 3404 φύσει
650 3333 921 3404 προσόντα
960 3335 1105 3387 τισὶν
1136 3333 1325 3405 ῶσπερ
1370 3334 1579 3397 εἰκόνες
1614 3336 1821 3405 ἀμετά-

238 3425 425 3495 ϐλητοι
457 3427 697 3493 γίνονται
731 3429 844 3490 τοῖς
883 3427 1019 3497 πρὸς
1058 3427 1197 3479 αὐτὰ
1230 3427 1328 3497 τὴν
1369 3428 1578 3480 οἰκείαν
1623 3427 1816 3499 προαί-

242 3534 388 3587 ρεσιν
417 3517 770 3570 διαπλάττειν
801 3518 1143 3587 βουλομένοις
1164 3534 1176 3545 ’
1208 3518 1389 3571 όποῖόν
1416 3520 1533 3571 ἐστι
1556 3519 1636 3583 τὸ,
1679 3540 1696 3570 ι
1732 3521 1819 3572 Γί-

237 3609 392 3662 νεσθε
441 3609 514 3671 ὡς
543 3610 591 3660 οἰ
622 3609 796 3677 ὄφεις,
832 3611 926 3662 καὶ
955 3609 1030 3672 ὡς
1069 3611 1123 3661 αἰ
1157 3610 1498 3681 περιστεραί.
1543 3629 1561 3660 ι
1608 3612 1817 3665 Ούκούν

235 3700 419 3752 εἰκόνα
447 3698 569 3752 τινὰ
598 3700 960 3771 ὑπογραμμὸν
991 3700 1088 3769 τῆς
1114 3699 1435 3769 ὀφειλούσης
1463 3701 1520 3753 ὲν
1548 3701 1680 3771 ἡμῖν
1703 3703 1818 3754 ἑνό-

234 3806 395 3861 τητος
444 3790 688 3857 γίνεσθαι
740 3793 1161 3861 προαιρετικῶς,
1211 3790 1481 3861 προτείνει
1520 3793 1615 3845 καὶ
1663 3793 1757 3845 νῦν
1788 3797 1817 3848 ὁ

236 3882 383 3945 Υἱὸς,
416 3884 480 3953 ἧν
513 3882 623 3952 ἔχει
660 3882 794 3952 πρὸς
823 3882 914 3935 τὸν
956 3884 1176 3952 Πατέρα
1212 3883 1446 3955 φυσικὴν
1488 3886 1813 3956 ταυτότητά.

232 3973 404 4027 Ὅταν
434 3969 525 4025 οὖν
558 3974 684 4043 λέγῃ
717 3974 846 4044 περί
876 3973 1031 4042 ἡμῶν
1050 3990 1063 4003 ο
1101 3993 1118 4023 ι
1154 3974 1274 4027 Ἷνα
1295 3976 1390 4027 καὶ
1420 3975 1572 4028 αύτοί
1603 3975 1660 4029 ἓν
1688 3971 1811 4042 ὦσι,

230 4063 414 4129 καθὼς
456 4067 549 4118 καὶ
598 4068 757 4135 ἡμεῖς
805 4066 862 4117 ’ἐν
906 4068 1095 4137 ἐσμεν,
1150 4085 1168 4117 ι
1224 4067 1319 4136 οὐχ
1366 4068 1451 4120 ἵνα
1500 4068 1598 4138 τὴν
1653 4068 1814 4136 φύσιν

229 4158 459 4227 ἀφέντες
488 4157 586 4227 τὴν
622 4157 850 4221 ἑαυτῶν,
882 4158 961 4219 εἰς
1007 4158 1106 4229 τὴν
1133 4156 1229 4210 τοῦ
1262 4156 1390 4211 Υἱοῦ
1434 4157 1814 4229 μεταποιηθῶ-

231 4267 353 4319 μεν,
394 4248 556 4302 τοῦτό
587 4266 751 4318 φησιν
786 4249 1070 4320 (ἀδύνατον
1099 4249 1252 4321 γὰρ),
1285 4250 1402 4302 ἀλλ’
1433 4250 1519 4303 ἵνα
1559 4250 1812 4320 καθάπερ

227 4340 330 4411 ἤδη
371 4339 717 4410 προείρηται,
745 4338 904 4391 τοῦτο
932 4339 1073 4391 κατὰ
1102 4339 1327 4409 γνώμην
1360 4339 1436 4403 ὡς
1477 4340 1614 4409 πρὸς
1651 4340 1813 4411 ἀλλή-

226 4430 353 4492 λους
379 4429 664 4498 γενώμεθα
693 4430 830 4499 ὅπερ
859 4430 975 4481 ἐστί
1010 4430 1149 4482 κατὰ
1175 4428 1335 4498 φύσιν
1359 4430 1518 4493 αὐτὸς
1550 4431 1687 4501 πρὸς
1720 4433 1810 4485 τὸν

1938 1934 2034 1988 tati
2069 1933 2227 1988 miles
2257 1933 2385 1988 facti
2424 1933 2714 1997 fuerimus,
2744 1948 2970 2003 prorsus
3001 1935 3050 1989 ei
3087 1934 3293 1990 similes
3320 1951 3513 1991 secun-

1935 2028 2059 2079 dum
2090 2036 2341 2079 naturam
2377 2026 2622 2091 erimus;
2658 2025 2751 2080 sed
2798 2026 2916 2079 solo
2957 2027 3389 2089 mansuetudinis
3417 2029 3515 2081 ha-

1934 2117 2073 2170 bitu.
2106 2115 2372 2181 Quocirca
2403 2130 2524 2169 cum
2546 2116 2616 2168 de
2649 2114 2804 2169 nobis
2831 2116 2995 2181 dicat,
3026 2135 3043 2167 ι
3083 2107 3153 2171 U't
3181 2117 3292 2171 sint
3320 2134 3511 2181 unum,

1932 2208 2075 2262 sicut
2098 2222 2195 2262 nos
2228 2223 2390 2261 unum
2430 2222 2616 2261 sumus
2642 2207 2709 2271 ",
2747 2226 2765 2259 ι
2800 2209 2866 2259 ab
2890 2208 3068 2277 seipso
3096 2219 3313 2278 sumpto
3330 2223 3513 2265 exem-

1935 2301 2042 2371 plo,
2085 2316 2188 2355 non
2221 2310 2279 2353 ut
2311 2314 2533 2370 prorsus
2557 2314 2719 2353 unum
2769 2309 2962 2352 natura
2997 2315 3120 2354 cum
3172 2300 3278 2354 Deo
3311 2301 3511 2356 cilicia-

1935 2408 2077 2453 Inur,
2109 2393 2209 2445 hoc
2234 2393 2330 2456 ait,
2367 2392 2461 2444 sed
2501 2391 2951 2459 quemadmodum
3000 2392 3114 2462 ipse
3146 2408 3309 2446 unum
3355 2403 3511 2447 natu-

1935 2486 2124 2539 raliter
2155 2486 2310 2553 121
2342 2494 2424 2538 est
2463 2500 2584 2538 cum
2619 2484 2800 2546 Patre,
2839 2485 2908 2537 ita
2954 2486 3116 2538 etiam
3152 2500 3250 2539 nos
3278 2499 3509 2541 consen-

1931 2577 2085 2629 sione
2114 2577 2418 2627 animorum
2462 2581 2514 2626 et
2542 2573 2877 2625 voluntatum
2910 2587 3074 2624 unum
3108 2572 3322 2637 ﬁamus,
3354 2580 3509 2625 natu-

1932 2667 2097 2721 ralem
2126 2666 2462 2719 identitatem
2482 2663 2656 2717 Patris
2679 2679 2800 2717 cum
2837 2662 2996 2726 Filio,
3034 2662 3322 2732 imaginem
3348 2672 3509 2733 atque

1929 2758 2211 2824 exemplar
2260 2756 2418 2809 nobis
2476 2762 2857 2823 proponentes,
2903 2754 3185 2809 indivulsa:
3220 2754 3362 2809 inter
3409 2770 3509 2809 nos

1928 2850 2258 2912 concordiae,
2309 2862 2427 2916 quae
2462 2862 2559 2900 nos
2594 2846 2755 2900 veluti
2789 2862 2951 2899 unum
2988 2860 3184 2915 corpus
3232 2862 3507 2916 unumque

1929 2942 2170 2995 animum
2199 2938 2415 2993 ellicere
2452 2938 2645 2993 valeat.
2680 2939 2755 2992 lta
2788 2938 2935 2993 enim
2966 2937 3033 2993 de
3076 2938 3144 2992 iis
3187 2939 3276 3007 qui
3328 2939 3507 2993 credi-

1924 3034 2123 3088 derunt
2170 3032 2434 3100 scriptum
2485 3040 2619 3084 est:
2674 3048 2690 3081 ι
2732 3029 3096 3085 Multitudinis
3162 3030 3502 3087 credentium

1925 3132 2042 3178 erat
2070 3137 2167 3177 cor
2190 3136 2377 3183 unum,
2406 3129 2459 3174 et
2486 3119 2667 3173 anima
2705 3134 2808 3173 una
2852 3120 2917 3173 ⁸⁸.
2951 3137 2969 3170 ι

2597 3227 2808 3283 ALIUD

1994 3343 2126 3411 Quae
2160 3342 2489 3397 naturaliter
2517 3340 2788 3408 aliquibus
2840 3340 3043 3405 insunt,
3092 3340 3257 3395 veluti
3313 3342 3502 3411 imagi-

1923 3451 2019 3491 nes
2049 3437 2294 3505 quacdam
2332 3432 2697 3487 immutabiles
2730 3441 2853 3485 sunt
2886 3431 2951 3485 iis
2981 3432 3072 3501 qui
3114 3432 3181 3486 ad
3217 3447 3279 3487 ea
3314 3433 3502 3488 volun-

1923 3537 2086 3582 tatem
2137 3540 2290 3580 suam
2343 3523 2685 3578 conformare
2740 3523 2969 3575 volunt:
3026 3522 3184 3591 quale.
3232 3532 3313 3578 est
3356 3526 3497 3580 hoc:

1937 3638 1956 3671 ι
2001 3618 2187 3673 Estote
2218 3619 2357 3671 sicut
2400 3625 2700 3684 serpentes,
2738 3624 2790 3667 et
2816 3614 2956 3668 sicut
2984 3614 3330 3671 columbae".
3367 3637 3385 3669 ι
3410 3616 3499 3670 Fi-

1918 3710 2026 3763 lius
2058 3709 2244 3777 itaque
2273 3707 2612 3761 identitatem
2645 3704 2948 3758 naturalem
2977 3720 3139 3772 quam
3169 3722 3288 3760 cum
3338 3708 3500 3762 Patre

1920 3800 2104 3865 habet,
2136 3799 2303 3853 veluti
2335 3797 2614 3866 exemplar
2642 3795 2911 3864 quoddam
2945 3796 3011 3848 ad
3052 3796 3369 3849 imitandum
3402 3812 3498 3850 no-

1918 3891 2003 3948 bis
2050 3891 2324 3962 proponit,
2378 3890 2445 3941 ad
2489 3889 2631 3956 quod
2666 3896 2903 3940 mutuam
2935 3887 3077 3939 inter
3115 3901 3213 3941 nos
3254 3888 3497 3942 τινειίεεὶ-

1919 3996 2171 4049 mamque
2224 3980 2563 4034 voluntatum
2623 3979 2882 4030 unitatem
2935 3975 3300 4030 eiTurmemus.
3360 3978 3493 4032 Cum

1919 4088 2047 4142 ergo
2075 4074 2141 4127 de
2173 4072 2330 4124 nobis
2375 4070 2542 4124 dicit:
2581 4086 2598 4119 ι
2632 4068 2705 4124 Ut
2734 4078 2789 4122 et
2818 4068 2919 4137 ipsi
2948 4084 3112 4123 unum
3149 4069 3278 4131 sint,
3306 4084 3495 4138 quem-

1919 4163 2206 4217 admodum
2265 4171 2319 4215 et
2368 4175 2465 4213 nos
2512 4175 2677 4212 unum
2721 4174 2929 4224 sumus,
2971 4178 2989 4209 ι
3027 4174 3131 4213 non
3172 4167 3229 4212 ut
3284 4159 3492 4226 abjecta

1917 4264 2108 4308 natura
2141 4261 2326 4307 nostra
2362 4251 2413 4305 in
2457 4250 2578 4304 Filii
2624 4260 2872 4304 naturam
2909 4258 3351 4315 lransmutemur,
3392 4252 3494 4313 huc

1914 4346 2047 4400 dicit
2081 4343 2219 4415 (ﬁeri
2252 4343 2396 4396 enim
2433 4358 2536 4396 non
2573 4340 2796 4412 potest),
2829 4344 2943 4407 sed,
2972 4350 3030 4396 ut
3062 4343 3261 4396 dictum
3292 4353 3396 4405 est,
3429 4343 3491 4396 ila

1915 4437 2005 4491 lud
2042 4437 2187 4490 inter
2218 4448 2315 4488 nos
2364 4434 2666 4488 animorum
2694 4435 3049 4487 consensione
3094 4432 3306 4497 fiamus,
3349 4436 3490 4501 quod

225 4520 447 4590 Πατέρα
466 4536 480 4549 ·
514 4518 571 4571 ἓν
598 4520 819 4591 δηλαδή.
864 4522 926 4572 Εἰ
956 4521 1011 4573 δὲ
1044 4522 1142 4574 ούκ
1186 4522 1334 4574 ἔστιν
1363 4522 1525 4577 εἰκὼν
1551 4525 1645 4577 καὶ
1670 4526 1802 4578 ύπό-

1925 4531 2031 4596 lpse
2078 4522 2401 4578 naturaliter
2438 4531 2519 4575 cst
2559 4537 2678 4574 cum
2720 4520 2899 4584 Patre,
2942 4536 3104 4573 unum
3148 4520 3381 4575 scilicet.
3430 4520 3489 4574 Si

222 4613 422 4683 δειγμα
454 4611 514 4664 τὸ
546 4612 857 4682 λεγόμενον,
891 4613 1024 4666 ἀλλά
1070 4613 1283 4677 πάντως
1317 4616 1552 4688 φυτικὴν
1586 4617 1803 4669 ἔσεσθαί

222 4720 347 4756 τινα
380 4703 681 4773 μεταῦολὴν
717 4703 885 4755 οἴεταί
912 4720 1015 4766 τις,
1049 4703 1241 4756 ἑαυτὸν
1283 4704 1529 4773 ἐξαπατᾷ
1574 4703 1634 4756 τὸ
1667 4704 1801 4774 άλη-

225 4795 316 4857 θὲς
348 4796 445 4863 οὐχ
465 4794 625 4866 ὁρῶν.
674 4794 735 4846 Εἰ
762 4792 869 4864 γάρ
898 4794 1146 4847 ἐϐούλετο
1177 4793 1429 4861 γενέσθαι
1474 4794 1613 4847 κατὰ
1642 4794 1800 4862 φύσιν

224 4889 369 4957 ἡμᾶς
417 4890 445 4939 ὁ
496 4887 623 4949 Υἱὸς
674 4886 810 4959 ὅπερ
852 4888 997 4938 ἐστὶν
1031 4886 1192 4948 αὐτὸς
1240 4887 1377 4957 πρὸς
1434 4887 1524 4939 τὸν
1560 4888 1798 4957 Πατέρα,

223 4979 390 5048 ἐχρῆν
418 4979 591 5030 εἰπεῖν
615 4992 630 5004 “
676 4976 788 5029 Ἵνα
827 4977 891 5047 δὴ
925 4974 1116 5047 ὣσπερ
1162 4975 1272 5044 ἐγὼ
1296 4976 1431 5050 πρὸς
1466 4976 1545 5040 σὲ,
1596 4977 1796 5047 Πάτερ,

221 5071 281 5123 ἓν
317 5072 451 5139 εἰμι,
484 5067 624 5121 οὕτω
658 5067 751 5119 καὶ
780 5067 953 5120 αὐτοί.
987 5067 1124 5120 Νυνί
1165 5067 1221 5120 δὲ
1261 5067 1419 5120 τοῦτο
1450 5067 1548 5138 μὲν
1577 5068 1679 5120 οὐκ
1718 5068 1799 5119 εἰ-

222 5168 357 5230 πὼν,
392 5166 471 5235 τῷ
514 5165 570 5217 δὲ
618 5162 965 5234 πληθυντικῷ
1020 5163 1369 5233 χρησάμενος
1411 5161 1647 5234 ἀριθμῷ,
1705 5162 1797 5215 καὶ

216 5257 423 5326 λέγων·
466 5276 484 5308 ι
524 5257 641 5310 Ἵνα
684 5254 872 5325 ῶσπερ
911 5253 1020 5321 ἐγὼ
1062 5254 1156 5307 καὶ
1204 5256 1269 5307 σὺ
1317 5255 1375 5307 ἓν
1427 5257 1613 5324 ἐσμεν,
1655 5253 1796 5306 οὕτω

217 5353 311 5405 καὶ
340 5351 493 5404 αὐτοὶ
531 5352 588 5403 ἐν
615 5352 747 5421 ἡμῖν
785 5348 843 5400 ἓν
886 5342 1009 5410 ὦσι,
1051 5367 1069 5399 ι
1111 5346 1360 5400 διδάσκει,
1387 5347 1573 5414 σαφῶς
1610 5347 1798 5419 ὅτιπερ

216 5446 316 5496 οὐκ
348 5445 425 5506 εἰς
456 5441 553 5513 τὴν
594 5443 691 5511 τῆς
726 5439 976 5508 θεότητος
1007 5438 1168 5507 φύσιν
1202 5436 1635 5508 μεταποιηθῆναι
1674 5437 1797 5507 βούς

214 5534 362 5588 λεται
396 5535 523 5595 τοὺς
573 5535 653 5596 εἰς
694 5532 856 5599 αὐτὸν
902 5531 1255 5594 πιστεύοντας
1303 5530 1585 5596 (ἀπίθανον
1639 5517 1825 5601 γάρ),’

211 5626 328 5681 ἀλλ’
356 5624 540 5677 εἰκόνα
568 5625 665 5693 τῆς
706 5623 846 5677 κατὰ
888 5622 1207 5693 προαίρεσιν
1243 5624 1494 5695 ἐνότητος
1525 5621 1792 5686 λαϐόντας

282 5803 323 5834 ¹⁶
355 5800 547 5857 Matth.
583 5818 658 5863 xi,
694 5800 781 5853 Ξῖ).
865 5800 903 5829 ¹⁷
937 5799 1090 5853 Joan.
1117 5817 1247 5862 xvn.
1279 5796 1359 5873 Il.

531 5895 803 5954 Pnnoc.
852 5892 967 5953 Gn.
1021 5894 1122 5951 LX
1137 5895 1264 5955 XV.

1456 5826 1459 5829 ι
1521 5814 1639 5858 act.
1669 5820 1740 5868 ιν,
1773 5803 1841 5858 3:2

1910 4632 2041 4671 vero
2071 4616 2120 4669 id
2157 4615 2301 4683 quod
2332 4613 2530 4666 dicitur
2557 4626 2661 4665 non
2691 4619 2773 4665 est
2799 4613 2972 4681 imago
2997 4619 3162 4679 atque
3184 4612 3483 4680 exemplar.

1910 4711 2001 4765 sed
2046 4707 2272 4763 omnino
2322 4704 2624 4759 naturalem
2665 4704 2899 4774 aliquam
2933 4705 3365 4759 immutationem
3403 4702 3487 4756 fu-

1913 4812 2087 4855 turam
2118 4796 2467 4866 imaginatur,
2499 4796 2740 4863 seipsum
2773 4795 2973 4863 decipit
3004 4810 3187 4849 verum
3229 4810 3333 4850 non
3365 4808 3485 4847 cer-

1910 4908 2063 4947 nens.
2100 4889 2235 4943 Nam
2259 4890 2305 4944 si
2338 4887 2507 4942 Filius
2546 4887 2807 4942 voluisset
2852 4901 2949 4941 nos
2989 4886 3286 4941 secundum
3328 4892 3486 4937 natu-

1910 4999 2023 5038 ram
2058 4982 2171 5036 iieri
2198 4981 2251 5035 id
2280 4980 2421 5050 quod
2454 4979 2569 5049 ipse
2595 4988 2681 5034 est
2710 4993 2832 5033 cum
2873 4975 3054 5039 Patre,
3088 4976 3315 5030 dixisset
3343 4988 3484 5043 pro-

1904 5075 2092 5129 l'ecto:
2130 5072 2226 5139 Ut,
2274 5070 2725 5140 quemadmodum
2778 5078 2952 5124 tecum
2996 5082 3097 5135 ego
3132 5080 3296 5120 unum
3337 5080 3478 5131 sum,

1908 5166 1980 5220 ita
2011 5175 2065 5219 et
2091 5165 2211 5232 ipsi.
2245 5162 2396 5216 Nunc
2425 5176 2553 5215 vero
2588 5176 2692 5214 non
2728 5162 2801 5214 ita
2838 5160 2992 5221 dicit,
3034 5156 3126 5212 sed
3156 5155 3350 5225 plurali
3380 5172 3482 5211 nu-

1902 5272 2054 5312 mero
2086 5264 2265 5317 utens,
2289 5260 2343 5306 et
2374 5253 2559 5307 dicens
2585 5270 2600 5306 :
2631 5270 2649 5302 ι
2679 5251 2772 5315 Ut,
2805 5249 3256 5320 quemadmodum
3295 5263 3393 5317 ego
3425 5258 3481 5302 et

1911 5357 1963 5402 tu
2001 5360 2165 5400 unum
2194 5358 2401 5405 sumus,
2440 5344 2512 5397 ita
2557 5350 2612 5395 et
2644 5342 2745 5411 ipsi
2788 5341 2839 5394 in
2876 5340 3030 5395 nobis
3067 5353 3231 5393 unum
3276 5339 3406 5404 sint,
3452 5338 3503 5390 ιΔ

1906 5438 2065 5492 docet
2108 5444 2317 5503 aperte,
2345 5447 2452 5487 non
2492 5432 2595 5485 hoc
2631 5430 2767 5484 velle
2818 5444 2898 5493 se,
2933 5437 2989 5481 ut
3024 5426 3112 5495 qui
3142 5425 3480 5480 crediderint

1903 5531 1955 5583 in
1980 5543 2102 5583 eum
2131 5534 2561 5582 transmutentur
2586 5523 2637 5577 in
2668 5529 2916 5577 naturam
2940 5520 3156 5576 deitatis
3181 5519 3309 5589 (hoc
3334 5518 3478 5573 enim

1902 5623 2018 5677 lieri
2056 5638 2161 5676 non
2192 5618 2410 5692 potest),
2438 5617 2531 5674 sed
2565 5626 2620 5669 ut
2642 5626 3002 5686 proponemus
3027 5612 3181 5668 nobis
3202 5608 3480 5678 exemplar

1946 5801 1988 5857 3°
2024 5800 2214 5854 Matth.
2260 5798 2429 5864 3,16.
3106 5882 3137 5945 7
