4072 6564
566 416 672 473 205
750 386 755 387 7
1260 460 1263 463 .
1589 404 1649 459 S.
1687 404 1963 461 CYRlLLl
2003 404 2472 461 ALEXANDRINI
2512 406 2831 462 ARCIIIEP.

3729 402 3845 459 εει

567 530 791 589 unitatis
819 529 1175 595 voluntatum,
1213 526 1266 581 id
1296 525 1440 597 quod
1480 526 1579 597 ipsi
1616 524 1941 580 naturaliter
1983 525 2141 591 inest,

2256 526 2309 578 τὸ
2361 525 2521 594 φύσει
2566 523 2767 595 προσὸν
2795 521 2965 593 αὐτῷ,
3016 522 3173 575 τοῦτο
3224 519 3360 575 εἶναι
3407 519 3549 574 κατὰ
3604 518 3842 589 γνώμην

562 626 615 678 id
642 636 767 677 esse
813 621 958 674 inter
985 632 1084 673 nos
1125 617 1486 672 consensione
1534 616 1839 696 animorum
1878 613 2139 681 nitamur,

560 713 706 781 quod
737 711 853 781 ipse
876 720 958 764 est
997 709 1319 763 naturaliter
1356 724 1478 763 cum
1510 707 1694 763 Patre.

558 822 795 883 ALIUD.
821 826 1099 877 ostendens
1129 822 1242 875 ﬁeri
1274 823 1325 875 in
1351 821 1483 886 Deo,
1524 838 1625 876 non
1658 833 1866 875 natura:
1890 822 2145 874 immutao

670 898 864 947 tionem
887 896 930 947 si
969 892 1209 960 niﬁcare,
1232 892 1320 946 sed
1354 907 1449 946 νει·
1480 894 1653 960 ipsum
1688 892 1766 945 re!
1799 893 1867 946 ab
1898 893 2035 961 ipso.

635 1065 925 1122 Psalmista
974 1064 1174 1120 alicubi
1223 1063 1295 1118 ita
1340 1062 1456 1117 ait:
1493 1081 1512 1114 ι
1547 1062 1603 1117 1η
1653 1072 1704 1117 ιε
1753 1062 2006 1119 inimicos
2042 1076 2141 1117 no.

566 1172 712 1215 stros
727 1173 896 1213 cornu
928 1169 1172 1227 petemus
1192 1155 1262 1210 ’°.
1293 1173 1313 1207 ι
1342 1155 1409 1209 Ει
1438 1170 1653 1209 rursum
1686 1174 1698 1209 :
1732 1175 1749 1207 ‹
1788 1156 1845 1210 ln
1884 1155 1997 1210 Deo
2026 1168 2148 1209 meo

569 1253 942 1322 transgrediar
965 1265 1176 1305 murum
1196 1250 1266 1308 “.
1298 1269 1317 1301 ι
1338 1250 1499 1321 Λιιιυὶ
1530 1250 1872 1318 perspicuum
1899 1259 1981 1303 est
2004 1247 2147 1318 quod

568 1361 675 1401 non
722 1347 775 1399 in
817 1345 926 1400 Deo
957 1342 1276 1399 naturaliter
1298 1354 1544 1399 versatus
1566 1357 1748 1397 muros
1780 1342 2147 1408 transcendat,

568 1447 663 1491 aut
693 1453 861 1493 cornu
894 1445 1067 1506 petat,
1099 1435 1193 1491 sed
1241 1435 1294 1489 in
1348 1435 1567 1489 nomine
1617 1433 1709 1488 Dei
1753 1442 1809 1488 et
1849 1434 1900 1488 in
1948 1435 2148 1489 virtute

567 1528 837 1599 ipsiusaid
891 1527 1047 1596 122
1083 1527 1424 1595 pmslilurus
1468 1526 1556 1579 sit.
1593 1523 1727 1577 Cum
1766 1525 1935 1593 igitur
1978 1523 2148 1580 Filius

565 1623 749 1676 dicat:
786 1640 804 1672 ι
840 1620 908 1675 Ut
935 1632 987 1675 et
1022 1620 1120 1689 ipsi
1165 1620 1217 1673 in
1261 1620 1418 1674 nobis
1469 1633 1637 1671 unum
1670 1619 1803 1682 sint,
1838 1636 1856 1669 ι
1898 1633 2003 1672 non
2046 1619 2150 1674 hoc

571 1711 733 1777 dicit,
762 1720 821 1764 ut
849 1710 1134 1763 credentes
1175 1724 1341 1763 unum
1376 1707 1701 1762 naturaliter
1724 1721 1845 1761 cum
1879 1706 1989 1762 Deo
2018 1707 2147 1771 sint,

567 1804 661 1857 sed
696 1814 755 1856 ut
785 1803 837 1856 in
869 1802 1092 1856 nomine
1118 1800 1299 1855 Patris
1321 1811 1375 1855 et
1399 1799 1551 1863 Filii,
1574 1814 1678 1853 una
1705 1799 1848 1853 inter
1870 1814 1931 1853 se
1961 1794 2148 1853 volun-

571 1902 677 1948 tate
708 1892 1137 1961 conjuugantur,
1160 1900 1215 1946 et
1244 1892 1299 1945 in
1328 1890 1585 1944 amicitiae
1610 1889 2000 1957 charitatisque
2028 1888 2147 1942 uui-

567 1995 733 2038 tatem
763 1983 1096 2039 coalescant.
1125 1980 1260 2037 Cum
1307 1995 1439 2036 vero
1477 1981 1627 2035 addit
1662 1981 1786 2045 hoc,
1826 1999 1845 2033 ι
1891 1981 2149 2050 quemad-

569 2075 790 2128 modum
844 2088 943 2127 nos
992 2088 1159 2126 unum
1216 2086 1429 2136 sumus,
1463 2090 1483 2122 ›
1512 2070 1860 2126 manifestum
1896 2080 1979 2126 est
2019 2069 2147 2124 illud

569 2180 677 2220 non
733 2164 1037 2219 naturalem
1076 2164 1509 2218 immutationem
1550 2164 1897 2218 credentibus
1936 2162 2147 2232 largiri,

570 2257 666 2312 sed
694 2256 857 2310 veluti
898 2256 1188 2324 imaginem
1235 2264 1397 2325 atque
1427 2254 1722 2323 exemplar,
1768 2253 1921 2307 nobis
1954 2267 2151 2323 propo-

571 2363 705 2402 nere
739 2349 792 2401 id
817 2348 961 2417 quod
994 2347 1321 2401 naturaliter
1352 2346 1453 2400 sibi
1481 2347 1643 2408 inest,
1678 2346 1743 2399 ad
1769 2346 2027 2399 unitatem
2048 2359 2146 2398 v0-

570 2440 837 2491 iuntatum
869 2438 922 2491 in
957 2438 1115 2491 nobis
1140 2434 1551 2490 eﬂ'ormandam.
1590 2434 1698 2489 Vox
1733 2435 1876 2490 enim
1899 2436 2154 2505 quemad-

569 2532 785 2583 modum
814 2544 925 2585 uon
952 2544 1065 2584 rem
1097 2530 1293 2599 ipsam,
1312 2528 1404 2583 sed
1421 2527 1826 2583 similitudinem
1859 2528 2147 2597 quamdam

569 2622 839 2691 significat

569 2732 805 2796 ALIUD,
832 2749 924 2801 per
952 2732 1091 2802 quod
1133 2732 1388 2802 discimus
1420 2748 1522 2799 quo
1566 2740 1723 2798 pacto
1751 2730 2148 2800 intelligendum

639 2808 705 2858 sit
742 2799 973 2856 dictum—
998 2804 1129 2853 illud
1166 2817 1183 2855 :
1223 2818 1241 2851 t
1288 2799 1354 2853 Ut
1392 2802 1829 2868 quemadmodum
1874 2799 1965 2869 ego
1995 2815 2042 2852 et
2092 2812 2147 2853 tu

642 2890 806 2927 unum
854 2889 1032 2924 sumus
1056 2911 1069 2931 ,
1100 2874 1173 2923 ita
1209 2882 1254 2922 et
1288 2871 1389 2933 ipsi
1425 2886 1582 2921 unum
1615 2875 1718 2922 sint
1751 2884 1769 2923 :
1808 2885 1901 2939 ego
1934 2873 1986 2922 in
2023 2870 2148 2938 ipsis

633 2956 681 2997 et
716 2956 772 2996 tu
804 2944 857 2995 in
894 2958 995 3006 me,
1028 2950 1081 2993 ut
1108 2945 1210 2993 sint
1238 2939 1457 3009 perfecti
1488 2941 1539 2991 in
1560 2956 1737 2991 unum
1763 2940 1830 2991 ¹².
1874 2958 1894 2991 s

642 3121 785 3177 Deus
844 3120 1082 3175 Verbum
1142 3133 1423 3188 magnam,
1483 3119 1593 3173 imo
1641 3132 1770 3173 vero
1827 3119 2148 3174 immensam

569 3214 858 3285 quamdam
883 3213 1111 3280 gratiam
1146 3212 1383 3266 humano
1418 3210 1611 3280 generi
1642 3220 1907 3280 praestare
1934 3211 2147 3278 volens,

574 3306 741 3361 trahit
785 3318 973 3358 omnes
1017 3304 1179 3357 veluti
1208 3304 1273 3356 ad
1306 3303 1571 3357 unitatem
1616 3303 1905 3372 quamdam
1947 3320 2152 3359 secum.

572 3399 707 3454 Cum
743 3396 887 3451 enim
931 3395 1158 3463 gestarit
1200 3409 1395 3465 corpus
1438 3394 1754 3459 humanum,
1798 3406 2045 3450 versatus
2070 3406 2153 3451 est

572 3492 627 3544 in
674 3489 852 3543 nobis.
885 3488 1061 3541 liabet
1115 3497 1291 3541 autem
1348 3487 1401 3540 in
1452 3487 1630 3555 seipso
1679 3485 1919 3551 Patrem,
1966 3497 2152 3556 utpote

574 3582 810 3637 Verbum
849 3580 1017 3649 ipsius
1062 3588 1116 3633 et
1147 3578 1421 3648 splendor.
1461 3578 1922 3644 Quemadmodum
1965 3580 2149 3650 igitur,

574 3676 671 3739 ait,
705 3687 805 3741 ego
843 3687 960 3726 sum
998 3672 1049 3725 iu
1082 3672 1182 3738 eis,
1212 3673 1337 3739 quia
1372 3670 1617 3724 eamdem
1647 3687 1767 3724 cum
1809 3673 1889 3725 eis
1923 3686 2145 3725 carnem

574 3774 750 3832 gesto,
786 3772 841 3816 et
875 3771 928 3816 tu
966 3762 1125 3816 Pater
1161 3761 1214 3814 in
1256 3777 1359 3826 me,
1384 3762 1512 3829 quia
1543 3775 1643 3830 ego
1684 3776 1803 3815 sum
1846 3762 2150 3831 proprietas

576 3868 678 3911 tuae
713 3856 961 3910 essentia:
998 3872 1012 3907 :
1056 3853 1130 3907 ita
1175 3852 1296 3907 volo
1339 3862 1397 3906 ut
1436 3860 1491 3905 et
1538 3851 1637 3921 ipsi
1671 3852 1876 3906 unitate
1913 3851 2147 3920 quadam

576 3948 890 4003 coalescant
918 3945 1063 4000 inter
1091 3959 1171 4013 se,
1204 3955 1259 3999 et
1285 3942 1447 3997 veluti
1471 3958 1633 3997 unum
1667 3958 1862 4012 corpus
1890 3942 2065 3997 effecti
2099 3943 2148 3996 in

577 4057 664 4095 me
713 4054 902 4095 omnes
952 4039 1083 4101 sint,
1121 4038 1317 4106 quippe
1354 4037 1444 4105 qui
1495 4050 1686 4090 omnes
1737 4042 1890 4104 gesto
1932 4044 2152 4102 propter

576 4147 744 4186 unum
780 4129 1036 4198 templum
1074 4128 1428 4182 humanitatis
1462 4141 1624 4195 quam
1656 4124 1925 4194 assumpsi
1950 4142 1964 4189 ;
1989 4133 2152 4193 atque

577 4223 652 4274 ita
679 4229 733 4273 et
771 4229 930 4273 erunt
971 4227 1026 4272 et
1062 4227 1354 4272 cernentur
1387 4215 1631 4284 perfecti.
1665 4213 1793 4267 Nam
1821 4223 1875 4267 et
1905 4228 2004 4283 ego
2025 4230 2151 4283 per-

576 4313 752 4366 fectus
777 4327 921 4376 sum,
950 4311 1163 4364 tametsi
1197 4310 1359 4363 homo
1392 4308 1568 4360 lactus
1599 4307 1723 4359 sim.

575 4425 807 4488 ALIUD,
837 4424 1115 4477 ostendens
1143 4420 1445 4488 manifeste.
1481 4417 1619 4485 quod
1655 4433 1756 4470 non
1799 4417 2019 4485 propria
2049 4434 2148 4471 no-

646 4509 755 4549 stra
787 4505 979 4547 natura
1022 4492 1220 4544 amissa
1262 4495 1316 4542 iu
1344 4490 1578 4540 divinant
1608 4497 1856 4539 naturam
1881 4496 2149 4540 transmu-

645 4576 839 4627 tamur,
873 4564 1083 4633 quando
1122 4576 1280 4633 unum
1311 4574 1429 4633 cu_m
1470 4556 1578 4633 ρει)
1610 4555 1739 4624 efﬁci
1778 4560 2027 4622 dicimur,
2059 4562 2148 4611 sed

645 4635 783 4703 quod
810 4626 1093 4701 participes
1124 4631 1284 4694 ipsius
1318 4627 1509 4694 eﬂ‘ecti,
1542 4626 1638 4678 Iwc
1669 4642 1935 4680 vocamur.

654 4833 671 4865 ι
712 4813 768 4866 lu
792 4813 914 4873 hoc,
963 4829 980 4861 ι
1020 4807 1189 4876 inquit
1222 4806 1409 4859 beatus
1434 4803 1694 4874 Joannes,
1733 4825 1751 4857 σ
1777 4810 2155 4878 cognoscimus

576 4905 722 4974 quod
771 4903 824 4955 in
872 4902 990 4969 ipso
1019 4910 1322 4957 manemus,
1356 4906 1408 4949 et
1452 4896 1567 4965 ipse
1605 4899 1658 4951 in
1710 4900 1887 4963 nobis,
1919 4901 2045 4969 quia
2085 4915 2150 4954 ex

579 4995 781 5066 Spiritu
815 5007 912 5044 suo
953 4988 1101 5043 dedit
1143 4987 1296 5040 nobis
1320 4988 1385 5040 ”.
1426 5005 1445 5039 ι
1488 4989 1546 5042 Si
1580 5002 1709 5059 ergo
1739 5006 1835 5059 per
1869 4991 2155 5063 participa-

577 5088 779 5141 tionem
833 5082 1069 5150 Spiritus
1105 5093 1267 5132 unum
1306 5078 1568 5135 ellicimur
1605 5096 1726 5137 cum
1776 5082 1906 5146 Deo,
1948 5093 2004 5138 et
2053 5099 2149 5138 nos

577 5176 793 5246 quidem
832 5173 884 5225 in
910 5175 1048 5243 ipso,
1085 5173 1306 5240 ipseque
1340 5173 1392 5226 in
1422 5173 1577 5228 nobis
1608 5189 1729 5228 esse
1753 5174 1981 5235 dicitur;
2014 5174 2151 5230 Ver-

574 5269 702 5324 bum
731 5275 908 5320 autem
946 5266 1041 5319 Dei
1070 5279 1177 5319 non
1214 5274 1296 5317 est
1325 5277 1390 5317 ex
1422 5279 1609 5320 eorum
1644 5282 1876 5323 numero
1908 5268 1999 5337 qui
2034 5284 2153 5338 par-

576 5361 770 5428 ticipes
800 5356 1035 5428 Spiritus
1071 5357 1247 5411 sancti
1278 5360 1430 5426 tiunt,
1477 5361 1570 5415 sed
1604 5376 1719 5429 ipse
1759 5363 1937 5430 potius
1978 5361 2150 5428 Spiri-

580 5463 692 5503 tum
723 5448 995 5519 largitur:
1037 5449 1380 5505 maniiestum
1424 5463 1571 5508 certe
1600 5456 1726 5517 erit,
1780 5470 1885 5507 non
1936 5453 2009 5507 ita
2052 5468 2149 5508 nos

576 5540 633 5594 in
661 5538 771 5594 Deo
801 5555 864 5594 ac
896 5538 1054 5593 Patre
1091 5554 1231 5603 esse,
1266 5544 1720 5610 quemadmodum
1757 5558 1871 5611 ipse
1904 5552 2009 5600 est.
2040 5544 2148 5599 Sed

575 5633 765 5703 ipsein
794 5643 987 5687 natura
1020 5630 1133 5699 ipsa
1162 5633 1420 5702 genitoris
1439 5636 1525 5689 sui
1545 5644 1650 5699 est,
1670 5642 1853 5704 utpote
1884 5632 2146 5702 Verbum,

2245 615 2581 685 ἐπείγεσθαι,
2617 616 2646 668 ὅ
2684 616 2832 669 ἐστιν
2868 614 3031 679 αὐτὸς
3064 613 3306 684 φυσικῶς
3335 612 3471 684 πρὸς
3499 609 3591 664 τὸν
3634 614 3840 680 γεννή-

2246 720 2431 758 σαντα.

2243 819 2451 883 ΛΛΛΟ,
2484 818 2765 874 δεικνύον
2802 819 2891 872 ὅτι
2923 819 2988 872 τὸ
3031 820 3102 873 ἐν
3143 818 3264 883 Θεῷ
3301 817 3568 883 γενεσθαι,
3603 816 3693 885 οὐ,
3718 817 3846 885 5:1?-

2316 905 2470 954 σεως
2498 890 2777 958 σημαίνει
2798 889 3162 959 μεταϐολὴν,
3200 890 3335 942 ἀλλ’
3366 889 3455 941 ὅτι
3494 888 3566 940 δι’
3594 884 3767 939 adfor)
3800 888 3842 954 ἢ

2314 960 2446 1029 παρ’
2487 960 2678 1014 αὐτοῦ.
3856 978 3880 1027 ι

2315 1071 2645 1143 Εὐρεσκεταί
2675 1089 2779 1126 που
2809 1073 2985 1142 λέγων
3003 1072 3032 1125 ό
3059 1070 3363 1142 Ψαλμῳδός
3381 1087 3396 1103 ·
3420 1089 3440 1125 ι
3480 1070 3569 1125 Ἐν
3600 1072 3687 1125 σοὶ
3703 1073 3844 1136 τᾶυνς

2246 1162 2475 1235 ἐχθροὺς
2520 1163 2681 1235 ἡμῶν
2709 1162 3093 1235 κερατιοῦμεν.
3133 1180 3153 1215 s
3190 1162 3302 1214 Καὶ
3335 1161 3514 1215 πάλι-δ’
3557 1180 3577 1214 ι
3629 1162 3723 1215 Ἐν
3750 1162 3841 1231 τῷ

2247 1255 2367 1326 Θεῷ
2428 1274 2531 1327 μου
2586 1256 2966 1327 ὑπερϐήσομαι
3013 1256 3209 1325 τεῖχος.
3266 1274 3286 1307 ›
3340 1254 3477 1307 Ἀλλ’
3519 1253 3635 1307 ἐστι
3673 1253 3843 1326 δῆλον

2247 1347 2440 1419 ὅτιπερ
2471 1350 2570 1402 οὐκ
2598 1350 2654 1401 tv
2683 1346 2761 1418 τῷ
2790 1346 2909 1417 Θεῷ
2933 1348 3224 1417 γενόμενος
3252 1346 3495 1416 φυσικῶς
3532 1346 3623 1399 καὶ
3652 1348 3842 1418 τεῖχος

2249 1437 2659 1509 ὑπερὸἠσεσθαι
2686 1438 2782 1491 καὶ
2808 1441 3101 1509 κερατιεῖν,
3141 1436 3256 1491 ἀλλ’
3286 1436 3367 1490 ὅτι
3407 1440 3463 1491 tv
3490 1436 3568 1507 τῷ
3605 1437 3842 1507 ὀνόματι

2249 1531 2343 1584 τοῦ
2384 1530 2517 1584 Θεοῦ
2559 1532 2651 1584 καὶ
2688 1532 2746 1586 ὲν
2776 1533 2842 1601 τῇ
2881 1530 3108 1600 δυνάμει
3170 1528 3337 1583 αὑτοῦ
3384 1528 3542 1582 τοῦτο
3593 1530 3836 1599 ποιήσει.

2250 1620 2461 1675 Οὐκοῦν
2482 1623 2611 1676 ὅταν
2636 1624 2664 1675 ό
2697 1621 2823 1685 Tib;
2852 1622 2993 1691 λέγῃ
3014 1638 3025 1649 ·
3068 1637 3089 1672 t
3132 1621 3246 1674 Ἵνα
3281 1620 3376 1674 καὶ
3403 1620 3557 1673 αὐτοὶ
3596 1621 3655 1673 tv
3698 1622 3840 1692 ἡμῖν

2249 1714 2307 1767 ἓν
2337 1710 2496 1779 ὦσιν,
2528 1734 2547 1767 ι
2583 1714 2684 1785 οὐχ
2707 1716 2793 1767 ἵνα
2827 1714 2970 1767 κατὰ
2993 1712 3152 1781 φύσιν
3190 1712 3248 1766 tv
3274 1713 3540 1782 γένωνται
3568 1714 3709 1785 πρὸς
3744 1712 3839 1766 τὸν

2248 1807 2382 1861 Θεὸν
2410 1809 2459 1860 οἱ
2505 1806 2870 1871 πιστεύοντες,
2905 1804 3061 1859 τοῦτό
3098 1822 3284 1877 φησιν,
3319 1805 3436 1859 ἀλλ’
3474 1806 3561 1860 ῑνα
3612 1808 3669 1858 ὲν
3716 1806 3841 1859 δνό-

2181 1943 2223 1997 B
2254 1917 2386 1971 ματι
2415 1900 2627 1970 Πατρὸς
2665 1900 2760 1954 καὶ
2790 1898 2944 1968 Υἱοῦ,
2980 1897 3107 1969 μίαν
3136 1897 3309 1968 ἔχοιεν
3342 1899 3422 1961 εἰς
3450 1896 3716 1969 ἀλλήλους
3739 1898 3842 1967 τὴν

2254 1991 2501 2063 γνώμην,
2555 1992 2651 2045 καὶ
2694 1992 2775 2055 εις
2828 1990 3009 2060 φιλίας
3061 1988 3288 2060 ἑνότητα
3342 1989 3837 2059 περισφίγγωνται.

2268 2080 2487 2151 Ἐπειδὴ
2506 2079 2563 2132 δὲ
2584 2078 2905 2151 προστίθησι
2934 2078 3016 2141 τὸ,
3044 2097 3064 2129 ι
3104 2075 3287 2141 καθὼς
3316 2078 3472 2148 ἡμεῖς
3494 2077 3552 2129 ἓν
3583 2080 3776 2147 ἐσμεν,
3817 2097 3835 2128 ι

2252 2170 2411 2241 δῆλός
2444 2172 2593 2223 ἐστιν
2618 2170 2678 2222 οὺ
2714 2168 2948 2238 φυσικὴν
2976 2168 3092 2230 τοῖς
3130 2166 3448 2219 πιστεύουσι
3478 2164 3843 2236 χαριζόμενος

2258 2262 2583 2333 μεταϐολὴν,
2617 2260 2732 2315 ἀλλ’
2771 2262 2846 2324 ὡς
2877 2260 3062 2313 εἰκόνα
3105 2258 3200 2312 καὶ
3234 2257 3537 2327 ὑπόδειγμα
3574 2256 3637 2309 τὸ
3676 2248 3842 2326 φῦσει

2253 2352 2456 2425 προσὸν
2491 2349 2640 2421 αὐτῷ
2665 2350 2836 2413 τιθεὶς
2882 2348 2983 2420 τῆς
3030 2346 3422 2420 πρωιρετικῆς
3456 2345 3617 2417 ἡμῶν
3652 2340 3842 2415 ἑνότη-

2251 2462 2363 2508 τος.
2418 2443 2493 2497 Τὸ
2540 2442 2671 2515 γὰρ,
2722 2441 2936 2507 καθὼς,
2993 2441 3054 2494 οὐ
3110 2440 3327 2503 πάντως
3376 2438 3672 2509 ἀλήθειαν,
3718 2438 3840 2491 ἀλλ’

2251 2535 2509 2607 ὁμοίωσίν
2538 2552 2659 2589 τινα
2697 2533 3014 2605 παραδηλοῖ.

2252 2736 2461 2797 ΛΛΛΟ,
2498 2734 2571 2787 δι’
2605 2730 2677 2789 οὗ
2723 2732 3111 2801 μανθάνομεν
3147 2722 3305 2801 ὅπως
3340 2725 3633 2801 προσήκει
3672 2727 3843 2801 γρεῗιο

2323 2805 2389 2858 τὸ
2408 2804 2618 2873 ῥητὸν,
2647 2797 3005 2873 τουτέστιν,⁷
3031 2820 3049 2852 ι
3084 2802 3216 2855 Ἵνα
3244 2800 3447 2873 ὣσπερ
3482 2797 3597 2873 ἐχζὼ
3626 2797 3725 2873 argi
3753 2798 3840 2849 σὺ

2320 2862 2641 2943 ἕν’ἐὸνμενῖ,
2688 2874 2841 2927 οὕτω
2889 2871 2989 2943 καὶ
3034 2862 3481 2943 αὐτοιλὲνμήιξῖν
3521 2862 3592 2943 ἓν·
3642 2862 3836 2920 ὦσιν·

2321 2944 2437 3013 ἐγὼ
2477 2934 2547 2996 εἰη
2583 2934 2815 3013 αὐτοῖς,
2857 2942 2956 2995 καὶ
2989 2941 3070 2994 σὺ
3103 2940 3172 2993 ἐν
3201 2934 3498 3010 ἐμοι,“1να
3538 2934 3652 2993 ὦσι
3685 2953 3841 2991 τετει-

2322 3012 2631 3082 λειιιψένοι
2674 3015 2759 3078 εἰς
2787 3012 2875 3070 ἐν.
2925 3031 2944 3062 ι

2323 3124 2583 3195 Μεγάλην
2621 3124 2742 3178 τινὰ
2775 3123 2868 3178 καὶ
2898 3124 3150 3196 ὑπερφυῆ
3191 3123 3268 3194 τῷ
3306 3124 3453 3192 γένει
3482 3121 3590 3174 τῶν
3622 3120 3844 3191 ἀνθρὼ-

2256 3230 2373 3271 πων
2411 3215 2738 3270 καταθέσθαι
2770 3216 2928 3286 χάριν
2959 3214 3282 3285 βουλόμενος
3302 3216 3330 3267 ό
3360 3212 3455 3267 τοῦ
3483 3212 3619 3265 Θεοῦ
3642 3214 3844 3280 Λόγος,

2258 3308 2407 3362 ἕλκει
2448 3308 2771 3379 σύμπαντας
2802 3307 2877 3369 ὡς
2910 3306 3045 3377 πρὸς
3068 3306 3293 3375 ἑνότητα
3316 3306 3413 3376 τὴν
3453 3303 3584 3375 πρὸς
3619 3305 3839 3359 ἑαυτόν.

2254 3402 2493 3472 Φορέσας
2535 3400 2635 3469 μὲν
2668 3399 2774 3469 γὰρ
2794 3398 2854 3452 τὸ
2880 3397 3039 3468 σῶμα
3053 3399 3113 3450 τὺ
3135 3396 3497 3469 ἀνθρώπινον,
3517 3398 3748 3465 γέγονεν
3784 3402 3843 3451 tv

2257 3492 2410 3561 ἡμῖν.
2441 3491 2595 3560 Ἔχει
2623 3490 2680 3543 δὲ
2719 3492 2776 3542 ὲν
2800 3488 2977 3558 ἐαυτῷ
3005 3489 3095 3541 τὸν
3127 3488 3363 3558 Πατέρα,
3378 3488 3451 3551 ὼς
3468 3488 3639 3556 Λόγος
3668 3488 3843 3541 αὑτοῦ

2256 3582 2349 3635 καὶ¹
2370 3580 2734 3651 ἀπαύγασμα.
2761 3580 2973 3650 ’Ὠσπερ
2994 3575 3107 3641 οῦν,
3138 3580 3324 3648 φησιν,
3354 3576 3465 3646 ἐγώ
3498 3582 3615 3648 ειμι
3648 3580 3708 3630 ὲν
3741 3580 3844 3632 αὖ-

2254 3675 2387 3737 τοῖς,
2414 3673 2501 3725 διὰ
2522 3672 2582 3724 τὸ
2612 3672 2709 3743 τὴν
2742 3671 2911 3742 αὐτὴν
2936 3672 3117 3732 αὐτοῖς
3144 3670 3372 3740 φορέσαι
3396 3670 3594 3739 σάρκα,
3631 3671 3729 3722 καὶ
3755 3672 3843 3733 σὺ,

2264 3766 2468 3836 Πάτερ,
2504 3766 2561 3818 tv
2598 3766 2742 3834 ἐμοὶ,
2778 3763 2865 3815 διὰ
2902 3763 2961 3815 τὸ
2994 3757 3131 3815 εἶναι
3163 3777 3230 3830 με
3264 3762 3363 3830 τῆς
3402 3764 3502 3830 σῆς
3546 3761 3741 3823 οὐσίας
3784 3764 3848 3812 τὸ

2262 3860 2412 3922 ἴδιον,
2431 3859 2574 3913 οὕτω
2605 3858 2862 3929 βούλομαι
2882 3858 2968 3909 ἱνα
2986 3856 3077 3908 καὶ
3100 3855 3251 3907 αὐτοὶ
3265 3856 3344 3918 εἰς
3367 3854 3595 3923 ἑνότητά
3608 3871 3733 3907 τινα
3759 3871 3849 3907 cu-

2254 3949 2598 4020 ναφμῌέντες
2623 3948 2869 4018 ἀλλήλοις
2882 3943 3559 4017 άνακραθῶσι,καὶῶσπερ
3586 3945 3645 3998 ἓν
3678 3945 3845 4017 σῶμα

2256 4043 2538 4112 γενόμενοι
2570 4043 2627 4095 tv
2666 4041 2791 4111 ἐμοὶ
2824 4040 3022 4100 πάντες
3055 4032 3186 4091 ὦσιν
3215 4037 3288 4101 ὡς
3333 4036 3542 4100 πάντας
3582 4038 3848 4107 φοροῦντι

2254 4132 2343 4187 διὰ
2370 4133 2465 4186 τοῦ
2505 4133 2624 4196 ἑνὸς
2662 4131 3061 4201 ἀναληφθέντος
3110 4128 3262 4193 ναοῦ,
3297 4126 3441 4181 οῦτω
3489 4145 3547 4180 τε
3597 4122 3709 4180 εἷεν
3745 4129 3848 4181 καὶ

2256 4225 2532 4293 φαίνοιντο
2557 4224 2983 4293 τετελειωμένοι.
3032 4222 3143 4275 Καὶ
3172 4221 3281 4292 γὰρ
3334 4222 3444 4289 ἐγὼ
3482 4220 3689 4283 τέλειός
3717 4221 3848 4291 εἰμι

2255 4316 2350 4368 καὶ
2384 4316 2669 4387 ἄνθρωπος
2698 4314 2956 4384 γεγονώς.

2252 4430 2456 4493 ΛΛΛΟ,
2498 4428 2775 4482 δεικνύον
2802 4428 3058 4496 ἀκριϐῶς
3099 4428 3301 4495 ὅτιπερ
3345 4428 3418 4481 οὐ
3456 4427 3572 4494 τὴν
3606 4426 3845 4480 ἑαυτῶν

2322 4499 2579 4567 ἀφέντες
2631 4500 2842 4566 φύσιν,
2896 4500 3046 4565 πρὸς
3099 4497 3215 4564 τὴν
3264 4499 3433 4552 θείαν
3482 4498 3842 4565 μεταποιού-

2319 4573 2491 4645 pelia,
2534 4567 2677 4645 ᾂζίρο
2699 4567 2777 4645 ἓν
2811 4569 3081 4645 γένεσθαι
3124 4570 3275 4645 πρὸς
3318 4567 3424 4619 τὸν
3466 4568 3617 4645 Θεό]
3661 4568 3843 4645 λεγώ-

2316 4635 2489 4707 μεθα.
2522 4637 2659 4691 ἀλλ’
2688 4638 2775 4690 ὅτι
2798 4635 3039 4707 μέτοχοι
3066 4642 3375 4708 γεγονότες
3410 4635 3619 4701 αὐτοῦ,
3658 4635 3844 4691 τοῦτο

2322 4708 2682 4776 καλούμεθα.

2336 4822 2393 4875 Ὀ
2436 4821 2703 4891 μακάριος
2740 4820 2994 4890 Ἰωάννης
3022 4820 3217 4891 φησιν’
3258 4839 3276 4871 ι
3328 4821 3416 4873 Ἐν
3451 4819 3627 4891 τούτῳ
3672 4818 3840 4887 γινὼο

2255 4931 2457 4984 σκομεν
2479 4914 2560 4965 ὃτι
2594 4915 2650 4965 ὲν
2683 4912 2829 4982 αὑτῷ
2861 4914 3115 4983 μένομεν,
3158 4911 3256 4964 καὶ
3298 4912 3458 4975 αὐτὸς
3490 4914 3546 4965 ὲν
3577 4913 3731 4981 ἡμῖν,
3758 4912 3843 4965 δτι

2252 5006 2315 5057 ὲκ
2358 5002 2453 5055 τοῦ
2494 5002 2811 5072 Πνεῦματος
2858 5003 3021 5054 αὑτοῦ
3055 5002 3250 5054 ἔδωκεν
3282 5003 3433 5071 ἡμῖν.
3485 5021 3503 5054 ι
3556 5003 3618 5055 Εἰ
3658 5004 3844 5055 τοίνυν

2254 5094 2344 5149 διὰ
2391 5095 2453 5147 τὸ
2505 5095 2749 5164 μετέχειν
2792 5094 2881 5145 τοῦ
2929 5093 3245 5162 Πνεύματος
3286 5092 3343 5145 ἓν
3382 5094 3651 5163 γινόμεθα
3699 5096 3844 5164 πρὸς

2258 5187 2409 5252 Θεὸν,
2439 5187 2531 5240 καὶ
2565 5188 2723 5257 ἡμεῖς
2757 5186 2854 5255 μὲν
2883 5187 2938 5237 ἐν
2975 5184 3142 5254 αὐτῷ,
3172 5184 3331 5248 αὐτὸς
3359 5184 3414 5236 δὲ
3446 5188 3502 5237 ἐν
3539 5188 3668 5255 ἡμῖν
3697 5183 3843 5241 εἶναι

2257 5278 2470 5347 λέγεται
2494 5292 2509 5308 ο
2542 5279 2572 5330 δ
2604 5277 2660 5330 δὲ
2685 5276 2779 5329 τοῦ
2809 5275 2943 5329 Θεοῦ
2970 5277 3139 5345 Λόγος
3167 5276 3266 5328 οὐκ
3305 5275 3419 5345 ἔστι
3444 5277 3554 5328 τῶν
3582 5278 3843 5347 μετεχόνο

2258 5386 2365 5422 των
2393 5368 2454 5421 τὸ
2486 5366 2734 5437 Πνεῦμα,
2765 5365 2902 5420 άλλά
2949 5365 3148 5436 μᾶλλον
3181 5364 3276 5418 τοῦ
3323 5365 3646 5437 Πνεύματος
3706 5384 3841 5440 χορ.

2258 5461 2410 5533 ηγδς,
2447 5460 2711 5531 πρόδηλον
2740 5460 2805 5512 ἂν
2832 5460 2917 5528 εἴη
2944 5459 3133 5529 ὅτιπερ
3167 5458 3265 5528 οὐχ
3294 5456 3369 5521 ὡς
3400 5460 3565 5521 αὐτός
3594 5461 3745 5512 ἐστιν
3784 5463 3844 5516 ἐν

2255 5550 2373 5622 Θεῷ
2418 5549 2513 5604 καὶ
2549 5549 2742 5619 Πατρὶ,
2779 5548 2921 5601 οὕτω
2966 5548 3059 5601 καὶ
3094 5549 3278 5618 ἡμεῖς.
3344 5546 3485 5599 Ἀλλ’
3527 5549 3692 5611 αὐτὸς
3741 5550 3843 5617 μὲν

2256 5640 2313 5691 ὲν
2350 5640 2413 5709 τῇ
2442 5637 2598 5707 φύσει
2632 5638 2725 5691 τοῦ
2753 5638 3140 5705 γεγεννηκότος
3172 5637 3339 5703 ἐστὶν,
3373 5636 3448 5701 ὼς
3474 5638 3646 5708 Λόγος
3672 5637 3843 5693 αὑτοῦ

647 5812 693 5843 ³⁸
721 5811 860 5866 [‘sal.
897 5828 1050 5881 stur,
1074 5813 1128 5867 6.
1205 5814 1247 5846 ’ί
1281 5812 1428 5869 Psul.
1465 5826 1596 5882 xvn,
1624 5811 1712 5869 50.
1792 5814 1836 5845 “
1868 5811 2022 5869 Joan.
2058 5829 2145 5869 xw

2261 5814 2313 5869 ὅ.
2387 5816 2431 5848 ’³
2460 5816 2476 5869 Ι
2510 5814 2666 5870 Joan.
2704 5832 2773 5883 ιγ,
2818 5816 2880 5869 15
