4072 6562
184 416 191 425 ’
216 417 330 484 ὶοὸ

1633 408 2067 473 THESAL'RUS.

3368 414 3477 475 ωδ
3546 377 3560 397 .

223 544 319 599 καὶ
345 540 709 611 ἀπαύγασμα.
751 537 941 609 Ἡμεῖς
976 536 1028 590 δὲ
1052 536 1117 590 δι’
1151 536 1316 592 αὐτοῦ
1359 537 1461 608 τῆς
1500 537 1595 591 τοῦ
1638 538 1808 591 Πνευ-

1932 548 1966 590 ει
1989 536 2248 606 splendor
2284 536 2494 605 ipsius:
2527 549 2628 591 nos
2654 549 2784 590 vero
2826 548 2926 605 per
2962 535 3140 606 ipsum
3183 534 3483 605 participa—

224 651 399 705 ματος
432 631 668 704 μετοχῆς
714 628 1047 699 ἀξιούμενοι,
1097 628 1154 681 ἓν
1186 628 1259 693 ὡς
1299 629 1436 700 πρὸς
1488 629 1620 682 Θεὸν
1664 628 1810 681 νενε-

1936 630 2057 685 ioue
2091 628 2327 698 Spiritus
2344 629 2539 692 sancti,
2569 627 2717 699 digni
2762 626 2943 684 effecti
2987 643 3153 682 unum
3196 642 3322 682 cum
3376 626 3486 679 Deo

226 727 353 783 σθαι
384 722 511 794 λεγό
518 724 679 795 μεθα.

467 854 672 919 ΔΛΛΟ,
710 852 827 922 τὴν
861 853 1057 921 αὐτὴν
1094 854 1243 921 ἕχον
1270 854 1565 909 διάνοιαν.

296 970 458 1038 Λέγει
502 986 604 1021 που
638 966 801 1022 πάλιν
833 968 863 1020 6
894 967 1165 1038 μακάριος
1208 967 1461 1038 Ἰωάννης
1484 983 1499 999 '
1552 987 1570 1019 ι
1622 970 1718 1031 Ὃς
1748 962 1814 1021 ἂν

1914 721 2034 775 fieri
2066 720 2319 776 dicimur.

2196 855 2353 926 123
2380 854 2612 918 ALIUD,
2638 854 2689 907 in
2715 854 2949 908 eumdem
2974 864 3203 907 sensum.

1983 965 2185 1023 Beatus
2214 967 2450 1022 Joannes
2471 967 2594 1020 alibi
2630 966 2803 1035 inquit
2829 986 2840 1020 :
2867 984 2885 1017 ι
2917 966 3235 1035 Quicunque
3271 964 3491 1019 confite-

224 1060 535 1131 ὁμολογήσῃ
560 1058 642 1111 ὅτι
680 1055 890 1126 Ἰησοῦς
927 1058 1074 1108 ἐστιν
1098 1057 1126 1108 ὁ
1155 1055 1283 1118 Υίὸς
1320 1055 1415 1108 τοῦ
1447 1056 1604 1122 Θεοῦ,
1627 1057 1655 1108 ὁ
1682 1056 1815 1118 Θεὸς

1932 1059 2060 1113 )itur
2080 1060 2219 1127 quod
2250 1057 2407 1113 Jesus
2439 1060 2507 1113 sit
2524 1055 2692 1111 Filius
2709 1052 2829 1121 J‘ci,
2851 1056 2992 1112 Deus
3014 1058 3064 1119 ip
3087 1059 3204 1125 ipso
3221 1066 3422 1120 manet,
3438 1066 3491 1109 ει

222 1154 284 1205 tv
315 1150 466 1219 αὐτῷ
514 1148 690 1218 μένει,
730 1149 827 1201 καὶ
856 1147 1018 1211 αὐτὸς
1052 1149 1110 1201 ὲν
1152 1146 1230 1217 τῷ
1267 1147 1404 1218 Θεῷ.
1454 1167 1473 1199 s
1529 1149 1590 1200 Εί
1636 1147 1816 1201 τοίνυν

223 1238 635 1308 ὁμολογοῦντες,
674 1238 869 1308 ὅτιπερ
903 1237 1032 1299 Υίός
1079 1239 1228 1290 ἐστιν
1278 1236 1485 1307 Ἰησοῦς
1525 1236 1618 1289 τοῦ
1651 1236 1814 1298 Θεοῦ,

226 1332 290 1383 ὲν
321 1328 443 1400 Θεῷ
489 1327 776 1397 γινόμεθα,
810 1327 907 1380 καὶ
944 1328 1109 1390 αὐτὸς
1151 1326 1352 1398 ὁμοίως
1390 1328 1448 1380 ἐν
1482 1330 1646 1398 ἡμῖν·
1695 1328 1723 1380 6
1759 1328 1819 1380 δὲ

229 1421 358 1484 Υἱὸς
384 1422 483 1491 οὐχ
513 1419 690 1483 οὕτως
729 1418 878 1473 ἐστὶν
911 1422 969 1473 tv
1003 1420 1199 1490 Πατρὶ,
1229 1420 1291 1472 οὐ
1323 1419 1430 1491 γὰρ
1475 1419 1646 1491 δῶρον
1687 1422 1819 1489 ὁμο-

228 1511 417 1581 λογίας
463 1512 576 1583 ἐχει
613 1510 675 1565 τὸ
704 1506 846 1565 εἶναι
890 1512 948 1564 tv
988 1510 1157 1581 αὐτῷ,
1191 1511 1352 1581 δῆλόν
1385 1514 1500 1563 ἐστι
1531 1513 1624 1565 καὶ
1653 1515 1819 1566 πᾶσιν

224 1602 563 1657 εὐσύνοπτον
594 1603 786 1673 ὅτιπερ
825 1600 1103 1672 ἄνθρωποι
1152 1601 1251 1672 μὲν
1292 1601 1586 1655 καλοῦνται
1638 1604 1821 1674 χάριτι

232 1695 371 1766 πρὸς
398 1695 628 1766 ἑνότητα
654 1694 754 1766 τὴν
786 1696 866 1757 είς
895 1694 1047 1759 Θεὸν,
1076 1693 1173 1748 καὶ
1196 1693 1369 1762 γέρας
1392 1694 1685 1763 ὁμολογίας
1726 1696 1823 1749 καὶ

235 1787 471 1849 πίστεως
500 1786 682 1857 έχουσι
709 1784 890 1840 τοῦτο.
942 1784 999 1840 ’0
1023 1785 1081 1839 δὲ
1107 1783 1201 1837 τοῦ
1228 1784 1363 1837 Θεοῦ
1390 1784 1548 1853 λόγος
1581 1784 1703 1855 δίχα
1737 1802 1823 1838 τι-

1918 1149 2032 1217 ipse
2063 1148 2117 1202 in
2142 1148 2254 1203 Deo
2282 1147 2347 1201 “.
2379 1168 2397 1200 ι
2445 1148 2501 1203 Si
2527 1161 2655 1217 ergo
2681 1149 3002 1203 conlllenles
3035 1146 3216 1201 Jesum
3251 1161 3369 1201 esse
3401 1146 3491 1200 Fi-

1918 1238 2051 1292 lium
2092 1238 2206 1301 Dei,
2238 1238 2289 1291 in
2324 1237 2432 1292 Deo
2463 1253 2675 1302 sumus,
2706 1247 2761 1291 et
2793 1239 2907 1307 ipse
2938 1237 3176 1291 vicissim
3207 1238 3259 1290 in
3310 1238 3489 1302 nobis,

1918 1329 2093 1386 Filius
2126 1339 2307 1384 autem
2340 1345 2446 1384 non
2476 1330 2549 1384 ita
2577 1339 2659 1385 est
2695 1330 2747 1383 in
2774 1328 2938 1384 Patre
2966 1349 2979 1383 :
3021 1344 3197 1398 neque
3224 1330 3367 1384 enim
3408 1336 3497 1383 cst

1922 1422 2121 1477 donum
2150 1421 2509 1477 confessionis
2546 1435 2659 1475 suae
2689 1421 2831 1490 quod
2872 1422 2945 1476 sit
2987 1421 3040 1475 in
3089 1422 3238 1491 ipso;
3266 1419 3497 1474 manife-

1923 1524 2066 1570 stum
2098 1525 2181 1571 est
2201 1513 2562 1584 omnibusque
2596 1514 2945 1584 conspicuum
2982 1514 3229 1569 homines
3256 1529 3352 1582 per
3374 1524 3498 1583 gra-

1922 1608 2054 1662 tiam
2083 1607 2264 1663 vocari
2300 1607 2367 1661 ad
2402 1608 2661 1662 unitatem
2697 1622 2821 1661 cum
2863 1606 2994 1673 Deo,
3041 1616 3201 1676 atque
3243 1605 3345 1661 hoc
3384 1605 3497 1660 vel-

1919 1697 2005 1753 uti
2048 1698 2328 1768 praemium
2377 1712 2443 1754 ac
2476 1698 2674 1753 donum
2711 1712 2824 1752 sua:
2863 1695 3221 1752 confessionis
3279 1703 3335 1751 et
3378 1697 3500 1750 lidei

1926 1789 2194 1858 accipere.
2230 1788 2462 1845 Verbum
2493 1797 2673 1844 autem
2702 1785 2797 1844 Dei
2840 1787 3046 1857 absque
3070 1787 3211 1844 dono
3232 1788 3500 1843 naturali~

230 1879 324 1943 νὸς
354 1878 595 1933 τοιούτου
640 1877 889 1948 φυσικῶς
921 1879 1067 1931 ἐστιν
1105 1877 1164 1929 ἐν
1196 1877 1393 1947 Πατρὶ,
1427 1876 1518 1928 καὶ
1547 1877 1604 1929 tv
1642 1875 1820 1947 ἑαυτῷ

1932 1890 2010 1935 ιει·
2033 1887 2116 1934 est
2143 1879 2196 1934 in
2232 1878 2415 1942 Patre,
2454 1886 2508 1933 et
2542 1878 2596 1932 in
2624 1877 2804 1939 seinso
2832 1874 3051 1934 Patrem
3095 1884 3290 1949 gestat,
3324 1885 3380 1932 et
3411 1892 3502 1930 rc-

236 1971 331 2026 τὸν
361 1972 583 2043 Πατέρα
607 1970 788 2041 φέρει,
820 1970 916 2024 καὶ
942 1968 1108 2022 ὅντως
1130 1967 1188 2021 ἓν
1215 1968 1330 2020 ἐστι
1360 1966 1497 2030 πρὸς
1525 1966 1706 2020 αὐτόν.

930 2082 1136 2137 ΔΛΛΟ.

311 2201 469 2255 Κατὰ
513 2200 612 2257 τὴν
664 2200 911 2255 Ἰωάννου
941 2199 1145 2270 φωνὴν,
1174 2199 1204 2251 ὁ
1225 2197 1564 2269 ὁμολογήσας
1599 2198 1680 2251 ὅτι
1716 2198 1819 2267 Ἰη-

239 2290 371 2355 σοῦς
416 2294 563 2345 ἐστιν
594 2292 624 2344 6
657 2291 784 2354 Υίὸς
819 2290 914 2343 τοῦ
953 2288 1109 2353 Θεοῦ,
1135 2289 1250 2358 ἔχει
1287 2289 1380 2341 τὸν
1402 2288 1534 2342 Θεὸν
1564 2290 1621 2341 ὲν
1643 2287 1821 2357 ἐαυτῷ

240 2381 496 2449 μένοντα,
536 2381 630 2435 καὶ
664 2379 827 2444 αὐτὸς
870 2379 927 2432 δὲ
969 2381 1026 2431 tv
1055 2378 1133 2448 τῷ
1164 2378 1281 2448 Θεῷ
1320 2379 1550 2447 γίνεται.
1595 2378 1821 2447 Ὠμολό-

242 2471 383 2539 γησέ
411 2488 514 2533 τις,
543 2470 855 2524 ὑποκείσθω
880 2470 989 2537 γὰρ
1023 2468 1183 2522 τοῦτο
1209 2468 1288 2539 τῷ
1317 2469 1480 2539 λόγῳ,
1514 2468 1609 2521 καὶ
1642 2467 1823 2520 λαϐὼν

244 2559 472 2630 Πνεῦμα
500 2559 600 2629 τῆς
638 2560 929 2629 ὁμολογίας
977 2558 1170 2629 δῶρον,
1201 2559 1417 2623 ἐδέξατο
1462 2559 1559 2629 μὲν
1601 2558 1734 2612 Θεὸν
1767 2560 1826 2611 tv

243 2651 447 2721 ἑαυτῷ,
480 2652 671 2721 γέγονε
700 2652 756 2704 δὲ
785 2652 878 2706 καὶ
903 2652 1067 2715 αὐτὸς
1098 2653 1158 2703 tv
1186 2651 1324 2722 Θεῷ.
1368 2652 1528 2705 Ἀλλά
1558 2650 1649 2704 τὸν
1686 2650 1826 2704 οὕτω

242 2743 573 2807 διατιθέντα,
610 2743 956 2813 συμϐέϐηκεν
982 2743 1046 2797 ἐκ
1069 2760 1212 2806 τινος
1232 2743 1543 2814 διαϐολικῆς
1565 2743 1826 2814 ἐπηρείας

251 2832 601 2903 μετάγνωσιν
636 2833 746 2886 τῶν
791 2832 967 2903 ὀρθῶς
1017 2832 1457 2903 βεϐουλευμένων
1496 2833 1692 2897 ἐλθεῖν,
1725 2835 1829 2887 ἀπ-

244 2922 378 2993 έστη
426 2939 486 2976 τε
536 2922 637 2993 τῆς
683 2922 994 2993 ὁμολογίας,
1047 2924 1142 2976 καὶ
1187 2922 1276 2977 διά
1322 2922 1483 2976 τοῦτο
1529 2923 1627 2994 τὴν
1666 2924 1827 2993 χάριν

244 3012 611 3082 ἀποϐέϐληκε,
628 3013 720 3069 καὶ
735 3014 826 3067 τοῦ
846 3013 990 3070 θείου
1007 3014 1148 3069 Πνεύ
1156 3030 1323 3085 ματος
1334 3012 1539 3086 ἔρημος
1554 3014 1789 3083 γεγονώς
1810 3030 1824 3045 ·

243 3108 309 3162 οὐ
338 3107 448 3179 γὰρ
478 3108 537 3160 tv
565 3109 677 3170 τοῖς
705 3107 1048 3179 δυσφημοῦσι
1081 3108 1172 3161 τὸν
1219 3107 1346 3162 Υίὸν
1397 3112 1659 3162 κατοικεῖ.
1708 3109 1830 3161 Ἀπ-

1924 1982 2054 2027 vera
2084 1985 2249 2025 unum
2290 1985 2412 2025 cum
2439 1969 2554 2039 ipso
2583 1978 2689 2023 est.

2602 2077 2833 2136 ALIUD.

1998 2194 2161 2250 Juxta
2194 2192 2397 2248 dictum
2432 2190 2680 2258 Joannis,
2724 2192 2816 2263 qui
2848 2192 3140 2249 conﬁtetur
3177 2192 3363 2248 Jesum
3407 2186 3505 2247 Fi-

1928 2286 2061 2341 lium
2088 2286 2203 2349 Dei,
2237 2285 2400 2341 habet
2433 2285 2601 2339 Deum
2636 2285 2689 2339 in
2721 2284 2901 2354 seipso
2925 2294 3257 2351 manentem,
3284 2276 3507 2356 ipseque

1933 2379 1987 2433 in
2018 2379 2129 2433 Deo
2157 2387 2260 2432 est.
2310 2377 2449 2446 Ergo
2484 2375 2718 2446 exempli
2760 2390 2921 2430 causa
2967 2368 3253 2432 confessus
3286 2387 3368 2431 est
3406 2375 3508 2430 :di-

1926 2472 2075 2540 quis,
2108 2479 2161 2524 et
2193 2478 2417 2539 accepto
2457 2468 2660 2539 Spiritu
2689 2468 2741 2522 in
2773 2469 2968 2523 donum
3008 2482 3119 2523 sua:
3149 2469 3510 2524 c0nfessionis

1934 2562 2174 2631 suscepit
2210 2562 2379 2616 Deum
2418 2560 2471 2615 in
2515 2559 2716 2630 seipso,
2748 2568 2804 2615 ει
2832 2559 3068 2615 vicissim
3113 2572 3397 2631 susceptus
3426 2568 3511 2617 cst

1934 2655 1991 2710 in
2023 2656 2151 2709 Deo.
2181 2654 2451 2708 Caeterum
2485 2652 2631 2707 hunc
2661 2654 2734 2707 ita
2765 2649 3013 2708 a’ﬂectum
3055 2654 3279 2725 contigit
3312 2671 3375 2710 ex
3408 2654 3511 2709 ali-

1935 2762 2040 2816 qua
2077 2744 2272 2800 diaboli
2324 2745 2671 2817 suggestione
2716 2756 2929 2801 mutare
2965 2748 3290 2803 sententiam
3329 2757 3383 2802 et
3421 2748 3511 2802 de-

1937 2838 2175 2890 sciscere
2236 2850 2264 2888 a
2294 2835 2661 2899 confessione,
2698 2834 2931 2904 ideoque
2966 2848 2995 2889 a
3037 2837 3209 2906 gratia
3234 2838 3507 2900 excidere,

1938 2927 2227 2996 divinaque
2260 2925 2465 2997 Spiritu
2496 2928 2711 2983 destitui
2739 2970 2753 2993 ,
2781 2938 2955 2999 neque
2978 2929 3122 2985 enim
3154 2930 3241 2985 ille
3267 2931 3319 2986 in
3359 2930 3508 2985 blas-

1938 3020 2321 3090 phemantibus
2388 3016 2583 3075 Filium
2622 3019 2847 3075 habitat.
2882 3018 3053 3077 Desiit
3093 3020 3274 3091 itaque
3305 3035 3425 3075 esse
3460 3018 3512 3074 in

1939 3110 2072 3176 Deo,
2101 3122 2155 3165 et
2198 3110 2364 3167 Deum
2402 3115 2455 3165 in
2516 3126 2574 3166 se
2617 3112 2838 3167 habere.
2879 3112 3040 3181 Atqui
3089 3111 3136 3167 is
3198 3113 3360 3167 homo
3399 3117 3514 3168 erat

243 3199 416 3253 ὡλεσε
438 3200 533 3252 καὶ
552 3200 611 3252 τὸ
628 3196 766 3254 εἶναι
786 3201 843 3251 tv
858 3198 996 3269 Θεῷ,
1016 3198 1185 3253 καὶτὸ
1201 3198 1345 3269 ἔχειν
1368 3200 1529 3253 αὐτὸν
1549 3202 1607 3252 tv
1628 3201 1825 3269 ἐαυτῷ.

1938 3211 1987 3259 ει
2023 3218 2145 3257 cum
2185 3202 2580 3256 confessionem
2625 3200 2816 3263 edidit,
2847 3209 2901 3254 et
2945 3214 3068 3255 cum
3111 3215 3139 3253 a
3177 3199 3514 3255 confessione

247 3291 574 3363 Ἀνθρωπος
606 3291 662 3345 δὲ
694 3287 762 3361 ἦν
792 3291 885 3344 καὶ
917 3291 1279 3361 ὁμολογήσας,
1322 3291 1416 3343 καὶ
1456 3292 1543 3344 ὅτε
1574 3291 1673 3357 τῆς
1704 3294 1831 3360 ὁμο-

249 3381 435 3450 λογίας
456 3381 689 3452 ἀπέστη.
722 3381 837 3435 Οὺκ
856 3382 964 3451 ἄρα
994 3381 1153 3449 φύσει
1188 3380 1318 3450 πρὸς
1344 3380 1440 3452 τὴν
1473 3380 1623 3435 θείαν
1647 3378 1834 3435 οὐσίαν

253 3470 720 3543 μεταποιούμεθα,
759 3470 816 3523 ἒν
858 3471 933 3535 ὡς
986 3471 1122 3542 πρὸς
1162 3471 1251 3524 τὸν
1282 3471 1415 3524 Θεὸν
1460 3471 1704 3540 γίνεσθαι
1750 3473 1835 3525 λε-

252 3564 497 3634 γόμενοι,
529 3562 666 3616 ἀλλά
695 3562 856 3633 χάρις
889 3564 1055 3633 ἡμᾶς,
1090 3564 1183 3616 καὶ
1212 3564 1381 3635 ἀρετὴ
1429 3564 1710 3630 συνάπτει,
1742 3566 1835 3618 καὶ

252 3652 420 3709 κακία
452 3653 611 3708 πάλιν
645 3654 905 3723 ἀφίστησι
926 3671 938 3682 ⁸
974 3654 1067 3706 καὶ
1105 3657 1152 3707 εί
1188 3654 1573 3724 ὁμολογοῦντες
1603 3656 1684 3708 ὅτι
1728 3657 1831 3728 Ἰη-

256 3745 383 3809 σοῦς
413 3747 560 3798 ἐστιν
591 3748 619 3799 ὁ
665 3746 791 3809 Tib;
825 3744 918 3798 τοῦ
961 3745 1118 3811 Θεοῦ,
1172 3748 1229 3799 tv
1269 3745 1388 3817 Θεῷ
1421 3747 1707 3818 γινόμεθα,
1734 3748 1836 3821 ἀρ-

254 3837 506 3907 νούμενοι
532 3837 588 3890 δὲ
619 3838 836 3901 πάντως
884 3837 1331 3909 ἀλλοτριούμεθα.
1384 3838 1637 3894 Φαίνεται
1673 3839 1729 3894 δὲ
1774 3840 1835 3892 ού

253 3929 426 4000 δῶρον
461 3930 662 4000 ἀρετῆς
710 3930 867 3982 τοῦτο
899 3928 1036 4000 ἔχων
1083 3931 1111 3983 ὁ
1154 3929 1300 3992 Υἱός.
1356 3931 1470 3984 Ούκ
1510 3932 1617 4002 ἀρα
1666 3926 1840 3994 οὕτως

256 4020 405 4071 ἐστὶν
432 4021 489 4071 ἐν
516 4021 691 4089 Πατρὶ
723 4020 912 4090 ὥσπερ
937 4022 1119 4091 ἡμεῖς,
1151 4019 1265 4074 ἀλλ’
1287 4020 1447 4084 αὐτὸς
1478 4020 1575 4090 μὲν
1597 4020 1839 4090 φυσικῶς

257 4111 355 4163 καὶ
385 4110 797 4180 ἀμεταπτώτως
842 4112 899 4178 ἐξ
944 4112 1108 4165 αὐτοῦ
1142 4113 1560 4183 γεγεννημένος,
1592 4115 1752 4183 ἡμεῖς
1780 4112 1837 4166 δὲ

260 4204 441 4273 χάριτι
488 4203 582 4255 καὶ
620 4205 839 4273 μετοχῇ.
886 4204 1096 4275 Ὥσπερ
1129 4200 1221 4257 οὖν
1272 4204 1439 4256 αὐτοῦ
1491 4204 1633 4258 κατὰ
1680 4204 1839 4272 φύσιν

257 4294 412 4356 ὅντος
444 4292 572 4346 Υἱοῦ
601 4294 697 4345 καὶ
726 4294 881 4356 Θεοῦ,
913 4294 1053 4347 οὕτω
1083 4297 1177 4348 καὶ
1204 4296 1363 4363 ἡμεῖς
1398 4294 1518 4347 καθ’
1549 4294 1840 4365 ὁμοιότητα

259 4384 423 4439 αὑτοῦ
457 4386 550 4438 καὶ
583 4387 687 4439 υἱοὶ
715 4386 807 4439 καὶ
845 4385 957 4440 θεοὶ
984 4386 1414 4457 χρηματίζομεν.

748 4552 1111 4637 ΛΟΓΟΣ
1186 4551 1348 4634 II".

262 4704 402 4773 Περὶ
432 4705 777 4774 ὁμοιότητος
806 4704 911 4758 τοῦ
946 4704 1086 4774 Υἰοῦ
1115 4704 1264 4772 πρὸς
1294 4706 1401 4758 τὸν
1424 4704 1654 4771 Πατέρα
1674 4721 1687 4734 ο
1720 4706 1840 4767 καί,

336 4770 427 4829 ὅτι
451 4770 563 4829 οὐκ
595 4770 727 4827 ἐστι
751 4770 1007 4840 τρεπτῆς
1040 4770 1278 4843 ερύάεως
1307 4777 1339 4827 ὀ
1379 4775 1529 4840 Υἱὸς,
1622 4774 1845 4837 ἔξωθεν

332 4845 622 4909 ὑποστὰς,
646 4844 783 4897 ἀλλ’
803 4845 867 4897 ἐκ
906 4844 1014 4911 τῆς
1039 4844 1254 4910 οὐσίας
1287 4843 1475 4898 αὐτοῦ
1511 4844 1841 4912 προελθὼν,

332 4916 407 4977 ὠς
446 4914 578 4979 Υἱὸς
612 4913 711 4965 καὶ
742 4913 1027 4982 γέννημα.

537 5048 858 5113 Ἄντίθεσις
883 5049 965 5114 ὡς
1000 5048 1069 5101 ἐκ
1104 5047 1221 5102 τῶν
1250 5049 1576 5118 θεομάχων.

332 5164 393 5217 Et
440 5163 883 5231 ἀπαράλλακτος,
918 5163 1099 5231 φασὶν,
1131 5162 1296 5215 εἰκών
1345 5163 1491 5215 ἐστιν
1524 5163 1553 5214 6
1590 5159 1713 5223 Υἱὸς
1742 5157 1835 5212 τοῦ

261 5255 497 5326 Πατρὸς,
524 5256 617 5307 καὶ
644 5255 825 5324 ὅμοιός
854 5257 967 5306 ὲστι
988 5254 1128 5308 κατὰ
1156 5255 1331 5309 πάντα
1360 5251 1440 5323 τῷ
1467 5252 1839 5321 γεγεννηκότι,

258 5345 505 5416 γεννάτω
535 5344 630 5398 καὶ
660 5346 843 5410 αὐτὸς,
876 5344 969 5398 καὶ
998 5343 1129 5398 Υίοῦ
1162 5342 1403 5411 γενέσθω
1448 5344 1667 5413 Πατήρ’
1704 5341 1844 5394 οὕτω

1937 3294 2184 3349 descivit.
2215 3292 2415 3346 Natura
2447 3292 2609 3363 igitur
2642 3290 2901 3347 nostrain
2930 3290 3167 3345 divinam
3202 3306 3307 3345 non
3329 3300 3508 3345 transv-

1935 3396 2218 3451 mutatur,
2260 3384 2471 3439 tametsi
2526 3397 2693 3437 unum
2749 3396 2871 3436 cum
2910 3381 3019 3437 Deo
3067 3381 3182 3436 fieri
3226 3381 3513 3435 dicamur:

1938 3474 2034 3527 sed
2074 3472 2247 3541 gratia
2278 3479 2333 3524 et
2357 3472 2529 3525 virtus
2563 3484 2661 3524 nos
2687 3469 2736 3524 ei
2772 3469 3071 3539 conjungit,
3102 3469 3292 3523 vitium
3326 3479 3513 3524 contra

1938 3563 2221 3633 disiungit.
2256 3561 2423 3617 Porro
2467 3562 2515 3616 si
2551 3577 2649 3615 nos
2688 3561 3001 3631 profitentes
3030 3560 3213 3616 Jcsum
3263 3576 3388 3618 esse
3426 3562 3514 3617 Fi-

1940 3654 2069 3707 lium
2134 3653 2247 3719 Dei,
2316 3653 2370 3707 in
2421 3653 2533 3708 Deo
2577 3669 2798 3720 sumus;
2855 3664 3115 3722 ncgantcs
3169 3668 3298 3708 vero
3351 3654 3513 3709 alieni

1941 3760 2170 3815 prorsus
2197 3746 2265 3798 ah
2291 3760 2356 3800 eo
2381 3743 2667 3799 efficimur.
2702 3744 2768 3798 Et
2802 3742 3148 3798 manifestum
3184 3753 3269 3798 cst
3319 3760 3422 3799 non
3459 3756 3515 3799 ut

1942 3838 2227 3905 praemium
2257 3836 2475 3891 virtutis
2507 3838 2609 3891 hoc
2650 3836 2787 3890 Filio
2828 3835 3024 3892 inesse.
3063 3834 3180 3890 Non
3222 3836 3387 3907 igitur
3421 3839 3513 3891 tali

1942 3927 2158 3980 ratione
2206 3941 2273 3980 ac
2302 3927 2463 3981 modo
2503 3936 2585 3980 est
2618 3927 2671 3980 in
2715 3924 2875 3979 Patre
2905 3926 3051 3995 quali
3097 3940 3219 3984 nos.
3265 3929 3362 3981 sed
3401 3928 3515 3998 ipse

1932 4026 2148 4093 quidem
2175 4022 2500 4078 naturaliter
2526 4028 2580 4074 et
2611 4019 3127 4075 iucommutabiliter
3161 4034 3223 4071 ex
3256 4019 3373 4087 ipso
3414 4035 3509 4087 gu-

1936 4116 2106 4183 nitus,
2134 4129 2232 4169 nos
2259 4129 2390 4167 vero
2418 4112 2589 4181 gratia
2621 4122 2671 4166 et
2700 4111 3133 4182 participatione.
3161 4109 3340 4175 Quare
3365 4111 3510 4164 sicut

1932 4209 2046 4279 ipse
2076 4208 2370 4262 secundum
2407 4214 2660 4258 naturam
2690 4213 2774 4258 est
2797 4192 2965 4258 Filius
2991 4210 3046 4257 et
3078 4201 3218 4256 Deus
3248 4218 3262 4254 :
3302 4203 3374 4255 ita
3409 4218 3506 4256 nos

1931 4313 2028 4369 per
2053 4297 2468 4354 similitudinem
2501 4295 2693 4365 ipsius,
2720 4303 2774 4349 et
2802 4294 2898 4349 filii
2927 4302 2982 4366 et
3006 4293 3084 4349 dii
3119 4306 3395 4350 vocamur.

2244 4544 2821 4641 ASSERTIO
2904 4544 3195 4634 XIII.

1936 4702 2097 4776 124
2122 4700 2197 4754 De
2226 4697 2572 4776 similitudine
2598 4693 2872 4776 Filii‘cum
2903 4691 3065 4746 Patre
3088 4732 3104 4756 ,
3131 4700 3183 4747 et
3209 4691 3349 4776 quod
3400 4707 3507 4743 non

2004 4762 2093 4828 Ia?
2133 4769 2401 4824 mutabilis
2448 4776 2657 4821 natura:
2710 4762 2906 4825 Filius,
2968 4778 3129 4833 neque
3179 4763 3505 4815 extrinsecus

2001 4843 2308 4901 subsistens,
2354 4838 2444 4890 sed
2489 4852 2554 4889 ea:
2598 4836 2823 4890 essentia
2876 4834 3043 4903 ipsius
3089 4834 3393 4899 procedens,
3442 4839 3503 4882 ιιι

1998 4913 2178 4970 Filius
2210 4919 2256 4964 et
2296 4908 2552 4979 genimeu.

2389 5038 2622 5107 Objectio
2656 5034 3047 5090 haereticorum.

2002 5156 2059 5211 Si
2083 5152 2270 5219 Filius,
2301 5152 2570 5220 inquiunt,
2594 5157 2677 5203 est
2695 5146 3003 5201 omnimoda
3026 5145 3202 5213 imago
3226 5142 3429 5209 Patris,
3455 5154 3512 5199 ct

1933 5263 2030 5319 per
2045 5245 2228 5302 omnia
2252 5243 2447 5298 similis
2461 5249 2544 5295 est
2559 5256 2657 5295 suo
2676 5237 2920 5294 Genitori
2940 5255 2953 5303 ;
2975 5237 3159 5308 gignat
3181 5237 3345 5291 etiam
3370 5236 3505 5305 ipse,

1932 5349 1985 5393 et
2011 5340 2102 5392 fiat
2127 5336 2283 5391 Pater
2309 5330 2470 5387 Filii:
2512 5332 2584 5386 ita
2623 5330 2767 5384 enim
2824 5329 2996 5399 ipsum
3046 5327 3284 5398 perfecte
3320 5329 3503 5382 imita-

259 5435 371 5505 γὰρ
412 5435 576 5487 αὑτὸν
605 5435 848 5506 ἀκριϐῶς
879 5437 1195 5505 μιμήσεται.
1234 5436 1298 5488 Et
1340 5434 1397 5487 δὲ
1422 5434 1483 5487 οὐ
1509 5435 1692 5503 γεννᾷ,
1726 5431 1842 5494 πῶς

260 5528 325 5577 ἐν
348 5525 427 5595 τῷ
449 5526 524 5595 μὴ
554 5525 787 5578 τίκτοντι
820 5525 880 5579 τὸ
907 5528 1089 5579 τίκτον
1119 5526 1400 5596 φαίνεται;
1438 5524 1711 5594 ’Λνόμοιος
1735 5522 1842 5593 γὰρ

262 5618 419 5671 ἔσται
450 5617 590 5670 κατὰ
622 5616 780 5670 τοῦτο
811 5617 888 5689 τῷ
918 5618 1110 5690 Πατρί.

1933 5430 2098 5486 bitur.
2132 5427 2190 5482 Si
2223 5440 2352 5481 vero
2396 5438 2499 5478 non
2538 5420 2729 5494 gignit,
2763 5435 2871 5490 quo
2903 5430 3063 5492 pacto
3098 5419 3145 5476 is
3173 5421 3265 5490 qui
3311 5421 3504 5499 gignit,

1933 5522 2077 5579 ineo
2104 5519 2194 5590 qui
2223 5533 2327 5573 non
2365 5517 2535 5587 gignit
2592 5514 2869 5572 cernitur?
2896 5512 3188 5571 Dissimilis
3222 5514 3367 5569 enim
3402 5516 3509 5567 erit

1934 5612 2033 5671 hac
2071 5610 2277 5678 ratione
2315 5608 2483 5670 Patri.

338 5801 383 5831 “
426 5797 628 5853 lJoau.
660 5814 733 5861 tv,
766 5798 848 5850 l5.
