4072 6510
555 414 664 471 9.07

1073 528 1282 585 Solimo
1313 527 1645 598 objectianis.

630 650 686 707 Si
730 648 937 705 nullum
970 657 1117 704 esset
1160 646 1457 702 discrimen
1497 646 1641 698 inter
1677 643 1843 697 Deum
1880 653 1935 695 et
1969 642 2145 695 homi-

556 759 678 809 nes,
707 744 959 810 exigatur
990 751 1049 793 ut
1079 738 1267 809 gignat
1302 738 1375 791 ita
1402 746 1459 789 ut
1490 736 1674 789 homo.
1703 736 1758 789 Si
1790 749 1921 788 vero
1949 733 2147 787 eximia

557 843 645 889 est
685 832 781 889 Dei
815 842 1034 895 natura,
1073 831 1179 885 erit
1212 830 1375 882 etiam
1422 828 1489 882 ab
1531 826 1784 881 humanis
1829 825 2036 894 legibus
2076 824 2146 876 li-

566 928 719 978 bera.
749 923 935 993 Neque
967 921 1111 975 enim
1146 928 1207 972 ut
1240 920 1401 972 homo
1428 918 1611 987 genuit
1644 916 1809 979 Deus,
1832 928 1887 968 ut
1911 915 2071 969 etiam
2105 913 2150 967 is

562 1019 653 1088 qui
713 1016 926 1087 genitus
988 1023 1091 1075 est,
1141 1021 1347 1064 natura:
1406 1018 1604 1062 nostra:
1655 1007 2020 1061 conditionem
2064 1022 2151 1059 se-

563 1124 759 1177 quens,
787 1108 991 1175 gignat,
1034 1105 1129 1157 sed
1176 1102 1359 1155 divino
1404 1110 1565 1168 atque
1608 1098 1864 1153 ineﬂ‘abili
1897 1099 2054 1152 modo
2083 1113 2147 1152 ex

565 1198 727 1251 Patre
762 1195 977 1264 genitus
1002 1201 1110 1247 est.
1156 1189 1215 1244 Si
1276 1200 1455 1243 autem
1490 1204 1712 1243 necesse
1750 1198 1835 1243 est
1871 1198 1929 1242 ut
1969 1189 2013 1242 is
2056 1189 2146 1257 qui

565 1290 750 1358 genuit
776 1288 985 1358 gignat,
1013 1294 1235 1355 propter
1264 1281 1566 1336 naturalem
1602 1291 1842 1335 nostram
1869 1289 2152 1334 consuetu-

566 1383 773 1444 dinem,
827 1388 880 1431 et
918 1392 979 1431 ea
1036 1391 1155 1443 qua:
1198 1374 1415 1427 deitatis
1447 1373 1664 1442 pr0pria
1710 1381 1857 1434 sunt,
1901 1371 2152 1425 humanis

568 1472 776 1539 legibus
827 1469 1067 1537 subjecta
1134 1476 1294 1530 sunt,
1352 1465 1479 1534 quid
1531 1464 1803 1519 obstiterit
1859 1464 2152 1533 quominus

571 1562 716 1617 Patri
749 1562 915 1615 etiam
950 1569 1159 1629 patrem
1192 1558 1636 1611 constituamus?
1669 1556 1745 1609 ita
1777 1558 1920 1611 enim
1967 1566 2151 1611 nostra

565 1652 896 1709 consuetudo
922 1651 1047 1705 fert.
1076 1652 1145 1704 At
1184 1664 1312 1704 vero
1339 1649 1383 1703 si
1414 1648 1577 1704 Pater
1601 1666 1664 1703 ex
1714 1649 1858 1703 nullo
1888 1649 2155 1719 principio

570 1757 673 1809 est,
720 1755 1041 1810 nostrasque
1091 1742 1239 1811 leges
1287 1751 1340 1794 et
1374 1755 1580 1795 morem
1629 1741 1786 1808 longe
1815 1747 2059 1809 superat,
2097 1748 2153 1794 ttt

564 1838 724 1901 Deus,
769 1835 913 1888 nulla
974 1834 1114 1888 ratio
1142 1842 1298 1904 coget
1331 1832 1529 1886 Filium
1578 1833 1820 1901 gignere.
1856 1831 1975 1884 Erit
2004 1832 2147 1884 enim

565 1930 667 1983 boc
697 1935 852 1997 pacto
878 1926 1025 1980 Patri
1054 1925 1269 1990 similis,
1300 1933 1357 1977 ut
1383 1924 1529 1978 omni
1550 1922 1873 1976 necessitate
1904 1922 2149 1989 superior

561 2023 851 2081 exsistens,
895 2028 954 2072 ut
997 2017 1158 2073 Deus.

1240 2130 1472 2186 ALIUD.

634 2250 807 2305 Nemo
848 2248 1043 2303 mentis
1089 2260 1310 2315 compos
1363 2246 1604 2309 dixerit,
1640 2245 1958 2300 dissimilem
2002 2244 2151 2301 Patri

566 2344 765 2399 Filium
805 2343 1000 2405 videri,
1030 2355 1149 2395 eam
1176 2344 1243 2395 ob
1267 2356 1512 2402 causam,
1544 2340 1687 2409 quod
1717 2339 1831 2408 ipse
1852 2339 2017 2394 etiam
2044 2353 2151 2393 non

566 2437 774 2506 genuit,
820 2449 995 2501 neque
1048 2432 1140 2485 lilii
1188 2442 1344 2501 pater
1382 2430 1561 2486 factus
1598 2431 1689 2485 sit.
1738 2432 1851 2487 lmo
1897 2445 2023 2486 vero
2058 2445 2155 2501 per

569 2531 670 2583 hoc
698 2528 877 2596 potius
902 2523 1275 2579 admirabilem
1304 2524 1597 2591 quamdam
1623 2532 1679 2577 et
1700 2522 2153 2592 perfectissimam

566 2628 752 2673 cernet
811 2616 993 2670 Patris
1043 2616 1096 2669 in
1148 2610 1283 2669 Filio
1326 2614 1642 2683 imaginem.
1688 2614 2153 2681 Quemadmodum

566 2713 710 2766 enim
739 2710 901 2763 l’ater
934 2707 1254 2760 mutationis
1293 2705 1743 2773 alterationisque
1778 2720 1973 2773 expers
2007 2720 2155 2758 sem-

566 2820 664 2873 per
694 2810 877 2855 manet
923 2797 1105 2862 Pater,
1138 2812 1313 2866 neque
1358 2798 1410 2849 in
1457 2794 1651 2849 Filium
1710 2803 2152 2850 transtnntatur:

568 2896 641 2949 ita
694 2893 928 2946 Verbum
977 2904 1041 2943 ex
1096 2889 1215 2957 ipso
1261 2886 1433 2941 Filius
1478 2889 1798 2957 procedens,
1859 2894 2042 2939 manet
2102 2886 2153 2939 id

567 2990 711 3057 quod
741 2996 846 3048 est,
882 2982 1061 3037 Patris
1100 2980 1598 3035 immutabilitatem
1628 2980 1791 3031 etiam
1832 2993 1925 3046 per
1966 2979 2069 3032 hoc
2102 2979 2153 3030 in

567 3096 688 3136 sese
737 3076 1053 3133 ostendens.
1117 3073 1327 3128 Similis
1387 3072 1553 3142 igitur
1597 3070 1749 3138 juxta
1804 3071 1905 3123 boc
1940 3084 2156 3138 quoque

568 3189 650 3235 est
676 3176 846 3232 Patri.

576 3312 733 3383 125
776 3306 1132 3376 Interrogatio
1171 3304 1882 3383 Arianorum,”pernqttant,
1944 3310 1997 3351 ut
2058 3300 2156 3383 ipsi

638 3371 847 3452 q—tudem
878 3371 1089 3446 νιιιιὶηι,
1123 3377 1397 3428 ostendunt
1429 3372 1631 3425 Filium
1659 3371 1813 3426 Patri
1847 3374 2161 3439 innrqtmlem

636 3469 767 3507 esse.

645 3589 839 3651 Filius,
874 3583 1149 3653 inquiunt,
1198 3590 1292 3634 aut
1342 3589 1423 3633 est
1469 3577 1622 3632 liberi
1656 3578 1887 3641 arbitrii,
1922 3586 2016 3630 aut
2053 3592 2159 3631 non

575 3693 677 3739 est.
694 3682 752 3735 Si
774 3689 875 3745 est,
906 3686 1056 3734 certe
1078 3675 1344 3731 electione
1367 3671 1662 3726 voluntatis
1682 3671 1853 3723 bonus
1869 3678 1971 3723 est.
2007 3667 2159 3735 Quod

574 3790 703 3829 vero
732 3772 1001 3826 electione
1034 3777 1087 3822 et
1126 3782 1233 3820 non
1268 3772 1457 3818 natura
1508 3763 1652 3817 circa
1686 3762 1893 3830 aliquid
1920 3770 2156 3825 tenetur,

574 3876 750 3938 potest
778 3865 942 3920 etiam
976 3862 1026 3915 in
1058 3861 1161 3913 alia
1201 3857 1481 3912 immutari
1514 3873 1528 3910 :
1560 3864 1615 3910 et
1665 3856 1716 3909 in
1744 3870 1906 3924 quam
1954 3863 2160 3925 partem

573 3958 861 4013 electionis
894 3957 1127 4023 impetus
1163 3951 1390 4015 feratur,
1422 3950 1532 4004 illic
1556 3948 1780 4004 omnino
1811 3948 1916 4001 erit
1944 3948 1991 4001 id
2018 3949 2162 4016 qttod

573 4051 841 4106 electione
874 4048 1309 4101 administratur.
1350 4041 1406 4095 ιιι
1436 4052 1615 4096 autem
1644 4041 1873 4094 mutatio
1905 4050 1960 4093 et
1984 4041 2163 4107 paSsio

575 4155 677 4197 est.
712 4141 814 4207 Qui
855 4152 985 4193 vero
1037 4135 1318 4191 mutationi
1364 4143 1417 4188 et
1462 4133 1701 4203 passioni
1746 4132 2012 4186 obnoxius
2058 4141 2161 4195 est,

576 4249 817 4301 quonam
846 4240 1008 4299 pacto
1041 4227 1113 4283 sit
1141 4226 1258 4296 ejus
1281 4227 1369 4295 qui
1393 4225 1747 4279 immutabilis
1771 4234 1825 4277 et
1850 4223 2164 4292 impatibilis

576 4336 661 4381 est
694 4327 871 4394 imago
892 4332 940 4377 et
976 4321 1311 4375 similitudo?
1342 4319 1435 4372 Sin
1464 4328 1645 4372 autem
1680 4315 2032 4371 immutabilis
2055 4326 2161 4378 est,

579 4432 756 4487 neque
789 4417 841 4469 in
874 4414 1015 4468 aliud
1043 4411 1169 4466 ferri
1207 4418 1407 4481 potest,
1441 4411 1531 4463 sed
1565 4409 1619 4462 in
1650 4408 1791 4478 quod
1823 4418 1906 4462 est
1952 4422 2165 4479 semper

580 4516 789 4567 manet.
822 4514 974 4561 certe
1004 4512 1062 4556 ut
1095 4502 1229 4571 lapis
1259 4499 1342 4553 vel
1397 4499 1601 4569 lignum
1634 4514 1847 4568 semper
1890 4500 1944 4552 in
1986 4498 2163 4568 seipso

1555 408 1615 462 S.
1655 403 1933 461 CYRILLI
1971 402 2443 460 ALEXANDRIN
2482 402 2801 460 ARCIIIEP.

2173 533 2219 588 Α

3741 405 3875 465 ειυς

2742 527 2894 595 Πρδς
2929 542 2992 579 το
3001 524 3103 579 ὖτο
3140 526 3342 593 λύσις.

2321 643 2383 694 Εἰ
2411 642 2470 694 τὸ
2520 640 2894 711 παραλλάττον
2935 640 3086 694 οὐδὲν
3124 642 3183 693 ὲν
3228 640 3349 712 Θεῷ
3383 641 3477 695 καὶ
3505 640 3869 712 ἀνθρώποις,

2249 733 2587 787 ἀπαιτεῖσθω
2617 734 2677 786 τὸ
2700 735 2895 803 γεννᾷν
2924 734 3017 786 καὶ
3037 733 3213 797 οὕτως
3248 733 3323 796 ὠς
3351 732 3664 804 ἄνθρωπος.
3700 735 3776 786 Εἰ
3807 736 3872 787 δὲ

2249 826 2524 890 ἐξαίρετος
2549 827 2582 896 ἡ
2608 824 2745 878 Θεοῦ
2794 824 2975 894 φύσις,
3008 825 3161 878 ἔσται
3201 826 3419 889 πάντως
3451 825 3677 894 καὶτῆς
3722 825 3878 878 καθ’

2250 921 2398 989 ἡμᾶς
2422 919 2667 990 ἀνάγκης
2697 919 2976 990 ἐλευθέρα.
3013 921 3089 974 Οὐ
3119 920 3230 991 γάρ
3263 920 3340 983 ὡς
3369 919 3661 991 ἄνθρωπος
3687 921 3871 987 ἐγέγ-

2252 1028 2382 1082 νησε
2431 1012 2583 1075 Θεὸς,
2620 1012 2707 1064 ἵνα
2756 1012 2851 1065 καὶ
2884 1012 2913 1063 6
2957 1012 3165 1081 τεχθεὶς
3204 1015 3325 1075 ταῖς
3369 1014 3632 1081 φυσικαῖς
3689 1012 3873 1081 ἡμῶν

2257 1104 2523 1173 ἑπόμενος
2552 1102 2895 1167 ἀκολουθίαις
2924 1105 3078 1177 τέκῃ,
3117 1104 3253 1157 ἀλλά
3284 1104 3435 1157 θείαν
3461 1104 3587 1157 τινὰ
3614 1104 3716 1156 καὶ
3752 1104 3869 1170 tif;-

2254 1199 2417 1266 ρητον
2464 1199 2527 1250 ἐκ
2576 1197 2789 1267 Πατρὸς
2826 1198 2939 1266 ἔχει
2968 1199 3065 1268 τὴν
3094 1198 3366 1269 γέννησιν.
3415 1197 3479 1249 El
3518 1196 3575 1248 δὲ
3621 1196 3866 1264 ἀνάγκη

2251 1288 2343 1341 τὸν
2382 1288 2715 1359 γεννηθέντα
2756 1290 2952 1358 γεννᾷν
2989 1288 3078 1341 διά
3118 1290 3219 1359 τὴν
3260 1290 3391 1358 παρ’
3422 1287 3554 1356 ἡμῖν
3604 1288 3871 1356 φυσικὴν

2254 1378 2565 1448 συνήθειαν,
2596 1379 2693 1432 καὶ
2730 1380 2840 1441 τοῖς
2883 1379 2983 1447 τῆς
3026 1376 3441 1450 ἀνθρωπότητος
3480 1376 3673 1446 νόμοις
3716 1377 3866 1429 ὐπο-

2253 1470 2441 1523 πίπτει
2470 1470 2539 1523 τὰ
2566 1470 2667 1539 τῆς
2714 1469 2964 1540 θεότητος
3009 1468 3148 1522 ἴδια*
3196 1470 3250 1522 τί
3281 1469 3343 1523 τὸ
3381 1468 3591 1522 κωλῦον
3626 1470 3866 1539 πατέρα

2251 1562 2437 1616 δοῦναι
2485 1562 2563 1632 τῷ
2616 1563 2826 1633 Ilus-pi;
2868 1563 3022 1616 Οὕτω
3065 1563 3174 1635 γὰρ
3208 1564 3257 1615 οἱ
3304 1562 3435 1634 παρ’
3469 1564 3624 1633 ἡμῖν.
3672 1562 3743 1616 ΕΞ
3790 1561 3864 1613 δὲ

2254 1652 2401 1708 ἔστιν
2445 1655 2545 1706 οὐκ
2595 1652 2659 1707 ἐκ
2704 1671 2849 1717 τινος
2898 1654 3074 1725 ἀρχῆς
3111 1656 3140 1707 6
3189 1654 3401 1725 Πατὴρ,
3438 1653 3533 1706 καὶ
3576 1651 3679 1721 τὴν
3721 1651 3861 1704 καθ’

2252 1747 2401 1816 ἡμᾶς
2432 1746 2714 1799 ἀναϐαίνει
2746 1745 3032 1817 συνήθειαν
3065 1747 3139 1810 ὡς
3167 1746 3317 1813 Θεὸς,
3340 1746 3513 1809 οὐδεὶς
3540 1744 3861 1813 ἀναγκάσει

2255 1838 2412 1905 λόγος
2442 1839 2644 1891 τίκτειν
2672 1840 2763 1893 τὸν
2790 1839 2937 1894 Υἱόν.
2977 1840 3172 1893 Ἔσται
3196 1839 3306 1910 γάρ
3339 1838 3434 1895 καὶ
3463 1837 3611 1893 οὕτω
3642 1836 3855 1908 μᾶλλον

2257 1931 2334 2001 τῷ
2363 1932 2540 2002 Πατρὶ
2578 1932 2979 2003 παραπλήσιος,
3013 1932 3126 1986 ἀνω
3162 1934 3346 2002 πάσης
3370 1932 3621 2001 ἀνάγκης
3661 1928 3855 1999 ὐπάρ-

2254 2039 2385 2091 χων,
2421 2022 2497 2085 ὡς
2531 2022 2662 2086 Θεός

2940 2138 3149 2193 ΔΑΜ).

2326 2250 2440 2302 Οὐκ
2489 2250 2554 2303 ἄν
2590 2267 2670 2312 τις
2701 2250 2846 2302 εἴποι
2875 2250 3002 2303 νοῦν
3042 2250 3203 2321 ἔχων,
3248 2251 3501 2321 ἀνόμοιον
3548 2247 3847 2319 φαίνεσθαι

2253 2342 2331 2413 τῷ
2386 2342 2564 2415 Πατρὶ
2594 2342 2686 2395 τὸν
2722 2342 2870 2405 Υἱὸν,
2924 2343 3047 2395 ἐπεὶ
3095 2341 3169 2412 μὴ
3221 2344 3318 2396 καὶ
3362 2342 3524 2405 αὐτὸς
3554 2342 3850 2411 ἐγέννησε,

2258 2436 2391 2506 μηδὲ
2424 2435 2539 2488 υἱοῦ
2561 2435 2752 2503 γέγονε
2777 2435 2981 2505 πατήρ.
3026 2432 3189 2488 Ἀλλά
3221 2434 3424 2505 μᾶλλον
3448 2435 3544 2487 καὶ
3567 2433 3659 2486 διὰ
3685 2431 3851 2485 τοῦτο

2256 2528 2577 2597 θαυμαστήν
2604 2543 2728 2580 τινα
2745 2526 2839 2579 καὶ⁸
2860 2525 3267 2597 ἀκριϐεστάτην
3290 2525 3480 2595 ὄψεται
3502 2524 3596 2578 τοῦ
3626 2524 3849 2594 Πατρὸς

2255 2621 2313 2673 ὲν
2340 2619 2455 2689 Υἱῷ
2484 2619 2581 2689 τὴν
2606 2620 2813 2672 εἰκόνα.
2842 2619 3052 2689 ’Ὠσπερ
3075 2618 3182 2687 γὰρ
3210 2619 3239 2670 6
3268 2616 3458 2687 Πατὴρ
3482 2615 3757 2685 ἀτρεπτός
3784 2632 3846 2667 τε

2258 2715 2350 2767 καὶ
2390 2713 2747 2775 ἀναλλοίωτος
2777 2711 2876 2777 ὢν,
2912 2712 3001 2765 ἀεὶ
3037 2712 3187 2782 μένει
3220 2709 3429 2780 Πατὴρ,
3472 2709 3568 2763 καὶ
3599 2710 3683 2771 εἰς
3716 2708 3849 2760 Υἱὸν

2256 2807 2316 2859 οὐ
2350 2805 2767 2875 μεταϐάλλεται,
2805 2803 2981 2867 οὕτως
3004 2806 3032 2856 6
3066 2802 3127 2868 ἐξ
3152 2801 3317 2856 αὑτοῦ
3348 2801 3519 2869 Λόγος
3552 2799 3686 2862 Υἱὸς
3716 2816 3851 2869 προ-

2257 2897 2450 2963 ελθὼν,
2492 2898 2643 2968 μένει
2674 2895 2821 2949 τοῦθ’
2856 2896 2994 2965 ὅπερ
3035 2896 3175 2958 ἐστὶ,
3207 2893 3303 2947 τοῦ
3344 2891 3560 2963 Πατρὸς
3588 2890 3651 2943 τὸ
3685 2890 3852 2943 ἀναλε-

2258 2993 2477 3046 λοίωτον
2509 2994 2606 3045 καὶ
2635 2991 2725 3044 διὰ
2754 2991 2948 3045 τούτου
2992 2992 3255 3045 δεικνύων
3287 2992 3343 3045 ὲν
3382 2988 3582 3060 ἑαυτῷ.
3622 2988 3855 3059 Ὅμοιος

2257 3082 2351 3139 οὖν
2385 3088 2478 3139 καὶ
2510 3086 2653 3140 κατά
2686 3087 2845 3139 τοῦτο
2876 3084 3073 3155 Πατρί.

2278 3310 2591 3379 Ἐρώτησις
2621 3310 2949 3378 Ἀρειαγῶν,
2971 3310 3047 3380 δι’
3067 3307 3160 3380 ἧς,
3178 3311 3518 3375 (hectorem.
3544 3308 3863 3362 δεικνύουο

2523 3395 2629 3434 σιν
2656 3382 2940 3449 ἀνόμοιον
2969 3378 3049 3444 τῷ
3076 3378 3255 3449 Harp!
3285 3380 3393 3433 τὸν
3436 3382 3589 3434 Υιόικ

2338 3585 2723 3650 Αὑτεξοὺσιος,
2756 3601 2941 3653 φασιν,
2974 3600 3121 3637 εστιν
3154 3585 3182 3636 6
3210 3583 3359 3645 Υἱὸς,
3400 3582 3556 3652 ἢούκ
3586 3582 3763 3636 ἔστιν.
3800 3584 3861 3637 Εἰ

2268 3678 2367 3750 μὲν
2392 3675 2485 3732 οὖν
2513 3676 2857 3741 αὐτεξούσιός
2888 3677 3025 3743 ἐστι,
3055 3676 3375 3747 προαιρέσει
3408 3676 3641 3745 φαίνοιτ’
3680 3676 3751 3729 ἂν
3784 3680 3861 3729 εἱ-

2265 3771 2440 3833 κότως
2481 3769 2663 3832 καλός.
2696 3769 2769 3821 T6
2788 3769 2845 3822 δὲ
2871 3768 3189 3839 προαιρέσει
3223 3768 3316 3821 καὶ
3345 3768 3404 3820 οὺ
3435 3767 3597 3836 φύσει
3629 3768 3765 3838 περί
3810 3785 3862 3821 τι

2266 3863 2672 3935 κρατούμενον,
2707 3861 2912 3915 δύναιτ’
2947 3862 3012 3915 ἂν
3043 3863 3129 3931 ἐφ’
3172 3862 3337 3933 ἕτερα
3388 3860 3861 3932 μεταϐάλλεσθαι,

2266 3956 2360 4008 καὶ
2393 3956 2476 4024 ἐφ’
2511 3956 2650 4024 ὅπερ
2688 3954 2754 4007 ἂν
2794 3956 2827 4024 ἡ
2870 3956 2968 4023 τῆς
3018 3954 3394 4026 προαιρέσεως
3422 3954 3636 4022 γένοιτο
3672 3953 3857 4024 ῥοπὴ,

2266 4050 2383 4101 ἐκεῖ
2410 4048 2626 4111 πάντως
2646 4048 2802 4101 ἔσται
2823 4048 2884 4101 τὸ
2910 4047 3229 4119 προαιρέσει
3257 4046 3860 4118 διοικούμενον.Τροπὴ

2264 4139 2320 4192 δὲ
2366 4138 2525 4193 τοῦτο
2570 4140 2661 4193 καὶ
2714 4140 2903 4202 πάθος.
2966 4141 3024 4193 '0
3071 4140 3127 4193 δὲ
3166 4139 3374 4211 τροπὴν
3417 4139 3709 4209 ὑπομένων
3761 4140 3863 4192 καὶ

2268 4231 2462 4295 πάθος,
2498 4232 2615 4295 πῶς
2647 4232 2712 4285 ἂν
2737 4234 2820 4302 εἴη
2850 4231 2945 4285 τοῦ
2973 4232 3247 4302 ἀτρέπτου
3285 4230 3379 4284 καὶ
3412 4230 3662 4294 ἀπαθοῦς
3689 4230 3862 4284 εἰκὼν

2268 4326 2361 4377 καὶ
2382 4324 2674 4395 ὁμοιότηςς
2705 4324 2766 4377 Εἰ
2794 4323 2851 4376 δὲ
2882 4323 3153 4394 ἄτρεπτος
3176 4324 3347 4387 ἐστιν,
3378 4324 3460 4386 εἰς
3488 4322 3642 4376 οὐδὲν
3664 4322 3867 4392 ἕτερον

2267 4415 2673 4485 παρενεχθῆναι
2712 4413 3033 4484 δυνάμενος,
3070 4413 3185 4465 ἀλλ’
3218 4414 3356 4483 ὅπερ
3382 4413 3501 4465 ἐστὶ
3534 4412 3714 4482 μένων
3746 4414 3859 4471 ἀεὶ.

2266 4506 2340 4571 ὡς
2366 4507 2511 4569 λίθος
2540 4509 2649 4579 ἄρα
2684 4506 2715 4575 ἢ
2742 4506 2899 4573 ξύλον
2926 4506 3158 4575 ἕστηκεν
3187 4506 3273 4575 ἐφ’
3300 4505 3479 4576 ἑαυτῷ
3511 4505 3730 4575 φυσικῷ
3749 4523 3858 4558 τινι

578 4600 848 4663 subsistit,
897 4596 1124 4651 naturali
1164 4594 1399 4662 quodam
1451 4600 1507 4644 et
1551 4589 1904 4645 indissolubili
1945 4590 2155 4644 vinculo

2268 4598 2361 4651 καὶ
2396 4600 2657 4669 ἀρῤήκτῳ
2701 4597 2884 4667 δεσμῷ
2906 4638 2919 4659 ,
2952 4599 3031 4659 εἰς
3059 4595 3203 4650 τοῦθ’
3233 4596 3371 4666 ὅπερ
3396 4594 3515 4649 ἐστὶ
3546 4596 3860 4667 κρατούμε-

576 4694 643 4747 ad
670 4693 718 4744 id
747 4690 887 4760 quod
916 4697 999 4742 est
1024 4686 1329 4745 devinctus,
1364 4682 1781 4749 libertatemque
1811 4680 2021 4735 arbitrii
2053 4696 2160 4736 non

579 4784 761 4836 habet.

1083 4888 1294 4944 Salutio
1337 4885 1664 4950 objectionis.

648 5011 875 5079 Oportet
906 5022 1038 5061 sane
1081 5005 1216 5059 adeo
1248 5000 1447 5067 ineptis
1486 4998 2004 5068 interrogationibus
2029 5015 2165 5070 quas

578 5110 883 5173 proponunt
932 5101 985 5152 in
1038 5098 1352 5151 universum
1400 5105 1505 5144 non
1544 5092 1889 5160 respondere.
1936 5091 2163 5160 Quando

577 5197 721 5249 enim
774 5191 1057 5261 responsio
1104 5188 1463 5255 undequaque
1495 5202 1614 5238 cum
1659 5182 1993 5252 blasphemia
2030 5202 2160 5239 c0n-

568 5287 761 5356 juncta
799 5294 904 5346 est,
956 5280 1228 5333 silentium
1277 5289 1534 5345 praestare
1562 5277 1733 5331 satius
1768 5288 1870 5332 est.
1925 5277 1981 5329 Si
2017 5280 2161 5333 enim

576 5378 832 5431 libertate
852 5370 1061 5425 arbitrii
1087 5369 1366 5438 praeditum
1383 5385 1502 5424 esse
1530 5369 1725 5424 Filiutn
1751 5370 1949 5434 dicam,
1982 5372 2161 5423 statim

576 5472 741 5524 etiam
775 5464 1002 5522 mutatio
1054 5462 1206 5516 liberi
1256 5463 1465 5517 arbitrii
1504 5464 1665 5517 simul
1716 5463 2007 5518 inducitur.
2055 5465 2165 5517 An-

575 5575 773 5615 nexum
803 5566 886 5611 est
908 5555 1051 5608 enim
1082 5553 1318 5609 libertati
1347 5556 1557 5610 arbitrii
1589 5556 1942 5610 mutationem
1982 5557 2159 5610 susci-

575 5665 727 5720 pere,
789 5648 1002 5700 tametsi
1073 5663 1190 5702 eam
1254 5650 1559 5717 passionem
1623 5646 1869 5701 voluntas
1922 5648 2161 5701 nondum

576 5739 826 5795 subierit.
864 5735 959 5791 Sin
993 5753 1119 5793 vero
1157 5740 1255 5794 hoc
1284 5739 1651 5809 praetermisso
1686 5738 1915 5791 alterum
1947 5740 2159 5805 dixero,

576 5832 835 5885 nimirum
886 5832 1274 5889 immutabilem
1320 5846 1441 5888 esse
1488 5829 1708 5895 Filium,
1765 5832 1948 5888 statim
2004 5833 2159 5889 nobis

2269 4706 2378 4753 νος,
2408 4691 2501 4742 καὶ
2531 4690 2592 4742 τὸ
2622 4688 2967 4753 αὐτεξούσιον
2999 4690 3097 4741 οὐκ
3122 4687 3279 4757 ἔχων.

2763 4887 2919 4953 Πρὸς
2949 4886 3141 4939 ταῦτα
3167 4888 3369 4953 λύσις.

2342 5002 2489 5056 Ἔδει
2522 5002 2619 5071 μὲν
2651 5004 2768 5065 ταῖς
2801 5000 2974 5064 οὔτως
3006 5001 3351 5064 ἀπαιδεύτως
3380 5004 3858 5073 προσφερομέναις

2268 5097 2573 5169 ἐρωτήσεσι
2603 5095 2845 5165 μηδόλως
2875 5093 3291 5165 ἀποκρίνεσθαι.
3316 5094 3487 5147 Ἔνθα
3518 5095 3629 5164 γὰρ
3655 5096 3687 5165 ἡ
3716 5096 3853 5147 ἀπό-

2269 5208 2451 5261 κρισις
2494 5188 2771 5257 πανταχοῦ
2807 5188 2868 5240 τὸ
2900 5186 3184 5256 δύσφημον
3209 5186 3347 5256 ἔχει,
3383 5189 3503 5240 ἐκεῖ
3528 5188 3797 5258 κρείττων
3822 5192 3857 5257 ἠ

2272 5280 2585 5350 σιωπὴ.Ἂν
2628 5278 2725 5347 μὲν
2761 5277 2869 5349 γὰρ
2896 5277 3248 5341 αὐτεξούσιον
3275 5276 3417 5330 εἴπω
3447 5278 3539 5331 τὸν
3567 5278 3717 5340 Υἰὸν,
3761 5280 3855 5332 εὑ-

2270 5374 2367 5435 θὺς
2406 5374 2437 5441 ἡ
2486 5372 2584 5441 τῆς
2620 5371 3102 5440 αὑτεξουσιότητος
3137 5372 3519 5440 συνεισάγεται
3558 5373 3852 5443 μεταϐολή.

2282 5464 2594 5519 ’Λκολουθεῖ
2624 5464 2733 5535 γὰρ
2762 5463 2840 5532 τῷ
2864 5462 3198 5535 αὐτεξουσίῳ
3214 5464 3275 5517 τὸ
3302 5464 3656 5534 ἐπιδέχεσθαι
3689 5477 3858 5536 μεταο

2269 5557 2453 5626 ϐολὴν,
2500 5556 2548 5608 εἰ
2589 5555 2684 5609 καὶ
2731 5557 2897 5625 μήπω
2936 5554 3201 5617 πεπονθὸς
3245 5553 3332 5624 εἴη
3370 5553 3531 5608 τοῦτο
3558 5556 3647 5609 διὰ
3682 5556 3745 5609 τὸ
3782 5555 3857 5627 μὴ

2268 5649 2525 5719 ἐθελῆσαι
2552 5646 2767 5701 παθεῖν.
2814 5647 2939 5700 Ἐὰν
2960 5646 3019 5700 δὲ
3051 5646 3211 5700 τοῦτο
3252 5648 3434 5716 ἀφεὶς,
3467 5648 3530 5701 τὸ
3555 5648 3745 5719 ἕτερον
3776 5648 3854 5700 εῖ-

2270 5759 2376 5805 πω,
2403 5739 2703 5804 τουτέστιν,
2728 5740 3032 5810 Ἀτρεπτος
3063 5741 3092 5794 6
3120 5739 3292 5808 Λόγος
3324 5739 3499 5805 ἐστὶν,
3528 5740 3694 5802 εὐθὺς
3726 5742 3855 5809 ἡμῖν

2270 5832 2363 5886 τοῦ
2397 5832 2553 5898 ξύλου
2604 5832 2702 5903 τὴν
2733 5832 3021 5904 ἀκινησίαν
3067 5832 3467 5903 προτείνοντες,
3518 5834 3618 5888 οὐκ
3667 5832 3854 5888 αἰσθά-
