4072 6562
223 350 334 405 209

1648 344 2091 402 TIIESAURUS.

3385 326 3493 386 210

228 487 417 523 νονται
441 467 751 539 τολμῶντες
776 465 977 533 λέγειν,
1002 466 1037 518 ἃ
1068 465 1159 518 καὶ
1185 463 1346 534 μόνον
1366 458 1433 535 ἦν
1459 463 1811 534 ἐνθυμεῖσθαι

1945 458 2353 514 mnwhilitatem
2390 455 2517 525 ligni
2544 453 2883 523 objicientes,
2918 464 3022 505 non
3053 448 3296 504 sentiunt
3328 460 3386 501 se
3414 447 3495 500 di-

228 560 485 615 κινδύνου
535 558 729 629 μεστά.
774 557 840 609 Τί
883 555 992 626 γὰρ
1026 556 1092 609 ἂν
1135 554 1338 608 εἴποιεν
1370 556 1420 607 οί
1468 554 1647 608 πάντα
1692 554 1814 606 τολο

232 652 455 722 μῶντες
496 648 717 720 ῥᾳδίως,
744 647 796 699 ετ
825 663 909 707 τις
938 647 1121 708 αὐτοῖς
1149 645 1278 716 περὶ
1307 644 1401 697 τοῦ
1433 645 1648 715 Πατρὸς
1677 642 1811 696 πεῦ-

240 760 330 796 σιν
357 743 623 812 προσάγοι
654 738 753 809 τὴν
782 737 981 807 αὑτήν;
1008 730 1154 808 τΑρσ.
1199 736 1289 790 τὸν
1320 736 1434 790 ἴσον
1468 738 1599 808 ἡμῖν
1643 736 1815 808 φοϐη-

235 836 500 906 θήσονται
550 831 750 901 φόὸον,
794 830 891 883 καὶ
931 830 1028 901 τὴν
1073 830 1167 882 ἐπὶ
1208 829 1418 894 τούτοις
1468 830 1815 885 ἐπαινέσουσι

245 928 488 997 σιωπήν;
528 926 600 980 Ἣ
628 923 679 977 τί
717 941 845 977 ποτε
879 924 986 994 ἄρα
1020 923 1156 994 πρὸς
1188 923 1359 977 ταῦτα
1386 924 1637 994 ὲροῦσιν;
1677 923 1820 993 Ἐγὼ

245 1019 351 1089 μὲν
376 1020 474 1072 οὐκ
512 1016 620 1088 ἔχω
650 1014 850 1084 λέγειν,
881 1015 1046 1068 καλὸν
1075 1015 1131 1068 δὲ
1160 1015 1255 1069 καὶ
1284 1016 1556 1087 χρήσιμον
1585 1017 1636 1069 εἰ
1684 1016 1819 1088 μηδὲ

243 1108 537 1177 ἐνενόησαν
582 1098 750 1159 οὗτοι.
790 1106 913 1159 Ὅτι
957 1104 1014 1158 δὲ
1054 1104 1323 1175 ἄτρεπτος
1366 1106 1441 1158 ῶν
1483 1108 1512 1160 ὁ
1550 1106 1643 1159 τοῦ
1682 1106 1820 1160 Θεοῦ

245 1198 416 1264 Λόγος
459 1196 650 1266 ὥσπερ
688 1197 717 1249 ὁ
759 1195 1028 1266 γεννήσας
1055 1194 1239 1257 αὐτὸν,
1286 1194 1472 1265 ὅμοιός
1522 1195 1637 1249 ἐστι
1680 1196 1824 1248 κατὰ

251 1293 432 1344 πάντα
476 1287 555 1358 τῷ
597 1287 794 1357 Πατρὶ,
824 1286 1022 1355 γένοιτ’
1054 1285 1120 1340 ἂν
1165 1286 1253 1339 διὰ
1282 1286 1473 1340 τούτου
1524 1286 1716 1354 σαφές.
1760 1288 1824 1341 Εἰ

245 1379 676 1452 ἀπαράλλακτός
698 1380 844 1432 ἐστιν
869 1377 1035 1431 εἰκὼν
1062 1377 1155 1431 τοῦ
1182 1377 1413 1449 Πατρὸς,
1435 1378 1529 1431 καὶ⁸
1548 1378 1823 1450 ἀληθεύει,

244 1474 447 1543 λέγων’
485 1491 503 1523 ι
525 1472 584 1525 Ὀ
616 1469 877 1543 ἑωρακὼς
906 1469 1005 1540 ἐμὲ
1055 1469 1266 1539 ἑώρακε
1299 1469 1391 1523 τὸν
1419 1470 1695 1542 Ila-crepa,»
1731 1470 1828 1524 καὶ

253 1565 437 1619 πάλιν
461 1584 479 1614 ι
502 1562 644 1631 Ἐγὼ
672 1563 768 1616 καὶ
801 1562 830 1614 ό
855 1561 1046 1632 Πατὴρ
1075 1560 1133 1613 ἓν
1163 1561 1352 1631 ἐσμεν,
1376 1579 1393 1612 ι
1424 1560 1577 1615 ἔσται
1611 1561 1828 1624 πάντως

250 1657 527 1729 ἄτρεπτος
550 1654 646 1708 καὶ
670 1651 1023 1715 ἀναλλοίωτος
1048 1651 1123 1715 ὡς
1149 1653 1178 1704 ὁ
1205 1652 1418 1724 Πατήρ.
1437 1652 1593 1706 ’1³3πεῦ⁸
1618 1651 1737 1716 πῶς
1763 1651 1829 1707 ἂν

254 1746 467 1813 γένοιτο
495 1742 659 1797 εἰκὼν
683 1740 776 1795 τοῦ
806 1741 894 1795 diei.
930 1741 1025 1794 καὶ
1057 1739 1318 1804 ὡσαύτως
1356 1741 1591 1812 ἔχοντος,
1621 1743 1682 1794 τὸ
1704 1758 1831 1814 τρο-

1920 564 2043 607 cere
2069 566 2129 604 ea
2189 565 2307 619 quze
2336 548 2421 603 vel
2448 548 2585 601 nuda
2615 545 2942 614 cogitatione
2971 542 3254 610 concipere
3284 540 3496 609 pericu-

1922 643 2249 698 losissimum
2304 648 2406 693 est.
2462 636 2530 690 At
2572 636 2700 704 quid
2753 635 2936 688 dicant
2989 632 3100 698 isti,
3136 632 3229 702 qtti
3281 628 3497 699 quidvis

1922 735 2139 795 audent,
2167 733 2210 785 si
2241 731 2363 800 quis
2383 730 2462 783 eis
2483 727 2724 783 eamdem
2753 725 2819 779 de
2836 723 2998 777 Patre
3022 722 3496 790 interrogationem

1924 824 2238 896 proponat?
2268 836 2407 877 anne
2441 820 2631 875 eodem
2663 832 2770 886 quo
2815 830 2911 869 nos
2940 826 3082 867 metu
3113 813 3494 883 percellentnr,

1925 926 1979 972 et
2007 914 2282 972 silentium
2320 913 2419 966 hac
2450 912 2501 964 in
2536 925 2593 963 re
2638 905 2972 963 laudabunt?
3000 913 3091 956 aut
3121 902 3248 971 quid
3284 904 3497 954 tandem

1927 1009 1994 1064 ad
2025 1008 2126 1062 hoc
2157 1001 2596 1074 respondebunt?
2627 998 2889 1069 Equidem
2921 1010 3024 1049 non
3054 994 3225 1048 habeo
3257 992 3384 1061 quid
3419 992 3501 1041 di-

1927 1114 2070 1162 cam,
2112 1096 2503 1168 pulchrumque
2541 1101 2688 1147 certe
2733 1098 2784 1144 et
2826 1087 2959 1141 utile
3024 1093 3169 1138 esset
3228 1082 3271 1136 si
3319 1092 3373 1135 et
3414 1080 3502 1135 isti

1928 1206 2048 1246 eam
2079 1188 2461 1259 cogitationem
2502 1185 2856 1252 deponerent.
2888 1176 3039 1243 Quod
3070 1188 3202 1227 vero
3249 1173 3505 1224 immuta-

1928 1284 2036 1339 bile
2065 1282 2333 1337 exsistens
2376 1275 2610 1329 Verbum
2660 1272 2773 1335 Dei,
2820 1265 3269 1340 quemadmodum
3318 1262 3368 1316 is
3415 1260 3504 1329 qui

1932 1376 2059 1432 illud
2090 1370 2295 1442 genuit,
2328 1366 2505 1423 simile
2534 1380 2629 1436 per
2657 1361 2837 1417 omnia
2860 1361 2931 1415 sit
2956 1357 3128 1420 Patri,
3157 1370 3222 1410 ex
3247 1355 3347 1407 hoc
3380 1366 3509 1406 con-

1933 1474 2079 1519 stare
2122 1469 2317 1531 potest.
2355 1457 2409 1511 Si
2445 1464 2526 1510 est
2554 1452 2859 1508 omnimoda
2895 1457 2948 1503 et
2986 1444 3294 1500 indiderens
3332 1444 3511 1509 imago

1934 1555 2132 1613 Patris,
2167 1564 2398 1619 vereque
2424 1547 2555 1601 dicit
2586 1563 2599 1598 :
2638 1563 2657 1595 ι
2692 1543 2791 1609 Qui
2832 1541 2966 1594 vidit
3011 1552 3094 1592 me
3142 1536 3272 1589 vidit
3316 1544 3370 1588 et
3406 1532 3510 1586 Pa-

1938 1658 2073 1701 trem
2094 1644 2161 1710 ”,
2183 1662 2200 1695 ι
2221 1652 2505 1697 etrursum
2536 1655 2588 1691 ει
2611 1636 2722 1705 Ego
2742 1643 2795 1688 et
2822 1632 2984 1686 Pater
3010 1643 3173 1683 unum
3199 1625 3464 1688 sumus“,
3489 1646 3508 1676 ι

1939 1738 2044 1791 erit
2080 1736 2302 1791 omnino
2340 1728 2659 1786 mutationis
2680 1722 3126 1790 alterationisque
3162 1731 3356 1786 expers
3377 1715 3516 1769 sicut

256 1809 367 1908 πὴν
396 1834 818 1905 ὲπιδεχόμενονς
848 1834 920 1887 Ἦ
943 1832 1061 1895 πῶς
1089 1832 1156 1886 ἂν
1188 1809 1523 1900 εἴποιενξΈν
1554 1809 1835 1905 ὲσμενξτὰ

1945 1838 1988 1885 et
2009 1827 2191 1883 Pater.
2226 1824 2507 1891 Quomodo
2527 1821 2669 1875 enim
2701 1819 2771 1871 sit
2799 1817 2976 1883 imago
3006 1813 3125 1881 ejus
3179 1809 3270 1878 qui
3302 1820 3518 1874 semper

257 1928 514 1982 τοσοῦτον
535 1925 781 1998 ἀλλήλων
805 1924 1129 1995 διεστηκότα
1152 1963 1168 1988 ,
1195 1925 1288 1978 καὶ
1321 1926 1538 1995 μακρὰν
1569 1925 1712 1979 οὕτω
1741 1926 1835 1995 φέ-

258 2037 424 2091 ροντα
468 2018 565 2090 τὴν
608 2016 1000 2088 ἀνομοιότητα;
1044 2015 1260 2087 Ἐπειδὴ
1298 2016 1353 2068 δὲ
1383 2018 1666 2087 ἀμήχανον
1708 2018 1839 2087 ψεύ-

254 2110 446 2164 δεσθαι
478 2109 576 2179 τὴν
604 2108 883 2180 ἀλήθειαν,
923 2106 1168 2159 τουτέστι
1220 2108 1311 2161 τὸν
1337 2107 1485 2174 Υίὸν,
1519 2110 1705 2179 ὅμοιον
1743 2110 1840 2162 αὑ-

258 2201 355 2252 τὸν
395 2195 534 2253 εἶναι
574 2199 798 2268 λέγοντα
845 2198 940 2252 τοῦ
972 2198 1203 2269 Πατρὸς,
1251 2198 1465 2271 ἀνάγκη
1514 2201 1665 2252 πᾶσα
1695 2199 1842 2254 τοῦθ’

262 2290 404 2360 ὅπερ
438 2289 587 2343 ἐστὶν
620 2291 648 2344 ὁ
680 2292 870 2362 Πατὴρ
895 2286 1034 2343 εἶναι
1064 2289 1339 2343 πιστεύειν
1370 2290 1513 2343 κατὰ
1552 2291 1711 2361 φύσιν
1750 2290 1846 2343 καὶ⁹

265 2380 361 2433 τὸν
393 2380 852 2451 Υίόν.“Ἀτρεπτος
878 2377 993 2448 οὖν,
1015 2381 1094 2445 ὡς
1121 2382 1348 2446 ἐκεῖνος,
1375 2383 1467 2435 καὶ
1503 2380 1646 2434 κατὰ
1667 2382 1846 2435 πάντα

269 2470 424 2542 αὐτῷ
456 2471 813 2543 προσεοικώς.

806 2756 1034 2820 Ἄλλως
1060 2753 1128 2808 τὸ
1159 2754 1329 2808 αὑτό.

345 2867 411 2921 Et
437 2869 677 2939 τρεπτῆς
707 2866 782 2920 ῶν
818 2867 1033 2935 φύσεως
1060 2869 1089 2920 ὁ
1123 2865 1279 2929 Υἱὸς,
1310 2862 1768 2936 αὑτοπροαίρετός
1792 2880 1855 2917 τε

278 2959 375 3014 καὶ
393 2958 759 3024 αὐτεξούσιος,
788 2960 911 3012 κατ’
949 2958 1215 3019 ὲκείνους,
1245 2955 1528 3025 ὑπάρχων,
1574 2954 1758 3022 ἐφέσει
1786 2956 1854 3023 τῇ

280 3053 411 3125 περὶ
439 3052 502 3106 τὸ
537 3052 741 3122 ἀγαθὸν
786 3053 866 3114 εἰς
898 3050 1053 3103 τοῦτο
1098 3050 1288 3119 γέγονε
1328 3048 1718 3109 καταστάσεως
1738 3086 1752 3110 ,
1784 3045 1861 3109 ὠς

1941 1930 2102 1990 atque
2142 1919 2334 1971 eodem
2381 1914 2540 1968 modo
2583 1925 2642 1965 se
2672 1909 2855 1972 habet,
2895 1907 2944 1959 id
2974 1902 3118 1973 quod
3165 1900 3516 1955 mutationem

1944 2010 2213 2080 suscipit?
2247 2009 2353 2062 Aut
2394 2002 2669 2076 quomodo
2712 1996 3114 2061 dicant,Unum
3152 2009 3360 2056 sumus,
3402 2007 3520 2058 qua:

1944 2113 2224 2171 tantopere
2250 2101 2390 2154 inter
2406 2112 2466 2152 se
2483 2093 2769 2154 dissident,
2793 2098 3048 2157 tantaque
3079 2082 3523 2141 dissimilitudine

1946 2193 2368 2266 disiunguntur?
2404 2190 2537 2246 Cum
2576 2202 2705 2243 vero
2760 2184 2876 2239 ﬁeri
2919 2182 3062 2235 nulla
3107 2178 3320 2233 ratione
3354 2175 3524 2246 possit

1948 2296 2007 2341 ut
2034 2288 2250 2351 veritas,
2275 2286 2376 2338 hoc
2404 2291 2488 2336 est
2518 2280 2706 2343 Filius,
2742 2276 3053 2337 mentiatur,
3079 2271 3167 2340 qui
3207 2284 3266 2324 se
3291 2266 3523 2323 similem

1949 2377 2094 2431 Patri
2137 2390 2257 2429 esse
2298 2374 2451 2437 dicit,
2492 2369 2857 2444 necessarium
2918 2362 3081 2433 126
3130 2359 3291 2431 plane
3339 2366 3422 2411 est
3468 2365 3529 2408 ut

1950 2466 2239 2521 credamus
2286 2462 2478 2515 Filium
2527 2458 2667 2513 idem
2722 2470 2948 2527 prorsus
2998 2462 3189 2507 natura
3228 2461 3348 2505 esse
3383 2445 3527 2514 quod

1954 2555 2136 2612 Pater.
2163 2552 2518 2607 lnnnutabilis
2540 2552 2704 2621 igitur
2718 2556 2822 2614 est,
2850 2548 2990 2602 sicut
3017 2544 3128 2611 ille,
3161 2549 3216 2597 et
3237 2554 3334 2611 per
3348 2538 3530 2593 omnia

1954 2648 2008 2704 ei
2033 2645 2244 2702 similis.

2390 2757 2535 2810 Idem
2572 2755 2729 2808 aliter
2772 2752 3110 2822 explicatum.

2034 2877 2090 2932 Si
2122 2875 2310 2936 Filius,
2342 2869 2619 2926 mutabilis
2650 2876 2857 2920 natura:
2901 2862 3189 2927 exsistens,
3224 2854 3396 2912 libero
3440 2869 3539 2909 suo

1964 2966 2189 3021 arbitrio
2231 2972 2285 3018 et
2330 2961 2607 3015 voluntate
2654 2956 2847 3020 fertur,
2880 2951 3177 3008 secundum
3216 2947 3360 3011 illos,
3393 2945 3536 2999 desi-

1964 3058 2115 3113 derio
2148 3064 2354 3110 tantum
2388 3051 2511 3106 boni
2545 3064 2610 3104 eo
2643 3053 2933 3118 provectus
2959 3053 3060 3103 est,
3095 3049 3205 3095 uta
3242 3039 3402 3093 Patre
3434 3050 3542 3090 non

284 3144 557 3216 μηδεμίαν
600 3142 744 3214 ἔχειν
790 3140 928 3213 πρὸς
970 3140 1061 3194 τὸν
1109 3140 1331 3211 Πατέρα
1381 3138 1668 3209 διαφορὰν,
1722 3136 1839 3191 me

1965 3150 2229 3213 dilierret,
2259 3147 2353 3201 sed
2378 3145 2631 3212 deinceps
2657 3140 2837 3194 dicere
2863 3144 3071 3207 posset,
3100 3152 3117 3185 ι
3139 3133 3240 3200 Qui
3276 3131 3409 3184 vidit
3435 3144 3542 3191 me,

277 3236 469 3290 λοιπὸν
501 3233 759 3289 δύνασθαι
790 3232 1005 3301 λέγειν’
1039 3249 1058 3283 ι
1101 3230 1159 3284 ὐ
1189 3229 1452 3303 ἑωρακὼς
1485 3230 1609 3297 ἐμὲ,
1648 3227 1862 3299 ἑώρακε

282 3327 377 3383 τὸν
414 3327 655 3398 Πατέρα,
692 3345 711 3379 ι
739 3323 894 3378 οὐδὲν
927 3325 985 3377 ὲν
1018 3321 1138 3394 Θεῷ
1169 3322 1310 3394 μέγα
1330 3359 1346 3386 ,
1378 3324 1427 3377 εί
1471 3321 1565 3374 καὶ
1605 3321 1716 3382 τοῖς
1742 3335 1868 3388 τρε-

286 3419 428 3491 πτὴν
472 3418 654 3489 έχουσι
709 3417 808 3488 τὴν
868 3415 1031 3486 φύσιν
1084 3414 1262 3482 ἔξεστι
1319 3412 1661 3484 βουλομένοις
1728 3406 1868 3463 εἶναι

285 3514 448 3567 τοῦτο
485 3512 629 3566 κατὰ
659 3510 823 3582 φύσιν
847 3548 863 3576 ,
893 3512 1030 3581 ὅπερ
1062 3508 1267 3571 ἐκεῖνός
1297 3510 1463 3560 ἐστιν.
1508 3506 1572 3559 Ei
1601 3504 1658 3558 δὲ
1691 3503 1869 3558 ἄϐατα

291 3604 573 3669 παντελῶς
615 3604 763 3658 ἐστιν
809 3602 975 3674 ἑτέρᾳ
1000 3600 1159 3671 φύσει
1200 3599 1268 3652 τὰ
1310 3598 1411 3668 τῆς
1449 3597 1701 3668 θεότητος
1737 3594 1868 3659 ἴδια,

1967 3243 2104 3299 vidit
2133 3249 2188 3296 et
2223 3239 2439 3293 Patrem
2480 3275 2495 3301 ,
2531 3251 2550 3285 ι
2583 3230 2715 3286 nihil
2759 3230 2811 3283 in
2844 3243 2909 3283 eo
2940 3226 3119 3295 magni
3173 3238 3239 3277 ac
3300 3218 3543 3290 praeclari

1967 3344 2074 3400 est,
2101 3334 2147 3389 si
2172 3332 2335 3388 etiam
2372 3328 2440 3383 iis
2472 3326 2565 3397 qui
2599 3320 2872 3378 mutabilis
2899 3327 3105 3373 naturae
3128 3322 3254 3369 sunt
3279 3313 3547 3378 integrant

1969 3433 2077 3492 est,
2106 3437 2229 3479 cum
2261 3419 2449 3482 velint,
2480 3417 2623 3472 idem
2655 3421 2851 3466 natura
2888 3408 3003 3463 ﬁeri
3046 3405 3189 3476 quod
3221 3403 3307 3457 ille
3334 3412 3437 3456 est.
3479 3401 3550 3452 At

1971 3528 2101 3570 vero
2122 3512 2168 3567 si
2192 3525 2310 3581 quae
2333 3506 2518 3564 deitati
2548 3513 2674 3561 sunt
2696 3503 2936 3574 propria,
2965 3498 3121 3553 alteri
3146 3495 3319 3552 cuivis
3344 3500 3551 3547 natura:

1973 3607 2250 3662 inaccessa
2287 3614 2512 3674 prorsus
2543 3604 2669 3653 sunt
2699 3612 2715 3651 :
2742 3593 2925 3647 omnia
2964 3600 3143 3644 autem
3183 3588 3300 3642 haec
3332 3594 3555 3638 natura—

290 3698 470 3751 πάντα
515 3696 573 3749 δὲ
616 3694 791 3749 ταῦτα
828 3693 1073 3763 φυσικῶς
1118 3692 1176 3744 ὲν
1219 3688 1333 3760 Υἱῷ
1381 3687 1652 3756 φαίνεται,
1686 3686 1839 3756 ὃμοιο

1975 3701 2099 3756 liter
2130 3699 2183 3753 in
2216 3695 2353 3751 Filio
2388 3700 2683 3763 apparent;
2716 3685 2911 3742 similis
2936 3684 3116 3749 itaque
3144 3690 3227 3734 est
3252 3692 3346 3748 per
3371 3674 3550 3730 omnia

292 3791 403 3860 ἄρα
438 3789 555 3842 ἐστὶ
583 3787 722 3840 κατὰ
747 3786 925 3839 πάντα
947 3784 1040 3837 τοῦ
1076 3782 1311 3853 Πατρός
1342 3782 1442 3835 οὐκ
1467 3779 1531 3834 ἔκ
1562 3796 1708 3843 τινος
1741 3795 1839 3850 προ

1978 3792 2122 3848 Patri
2156 3808 2172 3845 :
2211 3802 2315 3844 non
2343 3801 2410 3841 ex
2440 3785 2617 3852 aliqua
2652 3775 3030 3850 progressione
3077 3773 3191 3827 sive
3211 3768 3556 3839 promotione

297 3858 472 3948 κοπῆς
520 3876 553 3948 ἢ
598 3875 939 3937 ἀλλοιώσεως
966 3873 1066 3944 τῆς
1104 3875 1184 3937 εἱς
1220 3873 1281 3926 τὸ
1314 3871 1516 3941 ἀγαθὸν
1563 3872 1628 3924 ὲκ
1660 3870 1752 3924 τοῦ
1800 3888 1839 3941 μ

1980 3882 2403 3949 alterationeque
2435 3876 2488 3932 in
2520 3875 2720 3929 bonum
2756 3885 2823 3925 ex
2868 3881 2932 3922 eo
2967 3864 3109 3934 quod
3154 3876 3258 3916 non
3292 3866 3429 3921 erat,
3462 3858 3555 3910 sed

296 3947 549 4025 τοιουτου
580 3970 718 4040 ὅπερ
751 3968 899 4021 ἐστὶν
940 3966 1221 4037 ὑπάρχων,
1274 3964 1411 4019 ἀλλὰ
1448 3964 1651 4027 τέλειος
1694 3964 1761 4016 ὲκ
1789 3978 1839 4016 τε

1978 3974 2250 4049 perfectus
2275 3947 2340 4026 ei
2363 3969 2624 4040 perfecto,
2661 3972 2717 4019 et
2750 3956 3105 4015 immutabilis
3139 3967 3204 4009 ex
3233 3947 3555 4006 immutabili

298 4062 465 4127 λείου,
510 4062 604 4115 καὶ
638 4059 905 4131 ἄτρεπτος
932 4058 993 4122 ἐξ
1021 4057 1293 4128 ἁτρέπτου
1338 4055 1549 4125 Πατρὸς
1576 4051 1839 4125 προελθώι

1978 4042 2144 4126 Patre
2166 4062 2485 4136 procedens.
2522 4056 2800 4125 Quomodo
2832 4052 2978 4107 enim
3008 4062 3115 4103 non
3165 4046 3236 4103 sit
3262 4042 3557 4115 perfectus,

300 4154 426 4218 Πῶς
452 4154 559 4224 γὰρ
584 4154 644 4206 οὐ
672 4152 873 4215 τέλειος
918 4152 947 4204 ὁ
977 4149 1075 4220 οὐχ
1111 4148 1405 4220 ἁρπαγμὸν
1436 4147 1788 4218 ἡγησάμενος
1818 4162 1839 4197 τ

1983 4158 2073 4229 qui
2111 4132 2218 4211 non
2253 4154 2495 4223 rapinam
2548 4148 2848 4201 arbitratus
2892 4150 2977 4198 est
3023 4152 3145 4195 esse
3191 4151 3250 4192 se
3296 4132 3556 4203 aequalem

300 4241 445 4299 εἶναι
484 4244 571 4297 ἴσα
616 4242 765 4313 Θεῷ;
815 4241 941 4304 Πῶς
986 4241 1042 4294 δὲ
1085 4242 1185 4294 οὐκ
1229 4240 1495 4310 ἄτρεπτος
1534 4239 1562 4291 ὁ
1611 4236 1750 4307 μετά
1787 4252 1839 4289 το

1985 4226 2095 4307 Πθο
2122 4247 2208 4301 ’τῖ
2234 4246 2341 4300 Aut
2371 4240 2640 4312 quomodo
2674 4252 2777 4292 non
2798 4236 2870 4291 sit
2900 4228 3279 4293 immutabilis,
3309 4226 3400 4296 qui
3432 4238 3556 4278 cum

304 4338 520 4411 Πατρός
545 4336 603 4389 ἓν
627 4335 723 4401 ὢν,
753 4333 898 4388 καθά
928 4351 1094 4406 φησιν
1123 4332 1316 4398 αὐτός;

1985 4343 2147 4399 Patre
2172 4352 2335 4394 unum
2369 4344 2474 4399 est,
2507 4341 2566 4387 ut
2596 4333 2708 4398 ipse
2741 4327 2908 4383 dicit?

978 4446 1184 4501 ΑΛΛΟ.

1945 4520 1964 4568 )
2165 4436 2170 4440 ”
2672 4440 2899 4497 ALIUD.

381 4566 445 4620 Ei
474 4567 538 4619 ὲκ
567 4562 664 4617 τοῦ
692 4561 909 4634 καρποῦ
944 4561 1006 4614 τὸ
1053 4560 1267 4630 δένδρον
1295 4558 1646 4627 γινώσκεται,
1676 4558 1839 4629 καρπῐ

1945 4549 1963 4568 ’
2067 4564 2124 4619 Si
2158 4578 2225 4617 ex
2258 4561 2434 4615 fructu
2464 4560 2627 4613 arbor
2660 4553 3005 4625 cognoscitur
3030 4551 3100 4616 ’⁸,
3136 4549 3345 4604 fructus
3387 4553 3567 4599 autem

306 4661 369 4715 δὲ
399 4659 499 4730 τῆς
528 4657 623 4712 τοῦ
652 4656 866 4728 Πατρὺς
894 4653 1082 4717 οὐσίας
1125 4654 1154 4706 ὁ
1182 4653 1241 4718 ἐξ
1276 4652 1441 4705 αὐτοῦ
1479 4651 1756 4724 προελθὼν
1787 4652 1839 4704 At

1993 4655 2247 4711 essentiae
2277 4652 2453 4707 Patris
2480 4658 2560 4703 est
2591 4646 2891 4718 procedens
2916 4659 2980 4698 ex
3017 4642 3133 4711 ipso
3168 4640 3424 4699 Verbum,
3470 4637 3574 4689 hoc

311 4771 430 4823 γος,
463 4751 740 4806 τουτέστιν
772 4751 801 4803 ὁ
837 4748 965 4811 Υἱός
984 4763 999 4778 ο
1031 4746 1064 4817 ἢ
1105 4744 1433 4798 ποιείτωσαν
1464 4745 1559 4798 καὶ
1586 4744 1647 4797 τὸ
1672 4743 1839 4814 δένδρ‹

1993 4756 2097 4810 est,
2123 4744 2293 4799 Filius
2321 4761 2335 4797 :
2363 4752 2456 4797 aut
2480 4742 2729 4795 arborem
2767 4746 2977 4807 putrem
3012 4748 3132 4787 esse
3157 4737 3419 4791 statuant,
3457 4742 3575 4780 mu-

314 4815 526 4919 σαπρὸν
544 4884 562 4911 ,
587 4842 828 4918 τρεπτῆς
865 4839 997 4894 αὐτὸ
1025 4815 1241 4908 (ῥύσεως
1272 4831 1410 4890 εἷναι
1447 4836 1696 4903 λέγοντες
1726 4834 1839 4908 (οὔτ

1996 4836 2175 4891 labilis
2210 4834 2355 4888 illam
2389 4840 2593 4885 natura:
2622 4843 2743 4883 esse
2792 4827 3031 4880 dicentes
3075 4820 3191 4891 (ita
3224 4819 3366 4874 enim
3390 4815 3579 4869 volunt

310 4914 735 5013 γὰρ-βούλονται
771 4935 865 4989 τὸν
898 4929 1158 5005 καρπὸν),
1209 4930 1243 5002 ἢ
1280 4931 1327 4983 εἰ
1376 4927 1539 4983 καλὸν
1574 4926 1789 4981 ποιοῦσι
1827 4946 1839 4975 τ

1996 4928 2228 4982 fructum
2266 4922 2449 4995 esse),
2486 4930 2579 4975 aut
2604 4921 2648 4974 si
2684 4921 2878 4975 bonam
2909 4917 3159 4969 arborem
3184 4925 3305 4965 esse
3330 4914 3577 4971 censent,

313 5031 552 5103 δένδρον,
578 5026 819 5081 τοιοῦτον
863 5022 1004 5079 εἶναι
1037 5021 1442 5078 πιστευέτωσαν
1476 5021 1570 5073 καὶ⁴
1597 5019 1687 5071 τὸν
1714 5018 1772 5084 ἐξ
1798 5036 1839 5070 απ

2001 5021 2161 5075 talem
2193 5020 2356 5074 etiam
2386 5032 2505 5072 esse
2537 5015 2759 5069 credant
2786 5012 3018 5065 fructum
3052 5005 3143 5074 qui
3174 5019 3240 5056 ex
3270 5016 3331 5054 ea
3363 4996 3579 5067 profer-

315 5125 413 5180 τοῦ
440 5098 776 5196 προελθόντα
802 5119 1012 5191 καρπὸν
1030 5160 1045 5187 ,
1076 5118 1136 5172 οὐ
1169 5116 1269 5188 τῆς
1298 5114 1689 5184 ἀλλοιουμένης
1714 5152 1728 5177 ,
1759 5111 1839 5164 ἀλί

2003 5124 2135 5170 tur:
2182 5129 2289 5167 non
2337 5112 2651 5171 immutatae,
2684 5107 2778 5160 sed
2826 5098 3177 5157 immutabilis
3216 5103 3422 5149 natura!
3463 5105 3587 5147 esse

319 5220 418 5291 τῆς
439 5216 714 5287 ἀτρέπτου
738 5210 952 5281 φύσεως
986 5208 1125 5266 εἶναι
1151 5208 1516 5280 λογιζόμενοι,
1550 5206 1690 5259 καθὰ
1716 5212 1810 5259 κοι)⁸

2007 5212 2313 5268 censentes,
2340 5202 2479 5255 sicut
2506 5199 2755 5253 arborem
2784 5198 2976 5267 ipsam.

316 5312 439 5367 δένδ
447 5328 559 5383 ρον,

2694 5369 2920 5425 ALIUD.

2086 5492 2438 5562 interroganti
2492 5488 2737 5557 Philippo
2768 5494 2823 5540 et
2853 5480 3070 5546 dicenti,
3109 5496 3127 5529 ι
3154 5475 3389 5534 Ostende
3436 5471 3592 5526 nobis

2016 5591 2264 5652 Patrem,
2306 5605 2323 5639 ι
2370 5585 2616 5641 Christus
2666 5581 2951 5650 respondet
2996 5595 3006 5631 :
3058 5594 3077 5628 ι
3133 5572 3307 5628 Tanto
3352 5577 3593 5635 tempore

1001 5400 1204 5452 AAAO.

411 5514 712 5587 Ἑρωτῶντι
748 5513 1001 5581 Φιλίππῳ
1047 5510 1143 5564 καὶ
1186 5506 1431 5578 λέγοντιο
1489 5527 1507 5559 ι
1548 5506 1731 5571 Δεῖξον
1774 5504 1904 5574 ἡμῖν

325 5606 421 5661 τὸν
472 5606 729 5678 Πατέρα,
779 5624 798 5656 ι
846 5601 1084 5676 Χριστὸς
1138 5599 1525 5671 ἀποκρίνεται·
1590 5616 1610 5650 ι
1653 5593 1908 5665 Τοσούτῳ

402 5768 445 5801 δ’
471 5764 628 5823 Joan.
663 5782 775 5834 διν,
806 5766 858 5821 9.
938 5762 1142 5819 "Joan.
1174 5778 1230 5827 x,
1262 5760 1352 5819 30.
1434 5761 1475 5793 ’⁷
1528 5757 1758 5829 Philipp.
1787 5771 1839 5823 ιι¹

2011 5752 2053 5785 ³⁸
2081 5748 2209 5815 Luc.
2238 5765 2309 5815 vl,
2353 5748 2428 5802 il.
