4072 6582
485 379 589 433 2H

1481 384 1539 439 S.
1579 386 1855 443 CYRILLI
1896 388 2363 446 ALEXANDRINI
2405 393 2722 453 ARClllEP.

3644 394 3795 451 212

481 500 764 556 vobiscum
818 516 959 566 sum,
1012 512 1066 557 et
1116 516 1221 557 non
1273 506 1571 573 cognovisti
1622 523 1728 574 me,
1782 508 2058 580 Philippe‘.i

2168 514 2346 584 χρόνῳ
2376 514 2497 585 μεθ’
2523 515 2675 583 ὑμῶν
2703 517 2836 585 εἰμι,
2866 532 2959 569 και
2982 536 3081 571 ουκ
3103 520 3349 587 ἔγνωκας
3375 532 3468 587 με,
3488 515 3787 579 Φίλιππες

480 590 583 653 Qui
622 590 753 643 vidit
784 606 869 644 me
925 591 1057 646 vidit
1085 604 1139 648 et
1170 593 1383 650 Patrem
1414 598 1479 648 ".
1515 616 1534 649 ι
1575 596 1632 652 Si
1667 590 1797 669 ergo
1832 599 2068 668 cognitio

482 674 605 732 Filii
639 688 722 734 est
760 682 997 750 cognitio
1040 682 1239 747 Patris,
1283 689 1648 742 necessarium
1698 690 1855 758 plane
1897 701 1980 745 est
2012 703 2069 746 ut

485 768 647 823 talem
677 773 961 828 credamus
990 789 1112 830 esse
1141 776 1356 843 Filium,
1387 780 1561 847 qualis
1587 790 1671 836 est
1703 781 1883 837 Pater.
1913 784 2064 850 Quod

484 862 527 915 si
558 862 630 916 ita
663 872 768 930 est,
794 863 1146 922 immutabilis
1172 879 1349 923 autem
1380 870 1555 935 Pater,
1588 874 1692 927 erit
1720 874 1823 928 hoc
1844 876 2071 930 omnino

483 961 539 1005 et
570 952 759 1008 Filius.
792 952 871 1009 Ita
901 956 1044 1010 enim
1082 958 1139 1012 in
1162 959 1278 1029 ipso
1309 963 1651 1031 cognoscitur
1676 972 1728 1019 et
1756 976 1997 1034 apparet.

448 1143 459 1210 ,ἶ
494 1149 809 1227 Τεειίριοηία
844 1171 1009 1209 sacrm
1055 1156 1375 1222 Scripmrm,
1420 1161 1555 1227 quod
1601 1161 1943 1213 immutabilis
1996 1163 2062 1215 sit

633 1220 807 1278 Filius
859 1238 905 1278 et
935 1241 998 1279 ex
1025 1227 1091 1279 iis
1116 1220 1446 1297 syllogismus
1474 1232 1651 1282 eodem
1680 1233 1959 1296 pertinens.

542 1393 763 1459 'Panlus
790 1405 907 1460 ait:
944 1423 963 1456 ι
993 1403 1154 1461 Jesus
1198 1405 1445 1460 Christus
1486 1407 1600 1462 heri
1632 1416 1687 1462 ει
1733 1408 1911 1472 hodie,
1952 1408 2067 1476 ipse

493 1514 712 1568 quoque
745 1501 798 1554 in
828 1500 1025 1554 sarcula
1062 1501 1128 1552 ³ο.
1170 1518 1188 1551 ι
1230 1500 1518 1554 Psalmista
1555 1519 1568 1554 :
1610 1520 1627 1551 ι
1666 1500 1745 1556 Tu
1780 1502 1847 1554 ab
1884 1501 2059 1567 initio,

486 1588 734 1656 Domine,
774 1598 976 1645 terram
1004 1590 1264 1655 fundasti,
1295 1598 1348 1644 et
1374 1604 1535 1659 opera
1562 1606 1818 1645 manuum
1847 1599 2061 1645 tuarum

448 1666 612 1735 ‘sunt
661 1682 817 1747 coeli;
874 1682 974 1750 ipsi
1021 1682 1293 1751 peribunt,
1343 1692 1398 1736 tu
1438 1691 1618 1736 autem
1668 1696 1953 1750 permanes
2010 1690 2065 1735 et

486 1788 675 1826 omnes
729 1774 881 1841 quasi
935 1773 1322 1827 vestimentum
1373 1781 1755 1838 veterasccnt;
1820 1780 1877 1826 et
1923 1772 2061 1825 sicut

484 1862 820 1931 opertorium
852 1863 1089 1917 mutabis
1139 1877 1235 1917 eos
1287 1872 1344 1917 ει
1394 1861 1766 1927 mutabuntur,
1814 1862 1971 1930 127
2006 1871 2059 1915 ιιι
2094 1853 2136 1907 Β

482 1965 660 2008 autem
694 1955 833 2008 idem
873 1954 985 2022 ipse
1018 1968 1078 2009 es
1101 1963 1155 2009 et
1197 1955 1324 2007 anni
1376 1954 1450 2007 tui
1506 1969 1611 2007 non
1652 1953 1905 2008 deficient
1932 1953 1998 2003 “.
2033 1969 2054 2003 ο

483 2047 746 2101 Servator
772 2046 890 2117 ipse
919 2046 985 2102 de
1016 2062 1113 2102 se:
1148 2065 1166 2098 ι
1207 2046 1401 2101 Videte
1431 2060 1539 2112 me,
1572 2046 1751 2101 videte
1805 2046 1931 2115 quia
1958 2060 2060 2114 ego

481 2147 703 2201 sum,et
747 2154 854 2193 non
896 2126 1147 2192 mutor"
1181 2157 1194 2192 :
1239 2157 1257 2190 ι
1288 2140 1353 2192 Ει
1398 2137 1664 2192 Jeremias
1709 2152 1725 2192 :
1772 2156 1791 2189 ι
1833 2136 1969 2203 Quia
2004 2146 2058 2190 tu

482 2229 729 2283 insidens
776 2229 1055 2294 saeculum,
1112 2237 1169 2282 et
1196 2243 1293 2283 nos
1327 2229 1615 2297 perdentes
1642 2225 1897 2281 saaculum
1928 2225 1993 2277 ³³.
2033 2243 2053 2276 ι

481 2320 599 2374 lllic
639 2319 781 2375 enim
821 2320 1169 2374 stabilitatem
1236 2329 1399 2388 atque
1436 2318 1933 2372 immutabilitatetn
1976 2317 2058 2370 di-

481 2413 623 2464 vina:
660 2419 885 2476 naturae,
922 2411 1176 2479 quodque
1201 2424 1419 2479 semper
1446 2411 1635 2464 eodem
1682 2410 1842 2464 modo
1868 2424 1926 2463 se
1963 2409 2058 2463 ha-

480 2503 608 2557 Ιιεειι
636 2502 950 2571 significans
976 2504 1258 2571 pr0pheta,
1290 2502 1421 2557 dicit
1465 2518 1479 2555 :
1511 2521 1529 2553 ι
1566 2500 1644 2555 Tu
1684 2502 1922 2557 insidens
1953 2515 2057 2555 sa:-

481 2593 702 2657 culum;
739 2612 758 2644 ι
788 2601 1164 2653 creaturarum
1199 2606 1325 2646 vero
1348 2591 1403 2645 in
1428 2590 1578 2645 omni
1605 2602 1846 2660 tempore
1873 2599 2055 2645 muta-

484 2686 687 2739 tionem
725 2682 1059 2755 signilicans,
1098 2682 1261 2736 infert
1294 2700 1308 2737 :
1348 2700 1366 2732 ι
1394 2681 1505 2737 Nos
1543 2692 1726 2737 autem
1770 2682 2057 2751 perdentes

478 2775 758 2831 sacculum.
796 2792 815 2826 ι
856 2773 913 2828 Si
949 2789 1079 2844 ergo
1102 2788 1257 2828 sacra
1304 2772 1589 2843 Scriptura
1639 2772 1907 2828 creaturis
1936 2782 2056 2825 tau-

480 2877 593 2922 tum
619 2867 995 2932 mutationem,
1018 2866 1393 2921 alterationem
1408 2866 1759 2919 etinteritum
1788 2863 2056 2931 agnoscit,

479 2966 534 3012 ει
560 2957 627 3012 ab
666 2958 857 3010 horum
893 2956 1156 3010 societate
1185 2953 1383 3009 Filium
1416 2954 1629 3017 eximit,
1664 2954 1892 3008 dicens:
1929 2971 1947 3003 ι
1978 2952 2055 3005 Tu

476 3057 656 3103 autem
690 3047 830 3101 idem
865 3048 979 3116 ipse
1016 3061 1075 3101 es
1106 3064 1120 3099 :
1157 3064 1175 3097 ι
1212 3060 1317 3099 non
1354 3045 1517 3115 igitur
1545 3044 1820 3099 mutabilis
1851 3055 2059 3098 naturae

476 3141 777 3211 est.Neque
808 3143 951 3199 enim
983 3140 1124 3195 idem
1153 3139 1249 3203 sit,
1275 3138 1320 3194 si
1357 3139 1409 3197 in
1433 3138 1580 3193 aliud
1598 3137 1870 3194 ouidniam
1895 3153 2055 3191 ruam

476 3243 560 3291 est
584 3235 781 3289 mutari
818 3244 1021 3291 nosset.

1167 3432 1397 3492 LLlUD.

552 3548 612 3602 Si
642 3548 941 3602 secundum
967 3554 1217 3600 naturam
1242 3543 1599 3599 immutabilis
1625 3558 1732 3599 nou
1752 3555 1835 3600 est
1865 3544 2057 3611 Filius,

477 3639 579 3695 sed
607 3639 861 3693 accidens
888 3639 936 3693 ei
970 3646 1075 3701 est,
1107 3646 1171 3691 ut
1198 3638 1270 3692 sit
1304 3637 1358 3691 id
1388 3636 1530 3706 quod
1562 3647 1671 3701 est,
1701 3637 2059 3691 adscititiam-

479 3745 587 3799 que
617 3730 782 3785 habet
813 3744 934 3784 cum
982 3729 1147 3783 Patre
1182 3728 1592 3784 similitudinem
1629 3745 1642 3781 :
1680 3727 1860 3795 aliquo
1894 3726 2058 3797 igitur

480 3831 724 3889 tempore
753 3820 919 3874 fuerit
942 3819 1158 3889 quidem
1199 3818 1388 3882 Filius,
1429 3818 1523 3873 sed
1560 3816 1843 3873 dissimilis
1868 3816 2058 3871 Patri?

476 3916 546 3969 At
571 3913 841 3983 quomodo
869 3912 1037 3967 Filius
1068 3912 1279 3967 censeri
1310 3920 1515 3981 posset,
1552 3926 1713 3980 quem
1746 3925 1851 3964 non
1899 3917 2057 3962 natu-

477 4006 606 4060 ralis
648 4005 944 4061 similitudo
972 4019 1095 4059 eum
1124 4018 1246 4059 esse
1284 4002 1567 4058 declarat?
1594 4004 1704 4056 Aut
1747 4016 1854 4069 quo
1895 4012 2057 4070 pacto

475 4100 631 4158 firma
669 4113 734 4153 ac
763 4096 974 4152 stabilis
1009 4096 1293 4152 beatitudo
1326 4096 1379 4148 in
1416 4094 1507 4148 illo
1553 4094 1678 4157 erit,
1707 4093 1799 4161 qui
1839 4106 1936 4162 per
1962 4108 2057 4147 ac-

474 4191 662 4245 cidens
685 4205 803 4244 eam
837 4188 1044 4243 habet?
1080 4188 1218 4242 Nam
1253 4188 1297 4242 si
1330 4187 1406 4242 illi
1441 4186 1663 4251 accidit,
1688 4194 1863 4255 potest
1888 4184 2054 4239 etiam

473 4296 585 4335 non
624 4279 894 4334 accidere.
942 4278 997 4331 Si
1047 4292 1175 4332 vero
1226 4293 1383 4332 sacra
1429 4277 1710 4346 Scriptura
1749 4276 1945 4331 Filium
1999 4276 2051 4329 in

476 4373 756 4427 identitate
781 4384 999 4424 manere
1029 4370 1185 4434 dicit,
1220 4370 1399 4425 omnia
1433 4386 1551 4439 qua:
1589 4370 1892 4427 divinitatis
1924 4385 2051 4439 pm-

470 4464 591 4532 pria
622 4469 769 4525 sunt,
798 4459 1117 4515 naturaliter
1146 4460 1202 4513 in
1242 4459 1358 4528 ipso
1389 4460 1660 4513 exsistunt
1692 4478 1705 4514 :
1742 4458 1915 4514 aliena
1952 4475 2050 4513 au-

2184 605 2241 657 Ὀ
2272 605 2531 676 ἑωρακὼς
2588 608 2686 675 ἐμὲ
2730 607 2942 677 ἑώρακε
2968 610 3059 663 τὸν
3089 609 3327 681 Πατέρα.
3360 628 3379 659 ι
3412 609 3473 661 Et
3500 607 3685 660 τοίνυν
3735 608 3781 673 ἠ

2170 696 2299 766 περὶ
2349 695 2443 749 τοῦ
2490 698 2618 750 Υίοῧ
2669 700 2902 766 γνῶσις,
2952 701 3153 769 γνῶσίς
3204 702 3321 753 ἐστι
3370 699 3465 753 τοῦ
3513 700 3781 769 Πατρδς,

2169 790 2382 859 ἀνάγκη
2427 792 2575 843 πᾶσα
2617 790 2856 844 τοιοῦτον
2916 789 3053 846 εἶναι
3118 792 3395 845 πιστεύειν
3443 791 3535 844 τὸν
3592 791 3778 850 Υἱὸν,

2169 882 2350 946 ὁποῖός
2392 884 2538 936 ἐστιν
2577 886 2605 935 6
2641 885 2851 955 Πατήρ.
2900 886 2961 939 Ei
3000 885 3057 937 δὲ
3104 885 3280 950 τοῦτο,
3326 885 3599 954 ἄτρεπτος
3628 882 3685 935 δὲ
3739 884 3779 934 ὁ

2169 973 2378 1044 Πατὴρ,
2426 973 2576 1026 ἔσται
2619 974 2776 1027 τοῦτο
2823 976 3039 1039 πάντως
3075 978 3168 1030 καὶ
3206 978 3234 1028 6
3265 976 3411 1038 Υἱός.
3452 975 3613 1027 Οὕτω
3644 974 3778 1043 γὰρ

2170 1062 2236 1116 ἂν
2260 1065 2319 1116 ὲν
2348 1064 2496 1134 αὐτῷ
2518 1066 2786 1138 γνωσθείη
2816 1067 2910 1120 καὶ
2934 1068 3197 1135 φαίνοιτο.

2168 1180 2493 1251 Μαρτυρίαι
2520 1179 2634 1251 ἀπρ
2661 1180 2771 1248 τῆς
2800 1180 3064 1251 Γραφῆς,
3089 1182 3176 1235 ὅτι
3201 1182 3494 1251 ἄτρεπτος
3524 1182 3557 1233 ὀ
3588 1178 3771 1251 Υἱὸς,

2238 1247 2336 1299 καὶ
2363 1248 2438 1311 ἐξ
2471 1247 2670 1302 αὐτῶν
2695 1247 3112 1325 συλλογισμὸς
3143 1254 3230 1317 είς
3268 1247 3443 1305 τοῦτο
3478 1249 3771 1318 περιτρέο

2238 1331 2386 1370 πων.

2248 1430 2307 1483 Ὀ
2352 1431 2561 1494 Παῦλος
2599 1446 2772 1501 Αεγει·
2808 1452 2825 1485 ι
2867 1434 3074 1504 Ἰησοῦς
3104 1434 3338 1507 Χριστὸς
3374 1434 3500 1504 χθὲς
3530 1432 3627 1486 καὶ
3657 1434 3769 1501 σῆ-

2170 1538 2354 1592 μερον,
2390 1525 2418 1576 6
2442 1524 2605 1587 αὐτὸς
2647 1527 2741 1577 καὶ
2775 1527 2855 1589 εἰς
2881 1528 3009 1588 τοὺς
3038 1526 3261 1588 αἰῶνας.
3293 1546 3310 1576 ι
3337 1526 3393 1578 '0
3416 1524 3756 1593 Ψαλμῳδός·

2173 1630 2192 1662 ι
2232 1612 2303 1663 Σὺ
2337 1613 2653 1684 καταρχὰς,
2705 1615 2875 1686 Κύριε
2896 1657 2909 1678 ,
2943 1617 3043 1686 τὴν
3072 1618 3174 1686 γῆν
3207 1616 3611 1685 ἐθεμελίωσας,
3647 1614 3760 1666 καὶ

2165 1702 2300 1772 ἔργα
2340 1704 2447 1757 τῶν
2478 1706 2677 1775 χειρῶν
2713 1707 2805 1760 σού
2851 1708 2985 1759 εἰσιν
3018 1708 3066 1759 οί
3116 1706 3335 1775 οὐρανοί
3358 1722 3369 1733 ⁸
3404 1706 3558 1758 αὐτοὶ
3600 1707 3755 1757 ἀπο-

2165 1795 2401 1859 λοῦνται,
2454 1798 2517 1850 σὺ
2560 1797 2617 1849 δὲ
2663 1797 2972 1867 διαμένεις·
3019 1797 3113 1850 καὶ
3166 1798 3363 1859 πάντες
3414 1797 3489 1857 ὡς
3528 1796 3756 1864 ἱμάτιον

2166 1886 2639 1957 παλαιωθήσονται
2656 1904 2669 1917 ’
2686 1888 2778 1939 καὶ
2803 1886 2935 1939 ὡσεὶ
2958 1905 3022 1938 πε
3033 1887 3301 1957 ριϐὁλαιον
3322 1886 3514 1949 ἑλίξεις
3544 1885 3755 1947 αὐτοὺς

2166 1978 2260 2029 καὶ
2296 1976 2717 2048 ἀλλαγήσονται,
2756 1979 2819 2030 σὺ
2847 1978 2903 2031 δὲ
2932 1979 2959 2029 6
2990 1979 3151 2041 αὐτὸς
3180 1977 3258 2041 εἴ,
3296 1978 3388 2031 καὶ
3424 1979 3491 2031 τὰ
3514 1978 3611 2047 ἔτη
3647 1995 3749 2029 σου

2166 2069 2265 2120 οὐκ
2307 2068 2668 2138 ἐκλείψουσιν.
2706 2089 2723 2119 ι
2775 2070 2831 2121 Ὀ
2863 2069 3049 2140 Σωτὴρ
3083 2071 3211 2139 περὶ
3256 2069 3479 2122 ἑαυτοῦ·
3522 2088 3540 2119 ι
3573 2069 3751 2121 Ἰδετέ

2169 2174 2257 2228 με,
2289 2159 2425 2211 ἴδετε
2457 2159 2536 2211 ὅτι
2566 2159 2677 2227 ἐγώ
2702 2162 2839 2229 εἰμι,
2873 2160 3086 2211 καὶούκ
3120 2159 3445 2229 ἡλλοίωμαι.
3487 2179 3503 2211 ι
3526 2161 3585 2213 '0
3636 2160 3749 2212 ἰε-

2167 2250 2397 2321 ρεμίαςο
2434 2252 2590 2304 «Ὅτι
2624 2254 2686 2305 σὺ
2720 2251 3029 2322 καθήμενος
3074 2253 3165 2305 τὸν
3212 2252 3402 2317 αἰῶνα,
3448 2254 3541 2305 καὶ
3580 2254 3750 2321 ἡμεῖς

2164 2340 2634 2412 ἀπολλύμενοιτδν
2668 2343 2857 2398 αἰῶνα.
2890 2363 2907 2393 ι
2928 2343 3193 2396 Ἐνταῦοα
3222 2344 3330 2415 γὰρ
3366 2343 3425 2396 τὸ
3457 2343 3749 2413 ἱδρυμένον

2166 2434 2257 2485 καὶ
2285 2433 2641 2503 ἀμετάθετον,
2674 2435 2766 2488 καὶ
2792 2435 2877 2487 ἀεὶ
2901 2435 3165 2498 ὡσαύτως
3188 2436 3310 2505 ἔχον
3339 2435 3439 2505 τῆς
3468 2434 3617 2497 θείας
3642 2436 3750 2502 φύ-

2166 2540 2302 2587 σεως
2349 2526 2377 2577 6
2406 2527 2692 2595 προφήτης
2739 2527 3019 2596 σημαίνων
3053 2527 3222 2596 φησί·
3274 2545 3292 2577 ι
3327 2528 3399 2579 Σὺ
3432 2524 3750 2595 καθήμενος

2164 2613 2252 2666 τὸν
2293 2613 2498 2668 αἰῶνα·
2539 2635 2557 2667 ι
2601 2616 2699 2686 τὴν
2756 2616 2813 2668 δὲ
2853 2618 2911 2669 ὲν
2954 2617 3117 2669 παντὶ
3160 2618 3336 2687 χρόνῳ
3362 2616 3468 2669 τῶν
3494 2616 3748 2686 γενητῶν

2168 2704 2470 2775 μεταϐολὴν
2542 2706 2940 2776 ἐξηγούμενος,
3006 2707 3293 2777 ἐπιφέρει·
3344 2725 3362 2757 ι
3402 2707 3512 2759 Καὶ
3576 2708 3749 2775 ἡμεῖς

2165 2790 2531 2861 ἀπολλύμενοι
2560 2793 2651 2846 τὸν
2681 2794 2871 2848 αἰῶνα.
2908 2814 2927 2846 ι
2959 2795 3021 2846 Ei
3054 2797 3231 2847 τοίνυν
3266 2796 3359 2847 ἐπὶ
3393 2794 3491 2865 μὲν
3516 2795 3622 2847 τῶν
3650 2813 3748 2863 γε·-

2164 2882 2342 2951 νητῶν
2376 2885 2607 2954 τροπὴν,
2655 2887 2748 2939 καὶ
2792 2885 3095 2951 ἀλλοίωσιν,
3144 2886 3240 2940 καὶ
3288 2888 3596 2951 ἀπώλειαν,
3646 2887 3744 2942 καὶ

2164 2974 2466 3045 ἐξαλλαγὴν
2499 2978 2531 3046 ἡ
2577 2976 2696 3030 θεία
2738 2978 2972 3042 λέγουσα
3017 2979 3229 3049 Γραφὴ,
3259 2980 3359 3049 τῆς
3394 2981 3530 3049 πρὸς
3566 2979 3744 3034 ταῦτα.

2164 3066 2448 3129 κοινωνίας
2483 3068 2767 3138 ὑπεξαιρεί
2811 3068 2902 3121 τὸν
2947 3069 3093 3135 Υίὸν,
3131 3088 3149 3118 ι
3183 3071 3253 3123 Σὺ
3283 3069 3340 3123 δὲ
3366 3071 3393 3122 6
3417 3070 3577 3133 αὐτὸς
3604 3066 3677 3135 εἴ,
3712 3089 3733 3120 s

2164 3155 2429 3223 λέγουσα,
2456 3156 2554 3210 οὐκ
2580 3157 2688 3227 ἄρα
2744 3160 2986 3230 τρεπτῆς
3015 3160 3229 3230 φύσεώς
3261 3163 3428 3217 ἐστιν.
3466 3162 3599 3216 Οὐδὲ
3628 3165 3740 3234 γάρ

2161 3246 2226 3301 ἂν
2256 3249 2283 3299 6
2310 3248 2473 3311 αὐτὸς
2506 3248 2592 3319 εἴη
2617 3287 2632 3311 ,
2677 3250 2763 3319 ἐφ’
2795 3252 2979 3324 ἕτερόν
3012 3270 3063 3307 τι
3097 3256 3225 3325 παρ’
3251 3255 3389 3325 ὅπερ
3429 3254 3545 3308 ἐστὶ
3576 3271 3745 3325 μεταο

2159 3338 2459 3409 τρέπεσθαι
2487 3339 2806 3411 δυνάμενος.

2839 3458 3046 3511 AAAO.

2228 3564 2290 3616 Εί
2325 3563 2465 3617 κατά
2497 3564 2657 3634 φύσιν
2687 3566 2785 3619 οὐκ
2814 3565 2965 3619 ἔστιν
2994 3567 3260 3637 ἄτρεπτος
3292 3569 3319 3622 6
3353 3567 3501 3631 Υἱὸς,
3538 3568 3745 3643 συνέϐη

2156 3654 2213 3707 ὣ
2257 3655 2404 3725 αύτῷ
2436 3655 2497 3708 τὸ
2530 3652 2671 3722 εἶναι
2717 3655 2876 3709 τοῦτο
2922 3658 3061 3727 ὅπερ
3111 3658 3246 3723 ἐστὶ,
3289 3659 3381 3710 καὶ
3442 3659 3744 3728 ἐπίκτητον

2158 3747 2269 3817 ἔχει
2302 3748 2399 3817 τὴν
2431 3748 2565 3818 πρὸς
2592 3748 2684 3800 τὸν
2720 3748 2940 3818 Πατέρα
2966 3748 3278 3818 ὁμοιότητα,
3310 3745 3377 3817 ἦν
3409 3749 3517 3819 ἀρα
3540 3753 3739 3820 χρόνος

2155 3839 2244 3891 ὅτε
2271 3834 2338 3908 ἦν
2381 3838 2478 3908 μὲν
2503 3841 2531 3891 6
2560 3839 2709 3903 Υἱὸς,
2746 3840 2997 3909 ἀνόμοιος
3028 3839 3084 3891 δὲ
3114 3839 3191 3909 τῷ
3219 3839 3389 3907 Πατρί
3414 3857 3427 3904 ;
3478 3842 3587 3893 Καὶ
3621 3844 3743 3904 πως

2157 3932 2285 3995 Υίὸς
2317 3932 2397 3985 ἔτι
2425 3932 2747 4003 νοηθήσεται
2775 3934 2803 3985 6
2836 3933 2910 4003 μὴ
2941 3935 3005 3985 ὲκ
3045 3934 3147 4003 τῆς
3178 3932 3318 3985 κατὰ
3358 3932 3523 4001 φύσιν
3559 3934 3742 4003 ὁμοιό·

2153 4041 2315 4093 τητος
2362 4042 2434 4093 μα
2445 4024 2844 4095 ρτυρούμενοςς
2878 4027 2947 4077 Ἣ
2980 4025 3096 4088 πῶς
3122 4028 3178 4078 ἐν
3204 4025 3405 4095 βεϐαίῳ
3430 4029 3529 4096 τῆς
3557 4044 3739 4095 μακα-

2156 4117 2400 4189 ριότητος
2432 4117 2709 4187 στήσεται,
2738 4119 2766 4169 6
2792 4116 3232 4187 ἐπισυμϐεϐηκδς
3271 4118 3428 4170 τοῦτο
3456 4117 3625 4187 ἔχων;
3670 4118 3737 4170 Εἰ

2153 4209 2260 4280 γὰρ
2291 4207 2512 4277 συνέϐη,
2538 4208 2633 4261 καὶ
2662 4208 3044 4277 ἀποσυμόἦναι
3072 4208 3229 4260 τοῦτο
3255 4208 3560 4277 δυνήσεται.
3589 4208 3651 4259 Εἰ
3675 4207 3732 4258 δὲ

2156 4303 2213 4353 ὲν
2244 4300 2533 4371 ταυτότητι
2583 4301 2768 4365 μένειν
2802 4299 2891 4351 τὸν
2918 4298 3048 4351 Υίὸν
3095 4301 3127 4368 ἡ
3179 4299 3295 4353 θεία
3328 4300 3479 4365 λέγει
3515 4299 3730 4367 Γραερὴ,

2153 4393 2331 4443 πάντα
2365 4392 2421 4441 ἐν
2467 4388 2616 4459 αὐτῷ
2651 4390 2790 4442 κατά
2843 4389 3005 4457 φύσιν
3047 4390 3165 4441 ἐστὶ
3216 4389 3284 4441 τὰ
3331 4388 3429 4457 τῆς
3478 4387 3731 4455 θεότητος

2156 4482 2291 4547 ἴδια,
2325 4481 2605 4552 ἀλλότριον
2642 4481 2697 4533 δὲ
2729 4481 2934 4552 ταύτης
2979 4484 3011 4553 ἡ
3062 4481 3271 4553 τροπὴ,
3319 4482 3587 4553 ἄτρεπτος
3621 4481 3732 4548 ἄρα

476 4564 583 4607 tcm
615 4564 700 4607 est
728 4568 755 4604 a
785 4551 990 4605 deitate
1023 4550 1279 4617 mutatio;
1316 4552 1635 4608 mutationis
1666 4552 1847 4622 itaque
1878 4561 1928 4606 et
1968 4551 2047 4606 al—

2163 4573 2268 4625 ὲστὶ
2302 4572 2396 4625 καὶ
2429 4572 2807 4636 ἀναλλοίωτος.

473 4645 757 4702 terationis
782 4658 973 4714 expers
1004 4651 1107 4697 est.

1135 4758 1366 4815 ALIUD.

541 4872 597 4925 Id
630 4872 772 4941 quod
804 4874 998 4928 mutari
1036 4882 1091 4929 ει
1125 4873 1345 4929 alterari
1384 4882 1561 4943 potest
1618 4890 1724 4929 non
1755 4874 1951 4929 dixerit
1981 4875 2046 4928 de

468 4962 649 5030 seipso
681 4981 694 5016 :
732 4980 749 5011 σ
787 4962 900 5033 Ego
942 4980 1061 5018 sum
1095 4966 1317 5020 veritas.
1351 4984 1370 5016 ι
1412 4964 1544 5017 Nam
1575 4968 1718 5034 quod
1766 4965 1923 5018 modo
1964 4964 2045 5018 sic

465 5063 572 5119 est,
601 5054 758 5110 modo
781 5071 884 5110 nou
915 5065 1020 5122 est,
1049 5057 1404 5125 repugnantia
1432 5055 1533 5110 sibi
1566 5056 1664 5124 ipsi
1694 5055 1843 5113 dicit.
1874 5055 2043 5110 Filius

466 5154 645 5198 autem
670 5143 739 5201 de
767 5146 946 5214 seipso
968 5146 1102 5201 dicit
1132 5163 1145 5200 :
1181 5165 1197 5197 ι
1228 5145 1338 5215 Ego
1367 5160 1485 5200 sum
1524 5147 1740 5201 veritas.
1774 5165 1793 5198 ι
1820 5145 1934 5199 Non
1961 5156 2047 5201 est

467 5235 631 5304 igitur
659 5250 724 5290 ex
765 5236 829 5290 iis
854 5252 973 5306 qua:
998 5247 1277 5292 tnutantur
1302 5248 1466 5305 atque
1491 5237 1815 5303 alterautur,
1847 5239 1940 5294 sed
1970 5239 2045 5294 si—

464 5327 610 5383 milis
642 5327 812 5392 Patri,
847 5330 1169 5386 mutationis
1202 5340 1256 5384 et
1289 5329 1627 5387 alterationis
1649 5346 1864 5399 expers.

955 5529 1184 5595 ALIUD,
1216 5531 1546 5599 explicatius.

533 5640 787 5698 ll.eretici
840 5651 1102 5699 conantes
1150 5644 1442 5699 ostendere
1495 5643 1692 5697 Filium
1739 5658 1801 5697 ex
1850 5656 2038 5697 eorum

2832 4755 3035 4807 AAAO.

2226 4866 2297 4918 Τὸ
2317 4868 2652 4937 τρεπόμενον
2683 4867 2776 4920 καὶ
2803 4866 3159 4937 ἀλλοιωθῆναι
3184 4867 3502 4936 δυνάμενον,
3532 4869 3629 4921 οὐκ
3658 4869 3727 4920 ἂν

2152 4956 2299 5024 λέγοι
2336 4959 2466 5029 περὶ
2488 4958 2713 5012 ἑαυτοῦ·
2748 4977 2765 5008 ι
2805 4957 2944 5024 Ἐγώ
2977 4959 3092 5029 είμι
3125 4961 3157 5029 ἡ
3196 4960 3442 5031 ἀλήθεια.
3480 4981 3501 5011 ι
3533 4961 3591 5013 Εἰ
3615 4962 3725 5030 γὰρ

2151 5050 2280 5102 ποτὲ
2338 5051 2436 5119 μὲν
2488 5050 2604 5102 τόδε
2648 5051 2828 5113 ἐστὶν,
2869 5050 3000 5102 ποτὲ
3043 5051 3099 5103 δὲ
3143 5050 3243 5103 οὐκ
3290 5051 3427 5116 ἔστι,
3471 5052 3723 5122 ψεύδεται

2148 5141 2284 5211 πρὸς
2313 5140 2527 5194 ἑαυτόν.
2583 5141 2642 5195 '0
2681 5142 2738 5195 δὲ
2765 5142 2891 5205 Υἱὸς
2918 5142 3047 5211 περὶ
3077 5142 3272 5195 ἑαυτοῦ
3310 5144 3485 5211 λέγει·
3524 5164 3543 5196 ι
3583 5144 3725 5211 Ἐγὼ

2144 5233 2260 5300 εἰμι
2293 5233 2325 5299 ἡ
2360 5229 2606 5299 ἀλήθεια.
2642 5250 2659 5282 ι
2684 5232 2799 5284 Οὐκ
2828 5232 2936 5302 ἄρα
2962 5230 3073 5285 τῶν
3099 5229 3569 5300 ἀλλοιουμένων,ἣ
3596 5247 3721 5302 τρε-

2146 5324 2398 5391 πομὲνων
2433 5322 2603 5387 ἐστὶν,
2647 5322 2761 5375 ἀλλ’
2794 5323 2980 5391 ὅμοιος
3021 5321 3100 5391 τῷ
3128 5321 3323 5391 Πατρὶ,
3370 5322 3635 5391 ἀτρεπτός
3658 5338 3718 5374 τε

2146 5415 2236 5468 καὶ
2267 5412 2623 5475 ἀναλλοίωτος
2649 5412 2743 5468 ὢν.

2583 5527 2789 5589 ΛΛΛΟ,
2828 5525 3284 5595 διηγηματικῶς.

2219 5642 2357 5695 Ἕνα
2399 5642 2505 5693 τῶν
2545 5639 2939 5711 ἀλλοιουμένων
2980 5637 3373 5702 σπουδάζοντες
3416 5637 3585 5703 δείξαι
3626 5636 3720 5691 τὸν

525 5804 570 5840 ⁸⁵
596 5800 751 5862 Joan.
794 5816 903 5866 xxv,
933 5802 986 5869 8,
1019 5800 1076 5858 9.
1131 5802 1175 5831 ³ο
1203 5799 1367 5857 Hebr.
1400 5816 1521 5869 xui,
1549 5802 1601 5854 8.
1660 5800 1701 5833 ³¹
1734 5799 1873 5854 l‘sal.
1908 5802 2058 5869 ωλι

2163 5835 2183 5855 ι.
2229 5802 2270 5834 ³³
2302 5800 2431 5856 Luc.
2464 5816 2611 5867 xxiv,
2635 5800 2735 5869 39;
2772 5799 2995 5855 Malach.
3026 5813 3108 5863 ιιι,
3138 5798 3188 5852 6.
3233 5798 3279 5831 ³³
3300 5798 3511 5854 Baruch
3547 5815 3629 5867 ιιι,
3656 5795 3713 5853 τι.
