4072 6512
672 326 775 380 195

1655 326 1713 386 S.
1754 329 2031 384 CYlilLLl
2069 330 2536 387 ALEXANDRINI
2574 332 2896 389 ARCIIIEP.

3843 345 3956 400 £95

668 439 910 494 stodiens
945 449 995 495 te
1031 440 1083 494 in
1111 440 1193 496 via
1225 457 1548 513 quocunque
1585 445 1713 497 ieris
1743 446 1811 498 ’⁸.
1855 463 1874 497 ι
1908 445 2048 502 Deus
2080 446 2238 518 igitur

2344 448 2632 517 φυλάσσων
2668 466 2725 501 σε
2780 451 2838 505 ὲν
2872 453 2936 522 τῇ
2962 452 3066 523 ὁδῷ
3097 450 3159 506 οῦ
3193 453 3289 507 ἐὰν
3333 454 3625 526 πορευθῇς.
3666 475 3685 507 ι
3721 456 3954 510 Οὐκοῦα

666 540 784 584 erat
816 532 907 600 qui
938 531 1205 599 liberavit,
1232 550 1338 589 non
1373 535 1621 605 angelus.
1664 534 1731 591 Et
1757 552 1947 592 rursus
1986 557 1999 592 :
2026 540 2245 607 quando

665 619 847 676 Laltan
873 634 1191 689 persecutus
1214 634 1295 676 est
1318 621 1486 679 Jacob
1514 634 1567 677 et
1613 626 2044 696 comprehendit,
2118 639 2245 685 tunc

666 725 879 778 quoque
905 709 1047 765 Deus
1072 713 1345 781 prohibuit
1386 715 1724 778 violentiam,
1757 732 1865 771 non
1924 717 2245 786 permittens

667 801 865 870 alloqui
890 801 1079 857 Jacob.
1106 804 1258 869 Quod
1300 817 1480 859 autem
1514 806 1657 861 Deus
1716 809 1828 862 lucc
1879 810 1953 863 illi
1991 811 2246 878 prmstite-

667 891 759 957 rit,
796 891 1024 957 ipsemet
1058 895 1574 949 testaturnxoribns
1624 896 1737 950 suis
1779 896 1964 953 dicens
1997 915 2011 951 :
2067 918 2085 951 ‹
2126 898 2242 954 Non

666 981 813 1035 dedit
845 981 984 1037 Deus
1006 993 1333 1051 potestatem
1357 986 1537 1040 Laban
1571 987 1943 1043 rnalel‘aciendi
1977 992 2105 1047 mihi
2136 994 2237 1047 ⁸⁷.»

667 1069 877 1126 Rursus
909 1087 1031 1126 cum
1056 1072 1224 1127 frater
1256 1073 1396 1128 Esau
1430 1076 1527 1145 ipsi
1565 1076 1936 1144 insidiaretur,
1962 1098 2066 1137 non
2093 1084 2247 1139 invo-

666 1163 811 1217 cavit
840 1162 1111 1232 angelurn,
1144 1165 1238 1218 sed
1262 1165 1452 1231 Deum,
1475 1166 1689 1221 dicens:
1719 1187 1738 1219 r
1776 1169 1937 1239 Eripe
2000 1188 2107 1237 me,
2138 1173 2245 1230 Do-

667 1254 832 1317 mine,
866 1255 934 1308 de
977 1269 1138 1309 manu
1172 1253 1358 1310 fratris
1395 1256 1498 1311 mei
1531 1254 1695 1322 Esau,
1750 1260 1876 1329 quia
1913 1260 2076 1319 timeo
2156 1264 2242 1335 ip-

664 1359 783 1397 sum
812 1343 879 1397 ’⁸.

665 1560 895 1625 ALIUD,
937 1577 1031 1630 per
1084 1562 1607 1648 demonstrationem,
1653 1570 1795 1648 quod
1858 1568 2085 1625 Verbum
2119 1570 2241 1640 Dei,

1175 1651 1370 1701 spectes
1400 1647 1565 1702 ipsius
1590 1647 1690 1693 est.

2344 540 2475 604 Θεὸς
2500 536 2565 612 ἦν
2593 543 2622 594 6
2657 542 2937 613 ῥυόμενος,
2966 547 3060 598 καὶ
3082 547 3182 599 οὐκ
3203 546 3451 614 ἄγγελος.
3483 549 3592 600 Καὶ
3624 548 3833 611 πάλιν,
3855 549 3951 600 ὅτε

2344 633 2529 686 Λάϐαν
2575 632 2865 699 κατεδίωξε
2916 636 3007 687 τὸν
3067 636 3260 689 Ἰακὼϐ
3302 640 3396 690 καὶ
3435 637 3748 697 κατέλαϐε.
3824 640 3952 690 τότε

2345 723 2507 776 πάλιν
2537 724 2670 788 Θεὸς
2709 724 2989 778 κεκώλυκε
3019 727 3115 797 τὴν
3149 729 3433 799 ἐπήρειαν,
3462 731 3523 781 οὐ
3558 730 3954 801 συγχωρήσας

2342 812 2572 883 λαλῆσαι
2594 818 2813 886 ῥήματα
2843 816 2978 887 πρὸς
3003 817 3093 869 τὸν
3124 814 3343 873 Ἰακώϐ.
3380 820 3498 873 Ὀτι
3524 816 3579 872 δὲ
3606 820 3752 883 Θεὸς
3791 820 3953 889 αὐτῷ

2344 906 2438 956 καὶ
2471 901 2629 956 τοῦτο
2656 905 2933 976 ἐξήνυσεν,
2971 907 3133 970 αὐτὸς
3162 908 3313 962 ἔσται
3349 909 3558 980 μάρτυς
3590 909 3781 979 λέγων
3808 912 3952 981 πῷς

2342 995 2441 1056 τάς
2476 994 2670 1047 ἑαυτοῦ
2710 1000 2975 1063 γυναῖκας
2997 1015 3010 1028 ο
3052 1019 3068 1050 t
3110 1000 3225 1052 Οὐκ
3265 999 3461 1053 ἔδωκεν
3488 1003 3517 1054 6
3544 1001 3681 1064 Θεὸς
3713 1001 3802 1072 τῷ
3836 1004 3947 1054 Λα·

2343 1086 2444 1140 δαν
2490 1088 2860 1156 κακοποιῆσαι
2907 1105 2993 1158 με.
3038 1108 3055 1139 ι
3090 1091 3198 1142 Καὶ
3238 1090 3397 1143 πάλιν
3444 1091 3949 1159 ἐπιϐουλευόμενος

2344 1179 2494 1250 παρὰ
2537 1179 2629 1232 τοῦ
2674 1179 2903 1248 ἀδελφοῦ
2947 1181 3139 1243 Ἡσαῦ,
3173 1183 3272 1235 οὐκ
3310 1182 3542 1250 ἄγγελον
3580 1184 3945 1245 ιπεκαλείτο,

2343 1273 2481 1328 ἀλλὰ
2511 1273 2642 1326 Θεὸν
2689 1274 2985 1343 παρεκάλει
3018 1273 3186 1343 βοῶν’
3241 1295 3259 1327 ι
3323 1271 3536 1340 Ἐξελοῦ
3582 1292 3678 1345 με,
3735 1276 3944 1345 Κύριε.

2344 1366 2405 1417 ὲκ
2462 1364 2643 1433 χειρὸς
2691 1363 2786 1416 τοῦ
2834 1362 3063 1432 ἀδελφοῦ
3114 1380 3216 1432 μου
3264 1363 3456 1428 Ἡσαῦ,
3510 1364 3595 1416 ὅτι
3648 1363 3944 1432 φοϐοῦμαι

2345 1455 2529 1507 αὐτόν.
2578 1473 2595 1504 ι

2345 1585 2547 1652 ΑᾹᾹΟ,
2587 1582 3031 1657 ἀποδεικτιικῶς,
3071 1588 3159 1641 ἔτι
3201 1590 3251 1657 όν
3278 1588 3467 1657 Λόγος
3508 1589 3619 1642 τοῦ
3658 1580 3842 1655 Θεοῦ,
3877 1591 3943 1643 τὸ

2828 1650 2999 1724 εἴδοςῖ
3018 1650 3206 1711 αὑτοῦ
3233 1650 3423 1712 ἐστιν’.

729 1765 992 1821 Servator
1019 1767 1215 1822 alicubi
1254 1769 1318 1821 ad
1342 1767 1556 1823 Judreos
1576 1771 1862 1826 admodum
1885 1774 2238 1833 refractarios

2412 1791 2575 1859 Λέγει
2629 1806 2733 1842 που
2784 1791 2919 1861 πρὸς
2978 1790 3268 1854 Ἰουδαίους
3314 1791 3437 1845 λίαν
3488 1791 3868 1857 ἀπειθοῦντας
3914 1795 3941 1845 6

658 1855 817 1910 dicit:
854 1873 872 1907 ι
914 1854 1012 1920 Qui
1041 1872 1126 1909 me
1162 1856 1305 1909 misit
1330 1854 1517 1920 Pater,
1561 1858 1653 1912 ille
1684 1862 2052 1918 testimonimn
2111 1880 2233 1935 per-

661 1941 835 1996 hibuit
904 1942 973 1997 de
1031 1957 1140 2007 me,
1206 1944 1361 2012 cujus
1409 1960 1594 2001 vocem
1680 1964 1779 2004 nec
1829 1965 1924 2005 vos
2007 1968 2241 2025 unquam

660 2032 911 2098 audistis,
937 2048 1110 2103 neque
1127 2037 1363 2104 speciem
1385 2037 1502 2107 ejus
1527 2039 1760 2106 vidistis,
1780 2052 1834 2095 et
1864 2044 2091 2099 verbum
2127 2048 2244 2114 ejus

661 2140 764 2179 non
799 2124 1009 2180 habetis
1050 2142 1273 2181 manens
1308 2129 1359 2181 in
1389 2132 1579 2184 vobis:
1626 2132 1752 2200 quia
1783 2148 1944 2203 quem
2000 2136 2089 2191 ille
2143 2139 2246 2194 mi-

659 2220 750 2283 sit,
809 2218 936 2273 huic
992 2234 1090 2274 vos
1123 2237 1228 2274 non
1287 2224 1533 2278 creditis.
1573 2243 1594 2278 ι
1637 2226 1771 2292 Quia
1805 2228 1969 2299 igitur
2000 2246 2104 2286 non
2128 2247 2242 2287 cre-

658 2309 910 2362 diderunt
929 2307 1109 2363 Verbo
1131 2325 1196 2364 ex
1234 2310 1392 2366 Patre
1427 2313 1614 2377 misso,
1656 2316 1914 2372 dicuntur
1938 2334 2115 2389 neque
2146 2338 2243 2376 vo-

656 2415 774 2453 cent
800 2399 900 2455 Dei
927 2400 1170 2465 audisse,
1228 2417 1401 2472 neque
1448 2406 1679 2474 Speciem
1717 2407 1835 2477 ejus
1873 2425 2105 2479 unquam
2164 2413 2242 2467 vi-

657 2491 921 2557 disse,sed
944 2507 1119 2561 neque
1153 2492 1351 2548 habere
1388 2496 1699 2552 inhabitans
1732 2499 1783 2553 in
1825 2500 1959 2570 ipsis
1994 2505 2238 2560 verbum.

655 2581 820 2649 Atqui
897 2580 1245 2636 manifestum
1299 2582 1401 2638 hoc
1450 2586 1815 2656 omnibusque
1891 2593 2237 2660 perspicuum

657 2685 779 2727 esse
804 2680 1002 2742 potest,
1043 2672 1089 2727 si
1114 2673 1455 2742 recepissent
1514 2691 1636 2731 eum
1694 2678 1788 2748 qui
1851 2681 2046 2737 missus
2100 2695 2241 2747 erat,

658 2776 844 2817 vocem
867 2778 1086 2833 quoque
1122 2764 1214 2819 Dei
1246 2766 1550 2833 audissent,
1580 2776 1635 2823 et
1666 2771 1899 2839 speciem
1931 2772 2047 2838 ejus
2075 2775 2243 2830 vidis-

669 2859 814 2917 sent,
836 2861 889 2907 et
913 2851 1227 2907 habuissent
1248 2852 1554 2912 inhabitans
1580 2857 1636 2911 in
1662 2857 1790 2927 ipsis
1826 2856 2091 2915 Verbum.
2118 2861 2240 2918 Ilaec

658 2942 819 3011 igitur
859 2945 1039 2998 omnia
1072 2954 1157 2999 est
1178 2945 1348 3001 Filius
1378 2962 1393 3000 :
1459 2949 1717 3003 nimirum
1748 2966 1874 3016 vos,
1924 2954 2154 3021 species.
2186 2966 2240 3009 et

662 3031 897 3089 Verbum
938 3035 1139 3090 Patris.
1175 3037 1231 3091 Si
1263 3047 1443 3093 autem
1466 3041 1675 3110 species
1699 3050 1805 3110 est,
1839 3052 1987 3098 certe
2016 3057 2069 3098 et
2107 3045 2241 3099 inta-

2348 1883 2540 1953 Σωτήρ
2558 1899 2574 1914 ο
2602 1901 2621 1933 t
2660 1881 2717 1934 Ὀ
2737 1882 2955 1951 πέμψας
2980 1898 3045 1952 με
3067 1882 3275 1954 Πατὴρ,
3300 1884 3506 1947 ἐκεῖνος
3533 1884 3941 1957 μεμαρτύρηκε

2346 1975 2477 2044 περὶ
2500 1972 2656 2044 ἐμοῦ,
2689 1973 2813 2026 οὒτε
2846 1977 3029 2042 φωνὴν
3056 1974 3219 2026 αὐτοῦ
3243 1975 3512 2043 ἀκηκόατε
3543 1974 3799 2038 πώποτε,
3817 1976 3939 2028 οὔτε

2347 2060 2485 2128 εἶδος
2511 2064 2677 2117 αὑτοῦ
2711 2064 3019 2134 ἑωράκατε,
3043 2066 3138 2117 καὶ
3160 2065 3251 2118 τὸν
3272 2065 3429 2133 λόγον
3452 2066 3619 2119 αὐτοῦ
3644 2068 3752 2119 οὐκ
3784 2066 3938 2137 ἔχετε

2347 2158 2405 2209 ὲν
2442 2158 2570 2226 ὑμῖν
2615 2156 2868 2225 μένοντα,
2900 2156 2983 2208 ὅτι
3013 2155 3073 2207 ὃν
3118 2156 3440 2209 ἀπέστειλεν
3472 2158 3704 2217 ἐκεῖνος,
3759 2158 3940 2225 τούτῳ

2346 2250 2507 2319 ὑμεῖς
2535 2250 2596 2301 οὗ
2637 2248 2945 2301 πιστεύετε.
2985 2266 3005 2299 ι
3042 2248 3236 2300 Τοίνυν
3267 2249 3348 2301 ὃτι
3392 2249 3469 2318 μὴ
3517 2248 3940 2303 πεπιστεύκασι

2342 2341 2421 2412 τῷ
2454 2343 2519 2394 ὲκ
2549 2339 2644 2393 τοῦ
2674 2339 2888 2411 Πατρὸς
2926 2339 3285 2393 ἀποσταλέντι
3312 2340 3486 2409 Λόγῳ,
3518 2338 3643 2392 οὔτε
3682 2341 3791 2409 τῆς
3831 2357 3940 2406 φω-

2343 2435 2442 2503 νῆς
2473 2433 2767 2503 ἀκηκοέναι
2809 2432 3053 2500 λέγονται
3080 2430 3172 2485 τοῦ
3202 2430 3361 2492 Θεοῦ,
3400 2428 3524 2482 οὔτε
3561 2429 3672 2499 μὴν
3700 2428 3766 2481 τὸ
3799 2424 3937 2492 εἶδος

2344 2524 2508 2579 αὐτοῦ
2541 2523 2828 2578 τεθεᾶσθαι
2876 2522 3117 2583 πώποτε,
3148 2520 3262 2574 ἀλλ’
3295 2520 3417 2574 οὔτε
3469 2519 3612 2590 ἔχειν
3642 2523 3704 2572 ἐν
3746 2520 3936 2581 αὐτοῖς

2344 2612 2660 2667 ἐνοικοῦντα
2691 2613 2782 2665 τὸν
2815 2612 2993 2681 λόγον.
3030 2612 3185 2663 Ἐστι
3217 2610 3281 2681 δὴ
3324 2608 3509 2663 λοιπὸν
3547 2608 3724 2662 ἅπασι
3757 2610 3935 2677 σαφὲς

2344 2706 2440 2759 καὶ
2468 2704 2817 2767 εὐσύνοπτον,
2847 2704 3060 2771 ὅτιπερ,
3093 2703 3140 2754 εἰ
3170 2700 3418 2765 ἐδέξαντο
3447 2700 3538 2752 τὸν
3572 2699 3933 2767 ἀπεσταλμέ-

2344 2810 2452 2855 νον,
2484 2794 2724 2862 ἥκουσαν
2752 2790 2820 2843 ἂν
2855 2790 2948 2843 καὶ
2980 2789 3077 2858 τῆς
3115 2788 3300 2857 φωνῆς
3322 2787 3415 2840 τοῦ
3452 2785 3607 2849 Θεοῦ,
3640 2787 3738 2839 καὶ
3767 2787 3838 2838 τὸ
3865 2781 3935 2838 ei-

2341 2886 2429 2946 δος
2456 2884 2748 2937 ἐθεάσαντο
2776 2882 2959 2946 αὐτοῦ,
2989 2883 3080 2935 καὶ
3106 2877 3251 2950 εἶχον
3271 2879 3579 2933 ἐνοικοῦντα
3612 2879 3708 2932 τὸν
3730 2880 3929 2946 Λόγον.

2344 2970 2528 3023 Ταῦτα
2576 2971 2753 3023 τοίνυν
2789 2971 2966 3023 πάντα
3007 2972 3152 3022 ἐστὶν
3185 2972 3213 3023 6
3258 2970 3404 3034 Υἱὸς,
3439 2970 3591 3039 φωνὴ
3635 2969 3737 3021 καὶ
3766 2964 3929 3032 εἶδος,

2343 3062 2437 3115 καὶ
2465 3062 2635 3129 Λόγος
2676 3060 2771 3113 τοῦ
2813 3061 3045 3131 Πατρός.
3082 3061 3144 3114 Ei
3178 3061 3235 3113 δὲ
3280 3057 3417 3123 εἶδός
3460 3060 3596 3121 ἐστι,
3636 3059 3805 3127 δῆλον
3852 3060 3931 3112 ὅτι

655 3140 745 3196 go,
773 3133 828 3180 et
854 3126 1152 3181 character
1179 3137 1261 3182 est
1285 3130 1327 3183 ⁸.
1357 3129 1571 3185 [labens
1594 3131 1780 3201 itaque
1840 3143 1898 3187 ut
1953 3134 2238 3189 character

2342 3154 2432 3205 καλ⁸
2464 3126 2627 3206 εἰκῶν
2657 3154 2753 3205 καὶ
2794 3126 3101 3223 χαρακτήρ.
3158 3152 3339 3221 Ἔχων
3378 3147 3471 3205 οὖν
3514 3151 3590 3213 ὡς
3636 3153 3932 3222 χαρακτὴρ

658 3216 713 3268 in
740 3228 801 3269 se
828 3214 1155 3270 naturaliter
1198 3218 1579 3287 archetypum,
1634 3220 1749 3273 sive
1799 3223 2077 3291 exemplar
2123 3224 2241 3293 ejus

658 3304 815 3373 cujus
846 3314 933 3360 est
955 3306 1263 3370 character,
1297 3321 1425 3364 vere
1464 3310 1634 3369 dicit:
1678 3330 1697 3363 ι
1731 3310 1841 3381 Ego
1872 3315 1924 3369 in
1976 3314 2158 3381 Patre,
2186 3327 2241 3371 et

658 3399 822 3453 Pater
853 3398 906 3452 in
942 3413 1029 3453 me
1061 3398 1107 3466 ²;
1155 3417 1173 3449 ι
1230 3407 1306 3463 et,
1351 3418 1370 3453 ι
1427 3398 1540 3472 Ego
1602 3412 1657 3459 et
1708 3403 1872 3460 Pater
1923 3422 2089 3463 unum
2143 3422 2238 3464 su-

661 3503 783 3543 mus
820 3488 861 3543 ³.
898 3507 920 3541 ι

729 3616 962 3685 ALIUD,
996 3622 1269 3676 ostendens
1290 3624 1437 3747 quaid)
1458 3624 1681 3707 Verbum
1725 3639 1935 3683 vocetur
1973 3632 2169 3699 species

1438 3713 1509 3747 ει.

1438 3713 1509 3750 ει.

732 3800 1050 3856 Patriarcha
1073 3800 1242 3859 Jacob
1266 3807 1688 3875 cognominatus
1722 3807 1829 3863 fuit
1864 3810 2156 3879 aliquando
2206 3827 2236 3865 a

661 3892 771 3948 Deo
801 3890 991 3948 Israel.
1049 3913 1068 3947 ι
1107 3894 1267 3960 Nam,
1292 3907 1349 3949 ut
1381 3898 1554 3967 inquit
1584 3898 1888 3968 Scriptura,
1908 3913 2131 3957 exortus
2155 3912 2241 3958 est

664 3986 714 4037 ei
759 3985 837 4038 sol
866 3986 1081 4053 quando
1112 3988 1586 4056 trausivitspecies
1614 3988 1703 4044 Dei
1730 3990 1772 4044 ⁸.
1813 4009 1833 4044 ι
1864 3990 2085 4061 Species
2145 4009 2241 4047 au-

662 4087 769 4129 tem
800 4076 898 4131 Dei
928 4078 1183 4145 quidnam
1220 4079 1363 4133 aliud
1388 4080 1480 4144 sit,
1508 4096 1669 4148 quam
1713 4083 1758 4137 is
1777 4083 1867 4152 qui
1907 4084 2073 4138 libere
2123 4086 2237 4139 cla-

662 4175 811 4219 mat:
841 4186 861 4217 ι
890 4169 991 4233 Qui
1031 4170 1161 4221 vidit
1189 4185 1293 4234 me,
1332 4170 1458 4223 vidit
1486 4180 1539 4225 et
1566 4170 1781 4228 Patrem
1807 4175 1850 4229 '.
1916 4174 2028 4244 Ego
2058 4177 2110 4230 in
2139 4176 2238 4230 Pa-

660 4263 761 4318 u'e.
784 4267 836 4311 et
868 4257 1028 4313 Pater
1049 4260 1101 4313 in
1146 4276 1263 4326 me;
1305 4279 1323 4312 ι
1356 4272 1431 4325 et,
1456 4283 1474 4314 ι
1511 4262 1621 4333 Ego
1654 4275 1707 4320 et
1743 4265 1903 4322 Pater
1935 4282 2097 4323 unum
2146 4284 2240 4323 su-

662 4364 781 4403 mus
803 4348 826 4403 i
871 4370 889 4403 ι

803 4545 1129 4616 Objectiones
1150 4550 1375 4603 nostium
1407 4550 1604 4605 Christi
1623 4554 1789 4623 plena:
1810 4557 2094 4625 impietate.

730 4754 1007 4809 aervator,
1046 4746 1317 4817 inquiunt,
1346 4750 1462 4820 ipse
1492 4752 1703 4807 Patrem
1732 4770 1889 4809 suum
1945 4772 2040 4826 pro
2081 4758 2239 4814 disci-

659 4836 799 4903 pulis
830 4836 963 4897 suis,
994 4852 1199 4908 proque
1223 4842 1492 4897 universis
1521 4845 1610 4911 qui
1638 4846 1800 4915 118
1829 4848 1879 4899 in
1913 4847 2082 4915 ipsum
2114 4863 2235 4904 cre-

657 4931 813 4992 dunt,
839 4938 977 4993 orat,
1030 4930 1101 4983 ita
1148 4933 1331 4988 dicens
1366 4951 1377 4986 :
1427 4953 1445 4985 r
1491 4932 1648 4988 Pater
1672 4947 1879 5001 sancte,
1903 4941 2108 4994 custodi
2140 4956 2235 4997 eos

659 5018 711 5069 in
774 5018 990 5073 nomine
1045 5030 1135 5075 tuo
1184 5038 1323 5091 quos
1373 5025 1565 5078 dedisti
1626 5027 1780 5092 mihi,
1816 5029 2007 5083 utsint
2067 5045 2231 5086 unum

657 5108 796 5162 sicut
815 5119 870 5164 et
900 5126 997 5166 nos
1038 5112 1078 5168 ⁸.
1119 5132 1137 5164 ι
1175 5112 1239 5166 Ει
1264 5117 1421 5183 paulo
1455 5125 1615 5186 post:
1655 5137 1672 5170 ι
1709 5117 1821 5175 Nec
1846 5136 1944 5191 pro
1994 5123 2111 5178 istis
2139 5138 2230 5181 so-

660 5198 724 5252 lis
754 5214 907 5269 rogo.
930 5203 1025 5256 sed
1045 5206 1207 5258 etiam
1239 5222 1338 5276 pro
1400 5208 1744 5266 credentibus
1778 5228 1873 5283 per
1923 5229 2228 5272 sermonem

657 5302 841 5340 eorum
863 5289 914 5343 in
947 5308 1070 5346 me:
1103 5305 1157 5347 ut
1179 5311 1367 5350 omnes
1399 5313 1562 5351 unum
1593 5302 1724 5367 sint,
1763 5306 1905 5358 sicut
1938 5314 2014 5369 tu,
2051 5305 2228 5370 Pater,

660 5378 712 5429 iu
745 5389 924 5442 me.et
959 5399 1059 5453 ego
1087 5385 1138 5438 iu
1161 5397 1233 5453 te,
1266 5401 1321 5442 ut
1353 5402 1405 5443 et
1437 5391 1534 5461 ipsi
1581 5393 1633 5447 in
1660 5395 1812 5451 nobis
1864 5413 2035 5451 unum
2070 5400 2179 5454 sint
2206 5416 2220 5465 ;

657 5478 717 5521 ut
746 5472 977 5526 mundus
994 5478 1177 5531 credat
1208 5483 1348 5548 quud
1385 5494 1439 5536 tu
1489 5499 1577 5539 me
1618 5483 1832 5541 misisti.
1868 5489 1935 5544 Et
1979 5502 2079 5558 ego
2113 5490 2227 5560 glo-

736 5644 779 5677 ⁶⁶
806 5648 1162 5731 βρωαινιιι.
1196 5656 1305 5731 :23L
1362 5659 1407 5690 "
1443 5660 1579 5731 tIt-n.
1622 5675 1766 5725 xxxi,
1807 5663 1857 5715 7.
1933 5664 1978 5694 "
2007 5663 2145 5719 Gen.
2175 5681 2347 5731 xsxtt,
2394 5670 2475 5724 Η.

2343 3243 2484 3296 κατά
2536 3240 2700 3309 φύσιν
2744 3243 2801 3293 ὲν
2834 3242 3014 3312 ἑαυτῷ
3045 3241 3107 3294 τὸ
3152 3242 3525 3312 πρωτότυπον,
3556 3235 3619 3293 οὗ
3665 3242 3766 3294 καὶ
3815 3242 3931 3294 ἔστι

2341 3332 2651 3404 χαρακτὴρ,
2682 3332 2974 3402 ἀληθεύσει
3005 3332 3185 3400 λέγων
3208 3348 3221 3362 ·
3256 3351 3274 3384 t
3318 3332 3459 3399 Ἐγὼ
3506 3334 3563 3385 ὲν
3606 3331 3685 3401 τῷ
3728 3333 3928 3403 Πατρὶ,

2341 3425 2435 3477 καὶ
2463 3426 2492 3476 6
2520 3422 2709 3495 Πατὴρ
2738 3425 2795 3478 ὲν
2828 3423 2949 3495 ἐμοί
2970 3440 2983 3454 ’
3023 3443 3043 3476 a
3080 3423 3198 3491 καὶ,
3231 3442 3249 3476 t
3299 3422 3440 3491 Ἐγὼ
3467 3425 3560 3477 καὶ
3592 3425 3621 3475 6
3650 3424 3847 3494 Πατὴρ
3873 3425 3932 3478 ἓν

2341 3516 2529 3586 ἐσμεν.
2578 3533 2598 3567 ι

2340 3647 2548 3711 ΔΛΛΟ,
2612 3646 2912 3716 σημαῖνον
2971 3646 3075 3770 (3r:1
3082 3642 3293 3785 όγεέὄος
3365 3645 3514 3699 Θεοῦ
3569 3644 3846 3698 καλεῖται
3899 3647 3933 3697 ό

3191 3738 3243 3781 ς’

3029 3722 3243 3781 Λόγος.

2425 3828 2485 3884 Ὀ
2533 3830 2877 3901 πατριάρχης
2935 3826 3128 3881 Ἰακὼϐ
3179 3826 3575 3899 μετωνομάσθη
3626 3827 3788 3895 παρὰ
3836 3824 3931 3876 τοῦ

2341 3921 2477 3976 Θεοῦ
2517 3924 2612 3975 καὶ
2641 3922 2900 3993 κέκληται
2946 3921 3089 3975 κατά
3124 3937 3246 3973 τινα
3282 3920 3473 3992 χρόνον
3532 3917 3774 3988 Ἰσραὴλ.
3818 3918 3929 3977 ὅτε,

2341 4014 2490 4068 καθά
2507 4030 2672 4083 φησιν
2693 4015 2729 4084 ἡ
2754 4013 2875 4066 θεία
2895 4011 3108 4082 Γραφὴ,
3146 4030 3164 4062 ι
3205 4009 3501 4063 ’Δνὲτειλεν
3528 4007 3677 4078 αὐτῷ
3702 4011 3729 4061 6
3749 4009 3927 4078 ἥλιος,

2345 4107 2509 4178 ἡνίκα
2538 4105 2786 4176 παρῆλθε
2816 4105 2876 4158 τὸ
2907 4102 3043 4169 εἶδος
3068 4103 3163 4157 τοῦ
3192 4102 3351 4155 Θεοῦ.
3391 4119 3409 4153 ι
3445 4096 3594 4163 Εἶδος
3619 4099 3676 4151 δὲ
3708 4098 3851 4151 Θεοῦ
3879 4098 3929 4150 τι

2343 4198 2411 4251 ἂν
2462 4198 2649 4268 ἓτερον
2697 4195 2806 4267 εἴη,
2864 4198 2912 4249 ει
2962 4196 3038 4268 μὴ
3083 4196 3299 4257 πάντως
3346 4196 3375 4247 6
3424 4192 3561 4262 μετὰ
3608 4191 3929 4261 παρρησίας

2343 4288 2521 4359 βοῶν’
2578 4307 2596 4338 ι
2667 4290 2724 4341 '0
2784 4287 3047 4359 ἑωρακὼς
3080 4286 3203 4357 ἐμὲ,
3256 4285 3467 4355 ἑώρακε
3524 4284 3612 4337 τὸν
3680 4282 3924 4351 Πατέρα.

2353 4380 2496 4449 Ἐγὼ
2535 4381 2594 4433 ἐν
2639 4380 2716 4450 τῷ
2758 4382 2954 4450 Πατρὶ,
2992 4380 3084 4433 καὶ
3129 4381 3156 4432 6
3203 4377 3391 4449 Πατὴρ
3432 4378 3490 4428 ὲν
3530 4375 3687 4427 ὲιιοεο
3736 4394 3754 4424 ι
3805 4376 3923 4437 καὶ,

2352 4488 2370 4521 ι
2417 4468 2557 4538 Ἐγὼ
2581 4469 2673 4521 καὶ
2697 4471 2724 4521 ὁ
2757 4468 2940 4540 Πατὴρ
2964 4468 3023 4520 ἓν
3055 4468 3255 4537 ὲσμεν;
3305 4484 3323 4517 ι

2273 4556 2315 4610 D
2354 4581 2684 4645 Ἀντίθεσις
2730 4580 2810 4645 ὡς
2854 4580 2971 4634 ἀπὸ
3023 4578 3141 4633 τῶν
3168 4573 3603 4658 γριστομὰχων,
3639 4572 3925 4636 ἀσεῦεἰας

3043 4664 3254 4714 usam.

2411 4767 2761 4839 Εὑρίσκεται,
2818 4769 3007 4837 φασὶν,
3042 4768 3204 4830 αὐτὸς
3258 4766 3288 4819 6
3334 4764 3525 4834 Σωτὴρ
3574 4761 3665 4814 τὸν
3720 4758 3920 4813 ἑαυτοῦ

2339 4859 2560 4929 Πατέρα
2610 4860 2942 4931 παρακαλῶν
2976 4860 3116 4930 ὑπὲρ
3154 4875 3210 4911 τε
3228 4859 3339 4912 τῶν
3390 4856 3584 4909 ἑαυτοῦ
3633 4853 3920 4924 μαθητῶν,

2341 4951 2437 5003 καὶ
2464 4951 2604 5022 ὑπὲρ
2661 4953 2877 5005 πάντων
2905 4951 3011 5005 τῶν
3033 4952 3115 5015 εἰς
3150 4948 3310 5003 αὑτὸν
3342 4948 3803 5007 πεπιστευκότων,
3821 4947 3920 4998 καὶ

2337 5036 2481 5092 οὕτω
2526 5040 2732 5107 λέγων’
2780 5060 2797 5092 r
2838 5040 3018 5111 Πάτερ
3046 5039 3189 5107 ἆγιε,
3222 5040 3460 5109 τήρησον
3505 5037 3699 5097 αὐτοὺς
3747 5037 3803 5087 ἐν
3836 5035 3918 5102 τῷ

2338 5129 2561 5199 ὀνόματί
2612 5148 2727 5194 σου,
2774 5131 2869 5194 οὓς
2906 5130 3142 5193 δέδωκάς
3178 5146 3289 5199 μοι,
3340 5128 3427 5182 ἵνα
3457 5120 3590 5180 ὦσιν
3629 5126 3686 5179 ἐν
3732 5123 3915 5186 καθὼς

2335 5223 2430 5274 καὶ⁴
2455 5222 2637 5292 ἡμεῖς.
2674 5242 2692 5273 ι
2730 5223 2842 5278 Καὶ
2870 5222 2989 5293 μεθ’
3023 5222 3184 5293 ἔτερα
3207 5238 3220 5252 ·
3268 5239 3287 5271 ι
3334 5221 3410 5274 Οὐ
3444 5222 3574 5291 περὶ
3611 5218 3814 5270 τούτων
3856 5216 3913 5267 δὲ

2338 5313 2517 5385 μόνων
2552 5315 2760 5386 ἐρωτῶ,
2806 5314 2941 5368 ἀλλὰ
2971 5316 3067 5367 καὶ
3116 5314 3241 5384 περὶ
3269 5312 3378 5367 τῶν
3423 5310 3787 5365 πιστευόντων
3822 5307 3913 5359 διὰ

2333 5402 2429 5455 τοῦ
2468 5402 2629 5471 λόγου
2655 5404 2835 5459 αὐτῶν
2872 5405 2949 5469 εἰς
2978 5404 3080 5476 ἐμέ
3101 5420 3115 5433 °
3149 5403 3236 5457 ἵνα
3274 5403 3471 5465 πάντες
3494 5401 3549 5453 ἓν
3576 5394 3698 5463 ὦσι,
3727 5398 3911 5485 καθὼς

2335 5492 2423 5558 σὺ,
2464 5493 2673 5566 Πατὴρ,
2716 5495 2773 5549 ὲν
2802 5495 2946 5567 ἐμοὶ,
2983 5494 3138 5565 κάγὼ
3171 5497 3230 5548 ὲν
3265 5494 3366 5552 σοὶ.
3412 5494 3499 5549 ἰνα
3539 5492 3633 5545 καὶ⁵
3672 5491 3825 5544 αὐτοὶ
3850 5489 3911 5540 ὲν

3708 5670 3727 5700 ’
3750 5666 3906 5721 JOau.

2579 5672 2622 5702 "
2651 5670 2806 5724 Juan.
2842 5685 2897 5728 ν.
2926 5670 3015 5727 57.
3044 5671 3134 5725 58.
3251 5672 3262 5703 ¹
3303 5670 3463 5726 llcbr.
3497 5686 3534 5737 ι,
3573 5672 3627 5726 5.

654 5729 770 5785 xw,
803 5719 885 5774 ΙΙ.
962 5722 981 5753 ³
1008 5722 1162 5779 Joau.
1194 5745 1244 5784 κ.
1277 5729 1365 5781 δυ.
1446 5730 1463 5760 ’θ
1491 5731 1626 5786 Gen.
1663 5719 1833 5801 usu,
1868 5732 1981 5798 δίη
2034 5735 2054 5765 ⁸
2084 5719 2238 5791 Joau.

2340 5719 2483 5805 ἰν,
2566 5741 2583 5772 ⁸
2614 5740 2769 5797 .loan.
2806 5719 2933 5805 init,
2975 5741 3059 5797 il.
