4072 6510
210 393 316 452 197

1633 398 2075 456 ΤΙΙΕΒΛΙΪΜΙΞ.

3378 410 3481 466 193

210 514 342 583 ἡμῖν
368 510 429 565 ἓν
456 505 624 565 ὦσινο
659 511 798 565 ἴναό
834 511 1039 580 κόσμος
1084 511 1349 584 πιστεύσῃ
1384 513 1465 566 Et:
1508 512 1572 566 σύ
1608 532 1673 584 με
1699 515 1792 568 ἀπ-

1910 520 2044 571 riam
2067 535 2229 588 quant
2261 520 2455 576 dedisti
2484 521 2614 575 mihi
2643 522 2765 576 dedi
2810 523 2909 590 eis,
2929 534 2987 578 ιιι
3014 525 3122 580 sint
3153 541 3318 579 ttnum
3343 528 3484 581 sicut

212 606 483 671 έστειλας.
522 604 696 675 Κάγὼ
729 607 829 675 τὴν
859 607 1018 671 δόξαν
1050 607 1116 677 ἢν
1163 608 1401 672 δέδωκάς
1451 628 1561 680 μοι,
1596 611 1805 665 δέδωκα

209 697 417 762 αὐτοῖς,
436 698 524 751 ἵνα
551 691 684 750 ὦσιν
716 696 773 749 ἓν
790 696 970 761 καθὼς
989 700 1149 769 ἡμεῖς
1164 698 1241 752 ἓν.
1274 700 1415 768 Ἐγὼ
1435 706 1493 754 ἐν
1510 703 1693 767 αὐτοῖς
1709 704 1804 757 καὶ

211 790 277 840 σὺ
297 788 513 858 ὲνὲμοὶ,
537 788 624 841 ἵνα
655 782 757 841 ὦσι
784 788 1193 859 τετελειωμένοι
1228 793 1308 853 εἰς
1332 792 1389 845 ἓν
1408 810 1421 822 υ
1451 794 1534 845 ἵνα
1557 795 1800 867 γινώσκῃ

209 879 239 930 ὁ
286 879 487 949 κόσμος
526 880 607 931 ὃτι
638 878 701 931 σύ
749 896 817 949 με
866 880 1234 944 ἀπέσταλκας.
1280 902 1297 933 ι
1337 884 1550 936 Οὐκοῦν
1610 884 1802 957 ὥσπερ

207 970 485 1040 ἄνθρωποι
517 971 617 1040 τὴν
669 970 833 1039 φύσιν
861 971 1015 1033 ὄντες
1046 973 1203 1041 ἡμεῖς
1235 977 1293 1027 ἐν
1332 975 1411 1044 τῷ
1441 976 1614 1047 Πατρὶ
1655 979 1803 1044 γινόο

211 1059 373 1127 μεθα,
407 1060 549 1113 οὕτω
579 1061 674 1113 καὶ
703 1061 864 1123 αὐτὸς
905 1063 932 1113 6
963 1061 1090 1125 Υἱὺς
1136 1064 1194 1117 ἓν
1232 1066 1349 1119 ἐστι
1383 1065 1519 1135 πρὸς
1562 1067 1651 1119 τὸν
1692 1070 1802 1120 Πα-

205 1148 361 1217 τέρα.
393 1149 502 1201 Καὶ
544 1149 708 1210 αὐτὸς
748 1149 803 1201 δὲ
839 1149 1002 1201 πάλιν
1048 1152 1076 1203 6
1121 1152 1333 1223 Πατὴρ,
1370 1153 1544 1216 οὕτως
1581 1155 1638 1207 ἓν
1681 1157 1798 1210 ἐστι

207 1240 344 1308 πρὸς
374 1241 467 1294 τὸν
494 1240 642 1303 Υῖον,
671 1241 925 1312 καθάπερ
958 1244 1051 1295 καὶ
1086 1244 1220 1311 πρὸς
1253 1245 1422 1314 ἡμᾶς.
1470 1246 1797 1317 Kal-6317:5152

205 1332 381 1394 οὐδεὶς
402 1331 702 1399 ἀναγκάζει
735 1332 893 1400 λόγος
919 1332 1137 1402 ὁμοίους
1170 1336 1314 1404 ἡμᾶς
1345 1332 1482 1389 εἶναι
1524 1339 1661 1390 κατά
1695 1339 1795 1406 φό-

207 1440 293 1475 σιν
322 1424 399 1492 τῷ
428 1423 624 1493 Πατρὶ,
656 1423 738 1475 ὅτι
770 1423 834 1493 δὴ
865 1423 959 1475 καὶ
989 1423 1125 1493 πρὸς
1155 1425 1317 1478 αὐτὸν
1343 1426 1400 1477 ἓν
1430 1426 1674 1494 γίνεσθαι
1707 1429 1795 1481 λε-

204 1514 437 1583 γόμεθα,
462 1514 634 1577 οὕτως
655 1515 753 1567 οὐκ
779 1514 995 1585 ἀνάγκη
1022 1517 1170 1567 πᾶσα
1198 1516 1375 1584 λέγειν
1395 1519 1455 1569 ἐκ
1478 1518 1579 1588 τῆς
1605 1519 1794 1585 οὐσίας

200 1601 341 1657 εἶναι
372 1605 467 1658 τοῦ
506 1606 715 1675 [ἰατρὸς
747 1606 838 1658 τὸν
875 1606 1020 1665 Υἰὸν,
1042 1606 1341 1678 ἐπειδήπερ
1360 1609 1523 1678 φησίν
1543 1624 1557 1639 ο
1590 1630 1607 1661 ι
1650 1610 1792 1678 Ἐγὼ

201 1698 262 1749 ὲν
295 1697 371 1765 τῷ
405 1698 600 1767 Πατρὶ,
637 1698 730 1750 καὶ
754 1699 782 1750 6
812 1698 1004 1769 Πατὴρ
1037 1699 1097 1750 ὲν
1122 1698 1264 1768 ἐμοί.
1305 1718 1324 1751 ι
1372 1702 1460 1764 Ὠς
1491 1701 1599 1773 γάρ
1643 1720 1793 1774 προ-

199 1788 456 1852 λαϐόντες
492 1792 813 1860 εἰρήκαμεν,
869 1790 1042 1854 οὕτως
1086 1792 1236 1844 ἐστὶν
1282 1794 1340 1844 ὲν
1392 1793 1588 1865 Πατρὶ,
1647 1794 1791 1848 καθά

1909 620 1961 664 ει
1983 625 2085 665 nos
2109 627 2274 666 unum
2305 628 2512 667 smnus.
2547 614 2656 683 Ego
2682 614 2733 667 in
2784 615 2934 682 ipsis,
2983 626 3038 671 et
3081 627 3134 671 ιιι
3173 618 3225 671 in
3273 634 3388 681 me;
3428 630 3484 670 ut

1906 702 2017 756 sint
2052 702 2277 772 perl'ecti
2313 704 2365 757 in
2390 718 2595 769 unum;
2651 713 2709 756 ιιι
2737 716 3025 772 cognoscat
3060 708 3292 761 mundus
3342 710 3483 777 quod

1908 802 1960 847 tu
1996 810 2079 847 me
2110 794 2303 848 misisti
2338 795 2380 848 ⁷.
2422 813 2440 845 ι
2469 793 2929 859 Quemadmodum
2989 796 3152 865 igitur
3226 814 3324 851 nos
3392 802 3480 867 qui

1906 882 2153 936 homines
2181 898 2387 948 sumus,
2415 882 2466 936 in
2498 882 2661 937 Patre
2687 899 2873 937 sumus
2905 901 2920 937 :
2972 886 3043 938 ita
3096 887 3261 939 etiam
3317 888 3482 943 Filius

1904 989 2068 1027 unum
2097 982 2179 1027 est
2204 989 2325 1027 cum
2355 974 2531 1031 Patre.
2570 973 2634 1027 Et
2668 975 2934 1040 vicissim,
2962 975 3123 1029 l’ater
3152 979 3265 1045 ipse
3309 979 3378 1031 ita
3403 991 3482 1033 est

1902 1079 2069 1118 unum
2112 1079 2233 1118 cum
2268 1064 2423 1129 Filio,
2448 1068 2584 1119 sicut
2612 1076 2663 1120 et
2696 1066 2997 1120 nobiscum.
3033 1067 3096 1120 Et
3129 1072 3480 1137 quemadmo-

1901 1160 2024 1208 dum
2050 1156 2192 1209 nulla
2229 1159 2363 1211 ratio
2394 1159 2556 1227 cogit,
2582 1169 2642 1211 ut
2674 1172 2771 1211 nos
2799 1158 3093 1211 svcuudum
3124 1169 3372 1213 naturam
3404 1163 3461 1214 si-

1901 1244 2057 1299 miles
2125 1247 2297 1302 simus
2366 1248 2550 1313 Patri,
2624 1250 2714 1318 qui
2780 1265 2946 1302 unum
3002 1267 3125 1303 cum
3179 1252 3297 1319 ipso
3363 1252 3478 1306 ﬁeri

1898 1336 2129 1391 dicimur
2163 1354 2176 1390 :
2236 1341 2309 1393 ita
2335 1357 2437 1395 non
2470 1357 2691 1410 prorsus
2732 1357 2951 1396 necesse
3010 1353 3094 1396 est
3127 1354 3181 1396 ut
3216 1344 3382 1397 Filius
3408 1343 3475 1400 sit

1896 1443 1961 1483 ex
1996 1430 2228 1485 essentia
2264 1432 2461 1493 Patris,
2499 1433 2751 1502 quoniam
2803 1431 2919 1485 ait:
2959 1450 2977 1483 ι
3018 1433 3128 1500 Ego
3190 1434 3240 1487 iu
3296 1433 3475 1498 Patre,

1896 1530 1952 1575 et
1973 1522 2213 1576 Patertn
2240 1538 2347 1577 me.
2395 1541 2412 1574 ι
2442 1521 2598 1587 Nam,
2642 1534 2699 1575 ut
2726 1534 2851 1576 ante
2874 1525 3135 1588 diximus,
3166 1525 3237 1578 ita
3286 1536 3367 1579 est
3420 1528 3472 1579 iu

1894 1611 2075 1679 Patre,
2095 1615 2238 1669 sicut
2259 1623 2311 1668 ct
2331 1629 2445 1668 nos.
2466 1615 2571 1668 Aut
2605 1630 2733 1684 ergo
2761 1632 2982 1670 necesse
3020 1628 3101 1670 est
3127 1618 3281 1671 fateri
3311 1619 3475 1671 etiam

1896 1720 1995 1759 nos
2021 1721 2087 1759 ex
2131 1705 2367 1759 essentia
2396 1705 2574 1759 Patris
2595 1720 2735 1771 esse,
2759 1708 2882 1773 quia
2909 1723 3072 1761 unum
3106 1708 3232 1762 l'acti
3285 1725 3474 1762 sumus

1895 1812 2017 1850 cum
2052 1796 2182 1860 Deo,
2204 1804 2295 1848 aut
2319 1796 2362 1849 si
2392 1797 2637 1849 homines
2678 1813 2963 1851 manemus
3022 1800 3235 1852 etiamsi
3301 1817 3469 1855 uuttm

200 1881 296 1934 καὶ
322 1883 500 1949 ἡμεῖς.
538 1881 609 1933 Ἢ
644 1882 824 1935 τοίνυν
865 1882 959 1935 καὶ
996 1883 1146 1952 ἡμᾶς
1179 1882 1476 1936 ἀκόλουθον
1512 1884 1792 1954 ὁμολογεῖν

1899 1887 2089 1939 liamus
2112 1899 2236 1938 cum
2264 1884 2396 1946 Deo,
2437 1899 2649 1952 arquum
2686 1895 2787 1949 est,
2816 1897 2874 1940 ut
2901 1886 3038 1942 idem
3078 1890 3144 1942 de
3185 1888 3322 1942 Filio
3344 1906 3476 1943 cen-

199 1974 265 2025 ὲκ
298 1973 400 2041 τῆς
431 1972 620 2035 οὐσίας
649 1969 788 2026 εἶναι
835 1973 930 2026 τοῦ
972 1974 1205 2045 Πατρὸς,
1236 1974 1324 2027 διά
1363 1975 1423 2026 τὸ
1454 1974 1511 2026 ἓν
1539 1975 1788 2042 γίνεσθαι

200 2066 337 2135 πρὸς
370 2064 526 2127 Θεὸν,
577 2065 610 2135 ἢ
661 2066 709 2117 εί
756 2066 991 2136 μένομεν
1040 2064 1336 2135 ἄνθρωποι,
1376 2065 1478 2119 κᾶν
1517 2065 1575 2118 ἒν
1618 2067 1789 2133 γενώ-

204 2156 341 2226 μεθα
371 2156 507 2227 πρὸς
536 2156 628 2209 τὸν
680 2157 920 2227 Πατέρα,
950 2157 1158 2211 δίκαιον
1193 2158 1289 2211 καὶ
1318 2159 1403 2227 ἐφ’
1457 2158 1585 2212 Υἱοῦ
1629 2160 1789 2214 τοῦτο

199 2254 436 2322 φρονεῖν.
490 2252 658 2305 Μὲνει
710 2253 819 2323 γάρ
864 2253 959 2305 ἐπὶ
1003 2253 1101 2323 τῆς
1156 2253 1349 2306 ἑαυτοῦ
1403 2254 1638 2323 φύσεως,
1684 2255 1785 2309 οὐκ

199 2345 465 2417 ὑπάρχειν
498 2345 727 2415 λέγηται
760 2346 901 2418 πρὸς
930 2346 1117 2399 αὐτόν.

757 2460 948 2525 Λύσις
975 2457 1220 2527 ἐφεξῆς.

272 2564 460 2618 Ταῦτα
510 2567 606 2620 καὶ
656 2568 684 2620 6
732 2567 842 2620 τῶν
877 2570 1265 2639 χριστομάκων
1310 2570 1493 2642 πατὴρ
1544 2572 1640 2625 καὶ
1687 2572 1789 2641 τῆς¹

199 2653 469 2724 φλυαρίας
504 2656 683 2709 αὐτῶν
714 2658 947 2728 χορηγὸς
981 2659 1230 2723 διάϐολος
1278 2661 1515 2732 εἰρηκὼς
1549 2663 1747 2733 ἤκουσε
1769 2678 1785 2694 °

203 2764 221 2795 ι
259 2743 374 2798 Νῦν
405 2746 461 2798 δὲ
495 2748 575 2808 εἰς
603 2746 734 2817 ᾅδην
762 2750 1048 2821 καταδήσῃ
1086 2752 1176 2803 καὶ
1216 2754 1297 2816 εἰς
1330 2755 1395 2805 τά
1431 2754 1656 2825 θεμέλια
1688 2757 1787 2824 τῆς

196 2836 318 2906 γῆς.
365 2854 383 2887 ι
429 2835 517 2899 Ὦς
551 2837 658 2907 γὰρ
691 2839 1023 2910 τετόλμηκεν
1058 2843 1232 2894 εἰπεῖν
1265 2845 1470 2907 ἐκεῖνος
1493 2861 1504 2873 ·
1538 2864 1557 2896 ι
1632 2847 1788 2899 Ἀνα-

198 2926 438 2995 6ἡσομαι
480 2927 666 2979 ἐπάνω
693 2926 803 2979 τῶν
829 2928 1090 2994 νεφελῶν,
1122 2932 1214 2983 καὶ
1245 2931 1440 3001 ἔσομαι
1488 2932 1674 3001 ὅμοιος
1704 2932 1783 3003 τῷ

1895 1974 2496 2031 εειιιιιιιε.Μιιιιειειιίιιι
2557 1977 2608 2029 iu
2655 1993 2752 2031 sua
2817 1988 3029 2046 natura,
3084 1996 3189 2033 nm:
3234 1981 3476 2035 sublatus

1897 2067 2263 2122 inessentiam
2296 2065 2501 2134 Patris,
2528 2069 2741 2122 tametsi
2783 2085 2951 2124 unum
3000 2085 3124 2124 cum
3192 2071 3308 2141 ipso
3353 2087 3477 2127 esse

1896 2159 2127 2211 dicatur.

1858 2251 2166 2308 ἀναϐαίνων
2233 2252 2314 2315 είς
2358 2252 2459 2324 τὴν
2490 2251 2585 2304 τοῦ
2630 2250 2841 2323 ἰιατιρὸς
2886 2253 3102 2319 οὐσίαν,
3153 2253 3258 2308 κᾶν
3291 2255 3366 2318 ὡς
3414 2254 3476 2308 ἒν

2408 2449 2616 2505 Salutio
2650 2451 2978 2519 Objectiattis.

1960 2564 2081 2619 [huc
2112 2565 2225 2631 ipsa
2253 2563 2500 2619 diabolus
2531 2565 2727 2630 ctiam,
2769 2567 3001 2621 hostium
3064 2567 3261 2622 Christi
3295 2579 3471 2640 pater,

1886 2670 1935 2707 et
1971 2657 2184 2709 illorum
2254 2657 2580 2723 nugacitalis
2638 2658 3051 2726 antesignanus,
3105 2658 3267 2721 dixit,
3312 2673 3473 2733 atque

1886 2744 2024 2805 ideo,
2052 2745 2249 2797 audivit
2278 2763 2291 2797 :
2325 2763 2343 2795 ι
2376 2742 2527 2797 Nunc
2550 2746 2615 2797 ad
2647 2743 2849 2799 inferos
2878 2749 3171 2802 descendes
3198 2759 3246 2802 et
3266 2750 3316 2803 iu
3346 2749 3470 2805 fun-

1894 2835 2142 2886 damenta
2174 2843 2354 2887 terrtc.
2382 2852 2401 2884 ι
2430 2834 2896 2899 Quemadmodum
2919 2838 3062 2890 enim
3085 2838 3171 2892 ille
3193 2855 3355 2893 ausus
3387 2851 3473 2895 est

1892 2923 2070 2978 dicere
2106 2942 2117 2978 :
2158 2942 2175 2975 t
2200 2924 2503 2979 Asceudam
2540 2942 2703 2993 super
2727 2928 2921 2991 nubes,
2948 2940 3003 2981 et
3031 2944 3126 2982 ero
3155 2931 3350 2986 similis
3375 2932 3469 2986 Al-

211 3015 485 3087 ’Υψίστῳο
516 3036 534 3069 ι
570 3016 660 3070 τὸν
689 3018 852 3070 αὐτὸν
876 3017 939 3089 δὴ
973 3019 1174 3090 τρόπον
1200 3022 1292 3074 καὶ
1316 3014 1484 3084 οὗτοι,
1523 3023 1657 3075 πολύ
1681 3022 1783 3092 τῆς

1895 3015 2101 3068 tissimo
2127 3016 2147 3046 '
2179 3032 2192 3067 :
2221 3035 2239 3065 )
2261 3018 2449 3069 eadem
2513 3015 2723 3070 ratione
2780 3018 2942 3071 etiam
2990 3017 3075 3073 isti
3105 3020 3349 3075 humana:
3374 3039 3472 3077 na-

196 3107 506 3178 ἀνΘρὼπων
552 3108 769 3177 φύσεως
818 3111 945 3173 τοὺς
987 3110 1145 3182 ὄρους
1193 3112 1646 3183 ὐπερϐαινόμενοι
1694 3113 1788 3166 καὶ

196 3202 300 3272 τῆς
342 3202 530 3264 οὐσίας
573 3201 873 3264 ἀναϐάντες
904 3202 965 3254 τὸ
1011 3201 1230 3273 μέτρον,
1264 3205 1326 3255 οὐ
1367 3204 1657 3273 φοϐοῦνται
1702 3205 1790 3258 λὲο

197 3310 421 3360 γοντεςο
481 3292 747 3363 Ἐσόμεθα
794 3293 971 3364 ὅμοιοι
1005 3293 1080 3363 τῷ
1129 3292 1389 3364 ’Υψίστιμ
1440 3295 1654 3367 ’Ὠσπερ
1696 3292 1789 3350 οὖν

198 3384 454 3455 ἀληθεύει
500 3386 526 3437 6
572 3383 667 3437 τοῦ
696 3384 833 3437 Θεοῦ
863 3385 1035 3452 Λόγος
1071 3384 1232 3455 βοῶν,
1260 3386 1341 3438 ὅτι
1379 3404 1396 3436 ι
1450 3385 1591 3454 Ἐγὼ
1625 3388 1715 3440 καὶ
1761 3388 1790 3439 ὁ

200 3477 391 3549 Πατὴρ
427 3478 485 3530 ἓν
514 3478 704 3547 ἐσμεν,
740 3495 759 3529 ι
791 3476 879 3530 διὰ
907 3476 970 3530 τὸ
996 3477 1096 3548 τῆς
1128 3478 1319 3541 οὐσίας
1346 3478 1786 3549 ἀπαράλλακτον,

198 3567 344 3622 οὕτω
392 3569 488 3622 καὶ
525 3570 574 3622 οἱ
621 3570 979 3639 χριστομάχοι
1022 3569 1229 3623 εἴποιεν
1276 3568 1343 3623 ἂν
1398 3570 1787 3640 ἀληοεύοντεςο

221 3662 416 3732 Ἡμεῖς
437 3662 530 3715 καί⁵
557 3661 586 3712 6
602 3660 784 3731 πατὴρ
817 3660 976 3731 ἡμῶν
1007 3663 1036 3714 6
1060 3660 1303 3725 διάϐολος
1333 3661 1391 3715 ἓν
1414 3663 1600 3731 ἐσμεν,
1617 3661 1703 3715 διά
1725 3662 1789 3715 τὺ

201 3752 304 3824 τῆς
333 3754 557 3825 γνώμης
588 3753 1027 3824 ἀπαράλλακτον.
1064 3755 1157 3816 El;
1178 3753 1332 3807 τοῦτο
1357 3754 1413 3809 δὲ
1444 3754 1541 3826 ἤδη
1578 3756 1789 3826 μωρίας

204 3844 518 3898 ἐλαύνουσιν
543 3845 615 3908 ὡς
648 3844 859 3898 οἴεσθαι
892 3846 1036 3899 κατά
1072 3847 1231 3915 χάριν
1259 3845 1482 3916 ἔχοντας
1518 3845 1579 3899 τὸ
1603 3845 1789 3898 καλεῖ-

204 3937 329 3989 σθαι
361 3935 533 4000 θεοὺς,
563 3936 782 4008 ὁμοίους
822 3934 960 3991 εἶναι
988 3936 1247 3989 δύνασθαι
1293 3937 1434 3992 κατά
1482 3938 1581 4008 τὴν
1627 3939 1790 4005 φύσιν

202 4027 298 4080 τοῦ
334 4027 432 4097 τὴν
470 4028 629 4099 χάριν
677 4028 1086 4090 ὲπιδεδωκότος.
1138 4028 1244 4079 Καὶ
1283 4029 1389 4079 υἱοὶ
1436 4027 1788 4098 κεκλημένοι,

204 4119 328 4173 καθ’
357 4120 654 4190 ὁμοιότητα
684 4119 777 4173 τοῦ
807 4120 946 4173 κατά
978 4119 1139 4187 φύσιν
1170 4118 1325 4181 Υἱοῦ,
1374 4120 1520 4183 ἴσους
1562 4120 1790 4183 ἑαυτοὺς

204 4208 346 4266 εἶναι
399 4211 718 4264 πιστεύουσι
767 4211 860 4264 τοῦ
902 4210 1037 4281 πρὸς
1079 4210 1352 4264 υἱοθεσίαν
1401 4210 1787 4278 ἀναγαγόντος,

207 4305 303 4357 καὶ
332 4305 393 4357 τὸ
422 4304 552 4357 ἴδιον
596 4303 761 4357 αὐτοῦ
803 4305 946 4357 κατὰ
980 4303 1141 4373 φύσιν
1174 4302 1411 4373 ἀξίωμα,
1456 4301 1598 4356 κατά
1629 4303 1790 4374 νάριν

207 4397 393 4462 αὐτοῖς
423 4396 702 4460 ἐπιθέντος
727 4395 816 4449 διὰ
860 4395 1062 4466 πολλὴν
1098 4394 1529 4466 φιλανθρωπίαν.

483 4508 805 4573 Ἄντίθεσις
831 4507 913 4572 ὡς
941 4507 1010 4560 ἐκ
1040 4506 1159 4560 τῶν·
1190 4504 1521 4575 αἱρετικῶν.

280 4618 404 4671 Κᾶν
444 4617 600 4688 λέγῃ,
654 4619 839 4688 φασιν,
878 4620 907 4671 6
956 4618 1106 4682 Υἱὸς,
1148 4615 1289 4685 Ἐγὼ
1332 4618 1427 4669 καὶ
1455 4619 1483 4670 ό
1520 4615 1708 4689 Πατὴρ
1737 4616 1795 4669 ἓν

212 4708 400 4779 ἐσμεν,
433 4708 494 4760 οὐ
524 4708 743 4771 πάντως
772 4710 923 4763 ἔσται
949 4707 1050 4777 τῆς
1078 4707 1249 4777 αὐτῆς
1276 4706 1464 4770 οὐσίας
1492 4706 1571 4778 τῷ
1603 4708 1795 4778 Πατρὶ,

212 4802 336 4854 ἐπεὶ
378 4802 474 4855 καὶ⁸
507 4802 672 4870 ἡμεῖς
704 4801 985 4873 ἄνθρωποι
1033 4801 1179 4854 κατά
1218 4799 1381 4867 φύσιν
1416 4800 1588 4863 ὅντες,
1624 4799 1682 4852 ἓν
1720 4799 1798 4863 ὼς

218 4891 353 4962 πρὸς
384 4893 474 4945 τὸν
499 4893 632 4946 Θεὸν
660 4893 924 4962 γινόμεθα
943 4910 957 4922 ·
993 4893 1088 4945 καὶ
1119 4891 1329 4962 μάρτυς
1372 4890 1531 4953 αὐτὸς
1568 4890 1742 4958 λέγων
1769 4891 1798 4942 6

219 4983 343 5046 Υἱός
372 4999 384 5013 ο
424 5001 442 5035 ι
498 4983 677 5045 Θέλω,
723 4984 927 5052 Πάτερ,
981 4983 1067 5036 ἵνα
1118 4981 1306 5053 ὥσπερ
1342 4980 1454 5049 ἐγὼ
1495 4982 1591 5035 καὶ
1630 4982 1695 5034 σὺ
1739 4981 1799 5033 ἓν

217 5076 404 5145 ἐσμεν,
431 5073 575 5127 οὕτω
609 5074 703 5127 καὶ
742 5074 896 5127 αὐτοὶ
924 5074 982 5126 ὲν
1014 5076 1145 5144 ἡμῖν
1180 5072 1238 5125 ἓν
1271 5067 1423 5125 ὦσιν.

704 5250 861 5317 Πρὸς
900 5249 1075 5303 τοῦτο
1106 5249 1308 5314 λύσις.

292 5366 353 5418 El
380 5365 552 5428 οὕτως
591 5364 728 5416 εἰσιν
761 5363 789 5415 6
835 5363 1026 5433 Πατὴρ
1078 5362 1172 5415 καὶ
1212 5363 1241 5413 6
1288 5359 1418 5422 Υἱὸς
1459 5358 1539 5421 ἓν,
1575 5357 1652 5421 ὡς
1704 5357 1797 5408 καὶ

216 5460 379 5526 ἡμεῖς
420 5456 556 5527 πρὸς
601 5455 691 5509 τὸν
732 5456 971 5525 Πατέρα,
1023 5454 1119 5507 καὶ
1151 5456 1179 5507 6
1228 5451 1418 5523 Πατὴρ
1454 5450 1589 5519 πρὸς
1628 5449 1798 5519 ἡμᾶς,

218 5547 370 5600 οὐδὲν
403 5546 513 5616 ἄρα
541 5545 602 5599 τὺ
633 5543 836 5616 μεταξῦ
865 5544 956 5597 τοῦ
987 5542 1124 5598 Θεοῦ
1152 5543 1321 5610 Λόγου
1350 5541 1446 5596 καὶ
1473 5539 1653 5612 ἡμῶν,
1684 5538 1800 5591 ἀλλ’

219 5641 376 5693 ἔσται
417 5637 558 5691 κατὰ
592 5637 753 5705 φύσιν
783 5639 916 5707 ἡμῖν
942 5638 971 5691 6
1001 5635 1183 5701 αὐτὸς,
1203 5634 1390 5688 διοίσει
1428 5633 1484 5687 δὲ
1520 5633 1684 5703 μόνον
1720 5628 1799 5701 τῷ

1474 5813 1489 5842 ί
1526 5809 1658 5866 lhid.
1695 5805 1776 5864 Η.

307 5815 326 5849 '
355 5817 506 5873 .loau.
549 5834 677 5882 xm,
711 5814 905 5870 20-22.
984 5814 1004 5843 "
1034 5811 1137 5867 ISLI.
1171 5826 1278 5875 tm,
1318 5810 1399 5866 l9.

1895 3113 2024 3157 tune
2050 3104 2249 3158 limites
2270 3104 2426 3175 longe
2462 3107 2849 3171 trausilieutes,
2885 3119 2939 3162 et
2998 3111 3323 3165 substantiae
3357 3128 3471 3167 sua:

1893 3194 2164 3247 modulum
2223 3196 2695 3259 lt‘attsceutlctttcs,
2749 3213 2853 3251 non
2930 3211 3187 3253 vercutur
3239 3202 3465 3257 dicere:

1892 3281 2106 3338 Erimus
2135 3286 2343 3341 similes
2365 3288 2669 3341 Altissimo.
2722 3287 2873 3342 Sicut
2933 3289 3096 3358 igitur
3162 3307 3288 3345 vere
3343 3294 3474 3348 dicit

1896 3375 2127 3429 Verbum
2148 3375 2260 3442 Dei,
2287 3378 2528 3432 clamans
2556 3395 2569 3431 :
2611 3380 2752 3448 «Ego
2774 3388 2828 3433 et
2852 3379 3193 3436 Paterunutn
3224 3400 3465 3445 sumus.»

1890 3476 2110 3536 propter
2140 3468 2474 3523 idcntitatem
2502 3471 2753 3525 essentia;
2781 3489 2796 3525 :
2827 3471 2901 3525 ita
2925 3472 3085 3527 etiam
3104 3475 3286 3531 hostes
3312 3460 3472 3532 Citri-

1890 3557 1959 3611 sti
1978 3558 2161 3612 dicant
2193 3572 2352 3611 vere:
2385 3556 2494 3614 Nos
2521 3567 2574 3612 et
2603 3570 2756 3628 pater
2772 3570 2960 3615 noster
2987 3562 3231 3618 diabolus
3301 3581 3469 3620 unum

1890 3665 2098 3714 sumus,
2127 3662 2347 3720 propter
2380 3651 2717 3705 voluntatum
2743 3652 3175 3709 similitudinem.
3204 3656 3302 3716 .Eo
3323 3657 3468 3711 enim

1886 3741 1998 3811 jam
2024 3740 2310 3796 dementiae
2363 3749 2647 3809 venerunt,
2680 3751 2738 3795 ut
2801 3759 2922 3797 cum
2969 3761 3066 3814 per
3107 3747 3332 3813 gratiam
3416 3749 3470 3804 id

1890 3830 2171 3885 consecuti
2197 3831 2306 3884 sint
2341 3839 2400 3884 ιιι
2429 3830 2502 3884 dii
2544 3839 2822 3895 vocentur,
2871 3832 3180 3887 existiment
3224 3850 3283 3888 se
3315 3836 3470 3889 Simi-

1893 3920 1972 3974 les
1997 3934 2118 3974 esse
2150 3934 2308 3989 posse
2334 3919 2629 3974 secundum
2656 3929 2907 3974 naturam
2935 3921 2983 3976 ei
3011 3923 3100 3991 qui
3160 3924 3289 3992 ipsis
3321 3924 3468 3981 illam

1890 4013 2118 4081 gratiam
2144 4010 2367 4082 largitus
2403 4019 2507 4066 est.
2536 4011 2778 4081 Cumque
2800 4021 3064 4067 vocentur
3086 4013 3200 4077 lilii,
3228 4015 3294 4068 ad
3317 4015 3470 4070 simi-

1892 4102 2170 4156 litudinum
2218 4101 2335 4171 ejus
2378 4104 2470 4171 qui
2509 4102 2834 4157 naturaliter
2896 4112 2979 4158 est
3006 4104 3194 4169 Filius,
3230 4107 3468 4175 mquales

1892 4210 1950 4248 se
1979 4203 2167 4261 putant
2201 4196 2248 4248 ci
2280 4198 2369 4262 qui
2408 4210 2503 4248 eos
2532 4194 2828 4263 adoptavit,
2858 4195 3017 4265 119
3041 4196 3241 4264 quique
3287 4198 3468 4266 digni-

1894 4296 2056 4339 tatem
2090 4302 2209 4356 qua:
2237 4287 2339 4340 sibi
2374 4286 2693 4340 naturaliter
2721 4290 2939 4356 prOpria
2965 4299 3069 4349 est,
3105 4304 3199 4357 per
3240 4291 3468 4359 gratiam

1826 4390 1867 4444 ι)
1898 4394 1995 4449 pro
2023 4379 2221 4448 ingenti
2258 4394 2355 4432 sua
2395 4378 2723 4447 benignitate
2750 4378 2828 4431 eis
2857 4379 3143 4435 concessit.

2346 4490 2583 4559 Objectio
2628 4490 3012 4544 Itwretirorum.

1973 4603 2237 4670 Tametsi,
2296 4605 2571 4672 inquiunt,
2624 4605 2793 4659 Filius
2838 4605 2981 4658 dicat
3015 4624 3028 4659 :
3060 4604 3169 4674 Ego
3216 4614 3269 4658 et
3312 4604 3473 4660 Pater

1899 4713 2065 4752 unum
2097 4713 2308 4759 sumus,
2343 4714 2447 4751 nou
2482 4706 2662 4750 tamen
2686 4696 2791 4750 erit
2825 4695 3063 4761 ejusdem
3097 4711 3318 4764 prorsus
3346 4712 3469 4750 cum

1899 4802 1966 4841 eo
1988 4789 2265 4850 essentiae,
2286 4787 2554 4855 siquidem
2593 4795 2645 4838 et
2673 4800 2770 4837 nos
2800 4800 2921 4837 cum
2958 4796 3149 4836 uatuta
3180 4786 3347 4838 simus
3377 4788 3469 4838 ho-

1901 4879 2098 4941 mines,
2133 4893 2295 4930 nnmu
2337 4892 2459 4929 cum
2512 4874 2621 4929 Deo
2666 4874 2966 4927 etlicinzur:
3012 4874 3166 4940 cujus
3205 4876 3278 4927 rei
3319 4878 3473 4928 testis

1898 4981 1984 5026 est
2020 4970 2133 5039 ipse
2158 4968 2329 5022 Filius
2364 4968 2551 5022 dicens
2584 4988 2595 5021 :
2637 4984 2654 5017 ι
2696 4964 2849 5028 Volo,
2896 4964 3078 5025 Pater,
3114 4975 3170 5016 ut
3198 4965 3338 5018 sicut
3373 4979 3473 5034 ego

1899 5074 1953 5117 et
2010 5076 2065 5118 ιιι
2120 5077 2283 5116 ιιιιιιιιι
2334 5076 2543 5123 sumus,
2601 5060 2672 5112 ita
2726 5069 2782 5113 et
2838 5058 2940 5127 ipsi
3003 5057 3054 5110 in
3116 5057 3272 5109 nobis
3306 5072 3471 5111 unum

1899 5155 2012 5209 siut
2035 5156 2078 5185 ¹⁰
2134 5173 2153 5203 ι

2390 5242 2599 5298 Salutio
2637 5240 2965 5311 objectionis.

1977 5353 2034 5407 Si
2077 5351 2238 5405 Pater
2270 5361 2325 5405 et
2362 5350 2534 5406 Filius
2575 5351 2648 5404 ita
2690 5358 2817 5405 sunt
2868 5363 3056 5411 unum,
3099 5347 3241 5403 sicut
3287 5356 3339 5404 ει
3377 5362 3474 5402 nos

1903 5458 2027 5500 cum
2066 5442 2251 5507 Patre,
2301 5452 2352 5497 et
2391 5442 2553 5497 Pater
2598 5440 2877 5496 nobiscum
2914 5455 2930 5494 :
2964 5439 3113 5496 nulla
3166 5440 3331 5508 igitur
3369 5441 3476 5494 erit

1902 5534 2207 5591 diﬂ‘ereutia
2237 5534 2382 5589 inter
2407 5535 2497 5589 Dei
2541 5533 2775 5609 \[erbutn
2805 5542 2859 5590 et
2888 5548 2988 5589 nos
3009 5549 3024 5599 ;
3048 5533 3142 5588 sed
3176 5534 3282 5587 erit
3318 5543 3475 5587 natu-

1904 5626 2092 5683 raliter
2131 5625 2272 5681 idem
2310 5625 2614 5692 nobiscum,
2643 5632 2696 5679 et
2734 5634 2973 5695 tempore
3000 5631 3211 5679 tantum
3240 5622 3473 5687 dilieret,

1859 5806 1900 5839 ¹⁰
1933 5804 2089 5861 .lotm.
2118 5818 2250 5869 ινιι,
2282 5802 2362 5858 2i.
