4072 6516
614 354 717 409 199

1640 359 1697 414 S.
1739 359 2015 415 (ZYRILLI
2054 363 2523 423 ALEXANDRINI
2562 370 2863 427 ARCHIEP

3771 370 3898 427 200

614 474 881 544 siquidem
928 484 983 527 et
1022 476 1135 544 ipse
1167 487 1295 530 ante
1332 492 1525 531 onmes
1569 480 1826 546 exsistit;
1873 492 1928 536 at
1972 494 2168 541 tamets

2293 492 2491 563 χρόνῳ,
2523 494 2645 548 ἐπεὶ
2689 496 2785 549 καὶ
2818 495 2985 559 αύτός
3013 496 3129 551 ἐστι
3162 495 3269 567 πρὸ
3315 495 3567 550 πάντων
3604 494 3745 549 ἀλλὰ
3776 495 3897 549 κᾶν

616 573 862 634 tempore
906 566 1056 633 prior
1098 567 1189 628 sit,
1226 568 1365 620 idem
1404 577 1583 623 tamen
1630 573 1910 626 nobiscum
1951 576 2056 628 erit
2100 592 2190 630 ra-

617 659 765 711 tione
790 658 1059 711 essentiaz.
1092 658 1228 721 Quid
1258 658 1400 709 enim
1428 660 1696 712 obstiterit
1716 666 2003 731 quominus
2021 666 2190 721 Adam

614 750 912 803 secundum
949 760 1197 802 naturam
1229 752 1302 803 sit
1332 750 1495 805 Paulo
1521 753 1733 818 similis,
1776 758 2056 813 ant‘alicui
2109 760 2190 815 al-

619 843 716 895 teri
745 850 865 910 post
913 858 972 895 se
1022 853 1169 906 nato,
1208 846 1417 898 tametsi
1462 857 1591 899 ante
1621 864 1808 902 omnes
1838 850 1952 919 ipse
2003 868 2031 905 a
2080 853 2189 907 Deo

614 943 834 987 creatus
870 933 1070 987 fuerit?
1105 934 1159 987 Si
1200 950 1331 1003 ergo
1379 936 1431 989 in
1482 938 1568 992 bis
1601 949 1810 1009 tempus
1859 943 1990 996 nihil
2013 944 2186 1013 juvat,

613 1026 742 1094 quid
767 1026 1017 1092 prohibet
1051 1028 1339 1093 quominus
1376 1040 1431 1083 et
1486 1030 1653 1085 Filius
1691 1043 1816 1086 ante
1854 1050 1949 1090 nos
1976 1038 2189 1106 genitus

614 1116 858 1184 ejusdem
909 1120 1161 1170 essemin-
1202 1120 1483 1173 uobiscqu
1520 1122 1612 1184 sit,
1654 1124 1695 1176 si
1747 1124 1881 1178 nihil
1926 1126 2067 1179 aliud
2104 1137 2188 1181 est

613 1208 945 1262 discriminis
1002 1210 1141 1263 inter
1181 1226 1276 1263 nos
1322 1220 1374 1264 et
1423 1212 1638 1282 ipsum?
1682 1214 1845 1283 Atqui
1898 1217 1941 1269 si
1988 1217 2090 1271 hoc
2118 1232 2184 1271 ex

611 1313 789 1354 vestra
825 1304 1093 1355 sententia
1127 1318 1315 1356 verum
1358 1316 1463 1367 est,
1502 1323 1660 1373 quam
1707 1307 1776 1359 ob
1818 1322 2032 1360 causam
2070 1308 2188 1377 ipse

611 1394 759 1448 solus
782 1404 1010 1446 vocatur
1030 1405 1271 1456 creator,
1307 1412 1426 1448 cum
1458 1396 1589 1449 nulli
1627 1408 1867 1450 nostrum
1900 1400 1949 1451 id
1989 1415 2184 1454 nomen

610 1486 926 1551 campetat?
960 1484 1024 1539 Et
1058 1501 1155 1538 nos
1188 1488 1403 1553 quidem
1438 1504 1533 1554 per
1567 1488 1738 1555 ipsmn
1765 1489 1930 1542 creati
1970 1504 2181 1555 sumus,

608 1573 722 1640 ipse
743 1590 870 1629 vero
903 1578 1167 1630 creatoris
1194 1578 1422 1645 gloriam
1461 1577 1561 1631 sibi
1595 1579 1841 1633 ascribit.
1879 1580 1943 1633 Et
1970 1596 2182 1649 :equum

606 1677 749 1731 erat,
809 1669 852 1720 si
914 1668 1053 1721 idem
1112 1678 1303 1721 natura
1357 1684 1475 1721 cum
1523 1670 1640 1736 ipso
1686 1685 1897 1734 sumus,
1932 1673 2182 1726 eumdem

606 1757 772 1813 etiam
822 1773 943 1811 cum
1003 1759 1094 1813 illo
1137 1760 1278 1825 apud
1345 1759 1558 1813 Patrem
1607 1761 1781 1815 locum
1822 1763 2089 1828 obtinere,
2129 1771 2183 1816 et

2295 585 2392 659 ἔχῃ
2438 586 2499 641 τὸ
2550 588 2903 659 προτερεύειν
2944 590 3087 643 κατὰ
3131 590 3225 643 τῦν
3266 590 3478 660 χρόνον,
3510 588 3664 641 ἔσται
3714 588 3898 641 πάλιν

2295 676 2424 745 ἡμῖν
2456 680 2576 730 κατ’
2597 679 2788 732 οὐσίαν
2804 680 2844 732 ,ό
2870 680 3054 745 αὑτός.
3086 682 3151 733 Τί
3180 680 3290 751 γὰρ
3310 679 3544 733 κωλύσει
3570 678 3665 731 τὸν
3703 678 3896 749 ’Δδὰμ

2293 768 2372 829 είς
2400 766 2460 820 τὸ
2504 763 2641 822 εἶναι
2680 770 2824 823 κατὰ
2859 771 3019 840 φύσιν
3051 772 3236 842 ὅμοιον
3264 772 3344 841 τῷ
3376 769 3575 841 Παύλῳ
3615 770 3811 841 τυχὸν,
3850 770 3892 839 ἢ

2292 855 2464 927 ἑτέρῳ
2490 858 2597 911 τινὶ
2628 857 2738 910 τῶν
2772 861 2888 929 μετ’
2910 860 3072 913 αὑτὸν
3096 861 3417 929 γεγονότων,
3438 860 3501 913 τὸ
3520 859 3629 930 πρὸ
3656 861 3893 912 πάντων

2292 948 2455 1000 αὐτὸν
2502 950 2834 1017 πεποιῆσθαι
2886 952 3039 1021 παρὰ
3084 951 3254 1016 Osci;
3290 953 3351 1005 Ei
3384 951 3566 1005 τοίνυν
3612 951 3779 1005 οὐδὲν
3826 952 3893 1004 ὲν

2289 1040 2499 1103 τούτοις
2527 1043 2555 1094 ὁ
2583 1042 2777 1112 χρόνος
2803 1043 3024 1112 ιῖίςρελεῖ,
3054 1045 3105 1097 τί
3136 1044 3334 1098 κωλύει
3368 1045 3465 1098 καὶ
3491 1043 3582 1097 τὸν
3610 1045 3748 1097 Υἱὸν
3774 1043 3895 1113 πρὸ

2288 1131 2445 1201 ἡμῶν
2468 1135 2747 1199 γεγονότα,
2778 1134 2879 1204 τῆς
2910 1136 3079 1204 αὐτῆς
3118 1137 3304 1198 οὐσίας
3330 1138 3460 1205 ἡμῖν
3497 1137 3799 1206 ὑπάρχειν,
3835 1136 3892 1187 εί

2292 1222 2460 1291 μηδὲν
2493 1222 2639 1275 ἔστιν
2682 1224 2867 1293 ἕτερον
2909 1226 2969 1277 τὸ
3006 1225 3209 1295 μεταξὺ
3242 1227 3401 1295 ἡμῶν
3433 1244 3491 1279 τε
3539 1227 3635 1279 καὶ
3667 1225 3884 1289 αὐτοῦς

2288 1314 2399 1366 Καὶ
2436 1316 2484 1366 εί
2514 1314 2672 1367 τοῦτο
2697 1317 2817 1368 καθ’
2854 1316 2998 1387 ὑμᾶς
3025 1320 3172 1369 ἐστιν
3196 1317 3414 1388 ἀληθὲς,
3450 1318 3572 1370 ὅτου
3600 1318 3666 1387 δὴ
3710 1319 3887 1387 χάριν

2287 1405 2450 1467 αὐτὸς
2502 1407 2660 1475 μόνος
2713 1408 2958 1461 καλεῖται
2994 1407 3253 1479 Ποιητὴς,
3297 1409 3454 1479 ἡμῶν
3496 1410 3597 1461 οὐκ
3636 1409 3888 1477 ἐχόντων

2286 1497 2477 1561 τοῦτο;
2512 1500 2621 1551 Kal
2651 1502 2810 1571 ἡμεῖς
2846 1501 2943 1571 μὲν
2962 1501 3028 1553 δι’
3058 1501 3223 1555 αὐτοῦ
3250 1501 3576 1569 γεγόναμεν,
3620 1501 3791 1564 αὐτὸς
3822 1502 3889 1554 δὲ

2285 1588 2382 1657 τὴν
2405 1588 2497 1641 τοῦ
2533 1591 2876 1660 Δημιουργοῦ
2907 1591 3063 1655 δόξαν
3095 1593 3268 1661 φέρει.
3320 1587 3427 1643 Ἦν
3455 1591 3512 1643 δὲ
3546 1592 3717 1653 ὅντως
3740 1593 3886 1644 ἀκό-

2283 1678 2470 1733 λουθον
2497 1683 2547 1733 εἰ
2574 1684 2771 1735 ταυτόν
2800 1684 2966 1752 ἐσμεν
2993 1683 3134 1736 κατά
3169 1684 3331 1750 φύσιν
3364 1684 3534 1752 αὐτῷ,
3571 1684 3670 1754 τὴν
3698 1685 3880 1753 αὐτὴν

2284 1770 2477 1839 ἐκείνῳ
2503 1770 2686 1840 χώραν
2718 1771 2937 1840 ἐπέχειν
2965 1773 3115 1841 παρά
3144 1772 3221 1841 τῷ
3252 1773 3425 1842 Πατρὶ
3454 1774 3545 1825 καὶ
3579 1774 3752 1840 ἡμᾶς,
3774 1773 3881 1825 καὶ

606 1864 1049 1918 unumquemque
1099 1861 1342 1904 nostrum
1382 1851 1547 1904 etiam
1589 1854 1770 1906 vocari
1812 1852 2168 1922 llnigeuituml

2283 1861 2513 1914 ’ἑκαστον
2561 1864 2715 1933 ἡμῶν
2766 1864 3045 1917 καλεῖσθαι
3074 1866 3168 1917 καὶ
3198 1866 3498 1934 Μονογενῆ.
3528 1866 3622 1917 καὶ
3662 1866 3868 1932 Λόγον,

603 1952 662 1994 et
702 1941 960 2004 Verbum,
989 1950 1043 1994 et
1070 1942 1392 2010 sapientiam
1421 1941 1617 1999 Patris.
1651 1947 1887 2009 Quorum
1912 1947 2054 1999 enim
2082 1962 2177 1999 na-

605 2040 726 2085 tura
759 2048 861 2083 una
894 2040 1056 2100 atque
1081 2034 1269 2084 eadem
1303 2044 1410 2095 est,
1452 2033 1518 2086 iis
1541 2048 1824 2087 commune
1850 2035 2011 2089 etiam
2039 2037 2180 2091 inter

604 2137 664 2176 se
696 2136 891 2176 nomen
929 2134 1012 2176 est
1040 2141 1054 2176 :
1087 2132 1142 2176 et
1170 2122 1313 2191 quod
1339 2124 1427 2175 uni
1464 2125 1957 2189 naturaliteriuest,
1993 2128 2044 2181 id
2075 2142 2179 2181 cm-

605 2219 737 2271 teris
766 2232 979 2286 quoque
1002 2218 1095 2287 qui
1123 2218 1364 2285 ejusdem
1404 2227 1609 2271 naturae
1649 2226 1777 2272 sunt
1810 2220 1970 2274 inest.
2002 2220 2070 2271 At
2094 2234 2179 2273 ve-

604 2323 667 2362 ro
698 2309 743 2362 si
770 2310 871 2363 hoc
912 2309 1202 2362 absurdum
1230 2318 1336 2373 est,
1366 2321 1418 2362 et
1458 2324 1634 2378 neque
1679 2321 1954 2365 creatures
1990 2326 2176 2366 sumus

602 2411 699 2453 aut
751 2415 1030 2466 vocamur,
1089 2415 1263 2468 neque
1313 2402 1605 2469 sapientia,
1653 2412 1747 2454 aut
1794 2400 2052 2468 Verbum,
2084 2410 2175 2454 aut

601 2488 877 2559 splendor,
910 2490 1059 2543 solus
1096 2500 1278 2543 autem
1326 2490 1440 2544 lucc
1477 2501 1562 2544 est
1613 2490 1819 2556 Filius;
1869 2507 1972 2545 non
2011 2492 2176 2561 igitur

601 2581 919 2634 naturaliter
951 2581 1091 2634 idem
1134 2579 1417 2634 nobiseum
1466 2592 1569 2645 est,
1604 2582 1695 2635 sed
1741 2582 2067 2650 peculiarem
2110 2597 2173 2637 ac

599 2669 872 2739 propriam
918 2684 983 2723 ex
1020 2668 1180 2723 Patre
1211 2672 1614 2738 generationem
1664 2671 1847 2733 habet,
1893 2682 2056 2739 atque
2098 2671 2171 2725 ita

586 2759 681 2815 'est
711 2776 875 2814 unum
911 2775 1031 2813 eum
1076 2774 1173 2812 suo
1197 2759 1376 2825 l‘atre,
1413 2776 1520 2814 non
1558 2762 1698 2813 sicut
1729 2776 1824 2815 nos
1855 2761 1943 2829 qui
1985 2763 2050 2816 ad
2088 2763 2172 2831 ip-

596 2866 715 2904 sum
760 2850 940 2917 relati,
979 2866 1073 2918 per
1099 2850 1569 2919 participationem
1595 2853 2171 2907 communicationem-

594 2954 701 3009 que
754 2940 1019 2994 unitatem
1082 2940 1363 2993 consecuti
1422 2956 1647 2994 sumus:
1713 2942 2169 3010 quemadmodum

593 3028 797 3082 ferrum
840 3028 949 3098 igni
979 3029 1282 3093 admotum,
1315 3031 1383 3083 ab
1411 3045 1477 3083 co
1513 3031 1710 3085 calelit.

2283 1953 2376 2005 καὶ
2407 1954 2600 2021 σοφίαν
2645 1954 2735 2006 τοῦ
2779 1956 3010 2025 Πατρός.
3051 1952 3152 2008 Ὧν
3184 1956 3292 2025 γὰρ
3323 1958 3355 2024 ἡ
3386 1956 3545 2023 φύσις
3590 1956 3713 2025 μία,
3743 1957 3876 2009 τούο

2280 2062 2393 2107 τοις
2428 2045 2581 2097 ἔσται
2613 2046 2706 2099 καὶ
2747 2046 2807 2099 τὺ
2847 2047 3018 2117 ὄνομα
3046 2048 3221 2100 κοινόν
3244 2063 3257 2076 ·
3300 2049 3392 2100 καὶ
3422 2050 3557 2117 ὅπερ
3591 2049 3671 2099 ἑνὶ
3726 2050 3875 2100 κατά

2280 2142 2443 2209 φύσιν
2487 2142 2744 2212 ὑπάρχει,
2788 2143 2946 2196 τοῦτο
2996 2143 3212 2206 πάντως
3250 2145 3561 2211 ἐγκείσεται
3607 2143 3705 2196 καὶ
3751 2146 3872 2205 τοῖς

2278 2233 2379 2301 τῆς
2414 2234 2584 2302 αὐτῆς
2634 2233 2952 2303 μετέχουσιν
2990 2234 3199 2297 οὐσίας.
3244 2236 3304 2287 Εἰ
3337 2235 3393 2286 δὲ
3438 2234 3596 2286 τοῦτο
3638 2234 3868 2294 ἄτοπον.

2279 2324 2373 2377 καὶ
2418 2324 2541 2376 οὕτε
2570 2325 2894 2394 δημιουργοί
2935 2324 3162 2395 ὲσμενῆ
3214 2324 3548 2395 κεκλήμεθα,
3588 2322 3713 2376 οὔτε
3754 2323 3871 2394 μὴν

2280 2414 2460 2481 σοφία,
2496 2414 2527 2483 ἢ
2556 2414 2800 2482 Λόγος,ῆ
2832 2414 3172 2484 ἀπαύγασμα
3196 2433 3208 2445 ’
3240 2415 3401 2484 μόνος
3428 2414 3482 2466 δὲ
3514 2413 3685 2467 ταῦτά
3714 2417 3871 2468 ἐστιν

2276 2508 2303 2558 ό
2329 2506 2476 2568 Υἱὸς,
2503 2507 2602 2559 οὐκ
2628 2507 2734 2576 ἄρα
2767 2506 2907 2560 κατά
2931 2508 3089 2575 φύσιν
3108 2508 3255 2561 ἔσται
3291 2507 3423 2578 πρὸς
3446 2510 3590 2577 ἡμᾶς
3617 2510 3646 2559 ό
3674 2508 3867 2572 αὐτὸς,

2277 2596 2392 2649 ἀλλ’
2441 2597 2745 2661 ἰδιάζουσαν
2795 2600 2857 2650 ἐκ
2903 2597 2997 2651 τοῦ
3044 2598 3255 2667 Πατρὸς
3302 2599 3412 2667 ἔχει
3451 2598 3547 2667 τὴν
3581 2598 3865 2668 γέννησιν,

2276 2688 2369 2739 καὶ
2398 2686 2569 2751 οὕτως
2604 2688 2749 2740 ἐστὶν
2786 2689 2844 2740 ἓν
2877 2688 3011 2759 πρὸς
3042 2688 3131 2740 τὸν
3163 2688 3356 2741 ἑαυτοῦ
3389 2689 3629 2758 Πατέρα,
3669 2688 3732 2740 ού
3763 2705 3870 2741 κα-

2276 2778 2453 2849 Θάπερ
2481 2781 2641 2849 ἡμεῖς
2671 2784 2735 2851 τῇ
2771 2781 2904 2851 πρὸς
2931 2781 3090 2834 αὐτὸν
3118 2780 3297 2851 σχέσει
3337 2780 3434 2852 τὴν
3470 2781 3698 2850 ἑνότητα
3728 2799 3863 2851 κερ-

2274 2870 2548 2934 δαίνοντες
2576 2873 2880 2942 μετοχικώς
2921 2891 2979 2925 τε
3030 2872 3120 2926 καὶ
3173 2873 3610 2943 μεταληπικῶς,
3667 2873 3864 2945 ὥσπερ

2273 2962 2339 3015 ἂν
2388 2965 2435 3015 εἰ
2490 2965 2583 3015 καὶ
2631 2964 2847 3035 σίδηρος
2897 2966 3029 3036 πυρὶ
3065 2964 3329 3035 ὁμιλήσας
3379 2965 3867 3037 περιθερμαίνοιτο

2274 3056 2403 3123 παρ’
2434 3053 2621 3107 αὐτοῦ.

591 3185 826 3249 ALIUD,
853 3202 996 3274 funi.
1025 3188 1256 3274 eridcuti
1289 3188 1731 3274 demonstratiolm
1776 3193 1987 3255 docens,
2027 3194 2166 3261 quod

2276 3188 2472 3274 AAAU,
2512 3188 2662 3274 [terit
2689 3188 2905 3274 γοργῆς
2939 3188 3305 3274 ἀποδείξεως
3335 3190 3627 3274 adlimam:
3655 3193 3745 3274 ὅτι
3789 3195 3866 3247 τὰ

661 3274 780 3327 qua:
809 3257 1073 3321 aliquibus
1098 3260 1290 3330 similia
1314 3270 1432 3330 sunt
1467 3277 1567 3311 non
1597 3262 1756 3330 120
1777 3264 1830 3313 in
1861 3257 2162 3315 uniuersum

663 3336 711 3379 ct
740 3331 1062 3378 naturaliter
1093 3329 1269 3379 insunt
1306 3329 1372 3380 iis
1405 3333 1591 3395 quibus
1639 3329 1835 3383 similia
1879 3345 2034 3396 sunt;
2073 3334 2162 3384 sed

663 3413 723 3448 ca
751 3413 866 3463 qun'
910 3398 1227 3470 naturaliter
1254 3401 1512 3464 aliquibus
1540 3402 1739 3461 insunt,
1778 3402 1934 3453 veluti
1975 3404 2165 3470 integi—

659 3482 747 3518 nes
773 3467 1010 3517 amulum
1035 3467 1164 3533 ﬁunt
1190 3470 1477 3520 motionum
1505 3481 1696 3521 nostra:
1714 3472 2017 3523 voluntatis.

666 3591 943 3663 Scriptura
982 3607 1137 3644 sacra
1165 3592 1239 3645 ita
1270 3592 1336 3644 ad
1363 3591 1646 3645 nonnullos
1677 3590 1917 3660 loquitur
1944 3610 1958 3645 :
1998 3611 2015 3644 ι
2056 3592 2164 3645 No-

589 3685 684 3739 lite
721 3686 834 3737 lieri
871 3683 1010 3737 sicut
1043 3698 1214 3751 equus
1253 3694 1309 3736 et
1354 3684 1554 3747 mulus,
1604 3684 1654 3735 in
1692 3685 1890 3751 quibus
1929 3700 2030 3738 non
2081 3695 2163 3739 cst

591 3776 895 3831 intellectus
924 3777 998 3841 “;
1038 3793 1057 3825 ι
1096 3784 1149 3827 et
1197 3790 1409 3827 rursum
1444 3776 1507 3827 de
1552 3774 1671 3826 aliis
1697 3792 1708 3803 ·
1744 3794 1762 3825 ‹
1818 3774 1987 3827 llomo
2039 3791 2160 3828 cum

590 3868 644 3921 in
682 3868 885 3920 honore
917 3875 1063 3919 esset
1093 3882 1198 3919 non
1228 3866 1515 3928 intellexit,
1542 3876 1889 3929 comparatus
1916 3878 2000 3919 est
2037 3866 2165 3919 bru-

588 3962 658 4023 tis
696 3961 1095 4031 insipientibus,
1152 3969 1206 4013 et
1253 3960 1446 4014 similis
1492 3959 1664 4012 factus
1703 3967 1786 4011 est
1840 3957 1918 4011 eis
1944 3958 2006 4010 “.
2043 3975 2061 4007 ι
2098 3957 2161 4010 Et

588 4054 827 4108 iterum:
858 4072 876 4104 ι
925 4054 1058 4122 Equi
1108 4052 1353 4107 furentes
1402 4053 1452 4104 in
1495 4067 1663 4120 equas
1714 4050 1837 4104 laeti
1890 4050 2100 4104 sunt”.
2135 4067 2153 4099 ι

587 4143 846 4198 Servator
889 4154 1068 4198 autem
1098 4145 1164 4198 ad
1210 4143 1507 4212 discipulos
1538 4159 1665 4194 suos
1698 4140 2039 4195 manifestius
2075 4140 2157 4193 di-

580 4237 699 4291 cit:
749 4255 767 4287 ι
806 4237 986 4290 Estote
1020 4238 1314 4304 prudentes
1344 4236 1485 4287 sicut
1531 4244 1832 4301 serpentes,
1858 4246 1913 4287 et
1957 4232 2161 4301 simpli-

584 4341 676 4380 ees
707 4328 847 4381 sicut
882 4327 1146 4380 columine
1183 4327 1246 4378 “.
1290 4345 1307 4377 ι
1341 4327 1403 4379 Et
1438 4342 1684 4379 rursum:
1727 4342 1745 4375 ι
1776 4323 1959 4376 Estote
1997 4323 2160 4375 misc-

583 4419 826 4472 ricordes
855 4420 997 4473 sicut
1038 4430 1095 4471 et
1134 4419 1298 4471 Pater
1346 4428 1526 4472 vester
1562 4398 1802 4471 t‘mlestis
1846 4415 2158 4469 misericors

2336 3259 2767 3331 ξξομοιούμξνά
2796 3276 2974 3331 τισιν,
3005 3261 3076 3312 οὺ
3101 3260 3339 3331 πάντως
3366 3264 3460 3312 να)
3484 3263 3631 3313 κατὰ
3661 3266 3863 3331 φύσιν

2335 3324 2564 3381 ἔνεισιν
2612 3324 2705 3393 οἷς
2757 3328 3196 3395 ἐξομοιοῦντιιι,
3252 3330 3329 3382 ἀλ
3352 3331 3390 3381 ι’
3426 3331 3628 3398 ὥσπερ
3661 3324 3864 3396 ’τινὲς

2334 3400 2564 3463 εἰκόνες
2590 3399 2659 3449 τὰ
2691 3398 2870 3464 φύσει
2924 3400 3229 3469 πρρσόντιι
3275 3401 3395 3469 τισὶ
3431 3404 3699 3469 γίνονται
3740 3401 3865 3455 τῶν

2334 3469 2485 3520 κατὰ
2527 3470 2878 3534 προαιρεσιν
2905 3468 3074 3536 ἡμῶν
3107 3468 3469 3534 κινημάτων.

2336 3590 2498 3658 Λέγει
2533 3593 2668 3659 πρός
2700 3609 2853 3654 τινας
2887 3593 2919 3663 ἡ
2954 3592 3071 3646 Θεία
3101 3592 3287 3665 Γραορή
3309 3611 3322 3624 ο
3360 3616 3375 3646 ι
3415 3596 3505 3667 Μὴ
3529 3595 3750 3664 γίνεσθε
3777 3598 3857 3662 ὡς

2267 3681 2431 3743 ἵππος
2452 3682 2546 3733 καὶ
2574 3682 2820 3752 ἡμίονος,
2846 3679 2926 3747 οἷς
2956 3685 3055 3737 οὐκ
3085 3686 3197 3737 ἔστι
3226 3686 3459 3749 σύνεσις.
3492 3706 3513 3737 ι
3544 3688 3654 3740 Kal
3685 3690 3855 3744 πάλιν

2264 3770 2392 3839 περὶ
2427 3770 2655 3839 ἐτέρων·
2716 3791 2734 3823 ι
2793 3773 3113 3844 Ἀνθρωπος
3150 3776 3208 3828 ὲν
3248 3780 3378 3847 τιμῇ
3412 3775 3485 3829 ὢν
3514 3779 3574 3830 ού
3620 3780 3849 3847 συνῆκε,

2266 3862 2721 3934 παρασυνεϐλήθη
2789 3867 2903 3927 τοῖς
2969 3868 3192 3937 κτήνεσι
3248 3871 3359 3930 τοῖς
3407 3870 3687 3937 ἀνοήτοις,
3753 3873 3853 3924 καὶ

2262 3950 2519 4022 ὡμοιώθη
2550 3954 2751 4017 αὐτοῖς.
2802 3974 2820 4007 ι
2864 3956 2975 4009 Kal
3004 3957 3201 4009 πάλινδ
3244 3979 3262 4010 ι
3297 3958 3484 4012 ’Ἱπποι
3516 3959 3855 4029 θηλυμανεῖς

2262 4045 2615 4116 ἐγενήθησαν.
2653 4065 2670 4097 ι
2720 4048 2778 4100 Ὀ
2803 4048 2857 4101 δέ
2885 4066 2947 4117 γε
2976 4050 3164 4121 Σωτὴρ
3191 4050 3326 4120 πρὸς
3356 4053 3482 4115 τοὺς
3516 4053 3713 4105 ἑαυτοῦ
3748 4073 3850 4122 μα-

2263 4136 2431 4207 θητὰς
2464 4138 2789 4209 τρανότερον
2821 4140 2969 4208 λέγει
2996 4158 3009 4171 ο
3058 4160 3076 4192 ι
3127 4142 3343 4194 Γίνεσθε
3380 4144 3631 4213 φρόνιμοι
3676 4144 3756 4205 ὡς
3798 4146 3850 4197 οἱ

2260 4228 2431 4297 ὄφεις,
2468 4231 2563 4282 καὶ
2596 4230 2847 4302 ἀκέραιοι
2878 4232 2953 4295 ὡς
2982 4235 3035 4285 αἱ
3073 4234 3414 4303 περιστεραί.
3456 4254 3474 4284 ι
3510 4234 3616 4287 Kal
3648 4236 3813 4287 πάλιν
3834 4257 3848 4268 ο

2270 4338 2289 4372 ι
2324 4320 2539 4373 Γίνεσθε
2571 4322 2913 4393 οἰκτίρμονες
2944 4323 3124 4385 meti);
3154 4326 3182 4375 ό
3217 4324 3404 4394 Πατὴρ
3436 4323 3590 4393 ὑμῶν
3616 4326 3644 4376 ὁ
3674 4328 3847 4395 ούράο

2259 4430 2369 4475 νιος
2407 4414 2706 4483 οἰκτίρμων
2751 4415 2918 4468 ἐστίν.
2976 4435 2994 4466 ι
3031 4416 3093 4468 Ei
3130 4418 3228 4485 μὲν
3257 4411 3350 4467 οὖν
3387 4415 3449 4469 τδ
3485 4419 3597 4478 τοῖς
3626 4416 3848 4483 ἀλόγοις

578 4515 668 4564 est.
704 4511 768 4563 ¹⁵.
803 4530 821 4562 ι
865 4512 921 4564 Si
970 4525 1101 4578 ergo
1160 4509 1331 4562 brutis
1363 4508 1729 4562 animantibus
1769 4508 1977 4561 similes
2026 4506 2151 4559 lacti

2276 4502 2417 4568 ζώοις
2464 4504 2839 4574 ἐξομοιοῦσθαι
2886 4523 3059 4569 τινας,
3112 4508 3193 4561 ὅτι
3240 4508 3341 4576 τὴν
3388 4507 3558 4576 αὐτὴν
3612 4507 3843 4569 ἐκείνοις

520 4640 529 4654 .
583 4610 708 4655 sunt
734 4602 995 4668 nonnulli,
1028 4602 1169 4670 quod
1200 4600 1385 4653 eadem
1425 4614 1544 4652 cum
1584 4599 1688 4653 illis
1740 4602 1937 4653 mentis
1975 4598 2150 4666 inopia

583 4693 906 4756 laborarint,
942 4694 1179 4761 facitque
1214 4693 1314 4744 hoc
1348 4702 1405 4744 ut
1438 4692 1760 4744 naturaliter
1784 4692 1892 4746 sint
1931 4692 1983 4743 id
2011 4692 2151 4758 quod

582 4781 705 4845 illa;
738 4791 792 4834 et
836 4798 1042 4843 rursus,
1091 4783 1134 4834 si
1180 4782 1428 4850 discipuli
1485 4782 1757 4835 imitantes
1804 4783 2146 4850 prudentiam

581 4882 918 4942 serpentum,
956 4883 1008 4924 et
1035 4874 1435 4939 simplicitatem
1460 4873 1859 4937 columbarum,
1889 4883 1938 4927 et
1974 4873 2153 4928 Patris

581 4965 816 5019 caelestis
830 4965 894 5016 ad
924 4966 1352 5017 tuisrrit'ortliam
1380 4966 1790 5033 propensionem
1815 4966 2150 5030 mutulantes,

579 5064 858 5122 serpentes
886 5065 939 5107 et
969 5055 1232 5108 columine
1261 5058 1415 5120 liuut,
1444 5068 1603 5124 atque
1628 5058 1761 5109 adeo
1792 5058 1889 5125 ipsi
1923 5058 2029 5110 Deo
2053 5074 2141 5111 na-

582 5146 825 5199 turaliter
871 5146 1077 5201 similes
1125 5149 1401 5212 evadunt,
1442 5151 1572 5202 nibil
1618 5149 1887 5202 obstiterit
1932 5151 2145 5219 quomi-

581 5250 703 5298 nus,
723 5235 938 5301 quando
961 5236 1189 5290 dicimur
1220 5253 1380 5290 ttnutn
1412 5240 1525 5292 lieri
1556 5256 1677 5292 eum
1705 5240 1950 5303 Domino,
1982 5255 2143 5292 unum

579 5339 701 5376 cum
735 5322 844 5378 Deo
884 5327 1090 5379 ratione
1136 5330 1383 5383 essentia:
1433 5331 1648 5393 llamus,
1688 5332 2149 5399 quemadmodum

579 5414 749 5468 Filius
775 5430 897 5468 cum
941 5415 1122 5471 Patre.
1164 5416 1218 5470 Si
1256 5434 1383 5471 vero
1411 5423 1523 5474 sola
1549 5422 1913 5490 cogitationis,
1948 5422 2029 5474 vel
2064 5437 2152 5475 ac-

580 5507 741 5560 tionis
767 5507 1120 5562 similitudiue
1159 5525 1221 5563 ea
1268 5512 1466 5578 quibus
1497 5526 1879 5579 comparamur
1909 5514 2025 5566 lieri
2058 5514 2145 5565 di-

577 5599 772 5664 cimur,
804 5615 906 5655 non
944 5616 1132 5657 sumus
1160 5602 1322 5673 igitur
1352 5604 1650 5658 secundum
1682 5604 1976 5657 essentiam
2004 5603 2146 5656 idem

660 5776 695 5804 ¹¹
725 5774 868 5832 Psal.
899 5794 1045 5847 xxxi,
1084 5778 1136 5834 9.
1216 5781 1258 5811 τ’
1295 5779 1434 5834 Psal.
1467 5794 1653 5841 XLVIII,
1694 5776 1777 5829 l3.

1854 5777 1895 5809 ⁸³
1924 5775 2123 5831 Jcrem.
2159 5791 2204 5840 ι’,
2232 5776 2285 5831 8.

2258 4594 2523 4666 ἐνόσησαν
2551 4595 2829 4657 ἀϐουλίαν,
2858 4597 2951 4649 καὶ
2983 4598 3121 4649 κατὰ
3156 4597 3319 4664 φύσιν
3351 4592 3489 4649 εἶναι
3519 4595 3677 4648 τοῦτο
3702 4600 3848 4649 ποιεῖ

2256 4687 2394 4756 ὅπερ
2428 4688 2575 4739 ἐστὶν
2606 4688 2790 4741 ἐκεῖνα
2811 4704 2824 4719 ·
2862 4689 2955 4741 καὶ
2989 4688 3171 4750 πάλιν,
3213 4690 3260 4741 εί
3288 4688 3350 4741 τὸ
3390 4688 3678 4757 μιμεῖσθαι
3719 4692 3849 4751 τοὶς

2260 4778 2506 4849 μαθητὰς
2547 4780 2608 4831 τὸ
2635 4778 2731 4831 τοῦ
2770 4780 2947 4848 ὄφεως
2990 4779 3273 4848 φρόνιμον,
3328 4780 3421 4832 καὶ
3450 4780 3512 4832 τὸ
3542 4784 3639 4847 τῆς
3684 4797 3847 4849 περι-

2258 4872 2455 4941 στερᾶς
2484 4870 2759 4941 ἀκέραιον,
2797 4872 2890 4923 καὶ
2922 4870 2983 4923 τὸ
3021 4870 3115 4923 τοῦ
3144 4871 3355 4940 Πατρὸς
3386 4870 3480 4922 τοῦ
3525 4873 3581 4922 ὲν
3612 4874 3721 4931 τοῖς
3745 4873 3845 4921 οὐ-

2262 4964 2442 5030 ρανοῖς
2465 4962 2754 5032 πρόχειρον
2785 4963 2911 5033 περὶ
2934 4962 2993 5014 τὸ
3023 4962 3227 5021 πάντας
3253 4963 3415 5025 ἑλεῖν,
3440 4962 3534 5014 καὶ
3561 4963 3711 5028 ὅρεις
3742 4962 3845 5012 αύ-

2257 5054 2383 5114 τοὺς
2406 5052 2498 5105 καὶ
2523 5054 2854 5124 περιστερὰς
2876 5054 2969 5107 καὶ
2995 5053 3136 5106 κατὰ
3167 5054 3325 5121 φύσιν
3348 5054 3566 5121 ὁμοίους
3593 5052 3839 5120 γίνεσθαι

2253 5145 2661 5214 παρασκευάζει
2683 5145 2760 5215 τῷ
2788 5145 2905 5215 Θεῷ
2928 5160 2939 5172 ·
2968 5147 3094 5198 ὅταν
3122 5146 3404 5213 λεγώμεθα
3431 5147 3676 5214 γίνεσθαι
3703 5145 3839 5213 :90;

2254 5236 2458 5306 Κύριον
2488 5236 2566 5297 ἓν,
2603 5238 2753 5289 οὐδὲν
2783 5237 2979 5290 κωλύει
3006 5237 3204 5305 λέγειν,
3241 5239 3321 5290 ὅτι
3356 5237 3419 5307 δὴ
3455 5240 3594 5289 κατὰ
3632 5238 3720 5287 τὸν
3739 5238 3838 5304 τῆς

2252 5327 2437 5389 nasia;
2461 5327 2617 5394 λόγον
2644 5327 2699 5379 ἓν
2721 5327 3023 5396 γεγόναμεν
3053 5327 3189 5396 πρὸς
3217 5328 3307 5378 τὸν
3334 5328 3487 5389 Θεὸν,
3511 5327 3695 5395 ὥσπερ
3720 5326 3837 5378 ὲςτὶ

2252 5416 2346 5468 καὶ
2369 5416 2397 5467 ὁ
2430 5416 2555 5478 Υἱὸς
2589 5418 2722 5487 πρὸς
2749 5417 2840 5469 τὸν
2864 5415 3057 5468 ἑαυτοῦ
3090 5416 3327 5485 Πατέρα.
3366 5417 3426 5467 Εἰ
3459 5416 3514 5467 δὲ
3551 5417 3709 5484 μέχρι
3748 5416 3820 5484 μᾶ

2252 5525 2348 5575 νης
2396 5508 2672 5576 ἐννοίαςῆ
2716 5507 2967 5577 πράξεως
3012 5509 3044 5577 ἡ
3093 5507 3343 5576 ὁμοιότης
3384 5508 3515 5576 ἡμῖν
3577 5508 3709 5577 πρὸς
3758 5496 3833 5559 τὰ

2251 5598 2834 5670 ἀντιπαραϐαλλόμενα
2864 5600 3071 5667 πέφυκε
3105 5597 3372 5666 γίνεσθαι,
3398 5599 3500 5651 οὐκ
3532 5600 3697 5665 ἐσμὲν
3726 5600 3827 5668 ἄρα

2366 5776 2407 5807 ιδ
2438 5775 2627 5829 Matth.
2662 5792 2711 5840 χ,
2742 5776 2826 5831 lt}.
2870 5778 2950 5808 ’¹³
2982 5775 3111 5831 Luc.
3147 5794 3218 5843 rt,
3252 5779 3341 5834 36.
