4072 6542
277 409 374 466 ξοι
1703 410 2152 472 THESAURUS.
3437 435 3545 490 202

279 530 396 587 κατ’
422 529 613 586 οὐσίαν
659 532 710 586 οἰ
754 530 910 586 αὐτοὶ
957 531 1088 605 πρὸς
1134 532 1223 587 τὸν
1251 532 1405 600 Θεὸν,
1448 535 1577 589 ὅταν
1617 533 1677 589 ἐν
1727 535 1829 607 πρὸ

1934 549 2092 594 _cum
2142 534 2274 600 Deo,
2327 535 2542 604 quando
2583 552 2748 593 unum
2791 555 2915 596 cum
2955 544 3073 614 ipso
3123 545 3237 602 ticri
3283 546 3538 606 dicimur.

277 624 436 694 ιὺτὺν
467 623 715 693 γίνεσθαι
741 624 1046 695 λεγώμεθα.
1091 625 1230 679 Ἀλλ’
1251 626 1440 696 ὥσπερ
1469 627 1628 691 αὐτὸς
1658 628 1718 682 ἐν
1740 628 1829 680 ἐστ

1961 624 2068 679 Sed
2101 626 2559 695 quemadmodum
2589 627 2704 697 ipse
2728 639 2811 684 est
2847 647 3016 688 unum
3061 647 3250 692 natura
3281 653 3403 695 eum
3443 657 3544 698 suo

277 713 432 782 φύσει
472 713 608 785 πρὸς
632 713 725 766 τὸν
764 712 959 765 ἑαυτοῦ
986 713 1178 782 Λόγον,
1214 714 1356 768 οὕτω
1376 715 1470 768 καὶ
1501 717 1662 786 ἡμεῖς
1688 715 1747 770 ἓν
1781 717 1826 768 ὼ

1962 714 2142 770 Verbo
2169 755 2185 781 ,
2229 717 2302 770 ita
2341 726 2396 772 et
2423 732 2520 772 nos
2552 719 2696 774 inter
2717 735 2816 775 nos
2841 738 3003 778 unum
3037 726 3303 784 eﬂicimur
3344 736 3543 790 mentis

277 803 409 875 πρὸς
437 803 698 877 ἀλλήλους
726 803 990 874 γινόμεθα
1022 807 1088 875 τῇ
1114 821 1175 858 τε
1219 804 1436 876 γνώμῃ,
1477 805 1573 859 καλ⁸
1608 806 1829 878 ὁμονοίᾳ

1959 817 2122 877 atque
2153 808 2447 864 voluntatis
2477 824 2743 867 consensu
2775 822 2939 883 atque
2980 821 3291 887 concordia,
3319 826 3538 892 quando

276 896 367 949 καὶ
403 895 480 966 τῷ
510 895 651 964 κατὰ
684 895 890 966 μηδένα
923 897 1122 964 τρόπον
1159 897 1473 962 στασιάζειν
1517 896 1654 967 πρὸς
1693 895 1858 966 ἀλλή-

276 985 415 1044 λους,
450 982 564 1035 ἀλλ’
595 982 676 1036 ἐνὶ
715 983 901 1054 δεσμῷ
929 984 1028 1053 τῆς
1063 983 1223 1053 ἁγίας
1266 985 1490 1056 ἀγάπης
1536 985 1726 1057 ὥσπερ
1776 988 1856 1050 εἰς

276 1073 571 1144 ταυτότητα
605 1073 1086 1145 περισφίγγεσθαι.

952 1187 1160 1244 ΑΛΛΟ.

343 1297 502 1360 Ἕθος
549 1298 628 1368 τῷ
675 1298 890 1370 Σωτῆρι
923 1299 1144 1372 Χριστῷ
1195 1301 1265 1354 τὰ
1299 1317 1442 1355 κατα
1491 1303 1653 1371 φύσιν
1702 1302 1852 1372 αὐτῷ

268 1389 540 1458 προσόντα
586 1389 766 1456 ἀγαθὰ
818 1391 1115 1462 προφέρειν
1161 1393 1269 1456 ἀεὶ,
1325 1394 1422 1447 καὶ
1490 1393 1700 1458 τούτοις
1760 1395 1852 1460 ἐξ·-

266 1479 582 1550 ομοιοῦσθαι
634 1481 898 1548 κελεύειν,
946 1483 1021 1546 ὡς
1055 1484 1190 1554 πρὸς
1227 1484 1325 1556 τὴν
1347 1485 1497 1540 Θείαν
1548 1489 1694 1558 ἡμᾶς
1721 1487 1850 1542 ἀνα-

267 1573 520 1628 πλάττων
549 1574 752 1641 εἰκόνα,
783 1574 902 1628 καθ’
942 1575 1008 1646 ἣν
1039 1577 1134 1629 καὶ
1167 1578 1533 1649 πεποιήμεθα.
1570 1579 1696 1634 Ὅτε
1721 1579 1850 1648 γοῦν

266 1665 478 1734 πράους
504 1665 600 1719 καὶ
637 1667 786 1737 ἡμᾶς
807 1666 1017 1732 διδάξαι
1049 1666 1320 1738 βούλεται,
1355 1669 1539 1739 λέγει’
1573 1689 1592 1723 ι
1629 1671 1850 1725 Μάθετε

264 1756 360 1808 ἀπ’
392 1755 527 1826 ἐμοῦ
560 1757 642 1810 ὅτι
679 1759 852 1827 πρᾶός
875 1761 1012 1830 εἰμι,
1046 1761 1140 1813 καὶ
1167 1761 1425 1826 ταπεινὸς
1458 1765 1522 1834 τῇ
1565 1763 1779 1834 καρδίᾳ.
1823 1782 1843 1816 ι

1959 899 2108 954 nullo
2139 900 2282 955 inter
2311 915 2408 955 nos
2453 901 2824 971 dissentimus,
2863 906 2956 961 sed
2991 922 3098 962 uno
3127 921 3326 968 sanctte
3351 915 3535 970 chari-

1963 990 2093 1046 tatis
2133 990 2352 1045 vinculo
2381 990 2545 1046 veluti
2584 992 2638 1045 in
2695 993 3033 1050 identitatem
3074 1001 3362 1066 quamdam
3399 1017 3532 1057 coa-

1955 1079 2231 1136 lescimus.

2625 1193 2859 1251 ALIUD.

2026 1303 2280 1360 Christus
2337 1303 2596 1361 Servator
2641 1316 2824 1362 noster
2872 1307 3008 1363 bona
3049 1325 3166 1380 qua:
3211 1314 3534 1372 naturaliter

1957 1398 2058 1453 sibi
2092 1398 2273 1453 insunt
2299 1398 2455 1454 nobis
2487 1413 2792 1468 proponere
2822 1402 2984 1465 solet,
3016 1403 3155 1457 etad
3189 1417 3376 1459 eorum
3411 1406 3535 1462 imi-

1954 1489 2211 1544 tationem
2245 1489 2761 1560 similitudinetnque
2789 1507 2887 1546 nos
2917 1493 3144 1558 hortari,
3201 1497 3269 1550 ad
3292 1496 3530 1552 divinam

1954 1577 2246 1650 imaginem
2294 1581 2360 1635 ad
2407 1596 2570 1650 quam
2625 1581 2749 1637 facti
2812 1597 3000 1637 sumus
3042 1600 3105 1639 ea
3153 1587 3365 1642 ratione
3393 1603 3528 1657 quo-

1953 1670 2242 1726 dammodo
2277 1687 2376 1727 nos
2407 1672 2732 1728 reformans.
2776 1673 3003 1740 Quando
3036 1691 3135 1732 nos
3171 1686 3229 1732 ut
3264 1680 3424 1735 mites
3454 1679 3529 1734 si-

1953 1779 2074 1819 mus
2099 1764 2370 1828 hortatur,
2394 1764 2562 1820 dicit:
2592 1782 2610 1816 ι
2645 1765 2850 1820 Discite
2876 1781 2905 1819 a
2938 1782 3021 1820 me
3050 1768 3175 1838 quia
3214 1770 3363 1824 ruitis
3407 1785 3526 1824 sum

263 1846 374 1901 Καὶ
399 1848 498 1918 οὐχ
537 1849 666 1902 ὅταν
715 1849 773 1915 ἐξ
806 1849 972 1903 αὑτοῦ
1009 1851 1273 1921 μαθόντες
1317 1853 1604 1924 γενώμεθα
1657 1857 1822 1927 πρᾶοι

1951 1863 2006 1908 et
2047 1855 2268 1910 humilis
2295 1856 2457 1910 corde
2487 1857 2553 1910 ¹⁶.
2594 1875 2611 1906 ι
2642 1855 2752 1911 Nec
2790 1863 2970 1911 tamen
3019 1873 3140 1913 cum
3186 1859 3362 1929 ipsum
3407 1861 3528 1916 imi-

262 1941 482 2004 πάντως
505 1941 904 2012 ἐξομοιούμεθα
936 1943 1078 1996 κατὰ
1117 1944 1279 2014 φύσιν
1307 1945 1474 2016 αύτῷ,
1516 1945 1655 2000 ἀλλὰ
1684 1947 1846 2016 μόνον

259 2037 402 2089 κατὰ
435 2037 495 2088 τὸ
525 2037 622 2106 τῆς
657 2037 963 2108 πραότητος
1016 2041 1221 2110 σχῆμα.
1275 2039 1485 2092 Οὐκοῦν
1534 2041 1664 2093 ὅταν
1712 2039 1845 2111 λέγῃ

259 2126 389 2196 περὶ
412 2125 592 2197 ἡμῶν,
633 2145 652 2177 ι
695 2127 810 2178 Ἵνα
837 2120 970 2180 ὦσιν
993 2127 1070 2192 ἓν,
1107 2127 1292 2192 καθὼς
1318 2131 1480 2199 ἡμεῖς
1507 2129 1565 2182 ἕν
1596 2130 1782 2200 ἐσμεν,
1820 2148 1839 2180 ι

257 2219 320 2282 ἐξ
341 2218 534 2272 ἑαυτοῦ
557 2217 738 2272 λαϐὼν
766 2219 827 2271 τὸ
854 2220 1228 2291 παράδειγμα,
1261 2222 1321 2273 οὐ
1350 2222 1566 2284 πάντως
1593 2221 1680 2274 ἵνα
1701 2220 1844 2275 κατὰ

260 2310 420 2380 φύσιν
452 2309 511 2362 ἒν
536 2309 612 2374 ὡς
645 2310 780 2381 πρὸς
825 2309 915 2363 τὸν
957 2311 1089 2364 Θεὸν
1137 2311 1424 2383 γενώμεθα
1456 2312 1615 2365 τοῦτό
1656 2329 1841 2382 φησιν,

260 2401 376 2454 ἀλλ’
427 2400 516 2454 ἴνα
567 2400 756 2470 ὥσπερ
801 2402 1046 2470 φυσικῶς
1075 2402 1135 2454 ἐν
1183 2404 1331 2457 ἐστιν
1375 2404 1536 2467 αὐτὸς
1581 2404 1718 2477 πρὸς
1751 2404 1843 2457 τὸν

262 2491 506 2564 Πατέρα,
536 2491 682 2544 οὕτω
720 2492 814 2544 καὶ
848 2493 1007 2563 ἡμεῖς
1048 2496 1113 2564 τῇ
1150 2495 1420 2565 όμοψυχίᾳ
1465 2497 1559 2549 καὶ
1596 2496 1664 2549 τὰ
1702 2495 1842 2550 αὐτὰ

259 2585 478 2650 φρονεῖν
510 2585 589 2645 εἰς
618 2581 878 2652 ἀλλήλους
906 2583 963 2635 ἓν
985 2584 1292 2654 γενώμεθα,
1319 2586 1416 2656 τὴν
1446 2587 1684 2657 φυσικὴν
1711 2605 1844 2641 ταυ-

253 2673 458 2744 τότητα
486 2672 581 2726 τοῦ
614 2674 828 2744 Πατρὸς
861 2675 998 2746 πρὸς
1026 2675 1120 2728 τὸν
1160 2677 1288 2730 Υἱὸν
1315 2677 1502 2732 εἰκόνα
1533 2677 1841 2749 λαμϐάνον·

253 2782 346 2829 τες
375 2766 474 2836 τῆς
503 2767 828 2820 ἀδιαστάτου
875 2768 1132 2839 γνώμηςο
1168 2768 1358 2839 ὥσπερ
1389 2769 1448 2823 ἓν
1481 2773 1628 2841 ἡμᾶς
1679 2773 1839 2842 σῶμα

254 2857 350 2910 καὶ
401 2857 532 2927 μίαν
581 2857 758 2930 ψυχὴν
811 2857 1116 2928 δυναμένης
1172 2859 1478 2915 ἀποτελεῖν.
1526 2860 1684 2914 υῦτω
1731 2862 1839 2932 γὰρ

251 2949 382 3020 περὶ
408 2947 517 3000 τῶν
541 2948 947 3002 πιστευσάντων
964 2947 1292 3020 γέγραπται,
1309 2949 1390 3002 ὅτι
1421 2967 1439 3000 ι
1467 2949 1572 3002 Τοῦ
1602 2950 1839 3022 πλήθους

250 3039 360 3092 τῶν
389 3039 797 3093 πιστευσάντων
836 3035 903 3109 ἦν
937 3039 970 3110 ἡ
1000 3038 1200 3110 καρδία
1224 3039 1318 3093 καὶ
1353 3039 1500 3112 ψυχὴ
1535 3040 1654 3112 μία.
1705 3060 1724 3093 ι

944 3238 1128 3293 ΑΛΛΟ

319 3351 403 3404 Τά
453 3349 611 3420 φύσει
661 3351 932 3422 προσόντα
973 3352 1116 3404 τισὶν
1148 3351 1338 3422 ὥσπερ
1383 3351 1592 3415 εἰκόνες
1627 3353 1834 3424 ἀμετά-

247 3441 436 3512 ϐλητοι
468 3443 709 3511 γίνονται
742 3445 856 3506 τοῖς
895 3444 1031 3514 πρὸς
1070 3444 1210 3497 αὐτὰ
1242 3444 1341 3515 τὴν
1381 3445 1591 3497 οἰκείαν
1635 3445 1829 3517 προαί-

251 3551 400 3605 ρεσιν
429 3533 782 3587 διαπλάττειν
812 3534 1156 3604 βουλομένοις
1177 3551 1189 3562 ·
1221 3535 1401 3588 όποῖόν
1429 3537 1546 3588 ἐστι
1568 3537 1648 3601 τὸ,
1692 3557 1709 3588 ι
1745 3538 1832 3590 Γί-

246 3626 404 3679 νεσθε
452 3626 526 3688 ὡς
554 3627 602 3678 οἰ
633 3626 808 3695 ὄφεις,
845 3627 938 3680 καὶ
968 3626 1043 3690 ὡς
1082 3628 1136 3679 αἰ
1169 3627 1510 3698 περιστεραί.
1555 3646 1574 3677 ι
1619 3629 1830 3683 Οὐκοῦν

245 3717 432 3770 εἰκόνα
458 3716 581 3769 τινὰ
611 3717 973 3788 ὑπογραμμὸν
1003 3717 1101 3787 τῆς
1127 3716 1447 3787 ὀφειλούσης
1475 3718 1532 3770 ἐν
1560 3719 1692 3789 ἡμῖν
1715 3720 1831 3772 ἐνό-

243 3823 407 3877 τητος
455 3807 700 3874 γίνεσθαι
752 3810 1174 3878 προαιρετικώς,
1223 3808 1494 3878 προτείνει
1532 3811 1627 3863 καὶ
1675 3810 1770 3863 νῦν
1800 3815 1829 3866 ό

247 3899 395 3962 Υἱὸς,
427 3901 493 3970 ἢν
525 3899 635 3969 ἔχει
672 3900 806 3970 πρὸς
835 3899 926 3952 τὸν
967 3901 1188 3970 Πατέρα
1223 3901 1458 3972 φυσικὴν
1499 3904 1825 3974 ταυτότητα.

242 3989 416 4045 Ὅταν
446 3986 538 4042 οὖν
570 3991 697 4061 λέγῃ
729 3991 858 4062 περί
888 3990 1043 4060 ἡμῶν
1062 4008 1076 4020 ο
1113 4011 1130 4041 ‹
1166 3992 1287 4045 Ἵνα
1307 3993 1402 4045 καὶ
1433 3993 1584 4046 αὐτοὶ
1614 3993 1672 4047 ἓν
1699 3989 1823 4060 ὦσι,

239 4080 427 4145 καθὼς
468 4083 562 4135 καὶ
610 4085 770 4152 ἡμεῖς
817 4083 872 4135 ἓν
918 4085 1107 4154 ἐσμεν,
1162 4103 1180 4135 ι
1235 4084 1332 4154 οὐχ
1379 4085 1464 4137 ἵνα
1512 4086 1610 4156 τὴν
1665 4085 1826 4154 φύσιν

239 4175 471 4243 ἀφέντες
501 4174 598 4244 τὴν
634 4174 862 4238 ἑαυτῶν,
894 4175 974 4237 εἰς
1019 4175 1118 4246 τὴν
1145 4173 1241 4227 τοῦ
1274 4173 1402 4228 Υἰοῢ
1446 4174 1826 4246 μεταποιηθῶ-

241 4284 366 4336 μεν,
406 4265 567 4319 τοῦτό
598 4282 762 4335 φησιν
797 4266 1082 4336 (ἀδύνατον
1111 4266 1264 4338 γὰρ),
1297 4267 1414 4320 ἀλλ’
1445 4267 1530 4320 ἵνα
1571 4267 1824 4338 καθάπερ

236 4356 342 4428 ἤδη
383 4355 728 4426 προείρηται,
756 4353 916 4407 τοῦτο
943 4355 1085 4407 κατὰ
1114 4356 1340 4427 γνώμην
1372 4356 1448 4420 ὡς
1489 4357 1626 4426 πρὸς
1663 4357 1825 4428 ἀλλή-

235 4446 365 4508 λους
390 4445 676 4514 γενώμεθα
704 4446 841 4515 ὅπερ
870 4447 987 4498 ἐστὶ
1022 4447 1162 4499 κατὰ
1187 4445 1348 4515 φύσιν
1371 4447 1530 4511 αὐτὸς
1562 4448 1700 4518 πρὸς
1732 4449 1822 4502 τὸν

1950 1949 2048 2003 tati
2081 1948 2240 2003 miles
2271 1948 2399 2003 facti
2437 1949 2726 2014 fuerimus,
2757 1964 2983 2018 prorsus
3013 1951 3062 2004 ei
3099 1950 3306 2006 similes
3332 1967 3526 2007 secun-

1949 2043 2073 2095 dum
2103 2051 2354 2094 naturam
2391 2041 2636 2106 erimus;
2671 2041 2764 2096 sed
2812 2041 2929 2095 solo
2970 2043 3402 2104 mansuetudinis
3430 2044 3528 2097 ha-

1949 2131 2088 2184 bitu.
2120 2130 2386 2196 Quocirca
2417 2144 2538 2184 cum
2559 2131 2629 2184 de
2662 2129 2817 2185 nobis
2844 2131 3008 2197 dicat,
3038 2150 3055 2182 ι
3097 2123 3166 2186 U't
3194 2133 3305 2186 sint
3332 2150 3523 2198 unum,

1946 2222 2089 2276 sicut
2112 2237 2209 2276 nos
2242 2238 2404 2276 unum
2443 2237 2630 2276 sumus
2656 2221 2722 2286 ”,
2759 2241 2778 2274 ι
2813 2224 2879 2275 ab
2903 2224 3080 2293 seipso
3109 2235 3326 2293 sumpto
3343 2239 3526 2280 exem-

1949 2315 2056 2386 plo,
2099 2329 2203 2370 non
2236 2325 2294 2367 nt
2325 2329 2547 2384 prorsus
2571 2329 2731 2367 unum
2782 2324 2975 2368 natura
3009 2331 3132 2370 cum
3185 2315 3291 2370 Deo
3323 2317 3524 2372 ellicia-

1947 2423 2090 2469 mur,
2123 2407 2223 2460 huc
2248 2407 2343 2471 ait,
2380 2407 2474 2460 sed
2514 2406 2964 2474 quemadmodum
3013 2407 3127 2478 ipse
3159 2423 3323 2462 unum
3367 2419 3524 2463 natu-

1947 2502 2137 2555 raliter
2168 2501 2322 2569 121
2354 2509 2437 2554 est
2469 2489 2597 2554 cum
2631 2499 2813 2561 Patre,
2851 2501 2920 2553 ita
2966 2501 3129 2554 etiam
3165 2515 3262 2555 nos
3289 2515 3522 2557 consen-

1942 2594 2097 2645 sione
2126 2593 2430 2644 animorum
2473 2596 2526 2643 et
2553 2588 2889 2641 voluntatum
2923 2603 3086 2641 unum
3119 2588 3334 2654 ﬁamus,
3365 2597 3522 2642 natu-

1943 2685 2109 2738 ralem
2137 2683 2473 2736 identitatem
2493 2679 2668 2734 Patris
2690 2695 2812 2734 cum
2848 2679 3008 2743 Filio,
3045 2678 3334 2749 imaginem
3359 2689 3522 2750 atque

1941 2775 2222 2842 exemplar
2272 2773 2429 2826 nobis
2487 2778 2868 2840 Proponentes,
2915 2771 3196 2826 indivulsae
3231 2770 3374 2826 inter
3421 2786 3521 2826 nos

1941 2867 2269 2930 concordize,
2320 2879 2439 2933 quae
2473 2879 2571 2917 nos
2605 2863 2766 2917 veluti
2801 2879 2962 2916 unum
3000 2877 3195 2932 corpus
3243 2878 3519 2933 unumque

1941 2959 2182 3013 animum
2211 2955 2428 3011 elﬁcere
2464 2955 2658 3010 valeat.
2691 2956 2766 3010 lta
2800 2955 2946 3010 enim
2977 2954 3045 3010 de
3088 2955 3156 3010 iis
3199 2956 3288 3024 qui
3339 2955 3518 3010 credi-

1937 3052 2136 3107 derunt
2183 3049 2446 3118 scriptum
2497 3057 2630 3102 est:
2685 3065 2702 3098 ι
2743 3046 3106 3102 Multitudinis
3172 3047 3513 3104 credentium

1937 3150 2055 3197 erat
2083 3155 2180 3194 cor
2202 3153 2390 3201 unum,
2418 3146 2471 3192 et
2497 3137 2678 3191 anima
2716 3152 2820 3190 una
2862 3137 2928 3191 ⁸⁸.
2962 3154 2981 3188 ι

2609 3245 2820 3301 ALIUD

2006 3361 2140 3430 Qua
2173 3361 2502 3416 naturaliter
2530 3358 2801 3426 aliquibus
2852 3357 3055 3424 insunt,
3105 3359 3269 3414 veluti
3324 3359 3514 3430 imagi-

1936 3469 2032 3509 nes
2062 3456 2307 3523 qumdam
2345 3450 2709 3506 immntahiles
2742 3460 2866 3504 sunt
2899 3449 2963 3504 iis
2993 3450 3085 3520 qui
3126 3451 3192 3505 ad
3229 3465 3291 3505 ea
3325 3451 3514 3506 volun-

1936 3555 2099 3600 tatem
2150 3559 2303 3598 suatn
2355 3542 2698 3596 conformare
2752 3542 2981 3594 volunt:
3038 3540 3196 3611 quale
3243 3551 3325 3597 est
3367 3544 3509 3598 hoc:

1949 3655 1969 3689 ι
2014 3636 2200 3692 Estote
2231 3637 2370 3690 sicut
2413 3644 2712 3704 serpentes,
2750 3643 2804 3687 et
2829 3633 2968 3687 sicut
2995 3633 3342 3690 columbae".
3379 3655 3397 3687 ι
3423 3634 3512 3689 Fi-

1931 3728 2039 3782 lius
2071 3727 2258 3796 itaque
2285 3726 2624 3780 identitatem
2658 3723 2960 3777 naturalem
2989 3738 3151 3791 quam
3180 3741 3300 3779 cum
3350 3727 3511 3780 Patre

1933 3819 2117 3883 habet,
2149 3817 2316 3872 veluti
2347 3816 2626 3884 exemplar
2655 3814 2923 3882 quoddam
2957 3815 3023 3867 ad
3064 3815 3380 3868 imitandntn
3413 3831 3510 3869 no-

1931 3909 2015 3966 bis
2063 3909 2337 3980 proponit,
2391 3908 2457 3960 ad
2501 3908 2643 3974 quod
2678 3915 2916 3958 mutuam
2947 3906 3089 3958 inter
3127 3919 3225 3959 nos
3265 3906 3508 3960 arctissi-

1931 4014 2183 4068 mamque
2237 3998 2575 4052 voluntatum
2635 3997 2894 4048 unitatem
2947 3993 3311 4049 ell'ormemus.
3370 3995 3504 4050 Cum

1931 4105 2060 4160 ergo
2087 4091 2154 4145 de
2185 4089 2342 4142 nobis
2387 4088 2555 4142 dicit:
2593 4104 2610 4137 ι
2644 4086 2717 4142 Ut
2746 4096 2801 4140 et
2830 4086 2930 4155 ipsi
2960 4102 3123 4141 unum
3160 4087 3290 4149 sint,
3317 4101 3506 4156 quem-

1930 4181 2218 4235 admodum
2277 4189 2331 4233 et
2380 4193 2477 4232 nos
2525 4193 2690 4230 unum
2733 4192 2940 4242 sumus,
2983 4195 3001 4228 ι
3039 4191 3143 4230 non
3183 4185 3240 4230 ut
3295 4177 3504 4244 abjecta

1928 4281 2120 4326 natura
2153 4279 2339 4325 nostra
2373 4269 2426 4322 in
2470 4267 2590 4322 Filii
2636 4277 2884 4322 naturam
2921 4275 3362 4334 transmntemur,
3404 4269 3504 4327 hoc

1925 4363 2059 4418 dicit
2093 4361 2232 4433 (ﬁeri
2263 4361 2408 4414 enim
2445 4376 2548 4415 non
2585 4358 2808 4430 potest),
2841 4361 2955 4426 sed,
2983 4367 3042 4414 ut
3073 4361 3272 4414 dictum
3304 4371 3408 4423 est,
3439 4360 3502 4414 il-

1927 4455 2017 4509 lud
2054 4455 2200 4507 inter
2229 4467 2328 4506 nos
2376 4451 2678 4507 animorum
2706 4453 3061 4505 consensione
3105 4450 3318 4514 ﬁamus,
3360 4454 3501 4519 quod

235 4536 458 4607 Πατέρα
478 4552 492 4566 ·
526 4535 583 4587 ἐν
610 4536 830 4608 δηλαδή.
877 4538 938 4590 Εἰ
967 4537 1023 4590 δέ
1056 4539 1155 4591 ούκ
1198 4538 1346 4591 ἔστιν
1375 4539 1536 4594 εἰκὼν
1562 4542 1656 4594 καὶ
1682 4543 1814 4595 ὑπό-

1934 4547 2043 4614 ipse
2089 4540 2413 4596 naturaliter
2450 4549 2532 4593 cst
2571 4555 2691 4593 cum
2732 4538 2912 4602 Patre,
2953 4554 3116 4591 unum
3160 4537 3392 4592 scilicet.
3441 4537 3500 4592 Si

230 4629 434 4700 δειγμα
466 4627 526 4681 τὸ
557 4628 869 4699 λεγόμενον,
902 4629 1036 4683 ἀλλὰ
1082 4630 1296 4694 πάντως
1329 4633 1564 4705 φυσικὴν
1597 4633 1815 4687 ἔσεσθαί

231 4737 358 4773 τινα
391 4719 692 4790 μεταϐολὴν
729 4719 898 4772 οἴεταί
924 4737 1027 4784 τις,
1061 4719 1254 4773 ἐαυτὸν
1295 4721 1541 4791 ἐξαπατᾷ
1586 4721 1646 4773 τὸ
1679 4722 1813 4792 άλη-

233 4811 328 4874 θές
359 4812 457 4880 οὐχ
476 4810 637 4882 ὁρῶν.
685 4811 747 4863 Εἰ
775 4810 882 4882 γὰρ
910 4811 1159 4864 ἐϐούλετο
1189 4809 1440 4879 γενέσθαι
1485 4811 1624 4864 κατὰ
1653 4811 1812 4881 φύσιν

232 4906 381 4974 ἡμᾶς
427 4906 456 4956 ό
506 4903 634 4965 Υἱὸς
686 4903 823 4976 ὅπερ
864 4905 1008 4956 ἐστὶν
1042 4903 1204 4966 αὐτὸς
1252 4905 1389 4975 πρός
1445 4905 1535 4957 τὸν
1570 4905 1809 4975 Πατέρα,

231 4996 402 5065 ἐχρῆν
429 4996 603 5047 εἰπεῖν
627 5009 641 5021 ·
689 4992 801 5046 Ἵνα
839 4993 904 5064 δὴ
937 4991 1128 5065 ὥσπερ
1173 4993 1284 5062 ἐγὼ
1307 4994 1442 5068 πρὸς
1477 4993 1557 5058 σὲ,
1607 4995 1808 5064 Πάτερ,

229 5088 291 5140 ἓν
327 5089 463 5156 εἰμι,
495 5084 636 5138 οὕτω
669 5084 764 5136 καὶ
793 5084 965 5138 αὐτοί.
998 5084 1136 5137 Νυνὶ
1176 5084 1234 5138 δὲ
1273 5084 1431 5138 τοῦτο
1461 5085 1559 5156 μὲν
1588 5085 1693 5137 οὐκ
1728 5085 1810 5137 εἰ-

229 5185 370 5246 πὼν,
404 5182 483 5252 τῷ
525 5174 582 5234 δὲ
630 5179 977 5252 πληθυντικῷ
1031 5180 1381 5251 χρησάμενος
1422 5179 1658 5252 ἀριθμῷ,
1717 5179 1808 5232 καὶ

224 5274 434 5343 λέγων’
477 5293 496 5324 ι
535 5274 654 5327 Ἵνα
696 5270 884 5342 ὥσπερ
923 5270 1032 5339 ἐγὼ
1073 5271 1168 5324 καὶ
1216 5273 1280 5324 σὺ
1328 5272 1387 5324 ἓν
1437 5275 1624 5342 ἐσμεν,
1665 5271 1807 5324 οὓτω

223 5370 322 5422 καὶ
351 5368 505 5421 αὐτοὶ
542 5368 600 5420 ἐν
626 5369 758 5438 ἡμῖν
797 5365 856 5417 ἓν
897 5358 1020 5428 ὦσι,
1062 5384 1080 5416 ι
1123 5363 1370 5417 διδάσκει.
1398 5364 1584 5432 σαφῶς
1620 5364 1809 5436 ὅτιπερ

222 5463 326 5514 οὐκ
359 5462 437 5523 εἰς
467 5458 565 5530 τὴν
605 5459 703 5528 τῆς
737 5456 988 5525 Θεότητος
1017 5455 1179 5524 φύσιν
1213 5454 1645 5526 μεταποιηοῆναι
1685 5454 1808 5524 βού-

220 5553 373 5606 λεται
408 5552 534 5613 τοὺς
584 5552 664 5614 εἰς
705 5549 868 5617 αὐτὸν
913 5548 1265 5611 πιστεύοντας
1314 5547 1596 5615 (ἀπίθανον
1650 5547 1802 5618 γὰρ),

218 5643 339 5698 ἀλλ’
367 5641 551 5695 εἰκόνα
578 5643 677 5712 τῆς
717 5640 857 5695 κατὰ
899 5640 1218 5710 προαίρεσιν
1253 5641 1504 5711 ἐνότητος
1536 5638 1802 5703 λαϐόντας

293 5821 334 5852 ¹⁶
366 5818 557 5876 Matth.
594 5836 669 5881 xl,
704 5816 792 5870 29.
875 5817 914 5846 ⁸⁷
947 5815 1101 5870 Joan.
1128 5833 1258 5879 xvn,
1289 5815 1370 5893 lt.

542 5913 814 5971 PATROL.
863 5909 978 5969 GI.
1031 5909 1275 5972 LXXV.

1921 4650 2052 4689 vero
2082 4634 2132 4686 id
2169 4633 2314 4701 quod
2344 4631 2542 4684 dicitur
2569 4644 2673 4684 non
2703 4637 2784 4684 est
2810 4631 2984 4700 imago
3009 4637 3173 4698 atque
3195 4629 3494 4698 exemplar,

1921 4728 2012 4782 sed
2057 4725 2284 4780 omnino
2333 4722 2636 4777 naturalem
2677 4722 2910 4792 aliquam
2945 4723 3376 4776 immutationem
3414 4720 3498 4775 fu-

1925 4829 2098 4872 turam
2129 4813 2480 4884 imaginatur,
2505 4814 2752 4881 .seipsum
2785 4813 2984 4881 decipit
3015 4827 3198 4867 verum
3240 4827 3345 4868 non
3377 4826 3497 4865 cer-

1921 4925 2074 4964 nens.
2111 4907 2247 4962 Nam
2271 4908 2317 4962 si
2349 4905 2520 4960 Filius
2557 4905 2819 4960 voluisset
2863 4919 2960 4959 nos
3000 4903 3296 4959 secundum
3339 4911 3497 4956 natu-

1921 5017 2035 5056 ram
2069 5000 2183 5055 ﬁeri
2210 4999 2262 5053 id
2291 4998 2434 5068 quod
2465 4997 2581 5067 ipse
2607 5006 2693 5052 est
2722 5011 2844 5051 eum
2885 4994 3065 5058 Patre,
3099 4994 3327 5048 dixisset
3353 5006 3495 5061 pro-

1915 5092 2058 5147 fecto
2089 5105 2104 5145 :
2141 5089 2238 5156 Ut,
2285 5087 2736 5158 quemadmodum
2791 5095 2964 5142 tecum
3007 5099 3108 5154 ego
3142 5098 3307 5138 unum
3347 5098 3489 5149 sum,

1919 5183 1991 5237 ita
2022 5193 2075 5236 et
2101 5182 2222 5250 ipsi.
2256 5179 2408 5234 Nunc
2437 5193 2565 5234 vero
2599 5193 2704 5232 non
2740 5179 2813 5231 ita
2849 5177 3003 5240 dicit,
3044 5174 3137 5229 sed
3165 5173 3361 5243 plurali
3391 5190 3494 5229 nu-

1914 5289 2065 5330 mero
2097 5282 2277 5335 utens,
2301 5278 2356 5325 et
2386 5271 2570 5326 dicens
2597 5289 2611 5324 :
2643 5289 2660 5321 ι
2691 5269 2783 5333 Ut,
2816 5266 3267 5336 quemadmodum
3306 5281 3405 5336 ego
3435 5275 3492 5321 et

1921 5375 1975 5418 tu
2011 5378 2176 5418 unum
2205 5376 2412 5422 sumus,
2451 5362 2523 5415 ita
2568 5369 2623 5414 et
2655 5359 2756 5429 ipsi
2799 5358 2850 5412 in
2886 5357 3041 5412 nobis
3078 5371 3242 5411 unum
3287 5357 3416 5424 sint,
3463 5375 3482 5409 ι
3513 5357 3516 5361 ’

1917 5454 2076 5509 docet
2118 5462 2328 5520 aperte,
2356 5465 2462 5505 non
2503 5449 2606 5503 hoc
2641 5447 2778 5501 velle
2829 5461 2909 5510 se,
2944 5456 3000 5500 ut
3034 5445 3123 5514 qui
3153 5444 3491 5499 crediderint

1827 5534 1836 5543 ’
1915 5547 1966 5600 in
1991 5560 2112 5600 eum
2142 5552 2572 5600 transmutentur
2597 5541 2648 5595 in
2679 5546 2928 5594 naturam
2952 5539 3168 5594 deitatis
3192 5538 3320 5608 (hoc
3345 5537 3488 5592 enim

1913 5640 2028 5694 tieri
2067 5655 2172 5694 non
2203 5636 2421 5709 potest),
2449 5634 2542 5691 sed
2575 5643 2631 5688 ut
2653 5644 3014 5704 proponentes
3039 5630 3192 5687 nobis
3213 5627 3490 5697 exemplar

1467 5842 1470 5846 ~
1532 5831 1649 5874 Act.
1680 5836 1751 5885 tv,
1784 5819 1852 5874 5‘2
1957 5817 2000 5892 3°
2036 5818 2226 5872 Matth.
2271 5829 2327 5881 ι,
2362 5815 2440 5869 16.

3118 5899 3148 5962 7
