4072 6516
591 414 697 472 eos
774 384 779 387 ’

1614 402 1673 457 S.
1712 401 1988 459 CYRiLLl
2028 400 2497 458 ALEXANDRINI
2536 401 2855 457 ARCIIIEP.

3758 395 3871 452 εσι

592 528 817 587 unitatis
844 528 1200 593 voluntatum,
1238 525 1291 579 id
1320 523 1465 595 quod
1504 524 1604 595 ipsi
1642 522 1966 578 naturaliter
2008 523 2167 589 inest,

2284 522 2334 575 τὸ
2386 522 2545 591 φύσει
2590 519 2792 591 προσὸν
2820 517 2989 589 αὐτῷ,
3041 516 3198 570 τοῦτο
3249 513 3385 569 εἶναι
3431 514 3574 568 κατᾶ
3629 512 3871 581 γνώμην

588 625 640 677 id
668 636 793 676 esse
838 620 983 673 inter
1010 632 1109 671 nos
1150 616 1510 670 consensione
1559 614 1864 692 animorum
1903 611 2164 678 nitamur,

585 712 732 780 quod
764 710 879 780 ipse
901 719 983 763 est
1022 707 1345 762 naturaliter
1381 722 1503 761 cum
1536 705 1721 760 Patre.

584 821 821 882 ALIUD,
846 825 1123 875 ostendens
1154 819 1267 873 ﬁeri
1298 820 1351 872 in
1376 818 1509 883 Deo,
1550 836 1651 873 non
1684 831 1892 874 naturis
1915 819 2170 872 immuta-

696 896 889 946 tionem
912 895 955 945 si
994 890 1233 957 niﬁcare,
1258 890 1346 943 sed
1379 904 1475 943 aer
1507 891 1680 958 ipsum
1714 889 1793 943 uel
1825 891 1892 944 ab
1924 891 2061 959 ipso.

661 1063 950 1121 Psalmista
999 1062 1199 1118 alicubi
1248 1061 1322 1116 ita
1367 1060 1483 1115 ait:
1520 1079 1538 1112 ι
1574 1060 1631 1115 1η
1680 1070 1731 1115 te
1780 1061 2032 1116 inimicos
2068 1074 2167 1114 no.

593 1170 737 1213 stros
753 1171 921 1211 cornu
953 1167 1198 1225 petemus
1218 1153 1288 1208 ’°.
1320 1171 1339 1205 ι
1370 1153 1436 1207 Et
1466 1169 1680 1208 rursum
1712 1172 1725 1207 :
1759 1173 1777 1205 ι
1815 1154 1872 1207 ln
1910 1153 2024 1207 Deo
2053 1166 2174 1207 meo

596 1251 968 1320 transgrediar
991 1264 1202 1303 murum
1222 1248 1293 1306 “.
1326 1268 1344 1300 ι
1366 1249 1527 1319 Atqui
1558 1248 1899 1316 perspicuum
1927 1257 2009 1300 est
2031 1244 2173 1316 quod

595 1359 701 1399 non
749 1344 801 1397 in
843 1343 952 1398 Deo
983 1340 1303 1397 naturaliter
1326 1352 1571 1397 versatus
1594 1355 1776 1395 muros
1807 1339 2173 1404 transcendat,

594 1446 689 1490 aut
720 1452 888 1491 cornu
921 1443 1093 1504 petat,
1126 1433 1220 1489 sed
1268 1433 1322 1486 in
1375 1433 1594 1487 nomine
1644 1431 1736 1486 Dei
1780 1440 1836 1486 et
1876 1432 1927 1485 in
1975 1432 2175 1485 virtute

593 1528 767 1597 ipsius
812 1526 865 1581 id
918 1526 1075 1595 122
1110 1525 1451 1593 praestiturus
1495 1523 1584 1576 sit.
1620 1520 1754 1575 Cum
1794 1522 1962 1591 igitur
2005 1520 2175 1575 Filius

593 1622 778 1675 dicat:
816 1638 833 1671 ι
868 1618 937 1674 Ut
964 1630 1016 1674 et
1050 1619 1148 1687 ipsi
1193 1618 1245 1671 in
1289 1618 1445 1672 nobis
1497 1632 1665 1669 unum
1698 1616 1830 1679 sint,
1865 1633 1884 1667 ι
1926 1631 2030 1669 ηοη
2074 1616 2177 1670 hoc

600 1711 763 1776 dicit,
792 1719 851 1763 ut
880 1708 1161 1763 credentes
1202 1722 1369 1761 unum
1403 1705 1728 1761 naturaliter
1752 1719 1872 1759 cum
1906 1704 2017 1759 Deo
2045 1704 2174 1768 siut,

598 1804 692 1857 sed
728 1812 785 1855 ut
816 1802 867 1855 in
899 1800 1120 1854 nomine
1146 1799 1326 1854 Patris
1348 1809 1403 1853 et
1427 1797 1577 1861 Filii,
1602 1812 1706 1851 nua
1733 1798 1875 1851 inter
1898 1812 1958 1851 se
1989 1795 2176 1850 volun-

601 1902 707 1948 tate
739 1892 1164 1960 coujuugantur,
1187 1898 1242 1944 et
1270 1890 1326 1943 in
1356 1888 1612 1942 amicitia:
1638 1886 2028 1955 charitatisque
2056 1885 2176 1939 uui-

597 1995 762 2039 tatem
792 1982 1124 2038 coalescant.
1153 1979 1287 2035 Cum
1335 1993 1466 2034 vero
1504 1978 1656 2033 addit
1690 1978 1814 2042 hoc,
1854 1996 1873 2029 ι
1919 1977 2177 2046 quemad-

598 2076 818 2129 tnodum
872 2088 971 2126 nos
1020 2087 1186 2125 unum
1244 2084 1457 2134 sumus,
1492 2087 1510 2120 ι
1541 2068 1888 2123 manifestum
1924 2077 2008 2123 est
2047 2065 2175 2121 illud

598 2181 705 2221 non
761 2164 1064 2219 naturalem
1104 2162 1537 2217 immutationem
1578 2161 1925 2215 credentibus
1965 2159 2176 2229 largiri,

599 2258 694 2312 sed
722 2256 885 2310 veluti
926 2255 1215 2324 imaginem
1263 2263 1425 2325 atque
1455 2252 1751 2322 exemplar,
1797 2250 1951 2305 nobis
1983 2263 2180 2319 propo-

599 2364 733 2403 nere
767 2348 821 2401 id
845 2348 990 2418 quod
1022 2346 1348 2400 naturaliter
1380 2345 1481 2399 sibi
1509 2345 1672 2406 inest,
1706 2343 1772 2397 ad
1798 2344 2056 2397 unitatem
2077 2356 2175 2395 vo-

600 2440 866 2492 luntatum
898 2438 951 2491 in
986 2437 1143 2491 nobis
1168 2434 1578 2489 efformandani.
1618 2433 1728 2487 Vox
1762 2433 1905 2487 enim
1928 2433 2183 2502 quemad-

598 2533 814 2583 modum
844 2544 954 2584 non
981 2544 1095 2584 rem
1126 2526 1432 2599 ipsam,sed
1450 2525 1856 2581 similitudinem
1889 2525 2177 2595 quamdam

599 2623 869 2692 signiﬁcat

599 2733 835 2796 ALIUD,
862 2749 954 2802 per
983 2732 1122 2802 quod
1163 2731 1417 2802 discimus
1450 2746 1551 2797 quo
1596 2728 2177 2802 portoriuteiligendum

669 2808 736 2858 sit
773 2798 1160 2856 dic'tum'itlud
1196 2816 1213 2853 :
1253 2817 1271 2850 ι
1318 2798 1383 2851 Ut
1421 2800 1859 2867 quemadmodum
1902 2815 1995 2868 ego
2024 2812 2071 2850 et
2123 2809 2177 2849 ιιι

673 2890 838 2927 unum
886 2888 1064 2925 sumtis
1087 2911 1101 2931 ,
1131 2874 1205 2922 ita
1239 2880 1285 2921 et
1318 2870 1418 2932 ipsi
1455 2885 1612 2920 unum
1645 2874 1748 2920 sint
1781 2882 1799 2921 :
1838 2883 1931 2937 ego
1963 2872 2015 2920 in
2052 2868 2179 2936 ipsis

664 2956 713 2997 et
748 2955 804 2996 tu
835 2945 889 2995 in
926 2957 1026 3006 me,
1059 2949 1113 2993 ut
1140 2944 1241 2993 sint
1268 2938 1487 3008 perfecti
1517 2940 1568 2990 in
1590 2953 1767 2990 unum
1793 2938 1861 2990 ".
1904 2956 1923 2989 ι

673 3121 816 3178 Deus
876 3120 1113 3175 Verbum
1173 3132 1454 3187 magnam,
1513 3118 1623 3171 imo
1671 3130 1801 3171 vero
1858 3116 2177 3171 immensam

601 3214 890 3285 quamdam
915 3212 1142 3280 gratiam
1177 3211 1414 3265 humano
1449 3208 1640 3280 generi
1672 3217 1938 3278 praestare
1963 3208 2176 3275 volens,

605 3307 773 3361 trahit
817 3318 1005 3358 omnes
1048 3304 1210 3356 veluti
1239 3303 1304 3356 ad
1338 3302 1601 3356 unitatem
1646 3301 1935 3370 quamdam
1977 3317 2181 3356 secum.

604 3400 741 3454 Cum
776 3396 919 3451 enim
964 3394 1189 3463 gestarit
1231 3408 1426 3463 corpus
1469 3393 1784 3457 humanum,
1828 3404 2075 3448 versatus
2100 3404 2184 3449 est

604 3491 659 3544 in
706 3488 884 3543 nobis.
918 3487 1093 3540 Habet
1147 3496 1323 3539 autem
1379 3485 1432 3539 in
1483 3485 1661 3553 seipso
1710 3483 1949 3549 Patrem,
1995 3495 2182 3555 utpote

605 3582 842 3637 Verbum
881 3580 1050 3648 ipsius
1094 3588 1147 3631 et
1178 3577 1453 3647 splendor.
1492 3576 1953 3643 Quemadmodum
1996 3578 2180 3647 igitur,

606 3677 704 3740 ait,
737 3687 837 3741 ego
876 3687 993 3726 sum
1030 3672 1081 3724 in
1114 3671 1213 3737 eis,
1244 3671 1369 3738 quia
1403 3669 1648 3722 eamdem
1678 3685 1799 3723 cum
1840 3671 1920 3723 eis
1954 3683 2177 3722 caruetn

607 3775 783 3833 gesto,
819 3773 875 3817 et
908 3772 961 3817 tu
998 3762 1157 3816 Pater
1193 3761 1245 3814 in
1288 3775 1391 3825 me,
1416 3762 1543 3828 quia
1574 3773 1674 3828 ego
1716 3774 1834 3813 sum
1878 3758 2182 3828 pr0prietas

609 3870 711 3912 tua:
746 3856 994 3910 essentia:
1030 3872 1045 3907 :
1089 3853 1162 3907 ita
1207 3851 1328 3906 volu
1371 3861 1429 3905 ut
1468 3859 1523 3903 et
1570 3850 1669 3919 ipsi
1703 3849 1909 3903 unitate
1945 3847 2180 3916 quadam

609 3949 923 4004 coalescant
951 3946 1095 4000 inter
1123 3959 1203 4013 se,
1236 3954 1291 3999 et
1317 3940 1479 3995 veluti
1503 3957 1666 3995 unum
1700 3954 1894 4009 corpus
1922 3938 2098 3993 ell'ecti
2132 3939 2181 3992 iu

610 4058 697 4096 me
747 4054 935 4095 omnes
984 4039 1116 4101 siut,
1153 4037 1350 4105 quippe
1387 4035 1476 4103 qui
1527 4048 1719 4087 omnes
1770 4039 1922 4102 gesto
1965 4040 2185 4099 propter

609 4148 778 4186 unum
814 4129 1069 4197 templum
1108 4127 1461 4182 humanitatis
1494 4140 1656 4194 quam
1689 4122 1957 4192 assumpsi
1982 4139 1996 4187 ;
2021 4130 2185 4191 atque

610 4223 685 4275 ita
713 4229 767 4273 et
805 4228 963 4272 erunt
1004 4226 1059 4271 et
1095 4225 1387 4271 cernentur
1420 4214 1663 4283 perfecti.
1698 4212 1826 4266 Nam
1853 4221 1907 4266 et
1937 4226 2036 4281 ego
2059 4228 2184 4282 per-

609 4313 786 4366 fectus
811 4326 955 4375 sum,
984 4310 1196 4363 tametsi
1230 4309 1392 4362 homo
1425 4306 1601 4360 lactus
1631 4306 1756 4359 sim.

607 4424 841 4487 ALIUD,
872 4423 1148 4476 ostendens
1176 4418 1478 4487 manifeste,
1514 4417 1652 4485 quod
1688 4432 1789 4469 non
1833 4416 2051 4484 propria
2082 4431 2182 4468 no-

680 4508 790 4549 stra
822 4504 1014 4546 natura
1056 4491 1254 4544 amissa
1296 4494 1350 4541 in
1378 4490 1611 4540 divinant
1642 4496 1889 4538 naturam
1914 4495 2183 4538 transmu-

679 4576 875 4627 tamur,
909 4563 1117 4632 quando
1155 4575 1314 4632 imum
1345 4574 1463 4632 cu_m
1503 4556 1611 4632 Deo
1643 4555 1772 4623 eﬂici
1812 4559 2061 4620 dicimur,
2093 4559 2182 4609 sed

678 4634 819 4704 quod
846 4627 1126 4701 participes
1157 4631 1318 4695 ipsius
1352 4627 1543 4694 eﬂ‘ecti,
1576 4627 1671 4677 hoc
1703 4641 1969 4679 vocantur.

688 4834 706 4865 ι
747 4813 804 4866 1η
828 4813 949 4873 hoc,
998 4829 1015 4861 ι
1054 4808 1223 4877 inquit
1256 4807 1443 4860 beatus
1470 4802 1729 4871 Joannes,
1767 4824 1786 4855 ι
1812 4808 2189 4875 cognoscimus

609 4905 757 4976 quod
807 4904 860 4957 in
908 4896 1024 4970 ipso
1054 4911 1357 4958 manemus,
1390 4906 1443 4949 et
1487 4896 1601 4964 ipse
1640 4897 1694 4949 in
1745 4898 1923 4960 nobis,
1954 4898 2080 4967 quia
2120 4912 2186 4951 ex

613 4996 816 5067 Spiritu
851 5009 947 5046 suo
988 4990 1135 5045 dedit
1177 4988 1330 5041 nob‘s
1355 4987 1420 5039 ’³.
1461 5004 1480 5038 ι
1523 4987 1581 5040 Si
1616 5001 1744 5056 ergo
1775 5003 1870 5056 per
1904 4988 2191 5060 partit-ipa-

611 5089 815 5143 tionem
869 5083 1103 5153 Spiritus
1140 5093 1302 5132 unum
1341 5077 1604 5133 eilicimur
1641 5094 1763 5134 cum
1812 5079 1943 5143 Deo,
1984 5089 2041 5135 et
2088 5096 2185 5135 nos

612 5177 829 5248 quidem
867 5177 920 5228 in
946 5177 1084 5244 ipso,
1121 5173 1341 5240 ipseque
1375 5172 1428 5225 in
1458 5170 1613 5226 nobis
1644 5186 1766 5226 esse
1789 5171 2018 5233 dicitur;
2050 5170 2187 5227 Ver-

609 5270 739 5325 bum
767 5278 946 5321 autem
983 5266 1078 5319 Dei
1107 5279 1214 5317 non
1250 5272 1331 5317 est
1361 5276 1425 5316 ex
1458 5277 1645 5317 eorum
1680 5279 1912 5320 numero
1944 5265 2035 5334 qui
2071 5281 2189 5335 par-

612 5362 807 5429 ticipes
837 5356 1073 5428 Spiritus
1108 5356 1283 5409 sancti
1313 5358 1467 5425 liunt,
1513 5359 1607 5413 sed
1641 5373 1756 5427 Ipse
1796 5360 1974 5427 potius
2014 5358 2186 5426 Spiri-

617 5464 729 5505 tum
759 5450 1032 5519 largitur:
1074 5448 1416 5503 manifestum
1460 5462 1608 5506 certe
1636 5455 1763 5515 erit,
1817 5468 1922 5506 non
1972 5451 2047 5505 ita
2089 5466 2186 5506 nos

612 5541 669 5595 in
698 5539 808 5594 Deo
838 5555 901 5593 ac
933 5537 1091 5592 Patre
1127 5552 1268 5602 esse,
1302 5542 1757 5609 quemadmodum
1794 5557 1908 5611 ipse
1941 5551 2046 5598 est.
2078 5542 2184 5597 Sed

612 5635 728 5704 ipse
751 5634 801 5688 in
832 5642 1023 5688 natura
1058 5630 1169 5699 ipsa
1198 5632 1457 5702 genitoris
1476 5634 1562 5688 sui
1582 5642 1687 5697 est,
1707 5641 1890 5704 utpote
1922 5630 2182 5701 Verbum,

2270 612 2606 682 ἐπείγεσθαι,
2642 612 2671 664 ὃ
2708 611 2856 664 ἐστιν
2893 610 3056 673 αὐτὸς
3088 608 3331 679 φυσικῶς
3361 606 3496 678 πρὸς
3523 604 3617 658 τὸν
3661 607 3869 673 γεννή-

2272 718 2457 755 σαντα.

2268 816 2476 880 ΛΛΛΟ,
2509 814 2790 869 δεικνὺον
2826 815 2915 868 ὅτι
2948 814 3013 867 τὸ
3056 815 3127 868 ἐν
3169 812 3289 877 Θεῷ
3326 812 3594 877 γίνεσθαι,
3628 810 3723 880 οὑξ
3750 811 3871 878 5:15-

2341 878 2495 973 σεως
2524 886 2801 971 (πημαίνει
2822 884 3187 955 μεταϐολὴν,
3225 884 3361 937 ἀλλ’
3392 884 3481 935 ὅτι
3519 882 3591 934 δι’
3620 878 3795 933 αὖ»ξοὺ
3831 880 3867 947 ἦ

2340 968 2471 1025 παρ’
2512 968 2703 1011 αυτου.

2341 1068 2671 1139 Εὑρίσκεταί
2700 1084 2805 1121 που
2834 1068 3010 1137 λέγων
3029 1067 3058 1120 ό
3085 1065 3389 1136 Ψαλμῳδός
3407 1081 3423 1097 θ
3445 1084 3465 1119 ι
3506 1064 3596 1119 Ἐν
3627 1065 3717 1118 co't
3735 1066 3868 1129 τοὺς

2273 1159 2501 1231 ἐχθροὺς
2546 1158 2707 1231 ἡμῶν
2734 1157 3119 1231 κερατιοῦμεν.
3159 1174 3180 1209 ι
3216 1157 3327 1209 Καὶ
3361 1155 3539 1210 πάλιν
3583 1174 3603 1207 ι
3656 1155 3756 1208 Ἐν
3784 1155 3867 1224 τῷ

2273 1251 2394 1323 Θεῷ
2454 1270 2557 1323 μου
2612 1252 2993 1322 ὑπερϐήσομαι
3039 1251 3235 1319 τεῖχος.
3291 1268 3311 1301 s
3366 1248 3503 1301 Ἀλλ’
3545 1247 3662 1301 ἔστι
3703 1247 3869 1318 δῆλον

2274 1343 2466 1415 ὅτιπερ
2497 1345 2596 1397 οὐκ
2624 1346 2680 1397 ὲν
2709 1342 2788 1413 τῷ
2816 1341 2935 1412 Θεῷ
2960 1342 3251 1412 γενόμενος
3278 1339 3522 1409 φυσικῶς
3556 1340 3651 1393 καὶ
3681 1342 3869 1411 τεῖχος

2276 1433 2686 1505 ὑπερδήσεσθαι
2713 1433 2808 1487 καὶ
2835 1435 3127 1504 κερατιεῖν,
3168 1431 3282 1485 ἀλλ’
3312 1430 3394 1484 ὅτι
3433 1434 3490 1484 ὲν
3516 1430 3595 1501 τῷ
3633 1430 3871 1501 ὀνόματι

2276 1527 2370 1581 τοῦ
2410 1526 2545 1580 Θεοῦ
2586 1528 2677 1580 καὶ
2714 1526 2772 1581 ἐν
2803 1528 2869 1596 τῇ
2908 1524 3135 1595 δυνάμει
3197 1522 3363 1577 αὐτοῦ
3411 1522 3569 1576 τοῦτο
3621 1524 3867 1593 ποιήσει.

2278 1617 2487 1671 Οὐκοῦν
2509 1620 2638 1671 ὅταν
2664 1620 2691 1671 ό
2723 1616 2850 1680 Υίδς
2879 1616 3020 1686 λέγῃ
3040 1632 3052 1643 ·
3095 1632 3116 1666 ι
3158 1615 3274 1668 Ἵνα
3307 1614 3403 1667 καὶ
3430 1614 3583 1667 αὐτοὶ
3624 1614 3685 1667 ἐν
3729 1614 3870 1685 ἡμῖν

2276 1710 2335 1763 ἓν
2364 1706 2523 1776 ὦσιν,
2554 1730 2573 1762 ι
2610 1710 2711 1780 οὐχ
2734 1711 2820 1763 ἵνα
2854 1708 2998 1763 κατὰ
3020 1707 3179 1776 φύσιν
3218 1706 3275 1761 ἓν
3302 1707 3567 1775 γένωνται
3594 1706 3741 1777 πρὸς
3780 1705 3869 1758 τὸν

2276 1804 2409 1857 Θεὸν
2437 1806 2486 1857 oi
2532 1802 2897 1866 πιστεύοντες,
2932 1799 3088 1854 τοῦτό
3125 1816 3311 1871 φησιν,
3347 1798 3463 1853 ἀλλ’
3501 1800 3588 1853 [va
3641 1801 3699 1851 ἐν
3747 1799 3871 1851 ὀνό-

2209 1939 2251 1993 Β
2283 1914 2413 1967 ματι
2442 1895 2655 1966 Πατρὸς
2692 1895 2787 1949 xa‘t
2817 1893 2971 1963 Υίοῦ,
3007 1892 3135 1963 μίαν
3164 1891 3336 1962 ἔχοιεν
3370 1892 3449 1955 είς
3477 1889 3747 1961 ἀλλήλους
3771 1891 3873 1960 τὴν

2282 1988 2529 2059 γνώμην,
2583 1987 2679 2041 καὶ
2721 1987 2803 2050 είς
2856 1985 3037 2055 φιλίας
3089 1983 3315 2054 ἑνότητα
3369 1982 3870 2052 περισφίγγωνται.

2296 2076 2515 2146 Ἐπειδὴ
2534 2075 2590 2127 δὲ
2612 2073 2932 2146 προστίθησι
2962 2072 3044 2135 τὸ,
3072 2091 3091 2124 ι
3132 2068 3315 2135 καθὼς
3343 2072 3499 2142 ἡμεῖς
3521 2070 3579 2122 ἓν
3611 2072 3808 2140 ἐσμεν,
3850 2090 3867 2120 ι

2281 2166 2439 2237 δῆλός
2473 2168 2620 2219 ἐστιν
2646 2165 2707 2218 οὐ
2743 2163 2975 2233 φυσικὴν
3004 2162 3120 2224 τοῖς
3159 2159 3475 2213 πιστεύουσι
3505 2156 3874 2229 χαριζόμενος

2286 2257 2610 2330 μεταϐολὴν,
2644 2255 2761 2310 ἀλλ’
2799 2257 2874 2319 ὡς
2905 2254 3090 2308 εἰκόνα
3132 2253 3229 2307 καὶ
3262 2251 3566 2321 ὑπόδειγμα
3602 2250 3667 2303 τὸ
3707 2243 3872 2319 φύσει

2282 2348 2485 2421 προσὸν
2520 2345 2668 2417 αὺτῷ
2694 2345 2865 2408 τιθεὶς
2910 2342 3012 2414 τῆς
3059 2339 3449 2414 προαιρετικῆς
3484 2339 3647 2411 ἡμῶν
3683 2338 3873 2407 ἐνάτη-

2280 2458 2392 2504 τος.
2447 2439 2521 2493 Τὸ
2569 2438 2700 2510 γὰρ,
2751 2435 2965 2502 καθὼς,
3022 2436 3082 2489 οὐ
3139 2435 3355 2497 πάντως
3404 2431 3704 2503 ἀλήθειαν,
3751 2432 3869 2484 ἀλλ’

2281 2531 2538 2603 ὁμοίωσίν
2567 2547 2688 2584 τινα
2725 2528 3043 2600 παραδολοί.

2282 2732 2491 2793 ΑΛΛΟ,
2527 2730 2599 2783 δι’
2634 2724 2705 2785 οὗ
2753 2727 3141 2797 μανθάνομενξ
3176 2715 3335 2797 ὅπως
3369 2719 3664 2797 προοξήιςει
3703 2720 3873 2797 νοεῖς

2353 2802 2418 2854 τὸ
2437 2790 2648 2869 mror,
2676 2790 3036 2869 τοὺτέοντιν,⁷
3061 2814 3078 2846 ι
3113 2796 3246 2869 Ἵνα
3273 2794 3476 2869 dicatae
3511 2790 3628 2869 ἐηὼ
3656 2790 3757 2869 κει)
3786 2792 3869 2842 σὺ

2350 2855 2671 2938 ἕν’ἐὸμειλ,
2718 2870 2870 2922 οὕτω
2920 2866 3019 2938 καὶ
3064 2855 3510 2938 adsolet-ﬂigi?
3550 2855 3622 2938 ἔτ
3673 2855 3867 2913 ὦσιν-

2351 2940 2467 3009 erit;
2507 2927 2577 2991 é'r
2613 2927 2847 3009 αὐτοῖς,
2886 2937 2987 2990 καὶ
3019 2936 3099 2988 σὺ
3132 2935 3202 2988 ἐν
3231 2927 3527 3004 ἐμοι,”ἵνα
3567 2927 3681 2986 ὦσι
3715 2946 3871 2984 τετε-

2352 3007 2661 3079 λειωμένοι
2703 3010 2789 3074 είς
2817 3007 2905 3065 ἐν.
2955 3026 2974 3057 ι

2354 3120 2613 3191 Μεγάλην
2651 3118 2772 3174 τινὰ
2806 3118 2898 3174 καὶ
2927 3119 3180 3190 ὑπερφυῆ
3222 3118 3299 3189 τῷ
3336 3118 3482 3187 γένει
3512 3115 3619 3169 τῶν
3652 3114 3875 3185 ἀνθρὼ-

2286 3227 2403 3268 πων
2441 3211 2769 3267 καταθέσθαι
2801 3212 2959 3282 χάριν
2990 3209 3313 3280 βουλόμενος
3332 3211 3361 3262 ὁ
3391 3206 3485 3261 τοῦ
3512 3206 3649 3259 Θεοῦ
3672 3207 3874 3274 Λόγος,

2289 3304 2437 3359 ἕλκει
2479 3304 2801 3375 σύμπαντας
2833 3302 2907 3365 ὼς
2941 3301 3075 3372 πρὸς
3098 3300 3324 3370 ἑνότητα
3347 3301 3443 3370 τὴν
3482 3298 3613 3369 πρὸς
3648 3299 3869 3352 ἑαυτὸν.

2285 3399 2523 3469 Φορέσας
2567 3396 2665 3465 μὲν
2699 3395 2805 3465 γὰρ
2824 3393 2885 3447 τὸ
2910 3392 3070 3463 σῶμα
3084 3394 3145 3445 τὸ
3166 3390 3527 3463 ἀνθρώπινον,
3547 3392 3779 3459 γέγονεν
3816 3396 3874 3445 ὲν

2288 3489 2441 3558 ἡμῖν.
2472 3488 2626 3556 Ἔχει
2654 3485 2711 3539 δὲ
2750 3487 2807 3537 ὲν
2831 3483 3007 3553 ἐαυτῷ
3036 3484 3127 3535 τὸν
3159 3482 3481 3553 Πατέρα,ὼς
3498 3482 3670 3549 Λόγος
3699 3481 3873 3534 αὑτοῦ

2288 3578 2381 3631 καὶ
2402 3577 2765 3646 ἀπαύγασμα.
2792 3576 3004 3645 Ὥσπερ
3025 3570 3139 3636 οὖν,
3170 3574 3355 3643 φησιν,
3385 3571 3495 3640 ὲγώ
3528 3575 3644 3642 ειμι
3679 3573 3737 3623 ὲν
3771 3573 3873 3625 αὖ-

2286 3672 2419 3732 τοῖς,
2446 3669 2533 3721 διὰ
2553 3668 2613 3720 τὸ
2643 3668 2739 3739 τὴν
2773 3667 2942 3738 αὐτὴν
2967 3667 3150 3727 αὐτοῖς
3176 3664 3403 3734 φορέσαι
3427 3663 3624 3732 σάρκα,
3660 3664 3757 3715 καὶ
3784 3665 3871 3727 σὺ,

2297 3762 2500 3832 Πάτερ,
2535 3762 2592 3813 ὲν
2630 3762 2773 3830 ἐμοὶ,
2809 3759 2895 3811 διὰ
2933 3758 2992 3811 τὸ
3026 3752 3164 3810 εἷναί
3196 3772 3263 3825 με
3298 3756 3395 3824 τῆς
3432 3757 3531 3823 σῆς
3576 3754 3770 3817 οὐσίας
3812 3757 3877 3806 τὸ

2295 3856 2444 3919 ἴδιον,
2462 3856 2606 3909 οὓτω
2636 3854 2893 3925 βούλομαι
2913 3854 2999 3905 ἱνα
3017 3851 3109 3904 καὶ
3132 3850 3283 3901 αὐτοὶ
3298 3851 3375 3912 εἰς
3399 3848 3625 3916 ἑνότητὰ
3638 3865 3764 3900 τινα
3790 3865 3877 3901 συθ

2286 3946 2629 4017 ναεριθμντες
2655 3944 2901 4014 ἀλλήλοις
2914 3937 3588 4013 ἀνακραθῶσι,κα“ιῶσπερ
3616 3939 3674 3991 ἓν
3710 3938 3873 4010 σῶμα

2289 4040 2570 4109 γενόμενοι
2602 4038 2658 4090 ὲν
2698 4037 2823 4107 ἐμοὶ
2856 4036 3054 4096 πάντες
3087 4027 3217 4086 ὦσιν
3248 4032 3320 4095 ὠς
3366 4030 3572 4092 πάντας
3611 4031 3876 4101 φοροῦντι

2286 4130 2375 4184 διὰ
2402 4129 2497 4183 τοῦ
2537 4129 2655 4191 ἑνὸς
2694 4126 3093 4197 ἀναληφθέντος
3142 4123 3294 4187 ναοῦ,
3330 4121 3473 4175 οὕτω
3519 4138 3577 4173 τε
3626 4115 3741 4173 εἷεν
3777 4122 3876 4173 καὶ

2289 4221 2564 4290 φαίνοιντο
2589 4219 3016 4289 τετελειωμένοι.
3064 4217 3175 4271 Καὶ
3204 4216 3314 4286 γὰρ
3367 4216 3476 4283 ἐγὼ
3513 4214 3721 4276 τέλειός
3750 4214 3877 4284 εἰμι

2289 4313 2383 4365 καὶ
2417 4312 2513 4368 ἄνο
2521 4330 2702 4383 ρωπος
2730 4310 2988 4380 γεγονώς.

2286 4427 2489 4489 ΛΛΛΟ,
2530 4424 2808 4478 δεικνύον
2835 4423 3091 4492 ἀκριϐῶς
3132 4422 3334 4490 ὅτιπερ
3378 4423 3450 4476 οὐ
3488 4420 3602 4489 τὴν
3636 4419 3874 4473 ἑαυτῶν

2356 4496 2612 4564 ἀφέντες
2664 4496 2875 4563 φύσιν,
2928 4495 3079 4561 πρὸς
3132 4492 3248 4560 τὴν
3297 4494 3466 4564 θείαν
3514 4492 3870 4564 μεταποισῤ.

2353 4560 2523 4640 μὲθα,
2566 4560 2710 4640 dect?
2732 4564 2811 4640 fr
2846 4560 3115 4640 γίνεσθαι
3156 4565 3309 4640 πρὸς
3350 4562 3457 4614 τὸν
3498 4562 3648 4640 Qad!-
3692 4560 3871 4640 1811b-

2350 4632 2522 4704 μεθα.
2555 4634 2691 4688 ἀλλ’
2721 4634 2808 4687 ὅτι
2831 4632 3072 4704 μέτοχοι
3099 4638 3408 4703 γεγονότες
3443 4632 3651 4695 αὑτοῦ,
3690 4632 3874 4685 τοῦτο

2356 4706 2716 4773 καλούμεθα.

2370 4818 2427 4871 '0
2469 4818 2736 4888 μακάριος
2774 4816 3027 4886 Ἰωάννης
3056 4816 3250 4886 φησίν·
3292 4834 3310 4866 ι
3361 4816 3450 4868 Ἐν
3484 4814 3658 4885 τούτῳ
3704 4813 3870 4882 γινώ-

2289 4928 2491 4981 σκομεν
2512 4912 2593 4963 ὃτι
2627 4912 2684 4963 ὲν
2716 4908 2863 4978 αὐτῷ
2895 4909 3149 4978 μένομεν,
3192 4908 3289 4960 καὶ
3331 4907 3492 4969 αὐτὸς
3524 4909 3579 4959 ἐν
3608 4908 3763 4976 ἡμῖν,
3792 4907 3874 4961 ὅτι

2287 5002 2350 5054 ὲκ
2393 5000 2486 5053 τοῦ
2527 4999 2845 5069 Πνεύματος
2891 4999 3056 5051 αὑτοῦ
3089 4998 3284 5050 ἔδωκεν
3316 4998 3466 5067 ἡμῖν.
3518 5016 3537 5049 ι
3589 4997 3650 5049 Εἰ
3690 4998 3876 5049 τοίνυν

2289 5092 2378 5147 διὰ
2426 5092 2487 5145 τὸ
2539 5092 2783 5161 μετέχειν
2826 5091 2915 5142 τοῦ
2962 5089 3280 5158 Πνεύματος
3321 5088 3377 5141 ἐν
3415 5088 3683 5158 γινόμεθα
3731 5090 3877 5158 πρὸς

2292 5184 2444 5249 Θεὸν,
2473 5184 2566 5237 καὶ
2599 5185 2757 5254 ἡμεῖς
2792 5183 2888 5252 μὲν
2917 5184 2973 5234 ὲν
3010 5180 3177 5250 αὐτῷ,
3207 5180 3365 5244 αὐτὸς
3392 5179 3448 5232 δὲ
3480 5184 3535 5233 ἐν
3571 5182 3700 5251 ἡμῖν
3729 5176 3876 5235 εἶναι

2292 5275 2506 5344 λέγεται
2530 5290 2544 5305 ο
2578 5276 2607 5327 ὁ
2639 5274 2695 5327 δὲ
2720 5274 2814 5327 τοῦ
2844 5272 2978 5326 Θεοῦ
3006 5273 3174 5340 Λόγος
3202 5272 3301 5323 οὐκ
3339 5271 3453 5323 ἐστι
3476 5272 3585 5323 τῶν
3614 5272 3877 5341 μετεχόν-

2294 5383 2401 5419 των
2430 5366 2490 5419 τὸ
2522 5363 2769 5434 Πνεῦμα,
2800 5362 2937 5417 ἀλλὰ
2984 5361 3183 5432 μᾶλλον
3217 5359 3311 5413 τοῦ
3357 5360 3676 5431 Πνεύματος
3738 5378 3876 5434 χορ.

2294 5458 2446 5531 ηγὺς,
2483 5457 2747 5529 πρόδηλον
2776 5456 2840 5509 ἂν
2868 5457 2952 5525 εἴη
2979 5456 3169 5525 ὅτιπερ
3202 5453 3299 5523 οὐχ
3329 5451 3403 5516 ὡς
3434 5454 3597 5515 αὐτός
3627 5455 3773 5506 ἐστιν
3815 5457 3879 5510 ἐν

2291 5548 2410 5619 Θεῷ
2454 5546 2550 5601 καὶ
2586 5546 2777 5616 Πατρὶ,
2814 5544 2956 5597 οὕτω
3001 5543 3095 5598 καὶ
3130 5545 3313 5614 ἡμεῖς.
3379 5540 3518 5594 Ἀλλ’
3561 5544 3723 5605 αὐτὸς
3770 5544 3878 5610 μὲν

2292 5637 2350 5688 ὲν
2387 5638 2450 5706 τῇ
2478 5635 2635 5704 φύσει
2669 5634 2761 5688 τοῦ
2790 5635 3176 5703 γεγεννηκότος
3208 5633 3375 5699 ἐστὶν,
3407 5632 3483 5696 ὼς
3509 5633 3676 5702 Λόγος
3702 5630 3877 5687 αὑτοῦ

684 5812 730 5843 ³⁸
758 5812 897 5867 l'sal.
932 5828 1087 5881 mn,
1110 5814 1164 5868 6.
1241 5814 1283 5847 ²¹
1318 5812 1465 5867 Psal.
1502 5826 1635 5881 εγιι,
1662 5811 1750 5869 50.
1830 5813 1874 5844 “
1906 5810 2059 5868 Joan.
2095 5827 2226 5881 xvu,
2259 5811 2351 5867 23.
2424 5814 2468 5846 "
2497 5814 2513 5867 l
2548 5811 2703 5868 Juan.
2741 5829 2809 5879 iv,
2855 5813 2916 5866 l5

3882 982 3903 1021 ἱ
