4072 6582
184 452 328 520 105
1632 446 2066 512 THESAURUS.
3368 454 3476 517 206
3544 416 3559 440 ’

222 582 315 637 καὶ
341 577 707 648 ἀπαύγασμα.
749 575 939 647 Ἡμεῖς
976 574 1027 628 δὲ
1051 574 1116 628 δι’
1150 574 1315 630 αὐτοῦ
1358 574 1460 646 τῆς
1499 574 1594 629 τοῦ
1636 577 1807 629 Πνευ-

1930 586 1965 629 ει
1988 575 2246 645 splendor
2283 575 2492 644 ipsius:
2524 589 2628 630 nos
2652 589 2783 630 vero
2825 589 2925 645 per
2961 575 3139 647 ipsum
3182 575 3482 645 participa—

224 688 395 743 ματος
427 668 665 740 μετοχῆς
712 666 1046 737 ἀξιούμενοι,
1095 666 1153 720 ἓν
1185 666 1257 731 ὡς
1298 668 1435 739 πρὸς
1486 667 1619 721 Θεὸν
1662 667 1809 720 νίνε-

1935 669 2056 723 ione
2090 667 2538 737 Spiritussaneti,
2567 667 2715 738 digni
2762 667 2941 724 eﬂ‘ecti
2986 684 3151 723 unum
3194 683 3321 723 cum
3374 666 3485 720 Deo

226 764 352 819 σθαι
381 758 678 831 λεγόμεθα.

1930 760 2033 814 ieri
2065 759 2318 815 dicimur.

466 892 671 957 ΔΛΛΟ,
710 890 825 960 τὴν
859 891 1056 959 αὐτὴν
1093 892 1241 959 ἕχον
1268 892 1564 947 διάνοιαν.

2195 894 2352 965 123
2379 893 2611 958 ALIUD,
2637 894 2687 947 in
2713 894 2947 948 eumdem
2973 904 3201 948 sensum.

1981 1004 2183 1063 Beatus
2213 1006 2449 1062 Joannes
2470 1006 2593 1059 alibi
2628 1007 2801 1075 inquit
2828 1026 2839 1060 :
2866 1024 2884 1057 ‹
2915 1007 3234 1076 Quicunque
3270 1004 3490 1061 confite-

224 1097 534 1167 ὁμολογήσῃ
559 1095 642 1148 ὃτι
679 1093 887 1164 Ἰησοῦς
925 1095 1072 1146 ἐστιν
1096 1096 1125 1146 6
1154 1093 1281 1157 Υἱὸς
1318 1094 1413 1147 τοῦ
1445 1094 1602 1161 Θεοῦ,
1625 1096 1653 1147 6
1680 1095 1814 1157 Θεὸς

1930 1098 2058 1152 )Ῑιυι·
2078 1099 2217 1165 quod
2249 1097 2407 1153 Jesus
2438 1092 2827 1162 sitFiliusIlci,
2850 1097 2990 1152 Deus
3012 1099 3062 1161 in
3086 1100 3202 1166 ipso
3219 1108 3491 1162 manet,ct.

221 1191 284 1243 ὲν
315 1187 465 1256 αὐτῷ
512 1186 689 1255 μένει,
729 1187 825 1238 καὶ
854 1184 1017 1249 αὐτὸς
1050 1187 1109 1239 ὲν
1150 1185 1228 1255 τῷ
1265 1185 1402 1256 Θεῷ.
1452 1205 1471 1238 ι
1528 1188 1588 1239 Ei
1634 1186 1814 1239 τοίνυν

1934 1200 2031 1256 pse
2062 1187 2115 1241 in
2141 1184 2253 1243 Deo
2280 1187 2345 1241 “.
2377 1207 2395 1240 ι
2444 1188 2500 1243 Si
2525 1202 2653 1257 ergo
2680 1188 3001 1243 confitentes
3033 1186 3214 1241 Iesum
3249 1202 3367 1242 esse
3400 1187 3490 1241 Fi-

222 1276 634 1345 ὁμολογοῦντες,
673 1276 867 1345 ὅτιπερ
900 1274 1030 1338 Υίός
1077 1277 1226 1328 ἐστιν
1275 1275 1483 1346 Ἰησοῦς
1523 1275 1616 1328 τοῦ
1649 1274 1812 1337 Θεοῦ,

1930 1277 2049 1331 lium
2090 1278 2204 1341 Dei,
2236 1277 2287 1330 in
2322 1277 2430 1331 Deo
2461 1292 2673 1342 sumus,
2705 1288 2759 1331 et
2792 1279 2905 1347 ipse
2936 1274 3174 1332 vicissim
3205 1279 3257 1331 in
3309 1280 3486 1343 nobis,

224 1369 289 1420 ἐν
320 1366 441 1437 Θεῷ
487 1365 774 1435 γινόμεθα,
809 1365 905 1418 καὶ
942 1366 1107 1428 αὐτὸς
1149 1364 1350 1437 ὁμοίως
1388 1367 1446 1419 ἐν
1480 1368 1645 1436 ἡμῖν’
1693 1367 1721 1419 ὁ
1757 1366 1817 1419 δὲ

1930 1369 2092 1425 Filius
2124 1378 2305 1424 autem
2338 1385 2444 1423 non
2474 1370 2547 1424 ita
2575 1380 2657 1424 est
2693 1370 2744 1423 in
2772 1368 2936 1425 Patre
2963 1389 2977 1424 :
3018 1384 3195 1439 neque
3221 1371 3365 1425 enim
3406 1378 3495 1424 est.

227 1458 357 1521 Υἱὸς
382 1460 481 1529 οὐχ
512 1456 688 1521 οὕτως
727 1456 877 1510 ἐστὶν
908 1459 967 1511 ὲν
1000 1458 1197 1529 Πατρὶ,
1227 1458 1288 1510 οὐ
1321 1457 1427 1529 γάρ
1472 1457 1644 1529 δῶρον
1686 1461 1816 1529 ὁμο-

1930 1462 2120 1516 donum
2148 1461 2506 1517 confessionis
2545 1475 2657 1515 suae
2687 1461 2829 1530 quod
2870 1462 2943 1516 sit
2985 1461 3038 1516 in
3086 1462 3236 1531 ipso;
3264 1460 3495 1515 manife-

226 1549 415 1618 λογίας
461 1549 575 1621 ἔχει
612 1548 673 1603 τὸ
702 1544 843 1603 εἶναι
888 1550 945 1602 ὲν
986 1549 1155 1619 αὐτῷ,
1188 1548 1349 1619 δῆλόν
1383 1552 1498 1602 ἐστι
1529 1551 1623 1603 καὶ
1651 1553 1816 1605 πᾶσιν

1930 1564 2063 1609 stum
2095 1564 2179 1610 est
2199 1552 2560 1624 omnibusque
2593 1554 2942 1624 conspicuum
2980 1555 3226 1609 homines
3253 1570 3350 1623 per
3372 1566 3496 1624 gra-

222 1639 561 1694 εύσύνοπτον
592 1640 783 1711 ὅτιπερ
823 1638 1100 1709 ἄνθρωποι
1149 1639 1248 1711 μὲν
1289 1639 1584 1693 καλούνται
1635 1642 1818 1713 χάριτι

1930 1647 2051 1701 tiam
2080 1647 2262 1702 vocari
2297 1647 2365 1701 ad
2400 1647 2658 1702 unitatem
2694 1662 2818 1701 cum
2860 1647 2992 1713 Deo,
3038 1656 3199 1717 atque
3240 1646 3342 1702 hoc
3381 1646 3495 1701 vel-

229 1732 369 1803 πρὸς
396 1732 626 1803 ἑνότητα
651 1731 751 1804 τὴν
784 1734 864 1794 είς
893 1732 1044 1797 Θεὸν,
1073 1731 1170 1786 καὶ
1193 1731 1366 1801 γέρας
1390 1731 1683 1801 ὁμολογίας
1724 1734 1821 1787 καὶ

1930 1736 2002 1791 uti
2045 1738 2325 1807 praemium
2375 1752 2440 1793 ac
2473 1738 2672 1793 donum
2709 1752 2821 1792 suae
2860 1736 3218 1792 confessionis
3276 1744 3333 1791 et.
3376 1738 3497 1791 fidei

296 1008 458 1076 Λέγει
501 1024 603 1059 που
638 1004 800 1060 πάλιν
832 1005 861 1058 ὁ
892 1005 1164 1077 μακάριος
1207 1006 1460 1077 Ἰωάννης
1483 1022 1498 1038 υ
1550 1026 1569 1057 ι
1620 1008 1717 1070 Ὃς
1746 1006 1812 1060 ἂν

232 1824 470 1886 πίστεως
498 1823 679 1894 έχουσι
706 1821 887 1877 τοῦτο.
939 1822 996 1877 '0
1020 1823 1079 1876 δὲ
1104 1821 1198 1876 τοῦ
1224 1822 1361 1876 Θεοῦ
1388 1823 1546 1891 λόγος
1579 1823 1701 1894 δίχα
1735 1840 1820 1876 τι-

1923 1828 2191 1896 accipere.
2228 1828 2459 1884 Verbum
2490 1836 2670 1884 autem
2698 1826 2794 1884 Dei
2837 1827 3043 1897 absque
3067 1828 3208 1885 dono
3228 1828 3497 1884 natural-is

229 1916 321 1980 νὸς
352 1915 593 1970 τοιούτου
637 1915 887 1985 φυσικῶς
918 1917 1064 1968 ἐστιν
1102 1915 1161 1967 ἐν
1194 1915 1390 1985 Πατρὶ,
1424 1913 1516 1966 καὶ
1544 1914 1602 1967 ὲν
1640 1914 1818 1985 ἑαυτῷ

1930 1928 2007 1975 ιει·
2030 1926 2113 1973 est
2140 1918 2193 1973 in
2229 1917 2411 1981 Patre,
2452 1926 2505 1973 et
2539 1918 2593 1973 in
2622 1917 2800 1978 seipso
2828 1915 3048 1974 Patrem
3092 1925 3287 1989 gestat,
3321 1925 3377 1973 et
3408 1932 3499 1971 rc-

234 2008 328 2063 τὸν
358 2009 581 2080 Πατέρα
606 2007 785 2078 φέρει,
817 2007 913 2061 καὶ
939 2006 1105 2060 ὅντως
1127 2004 1185 2059 έν
1212 2006 1326 2058 ὲστι
1357 2004 1495 2068 πρὸς
1523 2004 1704 2058 αὐτόν.

926 2119 1133 2174 ΔΛΛΟ.

309 2238 467 2293 Κατὰ
510 2237 609 2294 τὴν
662 2238 908 2292 Ἰωάννου
938 2218 1142 2307 φωνὴν,
1171 2237 1201 2289 6
1222 2236 1561 2307 ὁμολογήσας
1596 2236 1677 2289 ὅτι
1713 2236 1817 2306 Ἰη⁴

235 2326 368 2391 σοῦς
413 2331 560 2381 ἐστιν
592 2329 622 2381 ὁ
654 2328 781 2391 Υίὸς
816 2326 911 2380 τοῦ
950 2326 1106 2390 Θεοῦ,
1132 2326 1247 2395 ἔχει
1284 2327 1376 2379 τὸν
1398 2326 1531 2380 Θεὸν
1561 2328 1618 2379 ἐν
1640 2325 1818 2396 ἑαυτῷ

235 2417 493 2486 μένοντα,
534 2417 627 2472 καὶ
661 2416 824 2480 αὐτὸς
867 2416 924 2469 δὲ
965 2418 1023 2469 ὲν
1052 2416 1130 2485 τῷ
1161 2416 1279 2486 Θεῷ
1316 2416 1547 2485 γίνεται.
1592 2416 1818 2486 Ὠμολό-

238 2507 380 2577 me
407 2524 511 2569 τις,
541 2507 852 2560 ὑποκείσθω
877 2506 986 2574 γὰρ
1020 2505 1180 2560 τοῦτο
1206 2506 1284 2577 τῷ
1314 2507 1476 2577 λόγῳ,
1510 2506 1606 2559 καὶ
1639 2505 1820 2559 λαϐὼν

242 2595 469 2666 Πνεῦμα
496 2596 597 2665 τῆς
636 2596 926 2665 ὁμολογίας
973 2596 1167 2667 δῶρον,
1198 2596 1413 2661 ἐδέξατο
1459 2597 1555 2667 μὲν
1598 2596 1730 2650 Θεὸν
1763 2598 1822 2649 ὲν

240 2687 443 2757 ἑαυτῷ,
476 2688 668 2758 γέγονε
696 2688 753 2741 δὲ
782 2689 875 2743 καὶ
900 2689 1065 2752 αὐτὸς
1096 2690 1155 2741 ὲν
1183 2689 1321 2759 Θεῷ.
1364 2690 1524 2742 Ἀλλά
1554 2688 1645 2742 τὸν
1683 2688 1823 2742 οὕτω

239 2779 570 2844 διατιθέντα,
608 2780 953 2850 συμϐέϐηκεν
979 2780 1043 2834 ἐκ
1066 2797 1209 2844 τινος
1229 2780 1539 2852 διαϐολικῆς
1561 2781 1822 2852 ἐπηρείας

248 2869 597 2940 μετάγνωσιν
633 2870 742 2923 τῶν
787 2869 964 2941 ὀρθῶς
1013 2870 1452 2940 βεϐουλευμένων
1493 2871 1688 2935 ἐλθεῖν,
1721 2873 1824 2925 ἁπ-

240 2959 374 3030 έστη
422 2975 483 3013 τε
532 2959 633 3030 τῆς
680 2960 991 3030 ὁμολογίας,
1044 2962 1139 3014 καὶ
1184 2960 1273 3014 διὰ
1319 2960 1479 3014 τοῦτο
1525 2961 1623 3031 τὴν
1662 2962 1824 3031 χάριν

240 3049 607 3118 ἀποϐέϐληκε,
624 3050 717 3105 καὶ
731 3051 822 3105 τοῦ
842 3050 986 3107 Θείου
1004 3050 1145 3106 Πνεύ
1153 3067 1320 3122 ματος
1330 3049 1535 3123 ἔρημος
1550 3051 1785 3121 γεγονώς
1806 3068 1820 3082 ο

238 3144 305 3198 οὐ
335 3143 445 3215 γὰρ
475 3144 533 3197 ὲν
560 3146 673 3207 τοῖς
701 3144 1044 3215 δυσφημοῦσι
1077 3145 1169 3198 τὸν
1216 3145 1342 3199 Υίὸν
1393 3149 1654 3200 κατοικεῖ.
1704 3146 1826 3199 Ἀπσ

1922 2021 2051 2065 vera
2081 2024 2246 2064 unum
2287 2023 2409 2065 cum
2436 2008 2551 2078 ipso
2580 2017 2686 2063 est.

2598 2118 2830 2176 ALIUD.

1994 2232 2157 2288 Juxta
2191 2231 2393 2287 dictum
2429 2230 2676 2298 Joannis,
2720 2231 2813 2301 qui
2845 2232 3137 2288 conﬁtetur
3174 2232 3360 2289 Iesum
3404 2230 3502 2287 Fio

1924 2325 2057 2379 lium
2085 2325 2200 2389 Dei,
2234 2324 2396 2379 habet
2429 2324 2596 2379 Deum
2633 2324 2685 2378 in
2717 2323 2897 2393 seipso
2922 2334 3253 2391 manentem,
3280 2314 3504 2396 ipseque

1929 2418 1984 2472 in
2015 2417 2125 2472 Deo
2153 2425 2257 2471 est.
2306 2416 2445 2486 Ergo
2480 2415 2713 2485 exempli
2756 2428 2918 2470 causa
2963 2416 3249 2472 confessus
3282 2428 3364 2471 est
3402 2416 3504 2471 aii-

1923 2510 2071 2578 quis,
2104 2518 2157 2563 et
2190 2517 2413 2578 accepto
2453 2507 2656 2578 Spiritu
2685 2507 2737 2561 in
2769 2508 2964 2562 donum
3004 2522 3116 2563 sua:
3145 2508 3507 2564 eoafessio‘nis

1930 2600 2171 2670 suscepit
2206 2600 2375 2654 Deum
2414 2599 2467 2653 in
2511 2599 2712 2670 seipso,
2744 2607 2801 2655 ct.
2828 2598 3065 2655 vicissim
3109 2612 3393 2671 Susceptus
3422 2608 3507 2658 est

1930 2693 1988 2748 in
2019 2694 2147 2747 Deo.
2177 2692 2447 2747 Caeterum
2481 2691 2627 2747 hunc
2657 2692 2730 2747 ita
2761 2689 3008 2747 aﬂ'ectum
3052 2694 3276 2765 contigit
3308 2711 3371 2749 ex
3404 2694 3507 2749 ali-

1931 2800 2036 2854 qua
2073 2782 2268 2839 diaboli
2320 2784 2667 2856 suggestione
2712 2794 2925 2841 mutare
2962 2787 3286 2843 sententiam
3325 2796 3380 2842 et
3417 2788 3507 2842 deo

1933 2877 2171 2929 sciscere
2232 2889 2260 2926 a
2290 2874 2657 2938 confessione,
2695 2873 2926 2944 ideoque
2962 2886 2991 2929 a
3033 2877 3205 2945 gratia
3230 2878 3503 2940 excidere,

1934 2966 2223 3035 divinaque
2256 2964 2461 3036 Spiritu
2492 2967 2706 3022 destitui
2734 3009 2749 3032 ,
2776 2976 2951 3039 neque
2973 2968 3118 3024 enim
3150 2969 3237 3025 ille
3263 2971 3315 3025 in
3355 2971 3504 3025 litas-

1934 3058 2317 3128 phemantibus
2384 3054 2578 3113 Filium
2618 3058 2843 3114 habitat.
2877 3057 3049 3116 Desiit
3088 3060 3270 3131 itaque
3301 3075 3421 3115 esse
3456 3058 3507 3114 in

1935 3149 2068 3215 Deo,
2096 3160 2151 3204 et
2193 3149 2360 3205 Deum
2398 3154 2451 3205 in
2511 3166 2569 3204 se
2612 3151 2834 3206 habere.
2874 3152 3036 3220 Atqui
3085 3151 3131 3207 is
3193 3153 3356 3207 homo
3394 3158 3510 3208 erat

238 3235 413 3289 ὠλεσε
434 3237 529 3289 καὶ⁵
548 3236 606 3289 τὸ
624 3232 763 3291 εἶναι
782 3238 839 3288 έν
853 3236 992 3307 Θεῷ,
1012 3237 1101 3290 καὶ
1121 3236 1182 3290 τὸ
1198 3234 1341 3305 ἔχειν
1364 3237 1525 3290 αὑτὸν
1544 3240 1602 3289 ὲν
1624 3238 1821 3307 ἑαυτῷ.

1934 3249 1983 3298 et
2018 3256 2141 3296 cum
2181 3242 2575 3295 confessionem
2621 3240 2812 3303 edidit,
2842 3248 2897 3293 et
2941 3254 3063 3294 cum
3106 3255 3135 3293 ι
3172 3239 3509 3295 confessione

241 3327 569 3399 Ἀνθρωπος
602 3328 658 3381 δὲ
690 3324 759 3398 ἦν
788 3328 882 3380 καὶ
913 3328 1275 3398 ὁμολογήσας,
1318 3328 1411 3380 καὶ¹
1452 3328 1539 3381 ὅτε
1570 3329 1669 3396 τῆς
1700 3331 1827 3398 ὁμο-

242 3417 431 3486 λογίας
452 3417 685 3488 ἁπέστη.
718 3418 833 3472 Ούκ
852 3418 960 3488 ἄρα
990 3418 1149 3486 φύσει
1183 3418 1314 3487 πρὸς
1339 3417 1436 3489 τὴν
1468 3417 1619 3472 θείαν
1643 3414 1830 3473 ούσῖαν

247 3506 716 3579 μεταποιούμεθα,
754 3507 811 3560 ἓν
854 3508 929 3572 ὡς
981 3508 1118 3579 πρὸς
1157 3508 1246 3561 τὸν
1278 3508 1410 3562 Θεὸν
1456 3509 1701 3578 γίνεσθαι
1746 3511 1831 3564 λε-

246 3600 493 3669 γόμενοι,
525 3598 661 3652 ἀλλὰ
690 3599 852 3669 χάρις
884 3601 1050 3670 ἡμᾶς,
1086 3601 1178 3653 καὶ
1208 3600 1376 3672 ἀρετὴ
1424 3602 1706 3668 συνάπτει,
1738 3604 1831 3656 καὶ

245 3686 416 3745 κακία
448 3689 606 3744 πάλιν
640 3690 901 3760 ἀφίστησι
922 3707 934 3718 ⁸
970 3690 1063 3742 καὶ
1100 3693 1148 3743 εί
1184 3691 1567 3761 ὁμολογοῦντες
1599 3693 1680 3746 ὅτι
1725 3695 1827 3766 ’ῐηο

250 3781 380 3845 σοῦς
409 3783 555 3834 ἐστιν
586 3784 614 3835 6
660 3782 787 3845 Υἱὸς
821 3781 912 3835 τοῦ
956 3782 1113 3847 Θεοῦ,
1167 3785 1224 3836 ὲν
1265 3782 1383 3853 Θεῷ
1416 3784 1703 3855 γινόμεθα,
1730 3786 1831 3858 ἀρ-

248 3873 583 3943 νούμενοιδὲ
615 3874 831 3938 πάντως
878 3874 1327 3946 ἀλλοτριούμεθα.
1379 3876 1633 3931 Φαίνεται
1668 3877 1725 3931 δὲ
1769 3878 1830 3929 οὐ

248 3965 422 4036 δῶρον
456 3967 657 4036 ἀρετῆς
704 3966 861 4018 τοῦτο
893 3965 1031 4037 ἔχων
1078 3969 1106 4019 6
1148 3966 1295 4029 Υἱός.
1351 3968 1465 4021 Ούκ
1504 3969 1612 4039 ἄρα
1661 3963 1836 4031 οὕτως

249 4055 400 4107 ἐστὶν
426 4057 483 4107 ἐν
510 4057 686 4125 Πατρὶ
717 4056 907 4126 ὥσπερ
932 4059 1113 4128 ἡμεῖς,
1146 4056 1259 4111 ἀλλ’
1282 4057 1443 4120 αὐτὸς
1473 4056 1570 4127 μὲν
1592 4057 1835 4127 φυσικῶς

250 4146 350 4199 καὶ
381 4146 791 4216 ἀμεταπτώτως
836 4148 894 4214 ἐξ
938 4149 1102 4201 αὑτοῦ
1136 4150 1555 4219 γεγεννημένος,
1587 4152 1747 4220 ἡμεῖς
1774 4150 1833 4203 δὲ

253 4239 436 4308 χάριτι
482 4239 577 4291 καὶ
615 4242 833 4309 μετοχῇ.
881 4240 1090 4311 ’Ὠσπερ
1123 4236 1216 4294 οὖν
1266 4241 1434 4293 αὐτοῦ
1485 4242 1628 4295 κατὰ
1674 4241 1834 4310 φύσιν

251 4328 407 4391 ὄντος
439 4327 567 4381 Υἱοῦ
596 4330 691 4381 καὶ
721 4330 876 4391 Θεοῦ,
908 4330 1047 4383 οὕτω
1077 4333 1171 4384 καὶ
1198 4331 1358 4401 ἡμεῖς
1392 4330 1512 4385 καθ’
1544 4332 1835 4402 ὁμοιότητα

251 4419 417 4474 αὐτοῦ
452 4421 545 4474 καὶ
577 4423 681 4474 υἱοὶ⁵
709 4422 801 4475 καὶ
839 4421 952 4476 Θεοί
978 4422 1408 4494 χρηματίζομεν.

742 4588 1105 4674 ΛΟΓΟΣ
1179 4588 1342 4671 ΙΓ’.

253 4740 396 4809 Ηερῑ
427 4741 770 4809 ὁμοιότητος
799 4741 905 4795 τοῦ
940 4741 1080 4809 Υἰοῦ
1109 4740 1259 4809 πρὸς
1288 4743 1396 4794 τὸν
1418 4741 1649 4808 Πατέρα
1668 4758 1682 4771 ·
1714 4743 1834 4805 καὶ,

331 4806 421 4864 ὅτι
445 4806 558 4864 οὐκ
589 4806 720 4864 ἐστι
743 4806 1001 4877 τρεπτῆς
1034 4806 1272 4879 φύοῖεως
1301 4814 1333 4864 ό
1373 4812 1523 4877 Υἱὸς,
1547 4806 1585 4878 ἦ
1616 4812 1839 4874 ἔξωθεν

326 4880 616 4945 ὑποστὰς,
639 4880 776 4933 ἀλλ’
796 4881 860 4933 ἐκ
900 4880 1007 4947 τῆς
1033 4881 1248 4947 οὐσίας
1281 4880 1469 4935 αὺτοῦ
1506 4881 1835 4950 προελθὼν,

325 4952 400 5013 ὡς
440 4950 572 5015 Υἱὸς
605 4950 703 5002 καὶ
735 4950 1022 5019 γέννημα.

531 5084 851 5150 Ἀντίθεσις
877 5085 958 5151 ὡς
994 5085 1063 5138 ἐκ
1098 5083 1215 5139 τῶν
1244 5085 1569 5155 Θεομάχων.

324 5200 386 5253 Ei
434 5200 876 5268 ἀπαράλλακτος,
911 5200 1092 5268 φασιν,
1125 5198 1290 5253 εἰκών
1339 5199 1485 5251 ἐστιν
1518 5200 1546 5251 ὁ
1583 5197 1707 5261 Υἱὸς
1736 5195 1828 5250 τοῦ

250 5291 490 5362 Πατρὸς,
518 5293 611 5343 καὶ
637 5292 819 5361 ὅμοιός
847 5293 961 5343 ὲστι
982 5290 1122 5345 κατὰ
1149 5292 1324 5346 πάντα
1353 5289 1434 5360 τῷ
1461 5289 1833 5359 γεγεννηκότι,

245 5380 499 5452 γεννάτω
528 5380 624 5434 καὶ
653 5382 837 5446 αὐτὸς,
869 5381 963 5435 και⁵
991 5380 1122 5435 Υίοῦ
1156 5379 1396 5448 γενέσθω
1442 5381 1661 5450 Πατήρο
1698 5378 1838 5432 οὕτω

247 5471 364 5541 γὰρ
405 5471 570 5524 αὑτὸν
598 5472 841 5542 ἀκριϐῶς
872 5474 1188 5542 μιμήσεται.
1227 5473 1291 5525 Εἰ
1333 5471 1476 5524 δὲού
1502 5472 1685 5541 γεννᾷ,
1719 5469 1835 5532 πῶς

248 5564 317 5614 ἐν
342 5561 419 5631 τῷ
442 5562 517 5631 μὴ
547 5562 780 5616 τίκτοντι
813 5561 873 5616 τὸ
901 5564 1082 5616 τίκτον
1112 5563 1393 5634 φαίνεται;
1431 5561 1704 5631 ’Λνόμοιος
1728 5560 1835 5632 γὰρ

249 5654 411 5707 ἔσται
442 5653 584 5706 κατὰ
615 5653 773 5706 τοῦτο
804 5654 881 5725 τῷ
910 5655 1103 5727 Πατρί.

330 5836 376 5866 ’⁸
418 5834 621 5889 lJoau.
654 5850 725 5899 Iv,
759 5834 841 5886 15.

1933 3333 2179 3388 descivit.
2210 3331 2410 3385 Natura
2442 3330 2605 3401 igitur
2638 3329 2896 3386 nostrain
2926 3330 3162 3385 divinam
3198 3345 3302 3385 non
3325 3340 3504 3385 trans-

1931 3434 2213 3490 mutatur,
2255 3422 2466 3477 tametsi
2521 3436 2688 3476 unum
2745 3435 2866 3477 cum
2904 3420 3013 3476 Deo
3062 3421 3177 3476 fieri
3221 3421 3508 3475 dicamur:

1934 3513 2029 3565 sed
2070 3510 2242 3580 gratia
2273 3517 2328 3563 et
2352 3511 2525 3564 virtus
2557 3523 2657 3563 nos
2682 3508 2731 3563 ei
2767 3508 3066 3578 eonjungit,
3097 3509 3287 3563 vitium
3318 3519 3509 3564 contra

1933 3602 2217 3672 disiungit.
2251 3600 2419 3655 Porro
2462 3601 2511 3655 si
2546 3615 2645 3655 nos
2682 3600 2996 3671 proﬁtentes
3025 3599 3208 3655 Jesum
3258 3616 3383 3658 esse
3421 3602 3509 3657 Fi-

1934 3692 2065 3745 lium
2128 3692 2243 3757 Dei,
2312 3692 2365 3746 in
2417 3691 2528 3746 Deo
2572 3708 2792 3758 sumus;
2850 3702 3110 3761 negantes
3164 3707 3293 3747 vero
3346 3694 3509 3749 alieni

1936 3797 2165 3853 prorsus
2193 3785 2351 3838 abeo
2376 3782 2661 3838 efﬁcimur.
2696 3784 2763 3837 Et
2796 3781 3142 3837 manifestum
3179 3793 3263 3837 est
3312 3800 3417 3840 non
3453 3797 3510 3839 ut

1937 3876 2221 3943 praemium
2252 3874 2469 3930 virtutis
2502 3876 2605 3930 ltoc
2644 3874 2781 3929 Filio
2824 3874 3019 3931 inesse.
3058 3874 3175 3930 Non
3217 3876 3382 3947 igitur
3416 3879 3508 3931 tali

1937 3964 2153 4018 ratione
2202 3978 2268 4018 ac
2298 3965 2457 4020 modo
2498 3975 2580 4019 est
2613 3965 2666 4019 in
2710 3963 2870 4018 Patre
2900 3965 3046 4035 quali
3092 3980 3214 4024 nos.
3260 3969 3357 4021 sed
3397 3968 3509 4038 ipse

1928 4063 2143 4130 quidem
2170 4060 2495 4117 naturaliter
2521 4067 2575 4112 et
2606 4058 3122 4114 iueonnnutabiliter
3156 4074 3218 4111 ex
3251 4059 3367 4127 ipso
3409 4075 3504 4127 gn-

1931 4154 2101 4220 nitus,
2128 4168 2227 4207 nos
2255 4167 2385 4206 vero
2412 4151 2584 4219 gratia
2615 4160 2665 4205 et
2695 4151 3128 4221 participatione.
3156 4149 3334 4215 Quare
3359 4150 3504 4204 Sit'tll

1927 4246 2041 4317 ipse
2071 4246 2365 4300 secundum
2401 4253 2654 4296 naturam
2684 4252 2768 4297 est
2791 4232 2960 4296 Filius
2986 4250 3041 4296 et
3071 4240 3213 4295 Deus
3243 4258 3257 4294 :
3296 4242 3369 4294 ita
3403 4258 3500 4296 nos

1926 4351 2023 4407 per
2048 4335 2463 4392 similitudinem
2495 4334 2686 4403 ipsius,
2714 4342 2769 4388 et
2796 4332 2893 4388 ﬁlii
2922 4340 2976 4405 et
3001 4332 3078 4388 dii
3113 4346 3390 4389 vocamur.

2238 4583 2814 4679 ASSERTIO
2898 4583 3190 4673 XIII.

1931 4740 2091 4813 124
2115 4739 2191 4793 De
2220 4736 2565 4813 similitudine
2592 4732 2866 4813 Filii‘enm
2896 4731 3058 4785 Patre
3081 4771 3098 4796 ,
3125 4740 3177 4786 et
3202 4731 3343 4813 quod
3394 4746 3500 4784 non

1998 4801 2082 4866 ῖὶῖ
2127 4807 2395 4862 mutabilis
2441 4814 2651 4860 natura:
2703 4801 2900 4864 Filius,
2962 4818 3123 4873 neque
3173 4803 3499 4855 emtrinsecus

1995 4882 2302 4940 subsistens,
2348 4876 2438 4929 sed
2482 4890 2547 4928 ea:
2591 4875 2817 4929 essentia
2869 4874 3036 4943 ipsius
3083 4875 3387 4940 procedens,
3436 4880 3496 4923 ut

1992 4950 2172 5008 Filius
2203 4957 2249 5002 et
2289 4946 2545 5018 genimen.

2382 5076 2616 5146 Objectio
2649 5074 3040 5129 Itwreticorum.

1995 5194 2053 5250 Si
2077 5192 2263 5258 Filius,
2293 5192 2563 5259 inquiunt,
2587 5198 2670 5244 est
2689 5187 2996 5241 omnimoda
3020 5186 3195 5253 imago
3219 5183 3422 5250 Patris,
3449 5196 3505 5241 et

1926 5301 2024 5357 per
2038 5284 2221 5341 omnia
2244 5282 2440 5337 similis
2454 5290 2538 5336 est
2553 5296 2651 5335 suo
2670 5277 2913 5335 Genitori
2934 5295 2947 5344 ;
2969 5278 3152 5349 gignat
3175 5277 3339 5332 etiam
3363 5278 3498 5348 ipse,

1925 5388 1979 5432 et
2004 5378 2095 5431 (lat
2120 5376 2276 5429 Pater
2302 5368 2464 5427 Filii:
2506 5373 2577 5426 ita
2617 5371 2760 5425 enim
2818 5370 2990 5440 ipsum
3040 5368 3278 5439 perfecte
3312 5371 3497 5424 imita-

1926 5469 2091 5524 bitur.
2125 5466 2182 5521 Si
2215 5479 2345 5521 vero
2389 5477 2493 5518 non
2532 5460 2722 5533 gignit.
2757 5476 2864 5531 quo
2895 5471 3056 5533 pacto
3091 5461 3138 5518 is
3166 5462 3259 5533 qui
3304 5463 3497 5541 gignit,

1926 5561 2070 5617 ineo
2098 5558 2187 5629 qui
2215 5572 2319 5612 non
2358 5556 2529 5627 gignit
2585 5554 2862 5611 cernitur?
2890 5554 3181 5613 Dissimilis
3215 5556 3360 5611 enim
3395 5556 3501 5610 erit

1927 5650 2027 5709 hac
2064 5649 2270 5717 ratione
2308 5648 2475 5709 Patri.
