4072 6524
554 381 662 438 207

1071 496 1280 554 Salutio
1311 479 1645 568 objectionis.

628 617 685 674 Si
728 616 935 674 nullum
968 625 1115 672 esset
1157 615 1455 671 discrimen
1496 615 1640 668 inter
1676 613 1842 668 Deum
1879 623 1934 666 et
1969 611 2145 666 homi-

554 726 676 776 nes,
706 711 957 778 exigatur
989 718 1047 762 ut
1077 707 1264 778 gignat
1300 707 1373 760 ita
1400 715 1457 759 ut
1487 705 1674 760 homo.
1703 705 1757 760 Si
1789 719 1920 759 vero
1949 703 2146 758 eximla

555 810 643 856 est
683 799 780 856 Dei
813 809 1032 865 natura,
1071 799 1178 854 erit
1210 798 1373 851 etiam
1420 797 1488 852 ab
1529 796 1783 851 humanis
1827 795 2036 864 legibus
2075 793 2145 847 li-

565 894 718 946 bera.
747 890 934 960 Neque
965 889 1110 943 enim
1144 897 1205 941 ut
1238 888 1399 942 homo
1426 888 1610 957 genuit
1643 886 1807 949 Deus,
1830 897 1886 938 ut
1910 885 2070 939 etiam
2104 883 2148 938 is

560 986 651 1056 qui
711 983 925 1054 genitus
986 991 1090 1043 est,
1140 989 1346 1033 natura:
1403 987 1603 1032 nostrae
1654 976 2018 1030 conditionem
2063 991 2150 1030 se-

561 1091 758 1144 quens,
785 1075 989 1143 gignat,
1033 1073 1127 1126 sed
1174 1070 1357 1124 divino
1402 1079 1563 1138 atque
1607 1067 1863 1122 ineffabili
1895 1068 2052 1122 modo
2081 1082 2146 1122 ex

561 1165 724 1218 Patre
760 1163 975 1232 genitus
1001 1168 1108 1215 est.
1154 1157 1213 1212 Si
1273 1169 1453 1212 autem
1487 1173 1710 1213 necesse
1748 1167 1833 1212 est
1869 1167 1928 1211 ut
1967 1158 2012 1212 is
2055 1158 2144 1227 qui

562 1257 748 1326 genuit
775 1255 982 1325 gignat,
1010 1262 1233 1323 propter
1261 1249 1564 1305 naturalem
1599 1260 1840 1305 nostram
1866 1258 2150 1303 consuetu-

563 1349 771 1413 dinem,
825 1356 877 1400 et
916 1360 976 1399 ea
1033 1359 1152 1412 quae
1195 1343 1413 1397 deitatis
1444 1342 1661 1412 propria
1707 1349 1854 1404 sunt,
1898 1340 2150 1394 humanis

566 1439 774 1506 legibus
824 1437 1064 1506 subjecta
1130 1444 1291 1498 sunt,
1349 1433 1476 1502 quid
1527 1432 1800 1488 obstiterit
1857 1433 2150 1502 quominus

569 1528 714 1583 Patri
745 1529 912 1582 etiam
947 1537 1155 1597 patrem
1188 1526 1632 1580 constituamus?
1665 1526 1742 1579 lta
1774 1527 1918 1581 enim
1965 1535 2148 1581 nostra

562 1620 894 1676 consuetudo
919 1619 1044 1673 fert.
1072 1619 1142 1673 At
1180 1632 1309 1673 vero
1335 1617 1379 1672 si
1410 1617 1574 1672 Pater
1598 1634 1661 1673 ex
1710 1619 1855 1674 nullo
1885 1619 2153 1689 principio

567 1724 672 1776 est,
717 1722 1038 1779 nostrasque
1087 1710 1236 1780 leges
1283 1719 1338 1764 et
1369 1723 1578 1764 morem
1626 1710 1783 1778 longe
1813 1717 2057 1778 superat,
2095 1719 2151 1764 ut

561 1805 721 1870 Dens,
766 1803 910 1856 nulla
970 1803 1110 1857 ratio
1139 1811 1296 1872 coget
1328 1800 1528 1855 Filiunt
1577 1801 1817 1871 gignere.
1853 1800 1973 1854 Erit
2001 1801 2145 1855 enim

562 1897 665 1951 hoc
694 1902 850 1965 pacto
875 1893 1022 1948 Patri
1050 1893 1266 1958 similis,
1297 1901 1355 1946 ut
1381 1892 1527 1947 omni
1548 1891 1871 1946 necessitate
1901 1891 2147 1959 superior

558 1990 848 2050 exsistens,
893 1995 951 2040 ut
992 1984 1155 2040 Deus.

1238 2098 1470 2155 ALIUD.

629 2216 804 2272 Nemo
845 2215 1041 2270 mentis
1087 2228 1308 2283 compos
1362 2213 1601 2278 dixerit,
1638 2213 1955 2269 dissimilem
1998 2213 2147 2271 Patri

562 2311 761 2366 Filium
801 2310 997 2372 videri,
1027 2323 1147 2362 eam
1173 2312 1241 2363 ob
1265 2323 1509 2371 causam,
1541 2309 1684 2378 quod
1713 2308 1826 2377 ipse
1848 2307 2013 2363 etiam
2041 2323 2148 2363 non

561 2403 771 2473 genuit,
817 2416 992 2469 neque
1046 2399 1137 2454 lilii
1185 2410 1342 2468 pater
1379 2398 1558 2455 factus
1594 2399 1686 2453 sit.
1733 2400 1848 2455 imo
1893 2414 2020 2454 vero
2055 2414 2151 2470 per

563 2497 666 2549 hoc
693 2495 874 2563 potius
899 2491 1272 2546 admirabilem
1301 2492 1594 2560 quamdam
1620 2500 1676 2545 et
1696 2489 2149 2560 perfectissimam

561 2595 749 2640 cernet
809 2582 990 2637 Patris
1039 2583 1092 2637 in
1145 2578 1279 2637 Filio
1322 2582 1640 2651 imaginem.
1684 2581 2149 2649 Quemadmodum

561 2679 705 2732 enim
735 2676 899 2730 Pater
929 2674 1250 2728 mutationis
1289 2673 1740 2742 alteralionisqne
1774 2687 1970 2742 expers
2003 2688 2152 2726 sem-

560 2786 659 2839 per
689 2776 873 2822 manet
918 2764 1101 2829 Pater,
1133 2778 1309 2834 neque
1354 2764 1406 2817 in
1452 2762 1648 2818 Filium
1706 2771 2148 2819 transmittatur:

563 2862 636 2916 ita
689 2859 924 2913 Verbum
972 2870 1038 2910 ex
1093 2856 1211 2924 ipso
1257 2853 1429 2909 Filius
1474 2857 1794 2925 procedens,
1854 2863 2038 2908 manet
2097 2854 2148 2908 id

562 2955 706 3024 quod
737 2961 842 3015 est,
877 2948 1057 3003 Patris
1097 2947 1594 3003 immutabilitatem
1623 2948 1788 3001 etiam
1827 2961 1921 3014 per
1962 2947 2064 3000 hoc
2097 2947 2149 2999 in

561 3061 683 3102 sese
732 3043 1050 3100 ostendens.
1113 3039 1322 3095 Similis
1383 3040 1548 3110 igitur
1591 3038 1744 3106 juxta
1799 3039 1901 3092 hoc
1935 3052 2152 3106 quoque

562 3155 645 3202 est
670 3142 842 3199 Patri.

569 3279 727 3350 125
768 3274 1126 3344 Interrogatio
1164 3272 1878 3350 Arianorumtper“quam,
1939 3278 1992 3319 ut
2052 3267 2151 3350 ipsi

631 3339 840 3420 q-iﬁdem
869 3339 1082 3414 putant,
1115 3346 1389 3396 ostendunt
1421 3340 1626 3394 Filium
1653 3339 1809 3394 Patri
1843 3341 2156 3406 ina'quatem

629 3437 759 3474 βεδε.

637 3557 830 3620 Filius,
864 3551 1140 3622 inquiunt,
1190 3559 1284 3603 aut
1333 3556 1416 3602 est
1463 3545 1617 3600 liberi
1651 3544 1882 3608 arbitrii,
1917 3554 2011 3598 aut
2047 3560 2153 3600 non

547 3636 669 3707 est.
685 3651 743 3705 Si
765 3657 866 3714 est,
897 3655 1047 3704 certe
1069 3644 1337 3700 electione
1360 3637 1658 3694 voluntatis
1677 3637 1849 3690 bonus
1864 3645 1967 3690 est.
2001 3635 2153 3703 Quod

567 3759 695 3798 vero
724 3741 993 3795 electione
1026 3746 1079 3792 et
1117 3749 1225 3789 non
1260 3740 1451 3787 natura
1502 3729 1648 3784 circa
1682 3729 1887 3797 aliquid
1913 3737 2149 3793 tenetur,

566 3845 743 3906 potest
771 3833 935 3888 etiam
968 3831 1019 3884 in
1050 3829 1155 3883 alia
1193 3823 1475 3880 innnutari
1509 3839 1523 3876 :
1556 3830 1612 3876 et
1660 3822 1712 3876 in
1739 3837 1900 3892 quam
1948 3831 2154 3893 partem

566 3927 854 3983 electionis
887 3925 1120 3991 impetus
1156 3919 1383 3982 feratur,
1415 3916 1526 3971 illic
1551 3915 1774 3971 omnino
1805 3917 1910 3969 erit
1937 3916 1985 3969 id
2012 3917 2156 3985 quod

565 4020 832 4075 electione
865 4015 1303 4070 administratur.
1343 4007 1400 4062 Id
1429 4018 1610 4063 autem
1639 4008 1868 4062 mutatio
1899 4017 1955 4062 et
1978 4008 2158 4075 paSsio

567 4124 668 4166 est.
702 4110 804 4177 Qui
845 4121 976 4163 vero
1027 4102 1311 4159 mutationi
1356 4110 1411 4155 et
1455 4099 1697 4169 passioni
1741 4098 2006 4154 obnoxius
2051 4109 2155 4164 est,

567 4218 806 4271 quanam
835 4209 998 4270 pacto
1031 4196 1104 4252 sit
1132 4193 1250 4263 ejus
1273 4193 1362 4261 qni
1386 4191 1742 4246 innnutabilis
1766 4201 1820 4244 et
1845 4191 2158 4260 impatibilis

566 4304 650 4351 est
683 4296 859 4364 imago
881 4301 930 4346 et
965 4286 1303 4344 similitudo?
1335 4285 1428 4338 Sin
1457 4294 1639 4338 autent
1674 4282 2026 4339 immutabilis
2049 4292 2155 4346 est,

567 4401 745 4457 neque
778 4386 832 4439 in
863 4382 1006 4437 aliud
1033 4378 1161 4434 ferri
1199 4384 1400 4448 potest,
1434 4377 1526 4429 sed
1558 4375 1612 4428 in
1643 4375 1785 4445 quod
1817 4384 1900 4430 est
1945 4389 2159 4447 semper

569 4485 778 4538 manet,
811 4482 964 4529 certe
995 4478 1053 4524 ut
1086 4468 1222 4537 lapis
1252 4465 1335 4519 vel
1388 4465 1594 4536 lignum
1627 4480 1841 4535 semper
1884 4466 1936 4520 in
1979 4465 2157 4535 seipso

1553 377 1614 432 S.
1655 373 1932 430 CYRILLI
1971 373 2442 431 ALEXANDRINI
2481 374 2801 432 ARCIlIEP.

3738 377 3860 437 Ξοε

2741 497 2894 567 Πρός
2928 496 3103 552 τοῦτο
3139 497 3342 566 λύσις.

2319 614 2382 666 Εἰ
2410 613 2469 666 τὸ
2518 611 2892 683 παραλλάττον
2934 611 3085 666 οὐδὲν
3124 613 3182 665 ὲν
3228 611 3348 684 Θεῷ
3382 613 3477 667 καὶ
3505 612 3858 685 ἀνθρώποις,

2248 703 2585 758 ἀπαιτείσθω
2616 705 2675 757 τὸ
2699 705 2894 775 γεννᾷν
2922 706 3015 758 καὶ
3035 704 3212 769 οὕτως
3247 705 3322 768 ὡς
3349 704 3664 776 ἄνθρωπος.
3703 706 3770 758 Ei
3799 707 3862 759 δὲ

2248 796 2522 861 ἐξαίρετος
2547 798 2580 867 ἡ
2607 795 2743 849 Θεοῦ
2792 795 2974 866 φύσις,
3007 796 3159 850 ἔσται
3200 798 3418 862 πάντως
3449 797 3546 851 καὶ
3570 797 3677 867 τῆς
3727 797 3865 850 καθ’

2248 891 2396 960 ἡμᾶς
2420 889 2665 961 ἀνάγκης
2695 889 2975 962 ἐλευθέρα.
3012 892 3088 945 Οὐ
3117 891 3228 964 γὰρ
3263 892 3338 955 ὡς
3367 891 3660 963 ἄνθρωπος
3688 893 3861 959 ἐγέν-

2249 998 2380 1052 νησε
2429 981 2581 1045 Θεὸς,
2618 983 2706 1036 ἵνα
2754 983 2850 1036 ml.
2883 983 2911 1034 ὁ
2956 984 3164 1054 τεχθεὶς
3202 986 3323 1046 ταῖς
3367 986 3632 1054 φυσικαῖς
3687 983 3862 1053 ἡμῶν

2256 1073 2521 1144 ἑπόμενος
2550 1074 2894 1139 ἀκολουθίαις
2922 1076 3077 1150 τέκῃ,
3115 1075 3252 1129 ἀλλά
3283 1075 3434 1130 θείαν
3459 1076 3584 1129 τινὰ
3615 1075 3720 1128 καὶ
3756 1077 3860 1143 ἀρ-

2251 1169 2415 1237 ρητον
2462 1169 2526 1221 ἐκ
2574 1168 2787 1239 Πατρὸς
2824 1169 2937 1239 ἔχει
2965 1170 3063 1240 τὴν
3093 1170 3364 1240 γέννησιν.
3413 1169 3478 1221 El.
3517 1167 3573 1220 δὲ
3622 1168 3858 1236 ἀνάγκη

2248 1258 2342 1311 τὸν
2381 1259 2714 1330 γεννηθέντα
2754 1262 2950 1330 γεννᾷν
2987 1260 3076 1313 διὰ
3115 1261 3216 1331 τὴν
3259 1261 3389 1330 παρ’
3420 1259 3552 1329 ἡμῖν
3603 1260 3863 1329 φυσικὴν

2252 1348 2564 1419 συνήθειαν,
2594 1350 2692 1404 καί⁵
2728 1351 2839 1413 τοῖς
2881 1350 2981 1420 τῆς
3024 1348 3439 1423 ἀνθρωπότητος
3478 1348 3674 1419 νόμοις
3715 1349 3860 1402 ὑπο-

2251 1441 2537 1495 πίπτειτὰ
2564 1441 2666 1511 τῆς
2711 1440 2962 1512 θεότητος
3007 1440 3146 1494 ἴδιαο
3194 1441 3248 1495 τί
3279 1441 3340 1494 τὸ
3378 1440 3588 1495 κωλύον
3625 1442 3861 1510 πατέρα

2249 1532 2435 1586 δοῦναι
2483 1533 2560 1604 τῷ
2614 1534 2824 1604 Πατρί;
2866 1534 3020 1588 Οὕτω
3063 1534 3172 1607 γὰρ
3205 1536 3255 1587 οί
3301 1535 3432 1606 παρ’
3467 1536 3623 1606 ἡμῖν.
3674 1535 3742 1588 ΕΞ
3793 1533 3861 1585 δὲ

2251 1623 2400 1678 ἐστιν
2443 1625 2543 1677 οὐκ
2593 1624 2657 1678 ἔκ
2701 1642 2846 1689 τινος
2896 1625 3072 1696 ἀρχῆς
3109 1627 3138 1679 ὁ
3187 1625 3400 1698 Πατὴρ,
3436 1625 3530 1678 καὶ
3575 1623 3682 1694 τὴν
3719 1622 3858 1677 καθ’

2250 1717 2400 1787 ἡμᾶς
2431 1717 2712 1770 ἀναϐαίνει
2743 1717 3030 1788 συνήθειαν
3063 1719 3138 1782 ὡς
3164 1718 3315 1784 Θεὸς,
3338 1717 3510 1781 οὐδεὶς
3537 1716 3858 1785 ἀναγκάσει

2253 1807 2410 1876 λόγος
2439 1809 2642 1863 τίκτειν
2669 1810 2761 1864 τὸν
2786 1810 2934 1866 Υίόν.
2974 1811 3169 1864 Ἔσται
3193 1810 3304 1882 γὰρ
3337 1810 3431 1866 καὶ
3460 1808 3609 1864 οὕτω
3640 1808 3855 1880 μᾶλλον

2254 1901 2332 1972 τῷ
2361 1902 2538 1973 Πατρὶ
2575 1903 2976 1974 παραπλήσιος,
3009 1903 3123 1957 ἄνω
3159 1905 3344 1974 πάσης
3367 1902 3620 1973 ἀνάγκης
3661 1900 3856 1971 ὐπάρο

2251 2009 2383 2062 χων,
2419 1993 2495 2056 ὡς
2528 1993 2660 2057 Θεός

2937 2109 3146 2164 ΔΛΛΟ.

2323 2219 2438 2272 Οὐκ
2486 2219 2551 2272 ἄν
2585 2237 2667 2282 τις
2697 2220 2843 2273 εἴποι
2872 2220 2998 2274 νοῦν
3038 2221 3199 2293 ἔχων,
3245 2222 3498 2293 ἀνόμοιον
3544 2218 3850 2290 φαίνεσθαι

2250 2311 2328 2382 τῷ
2383 2312 2560 2384 Ila-cpi.
2591 2312 2682 2364 τὸν
2717 2313 2866 2376 Υἱδν,
2919 2313 3044 2366 ἐπεὶ
3090 2313 3165 2384 μὴ
3217 2315 3314 2368 καὶ
3359 2313 3522 2376 αὐτὸς
3551 2313 3853 2382 ἐγέννησε,

2254 2405 2388 2475 μηδὲ
2420 2404 2536 2458 υἱοῦ
2557 2405 2748 2472 γέγονε
2773 2406 2977 2476 πατήρ.
3022 2403 3185 2460 Ἀλλά
3217 2405 3421 2476 μᾶλλον
3445 2406 3542 2459 καὶ⁵
3563 2404 3658 2458 διὰ
3684 2403 3853 2457 τοῦτο

2252 2497 2574 2568 θαυμαστήν
2600 2513 2724 2550 τινα
2741 2496 2835 2550 καὶ
2856 2496 3263 2568 ἀκριϐεστάτην
3285 2496 3477 2567 ὅψεται
3499 2495 3594 2550 τοῦ
3625 2495 3850 2566 Πατρὸς

2251 2590 2309 2642 ὲν
2337 2588 2452 2658 Υἱῷ
2479 2587 2577 2659 τὴν
2603 2589 2808 2642 εἰκόνα.
2837 2589 3048 2660 Ὠσπερ
3071 2588 3178 2658 γὰρ
3207 2590 3235 2641 ὁ
3263 2587 3455 2659 Πατὴρ
3479 2587 3761 2656 ἄτρεπτος
3784 2603 3848 2638 τε

2253 2683 2346 2736 καὶ
2387 2682 2744 2745 ἀναλλοίωτος
2773 2681 2872 2748 ὢν,
2907 2682 2997 2736 ἀεὶ
3033 2683 3183 2753 μένει
3215 2680 3426 2751 Πατὴρ,
3468 2680 3566 2734 καὶ
3596 2681 3682 2743 εἰς
3716 2679 3850 2732 Υἱὺν

2251 2775 2312 2828 οὐ
2346 2774 2763 2844 μεταϐάλλεται,
2801 2773 2977 2838 οὕτως
2999 2776 3028 2826 ὁ
3061 2771 3122 2838 ἐξ
3147 2771 3313 2827 αὐτοῦ
3343 2771 3516 2840 Λόγος
3550 2770 3684 2833 Υἱὸς
3715 2787 3852 2840 argo-

2253 2865 2446 2932 ελθὼν,
2488 2867 2640 2937 μένει
2670 2865 2816 2919 τοῦθ’
2851 2865 2989 2936 ὅπερ
3030 2865 3170 2929 ἐστὶ,
3202 2864 3299 2918 τοῦ
3339 2863 3558 2935 Πατρὸς
3585 2861 3650 2914 τδ
3684 2860 3854 2914 ἀναλ-

2253 2961 2473 3015 λοίωτον
2505 2962 2602 3015 καὶ
2631 2960 2720 3014 διὰ
2749 2960 2943 3014 τούτου
2987 2962 3256 3015 δεικνύων·
3281 2962 3338 3016 ὲν
3377 2959 3580 3031 ἑαυτῷ.
3618 2959 3857 3029 Ὀμοιος

2253 3050 2348 3107 οὖν
2381 3056 2474 3107 καὶ
2506 3055 2652 3109 κατὰ.
2682 3055 2842 3109 τοῦτο
2872 3055 3068 3126 Πατρί.

2273 3278 2586 3347 Ἐρώτησις
2616 3279 2944 3346 Ἀρειανῶν,
2965 3279 3042 3350 δι’
3061 3276 3155 3350 ἧς,
3172 3280 3514 3344 ὡςόἵονται,
3539 3278 3867 3334 δεικνύου-

2518 3363 2625 3403 σιν
2651 3350 2936 3418 ἀνόμοιον
2963 3347 3044 3414 τῷ
3070 3347 3251 3419 Harp!
3279 3350 3388 3404 τὸν
3431 3352 3586 3404 Υίόν.

2330 3553 2683 3619 Αύτεξούσιος
2703 3594 2717 3619 ,
2750 3569 2936 3623 φασιν,
2968 3569 3115 3606 εστιν
3148 3553 3176 3605 ὁ
3203 3552 3354 3615 Υἱὸς,
3394 3552 3551 3623 ἢούκ
3582 3553 3760 3608 ἔστιν.
3797 3555 3866 3607 EE

2261 3647 2361 3718 μὲν
2385 3644 2478 3701 οὖν
2506 3645 2852 3711 αὐτεξούσιός
2882 3646 3020 3712 ἐστι,
3048 3645 3371 3717 προαιρέσει
3403 3645 3637 3716 φαίνοιτ’
3677 3646 3750 3700 ἂν
3780 3649 3862 3700 εἰ-

2258 3740 2434 3802 κότως
2473 3738 2656 3802 καλός.
2690 3738 2763 3791 Τὸ
2782 3737 2839 3791 δὲ
2865 3737 3183 3808 προαιρέσει
3217 3737 3311 3791 καὶ
3339 3737 3398 3790 οὐ
3430 3737 3593 3807 φύσει
3625 3739 3763 3809 περί
3806 3755 3862 3791 τι

2260 3833 2665 3903 κρατούμενον,
2700 3829 2906 3885 δύναιτ’
2941 3830 3006 3885 ἂν
3037 3832 3122 3901 ἐφ’
3165 3831 3331 3902 ἕτερα
3383 3830 3861 3902 μεταϐάλλεσθαι,

2259 3924 2354 3977 καὶ
2386 3924 2470 3992 ἐφ’
2503 3925 2642 3994 ὅπερ
2681 3923 2747 3976 ἂν
2787 3925 2821 3994 ἡ
2864 3925 2962 3993 τῆς
3011 3923 3388 3996 προαιρέσεως
3416 3923 3633 3992 γένοιτο
3667 3923 3857 3994 ῥοπὴ,

2260 4017 2376 4070 ἐκεῖ
2403 4016 2619 4080 πάντως
2639 4015 2796 4070 ἔσται
2815 4017 2877 4070 τὸ
2903 4016 3224 4088 προαιρέσει
3251 4016 3860 4088 διοικούμενον.Τροπὴ

2258 4107 2314 4161 δὲ
2359 4107 2517 4162 τοῦτο
2562 4109 2654 4162 καὶ
2707 4108 2897 4171 πάθος.
2959 4109 3018 4162 '0
3064 4109 3122 4162 δὲ
3159 4108 3368 4180 τροπὴν
3411 4108 3704 4179 ὑπομένων
3763 4111 3863 4162 καὶ

2261 4199 2455 4264 πάθος,
2489 4201 2608 4264 πῶς
2640 4200 2705 4254 ἂν
2729 4202 2813 4271 εἴη
2843 4199 2938 4254 τοῦ
2966 4201 3241 4272 ἀτρέπτου
3279 4199 3373 4253 καὶ
3406 4198 3657 4263 ἀπαθοῦς
3683 4199 3864 4253 εἰκὼν

2261 4294 2354 4346 καὶ
2374 4292 2667 4363 ὁμοιότης;
2698 4293 2759 4346 Εἰ
2787 4291 2844 4345 δὲ
2874 4291 3146 4364 ἄτρεπτός
3169 4293 3340 4356 ἐστιν,
3371 4292 3454 4354 εἰς
3481 4290 3636 4344 οὐδὲν
3659 4291 3868 4361 ἕτερον

2260 4383 2666 4453 παρενεχθῆναι
2704 4381 3026 4453 δυνάμενος,
3063 4381 3178 4434 ἀλλ’
3211 4382 3349 4452 ὅπερ
3375 4381 3494 4434 ἐστὶ
3527 4380 3708 4451 μένων
3743 4382 3863 4441 ἀεὶ,

2259 4474 2334 4538 ὡς
2359 4474 2504 4538 λίθος
2533 4476 2642 4546 ἄρα
2676 4474 2708 4544 ἢ
2734 4474 2892 4540 ξύλον
2919 4475 3150 4545 ’ἐστηκεν
3179 4474 3266 4544 ἐφ’
3291 4474 3472 4545 ἑαυτῷ
3504 4473 3724 4545 φυσικῷ
3745 4492 3861 4528 τινι

566 4568 837 4630 subsistit,
887 4562 1116 4618 naturali
1155 4559 1392 4628 quodam
1444 4566 1500 4610 et
1544 4555 1897 4612 indissolubili
1938 4556 2151 4611 vinculo

2262 4565 2355 4619 καὶ
2389 4566 2650 4636 ἀρῤήκτῳ
2693 4565 2876 4635 δεσμῷ
2898 4606 2912 4628 ,
2945 4567 3023 4627 εἱς
3051 4563 3196 4619 τοῦθ’
3225 4564 3362 4635 ὅπερ
3389 4563 3508 4618 ἐστὶ
3539 4565 3864 4636 κρατούμε-

564 4663 632 4716 ad
659 4661 707 4712 id
736 4657 878 4727 quod
906 4663 990 4708 est
1015 4652 1321 4711 devinctus,
1355 4648 1773 4716 libertatemque
1803 4647 2014 4702 arbitrii
2047 4662 2154 4704 non

567 4752 750 4805 habet.

1074 4853 1285 4909 Salutio
1328 4852 1656 4918 objectionis.

637 4977 866 5046 Oportet
897 4986 1029 5027 sane
1072 4970 1207 5025 adeo
1238 4967 1438 5035 ineptis
1477 4966 1997 5037 interrogationibus
2022 4981 2158 5037 quas

567 5075 874 5140 proponunt
922 5066 976 5117 in
1028 5063 1342 5117 universum
1390 5074 1496 5113 non
1533 5059 1882 5128 respondere.
1928 5059 2157 5127 Quando

566 5163 711 5216 enim
764 5156 1048 5226 reSponsio
1094 5155 1453 5224 nndeqnaque
1485 5171 1606 5207 cum
1651 5150 1986 5219 blasphemia
2024 5167 2153 5206 con-

557 5253 752 5322 juncta
790 5258 894 5312 est,
946 5246 1218 5300 silentium
1268 5257 1526 5313 prmstare
1553 5244 1726 5300 satius
1761 5255 1864 5298 est.
1918 5243 1974 5296 Si
2011 5246 2154 5299 enim

566 5343 823 5397 libertate
843 5337 1051 5391 arbitrii
1077 5337 1356 5406 praeditum
1373 5353 1494 5392 esse
1521 5337 1718 5392 Filium
1744 5336 1943 5399 dicant,
1975 5337 2154 5389 statim

565 5437 731 5489 etiam
763 5430 992 5486 mutatio
1042 5430 1196 5484 liberi
1246 5430 1456 5484 arbitrii
1495 5430 1658 5485 simul
1708 5429 2002 5484 inducitur.
2049 5429 2158 5483 An-

564 5539 763 5579 nexum
791 5531 876 5577 est
897 5522 1040 5576 enim
1071 5521 1309 5576 libertati
1337 5523 1550 5577 arbitrii
1581 5521 1935 5576 mutationem
1975 5522 2152 5577 susci-

565 5629 716 5685 pere,
777 5616 990 5668 tametsi
1061 5631 1180 5671 eam
1244 5615 1552 5684 passionem
1615 5612 1862 5666 voluntas
1915 5613 2154 5668 nondum

563 5705 813 5762 subierit.
851 5703 947 5759 Sin
981 5721 1108 5761 vero
1146 5707 1246 5760 hoc
1274 5705 1644 5776 praetermisso
1679 5703 1908 5757 alterum
1939 5705 2152 5770 dixero,

561 5798 821 5854 nimirum
872 5799 1266 5855 innnutabilcm
1311 5810 1433 5854 esse
1479 5794 1700 5860 Filium,
1757 5796 1940 5853 statim
1997 5798 2152 5854 nobis

2262 4673 2372 4720 νος,
2401 4657 2495 4710 καὶ
2524 4656 2585 4710 τὸ
2614 4656 2960 4721 αὐτεξούσιον
2991 4658 3089 4709 οὐκ
3113 4655 3272 4726 ἔχων.

2755 4854 2911 4920 Πρὸς
2942 4855 3133 4908 ταῦτα
3158 4856 3360 4922 λύσις.

2335 4968 2482 5022 Ἔδει
2515 4969 2611 5037 μὲν
2643 4971 2760 5034 ταῖς
2793 4968 2966 5032 οὕτως
2997 4968 3343 5033 ἀπαιδεύτως
3372 4972 3862 5042 προσφερομένας

2261 5063 2566 5136 ἐρωτήσεσι
2595 5062 2837 5132 μηδόλως
2867 5061 3282 5133 ἀποκρίνεσθαι.
3307 5062 3478 5115 Ἔνθα
3510 5063 3622 5133 γὰρ
3646 5065 3680 5134 ή
3711 5065 3858 5117 dud-

2262 5173 2445 5228 κρισις
2486 5155 2765 5224 πανταχοῦ
2799 5155 2859 5208 τὸ
2891 5155 3175 5224 δύσφημον
3200 5154 3338 5224 ἔχει,
3374 5157 3494 5210 ἐκεῖ
3519 5157 3792 5227 κρείττων
3821 5161 3864 5228 ἡ

2264 5246 2578 5316 σιωπή.Ἃν
2619 5245 2717 5314 μὲν
2753 5245 2860 5316 γάρ
2887 5245 3239 5309 αὐτεξούσιον
3265 5245 3408 5299 εἴπω
3438 5247 3530 5300 τὸν
3558 5247 3711 5310 Υἰὸν,
3755 5249 3859 5302 εὐ-

2263 5340 2360 5402 θὺς
2399 5340 2430 5408 ἡ
2478 5337 2578 5407 τῆς
2612 5338 3092 5408 αὺτεξουσιότητος
3127 5340 3511 5409 συνεισάγεται
3548 5342 3854 5414 μεταϐολή.

2273 5429 2587 5486 ’Δκολουθεί
2617 5431 2725 5502 γὰρ
2754 5430 2831 5499 τῷ
2855 5429 3188 5504 αὑτεξουσίῳ
3204 5432 3266 5485 τὸ
3293 5433 3647 5504 ἐπιδέχεσθαι
3678 5445 3863 5505 μετα-

2261 5523 2445 5593 ϐολὴν,
2492 5522 2540 5575 εί
2581 5521 2676 5575 καὶ
2722 5523 2888 5592 μήπω
2926 5521 3192 5585 πεπονθὸς
3235 5521 3322 5592 εἴη
3360 5522 3522 5577 τοῦτο
3549 5524 3638 5579 διὰ
3671 5525 3738 5579 τὸ
3775 5524 3858 5596 μὴ

2259 5615 2517 5686 ἐθελῆσαι
2544 5613 2759 5668 παθεῖν.
2805 5614 2929 5667 Ἐὰν
2951 5613 3009 5666 δὲ
3041 5614 3202 5668 τοῦτο
3241 5615 3422 5684 ἀφεὶς,
3457 5617 3520 5670 τὸ
3545 5617 3737 5688 ἕτερον
3769 5617 3855 5670 εἵ-

2261 5725 2368 5772 πω,
2394 5705 2695 5771 τουτέστιν,
2719 5706 3023 5776 Ἀτρεπτος
3054 5708 3083 5761 ό
3111 5707 3282 5776 Λόγος
3314 5707 3489 5772 ἐστὶν,
3517 5708 3684 5772 εὐθὺς
3716 5709 3856 5779 ημῖν

2261 5798 2355 5853 τοῦ
2388 5798 2545 5865 ξύλον
2595 5797 2694 5870 τὴν
2724 5797 3012 5871 ἀκινησίαν
3057 5799 3457 5870 προτείνοντες,
3508 5801 3608 5856 οὐκ
3657 5800 3852 5856 atolli-
