4072 6530
240 338 350 394 109

1665 345 2107 403 ’ΠΙΕὸΑωῖυᾶ

3401 338 3509 399 ΞΙΟ

243 475 431 512 νονται
455 458 766 529 τολμῶντες
791 457 992 525 λέγειν,
1016 459 1051 512 ά
1082 460 1173 513 καὶ
1200 459 1361 530 μόνον
1382 455 1448 531 ἦν
1475 461 1827 532 ἐνθυμεῖσθαι

1956 460 2369 515 mmobilitatem
2405 460 2532 529 ligni
2560 460 2898 529 ObjiCiCDICS,
2934 473 3037 514 non
3069 458 3311 513 sentiunt
3344 472 3402 512 se
3429 459 3510 512 di-

243 550 499 605 κινδύνου
550 550 744 620 μεστά.
789 549 854 602 Τί
898 549 1005 620 γὰρ
1040 550 1106 603 ἂν
1150 550 1353 604 εἴποιεν
1385 553 1434 604 οἱ
1483 552 1661 606 πάντα
1708 554 1829 605 τολο

246 641 470 711 μῶντες
510 640 731 710 ῥᾳδίως,
757 638 811 691 εἴ
839 657 923 701 τις
952 640 1135 703 αὐτοῖς
1163 641 1292 712 περὶ
1321 640 1414 694 τοῦ
1446 643 1662 714 Πατρὸς
1692 642 1825 694 πεύ-

254 749 343 785 σιν
369 733 637 802 προσάγοι
667 730 767 801 τὴν
796 730 994 801 αύτήνς
1020 724 1167 803 Ἀρα
1212 732 1301 786 τὸν
1333 733 1447 787 ἴσον
1481 736 1612 805 ἡμῖν
1657 735 1827 807 φοϐη-

247 825 513 895 θήσονται
562 822 763 893 φόὸον,
808 823 903 875 καὶ
943 824 1041 895 τὴν
1085 825 1180 877 ἐπὶ
1220 825 1431 891 τούτοις
1480 829 1828 885 ἐπαινέσουσι

257 918 499 987 σιωπήν;
541 917 611 971 Ἣ
640 915 691 969 τί
729 933 857 970 ποτε
890 917 998 988 ἄρα
1032 918 1167 989 πρὸς
1199 919 1370 973 ταῦτα
1398 921 1648 991 ὲροῦσιν;
1688 923 1831 992 Ἐγὼ

256 1009 363 1078 μὲν
387 1010 485 1061 ούκ
522 1006 631 1079 ἔχω
662 1006 862 1076 λέγειν,
893 1008 1057 1063 καλὸν
1085 1010 1141 1063 δὲ
1171 1012 1266 1065 καὶ
1295 1013 1567 1083 χρήσιμον
1596 1015 1647 1067 εἰ
1695 1016 1831 1087 μηδὲ

255 1098 547 1167 ὲνενόησαν
593 1089 760 1151 οὗτοι.
801 1098 924 1151 Ὀτι
968 1098 1024 1152 δὲ
1064 1099 1334 1170 ἄτρεπτος
1377 1102 1452 1155 ὢν
1494 1106 1523 1157 6
1560 1105 1653 1157 τοῦ
1693 1106 1830 1161 Θεοῦ

255 1187 425 1253 Λόγος
469 1185 660 1257 ὥσπερ
698 1188 727 1241 6
769 1188 1038 1259 γεννήσας
1065 1189 1249 1253 αὑτὸν,
1296 1191 1481 1262 ὅμοιός
1532 1193 1647 1247 ἐστι
1690 1195 1834 1248 κατὰ

261 1281 441 1333 πάντα
485 1278 565 1348 τῷ
608 1278 803 1349 Πατρὶ,
834 1279 1032 1347 γένοιτ’
1064 1280 1129 1335 ἂν
1175 1281 1262 1335 διὰ
1291 1283 1482 1336 τούτου
1534 1284 1725 1352 σαφές.
1768 1288 1833 1341 Εἰ

254 1369 685 1441 ἀπαράλλακτός
707 1372 853 1424 ἐστιν
878 1370 1043 1424 εἰκὼν
1071 1371 1164 1426 τοῦ
1190 1373 1420 1445 Πατρὺς,
1444 1376 1537 1427 καὶ
1556 1376 1832 1448 ἀληθεύει,

253 1462 455 1531 λέγων’
493 1482 511 1513 ι
533 1463 592 1516 '0
624 1461 885 1534 ἑωρακὼς
914 1462 1013 1532 ἐμὲ
1063 1463 1274 1533 ἑώρακε
1308 1466 1399 1519 τὸν
1427 1467 1702 1540 Πατέρα,ι
1739 1470 1835 1523 καὶ

260 1554 445 1608 πάλιν*
469 1574 487 1605 ι
510 1553 651 1622 Ἐγὼ
680 1555 775 1607 καὶ
808 1553 837 1605 ό
863 1554 1053 1625 Πατὴρ
1083 1553 1141 1607 ἓν
1170 1556 1360 1626 ὲσμεν,
1383 1575 1400 1608 ι
1431 1556 1584 1612 ἔσται
1618 1560 1836 1624 πάντως

257 1646 533 1718 ἄτρεπτος
558 1645 653 1699 καὶ
676 1644 1030 1709 ἀναλλοίωτος
1055 1645 1130 1709 ὡς
1156 1647 1185 1698 ό
1212 1648 1424 1720 Πατήρ.
1444 1649 1599 1703 Ἐπεὶ
1626 1650 1744 1715 πῶς
1770 1650 1836 1706 ἂν

260 1735 473 1801 γένοιτο
501 1732 665 1787 εἰκὼν
690 1732 782 1787 τοῦ
812 1733 900 1788 ἀεὶ
935 1735 1031 1787 καὶ
1063 1733 1324 1800 ὡσαύτως
1362 1737 1597 1808 ἔχοντος,
1627 1741 1688 1793 τὸ
1710 1757 1837 1813 τροι-

1934 566 2057 608 cere
2083 568 2144 606 ea
2204 568 2322 622 qua:
2352 553 2436 606 vel
2463 553 2600 606 nuda
2630 552 2956 621 cogitatione
2985 553 3268 621 concipere
3299 552 3511 621 pericu-

1936 645 2263 699 losissimum
2318 652 2420 697 est.
2476 642 2545 695 At
2586 642 2714 711 quid
2767 642 2950 695 dicant
3003 642 3114 708 isti,
3151 642 3242 712 qtti
3295 641 3511 711 quidvis

1935 736 2153 796 audent,
2181 736 2223 788 si
2255 735 2376 803 quis
2397 734 2476 788 eis
2496 733 2737 788 eamdem
2767 732 2832 786 dc
2849 730 3011 785 Patre
3035 733 3509 801 interrogationem

1937 827 2251 897 proponat?
2280 841 2420 881 anne
2453 826 2644 880 eodem
2676 839 2782 892 quo
2828 838 2924 877 nos
2952 834 3095 876 metu
3126 824 3506 892 percellentur,

1936 927 1991 972 et
2020 917 2294 973 silentium
2333 916 2432 969 hac
2462 917 2513 969 in
2548 930 2605 969 re
2649 914 2984 969 laudabunt?
3012 923 3103 965 aut
3133 912 3260 980 quid
3296 916 3509 966 tandem

1938 1010 2006 1065 ad
2037 1010 2138 1064 boc
2169 1007 2608 1078 respondebunt?
2639 1006 2900 1076 Equidem
2932 1019 3035 1058 non
3066 1003 3237 1057 habeo
3268 1003 3394 1071 quid
3431 1004 3513 1054 di-

1937 1116 2080 1165 cam,
2124 1099 2514 1171 pulchrumque
2552 1107 2698 1152 certe
2744 1105 2795 1151 et
2837 1095 2969 1149 utile
3035 1103 3180 1148 esset
3239 1092 3283 1146 si
3330 1103 3383 1146 et
3425 1093 3512 1146 isti

1939 1207 2058 1247 eam
2089 1191 2470 1261 cogitationem
2512 1190 2866 1257 deponerent.
2898 1184 3049 1251 Quod
3081 1198 3212 1237 vero
3259 1183 3515 1235 immuta-

1938 1284 2046 1339 bile
2075 1284 2343 1339 exsistens
2385 1279 2619 1334 Verbum
2669 1279 2782 1341 Dei,
2829 1274 3279 1347 quemadmodum
3331 1272 3377 1327 is
3424 1272 3513 1341 qui

1941 1376 2068 1432 illud
2099 1373 2304 1444 genuit,
2336 1371 2513 1427 simile
2543 1386 2638 1441 per
2666 1367 2845 1423 omnia
2869 1368 2939 1422 sit
2965 1366 3135 1429 Patri,
3165 1379 3231 1419 ex
3255 1365 3357 1417 hoc
3389 1377 3518 1417 con-

1941 1474 2087 1519 stare
2130 1472 2325 1533 potest.
2363 1461 2417 1515 Si
2453 1470 2534 1514 est
2563 1458 2867 1513 omnimoda
2903 1464 2956 1510 et
2994 1453 3302 1509 indiﬂerens
3340 1454 3520 1521 imago

1942 1556 2139 1615 Patris,
2175 1568 2405 1623 vereque
2431 1552 2562 1606 dicit
2593 1568 2607 1604 :
2646 1569 2665 1601 ‹
2700 1550 2799 1615 Qui
2840 1548 2973 1601 vidit
3018 1561 3101 1600 me
3150 1546 3280 1600 vidit
3324 1554 3377 1599 et
3413 1544 3517 1599 Pa-

1945 1658 2080 1701 trem
2101 1646 2169 1711 ’⁸,
2190 1664 2208 1697 ι
2228 1655 2512 1700 etrttrsum
2543 1660 2595 1696 ει
2618 1641 2728 1711 Ego
2748 1650 2801 1695 et
2829 1639 2990 1693 Pater
3017 1653 3179 1691 unum
3206 1637 3471 1701 sumus“,
3496 1658 3515 1688 ι

1944 1739 2050 1792 erit
2087 1738 2308 1792 omnino
2347 1734 2665 1790 mutationis
2687 1731 3132 1799 alti-rationisque
3168 1742 3363 1797 expers
3383 1727 3523 1781 sicut

262 1826 373 1897 πὴν
402 1824 823 1896 ὲπιδεχόμενον;
853 1827 925 1879 Ἦ
948 1826 1067 1889 πῶς
1095 1826 1162 1880 ἂν
1194 1827 1529 1896 εἴποιεν,Ἕν
1560 1834 1749 1903 ἐσμεν,
1770 1833 1840 1887 τὰ

1956 1839 1993 1884 at
2014 1828 2196 1883 Pater.
2231 1827 2512 1893 Quomodo
2532 1826 2674 1880 enim
2706 1825 2776 1877 sit
2804 1824 2981 1891 imago
3012 1822 3131 1890 ejus
3184 1820 3275 1888 qui
3309 1832 3523 1886 semper

262 1917 519 1970 τοσοῦτον
540 1916 786 1988 ἀλλήλων
811 1917 1134 1989 διεστηκότα
1157 1957 1172 1982 ,
1199 1920 1293 1973 καὶ
1325 1922 1543 1992 μακρὰν
1575 1923 1717 1977 οὕτω
1746 1925 1841 1994 φέ-

262 2026 427 2079 ροντα
472 2008 569 2079 τὴν
613 2009 1004 2079 ἀνομοιότητας
1049 2010 1264 2083 Ἐπειδὴ
1302 2012 1357 2064 δὲ
1388 2014 1671 2084 ἀμήχανον
1712 2016 1842 2085 ψεύ-

257 2099 449 2153 δεσθαι
481 2098 580 2169 τὴν
608 2099 887 2170 ἀλήθειαν,
926 2100 1172 2154 τουτέστι
1223 2104 1315 2156 τὸν
1341 2104 1489 2170 Υἱὸν,
1523 2107 1709 2176 ὅμοιον
1747 2109 1844 2161 αύσ

260 2189 356 2241 τὸν
396 2184 537 2243 εἶναι
577 2189 801 2259 λέγοντα
848 2191 943 2244 τοῦ
974 2192 1206 2263 Πατρὸς,
1254 2194 1467 2267 ἀνάγκη
1517 2198 1668 2249 πᾶσα
1698 2197 1845 2253 τοῦθ’

263 2279 405 2349 ὅπερ
440 2279 589 2332 ἐστὶν
622 2282 651 2334 6
681 2283 872 2353 Πατὴρ
897 2279 1036 2337 εἶναι
1066 2284 1342 2338 πιστεύειν
1372 2286 1515 2339 κατὰ
1554 2288 1714 2358 φύσιν
1753 2289 1848 2343 καὶ⁵

267 2369 362 2422 τὸν
394 2370 854 2442 Υίόν.“Λτρεπτος
880 2370 994 2441 οὖν,
1017 2374 1097 2438 ὡς
1122 2376 1349 2441 ἐκεῖνος,
1376 2379 1468 2431 καὶ
1504 2378 1647 2431 κατὰ
1669 2380 1847 2433 πάντα

270 2459 425 2531 αὐτῷ
457 2462 814 2533 προσεοικώς.

806 2748 1033 2814 Ἄλλως
1058 2747 1127 2801 τὸ
1158 2749 1328 2803 αὐτό.

343 2856 409 2910 El
435 2860 675 2929 τρεπτῇς
705 2858 780 2911 ὢν
817 2859 1031 2927 φύσεως
1058 2862 1087 2913 6
1121 2860 1277 2923 Υἱὸς,
1308 2860 1766 2933 αὐτοπροαίρετός
1790 2878 1853 2915 τε

275 2948 372 3003 καὶ
390 2948 756 3014 αύτεξούσιος,
784 2952 908 3004 κατ’
946 2950 1212 3014 ἐκείνους,
1243 2950 1525 3022 ὑπάρχων,
1571 2952 1755 3019 ἐφέσει
1783 2954 1852 3022 τῇ

277 3042 407 3113 περὶ
436 3042 498 3095 τὸ
533 3042 738 3112 ἀγαθὸν
782 3044 862 3107 εἰς
894 3042 1050 3096 τοῦτο
1096 3044 1285 3112 γέγονε
1325 3045 1714 3107 καταστάσεως
1734 3084 1749 3108 ,
1780 3044 1858 3108 ὡς

1945 1931 2107 1990 atque
2147 1921 2338 1973 eodem
2386 1918 2544 1972 modo
2587 1930 2646 1971 se
2676 1915 2859 1980 habet,
2900 1914 2949 1967 id
2979 1912 3123 1981 quod
3170 1911 3520 1965 mutationem

1948 2012 2217 2081 suscipit?
2251 2012 2356 2065 Aut
2398 2007 2672 2079 quomodo
2715 2004 3119 2069 dicant,Unum
3156 2020 3364 2068 sumus,
3406 2019 3524 2070 qua:

1948 2113 2227 2172 tantopere
2253 2104 2393 2157 inter
2409 2115 2469 2155 se
2486 2098 2772 2160 dissident,
2796 2105 3051 2165 tantaque
3083 2093 3526 2150 dissimilitudine

1949 2196 2371 2267 disiunguntur?
2406 2193 2539 2249 Cum
2577 2207 2708 2248 vero
2764 2191 2878 2245 ﬁeri
2922 2190 3065 2243 nulla
3111 2188 3323 2243 ratione
3357 2187 3527 2257 possit

1950 2297 2009 2341 ut
2037 2289 2252 2353 veritas,
2277 2288 2378 2341 ltoc
2406 2295 2490 2340 est
2520 2284 2708 2349 Filius,
2744 2284 3055 2346 mentiatur,
3082 2282 3170 2349 qui
3210 2294 3268 2334 se
3294 2278 3526 2334 similem
3554 2275 3556 2278 ’

1951 2376 2094 2431 Patri
2139 2391 2259 2432 esse
2299 2377 2452 2441 dicit,
2493 2375 2858 2431 necessarium
2920 2370 3083 2443 126
3132 2370 3293 2441 plane
3341 2378 3424 2423 est
3470 2378 3530 2421 ut

1951 2467 2239 2521 credamus
2286 2464 2479 2518 Filium
2527 2463 2667 2519 idem
2723 2478 2950 2533 prorsus
3000 2470 3190 2515 natura
3230 2473 3349 2515 esse
3384 2458 3527 2526 quod

1953 2556 2135 2611 Pater.
2163 2556 2517 2610 [inmutabilis
2541 2557 2822 2626 igiturest,
2851 2555 2991 2609 sicut
3018 2552 3129 2620 ille,
3162 2559 3217 2607 et
3238 2566 3334 2621 per
3349 2550 3530 2605 omnia

1954 2649 2007 2704 ei
2032 2647 2243 2702 similis.

2388 2761 2532 2814 Idem
2571 2760 2728 2814 aliter
2770 2760 3108 2829 explicatum.

2032 2878 2089 2933 Si
2120 2877 2308 2939 Filius,
2340 2874 2617 2929 mutabilis
2649 2882 2856 2926 natum
2899 2870 3187 2936 exsistens,
3222 2862 3395 2922 libero
3438 2881 3537 2920 suo

1962 2966 2187 3022 arbitrio
2228 2975 2282 3019 et
2328 2965 2605 3019 voluntate
2651 2962 2845 3028 fertur,
2877 2959 3174 3015 secundum
3213 2957 3357 3021 illos,
3390 2957 3533 3010 desi-

1961 3058 2111 3114 derio
2145 3067 2351 3111 tantum
2384 3056 2508 3109 boni
2542 3069 2607 3109 eo
2640 3059 2929 3123 provectus
2956 3061 3057 3111 cst,
3092 3058 3201 3104 uta
3238 3049 3398 3102 Patre
3430 3062 3538 3101 non

279 3133 553 3204 μηδεμίαν
596 3132 740 3204 ἔχειν
785 3132 923 3205 πρὸς
965 3133 1056 3187 τὸν
1106 3134 1327 3206 Πατέρα
1378 3135 1664 3206 διαφορὰν,
1717 3134 1853 3189 ἀλλὰ

1962 3150 2225 3215 differret,
2255 3150 2349 3204 sed
2374 3148 2627 3216 deinceps
2653 3146 2833 3199 dicere
2859 3152 3067 3213 posset,
3096 3160 3113 3194 t
3135 3141 3235 3208 Qui
3273 3141 3405 3194 vidit
3431 3156 3538 3203 me,

272 3223 464 3278 λοιπὸν
496 3223 754 3278 δύνασθαι
785 3223 999 3293 λέγειν’
1034 3242 1054 3276 ι
1096 3224 1154 3278 ὐ
1185 3224 1447 3297 ἑωρακὼς
1480 3227 1604 3294 ἐμὲ,
1644 3225 1858 3297 ἑώρακε

277 3314 371 3370 τὸν
407 3315 649 3387 Πατέρα,
686 3335 705 3369 ι
734 3315 888 3369 οὐδὲν
921 3316 979 3369 ὲν
1014 3314 1133 3387 Θεῷ
1164 3316 1306 3387 μέγα
1326 3354 1342 3381 ,
1374 3320 1422 3372 εἰ
1466 3318 1560 3370 καὶ
1600 3319 1710 3381 τοῖς
1736 3334 1863 3387 τρε-

279 3406 422 3479 πτὴν
466 3407 648 3478 ἔχουσι
702 3408 801 3480 τὴν
862 3407 1025 3478 φύσιν
1078 3408 1256 3475 ἔξεστι
1313 3409 1655 3480 βουλομένοις
1722 3406 1862 3463 εἶναι

278 3502 441 3556 τοῦτο
478 3501 621 3556 κατὰ
651 3501 816 3572 φύσιν
840 3540 857 3568 ,
886 3503 1024 3574 ὅπερ
1055 3502 1261 3566 ἐκεῖνός
1291 3505 1457 3556 ἐστιν.
1503 3504 1566 3555 El
1595 3503 1651 3556 δὲ
1685 3502 1863 3556 ἄϐατα

283 3593 565 3658 παντελῶς
606 3594 756 3647 ἐστιν
802 3594 968 3666 ἑτέρᾳ
992 3594 1152 3663 φύσει
1193 3595 1261 3648 τὰ
1303 3594 1405 3665 τῆς
1442 3594 1694 3666 θεότητος
1730 3594 1861 3658 ἴδια,

282 3686 462 3739 πάντα
506 3685 564 3738 δὲ
607 3684 783 3739 ταῦτα
820 3686 1066 3755 φυσικῶς
1111 3686 1169 3739 ὲν
1212 3685 1326 3757 Υἱῷ
1374 3684 1645 3753 φαίνεται,
1678 3685 1865 3755 ὅμοιος

283 3780 393 3848 ἄρα
428 3778 545 3831 ἐστὶ
573 3777 713 3831 κατὰ
738 3778 917 3831 πάντα
939 3778 1033 3831 τοῦ
1069 3778 1303 3849 Πατρός
1334 3778 1433 3831 οὐκ
1459 3777 1523 3831 ἔκ
1554 3794 1700 3841 τινος
1733 3795 1866 3849 προ-

287 3868 461 3937 κοπῆς
510 3866 543 3938 ἢ
588 3866 930 3931 ἀλλοιώσεως
958 3867 1058 3938 τῆς
1097 3870 1176 3931 είς
1211 3869 1273 3921 τὸ
1306 3868 1507 3936 ἀγαθὸν
1554 3870 1618 3922 ἐκ
1651 3868 1743 3922 τοῦ
1790 3869 1866 3941 μὴ

285 3960 528 4013 τοιούτου
570 3961 709 4032 ὅπερ
741 3960 890 4014 ἐστὶν
930 3961 1211 4031 ὑπάρχων,
1264 3960 1401 4014 ἀλλὰ
1438 3961 1641 4025 τέλειος
1685 3962 1751 4014 ὲκ
1780 3977 1868 4015 τε-

287 4051 453 4117 λείου,
499 4052 593 4105 καὶ
627 4050 895 4123 ἄτρεπτος
922 4051 983 4116 ἐξ
1010 4052 1283 4123 ἁτρέπτου
1327 4051 1538 4121 Πατρὸς
1565 4050 1864 4122 προελθών.

288 4142 414 4207 Πῶς
439 4144 547 4213 γὰρ
572 4144 633 4197 ού
662 4144 863 4209 τέλειος
907 4146 936 4198 ὁ
966 4144 1064 4214 οὐχ
1100 4144 1394 4215 ἁρπαγμὸν
1425 4145 1777 4215 ἡγησάμενος
1807 4144 1869 4196 τὸ

287 4230 432 4287 εἶναι
471 4234 559 4287 ἴσα
604 4234 754 4305 Θεῷ;
805 4235 929 4298 Πῶς
974 4235 1030 4288 δὲ
1072 4236 1173 4288 οὐκ
1216 4236 1483 4307 ἄτρεπτος
1522 4237 1550 4289 ὁ
1600 4235 1738 4306 μετὰ
1775 4234 1868 4288 τοῦ

290 4327 507 4400 Πατρδς
532 4326 590 4379 ἓν
615 4326 712 4394 ὢν,
741 4327 886 4381 καθὰ
916 4344 1081 4399 φησιν
1110 4327 1304 4394 αύτός;

964 4441 1170 4495 ΑΛΛΟ.

366 4556 429 4609 Εἰ
459 4557 525 4609 ὲκ
555 4553 651 4608 τοῦ
679 4553 894 4626 καρποῦ
930 4554 991 4607 τὸ
1038 4554 1252 4625 δένδρον
1281 4554 1632 4623 γινώσκεται,
1661 4557 1876 4628 καρπὸς

290 4650 352 4704 δὲ
383 4649 485 4720 τῆς
514 4649 609 4703 τοῦ
638 4649 850 4721 Πατρδς
879 4647 1067 4710 οὐσίας
1110 4649 1138 4701 ὁ
1168 4647 1225 4714 ἐξ
1261 4648 1425 4701 αὐτοῦ
1464 4649 1741 4721 προελθὼν
1771 4650 1876 4703 Λό-

294 4761 413 4811 γος,
448 4742 725 4796 τουτέστιν
757 4743 785 4795 6
822 4742 948 4805 Υἱός
968 4757 983 4771 ·
1015 4739 1048 4811 ἢ
1089 4738 1417 4794 ποιείτωσαν
1449 4742 1543 4794 καὶ
1570 4742 1631 4795 τὸ
1656 4741 1873 4813 δένδρον

297 4835 510 4909 σαπρὸν
528 4875 546 4902 ,
572 4834 812 4909 τρεπτῆς
849 4832 981 4886 αὐτὸ
1008 4831 1225 4901 φύσεως
1255 4826 1394 4886 εἶναι
1430 4832 1679 4901 λέγοντες
1710 4832 1874 4906 (οὕτω

295 4930 409 5002 γὰρ
439 4928 718 4998 βούλονται
754 4926 848 4980 τὸν
881 4923 1140 4998 καρπὸν),
1192 4925 1225 4997 ἦ
1262 4927 1309 4978 εἰ
1359 4923 1522 4979 καλὸν
1557 4924 1771 4979 ποιοῦσι
1810 4925 1871 4980 τὸ

294 5021 534 5093 δένδρον,
560 5016 802 5072 τοιοῦτον
846 5014 987 5071 εἶναι
1020 5016 1424 5070 πιστευέτωσαν
1458 5018 1551 5070 καὶ
1580 5016 1669 5069 τὸν
1697 5017 1754 5083 ἐξ
1780 5018 1875 5069 αὐ-

297 5114 394 5169 τοῦ
426 5110 757 5184 προελθόντα
783 5110 994 5183 καρπὸν
1013 5151 1028 5178 ,
1058 5110 1118 5163 ού
1151 5109 1251 5180 τῆς
1280 5109 1670 5181 ἀλλοιουμένης
1696 5150 1710 5175 ,
1740 5110 1879 5163 ἀλλὰ

300 5208 399 5279 τῆς
420 5206 694 5277 ἀτρέπτου
718 5202 933 5271 φύσεως
967 5199 1106 5258 εἶναι
1133 5202 1496 5273 λογιζόμενοι,
1530 5203 1670 5256 καθὰ
1697 5210 1790 5257 καὶ
1820 5203 1880 5256 τὸ

297 5300 538 5372 δένδρον.

978 5394 1182 5447 ΑΛΛΟ.

388 5504 691 5576 Ἐρωτῶντι
727 5505 979 5573 Φιλίππῳ
1025 5505 1121 5559 καὶ
1165 5502 1410 5574 λέγοντι·
1468 5523 1486 5555 ι
1528 5504 1710 5568 Δεῖξον
1753 5503 1884 5573 ἡμῖν

304 5594 399 5649 τὸν
449 5596 707 5667 Πατέρα,
758 5615 777 5647 ι
825 5595 1061 5667 Χριστὸς
1115 5595 1503 5666 ἀποκρίνεται·
1569 5613 1589 5646 ι
1632 5593 1887 5665 Τοσούτῳ

378 5756 421 5789 ’⁸
446 5752 604 5811 Joau.
639 5771 753 5824 XIV,
784 5756 835 5812 9.
915 5753 1118 5811 "Joan.
1150 5771 1206 5820 ι,
1238 5754 1328 5813 30.
1410 5757 1452 5789 ³⁷
1505 5753 1737 5825 Philipp.
1766 5769 1824 5820 ll,
1853 5752 1906 5808 6.

1964 3244 2099 3299 vidit
2129 3249 2183 3297 et
2219 3241 2434 3295 Patrem
2475 3279 2491 3306 ,
2526 3256 2545 3289 ι
2578 3235 2710 3291 nihil
2754 3236 2806 3289 in
2840 3250 2905 3289 eo
2936 3234 3114 3303 magni
3168 3247 3235 3287 ac
3296 3230 3538 3301 praeclari

1962 3345 2069 3401 est,
2096 3335 2141 3390 si
2167 3334 2329 3390 etiam
2367 3332 2434 3386 iis
2467 3331 2560 3401 qui
2592 3327 2867 3382 mutabilis
2893 3335 3100 3380 naturae
3123 3332 3249 3379 sunt
3274 3324 3541 3389 integrum

1963 3434 2070 3494 est,
2100 3439 2223 3480 cum
2254 3421 2443 3485 velint,
2474 3420 2616 3476 idem
2649 3427 2844 3471 natura
2882 3416 2997 3470 ﬁcri
3041 3414 3183 3484 quod
3215 3413 3300 3467 ille
3328 3423 3431 3467 est.
3473 3413 3544 3463 At

1964 3530 2095 3571 vero
2115 3514 2161 3570 si
2185 3529 2303 3584 qua:
2326 3511 2511 3567 deitati
2542 3518 2667 3566 sunt
2689 3510 2930 3580 propria,
2958 3506 3116 3561 alteri
3140 3505 3313 3560 cuivis
3338 3511 3543 3558 natura:

1966 3607 2243 3663 inaccessa
2280 3618 2505 3677 prorsus
2535 3610 2661 3657 sunt
2692 3617 2707 3657 :
2734 3600 2918 3653 omnia
2957 3609 3137 3653 autem
3176 3598 3293 3652 haec
3325 3605 3546 3649 natura-

1967 3701 2091 3756 liter
2122 3700 2175 3755 in
2207 3697 2345 3753 Filio
2380 3704 2674 3766 apparent;
2709 3692 2903 3748 similis
2929 3692 3108 3758 itaque
3137 3699 3219 3743 est
3245 3702 3338 3757 per
3363 3686 3542 3741 omnia

1968 3793 2113 3849 Patri
2148 3810 2163 3847 :
2202 3805 2307 3847 non
2334 3805 2400 3845 ex
2431 3789 2608 3856 aliqua
2643 3782 3021 3855 pregressione
3069 3782 3183 3836 sive
3203 3778 3546 3848 promotione

1970 3884 2394 3951 alterationeque
2425 3881 2478 3935 in
2510 3879 2711 3934 bonum
2747 3892 2813 3930 ex
2858 3888 2923 3929 eo
2958 3873 3100 3942 quod
3146 3886 3249 3925 non
3283 3876 3419 3934 erat,
3452 3871 3545 3922 sed

1969 3976 2239 4049 perfectus
2264 3988 2330 4029 ex
2354 3973 2613 4043 perfecto,
2651 3977 2707 4024 et
2740 3965 3095 4022 immutabilis
3130 3977 3195 4018 ex
3224 3959 3545 4015 immutabili

1969 4068 2134 4127 Patre
2156 4066 2474 4138 procedens.
2511 4062 2790 4130 Quomodo
2822 4059 2967 4114 enim
2998 4071 3104 4111 non
3155 4055 3227 4112 sit
3252 4053 3546 4124 perfectus,

1971 4159 2062 4230 qui
2100 4174 2206 4212 non
2242 4157 2483 4226 rapinam
2538 4154 2837 4207 arbitratus
2881 4158 2965 4205 est
3012 4162 3133 4203 esse
3180 4161 3239 4201 se
3286 4144 3545 4214 :equalew

1974 4252 2083 4307 Deo
2110 4249 2195 4303 '7?
2222 4249 2329 4302 Aut
2359 4245 2628 4316 quomodo
2662 4259 2765 4298 non
2787 4243 2859 4298 sit
2889 4238 3267 4303 immutabilis,
3297 4237 3389 4307 qui
3421 4250 3544 4290 cum

1974 4343 2134 4399 Patre
2160 4355 2322 4395 unum
2357 4348 2461 4403 est,
2494 4346 2552 4391 ut
2583 4338 2696 4403 ipse
2729 4334 2895 4390 dicit?

2658 4446 2886 4503 ALIUD.

2053 4564 2110 4620 Si
2145 4579 2211 4618 ex
2244 4564 2420 4618 fructu
2450 4565 2613 4617 arbor
2646 4560 2991 4631 cognoscitur
3016 4559 3086 4624 ’⁸,
3123 4558 3332 4613 fructus
3373 4565 3553 4611 autem

1978 4657 2232 4712 essentite
2263 4655 2438 4709 Patris
2465 4662 2546 4708 est
2577 4652 2876 4723 procedens
2902 4666 2966 4705 ex
3003 4650 3119 4719 ipso
3154 4649 3410 4709 Verbum,
3457 4648 3559 4701 hoc

1978 4756 2082 4811 est,
2108 4746 2277 4801 Filius
2306 4764 2319 4799 :
2348 4756 2441 4800 aut
2464 4746 2712 4799 arborem
2751 4752 2962 4813 putrem
2997 4757 3117 4796 esse
3142 4748 3405 4802 statuant,
3444 4755 3560 4791 mu-

1980 4837 2159 4891 tabilis
2194 4836 2339 4889 illam
2372 4844 2577 4888 naturae
2606 4849 2726 4888 esse
2776 4833 3016 4886 dicentes
3060 4829 3175 4900 (ita
3208 4829 3351 4883 enim
3375 4826 3564 4879 volunt

1978 4928 2212 4983 fructum
2249 4925 2433 4998 esse),
2470 4935 2562 4979 aut
2586 4926 2631 4978 si
2666 4926 2861 4980 bonam
2892 4925 3143 4977 arborem
3168 4934 3289 4974 esse
3315 4926 3561 4978 censent,

1984 5022 2144 5076 talem
2176 5022 2339 5076 etiam
2369 5035 2487 5075 esse
2520 5020 2741 5074 credant
2768 5018 3000 5071 fructum
3035 5015 3126 5083 qui
3157 5029 3222 5065 ex
3254 5026 3316 5064 ea
3347 5007 3563 5077 profer-

1985 5125 2117 5170 tur:
2165 5131 2270 5169 non
2319 5115 2632 5175 immutatae,
2666 5112 2759 5166 sed
2808 5107 3160 5163 immutabilis
3199 5114 3405 5159 natura:
3446 5118 3569 5159 esse

1988 5215 2294 5271 censentes,
2321 5205 2460 5259 sicut
2487 5203 2736 5259 arborem
2766 5203 2958 5273 ipsam.

2674 5376 2900 5432 ALIUD.

2066 5496 2417 5567 Intcrroganti
2472 5493 2716 5563 Philippo
2747 5502 2801 5547 et
2832 5490 3050 5557 dicenti,
3090 5506 3107 5540 ι
3134 5487 3368 5546 Ostende
3416 5484 3571 5538 nobis

1995 5592 2242 5655 Patrem,
2284 5610 2301 5643 ι
2348 5590 2595 5645 Christus
2644 5589 2930 5658 respondet
2975 5605 2986 5640 :
3038 5605 3057 5639 ι
3112 5583 3286 5639 Tanto
3330 5588 3572 5647 tempore

1989 5754 2031 5785 ³⁸
2058 5749 2187 5807 Luc.
2214 5767 2286 5817 γι,
2330 5751 2405 5804 Η.
