4072 6548
520 353 625 406 2H

1516 356 1575 412 S.
1614 357 1892 415 CYRILLI
1932 359 2399 418 ALEXANDRINI
2441 364 2757 424 ARCIIIEP.

3680 366 3814 420 ειεε

516 473 799 530 vobiscum
853 489 994 540 sum,
1047 484 1102 530 et
1151 489 1256 530 non
1309 477 1606 545 cognovisti
1657 495 1764 547 me,
1819 481 2099 552 Philippe?

2205 485 2382 556 χρόνῳ
2413 485 2533 556 μεθ’
2558 486 2710 555 ὑμῶν
2738 488 2872 556 ειμι,
2901 502 2994 540 και
3017 506 3116 542 ουκ
3138 490 3384 558 ἔγνωκας
3410 501 3502 556 με,
3523 484 3808 551 Φίλιππες

516 562 619 626 Qui
657 563 788 616 vidit
819 578 904 616 nte
960 564 1093 619 vidit
1121 576 1175 620 et
1205 566 1418 622 Patrem
1449 570 1514 620 ".
1549 588 1569 621 ι
1610 568 1668 624 Si
1703 561 1833 641 ergo
1869 571 2104 640 cognitio

518 647 641 705 Filii
675 660 758 706 est
795 655 1032 723 cognitio
1076 654 1275 719 Patris,
1319 661 1684 715 necessarium
1735 661 1892 730 plane
1933 672 2016 717 est
2047 675 2105 718 ut

522 741 684 796 talem
713 746 997 802 credamus
1025 761 1149 803 esse
1177 749 1392 815 Filium,
1422 752 1596 820 qualis
1623 762 1708 808 est
1739 753 1920 809 Pater.
1950 755 2100 822 Quod

520 835 563 888 si
594 835 667 889 ita
699 844 804 903 est,
830 836 1182 895 immutabilis
1207 852 1385 896 autem
1415 842 1591 908 Pater,
1624 845 1729 900 erit
1757 845 1860 901 hoc
1881 848 2106 902 omnino

520 934 576 979 et
606 924 796 981 Filius.
828 925 908 983 lta
937 929 1080 983 enim
1118 931 1176 985 in
1198 931 1314 1002 ipso
1345 935 1688 1003 cognoscitur
1713 945 1766 991 et
1793 947 2035 1007 apparet.

485 1117 497 1184 ἕ
531 1122 846 1201 Τεειὶριοῃὶα
881 1143 1045 1182 sacra'
1071 1129 1412 1201 Scriptum,
1456 1133 1592 1201 quod
1639 1134 1982 1186 immutabilis
2034 1135 2101 1188 sit

670 1193 845 1252 Filius
896 1210 943 1251 et
971 1214 1036 1252 ea:
1061 1200 1128 1252 iis
1152 1193 1483 1270 syllogismus
1511 1205 1690 1256 eodem
1717 1205 1998 1270 pertinens.

579 1366 800 1432 Paulus
827 1378 946 1433 ait:
983 1396 1001 1429 ι
1031 1377 1192 1434 Jesus
1235 1378 1483 1434 Christus
1523 1380 1638 1435 heri
1670 1389 1726 1436 et
1771 1381 1950 1445 hodie,
1991 1380 2106 1449 ipse

530 1487 750 1542 quoque
782 1474 836 1528 in
866 1473 1064 1528 saecula
1100 1474 1167 1526 ³ο.
1208 1491 1226 1525 ι
1268 1473 1556 1528 Psalmista
1594 1492 1606 1528 :
1648 1492 1666 1525 ι
1705 1473 1784 1529 Tu
1819 1475 1886 1528 ab
1921 1474 2098 1540 initio,

524 1562 772 1630 Domine,
811 1571 1015 1618 terram
1042 1563 1302 1628 fundasti,
1333 1572 1386 1618 et
1413 1578 1574 1633 opera
1600 1579 1856 1618 manuum
1885 1571 2098 1618 tuarum

485 1639 651 1709 ‘sunt
700 1655 856 1720 cmli;
913 1656 1013 1724 ipsi
1059 1656 1332 1725 peribunt,
1381 1666 1437 1710 tu
1477 1664 1657 1709 autem
1706 1668 1992 1723 permanes
2048 1662 2104 1707 et

524 1761 714 1800 omnes
767 1748 920 1815 quasi
973 1747 1361 1801 vestimentum
1413 1755 1794 1810 veterascent;
1858 1753 1915 1798 et
1961 1744 2099 1798 sicut

486 1836 860 1905 opertorium
891 1836 1127 1891 mutabis
1178 1850 1274 1890 eos
1327 1845 1383 1890 et
1433 1835 1805 1900 mutabuntur,
1852 1834 2010 1903 127
2045 1843 2098 1888 tu
2132 1825 2175 1880 Β

480 1911 490 1995 ’ξ
520 1938 700 1982 autem
733 1928 872 1982 idem
912 1927 1024 1996 ipse
1057 1941 1118 1982 es
1140 1935 1196 1982 et
1236 1928 1364 1980 anni
1415 1927 1489 1980 tui
1545 1941 1650 1980 non
1690 1925 1944 1981 deﬁcient
1970 1925 2037 1976 ³¹.
2072 1941 2093 1976 ι

486 2013 489 2016 ’
521 2021 786 2075 Servator
810 2019 930 2090 ipse
959 2020 1024 2075 de
1056 2035 1152 2075 se:
1187 2038 1206 2071 ι
1247 2018 1441 2074 Videte
1471 2033 1578 2085 me,
1611 2018 1790 2073 videte
1844 2018 1970 2087 quia
1997 2032 2098 2086 ego

520 2120 743 2174 suimet
787 2127 894 2166 non
935 2098 1186 2165 mutor“
1220 2129 1233 2165 :
1278 2129 1296 2163 ι
1326 2112 1393 2164 Ει
1437 2109 1704 2166 Jeremias
1749 2125 1764 2164 :
1811 2129 1830 2161 ι
1872 2109 2009 2176 Quia
2043 2117 2097 2162 ttt

521 2202 768 2257 insidens
816 2201 1095 2267 saeculum,
1151 2209 1208 2255 et
1235 2215 1333 2255 nos
1366 2201 1654 2270 perdentes
1681 2197 1937 2254 saeculum
1967 2197 2032 2250 ³³.
2072 2215 2092 2248 ι

489 2293 639 2348 .lllic
678 2293 822 2349 enim
860 2292 1208 2347 stabilitatem
1275 2301 1439 2360 atque
1476 2290 1972 2345 immutabilitatem
2015 2288 2098 2342 di-

520 2387 662 2438 vinm
699 2392 926 2449 naturaa,
963 2383 1218 2452 quodque
1241 2396 1458 2452 semper
1485 2383 1674 2436 eodem
1721 2381 1881 2436 modo
1907 2395 1966 2436 se
2002 2380 2097 2434 ha-

519 2476 647 2530 bent
675 2475 990 2544 signiﬁcans
1016 2477 1298 2544 propheta,
1331 2475 1461 2529 dicit
1504 2491 1520 2528 :
1550 2493 1568 2526 ι
1605 2472 1684 2527 Tu
1722 2473 1962 2529 insidens
1992 2487 2096 2526 saa-

521 2566 741 2631 culum;
777 2584 798 2618 ι
827 2574 1204 2626 creaturarum
1238 2578 1365 2618 vero
1388 2563 1442 2617 in
1468 2561 1617 2618 omni
1644 2573 1886 2632 tempore
1912 2571 2095 2616 muta-

524 2658 727 2713 tionem
764 2655 1100 2728 signilicans,
1137 2654 1301 2709 infert
1335 2672 1349 2710 :
1388 2672 1406 2705 ι
1434 2653 1546 2709 Nos
1582 2663 1766 2709 autem
1810 2653 2098 2722 perdentes

517 2747 799 2804 smculum.
836 2765 856 2800 ι
896 2746 953 2801 Si
989 2761 1120 2817 ergo
1142 2761 1298 2801 sacra
1345 2744 1628 2815 Scriptura
1677 2744 1946 2800 creaturis
1976 2753 2096 2796 tan-

519 2850 633 2896 tum
659 2841 1036 2905 mutationem,
1058 2838 1434 2894 alterationem
1448 2848 1503 2892 et
1519 2838 1800 2891 interitqu
1828 2834 2096 2904 agnoscit,

519 2931 667 2986 etab
707 2931 898 2984 horum
933 2929 1196 2984 societate
1224 2925 1424 2982 Filium
1456 2925 1669 2989 eximit,
1705 2926 1932 2980 dicens:
1969 2942 1987 2975 ι
2018 2922 2096 2977 Tu

515 3031 696 3077 autem
730 3020 870 3075 idem
905 3020 1020 3089 ipse
1056 3033 1115 3073 es
1147 3036 1160 3072 :
1197 3036 1216 3070 ›
1252 3032 1357 3072 non
1394 3016 1558 3088 igitur
1585 3015 1860 3071 mutabilis
1891 3026 2099 3070 naturae

2221 577 2277 629 '0
2308 576 2567 648 ἑωρακὼς
2623 579 2722 646 ἐμὲ
2765 577 2978 648 ἑώρακε
3003 579 3095 633 τὸν
3124 579 3363 651 Πατέρα.
3395 597 3414 628 ι
3446 579 3508 631 Εἰ
3535 577 3720 630 τοίνυν
3760 578 3801 645 ἡ

2206 667 2336 739 περὶ
2385 667 2480 721 τοῦ
2526 669 2654 722 Υἱοῦ
2704 670 2937 737 γνῶσις,
2987 670 3188 740 γνῶσίς
3239 671 3356 724 ἐστι
3404 669 3500 722 τοῦ
3549 669 3801 740 Πατρὸς,

2206 761 2419 831 ἀνάγκη
2463 763 2611 814 πᾶσα
2652 761 2892 815 τοιοῦτον
2951 759 3089 817 εἶναι
3153 762 3431 816 πιστεύειν
3479 760 3573 814 τὸν
3628 760 3799 822 Υἰὸν,

2206 854 2388 918 ὁποῖός
2428 855 2574 908 ἐστιν
2613 857 2641 907 6
2677 856 2886 926 Πατήρ.
2934 857 2998 910 El
3036 856 3093 908 δὲ
3140 855 3316 920 τοῦτο,
3361 855 3633 925 ἄτρεπτος
3663 853 3725 905 δὲ
3765 855 3800 905 6

2205 944 2415 1016 Πατὴρ,
2462 945 2612 998 ἔσται
2655 945 2812 999 τοῦτο
2859 947 3076 1010 πάντως
3111 948 3204 1001 καὶ
3241 948 3270 999 6
3300 946 3448 1008 Υἱός.
3488 945 3648 998 Οὕτω
3681 943 3800 1015 γὰρ

2207 1035 2274 1088 ἂν
2297 1037 2356 1088 ὲν
2384 1036 2532 1106 αὐτῷ
2554 1037 2822 1109 γνωσθείη
2852 1038 2947 1091 καὶ
2970 1039 3234 1106 φαίνοιτο.

2205 1151 2530 1222 Μαρτυρίαι
2556 1150 2671 1222 duo
2697 1151 2808 1220 τῆς
2836 1151 3101 1222 Γραφῆς,
3125 1153 3212 1206 ὅτι
3237 1153 3531 1222 ἄτρεπτος
3561 1152 3596 1203 ὁ
3623 1148 3793 1222 Υἱὸς,

2275 1219 2373 1272 καὶ
2400 1219 2475 1283 ἐξ
2507 1218 2707 1274 αὐτῶν
2731 1218 3149 1294 συλλογισμὸς
3179 1225 3267 1288 εἰς
3304 1218 3481 1279 τοῦτο
3516 1219 3796 1288 περιτρέ-

2275 1303 2424 1342 πων.

2285 1402 2345 1455 '0
2390 1402 2597 1466 Παῦλος
2635 1417 2808 1473 Αεγειο
2845 1423 2862 1457 ι
2903 1405 3111 1475 Ἰησοῦς
3142 1405 3376 1478 Χριστος
3412 1404 3538 1474 χθὲς
3567 1402 3663 1456 καὶ
3693 1404 3798 1471 σήο

2208 1510 2392 1564 μερον,
2428 1496 2455 1548 6
2480 1495 2642 1559 αὐτὸς
2684 1498 2778 1549 καὶ
2812 1498 2891 1561 εἰς
2918 1498 3046 1560 τοὺς
3075 1497 3300 1560 αἰῶνας.
3330 1517 3348 1547 ι
3375 1496 3432 1548 'U
3454 1493 3791 1563 Ψαὶμῳδὸς⁹

2211 1602 2230 1634 ι
2269 1584 2341 1636 Σὺ
2375 1585 2690 1655 καταρχὰς,
2741 1587 2913 1657 Κύριε
2933 1629 2947 1650 ,
2980 1588 3080 1658 τὴν
3110 1589 3212 1657 γῆν
3245 1585 3614 1657 ἐθεμελίωσας
3635 1624 3651 1647 ,
3681 1581 3793 1636 καὶ

2203 1674 2339 1744 ἔργα
2378 1675 2485 1728 τῶν
2515 1677 2715 1747 χειρῶν
2750 1677 2842 1731 σού
2888 1679 3023 1730 εἰσιν
3055 1679 3104 1730 οἱ
3155 1676 3407 1748 οὐρανοί·
3442 1675 3595 1728 αὐτοὶ
3640 1676 3791 1727 ἀπο-

2203 1767 2439 1831 λοῦνται,
2492 1769 2556 1821 σὺ
2599 1769 2655 1821 δὲ
2701 1768 3011 1838 διαμένεις·
3056 1768 3152 1821 καὶ
3204 1768 3401 1829 πάντες
3451 1767 3527 1828 ὠς
3566 1765 3790 1836 ἱμάτιον

2205 1858 2708 1929 παλαιωθήσονται*
2724 1859 2817 1911 καὶ
2841 1857 2973 1910 ὡσεὶ
2997 1875 3061 1909 πε
3071 1857 3339 1928 ριϐόλαιον
3360 1856 3553 1919 ἑλίξεις
3581 1855 3792 1917 αὐτοὺς

2205 1950 2299 2002 καὶ
2335 1947 2756 2020 ἀλλαγήσονται,
2794 1949 2857 2001 σὺ
2885 1949 2941 2001 δὲ
2970 1949 2998 2000 6
3028 1949 3190 2012 αὐτὸς
3219 1946 3297 2011 εἷ,
3333 1948 3426 2000 καὶ
3461 1949 3530 2001 τὰ
3553 1947 3651 2016 ἔτη
3686 1964 3787 1999 σου

2204 2040 2304 2092 οὐκ
2346 2039 2707 2109 ἐκλείψουσιν.
2744 2059 2761 2091 ι
2812 2041 2870 2092 '0
2901 2039 3088 2111 Σωτὴρ
3121 2041 3250 2109 περὶ
3295 2038 3516 2092 έαυτοῦ’
3561 2057 3579 2089 ι
3610 2038 3787 2092 Ἴδετέ

2209 2146 2296 2201 με,
2327 2131 2464 2183 ἴδετε
2495 2130 2575 2183 ὅτι
2605 2129 2716 2199 ἐγώ
2741 2132 2878 2200 εἰμι.
2911 2130 3005 2182 καὶ
3025 2130 3125 2182 οὐκ
3159 2129 3481 2199 ἠλλοίωμαι.
3524 2148 3542 2180 ι
3565 2130 3622 2182 ’0
3676 2129 3785 2181 Ἱε-

2206 2222 2400 2292 ρεμίας
2422 2238 2436 2254 ο
2473 2223 2630 2276 «Ὅτι
2663 2223 2726 2275 σὺ
2757 2221 3068 2292 καθήμενος
3113 2223 3204 2274 τὸν
3250 2221 3440 2286 αἰῶνα,
3486 2223 3581 2274 καὶ
3617 2222 3784 2290 ἡμεῖς

2203 2311 2565 2382 ἀπολλύμενοι
2584 2314 2673 2367 τὸν
2706 2313 2896 2368 αἰῶνα.
2929 2332 2946 2364 ι
2967 2313 3232 2366 Ἐνταῦθα
3261 2314 3369 2384 γὰρ
3405 2313 3464 2366 τὸ
3495 2312 3783 2382 ἱδρυμένον

2204 2405 2297 2457 καὶ
2325 2404 2680 2475 ἀμετάθετον,
2712 2405 2805 2458 καὶ
2830 2405 2916 2457 ἀεὶ
2940 2404 3204 2468 ὡσαύτως
3227 2404 3348 2474 ἔχον
3377 2404 3477 2473 τῆς
3507 2403 3654 2466 θείας
3683 2404 3784 2472 φύε

2205 2511 2342 2558 σεως
2388 2497 2416 2548 6
2445 2497 2731 2566 προφήτης
2778 2496 3058 2566 σημαίνων
3092 2496 3261 2565 φησί·
3313 2514 3332 2547 ι
3367 2496 3437 2548 Σὺ
3471 2493 3784 2564 καθήμενος

2203 2584 2292 2638 τὸν
2332 2583 2537 2638 αἰῶνα·
2578 2605 2597 2637 ι
2640 2585 2738 2656 τὴν
2795 2586 2852 2638 δὲ
2892 2587 2951 2638 ὲν
2993 2586 3157 2639 παντὶ
3199 2586 3375 2656 χρόνῳ
3401 2585 3508 2638 τῶν
3533 2584 3785 2655 γενητῶν

2208 2675 2510 2746 μεταϐολὴν
2581 2675 2941 2746 ἐξηγούμενος
2965 2717 2979 2741 ,
3045 2676 3297 2746 ἐπιφέρει
3320 2693 3333 2705 ·
3384 2694 3402 2726 ι
3441 2676 3551 2728 Καὶ
3584 2730 3586 2732 _
3617 2677 3787 2744 ἡμεῖς

2205 2761 2570 2832 ἀπολλύμενοι
2599 2763 2691 2816 τὸν
2721 2763 2911 2818 αἰῶνα.
2947 2783 2966 2815 ι
2997 2764 3060 2816 El
3093 2765 3272 2817 τοίνυν
3306 2765 3400 2817 ἐπὶ
3432 2763 3530 2834 μὲν
3555 2763 3662 2817 τῶν
3689 2781 3789 2832 γε-

2204 2853 2382 2923 νητῶν
2415 2855 2647 2924 τροπὴν,
2694 2856 2788 2908 καὶ
2831 2855 3136 2921 ἀλλοίωσιν,
3184 2856 3280 2910 καὶ
3327 2857 3638 2919 ἀπώλειαν,
3683 2856 3787 2910 καὶ

2204 2945 2505 3015 ἐξαλλαγὴν
2539 2947 2570 3016 ἡ
2617 2946 2736 3000 θεία
2778 2948 3012 3012 λέγουσα
3057 2948 3268 3018 Γραφὴ,
3299 2949 3399 3018 τῆς
3433 2949 3569 3019 πρὸς
3605 2947 3789 3002 ταῦτα

2204 3037 2488 3099 κοινωνίας
2522 3037 2807 3108 ύπεξαιρεϊ
2851 3037 2942 3091 τὸν
2987 3039 3134 3105 Υἱὸν,
3171 3057 3189 3088 ι
3223 3040 3294 3092 Σὺ
3323 3038 3382 3092 δὲ
3407 3040 3433 3090 ὁ
3457 3039 3616 3102 αὐτὸς
3645 3035 3718 3104 εἷ,
3758 3057 3783 3090 ι

516 3115 817 3185 est.Nequc
849 3115 992 3171 enim
1023 3112 1164 3168 idem
1193 3112 1290 3177 sit,
1315 3111 1360 3166 si
1397 3111 1450 3169 in
1473 3110 1620 3165 aliud
1638 3108 1910 3166 uuiduiam
1935 3124 2095 3164 ruant

2204 3125 2468 3195 λέγουσα,
2495 3127 2594 3180 οὐκ
2621 3127 2728 3197 ἀρα
2783 3129 3027 3200 τρεπτῆς
3055 3129 3269 3200 φύσεώς
3301 3131 3468 3186 ἐστιν.
3506 3131 3640 3185 Οὐδὲ
3668 3133 3790 3202 γὰρ

515 3217 600 3264 est
625 3207 821 3262 mutari
858 3216 1062 3264 posset.

1207 3405 1436 3465 LLIUD.

592 3521 652 3576 Si
682 3522 982 3576 secundum
1007 3527 1256 3574 naturam
1281 3516 1639 3573 immutabilis
1664 3526 1876 3571 nonest
1906 3514 2098 3581 Filius,

517 3613 620 3669 sed
647 3613 902 3667 accidens
929 3612 977 3666 ei
1011 3619 1115 3675 est,
1147 3620 1210 3664 ut
1238 3611 1309 3666 sit
1344 3609 1398 3665 id
1427 3608 1571 3678 quod
1603 3619 1711 3673 est,
1741 3608 2100 3662 adscitiliam-

519 3719 629 3774 que
657 3705 822 3758 habet
854 3717 974 3758 cum
1023 3702 1187 3757 Patre
1221 3700 1632 3757 similitudinem
1669 3717 1683 3753 :
1720 3699 1901 3767 aliquo
1934 3697 2099 3768 igitur

519 3805 765 3864 tempore
793 3792 1198 3862 fueritquidem
1238 3791 1429 3855 Filius,
1469 3790 1564 3845 sed
1600 3785 1884 3845 dissimilis
1908 3787 2098 3843 Patri?

517 3889 588 3944 At
612 3886 883 3957 quomodo
911 3885 1079 3940 Filius
1110 3885 1320 3940 censeri
1350 3891 1556 3954 posset,
1592 3897 1752 3953 quem
1786 3897 1892 3936 non
1939 3889 2097 3934 natu-

518 3979 648 4034 ralis
690 3978 986 4034 similitudo
1015 3992 1136 4033 eum
1164 3991 1286 4032 esse
1325 3974 1608 4032 declarat?
1636 3975 1744 4028 Aut
1787 3989 1894 4042 quo
1935 3983 2098 4041 pacto

516 4073 674 4131 l‘trma
711 4086 776 4126 ac
805 4069 1017 4125 stabilis
1051 4069 1332 4125 beatitudo
1365 4068 1420 4122 in
1457 4066 1549 4121 illo
1594 4066 1720 4129 erit.
1748 4064 1839 4133 qui
1880 4078 1977 4133 per
2004 4079 2098 4119 ac-

516 4165 704 4219 cidens
727 4178 844 4218 eam
880 4161 1086 4217 habet?
1120 4161 1258 4216 Nam
1293 4161 1338 4215 si
1370 4159 1447 4215 illi
1482 4158 1704 4224 accidit,
1729 4165 1905 4226 potest
1929 4154 2096 4210 etiam

515 4269 626 4308 non
665 4253 935 4308 accidere.
982 4251 1038 4306 Si
1087 4265 1215 4306 vero
1266 4265 1424 4306 sacra
1470 4249 1752 4317 Scriptura
1791 4247 1987 4303 Filium
2041 4246 2093 4300 in

517 4347 797 4401 identitate
821 4358 1039 4398 manere
1069 4344 1225 4408 dicit,
1259 4343 1441 4398 omnia
1474 4357 1593 4410 qua:
1631 4341 1934 4398 divinitatis
1967 4355 2093 4410 pru-

511 4437 632 4506 pria
663 4443 808 4500 sunt,
837 4433 1156 4489 naturaliter
1186 4433 1243 4487 in
1282 4433 1400 4500 ipso
1430 4431 1703 4485 exsistunt
1735 4447 1748 4484 :
1783 4429 1958 4484 aliena
1994 4444 2093 4484 au-

2201 3216 2266 3273 ἂν
2295 3219 2324 3270 6
2349 3218 2513 3281 αὐτὸς
2545 3218 2632 3289 εἴη
2657 3257 2672 3281 ,
2717 3220 2804 3289 ἐφ’
2835 3221 3020 3294 ἕτερόν
3053 3239 3104 3277 τι
3137 3225 3266 3294 παρ’
3291 3224 3430 3294 ὅπερ
3469 3223 3584 3276 ἐστὶ
3613 3239 3794 3293 μετα.

2199 3308 2499 3380 τρέπεσθαι
2527 3309 2847 3382 δυνάμενος.

2879 3427 3087 3480 AAAO.

2269 3534 2331 3586 Εἰ
2365 3533 2506 3587 κατά
2537 3534 2697 3604 φύσιν
2727 3535 2826 3589 οὐκ
2855 3534 3005 3589 ἐστιν
3034 3536 3301 3606 ἄτρεπτος
3332 3537 3360 3590 ὁ
3393 3535 3541 3600 Υἱὸς,
3577 3537 3780 3609 συνέϐη

2196 3624 2254 3678 δὲ
2297 3625 2445 3696 αύτῷ
2476 3625 2537 3678 τὸ
2571 3621 2712 3692 εἶναι
2757 3624 2916 3678 τοῦτο
2963 3627 3101 3696 ὅπερ
3151 3627 3287 3692 ἐστὶ,
3330 3627 3422 3679 καὶ
3483 3627 3780 3697 ἐπίκτητον

2198 3718 2309 3788 ἔχει
2342 3719 2439 3788 τὴν
2471 3717 2606 3788 πρὸς
2633 3718 2725 3770 τὸν
2761 3718 2981 3787 Πατέρα
3007 3717 3319 3788 ὁμοιότητα,
3350 3713 3419 3786 ἦν
3450 3718 3556 3788 ἀρα
3580 3721 3774 3788 χρόνος

2195 3810 2284 3862 ὅτε
2311 3804 2378 3879 ἦν
2421 3809 2519 3878 μὲν
2544 3811 2572 3861 6
2600 3808 2750 3874 Υἱὸς,
2787 3809 3038 3878 ἀνόμοιος
3068 3808 3124 3860 δὲ
3154 3807 3232 3878 τῷ
3259 3808 3432 3877 Πατρί
3455 3825 3468 3873 ;
3518 3810 3628 3861 Καὶ
3659 3811 3777 3871 πὼς

2197 3903 2325 3966 Υἱὸς
2357 3902 2438 3956 ἔτι
2465 3902 2788 3973 νοηθήσεται
2815 3903 2844 3955 6
2876 3901 2951 3972 μὴ
2982 3903 3046 3954 ἐκ
3086 3901 3187 3972 τῆς
3219 3901 3360 3954 κατὰ
3399 3901 3563 3970 φύσιν
3599 3901 3778 3972 ὁμοιόα

2194 4011 2356 4064 τητος
2403 3993 2885 4065 μαρτυρούμενοςς
2918 3995 2987 4046 Ἦ
3020 3994 3138 4058 πῶς
3163 3996 3220 4048 ἐν
3245 3993 3446 4064 βεϐαίῳ
3471 3997 3569 4065 τῆς
3597 4012 3776 4070 μακα-

2197 4087 2442 4159 ριότητος
2472 4087 2750 4157 στήσεται,
2778 4088 2807 4139 6
2832 4085 3274 4157 ἐπισυμϐεϐηκὸς
3312 4085 3470 4140 τοῦτο
3496 4086 3667 4156 ἔχωνς
3710 4087 3776 4142 Εἰ

2195 4179 2301 4250 γὰρ
2333 4178 2553 4248 συνέϐη,
2579 4178 2673 4231 καὶ
2702 4177 3086 4246 ἀποσυμόἦναι
3114 4177 3270 4229 τοῦτο
3296 4177 3602 4247 δυνήσεται.
3631 4176 3691 4227 Εἰ
3716 4175 3774 4227 δὲ

2197 4273 2255 4324 ὲν
2286 4269 2574 4342 ταυτότητι
2623 4271 2809 4336 μένειν
2843 4268 2933 4321 τὸν
2960 4267 3089 4322 Υἱον
3137 4270 3168 4338 ἡ
3219 4267 3337 4322 θεία
3370 4268 3520 4335 λέγει
3557 4267 3774 4336 Γραρὴ,

2195 4363 2373 4414 πάντα
2407 4362 2463 4412 ὲν
2508 4358 2657 4429 αὐτῷ
2690 4358 2832 4412 κατά
2884 4358 3046 4426 φύσιν
3089 4358 3206 4410 ἐστὶ
3257 4357 3326 4410 τὰ
3373 4357 3472 4427 τῆς
3521 4356 3777 4424 θεότητος

2197 4451 2334 4517 ῐδια,
2367 4451 2646 4522 ἀλλότριον
2682 4451 2738 4504 δὲ
2770 4451 2976 4522 ταύτης
3020 4453 3052 4522 ἡ
3103 4450 3313 4522 τροπὴ,
3361 4451 3629 4521 ἄτρεπτος
3665 4449 3776 4517 ἄρα

518 4538 623 4582 lcm
655 4538 740 4583 est
769 4542 796 4579 a
825 4525 1032 4580 deitate
1064 4523 1321 4590 mutatio;
1357 4522 1677 4580 mutationis
1708 4522 1889 4592 itaque
1920 4530 1971 4576 et
2010 4521 2090 4575 al-

2201 4543 2311 4596 ὲστὶ
2344 4542 2438 4596 καὶ
2471 4517 2850 4606 ἀναλλοίωτος.

513 4619 798 4676 terationis
823 4631 1015 4687 expers
1046 4624 1148 4670 est.

1178 4729 1408 4786 ALIUD.

582 4846 638 4900 Id
671 4844 815 4914 quod
847 4846 1042 4900 mutari
1080 4853 1135 4900 et
1168 4845 1387 4900 alterari
1426 4853 1602 4915 potest
1659 4861 1765 4900 non
1796 4843 1994 4899 dixerit
2023 4845 2088 4899 de

510 4935 692 5004 seipse
723 4953 737 4990 :
774 4952 792 4984 α
830 4935 944 5005 Ego
986 4951 1105 4989 sum
1138 4936 1360 4992 veritas.
1393 4955 1412 4988 ι
1453 4935 1586 4990 Nam
1616 4939 1760 5006 quod
1807 4936 1966 4989 modo
2007 4935 2088 4989 sic

508 5037 616 5094 est,
643 5027 801 5083 modo
823 5043 927 5082 non
958 5036 1064 5093 est,
1092 5029 1446 5096 repugnantia
1474 5027 1575 5083 sibi
1606 5027 1706 5096 ipsi
1735 5027 1886 5085 dicit.
1915 5026 2086 5081 Filius

508 5127 688 5172 autem
713 5117 782 5176 de
809 5118 990 5187 seipse
1011 5117 1146 5173 dicit
1175 5135 1189 5172 :
1223 5136 1241 5169 ι
1271 5117 1381 5188 Ego
1409 5133 1527 5172 sum
1565 5119 1782 5173 veritas.
1816 5137 1835 5170 ι
1862 5117 1978 5171 Non
2004 5128 2090 5173 est

510 5209 674 5278 igitur
702 5224 768 5263 ex
807 5209 872 5264 iis
897 5225 1017 5279 qua:
1041 5219 1320 5264 mutantur
1346 5219 1508 5277 atque
1533 5209 1858 5276 alterautur,
1889 5210 1982 5265 sed
2013 5210 2088 5264 si-

507 5301 653 5359 tuilis
684 5301 855 5365 Patri,
890 5302 1213 5358 mutationis
1245 5311 1300 5356 et
1333 5301 1669 5358 alteratiouis
1691 5317 1906 5371 expers.

999 5499 1228 5566 ALIUD,
1259 5502 1588 5570 explicatius.

578 5611 833 5668 {heretici
886 5622 1146 5670 conantes
1193 5615 1483 5671 ostendere
1537 5615 1734 5670 Filium
1780 5631 1844 5669 ex
1891 5629 2080 5670 eorum

2873 4724 3077 4776 AAAO.

2268 4837 2340 4889 Τὸ
2359 4837 2694 4907 τρεπόμενον
2724 4837 2818 4889 καὶ
2845 4835 3201 4906 ἀλλοιωθῆναι
3227 4837 3545 4906 δυνάμενον,
3575 4838 3674 4890 οὐκ
3703 4837 3770 4890 ἂν

2194 4926 2342 4995 λέγοι
2378 4928 2508 4999 περὶ⁸
2531 4927 2756 4982 ἑαυτοῦ·
2789 4947 2807 4978 ι
2846 4927 2986 4994 Ἐγώ
3019 4929 3135 4999 εἰμι
3168 4930 3200 4998 ἡ
3239 4928 3484 5000 ἀλήθεια.
3523 4950 3543 4980 δ
3575 4931 3634 4983 Εἰ
3657 4931 3766 5000 γὰρ

2193 5021 2322 5073 ποτὲ
2381 5021 2478 5090 μὲν
2529 5020 2647 5073 τόδε
2691 5020 2870 5083 ἐστὶν,
2911 5019 3042 5072 ποτὲ
3085 5020 3142 5072 δὲ
3185 5020 3286 5072 οὐκ
3333 5020 3470 5084 ἔστι,
3513 5020 3763 5091 ψεύδεται

2191 5111 2328 5182 πρὸς
2355 5111 2570 5164 ἑαυτόν.
2625 5111 2685 5164 ’0
2724 5111 2781 5163 δὲ
2807 5112 2933 5173 Υἱὸς
2960 5112 3089 5181 περὶ
3119 5111 3314 5165 ἑαυτοῦ
3353 5112 3528 5181 λέγει’
3567 5132 3587 5164 ι
3627 5113 3765 5182 Ἐγώ

2187 5203 2304 5270 εἰμι
2336 5202 2368 5270 ἡ
2403 5199 2649 5269 ἀλήθεια.
2684 5218 2702 5252 ι
2727 5200 2842 5252 Οὐκ
2870 5199 2979 5270 ἀρα
3005 5200 3116 5254 τῶν
3142 5199 3613 5270 ἀλλοιουμένων,ἧ
3639 5217 3763 5271 τρες

2189 5293 2440 5360 πομένων
2475 5291 2646 5355 ἐστὶν,
2689 5291 2804 5344 ἀλλ’
2837 5291 3024 5361 ὅμοιος
3063 5289 3143 5361 τῷ
3171 5291 3367 5361 Πατρὶ,
3412 5291 3679 5361 ἄτρεπτός
3703 5309 3761 5345 τε

2189 5384 2280 5438 καὶ
2311 5382 2667 5444 ἀναλλοίωτος
2692 5380 2786 5437 ὥν.

2626 5497 2834 5559 ΑΛΛΟ,
2872 5495 3328 5564 διηγηματικῶς.

2261 5612 2400 5666 Ἕνα
2441 5612 2549 5664 τῶν
2588 5609 2984 5681 ἀλλοιουμένων
3024 5607 3418 5672 σπουδάζοντες
3459 5606 3629 5672 δεῖξαι
3669 5605 3762 5661 τὸν

571 5773 616 5811 ⁸⁵
642 5770 796 5834 Joan.
838 5787 948 5839 xxv,
976 5774 1030 5841 8,
1062 5772 1118 5831 9.
1173 5775 1216 5805 ³⁰
1244 5773 1409 5832 Hebr.
1442 5789 1563 5842 xm,
1591 5775 1644 5828 8.
1702 5774 1744 5808 δι
1777 5771 1916 5828 Psal.
1950 5774 2099 5841 ct,2t

2201 5776 2226 5825 ἱ.
2271 5771 2314 5804 ³³
2345 5769 2476 5827 Luc.
2508 5786 2656 5838 χειν,
2679 5770 2780 5839 30;
2817 5769 3040 5826 Malach.
3071 5783 3153 5833 ιιι,
3182 5768 3234 5822 6.
3277 5767 3322 5800 ³³
3343 5767 3556 5824 Baruclt
3590 5784 3672 5837 ιιι,
3699 5763 3754 5823 5.
