4072 6600
314 373 447 430 213

1752 380 2197 439 THESAUKUS.

3473 373 3603 432 2N.

316 493 486 556 Υἱὸν,
509 496 599 549 ἵνα
630 498 696 551 ὲκ
715 498 903 554 τούτου
934 502 1218 573 νομίζηται
1245 498 1383 557 εἶναι
1416 504 1510 558 καὶ
1541 504 1785 573 γενητὸς,
1808 502 1886 555 κατ

2004 512 2231 552 numero
2256 510 2379 553 esse
2400 512 2517 566 quae
2546 505 2838 560 mutantur,
2872 503 2930 550 ut
2954 510 3021 551 ex
3052 497 3155 551 hoc
3178 496 3337 551 etiam
3358 509 3579 550 censea-

310 581 520 638 λοιπὸν
560 587 811 658 ἀνόμοιος
837 590 916 661 τῷ
946 593 1144 663 Πατρὶ,
1168 595 1248 656 είς
1272 593 1544 661 ἀπόδειξιν
1564 594 1663 663 τῆς
1692 592 1903 645 ἑαυτῶν

320 675 538 740 μανίας
567 679 900 749 προφέρουσί
926 699 1046 737 τινα
1063 683 1173 737 τῶν
1204 685 1264 737 ὲν
1285 687 1400 749 ταῖς
1433 684 1606 747 θείαις
1627 686 1898 757 Γραφαῖς’

317 764 429 817 καί
455 783 587 834 φασι
611 768 703 822 τὸν
741 772 1058 826 Ἀπόστολον
1086 776 1259 829 εἰπεῖν
1278 791 1291 806 ⁸
1323 793 1343 827 ι
1364 776 1455 829 Διὸ
1477 777 1572 830 καὶ
1594 778 1622 830 6
1641 776 1774 840 Θεὸς
1804 776 1903 830 αύ-

317 854 424 907 τὸν
458 857 802 929 ὑπερύψωσε,
840 864 935 917 καὶ
965 865 1258 936 ἐχαρίσατο
1291 866 1439 937 αὐτῷ
1469 868 1640 937 ὄνομα
1666 867 1725 920 τὸ
1761 868 1901 938 ὑπὲρ

320 946 443 998 πᾶν
479 947 683 1019 ὄνομα·
741 952 828 1006 ἵνα
884 956 941 1007 ἐν
982 956 1058 1025 τῷ
1104 956 1328 1026 ὀνόματι
1389 958 1563 1028 Ἰησοῦ
1612 960 1720 1013 πᾶν
1770 957 1900 1026 γόνυ

317 1032 545 1107 κάμψῃ.
568 1055 589 1088 ι
634 1040 793 1109 Παρὰ
821 1041 877 1094 δὲ
908 1042 987 1112 τῷ
1034 1044 1320 1115 Ψαλμῳδῷ
1346 1046 1653 1117 γέγραπται
1694 1048 1858 1101 πάλιν
1882 1066 1894 1079 ·

322 1141 344 1171 ο
381 1125 483 1178 Διά
526 1127 683 1182 τοῦτο
725 1130 909 1202 ἔχρισε
957 1151 1017 1187 σε
1062 1137 1090 1188 6
1132 1136 1291 1201 Θεὸς,
1340 1140 1368 1191 6
1416 1138 1549 1201 Θεός
1594 1154 1685 1190 σου
1721 1138 1899 1192 ἔλαιον

313 1213 701 1283 ἀγαλλιάσεως
724 1222 875 1291 παρὰ
897 1224 1019 1286 τοὺς
1056 1226 1316 1295 μετόχους
1339 1244 1452 1281 σου.
1468 1248 1485 1279 ι
1520 1225 1658 1281 Εἶτα
1680 1227 1896 1297 λέγουσι

314 1307 394 1359 τὰ
426 1308 647 1378 ῥήματα
683 1313 1047 1383 σοφιζόμενοι,
1079 1316 1161 1369 ὅτι
1187 1317 1267 1382 τὸ,
1298 1318 1413 1384 διὸ,
1450 1320 1547 1374 καὶ
1579 1319 1677 1374 διὰ
1696 1320 1894 1387 τοῦτο,

314 1394 508 1449 αἰτίαν
537 1401 657 1453 τινὰ
690 1403 963 1472 σημαίνει,
1000 1405 1068 1458 δι’
1102 1408 1167 1476 ἣν
1191 1408 1547 1479 ὑπερυψώθη,
1578 1410 1671 1463 καὶ
1702 1412 1893 1481 ὲχαρί·

317 1485 429 1557 σθη
454 1489 602 1560 αὐτῷ
635 1493 695 1545 τὸ
721 1493 891 1563 ὄνομα
922 1496 982 1548 τὸ
1009 1497 1147 1569 ὑπὲρ
1177 1500 1284 1551 πᾶν
1311 1500 1503 1569 ὄνομα,
1540 1503 1634 1554 καὶ
1666 1502 1894 1573 ὲχρίσθη

312 1576 401 1645 τῷ
429 1579 594 1652 ὲλαίῳ
624 1584 722 1654 τῆς
749 1586 1140 1654 ἀγαλλιάσεως.
1182 1592 1245 1643 El
1280 1592 1337 1645 δὲ
1370 1592 1518 1645 αἰτία
1568 1611 1653 1657 τις
1685 1595 1894 1648 τούτων

314 1668 476 1741 αὐτῷ
504 1673 692 1742 γέγονε
721 1676 1001 1746 πρόξενος,
1030 1680 1292 1752 ἠλλοιώθη
1326 1683 1567 1752 δηλονότι
1602 1684 1695 1737 καὶ
1727 1703 1895 1753 μετα-

313 1758 611 1830 ϐέϐληται,
657 1764 816 1818 τοῦτο
847 1767 1083 1834 γεγονὼς
1111 1770 1248 1838 ὅπερ
1291 1771 1391 1822 οὐκ
1426 1766 1495 1841 ἦν
1524 1772 1631 1845 πρὸ
1658 1772 1851 1827 τούτου
1873 1792 1888 1806 ·

313 1850 416 1904 καὶ
441 1852 489 1903 εἰ
518 1854 672 1907 δοτὸν
699 1856 757 1908 ἐν
781 1858 928 1929 αὐτῷ
967 1859 1027 1913 τὸ
1073 1860 1310 1931 ἀξίωμα,
1341 1861 1494 1916 ἔσται
1531 1865 1626 1917 καὶ
1655 1865 1889 1938 ἀφαιρε-

311 1942 431 1995 τόν.
461 1944 532 1997 Τὸ
555 1946 613 1999 δὲ
645 1948 703 2000 ἐν
728 1950 955 2022 τοιαύτῃ
980 1954 1311 2007 καταστάσει
1342 1957 1630 2027 τυγχάνον,
1664 1959 1782 2024 πῶς
1819 1960 1887 2014 ἂν

312 2034 406 2103 εἴη
456 2036 594 2090 κατὰ
641 2039 801 2107 φύσιν
838 2041 917 2112 τῷ
964 2044 1218 2115 ἀτρέπτῳ
1255 2045 1460 2115 ὅμοιον,
1512 2051 1606 2103 καὶ
1656 2050 1752 2107 τοῦ
1803 2053 1893 2107 ἀεὶ

308 2117 579 2188 ὡσαύτως
603 2124 818 2195 ἔχοντος
842 2130 1040 2198 εξκώνς

788 2262 949 2330 Πρὸς
983 2265 1172 2320 ταῦτα
1203 2270 1406 2337 λύσις,

386 2385 451 2439 Ei
485 2388 605 2479 καθ’
642 2391 783 2461 ὑμᾶς
816 2394 1006 2463 γέγονέ
1043 2415 1125 2461 τις
1154 2401 1301 2454 αἰτία
1332 2403 1399 2455 δι’
1432 2405 1499 2474 ἢν
1533 2404 1887 2479 ὖπερυψώθη,

314 2478 537 2568 καιτοῦ
568 2481 827 2551 ὀνόματος
853 2484 1061 2555 ἔτυχεν,
1098 2490 1325 2562 ἐχρίσθη
1358 2510 1415 2545 τε
1460 2494 1537 2563 τῷ
1579 2495 1744 2567 ἐλαίῳ
1790 2478 1889 2568 τῆς

313 2567 712 2636 ἀγαλλιάσεως,
740 2573 839 2625 οὐκ
873 2573 939 2625 ἂν
960 2570 1026 2645 ἦν
1050 2576 1196 2629 τοῦθ’
1222 2579 1357 2651 ὅπερ
1387 2582 1503 2634 ἐστὶ
1529 2583 1645 2647 νῦν,
1674 2585 1774 2655 τῆς
1799 2567 1887 2639 αί·

312 2657 438 2720 τίας
468 2659 529 2711 οὐ
561 2663 877 2735 γενομένης.
931 2668 1141 2723 Οὐκοῦν
1171 2671 1232 2723 οὐ
1263 2673 1422 2741 φύσει
1447 2676 1579 2740 Θεὸς
1607 2680 1635 2731 6
1667 2680 1813 2745 Υἱὸς,
1840 2681 1890 2733 εἰ

310 2748 374 2810 ἐξ
424 2751 606 2815 αἰτίας
644 2754 786 2808 κατά
826 2756 986 2827 χάριν
1019 2759 1191 2825 Θεός·
1221 2764 1342 2817 οὐδὲ
1371 2765 1529 2834 φύσει
1556 2768 1703 2835 Υίὸς,
1742 2773 1791 2824 εἰ
1830 2770 1892 2837 ἐξ

308 2842 491 2906 αἰτίας
516 2844 659 2897 κατά
687 2846 843 2917 χάριν
860 2849 1006 2916 Υἱὸς,
1024 2853 1114 2906 καὶ
1138 2854 1326 2923 μισθὸς
1346 2856 1423 2921 ὡς
1447 2858 1625 2913 ἔοικεν
1638 2862 1839 2934 ἀρετῆς
1854 2866 1887 2933 ἡ

310 2934 496 3006 υἱότης
513 2936 681 3007 αὐτῷ,
696 2938 865 2993 καὶτὸ
881 2941 981 3010 τῆς
1002 2942 1255 3014 θεότητος
1269 2946 1458 3017 ὄνομα,
1481 2949 1632 3004 ὥσπε
1640 2970 1670 3022 ρ
1684 2954 1777 3005 κα)⁵
1799 2956 1886 3023 ἐφ’

312 3027 670 3096 sumebat»;
698 3027 789 3085 06v
807 3032 961 3086 ἔσται
978 3034 1038 3088 τὸ
1067 3036 1231 3095 αὐτοῦ
1261 3056 1320 3091 τε
1353 3042 1449 3093 καὶ
1482 3044 1638 3113 ἡμῶν
1660 3047 1882 3115 μεταξύ.

2011 598 2095 641 tur
2109 600 2228 641 esse
2246 592 2479 650 creatus,
2499 593 2658 653 atque
2680 584 2753 639 ita
2772 584 3047 639 dissimilis
3071 584 3237 650 Patri,
3252 584 3317 639 ad
3333 598 3581 652 compro-

2005 676 2234 730 handam
2256 689 2404 730 suam
2430 674 2691 729 insaniam
2716 674 2968 728 nonnulla
2991 689 3055 729 ex
3085 674 3383 745 Scripturis
3408 678 3580 731 sacris

2004 766 2304 837 proferunt,
2327 765 2905 836 aiuntqueApostolum
2934 767 3144 821 dicere:
3169 784 3189 819 ‹
3214 767 3418 822 Idcirco
3441 769 3578 822 Deus

2003 858 2254 911 exaltavil
2287 856 2531 921 illum,et
2550 857 2772 910 donavit
2802 857 2875 910 illi
2908 871 3102 910 nomen
3147 858 3288 927 quod
3312 867 3394 911 est
3418 873 3580 926 super

2001 963 2162 1004 omne
2213 963 2428 1013 nomen,
2462 960 2520 1003 ut
2567 949 2616 1003 in
2644 950 2863 1004 nomine
2887 949 3012 1003 .lesu
3040 964 3198 1003 omne
3227 965 3362 1018 genu
3394 949 3577 1004 ﬂecta-

2002 1048 2089 1094 tur
2111 1041 2173 1095 “.
2188 1061 2205 1093 ι
2231 1041 2296 1098 Et
2312 1057 2340 1095 a
2358 1041 2639 1099 Psalmista
2657 1056 2843 1096 rursus
2864 1041 3125 1111 scriptum
3148 1050 3227 1094 est
3252 1059 3264 1094 :
3287 1059 3305 1091 1
3329 1041 3578 1108 Propter-

2000 1145 2060 1184 ea
2094 1132 2243 1185 unxit
2274 1140 2325 1185 te
2356 1131 2514 1197 Deus,
2550 1132 2691 1187 Deus
2714 1141 2857 1197 tuus,
2894 1131 3013 1186 oleo
3049 1130 3427 1185 exsultationis
3467 1146 3578 1199 prae

2000 1221 2349 1291 participibus
2374 1221 2478 1276 tuis
2499 1222 2596 1274 ³⁸.»
2617 1222 2816 1277 Deinde
2835 1221 2993 1275 verba
3014 1222 3348 1285 cavillantes,
3372 1221 3573 1286 dicunt,

1997 1311 2194 1365 idcirco
2218 1320 2273 1365 et
2304 1321 2575 1380 prapterea
2616 1311 2777 1381 128
2801 1326 3017 1366 causam
3049 1309 3335 1381 quamdam
3366 1311 3572 1380 signifi-

1997 1417 2143 1466 care,
2174 1412 2393 1473 propter
2434 1419 2596 1473 quam
2638 1403 2908 1459 exaltatus
2949 1404 3040 1468 sit,
3074 1413 3128 1457 et
3164 1412 3383 1472 propter
3411 1418 3573 1472 quam

1996 1492 2250 1549 donatum
2279 1495 2328 1550 ei
2357 1495 2427 1550 sit
2452 1510 2665 1561 nomen,
2702 1496 2842 1564 quod
2865 1504 2947 1551 est
2971 1511 3134 1565 super
3161 1510 3321 1549 omne
3355 1511 3570 1558 nomen,

1995 1594 2049 1639 et
2077 1596 2270 1640 unctus
2295 1585 2365 1640 sit
2397 1586 2515 1641 oleo
2541 1586 2933 1643 exsultationis.
2970 1586 3025 1640 Si
3049 1602 3178 1657 ergo
3205 1601 3364 1640 causa
3390 1587 3570 1654 aliqua

1996 1676 2099 1731 hoc
2125 1677 2183 1731 e'r
2205 1677 2532 1743 conciliavit,
2568 1687 2716 1733 certe
2751 1678 3102 1734 mutationem
3124 1677 3358 1746 aliquam
3384 1677 3569 1737 subiit.

1996 1768 2169 1822 factus
2192 1768 2444 1822 nimirum
2469 1768 2520 1823 id
2536 1769 2678 1839 quod
2706 1778 2863 1823 antea
2893 1786 2998 1825 nun
3021 1778 3138 1824 erat
3159 1786 3172 1834 ;
3197 1778 3252 1822 et
3278 1769 3321 1823 si
3339 1768 3571 1836 dignitas

1995 1856 2047 1911 in
2086 1856 2175 1911 illo
2212 1858 2469 1913 donatitia
2492 1868 2595 1923 est,
2626 1858 2827 1913 auferri
2859 1859 3022 1913 etiam
3044 1867 3249 1929 potest,»
3271 1858 3423 1925 Quod
3444 1873 3571 1911 vero

1995 1947 2069 2001 ita
2101 1958 2469 2017 comparatum
2516 1960 2620 2011 est,
2670 1951 2873 2020 talique
2903 1959 3047 2007 statu
3083 1954 3390 2022 praeditum,
3437 1968 3571 2020 (ιιιοο

1992 2038 2151 2092 modo
2174 2041 2345 2107 possit
2383 2041 2706 2095 naturaliter
2739 2042 3063 2107 immutabili
3097 2042 3276 2104 simile
3302 2057 3446 2106 esse,
3480 2050 3569 2096 aut

1991 2127 2170 2199 imago
2200 2128 2315 2198 ejus
2343 2132 2485 2201 quod
2521 2146 2739 2202 semper
2764 2134 2955 2191 eodem
2987 2133 3148 2188 modo
3183 2147 3241 2187 se
3273 2131 3466 2187 habet?

2494 2265 2704 2320 Salutio
2729 2264 3054 2328 obiectionis.

2061 2399 2141 2463 Si,
2185 2401 2339 2470 juxta
2386 2409 2623 2457 vestram
2665 2400 2998 2471 opinionem,
3033 2400 3215 2468 aliqua
3259 2413 3420 2452 causa
3476 2406 3561 2452 est

1989 2500 2209 2557 propter
2254 2505 2413 2558 quam
2449 2490 2719 2544 exaltatus
2761 2499 2867 2555 est,
2901 2499 2956 2544 et
3005 2505 3199 2544 nomen
3238 2498 3566 2542 consecutus

1989 2590 2095 2647 est,
2130 2591 2184 2634 et
2209 2580 2328 2635 oleo
2358 2580 2740 2635 exsultationis
2770 2591 2968 2636 unctus
3001 2590 3103 2648 est,
3136 2590 3284 2636 certe
3310 2596 3413 2634 non
3446 2590 3565 2634 erat

1990 2669 2044 2724 id
2078 2672 2219 2739 quod
2248 2687 2389 2726 nunc
2414 2680 2518 2737 est,
2554 2686 2674 2725 cum
2702 2687 2868 2727 causa
2901 2687 3011 2727 non
3045 2680 3211 2726 esset.
3244 2669 3360 2725 Non
3403 2672 3566 2741 igitur

1992 2772 2183 2815 natura
2218 2762 2357 2817 Deus
2390 2771 2474 2817 est
2504 2761 2700 2827 Filius,
2732 2764 2778 2817 si
2810 2780 2877 2817 ex
2910 2779 3075 2818 causa
3105 2763 3284 2832 aliqua
3314 2779 3408 2832 per
3439 2778 3562 2832 gra-

1991 2848 2120 2905 tiam
2151 2851 2292 2905 Deus
2322 2859 2437 2917 est;
2470 2865 2643 2920 neque
2665 2860 2856 2907 natura
2880 2851 3070 2919 Filius,
3103 2852 3147 2907 si
3179 2867 3243 2906 ex
3280 2854 3442 2907 causa
3470 2869 3563 2922 per

1988 2942 2219 3012 gratiam
2268 2942 2439 2999 Filius
2482 2955 2588 3010 est,
2642 2954 2697 2999 et
2747 2954 3002 3015 tanquam
3056 2961 3264 3001 merces
3316 2948 3563 3016 quaedam

1985 3034 2204 3088 virtutis
2235 3034 2424 3090 liliatio
2453 3037 2501 3090 ei
2536 3045 2591 3092 et
2616 3036 2836 3092 deitatis
2859 3053 3052 3093 nomen
3082 3039 3263 3092 datum
3293 3048 3400 3103 est,
3432 3055 3559 3108 per-

314 3118 529 3223 'E§eatt
548 3121 653 3223 γὰρ
669 3119 755 3174 διὰ
776 3122 888 3191 βίου
910 3124 1237 3196 σεμνότητος
1260 3128 1368 3181 τῶν
1387 3129 1516 3183 ἴσων
1537 3137 1739 3203 τυχεῖν,
1754 3137 1881 3205 εἴγε

1990 3121 2113 3178 inde
2151 3133 2315 3193 atque
2356 3126 2534 3180 nobis.
2564 3124 2707 3180 Nihil
2744 3127 2908 3196 igitur
2935 3128 3039 3181 erit
3064 3127 3392 3181 discriminis
3420 3128 3563 3179 inter

311 3209 624 3280 καλούμεθα
658 3212 753 3264 καὶ
785 3211 896 3266 θεοὶ
918 3214 1012 3267 καὶ
1034 3217 1162 3279 υἱοὶ,
1188 3217 1283 3269 καλ⁵
1316 3219 1579 3290 χριόμεθα
1604 3221 1683 3292 τῷ
1714 3223 1881 3295 ἐλαίῳ

317 3302 411 3370 τῆς
435 3302 826 3370 ἀγαλλιάσεως,
865 3305 1069 3359 τούτων
1114 3306 1298 3372 ἀξίους
1333 3311 1560 3376 ἑαυτοὺς
1589 3318 1881 3386 παραστή-

313 3409 525 3456 σαντες.
562 3394 624 3447 Εἰ
656 3395 715 3448 δὲ
765 3395 924 3450 τοῦτο
966 3397 1169 3452 ἄτοπον
1214 3401 1308 3453 καὶ
1357 3405 1496 3454 νοεῖν
1539 3403 1632 3455 καὶ
1682 3405 1878 3473 λέγειν,

312 3483 452 3555 ὑπὲρ
484 3486 633 3554 ἡμᾶς
680 3485 831 3539 ἔσται
875 3489 970 3541 καὶ
1002 3489 1100 3559 οὐχ
1134 3490 1210 3553 ὡς
1235 3493 1399 3562 ἡμεῖς
1431 3493 1458 3545 6
1488 3493 1634 3557 Υἰός.
1678 3495 1738 3549 '0
1781 3495 1882 3567 μὲν

314 3574 419 3645 γὰρ
446 3576 510 3628 ὲκ
540 3575 633 3629 τοῦ
665 3577 879 3649 Πατρὸς
908 3579 1047 3632 κατά
1080 3579 1240 3648 φύσιν
1268 3583 1546 3654 ὑπάρχων,
1578 3586 1704 3650 Υἱός
1736 3589 1882 3641 ἐστιν

245 3730 252 3735 ,
314 3664 580 3735 ἀληθινὸς,
610 3667 685 3730 ὡς
715 3669 1001 3738 ἄνθρωπος
1025 3671 1084 3735 ἐξ
1115 3672 1422 3743 ἀνθρώπου,
1456 3677 1550 3729 καὶ
1579 3677 1708 3742 Θεός
1733 3680 1880 3732 ἐστιν

316 3756 377 3807 ὲκ
408 3755 541 3809 Θεοῦ
577 3758 877 3828 γεννηθείς.
913 3759 1103 3829 Ἡμεῖς
1133 3760 1190 3813 δὲ
1223 3757 1303 3825 οἷς
1330 3763 1499 3817 ταῦτα
1532 3766 1671 3819 κατά
1711 3767 1879 3836 φύσιν

314 3847 372 3899 06
416 3848 697 3917 πρόσεστι,
741 3852 839 3920 τὴν
870 3852 981 3905 ἀπὸ
1018 3852 1114 3905 τοῦ
1158 3853 1341 3908 λαϐεῖν
1390 3856 1569 3928 χάριν,
1624 3858 1743 3911 ἀντὶ
1785 3858 1878 3911 τοῦ

317 3938 455 3992 κατά
484 3939 742 4009 ἀλήθειαν
768 3944 1112 4021 εσχήκαμεν,
1148 3946 1255 3999 uici.
1287 3947 1382 3999 καὶ
1411 3948 1521 4001 θεοὶ
1551 3948 1639 4002 διὰ
1664 3949 1761 4020 τὴν
1787 3949 1880 4003 τοῦ

314 4030 603 4095 δεδωκότος
631 4034 1037 4105 φιλανθρωπίαν
1074 4039 1503 4109 χρηματίζοντες
1524 4056 1539 4073 ο
1571 4041 1734 4111 μέχρι
1773 4043 1881 4113 γὰρ

321 4121 478 4192 μόνου
523 4123 616 4176 τοῦ
659 4125 920 4195 ὀνόματος
964 4128 1050 4197 ἐφ’
1082 4129 1241 4199 ἡμῶν
1287 4132 1320 4201 ή
1370 4130 1709 4201 κτῆσις’τῶν
1744 4135 1883 4205 ὑπὲρ

318 4213 481 4284 ἡμᾶς,
516 4214 595 4267 ἐτι
623 4215 681 4268 δὲ
704 4216 797 4269 τοῦ
828 4217 978 4283 Υίοῦ,
1014 4222 1216 4291 φυσική
1245 4239 1306 4274 τε
1331 4223 1426 4276 καὶ
1455 4223 1738 4294 οιῦσιώδης,

982 4354 1190 4413 ΑΛΛΟ.

1982 3214 2132 3269 illum
2163 3225 2218 3270 et
2239 3231 2358 3271 nos.
2384 3215 2536 3271 Licet
2555 3217 2699 3271 enim
2727 3217 2884 3271 nobis
2914 3232 3010 3286 per
3039 3218 3162 3270 vita:
3196 3218 3560 3286 integritatem

1982 3306 2207 3375 aequalia
2238 3307 2523 3377 consequi,
2551 3308 2818 3377 siquidem
2848 3322 3108 3362 vocamur
3136 3316 3190 3362 et
3216 3308 3315 3371 dii,
3350 3318 3406 3362 et
3442 3308 3558 3371 lilii,

1983 3406 2037 3453 et
2063 3399 2315 3465 ungimur
2342 3400 2462 3453 oleo
2494 3397 2889 3463 exsultationis,
2937 3398 3131 3468 dignos
3171 3413 3269 3453 nos
3302 3398 3369 3453 iis
3401 3399 3558 3452 donis

1983 3498 2327 3558 praestantes.
2351 3489 2410 3544 Si
2440 3504 2570 3543 vero
2591 3488 2643 3542 id
2669 3494 2723 3542 et
2741 3488 3066 3558 cogitatione
3112 3497 3167 3540 et
3196 3489 3343 3541 dictu
3374 3488 3560 3541 absur-

1983 3582 2110 3634 dum
2143 3588 2247 3645 est,
2281 3580 2532 3649 superior
2564 3580 2723 3648 longe
2761 3579 2888 3642 erit,
2938 3593 3113 3647 neque
3142 3578 3298 3632 nobis
3338 3578 3560 3646 aequalis

1984 3671 2168 3725 Filius.
2200 3671 2333 3725 Nam
2379 3687 2445 3725 ex
2490 3670 2650 3725 Patre
2702 3670 3024 3724 naturaliter
3071 3668 3341 3724 exsistens
3391 3668 3561 3721 Filius

1982 3780 2142 3818 verus
2169 3772 2269 3827 est,
2308 3772 2366 3817 ut
2391 3764 2554 3817 homo
2582 3778 2646 3816 ex
2675 3763 2911 3827 homine,
2948 3770 3004 3815 et
3048 3760 3188 3816 Deus
3233 3772 3317 3815 est
3346 3775 3410 3814 ex
3446 3760 3561 3815 Deo.

1985 3856 2214 3926 genitus.
2248 3853 2356 3908 Nos
2386 3863 2568 3908 autem
2597 3853 2794 3922 quibus
2823 3852 2937 3907 haec
2968 3850 3292 3905 naturaliter
3325 3866 3430 3904 non
3462 3850 3555 3904 in—

1984 3954 2128 4010 sunt,
2163 3961 2267 3999 non
2294 3960 2435 4010 vere,
2474 3944 2567 3999 sed
2616 3958 2712 4013 per
2735 3943 2963 4013 gratiam
3002 3940 3095 3994 lilii
3119 3950 3174 3995 et
3200 3940 3296 4003 dii,
3320 3956 3384 3996 ex
3415 3940 3557 3993 illius

1984 4039 2075 4105 qui
2121 4038 2176 4093 id
2224 4038 2378 4093 nobis
2411 4037 2638 4106 largitus
2665 4042 2749 4090 est
2772 4033 3107 4103 benignitate
3134 4046 3393 4086 vocamur
3419 4050 3432 4085 :
3463 4030 3556 4084 Fi-

1984 4130 2090 4186 lius
2119 4136 2299 4185 autem
2337 4127 2660 4184 naturaliter
2707 4135 2880 4198 atque
2916 4124 3285 4181 essentialiter
3316 4123 3419 4177 hoc
3452 4132 3557 4178 est.

2649 4346 2885 4413 ALIUD.

392 4487 453 4540 ὐ
480 4486 621 4551 θεῖος
648 4489 971 4553 Ἀπόστολός
992 4490 1094 4543 πού
1119 4507 1250 4560 φησι
1279 4492 1408 4563 περὶ
1437 4492 1530 4546 τοῦ
1564 4492 1713 4547 Υίοῦ·
1745 4514 1764 4548 ι
1782 4498 1879 4560 Ὂς

2053 4488 2279 4544 Divinas
2308 4485 2599 4558 Apostolus
2633 4485 2697 4539 de
2726 4483 2864 4538 Filio
2898 4480 3096 4538 alicubi
3128 4480 3202 4536 ita
3232 4478 3310 4534 ait
3340 4496 3355 4532 :
3402 4496 3429 4531 ι
3453 4478 3563 4544 Qui

318 4580 371 4633 ὲν
403 4583 581 4650 μορφῇ
609 4580 744 4633 Θεοῦ
780 4582 1058 4652 ὑπάρχων,
1081 4583 1182 4653 οὐχ
1212 4584 1502 4655 ἁρπαγμὸν
1538 4587 1781 4657 ἡγήσατο
1820 4588 1882 4641 τὸ

318 4667 450 4724 εἶναι
497 4671 585 4724 ἴσα
627 4672 764 4742 Θεῷ,
804 4673 917 4726 ἀλλ’
959 4675 1152 4727 ἑαυτὸν
1182 4675 1415 4729 ἐκένωσε
1448 4678 1661 4749 μορφὴν
1692 4678 1881 4732 δούλου

318 4762 508 4825 λαὸὼν,
543 4782 561 4813 ι
602 4763 696 4817 καὶ
726 4764 787 4816 τὸ
818 4763 974 4834 ἑξῆς*
1014 4785 1032 4816 ι
1064 4766 1153 4818 Διὸ
1180 4767 1274 4819 καὶ
1301 4769 1328 4819 6
1359 4766 1490 4831 Θεὸς
1518 4769 1679 4822 αὐτὸν
1707 4770 1878 4841 ὑπερ-

320 4849 528 4919 ύψωσε,
578 4853 673 4905 καὶ
709 4852 999 4924 ἐχαρίσατο
1049 4855 1197 4925 αὐτῷ
1241 4857 1411 4927 ὄνομα
1455 4858 1517 4911 τὸ
1566 4860 1704 4930 ὑπὲρ
1766 4862 1875 4915 πᾶν

317 4940 498 5012 ὄνομα.
537 4962 556 4994 ι
586 4943 716 4996 Ὅτε
758 4944 933 4998 τοίνυν
980 4945 1364 5018 ἐνηνθρώπησε
1409 4949 1506 5021 τὴν
1549 4950 1644 5003 τοῦ
1687 4950 1875 5005 δούλου

323 5035 525 5105 μορφὴν
573 5034 877 5099 ἀναλαϐὼν,
919 5038 1180 5109 ἐχαρίσθη
1224 5040 1373 5111 αὐτῷ
1417 5041 1478 5094 τὸ
1527 5042 1735 5113 ὄνομα,
1784 5043 1879 5096 καὶ

319 5124 660 5198 ύπερυψώθη.
704 5126 910 5181 Οὐκοῦν
952 5130 1057 5199 πρὸ
1096 5130 1195 5201 τῆς
1251 5132 1517 5202 ὲνσάρκου
1578 5132 1881 5203 παρουσίας

321 5218 402 5268 καὶ
427 5218 524 5288 τῆς
550 5217 641 5270 τοῦ
671 5218 857 5272 δούλου
890 5222 1122 5291 μορφῆς,
1157 5220 1279 5275 οὔτε
1307 5219 1418 5293 εἷχε
1446 5223 1507 5275 τὸ
1534 5223 1725 5293 ὄνομα,
1744 5223 1868 5276 οὔτε

318 5306 378 5381 ἦν
422 5310 750 5384 ὑψηλότερος
796 5312 934 5365 κατά
972 5312 1063 5365 τὸν
1107 5313 1214 5367 τῶν
1256 5314 1550 5385 Ἀρειανῶν
1596 5314 1773 5384 λόγον.
1816 5316 1879 5367 Εἰ

320 5406 417 5474 γὰρ
441 5401 510 5476 ἦν
541 5404 711 5458 ταῦτα
740 5403 836 5457 καὶ
869 5404 976 5475 πρὸ
1004 5404 1101 5475 τῆς
1128 5406 1443 5477 ἐπιδημίας,
1476 5407 1728 5477 περιττός
1773 5424 1875 5459 που

322 5496 526 5557 πάντως
568 5493 715 5546 ἐστὶν
746 5496 774 5547 6
818 5492 912 5547 τοῦ
957 5494 1235 5565 εἰληφέναι
1269 5513 1322 5549 τι
1364 5496 1540 5565 λόγος.
1583 5499 1644 5550 El
1691 5497 1745 5548 δὲ
1775 5498 1874 5550 οὐκ

323 5583 476 5656 εἶχεν,
520 5584 655 5654 ὅπερ
682 5584 783 5635 οὐκ
821 5578 888 5654 ἧν
920 5585 1152 5653 ἐγένετο.
1184 5586 1249 5639 Τί
1279 5582 1371 5640 οὖν
1412 5582 1478 5657 ἦν
1509 5588 1635 5657 πρὶν
1673 5585 1877 5650 ταύτης

1989 4579 2041 4635 ἰη
2069 4580 2244 4635 forma
2277 4579 2367 4632 Dei
2410 4577 2676 4631 exsistens
2708 4589 2814 4628 non
2854 4573 3098 4643 rapinam
3146 4569 3444 4625 arbitratus
3475 4580 3563 4625 est

1988 4687 2109 4727 esse
2126 4687 2184 4727 se
2201 4670 2461 4739 :equalem
2483 4668 2611 4733 Deo,
2628 4666 2723 4722 sed
2736 4664 3037 4722 exinanivit
3053 4662 3313 4732 seipsum,
3329 4660 3559 4721 formam

1985 4763 2126 4817 servi
2149 4761 2422 4829 accipiens
2444 4759 2524 4824 ";
2559 4778 2577 4810 υ
2614 4766 2669 4813 et
2697 4758 2951 4825 deinceps
2985 4774 2999 4810 :
3031 4774 3049 4807 ‹
3084 4753 3374 4823 Propterea
3420 4751 3561 4807 Deus

1985 4853 2239 4909 exultavit
2267 4852 2441 4915 illum,
2464 4859 2519 4906 et
2542 4849 2762 4904 donavit
2790 4848 2865 4903 illi
2892 4861 3085 4902 nomen
3118 4845 3261 4914 quod
3288 4854 3372 4902 est
3397 4858 3561 4912 super

1985 4960 2146 5000 omne
2193 4959 2387 4998 nomen
2420 4942 2487 4995 ³⁷.
2523 4961 2541 4993 ι
2579 4941 2807 5009 Quando
2854 4940 3017 5009 igitur
3044 4937 3220 4991 factus
3249 4945 3335 4990 est
3373 4936 3557 4997 homo,

1987 5035 2159 5092 forma
2186 5034 2326 5089 servi
2351 5040 2595 5100 accepta,
2620 5031 2872 5084 donatum
2898 5028 2946 5081 ei
2971 5037 3054 5081 est
3083 5038 3298 5087 nomen,
3327 5030 3380 5075 et
3406 5020 3560 5075 exal-

1989 5140 2131 5183 tatus
2151 5136 2253 5182 est.
2288 5126 2428 5195 Ergo
2460 5133 2585 5179 ante
2610 5120 3066 5181 incarnationem,
3094 5124 3147 5170 et
3169 5123 3294 5168 ante
3327 5113 3557 5167 formam

1986 5220 2127 5275 servi
2166 5226 2465 5287 acceptam,
2505 5228 2678 5284 neque
2713 5225 2909 5266 nomen
2946 5207 3154 5269 habuit,
3187 5219 3362 5276 neque
3388 5206 3563 5276 magis

1986 5310 2233 5367 excelsus
2268 5307 2388 5373 fuit,
2423 5307 2718 5361 secundum
2752 5303 3005 5357 Arianos.
3032 5298 3089 5353 Si
3120 5298 3264 5353 enim
3292 5297 3408 5353 haec
3440 5306 3561 5352 erat

1988 5411 2112 5455 ante
2136 5399 2588 5460 incarnationem,
2611 5406 3070 5464 supervacaneum
3100 5400 3247 5445 certe
3268 5398 3352 5444 est
3377 5389 3560 5444 dicere

1987 5488 2136 5541 illum
2165 5494 2351 5556 postea
2381 5484 2433 5539 itl
2459 5484 2750 5553 accepisse.
2776 5481 2833 5537 Si
2856 5494 2984 5535 vero
3008 5494 3111 5535 non
3131 5477 3351 5543 habuit,
3384 5477 3561 5533 factus

1985 5591 2069 5638 est
2102 5580 2153 5636 id
2185 5577 2326 5649 quod
2378 5592 2481 5632 non
2528 5584 2664 5631 erat.
2701 5574 2839 5642 Quid
2886 5573 3045 5645 igitur
3088 5580 3205 5628 erat
3254 5569 3555 5627 secundum

382 5761 422 5794 ³⁵
445 5760 676 5832 Philipp.
704 5778 763 5831 ιι,
794 5763 847 5829 9,
886 5762 971 5817 10.
1046 5763 1088 5794 ³³
1122 5760 1265 5817 Psal.
1306 5777 1448 5828 ιιιν,
1482 5760 1534 5818 8.
1610 5762 1652 5794 ³⁵
1686 5751 1886 5831 Philipp

1998 5758 2092 5827 ,6,
2119 5758 2168 5813 7.
2249 5758 2290 5791 ³⁷
2321 5755 2447 5812 ibid.
2481 5756 2534 5812 9.
