4072 6554
141 375 242 434 2³⁷
1566 370 1710 425 TilE‘

1811 369 2007 427 unus.
2340 380 2341 383 γ
3288 347 3394 405 118

140 494 437 565 ἔσχηκέναι
469 495 660 566 μισθὸν
686 496 787 567 τὴν
816 494 1065 564 υίότητα,
1100 492 1192 545 καὶ
1219 491 1280 544 τὸ
1320 487 1459 544 εἶναι
1494 490 1710 561 σοφίαν,

1818 487 2238 545 culosissimum.
2268 483 2462 538 Filium
2493 480 2809 538 mutationis
2833 488 3086 552 capacem
3119 485 3271 536 esse,
3302 477 3397 524 aut

140 561 238 641 irai
256 561 449 656 λόγον,
470 561 569 643 καὶ
589 561 753 642 Θεόν..
772 561 1073 655 ’Λτρεπτος
1102 584 1211 655 γὰρ
1241 584 1334 635 καὶ
1356 582 1710 644 ἀναλλοίωτος

1818 594 1937 633 eam
1972 576 2126 630 bona:
2152 574 2441 630 voluntatis
2481 589 2593 639 sua;
2623 569 2920 625 mercedem
2954 564 3227 634 accepisse
3252 561 3395 631 quod

138 675 236 742 ὢν,
263 679 449 750 ὅμοιός
475 682 590 735 ὲστι
620 677 763 732 κατά
790 677 967 732 πάντα
999 675 1076 747 τῷ
1111 674 1485 745 γεγεννηκότι.

102 1046 103 1051 η
141 982 347 1047 ΑΛΛΟ,
388 982 477 1036 ὅτι
524 983 635 1036 οὐκ
667 981 738 1046 ἐξ
767 978 1145 1051 ἀλλοιώσεως
1169 978 1273 1047 τῆς
1307 980 1427 1035 ἀπὸ
1453 980 1559 1051 τοῦ
1599 979 1719 1051 κείς

201 1070 386 1121 perac
430 1052 525 1106 ἐπὶ
559 1053 624 1105 τὸ
663 1052 930 1120 ἄμεινον,
959 1049 1161 1120 ὅμοιός
1200 1051 1373 1106 ἐστιν
1398 1054 1430 1106 ό
1469 1050 1602 1115 Υἱὸς
1637 1049 1719 1115 τῷ

206 1124 416 1191 Πατρὶ,
446 1122 611 1177 ἀλλὰ
646 1122 939 1191 φυσικῶς.

207 1253 270 1305 Εἰ
294 1253 351 1305 ὲν
377 1256 557 1325 μορφῇ
584 1253 721 1307 Θεοῦ
745 1252 1006 1324 ὑπάρχων
1030 1252 1220 1306 ἑαυτὸν
1238 1251 1473 1305 ὲκένωσε
1502 1253 1717 1324 μορφὴν

132 1343 323 1398 δούλου
362 1343 573 1410 λαὸὼν,
619 1344 871 1399 τοσοῦτον
911 1344 977 1398 ἂν
1019 1345 1188 1411 δόξειε
1222 1348 1322 1415 τῆς
1368 1346 1507 1398 κατά
1554 1344 1717 1413 φύσιν

132 1440 292 1503 ἀξίας
328 1438 743 1508 ὑποϐεὸηκέναι,
776 1440 914 1511 ὅπερ
940 1441 1004 1493 ἂν
1031 1439 1223 1509 ὀφθείη
1257 1439 1472 1492 κεῖσθαι
1511 1438 1716 1509 μεταξὺ

130 1531 270 1585 Θεοῦ
297 1532 392 1584 xa'l
417 1531 725 1602 ἀνθρώπου.
751 1533 826 1585 Οὐ
850 1532 958 1602 γὰρ
987 1526 1055 1602 ἦν
1088 1532 1187 1601 μὲν
1215 1530 1481 1602 πρότερον
1512 1529 1718 1599 ἄνθρω-

131 1639 258 1687 πος,
292 1623 483 1692 γέγονε
521 1624 576 1676 δὲ
616 1621 842 1691 ὕστερον
868 1625 896 1676 ό
933 1623 1085 1685 Θεὸς,
1127 1622 1263 1676 ἀλλὰ
1286 1621 1416 1685 Θεὸς
1445 1621 1519 1674 ῶν
1556 1622 1717 1691 γέγο-

130 1732 223 1769 νεν
265 1716 579 1785 ἄνθρωπος·
613 1715 726 1785 ἔχει
770 1716 947 1769 τοίνυν
994 1716 1147 1769 οὐδὲν
1198 1718 1277 1779 είς
1319 1714 1598 1785 βελτίωσιν
1652 1716 1716 1768 ὲκ

1821 669 1894 723 sit
1926 667 2114 733 Filius,
2141 675 2195 721 et
2226 664 2516 736 sapientia,
2551 675 2607 717 et
2638 660 2870 715 Verbum
2903 668 2955 712 et
3002 656 3165 710 Deus.
3207 650 3398 708 Omnis

1817 760 1960 816 enim
1990 758 2307 814 mutationis
2339 756 2791 825 alterationisque
2816 764 3034 821 expers,
3064 747 3257 803 similis
3300 758 3399 816 per

1817 850 1997 906 omnia
2022 858 2106 905 est
2134 863 2234 905 suo
2260 847 2525 904 Genitori.

1820 981 2053 1046 ALIUD,
2085 981 2224 1049 quod
2261 997 2366 1035 non
2391 995 2482 1049 per
2517 976 2877 1049 «(arationem
2893 970 3225 1049 ⁵ςιηςίεηξνὶωςὶ
3254 976 3397 1049 stam

1890 1055 1945 1107 in
1974 1039 2604 1119 pru's'tantiorem'similis
2620 1049 2684 1101 sit
2715 1045 2862 1099 Patri
2882 1041 3077 1095 Filius.
3112 1039 3202 1094 sed
3231 1046 3392 1091 uatu-

1888 1123 2092 1177 raliter.

1888 1253 1946 1307 Si
1978 1254 2028 1307 in
2054 1253 2225 1307 forma
2258 1250 2353 1304 Dei
2386 1248 2656 1303 exsistens
2686 1244 2919 1312 seipsum
2958 1237 3257 1294 exinanirit
3289 1238 3398 1289 fur-

1819 1360 1961 1399 mam
2003 1343 2145 1398 servi
2167 1342 2461 1409 accipiens,
2481 1346 2689 1393 tantum
2718 1333 2885 1389 videri
2908 1332 3081 1401 possit
3104 1345 3133 1383 a
3163 1327 3392 1381 naturali

1818 1432 2079 1502 dignitate
2108 1429 2424 1491 recessisse,
2455 1437 2718 1497 quantum
2754 1420 3093 1477 discriminis
3134 1427 3219 1474 est
3252 1418 3396 1470 inter

1820 1524 1984 1577 Deum
2016 1532 2070 1577 et
2115 1522 2410 1576 hominem.
2464 1518 2649 1586 Neque
2683 1514 2826 1568 enim
2868 1524 2987 1565 erat
3022 1510 3172 1580 prius
3211 1509 3394 1571 homo,

1815 1623 2112 1685 posteaque
2142 1611 2315 1666 iactus
2341 1621 2424 1665 est
2456 1608 2635 1673 Deus;
2665 1606 2759 1661 sed
2806 1603 2945 1658 Dens
2970 1618 3091 1657 cum
3120 1609 3286 1664 esset,
3318 1598 3397 1651 ia-
3471 1627 3475 1630 ~

1817 1719 1935 1760 ctus
1958 1716 2042 1761 est
2072 1705 2235 1759 homo
2266 1722 2280 1758 :
2322 1702 2458 1757 nihil
2487 1702 2674 1769 itaque
2716 1697 2938 1766 majoris
2972 1694 3298 1765 praestantia:
3329 1705 3395 1745 ex

128 1808 339 1862 τούτων
367 1782 516 1862 τοῦ
559 1782 694 1861 Θεοί)
727 1808 919 1876 Λόγος.
954 1809 1015 1861 Et
1054 1808 1110 1862 δὲ
1152 1782 1419 1877 messem
1471 1807 1710 1875 λέγεται,

1820 1799 1920 1853 hac
1951 1813 2008 1850 re
2046 1797 2222 1851 Verbo
2254 1793 2503 1849 accessit.
2540 1792 2595 1846 Si
2631 1804 2759 1844 vero
2804 1788 3075 1842 exaltattts
3106 1799 3230 1837 esse
3259 1782 3397 1835 dici-

130 1900 229 1953 καὶ
252 1901 310 1953 ἐν
329 1900 476 1966 τάξει
501 1900 838 1972 χαρίσματος
860 1902 921 1953 τὸ
942 1900 1085 1972 ὑπὲρ
1110 1902 1217 1953 πᾶν
1238 1900 1411 1971 ὄνομα
1434 1899 1711 1970 δέχεσθαι,

128 1994 212 2055 εἰς
242 1993 418 2044 ἐκεῖνο
437 1991 675 2062 δηλονότι
711 1992 848 2062 μετά
868 1992 1069 2063 σαρκὸς
1096 1994 1454 2061 ἐπανάγεται,
1470 1995 1549 2056 είς
1574 1994 1712 2063 ὅπερ

126 2078 199 2153 ἦν
220 2083 315 2135 καὶ
340 2081 463 2154 δίχα
492 2084 714 2154 σαρκός.
735 2084 846 2137 Καὶ
876 2084 1037 2147 αὐτὸς
1064 2084 1122 2137 δέ
1148 2083 1249 2138 πού
1274 2101 1406 2155 φησι
1430 2104 1440 2113 ·
1472 2085 1708 2154 ιΠάτερ,

126 2174 351 2239 δόξασόν
383 2192 451 2245 με
476 2178 541 2245 τῇ
571 2175 697 2247 δόξῃ
773 2171 915 2246 εῐχον
949 2175 1056 2247 πρὸ
1085 2175 1177 2229 τοῦ
1210 2174 1302 2229 τὸν
1332 2176 1538 2246 κόσμον
1566 2171 1707 2229 εἶναι

129 2266 283 2337 παρά
320 2265 422 2321 σοί.
460 2285 479 2317 ι
512 2267 649 2320 Ποία
681 2267 738 2319 δὲ
770 2262 835 2337 ἦν
868 2269 901 2337 ἡ
944 2267 1051 2337 πρὸ
1083 2266 1177 2320 τοῦ
1214 2267 1422 2337 κόσμου
1457 2266 1583 2331 δόξα
1615 2266 1710 2320 τοῦ

128 2356 297 2421 Υἱοῦ;
329 2357 402 2410 Τὸ
425 2360 481 2410 ὲν
516 2361 695 2429 μορφῇ
721 2357 813 2411 τοῦ
844 2360 1057 2429 Πατρὺς
1088 2360 1375 2428 ὑπάρχειν.
1410 2359 1577 2412 Οὐδὲν
1603 2360 1712 2430 ἄρα

130 2450 255 2503 ἐστὶ
281 2449 342 2501 τὸ
367 2447 425 2513 ἐξ
452 2449 791 2511 ἀλλοιώσεως
814 2449 909 2502 καὶ
936 2449 1145 2519 τροπῆς
1170 2448 1270 2519 τῆς
1293 2450 1386 2502 ἐπὶ
1408 2449 1469 2503 τὸ
1490 2451 1713 2519 ἄμεινον

128 2540 431 2611 προστεθὲν
462 2540 540 2611 τῷ
579 2540 693 2610 Υἱῷ
717 2583 731 2607 ,
758 2540 872 2594 ἀλλ’
902 2543 934 2611 ἡ
974 2541 1031 2592 ὲν
1059 2540 1401 2611 χαρίσματος
1435 2539 1588 2605 τάξει
1617 2539 1713 2593 νῦν

127 2632 280 2702 αὐτῷ
304 2633 553 2701 διδομένη
588 2633 715 2699 δόξα
739 2632 833 2686 καὶ
853 2631 1080 2701 ὓψωσις,
1107 2630 1259 2695 λύσις
1291 2632 1409 2685 ἐστὶ
1436 2631 1537 2700 τῆς
1573 2632 1713 2702 μετὰ

127 2723 333 2795 σαρκὸς
365 2724 602 2788 ἀδοξίας,
625 2722 722 2791 τὴν
751 2723 860 2775 ἀπὸ
883 2723 982 2793 τῆς
1010 2721 1105 2775 τοῦ
1134 2722 1318 2776 δούλου
1352 2722 1565 2792 μορφῆς
1594 2722 1711 2774 ἀτι-

129 2818 262 2887 μίαν
297 2815 711 2883 ὲξαφανίζουσα.
738 2816 970 2883 Λέγεται
1002 2814 1059 2867 δὲ
1088 2814 1322 2867 δίδοσθαι
1356 2813 1529 2867 ταῦτα
1559 2812 1714 2884 παρὰ

124 2908 359 2980 Πατρός.
392 2906 511 2977 Θεῷ
536 2907 643 2977 γὰρ
675 2905 854 2960 πάντα
881 2905 949 2959 τά
978 2906 1116 2976 ὑπὲρ
1154 2905 1550 2977 ἀνθρωπότητα
1576 2907 1709 2959 διοι-

124 3002 245 3053 κεῖν
291 2998 652 3069 οἰκειότερον,
698 2997 798 3049 οὐκ
843 2996 953 3062 ἔξω
994 2997 1092 3067 τῆς
1140 2995 1346 3048 τούτων
1397 2995 1708 3065 οἰκονομίας

125 3090 464 3160 ὑπάρχοντος
491 3089 584 3142 τοῦ
616 3087 744 3141 Υἱοῦ
773 3087 915 3141 κατά
936 3087 1035 3157 τὴν
1057 3090 1154 3159 τῆς
1177 3086 1430 3156 θεότητος
1456 3087 1704 3158 ἑνότητα,

126 3183 174 3237 εί
202 3182 299 3235 καὶ
324 3179 635 3244 ἰδιαζόντως
666 3181 795 3245 Υἱός
820 3181 965 3233 ἐστιν
993 3180 1069 3244 ὡς
1104 3178 1239 3250 πρὸς
1275 3178 1513 3250 Πατέρα.

586 3385 792 3450 ΑΑΛΟ,
834 3387 922 3451 εις
960 3385 1026 3439 τὸ
1063 3386 1233 3440 αὐτό.

196 3503 259 3556 Ei
333 3501 454 3556 καθ’
505 3502 672 3572 ὑμᾶς.
719 3502 806 3555 ὅτε
857 3499 1221 3554 ἐταπείνωσεν
1267 3498 1478 3565 ἑαυτὸν,
1542 3498 1709 3569 ὑπερ-

128 3591 340 3662 υψὼθη,
391 3591 481 3646 διὰ
509 3592 668 3647 τοῦτο
702 3591 798 3646 καὶ
840 3589 1103 3663 ἐχαρίσθη
1139 3589 1288 3660 αὐτῷ
1332 3590 1393 3643 τὸ
1437 3589 1607 3660 ὄνομα
1650 3590 1710 3643 τὸ

129 3685 266 3754 ὑπὲρ
301 3686 409 3738 πᾶν
447 3685 636 3755 ὃνομα,
682 3684 949 3746 τουτέστι,
986 3682 1249 3751 κέκληται
1301 3681 1451 3746 Θεὸς,
1491 3682 1583 3736 καὶ
1621 3682 1710 3735 διὰ

126 3777 283 3832 τοῦτο
327 3778 556 3849 ὲχρίσθη
600 3778 695 3831 καλ⁸
736 3777 863 3840 Υἱὸς
894 3774 1208 3845 ὠνομάσθη.
1244 3775 1349 3845 πρὸ
1378 3774 1481 3844 τῆς
1510 3792 1709 3828 ταπει-

128 3870 346 3934 νώσεως
379 3871 590 3941 ἀνάγκη
620 3869 800 3938 λέγειν
826 3869 926 3922 οὐκ
955 3863 1095 3921 εἶναι
1128 3867 1305 3921 ταῦτα
1333 3867 1425 3920 τὸν
1452 3866 1545 3919 τοῦ
1572 3865 1706 3919 Θεοῦ

128 3964 332 4031 Λόγον’
376 3964 497 4016 οὐδὲ
538 3964 649 4032 γὰρ
682 3962 747 4016 ἂν
772 3961 983 4028 δέξαιτό
1025 3977 1108 4023 τις
1144 3960 1281 4030 ὅπερ
1314 3948 1440 4029 ’ἔχει
1488 3959 1584 4012 καὶ
1633 3959 1708 4029 μὴ

128 4054 325 4112 λαϐών.
388 4056 499 4108 Καὶ
533 4057 581 4107 εί
630 4054 736 4126 πρὸ
789 4054 896 4108 τῶν
930 4054 1029 4124 τῆς
1071 4051 1456 4114 ταπεινώσεως
1498 4050 1709 4121 χρόνων

129 4148 442 4219 εὑρίσκεται
487 4146 665 4215 λέγων
715 4147 851 4216 πρός
891 4163 1041 4209 τινας
1086 4146 1252 4208 Θεός·
1293 4164 1311 4196 ι
1351 4144 1495 4212 Ἐγὼ
1540 4141 1704 4197 εἶπα·

128 4238 247 4291 Θεοί
294 4239 442 4302 ἐστε,
498 4238 592 4291 καὶ
628 4238 732 4290 υίοὶ
782 4236 1058 4307 Ὑψίστου,
1094 4257 1111 4286 ι
1162 4236 1346 4289 πολλοὶ
1391 4234 1498 4305 πρὸ
1543 4234 1707 4287 αὑτοῦ

130 4329 411 4397 φαίνονται
443 4328 727 4396 γεγονότες
773 4330 878 4381 υἱοὶ
915 4328 1009 4380 καὶ
1050 4326 1180 4380 θεοί.
1220 4327 1343 4389 Πῶς
1386 4323 1479 4378 οὖν
1508 4324 1707 4394 ἀληθὲς
1738 4382 1741 4387 λ

129 4422 206 4474 ὅτι
237 4423 418 4476 πάντα
440 4421 508 4473 δι’
538 4419 702 4473 αὐτοῦ
728 4419 982 4487 ὲγένετο;
1023 4419 1147 4482 Πῶς
1172 4418 1225 4472 δὲ
1262 4419 1424 4481 αὑτός
1464 4419 1578 4470 ἐστι
1604 4416 1709 4487 πρὸ

129 4513 344 4568 πάντων
395 4511 623 4574 πολλοὺς
652 4512 788 4581 ἔχων
819 4511 925 4580 πρὸ
955 4509 1121 4563 αὐτοῦ
1146 4527 1159 4575 ;
1194 4509 1315 4572 Πῶς
1345 4507 1402 4561 δὲ
1439 4507 1533 4561 καί
1566 4524 1710 4577 πρω-

127 4605 341 4669 τότοκος
391 4605 573 4675 πάσης
603 4605 833 4667 κτίσεως
854 4621 868 4667 ;

129 4698 265 4752 κατά
299 4698 465 4767 φύσιν
500 4697 631 4750 Υίοῦ
660 4696 902 4749 τίθενται
950 4695 1044 4746 καὶ
1093 4695 1143 4747 oi.
1193 4695 1333 4746 κατά
1379 4693 1559 4763 χάριν,
1590 4690 1709 4753 πῶς

130 4783 267 4843 οὗτοι
297 4788 407 4861 πρὸ
431 4786 526 4840 τοῦ
553 4786 692 4840 κατά
722 4785 916 4854 φύσιν;
947 4784 1057 4837 Καὶ
1088 4784 1136 4835 εί
1160 4781 1254 4836 τοῦ
1288 4780 1417 4834 Υἱοῦ
1452 4780 1708 4851 μετέχον-

130 4897 216 4943 τες
246 4878 642 4951 υίοποιούμεθα
666 4878 733 4931 δι’
762 4876 949 4942 αὐτοῦ,
984 4874 1100 4937 πῶς
1128 4875 1190 4928 τὸ
1227 4872 1450 4944 μετέχον
1487 4872 1702 4944 πρῶτον

132 4972 274 5026 ἔσται
299 4972 395 5027 τοῦ
424 4968 784 5042 μετεχομένου
822 4969 917 5021 καὶ
941 4968 1006 5020 δι’
1039 4962 1098 5020 οὗ
1134 4966 1377 5035 γίνεται;
1405 4964 1529 5028 Πῶς
1559 4964 1615 5016 δὲ
1645 4964 1706 5017 οὐ

133 5066 388 5134 κρείττων
415 5066 443 5118 ὁ
473 5064 690 5135 πρῶτος
736 5062 931 5116 τούτου
960 5058 1139 5131 τυχὼν
1167 5058 1262 5112 τοῦ
1290 5059 1513 5122 πολλαῖς
1545 5057 1703 5111 ὕστε-

138 5172 221 5224 ρον
250 5157 501 5224 γενεαῐςς
545 5152 705 5206 Ἀλλά
734 5152 937 5220 πολλὴν
966 5149 1079 5219 ἔχει
1112 5149 1284 5202 ταῦτα
1310 5150 1408 5220 τὴν
1448 5147 1698 5201 ἀτοπίαν.

132 5246 330 5299 Οὐκοῦν
353 5244 619 5315 ἄτρεπτός
645 5258 705 5295 τε
736 5240 830 5294 καὶ
862 5238 1214 5301 ἀναλλοίωτος
1242 5240 1268 5290 ὁ
1295 5236 1443 5298 Υἱὸς,
1473 5235 1535 5287 οὐ
1562 5231 1708 5285 κατά

132 5336 306 5403 χάριν,
331 5336 454 5390 οὐδὲ
483 5337 547 5389 ὲκ
571 5332 888 5404 προσθήκης
915 5330 1052 5400 ἔχων
1078 5329 1174 5400 τὴν
1207 5328 1341 5399 πρὸς
1362 5328 1451 5381 τὸν
1486 5326 1706 5395 Πατέρα

131 5427 444 5499 ὁμοιότητα,
479 5425 593 5480 ἀλλ’
625 5422 903 5486 οὐσιωδῶς
936 5439 995 5474 τε
1027 5421 1123 5475 καὶ
1153 5419 1420 5488 φυσικῶς.

1817 1903 1923 1954 tur,
1975 1898 2031 1944 et
2072 1889 2242 1941 instar
2276 1887 2402 1938 doni
2440 1896 2633 1937 nomen
2684 1896 2846 1949 super
2882 1891 3042 1932 omne
3075 1890 3268 1928 nomen
3300 1889 3396 1926 ac-

1812 1982 2043 2051 cepisse,
2091 1979 2144 2033 in
2182 1979 2309 2031 illud
2347 1976 2533 2046 procul
2575 1974 2741 2028 dubio
2785 1971 3035 2026 evehitur
3080 1982 3201 2021 cum
3233 1980 3397 2020 carne

1813 2072 1955 2143 quod
1977 2080 2095 2125 erat
2114 2072 2319 2139 absque
2341 2082 2526 2122 carne.
2559 2066 2677 2134 ipse
2703 2078 2833 2118 vero
2851 2063 3010 2116 etiam
3036 2058 3160 2112 alibi
3189 2056 3392 2125 inquit:

1818 2186 1837 2218 ί
1871 2166 2051 2227 Pater,
2098 2162 2337 2233 gloriﬁca
2386 2175 2471 2213 tne
2512 2157 2680 2227 gloria
2710 2154 2796 2209 illa
2837 2167 2999 2222 quam
3044 2149 3205 2205 habui
3256 2148 3395 2215 apud

1814 2268 1867 2313 te
1900 2269 2195 2324 antequam
2219 2252 2451 2307 mundus
2480 2260 2627 2305 esset
2652 2248 2719 2303 “.
2745 2266 2765 2300 ι
2795 2245 3053 2311 Quaenam
3081 2252 3256 2295 autem
3280 2248 3397 2294 erat

1812 2350 1982 2420 gloria
2018 2346 2139 2401 Filii
2172 2355 2298 2399 ante
2325 2343 2658 2399 creationem
2707 2338 2936 2393 mundi?
2988 2335 3239 2390 Profecto
3273 2350 3396 2389 esse

1815 2444 1866 2496 in
1903 2444 2071 2496 forma
2099 2439 2297 2493 Patris.
2335 2436 2479 2490 Nihil
2512 2434 2678 2503 igitur
2703 2440 2785 2486 est
2812 2430 2955 2500 quod
2998 2444 3064 2482 ex
3096 2428 3397 2480 mutatione

1814 2535 1866 2587 in
1902 2534 2093 2588 melius
2124 2531 2262 2585 Filio
2292 2527 2522 2582 accessit
2548 2544 2560 2579 :
2588 2524 2682 2579 sed
2712 2522 2885 2593 gloria
2919 2530 2971 2575 et
2999 2518 3251 2575 exultatio
3277 2532 3397 2588 qnze

1812 2625 1888 2680 illi
1924 2625 2093 2678 instar
2128 2621 2253 2675 doni
2287 2633 2431 2672 nunc
2473 2614 2667 2669 collata
2716 2621 2822 2679 est,
2860 2610 3080 2664 vilitatis
3113 2624 3231 2677 quae
3272 2623 3397 2663 car-

1813 2732 1934 2772 nem
2001 2714 2362 2769 comitabatur
2420 2707 2643 2763 abolitio
2707 2713 2828 2769 est,
2890 2710 3259 2771 contemptum
3329 2701 3399 2755 ob

1811 2807 1950 2861 servi
1989 2806 2218 2859 formam
2262 2811 2597 2869 assumptam
2644 2798 2853 2853 deletis.
2915 2795 3174 2851 Dicuntur
3216 2804 3397 2848 autem

1810 2903 1928 2954 tunc
1954 2900 2076 2951 data
2109 2911 2138 2950 a
2180 2896 2367 2959 Patre,
2398 2894 2524 2963 quia
2553 2892 2965 2948 convenientins
2991 2898 3075 2946 cst
3120 2890 3400 2958 magisque

1809 2989 2089 3058 proprium
2135 3002 2198 3041 ea
2240 3001 2363 3056 qua:
2404 3000 2566 3053 supra
2614 2984 3003 3038 immanitatem
3048 2991 3174 3036 sunt
3213 2996 3243 3034 a
3286 2978 3399 3032 Deo

1809 3078 2210 3144 administrari,
2237 3094 2341 3133 non
2367 3078 2589 3132 excluso
2614 3087 2793 3131 tamen
2812 3075 3107 3131 secundum
3138 3072 3398 3126 unitatem

1733 3174 1779 3234 C
1810 3173 2026 3229 deitatis
2053 3174 2121 3228 ab
2163 3172 2265 3226 hac
2298 3170 2775 3224 administratione
2811 3168 2948 3222 Filio
2973 3208 2988 3233 ,
3050 3163 3262 3220 tametsi
3305 3177 3400 3233 pe-

1813 3265 2094 3321 culiariter
2126 3264 2357 3320 exsistat
2387 3261 2556 3317 Filius
2586 3262 2652 3316 ad
2681 3261 2896 3316 Patrem
2929 3259 3155 3314 relatus.

2119 3374 2355 3444 ALIUD,
2404 3378 2459 3431 in
2490 3378 2725 3431 eamdem
2756 3375 3085 3429 sententiam.

1885 3491 1965 3557 Si,
1997 3490 2153 3561 juxta
2195 3499 2431 3545 vestram
2491 3489 2828 3558 opinionem,
2880 3488 3099 3558 quando
3159 3486 3397 3556 seipsum

1813 3578 2120 3635 humiliavit
2160 3578 2592 3647 superexaitatus
2655 3591 2757 3642 est,
2812 3586 2867 3632 et
2900 3586 3180 3647 propterea
3228 3578 3397 3631 dona-

1814 3676 1923 3722 ttnn
1947 3669 2097 3721 eiest
2128 3682 2320 3721 nomen
2350 3681 2515 3737 super
2546 3682 2707 3721 omne
2740 3682 2959 3730 nomen,
2995 3666 3096 3720 hoc
3122 3676 3226 3728 est,
3261 3667 3399 3720 Deus

1816 3768 2046 3814 vocatus
2075 3770 2179 3823 est,
2206 3770 2259 3813 et
2285 3769 2569 3829 propterea
2590 3757 2754 3813 etiam
2780 3768 2975 3812 unctus
3003 3767 3085 3828 est
3113 3758 3399 3825 dictusque

1812 3850 2017 3917 Filius;
2058 3852 2422 3904 necessarium
2460 3850 2618 3920 plane
2652 3860 2737 3903 est
2790 3858 2850 3903 ut
2888 3849 3132 3903 dicamus
3168 3847 3396 3903 Verbum

1812 3941 1906 3995 Dei
1938 3952 2063 3995 ante
2095 3941 2505 3995 ltumilationem
2534 3941 2637 3995 hoc
2668 3956 2774 3993 non
2804 3939 3007 3993 fuisse:
3043 3953 3217 4008 neque
3250 3938 3395 3993 enim

1811 4033 2082 4101 acceperit
2111 4032 2233 4102 quis
2261 4032 2313 4085 id
2345 4031 2486 4099 quod
2535 4032 2698 4085 habet
2733 4030 2897 4085 etiam
2939 4044 3061 4083 cum
3105 4044 3208 4084 non
3242 4042 3397 4083 acce-

1812 4125 1975 4196 perit.
2007 4121 2074 4177 Et
2127 4124 2174 4177 si
2223 4135 2350 4177 ante
2397 4121 2786 4177 humiliatiOnis
2841 4129 3082 4190 tempora
3133 4119 3398 4189 reperitur

1813 4215 1952 4267 Deus
2002 4213 2129 4267 alibi
2179 4212 2252 4266 ita
2303 4213 2541 4266 dicens:
2594 4231 2612 4262 ι
2643 4211 2754 4281 Ego
2803 4211 2914 4265 dixi
2961 4211 3093 4265 :Dii
3139 4210 3292 4276 estis,
3347 4221 3396 4265 et

1812 4306 1904 4359 ﬁlii
1942 4304 2150 4359 Exceisi
2182 4320 2368 4359 omnes
2389 4304 2466 4370 δι,
2503 4324 2521 4356 ›
2556 4304 2705 4357 multi
2744 4314 2892 4359 certe
2930 4314 3057 4359 ante
3087 4304 3260 4374 ipsum
3301 4319 3395 4373 ap-

1810 4407 1999 4468 parent
2036 4396 2165 4452 i’acti
2200 4413 2319 4452 esse
2348 4397 2441 4451 ﬁlii
2475 4405 2531 4451 et
2563 4396 2656 4452 dii.
2693 4396 2975 4462 Quomodo
3003 4396 3168 4467 igitur
3199 4410 3393 4451 verum

1814 4498 1918 4554 est,
1950 4488 2130 4542 omnia
2161 4488 2449 4557 peripsum
2486 4487 2630 4541 facta
2663 4486 2825 4541 esse?
2849 4486 2959 4541 Aut
2981 4484 3251 4555 quomodo
3285 4486 3396 4554 ipse

919 4603 1031 4655 Καὶ
1068 4604 1116 4655 εί
1148 4569 1309 4671 ’πρὸς
1337 4600 1568 4671 μίμησιν
1610 4569 1705 4650 τοῦ

1813 4581 1882 4635 sit
1905 4590 2032 4634 ante
2057 4580 2259 4644 omnia,
2290 4594 2412 4633 cum
2442 4577 2594 4631 multi
2626 4577 2717 4631 illo
2741 4579 2955 4646 priores
2975 4577 3247 4632 sint?Aut
3264 4592 3398 4646 quo-

1808 4673 1967 4728 modo
2001 4673 2105 4727 erit
2153 4670 2545 4741 primogenitns
2595 4668 2749 4740 131
2787 4671 2965 4724 omnis
2998 4681 3264 4725 creature
3304 4669 3396 4722 ⁸⁷2

1813 4765 2088 4820 Praeterea
2118 4765 2161 4818 si
2195 4766 2262 4817 ad
2311 4763 2667 4818 imitationem
2716 4762 2826 4816 veri
2880 4770 2934 4816 et
2975 4761 3237 4816 naturalis
3277 4760 3395 4815 Filii

1815 4868 2125 4915 statuuntur
2151 4858 2317 4912 etiam
2363 4857 2397 4910 ii
2427 4856 2517 4925 qui
2558 4871 2653 4926 per
2683 4856 2913 4924 gratiam
2942 4864 3087 4917 sunt,
3128 4852 3395 4922 quomodo

1813 4961 1976 5005 erunt
2007 4950 2059 5004 hi
2096 4950 2303 5018 priores
2331 4965 2398 5004 eo
2421 4950 2515 5020 qui
2552 4947 2872 5003 naturaliter
2897 4956 2981 5000 est
3010 4944 3218 4999 Filius?
3244 4946 3394 5011 Item,

1814 5045 1859 5098 si
1879 5041 2293 5113 participatione
2316 5040 2438 5097 Filii
2459 5057 2554 5111 per
2571 5040 2749 5111 ipsum
2769 5041 3110 5108 adoptantur,
3128 5037 3394 5106 quomodo

1812 5134 1864 5189 id
1895 5136 2039 5204 quod
2073 5135 2345 5205 particeps
2374 5134 2437 5188 ﬁt
2464 5133 2614 5203 prius
2642 5132 2749 5187 erit
2777 5145 2843 5185 eo
2890 5130 3033 5196 quod
3081 5126 3395 5195 participem

1814 5228 1985 5282 facit?
2019 5227 2301 5294 Quomodo
2346 5235 2526 5280 autem
2577 5238 2683 5279 non
2727 5224 2799 5277 sit
2825 5218 3167 5291 prmstantior
3217 5219 3262 5272 is
3308 5222 3397 5287 qui

1814 5321 2020 5389 primus
2054 5320 2106 5372 id
2136 5325 2463 5373 consecutus
2488 5326 2594 5380 est,
2622 5331 2782 5385 quam
2812 5313 2994 5370 multa:
3019 5312 3398 5383 generationes

1814 5412 2157 5469 subsecuta)?
2186 5410 2459 5467 Caeterum
2519 5409 2634 5464 haac
2678 5407 3019 5463 absurditate
3076 5406 3393 5476 plenissima

135 5528 277 5572 sum.
315 5496 675 5572 linmutabilis
728 5516 911 5583 itaque
943 5521 1026 5569 est
1074 5512 1265 5575 Filius,
1310 5527 1415 5565 non
1451 5526 1545 5579 per
1590 5508 1844 5579 gratiam,
1883 5520 2061 5574 neque
2093 5519 2162 5559 ex
2232 5502 2507 5559 additione
2569 5502 2685 5557 sive
2749 5498 3065 5555 accessione
3110 5496 3289 5567 aliqua
3319 5496 3397 5550 si-

136 5607 484 5665 militudinem
513 5624 637 5665 cum
689 5607 848 5662 Patre
881 5616 1093 5669 nactus,
1123 5605 1217 5661 sed
1258 5602 1623 5659 essentialiter
1652 5610 1705 5655 et
1748 5598 2087 5655 naturaliter.

211 5786 429 5843 "Joan.
464 5790 673 5856 “11,5.
754 5788 963 5845 "Pani.
1009 5803 1195 5852 unt,
1233 5788 1285 5840 G.

1358 5786 1397 5817 ⁸⁷
1429 5784 1633 5841 Cuiuss.
1673 5801 1711 5850 l,
1750 5783 1830 5838 l5.
