4072 6540
606 358 711 418 819

1119 480 1350 548 Αιιυι),
1381 483 1435 538 in
1462 483 1707 552 itiipsum.

682 590 739 645 Si
771 593 935 646 veluti
971 598 1275 651 mercedem
1309 598 1598 665 quamdam
1642 599 1878 663 virtutis,
1935 599 2022 653 vel
2087 600 2189 654 hu.

610 685 1065 752 tniliationis,aut
1105 688 1426 743 obedientizc
1482 699 1831 745 consecutum
1891 701 2035 745 esset
2067 690 2196 745 Ver-

611 780 736 830 bum
767 777 858 832 Dei
888 780 1031 845 quod
1060 781 1129 833 sit
1160 778 1328 835 Filius
1351 823 1365 845 ,
1407 798 1644 851 quonam
1678 783 1836 836 modo
1864 784 2028 836 etiam
2065 794 2192 837 ante

612 867 1007 923 humiliationis
1037 881 1276 935 tempora
1298 872 1535 925 nonnulli
1558 884 1923 939 cognoverunt
1950 872 2190 927 Patrem?

611 973 732 1010 cum
770 957 939 1012 Filius
962 961 1106 1015 dicat
1138 964 1223 1017 "':
1266 982 1284 1013 ι
1330 962 1500 1017 Nemo
1543 964 1821 1031 cognoscit
1846 963 2057 1015 Patrem
2091 963 2191 1017 nisi

614 1046 804 1112 Filius,
823 1060 876 1103 et
894 1053 977 1103 cui
1010 1051 1175 1105 Filius
1206 1054 1541 1106 revelaverit.
1563 1073 1581 1103 ι
1602 1053 1715 1108 Νοιι
1735 1055 2031 1108 exsistente
2048 1055 2190 1107 enim

615 1137 752 1192 Filio
786 1140 877 1208 qui
913 1142 1137 1205 revelat,
1166 1159 1270 1211 quo
1304 1155 1463 1213 pacto
1488 1142 1647 1196 Pater
1682 1146 1750 1197 ab
1783 1144 1965 1213 aliquo
1995 1160 2192 1215 cogun-

615 1233 831 1283 scatur?
857 1231 911 1284 Si
950 1248 1077 1287 vero
1104 1234 1261 1287 Pater
1286 1251 1501 1303 semper
1554 1237 1923 1305 eosnoscitur,
1975 1251 2191 1304 semper

615 1320 801 1390 itaque
833 1324 996 1377 etiam
1052 1326 1262 1379 exstitit
1310 1324 1499 1389 Filius,
1563 1328 1736 1395 ipsum
1773 1327 2038 1382 revelatis.
2069 1327 2186 1382 Non

617 1412 784 1480 igitur
805 1430 869 1467 ex
904 1417 1202 1471 mutatione
1232 1417 1410 1486 aliqua
1460 1419 1544 1471 vel
1579 1418 1885 1487 adjectione
1930 1434 2194 1477 consecu-

619 1513 703 1556 tus
730 1516 809 1560 est
846 1506 896 1559 id
921 1510 1061 1574 quod
1100 1518 1203 1573 est,
1223 1511 1316 1565 sed
1346 1525 1560 1579 semper
1586 1513 1686 1564 hoc
1717 1514 1858 1579 quod
1884 1523 1969 1567 est
2028 1514 2197 1567 exsti-

617 1594 681 1646 tit
732 1599 1074 1662 naturaliter,
1124 1599 1266 1652 Patri
1310 1616 1428 1665 suo,
1488 1603 1688 1656 nullius
1741 1604 1815 1655 rei
1874 1605 2193 1672 indigentia,

614 1687 947 1752 perfectione
982 1699 1150 1760 atque
1184 1693 1622 1748 immutabilitate
1671 1695 1865 1749 similis
1906 1699 2193 1753 exsisteus.

1634 366 1695 423 S.
1733 364 2007 422 CYBILLI
2050 365 2518 423 ALEXANDRINI
2556 369 2869 427 AliClllEP.

2219 488 2269 547 Δ

3823 364 3929 417 ἢ)
3982 378 3985 379 ,

2749 490 2934 543 ΔΛΛΟ
2960 531 2975 555 ,
3018 493 3104 556 εὶς
3145 490 3208 545 τὸ
3248 490 3417 544 αὑτό.

2367 602 2430 654 ΕΞ
2468 602 2720 673 καθάπερ
2754 604 2876 657 τινὰ
2913 604 3103 673 μισθὸν
3137 604 3340 675 ἀρετῆς
3369 602 3402 673 ἦ
3433 597 3864 657 ταπεινώσεως
3895 594 3927 661 ἢ

2298 692 2541 761 ὑπακοῆς
2572 692 2682 761 ἔχει
2712 694 2771 746 τὸ
2808 689 2943 747 εἶναι
2977 693 3104 756 Υἱὸς
3150 695 3179 745 ὁ
3213 693 3306 746 τοῦ
3346 690 3485 745 Θεοῦ
3524 688 3750 756 Λόγος,
3785 686 3927 737 κατὰ

2295 786 2418 838 τίνα
2454 786 2653 855 τρόπον
2700 785 2805 856 πρὸ
2842 786 2950 839 τῶν
2984 787 3083 855 τῆς
3113 782 3504 845 ταπεινώσεως
3555 780 3797 850 χρόνων
3831 777 3927 827 ἑπ-

2295 877 2589 944 εγίνωσκόν
2634 895 2779 939 τινες
2823 878 2913 931 τὸν
2958 878 3211 948 Πατέρα;
3268 876 3527 943 λέγοντος
3578 870 3689 923 τοῦ
3743 866 3922 922 Υἰοῦ·

2303 990 2320 1019 ι
2354 969 2540 1032 Οὐδεὶς
2564 970 2915 1037 ἐπιγινώσκει
2937 970 3025 1023 τὸν
3049 969 3289 1039 Πατέρα,
3319 970 3367 1019 εἰ
3399 966 3477 1037 μὴ
3496 968 3527 1017 ό
3555 964 3725 1025 Υἱὸς,
3759 960 3859 1013 καὶ
3882 952 3926 1025 ᾧ

2297 1061 2361 1114 ἂν
2380 1062 2503 1123 Υἱὸς
2522 1062 2867 1133 ἀποκαλύψῃ.
2884 1081 2901 1111 ι
2929 1062 3019 1131 Μὴ
3054 1061 3205 1121 ὄντος
3236 1058 3346 1129 γὰρ
3370 1058 3498 1110 κατ’
3529 1054 3806 1113 ἐκείνους
3834 1049 3925 1102 τοῦ

2295 1152 2773 1214 ἁποκαλύπτοντος
2795 1151 2944 1215 Υἰοῦ,
2971 1152 3087 1213 πῶς
3104 1149 3475 1217 ὲπιγνωσθείη
3517 1143 3696 1215 παρὰ
3726 1157 3881 1203 τινος
3900 1144 3926 1192 ὁ

2296 1244 2517 1313 Πατήρ,
2553 1244 2600 1294 εί
2624 1242 2679 1294 δὲ
2712 1242 2799 1294 ἀεὶ
2828 1241 3016 1311 Πατὴρ
3046 1240 3397 1311 γνωρίζεται,
3431 1234 3504 1308 ἧν
3537 1237 3662 1306 ἄρα
3695 1234 3803 1287 καὶ
3847 1234 3927 1284 ἀεὶ

2294 1336 2322 1388 ὁ
2347 1334 2742 1388 ἀποκαλύπτων
2762 1334 2911 1396 Υἱός.
2940 1333 3145 1386 Οὐκοῦν
3166 1334 3266 1384 οὑκ
3293 1334 3357 1384 ὲκ
3386 1326 3729 1400 μεταδολῆς
3756 1340 3925 1383 τινος,

2296 1428 2416 1481 οὑδὲ
2446 1428 2504 1479 ὲν
2539 1426 2854 1497 προσθήκης
2898 1424 3053 1495 μέρει
3083 1425 3331 1493 φαίνεται
3363 1420 3554 1475 λαϐὼν
3585 1416 3757 1471 τοῦθ’
3792 1416 3925 1481 ὅπερ

2297 1521 2479 1584 ἐστὶν,
2514 1520 2629 1572 ἀλλ’
2674 1514 2743 1588 ἦν
2786 1518 2871 1570 ἀεὶ
2920 1515 3075 1569 τοῦτο
3121 1513 3366 1585 φυσικῶς
3394 1553 3409 1575 ,
3456 1514 3666 1581 ὅμοιος
3711 1506 3794 1559 ὣν
3839 1504 3926 1557 καὶ

2298 1609 2441 1662 κατά
2477 1610 2535 1662 τὸ
2567 1607 2862 1680 ἀπροσδεές
2887 1623 2945 1659 τε
2977 1607 3071 1659 καὶ
3116 1605 3323 1663 τέλειον
3368 1603 3466 1659 καὶ
3514 1601 3825 1670 ἄτρεπτον
3856 1611 3926 1661 τῳ

2299 1701 2495 1771 Πατρί.

609 1793 844 1859 ALIUD,
876 1800 1150 1880 declarans
1182 1801 1382 1885 Filium
1422 1822 1531 1859 esse
1561 1823 1627 1860 ea:
1651 1811 1876 1867 essentia
1915 1808 2120 1885 Patris,
2150 1822 2195 1864 et

2311 1813 2505 1885 mo.
2541 1812 2841 1885 σημαῖνον
2886 1811 2975 1885 δτι
3002 1824 3070 1885 εκ
3111 1801 3645 1885 mmmam?
3691 1801 3927 1885 δαιτρός

682 1884 785 1918 non
822 1871 1154 1945 eretrinsecus
1202 1878 1533 1940 productum,
1593 1882 2036 1945 quemadmodum
2099 1871 2195 1934 lto-

681 1947 784 1988 διεδ
812 1935 1018 1991 Christi
1058 1935 1254 2014 volunt.
1282 1946 1344 1996 Et
1370 1935 1618 2009 quoniam
1645 1949 1961 2002 extrinsecus
1999 1953 2195 2014 produ-

686 2015 802 2058 ctus
834 2022 1059 2077 nonest,
1099 2013 1287 2068 similis
1312 2015 1394 2067 illi
1428 2026 1525 2069 est.
1563 2017 1940 2085 Argumentum
1976 2013 2191 2073 lucreti-

683 2093 886 2130 carum.

690 2191 851 2257 Quid,
874 2193 1145 2263 inquiunt,
1178 2207 1261 2252 est
1295 2202 1641 2268 praestantius
1677 2202 1730 2256 in
1759 2201 1900 2258 Deo?
1948 2203 2055 2258 Aut
2088 2221 2195 2275 quo

613 2291 772 2349 pacto
803 2286 1032 2338 nouerit
1066 2290 1237 2342 nostri
1265 2290 1477 2356 similis,
1524 2292 1566 2345 si
1603 2293 1765 2347 etiam
1820 2295 1931 2363 ipse
1979 2312 2043 2351 ex
2097 2312 2192 2351 sua

612 2375 919 2430 substantia
952 2379 1124 2449 gignit
1146 2378 1363 2445 Filium,
1401 2382 1625 2451 perinde
1653 2394 1819 2454 atque
1866 2386 2002 2440 nos?
2059 2388 2194 2441 Cum

613 2482 742 2521 vero
772 2478 979 2523 tantum
1017 2472 1309 2527 humanam
1348 2485 1597 2529 naturam
1647 2477 1895 2544 excedat,
1933 2489 2193 2548 quantum

612 2574 914 2628 creaturas,
954 2583 1295 2637 nequaquam
1325 2584 1422 2623 nos
1462 2570 1786 2637 imitabitur,
1838 2588 2013 2641 neque
2054 2574 2194 2629 sicut

612 2654 811 2724 aliquis
839 2667 1081 2711 nostrmn
1118 2674 1181 2712 ex
1213 2663 1449 2715 essentia
1501 2678 1601 2715 sua
1657 2663 1919 2732 producet
1973 2663 2192 2731 Filium,

612 2746 708 2799 sed
738 2748 1080 2804 exuinsecus
1100 2752 1420 2806 constituet.
1451 2751 1602 2818 Quod
1633 2754 1677 2808 si
1712 2754 1783 2807 ita
1811 2765 1915 2821 est,
1949 2754 2193 2809 dissimi-

612 2835 679 2890 lis
705 2848 853 2891 certe
879 2839 1003 2895 erit.

1106 2951 1313 3007 Salutio
1362 2953 1694 3024 objectiouis.

679 3058 917 3115 Dixerim
942 3063 1191 3130 equidem
1214 3067 1409 3122 merito
1445 3068 1563 3123 istis
1594 3069 1843 3123 hostibus
1866 3069 2068 3124 Christi
2104 3088 2119 3123 :
2150 3071 2195 3125 si

608 3152 665 3207 in
689 3154 1004 3208 universum
1033 3155 1175 3210 Deus
1199 3172 1416 3213 onmem
1446 3160 1858 3215 similitudinem
1915 3162 2195 3216 nobiscqu

611 3243 842 3309 respuit,
870 3244 1015 3296 nulla
1036 3246 1199 3299 etiam
1224 3248 1434 3303 ratione
1454 3265 1575 3318 qua:
1611 3251 1815 3306 homini
1868 3252 2199 3305 conveniunt

609 3336 865 3404 gestabit.
898 3335 954 3390 Si
990 3338 1133 3391 enim
1166 3338 1344 3394 dicent
1366 3341 1603 3395 divinam
1638 3343 1932 3397 essentiam
1954 3358 2058 3396 non
2081 3358 2201 3396 om-

613 3426 742 3478 nino
766 3439 795 3477 a
824 3436 1011 3479 nostra
1040 3427 1344 3494 discedere,
1384 3431 1564 3485 inanis
1626 3432 1845 3487 illorum
1903 3433 2201 3501 propositio

611 3528 732 3566 esse
756 3514 1207 3582 deprehendetur,
1267 3534 1493 3590 qumque
1537 3520 1870 3576 confessioni
1920 3522 2021 3589 ipsi
2056 3520 2201 3576 refu-

613 3603 872 3659 tationem
905 3608 1245 3676 conjunctam
1268 3596 1275 3601 ’
1300 3612 1520 3667 habeat.
1564 3611 1621 3665 Si
1655 3624 1839 3665 autem
1878 3612 1932 3666 in
1966 3613 2032 3667 iis
2080 3627 2200 3682 quae

614 3695 773 3750 nobis
808 3697 1077 3765 objiciunt
1141 3700 1387 3768 imperite
1438 3703 1906 3773 pertinaciterque
1968 3704 2197 3769 luerent,

609 3787 795 3841 dicant
825 3789 1001 3854 nobis,
1030 3804 1169 3846 anne
1200 3793 1361 3846 homo
1377 3795 1683 3849 substantia
1721 3794 1813 3858 sit,
1852 3810 1950 3849 cur
1968 3810 2074 3849 non
2102 3810 2200 3849 ne-

608 3889 738 3945 gant
769 3878 925 3948 132
955 3880 1119 3933 Deum
1158 3884 1518 3937 substantiam
1545 3883 1789 3937 esse?Et
1842 3900 2031 3938 rursus
2075 3900 2197 3938 cum

613 3970 777 4022 homo
816 3972 1097 4027 rationalis
1119 3973 1212 4037 sit,
1245 3974 1454 4028 faciant
1486 3974 1557 4029 illi
1590 3974 1761 4028 Deum
1794 3974 2187 4039 irrationalem,

611 4068 669 4109 ut
696 4057 934 4111 humana
973 4072 1211 4129 respuat.
1274 4060 1330 4114 Si
1369 4076 1495 4115 vero
1544 4077 1667 4115 cum
1723 4075 1821 4113 nos
1861 4060 1979 4113 haec
2007 4060 2198 4123 simus,

612 4147 755 4203 Deus
786 4150 949 4203 etiam
988 4151 1089 4205 hoc
1130 4158 1212 4205 est
1245 4166 1260 4202 :
1302 4167 1407 4205 non
1456 4151 1562 4205 erit
1613 4149 1826 4203 alienus
1863 4164 1892 4201 a
1933 4149 2201 4218 gignendo

609 4253 676 4291 ex
698 4253 756 4291 se
787 4237 1006 4303 Filium,
1066 4240 1335 4309 siquidem
1398 4242 1468 4293 ita
1499 4256 1595 4294 nos
1621 4239 1915 4308 gignimus.
1978 4239 2046 4289 At
2070 4253 2200 4291 vero

611 4332 793 4398 potius
821 4332 1229 4402 intelligendum
1260 4344 1380 4385 erat
1407 4329 1550 4398 quod
1588 4330 1680 4396 qui
1716 4328 1784 4381 ad
1842 4327 2198 4383 imitationem

612 4423 807 4476 divina!
836 4431 1042 4477 naturae
1067 4424 1222 4492 juxta
1253 4420 1542 4488 imaginem
1564 4418 1707 4470 illius
1737 4416 1864 4470 facti
1884 4417 2201 4480 sumus,hoc

2370 1872 2541 1936 ἐστιν
2570 1872 2791 1947 ὄὙὶὸς,
2823 1882 2919 1933 καὶ
2955 1882 3064 1932 οὐκ
3103 1872 3345 1941 ἔξωθεν,
3390 1872 3687 1947 καθάπερ
3720 1873 3779 1947 οἱ
3808 1886 3927 1936 χριο

2372 1951 2661 2023 σςτομάχοι
2694 1939 2904 2023 φασιν,
2923 1939 3162 2023 Ἐςτειδ
3189 1946 3393 2023 δὲβοὺκ
3419 1944 3692 2023 ἔξωθεν,
3722 1939 3929 2008 ὅμοιος

2370 2017 2503 2089 ἄρα.
2537 2017 2830 2089 Πρότὶισις
2866 2020 2947 2085 ὡς
2976 2019 3043 2071 ἐκ
3073 2017 3192 2071 τῶν
3218 2017 3564 2084 αἱρετικῶν.

2371 2197 2483 2251 Καὶ
2511 2195 2561 2251 τί
2585 2197 2646 2250 τὺ
2671 2197 2849 2261 πλέον,
2888 2195 3072 2266 φασὶν,
3100 2211 3159 2247 εν
3181 2192 3335 2263 Θεῷ;
3368 2190 3501 2252 Πῶς
3532 2189 3598 2242 δὲ
3634 2188 3751 2239 οὐκ
3781 2185 3935 2237 ἔσται

2302 2287 2422 2341 καθ’
2452 2290 2619 2358 ἡμᾶς,
2650 2291 2696 2341 εί
2745 2288 2841 2340 καὶ
2887 2287 3047 2350 αὑτὸς
3093 2288 3157 2338 ἐκ
3198 2285 3297 2354 τῆς
3338 2282 3539 2343 οὐσίας
3576 2278 3693 2349 τῆς
3730 2274 3932 2329 ἑαυτοῦ

2301 2382 2475 2435 τίκτει
2520 2381 2612 2433 τὸν
2642 2378 2793 2441 Υίδν,
2818 2379 3008 2447 ῶσπερ
3038 2376 3134 2429 καὶ
3164 2377 3360 2445 ἡμεῖς;
3404 2370 3655 2438 Ἐπειδὴ
3707 2368 3775 2420 δὲ
3826 2366 3935 2419 ἀνω

2301 2474 2401 2543 τῆς
2447 2471 2792 2543 ἀνθρωπείας
2847 2472 3061 2539 φύσεως
3108 2465 3362 2520 τοσοῦτόν
3407 2465 3594 2524 ἐστιν,
3638 2461 3783 2512 ὅσον
3828 2456 3937 2509 τῶν

2302 2562 2545 2633 γενητῶν
2587 2562 2881 2633 ὑπερέχει,
2931 2561 2993 2613 οὑ
3040 2560 3105 2612 τὰ
3154 2557 3310 2628 ἡμῶν
3367 2556 3743 2625 μιμήσεταν
3818 2549 3938 2603 οὑδὲ

2302 2658 2491 2728 ὥσπερ
2520 2674 2601 2719 τις
2628 2654 2736 2707 τῶν
2768 2653 2890 2707 καθ’
2919 2654 3067 2724 ἡμᾶς
3097 2654 3159 2704 ἐκ
3199 2652 3299 2719 τῆς
3330 2648 3530 2710 οὐσίας
3567 2646 3685 2714 τῆς
3735 2646 3937 2696 ἑαυτου

2304 2749 2567 2819 προϐαλεῖ
2586 2747 2676 2800 τὸν
2693 2748 2840 2811 Υῐὸν,
2859 2746 2972 2799 ἀλλ’
2988 2744 3185 2809 ἔξωθεν
3209 2742 3539 2811 ὑποστήσει.
3564 2738 3634 2790 Ei
3660 2738 3728 2790 δὲ
3753 2734 3919 2789 τοῦτο

2304 2842 2397 2892 καὶ
2419 2839 2669 2909 ἀνόμοιος
2695 2838 2820 2908 ἀρα.

2790 2945 2943 3015 Πρὸς
2983 2944 3170 3000 ταῦτα
3208 2943 3413 3007 λύσις.

2388 3059 2645 3130 Ἐροίμην
2674 3057 2739 3111 ἂν
2754 3056 2980 3119 δικαίως
2994 3056 3121 3118 τοὺς
3145 3053 3586 3125 χριπομάχους,
3625 3050 3681 3102 εξ
3721 3048 3941 3101 παντάο

2224 3178 2267 3235 c
2306 3168 2437 3203 πασι
2483 3151 2582 3220 τὴν
2637 3149 2772 3220 πρὸς
2821 3150 2971 3219 ἡμᾶς
3016 3146 3275 3217 ὁμοίωσιν
3323 3144 3711 3214 παραιτεῖται
3746 3140 3945 3235 ⁸Θεῷ,

2300 3242 2393 3295 καὶ
2446 3243 2564 3294 κατ’
2599 3241 2789 3293 οὑδένα
2836 3239 3036 3310 τρόπον
3090 3237 3160 3289 τὰ
3210 3235 3489 3306 ἀνθρώπῳ
3558 3232 3946 3303 προσήκοντα

2302 3332 2542 3402 φορέσει.
2565 3330 2626 3383 El
2664 3331 2762 3399 μὲν
2790 3329 2898 3399 γὰρ
2927 3328 3110 3399 ἐροῦσι
3149 3326 3223 3398 μὴ
3256 3326 3434 3394 παντη
3468 3323 3590 3375 τῶν
3628 3322 3946 3392 ἡμετέρων

2300 3422 2598 3490 ἀποφοιτᾷν
2628 3419 2727 3491 τὴν
2758 3419 2908 3472 θείαν
2937 3419 3147 3485 οὑσίαν,
3195 3417 3363 3479 ἕωλος
3405 3416 3605 3477 αὑτοῖς
3644 3415 3682 3482 ἡ
3722 3414 3946 3484 πρόταο

2303 3530 2387 3575 σις
2418 3512 2799 3581 εὑρεθήσεται,
2832 3510 2987 3563 λύσιν
3013 3509 3214 3579 ἔχουσα
3241 3508 3340 3578 τὴν
3367 3505 3556 3559 αὑτῶν
3596 3504 3944 3575 ὁμολογίαν.

2301 3606 2365 3657 Εἰ
2400 3604 2455 3656 δὲ
2486 3604 2837 3671 ἐπιμένουσιν
2880 3599 3112 3670 ἀμαθῶς
3140 3594 3220 3660 οἷς
3256 3596 3661 3668 προτείνουσιν
3715 3593 3950 3648 ἐνιστά-

2304 3711 2477 3765 μενοι,
2507 3693 2815 3761 λεγέτωσαν
2843 3693 2997 3763 ημῖν,
3023 3692 3070 3743 εἰ
3106 3689 3181 3760 μὴ
3210 3691 3239 3742 ό
3262 3688 3563 3757 ἄνθρωπος
3586 3687 3777 3741 οὐσία
3804 3686 3947 3740 ἐστξς

2301 3789 2411 3841 Καὶ
2436 3785 2597 3838 πάλιν
2624 3785 2918 3855 ἐπειδήπερ
2943 3783 3159 3851 λογικὸς
3189 3785 3218 3836 ὁ
3252 3782 3576 3852 ἄνθρωπος,
3620 3780 3789 3833 ἔστω
3812 3780 3948 3838 Θεὸς

2301 3880 2421 3933 κατ’
2452 3876 2691 3939 ἐκείνους
2720 3876 2933 3943 ἀλογος,
2958 3877 3047 3929 ἵνα
3078 3875 3421 3945 παραιτῆται
3459 3872 3533 3925 τὰ
3563 3872 3945 3943 ἀνθρώπινα.

2300 3971 2365 4022 Ei
2387 3970 2443 4022 δὲ
2466 3971 2522 4021 ἐν
2544 3967 2753 4030 τούτοις
2782 3966 2948 4020 ὅντων
2981 3966 3160 4038 ἡμῶν,
3181 3969 3239 4019 ἐν
3265 3965 3457 4026 αὑτοῖς
3483 3965 3612 4017 ἐστι
3648 3964 3761 4017 καὶ
3786 3964 3947 4025 Θεὸς,

2299 4060 2362 4112 οὐ
2392 4058 2786 4129 παραιτήσεται
2820 4058 3015 4127 γεννᾷν
3042 4055 3102 4121 ἐξ
3133 4055 3331 4110 ἑαυτοῦ
3366 4055 3465 4107 τὸν
3501 4055 3678 4118 Υἱὺν,
3710 4055 3950 4121 ἐπειδήο

2302 4166 2407 4219 περ
2441 4148 2580 4200 οὑτω
2617 4150 2877 4217 τὶκτομεν
2919 4146 3264 4216 ἡμεῖς.Ἕδει
3300 4146 3414 4216 γὰρ
3466 4145 3695 4215 μᾶλλον
3731 4148 3952 4198 ἐννοεῖν

2300 4238 2385 4289 ὅτι
2431 4236 2571 4288 κατά
2622 4235 2855 4306 μίμησιν
2905 4235 3006 4305 τῆς
3045 4232 3197 4295 θείας
3225 4231 3451 4301 φύσεως
3485 4232 3540 4283 οἱ
3573 4231 3718 4283 κατ’
3753 4232 3954 4283 εἰκόνα

2299 4325 2584 4394 γεγονότες
2617 4326 2806 4395 αὑτῆς,
2831 4323 3109 4377 καὶτοῦτο
3142 4324 3285 4394 μετὰ
3332 4323 3446 4376 τῶν
3498 4323 3697 4377 ἄλλων
3736 4324 3955 4389 xeat-:5;-

2304 4415 2696 4486 μεθα.Ἐπειδὴ
2727 4416 2785 4469 δὲ
2817 4415 3035 4468 τέτοκεν
3066 4414 3126 4479 ἐξ
3155 4414 3356 4466 ἑαυτοῦ
3388 4414 3489 4467 τὸν
3512 4414 3682 4478 Υἱδν,
3721 4414 3831 4467 καὶ
3854 4412 3961 4464 οὑκ

611 4514 773 4566 ctiam
800 4526 997 4582 praeter
1032 4514 1138 4567 alia
1172 4511 1453 4567 consecuti
1478 4524 1692 4562 smnus.
1726 4508 1863 4562 Cum
1891 4520 2073 4562 autem
2102 4526 2192 4581 ge-

2311 4505 2498 4574 ἔξωθεν
2537 4506 2903 4576 ὑπεστήσατο,
2940 4506 3157 4575 ἀνάγκη
3193 4504 3384 4559 δοῦναι
3416 4505 3485 4558 τὸ
3520 4507 3734 4576 ὅμοιον
3772 4502 3953 4572 αὐτῷ.

614 4606 792 4659 nuerit
824 4622 889 4660 ex
956 4622 1017 4663 se
1072 4605 1294 4670 Filium,
1360 4614 1415 4658 et
1449 4617 1558 4657 non
1599 4602 1941 4655 extrinsecus
1994 4616 2116 4658 eum
2159 4603 2524 4668 constituerit,
2584 4601 2952 4657 necessarium
2996 4600 3157 4670 plane
3218 4610 3278 4654 ut
3338 4599 3501 4655 illum
3558 4600 3830 4655 similem
3904 4599 3957 4653 ei

612 4698 1040 4755 constituamus.

1302 4810 1538 4866 ALIUD.

977 4902 1064 4958 Ea:
1094 4901 1388 4971 objectione
1417 4899 1811 4954 Itwreticorum.

681 5038 751 5090 At
789 5053 906 5102 nos,
936 5036 1214 5106 inquiunt,
1234 5033 1414 5086 ~veluti
1454 5033 1679 5087 materia
1709 5037 1939 5104 quadam
2000 5052 2119 5105 qua:
2168 5054 2197 5091 a

613 5143 877 5195 corporea
914 5136 1108 5178 natura
1172 5123 1547 5190 suppeditatur
1599 5132 1829 5189 utentes,
1876 5127 2078 5195 prolem
2131 5144 2197 5183 ex

614 5221 777 5273 nobis
834 5217 1146 5286 gignimus;
1194 5214 1648 5281 quemadmodum
1725 5220 1938 5284 quando
1999 5220 2199 5288 aliquid

612 5322 771 5362 extra
804 5321 901 5359 nos
937 5313 1254 5357 construere
1286 5304 1551 5371 volumus,
1588 5320 1808 5376 accepta
1867 5312 2089 5364 materia
2149 5311 2200 5364 id

614 5400 873 5453 facimus.
908 5394 1052 5447 Deus
1074 5405 1199 5448 vero
1227 5408 1348 5448 cum
1385 5396 1455 5450 sit
1481 5396 1641 5465 plane
1671 5398 2039 5466 incorporeus,
2079 5399 2200 5451 nul-

616 5491 728 5542 lam
766 5501 834 5541 ex
861 5499 922 5539 se
951 5485 1195 5539 materia;
1222 5487 1547 5541 alllueutiam
1581 5488 1740 5540 habet
1789 5497 1842 5540 ut
1904 5490 2083 5557 gignat
2115 5487 2206 5541 Fi-

613 5579 751 5631 limn
793 5591 807 5627 :
859 5573 958 5628 sed
990 5588 1057 5628 ex
1094 5575 1264 5630 nihilo
1291 5586 1461 5633 creat.
1491 5577 1757 5633 Omnibus
1787 5578 1968 5645 itaque
1995 5578 2062 5631 iis
2088 5594 2208 5644 quze

625 5677 833 5722 nostrae
860 5667 1270 5723 consuetudinis
1323 5679 1445 5723 sunt
1481 5668 1717 5738 rejectis,
1749 5685 1851 5722 non
1886 5683 1949 5723 cx
1998 5683 2054 5722 sc
2083 5684 2205 5738 pro-

694 5785 757 5815 ιτ·
789 5781 980 5837 Matth.
1014 5799 1088 5851 xi,
1114 5782 1202 5837 27.

2986 4801 3195 4856 AAAO.

2489 4917 2570 4980 Ως
2605 4914 2673 4978 ἐξ
2712 4914 3073 4981 ἀντιθέσεως
3109 4914 3230 4968 τῶν
3269 4920 3769 4989 χριστομάχων.

2389 5050 2600 5119 Ἡμεῖς,
2630 5050 2813 5117 φασιν,
2847 5050 3038 5122 ὥσπερ
3072 5052 3171 5122 ὕλῃ
3197 5053 3309 5106 τινὶ
3340 5057 3472 5118 ταῖς
3504 5058 3577 5109 ὲκ
3607 5060 3719 5129 τῆς
3764 5077 3963 5131 σωμα-

2300 5142 2461 5211 τικῆς
2491 5139 2704 5209 φύσεως
2731 5140 3019 5211 χορηγίαις
3055 5142 3553 5213 ἀποκεχρημένοι,
3582 5150 3874 5218 τίκτομεν
3906 5150 3961 5213 ἐξ

2304 5230 2511 5285 ἑαυτῶν
2530 5231 2596 5282 τὰ
2621 5234 2936 5301 γεννήματα
2952 5247 2963 5259 °
2999 5233 3100 5285 κᾶν
3119 5250 3172 5283 τι
3195 5234 3310 5287 τῶν
3330 5236 3555 5299 ἔξωθεν
3590 5243 3964 5294 κατασκευά·

2306 5324 2419 5386 ζειν
2472 5320 2842 5390 ἐθελήσωμεν,
2898 5322 3032 5392 ὕλην
3084 5324 3354 5388 λαϐόντες
3418 5328 3601 5382 τοῦτο
3652 5332 3960 5401 ποιοῦμεν.

2306 5412 2437 5472 Θεὸς
2480 5410 2536 5461 δὲ
2588 5411 2866 5474 παντελῶς
2900 5413 3191 5483 ἀσώματος
3220 5414 3322 5476 ῶν,
3360 5416 3511 5489 ὕλης
3548 5422 3663 5488 μέν
3701 5440 3866 5487 τινος
3911 5422 3966 5484 ἐξ

2308 5499 2501 5553 ἑαυτοῦ
2552 5501 2814 5570 χορηγίαν
2864 5504 2965 5555 οὑκ
3016 5504 3151 5573 ἔχει,
3184 5504 3277 5557 ἵνα
3321 5507 3469 5579 τέκῃ
3518 5512 3627 5563 τὸν
3667 5498 3965 5582 Υίὸνςδη·

2320 5591 2567 5658 μιουργεί
2607 5588 2662 5640 δὲ
2710 5588 2770 5652 ἐξ
2816 5591 2917 5643 οὑκ
2948 5591 3138 5644 ὄντων.
3166 5592 3390 5646 Οὑκοῦν
3435 5596 3646 5653 πάντα
3700 5600 3780 5653 τά
3832 5601 3939 5653 καθ

2318 5680 2463 5749 ἡμᾶς
2490 5679 2938 5750 παραιτούμενος,
2979 5681 3103 5736 οὔτε
3143 5684 3201 5751 ἐξ
3250 5686 3465 5741 ἑαυτοῦ
3501 5692 3841 5763 προϐάλλει
3879 5693 3965 5751 τὸν
