4072 6534
147 352 267 430 εει
1589 382 1716 436 'l'llE

1824 378 2025 443 URUS.
3324 384 3433 440 2‘32

146 495 325 562 Υίὸν,
358 496 479 551 οὔτε
508 497 566 566 ἐξ
594 498 726 571 ὕλης
754 502 1223 571 προϋποκειμένης
1255 501 1545 573 ὲργάξεταί
1574 502 1716 553 τιτῶ

1820 501 2003 561 ,όυεὶι
2037 498 2259 565 Filium;
2299 514 2475 569 neque
2532 499 2831 571 quidquam
2884 516 3071 558 eorum
3126 517 3244 570 quae
3277 515 3429 569 sunt,

140 585 344 640 ὄντων
364 604 377 618 ·
409 589 525 642 ἀλλ’
548 589 746 655 ἔξωθεν
770 592 835 644 τὰ
866 592 1041 645 πάντα
1068 593 1203 662 πρὸς
1225 592 1283 646 τὸ
1312 590 1449 646 εἶναι
1472 593 1627 646 καλεῖ
1650 595 1710 645 σὺ

1846 603 1909 643 ex
1946 588 2291 657 praesuhjecta
2312 589 2533 643 materia
2570 597 2857 657 operatur;
2915 592 3009 644 sed
3073 593 3416 648 extrinsecus

145 677 303 750 Υἱῷ.
340 682 403 733 Ei
437 682 491 736 δὲ
520 683 696 748 τοῦτο,
728 685 818 736 καὶ
848 686 1095 756 ἀνόμοιος
1122 687 1249 757 ἄρα.

1846 681 2023 734 omnia
2057 680 2122 733 ad
2152 696 2271 734 esse
2298 689 2474 743 vocat,
2510 695 2723 749 unaque
2750 678 3044 733 etFilinm.
3081 681 3231 747 Quod
3272 684 3318 737 si
3352 685 3423 737 ita

1851 780 1959 837 est,
1992 769 2271 825 dissimilis
2302 770 2466 838 igitur
2495 778 2599 824 est.

650 876 805 944 Πρὸς
842 879 1019 933 τοῦτο
1053 881 1254 946 λύσις.
1654 902 1659 907 ·

2335 882 2539 935 Salutio
2593 880 2921 949 objectionis.

1911 995 1979 1046 At
2011 1008 2241 1061 quonam
2277 1003 2456 1061 pacto,
2491 993 2613 1045 boni
2640 992 2761 1055 viri,
2800 991 3114 1060 uuigenitus
3171 991 3275 1044 erit
3331 990 3422 1043 Fi-

1843 1085 1963 1149 lius,
1999 1087 2041 1139 si
2067 1085 2229 1137 etiam
2261 1087 2373 1152 ipse
2401 1085 2762 1149 extrinsecus,
2794 1094 2850 1136 ttt
2878 1085 3081 1153 reliqua
3110 1084 3312 1146 omnia,
3343 1081 3424 1136 fa-

1841 1187 1959 1228 ctus
1987 1175 2104 1227 est?
2126 1174 2231 1227 Aut
2260 1189 2368 1242 quo
2402 1186 2559 1242 pacto
2590 1174 2641 1225 in
2677 1174 2987 1227 universum
3041 1171 3208 1224 Filius
3242 1182 3345 1237 est,
3374 1171 3421 1224 si

1838 1281 1903 1321 ex
1930 1267 2043 1335 ipsa
2080 1266 2338 1335 genitoris
2365 1264 2666 1319 substantia
2704 1279 2807 1318 non
2837 1263 3086 1316 exsistit?
3145 1261 3200 1316 Si
3278 1259 3419 1316 enim

1837 1372 1898 1411 ea
1932 1372 2050 1426 qua:
2079 1372 2143 1411 ex
2180 1355 2369 1420 nihilo,
2416 1356 2531 1410 sive
2566 1355 2905 1410 extrinsecus
2935 1364 3117 1408 creata
3146 1362 3295 1418 sunt,
3361 1355 3420 1406 ti-

1838 1446 1890 1499 lii
1919 1447 2078 1500 etiam
2105 1445 2285 1498 vocari
2319 1453 2505 1499 etesse
2526 1452 2771 1513 possunt,
2808 1442 2940 1497 nihil
2965 1452 3135 1505 certe,
3167 1452 3224 1496 ut
3250 1457 3422 1508 appa-

1838 1544 1937 1595 ret,
1966 1533 2237 1587 obstiterit
2275 1532 2564 1600 quominus
2594 1532 2772 1585 munia
2806 1542 2990 1586 creata
3013 1532 3103 1584 [itii
3131 1542 3417 1587 vocentur.

228 986 348 1039 Kal
376 987 490 1050 πῶς
516 989 669 1057 ἡμῖν,
696 982 741 1042 ὧ
768 992 1022 1057 γενναῖοι,
1057 994 1352 1063 μονογενὴς
1380 996 1554 1059 ὁΥίδς
1584 996 1742 1067 εὑρε-

135 1072 411 1143 Οήσεται,
452 1078 500 1128 εί
529 1078 622 1131 καὶ
647 1079 805 1142 αὐτὸς
832 1080 1028 1144 ἔξωθεν
1059 1082 1248 1153 ὥσπερ
1277 1086 1346 1137 τὰ
1376 1085 1550 1138 πάντα
1583 1087 1700 1138 ὲστί
1723 1104 1738 1152 ;

132 1165 285 1229 Πῶς
318 1166 376 1219 δὲ
412 1168 548 1231 ὅλως
589 1170 713 1231 Υἱὸς
748 1172 777 1223 ὁ
809 1172 884 1241 μὴ
915 1174 977 1225 ἐκ
1010 1174 1109 1243 τῆς
1140 1176 1325 1238 οὐσίας
1358 1176 1617 1246 ὑπάρχων
1648 1178 1738 1229 τοῦ

128 1261 581 1329 γεγεννηκότος;
612 1263 676 1316 El
706 1262 805 1333 μὲν
850 1260 944 1318 οὖν
984 1265 1259 1336 ἐνδέχεται
1305 1268 1398 1321 καὶ
1440 1267 1508 1322 τὰ
1547 1268 1604 1334 ἐξ
1639 1270 1738 1322 οὐκ

126 1348 326 1403 ὄντων
350 1352 468 1422 ἦτοι
498 1353 697 1418 ἔξωθεν
725 1357 986 1423 γεγονότα
1010 1358 1287 1412 καλεῖσθαι
1314 1359 1412 1413 καὶ
1432 1355 1571 1412 εἶναι
1596 1361 1741 1414 κατὰ

128 1440 320 1509 φύσιν
354 1444 523 1507 υἱοὺς,
555 1446 730 1511 οὐδὲν,
762 1448 837 1510 ὡς
868 1448 1032 1515 ἔοικε,
1065 1450 1297 1503 κωλύσει
1332 1452 1509 1505 πάντα
1542 1452 1609 1505 τὰ
1639 1470 1736 1505 πε-

126 1532 429 1602 ποιημένα
467 1535 749 1590 καλεῖσθαι
775 1540 1111 1610 γεννήματα.
1149 1540 1255 1592 Καὶ
1285 1540 1470 1593 οὐκέτι
1520 1559 1735 1611 μονογε-

127 1622 245 1691 νὴς
274 1627 306 1677 ὁ
334 1624 483 1689 Υἱὸς,
510 1628 738 1691 πολλοὺς
764 1628 902 1699 ἔχων
930 1632 1055 1694 τοὺς
1088 1631 1352 1700 ἀδελφοὺς
1387 1634 1528 1686 κατὰ
1551 1633 1710 1701 φύσιν

1835 1624 1943 1677 Nec
1970 1625 2081 1692 jam
2104 1623 2331 1690 amplius
2357 1623 2459 1677 dici
2493 1622 2693 1690 poterit
2730 1623 3037 1690 unigenitns
3066 1622 3254 1688 Filius,
3283 1624 3422 1677 mul-

127 1712 203 1766 Εἰ
248 1716 313 1769 δὲ
339 1717 439 1771 οὐκ
464 1718 761 1789 ἐνδέχεται,
796 1721 954 1791 μόνος
982 1722 1039 1775 δέ
1078 1726 1192 1776 ἐστι
1229 1724 1540 1795 μονογενὴς,
1576 1726 1716 1796 ἐξηλ-

1838 1722 1920 1767 tos
1951 1713 2247 1767 secundum
2284 1721 2528 1763 naturam
2565 1712 2778 1764 habens
2815 1710 3031 1765 fratres.
3063 1713 3127 1765 At
3156 1712 3200 1765 si
3222 1713 3272 1765 id
3301 1712 3417 1764 ﬁeri

127 1807 430 1877 Ααγμένην
461 1809 567 1880 ἄρα
600 1810 777 1881 πάντη
825 1811 925 1880 τὴν
969 1812 1203 1884 ὕπαρξιν
1247 1814 1382 1884 ἔχει,
1414 1815 1509 1884 οὐχ
1542 1815 1716 1886 ὥσπερ

1835 1819 1938 1857 non
1989 1810 2191 1871 potest,
2233 1803 2327 1854 sed
2372 1801 2519 1855 solus
2563 1810 2645 1854 est
2706 1802 3041 1872 unigenitus,
3092 1802 3417 1870 peculiarem
3484 1858 3485 1861 η

125 1898 333 1950 ἐκεῖνα
381 1900 516 1970 πρὸς
557 1903 616 1955 τὸ
654 1899 792 1958 εἶναι
836 1903 1194 1974 κεκλημένος,
1242 1905 1358 1958 ἀλλ’
1383 1905 1458 1969 ὼς
1486 1906 1611 1970 Υἱὸς
1665 1907 1716 1958 ὲ)

1837 1892 1998 1961 igitur
2042 1891 2260 1944 omnino
2321 1891 2699 1944 exsistentiam
2751 1893 2943 1954 habet;
2995 1907 3098 1945 non
3155 1894 3416 1960 quemad-

128 1990 366 2062 Πατρδς
395 1993 674 2063 προελθὼν
709 1996 975 2066 φυσικῶς,
1004 1997 1097 2050 καὶ
1120 1997 1209 2051 διὰ
1236 1998 1396 2051 τοῦτο
1426 1998 1632 2069 ὅμοιος.

832 2255 1036 2309 ΑΛΛΟ.

203 2362 279 2414 Ei
311 2363 491 2416 πάντα
524 2364 582 2430 ἐξ
613 2364 712 2417 οὐκ
744 2363 913 2419 ὄντων
956 2366 1095 2431 ἐστὶ,
1137 2368 1228 2420 καὶ
1273 2366 1410 2434 μετὰ
1444 2370 1662 2422 πάντων
1697 2370 1726 2422 ὀ

132 2452 296 2515 Υἱὸς,
328 2452 416 2505 διὰ
443 2453 598 2507 ποίαν
630 2456 808 2509 αἰτίαν
829 2460 857 2510 ὁ
890 2458 986 2527 μὲν
1011 2457 1169 2526 φύσει
1195 2458 1418 2529 Κύριος,
1450 2460 1517 2512 τὰ
1546 2459 1602 2512 δὲ
1628 2460 1726 2527 φύ-

126 2562 221 2597 σει
253 2546 446 2611 δοῦλα;
474 2547 546 2599 Ἢ
569 2546 678 2617 γὰρ
701 2547 771 2600 τὰ
794 2549 970 2601 πάντα
996 2550 1275 2619 κυριότητι
1303 2551 1367 2618 τῇ
1398 2550 1538 2603 κατὰ
1562 2552 1724 2618 φύσιν

132 2635 405 2704 τιμᾶσθαι
440 2636 647 2689 δίκαιον
679 2637 777 2707 τὴν
817 2638 984 2709 αὐτὴν
1017 2638 1209 2709 ἔχοντα
1237 2639 1450 2708 γένεσιν
1486 2640 1566 2710 τῷ
1585 2638 1718 2709 Υίῷ,

125 2725 157 2795 ἢ
201 2727 304 2779 καὶ
326 2726 485 2778 αὑτὸν
519 2728 655 2797 μετὰ
687 2729 905 2781 πάντων
940 2729 1014 2793 ὡς
1041 2729 1226 2783 δοῦλον
1256 2726 1394 2784 εἷναί
1422 2749 1481 2784 τε
1510 2733 1605 2785 καὶ
1635 2732 1723 2785 λέ-

133 2818 351 2887 γεσθαι.
386 2819 499 2871 Νῦν
529 2820 585 2872 δὲ
619 2820 717 2890 οὐχ
765 2821 982 2891 ὁρῶμεν
1016 2822 1174 2875 τοῦτο
1204 2823 1579 2893 κηρύττουσαν
1621 2806 1720 2894 τὴν

126 2909 290 2962 θείαν
325 2910 567 2980 Γραφήν.
588 2910 747 2963 Ἀλλὰ
771 2911 973 2983 Κύριον
1002 2912 1101 2982 μὲν
1130 2913 1271 2966 κατὰ
1299 2913 1462 2982 φύσιν
1492 2911 1599 2967 οῐδε
1626 2914 1717 2967 τὸν

134 3001 289 3066 Υίδν,
323 3001 483 3054 δοῦλα
516 3002 571 3055 δὲ
599 3002 666 3055 τὰ
696 3005 998 3074 ποιήματα,
1028 3004 1283 3072 λέγουσα,
1313 3006 1394 3059 ὅτι
1423 3023 1442 3057 ι
1468 3006 1550 3059 Τὰ
1579 3005 1716 3076 σύμ-

128 3111 316 3147 παντα
337 3093 499 3147 δοῦλα
534 3095 619 3148 σά.
648 3113 666 3145 ι
692 3096 799 3148 Καὶ
825 3095 1006 3158 πάλιν,
1031 3096 1167 3167 μετὰ
1197 3096 1409 3168 Πατρδς
1438 3096 1714 3168 ὑμνούμε-

1834 1981 2051 2033 modum
2103 1980 2205 2033 alia
2267 1980 2332 2033 ad
2371 1994 2493 2033 esse
2538 1991 2786 2045 vocatus,
2852 1982 2947 2036 sed
3000 1990 3060 2035 ut
3104 1982 3280 2035 Filius
3322 1998 3417 2036 na-

1833 2070 2079 2126 turaliter
2130 2084 2195 2124 ex
2246 2069 2407 2124 Patre
2436 2072 2756 2139 procedens,
2783 2080 2948 2141 atque
2983 2071 3193 2128 idcirco
3256 2070 3414 2128 simi-

1829 2159 1920 2214 iis.
3034 2150 3036 2152 ν

2471 2247 2703 2304 nuIUD.

1899 2356 1954 2412 Si
1988 2357 2166 2413 omnia
2189 2373 2252 2412 ex
2290 2356 2457 2412 nihilo
2508 2357 2767 2427 producta
2810 2366 2961 2421 sunt,
3018 2372 3234 2427 unaque
3287 2374 3409 2413 cum

1825 2448 2076 2502 omnibus
2092 2450 2254 2502 etiam
2285 2446 2480 2509 Filius,
2512 2462 2679 2515 quam
2704 2448 2772 2501 ob
2804 2463 3024 2502 causam
3076 2450 3163 2502 hic
3194 2451 3409 2518 quidem

1826 2548 1907 2593 est
1937 2550 2128 2592 natura
2170 2540 2450 2603 Dominus,
2514 2539 2601 2592 illa
2660 2554 2787 2593 vero
2820 2548 3007 2591 natura
3065 2540 3261 2593 serva?
3304 2542 3411 2595 Aut

1823 2631 1967 2686 enim
1989 2631 2375 2684 dominationis
2409 2631 2620 2684 titulum
2651 2631 2951 2684 naturalem
2983 2632 3205 2701 reliquis
3230 2632 3407 2684 etiam

1824 2716 2021 2772 deferri
2061 2733 2157 2787 par
2172 2727 2276 2782 est,
2304 2727 2487 2787 utpote
2514 2735 2633 2788 qua:
2666 2720 2916 2775 eumdem
2951 2735 3073 2772 cum
3139 2719 3279 2774 Filio
3319 2735 3413 2774 οι·-

1823 2817 1933 2862 tum
1965 2810 2237 2874 habeant;
2266 2819 2359 2862 aut
2396 2811 2571 2878 ipsum
2602 2827 2706 2864 una
2741 2826 2863 2865 cum
2928 2810 3149 2879 reliquis
3188 2826 3407 2864 servum

1819 2915 1943 2955 esse
1975 2910 2031 2954 et
2060 2901 2184 2954 dici.
2210 2902 2279 2955 At
2306 2917 2435 2956 vero
2461 2902 2706 2970 nuspiam
2744 2903 2795 2955 id
2823 2917 3031 2956 sacram
3068 2903 3406 2970 Scriptorum

1817 2990 1885 3044 de
1905 3005 1970 3044 eo
1992 2990 2282 3058 praedicare
2299 2993 2715 3060 comperiemus.
2745 2990 2851 3045 Sed
2881 2993 3161 3045 Dominum
3188 2993 3405 3060 quidem

1818 3082 2113 3135 secundum
2166 3091 2415 3135 naturam
2449 3082 2695 3151 agnoscit
2736 3080 2952 3145 Filium,
2983 3094 3265 3136 creaturas
3301 3098 3402 3133 au—

134 3201 221 3238 θον
256 3185 354 3237 καὶ
387 3184 820 3256 σπουδαζόμενον
863 3154 1136 3258 αὐτῷιτδν
1163 3188 1292 3241 Υίὸν
1317 3154 1581 3261 εἰσφέρει,
1616 3154 1716 3261 τὴν

1820 3171 1926 3227 lem
1950 3185 2158 3235 servas,
2188 3172 2410 3226 dicens:
2445 3190 2464 3222 ι
2500 3172 2692 3225 Omnia
2745 3173 2994 3227 serviunt
3028 3172 3125 3225 tibi
3155 3171 3221 3226 ⁸³.
3261 3191 3280 3224 ι
3337 3172 3406 3226 Et

130 3271 313 3326 κτίσιν
359 3273 416 3327 δὲ
459 3272 864 3342 δοξολογοῦσαν.
909 3276 1023 3329 Οὐκ
1071 3277 1178 3347 ἄρα
1223 3281 1336 3342 τοῖς
1388 3281 1553 3333 πᾶσιν
1602 3279 1715 3344 ίσος

131 3363 301 3426 ιστὶν,
332 3364 455 3417 οὐδὲ
505 3364 723 3431 ἔξωθεν,
754 3365 943 3436 ὥσπερ
988 3368 1191 3430 ἐκεῖνα,
1224 3369 1390 3422 ἀλλ’ὁ
1442 3370 1541 3439 μὲν
1587 3370 1713 3433 Υἱὸς

132 3456 274 3508 κατὰ
325 3455 508 3523 φύσιν,
552 3457 623 3510 τὰ
663 3457 720 3510 δὲ
762 3458 925 3511 δοῦλα
977 3460 1072 3512 καὶ
1117 3462 1413 3531 ποιήματα.
1456 3462 1612 3517 Οὕτω
1655 3464 1712 3516 δὲ

133 3543 324 3612 Ιἔχοντα
355 3545 448 3599 τὸν
478 3546 625 3614 Υἱὸν,
653 3546 706 3601 τί
736 3548 798 3602 τὸ
827 3549 1034 3603 κωλύον
1065 3550 1250 3620 ὅμοιον
1291 3549 1431 3607 εἶναι
1479 3552 1557 3623 τῷ
1602 3556 1712 3608 Πα-

140 3638 221 3707 cpt
241 3655 254 3667 ·

816 3925 1017 3978 ΑΛΛΟ.

213 4032 547 4105 Ἀγνοοῦσιν,
575 4034 650 4098 ὼς
679 4032 873 4099 ἔοικεν,
909 4039 957 4089 οἱ
983 4038 1262 4108 λογισμοῖς
1289 4038 1568 4104 ἀσυνέτοις
1608 4040 1708 4094 ἐπ-

138 4127 483 4198 ερειδόμενοι,
506 4125 597 4178 καὶ
621 4125 773 4196 ψόφῳ
792 4127 1052 4181 διακένων
1071 4131 1136 4198 ῥη
1147 4129 1379 4201 μάτωνῆ
1404 4134 1523 4195 ταῖς
1548 4134 1708 4202 ἀκρι-

136 4218 301 4283 ϐείαις
322 4219 433 4271 τῶν
458 4218 825 4289 θεωρημάτων
847 4220 1332 4290 ὲπικομπάζοντες,
1353 4223 1434 4275 ὅτι
1458 4223 1518 4275 τὸ
1540 4224 1707 4288 ὅντως

138 4308 191 4362 ὂν
216 4312 305 4363 καὶ
335 4311 460 4363 κατ’
492 4310 678 4363 οὐσίαν
709 4312 912 4363 τίκτειν
938 4310 1252 4381 δυνάμενον,
1276 4313 1336 4365 τὸ
1368 4313 1510 4366 Θεῖόν
1537 4315 1702 4369 ἐστιν,

138 4402 268 4454 Αὐτὸ
300 4402 414 4472 γὰρ
446 4402 509 4472 δὴ
548 4403 676 4472 περ)⁴
707 4402 899 4456 ἑαυτοῦ
941 4420 1103 4472 φησιν
1128 4421 1141 4434 ο
1187 4401 1327 4471 Ἐγώ
1371 4406 1485 4473 εἰμι
1532 4406 1560 4457 ὁ
1609 4403 1703 4471 ὢν,

1820 3279 2008 3318 rursus
2034 3260 2227 3316 Filium
2257 3278 2360 3317 una
2388 3278 2510 3318 cum
2565 3262 2725 3318 Patre
2754 3263 3086 3317 celebratum
3136 3272 3191 3317 et
3247 3279 3385 3317 con-

1819 3357 2174 3426 glorilicatum
2196 3356 2420 3418 inducit,
2439 3365 2719 3411 creaturas
2732 3370 2859 3408 vero
2890 3354 3073 3409 laudes
3091 3369 3155 3408 ac
3172 3354 3400 3424 gloriam

1819 3446 1936 3503 Fdii
1973 3447 2331 3504 celebrantes.
2393 3446 2510 3501 Non
2530 3447 2693 3516 igitur
2720 3445 2875 3516 133
2916 3446 3167 3499 omnibus
3206 3445 3399 3498 similis

1824 3552 1925 3607 est,
1953 3554 2128 3609 neque
2148 3539 2484 3593 extrinsecus
2510 3547 2566 3590 ut
2602 3537 2703 3591 illae
2738 3537 2945 3591 factus:
2979 3537 3074 3590 sed
3131 3538 3247 3605 ipse
3274 3536 3398 3605 qni-

1817 3629 1937 3683 dem
1967 3627 2133 3683 Filius
2157 3630 2450 3683 secundum
2475 3637 2746 3692 naturam,
2785 3628 2865 3681 ha:
2896 3641 3022 3680 vero
3044 3641 3235 3682 scrvze.
3256 3626 3394 3682 Cum

1816 3731 1996 3775 autem
2028 3722 2100 3774 ita
2142 3734 2262 3774 sese
2297 3718 2490 3773 habeat
2514 3716 2703 3784 Filius,
2733 3717 2862 3787 quid
2905 3717 3192 3787 prohibeat
3248 3717 3397 3771 illum

1816 3815 1963 3870 Patri
1990 3813 2218 3869 similem
2244 3828 2365 3868 esse
2385 3813 2409 3868 ἲ

2503 3926 2739 3983 ALIUD.

1880 4042 2157 4111 ignorant,
2186 4049 2243 4093 ut
2293 4047 2537 4109 apparet,
2566 4037 2654 4091 isti
2714 4034 2912 4103 ineptis
2964 4034 3397 4090 ratiocinationi-

1815 4135 2252 4200 bnsitmiteutes,
2286 4143 2341 4186 et
2394 4131 2539 4184 inani
2591 4132 2873 4182 verborum
2931 4134 3158 4197 strepitu
3212 4130 3393 4196 potius

1814 4244 1972 4296 quam
2009 4228 2150 4281 veris
2184 4223 2640 4294 speculationibus
2669 4238 2790 4276 sese
2813 4221 3150 4290 iactitantes,
3175 4221 3223 4273 td
3244 4225 3389 4287 quod

1813 4335 1937 4374 vere
1970 4319 2186 4373 exsistit
2215 4326 2269 4371 et
2294 4332 2358 4370 ex
2379 4316 2593 4385 propria
2629 4330 2724 4370 sua
2753 4314 2990 4369 essentia
3023 4314 3390 4382 gignit,Deum

1812 4427 1951 4467 esse.
1980 4410 2089 4464 lloc
2115 4410 2255 4463 enim
2312 4411 2377 4461 de
2434 4408 2612 4477 seipso
2679 4407 2904 4475 inquit:
2954 4405 3063 4471 Ego
3119 4419 3235 4458 sum
3296 4419 3393 4457 ex-

138 4494 206 4557 ὼς
234 4496 340 4547 τῶν
373 4495 551 4549 ἄλλων
582 4495 859 4557 ἁπάντων,
890 4497 988 4548 οὐκ
1015 4496 1183 4548 ὄντων
1231 4496 1328 4565 μὲν
1371 4496 1499 4566 πρὶν
1552 4498 1707 4565 γενέ-

1820 4503 2029 4565 sistens,
2074 4517 2195 4554 cum
2237 4499 2438 4568 reliqua
2482 4498 2661 4554 omnia
2725 4514 2828 4550 non
2871 4497 3158 4561 exsistant,
3214 4496 3392 4563 prius-

141 4583 276 4649 σθαι,
313 4586 568 4655 βουλήσει
597 4586 652 4639 δὲ
685 4586 805 4657 οεία
824 4586 959 4656 πρὸς
985 4586 1046 4638 τὸ
1069 4582 1208 4638 εἶναι
1241 4587 1705 4657 παρενεχθέντων.

141 4676 337 4730 Οὐκοῦν
366 4678 428 4730 τὸ
453 4678 619 4740 ὅντως
635 4677 715 4740 ὀν,
734 4670 776 4744 ᾧ
794 4679 886 4730 καὶ
911 4676 971 4729 τὸ
986 4673 1136 4729 εἶναι
1157 4676 1491 4746 κυριώτατον
1514 4679 1717 4749 ὄνομα,

142 4769 261 4821 αὐτὸ
280 4770 340 4840 δὴ
367 4770 464 4823 καὶ
498 4769 657 4840 μόνον
684 4770 800 4822 κατ’
829 4769 1017 4822 οὐσίαν
1046 4770 1317 4838 γεννήσει.
1340 4769 1421 4822 Τὰ
1441 4769 1549 4840 γὰρ
1571 4770 1707 4823 ἄλλα

144 4863 429 4932 ποιήματα,
463 4861 737 4930 ἄνθρωποι
783 4862 964 4931 «τυχὸν,
1019 4860 1268 4931 βουλήσει
1325 4861 1523 4931 μᾶλλον
1571 4862 1707 4916 Θεοῦ

146 4953 266 5021 πρὸς
310 4956 367 5007 τὸ
420 4952 681 5007 δύνασθαι
724 4954 929 5007 τίκτειν
977 4952 1366 5025 ὲκλήθησαν,ῆ
1416 4955 1536 5008 κατ’
1570 4955 1707 5009 ἰδίαν

145 5043 315 5096 οὖσίαν
335 5044 498 5098 τοῦτο
522 5044 755 5097 ποιοῦσι.
790 5045 943 5107 Θεῖος
971 5046 1078 5114 γάρ
1111 5062 1195 5108 τις
1223 5044 1521 5113 ἀναγκάζει
1545 5046 1709 5117 νόμος

148 5132 331 5185 τίκτειν
357 5136 453 5187 καὶ
473 5134 533 5186 τὸ
558 5134 631 5203 μὴ
654 5133 860 5187 τίκτειν
882 5135 1144 5203 πεφυκός.
1165 5135 1381 5205 Ἐπειδὴ
1407 5137 1515 5206 γὰρ
1534 5136 1706 5198 οὕτως

145 5221 389 5292 ἠθέλησεν
438 5224 467 5276 ὁ
497 5226 860 5295 Δημιουργὸς,
892 5225 1033 5279 οὕτω
1080 5228 1170 5279 καὶ
1218 5226 1458 5295 γέγονεν.
1492 5229 1554 5281 Εἰ
1597 5226 1705 5298 γὰρ

150 5313 256 5363 κατ’
288 5316 476 5368 οὐσίαν
509 5316 651 5379 ἰδίως
696 5334 754 5369 τε
801 5318 895 5371 καὶ
945 5319 1147 5389 κυρίως
1182 5319 1293 5388 ἔχει
1322 5320 1382 5373 τὸ
1410 5320 1613 5373 τίκτειν
1643 5320 1712 5372 τὰ

149 5403 428 5473 ποιήματα,
467 5406 606 5459 διατί
648 5407 721 5479 μὴ
762 5408 940 5462 πάντα
963 5410 1184 5465 δύναται
1216 5412 1450 5477 tim-etv;
1493 5413 1708 5483 Ἐπειδὴ

148 5490 200 5543 δὲ
234 5495 397 5551 τίκτει
442 5499 584 5561 τινὰ,
615 5500 855 5573 δηλονότι
882 5502 950 5557 τὰ
977 5504 1399 5575 κεκελευσμένοι,
1443 5506 1708 5577 πρόδηλον

150 5582 387 5655 δήπουθεν
418 5591 493 5654 ὡς
524 5593 584 5644 οὔ
620 5594 761 5647 κατὰ
790 5595 948 5663 φύσιν
973 5596 1225 5651 τοσοῦτον
1254 5601 1366 5662 τοῖς
1410 5599 1706 5669 ποιήμασιν

221 5764 262 5797 ⁸⁸
289 5766 421 5827 Psal.
448 5785 634 5838 canit,
668 5772 757 5828 91.

1812 4610 1972 4663 quam
2011 4594 2174 4646 ﬁant:
2210 4593 2483 4645 voluntate
2537 4606 2664 4645 vero
2704 4591 2883 4643 divina
2933 4591 3125 4643 educta
3184 4590 3294 4641 sint
3332 4589 3387 4641 in

1810 4696 2007 4741 ortum.
2032 4684 2181 4751 Quod
2214 4684 2374 4753 igitur
2408 4698 2533 4736 vere
2578 4693 2662 4737 est
2725 4683 2829 4752 (cui
2876 4690 2929 4734 et
2981 4681 3213 4733 maxime
3259 4695 3388 4748 pro-

1811 4778 1984 4843 prium
2017 4785 2099 4831 est
2130 4791 2320 4829 nomen
2340 4774 2493 4839 esse),
2513 4774 2616 4828 hoc
2643 4784 2698 4828 et
2726 4773 2940 4841 quidem
2993 4771 3162 4826 solum
3192 4787 3388 4825 secun-

1810 4873 1934 4926 dum
1968 4870 2259 4924 essentiam
2286 4867 2473 4936 gignit.
2513 4865 2751 4935 Reliqua:
2776 4879 2965 4920 omnes
2988 4874 3277 4923 creaturae.
3306 4870 3386 4925 ut,

1809 4960 1955 5014 verbi
1988 4960 2183 5025 gratia,
2221 4958 2488 5018 homines,
2526 4956 2708 5023 potius
2736 4954 3008 5007 voluntate
3036 4954 3127 5006 Dei
3152 4952 3381 5021 gignen-

1811 5051 1861 5105 di
1897 5048 2155 5104 facultate
2194 5049 2404 5102 donata:
2434 5057 2580 5108 sunt,
2614 5054 2704 5099 aut
2754 5043 3049 5098 secundum
3108 5041 3381 5109 propriam

1811 5142 2099 5195 essentiam
2153 5141 2254 5194 hoc
2288 5139 2527 5193 faciunt:
2581 5137 2757 5190 divina
2808 5136 2950 5188 enim
3006 5136 3248 5202 quautam
3302 5131 3383 5185 lex

1814 5233 1956 5301 cogit
2004 5232 2223 5301 gignere
2273 5231 2435 5284 etiam
2492 5230 2542 5282 id
2600 5228 2742 5297 quod
2795 5227 3018 5290 gignere
3067 5241 3171 5277 non
3224 5224 3383 5278 solet.

1813 5321 2256 5389 Quandoquidem
2281 5320 2423 5373 enim
2460 5318 2599 5371 Deus
2634 5317 2702 5369 ita
2740 5317 2928 5379 voluit,
2958 5315 3029 5368 ita
3062 5325 3116 5369 et
3182 5314 3381 5368 factum

1811 5424 1914 5468 est.
1948 5411 2082 5466 Nam
2109 5412 2151 5466 si
2181 5426 2243 5464 ex
2273 5426 2369 5465 sua
2394 5407 2694 5463 substantia
2751 5408 2965 5475 proprie
2999 5422 3062 5459 ac
3098 5406 3387 5476 peetdiari-

1809 5515 1891 5560 ter
1914 5514 2173 5561 creatura:
2199 5501 2445 5574 gignendi
2498 5500 2800 5555 iacultalem
2833 5500 3120 5564 haberent,
3154 5513 3251 5551 cur
3280 5512 3385 5549 non

1809 5613 1997 5655 omnes
2019 5608 2241 5670 possunt
2298 5594 2559 5666 gignere?
2610 5592 2744 5649 Cum
2804 5606 2934 5647 vero
2976 5588 3243 5645 nonnulla:
3300 5587 3382 5656 gi-
