4072 6516
643 342 748 401 219
1666 346 1726 402 S.
1765 342 2037 402 CYRILLI
2080 342 2548 399 ALEXANDBINI
2587 345 2902 403 ARCHIEP.

1154 462 1384 528 ALIUD,
1415 464 1469 518 in
1495 463 1739 533 idipsum.

2782 467 2967 520 ΑΛΛΟ
2994 508 3009 532 ,
3052 471 3139 534 εἰς
3179 468 3243 523 τὸ
3283 471 3449 524 αὑτό.

719 574 776 629 Si
807 576 970 629 veluti
1007 580 1310 633 mercedem
1343 579 1631 645 quamdam
1674 578 1910 641 virtutis,
1967 578 2052 631 vel
2119 578 2220 632 hu-

2397 578 2460 631 Εί
2498 579 2751 650 καθάπερ
2786 581 2909 634 τινὰ
2946 581 3137 650 μισθὸν
3171 583 3374 654 ἀρετῆς
3402 582 3434 653 ἢ
3464 582 3885 645 ταπεινώσεως
3915 584 3942 650 ἢ

647 668 1099 735 niiliationis,aut
1140 669 1460 723 obedientia:
1515 678 1864 725 consecutum
1923 679 2066 724 esset
2097 668 2224 723 Ver-

2328 669 2571 739 ὑπακοῆς
2603 668 2714 739 ἔχει
2744 671 2802 723 τὸ
2841 666 2977 724 εἶναι
3010 671 3138 735 Υἱὸς
3185 674 3213 724 ὁ
3246 672 3340 725 τοῦ
3379 672 3513 726 Θεοῦ
3550 672 3770 739 Λόγος,
3805 675 3943 725 κατὰ

649 763 774 813 lium
804 760 895 815 Dei
924 762 1067 828 quod
1095 763 1163 815 sit
1195 759 1362 816 Filius
1385 804 1398 826 ,
1441 778 1677 831 quonam
1710 762 1868 816 modo
1897 762 2060 815 etiam
2096 771 2223 815 ante

2327 762 2449 815 τίνα
2484 762 2684 833 τρόπον
2731 762 2837 833 πρὸ
2874 763 2983 816 τῶν
3018 764 3117 833 τῆς
3147 763 3531 827 ταπεινώσεως
3579 765 3817 834 χρόνων
3850 765 3939 815 ἐπε

3844 351 3951 405 22')

649 850 1043 905 lmmiliationis
1072 862 1310 917 tempora
1332 853 1569 907 nonnulli
1590 863 1955 919 cognoverunt
1980 850 2221 905 Patrem?

649 956 770 993 cum
808 940 975 995 Filius
997 942 1141 997 dicat
1174 946 1257 998 ‘7‘:
1300 963 1319 994 ε
1365 942 1533 998 Nemo
1577 943 1853 1011 cognoscit
1878 943 2088 994 Patrem
2122 941 2222 994 nisi

651 1030 840 1095 Filius,
860 1042 912 1085 et
930 1034 1012 1086 cui
1045 1033 1210 1087 Filius
1241 1035 1574 1088 revelaverit.
1596 1053 1614 1084 ι
1635 1033 1748 1088 Non
1767 1034 2061 1087 exsistente
2078 1033 2221 1085 enim

653 1121 789 1175 Filio
823 1123 913 1191 qui
949 1124 1172 1187 revelat,
1200 1140 1305 1192 quo
1340 1136 1497 1194 pacto
1522 1124 1680 1176 Pater
1715 1126 1783 1177 ab
1816 1123 1997 1192 aliquo
2026 1138 2223 1193 cogun-

654 1215 867 1266 scatur?
893 1214 947 1267 Si
986 1230 1112 1269 vero
1140 1216 1297 1269 Pater
1322 1232 1535 1285 semper
1588 1216 1956 1285 cognoscitur,
2007 1230 2222 1282 semper

654 1303 838 1373 itaque
870 1306 1031 1360 etiam
1088 1308 1298 1361 exstitit
1345 1306 1534 1370 Filius,
1596 1309 1769 1376 ipsum
1805 1307 2070 1362 revelatis.
2100 1306 2217 1361 Non

655 1396 821 1464 igitur
843 1412 906 1450 ex
940 1399 1237 1454 mutatione
1268 1399 1444 1468 aliqua
1493 1400 1576 1454 vel
1611 1398 1917 1467 adjectioue
1963 1413 2225 1456 consecu-

657 1496 741 1539 tus
768 1499 847 1543 est
884 1490 933 1543 id
958 1493 1097 1557 quod
1137 1501 1239 1555 est,
1259 1493 1351 1547 sed
1381 1506 1593 1561 semper
1619 1494 1719 1545 hoc
1750 1494 1891 1559 quod
1917 1502 2002 1547 est
2060 1493 2229 1547 exsti-

655 1578 719 1630 tit
771 1582 1111 1646 naturaliter,
1160 1582 1301 1635 Patri
1345 1598 1462 1648 suo,
1522 1584 1721 1637 nullius
1773 1584 1847 1637 rei
1907 1584 2225 1651 indigentia,

652 1670 984 1737 perfectione
1020 1683 1186 1743 atque
1221 1675 1656 1729 inunutabilitate
1705 1676 1898 1730 similis
1939 1678 2224 1732 exsistens.

2325 854 2620 921 εγίνωσκόν
2666 872 2811 917 τινες
2855 855 2947 910 τὸν
2991 856 3245 927 Πατέρα;
3301 856 3552 924 λέγοντος
3600 856 3706 908 τοῦ
3762 856 3934 908 Υίοῦ·

2334 968 2350 997 ι
2385 947 2571 1009 Οὐδεὶς
2595 947 2949 1014 ἐπιγινώσκει
2970 948 3059 1001 τὸν
3083 949 3322 1020 Πατέρα,
3352 951 3399 1001 εἰ
3430 948 3551 1018 μὴὸ
3576 949 3741 1011 Υἱὸς,
3774 949 3874 1000 καὶ
4032 964 4033 967 ‘

2328 1038 2392 1091 ἂν
2411 1040 2534 1101 Υἱὸς
2553 1039 2899 1111 ἀποκαλύψῃ.
2916 1060 2933 1089 ›
2962 1041 3053 1110 Μὴ
3087 1040 3238 1102 ὄντος
3269 1039 3377 1109 γὰρ
3402 1041 3525 1092 κατ’
3552 1039 3820 1101 ἐκείνους
3849 1039 3932 1091 τοῦ

2326 1130 2805 1192 ἀποκαλύπτοντος
2827 1129 2977 1194 Υἰοῦ,
3005 1131 3121 1193 πῶς
3138 1130 3501 1199 ἐπιγνωσθείη
3540 1147 3619 1181 πα
3630 1129 3709 1200 ρὰ
3738 1134 3929 1191 τινοςὸ

2327 1221 2549 1291 Πατήρ,
2584 1221 2631 1272 εί
2655 1219 2711 1272 δέ
2744 1220 2831 1272 ἀεὶ
2860 1220 3049 1290 Πατὴρ
3080 1220 3427 1291 γνωρίζεται.
3459 1216 3529 1290 ἦν
3558 1220 3678 1291 ἄρα
3708 1222 3811 1273 καὶ
3852 1224 3927 1273 ἀεὶ

2325 1315 2353 1366 ό
2378 1311 2774 1366 ἀποκαλύπτων
2795 1313 2943 1374 Υἱός.
2972 1312 3178 1365 Οὐκοῦν
3199 1313 3298 1365 οὐκ
3325 1314 3389 1365 ἐκ
3416 1312 3737 1381 μεταϐολῆς
3765 1329 3923 1373 τινος,

2327 1406 2446 1460 οὑδὲ
2477 1406 2534 1457 ἐν
2570 1404 2886 1476 προσθήκης
2930 1404 3086 1474 μέρει
3115 1404 3363 1472 φαίνεται
3393 1403 3575 1457 λαὸὼν
3602 1403 3764 1455 τοῦθ’
3799 1404 3921 1469 ὅπερ

2328 1498 2510 1563 ἐστὶν,
2545 1498 2659 1551 ἀλλ’
2705 1492 2774 1567 ἦν
2818 1496 2903 1549 ἀεὶ
2953 1494 3108 1548 τοῦτο
3153 1494 3397 1565 φυσικῶς,
3423 1535 3437 1557 ,
3483 1496 3680 1563 ὅμοιος
3722 1492 3800 1546 ὢν
3842 1496 3921 1545 καὶ

2330 1588 2472 1641 κατὰ
2508 1588 2566 1641 τὸ
2598 1586 2894 1659 ἀπροσδεές
2920 1603 2978 1638 τε
3010 1586 3103 1638 καὶ
3149 1585 3355 1645 τέλειον
3398 1586 3491 1641 καὶ
3537 1585 3829 1655 ἄτρεπτον
3856 1583 3920 1651 τῷ

2330 1680 2526 1749 Πατρί.

648 1778 882 1844 ALIUD,
914 1784 1187 1864 declarans
1218 1784 1417 1864 Filiam
1457 1804 1566 1841 esse
1596 1804 1661 1841 ea:
1685 1791 1909 1864 essentia
1949 1788 2151 1864 Patris,
2181 1801 2224 1844 et

2332 1792 2536 1864 ΑᾹΛΟ,
2572 1791 2873 1864 σημαῖνον
2918 1790 3008 1864 ότι
3034 1803 3103 1864 εκ
3144 1786 3656 1864 ζῇςᾲοὺσίαςῗζοῦ
3700 1790 3919 1864 Πατρίτ

721 1868 823 1903 non
863 1855 1191 1926 eslrinsecus
1239 1861 1569 1923 productum,
1628 1862 2068 1926 quemadmodum
2130 1861 2227 1914 lto-

720 1932 822 1973 διεδ
852 1920 1055 1976 Christi
1095 1920 1290 1978 volunt.
1319 1928 1381 1978 Et
1407 1920 1653 1992 quoniam
1680 1930 1994 1982 extrinsecus
2031 1933 2227 1995 produ-

725 1998 841 2043 ctus
874 2006 1096 2060 nonest,
1136 1996 1323 2051 similis
1349 1997 1430 2050 illi
1465 2008 1561 2051 est.
1598 1998 1973 2067 Argumentum
2009 2000 2223 2054 Iiwreti-

722 2077 925 2114 eorum.

728 2176 889 2241 Quid,
912 2176 1183 2247 inquiunt,
1216 2188 1299 2235 est
1333 2184 1676 2251 pratstantius
1712 2183 1763 2238 in
1792 2183 1933 2239 Deo?
1981 2185 2086 2239 Aut
2119 2202 2226 2256 quo

652 2275 811 2333 pacto
841 2280 945 2320 non
966 2269 1070 2322 erit
1104 2272 1275 2324 nostri
1303 2273 1514 2338 similis,
1561 2273 1603 2327 si
1639 2274 1798 2328 etiam
1852 2276 1963 2345 ipse
2011 2293 2074 2332 ex
2128 2294 2223 2333 sua

651 2359 957 2414 substantia
991 2362 1161 2432 gignit
1184 2361 1400 2427 Filium,
1438 2364 1660 2433 perinde
1687 2375 1852 2435 atque
1899 2368 2034 2422 nos?
2090 2370 2225 2424 Cum

651 2466 781 2505 vero
811 2462 1018 2507 tantum
1056 2455 1346 2509 humanam
1385 2467 1631 2511 naturam
1681 2459 1927 2527 excedat,
1965 2472 2224 2530 quantmn

651 2558 952 2612 creaturas,
993 2566 1331 2620 nequaquam
1360 2566 1457 2605 nos
1496 2552 1818 2619 imitabitur,
1870 2570 2045 2624 neque
2085 2556 2225 2611 sicut

652 2638 850 2708 aliquis
878 2650 1119 2695 nostrmn
1155 2657 1218 2695 ex
1249 2645 1482 2698 essentia
1535 2660 1634 2699 sua
1690 2646 1951 2715 producet
2004 2645 2223 2714 Filium,

651 2729 747 2783 sed
776 2732 1117 2788 ex1rinsecus
1137 2735 1454 2789 constituet.
1485 2734 1635 2802 Quod
1666 2737 1711 2791 si
1745 2737 1815 2791 ita
1842 2748 1947 2804 est,
1981 2737 2224 2792 dissimi-

652 2819 719 2875 lis
744 2832 891 2876 certe
917 2823 1041 2879 erit.

1143 2934 1348 2991 Salutio
1398 2938 1728 3008 objectianis.

720 3042 954 3100 Dixerim
980 3047 1227 3115 equidem
1251 3050 1445 3106 merito
1481 3052 1598 3107 istis
1629 3053 1876 3108 hostibus
1899 3053 2099 3109 Christi
2135 3072 2149 3109 :
2180 3055 2225 3110 si

648 3137 705 3192 in
729 3139 1040 3193 universum
1069 3140 1211 3194 Deus
1235 3156 1452 3197 onmem
1482 3144 1891 3199 similitudinem
1947 3146 2225 3201 nobiscum

651 3228 880 3295 respuit,
907 3229 1051 3281 nulla
1073 3230 1235 3283 etiam
1260 3232 1471 3286 ratione
1492 3248 1612 3302 quae
1647 3236 1849 3289 homini
1901 3237 2230 3291 conveniunt

650 3321 903 3389 gestabit.
936 3319 991 3375 Si
1027 3322 1170 3376 enim
1202 3321 1383 3378 dicent
1405 3324 1640 3379 divinam
1675 3328 1964 3382 essentiam
1985 3344 2088 3382 non
2112 3344 2230 3383 om-

653 3412 781 3463 nino
805 3424 833 3462 a
862 3421 1049 3463 nostra
1077 3411 1384 3478 discedere,
1424 3414 1601 3469 inanis
1663 3416 1878 3471 illormn
1935 3420 2230 3488 propositio

652 3513 772 3551 esse
796 3499 1246 3577 deprehendetur,
1307 3518 1533 3573 qumque
1575 3505 1902 3561 confessioni
1950 3508 2051 3575 ipsi
2086 3508 2230 3563 relu-

654 3588 911 3645 tationem
944 3592 1285 3661 conjunctam
1308 3580 1316 3586 ’
1340 3596 1557 3651 habeat.
1600 3596 1656 3650 Si
1690 3610 1870 3652 autem
1909 3598 1962 3653 iu
1997 3600 2062 3654 iis
2110 3616 2229 3670 qua:

655 3680 813 3736 nobis
847 3682 1116 3751 objiciunt
1180 3684 1426 3753 imperite
1476 3687 1937 3760 pertinaciterque
1998 3691 2226 3759 luerent,

650 3773 835 3827 dicant
865 3774 1039 3840 nobis,
1068 3790 1207 3831 anne
1239 3777 1398 3831 homo
1414 3780 1714 3834 substantia
1752 3781 1844 3845 sit,
1882 3798 1980 3836 cur
1997 3799 2103 3837 non
2132 3799 2229 3839 ne—

648 3876 778 3933 gant
809 3864 964 3934 132
993 3867 1156 3920 Deum
1195 3869 1551 3923 substantiam
1578 3870 1732 3924 esse?
1752 3871 1819 3926 Et
1872 3889 2060 3928 rursus
2104 3890 2226 3928 cum

653 3956 816 4010 homo
856 3959 1133 4013 rationalis
1155 3959 1248 4024 sit,
1281 3960 1487 4015 faciant
1519 3961 1590 4017 illi
1622 3961 1791 4017 Deum
1822 3963 2216 4032 irrationalem,

651 4055 709 4096 ut
736 4044 972 4099 humana
1012 4059 1247 4116 respuat.
1309 4047 1364 4101 Si
1403 4064 1527 4103 vero
1576 4065 1698 4103 cum
1752 4065 1849 4104 nos
1889 4051 2006 4105 haec
2034 4052 2227 4116 simus,

653 4136 793 4191 Deus
825 4137 988 4191 etiam
1027 4138 1127 4192 hoc
1167 4145 1247 4191 est
1280 4153 1295 4189 :
1338 4154 1440 4193 non
1488 4140 1593 4193 erit
1643 4139 1854 4196 alienus
1890 4157 1919 4195 a
1960 4143 2228 4213 gignendo

649 4241 715 4279 ex
739 4241 795 4280 se
826 4225 1044 4290 Filium,
1104 4227 1369 4297 siquidem
1430 4230 1499 4283 ita
1529 4246 1625 4285 nos
1650 4231 1941 4301 gignimus.
2003 4236 2071 4287 At
2096 4250 2227 4288 vero

651 4320 831 4386 potius
860 4320 1263 4390 intelligendum
1295 4334 1412 4374 erat
1439 4321 1579 4390 quod
1617 4324 1707 4391 qui
1742 4324 1810 4379 ad
1866 4325 2225 4382 imitationem

652 4411 845 4465 divina:
875 4419 1079 4465 natum
1104 4412 1255 4481 juxta
1285 4412 1569 4481 imaginem
1592 4414 1733 4468 illius
1762 4414 2227 4481 factisumus,hoc

2401 1862 2572 1915 ἐστιν
2600 1865 2631 1915 ὀ
2653 1857 2822 1927 Υἱὸς,
2856 1861 2952 1913 καὶ
2987 1862 3097 1912 οὐκ
3135 1858 3376 1922 ἔξωθεν,
3420 1857 3697 1924 καθάπερ
3729 1861 3783 1927 οἱ
3809 1875 3919 1925 χρι-

2403 1930 2693 2007 ίζτομιξχοι
2726 1926 2937 2007 φασιν..
2956 1928 3195 2007 Ἐςτειδῂ
3222 1928 3423 2007 δὲ’-οὐκ
3447 1926 3701 2007 ἔξωθεν,
3731 1926 3919 1996 ὅμοιος

2402 1998 2533 2070 ἄρα.
2568 1998 2862 2069 Πρότὶισις
2898 2001 2979 2065 ὡς
3008 2000 3075 2052 ἐκ
3106 1998 3224 2052 τῶν
3250 1998 3583 2067 αἰρετικῶν.

2402 2178 2514 2232 Καὶ
2542 2176 2592 2232 τί
2617 2179 2677 2231 τὺ
2702 2178 2881 2242 πλέον,
2920 2176 3104 2247 φασιν,
3132 2193 3191 2229 εν
3213 2174 3366 2246 Θεῷ;
3400 2174 3523 2237 Πῶς
3550 2174 3614 2226 δὲ
3646 2174 3757 2225 οὐκ
3785 2173 3922 2225 ἔσται

2334 2268 2453 2323 καθ’
2482 2272 2651 2339 ἡμᾶς,
2681 2272 2727 2322 εί
2777 2270 2873 2322 καὶ
2919 2269 3079 2332 αὑτὸς
3126 2271 3189 2320 ἐκ
3230 2268 3329 2337 τῆς
3370 2266 3556 2328 οὐσίας
3594 2264 3700 2335 τῆς
3736 2264 3921 2317 ἑαυτοῦ

2332 2364 2506 2417 τίκτει
2551 2363 2643 2415 τὸν
2674 2360 2825 2423 Υἱδν,
2850 2361 3041 2429 ὥσπερ
3072 2359 3166 2413 καὶ
3196 2359 3391 2429 ἡμεῖςς
3433 2356 3666 2425 Ἐπειδὴ
3714 2356 3779 2408 δὲ
3827 2354 3921 2407 ἀνω

2332 2456 2432 2525 τῆς
2477 2453 2824 2525 ἀνθρωπείας
2880 2454 3093 2521 φύσεως
3140 2449 3392 2503 τοσοῦτόν
3436 2450 3610 2509 ἐστιν,
3650 2448 3785 2500 ὅσον
3828 2447 3925 2499 τῶν

2333 2545 2575 2616 γενητῶν
2618 2544 2913 2615 ὑπερέχει,
2964 2544 3026 2595 οὑ
3072 2544 3137 2595 τὰ
3186 2542 3341 2612 ἡμῶν
3396 2541 3746 2611 μιμήσεταν
3816 2540 3923 2593 οωε

2333 2640 2521 2711 ὥσπερ
2551 2657 2632 2702 τις
2660 2637 2769 2689 τῶν
2801 2636 2923 2690 καθ’
2952 2637 3099 2708 ἡμᾶς
3129 2638 3191 2688 ἐκ
3231 2636 3330 2705 τῆς
3360 2635 3550 2697 οὐσίας
3582 2634 3691 2702 τῆς
3737 2632 3921 2686 ἐαυτοῦ

2335 2732 2599 2802 προϐαλεῖ
2618 2730 2708 2783 τὸν
2725 2731 2873 2795 Υἰὸν,
2891 2729 3005 2782 ἀλλ’
3020 2729 3217 2793 ἔξωθεν
3241 2727 3558 2798 ὑποστήσει.
3580 2726 3646 2779 El
3669 2727 3729 2779 δὲ
3754 2725 3905 2779 τοῦτο

2335 2826 2427 2876 καὶ
2449 2823 2701 2893 ἀνόμοιος
2727 2821 2852 2892 ἄρα.

2822 2930 2975 3000 Πρὸς
3016 2929 3202 2985 ταῦτα
3239 2929 3441 2995 λύσις.

2419 3044 2677 3115 Ἐροίμην
2706 3042 2771 3097 ἂν
2786 3041 3012 3105 δικαίως
3027 3042 3152 3104 τοὺς
3177 3041 3599 3112 χριστομάχους,
3633 3040 3687 3092 εἰ
3722 3040 3919 3093 παντᾶο

2254 3164 2297 3220 c
2336 3153 2467 3189 πασι
2513 3136 2613 3206 τὴν
2669 3134 2804 3206 πρὸς
2852 3136 3003 3205 ἡμᾶς
3048 3132 3305 3204 ὁμοίωσιν
3353 3134 3714 3202 παραιτεῖται
3779 3132 3920 3193 825;,

2330 3228 2423 3282 καὶ
2476 3230 2595 3281 κατ’
2630 3227 2820 3280 οὑδένα
2867 3225 3068 3297 τρόπον
3122 3224 3191 3277 τὰ
3240 3222 3512 3294 ἀνθρώπῳ
3574 3222 3923 3293 προσήκοντι

2331 3318 2574 3389 φορέσει.
2597 3316 2657 3370 El
2696 3318 2794 3387 μὲν
2822 3316 2930 3386 γὰρ
2959 3316 3141 3387 ἐροῦσι
3179 3314 3253 3386 μή
3286 3314 3460 3383 πάντη
3492 3313 3604 3365 τῶν
3636 3314 3923 3383 ἡμετέρων

2329 3409 2630 3479 ἀποφοιτᾷν
2660 3407 2758 3479 τὴν
2790 3407 2939 3461 θείαν
2969 3407 3177 3474 οὐσίαν,
3224 3405 3390 3468 ἐωλος
3431 3407 3616 3469 αὑτοῖς
3650 3406 3687 3474 ἡ
3722 3407 3921 3476 πρότα-

2331 3518 2416 3564 σις
2446 3501 2830 3571 εὑρεθήσεται,
2864 3498 3018 3551 λύσιν
3044 3498 3243 3568 ἔχουσα
3270 3498 3367 3568 τὴν
3395 3496 3573 3550 αὑτῶν
3607 3496 3919 3566 ὁμολογίαν.

2329 3595 2393 3647 El
2428 3593 2484 3646 δὲ
2516 3594 2868 3662 ἐπιμένουσιν
2912 3589 3142 3661 ἀμαθῶς
3169 3584 3248 3651 οἷς
3284 3587 3663 3659 προτείνουσιν
3715 3587 3924 3641 ἐνιστά-

2332 3702 2505 3755 μενοι,
2537 3683 2846 3752 λεγέτωσαν
2875 3683 3027 3753 ήμῖν,
3053 3682 3101 3733 εἰ
3135 3680 3209 3751 μὴ
3238 3681 3266 3733 ὁ
3289 3679 3576 3749 ἄνθρωπος
3597 3679 3770 3733 οὑσία
3794 3680 3922 3732 ἐστίέ

2328 3779 2439 3832 Καὶ
2465 3776 2627 3830 πάλιν
2653 3775 2949 3845 ἐπειδήπερ
2974 3774 3187 3842 λογικὸς
3217 3776 3246 3827 ό
3278 3773 3585 3844 ἄνθρωπος,
3625 3771 3780 3825 ἔστω
3801 3772 3921 3831 Θεὸς

2330 3872 2449 3925 κατ’
2481 3868 2721 3931 ἐκείνους
2750 3867 2963 3935 ἄλογος,
2988 3868 3077 3920 ἵνα
3107 3866 3443 3937 παραιτῆται
3478 3864 3545 3917 τὰ
3571 3864 3919 3934 ἀνθρώπινα.

2327 3964 2391 4016 Ei
2414 3962 2470 4015 δέ
2493 3963 2551 4015 ἐν
2573 3959 2783 4023 τούτοις
2812 3958 2978 4013 ὄντων
3011 3958 3188 4029 ἡμῶν,
3210 3961 3265 4011 ἐν
3292 3957 3475 4020 αὐτοῖς
3500 3958 3617 4009 ἐστι
3647 3957 3750 4009 καὶ
3774 3956 3920 4019 Θεὸς,

2326 4054 2389 4107 οὑ
2419 4052 2816 4125 παραιτήσεται
2850 4051 3045 4121 γεννᾷν
3071 4048 3131 4114 ἐξ
3162 4048 3355 4103 ἐαυτοῦ
3389 4048 3481 4100 τὸν
3517 4047 3673 4111 Υἱὸν,
3700 4050 3921 4114 ἐπειδῇ

2329 4161 2434 4216 περ
2468 4142 2609 4196 οὑτω
2646 4143 2905 4212 τίκτομεν
2948 4139 3289 4211 ήμεῖς.”Εδει
3324 4140 3434 4210 γὰρ
3481 4138 3687 4209 μᾶλλον
3717 4141 3924 4191 ἐννοεῖν

2326 4235 2411 4287 ὅτι
2457 4232 2599 4286 κατὰ
2650 4230 2884 4301 μίμησιν
2934 4229 3035 4300 τῆς
3074 4226 3225 4291 θείας
3251 4226 3468 4296 φύσεως
3498 4227 3547 4277 οἱ
3576 4225 3706 4277 κατ’
3736 4227 3924 4277 εἰκόνα

2325 4323 2611 4393 γεγονότες
2644 4321 2835 4391 αὐτῆς,
2861 4318 3137 4373 καὶτοῦτο
3170 4319 3309 4390 μετὰ
3354 4318 3462 4371 τῶν
3507 4316 3687 4371 ἄλλων
3721 4320 3925 4385 κεκτή-

2331 4415 2491 4487 μεθα.
2507 4412 2724 4484 Ἐπειδὴ
2755 4412 2813 4466 δέ
2845 4411 3063 4464 τέτοκεν
3094 4410 3154 4475 ἐξ
3182 4409 3376 4463 ἑαυτοῦ
3406 4409 3499 4463 τὸν
3520 4408 3673 4472 Υἱὸν,
3708 4408 3810 4461 καὶ
3830 4408 3927 4460 οὑκ

650 4503 812 4555 etiam
838 4514 1034 4572 praeter
1069 4504 1171 4557 alia
1205 4506 1480 4559 consecuti
1504 4523 1716 4561 sumus.
1750 4508 1885 4563 Cum
1914 4522 2097 4565 autem
2126 4527 2218 4583 ge-

2327 4506 2524 4575 ἔξωθεν
2563 4504 2931 4575 ὑπεστήσατο,
2969 4503 3183 4573 ἀνάγκη
3219 4501 3401 4555 δοῦναι
3431 4500 3493 4553 τὸ
3524 4501 3719 4571 ὅμοιον
3753 4499 3922 4568 αὑτῷ.

652 4595 830 4649 nuerit
862 4611 926 4650 ex
993 4612 1052 4652 se
1106 4595 1322 4665 Filium,
1387 4610 1441 4655 et
1474 4616 1583 4655 non
1623 4603 1965 4659 extrinsecus
2017 4620 2139 4661 eum
2184 4605 2549 4670 constituerit,
2610 4599 2980 4657 necessarium
3024 4598 3184 4669 plane
3243 4607 3301 4651 ut
3358 4596 3506 4651 illum
3558 4595 3808 4651 similem
3878 4597 3927 4652 ei

650 4688 1073 4746 constituamus.

1327 4811 1560 4870 ALIU’D.

1006 4897 1093 4955 Ea;
1122 4901 1411 4971 objectione
1440 4906 1832 4962 Itwreticorum.

714 5033 783 5087 At
819 5050 934 5101 nos,
964 5035 1239 5107 inquiunt,
1258 5040 1437 5094 ~veluti
1476 5042 1699 5097 materia
1730 5045 1961 5113 quadam
2022 5060 2142 5115 qua:
2192 5062 2221 5100 a

647 5140 904 5193 corporea
941 5138 1133 5182 natura
1196 5132 1569 5199 suppeditatur
1620 5142 1851 5199 utentes,
1899 5137 2101 5206 prolem
2154 5154 2220 5193 ex

649 5219 807 5272 nobis
861 5220 1169 5290 gignimus;
1218 5224 1669 5291 quemadmodum
1745 5231 1960 5295 quando
2021 5232 2222 5300 aliquid

647 5319 801 5361 extra
832 5324 926 5363 nos
961 5323 1277 5368 construere
1309 5315 1571 5384 volumus,
1608 5331 1830 5389 accepta
1889 5325 2110 5378 materia
2171 5324 2222 5377 id

649 5397 898 5454 facimus.
934 5400 1074 5457 Deus
1095 5418 1222 5460 vero
1250 5419 1370 5459 cum
1407 5408 1476 5463 sit
1503 5408 1661 5478 plane
1691 5411 2060 5480 incorporeus.
2100 5413 2222 5466 nul-

652 5489 759 5543 lam
795 5506 860 5545 ex
886 5506 947 5547 se
973 5497 1217 5551 materiae
1245 5499 1568 5554 afﬂuentiam
1601 5502 1761 5554 habet
1810 5512 1864 5555 ut
1925 5505 2103 5574 gignat
2136 5502 2228 5557 Fi-

648 5578 779 5633 limn
820 5597 833 5634 :
884 5583 981 5639 sed
1013 5600 1078 5640 ex
1117 5588 1287 5643 nihilo
1314 5600 1484 5646 creat.
1514 5591 1778 5647 Omnibus
1808 5594 1989 5662 itaque
2016 5596 2082 5649 iis
2108 5610 2230 5662 qua:

658 5682 858 5726 nostra:
884 5680 1294 5735 consuetudinis
1346 5693 1468 5737 sunt
1504 5683 1738 5752 rejectis,
1769 5702 1872 5739 non
1908 5701 1970 5741 cx
2018 5701 2073 5741 se
2103 5702 2227 5756 pro-

724 5790 786 5821 δῖ’
815 5791 1003 5850 Matth.
1037 5813 1110 5865 XI,
1136 5795 1225 5853 27.

3014 4801 3220 4857 ΑΛΛΟ.

2514 4923 2596 4988 Ως
2631 4920 2699 4985 ἐξ
2739 4917 3099 4984 ἀντιθέσεως
3135 4916 3254 4970 τῶν
3291 4916 3749 4989 χριστομὰχων.

2413 5058 2626 5129 Ἡμεῖς,
2655 5056 2841 5126 φασὶν,
2874 5054 3065 5126 ὥσπερ
3098 5055 3196 5126 ὕλῃ
3221 5056 3329 5109 τινὶ
3356 5058 3475 5117 ταῖς
3503 5057 3566 5108 ἐκ
3594 5056 3701 5126 τῆς
3740 5074 3929 5128 σῶμα.

2324 5152 2485 5222 τικῆς
2515 5148 2729 5220 φύσεως
2758 5145 3046 5217 χορηγίαις
3081 5146 3544 5215 ἀποκεχρημένοι,
3569 5147 3844 5216 τίκτομεν
3874 5149 3927 5213 ἐξ

2328 5242 2535 5297 ἑαυτῶν
2554 5241 2620 5293 τὰ
2647 5241 2962 5309 γεννήματα
2978 5252 2989 5265 ·
3025 5238 3126 5291 κᾶν
3145 5254 3197 5289 τι
3219 5238 3328 5291 τῶν
3348 5237 3546 5301 ἔξωθεν
3576 5244 3930 5294 κατασκευαο

2329 5336 2442 5399 ζειν
2494 5331 2868 5402 ἐθελήσωμεν,
2925 5328 3058 5400 ὓλην
3110 5330 3368 5392 λαϐόντες
3427 5329 3585 5382 τοῦτο
3630 5331 3926 5400 ποιοῦμεν.

2329 5426 2460 5487 Θεὸς
2503 5424 2559 5476 δέ
2612 5420 2892 5484 παντελῶς
2926 5420 3215 5492 ἀσώματος
3242 5420 3339 5481 ῶν,
3374 5421 3508 5492 ὕλης
3541 5421 3641 5489 μέν
3674 5439 3834 5494 τινος
3877 5424 3931 5486 ἐξ

2330 5515 2524 5569 ἐαυτοῦ
2574 5514 2841 5585 χορηγίαν
2890 5514 2990 5566 οὑκ
3042 5512 3176 5583 ἔχει,
3208 5511 3296 5565 ἵνα
3338 5512 3471 5583 τέκῃ
3514 5513 3608 5564 τὸν
3644 5512 3804 5576 Υἱὸν,
3840 5514 3930 5583 ὄηο

2342 5607 2590 5676 μιουργεῖ
2630 5603 2685 5656 δέ
2736 5602 2795 5667 ἐξ
2841 5604 2943 5655 οὑκ
2974 5602 3162 5656 ὄντων.
3190 5600 3400 5654 Οὑκοῦν
3441 5600 3624 5653 πάντα
3674 5601 3747 5653 τὰ
3798 5602 3904 5654 καθ

2340 5698 2485 5769 ἡμᾶς
2511 5694 2964 5767 παραιτούμενος,
3004 5692 3127 5749 οὔτε
3167 5693 3225 5762 ἐξ
3272 5692 3467 5747 ἐαυτοὺ
3497 5692 3807 5767 προϐάλλει
3844 5694 3927 5752 τὸν
