4072 6538
131 356 269 434 22k

1592 383 2026 447 TllESAURUS.

3327 389 3434 444 2'22

130 497 325 565 Υἰὸν,
356 499 480 555 οὔτε
509 501 568 569 ἐξ
597 502 729 575 ὕλης
756 506 1225 575 προϋποκειμένης
1257 505 1547 577 ἐργάζεταί
1576 523 1628 557 τι
1649 506 1719 558 τῶ

1824 506 2005 564 ,ᾶυθίι
2040 503 2260 569 Filium;
2302 518 2476 574 neque
2533 504 2832 575 quidquam
2885 521 3072 562 eormn
3127 522 3246 575 qua
3279 520 3430 573 sunt,

125 587 343 644 ὄντων
363 608 377 622 ·
410 593 527 646 ἀλλ’
550 594 749 659 ἔξωθεν
773 596 838 648 τὰ
868 596 1044 649 πάντα
1070 597 1206 666 πρὸς
1228 597 1285 650 τὸ
1314 594 1452 650 εἶναι
1474 597 1630 650 καλεί
1653 599 1749 651 σὺν

130 680 306 753 Υἱῷ.
340 685 405 738 Ei
439 686 494 740 δὲ
522 687 698 753 τοῦτο,
730 689 820 741 καὶ
850 690 1097 760 ἀνόμοιος
1125 691 1252 762 ἄρα.

650 880 807 948 Πρὸς
845 883 1020 938 τοῦτο
1054 886 1256 950 λύσις.

218 990 351 1043 Καὶ
377 991 492 1054 πῶς
517 993 670 1061 ἡμῖν,
697 987 742 1046 ὧ
770 997 1023 1061 γενναῖοι,
1058 998 1354 1068 μονογενὴς
1383 1000 1556 1063 όΥίὸς
1586 1000 1744 1071 εὑρε-

122 1075 413 1145 θήσεται,
454 1082 502 1133 εί
530 1082 623 1135 καὶ
648 1084 806 1146 αὐτὸς
834 1084 1030 1148 ἔξωθεν
1060 1086 1250 1157 ὥσπερ
1279 1090 1348 1141 τὰ
1378 1089 1552 1142 πάντα
1585 1091 1740 1155 tati;

117 1168 281 1232 Πῶς
322 1171 377 1223 δὲ
413 1172 550 1236 ὅλως
591 1174 714 1235 Υἱὸς
750 1176 779 1226 ὁ
811 1176 886 1245 μὴ
916 1179 979 1230 ὲκ
1011 1178 1109 1247 τῆς
1141 1180 1327 1241 οὐσίας
1360 1180 1618 1250 ὑπάρχων
1650 1182 1740 1233 τοῦ

115 1265 582 1333 γεγεννηκότος;
614 1267 678 1320 Et
707 1266 806 1336 μὲν
852 1264 945 1321 οὖν
985 1269 1261 1341 ἐνδέχεται
1307 1272 1400 1325 καὶ
1442 1271 1510 1325 τὰ
1548 1272 1606 1338 ἐξ
1641 1274 1740 1326 οὐκ

112 1352 329 1408 ὄντων
354 1356 470 1426 ἦτοι
500 1357 699 1421 ἔξωθεν
727 1360 987 1427 γεγονότα
1012 1362 1289 1415 καλεῖσθαι
1316 1363 1414 1417 καὶ
1435 1359 1573 1416 εἶναι
1598 1365 1743 1417 κατὰ

114 1444 321 1512 φύσιν
357 1448 525 1513 υἱοὺς,
556 1449 732 1514 οὐδὲν,
764 1452 839 1514 ὡς
870 1452 1033 1519 ἔοικε,
1066 1454 1299 1507 κωλύσει
1334 1456 1511 1508 πάντα
1544 1456 1610 1509 τὰ
1641 1475 1739 1509 πε-

112 1536 431 1606 ποιημένα
469 1538 750 1594 καλεῖσθαι
777 1544 1112 1614 γεννήματα.
1149 1544 1256 1596 Καὶ
1287 1544 1472 1597 οὐκέτι
1522 1563 1737 1614 μονογε-

113 1626 231 1694 νὴς
264 1630 299 1681 ὁ
336 1629 485 1693 Υἱὸς,
511 1631 740 1695 πολλοὺς
766 1632 904 1703 ἔχων
931 1636 1057 1699 τοὺς
1090 1636 1354 1704 ἀδελφοὺς
1389 1637 1530 1690 κατὰ
1553 1638 1732 1705 φύσιν.

113 1717 188 1770 Et
233 1720 307 1773 δὲ
340 1721 441 1775 οὐκ
466 1722 762 1793 ἐνδέχεται,
797 1725 956 1795 μόνος
984 1726 1041 1779 δέ
1080 1730 1193 1780 ἐστι
1230 1729 1541 1800 μονογενὴς,
1578 1730 1733 1800 ἐξηλ-

1848 608 1911 647 ex
1948 592 2293 661 praesuhjecta
2314 593 2534 647 materia
2572 602 2858 660 operatur;
2918 597 3010 648 sed
3075 597 3418 653 extrinsecus

1848 685 2025 738 omnia
2060 684 2125 737 ad
2154 699 2272 738 esse
2301 694 2475 747 vocat,
2512 699 2725 753 unaque
2752 694 2807 737 et
2829 682 3046 737 Filium.
3083 686 3233 751 Quod
3274 688 3319 742 si
3354 689 3425 741 ita

1852 784 1961 841 est,
1995 773 2273 829 dissimilis
2303 774 2468 842 igitur
2497 784 2601 829 est.

2337 886 2541 940 Salutio
2595 884 2923 954 objectionis.

1913 1000 1981 1051 At
2013 1013 2242 1065 quonam
2280 1008 2458 1065 pacto,
2493 997 2615 1050 boui
2642 997 2763 1060 viri,
2802 995 3116 1064 unigenitus
3173 996 3277 1049 erit
3333 994 3424 1047 νὶ-

1845 1088 1965 1153 lius,
2001 1092 2044 1143 si
2069 1090 2231 1143 etiam
2262 1092 2374 1156 ipse
2403 1090 2763 1153 extrinsecus,
2796 1098 2851 1140 ut
2880 1089 3083 1157 reliqua
3112 1088 3314 1150 omnia,
3346 1085 3426 1139 fa-

1843 1192 1962 1232 ctus
1989 1180 2107 1231 est?
2128 1179 2233 1232 Aut
2262 1194 2369 1247 quo
2404 1190 2560 1246 pacto
2591 1178 2642 1229 in
2678 1179 2988 1231 universum
3043 1175 3210 1229 Filius
3244 1186 3347 1241 est,
3377 1175 3423 1228 si

1840 1285 1906 1325 ex
1933 1271 2046 1338 ipsa
2082 1270 2340 1339 genitoris
2368 1268 2668 1323 substantia
2706 1284 2808 1321 non
2838 1267 3088 1321 exsistit?
3147 1265 3202 1320 Si
3280 1263 3421 1320 enim

1839 1376 1900 1415 ea
1934 1376 2052 1430 qua:
2080 1376 2145 1414 ex
2181 1360 2371 1424 nihilo,
2417 1360 2533 1414 sive
2567 1360 2906 1414 extrinsecus
2937 1367 3119 1413 creata
3149 1367 3297 1422 sunt,
3363 1360 3423 1411 ti-

1841 1450 1892 1503 lii
1921 1451 2080 1503 etiam
2107 1449 2287 1502 vocari
2321 1457 2507 1502 etesse
2527 1456 2772 1516 possunt,
2810 1447 2942 1501 nihil
2966 1457 3136 1510 certe,
3169 1456 3227 1500 ut
3252 1461 3424 1513 appa-

1840 1548 1939 1599 ret,
1968 1537 2239 1591 obstiterit
2277 1536 2565 1604 quominus
2595 1536 2774 1589 omnia
2808 1546 2991 1590 creata
3015 1536 3104 1588 ﬁlii
3133 1546 3419 1591 vocentur.

1836 1628 1944 1681 Nec
1972 1628 2083 1696 jam
2105 1627 2333 1694 amplius
2358 1627 2461 1681 dici
2494 1627 2695 1694 poterit
2732 1626 3039 1695 unigenitus
3068 1626 3256 1691 Filius,
3285 1628 3424 1681 mul-

1839 1725 1921 1771 tos
1952 1717 2249 1771 secundum
2286 1725 2530 1767 naturam
2567 1716 2779 1768 habens
2816 1714 3032 1769 fratres.
3065 1717 3129 1769 At
3158 1717 3202 1769 si
3223 1717 3274 1768 id
3303 1716 3418 1769 ﬁeri

113 1810 432 1882 ).αγμένην
462 1814 569 1884 ἄρα
601 1814 779 1885 πάντη
826 1815 926 1885 τὴν
971 1816 1204 1888 ὕπαρξιν
1249 1818 1384 1888 ἔχει,
1416 1820 1511 1889 οὐχ
1544 1819 1719 1890 ὥσπερ

1837 1823 1940 1860 non
1991 1813 2193 1875 potest,
2235 1807 2328 1858 sed
2374 1805 2520 1859 solus
2565 1814 2647 1858 est
2708 1806 3043 1876 unigenitus,
3093 1806 3419 1874 peculiarem

112 1902 333 1954 ἐκεῖνα
383 1904 517 1974 πρὸς
558 1907 618 1959 τὸ
655 1902 794 1962 εἶναι
838 1907 1195 1978 κεκλημένος.
1245 1909 1359 1962 ἀλλ’
1385 1909 1459 1973 ὡς
1487 1910 1613 1974 Υἱὸς
1667 1912 1732 1964 ἐκ

116 1994 369 2065 [ἰατρὸς
397 1997 675 2068 προελθὼν
711 2000 976 2070 φυσικῶς,
1006 2002 1099 2054 καὶ
1123 2001 1210 2055 διὰ
1237 2001 1397 2055 τοῦτο
1428 2003 1634 2073 ὅμοιος.

834 2259 1038 2313 ᾹΛΑΟ.

189 2365 269 2417 Εἰ
306 2367 493 2420 πάντα
526 2368 585 2433 ἐξ
615 2368 714 2420 οὐκ
746 2368 914 2422 ὄντων
958 2371 1097 2436 ἐστὶ,
1139 2372 1230 2424 καὶ
1275 2371 1412 2437 μετὰ
1445 2373 1663 2425 πάντων
1699 2374 1727 2426 ὁ

117 2456 288 2518 Υἱὸς,
327 2456 418 2509 διὰ
446 2456 601 2510 ποίαν
632 2459 810 2513 αἰτίαν
832 2463 859 2513 ὁ
893 2461 988 2530 μὲν
1014 2462 1172 2530 φύσει
1196 2462 1420 2532 Κύριος,
1452 2463 1519 2515 τὰ
1548 2463 1604 2515 δὲ
1630 2463 1728 2531 φύς

109 2565 208 2601 σει
239 2549 449 2615 δοῦλας
477 2550 548 2602 Ἣ
571 2549 680 2620 γάρ
703 2550 774 2603 τὰ
796 2552 972 2605 πάντα
998 2554 1277 2623 κυριότητι
1305 2555 1369 2622 τῇ
1400 2554 1540 2607 κατὰ
1564 2556 1725 2621 φύσιν

117 2638 407 2708 τιμᾶσθαι
442 2639 649 2693 δίκαιον
682 2640 779 2710 τὴν
819 2640 986 2712 αὐτὴν
1019 2642 1211 2712 ἔχοντα
1239 2643 1452 2711 γένεσιν
1489 2643 1567 2713 τῷ
1587 2642 1720 2712 Υἰῷ,

111 2730 145 2800 ἦ
187 2730 297 2783 καὶ
323 2730 487 2782 αὐτὸν
521 2731 657 2800 μετὰ
689 2732 906 2785 πάντων
941 2732 1016 2796 ὡς
1043 2733 1228 2786 δοῦλον
1258 2730 1396 2787 εἶναί
1424 2752 1482 2787 τε
1511 2736 1606 2788 καὶ
1637 2735 1725 2788 λέ-

121 2822 352 2892 γεσθαι.
388 2822 502 2875 Νῦν
531 2824 587 2876 δὲ
621 2824 719 2893 οὐχ
767 2825 983 2894 ὁρῶμεν
1017 2826 1176 2878 τοῦτο
1206 2826 1581 2897 κηρύττουσαν
1622 2809 1721 2898 τὴν

115 2912 282 2966 θείαν
324 2913 569 2983 Γραφήν.
591 2914 749 2966 Ἀλλά
774 2915 975 2986 Κύριον
1003 2916 1103 2985 μὲν
1132 2916 1273 2969 κατὰ
1301 2916 1463 2985 φύσιν
1494 2914 1600 2971 οῐδε
1628 2918 1719 2971 τὸν

124 3005 283 3070 Υίδν,
322 3004 485 3058 δοῦλα
518 3006 573 3058 δὲ
602 3006 669 3059 τά
699 3008 999 3077 ποιήματα,
1030 3007 1285 3075 λέγουσα,
1314 3010 1395 3062 ὅτι
1424 3026 1443 3060 ι
1470 3009 1551 3062 Τὰ
1581 3008 1717 3080 σύμ-

118 3115 314 3152 παντα.
338 3096 501 3151 δοῦλα
536 3098 622 3152 σά.
650 3116 668 3148 ι
695 3099 801 3151 Καὶ
827 3098 1007 3160 πάλιν,
1033 3099 1168 3170 μετὰ
1199 3100 1411 3171 Πατρὸς
1440 3100 1715 3171 ὑμνούμε-

1838 1896 1999 1965 igitur
2044 1895 2262 1948 oumino
2323 1895 2701 1948 exsisteutiam
2752 1897 2945 1958 habet;
2997 1912 3100 1949 non
3157 1897 3418 1963 quemad-

1835 1986 2052 2038 modum
2105 1984 2207 2037 alia
2269 1984 2495 2037 adesse
2540 1995 2787 2049 vocatus,
2853 1985 2948 2039 sed
3002 1994 3061 2039 ut
3106 1985 3282 2039 Filius
3324 2001 3419 2039 na-

1834 2074 2080 2130 turaliter
2131 2088 2196 2128 ex
2248 2074 2409 2128 Patre
2438 2076 2758 2144 procedens,
2785 2085 2949 2145 atque
2985 2075 3194 2132 idcirco
3258 2074 3416 2131 siuti-

1831 2163 1921 2218 lis.

2473 2251 2705 2308 nulUD.

1901 2360 1956 2415 Si
1989 2361 2167 2417 omnia
2191 2377 2255 2416 ex
2291 2361 2459 2416 nihilo
2509 2362 2770 2431 producta
2812 2370 2963 2424 sunt,
3020 2376 3236 2431 unaque
3288 2378 3411 2417 cum

1827 2453 2078 2506 omnibus
2094 2454 2256 2506 etiam
2286 2450 2482 2512 Filius,
2514 2466 2681 2519 quam
2706 2452 2774 2505 ob
2805 2466 3026 2506 causam
3078 2454 3164 2505 hic
3196 2454 3412 2522 quidem

1828 2552 1909 2597 est
1940 2554 2131 2595 natura
2173 2544 2451 2607 Dominus,
2516 2542 2602 2595 illa
2661 2557 2788 2596 vero
2822 2552 3009 2595 natura
3067 2543 3263 2596 serva?
3305 2546 3413 2599 Aut

1825 2634 1969 2689 enim
1992 2634 2377 2687 dominationis
2411 2634 2622 2687 titulum
2653 2635 2953 2687 naturalem
2985 2634 3207 2704 reliquis
3232 2635 3409 2688 etiam

1826 2720 2024 2775 deferri
2062 2737 2159 2791 par
2174 2731 2278 2786 est,
2306 2730 2489 2790 utpote
2515 2738 2635 2791 quae
2668 2724 2918 2778 eumdem
2953 2738 3075 2776 eum
3140 2722 3280 2777 Filio
3321 2739 3415 2778 or-

1825 2820 1935 2866 tum
1967 2813 2239 2877 habeant;
2269 2822 2361 2865 aut
2398 2814 2573 2881 ipsum
2604 2830 2708 2867 una
2743 2829 2865 2868 cum
2930 2814 3151 2882 reliquis
3190 2828 3409 2868 servum

1820 2918 1945 2958 esse
1978 2914 2033 2958 et
2062 2904 2186 2957 dici.
2212 2905 2281 2958 At
2309 2920 2438 2960 vero
2463 2906 2708 2973 nuspiam
2746 2906 2797 2959 id
2825 2921 3033 2959 sacram
3071 2906 3408 2973 Seripturam

1818 2993 1887 3048 de
1907 3009 1972 3047 eo
1994 2994 2284 3062 praedicare
2301 2996 2717 3063 comperiemtts.
2747 2993 2853 3049 Sed
2883 2996 3163 3050 Dominum
3190 2996 3407 3063 quidem

1820 3086 2115 3138 secundum
2167 3094 2416 3138 naturam
2451 3086 2697 3154 agnoscit
2738 3084 2955 3149 Filium,
2985 3097 3266 3139 creaturas
3302 3101 3404 3136 au-

124 3206 215 3243 vov
251 3189 355 3242 καὶ
388 3187 823 3259 σπουδαζόμενον
866 3158 1013 3261 αὐτῷ
1033 3158 1138 3244 ’τὸν
1165 3191 1293 3245 Υἱδν
1319 3158 1583 3263 εἰσφέρει,
1617 3158 1718 3264 τὴν

1824 3174 1929 3230 lem
1952 3188 2161 3239 servas,
2191 3175 2411 3230 dicens:
2446 3193 2466 3226 ς
2502 3175 2693 3229 Omnia
2747 3176 2995 3230 serviunt
3030 3175 3126 3229 tibi
3157 3175 3222 3229 ⁸³.
3262 3194 3282 3227 ι
3339 3175 3408 3229 Et

121 3276 310 3330 κτίσιν
359 3277 418 3331 δὲ
462 3276 866 3345 δοξολογοῦσαν.
910 3278 1023 3333 Οὐκ
1073 3280 1180 3350 ἄρα
1225 3284 1338 3345 τοῖς
1390 3284 1555 3336 πᾶσιν
1604 3283 1717 3348 ἴσος

123 3369 297 3431 ἐστὶν,
331 3368 457 3421 οὐδὲ
506 3367 726 3434 ἔξωθεν,
757 3368 944 3440 ὥσπερ
989 3371 1193 3433 ὲκείνα,
1226 3372 1391 3425 ἀλλ⁹ὀ
1444 3374 1543 3443 μὲν
1589 3373 1715 3436 Υἱὸς

124 3461 271 3513 κατὰ
324 3459 510 3527 φύσιν,
554 3460 625 3513 τὰ
666 3460 722 3514 δὲ
765 3460 927 3514 δοῦλα
979 3463 1073 3515 κοιλ⁸
1119 3466 1415 3534 ποιήματα.
1458 3466 1613 3520 Οὕτω
1657 3468 1713 3520 δὲ

126 3548 325 3617 ἔχοντα
355 3549 450 3604 τὸν
480 3550 627 3617 Υἰὸν,
655 3550 708 3604 τί
739 3552 800 3605 τὸ
829 3552 1035 3607 κωλύον
1067 3554 1252 3624 ὅμοιον
1293 3552 1433 3610 εἶναι
1481 3556 1559 3627 τῷ
1605 3560 1714 3611 Πα-

135 3642 219 3712 τρί
240 3659 254 3671 ’

818 3928 1019 3982 AAAO.

213 4036 548 4108 Ἀγνοοῦσιν,
578 4038 651 4102 ὡς
681 4036 875 4103 ἔοικεν,
911 4042 959 4093 oi
984 4041 1263 4112 λογισμοῖς
1291 4042 1570 4108 ἀσυνέτοις
1609 4044 1710 4098 ἐπ-

133 4131 486 4201 ερειδόμεναι,
509 4128 599 4181 καὶ
624 4129 776 4199 ψόφῳ
794 4130 1054 4184 διακένων
1073 4134 1138 4202 ρη
1149 4133 1380 4205 μάτωνῆ
1406 4138 1525 4199 ταῖς
1550 4138 1709 4207 ἀκρι-

131 4222 304 4286 ϐείαις
326 4223 437 4275 τῶν
462 4221 829 4292 θεωρημάτων
850 4224 1334 4294 ὲπικομπάζοντες,
1354 4226 1436 4279 ὅτι
1460 4227 1520 4279 τὸ
1542 4228 1710 4292 ὅντως

132 4313 189 4366 ὃν
214 4315 309 4367 καὶ
340 4313 465 4366 κατ’
497 4312 682 4367 οὐσίαν
712 4314 914 4367 τίκτειν
940 4314 1254 4385 δυνάμενον,
1278 4317 1338 4369 τὸ
1370 4316 1512 4371 Θεῖόν
1539 4319 1704 4372 ἐστιν.

133 4406 269 4458 Αὐτὸ
303 4405 417 4476 γὰρ
450 4405 513 4476 δὴ
552 4406 678 4475 περὶ
709 4406 901 4460 ἑαυτοῦ
943 4423 1105 4476 φησιν
1130 4424 1143 4438 ο
1190 4405 1329 4474 Ἐγώ
1373 4410 1487 4477 εἰμι
1533 4410 1561 4461 ὁ
1610 4407 1705 4475 ὣν,

1822 3282 2010 3321 rursus
2036 3264 2229 3320 Filium
2259 3282 2362 3320 una
2390 3282 2511 3321 cum
2567 3266 2727 3321 Patre
2756 3266 3087 3320 celebratum
3138 3277 3193 3321 et
3250 3282 3386 3321 con-

1821 3360 2176 3430 glorilicatuni
2198 3359 2422 3421 inducit,
2440 3368 2720 3414 creaturas
2734 3374 2862 3411 vero
2892 3359 3074 3413 laudes
3093 3373 3156 3412 ac
3174 3358 3402 3428 gloriam

1821 3450 1939 3506 Filii
1976 3451 2332 3507 celebrantes.
2395 3449 2512 3504 Νοιι
2532 3451 2695 3519 igitur
2722 3449 2877 3519 133
2919 3450 3168 3503 omnibus
3208 3448 3401 3502 similis

1826 3555 1928 3610 est,
1956 3558 2130 3612 neque
2149 3542 2486 3596 extrinsecus
2511 3551 2569 3594 ut
2604 3540 2705 3594 illae
2740 3540 2947 3595 factus:
2981 3541 3076 3593 sed
3133 3541 3249 3608 ipse
3276 3540 3400 3608 qui-

1820 3633 1939 3687 dem
1969 3630 2135 3686 Filius
2158 3634 2452 3686 secundum
2477 3640 2748 3696 naturam,
2787 3632 2867 3684 ha:
2898 3645 3024 3683 vero
3047 3644 3237 3685 servas.
3258 3629 3396 3685 Cum

1819 3735 1999 3778 autem
2031 3725 2102 3777 ita
2144 3737 2264 3777 sese
2299 3722 2491 3776 habeat
2517 3719 2706 3787 Filius,
2735 3721 2864 3792 quid
2908 3720 3194 3790 prohibeat
3250 3720 3399 3774 illum

1818 3818 1965 3873 Patri
1993 3817 2220 3872 similem
2247 3817 2411 3872 esse?

2505 3930 2741 3986 ALIUD.

1882 4046 2159 4116 ignorant,
2189 4053 2244 4098 ut
2295 4051 2538 4113 apparet,
2569 4041 2656 4095 isti
2716 4038 2914 4107 ineptis
2966 4038 3398 4094 ratiocinationi-

1817 4142 1916 4195 bus
1944 4139 2253 4203 innitentes,
2288 4146 2342 4190 et
2396 4135 2540 4188 inani
2593 4136 2875 4187 verborum
2933 4138 3160 4200 strepitu
3213 4133 3395 4199 potius

1816 4248 1974 4300 quam
2011 4232 2152 4285 veris
2186 4226 2642 4298 speculationibus
2671 4242 2792 4281 sese
2815 4224 3151 4294 jactitautes,
3177 4225 3224 4276 id
3246 4229 3391 4291 quod

1816 4339 1939 4378 vere
1972 4323 2188 4377 exsistit
2217 4330 2271 4375 et
2296 4335 2360 4374 ex
2382 4320 2595 4389 propria
2632 4334 2726 4374 sua
2755 4318 2992 4373 essentia
3025 4317 3392 4385 gignit,Deum

1814 4430 1953 4471 esse.
1981 4413 2090 4468 lloc
2117 4414 2257 4467 enim
2314 4415 2379 4465 de
2436 4412 2614 4480 seipso
2680 4410 2906 4479 inquit:
2956 4409 3065 4474 Ego
3121 4422 3237 4461 sum
3298 4422 3395 4461 ex-

134 4498 205 4560 ὼς
235 4500 345 4551 τῶν
377 4498 554 4553 ἄλλων
584 4498 861 4561 ἁπάντων,
891 4501 990 4552 οὐκ
1017 4500 1185 4552 ὄντων
1234 4500 1329 4569 μὲν
1373 4500 1501 4570 πρὶν
1553 4501 1709 4568 γενέ-

1824 4506 2031 4569 sistens,
2076 4520 2197 4558 cum
2238 4503 2439 4572 reliqua
2484 4502 2663 4558 omnia
2727 4518 2829 4553 non
2872 4500 3160 4566 exsistant,
3216 4499 3394 4567 prius-

137 4587 279 4652 σθαι,
318 4589 571 4659 βουλήσει
599 4589 653 4642 δὲ
686 4589 806 4661 θεία
825 4590 960 4660 πρὸς
987 4589 1047 4642 τὸ
1070 4586 1210 4642 εἶναι
1244 4590 1706 4660 παρενεχθέντων.

138 4680 341 4733 Οὐκοῦν
370 4680 430 4733 τὸ
456 4682 621 4743 ὄντως
637 4681 716 4743 όν,
735 4674 777 4747 ᾧ
795 4683 888 4735 καὶ
912 4681 973 4733 τὸ
988 4677 1139 4733 εἶναι
1159 4679 1493 4750 κυριώτατον
1515 4682 1705 4753 ὄνομα,

138 4773 263 4825 αὐτὸ
284 4772 345 4843 δὴ
372 4774 466 4827 καὶ
500 4772 658 4843 μόνον
685 4774 801 4825 κατ’
831 4773 1019 4826 οὐσίαν
1047 4774 1319 4842 γεννήσει.
1342 4773 1423 4826 Τὰ
1442 4773 1551 4844 γάρ
1573 4774 1708 4827 ἄλλα

140 4866 431 4935 ποιήματα,
464 4864 739 4934 ἄνθρωποι
786 4866 966 4935 τυχὸν,
1021 4864 1270 4935 βουλήσει
1327 4865 1525 4935 μᾶλλον
1572 4866 1708 4919 Θεοῦ

142 4956 269 5024 πρὸς
314 4958 372 5009 τὸ
422 4957 683 5011 δύνασθαι
726 4957 931 5011 τίκτειν
979 4956 1368 5029 ὲκλήθησαν,ῆ
1417 4959 1537 5011 κατ’
1572 4958 1708 5012 ίδίαν

142 5046 319 5099 οὖσίαν
340 5046 499 5101 τοῦτο
523 5047 756 5101 ποιοῦσι.
791 5049 944 5111 Θεῖος
972 5050 1080 5118 γάρ
1114 5066 1197 5111 τις
1225 5048 1523 5116 ἀναγκάζει
1547 5049 1710 5120 νόμος

145 5135 336 5188 τίκτειν
362 5138 456 5190 καὶ
475 5137 534 5189 τὸ
559 5137 632 5207 μὴ
656 5137 861 5191 τίκτειν
883 5139 1146 5207 πεφυκός.
1166 5139 1382 5210 Ἐπειδὴ
1408 5141 1516 5211 γὰρ
1534 5140 1708 5203 οὕτως

142 5224 392 5295 ἠθέλησεν
440 5227 468 5279 ὁ
499 5229 862 5298 Δημιουργὸς,
893 5228 1035 5283 οὕτω
1081 5231 1171 5284 καὶ
1220 5230 1459 5299 γέγονεν.
1494 5233 1555 5285 Εἰ
1599 5230 1707 5301 γὰρ

147 5316 259 5367 κατ’
291 5318 478 5371 οὐσίαν
511 5319 651 5382 ἰδίως
697 5338 755 5373 τε
801 5322 896 5375 καὶ
946 5323 1149 5393 κυρίως
1183 5323 1294 5392 ἔχει
1324 5324 1384 5377 τὸ
1412 5324 1615 5376 τίκτειν
1644 5323 1713 5376 τὰ

146 5406 431 5475 ποιήματα,
468 5409 607 5462 διατί
649 5411 722 5483 μὴ
763 5412 940 5467 πάντα
965 5414 1185 5468 δύναται
1217 5416 1451 5481 τίκτειν;
1494 5416 1710 5486 Ἐπειδὴ

146 5494 199 5546 δὲ
235 5497 401 5553 τίκτει
444 5503 584 5564 τινὰ,
615 5504 856 5576 δηλονότι
884 5506 951 5562 τὰ
978 5508 1401 5580 κεκελευσμένοι,
1444 5510 1709 5580 πρόδηλον

146 5586 392 5658 δήπουθεν
421 5594 494 5657 ὠς
525 5596 585 5648 οὐ
620 5598 762 5651 κατὰ
790 5599 949 5667 φύσιν
974 5601 1227 5655 τοσοῦτον
1256 5606 1367 5667 τοῖς
1411 5603 1708 5673 ποιήμασιν

220 5767 263 5800 ⁵⁸
291 5769 424 5830 Ρδαι.
448 5788 634 5843 ωιγιιι,
668 5776 757 5832 91.

1814 4613 1973 4666 quam
2013 4597 2176 4649 ﬁant:
2212 4597 2484 4649 voluntate
2539 4610 2666 4649 vero
2705 4594 2885 4647 divina
2935 4595 3128 4647 educta
3187 4594 3296 4645 sint
3335 4593 3389 4645 in

1812 4699 2009 4745 ortum.
2034 4689 2183 4754 Quod
2216 4688 2376 4756 igitur
2409 4702 2535 4739 vere
2580 4697 2663 4741 est
2726 4687 2831 4757 (cui
2878 4694 2931 4739 et
2983 4685 3215 4738 maxime
3261 4699 3389 4752 pro-

1813 4782 1986 4846 prium
2019 4789 2102 4834 est
2132 4795 2322 4833 nomen
2342 4778 2495 4843 esse),
2514 4778 2618 4832 hoc
2644 4787 2699 4831 et
2727 4778 2943 4845 quidem
2995 4776 3164 4831 solum
3193 4791 3389 4829 secun-

1812 4876 1936 4929 dum
1970 4872 2261 4928 essentiam
2288 4871 2475 4940 gignit.
2515 4869 2753 4938 Reliqua:
2778 4883 2967 4924 omnes
2989 4878 3278 4927 creaturae,
3307 4873 3387 4928 ut,

1810 4963 1957 5017 verbi
1991 4963 2185 5027 gratia,
2223 4962 2490 5021 homines,
2528 4959 2709 5027 potius
2736 4958 3010 5011 voluntate
3039 4957 3129 5010 Dei
3154 4956 3381 5025 gignen-

1813 5055 1863 5108 di
1900 5052 2157 5107 fucultate
2196 5052 2406 5105 donatae
2436 5060 2582 5111 sunt,
2616 5059 2705 5103 aut
2755 5048 3051 5102 secundum
3110 5044 3382 5113 propriam

1813 5146 2101 5199 essentiam
2155 5144 2255 5197 hoc
2289 5142 2528 5196 faciunt:
2582 5141 2759 5194 divina
2809 5140 2952 5192 enim
3008 5139 3248 5205 quaedam
3302 5134 3383 5188 lex

1816 5236 1957 5305 cogit
2006 5236 2225 5305 gignere
2275 5234 2437 5286 etiam
2494 5233 2543 5286 id
2602 5232 2744 5300 quod
2797 5231 3019 5293 gignere
3069 5243 3171 5279 non
3225 5227 3383 5282 solet.

1815 5324 2258 5393 Quandoquidem
2283 5323 2425 5376 enim
2462 5321 2601 5375 Deus
2635 5321 2704 5373 ita
2742 5321 2930 5382 voluit,
2959 5318 3031 5371 ita
3063 5328 3116 5372 et
3182 5317 3382 5391 factum

1813 5427 1915 5471 est.
1950 5414 2083 5469 Nam
2110 5415 2152 5468 si
2183 5429 2245 5467 ex
2275 5428 2371 5467 sua
2397 5411 2697 5466 substantia
2753 5412 2967 5479 proprie
3000 5425 3062 5463 ac
3100 5410 3389 5480 peettliari-

1811 5517 1893 5562 ter
1916 5518 2175 5563 creatura:
2201 5504 2448 5578 gignendi
2500 5503 2802 5558 facultatem
2834 5504 3121 5567 haberent,
3154 5518 3253 5556 cur
3281 5517 3386 5555 nun

1811 5616 1998 5658 omnes
2020 5611 2243 5672 possunt
2300 5597 2561 5669 gignere?
2612 5596 2745 5652 Cum
2805 5609 2935 5649 vero
2978 5593 3244 5649 nonnulla:
3300 5592 3383 5661 gi-
