4072 6558
604 348 717 403 223
1629 348 1687 405 S.
1730 350 2008 407 CYRILLI
2047 348 2521 406 ALEXANDRINI
2560 346 2881 405 ARCHIEP.
3794 348 3908 406 228

610 475 803 536 gnant,
840 465 1095 521 nimirum
1122 467 1226 524 illa:
1265 469 1462 540 quibus
1490 470 1542 525 id
1577 471 1900 542 imperatum
1929 483 2053 538 est;
2085 487 2169 527 ma

2302 470 2633 542 ἐνυπάρχειν
2676 469 2739 523 τὸ
2782 470 2998 538 γεννᾷν,
3030 467 3155 522 ὅσον
3189 469 3254 522 ὲκ
3296 466 3390 521 τοῦ
3423 466 3751 531 κελεύοντος
3804 471 3907 521 καὶ

608 558 866 611 uit‘estum
889 568 973 613 est
1002 560 1252 629 gignendi
1277 560 1585 618 facultatem
1611 578 1716 619 non
1754 573 1862 618 tam
1892 564 2173 619 secundum

2289 559 2692 629 ἀναγκάζοντος
2720 560 2910 630 νόμου,
2945 558 3003 611 ὃν
3035 559 3253 629 ἑκάστῳ
3278 557 3384 612 τῶν
3410 557 3579 611 ὄντων
3609 557 3905 628 ἐπέθηκεν

608 658 861 702 naturam
895 652 1164 704 creaturis
1198 652 1397 715 inesse,
1424 668 1585 722 quam
1613 653 1836 723 jubeute
1873 665 1927 710 et
1961 665 2173 724 cogente

2286 655 2315 706 6
2334 652 2692 723 Δημιουργός.
2718 651 2928 704 Οὐκοῦν
2956 650 3018 703 τὸ
3045 651 3251 722 κυρίως
3279 650 3462 703 τίκτον
3491 648 3549 714 ἐξ
3576 650 3813 709 ἑαυτοῦ.
3834 651 3903 703 τὸ

604 735 719 803 lege
739 752 902 806 quam
938 740 1230 810 unicuique
1251 753 1619 798 creaturarum
1653 745 1906 815 imposuit
1933 748 2173 803 Creator.

2286 744 2442 798 Θείόν
2488 745 2671 797 ἐστιν’
2710 745 2870 814 ἡμεῖς
2900 743 2958 796 δὲ
3016 742 3159 796 κατά
3197 741 3431 813 μίμησιν
3486 742 3587 813 τὴν
3642 742 3895 796 ἐκείνου.

604 827 871 892 Quocirca
902 830 954 883 id
972 832 1112 898 quod
1144 833 1361 902 proprie
1385 848 1449 888 ex
1486 848 1545 889 se
1571 835 1907 905 gignit,Deus
1934 846 2017 892 est
2046 856 2059 890 :
2087 852 2173 892 nos

2286 830 2420 888 Εἶτα
2450 834 2569 898 πῶς
2596 833 2695 887 οὐκ
2725 834 2923 887 ἄτοπον
2943 832 3003 886 τὸ
3035 833 3132 901 μὲν
3161 831 3299 885 κατὰ
3332 832 3561 903 μίμησιν
3585 832 3812 885 τίκτειν
3838 832 3897 896 ἐξ

603 932 736 975 vero
759 920 825 974 ad
845 920 988 976 illius
1012 922 1390 980 imitationem.
1420 926 1700 992 Quomodo
1725 940 1900 983 autem
1936 944 2041 983 non
2089 931 2173 983 ah-

2284 925 2498 990 ἑαυτοῦ,
2530 926 2591 979 τὸ
2618 925 2675 978 δὲ
2709 925 3013 995 ἀρχέτυπον
3043 924 3181 993 πρὸς
3209 921 3237 975 ὃ
3268 924 3359 976 καὶ
3396 924 3799 995 μεμόρφωται,
3818 923 3894 993 μή

604 1011 828 1065 surdum
868 1011 1030 1067 fuerit
1059 1013 1331 1069 hominem
1381 1018 1673 1071 secundum
1722 1019 2079 1074 imitationem
2115 1034 2173 1074 ex

2284 1018 2343 1084 ἐξ
2378 1018 2572 1070 ἑαυτοῦ
2611 1015 2834 1088 μᾶλλον,
2864 1016 2980 1070 ἀλλ’
3008 1015 3207 1083 ἔξωθεν
3237 1015 3382 1085 ἔχειν
3409 1015 3471 1068 τὸ
3501 1016 3746 1086 γεννᾷνς
3783 1017 3893 1067 Φα-

606 1102 787 1171 seipso
824 1105 1067 1174 gignere,
1100 1108 1456 1179 archetypum
1484 1119 1689 1174 autem,
1732 1111 1848 1165 sive
1901 1112 2184 1181 exemplar

604 1192 673 1245 ad
706 1195 847 1262 quod
876 1194 1138 1251 formatus
1164 1206 1267 1263 est,
1302 1215 1407 1252 non
1427 1217 1490 1255 ex
1519 1217 1579 1256 se
1603 1202 1799 1272 potius,
1830 1204 1922 1258 sed
1973 1207 2183 1259 extrin-

604 1297 765 1337 secus
792 1285 1049 1355 gignere?
1075 1288 1207 1342 Cum
1258 1291 1441 1361 itaque
1472 1293 1674 1349 veritas
1717 1294 1874 1361 hujus
1921 1296 1999 1351 rei
2043 1299 2180 1352 satis

605 1374 877 1430 declarata
906 1378 996 1442 sit,
1021 1380 1151 1433 nihil
1186 1382 1290 1435 erit
1313 1386 1455 1451 quod
1480 1384 1658 1438 obstet
1705 1388 1995 1456 quominus
2018 1386 2182 1443 Pater

604 1461 800 1518 Filium
834 1458 900 1522 ex
952 1468 1132 1537 seipso
1179 1471 1382 1540 gignat.
1439 1472 1590 1541 Quod
1641 1476 1685 1529 si
1752 1478 1824 1531 ita
1856 1486 1960 1545 cst,
1986 1480 2181 1535 similis

600 1555 766 1608 etiam
791 1573 888 1626 per
908 1560 1083 1614 omnia
1118 1562 1193 1616 illi
1219 1563 1342 1629 erit,
1383 1580 1506 1619 cum
1530 1568 1837 1637 proprietas
1870 1570 1988 1641 ejus
2022 1582 2182 1626 natu-

602 1646 790 1703 raliter
822 1650 873 1704 in
901 1648 1095 1706 Filium
1144 1665 1455 1711 concurrat.

599 1755 897 1826 ALIUD,¢le
912 1762 1264 1819 similitudine
1293 1763 1426 1849 Filii
1463 1784 1580 1823 cum
1615 1767 1794 1825 Patre.
1819 1770 2053 1842 Objectio
2077 1773 2175 1827 ad-

1225 1852 1604 1892 versanorum.

672 1938 728 1994 Si
788 1956 970 2008 nemo,
1002 1946 1277 2016 inquiunt,
1306 1961 1390 2004 est
1419 1950 1615 2017 bonus,
1670 1953 1773 2007 nisi
1815 1953 1963 2009 solus
2001 1956 2176 2020 Dens,

592 2030 747 2100 juxta
777 2033 943 2104 ipsius
965 2036 1271 2095 Servatoris
1292 2056 1478 2096 vocem
1514 2042 1559 2073 “
1580 2083 1595 2109 ,
1623 2059 1856 2113 cmnque
1882 2044 1995 2113 ipse
2023 2061 2174 2099 suam

598 2137 885 2191 personant
920 2144 949 2182 a
987 2131 1217 2185 naturali
1268 2134 1510 2189 bonitate
1560 2137 1819 2205 excipiat,
1872 2136 2057 2192 dicens
2110 2138 2177 2191 ad

598 2216 888 2274 Scribant:
930 2239 950 2272 ι
986 2222 1095 2277 Cur
1120 2240 1206 2278 me
1234 2226 1373 2280 dicis
1397 2226 1636 2282 bonum?
1673 2248 1692 2281 ι
1743 2246 1978 2297 quonam
2019 2232 2177 2287 modo

595 2309 793 2366 similis
826 2312 931 2369 erit
959 2313 1106 2371 Patri
1154 2319 1473 2375 naturaliter
1515 2321 1656 2378 bono
1714 2320 1883 2379 Filius
1928 2339 2032 2379 non
2097 2332 2177 2379 ta-

595 2398 696 2455 lis?

1131 2520 1344 2578 Solatia
1380 2526 1710 2595 objectiom‘s.

666 2603 859 2663 Hostes
883 2609 1087 2667 Christi
1122 2613 1438 2685 ittarqualetn
1470 2632 1590 2672 esse
1637 2615 1785 2672 Patri
1815 2618 2009 2674 Filium
2059 2630 2173 2675 sta-

598 2705 777 2763 tnunt,
806 2713 1066 2770 quantum
1097 2707 1319 2775 periculi
1340 2723 1401 2762 ac
1437 2708 1619 2763 damni
1649 2727 1715 2765 ex
1756 2727 1942 2767 eorum
1994 2715 2174 2770 verbis

594 2798 854 2859 sequatur
898 2810 1232 2867 nequaquam
1277 2801 1738 2869 contemplantes,
1792 2815 1886 2858 aut
1932 2807 2174 2862 videntes

592 2882 832 2948 quidem,
882 2886 976 2939 sed
1009 2887 1392 2959 inhnjusmodi
1453 2893 1664 2961 magnis
1711 2895 1871 2948 rebus
1923 2895 2172 2952 ludentes

594 2971 793 3039 potius,
823 2988 983 3043 quant
1018 2975 1299 3032 veritatem
1327 2979 1687 3049 inquirentes.
1718 2981 1775 3036 Si
1830 2984 1972 3036 enim
2004 2984 2170 3038 dissi-

594 3062 759 3128 milis,
792 3064 943 3131 juxta
1005 3068 1164 3141 134
1185 3069 1323 3133 illos,
1352 3081 1436 3126 est
1467 3070 1637 3128 Filius
1651 3072 1820 3139 Patri,
1845 3075 2029 3131 dicant
2072 3094 2171 3133 uo-

2283 1111 2446 1180 νερᾶς
2467 1107 2755 1179 τοιγαροῦν
2794 1108 3045 1162 ἐντεῦθεν
3067 1107 3167 1177 τῆς
3198 1106 3454 1178 ἀληθείας
3473 1107 3890 1176 γεγενημένης.

2281 1200 2434 1254 οὐδὲν
2462 1200 2551 1254 τὸν
2576 1200 2793 1272 Πατέρα
2823 1198 3060 1252 κωλύσει
3086 1199 3281 1270 γεννᾷν
3300 1198 3390 1251 τὸν
3407 1198 3537 1251 Υἱὸν
3567 1195 3629 1261 ἐξ
3656 1197 3886 1251 ἑαυτοῦ.

2282 1293 2345 1345 Ei
2376 1280 2441 1343 δὲ’
2456 1292 2636 1359 τοῦτο,
2668 1292 2764 1347 καὶ
2799 1294 2982 1363 ὅμοιος
3014 1291 3165 1343 ἔσται
3195 1290 3338 1344 κατά
3368 1290 3545 1343 πάντα
3572 1290 3756 1360 αὐτῷ,
3784 1290 3888 1358 τῆς

2279 1382 2374 1436 τοῦ
2420 1383 2634 1455 Πατρὸς
2684 1382 2946 1455 ἰδιότητος
2989 1381 3236 1452 φυσικῶς
3278 1380 3583 1453 τρεχούσης
3635 1380 3737 1433 ἐπὶ
3790 1378 3886 1432 τὸν

2282 1474 2432 1530 Υἱόν.

2278 1753 2479 1817 AAAO,
2518 1750 2650 1821 περὶ
2693 1751 3037 1820 ὁμοιότητος
3082 1747 3192 1817 τῆς
3236 1748 3529 1821 animo?)
3566 1748 3722 1821 πρὸς
3768 1750 3877 1803 τὸν

2379 1819 2627 1890 Πατέρα.
2647 1819 2965 1888 Ἀντίθεσις
2999 1821 3079 1888 ὡς
3109 1821 3178 1874 ἐκ
3204 1819 3321 1873 τῶν
3346 1819 3422 1873 δι’
3446 1819 3757 1883 ἐναντίας.

2350 1937 2414 1991 Εἰ
2454 1936 2648 2003 οὐδεὶς,
2679 1937 2863 2006 φασὶν,
2897 1935 3121 2005 ἀγαθὸς,
3156 1935 3204 1987 εἰ
3251 1933 3325 2005 μὴ
3368 1930 3447 1996 εἷς
3477 1935 3506 1987 6
3534 1932 3694 1996 Θεὸς,
3729 1934 3873 1986 κατά

2278 2029 2378 2100 τὴν
2419 2028 2585 2083 αὑτοῦ
2629 2028 2725 2081 τοῦ
2780 2028 3034 2099 Σωτῆρος
3083 2027 3288 2098 φωνὴν,
3325 2026 3572 2094 φαίνεται
3597 2024 3653 2078 δὲ
3686 2026 3782 2079 καὶ
3810 2026 3871 2078 τὸ

2277 2121 2475 2173 οἰκεῖον
2516 2120 2806 2191 πρόσωπον
2849 2118 2948 2188 τῆς
2997 2116 3139 2171 κατὰ
3186 2117 3349 2185 φύσιν
3390 2116 3734 2185 άγαθότητος
3764 2117 3869 2181 ἔξω

2276 2211 2467 2275 τιθεὶς,
2507 2230 2525 2261 ι
2553 2211 2619 2263 Τί
2654 2211 2760 2281 γάρ
2795 2226 2861 2280 με
2911 2209 3016 2278 φὴς
3063 2208 3300 2275 ἀγαθόν;
3333 2226 3348 2257 ι
3395 2208 3529 2278 πρὸς
3557 2206 3648 2260 τὸν
3673 2207 3870 2278 Γραμ-

2279 2302 2455 2372 ματέα
2478 2302 2646 2370 λέγει,
2671 2301 2811 2355 κατὰ
2842 2301 2966 2353 τινα
2996 2299 3195 2368 τρόπον
3221 2299 3403 2367 ὅμοιος
3430 2298 3584 2351 ἔσται
3619 2298 3699 2368 τῷ
3725 2299 3869 2353 κατὰ

2276 2393 2438 2465 φύσιν
2472 2392 2664 2464 ἀγαθῷ
2691 2392 2867 2464 Πατρὶ
2898 2392 2926 2444 6
2962 2391 3037 2462 μὴ
3074 2389 3314 2452 τοιοῦτος
3343 2388 3504 2454 Υἱός;

2754 2503 2912 2573 Πρὸς
2949 2503 3138 2558 ταῦτα
3173 2503 3378 2568 λύσις.

2358 2621 2638 2692 Ἀνόμοιον
2670 2615 2810 2675 εἶναι
2840 2639 3004 2690 φασιν
3036 2622 3084 2675 οξ
3120 2618 3479 2692 χριστομάχοι
3513 2619 3610 2672 τὸν
3636 2618 3772 2672 Υἱὺν
3790 2617 3867 2687 τῷ

2274 2713 2469 2783 Πατρὶ,
2498 2713 2590 2765 τὸν
2634 2713 3016 2785 ἐπηρτημένον
3063 2711 3139 2782 τῷ
3166 2711 3307 2782 λόγῳ
3337 2711 3582 2764 κίνδυνον
3615 2710 3865 2781 μηδόλως

2273 2805 2630 2876 θεωροῦντες,
2664 2804 2695 2875 ἢ
2734 2803 3065 2875 θεωροῦντες
3097 2804 3217 2875 μὲν,
3249 2804 3307 2856 ὲν
3340 2802 3397 2856 δὲ
3438 2805 3551 2865 τοῖς
3582 2800 3729 2854 οῦτω
3766 2821 3865 2872 με·

2273 2897 2459 2965 γάλοις
2490 2898 2779 2967 πράγμασι
2816 2896 3103 2961 παίζοντες
3138 2895 3340 2967 μᾶλλον
3386 2894 3418 2964 ἣ
3462 2895 3561 2965 τῆς
3600 2894 3866 2965 ἀληθείας

2270 2989 2424 3053 ὄντες
2469 2989 2769 3053 ἐξετασταί.
2819 2988 2883 3042 Εἰ
2938 2989 3047 3060 γὰρ
3094 2988 3382 3057 ἀνόμοιος,
3428 2986 3550 3039 κατ’
3581 2986 3865 3049 ἐκείνους,

2271 3081 2418 3133 ἐστὶν
2446 3081 2475 3133 6
2519 3080 2647 3144 Υξὸς
2692 3080 2772 3151 τῷ
2816 3082 3013 3151 Πατρὶ,
3043 3079 3350 3148 λεγέτωσαν
3391 3080 3518 3149 ἡμῖν
3561 3077 3687 3132 τινα
3729 3080 3866 3131 ποτὲ

591 3152 676 3206 bis
699 3169 859 3224 quem
894 3160 1112 3212 tandem
1151 3161 1474 3217 naturaliter
1495 3163 1693 3217 bonum
1734 3179 1855 3219 esse
1889 3177 2161 3235 statuant,

2275 3171 2456 3244 ὲροῦσι
2503 3173 2595 3226 τὸν
2640 3171 2845 3240 ἀγαθὸν
2878 3171 3019 3226 κατά
3064 3171 3263 3241 φύσιν·
3312 3171 3402 3224 τὸν
3447 3169 3669 3241 Πατέρα
3705 3170 3739 3239 ἦ
3774 3172 3867 3223 τὸν

592 3244 882 3304 Patremne
905 3265 971 3304 an
999 3248 1234 3308 Filium?
1281 3253 1338 3308 Si
1389 3270 1519 3325 ergo
1552 3253 1699 3309 Patri
1756 3256 1859 3313 hoc
1906 3261 2170 3327 tribuant,

594 3340 963 3394 necessarium
998 3350 1081 3396 est
1102 3345 1324 3401 omnino
1352 3364 1457 3402 non
1486 3365 1604 3405 esse
1633 3352 1835 3407 bonum
1890 3367 2012 3407 eum
2078 3353 2170 3421 qui

593 3430 742 3485 Patri
771 3432 965 3489 similis
998 3451 1104 3490 non
1136 3437 1227 3491 sit.
1258 3439 1330 3494 At
1352 3441 1396 3495 si
1432 3443 1532 3497 hoc
1580 3444 1759 3501 dicere
1816 3444 2167 3509 verebuntur,

595 3522 1037 3595 transferuutque
1079 3528 1131 3581 in
1179 3528 1373 3584 Filium
1431 3534 1776 3591 essentialem
1826 3535 2162 3590 b0uitatem:

596 3614 911 3669 necessario
936 3632 1122 3673 rursus
1138 3633 1202 3673 eo
1222 3620 1583 3685 revolventur,
1616 3635 1673 3679 ut
1722 3625 1906 3681 dicant
1949 3624 2169 3681 Patrem

594 3721 701 3760 nou
735 3722 855 3762 esse
889 3709 1109 3777 bonum,
1135 3712 1451 3781 siquidema
1486 3716 1846 3773 similitudine
1885 3733 2005 3772 cum
2034 3717 2172 3773 Filio

594 3799 874 3856 abhorret.
907 3802 1039 3858 Cum
1074 3819 1199 3860 vero
1228 3821 1570 3875 summopere
1628 3810 1928 3865 absurdum
1965 3812 2056 3876 sit,
2088 3811 2170 3867 vel

592 3904 780 3946 coxitra
815 3891 1055 3958 Patrem,
1089 3896 1171 3950 vel
1194 3907 1381 3953 contra
1431 3898 1626 3955 Filium
1673 3900 1976 3972 hujusmodi
2025 3903 2171 3959 blas-

594 3988 867 4054 phemiam
899 3987 1143 4058 proferre
1169 3996 1317 4060 (nam
1357 4006 1480 4046 cum
1528 3992 1703 4048 bonus
1730 3995 1802 4049 sit
1848 3994 2027 4062 Pater,
2077 3996 2172 4051 bo-

596 4094 698 4131 nus
719 4079 884 4134 etiam
917 4081 1137 4137 omnino
1164 4083 1268 4137 erit
1293 4083 1385 4154 qui
1408 4100 1475 4138 ex
1502 4086 1735 4141 essentia
1769 4086 1939 4157 ipsius
1977 4104 2169 4157 proce-

597 4170 672 4223 dit
705 4167 921 4241 Filius),
972 4188 1078 4229 non
1116 4173 1223 4228 erit
1266 4185 1420 4230 certe
1475 4175 1581 4230 ulla
1660 4176 1714 4232 iu
1777 4192 1835 4233 re
1890 4179 2170 4236 dissimilis

596 4260 742 4317 Patri
774 4280 788 4315 :
823 4265 1021 4319 bonum
1055 4267 1202 4320 enim
1238 4266 1380 4323 bono
1409 4267 1585 4323 simile
1608 4283 1754 4324 'esse
1780 4269 1938 4340 plane
1967 4282 2049 4327 est
2078 4287 2171 4328 ue-

590 4368 770 4409 (38580.

1009 4469 1246 4539 Objectio
1275 4471 1505 4526 hostium
1527 4470 1743 4528 Christi.

663 4584 720 4638 In
761 4584 885 4649 hoc,
924 4584 1196 4653 inquiunt,
1231 4585 1466 4639 fatemur
1521 4584 1752 4640 similem
1810 4586 1946 4653 esse;
1976 4584 2170 4641 Filium

595 4674 765 4737 Patri.
798 4690 902 4731 non
930 4678 1072 4745 quod
1097 4677 1444 4733 essentialem
1475 4675 1695 4730 omnino
1755 4689 1820 4729 ac
1866 4675 2169 4730 naturalem

592 4786 718 4825 cum
744 4769 833 4823 illo
865 4770 1275 4824 similitudinem
1305 4771 1531 4831 habeat;
1562 4768 1678 4834 sed,
1740 4769 1883 4837 quod
1935 4768 2171 4823 voluerit

595 4872 800 4917 tantum
823 4861 983 4916 Pater
1017 4876 1139 4918 euut
1193 4861 1349 4915 talem
1418 4860 1772 4927 constituere,
1826 4860 2003 4930 qualis
2058 4860 2173 4931 ipse

590 4964 698 5018 est,
729 4968 849 5007 cum
904 4952 996 5007 illo
1056 4951 1466 5007 similitudinem
1505 4951 2169 5017 habet.Quemadmodum

592 5043 733 5099 forte
761 5044 921 5099 etiam
950 5045 1142 5099 domus
1168 5045 1219 5097 iu
1241 5053 1448 5096 certam
1472 5043 1698 5097 formam
1728 5052 2062 5109 constructa,
2089 5053 2171 5100 est

597 5136 762 5192 veluti
828 5136 1006 5207 imago
1056 5134 1401 5204 exemplaris,
1435 5136 1578 5205 quod
1646 5136 1690 5191 is
1746 5137 1836 5208 qui
1884 5137 2173 5193 aediﬁcavit

599 5236 779 5284 incute
818 5236 1183 5297 conceperat:
1221 5242 1284 5280 ac
1318 5227 1526 5283 ratione
1559 5230 1776 5297 quidem
1823 5232 2061 5286 materiae
2088 5231 2171 5286 di-

596 5335 751 5375 versa
786 5319 855 5374 ab
881 5333 948 5373 eo
974 5326 1091 5384 est;
1119 5327 1384 5388 quatenus
1415 5336 1544 5377 vero
1566 5323 1638 5376 ita
1672 5322 1811 5378 facta
1834 5334 1936 5390 cst,
1965 5334 2021 5381 ut
2051 5325 2170 5380 aui-

595 5432 685 5470 mo
718 5413 969 5483 agitarat,
993 5411 1210 5470 similis.

1082 5524 1292 5583 Salutio
1316 5527 1646 5601 objectionis.

661 5640 814 5705 Risu,
847 5638 955 5695 imo
982 5641 1158 5709 potius
1190 5642 1444 5715 Iacrymis
1468 5645 1624 5717 digna
1658 5644 1855 5701 oratio.
1879 5645 2009 5714 Quis
2032 5646 2175 5701 enim

670 5783 713 5813 δ’
743 5780 874 5836 Luc.
912 5795 1064 5849 xvui,
1101 5783 1185 5840 l9.

2200 4512 2247 4569 D

2278 3266 2435 3331 Υἱόνς
2465 3266 2528 3318 El
2577 3264 2678 3335 μὲν
2723 3260 2816 3318 οὖν
2864 3264 2942 3335 τῷ
2986 3262 3163 3334 Πατρὶ
3188 3262 3287 3333 τὴν
3338 3262 3430 3315 ἐπὶ
3473 3261 3649 3332 τούτῳ
3679 3263 3867 3333 ψῆφον

2273 3357 2661 3429 ἀπονέμουσιν,
2697 3357 2911 3428 ἀνάγκη
2942 3357 3092 3410 πᾶσα
3122 3357 3196 3427 μὴ
3227 3350 3366 3409 εἶναι
3407 3354 3609 3424 ἀγαθὸν
3649 3356 3745 3410 τὸν

2275 3452 2450 3521 Πατρὶ
2479 3450 2554 3521 μὴ
2588 3450 2964 3521 προσεοικότα.
2995 3450 3061 3503 Ei
3089 3448 3146 3502 δὲ
3171 3447 3329 3502 τοῦτο
3365 3448 3462 3518 μὲν
3495 3450 3869 3520 παραιτήσον-

2274 3563 2364 3599 ται
2394 3544 2593 3613 λέγειν,
2631 3543 3001 3615 μεταθήσουσι
3029 3540 3085 3595 δὲ
3118 3542 3212 3594 ἐπὶ
3236 3540 3328 3594 τὸν
3354 3540 3480 3594 Υῑδν
3506 3542 3566 3596 τὸ
3583 3541 3869 3604 οὐσιωδῶς

2273 3633 2498 3701 ἀγαθὸν,
2527 3633 2586 3699 ἐξ
2634 3632 2881 3703 ἀνάγκης
2932 3630 3094 3686 πάλιν
3129 3631 3583 3703 συνελαθήσονται
3628 3631 3773 3701 πρὸς
3805 3633 3870 3685 τὸ

2273 3724 2469 3796 χρῆναι
2488 3723 2668 3790 λέγειν
2688 3724 2789 3776 οὑκ
2818 3718 2957 3777 εἶναι
2987 3722 3077 3776 τὸν
3107 3722 3329 3795 Πατέρα
3353 3722 3579 3790 ἀγαθὸν,
3597 3723 3652 3775 ετ
3671 3740 3741 3791 γε
3766 3724 3865 3793 τῆς

2274 3817 2409 3889 πρὸς
2440 3816 2532 3871 τὸν
2556 3816 2684 3870 Υἱὸν
2721 3815 3039 3887 ὁμοιότητος
3079 3814 3605 3886 ἀποφοιτᾷ.Ἐπειδὴ
3648 3815 3707 3869 δὲ
3744 3816 3866 3868 λίαν

2273 3910 2421 3962 ἐστὶν
2454 3908 2799 3963 ἀτοπώτατον
2840 3908 2872 3978 ἦ
2920 3908 3060 3961 κατὰ
3098 3906 3192 3959 τοῦ
3232 3907 3442 3979 Πατρὸς
3488 3908 3521 3978 ἦ
3572 3909 3719 3961 κατά
3767 3909 3866 3961 τοῦ

2274 3996 2404 4051 Υἰοῦ
2442 3998 2545 4067 τὴν
2587 3996 2843 4069 τοιαύτην
2886 3996 3225 4066 φθέγξασθαι
3260 3996 3572 4068 δυσφημίαν
3606 3999 3866 4069 (ἀγαθοῦ

2273 4090 2382 4161 γὰρ
2412 4089 2564 4153 ὄντος
2591 4089 2686 4144 τοῦ
2710 4090 2944 4161 Πατρὸς,
2967 4088 3169 4159 ἀγαθὸς
3194 4088 3344 4143 ἔσται
3376 4090 3589 4153 πάντως
3621 4092 3719 4144 καὶ
3749 4095 3779 4144 ὁ
3804 4094 3870 4145 ἐκ

2271 4182 2372 4253 τῆς
2400 4180 2586 4245 οὐσίας
2616 4180 2780 4235 αὐτοῦ
2813 4181 3092 4253 προελθὼν
3124 4180 3296 4251 Υἱὸς),
3323 4181 3423 4234 οὐκ
3449 4181 3600 4235 ἔσται
3634 4184 3784 4236 κατά
3813 4202 3869 4238 τι

2275 4273 2406 4343 γοῦν
2433 4272 2684 4344 ἀνόμοιος
2704 4273 2782 4344 τῷ
2810 4274 3007 4344 Πατρὶ,
3040 4273 3199 4344 εἴπερ
3224 4271 3285 4325 τὸ
3306 4272 3509 4340 ἀγαθὸν
3536 4278 3870 4347 προσεοικέ-

2274 4382 2363 4421 ναι
2397 4364 2617 4428 πάντως
2648 4364 2865 4434 ἀνάγκη
2904 4363 2981 4435 τῷ
3005 4363 3214 4436 ἀγαθῷ.

2439 4480 2846 4548 Ἀνθυποφορὰ
2880 4479 2960 4547 ὡς
2998 4479 3068 4533 ἐκ
3104 4480 3224 4534 τῶν
3258 4478 3700 4551 χριστομὰχων.

2344 4595 2505 4648 Κατά
2548 4592 2725 4659 τοῦτο,
2759 4593 2944 4663 φασὶν,
2971 4593 3344 4665 ὁμολογοῦμεν
3383 4596 3567 4666 ὅμοιον
3596 4591 3737 4649 εἶναι
3772 4600 3869 4653 τὸν

2274 4686 2404 4741 Υἰδν
2432 4685 2511 4757 τῷ
2552 4686 2750 4757 Πατρὶ,
2775 4686 2874 4756 οὑχ
2897 4686 2978 4739 ὅτι
3009 4687 3226 4751 πάντως
3254 4687 3352 4759 τὴν
3380 4687 3611 4759 οὐσιὼδη
3634 4691 3735 4743 καὶ
3759 4708 3871 4756 φυ-

2276 4778 2434 4850 σικὴν
2468 4778 2581 4850 ἔχει
2608 4777 2743 4846 πρὸς
2778 4776 2941 4831 αὐτὸν
2970 4779 3284 4850 ὁμοιότητα,
3318 4778 3432 4831 ἀλλ’
3453 4779 3535 4833 ὅτι
3567 4779 3656 4833 διὰ
3682 4781 3746 4833 τὸ
3773 4782 3835 4834 Oa
3860 4815 3870 4823 ο

2274 4871 2437 4941 λῆσαι
2477 4870 2635 4943 μόνον
2657 4870 2748 4923 τὸν
2776 4869 2999 4941 Πατέρα
3031 4870 3268 4923 τοιοῦτον
3291 4871 3594 4941 ὑποστῆσαι
3622 4870 3717 4925 τὸν
3735 4871 3868 4924 Υἱὸν

2278 4963 2461 5026 ὁποῖός
2496 4962 2644 5014 ἐστιν
2677 4960 2860 5025 αὐτὸς,
2888 4960 2990 5030 τὴν
3038 4960 3173 5031 πρὸς
3218 4961 3380 5015 αὐτὸν
3428 4963 3691 5033 ὁμοίωσιν
3725 4963 3864 5032 ἔχει.

2281 5055 2494 5124 Ὥσπερ
2522 5048 2616 5107 οὖν
2652 5052 2846 5122 ἀμέλει
2879 5052 2976 5107 καὶ
3002 5047 3149 5117 οἶκος
3182 5054 3260 5115 εἰς
3292 5048 3431 5115 εῐδός
3462 5070 3517 5106 τι
3544 5054 3639 5107 καὶ
3670 5054 3866 5124 σχῆμα.

2283 5143 2791 5217 μεταπεποιημένος
2815 5143 3003 5215 ὥσπερ
3033 5140 3194 5197 εἰκών
3219 5145 3333 5196 ἐστι
3355 5144 3455 5213 τῆς
3478 5145 3571 5198 τοῦ
3600 5145 3868 5216 δημιουρ-

2277 5239 2548 5308 γήσαντος
2588 5236 2828 5299 ἐννοίας·
2879 5235 2966 5289 διά
3021 5236 3120 5306 μὲν
3170 5236 3267 5307 τὴν
3302 5236 3436 5307 ῦλην
3466 5236 3653 5309 ἕτερος
3680 5238 3761 5291 ὼν
3787 5240 3868 5303 ὡς

2276 5330 2415 5401 πρὸς
2443 5326 2628 5393 αὐτὸν,
2660 5327 2749 5381 διὰ
2773 5326 2829 5380 δὲ
2851 5327 2913 5380 τὸ
2938 5326 3082 5380 οῦτω
3122 5327 3455 5398 πεποιῆσθαι
3485 5329 3563 5392 ὡς
3594 5331 3867 5401 ἐπενόησε

2278 5420 2612 5493 προσεοικὼς
2644 5418 2811 5475 αὐτοῦ
2840 5422 2907 5491 τῇ
2938 5418 3164 5490 διανοίᾳ.
3564 5404 3576 5415 ’

2758 5527 2915 5597 Πρὸς
2946 5527 3132 5583 ταῦτα
3167 5529 3371 5596 λύσις.

2353 5646 2587 5710 Γέλωτος
2617 5644 2764 5710 ἀξία,
2798 5638 2998 5715 μᾶλλον
3027 5642 3082 5696 δὲ
3107 5643 3360 5715 ὀδυρμῶν
3386 5645 3418 5715 ἡ
3447 5643 3540 5698 τοῦ
3570 5644 3732 5714 λόγου
3760 5661 3863 5702 κα-
