4072 6534
207 416 318 472 2‘25

1631 407 1848 463 TIIESA
1860 409 2068 465 [‘RUS.

3378 406 3488 461 226

204 533 473 603 τασκευή.
492 531 588 595 Τίς
620 529 729 600 γὰρ
764 529 872 583 τῶν
906 525 965 581 εὖ
997 526 1337 597 φρονούντων
1363 542 1464 578 ουκ
1486 524 1551 578 ἂν
1576 524 1802 587 εἰκότως

1918 537 2055 581 recte
2089 526 2329 580 sentiens
2364 540 2469 579 non
2501 522 2820 593 ingemiscat
2849 537 2911 576 ac
2938 521 3137 585 doleat,
3167 533 3261 576 eos
3290 519 3343 573 in
3370 528 3490 574 tan-

206 622 612 691 ὲπιστυγνάσαι
648 623 760 684 τοῖς
802 622 881 683 είς
913 618 1179 688 τοσαύτην
1209 616 1629 687 ὲμπεπτωκόσιν
1654 617 1800 685 ἀμα-

207 712 374 779 θίαν;
413 713 512 775 Τίς
543 711 599 765 δὲ
628 712 688 764 οὐ
721 710 991 780 θρηνήσαι
1016 710 1144 771 τοὺς
1173 710 1251 771 εἰς
1280 706 1549 776 τοσαύτην
1581 704 1801 776 ὀλισθή-

211 819 421 867 σαντας
454 802 737 866 ἁϐουλίανς
774 799 837 853 Εἰ
865 798 976 869 γὰρ
1006 798 1257 869 ἀνόμοιός
1287 800 1403 851 ἐστι
1428 800 1547 852 κατ’
1567 798 1756 851 οὐσίαν
1775 796 1805 848 6

211 891 349 956 Υἱὸς
379 892 456 961 τῷ
485 892 677 962 Πατρὶ,
707 890 889 959 ὅμοιος
913 888 971 941 δὲ
1006 889 1149 941 κατὰ
1176 888 1238 941 τὸ
1266 883 1426 953 εἶδος,
1459 887 1677 959 πρῶτον
1704 886 1804 956 μὲν

212 988 435 1057 ἀνάγκη
466 986 641 1056 λέγειν
674 985 739 1038 ὲκ
772 982 1045 1054 διαφόρων
1073 982 1394 1051 συγκεῖσθαι
1422 982 1514 1035 τὸν
1541 981 1689 1046 Υἱδν,
1713 980 1807 1034 καὶ

210 1077 397 1141 τοῦτο,
431 1077 680 1147 ἀλλήλοις
715 1073 850 1129 πολὺ
885 1074 1204 1145 μαχομένων
1237 1074 1334 1127 καὶ
1361 1072 1618 1136 ἐναντίως
1652 1072 1806 1143 ἐχόν-

213 1186 346 1232 των,
373 1166 468 1220 τοῦ
515 1166 725 1239 ὁμοίου,
752 1167 918 1237 φημὶ,
952 1165 1050 1221 καὶ
1087 1164 1180 1219 τοῦ
1215 1163 1499 1235 ἀνομοίου’
1535 1163 1680 1234 ἆπερ
1709 1163 1807 1215 ἀλ-

214 1260 400 1331 λήλοις
430 1258 555 1313 καθ’
581 1257 641 1311 ἓν
672 1276 725 1312 τι
759 1258 821 1312 τὸ
852 1257 1216 1327 ὑποκείμενον
1240 1254 1451 1326 ἄμικτά
1476 1253 1536 1307 τέ
1569 1255 1685 1306 ἑστι
1712 1252 1807 1305 καὶ

218 1352 532 1422 ἁσύμὸατα.
557 1352 666 1405 Καὶ
692 1352 741 1404 εἰ
770 1350 915 1403 κατά
937 1368 990 1403 τι
1019 1347 1377 1421 προσεοικὼς,
1416 1347 1515 1416 οὐχ
1540 1345 1657 1408 ὅλος
1689 1343 1808 1396 ἐστι

220 1444 360 1512 φῶς,
389 1444 506 1499 ἀλλ’
536 1444 659 1498 οὐδὲ
701 1444 823 1507 ὅλος
854 1442 1103 1513 ἀλήθεια,
1138 1441 1260 1495 οὐδὲ
1309 1439 1466 1508 φύσει
1497 1438 1646 1502 Θεός.
1674 1434 1808 1490 Εἶτα

218 1536 360 1607 πρὸς
381 1536 557 1607 τούτῳ
583 1535 680 1590 καὶ
703 1537 784 1598 είς
806 1535 970 1588 αὐτὸν
992 1534 1312 1604 διαϐήσεται
1330 1532 1423 1586 τὸν
1443 1530 1809 1600 γεγεννηκότα

219 1626 324 1695 τῆς
369 1625 681 1695 δυσφημίας
729 1624 790 1678 τὸ
828 1624 1217 1695 βάρος.’Έσται
1247 1623 1355 1693 γὰρ
1388 1622 1519 1692 ἡμῖν
1558 1620 1810 1683 σύνθετος

220 1717 320 1770 καὶ
357 1706 517 1779 αὐτὸς
551 1718 579 1769 6
604 1715 793 1786 Πατὴρ
827 1714 889 1768 ἐκ
916 1731 975 1767 τε
1002 1713 1190 1777 οὐσίας
1216 1713 1312 1766 καὶ
1333 1715 1624 1783 νοήματος,
1651 1712 1810 1782 εἴπερ

217 1807 367 1863 κατὰ
397 1808 495 1879 μὲν
520 1806 611 1860 τὸν
634 1807 730 1877 τῆς
757 1805 943 1869 οὐσίας
965 1805 1124 1873 λόγον
1150 1804 1404 1875 ἀνόμοιός
1426 1804 1543 1857 ἐστι
1572 1802 1650 1874 τῷ
1671 1801 1805 1872 Υίῷ,

218 1902 405 1971 ὅμοιος
441 1898 499 1953 δὲ
532 1898 673 1952 κατὰ
698 1898 798 1969 τὴν
830 1898 1060 1951 ἔννοιαν.
1098 1897 1221 1960 Πῶς
1250 1891 1344 1950 οὖν
1375 1897 1403 1949 6
1431 1894 1621 1966 Πατὴρ
1654 1895 1808 1965 εὐρε-
1841 1888 1885 1947 Β
1913 1886 2191 1940 αἰδεῖιιὶὶιίς
2222 1885 2271 1941 ei
2299 1896 2382 1940 εει
2416 1886 2582 1941 ιδὶίίιιδ
2620 1903 2636 1949 ς

219 1991 449 2062 θήσεται
482 1990 590 2044 τῶν
637 1991 853 2044 πάντων
902 1989 1071 2061 ἀρχὴ,
1103 1987 1357 2052 σύνθετος
1398 1986 1473 2041 ὣν
1519 1987 1639 2040 καθ’
1665 1987 1809 2057 ὑμᾶς

219 2083 318 2137 καὶ
371 2083 469 2152 οὐχ
517 2081 760 2149 ἁπλοῦς;
798 2080 992 2135 Καίτοι
1023 2080 1123 2150 τῆς
1163 2078 1340 2153 ἀρχῆς
1386 2079 1536 2133 οὐδὲν
1573 2095 1806 2150 προεπι-

219 2174 460 2228 νοεῖσθαι
507 2173 754 2227 δύναται.
791 2172 1033 2244 Μηδενὸς
1082 2172 1140 2225 δὲ
1183 2171 1682 2245 προεπινοουμένου
1710 2171 1809 2242 τῆς

219 2267 418 2337 ἀρχῆς,
452 2265 750 2335 οὐδαμόθεν
788 2265 925 2336 αὐτῇ
958 2263 1018 2317 τὸ
1052 2264 1303 2317 σύνθετον
1351 2264 1807 2334 προσγενήσεται.

237 2358 497 2427 Ἐπείπερ
519 2358 587 2410 τὰ
617 2356 846 2410 σύνθετα
879 2356 1098 2419 σύνοδός
1122 2374 1207 2420 τις
1235 2356 1340 2409 τῶν
1362 2354 1548 2409 ἁπλῶν
1578 2355 1809 2426 ἐργάζε-

223 2464 339 2500 ται.
379 2447 724 2517 Πανταχόθεν
750 2446 1039 2517 τοιγαροῦν
1076 2445 1360 2516 όρωμένης
1388 2444 1485 2514 τῆς
1512 2445 1569 2496 ὲν
1600 2443 1809 2507 τούτοις

225 2539 480 2603 ἀτοπίας,
513 2538 817 2609 σαθροτὰτη
867 2539 965 2609 μὲν
1008 2536 1162 2589 ἔσται
1210 2538 1323 2597 τοῖς
1361 2534 1746 2605 χριστομάχοις
1780 2535 1811 2603 ή

225 2630 517 2700 πρότασις.
536 2628 943 2701 Ἀναιρεθείσης
970 2627 1027 2681 δὲ
1053 2626 1153 2697 τῆς
1174 2628 1230 2679 ὲν
1248 2625 1459 2688 τούτοις
1479 2624 1809 2694 δυσφημίας,

222 2723 410 2793 ὅμοιος
438 2722 590 2775 ἔσται
629 2721 750 2774 κατ’
772 2719 958 2773 οὐσίαν
984 2720 1013 2771 6
1038 2718 1165 2781 Υἱὸς
1192 2717 1271 2788 τῷ
1292 2716 1489 2787 Πατρὶ,
1518 2714 1813 2784 οὐδαμόθεν

222 2816 328 2885 τῆς
362 2815 497 2887 πρὸς
529 2814 695 2868 αὐτὸν
725 2812 962 2883 φυσικῆς
992 2810 1312 2883 ὁμοιότητος
1336 2806 1722 2878 ὲξωθούμενος.

914 3091 1120 3147 ΔΛΛΟ.

1912 628 2017 672 tam
2047 619 2375 673 dementiam
2397 616 2725 673 devenisse?
2750 614 2881 680 Quis
2911 631 3017 669 non
3052 614 3377 668 lamentetur
3392 626 3490 667 eos

1910 709 1964 765 in
2018 719 2222 763 tantam
2259 709 2457 778 ingenii
2492 707 2778 775 caliginem
2816 705 3117 760 cecidisse?
3142 701 3283 757 Nam
3310 704 3353 758 si
3396 703 3488 757 Fi-

1912 801 2015 857 lius
2035 801 2312 856 dissimilis
2344 810 2429 855 est
2456 800 2755 854 secundum
2776 798 3070 852 essentiam
3130 796 3298 860 Patri,
3328 794 3489 855 simi-

1910 892 1977 948 lis
1994 907 2122 948 vero
2151 893 2449 948 secundum
2482 891 2715 947 formam
2746 908 2759 943 :
2790 892 3023 958 primum
3047 888 3264 957 quidem
3297 903 3491 942 neces-

1910 984 2114 1037 sarium
2141 992 2241 1046 est,
2278 993 2335 1038 nt
2367 983 2611 1038 dicamus
2637 980 2832 1034 Filium
2867 994 2932 1034 ex
2965 978 3197 1033 diversis
3253 992 3484 1046 compo~

1911 1073 2076 1127 situm
2138 1087 2293 1136 esse,
2351 1083 2511 1142 atque
2563 1072 2630 1125 iis
2681 1071 2897 1139 quidem
2951 1069 3178 1124 multum
3240 1068 3381 1123 inter
3432 1084 3493 1123 se

1912 1164 2292 1233 pugnantibus,
2326 1170 2382 1217 et
2416 1161 2728 1226 contrariis,
2766 1159 2931 1216 simili
2965 1160 3219 1213 nimirum
3270 1167 3326 1214 et
3377 1159 3489 1212 dis-

1912 1252 2108 1316 simili;
2145 1267 2266 1321 qua:
2285 1253 2503 1324 quidem
2539 1253 2680 1307 inter
2716 1267 2774 1308 se
2807 1254 2858 1306 in
2887 1252 3075 1306 eodem
3110 1250 3356 1317 subjecto
3392 1251 3493 1303 mi-

1913 1342 2052 1397 sceri
2115 1344 2383 1413 simulque
2403 1345 2659 1413 congredi
2685 1359 2790 1400 non
2829 1353 3076 1413 possunt.
3102 1344 3166 1397 Et
3193 1343 3243 1398 si
3312 1343 3491 1412 aliqua

1918 1444 2125 1488 tantum
2153 1452 2220 1489 ex
2260 1445 2413 1506 parte
2445 1446 2528 1491 est
2553 1436 2770 1501 similis,
2834 1452 2938 1491 non
3019 1444 3167 1490 totus
3228 1435 3331 1489 erit
3373 1434 3491 1495 lux,

1915 1540 2096 1593 neque
2120 1534 2261 1579 totus
2286 1526 2510 1590 veritas,
2553 1542 2728 1596 neque
2756 1538 2947 1580 natura
2984 1528 3143 1581 Deus.
3201 1524 3491 1594 Propterea

1917 1617 2267 1686 blasphemiae
2299 1618 2455 1686 hujus
2486 1619 2802 1688 magnitudo
2819 1620 2883 1672 ad
2916 1617 3134 1671 Patrem
3168 1618 3330 1671 etiam
3363 1631 3490 1686 per-

1918 1708 2111 1777 tinget.
2142 1708 2489 1777 Composilus
2516 1710 2659 1762 enim
2700 1708 2808 1762 erit
2859 1710 3018 1762 etiam
3080 1709 3193 1777 ipse
3236 1707 3395 1762 Pater
3425 1723 3494 1762 ex

1918 1798 2155 1853 essentia
2187 1808 2241 1852 et
2265 1798 2634 1867 cogitatione:
2667 1798 2930 1867 siquidem
2985 1798 3236 1863 essentia:
3286 1797 3495 1852 ralione

2701 1886 2892 1941 similis
2950 1902 3075 1942 vero
3137 1887 3491 1957 cogitatione.

1909 1978 2029 2045 Quo
2088 1990 2245 2045 pacto
2307 1979 2470 2047 igitur
2517 1975 2682 2032 Pater
2725 1977 3037 2033 censebitur
3082 1992 3206 2035 esse
3251 1979 3493 2035 omnium

1909 2068 2254 2140 principium,
2277 2085 2397 2123 cum
2417 2068 2488 2123 sit
2517 2069 2848 2139 compositus
2871 2070 3169 2125 secundum
3195 2084 3292 2126 vos
3312 2080 3366 2125 et
3389 2087 3495 2125 non

1909 2161 2162 2232 simplex?
2190 2162 2354 2230 Atqui
2386 2162 2655 2231 principio
2688 2162 2988 2233 nihilprius
3026 2161 3252 2233 intelligi
3285 2171 3490 2232 potest.

1908 2254 2041 2310 Cum
2070 2270 2199 2310 vero
2224 2255 2354 2308 nihil
2380 2256 2530 2323 prius
2559 2255 2717 2326 135
2742 2257 3014 2327 principio
3040 2257 3263 2327 intelligi
3301 2257 3497 2327 possit.

1912 2344 2051 2397 nulla
2083 2355 2230 2398 certe
2267 2345 2481 2399 ratione
2505 2347 2842 2413 compositus
2899 2345 3004 2398 dici
3057 2352 3257 2415 potest.
3304 2341 3494 2415 Siqui-

1911 2435 2033 2488 dem
2061 2449 2384 2503 congressus
2412 2435 2631 2502 quidam
2658 2436 2983 2503 simplicium
3009 2435 3361 2506 compositum
3377 2434 3465 2489 eﬂi

1912 2524 2006 2579 cit.
2038 2523 2173 2578 Cum
2205 2526 2388 2592 itaque
2414 2525 2643 2579 istorum
2671 2525 2983 2581 absurditas
3025 2528 3171 2582 omni
3228 2542 3307 2593 ex,
3348 2538 3501 2597 parte

1915 2628 2036 2668 sese
2070 2617 2284 2683 prodat,
2318 2613 2613 2669 ltedissima
2650 2630 2782 2669 sane
2835 2614 3037 2671 Christi
3075 2617 3310 2671 hostium
3368 2632 3495 2688 pro-

1913 2705 2111 2774 positio
2128 2706 2399 2759 censenda
2429 2713 2535 2759 est.
2575 2705 2816 2762 Sublatis
2848 2722 2978 2762 vero
3036 2708 3189 2763 hisce
3238 2708 3496 2778 blasphe-

1914 2798 2059 2862 miis,
2088 2796 2284 2853 similis
2313 2797 2420 2852 erit
2447 2799 2745 2851 secundum
2781 2798 3079 2854 essentiam
3122 2797 3290 2854 Filius
3322 2798 3496 2864 Patri,

1918 2889 2064 2943 nulla
2098 2874 2353 2945 rationes
2384 2890 2613 2945 naturali
2642 2905 2763 2946 cum
2789 2890 2906 2963 ipso
2927 2890 3285 2947 similitudine
3311 2889 3498 2946 exclu-

2588 3093 2821 3151 ALIUD.

301 3213 362 3265 Εἰ
398 3211 473 3282 μὴ
516 3210 637 3265 κατ’
664 3207 855 3263 οὐσίαν
887 3206 1071 3278 ὅμοιός
1114 3207 1263 3260 ἐστιν
1294 3204 1323 3258 6
1348 3204 1477 3267 Υἱὸς
1510 3202 1588 3274 τῷ
1615 3201 1812 3272 Πατρὶ,

1995 3206 2052 3264 Si
2090 3220 2259 3264 minus
2297 3223 2403 3265 non
2443 3217 2528 3264 est
2577 3209 2877 3264 secundum
2933 3211 3227 3266 essentiam
3298 3212 3498 3267 similis

232 3302 400 3376 μόνης
430 3302 488 3354 δὲ
516 3300 614 3370 τῆς
645 3298 853 3365 ἑννοίας
888 3298 1055 3353 αὐτοῦ
1088 3296 1376 3371 χαρακτὴρ
1398 3296 1585 3368 ὥσπερ
1613 3312 1697 3359 τις
1719 3295 1815 3349 καὶ

230 3393 416 3457 ευιὼν,
450 3391 659 3446 τελείαν
708 3390 853 3463 ἔχειν
882 3390 1020 3463 πρὸς
1054 3390 1216 3445 αὐτὸν
1243 3387 1538 3460 ὁμοιότητα
1566 3387 1627 3441 οὐ
1653 3386 1817 3440 δύνα-

228 3502 319 3538 σιαι
343 3499 356 3513 ’
397 3483 582 3553 ἐπειδὴ
607 3483 701 3538 καὶ⁶
725 3484 887 3554 ἡμεῖς
915 3480 1036 3535 κατ’
1067 3480 1252 3534 εἰκόνα
1280 3479 1565 3548 γεγονότες
1592 3477 1686 3531 τοῦ
1705 3480 1815 3549 Δη-

235 3576 518 3648 μιουργοῦ,
547 3576 668 3628 τότε
711 3575 949 3645 μάλιστα
988 3573 1148 3627 τοῦτο
1192 3570 1495 3642 φαινόμεθα
1528 3569 1814 3634 σώζοντες,

232 3671 321 3723 ὅτε
353 3669 453 3738 τῆς
489 3666 761 3736 θειότητος
804 3662 970 3717 αὐτοῦ
1021 3661 1238 3733 μέτοχοι
1276 3661 1550 3732 γινόμενοι
1591 3659 1680 3713 διὰ
1720 3658 1815 3712 τοῦ

232 3759 563 3824 ἐνοικοῦντος
607 3760 741 3830 ἡμῖν
772 3756 930 3827 ἁγίου
962 3754 1299 3826 Πνεύματος,
1336 3753 1474 3824 πρὸς
1520 3752 1619 3824 τὴν
1666 3752 1817 3805 θείαν

238 3852 595 3924 μορφούμεθα
637 3850 819 3920 φύσιν.
848 3849 959 3903 Καὶ
1000 3847 1131 3913 γοῦν
1160 3848 1209 3900 ot
1244 3846 1412 3918 μήπω
1457 3845 1818 3915 μετασχόντες

233 3941 421 4006 αὐτοῦ,
448 3942 601 3995 οὐπω
629 3941 943 4012 σύμμορφοι
970 3938 1347 4009 καθεστήκασι
1373 3935 1475 4006 τῆς
1496 3935 1703 3999 εἰκόνος
1722 3935 1816 3988 τοῦ

234 4033 368 4089 Υίοῠ
398 4032 583 4087 αὐτοῦ.
616 4032 677 4086 Et
711 4032 891 4087 τοίνυν
935 4030 1141 4102 φυσικὴ
1180 4029 1277 4100 μὲν
1305 4028 1562 4099 ὁμοιότης
1592 4027 1820 4097 οὐδεμία

234 4125 329 4180 τοῦ
357 4124 569 4195 Πατρὸς
596 4124 654 4176 ὲν
680 4122 816 4194 Υἰῷ,
849 4121 1002 4192 μόνοι
1019 4121 1077 4175 δὲ
1104 4120 1204 4190 τῆς
1233 4120 1441 4184 ἐννοίας
1464 4120 1514 4173 οἱ
1539 4118 1822 4191 χαρακτῆ-

239 4231 331 4286 ρες
379 4213 752 4284 ὲμφαίνονται,
782 4213 880 4282 οὐχ
923 4211 1036 4276 ἔξει
1086 4210 1147 4263 τὸ
1195 4210 1417 4274 τελείως
1447 4211 1652 4281 ὅμοιον,
1684 4210 1820 4279 ὅπερ

234 4304 353 4357 ἐστὶ
386 4304 482 4357 καὶ
509 4302 691 4374 μόνον,
715 4303 913 4355 ἐννοεῖν
944 4300 1228 4355 ἀπίθανον.
1263 4299 1389 4363 Πῶς
1421 4301 1531 4370 γάρ
1554 4302 1704 4354 ἐστιν
1734 4300 1822 4353 ἴσα

234 4395 387 4465 Θεῷς
421 4396 485 4449 Et
518 4395 575 4447 δὲ
602 4394 762 4447 τοῦτο
806 4392 1029 4457 ἄτοπον,
1058 4392 1326 4464 κρατήσει
1355 4392 1464 4463 ἄρα
1509 4392 1570 4444 τὸ
1613 4391 1818 4462 ἕτερον,

235 4488 375 4557 ὅπερ
405 4489 522 4541 ἐστὶ
557 4487 653 4541 καὶ
685 4486 1049 4558 ἀληθέστερον
1069 4501 1083 4517 ·
1121 4485 1204 4538 ὅτι
1235 4484 1335 4555 τῆς
1361 4482 1454 4537 τοῦ
1482 4483 1697 4556 Πατρός
1733 4483 1824 4536 οὐ-

1920 3302 2090 3368 Patri,
2115 3306 2210 3357 sed
2260 3312 2469 3358 tantum
2525 3302 2821 3356 character
2850 3302 3073 3370 quidam
3105 3313 3268 3371 atque
3325 3302 3505 3372 imago

1919 3395 2087 3466 ipsius
2109 3395 2474 3465 cogitationis,
2511 3392 2807 3464 perfectam
2856 3408 2978 3448 cum
3036 3393 3155 3463 ipso
3188 3393 3501 3449 similitudi-

1921 3503 2043 3542 nem
2075 3487 2275 3542 habere
2305 3502 2409 3542 non
2434 3494 2641 3556 potest;
2703 3484 2969 3555 siquidem
3059 3486 3224 3539 etiam
3283 3501 3381 3541 nos
3432 3488 3503 3542 ad

1922 3579 2206 3647 imaginem
2238 3578 2515 3633 Creatoris
2552 3578 2703 3643 facti,
2732 3588 2858 3632 tunc
2908 3577 3145 3633 maxime
3194 3594 3314 3633 eam
3372 3594 3503 3632 cou-

1919 3684 2137 3726 serrare
2164 3670 2458 3733 cernimur,
2489 3670 2707 3740 quando
2729 3669 3032 3724 divinitatis
3062 3683 3178 3723 sua:
3211 3670 3504 3740 participes

1919 3761 2119 3824 effecti,
2156 3761 2439 3815 habitante
2469 3761 2521 3815 in
2556 3762 2711 3816 nohis
2737 3761 2945 3830 Spiritu
2994 3771 3186 3817 sancto
3227 3764 3294 3817 ad
3354 3764 3497 3817 divi-

1922 3868 2046 3907 nam
2073 3862 2318 3905 naturam
2341 3849 2713 3907 eﬁ‘ormamur.
2745 3851 2954 3908 Idcirco
2975 3854 3067 3923 qui
3112 3854 3351 3909 nondum
3381 3854 3504 3922 ejus

1923 3941 2219 4014 participes
2266 3950 2392 3996 sunt
2434 3941 2646 4006 effecti,
2712 3945 2948 3998 nondum
3003 3943 3315 4000 cdnt‘ormes
3361 3944 3489 4001 facti

1932 4044 2060 4088 sunt
2089 4032 2308 4103 imagini
2338 4029 2462 4087 Filii
2500 4032 2690 4102 ipsius.
2713 4031 2769 4086 Si
2796 4046 2927 4102 ergo
2956 4032 3098 4087 nulla
3126 4041 3209 4088 est
3242 4033 3503 4087 naturalis

1923 4124 2219 4182 similitudo
2264 4123 2443 4179 Patris
2496 4124 2549 4178 in
2608 4122 2769 4189 Filio,
2821 4124 2917 4179 sed
2967 4124 3099 4180 nudi
3155 4125 3507 4197 cogitationis

1923 4219 2267 4274 characteres
2305 4218 2356 4272 in
2393 4217 2512 4287 ipso
2577 4225 2864 4287 apparent,
2923 4226 3072 4272 certe
3138 4218 3333 4273 similis
3393 4236 3502 4273 non

1932 4312 2042 4365 erit
2068 4350 2081 4374 ,
2113 4310 2255 4379 quod
2281 4308 2364 4365 vel
2392 4309 2505 4365 sola
2532 4309 2857 4379 cogitatione
2883 4308 3175 4365 absurdum
3199 4319 3301 4365 est.
3355 4308 3503 4376 Quo-

1926 4404 2084 4456 modo
2100 4418 2229 4471 ergo
2259 4417 2365 4456 non
2398 4401 2640 4469 rapinam
2672 4405 2966 4456 arbitratus
2987 4411 3072 4457 est
3099 4418 3218 4457 esse
3243 4418 3502 4473 sea-qua-

1926 4494 2030 4548 lem
2061 4494 2169 4548 Deo
2201 4492 2288 4547 ‘°?
2314 4494 2383 4548 At
2413 4495 2456 4548 si
2478 4494 2579 4548 hoc
2601 4496 2893 4547 absurdum
2923 4502 3026 4561 est,
3064 4498 3294 4549 alterum
3336 4496 3507 4564 igitur

239 4576 361 4638 σίας
396 4576 528 4629 αὐτὸ
558 4575 621 4644 δὴ
648 4575 709 4628 τὸ
742 4575 875 4628 ἴδιον
918 4574 1181 4646 ὑπάρχων
1208 4576 1237 4628 6
1266 4573 1416 4641 Υἱὸς,
1443 4574 1629 4645 ὅμοιος
1669 4572 1812 4627 ἔσται

1928 4584 2055 4641 illud
2086 4586 2373 4639 tenendum
2404 4594 2507 4648 est,
2554 4587 2696 4654 quod
2736 4594 2790 4641 et
2813 4586 3025 4640 veritati
3075 4598 3505 4641 consentaneum

239 4668 336 4720 καὶ
365 4669 483 4719 κατ’
511 4666 700 4720 οὐσίαν
730 4666 901 4737 αὐτῷ.

255 4968 579 5041 Ἀπόδειξις
609 4968 1050 5041 άπὸλτῆςῄθείιις
1083 4968 1353 5039 ι’ραφῆς,
1372 4968 1572 5041 ὅτιπερ
1596 4972 1664 5025 ἐκ
1684 4990 1820 5041 μετ-

314 5037 465 5107 οχῆς
504 5037 614 5106 τῆς
646 5038 793 5107 πρὸς
824 5039 889 5092 τὸ
921 5040 1101 5104 θεῖον,
1132 5037 1503 5096 macrum
1531 5037 1644 5107 τὴν
1679 5037 1829 5110 ,πρὸς

314 5109 504 5164 αὐτὸν
527 5112 929 5179 ιιορφούμεθα.
966 5113 1047 5180 Οὐ
1078 5112 1187 5180 γὰρ
1218 5110 1510 5179 ἐξήρκεσε
1539 5110 1614 5179 τῇ
1640 5109 1828 5167 αὐτοῦ

316 5180 630 5247 ἀνθρώπου
677 5179 1045 5248 κατασκευῇ,
1086 5179 1237 5250 πρὸς
1268 5183 1333 5235 τὸ
1367 5183 1687 5250 φαίνεσθαι
1726 5183 1828 5237 καὶ

316 5251 593 5322 γενέσθαι
620 5251 824 5303 εικόιά
855 5251 958 5303 τοῦ
992 5253 1409 5322 πεποιηκότος,
1438 5254 1502 5305 τὸ
1532 5253 1601 5305 ἑν
1609 5254 1827 5322 μόναις

315 5321 600 5385 ἐννοίαις,
637 5322 743 5372 τόν
778 5321 909 5389 περὶ
941 5321 1129 5373 αὑτοῦ
1167 5321 1400 5376 κεῖσθαι
1436 5321 1644 5393 λόγον.

315 5458 478 5524 Λέγει
507 5473 608 5509 που
642 5455 851 5519 Παῦλος
874 5472 887 5485 ο
919 5455 982 5508 Εἰ
1009 5455 1067 5508 δέ
1104 5473 1187 5520 τις
1217 5456 1437 5528 πνεῦμα
1462 5457 1700 5529 Χριστοῦ
1727 5476 1827 5513 ουκ

249 5550 383 5619 ἔχει,
408 5544 563 5611 οὗτος
602 5549 701 5601 οὐκ
739 5547 885 5601 ἔστιν
913 5548 1100 5602 αὐτοῦ.
1122 5547 1259 5601 Ἀλλ’
1293 5551 1449 5621 εἴπερ
1483 5549 1704 5621 ἐξήρκει
1735 5552 1828 5605 καὶ

247 5641 374 5711 δίχα
400 5642 497 5711 τῆς
530 5639 625 5694 τοῦ
658 5640 970 5709 Πνεῦματος
1006 5641 1237 5710 μετοχῆς
1270 5643 1386 5694 κατ’
1421 5643 1607 5696 εἰκόνα
1644 5644 1828 5713 φαίνε-

320 5823 622 5895 ⁸⁸,ι’1ιὶιψι›.
658 5840 716 5888 ιι,
755 5826 808 5878 ϐ.
885 5823 926 5857 δί
960 5824 1115 5877 norit.
1160 5836 1282 5890 vm,
1309 5822 1344 5875 9

1926 4686 2031 4742 est,
2070 4679 2213 4747 quod
2242 4676 2411 4732 Filius
2460 4694 2582 4732 cum
2640 4679 2709 4732 sit
2751 4679 2865 4747 ipsa
2922 4680 3223 4748 proprietas
3249 4680 3504 4733 essentne

1927 4768 2127 4834 Patris,
2153 4767 2344 4825 similis
2374 4769 2537 4823 etiam
2567 4769 2615 4824 ei
2652 4770 2872 4824 omnino
2897 4770 2967 4824 sit
2989 4772 3282 4825 secundum
3319 4786 3505 4825 essen-

1931 4861 2080 4915 tiam.

1939 4986 2329 5043 Dentonstralio
2370 5006 2434 5043 ex
2462 5004 2615 5043 sacra
2650 4988 2948 5055 Scriptura,
2987 4990 3126 5061 quod
3170 5007 3263 5057 per
3285 4993 3505 5057 partici-

2005 5063 2269 5129 pationem
2294 5061 2587 5114 divinitatis
2620 5061 2688 5111 ad
2739 5060 3016 5128 imaginem
3086 5063 3251 5127 ipsius
3305 5061 3504 5129 forme-

2007 5145 2142 5183 nmr.
2175 5128 2355 5196 Neque
2387 5134 2523 5182 enim
2562 5130 2692 5182 satis
2721 5129 2821 5196 fuit
2846 5132 2912 5180 ml
2938 5131 2992 5180 id
3041 5141 3096 5181 nt
3142 5128 3404 5183 videretur
3452 5141 3503 5185 et

2004 5198 2152 5265 ﬁeret
2197 5200 2352 5252 homo
2380 5201 2551 5268 imago
2568 5202 2855 5261 creatoris,
2887 5200 3055 5251 solam
3081 5199 3146 5252 de
3178 5200 3291 5268 ipso
3316 5201 3369 5254 in
3414 5203 3503 5257 in-

2008 5269 2209 5322 tellecta
2241 5271 2612 5337 cogitationem
2634 5269 2882 5336 exprimi.

2003 5467 2205 5521 Paulus
2237 5468 2434 5523 alicnhi
2481 5470 2652 5539 inquit
2681 5487 2697 5525 :
2735 5490 2754 5523 ι
2794 5470 2850 5529 Si
2879 5470 3000 5536 quis
3027 5469 3276 5538 spiritum
3298 5470 3504 5526 Christi

1932 5572 2038 5611 non
2074 5559 2255 5625 habet,
2287 5559 2376 5615 hic
2405 5560 2576 5630 ipsius
2607 5579 2711 5617 non
2736 5572 2820 5617 cst
2864 5562 2930 5615 “.
2976 5580 2995 5613 ι
3021 5562 3088 5616 ΔΙ
3115 5561 3161 5617 si
3185 5563 3347 5617 etiam
3381 5563 3506 5619 abs-

1934 5666 2038 5721 que
2070 5652 2485 5723 participatione
2548 5654 2803 5725 Spiritus,
2856 5656 3017 5710 liomo
3070 5653 3137 5707 ad
3214 5653 3507 5725 imaginem
