4072 6538
598 403 707 460 227

1638 402 1696 460 S.
1736 401 2012 458 CYRILLI
2050 398 2519 461 ALEXANDRINI
2562 398 2884 461 ARClllEP.

3823 405 3947 461 2:18

603 516 697 573 Dei
732 518 910 573 factus
956 532 1080 572 esse
1128 516 1298 571 videri
1347 515 1647 586 ,potnisset,
1709 530 1898 571 omnes
1949 530 2177 571 essemus

2296 516 2417 571 σθαι
2445 517 2579 571 Θεοῦ
2610 520 2701 572 τὸν
2730 520 3036 591 ἄνθρωπον,
3068 514 3270 586 πάντες
3309 521 3374 576 ἂν
3422 516 3568 593 ἦμεν
3624 519 3941 591 Χριστοῦτ

600 609 823 685 Christi,
866 608 1079 664 etiamsi
1128 606 1364 676 Spiritus
1422 606 1595 661 sancti
1658 606 1951 675 participes
2000 605 2180 660 effecti

602 717 706 755 non
736 716 1002 755 essemus.
1032 698 1234 753 Beatus
1281 698 1443 753 etiam
1523 696 1759 751 Joannes
1818 698 2013 752 alicubi
2062 697 2181 751 ait:

604 810 623 841 ι
661 792 763 858 Qui
823 791 1075 845 mandata
1107 788 1226 857 ejus
1254 798 1445 843 servat
1505 789 1558 841 in
1591 789 1707 856 ipso
1741 798 1943 853 manet,
1975 797 2029 841 et
2069 787 2185 855 ipse

599 882 652 934 in
684 898 767 936 eo.
800 885 864 935 Et
892 883 944 935 in
976 881 1075 934 hoc
1098 880 1481 946 cognoscimus
1512 877 1654 945 quod
1714 878 1834 945 ipse
1869 885 2052 931 manet
2128 876 2184 930 in

600 975 789 1039 nobis,
839 988 902 1027 ex
938 972 1143 1039 Spirilu
1174 986 1331 1039 quctn
1365 970 1512 1022 dedit
1566 969 1720 1023 nobis
1761 970 1829 1022 ⁸¹.
1872 987 1890 1018 ι
1919 968 2181 1035 Quocirca

600 1065 645 1117 si
680 1062 1022 1118 observantia
1058 1064 1434 1117 mandatorum
1470 1074 1592 1129 quae
1623 1058 1779 1114 nobis
1838 1059 2010 1123 dedit,
2057 1059 2183 1126 Spi-

603 1158 743 1210 ritus
791 1155 1262 1225 partieipationcm
1314 1153 1469 1207 nobis
1539 1150 1843 1217 conciliat;
1881 1165 2002 1204 eum
2051 1164 2181 1203 vero

614 1246 857 1315 Spiritus
880 1247 1169 1315 participes
1192 1244 1368 1298 elfecti
1422 1258 1609 1297 sumus
1650 1242 1717 1306 ⁸³,
1778 1243 1844 1295 ad
1892 1240 2179 1308 imaginem

598 1340 884 1394 Creatoris
934 1338 1149 1392 formati
1204 1351 1437 1390 sumus:
1476 1334 1825 1389 manifestum
1882 1333 2048 1402 igitur
2076 1342 2181 1398 est,

599 1432 1009 1485 similitudinem
1039 1445 1161 1484 eum
1184 1430 1292 1483 Deo
1325 1428 1571 1482 obtinere
1606 1442 1707 1480 non
1732 1438 1890 1494 posse
1930 1439 2053 1478 eum
2088 1425 2179 1494 qui

597 1533 807 1577 natura:
836 1523 1002 1590 ipsius
1036 1521 1219 1588 aliquo
1254 1520 1411 1572 tnodo
1432 1518 1704 1588 particeps
1732 1532 1838 1569 nun
1878 1515 2061 1572 fuerit.
2120 1516 2185 1569 Et

595 1630 783 1670 rursus
807 1616 1068 1668 Servator
1118 1627 1396 1666 renovans
1464 1612 1735 1665 hominem
1779 1611 1846 1663 ad
1892 1609 2180 1677 imaginem

592 1722 753 1775 quam
797 1706 1128 1775 perdiderat,
1189 1703 1481 1760 insufnavit
1541 1703 1702 1774 136
1747 1702 2051 1773 discipulis,
2102 1701 2183 1755 di-

2290 612 2384 662 καὶ
2428 610 2747 681 Πνεύματος
2794 612 2945 677 ὅντες
2994 612 3272 684 άμέτοχοι.
3302 614 3440 684 Φησί
3488 630 3597 666 που
3646 611 3851 689 πάλιν
3912 614 3935 663 ἑ

2292 703 2562 774 μακάριος
2605 704 2895 776 Ἰωάννης·
2937 707 3036 760 «Ὀ
3064 707 3246 778 τηρῶν
3287 708 3386 771 τάς
3429 706 3662 767 ἐντολὰς
3703 703 3931 761 αὑτοῦ,

2289 794 2347 845 ὲν
2396 794 2545 865 αὐτῷ
2597 796 2770 865 μένει,
2805 797 2899 850 καὶ
2948 797 3111 861 αὑτός
3157 799 3216 850 ὲν
3262 797 3431 867 αὐτῷ.
3464 797 3576 850 Καὶ
3610 796 3673 848 ὲν
3713 794 3929 858 τούτῳ

2287 882 2628 955 γινώσκομεν
2658 887 2739 939 ὅτι
2772 886 2924 957 μένει
2960 889 3018 941 ὲν
3046 890 3179 958 ἡμῖν
3213 891 3277 941 ὲκ
3310 887 3403 940 τοῦ
3445 886 3803 955 Πνεὺματος
3862 878 3923 936 οἱ

2288 979 2488 1032 ἔδωκεν
2517 980 2671 1050 ἡμῖν.
2704 1000 2721 1031 ι
2753 979 2962 1033 Οὑκοῦν
3004 981 3052 1032 ει
3097 981 3157 1033 τὸ
3188 981 3475 1048 φυλάττειν
3498 979 3601 1049 τὴν
3634 977 3918 1031 δοθεῖσαν

2292 1069 2511 1140 ἐντολὴν
2540 1070 2796 1140 πρόξενον
2828 1072 2959 1141 ἡμῖν
2986 1070 3085 1141 τῆς
3110 1068 3206 1123 τοῦ
3236 1070 3553 1140 Πνεὺματος
3585 1066 3916 1138 μετουσίας

2290 1162 2629 1233 εὑρίσκεται,
2683 1162 2899 1231 μέτοχοι
2948 1161 3005 1214 δὲ
3055 1162 3339 1229 γεγονότες
3382 1160 3475 1213 τοῦ
3528 1158 3907 1228 Πνευματος,

2288 1254 2426 1325 πρὸς
2454 1253 2553 1325 τὴν
2579 1252 2673 1306 τοῦ
2711 1252 3073 1321 πεποιηκότος
3104 1253 3288 1306 εἰκόνα
3329 1249 3722 1322 μορφοὺμεθα,
3761 1248 3911 1316 πρὸ·

2284 1345 2443 1414 δηλον
2488 1345 2756 1415 δήπουθεν
2803 1346 2885 1397 ὅτι
2931 1345 3031 1414 τὴν
3079 1344 3216 1414 πρὸς
3246 1344 3378 1396 Θεὸν
3422 1342 3691 1411 ὁμοίωσιν
3742 1340 3906 1409 ἔχειν

2286 1438 2548 1490 ἀδύνατον
2593 1438 2682 1489 τὸν
2724 1437 2798 1506 μὴ
2833 1435 3129 1505 μετέχοντά
3159 1448 3276 1498 πως
3305 1435 3403 1504 τῆς
3431 1424 3596 1486 αὑτοὺ
3633 1431 3898 1499 φύσεως.

2287 1531 2397 1583 Καὶ
2434 1530 2597 1584 πάλιν
2625 1529 2865 1583 άνανεῶν
2896 1530 2975 1590 εἰς
3010 1528 3072 1580 τὸ
3099 1529 3220 1580 κατ’
3252 1528 3437 1580 εἰκόνα
3460 1526 3552 1577 τὸν
3582 1524 3898 1595 ἄνθρωπον

2285 1624 2313 1675 ό
2340 1624 2550 1693 Σωτὴρ,
2584 1621 2882 1690 ἐνεφύσησε
2916 1622 3027 1683 τοῖς
3060 1619 3328 1690 μαθηταῖς
3358 1619 3533 1687 λέγων
3560 1637 3573 1648 ·
3615 1636 3633 1667 ι
3665 1615 3893 1669 Λάϐετε

2286 1711 2511 1781 Πνεῦμα
2543 1711 2717 1779 άγιον.
2742 1712 2956 1779 -ιὊπερ
2982 1705 3075 1762 οὖν
3096 1712 3128 1778 ἡ
3162 1708 3518 1778 ἀνακαίνησις
3551 1705 3697 1775 ἔχει,
3721 1704 3893 1756 τοῦτο

590 1814 763 1853 cens:
796 1817 813 1851 ι
844 1800 1088 1869 Accipite
1120 1799 1380 1878 Spiritum
1442 1807 1687 1852 sanctum
1722 1796 1792 1851 “.
1839 1814 1859 1848 ι
1909 1796 1964 1850 Id
2020 1795 2177 1865 igitur

2289 1803 2589 1875 κεκτῆσθαι
2655 1803 2870 1866 πάντως
2925 1802 3021 1854 καὶ
3064 1801 3164 1872 τὴν
3210 1800 3541 1872 ἀρχαιότητα
3602 1799 3890 1870 προσήκει

590 1893 735 1960 quod
772 1892 885 1945 haec
913 1869 1193 1946 renovatio
1257 1897 1422 1959 atque
1484 1888 1813 1944 instauratio
1844 1888 2030 1954 habet,
2077 1889 2177 1942 hoc

2282 1899 2442 1951 νοεῖν.
2478 1895 2687 1949 υὺκοῦν
2716 1895 2994 1948 τελείωσιν
3027 1892 3403 1964 ὲξεικονισμοῦ
3432 1892 3568 1963 πρὸς
3594 1891 3700 1962 τὴν
3726 1890 3887 1943 θείαν

591 1981 758 2035 etiam
793 1982 1025 2051 primum
1058 1980 1297 2035 hominis
1326 1990 1529 2035 statum
1562 1980 1818 2035 habuisse
1849 1978 2174 2034 credendmn

592 2080 701 2128 est.
738 2072 807 2128 Ut
865 2073 1028 2143 igitur
1067 2075 1243 2141 imago
1273 2072 1358 2126 illa
1386 2073 1635 2127 essentia?
1662 2072 1858 2127 divinae
1890 2070 2179 2141 perfectior

593 2165 685 2227 sit,
714 2166 953 2233 Spiritus
978 2163 1319 2234 participatio
1347 2163 1548 2217 homini
1583 2163 1798 2229 tribuit,
1836 2178 1942 2217 non
1969 2161 2174 2230 simpli-

592 2257 733 2310 citer
763 2255 813 2307 in
840 2254 1175 2322 cogitatione
1206 2268 1270 2308 ac
1301 2262 1479 2308 mente
1515 2252 1607 2306 Dei
1640 2252 1928 2306 formatum
1954 2265 2075 2305 esse
2101 2259 2180 2302 ta-

596 2348 698 2400 lem
725 2346 899 2414 qualis
926 2346 1045 2414 ipse
1072 2354 1175 2399 est.
1211 2343 1268 2398 Si
1297 2359 1425 2398 vero
1488 2352 1711 2411 accepto
1762 2342 1967 2410 Spiritu
2054 2339 2175 2396 Filii

594 2437 821 2493 formam
868 2436 958 2491 Dei
1016 2437 1349 2505 accipimus,
1403 2437 1673 2503 quomodo
1738 2434 1843 2489 erit
1896 2434 2177 2504 inaequalis

594 2528 743 2583 Patri
773 2528 964 2595 Filius,
988 2529 1103 2599 qui,
1137 2539 1196 2583 nt
1247 2528 1322 2583 illi
1358 2528 1778 2594 conformemur,
1818 2526 1985 2582 etiam
2019 2527 2174 2582 nobis

593 2637 690 2691 per
709 2622 949 2691 seipsuin
980 2620 1189 2677 donat?

1015 2736 1254 2807 Objectio
1279 2736 1726 2792 adversariorum.

661 2850 1214 2913 Incommunicabilis,
1268 2849 1439 2915 aiunt,
1509 2859 1595 2905 est
1640 2848 1823 2915 Pater,
1874 2853 2049 2920 neque
2078 2866 2175 2921 per

592 2943 831 3014 seipsum
861 2958 892 2996 a
927 2943 1083 2999 nobis
1111 2942 1423 3015 participari
1454 2954 1654 3015 potest,
1682 2946 1753 3000 ob
1800 2961 2069 3002 summam
2110 2947 2174 3002 il-

594 3037 697 3089 lam
730 3033 1128 3102 excellentiam,
1162 3046 1325 3105 atque
1342 3036 1695 3091 eminentiam
1748 3038 1988 3104 deitatis,
2051 3054 2171 3108 quae

591 3127 659 3180 ab
691 3126 923 3181 humana
972 3133 1163 3181 natura
1192 3128 1393 3196 percipi
1447 3143 1555 3181 non
1613 3136 1809 3196 potest.
1866 3127 2174 3200 Percipitur

592 3228 791 3283 antem,
816 3227 867 3272 ct
897 3217 950 3271 in
984 3218 1137 3272 nobis
1171 3195 1254 3272 est
1309 3195 1406 3286 per
1467 3195 1683 3281 Filium,
1740 3218 1995 3273 nimirum
2027 3195 2173 3274 -ιειιιο
2201 3195 2241 3251 C

592 3324 753 3375 quam
778 3323 871 3377 per
894 3308 1183 3363 minorem.
1212 3307 1496 3375 Quomodo
1524 3309 1686 3379 igitur
1715 3310 1907 3364 similis
1941 3311 2045 3365 erit
2067 3309 2173 3365 Pa-

594 3400 687 3463 tri,
713 3414 833 3453 cnm
869 3413 898 3453 a
930 3400 1084 3454 nobis
1106 3400 1309 3469 percipi
1337 3400 1505 3469 possit
1524 3397 1715 3463 Filius,
1740 3398 1900 3455 Pater
1922 3416 2050 3456 vero
2072 3401 2176 3456 mi-

593 3490 778 3545 nime?

935 3600 1017 3654 Ad
1048 3601 1158 3655 lucc
1190 3603 1445 3671 exceptio,
1478 3604 1581 3657 sive
1602 3603 1814 3661 solutio.

663 3710 1003 3768 Temulentis
1035 3712 1243 3767 similes
1272 3714 1456 3769 hostes
1489 3715 1603 3781 Dei,
1633 3726 1691 3771 ut
1728 3726 1969 3787 apparet,
2025 3718 2177 3790 igno-

595 3814 712 3857 rant
733 3804 858 3872 quid
888 3804 1090 3869 dicant,
1117 3814 1210 3859 aut
1237 3807 1301 3860 de
1324 3808 1518 3875 quibus
1548 3810 1895 3862 contendant.
1921 3807 1977 3863 Si
2005 3811 2173 3878 enim,

596 3904 655 3947 ut
700 3910 794 3950 vos
834 3895 1033 3959 dicitis,
1064 3896 1244 3949 omnia
1275 3907 1402 3950 sunt
1437 3913 1626 3967 magna
1656 3907 1713 3952 et
1738 3901 2174 3967 supernatnralia

598 3986 652 4039 in
683 3985 865 4050 Patre,
892 4003 1119 4042 necesse
1155 3999 1237 4042 est
1278 3998 1338 4041 ut
1383 3989 1625 4057 ejusdem
1660 4006 1873 4059 quoque
1909 3993 2175 4047 conditio-

599 4077 685 4131 nis
716 4093 837 4131 esse
861 4078 1128 4133 fateamur
1167 4080 1464 4134 bonitatem
1495 4097 1614 4149 qua:
1647 4082 1698 4135 in
1736 4084 1851 4151 ipso
1896 4094 1997 4138 est.
2057 4084 2175 4149 Ono

603 4180 762 4238 pacto
797 4170 959 4239 igitur
994 4171 1036 4224 is
1064 4172 1155 4239 qui
1184 4187 1394 4225 summe
1454 4172 1628 4227 bonus
1667 4183 1750 4227 est
1809 4176 2011 4244 percipi
2069 4192 2173 4231 non

596 4264 795 4329 putet-it
826 4264 893 4315 ab
921 4263 988 4315 iis
1021 4265 1113 4333 qui
1141 4264 1386 4317 bonitate
1423 4265 1698 4334 indigent?
1722 4265 1828 4320 Aut
1871 4281 1977 4335 quo
2018 4279 2175 4336 pacto

600 4353 654 4406 in
691 4355 999 4409 universum
1026 4355 1198 4409 bonus
1228 4358 1529 4410 censendus
1571 4357 1663 4425 sit,
1709 4358 1799 4427 qui
1854 4359 2173 4414 excellentia

602 4448 834 4513 quadam
860 4457 1137 4500 creaturas
1169 4457 1457 4516 superante
1488 4465 1676 4503 omnes
1700 4465 1727 4502 a
1761 4450 1841 4503 sui
1879 4452 2171 4519 participa-

2278 1989 2518 2059 οὑσίανή
2545 1987 2639 2041 τοῦ
2667 1986 2983 2056 Πνεὺματος
3013 1985 3214 2057 μετοχὴ
3243 1984 3320 2054 τῷ
3346 1983 3620 2053 ἀνθρώπῳ
3645 1984 3884 2053 χαρζεο

2277 2079 2389 2147 ται,
2420 2081 2517 2149 οὑχ
2548 2078 2733 2143 άπλῶς
2763 2079 2824 2132 τὸ
2856 2080 2916 2132 ὲν
2947 2079 3136 2149 μόναις
3176 2077 3409 2140 ἐννοίαις
3448 2074 3583 2128 Θεοῦ
3634 2075 3883 2127 διαπλα-

2280 2174 2471 2245 σθῆναι
2498 2170 2739 2226 τοιοῦτον
2762 2171 2943 2234 ὁποῖός
2972 2172 3117 2224 ἐστιν
3141 2169 3338 2239 ζαὺτός.
3368 2168 3427 2222 Εἰ
3453 2167 3509 2221 δὲ
3540 2166 3604 2219 τὸ
3641 2165 3883 2235 Πνεῦμα

2277 2262 2369 2316 τοῦ
2407 2261 2540 2315 Υἱοὺ
2570 2260 2943 2332 λαμϐάνοντες
2992 2260 3129 2329 πρὸς
3160 2258 3292 2311 Θεὸν
3335 2257 3718 2329 μορφοὺμεθα,
3761 2255 3880 2319 πῶς

2276 2354 2532 2424 ἀνόμοιος
2582 2352 2735 2406 ἔσται
2783 2350 2862 2421 τῷ
2907 2351 3083 2422 Πατρὶ
3116 2352 3145 2404 ὁ
3180 2349 3305 2414 Υἱὸς
3342 2352 3370 2403 ό
3410 2349 3472 2402 τὸ
3523 2346 3878 2419 μορφοῦσθαι

2278 2446 2414 2516 πρὸς
2449 2447 2657 2499 ἐκεῖνον
2688 2444 2780 2498 καὶ
2805 2446 2936 2514 ἡμῖν
2962 2444 3026 2496 δι’
3052 2443 3245 2496 ἑαυτοῦ
3274 2442 3649 2514 δωρούμενοςς

2488 2740 2789 2811 Πρότασις
2826 2735 2907 2807 ὡς
2944 2735 3013 2793 ἐκ
3053 2732 3171 2791 τῶν
3208 2732 3283 2790 δι’
3311 2730 3611 2801 ἐναντίας.

2358 2854 2764 2927 Ἃκοινώνητος,
2789 2853 2943 2923 φασὶ,
2968 2853 3060 2905 καὶ
3088 2852 3149 2906 οὑ
3178 2849 3439 2922 μεθεκτὸς
3467 2850 3597 2921 ἡμῖν
3618 2848 3647 2900 ό
3674 2846 3875 2916 Πατὴρ

2274 2949 2341 3003 δι’
2372 2947 2587 3014 ἑαυτοῦ,
2615 2946 2705 3000 διὰ
2734 2945 2834 3018 τὴν
2867 2943 3172 3016 ὑπερϐολὴν
3202 2943 3296 2996 καὶ
3322 2942 3422 3012 τὴν
3454 2942 3630 3010 ἄκραν
3676 2937 3871 3005 ὥσπερ

2277 3040 2372 3096 καὶ
2414 3038 2699 3110 ἀχώρητον
2749 3040 2814 3107 τῇ
2862 3034 3178 3107 ἀνθρωπεία
3242 3034 3400 3103 φύσει
3450 3034 3547 3101 τῆς
3606 3030 3869 3097 θεότητος

2280 3130 2599 3201 μετάληψιν.
2620 3131 2891 3198 Χωρείται
2918 3128 2974 3180 δὲ
3018 3127 3111 3180 καὶ
3144 3128 3202 3179 ὲν
3233 3127 3362 3195 ἡμῖν
3385 3124 3592 3191 γίνεται
3615 3122 3684 3173 δι’
3717 3120 3865 3183 Υἱοῦ,

2275 3223 2348 3286 ὼς
2391 3222 2457 3274 δι’
2490 3221 2775 3282 ἐλάττονος
2822 3217 3044 3289 δηλαδή.
3086 3217 3208 3280 Πῶς
3254 3211 3349 3268 οὑν
3387 3214 3570 3284 ὅμοιος
3600 3212 3761 3264 ἔσται
3793 3210 3869 3279 τῷ

2277 3315 2473 3386 Ila-cpi,
2503 3312 2746 3385 χωρητὸς
2772 3309 2847 3365 ὣν
2872 3312 2929 3363 ὲν
2946 3311 3075 3381 ἡμῖν
3095 3310 3207 3371 τοῖς
3227 3308 3434 3360 ἐκεῖνον
3454 3306 3515 3359 οὐ
3541 3302 3868 3373 δυναμένοις

2277 3423 2475 3477 χωρειν
2501 3422 2514 3435 ·

2464 3606 2619 3677 Πρὸς
2656 3605 2832 3660 τοῦτο
2869 3599 3260 3670 ὰνθυποφορὰ
3298 3598 3429 3667 ἤτοι
3465 3597 3670 3659 λύσις.

2348 3722 2625 3779 Μεθύουσι
2669 3720 2833 3774 πάλιν
2884 3720 3003 3780 ταῖς
3057 3713 3335 3775 ἀϐουλίαις
3370 3710 3418 3763 οἱ
3460 3708 3747 3779 θεομάχοι,
3790 3702 3863 3777 μὴ

2277 3816 2499 3877 εἰδότες.
2530 3814 2604 3876 ὠς
2640 3812 2912 3881 φαίνεται,
2953 3809 3087 3879 μήτε
3114 3807 3148 3859 ἃ
3174 3805 3411 3873 λέγουσι,
3444 3802 3580 3873 μήτε
3616 3802 3751 3868 περὶ
3782 3797 3863 3849 τί-

2276 3924 2382 3960 νων
2428 3903 2884 3959 διαϐεϐαιοῦνται.
2934 3902 2997 3952 Ei
3032 3898 3159 3970 γάρ,
3190 3896 3441 3965 καθάπερ
3485 3894 3641 3962 ὑμεῖς
3698 3906 3859 3958 φατε,

2276 4000 2453 4052 πάντα
2492 3994 2705 4066 μεγάλα
2735 3993 2830 4046 καὶ
2864 3990 3116 4061 ὑπερφυῆ
3142 3989 3210 4041 τὰ
3236 3989 3292 4041 ὲν
3317 3986 3393 4056 τῷ
3423 3983 3617 4053 Πατρὶ,
3644 3982 3859 4049 ἀνάγκη

2274 4089 2457 4143 δοῦναι
2502 4087 2756 4149 τοιαύτην
2787 4084 2882 4137 καὶ⁷
2910 4083 3005 4151 τὴν
3035 4082 3447 4151 ἐνυπάρχουσαν
3476 4074 3624 4143 αὑτῷ
3657 4073 3861 4141 ἀγαθά·

2275 4200 2430 4254 τητα.
2464 4180 2587 4242 Πῶς
2616 4175 2707 4231 οὖν
2750 4180 2777 4231 ὁ
2818 4179 2898 4239 εἰς
2933 4175 3099 4243 ἄκρον
3127 4172 3351 4241 ἀγαθὸς.
3387 4168 3675 4238 άχώρητος
3708 4168 3858 4218 ἔσται

2275 4278 2385 4336 τοῖς
2430 4270 2764 4339 ἁγαθότητος
2808 4267 3116 4335 δεομένοις;
3150 4263 3274 4326 Πῶς
3323 4262 3379 4315 δὲ
3429 4262 3565 4321 ὅλως
3598 4259 3801 4327 ἀγαθὸς
3831 4260 3858 4312 ό

2273 4367 2393 4426 ταῖς
2428 4363 2567 4432 ὑπὲρ
2591 4361 2689 4429 τὴν
2714 4359 2889 4411 κτίσιν
2916 4355 3242 4423 ὑπερϐολαῖς
3267 4352 3572 4406 ἀποκλείων
3604 4352 3775 4403 ἅπασι
3796 4351 3856 4403 τὸ

2280 4458 2572 4529 μετασχεῖν
2600 4451 2767 4507 αὑτοῦ
2794 4469 2807 4515 ;
2836 4450 2955 4521 Χρὴ
2986 4450 3093 4519 γάρ
3122 4445 3410 4518 δήπουθεν,
3450 4445 3477 4497 ὃ
3507 4443 3570 4515 δὴ
3595 4445 3687 4497 καὶ
3721 4444 3854 4514 άλη-

599 4537 744 4590 tione
772 4537 1065 4592 excludat?
1102 4536 1505 4608 Oportetenim,
1526 4541 1668 4610 quod
1692 4541 2034 4595 verissimum
2055 4556 2174 4596 esse

2280 4549 2367 4613 θὲς
2400 4548 2457 4600 ὃν
2486 4542 2861 4615 φαίνεται,τὸν
2885 4533 3031 4606 ἅπαξ
3055 4536 3665 4607 άγαθὸν,άναλογοῦσαν
3692 4535 3853 4589 αὑτοῦ

602 4626 1044 4697 deprehenditur,
1075 4646 1195 4684 eum
1236 4631 1323 4698 qui
1358 4633 1576 4686 omnino
1605 4632 1778 4686 bonus
1828 4642 1934 4696 est,
1962 4631 2173 4686 bonita-

604 4724 709 4768 tem
744 4731 895 4770 suam
926 4717 1174 4772 omnibus
1212 4734 1532 4790 proponere,
1584 4719 1904 4788 facilemque
1965 4719 2175 4773 fruitio-

603 4827 724 4865 nem
756 4812 821 4865 iis
847 4813 937 4880 qui
965 4813 1082 4883 ejus
1112 4814 1374 4883 indigent,
1403 4815 1692 4883 explicare.
1752 4814 1904 4879 Quod
1957 4814 2170 4882 quidem

600 4902 717 4969 ipse
743 4901 922 4956 facere
962 4905 1224 4969 cernitur,
1253 4921 1373 4958 cum
1407 4920 1466 4959 se
1497 4905 1549 4957 in
1600 4904 1756 4958 nobis
1804 4902 2171 4957 habitaturum

597 5000 760 5061 atque
788 4996 1182 5049 ambulaturnm
1214 4996 1499 5064 promittit,
1536 5004 1590 5049 et
1624 4995 1763 5047 filios
1820 5010 1947 5049 suos
1992 4995 2174 5048 decla-

596 5097 702 5141 rat.
734 5087 885 5141 Vana
922 5094 1105 5157 itaque
1167 5098 1251 5143 est
1307 5089 1593 5157 impiorum
1626 5086 1941 5155 propositio.
1987 5084 2174 5155 Neque

596 5179 739 5231 enim
777 5194 871 5247 per
898 5181 1273 5235 excellentiam
1309 5194 1463 5233 suam
1512 5188 1568 5233 et
1598 5188 1804 5233 naturte
1823 5180 2170 5233 eminentiam

598 5272 665 5324 ad
684 5272 1018 5326 ferocitatem
1050 5273 1225 5343 vergit
1254 5287 1268 5324 :
1297 5271 1391 5325 sed
1419 5271 1624 5341 potius,
1670 5280 1850 5327 tantus
1894 5288 2015 5325 cum
2077 5272 2167 5336 sit,

597 5378 864 5416 summam
893 5364 1276 5433 benignitatem
1305 5377 1414 5431 pra:
1440 5379 1499 5418 se
1522 5364 1647 5418 fert.
1678 5361 1754 5417 Ex
1776 5363 2027 5419 omnibus
2046 5379 2172 5419 vero

596 5466 718 5521 qua:
755 5454 803 5507 ei
832 5456 1016 5509 insunt
1039 5455 1401 5525 pulcherrima
1432 5468 1520 5511 res
1544 5465 1627 5511 est
1658 5456 1870 5510 hoiiitas
1895 5457 2033 5526 ejus,
2054 5471 2173 5526 qua:

597 5558 695 5614 per
718 5543 935 5613 Filium,
956 5557 1015 5601 ut
1037 5549 1112 5601 ait
1155 5546 1458 5617 Scriptura,
1495 5551 1546 5603 in
1581 5548 1754 5602 malos
1777 5548 1931 5617 juxta
1973 5563 2038 5601 ac
2080 5548 2173 5601 bo-

592 5649 699 5690 nos
720 5645 1011 5691 commeat:
1037 5636 1348 5705 nullumque
1369 5636 1587 5693 omnino
1607 5650 1640 5690 ιι
1656 5634 1740 5691 sui
1758 5632 2174 5706 participatione

669 5822 717 5852 "
747 5820 945 5877 lJoan.
976 5835 1057 5887 tu,
1078 5820 1167 5876 Si.
1245 5822 1288 5853 "
1313 5820 1475 5879 llchr.
1509 5835 1580 5889 τι,
1607 5820 1658 5875 4.
1730 5819 1775 5851 ⁸⁸
1798 5815 1952 5872 Joan.
1983 5828 2076 5879 xx,
2106 5813 2196 5869 22.

2278 4644 2388 4703 τοῖς
2414 4640 2548 4691 πᾶσι
2565 4636 2845 4706 προθεῖναι
2872 4634 2971 4702 τὴν
2996 4630 3326 4699 ἀγαθότητα,
3346 4630 3439 4682 καὶ
3460 4630 3539 4690 εἰς
3558 4627 3853 4679 ἀπόλαυσιν

2279 4728 2388 4787 τοῖς
2419 4724 2585 4793 αὑτῆς
2613 4722 2885 4792 δεομένοις
2926 4720 3149 4789 ἑτοίμην
3179 4716 3464 4782 ὲξαπλοῦν.
3484 4716 3623 4768 Ἀλλ’
3647 4717 3745 4786 ἤδη
3767 4716 3853 4768 καὶ

2280 4816 2437 4870 τοῦτο
2472 4815 2643 4868 ποιῶν
2676 4813 2945 4883 φαίνεται,
2979 4811 3046 4864 δι’
3080 4804 3154 4862 ὧν
3189 4809 3283 4862 καὶ
3314 4808 3614 4877 ὲνοικήσειν
3649 4808 3705 4857 ὲν
3728 4808 3853 4875 ἡμῖν

2280 4906 2671 4975 ἐπαγγέλλεται
2720 4903 2815 4957 καὶ
2864 4901 3358 4973 ὲμπεριπατὴσειν,
3387 4901 3480 4951 καὶ
3533 4900 3680 4960 υἱοὺς
3728 4898 3853 4949 ἀπο-

2279 4996 2534 5051 δεικνύει.
2564 4994 2772 5048 Οὑκοῦν
2806 4993 2971 5057 ἕωλος
2999 4997 3108 5056 τοῖς
3137 4992 3317 5055 ἀθέοις
3346 4994 3377 5061 ἡ
3413 4990 3695 5061 πρότασις.
3729 4988 3851 5040 (bai-

2280 5105 2429 5141 νεται
2476 5087 2584 5156 γὰρ
2634 5086 2696 5138 οὑ
2742 5086 2808 5138 δι’
2841 5084 3144 5154 ὑπερϐολὴν
3196 5083 3291 5135 καὶ
3343 5080 3730 5152 μεγαλοφυῖαν,
3777 5083 3851 5141 εἰς

2277 5176 2578 5245 ἀγριότητα
2620 5173 2751 5236 Θεὸς
2804 5172 3143 5226 ἀποκλίνων·
3180 5172 3313 5225 ἀλλὰ
3364 5171 3564 5241 μᾶλλον
3608 5169 3848 5230 τοσοῦτος

2278 5268 2537 5337 ὑπάρχων
2564 5268 2642 5329 εἰς
2662 5265 2976 5335 ἡμερότητα
3004 5264 3112 5334 ὅσῳ
3145 5263 3354 5332 μεγάλα
3392 5261 3458 5315 τά
3484 5255 3772 5315 αὑτοῦῘΩν
3798 5262 3850 5313 ἒν
3882 5331 3897 5339 ⁹

2273 5360 2337 5425 δὴ
2366 5359 2425 5411 τὸ
2454 5358 2733 5413 κάλλιστόν
2756 5360 2903 5410 ἐστιν
2931 5358 2963 5427 ἠ
2987 5357 3280 5424 ἁγαθότης,
3307 5355 3583 5425 φθάνουσα
3612 5354 3677 5406 δι’
3699 5352 3847 5414 Υῐοῦ,
3879 5342 3898 5361 ”

2275 5450 2419 5504 καθά
2450 5467 2616 5520 φησιν
2645 5449 2827 5513 αὑτὸς,
2857 5450 2949 5501 ἐπὶ
2985 5448 3252 5518 πονηρούς
3278 5464 3336 5500 τε
3368 5447 3461 5500 καὶ
3482 5445 3736 5513 ἀγαθοὺς,
3761 5444 3849 5498 καὶ

2278 5542 2466 5612 μηδενὶ
2492 5542 2551 5593 τὸ
2582 5542 2845 5613 παράπαν
2869 5540 3235 5594 ἀποκλείουσα
3265 5539 3326 5592 τὸ
3349 5539 3641 5609 μετασχεῖν
3661 5535 3845 5601 αὐτῆς,

2275 5635 2493 5706 Μετοχὴ
2542 5634 2598 5687 δὲ
2643 5633 2853 5705 Πατρὸς
2896 5632 2962 5688 δι’
2990 5631 3118 5686 Υἱοῦ
3153 5634 3208 5686 ἐν
3239 5628 3519 5701 Πνεύματι
3566 5626 3762 5698 κυρίως
3791 5640 3845 5677 τε
