4072 6544
200 426 315 483 229

1636 419 2079 480 THESAURUS.

3384 429 3491 486 230

201 545 307 598 καὶ
348 558 673 615 πρεπόντως
719 542 786 596 ἂν
845 555 1075 609 γενοιτο.
1116 538 1329 611 ’Ὠσπερ
1372 536 1465 595 οὖν
1517 541 1610 595 καὶ
1659 540 1809 611 ⁴ἡλίου

1922 542 2176 599 excludit.
2206 540 2383 598 Patris
2412 552 2593 599 autem
2642 544 2986 615 participatio
3027 560 3119 615 per
3170 543 3367 600 Filium
3437 548 3488 601 in

208 634 525 705 μετέχομεν
570 632 659 686 διὰ
705 632 806 699 τῆς
847 628 905 693 ἐξ
942 624 1107 681 αὐτοῦ
1149 629 1474 701 τικτομένης
1516 629 1712 698 αὐγῆς,
1742 628 1800 681 οὐ

203 725 342 795 δίχα
371 725 704 795 θερμότητος
728 723 761 792 ἣ
792 720 892 789 τῆς
924 719 1021 772 τοῦ
1053 720 1373 790 Πνεύματος
1410 723 1694 793 ἐνεργείας
1722 724 1803 774 εί-

209 815 354 868 κόνα
384 814 779 885 φέρει.Ὢσπερ
806 807 900 863 οὖν
943 809 1020 881 τῷ
1050 810 1183 880 ἡλίῳ
1209 811 1309 862 οὐκ
1347 811 1411 865 ἄν
1441 830 1524 875 τις
1549 812 1802 882 ἀνόμοιον

212 904 362 960 εἶναι
398 907 544 973 λέγοι
581 904 641 957 τὸ
686 903 743 967 ἐξ
792 901 957 954 αὐτοῦ
1010 903 1360 973 πεμπόμενον
1405 903 1522 973 φῶς
1552 904 1671 974 ἦτοι
1704 903 1801 974 τὴν

213 997 551 1068 θερμότητα,
571 993 657 1047 διὰ
681 994 740 1046 τὸ
770 993 906 1063 μετά
934 993 1139 1047 τούτων
1162 989 1302 1048 εἶναι
1331 993 1610 1065 μεθεκτὸν,
1629 994 1802 1057 οὓτως

213 1089 371 1141 οὐδὲν
396 1087 697 1154 ἀναγκάσει
727 1085 819 1137 τὸν
844 1084 972 1137 Υἱὸν
999 1084 1253 1154 ἀνόμοιον
1280 1082 1417 1138 εἶναι
1443 1085 1520 1155 τῷ
1549 1084 1726 1155 Πατρὶ
1747 1084 1809 1137 τὸ

213 1178 287 1231 δι’
316 1175 482 1231 αὐτοῦ
527 1174 852 1247 μετέχεσθαι
884 1174 977 1228 τὸν
1017 1174 1258 1245 Πατέρα.
1290 1174 1506 1229 Μᾶλλον
1536 1174 1593 1228 δὲ
1624 1176 1809 1246 ὅμοιον

215 1269 349 1322 ὄντα
379 1268 521 1321 κατά
549 1268 727 1321 πάντα
766 1265 1203 1320 δεικνύει.”οπου
1245 1267 1355 1337 γὰρ
1384 1265 1514 1318 Υίοῦ
1556 1266 1810 1335 μετέχον-

215 1377 335 1423 τες,
371 1361 470 1428 τῆς
494 1356 587 1410 τοῦ
617 1357 833 1427 Πατρὸς
865 1357 1155 1426 μετουσίας
1182 1357 1283 1410 οὐκ
1312 1357 1672 1427 ἐστερήμεθα,
1693 1356 1808 1421 πῶς

216 1450 322 1503 οὐκ
346 1448 498 1501 ἔσται
532 1447 797 1516 ταυτότης
828 1446 1017 1509 οὐσίας
1044 1447 1258 1516 Πατρὸς
1303 1448 1397 1500 καὶ⁸
1430 1446 1597 1511 Υίού;
1632 1447 1806 1499 Ὅπου

214 1539 277 1592 δὲ
310 1539 500 1603 οὐσίας
529 1539 813 1610 ταυτότης,
852 1540 1003 1591 ποῖον
1029 1538 1139 1604 ἕξει
1161 1538 1327 1591 τόπον
1371 1539 1404 1608 ἡ
1449 1538 1804 1609 ἀνομοιότης;

218 1632 547 1700 Λεγέτωσαν
574 1633 621 1683 οξ
662 1630 1041 1701 χριστομάχοι.

1913 633 2116 701 Spiritu
2149 636 2365 703 proprie
2390 644 2443 689 et
2461 637 2851 690 convenienter
2884 636 2962 689 tit.
3025 635 3488 702 Quemadmodmn

1912 723 2078 791 igitur
2100 734 2155 778 et
2204 726 2335 779 solis
2363 725 2653 795 participes
2709 722 2977 779 eilicimttr
3027 742 3123 794 per
3150 729 3492 796 splendorem

1909 831 2069 885 quem
2102 833 2165 870 cx
2195 833 2254 872 se
2282 819 2472 889 gignit,
2506 834 2609 871 non
2677 818 2810 871 citra
2871 819 3108 872 calorem
3156 822 3243 888 qui
3315 822 3485 889 im:th

1908 910 2150 976 quaedam
2187 918 2271 963 est
2304 911 2635 977 operationis
2665 911 2900 980 Spiritus
2931 929 2943 965 :
2984 926 3140 965 nemo
3173 926 3299 965 vero
3339 914 3492 966 dixe-

1913 998 1985 1051 rit
2011 999 2187 1052 lumen
2228 998 2341 1052 sive
2388 998 2717 1054 caliditatem
2785 1015 2906 1070 quae
2947 1015 3013 1054 ex
3065 999 3180 1054 sole
3223 1002 3493 1054 emittitur

1914 1088 2229 1142 dissimilem
2262 1089 2360 1144 soli
2390 1105 2526 1155 esse,
2567 1092 2722 1161 137
2748 1093 2870 1160 quia
2901 1108 3023 1146 cum
3057 1091 3141 1144 his
3198 1092 3275 1144 sol
3325 1092 3494 1158 parti—

1915 1181 2175 1250 cipatur:
2213 1181 2284 1235 ita
2333 1180 2465 1234 nihil
2506 1191 2589 1235 est
2639 1185 2780 1251 quod
2836 1194 2992 1252 rogat
3024 1184 3141 1235 ideo
3175 1180 3491 1235 dissimilem

1914 1273 2014 1325 diei
2044 1269 2237 1325 Filium
2264 1289 2291 1325 a
2327 1273 2506 1336 Patre,
2536 1275 2657 1341 quia
2694 1290 2788 1341 per
2813 1276 2985 1341 ipsum
3045 1272 3221 1325 Patris
3265 1272 3495 1340 partici-

1913 1376 2006 1428 pes
2026 1360 2308 1414 eﬂieitnur.
2341 1361 2449 1416 ltno
2480 1378 2606 1416 vero
2658 1364 2756 1414 hoc
2802 1378 2973 1430 Ipsum
3038 1361 3265 1414 similent
3304 1362 3350 1413 ei
3400 1376 3495 1429 per

1912 1452 2093 1503 otnttia
2119 1468 2239 1512 esse
2280 1452 2455 1521 ipsum
2488 1453 2745 1506 ostendit.
2775 1452 2911 1507 Cum
2941 1452 3083 1505 enim
3108 1451 3228 1505 Filii
3274 1452 3495 1520 partici-

1913 1556 2007 1610 pes
2035 1542 2234 1607 eﬂ’ecti,
2257 1543 2432 1599 Patris
2457 1545 2947 1599 communicatione
2997 1560 3099 1596 non
3177 1544 3456 1613 privamur
3475 1583 3491 1607 ,

1916 1648 2019 1700 quo
2049 1646 2203 1702 pacto
2231 1650 2337 1689 non
2379 1634 2451 1689 sit
2510 1637 2697 1690 cadent
2753 1635 2983 1689 essentia
3010 1634 3186 1689 Patris
3230 1647 3285 1689 et
3336 1632 3494 1687 Filii?

223 1727 326 1783 Uhi
366 1744 492 1782 vero
553 1736 637 1782 est
675 1726 929 1781 identitas
988 1725 1257 1790 assentiar,
1286 1740 1446 1795 quem
1484 1726 1660 1780 locum
1707 1726 1927 1782 habebit
1985 1729 2397 1785 dissimilitudo?
2435 1731 2814 1800 Respondeant
2844 1731 2999 1786 nobis
3054 1733 3238 1787 hostes
3261 1731 3489 1787 Christi.

480 1890 813 1956 ’Λντίθεσις
854 1888 935 1956 ὡς
967 1888 1035 1942 ἐκ
1081 1886 1200 1942 τῶν
1227 1887 1556 1957 αἱρετικῶν.

293 2047 404 2101 Καὶ
436 2045 553 2109 πῶς
584 2044 649 2098 ἂν
675 2042 786 2116 εἴη,
820 2043 975 2113 φασὶ,
1005 2041 1146 2097 κατά
1170 2041 1260 2096 τὸν
1291 2041 1393 2113 τῆς
1430 2043 1619 2106 οὐσίας
1650 2042 1807 2111 λόγον

208 2135 406 2208 ὅμοιος
436 2136 515 2206 τῷ
562 2135 738 2205 Πατρὶ
790 2137 819 2189 6
865 2135 1012 2199 Υἱὸς,
1043 2135 1102 2198 ὃς
1152 2151 1215 2204 γε
1263 2133 1516 2188 τοσοῦτον
1571 2134 1808 2188 ἐλάττων

224 2230 495 2298 φαίνεται,
524 2227 598 2291 ὡς
626 2226 762 2298 μηδέ
785 2229 917 2299 όρᾷν
955 2225 1153 2293 αὐτόν;
1186 2227 1295 2279 Καὶ
1331 2225 1492 2279 τοῦτο
1518 2224 1626 2297 γὰρ
1648 2224 1810 2287 αὐτός

224 2337 331 2373 που
352 2320 786 2391 διαμαρτύρεται
814 2319 1009 2387 λέγων’
1038 2336 1055 2369 t
1075 2317 1208 2371 Θεὸν
1247 2317 1423 2380 οὐδεὶς
1454 2316 1666 2388 ἑώρακε
1698 2315 1813 2370 πώ-

226 2428 380 2465 ποτε’
417 2413 445 2464 6
470 2411 765 2481 μονογενὴς
793 2408 948 2475 Θεὸς,
976 2409 1005 2459 6
1033 2407 1108 2460 ὢν
1132 2410 1211 2470 είς
1249 2408 1339 2460 τὸν
1358 2407 1557 2460 κόλπον
1581 2406 1674 2459 τοῦ
1698 2409 1812 2460 Πα-

226 2503 391 2572 196;,
442 2502 650 2564 ἐκεῖνος
697 2498 1025 2568 ἐξηγήσατο.
1061 2517 1079 2548 ι
1141 2497 1206 2549 Et
1261 2497 1440 2549 τοίνυν
1502 2495 1814 2566 ἀθεώρητον

226 2596 343 2656 τοῖς
365 2593 500 2645 πᾶσι
527 2590 619 2645 τὸν
640 2589 860 2661 Πατέρα
892 2587 1058 2659 φησὶν
1090 2586 1118 2638 6
1148 2586 1300 2652 Υἱὸς,
1349 2586 1407 2641 ἐν
1435 2585 1489 2638 δὲ
1519 2588 1632 2648 τοῖς
1678 2588 1815 2639 πᾶσι

228 2682 325 2735 καὶ
358 2682 541 2745 αὐτὸς,
593 2680 709 2744 πῶς
761 2680 828 2733 ἂν
885 2678 974 2749 εἴη
1025 2676 1166 2732 κατὰ
1193 2677 1292 2749 τὴν
1346 2676 1532 2731 οὐσίαν
1581 2677 1817 2749 ὃμοιοςό

224 2772 484 2827 τοσοῦτον
514 2770 825 2843 ἡττώμενος
845 2787 862 2837 ;

724 2903 884 2973 Πρὸς
904 2902 1081 2958 τοῦτο
1117 2903 1319 2970 λύσις.

302 3020 410 3072 Καὶ
437 3017 555 3081 πῶς
586 3012 686 3070 οὐκ
709 3015 969 3085 ἄντικρυς
992 3012 1130 3083 αὐτῇ
1158 3011 1458 3083 μαχόμενοι
1499 3011 1566 3081 τῇ
1590 3008 1817 3082 ἀληθείᾳ

234 3107 515 3182 φανεῖσθε,
550 3106 646 3163 καὶ
672 3108 878 3169 πάσαις
922 3102 1058 3175 ὁμοῦ
1092 3105 1212 3166 ταῖς
1247 3102 1422 3166 θείαις
1456 3102 1703 3172 Γραφαῐς
1724 3101 1819 3155 ἀνι

233 3201 600 3266 τιπίπτοντες,
630 3198 765 3271 μηδέ
790 3196 941 3269 αὐτῷ
960 3195 1213 3265 λέγοντες
1234 3192 1464 3266 ὁρᾶσθαι
1493 3192 1571 3263 τῷ
1592 3193 1705 3264 Υίῷ
1726 3193 1817 3247 τὸν

2382 1891 2622 1960 Objeclio
2648 1890 3034 1945 Itwreticorunt.

1985 2048 2180 2114 Atqtto
2236 2055 2415 2117 pacto,
2462 2048 2633 2110 aiunt,
2665 2045 2738 2100 sit
2779 2046 2969 2101 similis
3007 2045 3152 2101 Patri
3196 2044 3367 2100 Filius
3410 2062 3495 2100 ra-

1920 2136 2065 2191 tione
2087 2138 2356 2202 essentia,
2382 2137 2470 2208 qui
2505 2146 2653 2191 tanto
2686 2139 2861 2190 mittor
2891 2152 3011 2191 esse
3045 2138 3306 2199 cernitur,
3345 2147 3401 2190 ttt
3428 2153 3496 2192 ne

1920 2225 2099 2280 rideat
2131 2226 2347 2295 quidem
2377 2226 2591 2295 ipsum?
2615 2226 2768 2291 Quod
2794 2225 3007 2294 quidem
3041 2225 3152 2293 ipse
3172 2225 3297 2278 alibi
3327 2235 3495 2280 testa-

1921 2325 2027 2382 tttr,
2059 2317 2309 2385 inquiens
2341 2335 2354 2370 :
2398 2335 2415 2367 ι
2457 2316 2623 2371 Deum
2658 2331 2816 2371 nemo
2845 2316 3229 2384 \‘iditunquam
3262 2333 3276 2369 :
3311 2317 3498 2387 unige-

1921 2409 2066 2463 ttitus
2092 2408 2260 2464 Filius
2294 2409 2409 2475 Dei,
2441 2411 2533 2478 qui
2576 2419 2661 2464 est
2711 2410 2765 2479 in
2828 2410 2948 2463 sinu
2985 2408 3180 2473 Patris,
3209 2407 3298 2461 ille
3326 2422 3496 2475 expo-

1920 2500 2029 2555 suit
2048 2500 2117 2554 ⁵⁵.
2148 2519 2167 2552 ›
2206 2501 2261 2555 Si
2291 2516 2419 2571 ergo
2448 2500 2618 2555 Filius
2646 2499 2859 2554 Patrem
2886 2500 3140 2554 omnibus
3173 2496 3495 2552 invisibilcm

1922 2604 2044 2646 esse
2078 2591 2228 2656 dicit,
2278 2601 2333 2646 et
2398 2592 2795 2661 signiﬁcatione
2843 2591 3087 2645 omnium
3150 2588 3267 2658 ipse
3330 2590 3497 2643 etiam

1922 2682 2421 2751 comprehenditur,
2450 2682 2719 2751 quomodo
2744 2682 2816 2736 sit
2841 2682 3034 2736 similis
3080 2677 3382 2734 secundum
3414 2692 3501 2733 es-

1925 2775 2178 2840 sentiam,
2212 2774 2303 2843 qui
2335 2783 2485 2829 tanto
2520 2773 2749 2828 inferior
2773 2772 2897 2828 est?

2429 2908 2641 2964 Salutio
2678 2908 3005 2977 objecriouis.

1994 3024 2218 3079 Atvero
2275 3022 2545 3095 quomodo
2578 3037 2685 3078 non
2736 3029 2922 3090 aperte
2951 3034 3045 3075 vos
3091 3032 3213 3073 cum
3246 3015 3502 3072 omnibus

1926 3114 2225 3186 Scripturis
2250 3113 2423 3169 sacris
2453 3122 2506 3168 et
2564 3112 2791 3167 veritate
2850 3124 3090 3180 pugnare
3147 3109 3501 3173 censeamini,

1924 3206 2014 3277 qui
2046 3221 2113 3261 ne
2140 3208 2207 3260 ab
2229 3205 2346 3276 ipso
2370 3204 2585 3274 quidem
2606 3202 2743 3257 Filio
2769 3204 2938 3256 risum
2968 3217 3088 3257 esse
3118 3201 3334 3256 Patrem
3366 3216 3495 3255 eon-

234 3291 473 3364 Πατέρα,
492 3290 798 3363 κεκρύφθαι
835 3288 891 3343 δὲ
914 3287 1014 3358 τὴν
1034 3285 1129 3340 τοῦ
1151 3284 1488 3353 Μονογενοῦς
1521 3285 1815 3356 αὐτοπρόσ‹

1929 3298 2169 3364 tenditis,
2201 3306 2256 3352 et
2311 3311 2496 3352 coram
2522 3296 2761 3349 intuendi
2791 3296 2963 3347 Patris
3018 3294 3324 3347 facultatettt
3362 3291 3502 3349 Uni-

236 3400 383 3436 ωτον
426 3381 553 3435 θέαν
578 3400 592 3449 ;
616 3380 790 3434 καίτοι
821 3381 916 3433 καὶ
945 3376 1111 3434 αὐτοῦ
1147 3376 1442 3450 διαρρήδην
1474 3374 1706 3445 βοῶντος
1728 3377 1824 3447 οὐχ

243 3482 324 3533 ὅτι
345 3480 435 3531 τὸν
450 3478 671 3548 Πατέρα
692 3475 905 3547 ἑώρακέ
928 3492 1036 3541 τις,
1064 3475 1111 3526 εί
1132 3473 1250 3545 μὴὸ
1270 3472 1345 3524 ὢν
1371 3472 1524 3542 παρά
1548 3472 1642 3525 τοῦ
1662 3472 1821 3538 Θεοῦ,

238 3567 390 3634 οὗτος
410 3568 619 3641 ἑώρακε
649 3569 740 3622 τὸν
764 3566 1007 3638 Πατέρα.
1040 3565 1164 3629 Πῶς
1191 3564 1247 3617 δὲ
1283 3565 1331 3616 εἰ
1371 3565 1447 3634 μὴ
1470 3563 1824 3633 κατάληπτός

241 3667 431 3720 ἐστινό
463 3663 651 3733 Πατὴρ
683 3659 762 3730 τῷ
792 3658 931 3729 Υἱῷ,
962 3656 1059 3710 καί⁵
1092 3658 1221 3726 ἡμῖν
1270 3654 1432 3707 αὐτὸν
1460 3653 1822 3719 ἐπιδεικνύει,

239 3758 432 3826 λέγων·
496 3775 513 3807 ι
559 3755 615 3807 '0
641 3750 902 3823 ἑωρακὼς
946 3748 1069 3819 ἐμὲ,
1116 3744 1330 3817 ἑώρακε
1380 3746 1471 3799 τὸν
1506 3745 1763 3817 Ιῐατέρα;
1798 3764 1817 3798 ι

242 3848 367 3910 Πῶς
396 3847 451 3899 δὲ
474 3844 534 3899 τὸ
566 3841 797 3911 Πνεῦμα
827 3835 991 3892 αὐτοῦ
1041 3834 1220 3888 πάντα
1272 3832 1565 3886 ἐπίσταται
1621 3833 1715 3885 καί¹
1756 3831 1826 3885 τὰ

244 3939 380 4009 βάθη
414 3936 509 3990 τοῦ
538 3933 693 3996 Θεοῦ,
723 3930 975 3999 καθάπερ
1005 3925 1183 3980 καὶτὸ
1234 3924 1452 3994 πνεῦμα
1491 3922 1585 3977 τοῦ
1619 3922 1826 3993 ἀνθρώ-

242 4049 342 4085 που
370 4031 438 4085 τὰ
471 4031 527 4083 ἐν
558 4025 741 4095 αὐτῷ;
766 4023 890 4085 Πῶς
909 4020 965 4074 δέ
996 4018 1161 4072 πάλιν
1214 4020 1263 4071 οἱ
1311 4018 1431 4071 κατ’
1460 4015 1688 4088 οὐρανὸν
1721 4014 1824 4082 ἆγ-

240 4124 386 4193 γελοι
412 4121 487 4185 ὼς
509 4119 570 4172 τὸ
602 4115 794 4171 τούτου
828 4112 1120 4184 πρόσωπον
1152 4106 1481 4177 θεωροῦντες
1515 4104 1826 4176 ἀνεγράφη-

244 4232 366 4274 σαν,
394 4213 441 4263 si
484 4207 618 4280 μηδὲ
645 4205 724 4275 τῷ
752 4203 867 4272 Υἱῷ
900 4200 1061 4255 τοῦτο
1084 4199 1342 4269 ὑπάρχει,
1400 4196 1521 4249 καθ’
1548 4196 1727 4265 ὑμᾶς;
1754 4195 1826 4247 Ἦ

243 4302 359 4364 πῶς
391 4299 493 4353 οὐκ
530 4294 838 4367 ἀληθεύσει,
873 4292 1069 4361 λέγων’
1103 4308 1121 4341 t
1160 4287 1357 4351 Καθὼς
1403 4284 1663 4356 γινώσκει
1700 4303 1765 4357 με
1797 4288 1827 4339 ὁ

242 4394 455 4463 Πατὴρ,
482 4389 637 4458 κάγὼ
679 4386 932 4457 γινώσκω
982 4382 1073 4435 τὸν
1129 4381 1377 4452 Πατέρα,
1417 4398 1436 4431 ι
1475 4379 1585 4431 Καὶ
1628 4379 1822 4432 πάλιν·

250 4502 267 4533 t
302 4480 490 4542 Οὐδεὶς
520 4475 876 4546 ἐπιγινώσκει
909 4472 997 4526 τὸν
1029 4470 1179 4535 Υἱὸν,
1216 4472 1264 4522 εἰ
1303 4469 1377 4541 μὴ
1406 4470 1433 4522 6
1467 4468 1679 4540 Πατὴρ,
1706 4469 1827 4522 οὐδὲ

243 4573 334 4626 τὸν
362 4571 582 4641 Πατέρα
621 4584 705 4630 τις
758 4556 1134 4633 ἐπιγινώσκει,
1187 4562 1236 4614 εί
1273 4561 1348 4631 μὴ
1400 4561 1428 4613 ό
1476 4560 1624 4625 Υἱὸς,
1656 4560 1749 4613 καὶ
1782 4554 1826 4627 ᾧ

1927 3390 2108 3459 genito
2145 3388 2417 3452 adimitis,
2457 3400 2578 3441 cum
2614 3386 2729 3454 ipse
2754 3394 2941 3452 aperte
2976 3383 3192 3447 clamet,
3232 3386 3371 3452 quod
3412 3399 3503 3437 ue-

1926 3496 2014 3534 tno
2047 3476 2475 3533 videritPalrem
2510 3477 2612 3531 nisi
2649 3476 2736 3545 qui
2771 3492 2833 3528 rx
2884 3474 2992 3528 Deo
3064 3485 3166 3536 est,
3200 3476 3313 3542 ipse
3366 3474 3503 3528 vidt

1924 3568 2184 3624 Patrem?
2206 3569 2483 3634 Quomodo
2513 3577 2690 3621 autem
2719 3568 2819 3620 nisi
2851 3584 2876 3617 a
2906 3565 3040 3619 Filio
3095 3566 3297 3635 percipi
3327 3576 3503 3634 potest

1926 3660 2106 3725 Pater,
2139 3660 2292 3715 nobis
2311 3659 2472 3714 etiam
2520 3660 2694 3728 ipsum
2750 3658 3005 3722 ostendit,
3049 3658 3279 3712 dicens:
3316 3674 3335 3707 ι
3400 3656 3502 3722 Qui

1926 3752 2061 3807 sidit
2093 3765 2200 3816 me,
2232 3750 2367 3803 vidit
2394 3748 2674 3804 etPatrem
2709 3749 2800 3801 ⁸δῖ
2836 3768 2852 3799 t
2882 3748 3159 3814 Quomodo
3185 3748 3347 3801 etiam
3382 3747 3503 3814 Spi-

1926 3844 2064 3898 ritus
2091 3844 2207 3912 ejus
2230 3841 2409 3895 omnia
2447 3841 2616 3904 novit,
2667 3842 2830 3894 etiam
2886 3840 3065 3892 abdita
3092 3838 3204 3900 Dei,
3236 3840 3501 3907 sicutspi-

1928 3935 2068 3988 ritus
2099 3931 2334 3987 hominis
2358 3946 2475 4000 qua:
2511 3930 2565 3984 itt
2594 3931 2708 3999 ipso
2747 3929 2978 3984 sunt”?
3006 3928 3288 3995 Quomodo
3315 3945 3502 3982 rursus

1927 4023 2106 4092 angeli
2142 4022 2393 4077 celestes
2411 4031 2663 4089 tanquam
2702 4019 2892 4073 faciem
2926 4019 3044 4088 ejus
3071 4019 3501 4087 contemplantes

1927 4112 2185 4181 descripti
2221 4119 2368 4174 suttt,
2400 4109 2443 4163 si
2481 4124 2549 4162 ne
2590 4106 2728 4161 Filio
2758 4109 2972 4175 quidem
3012 4108 3114 4161 hoc
3144 4108 3500 4162 conceditur?

1927 4205 2036 4258 Aut
2068 4203 2339 4272 quomodo
2374 4201 2683 4263 mentiatur,
2718 4198 2941 4253 dicens:
2985 4217 3003 4249 t
3036 4195 3191 4252 Sicut
3219 4200 3501 4267 cognoscit

1929 4311 2015 4350 me
2048 4295 2229 4356 Pater.
2249 4303 2302 4348 et
2325 4307 2424 4363 ego
2449 4306 2717 4361 cognosco
2752 4289 2967 4343 Patrem
2991 4288 3081 4342 ἐί
3115 4308 3133 4340 ι
3169 4290 3233 4343 Ει
3259 4305 3447 4344 rursus
3482 4308 3495 4343 :

1935 4409 1951 4440 ι
1984 4387 2152 4442 Nemo
2174 4385 2453 4455 cegnoscit
2489 4384 2684 4438 Filiutu
2717 4382 2819 4436 nisi
2840 4381 3016 4447 Pater,
3046 4397 3148 4437 nec
3172 4380 3387 4436 Patrem
3416 4382 3501 4435 ul-

1930 4482 2009 4533 lus
2036 4478 2313 4548 cognoscit
2346 4477 2446 4531 nisi
2478 4475 2671 4539 Filius,
2701 4485 2755 4528 ct
2782 4474 2865 4528 cui
2896 4473 3127 4528 voluerit
3156 4472 3322 4526 Filius
3347 4471 3514 4526 reve?

1928 4573 2043 4626 lare
2064 4572 2153 4624 l"1?
2185 4589 2202 4620 ι
2238 4570 2337 4635 Qui
2366 4584 2493 4637 ergo
2523 4583 2628 4621 non
2660 4565 2833 4621 solum
2871 4566 3041 4631 novit,
3067 4580 3252 4618 verum
3332 4565 3500 4618 etiam

245 4664 338 4719 ἐὰν
367 4660 623 4733 βούληται
670 4660 699 4711 6
746 4656 877 4718 Υἱὸς
933 4652 1318 4722 ἀποκαλύψαι;
1358 4670 1377 4703 ι
1435 4652 1493 4704 '0
1520 4651 1697 4707 τοίνυν
1751 4652 1815 4723 μὴ

1932 4662 2056 4718 aliis
2078 4661 2318 4715 revelare
2344 4659 2558 4712 Palretn
2597 4666 2791 4726 potest,
2852 4657 3120 4724 quomodo
3174 4655 3346 4724 ipsum
3394 4671 3499 4709 non

249 4757 404 4828 μόνον
438 4750 610 4816 εἰδὼς,
637 4747 775 4803 ἀλλά
800 4746 897 4800 καὶ
928 4743 1332 4798 ἀποκαλύπτειν
1358 4742 1564 4813 ἑτέροις
1582 4743 1671 4796 τὸν
1708 4745 1819 4796 Πα-

242 4849 375 4918 τέρα
405 4843 719 4914 δυνάμενος,
752 4837 869 4900 πῶς
907 4835 1066 4889 αὐτὸν
1095 4835 1195 4905 οὐχ
1222 4835 1324 4905 ὁρᾷ
1348 4850 1361 4899 ;
1387 4833 1509 4898 Πῶς
1530 4833 1583 4887 δὲ
1625 4835 1723 4887 οὐκ
1743 4830 1820 4887 οἷ-

242 4941 329 4993 δεν
363 4940 390 4990 6
412 4936 469 5002 ἐξ
496 4931 569 4988 ὧν
592 4937 739 4987 ἐστιν
766 4928 927 4991 αὐτὸς
946 4926 1100 4990 εἰδὼς
1128 4926 1219 4980 τὸν
1250 4926 1487 4997 Πατέρα,
1525 4926 1618 4978 καὶ
1645 4924 1819 4994 λέγων

245 5031 380 5103 πρὸς
404 5029 584 5084 αὐτόν’
642 5028 768 5082 (Τά
821 5028 930 5098 ἐμὰ
988 5026 1165 5080 πάντα
1200 5025 1270 5078 σά
1326 5025 1463 5089 ἐστι,
1494 5024 1590 5078 καὶ
1636 5024 1704 5078 τὰ
1753 5024 1819 5077 σὰ

246 5122 388 5192 ἐμά;
425 5140 442 5171 ι
485 5120 695 5191 ’Ὠσπερ
722 5115 836 5185 οὖν,
870 5120 1028 5190 εἴπερ
1062 5114 1129 5189 ἦν
1150 5117 1460 5191 ἀθεώρητος
1496 5115 1664 5187 αὐτῷ,
1696 5115 1819 5168 καθ’

247 5214 411 5283 ὑμᾶς,
442 5214 470 5267 6
498 5212 709 5285 Πατὴρ,
744 5214 844 5266 οὐκ
871 5211 937 5266 ἂν
964 5208 1033 5283 ἦν
1062 5210 1208 5281 αὐτῷ
1237 5211 1358 5264 κατ’
1397 5211 1584 5263 οὐσίαν
1614 5210 1818 5279 ὅμοιος,

245 5306 417 5369 οὕτως
441 5305 733 5375 ἐπειδήπερ
755 5305 856 5376 ὁρᾷ
876 5306 968 5358 καὶ
996 5302 1257 5373 γινώσκει
1288 5303 1377 5356 τὸν
1404 5302 1642 5372 Πατέρα,
1669 5300 1820 5353 ἔσται

247 5396 462 5459 πάντως
492 5395 640 5467 αὐτῷ
669 5396 811 5450 κατά
846 5395 1029 5449 πάντα
1080 5394 1438 5464 προσεοικὼς,
1477 5394 1570 5447 καὶ
1597 5390 1820 5461 διαψεύ-

248 5502 396 5539 σεται
426 5486 588 5540 πάλιν
622 5488 721 5555 τῆς
753 5487 883 5558 παρ’
913 5485 1066 5558 ὐμῶν
1091 5484 1454 5553 συκοφαντίας
1477 5486 1505 5538 ό
1533 5483 1709 5552 λόγος.

470 5597 871 5668 Ἀνθυποφορὰ
909 5599 987 5665 ὡς
1025 5599 1092 5651 ἐκ
1130 5598 1247 5653 τῶν
1282 5594 1603 5665 αΙρετικῶν.

314 5708 472 5763 Κατὰ
497 5707 676 5776 τοῦτο,
713 5710 867 5779 φασὶ,
897 5709 1056 5764 μόνον
1086 5709 1271 5779 ὅμοιον
1291 5703 1434 5762 εἶναι
1466 5705 1709 5777 δώσομεν
1730 5704 1821 5758 τὸν

1938 4752 2122 4807 ridet?
2148 4753 2253 4805 Aut
2277 4749 2549 4820 quomodo
2587 4764 2692 4803 non
2724 4747 2974 4816 cognovit
3033 4747 3121 4815 qui
3162 4761 3227 4799 ex
3262 4760 3369 4814 quo
3420 4755 3503 4798 est

1934 4845 2049 4913 ipse
2106 4842 2257 4896 novit.
2310 4840 2565 4904 Patrem,
2628 4837 2829 4907 quique
2890 4837 2954 4890 ad
3009 4834 3226 4889 Patrem
3314 4834 3497 4888 dicit:

1943 4955 1961 4988 ι
1999 4935 2187 4991 Omnia
2226 4947 2341 4987 mea
2380 4942 2466 4985 tua
2492 4940 2640 4995 sunt,
2674 4939 2723 4983 et
2761 4939 2850 4982 tua
2905 4945 3019 4982 mea
3052 4927 3141 4981 “’1
3176 4946 3194 4978 ι
3229 4926 3500 4992 Quemad-

1930 5028 2144 5080 modum
2190 5023 2371 5089 igitur,
2402 5020 2447 5074 si
2477 5035 2504 5072 a
2530 5017 2669 5073 Filio
2698 5016 2867 5072 videri
2905 5032 3010 5071 non
3053 5024 3255 5084 posset,
3314 5025 3370 5066 ut
3399 5029 3497 5068 vos

1927 5114 2245 5185 opinamini,
2272 5111 2465 5166 similis
2496 5110 2746 5164 essentia}
2781 5124 2901 5162 cum
2948 5121 3012 5160 eo
3044 5122 3146 5157 non
3202 5112 3343 5157 esset
3372 5120 3386 5158 :
3430 5103 3501 5158 ita

1930 5223 2052 5262 cum
2082 5207 2333 5259 videatet
2366 5211 2656 5271 cognoscat
2690 5199 2930 5261 Patrem,
2952 5194 3149 5251 similis
3197 5194 3357 5248 etiam
3409 5210 3504 5264 per

1929 5298 2110 5352 omnia
2144 5297 2219 5350 illi
2258 5295 2439 5361 fuerit,
2474 5293 2999 5359 mendacissimaque
3023 5288 3125 5343 erit
3164 5297 3347 5342 vestra
3404 5303 3495 5343 cao

1928 5388 2153 5443 lutnnia.

2144 5582 2304 5654 138
2340 5580 2576 5652 Objeclio
2605 5577 2860 5649 replicans
2904 5577 3266 5632 Ita'rett'rorum

2001 5695 2077 5752 Eo
2096 5705 2302 5751 tantum
2338 5693 2520 5759 modo,
2548 5700 2820 5763 inqutunt,
2855 5690 3085 5746 similem
3134 5701 3255 5743 esse
3306 5684 3502 5741 Filium

318 5854 363 5883 "
392 5850 550 5905 Juan.
590 5867 626 5919 t,
665 5852 750 5909 18.
827 5851 1046 5907 "102m.
1087 5867 1196 5921 xw,
1228 5851 1281 5908 9.
1356 5851 1443 5907 "l
1479 5853 1603 5908 Cor.
1634 5866 1696 5918 tt,
1737 5847 1815 5903 Hi

1922 5838 2128 5895 Moon.
2164 5854 2218 5906 ς,
2252 5838 2337 5895 15.
2413 5838 2460 5872 ⁸9
2485 5836 2679 5893 Matth.
2717 5849 2797 5901 Il,
2833 5833 2925 5889 27.
3002 5833 3047 5866 ⁶⁰
3070 5831 3225 5889 Joan.
3252 5826 3499 5895 mut).
