4072 6652
565 384 658 439 251

1596 376 1654 432 S.
1697 374 1971 432 CYRILLI
2008 374 2475 431 ALEXANDIHNI
2522 374 2843 431 ABClilEl’.

3790 372 3917 429 23%

566 494 706 549 Patri
733 490 1109 555 concedimus,
1145 496 1418 560 quatenus
1445 487 1651 544 affatim
1684 489 1855 560 ipsius
1877 491 2146 561 particeps

2254 491 2380 544 Υίὸν
2408 490 2487 561 τῷ
2522 491 2721 563 “arpi,
2746 488 2883 543 καθὸ
2928 488 3199 553 πλουσίως
3230 487 3393 543 αὑτοῦ
3442 505 3716 561 μετεσχη
3732 488 3869 551 κὼς

564 586 784 641 effectus
818 594 903 640 est
938 583 1346 654 quodammodo
1389 592 1445 636 et
1529 584 1797 637 formatus
1825 584 1892 637 ad
1946 584 2142 653 ipsum.

563 676 1029 744 Quemadmodum
1057 686 1112 728 et
1146 688 1267 737 nos,
1300 683 1565 742 quantum
1596 674 1852 743 possibile
1907 684 1991 728 est
2046 676 2146 728 ho-

564 771 825 833 minibus,
858 769 1057 821 divinae
1083 777 1291 820 naturae
1313 765 1600 836 participes
1616 764 1813 827 effecti.
1844 770 1982 820 sicut
2007 767 2144 821 scri-

564 876 712 933 ptum
742 872 825 916 est
856 860 922 922 θ’,
968 860 1260 929 imaginem
1292 858 1529 912 caelestis
1557 858 1869 928 accepimus
1902 860 1969 923 ⁶²,
2003 870 2059 914 et
2079 858 2146 915 ad

562 956 779 1010 divinos
804 953 1207 1023 quodammodo
1245 951 1591 1006 characteres
1625 949 1950 1007 fortnamur.

1093 1164 1301 1220 Salutio
1328 1164 1652 1234 objectiom‘s.

636 1302 707 1357 At
737 1302 1008 1371 quisnam,
1058 1301 1305 1367 obsecro,
1339 1301 1429 1370 qui
1462 1315 1649 1354 sacras
1707 1298 2016 1368 Scripturas
2073 1300 2149 1354 leo

566 1398 728 1465 gerit,
755 1405 957 1449 tantam
995 1404 1233 1447 vestram
1296 1394 1665 1461 nugacitatem
1723 1390 1899 1445 ferat?
1959 1392 2146 1446 Divina

564 1468 709 1541 etiim
736 1486 941 1556 Scripta
973 1487 1265 1554 praedicant
1304 1502 1405 1539 non
1445 1501 1571 1540 esse
1605 1478 1851 1540 recenter
1902 1490 2066 1541 Deum
2096 1487 2146 1540 in

568 1581 754 1643 nobis;
790 1594 886 1632 vos
922 1585 1099 1630 autem
1133 1577 1196 1630 iis
1229 1576 1318 1645 qui
1357 1593 1386 1632 e
1418 1576 1625 1646 Spiritu
1660 1578 1953 1647 loquuntur
1983 1589 2150 1631 teme-

572 1671 715 1724 rarie
739 1670 1101 1734 obiectantes,
1136 1678 1409 1723 recentem
1436 1669 1614 1732 nobis,
1646 1680 1828 1737 atque,
1874 1683 1929 1723 ut
1966 1670 2035 1722 ita
2065 1670 2147 1722 di-

563 1777 704 1825 cam,
741 1777 912 1832 nuper
935 1761 1134 1816 factum
1194 1761 1362 1815 Deum
1427 1761 1583 1816 nobis
1635 1772 2001 1832 proponentes
2038 1778 2143 1816 non

2247 584 2544 653 πεποίηται
2571 583 2772 653 τρόπον
2803 582 2923 635 τινὰ
2970 582 3067 634 καὶ
3096 581 3456 653 μεμόρφωται
3482 582 3627 651 πρὸς
3664 582 3902 634 αὐτόν.

2248 675 2460 745 Ὥσπερ
2480 670 2574 727 οὖν
2608 675 2702 727 καὶ
2726 675 2910 744 ἡμεῖς,
2942 673 3086 728 κατὰ
3118 674 3179 726 τὸ
3231 674 3456 743 ἐφικτὸν
3486 673 3866 744 ἀνθρώποις
3886 718 3899 733 ,

2246 766 2495 820 κοινωνοὶ
2536 767 2634 836 τῆς
2694 765 2845 828 θείας
2898 766 3181 835 γενόμενοι
3232 765 3482 834 φύσεως,
3523 764 3743 828 καθὼς
3796 768 3899 832 γέ·
3998 768 4005 883 1

2247 874 2484 883 ..-η-...η
2542 858 2641 883 _.'...
2698 857 2878 883 -2...’..-
2932 855 3025 883 -.π
3077 857 3397 883 ι...η....ι-..
3444 856 3851 883 δ-..ι.τ,.ι--.-..

2247 874 2509 927 γραπται,
2542 858 2641 929 τὴν
2697 857 2883 910 εἰκόνα
2932 855 3026 908 τοῦ
3076 857 3399 927 ἐπουρανίου
3444 856 3891 927 λαμϐάνομεν,

2247 944 2513 1015 καὶπρὸς
2570 946 2695 1009 τοὺς
2738 944 2917 1008 θείους
2961 944 3152 1015 ὥσπερ
3196 947 3557 1017 χαρακτῆρας
3598 946 3887 1017 μορφού-

2250 1035 2413 1105 μεθα.

2742 1172 2899 1239 Πρὸς
2923 1172 3108 1226 ταῦτα
3128 1173 3333 1239 λύσις.

2319 1302 2429 1355 Καὶ
2448 1300 2533 1366 τίς
2563 1301 2650 1368 ἂν,
2678 1303 2798 1356 εἰπέ
2829 1320 2940 1374 μοι,
2969 1304 3075 1357 τῶν
3133 1306 3231 1368 τὰς
3259 1305 3410 1368 θείας
3443 1306 3873 1374 ἁνεγνωκότων

2248 1394 2494 1464 Γραφὰς,
2526 1396 2623 1464 τῆς
2672 1396 2942 1466 τοσαύτης
3003 1396 3156 1466 ὑμῶν
3199 1397 3468 1467 φλυαρίας
3503 1400 3870 1468 ἁνὰσχοιτος

2251 1486 2312 1535 Οἱ
2351 1484 2448 1553 μὲν
2478 1485 2587 1555 γὰρ
2634 1484 2765 1537 θεῖοι
2807 1490 3135 1556 κηρύττουσι
3173 1488 3323 1555 λόγοι
3381 1491 3717 1560 πρόσφατον
3758 1493 3870 1545 οὐκ

2250 1577 2390 1629 εἶναι
2421 1577 2553 1630 Θεὸν
2584 1580 2641 1630 ἐν
2670 1580 2823 1649 ἡμῖν,
2854 1580 3014 1649 ὑμεῖς
3038 1580 3094 1632 δὲ
3134 1581 3242 1644 τοῖς
3269 1581 3377 1634 ἀπὸ
3406 1580 3496 1633 τοῦ
3519 1581 3671 1636 Πνεύ
3683 1600 3867 1652 ματος

2248 1668 2601 1740 λαλουμένοις
2636 1669 3024 1741 ῥιψοκινδύνως
3066 1672 3483 1735 ἀντιτείνοντες,
3523 1674 3866 1744 πρόσφατον

2250 1761 2404 1829 ἡμῖν,
2442 1760 2535 1812 καὶ
2566 1760 2631 1811 ἵν’
2671 1758 2844 1823 οὕτως
2882 1760 3143 1829 εἴπωμεν,
3194 1760 3454 1832 ἀρτιγενῆ
3487 1758 3622 1812 Θεὸν
3662 1761 3864 1828 εἰσφέο

3996 1362 4007 1423 i

3996 1426 4009 1487 γι

563 1853 905 1907 erubescitis.
928 1851 1081 1917 Quod
1113 1851 1255 1905 enim
1286 1852 1786 1907 communicatione
1839 1864 1894 1906 ει
1928 1853 2149 1922 partici-

2257 1867 2438 1921 ροντες
2464 1850 2554 1904 τὸν
2587 1851 2715 1906 Υίὸν
2744 1852 2843 1904 οῦκ
2865 1851 3207 1921 αἰσχύνεσθε.
3238 1851 3312 1904 Τὸ
3361 1852 3470 1923 γὰρ
3503 1853 3571 1904 ὲκ
3603 1853 3863 1921 μετοχῆς

564 1944 784 2014 patione
808 1944 1045 2008 deitatis,
1071 1943 1138 1997 ad
1172 1942 1312 1996 illam
1340 1943 1740 2013 quodammodo
1772 1943 2043 2015 effingitur
2069 1955 2151 1999 at-

564 2052 673 2106 que
695 2035 985 2100 formatur,
1023 2035 1378 2090 adventitium
1397 2045 1559 2104 atque
1574 2036 1893 2105 acquisitum
1915 2037 2076 2091 habet
2097 2037 2148 2090 id

577 2129 723 2197 quod
764 2128 815 2182 ei
854 2142 948 2196 per
967 2128 1437 2196 participationem
1491 2128 1650 2183 inest.
1699 2130 1853 2196 Quod
1898 2144 2025 2184 vero
2054 2130 2152 2184 ali-

565 2218 695 2287 quid
729 2218 965 2287 ac'cepit,
999 2231 1221 2271 necesse
1239 2226 1319 2270 est
1349 2217 1526 2282 fateri,
1553 2233 1619 2270 ex
1650 2232 1717 2272 eo
1739 2218 1879 2287 quod
1906 2219 1973 2273 ab
1999 2220 2150 2273 initio

568 2325 673 2363 non
701 2309 771 2362 ita
804 2316 943 2373 erat,
976 2308 1042 2361 ad
1071 2307 1215 2361 aliud
1252 2307 1527 2373 quidpiam
1556 2306 1862 2362 transferri.
1896 2306 2013 2363 Hoc
2045 2323 2146 2362 au-

566 2411 675 2455 tem
708 2400 963 2456 accidens
986 2407 1089 2455 est.
1123 2398 1480 2469 Atqnomodo
1510 2413 1615 2452 non
1647 2400 1716 2453 sit
1743 2399 1955 2454 facilius
1984 2400 2148 2453 amit-

567 2502 681 2547 tere
710 2492 759 2545 id
788 2492 930 2561 quod
958 2491 1082 2561 quis
1132 2490 1383 2559 accepit?
1412 2489 1543 2543 Nam
1585 2493 1729 2558 quod
1788 2492 1975 2545 (latum
2038 2501 2146 2556 est,

565 2584 730 2638 adimi
764 2583 928 2637 etiam
962 2592 1138 2653 potest
1166 2600 1178 2636 :
1207 2591 1263 2636 et
1290 2582 1434 2650 quod
1468 2582 1791 2651 acquisitum
1837 2592 1939 2647 est,
1975 2592 2153 2654 potest

565 2692 783 2746 quoque
816 2677 1014 2729 amitti.
1053 2675 1158 2728 Aut
1185 2674 1354 2743 igitur
1375 2674 1561 2727 dicant
1611 2673 1806 2728 Filium
1848 2691 2007 2743 posse
2051 2690 2150 2730 ex-

566 2768 749 2823 cidere
772 2784 837 2823 ex
874 2784 938 2821 eo
971 2767 1113 2836 quod
1145 2767 1216 2820 sit
1240 2765 1403 2831 Deus,
1444 2776 1496 2820 et
1525 2766 1805 2833 Dominus,
1837 2775 1892 2822 et
1938 2764 2147 2821 Filius:

565 2872 659 2914 aut
684 2860 728 2914 si
755 2861 805 2913 id
829 2860 1011 2914 dicere
1040 2866 1320 2924 verentur,
1362 2859 1653 2928 potiusque
1681 2857 1999 2913 fatebuntur
2024 2858 2151 2915 Filii

565 2952 815 3006 essentia:
840 2951 1043 3004 nullam
1079 2950 1361 3005 felicitatis
1402 2952 1841 3007 immutationem
1905 2954 2154 3008 accidere

565 3066 743 3119 posse,
772 3051 1045 3117 deponant
1072 3048 1237 3102 etiam
1273 3047 1422 3101 illam
1445 3047 1754 3118 Opinionem
1779 3048 1922 3117 quod
1943 3063 2007 3102 ex
2027 3063 2154 3117 par-

566 3142 880 3210 ticipatione
919 3140 1096 3194 Patris
1151 3140 1222 3194 sit
1276 3140 1696 3195 conformatus:
1750 3150 1806 3193 et
1850 3138 2150 3193 naturalem

566 3243 729 3303 atque
746 3232 1093 3287 essentialem
1124 3231 1545 3286 similitudinem
1572 3228 1752 3286 Verbo
1775 3230 1919 3303 quod
1961 3243 2026 3286 ex
2055 3244 2145 3286 es-

2254 3201 2486 3297 Πατέρα*
2506 3226 2904 3298 μεμορφῶσθαι
2952 3201 3212 3297 νομίζειν
3246 3201 3442 3280 αὐτόν·
3500 3201 3748 3295 φυσικὴν
3791 3225 3845 3277 δὲ

567 3325 736 3379 sentia
778 3323 957 3378 Patris
984 3323 1272 3394 processit,
1305 3323 1570 3378 tribuant.

1242 3541 1471 3598 ALIUD.

637 3681 739 3747 Qui
773 3679 1193 3750 participatione
1222 3678 1621 3735 sanctiﬁcantis
1653 3681 1744 3737 Dei
1777 3683 1846 3737 ad
1877 3682 2146 3736 sanctita-

570 3782 679 3825 tem
703 3770 875 3824 vocati
907 3781 1052 3834 sunt,
1078 3770 1373 3825 sobrietate
1413 3771 1462 3824 id
1498 3774 1642 3840 quod
1674 3771 1808 3841 ipsis
1840 3772 2025 3826 datum
2063 3782 2145 3826 est

568 3864 620 3918 in
657 3877 779 3918 sese
806 3869 1167 3928 conservant;
1207 3863 1499 3932 participes
1546 3879 1676 3918 vero
1712 3864 1847 3918 alios
1880 3865 2145 3918 sanctita-

569 3956 635 4008 tis
673 3969 793 4023 qna:
820 3954 950 4023 ipsis
982 3954 1150 4008 indita
1174 3962 1279 4019 est,
1334 3956 1554 4009 ellicere
1597 3965 1893 4026 nequeunt.
1982 3955 2149 4011 Nemo

567 4047 710 4099 enim
742 4046 1055 4098 mortalium
1084 4046 1175 4114 qui
1216 4042 1480 4112 Spiritum
1513 4061 1577 4099 ex
1604 4047 2031 4117 participatione
2053 4063 2148 4100 ace

568 4139 735 4204 cepit,
767 4135 889 4190 aliis
922 4136 1071 4189 illum
1102 4137 1450 4207 suppeditare
1499 4146 1699 4206 potest,
1761 4138 2028 4208 siquidem
2096 4146 2151 4192 et

570 4230 683 4294 ipse
707 4212 916 4297 accepit
962 4243 991 4281 a
1022 4228 1168 4293 Deo;
1211 4228 1309 4285 soli
1361 4238 1540 4283 autem
1600 4231 1703 4285 hoc
1741 4230 1994 4284 convenit
2026 4244 2151 4285 san-

568 4320 778 4374 ctitatis
812 4321 967 4387 fonti,
1010 4320 1361 4375 sanctitatem
1395 4320 1462 4375 iis
1495 4322 1691 4389 quibus
1739 4322 1971 4377 voluerit
2022 4337 2151 4377 con-

571 4413 732 4468 ferre.
759 4413 1024 4479 Quocirca
1056 4413 1233 4483 angeli
1268 4412 1429 4467 etiam
1456 4412 1707 4467 cmleSIes
1733 4414 1905 4467 saneti
1935 4414 2149 4483 quidem

530 4514 717 4581 /sunl,
747 4518 802 4557 et
830 4505 1232 4569 connnuninne,
1267 4514 1320 4557 et
1351 4504 1767 4573 participatione
1825 4507 1998 4561 sancti
2036 4506 2148 4570 Dei,

570 4598 919 4649 sanctitatem
953 4611 1080 4649 vero
1113 4594 1361 4649 conferre
1389 4596 1698 4651 hominibus
1733 4613 2007 4667 nunquam
2050 4599 2148 4653 visi

2254 4602 2313 4655 δὲ
2369 4602 2659 4666 δεδωκότες
2727 4602 3036 4673 ἀνθρώποις
3108 4605 3168 4657 ού
3236 4606 3533 4675 φανοῦνται
3596 4606 3829 4657 πώποτε.

570 4696 717 4741 sum.
754 4684 1025 4740 Similiter
1059 4695 1113 4740 et
1138 4685 1298 4756 139
1322 4685 1491 4740 Moses
1520 4687 1862 4757 septuaginta
1919 4688 2154 4742 seniori-

572 4779 674 4832 bus
710 4777 1016 4846 prmpositis
1047 4778 1116 4832 ob
1166 4778 1530 4833 inevitabilem
1591 4780 1968 4834 necessitatem
2028 4797 2149 4836 con-

2262 4786 2509 4855 μήκοντα
2543 4786 2928 4858 πρεσϐυτέρων
2961 4788 3049 4841 διὰ
3081 4790 3180 4851 τὰς
3206 4790 3616 4859 ἀπαραιτήτους
3647 4791 3830 4859 χρείας

577 4866 929 4937 gregationis,
965 4882 1067 4920 non
1098 4868 1243 4921 dedit
1266 4867 1383 4936 ipse
1410 4866 1669 4937 Spiritum
1698 4872 1826 4923 :sed
1869 4871 2009 4925 Deus
2035 4875 2154 4928 abs-

596 4959 742 5024 tulit,
792 4968 849 5012 ιιι
874 4959 1136 5028 scriptum
1160 4969 1243 5013 est
1276 4959 1341 5024 ⁸³,
1370 4963 1438 5015 ab
1467 4976 1531 5015 eo
1553 4961 1641 5028 qui
1672 4962 1723 5014 in
1750 4961 1898 5015 Mose
1929 4975 2072 5027 erat,
2104 4977 2158 5019 et

588 5050 788 5104 indidit
810 5065 932 5106 eum
965 5051 1171 5105 electis.
1202 5050 1469 5118 Quocirca
1499 5052 1588 5121 qui
1636 5068 1701 5106 ex
1743 5055 2155 5125 participatione

574 5146 751 5197 sancti
773 5151 921 5209 sunt,
946 5144 1120 5213 gratia
1139 5158 1257 5212 quae
1288 5142 1418 5211 ipsis
1449 5143 1571 5196 data
1625 5153 1710 5200 est
1760 5146 1862 5200 frui
1904 5160 2148 5217 possunt,

575 5233 695 5287 aliis
719 5235 933 5304 quidem
965 5235 1152 5306 largiri
1183 5234 1327 5287 nulla
1364 5235 1575 5290 ratione
1599 5250 1849 5306 possunt.
1883 5239 2003 5297 Filii
2064 5260 2151 5297 an-

576 5323 970 5396 tcmlongealia
994 5325 1268 5378 ratioest:
1300 5339 1424 5377 nam
1462 5326 1576 5394 ipse
1619 5337 1678 5380 ut
1706 5331 2011 5388 sanctitatis
2032 5332 2152 5388 fons

574 5416 868 5486 discipulos
902 5417 1286 5481 sanetiiicavit,
1307 5417 1490 5471 dicens
1516 5435 1529 5472 :
1561 5436 1581 5470 ‹
1610 5422 1857 5492 Accipite
1887 5423 2149 5493 Spiritum

574 5516 912 5570 sanctum“.
944 5516 1218 5587 »Ιιιίρευιιι
1275 5531 1435 5587 porro
1488 5517 1644 5571 Pater
1694 5517 1855 5569 etiam
1893 5528 2154 5586 praestare

576 5605 870 5662 invenitur.
942 5606 1044 5673 Qui
1112 5621 1243 5664 vero
1312 5610 1556 5663 eamdem
1635 5622 1761 5661 cum
1822 5606 1986 5662 Patre
2055 5610 2153 5663 lia-

652 5784 692 5813 “
719 5783 927 5841 llPetr.
966 5798 1004 5848 I,
1042 5783 1089 5837 4.
1136 5781 1249 5859 λογιι
1278 5782 1403 5839 Cor.
1431 5797 1519 5850 xv,
1553 5784 1639 5839 49.
1719 5781 1939 5840 “Num.
1977 5800 2052 5851 at,
2082 5785 2149 5840 ‘25

2276 5787 2432 5845 .lnan.
2466 5807 2553 5859 xx,
2582 5792 2672 5848 22.

2217 4969 2391 5052 “est;
2421 4972 2704 5042 ἀφῃρεῖτο,
2756 4971 2899 5025 καθά
2954 4974 3292 5043 γέγραπται,
3330 4973 3437 5026 ἀπὸ
3462 4972 3557 5026 τοῦ
3589 4973 3734 5036 δντος
3776 4974 3829 5025 ὲν

2254 1940 2350 1993 καὶ
2392 1939 2751 2011 μεταλήψεως
2790 1939 2888 2010 τῆς
2927 1942 3057 2010 περὶ
3092 1941 3151 1994 τὸ
3185 1940 3329 1993 θεῖον
3377 1941 3453 2005 ὡς
3493 1941 3634 2013 πρὸς
3683 1942 3861 1994 αὐτὸν

2251 2031 2622 2101 πεποιημένον
2659 2049 2718 2084 τε
2750 2031 2842 2084 καὶ
2903 2035 3356 2102 μεμορφωμένον,
3393 2032 3706 2102 ἐπίκτητον
3742 2032 3859 2104 εχει

2251 2124 2346 2175 καὶ
2377 2123 2745 2192 προσγεγονὸς
2796 2122 2942 2176 τοῦθ’
2980 2124 3115 2194 ὅπερ
3155 2124 3221 2177 ἂν
3264 2123 3413 2193 αὐτῷ
3447 2123 3535 2176 διὰ
3564 2124 3668 2192 τῆς
3726 2140 3861 2194 μετ-

2249 2217 2379 2286 οχῆς
2413 2214 2734 2286 ὲνυπάρξαι.
2764 2214 2835 2268 Τὸ
2874 2215 2928 2268 δέ
2958 2234 3011 2268 τι
3050 2214 3435 2285 προσειληφὸς,
3468 2216 3689 2286 ἀνάγκη
3734 2233 3858 2270 συν-

2252 2306 2558 2377 ομολογεῖν,
2591 2309 2653 2359 ὲκ
2686 2306 2781 2359 τοῦ
2824 2307 2898 2377 μὴ
2936 2307 3111 2371 οὕτως
3141 2306 3355 2377 ἔχοντος
3387 2307 3446 2371 ἐξ
3484 2308 3665 2378 ἀρχῆς
3690 2348 3706 2371 ,
3775 2311 3855 2373 είς

2252 2399 2440 2471 ἕτερόν
2495 2416 2547 2451 τι
2585 2402 2943 2472 μεταχωρεῖν.
2980 2398 3151 2452 Τοῦτο
3187 2399 3243 2453 δέ
3282 2400 3397 2452 ἑστι
3464 2400 3851 2470 συμϐεϐηκός.

2250 2490 2361 2543 Καὶ
2392 2489 2508 2553 πῶς
2540 2491 2600 2543 ού
2634 2491 2819 2561 ῥᾴδιον
2878 2489 3194 2557 ἀποϐαλεῖν,
3223 2491 3360 2561 ὅπερ
3385 2491 3449 2543 ἄν
3478 2505 3562 2553 τις
3599 2492 3854 2562 προσλά-

2252 2582 2375 2647 ϐοι;
2435 2582 2508 2635 Τὸ
2553 2582 2661 2652 γὰρ
2703 2584 2841 2646 ὅλως
2893 2584 3068 2649 δοτὺν,
3120 2582 3216 2636 καὶ
3266 2583 3589 2653 ἀφαιρετόν
3634 2586 3735 2637 καὶ
3791 2586 3851 2637 τὸ

2250 2674 2565 2746 ἐπίκτητον,
2623 2676 2776 2729 ἔσται
2814 2675 3014 2746 δηλαδὴ
3045 2676 3140 2729 καὶ
3172 2676 3496 2745 ἀπόϐλητον.
3540 2677 3612 2729 ’Ἡ
3664 2677 3851 2729 τοίνυν

2250 2765 2560 2835 λεγέτωσαν
2590 2766 2852 2822 δύνασθαι
2886 2768 3251 2837 μεταπίπτειν
3280 2768 3369 2820 τὸν
3402 2767 3531 2820 Υῖὸν
3564 2768 3631 2820 ἔκ
3657 2786 3716 2821 τε
3750 2768 3849 2822 τοῦ

2251 2852 2392 2911 εἶναι
2423 2858 2580 2923 Θεὸν,
2614 2860 2709 2911 καὶ
2744 2858 2970 2930 Κύριον,
3025 2858 3123 2911 καὶ
3166 2857 3314 2911 Υίόνο
3342 2859 3375 2929 ἢ
3410 2860 3459 2909 εί
3511 2858 3678 2910 τοῦτο
3707 2862 3861 2921 ἀποο,

2252 2950 2617 3020 ναρκήσουσιν
2655 2951 2866 3015 εἰπεῖν,
2937 2951 3357 3020 συγχωρήσουσι
3412 2948 3471 3002 δὲ
3526 2949 3737 3019 μᾶλλον
3791 2932 3859 3000 ἓν

2251 3040 2578 3111 ἀδιαπτώτῳ
2611 3042 2975 3112 μακαριότητι
3004 3040 3097 3094 τοῦ
3131 3041 3259 3094 Υίοῦ
3312 3040 3408 3112 τὴν
3456 3039 3652 3093 οὐσίαν
3688 3042 3848 3094 ἑστά-

2252 3150 2366 3197 ναι,
2392 3131 2871 3205 παραιτείσθωσαν
2900 3133 3074 3187 καὶτὸ
3105 3134 3168 3185 ὲκ
3202 3132 3433 3203 μετοχῆς
3458 3132 3558 3202 τῆς
3586 3132 3730 3203 πρὸς
3759 3131 3843 3184 τὸν

4008 2448 4009 2471 l

4008 2600 4009 2621 ί

4007 2750 4009 2773 l

4008 2902 4009 2923 ί

2258 3319 2459 3391 μᾶλλον
2478 3321 2572 3373 καὶ
2603 3320 2835 3392 οὐσιώδη
2871 3320 2971 3392 τὴν
3003 3320 3265 3391 ὁμοίωσιν
3291 3317 3738 3381 ἀποσωξὲτωσαν
3772 3316 3858 3385 τῷ¹

2255 3415 2319 3466 ὲκ
2344 3413 2441 3483 τῆς
2477 3413 2666 3477 οὐσίας
2692 3413 2783 3467 τοῦ
2821 3414 3035 3487 Πατρὸς
3073 3411 3392 3482 προελθόντι
3420 3410 3600 3481 Λόγῳ.

2957 3547 3165 3602 ΑΛΛΟ.

2326 3684 2408 3739 Τὰ
2442 3688 2505 3740 ὲκ
2537 3686 2771 3757 μετοχῆς
2790 3685 2882 3739 τοῦ
2916 3685 3162 3753 ἀγιάζειν
3182 3686 3484 3754 πεφυκότος
3516 3686 3656 3740 Θεοῦ
3707 3690 3841 3761 πρὸς

2256 3778 2525 3848 ἀγιασμὸν
2560 3778 2891 3848 κεκλημένα,
2918 3778 3081 3843 σώζει
3116 3779 3213 3849 μὲν
3247 3778 3333 3832 διὰ
3367 3779 3582 3849 νήψεως
3617 3782 3677 3833 ὲν
3714 3783 3840 3834 ea».

2254 3870 2368 3933 τοῖς
2394 3870 2455 3922 τὸ
2484 3869 2657 3933 δοθὲν,
2691 3870 2876 3941 ἕτερον
2904 3870 2964 3923 δὲ
3000 3871 3321 3941 μεταδοῦναι
3378 3871 3477 3941 τῆς
3526 3872 3839 3941 ὲντεθείσης

2255 3964 2439 4025 αὐτοῖς
2469 3963 2777 4032 ἁγιότητος,
2806 3963 2867 4015 οὐ
2897 3962 3139 4016 δύναται.
3182 3962 3371 4026 Οὐδεὶς
3395 3963 3501 4033 γὰρ
3533 3961 3838 4033 ἀνθρώπων

2257 4055 2321 4106 ἐκ
2354 4053 2593 4125 μετοχῆς
2624 4054 2685 4106 τὸ
2720 4054 2944 4124 Πνεῦμα
2974 4054 3175 4119 λαϐὼν,
3206 4056 3380 4124 ἑτέρῳ
3419 4055 3575 4107 τοῦτο
3596 4055 3838 4126 χορηγή-

2258 4162 2340 4198 σει
2365 4144 2609 4209 πώποτε,
2647 4147 2772 4199 ἐπεὶ
2814 4146 2909 4200 καὶ
2934 4146 3096 4209 αὐτὸς
3134 4147 3458 4216 κεκόμισται
3486 4148 3637 4216 παρά
3664 4146 3797 4199 Θεοῦ
3820 4165 3831 4177 ⁸

2261 4238 2399 4309 μόνῃ
2431 4236 2487 4290 δὲ
2518 4238 2837 4309 ἁρμόσειτῇ
2871 4238 2968 4307 τῆς
3009 4238 3294 4306 ἁγιότητος
3350 4241 3521 4310 πηγῇ,
3582 4242 3835 4310 χορηγεῖν

2259 4328 2318 4393 ἐξ
2346 4330 2546 4400 ἑαυτῆς
2567 4324 2649 4393 οἷς
2673 4329 2738 4383 ἂν
2765 4329 3022 4400 βούληται
3052 4330 3142 4383 τὸν
3167 4332 3457 4400 ἁγιασμόν.
3493 4330 3602 4384 Καὶ
3634 4331 3760 4399 γοῦν
3786 4336 3833 4382 ei

2260 4420 2379 4475 κατ’
2416 4420 2643 4491 οὐρανὸν
2675 4420 2827 4483 ὄντες
2859 4421 3101 4489 ἄγγελοι,
3136 4422 3281 4489 ἆγιοι
3328 4423 3428 4492 μέν
3453 4422 3589 4475 εἰσιν
3620 4425 3686 4475 ἐκ
3710 4441 3833 4493 μετ-

2259 4512 2391 4583 οχῆς
2427 4514 2521 4566 καὶ
2547 4513 2904 4584 μεταλήψεως
2941 4514 3039 4585 τῆς
3074 4514 3169 4567 τοῦ
3202 4516 3361 4584 ἁγίου
3393 4515 3547 4569 Θεοῦ·
3576 4517 3833 4585 ἀγιότητα

2269 4694 2505 4763 ὐμοίως
2539 4694 2634 4748 καὶ
2661 4694 2689 4746 ό
2739 4693 3006 4766 μακάριος
3029 4697 3234 4767 Μωσῆς
3256 4696 3669 4769 προϐληθέντων
3700 4698 3833 4749 ἑϐδο-

2258 4877 2356 4945 τῆς
2388 4879 2731 4948 συναγωγῆς,
2766 4880 2867 4932 οὐκ
2914 4880 3079 4943 αὐτὸς
3107 4880 3278 4933 ἐδίδου
3322 4881 3381 4932 τὸ
3430 4880 3671 4950 Πνεῦμα,
3702 4880 3831 4932 ἀλλά

2251 5051 2429 5131 ξαύτῷ,
2467 5064 2560 5115 καὶ
2611 5064 2838 5118 ἐνετίθει
2873 5067 2983 5128 τοῖς
3030 5064 3592 5137 προκεχειρισμένοις.
3629 5064 3829 5119 Οὐκοῦν

2256 5156 2369 5218 τοῖς
2410 5157 2474 5207 ἐκ
2515 5157 2748 5228 μετοχῆς
2803 5158 3001 5225 ἁγίοις,
3055 5161 3242 5229 φορεῖν
3294 5159 3395 5229 μὲν
3422 5157 3601 5225 ἔξεστι
3623 5157 3717 5229 τὴν
3749 5158 3829 5211 δο-

2258 5246 2441 5299 θεῖσαν
2468 5248 2575 5300 ἀπὸ
2596 5248 2731 5302 Θεοῦ
2767 5252 2946 5320 χάριν*
2973 5252 3174 5304 διδόναι
3211 5251 3268 5303 δὲ
3295 5250 3527 5321 ἑτέροις,
3567 5250 3824 5320 οὐδαμῶς.

2267 5336 2328 5389 '0
2365 5337 2422 5391 δὲ
2454 5339 2602 5403 Υἱὸς,
2631 5340 2729 5411 οὐχ
2753 5340 2947 5405 οῦτωςσ
2981 5342 3057 5404 ὡς
3087 5340 3195 5412 γόέσ
3236 5340 3522 5411 ἁγιότητος
3580 5340 3827 5411 ὑπάρχων

2259 5428 2409 5499 πηγὴ
2442 5430 2565 5492 τοὺς
2595 5431 2845 5501 μαθητὰς
2867 5431 3104 5498 ἁγιάζει,
3125 5432 3314 5498 λέγων·
3343 5450 3359 5481 ι
3390 5430 3601 5484 Λάϐετε.
3620 5429 3827 5499 Πνεῦμα

2258 5519 2434 5585 ἅγιον.
2473 5539 2489 5569 ι
2537 5521 2708 5574 Τοῦτο
2739 5523 2793 5575 δὲ
2857 5524 3027 5576 ποιῶν
3085 5522 3179 5576 καῖ¹
3209 5524 3236 5574 ό
3273 5522 3457 5593 Πατὴρ
3510 5522 3766 5590 φαίνεταν
3800 5526 3825 5575 ὁ

2256 5609 2311 5662 δὲ
2348 5612 2443 5678 τὴν
2476 5613 2595 5684 ἴσην
2624 5615 2765 5685 ἔχων
2823 5615 2899 5685 τῷ
2955 5618 3128 5687 Πατρὶ
3183 5614 3322 5668 κατά
3348 5615 3446 5685 τὴν
3477 5613 3570 5668 τοῦ
3598 5614 3824 5683 ἁγιάζων
