4072 6568
242 399 350 456 ἳῧὸ

1647 395 2091 456 THESAURUS.

3380 394 3488 455 ΞΜ

242 507 491 575 ἐξουσίαν
519 526 580 563 τε
611 511 706 565 καὶ
733 510 984 584 δύναμιν,
1014 513 1129 578 πῶς
1158 513 1257 567 οὐκ
1293 511 1551 585 ἁλτιθινὴν
1585 513 1698 583 ἔχει
1721 512 1809 583 τὴν

1926 512 2014 565 bet
2047 508 2420 566 sanctiﬁcandl
2445 517 2764 581 potestatem
2784 550 2798 575 ,
2827 525 2930 582 quo
2962 519 3118 582 pacto
3165 524 3269 567 non
3304 524 3490 567 veram

242 600 382 671 πρὸς
406 598 566 654 αὑτὸν
592 601 913 671 ὁμοιότητας

708 808 1074 895 ΛΟΓΟΣ
1147 798 1274 895 ΙΔ’
1299 872 1320 895 .

246 982 378 1055 Ἔτι,
399 983 529 1053 περὶ
550 986 913 1055 ὁμοιοτητος,
937 986 1325 1055 προκειμένου
1336 984 1541 1055 ρηζοῦο
1555 984 1814 1055 (Ὥσπερ

319 1054 435 1125 rep.
462 1056 528 1125 ,d_
553 1053 756 1125 Παξὴρ
804 1054 957 1125 ζωὴν
980 1053 1112 1125 *ἔχει
1139 1053 1241 1108 ἢέν
1271 1053 1504 1125 ἑαντῷν,
1524 1054 1690 1125 οὕτω,
1714 1053 1813 1125 θιρέ

308 1121 389 1186 τῷ
427 1121 541 1203 Υιῤ
577 1121 799 1203 δέδωκε
846 1121 1308 1203 (adp-118th“
1330 1122 1541 1202 ἐαιζτῷ.
1579 1142 1602 1203 ξ
1632 1122 1814 1203 Τὸνδᾴ

308 1192 727 1262 συναγόμενον
769 1193 839 1248 ἐκ
887 1188 1007 1246 τῶν
1070 1188 1520 1262 ἅυλλογισμῶν,
1569 1191 1657 1244 ὅτι
1698 1188 1811 1262 ζωὴ

307 1260 457 1330 κατὰ
484 1263 675 1329 φύσιν
706 1262 880 1317 ἐστὶν
906 1266 938 1316 ό
972 1261 1125 1329 Υίὸς,
1147 1260 1349 1330 ὥσπερ
1376 1260 1477 1315 καί
1515 1264 1548 1316 ὀ
1569 1260 1773 1328 Πατὴρ
1794 1298 1809 1324 ,

305 1329 406 1384 καὶ
433 1330 531 1383 διὰ
557 1331 735 1386 τοῦτο
756 1331 980 1401 ὅμοιος.

484 1442 780 1508 Πρότασις
816 1442 897 1507 ὡς
941 1443 1011 1496 ἐκ
1050 1442 1169 1496 τῶν
1223 1437 1546 1511 Ἆρειανῶν.

308 1547 420 1602 Καὶ
455 1547 573 1610 πῶς
611 1548 676 1602 ἂν
712 1548 946 1617 δύναιτο,
1002 1552 1154 1620 φασὶ,
1201 1552 1319 1604 κατ’
1379 1550 1568 1604 οὐσίαν
1626 1551 1812 1621 ὅμοιος

238 1655 380 1693 ε.ναι
410 1640 489 1711 τῷ
518 1642 691 1710 Πατρὶ
726 1642 755 1694 ὁ
784 1641 945 1709 Υίός;
973 1642 1043 1695 ’Ἡ
1066 1641 1184 1705 πῶς
1211 1643 1311 1696 οὐκ
1356 1641 1507 1695 ἔσται
1554 1640 1672 1713 μετ’
1708 1643 1809 1695 αὐ-

238 1730 331 1783 τὸν
355 1734 384 1783 ὁ
409 1730 467 1795 ἐξ
500 1731 663 1784 αὑτοῦ
686 1730 972 1801 δεχόμενος
998 1750 1072 1797 τι,
1091 1732 1234 1786 καθά
1260 1749 1422 1803 φησιν
1447 1731 1629 1795 αὐτός·
1650 1732 1812 1784 «Ὥσ-

1916 619 2037 658 cum
2062 605 2179 675 ipso
2204 602 2615 668 similitudinem
2642 606 2847 661 habere
2862 603 3209 663 censebitur?

2232 822 2500 911 ASSE
2522 820 2811 913 RTIO
2888 822 3157 913 XIV.

1914 990 1993 1046 De
2022 992 2363 1047 similitudine
2379 990 2555 1045 Patris
2581 998 2631 1044 et
2657 984 2814 1053 Filii,
2833 991 3099 1058 proposito
3119 991 3259 1044 dicto
3280 1005 3298 1045 :
3324 984 3489 1058 (Sic-

1986 1072 2040 1114 ut
2078 1063 2216 1114 enim
2264 1058 2425 1114 Pater
2452 1061 2614 1114 vitam
2648 1060 2796 1113 habet
2824 1059 2878 1113 in
2910 1057 3102 1128 seipse,
3136 1061 3214 1113 ita
3250 1066 3302 1112 et
3340 1057 3488 1111 Filio

1984 1130 2128 1182 dedit
2159 1131 2315 1183 vitam
2336 1130 2526 1183 habere
2546 1130 2601 1182 in
2638 1131 2808 1196 seipse
2842 1129 2909 1181 ".
2946 1149 2964 1180 ο
3030 1128 3268 1196 Ιιιιενικν
3313 1138 3488 1180 autem

1983 1198 2411 1279 exuyllogi'smis,
2440 1198 2579 1266 quod
2610 1200 2716 1252 vita
2771 1198 3070 1279 secundum.
3106 1211 3352 1279 naturam
3412 1205 3487 1248 ut

1986 1265 2165 1321 Ftltus
2228 1275 2366 1321 sicut
2394 1277 2441 1322 et
2464 1262 2652 1333 Pater,
2678 1277 2833 1336 atque
2855 1266 2916 1320 ob
2946 1267 3000 1319 td
3026 1267 3234 1320 stmtlts.

2446 1439 2677 1510 Objectio
2693 1438 3029 1492 Arianorum.

1986 1553 2056 1608 At
2078 1552 2367 1622 quomodo,
2396 1552 2667 1621 inquiunt,
2690 1551 2863 1620 possit
2892 1545 3061 1605 Filius
3116 1547 3308 1604 similis
3364 1561 3487 1607 esse

1916 1643 2064 1700 Patri
2097 1646 2396 1701 secundum
2426 1641 2758 1701 essentiam?
2782 1643 2888 1697 Aut
2908 1643 3176 1712 quomodo
3227 1656 3332 1697 non
3381 1641 3489 1697 erit

1915 1734 2186 1805 posterior
2218 1734 2311 1790 illo
2346 1733 2395 1789 is
2417 1733 2510 1803 qui
2542 1747 2608 1789 ex
2643 1733 2759 1803 ipso
2795 1732 2998 1801 aliquid
3025 1731 3257 1802 accepit,
3291 1745 3485 1802 quem-

238 1839 345 1892 περ
368 1823 476 1894 γὰρ
503 1824 530 1876 ὁ
569 1822 752 1897 Πατὴρ
789 1822 901 1893 ἔχει
935 1823 1080 1895 ζωὴν
1108 1825 1167 1877 ὲν
1193 1823 1391 1895 ἑαυτῷ,
1421 1824 1565 1878 οὕτω
1601 1825 1697 1879 καὶ
1734 1824 1809 1896 τῷ

1916 1824 2205 1880 admodum
2253 1824 2368 1895 ipse
2418 1823 2595 1894 inquit
2630 1837 2647 1877 :
2692 1822 2889 1879 «Sicut
2937 1822 3082 1877 enim
3124 1821 3289 1877 Pater
3325 1821 3489 1877 habet

238 1911 352 1984 Υίῷ
375 1912 574 1967 δέδωκε
602 1913 744 1985 ζωὴν
770 1912 912 1984 ἔχειν
931 1916 988 1967 ὲν
1010 1914 1184 1969 ἑαυτῶ
1212 1934 1227 1981 ;
1263 1934 1281 1966 ι

725 2112 882 2180 Πρὸς
913 2109 1087 2167 τοῦτο
1120 2113 1321 2179 λύσις.

305 2223 493 2290 Οὐδὲν,
524 2217 569 2277 ὦ
608 2222 893 2295 βέλτιστοι,
932 2226 1032 2297 τὴν
1080 2226 1267 2278 οὐσίαν
1296 2225 1542 2295 ἀδικήσει
1573 2225 1666 2281 τοῦ
1709 2228 1813 2282 Λόο

235 2325 354 2376 γου,
386 2312 447 2364 τδ
466 2312 713 2382 δέχεσθαί
741 2331 793 2366 τι
823 2314 975 2383 παρὰ
998 2314 1094 2368 τοῦ
1138 2317 1370 2387 Πατρός.
1397 2316 1473 2370 Οὐ
1509 2317 1620 2388 γάρ
1646 2319 1704 2371 ὲν
1730 2317 1809 2387 τῷ

236 2400 490 2471 δέχεσθαι
513 2403 575 2455 τὸ
594 2398 734 2455 εἶναι
760 2403 896 2472 εχει,
928 2404 1065 2458 ἀλλὰ
1097 2404 1173 2458 ὢν
1202 2407 1298 2458 καὶ
1327 2406 1588 2478 ὑπάρχων
1622 2408 1812 2478 πρότε-

242 2508 354 2561 ρον,
388 2491 605 2560 δέχεταί
636 2510 709 2546 τι.
758 2495 870 2547 Καὶ
903 2493 1038 2547 καθὸ
1076 2496 1141 2548 ὲκ
1190 2496 1405 2565 Πατρὸς
1438 2498 1683 2564 φυσικῶς
1717 2514 1811 2564 γε-

238 2580 588 2650 γεννημένος,
639 2582 903 2651 ἐπάγεται
952 2584 1130 2637 πάντα
1183 2584 1253 2639 τὰ
1302 2586 1408 2640 ῐδια
1453 2586 1546 2640 τοῦ
1578 2588 1809 2657 Πατρός.

238 2668 451 2740 ’Ὠσπερ
481 2670 548 2724 ἂν
575 2674 624 2725 εί
646 2672 739 2725 καὶ
769 2673 830 2726 τὸ
864 2673 977 2742 φῶς
1000 2674 1059 2739 ἐξ
1086 2674 1234 2745 ἡλίου
1262 2675 1540 2746 προελθὸν,
1566 2675 1811 2745 δέχεσθαί

233 2774 289 2812 τι
319 2759 529 2828 λέγοιτο
587 2763 714 2834 παρ’
747 2763 937 2831 αὐτοῦ,
976 2766 1274 2836 ἐπειδήπερ
1307 2766 1415 2820 πᾶν
1467 2767 1606 2836 ὅπερ
1665 2766 1811 2819 ἐστὶν

235 2851 297 2902 ὲν
323 2852 492 2921 αὐτῷ,
528 2852 687 2906 τοῦτο
718 2853 966 2921 φαίνεται
1009 2855 1103 2907 τοῦ
1133 2856 1384 2920 τεκόντος
1420 2856 1597 2925 ἡλίου,
1626 2857 1719 2910 καὶ
1748 2854 1809 2909 οὐ

234 2939 427 3011 δήπου
454 2941 544 2995 τὸν
574 2943 723 3013 ἥλιον
756 2944 862 3015 πρὸ
900 2944 994 2998 τοῦ
1034 2946 1467 3017 άπαυγάσματος
1502 2941 1639 3001 εἶναι
1679 2962 1810 3000 κατ-

237 3035 559 3103 αναγκάσει,
575 3033 635 3088 τὸ
663 3037 762 3108 τὴν
781 3035 841 3101 te
865 3037 1028 3090 αὑτοῦ
1061 3036 1355 3107 προϊοῦσαν
1386 3037 1656 3108 ἔκλαμψιν
1671 3039 1808 3107 ἀμε-

1916 1917 2078 1970 vitam
2102 1916 2154 1970 in
2179 1914 2378 1986 seipse,
2411 1915 2485 1971 ita
2525 1924 2580 1970 et
2608 1913 2748 1969 Filio
2776 1913 2925 1969 dedit
2968 1914 3170 1969 habere
3216 1911 3384 1967 vitam
3429 1911 3483 1966 in

1912 2007 2121 2079 seipso?
2148 2024 2168 2059 ι

2433 2117 2643 2175 Salutio
2662 2117 2988 2186 objectionis.

1980 2234 2149 2304 Nihil,
2175 2250 2208 2290 o
2230 2233 2357 2290 boni
2391 2231 2516 2297 viri,
2533 2230 2681 2287 laedit
2699 2230 2992 2287 essentiam
3017 2227 3198 2295 Verbi,
3219 2226 3422 2300 aliquid
3450 2243 3482 2286 a

1913 2327 2073 2381 Patre
2101 2321 2557 2395 accipere.Neque
2582 2321 2725 2377 enim
2757 2321 2810 2376 in
2840 2320 3159 2390 accipiendo
3181 2335 3303 2377 esse
3322 2336 3481 2377 suum

1912 2415 2097 2478 habet,
2129 2413 2222 2468 sed
2248 2427 2373 2467 cum
2405 2411 2556 2480 prius
2577 2419 2721 2465 esset
2759 2419 2920 2479 atque
2947 2409 3288 2477 subsisteret,
3304 2411 3482 2466 suscio

1911 2506 1991 2575 pit
2016 2503 2240 2573 aliquid.
2272 2503 2450 2571 Atque
2472 2514 2536 2556 ea
2565 2501 2679 2569 ipsa
2717 2501 2925 2555 ratione
2955 2514 3060 2568 qua
3089 2514 3157 2554 ex
3199 2499 3362 2554 Patre
3385 2515 3481 2554 na-

1916 2593 2164 2648 turaliter
2193 2591 2407 2661 genitus
2438 2599 2543 2657 est,
2569 2590 2729 2645 simul
2765 2590 2928 2644 etiam
2960 2591 3122 2644 habet
3139 2590 3326 2644 omnia
3356 2604 3481 2661 quae

1912 2683 2058 2738 Patri
2101 2682 2313 2751 propria
2344 2689 2490 2736 sunt.
2527 2680 2991 2747 Quemadmodum
3047 2680 3261 2735 tametsi
3299 2679 3479 2734 lumen

1911 2790 1982 2829 ex
2008 2774 2120 2830 sole
2162 2772 2463 2843 procedens
2493 2771 2700 2841 aliquid
2736 2769 2804 2823 ab
2828 2770 2944 2839 ipso
2975 2770 3222 2840 accipere
3245 2770 3477 2832 dicatur.

1912 2864 2177 2935 siquidem
2205 2861 2466 2932 quidquid
2492 2861 2547 2916 in
2580 2860 2699 2929 ipso
2723 2869 2829 2924 est,
2854 2859 3086 2928 idipsum
3114 2867 3338 2929 apparet
3360 2872 3482 2914 esse

1910 2955 2181 3026 gignentis
2216 2955 2367 3018 solis,
2399 2967 2579 3022 neque
2602 2961 2757 3021 coget
2787 2963 2843 3004 ut
2869 2951 3096 3006 solante
3140 2951 3479 3019 splendorem

1908 3049 2156 3110 exsistat,
2177 3048 2301 3115 quia
2336 3047 2593 3115 splendor
2614 3046 2705 3114 qui
2737 3059 2801 3099 ex
2826 3047 2941 3113 ipso
2973 3044 3237 3113 procedit,
3266 3044 3482 3114 insepa-

242 3128 439 3197 ρὶστως
469 3128 657 3201 ὥσπερ
686 3128 743 3195 ὲξ
762 3128 926 3182 αὑτοῦ
958 3128 1348 3200 προελθοῦσαν,
1373 3130 1441 3183 τὰ
1470 3129 1616 3200 αὐτῷ
1640 3146 1804 3200 προσ-

1912 3140 2150 3193 rahiliter
2191 3137 2349 3209 150
2369 3152 2433 3189 ex
2464 3137 2580 3205 ipso
2608 3135 2926 3205 procedens.
2960 3148 3021 3186 ea
3038 3148 3156 3201 qua
3176 3132 3275 3187 soli
3299 3132 3482 3186 insunt

235 3216 367 3271 οντα
398 3220 584 3289 φορεῖν
618 3216 885 3287 φυσικῶς.
912 3216 1121 3271 Οὐκοῦν
1147 3218 1208 3271 οὐ
1236 3218 1297 3271 τὸ
1343 3217 1530 3272 λαϐεῖν
1581 3237 1632 3273 τι
1658 3221 1808 3291 παρὰ

236 3304 330 3357 τοῦ
364 3305 576 3376 Πατρὸς
621 3305 922 3374 ἀναγκάσει
979 3306 1199 3367 πάντως
1253 3305 1504 3377 δεύτερον
1554 3302 1690 3360 εἶναι
1736 3306 1814 3377 τῷ

237 3397 414 3467 χρόνῳ
442 3397 535 3451 τὸν
554 3397 703 3454 Υίὸν.
738 3397 829 3469 Τῷ
859 3398 966 3469 γὰρ
989 3397 1103 3451 ὄντι
1132 3399 1226 3454 καὶ
1247 3400 1519 3469 ὑφεστῶτι
1545 3399 1704 3456 δώσει
1736 3416 1809 3466 τι,

236 3487 297 3539 οὐ
327 3486 404 3559 τῷ
444 3488 519 3559 μὴ
537 3489 651 3542 ὄντι
688 3490 783 3543 καὶ
816 3491 891 3561 μή
920 3508 1007 3543 πω
1036 3490 1329 3562 γενομένῳ.

908 3684 1109 3737 ΔΛΛΟ.

308 3795 371 3847 Ei
399 3795 456 3847 ὲν
481 3794 558 3865 τῷ
585 3794 835 3865 δέχεσθαί
857 3813 912 3849 τι
933 3796 994 3849 τὸ
1021 3791 1160 3850 εἶναι
1186 3799 1299 3859 τοῖς
1322 3790 1470 3851 οὖσιν
1492 3797 1807 3868 ὁριούμεθα,

238 3886 333 3939 καὶ
350 3885 509 3955 ἀρκεῖ
533 3885 691 3938 τοῦτο
715 3886 852 3957 πρὸς
875 3886 1106 3958 δήλωσιν
1129 3887 1315 3951 οὐσίας
1338 3888 1481 3942 κατά
1505 3906 1648 3950 τινος
1676 3906 1798 3942 κατ·

240 3975 632 4047 ηγορούμενον,
658 3977 710 4029 τί
757 3976 954 4030 κωλύει
992 3978 1087 4031 καὶ
1135 3978 1554 4051 δυσφημοῦντας
1602 3981 1808 4045 εἰπεῖν,

235 4066 355 4119 τότε
382 4066 473 4120 τοῦ
503 4063 641 4122 εἶναι
672 4069 771 4140 τὴν
802 4069 977 4141 ἀρχὴν
1025 4069 1170 4142 ἔχειν
1195 4071 1287 4125 τὸν
1342 4072 1578 4143 Πατέρα,
1609 4073 1697 4126 ὅτε
1728 4072 1812 4124 δὲ-

234 4158 428 4229 χεσθαί
453 4177 506 4212 τι
528 4160 742 4229 λέγεται
777 4162 908 4233 παρ’
929 4163 1119 4233 ἡμῶν,
1152 4163 1369 4229 Ἔξεστι
1391 4164 1499 4236 γὰρ
1532 4166 1808 4235 ἐπακροᾶ-

235 4250 363 4303 σθαι
391 4249 486 4303 τοῦ
522 4251 824 4322 Ψαλμῳδοῦ
851 4252 1120 4322 λέγοντος·
1147 4272 1165 4305 t
1187 4254 1315 4307 Δότε
1339 4254 1494 4320 δόξαν
1519 4254 1598 4324 τῷ
1619 4253 1756 4323 Θεῷ.
1784 4273 1801 4305 ι

233 4342 301 4395 Εἰ
329 4342 505 4396 τοίνυν
553 4343 653 4396 οὐκ
707 4346 766 4397 ὲν
792 4343 871 4414 τῷ
909 4344 1158 4415 δέχεσθαι
1188 4346 1316 4415 παρ’
1350 4346 1496 4416 ἡμᾶς
1523 4344 1621 4416 τὴν
1650 4346 1807 4410 δόξαν

234 4434 349 4503 ἔχει
376 4435 438 4487 τὸ
467 4429 606 4488 εἶναι
656 4435 685 4487 ὁ
739 4434 930 4505 Πατὴρ
970 4434 1080 4505 (ὣν
1131 4436 1240 4503 γάρ
1294 4435 1389 4488 καὶ
1436 4435 1694 4506 ὑπάρχων
1731 4434 1805 4496 ὡς
1838 4469 1881 4523 D

234 4524 370 4595 παρ’
402 4524 627 4577 οἰκετῶν
655 4522 753 4596 τὴν
793 4523 1099 4593 δοξολογίαν
1140 4524 1490 4597 κομίζεται),
1525 4526 1624 4578 οὐκ
1655 4525 1807 4579 ἕσται

232 4614 396 4668 τοῦτο
419 4615 515 4668 τοῦ
544 4615 675 4669 Υίοῦ
713 4615 775 4668 τὸ
801 4612 962 4679 εἶναι,
1009 4617 1066 4669 ὲν
1095 4616 1172 4686 τῷ
1217 4614 1401 4670 λαθεῖν
1433 4631 1486 4670 τι
1535 4616 1684 4686 παρὰ
1714 4613 1809 4669 τοῦ

232 4705 469 4775 Πατρός.
509 4706 603 4761 Ὧν
638 4706 747 4778 γὰρ
775 4708 869 4761 καὶ
900 4706 1162 4778 ὑπάρχων
1208 4707 1461 4780 ἀνάρχως
1496 4708 1591 4761 καὶ
1618 4707 1806 4770 ἁῖδίως

234 4795 297 4861 ἐξ
319 4797 482 4851 αὐτοῦ
521 4797 817 4869 προελθὼν,
846 4797 1144 4868 λαμϐάνειν
1181 4798 1395 4866 λέγεται
1426 4800 1495 4852 τὰ
1540 4800 1809 4871 προσόντα

233 4887 386 4960 αὐτῷ
410 4890 674 4958 φυσικῶς·
704 4890 894 4959 ὥσπερ
912 4889 980 4944 ἂν
1009 4890 1059 4942 εἰ
1085 4889 1179 4943 καὶ
1207 4890 1268 4955 ἐξ
1294 4888 1577 4961 ἀνθρώπω
1607 4891 1805 4961 προελ-

235 4979 345 5033 θὼν
370 4980 505 5045 υίὸς,
531 4981 710 5035 πάντα
732 4980 973 5050 φαίνοιτο
992 4980 1173 5049 φορῶν
1202 4979 1273 5033 τὰ
1290 4980 1382 5034 τοῦ
1399 4982 1804 5050 γεγεννηκότος,

238 5070 381 5139 μετὰ
411 5071 629 5125 πάντων
649 5069 759 5124 τῶν
791 5069 977 5133 αὐτοῦ,
998 5069 1058 5135 ἐξ
1085 5069 1248 5124 αὺτοῦ
1279 5070 1449 5124 καὶτὸ
1476 5066 1613 5124 εἶναι
1644 5071 1798 5141 ἔχων.

247 5159 619 5230 ’Υπερκείσθω
641 5158 699 5213 δὲ
729 5159 889 5215 πάλιν
928 5162 962 5231 ἡ
997 5160 1116 5215 θεία
1151 5162 1244 5215 καὶ
1263 5160 1497 5233 άρῤητος
1530 5161 1799 5233 γέννησις,

233 5250 331 5320 τὴν
351 5251 444 5303 τοῦ
470 5250 855 5317 παροισθὲντος
914 5252 1048 5323 ἡμῖν
1091 5251 1483 5322 ὑποδείγματος
1539 5252 1800 5322 δύναμιν,

233 5342 329 5396 καὶ
359 5341 582 5396 νοείσθω
612 5342 674 5396 τὸ
699 5343 931 5413 πρᾶγμα
954 5342 1292 5416 θεοπρεπῶς.

457 5455 773 5521 Ἀντιθεσις
799 5454 880 5521 ὡς
905 5455 973 5508 ἐκ
1003 5455 1124 5508 τῶν
1155 5452 1588 5524 χριστομάχων.

307 5564 431 5619 Ὀτι
466 5566 582 5635 μὲν,
612 5566 766 5635 φασὶ,
798 5570 910 5629 τοῖς
938 5563 1087 5620 οὖσιν
1126 5566 1227 5637 ήδη
1258 5569 1351 5619 καὶ
1400 5565 1761 5639 ὑνρεστηκόσιν
1786 5603 1803 5632 ,

308 5742 525 5799 "Joan.
552 5759 606 5806 ν,
644 5744 734 5798 26.
811 5744 856 5774 ⁸⁸
878 5742 1021 5797 Psal.
1060 5760 1227 5808 vau,
1268 5745 1357 5799 '55.

481 5836 749 5896 PATROL.
801 5835 916 5896 Gn.
959 5834 1190 5895 LXXV.

1916 3227 2239 3281 naturaliter
2265 3227 2448 3279 habet.
2489 3222 2603 3277 Non
2629 3220 2795 3289 igitur
2825 3219 2951 3288 quia
2989 3215 3155 3271 Filius
3201 3215 3406 3284 aliquid
3450 3233 3478 3267 ιι

1913 3316 2078 3371 Patre
2115 3316 2330 3384 accipit,
2352 3312 2719 3368 necessarium
2761 3310 2985 3364 omnino
3016 3317 3102 3362 est
3128 3307 3480 3376 posteriorem

1914 3408 2063 3462 illum
2098 3415 2338 3475 tempore
2364 3417 2508 3458 esse.
2542 3402 2643 3456 Dat
2675 3400 2820 3456 enim
2856 3397 3061 3467 aliquid
3082 3397 3131 3451 ei
3175 3397 3263 3467 qui
3294 3405 3380 3450 est
3394 3406 3479 3449 ato

1914 3512 2018 3568 que
2047 3496 2315 3561 subsistit,
2351 3509 2459 3550 non
2483 3494 2532 3549 ei
2563 3492 2656 3564 qui
2702 3504 2808 3546 non
2838 3490 3075 3554 exsistit,
3105 3502 3277 3558 neque
3301 3487 3480 3542 adhuc

1914 3588 2084 3643 factus
2113 3596 2217 3643 est.

2583 3690 2813 3747 ALIUD.

1979 3810 2144 3867 Si'ea‘
2166 3822 2286 3876 qua:
2330 3804 2618 3871 exsistunt,
2668 3804 2791 3859 inde
2847 3803 3129 3857 definimus
3187 3802 3328 3871 quod
3376 3799 3477 3857 aii-

1915 3900 2040 3969 quid
2070 3898 2364 3969 accipiant,
2396 3893 2703 3963 suﬁicitque
2751 3894 2815 3947 ad
2867 3892 3319 3963 signiﬁcationem
3352 3893 3477 3948 sub.

1913 3989 2125 4045 stantia:
2154 3988 2198 4042 si
2227 3987 2277 4041 id
2312 3985 2378 4039 de
2428 3985 2611 4053 aliquo
2641 3980 2993 4053 praedicetur:
3022 3981 3149 4051 quid
3210 3981 3477 4037 obstiterit

1910 4078 2201 4151 quominus
2252 4075 2499 4130 dicamus
2534 4073 2750 4128 Patrem
2806 4082 2917 4125 tum
2962 4071 3291 4128 exsistentiae
3359 4087 3472 4127 sum

1912 4170 2229 4240 principium
2260 4165 2542 4226 habuisse.
2577 4164 2795 4233 quando
2818 4161 3019 4231 aliquid
3044 4177 3073 4215 a
3108 4161 3262 4218 nobis
3304 4163 3477 4218 susci-

1911 4277 2036 4332 pere
2063 4260 2296 4316 dicitur?
2324 4257 2475 4313 Licet
2500 4255 2644 4310 enim
2679 4253 2867 4308 audire
2914 4251 3253 4307 Psalmistam
3292 4252 3477 4307 dicen-

1910 4363 2017 4409 tem
2048 4369 2061 4406 :
2092 4369 2112 4405 ι
2156 4351 2290 4406 Date
2326 4347 2552 4417 gloriam
2584 4345 2694 4399 Deo
2715 4344 2785 4400 “.
2821 4362 2841 4396 ι
2881 4340 2936 4396 Si
2973 4343 3134 4412 igitur
3160 4339 3324 4396 Pater
3354 4358 3476 4398 esse

1911 4442 2106 4497 dicitur
2135 4441 2280 4511 (nam
2300 4439 2355 4494 in
2387 4451 2484 4492 sua
2539 4434 2772 4490 essentia
2810 4432 3109 4487 subsistens
3138 4441 3391 4500 tanquam
3443 4447 3471 4485 a

1912 4534 2087 4594 servis
2108 4532 2332 4602 gloriam
2364 4528 2607 4597 accipit),
2658 4533 2808 4580 certe
2864 4523 2981 4578 Filii
3016 4522 3250 4578 essentia
3298 4522 3353 4578 in
3409 4539 3475 4578 eo

1912 4642 2018 4683 non
2056 4622 2339 4685 consistet,
2365 4618 2507 4689 quod
2541 4616 2745 4685 aliquid
2778 4630 2808 4668 a
2840 4612 2998 4669 Patre
3033 4615 3287 4683 accipiat.
3338 4613 3474 4669 Cum

1912 4718 2057 4774 enim
2099 4714 2171 4769 sit
2196 4722 2360 4781 atque
2383 4708 2644 4765 subsistat
2661 4708 2863 4777 absque
2889 4705 3170 4777 principio,
3195 4708 3263 4760 ab
3274 4716 3478 4761 sterno

1915 4824 1983 4863 ex
2007 4809 2122 4878 ipso
2142 4802 2444 4874 procedens
2469 4799 2672 4854 dicitur
2700 4799 2947 4867 accipere
2984 4811 3104 4866 qua:
3156 4790 3476 4851 naturaliter

1912 4897 1960 4951 ei
2000 4896 2215 4958 insunt;
2244 4887 2697 4961 quemadmodum
2735 4894 2789 4942 et
2826 4900 2891 4941 ex
2929 4886 3147 4940 homine
3176 4884 3476 4955 procedens

1913 4986 2054 5041 ﬁlius
2101 4982 2283 5038 omnia
2311 4981 2510 5035 habere
2531 4979 2746 5034 videtur
2764 4992 2885 5047 qua:
2908 4976 3075 5045 patris
3092 4974 3172 5029 sui
3206 4981 3352 5036 sunt,
3367 4986 3472 5026 una

1910 5089 2033 5131 eum
2056 5071 2331 5137 omnibus,
2361 5085 2484 5141 quae
2526 5069 2670 5124 illius
2701 5076 2847 5132 sunt,
2897 5066 3059 5121 etiam
3102 5077 3219 5118 esse
3245 5077 3311 5121 ex
3355 5062 3474 5132 ipso

1909 5166 2135 5221 habens.
2160 5163 2427 5219 Caeterum
2458 5161 2640 5214 divina
2672 5168 2837 5227 atque
2886 5153 3170 5210 inell‘abiiis
3197 5153 3475 5225 generatio

1908 5255 2138 5324 exempli
2159 5271 2188 5307 a
2217 5253 2373 5308 nobis
2396 5251 2541 5305 allati
2571 5250 2834 5305 rationem
2865 5247 3023 5316 longe
3049 5245 3294 5312 excedat,
3316 5252 3473 5301 etm

1914 5345 2099 5400 divino
2137 5344 2299 5399 modo
2324 5342 2675 5411 intelligatur.

2346 5450 2579 5522 Objectio
2621 5449 3003 5504 hereticorum.

1982 5564 2158 5635 Quod,
2192 5564 2465 5637 inquiunt,
2495 5563 2561 5618 iis
2592 5577 2710 5632 quae
2733 5560 2842 5632 iam
2899 5569 3024 5616 sunt
3086 5568 3244 5628 atque
3294 5553 3471 5611 subsi-

3043 5823 3078 5883 8
