4072 6562
237 390 341 442 237

1648 389 2083 448 TllESAUliUS.

3377 399 3483 455 238

235 502 325 564 τός
352 502 501 555 ἐστιν
532 504 560 555 6
598 502 760 573 ἄρτος
790 503 818 555 6
863 502 987 566 τοὺς
1030 503 1353 573 μετέχοντας
1386 505 1812 569 ἀπαθανατίζειν

1939 501 1988 553 lli
2018 499 2221 568 adjecta
2253 508 2399 566 sunt,
2427 501 2509 556 vel
2536 502 2739 559 insunt.
2778 505 2833 560 Si
2872 520 3000 575 ergo
3033 506 3147 577 ipse
3190 516 3272 564 est
3307 525 3484 579 panis,

236 594 551 663 δυνάμενος,
585 598 684 647 οὐκ
712 595 907 659 ἔξωθεν
955 596 1075 649 οὐδὲ
1099 598 1388 667 ἐπίκτητον
1431 597 1543 667 ἔχει
1570 599 1632 651 τὸ
1679 596 1811 661 ζωο-

237 689 430 747 ποιεῖν.
472 686 585 740 ἁλλ’
634 685 717 738 ὢν
750 686 888 739 κατὰ
942 687 1101 756 φύσιν
1131 686 1264 758 ζωὴ,
1313 690 1441 751 τοὺς
1487 688 1813 757 μετέχοντας

237 776 403 831 αὑτοῦ
434 778 789 847 ζωοποιήσειν
811 778 1027 850 ἀληθῶς
1062 780 1475 849 ἐπαγγέλλεται.

924 1067 1129 1122 ΑΛΛΟ.

309 1179 373 1233 El
402 1178 475 1250 μὴ
505 1178 647 1234 κατὰ
672 1178 835 1248 φύσιν
863 1178 976 1251 ἔχει
1026 1181 1088 1234 τὸ
1139 1177 1277 1235 εἶναι
1324 1182 1437 1253 ζωὴ
1487 1186 1515 1237 6
1564 1184 1654 1237 τοῦ
1682 1182 1815 1237 Θεοῦ

242 1270 431 1337 Λόγος,
471 1269 793 1323 ἐπείσακτον
819 1270 897 1335 δέ,
955 1271 1029 1334 ὡς
1077 1272 1234 1341 ὑμεῖς
1284 1291 1439 1342 φατε,
1485 1276 1820 1345 κεκτημένος

240 1360 393 1423 αὐτὸ,
424 1359 708 1422 ζωοποιεῖν
730 1359 974 1425 δύναται,
1012 1360 1065 1413 τί
1097 1362 1351 1416 κωλύσει
1378 1364 1559 1432 λέγειν
1590 1367 1685 1419 καὶ
1721 1366 1817 1435 ἀγ-

239 1451 431 1518 γέλους
459 1450 586 1512 τοὺς
611 1449 829 1519 ἀληθῶς
862 1450 1119 1520 μετόχους
1166 1453 1459 1520 γεγονότας
1506 1454 1649 1524 ζωῆς
1671 1454 1823 1508 δύνει⁹

242 1541 368 1593 σθαι
393 1539 714 1606 ζωοποιεῖνς
758 1540 918 1593 Ἀλλὰ
943 1541 1101 1594 τοῦτο
1139 1542 1238 1612 μὲν
1278 1544 1379 1597 οὐκ
1405 1544 1695 1615 ἐνδέχεται·
1727 1547 1823 1616 μό⁹

240 1649 334 1695 νος
370 1632 477 1702 γὰρ
520 1633 549 1684 6
588 1632 714 1694 Υἱὸς
755 1631 1035 1695 ζωοποιεῖν
1072 1632 1312 1699 δύναται,
1374 1635 1621 1707 καθάπερ
1672 1638 1766 1690 καὶ
1796 1638 1823 1689 ὁ

242 1725 457 1795 Πατήρ.
493 1723 702 1777 Οὐκοῦν
734 1725 836 1777 οὐκ
882 1724 1204 1789 ἐπείσακτος
1234 1727 1292 1778 ἐν
1329 1726 1445 1797 Υἱῷ
1484 1729 1517 1797 ἡ
1561 1728 1824 1792 ζωοποιὺς

1912 592 2005 661 qui
2035 591 2151 659 ejus
2187 591 2476 661 participes
2500 607 2528 646 a
2560 602 2735 649 morte
2775 596 3079 652 vindicandi
3132 601 3240 654 vim
3303 600 3484 666 habet,

1914 701 2020 740 non
2053 683 2411 749 extrinsecus,
2441 695 2529 739 aut
2560 686 2847 739 ascititiam
2888 688 2971 742 vel
3012 692 3332 759 acquisitam
3392 692 3489 745 ha-

1914 774 2322 831 betvivilicandi
2342 787 2659 844 potestatem
2692 793 2705 829 :
2739 778 2831 832 sed
2863 777 2969 831 vita
3001 781 3294 834 secundum
3327 791 3488 835 natu-

1916 881 2032 920 ram
2068 866 2355 930 exsistens,
2381 867 2675 937 participes
2700 868 2866 937 ipsius
2890 882 3017 923 vere
3071 883 3132 925 se
3186 869 3489 925 viviﬁcatu-

1912 974 2036 1014 rum
2074 957 2379 1028 pollicetur.

2597 1068 2823 1125 ALIUD.

1990 1177 2048 1233 Si
2078 1178 2313 1234 Verbum
2359 1178 2452 1234 Dei
2490 1192 2557 1233 ex
2610 1193 2710 1234 sua
2776 1188 2969 1235 natura
3013 1195 3117 1236 non
3159 1180 3319 1237 habet
3350 1183 3493 1253 quod

1922 1268 1994 1322 sit
2018 1268 2149 1333 vita,
2185 1269 2281 1323 sed
2298 1269 2664 1336 extrinsecus,
2698 1280 2757 1322 ut
2791 1284 2887 1324 vos
2922 1270 3245 1339 opinamini,
3288 1271 3391 1326 hoc
3419 1273 3495 1326 illi

1922 1360 2176 1424 accessit,
2207 1368 2267 1414 ut
2299 1360 2576 1414 viviﬁcare
2608 1362 2817 1430 possit:
2850 1362 2976 1429 quid
3004 1362 3238 1416 obstabit
3282 1364 3496 1431 quomi-

1924 1467 2025 1505 nus
2051 1452 2297 1506 dicamus
2328 1453 2490 1506 etiam
2516 1452 2758 1521 angelos,
2779 1454 2870 1521 qui
2906 1468 3031 1507 vere
3050 1454 3340 1523 participes
3369 1454 3494 1508 facti

1924 1541 2219 1605 suntvitze,
2259 1541 2533 1595 viviﬁcare
2568 1541 2763 1609 posse?
2791 1543 2895 1597 Sed
2954 1542 3054 1598 hoc
3109 1543 3321 1611 quidem
3380 1543 3496 1598 ﬁeri

1925 1630 2072 1685 nullo
2105 1631 2262 1685 modo
2290 1641 2467 1700 potest
2496 1649 2508 1683 :
2554 1633 2699 1686 solus
2727 1633 2869 1686 enim
2898 1632 3070 1687 Filius
3104 1632 3379 1689 vivificare
3406 1650 3499 1703 po-

1925 1730 2052 1788 test,
2078 1723 2219 1776 sicut
2245 1732 2297 1777 et
2329 1721 2512 1780 Pater.
2542 1723 2655 1778 Non
2690 1735 2772 1781 est
2800 1726 2963 1794 igitur
2988 1728 3290 1782 accessaria
3323 1728 3371 1779 in
3407 1725 3497 1780 Fi—

241 1816 492 1886 δύναμις,
547 1816 683 1868 ἀλλὰ
732 1816 874 1868 κατὰ
906 1816 1066 1884 φύσιν
1114 1816 1261 1887 αὐτῷ
1300 1817 1576 1889 προσοῦσα
1601 1820 1695 1872 καὶ
1729 1820 1819 1872 οὑ-

1936 1812 2000 1883 Iio
2023 1813 2329 1867 viviticandi
2357 1814 2603 1877 facultas,
2630 1819 2723 1871 sed
2754 1817 3073 1873 naturaliter
3100 1828 3264 1887 atque
3312 1832 3501 1873 essen-

245 1905 453 1969 σιωδῶς
485 1905 673 1976 ῶσπερ
702 1907 797 1959 καὶ
817 1906 895 1959 τῶ
930 1908 1122 1978 Πατρί.

915 2020 1121 2073 ΑΛΛΟ.

315 2131 503 2199 Δέγων
540 2131 569 2182 6
601 2130 727 2195 Υἱὸς
787 2132 872 2197 τὸ,
930 2151 949 2183 ‹
990 2133 1200 2203 Ὥσπερ
1233 2134 1342 2205 γὰρ
1390 2136 1418 2187 6
1476 2134 1664 2207 Πατὴρ
1712 2136 1824 2207 ἔχει

246 2220 392 2290 ζωὴν
422 2223 479 2274 ἐν
501 2221 697 2292 ἐαυτῷ,
720 2220 863 2275 οὕτω
896 2222 991 2275 καὶ
1010 2222 1088 2293 τῷ
1118 2224 1231 2294 Υἱῷ
1262 2224 1491 2279 δέδωκεν
1519 2226 1660 2296 ἔχειν
1682 2228 1825 2298 ζωὴν

249 2315 307 2367 ἐν
345 2312 542 2382 ἐαυτῷ,
574 2332 592 2364 ι
642 2313 740 2383 τὴν
795 2313 1215 2384 ἀπαράλλακτον
1262 2316 1553 2386 ὁμοιότητα
1594 2318 1827 2371 δεικνύει

252 2403 459 2473 σαφῶς,
499 2404 566 2473 ἢν
622 2403 733 2472 ἔχει
774 2403 908 2474 πρὸς
960 2404 1051 2456 τὸν
1108 2406 1465 2473 γεννήσαντα.
1518 2408 1670 2475 Ἔχει
1720 2406 1829 2476 γὰρ

250 2492 395 2547 οὕτω
426 2492 526 2564 τὴν
556 2492 723 2563 ζωὴν,
747 2493 935 2564 ὥσπερ
962 2494 1055 2547 κιαι.)⁵
1081 2496 1108 2547 6
1138 2495 1327 2566 Πατὴρ
1352 2536 1367 2560 ,
1394 2497 1628 2567 φυσικὴν
1650 2497 1832 2567 δηλον-

249 2587 334 2639 ότι
364 2586 461 2640 καὶ
509 2584 768 2656 ούσιώδη.
803 2586 875 2638 Τὸ
907 2586 984 2649 δὲ,
1020 2586 1264 2650 δέδωκε,
1327 2588 1606 2658 προσθεὶς,
1638 2588 1736 2659 τὴν
1774 2590 1834 2654 ἐξ

251 2677 419 2731 αὐτοῦ
459 2678 693 2747 φυσικήν
713 2694 771 2729 τε
804 2678 900 2730 καὶ
931 2677 1164 2745 οὐσιώδη
1192 2679 1448 2748 σημαίνει
1484 2680 1730 2750 πρόοδον.
1755 2681 1831 2734 Οὐ

250 2768 363 2839 γὰρ
390 2769 452 2838 δή
485 2785 588 2820 που
618 2766 849 2821 δέδωκεν
881 2769 910 2820 6
961 2769 1171 2841 Πατὴρ,
1213 2769 1402 2841 ὥσπερ
1450 2788 1502 2824 τι
1534 2770 1643 2824 τῶν
1687 2770 1835 2841 αὑτῷ

256 2861 566 2931 προσόντων
598 2860 948 2929 ἀφελόμενος,
1002 2862 1098 2914 καὶ
1148 2861 1247 2914 οὐκ
1290 2860 1467 2931 ἔχοντι
1517 2863 1835 2933 προστεθει-

251 2952 365 3016 λὼς
406 2952 485 3023 τῷ
514 2950 665 3022 Υίῷ,
719 2951 861 3005 κατὰ
921 2951 1240 3022 σωματικὴν
1298 2954 1579 3023 ἀποτομὴν
1636 2954 1669 3024 ἢ
1723 2953 1837 3007 διά-

255 3064 444 3100 στασιν
490 3046 587 3116 τὴν
621 3045 685 3098 ἔκ
730 3062 874 3108 τινος
921 3045 1107 3116 ἐτέρου
1154 3044 1291 3115 πρὸς
1318 3045 1836 3116 ἒτερον,ἢτοπικῶς

1926 1906 2128 1959 tialiter
2165 1905 2263 1973 ipsi
2312 1904 2452 1961 inest
2492 1917 2547 1960 ιιι
2571 1907 2738 1962 Patri.

2590 2014 2821 2073 ALIUD.

1996 2129 2130 2184 Cum
2160 2129 2329 2185 Filius
2351 2129 2500 2192 dicit,
2547 2146 2564 2179 ι
2608 2127 2759 2182 Sicut
2807 2142 2950 2183 enim
2987 2127 3150 2183 Pater
3210 2130 3371 2186 habet
3417 2135 3501 2187 vi-

1929 2229 2037 2273 tam
2070 2221 2122 2273 in
2157 2220 2358 2289 seipso,
2394 2220 2467 2272 ita
2531 2218 2693 2272 etiam
2738 2215 2877 2271 Filio
2918 2217 3066 2271 dedit
3102 2218 3302 2273 habere
3344 2220 3500 2291 142

1927 2314 2093 2364 vitam
2123 2312 2173 2365 in
2206 2312 2385 2378 seipso
2416 2310 2457 2340 “
2481 2350 2495 2373 ,
2535 2328 2553 2360 ι
2582 2319 2769 2378 aperte
2799 2309 3163 2363 omnimedam
3193 2310 3504 2365 similitudi-

1930 2416 2053 2457 nem
2086 2402 2343 2465 ostendit,
2374 2415 2533 2467 quam
2552 2399 2714 2454 habet
2743 2414 2867 2454 cum
2924 2397 3107 2457 Patre.
3143 2399 3316 2457 Habet
3358 2403 3501 2456 enim

1933 2493 2006 2547 ita
2032 2492 2221 2556 vitam,
2248 2490 2393 2545 sicut
2426 2498 2479 2543 et
2509 2489 2688 2553 Pater,
2718 2488 3023 2544 naturalem
3048 2490 3304 2544 nimirum
3338 2500 3393 2546 et
3420 2506 3507 2547 es-

1934 2583 2237 2639 sentialem.
2259 2581 2393 2637 Cum
2427 2589 2607 2635 autem
2637 2580 2949 2649 additillud,
3008 2581 3174 2646 dedit,
3210 2581 3504 2637 naturalem

1937 2685 2101 2745 atque
2127 2674 2470 2729 essentialem
2502 2686 2850 2741 progressum
2886 2672 3179 2741 signiﬁcat.
3210 2671 3330 2729 Non
3357 2674 3505 2728 enim

1936 2767 2083 2821 dedit
2105 2766 2283 2831 Pater,
2318 2774 2571 2833 tanquam
2606 2762 2807 2831 aliquid
2837 2778 2904 2817 ex
2936 2764 3001 2819 iis
3024 2778 3144 2830 quae
3171 2763 3273 2820 sibi
3300 2766 3505 2828 insunt,

1937 2856 2203 2920 adimens,
2230 2865 2285 2910 et
2313 2870 2420 2910 non
2452 2853 2673 2909 habenti
2734 2852 2869 2908 Filio
2926 2854 3208 2922 adjiciens,
3245 2858 3507 2924 quemad-

1935 2945 2155 3001 modum
2196 2946 2249 2999 in
2275 2943 2604 3002 sectionibus
2636 2957 2700 2997 ac
2716 2943 2984 2998 distantiis
3004 2944 3277 3013 corporeis
3330 2944 3426 3010 ﬁt,
3458 2954 3512 2997 et

1936 3037 2184 3091 localiter
2209 3032 2668 3102 divisumlaliquid
2692 3034 2760 3087 ab
2777 3032 2883 3087 alio
2904 3033 2957 3087 in
2980 3031 3124 3088 aliud
3149 3033 3507 3090 transfertur:

252 3137 285 3207 ἢ
328 3124 669 3208 διαιρετικῶς
720 3135 1037 3219 νοουμένην.
1108 3134 1245 3186 Ἀλλ’
1301 3134 1490 3205 ὥσπερ
1550 3135 1731 3187 δίδωσι
1776 3135 1834 3188 τὸ

1941 3125 2033 3181 scd
2057 3126 2198 3179 sicut
2221 3124 2404 3193 planta
2442 3124 2494 3176 in
2531 3121 2791 3185 fructum,
2823 3121 2913 3189 qui
2944 3135 3087 3176 exse
3118 3121 3381 3190 procedit,
3418 3138 3514 3176 na-

254 3230 423 3297 φυτὸν
445 3227 522 3298 τῷ
556 3228 615 3291 ἐξ
638 3216 801 3280 αὐτοῦ
835 3225 1147 3298 προελθόντι
1168 3224 1365 3296 καρπῷ
1394 3225 1491 3296 τὴν
1517 3225 1663 3296 αὐτῷ
1693 3227 1834 3280 κατὰ

1944 3217 2172 3273 turalem
2211 3230 2363 3270 suam
2408 3213 2722 3283 qualitatem
2756 3221 3034 3281 propagat,
3067 3213 3143 3266 ita
3167 3222 3222 3267 et
3267 3212 3437 3268 Filius
3482 3229 3512 3266 a

253 3322 419 3389 φύσιν
470 3336 779 3391 προσουσαν
827 3318 1089 3388 ποιότητα
1142 3320 1353 3388 φορεῖν,
1408 3318 1584 3379 οὕτως
1636 3320 1664 3371 6
1710 3318 1838 3381 Υἱὸς

254 3412 543 3481 εἰληφέναι
568 3410 720 3482 παρὰ
741 3408 956 3479 Πατρὸς
999 3407 1069 3461 τὰ
1117 3408 1265 3477 αὐτῷ
1302 3408 1570 3478 προσόντα
1604 3410 1836 3470 νοεῖται,

255 3506 438 3559 πάντα
472 3501 548 3555 ῶν
590 3503 689 3555 ὅσα
730 3503 824 3556 καὶ
869 3500 898 3553 6
944 3498 1134 3569 Πατὴρ
1160 3536 1174 3562 ,
1231 3498 1351 3568 δίχα
1386 3498 1549 3567 μόνου
1578 3496 1671 3550 τοῦ
1702 3492 1839 3550 εἶναι

255 3598 470 3670 Πατήρ.

956 3709 1162 3763 ΑΛΛΟ.

489 3823 804 3889 Ἀντίθεσις
832 3822 912 3887 ὡς
930 3820 999 3875 ἐκ
1028 3819 1145 3874 τῶν
1188 3817 1624 3889 χριστομάχων.

331 3941 399 3993 Ei
425 3938 557 4010 ζωὴ,
589 3936 744 4006 φασὶ,
782 3935 925 3989 κατὰ
953 3934 1114 4002 φύσιν
1156 3933 1304 3986 ἐστὶν
1330 3932 1359 3984 6
1396 3930 1547 3994 Υἱὸς,
1585 3928 1659 3991 ῶς
1682 3928 1840 3997 ὑμεῖς

261 4032 697 4104 φιλονεικότερον
751 4030 1092 4098 ἐνιστάμενοι
1146 4026 1359 4094 λέγετε,
1401 4022 1519 4085 πῶς
1548 4018 1839 4091 ἀληθεύσει

259 4127 440 4195 λέγων
469 4127 497 4178 6
526 4122 737 4186 Παῦλος
772 4120 901 4192 περὶ
930 4119 1025 4173 τοῦ
1072 4117 1303 4188 Πατρός’
1344 4134 1362 4167 ι
1408 4115 1465 4166 '0
1502 4114 1661 4184 μόνος
1703 4110 1840 4181 ἔχων

261 4215 600 4282 ἁθανασίανς
627 4233 645 4266 ι
705 4214 770 4268 Ei
800 4213 909 4284 γὰρ
936 4211 1045 4282 ἔχει
1082 4209 1223 4263 καὶὸ
1254 4208 1402 4271 Υἱὸς,
1430 4206 1491 4259 οὐ
1539 4204 1696 4275 μόνος
1728 4203 1839 4273 ἔχει

260 4312 288 4363 6
326 4309 555 4380 Πατήρο
606 4309 654 4361 εί
687 4306 743 4360 δὲ
788 4305 946 4367 μόνος
979 4305 1121 4374 ἔχει,
1174 4301 1273 4371 οὐχ
1296 4298 1408 4364 ἕξει
1440 4297 1639 4369 δηλαδὴ
1685 4297 1779 4349 καὶ
1812 4296 1841 4347 6

262 4404 417 4467 Υἱός.

756 4595 910 4664 Πρὸς
944 4594 1117 4649 τοῦτο
1144 4594 1343 4659 λύσις.

335 4711 520 4769 Πολλὰ
562 4713 843 4782 προσεῖναι
881 4710 1097 4776 λέγεται
1144 4708 1288 4780 μόνῳ
1308 4707 1385 4777 τῷ
1433 4705 1628 4775 Πατρὶ,
1664 4706 1761 4758 καλ⁹
1791 4705 1838 4757 εί

263 4809 473 4862 τούτων
499 4806 648 4859 ἔσται
681 4805 897 4859 πάντων
952 4803 1051 4856 οὐκ
1111 4802 1313 4871 ἔρημος
1362 4802 1390 4853 6
1434 4798 1579 4861 Υἱός.
1622 4797 1838 4866 Ἐπειδὴ

266 4902 602 4971 γέγραπταιν
636 4897 814 4960 Μόνος
842 4894 1096 4966 ἀληθινὸς
1121 4892 1254 4955 Θεὸς
1285 4893 1314 4944 ι
1344 4890 1551 4961 Πατὴρ,
1586 4888 1724 4941 ἔστω
1765 4886 1840 4956 μὴ

267 4992 523 5063 ἀληθινὸς
550 4991 578 5044 6
605 4988 752 5053 Υἱὸς,
778 4986 928 5050 νόθος
958 4986 1014 5040 δὲ
1039 4985 1227 5056 ὥσπερ
1253 5001 1337 5047 τις
1376 4983 1468 5036 καὶ
1494 4981 1843 5051 ψευδώνυμος

268 5083 562 5150 ἐπίκτητον
599 5077 736 5147 ἔχων
775 5074 835 5127 τὸ
888 5070 1026 5127 εἶναι
1076 5071 1226 5134 Θεός.
1278 5070 1386 5122 Καὶ
1428 5068 1543 5130 πῶς
1573 5066 1647 5129 ὡς
1690 5064 1844 5118 τοῦτο

270 5172 413 5226 κατὰ
442 5170 604 5239 φύσιν
632 5166 706 5229 ὢν
738 5165 1124 5236 προσκυνεῖται
1158 5159 1309 5230 παρά
1340 5176 1399 5211 τε
1426 5160 1458 5228 ἠ
1469 5156 1584 5227 μῶν
1612 5154 1706 5208 καὶ
1739 5154 1843 5219 ἀγ·-

270 5264 466 5332 γέλωνι,
497 5261 591 5315 τοῦ
614 5257 759 5313 θείου
784 5258 948 5325 νόμου
969 5252 1264 5323 διαρρήδην
1291 5249 1556 5318 λέγοντος
1596 5265 1615 5297 ι
1640 5243 1843 5332 Κύριον
1864 5262 1865 5265 η

271 5331 360 5408 τὸν
386 5354 519 5407 Θεόν
556 5368 648 5405 σου
676 5350 1093 5421 προσκυνήσεις,
1122 5343 1218 5396 καὶ
1258 5339 1409 5411 αὺτῷ
1442 5337 1586 5408 μόνῳ
1615 5331 1842 5404 λατρεύ-

272 5464 425 5512 σεις;
458 5466 477 5498 ι
519 5444 645 5507 Πῶς
683 5443 741 5496 δέ
773 5440 1079 5510 φυλάξομεν
1125 5435 1206 5499 τὸ,
1262 5452 1279 5484 ι
1309 5431 1421 5485 Οὐκ
1450 5430 1602 5482 ἔσται
1652 5428 1711 5479 ἐν
1761 5422 1845 5477 σοὶ

272 5542 403 5604 Θεὸς
434 5539 743 5610 πρόσφατος
768 5552 783 5600 ;
820 5553 839 5587 ι
874 5534 937 5586 Εἰ
971 5530 1077 5601 γὰρ
1106 5528 1265 5599 μόνος
1293 5524 1433 5578 κατὰ
1462 5521 1622 5610 φύσιν
1649 5518 1780 5610 Θεδς
1817 5518 1845 5569 6

276 5608 489 5702 Πατὴρ,
516 5632 608 5683 καὶ
634 5627 721 5682 διὰ
773 5626 837 5679 τὸ
871 5624 1013 5677 οὕτω
1070 5617 1322 5689 λέγεσθαι
1360 5613 1454 5668 τοῦ
1501 5608 1638 5666 εἷναι
1687 5609 1846 5680 φύσει

1946 3308 2111 3363 Patre
2144 3305 2419 3375 accepisse
2450 3318 2570 3374 qua:
2592 3302 2694 3372 ipsi
2727 3303 2912 3357 insunt
2965 3304 3300 3372 intelligitur,
3329 3304 3511 3358 omnia

1939 3399 2209 3453 exsisteus
2242 3411 2362 3467 quae
2395 3406 2449 3452 et
2479 3396 2661 3462 Pater,
2712 3404 2909 3463 praeter
2938 3395 2990 3449 id
3032 3395 3205 3450 solum
3238 3396 3379 3464 quod
3440 3397 3515 3450 sit

1942 3485 2116 3539 Pater.

2632 3676 2857 3742 ALIUD.

2375 3801 2613 3865 Obiectio
2642 3800 2865 3853 hostium
2885 3797 3103 3853 Christi.

2014 3914 2070 3970 Si
2110 3913 2301 3977 Filius,
2336 3912 2605 3981 inquiunt,
2630 3921 2713 3966 est
2750 3908 3063 3963 naturaliter
3096 3908 3229 3975 vita,
3254 3914 3513 3978 quemad-

1944 4010 2159 4061 modum
2188 4021 2282 4061 vos
2314 4004 2709 4061 contentiosius
2749 4011 3002 4071 urgentes
3042 4002 3244 4066 dicitis,
3275 4018 3383 4071 quo
3418 4020 3514 4073 pa-

1942 4108 2029 4152 cto
2052 4111 2237 4150 verum
2268 4096 2374 4149 erit
2407 4097 2549 4163 quod
2588 4092 2788 4146 Paulus
2823 4091 2888 4144 de
2918 4090 3079 4145 Patre
3114 4091 3282 4146 dicit:
3344 4110 3364 4143 ι
3411 4093 3510 4159 Qui

1942 4189 2087 4242 solus
2113 4188 2277 4241 habet
2306 4183 2762 4239 immortalitatem
2780 4180 2862 4234 "‘3
2894 4200 2911 4233 ι
2936 4180 2990 4235 Si
3006 4182 3149 4237 enim
3170 4184 3329 4237 etiam
3345 4182 3513 4238 Filius

1944 4282 2125 4344 habet,
2198 4294 2305 4333 non
2370 4277 2550 4344 itaque
2611 4274 2760 4330 solus
2816 4273 2977 4329 Pater
3046 4289 3166 4329 eam
3228 4276 3419 4339 habet;
3466 4278 3511 4331 si

1942 4387 2072 4426 vero
2125 4369 2289 4425 Pater
2340 4368 2486 4423 solus
2549 4366 2730 4434 habet,
2787 4374 2935 4421 certe
2973 4380 3078 4421 non
3132 4366 3351 4421 habebit
3394 4384 3513 4422 eam

1943 4462 2131 4517 Filius.

2457 4570 2660 4626 Salutio
2690 4569 3014 4639 objectionis.
3102 4596 3105 4605 ν

2018 4688 2181 4743 Multa
2212 4686 2466 4740 dicuntur
2506 4685 2687 4737 inesse
2712 4681 2812 4736 soli
2862 4680 3033 4745 Patri,
3104 4679 3316 4734 tametsi
3348 4678 3516 4733 Filius

1948 4783 2016 4837 iis
2042 4780 2291 4837 omnibus
2315 4792 2419 4833 non
2445 4783 2645 4829 careat.
2677 4773 2957 4842 Siquidem
2987 4771 3247 4841 scriptum
3279 4780 3383 4834 est,
3412 4768 3515 4824 So-

1947 4875 2031 4929 lus
2080 4887 2245 4927 verax
2297 4870 2434 4924 Deus
2466 4866 2677 4921 Pater:
2737 4867 2900 4936 igitur
2944 4879 3049 4919 non
3109 4877 3269 4917 verax
3312 4861 3514 4925 Filius,

1946 4963 2188 5034 spurium
2214 4974 2341 5014 vero
2382 4973 2448 5011 ac
2490 4956 2683 5011 falsum
2716 4969 2909 5009 nomen
2936 4966 3148 5022 gerens,
3196 4948 3517 5003 ascititium-

1949 5068 2054 5122 que
2082 5053 2173 5106 Dei
2199 5050 2433 5105 titulum.
2456 5046 2736 5114 Quomodo
2767 5055 2942 5098 atttem
2988 5051 3239 5106 tanquam
3296 5049 3517 5091 natura-

1951 5144 2074 5197 liter
2106 5144 2155 5193 id
2187 5142 2456 5195 exsistens
2498 5135 2757 5190 aduratur
2803 5148 2833 5185 a
2874 5130 3029 5185 nobis
3080 5138 3243 5195 atque
3290 5125 3514 5195 angelis,

1951 5234 2129 5286 divina
2157 5232 2271 5299 lege
2297 5236 2483 5296 aperte
2506 5226 2719 5279 dicente
2749 5239 2763 5275 :
2801 5240 2820 5273 ι
2859 5219 3142 5274 Dominum
3177 5218 3341 5270 Deum
3368 5226 3514 5269 tuum

1952 5324 2227 5385 adorabis,
2251 5331 2301 5374 et
2332 5320 2405 5374 illi
2473 5316 2571 5371 soli
2622 5314 2828 5369 servies
2854 5310 2938 5364 τισι
2979 5329 2998 5363 ι
3029 5309 3306 5376 Quomodo
3352 5308 3515 5361 etiam

1951 5416 2355 5475 observabimus
2390 5409 2566 5465 illud:
2610 5424 2629 5458 ι
2662 5404 2777 5459 Non
2836 5404 2941 5458 erit
2992 5403 3045 5457 in
3107 5411 3158 5456 te
3219 5400 3359 5454 Deus
3429 5414 3519 5453 re.-

1952 5526 2081 5566 cens
2109 5507 2199 5559 1"?
2232 5525 2249 5558 ι
2287 5504 2343 5559 Si
2369 5502 2512 5557 enim
2540 5499 2687 5555 solus
2711 5496 2874 5550 Pater
2903 5492 3315 5550 estnaturaliter
3354 5490 3521 5555 Deus,

1974 5613 2133 5671 atque
2162 5599 2357 5667 eaipsa
2387 5595 2594 5650 ratione
2626 5588 2823 5643 Filiqu
2881 5586 3006 5642 inde
3055 5584 3293 5641 excludit
3335 5590 3393 5636 ut
3452 5579 3523 5634 sit

346 5808 390 5837 “
422 5805 575 5860 Joau.
610 5820 659 5869 v,
694 5802 784 5855 26.
864 5801 907 5830 ⁷¹
935 5800 951 5853 ι
982 5797 1218 5851 Timoth.
1252 5810 1328 5860 τι,
1369 5792 1450 5845 lii.
1528 5790 1573 5829 ⁷³
1600 5788 1749 5842 Deut.
1780 5799 1852 5848 \'l,
1889 5783 1988 5847 15;
2028 5778 2216 5832 Matth.
2255 5790 2327 5842 tv,
2364 5774 2449 5829 10.
2527 5771 2572 5801 ⁷⁸
2596 5768 2740 5825 Psal.
2772 5784 2938 5829 Lxxx.
2970 5768 3024 5821 9.
