4072 6516
565 304 675 360 239

1566 304 1622 358 S.
1664 304 1938 360 CYRILLI
1972 307 2441 367 ALEXANDRINI
2476 311 2777 370 ARCHIEP

3726 315 3855 372 231D

567 423 889 480 naturaliter
923 424 1082 487 Deus,
1107 437 1237 490 ergo
1270 436 1462 476 recens
1486 436 1551 476 ac
1588 439 1760 480 novus
1775 425 1972 496 aliquis
2003 442 2135 496 quo,

2236 429 2367 483 Θεὸν
2400 430 2653 486 ἐκϐάλλει
2680 431 2771 484 τὸν
2796 429 2944 494 Υίὸν,
2986 428 3297 501 πρόσφατος
3323 428 3434 501 ἄρα
3469 429 3564 484 καὶ
3585 429 3715 495 νέος
3752 449 3850 496 τις

562 511 852 566 dammodo
879 519 1075 582 praeter
1103 524 1227 563 eum
1256 509 1349 579 qui
1390 511 1458 564 ab
1493 511 1652 567 initio
1700 523 1756 570 et
1816 517 2139 573 naturaliter

560 611 702 666 erat,
728 601 1032 656 inducetur.
1064 600 1225 669 Atqui
1258 600 1361 656 hoc
1393 602 1685 657 absurdum
1718 614 1821 661 est.
1875 606 1993 664 Non
2036 608 2139 679 igi-

564 702 651 747 tur
672 693 895 758 idcirco,
924 692 1051 762 quia
1083 690 1246 746 Pater
1290 693 1493 747 dicitur
1524 694 1728 752 habere
1750 696 2137 754 immortalita-

560 794 692 851 tem,
719 782 888 837 Filius
923 783 1326 837 contrariorum
1374 798 1544 853 capax
1605 786 1740 852 erit,
1790 788 1909 853 sed,
1968 789 2135 846 veluti

560 885 920 930 concurrente
940 873 992 927 iu
1026 872 1221 927 Filium
1257 874 1575 929 naturaliter
1598 884 1824 944 paterna
1890 881 2134 949 proprie-

560 974 696 1030 tate,
727 965 779 1019 id
811 966 984 1035 ipsum
1011 963 1376 1020 essentialiter
1399 980 1519 1021 esse
1539 967 1853 1023 censebitur
1878 971 2026 1040 quod
2051 979 2136 1028 est

560 1057 607 1110 is
622 1057 714 1126 qui
741 1058 912 1126 ipsum
935 1058 1139 1125 genuit.

1252 1162 1462 1219 ALIUD

634 1278 799 1334 Multa
838 1278 1090 1333 dicuntur
1138 1278 1315 1333 inesse
1363 1276 1509 1332 Patri
1542 1292 1799 1347 praeclara
1851 1295 1918 1337 ac
1960 1282 2131 1341 veluti

557 1369 875 1439 peculiaria.
920 1369 990 1422 At
1024 1382 1152 1423 vero
1176 1369 1219 1422 si
1242 1366 1411 1422 Filius
1439 1368 1505 1422 iis
1550 1384 1740 1425 carere
1790 1370 2020 1438 dicatur,
2076 1384 2133 1429 et

558 1458 759 1515 Paulus
804 1458 999 1513 alicubi
1070 1459 1244 1515 dicit:
1280 1458 1650 1526 tlinniortali,
1698 1459 1978 1531 invisibili,
2029 1464 2129 1522 soli

558 1551 788 1622 sapienti
818 1551 924 1605 Deo
952 1551 1034 1615 ﬂ;
1073 1568 1091 1601 ι
1122 1547 1293 1604 Filius
1346 1564 1476 1617 ergo
1504 1565 1678 1619 neque
1712 1552 1816 1606 erit
1844 1552 2128 1611 immorta-

557 1644 644 1707 lis,
672 1657 841 1712 neque
868 1642 1177 1707 invisibilis,
1215 1656 1392 1711 neque
1417 1643 1660 1709 sapiens,
1674 1640 1832 1710 juxta
1886 1654 2127 1701 vestram

2239 520 2426 593 ὥσπερ
2456 521 2914 592 ὲπεισαχθήσεται
2966 522 3115 593 παρά
3155 522 3246 575 τδν
3274 521 3403 574 ὄντα
3430 520 3493 586 ἐξ
3516 522 3699 592 ἀρχῆς
3735 523 3848 575 καὶ

2238 613 2379 666 κατὰ
2401 613 2583 682 φύσιν.
2633 613 2793 668 Ἀλλά
2834 613 2991 666 τοῦτο
3033 613 3250 667 ἄτοπον.
3305 610 3515 666 Οὐκοῦν
3547 612 3612 666 οὐ
3644 612 3746 666 διὰ
3780 612 3850 665 τὸ

2237 704 2488 773 λέγεσθαι
2529 705 2689 776 μόνον
2741 704 3040 759 ἀθανασίαν
3067 704 3213 775 ἔχειν
3266 703 3359 759 τδν
3410 704 3656 776 Πατέρα,
3711 705 3847 757 τῶν

2237 792 2501 847 ἐναντίων
2528 794 2682 847 ἔσται
2706 794 2952 857 δεκτικὸς
2995 796 3025 847 6
3060 795 3208 859 Υίὸς,
3262 793 3375 848 ἀλλ’
3403 793 3480 858 ὡς
3512 794 3845 865 τρεχούσης

2236 884 2317 947 είς
2348 883 2411 936 τὸ
2452 884 2699 956 γέννημα
2753 885 3000 955 φυσικῶς
3036 885 3141 956 τῆς
3195 884 3467 957 πατρικῆς
3514 886 3836 955 ἰδιότητος,

2233 976 2393 1031 τοῦτο
2428 978 2524 1033 καὶ
2554 979 2716 1042 αὐτὸς
2762 980 3023 1051 ὑπάρχων
3069 982 3190 1034 κατ’
3213 978 3404 1033 οὐσίαν
3450 979 3791 1051 νοηθήσεται
3812 1021 3833 1047 ,

2228 1070 2371 1141 ὅπερ
2391 1071 2457 1125 ἂν
2478 1072 2563 1143 εἴη
2590 1073 2685 1126 καὶ
2710 1074 2738 1127 6
2762 1074 3028 1144 γεννήσας
3050 1073 3231 1128 αὐτόν.
3298 1132 3301 1135 λ

2929 1184 3132 1239 ΑΛΛΟ.

2304 1292 2483 1348 Πολλὰ
2504 1294 2784 1365 προσεῖναι
2808 1294 3023 1363 λέγεται
3048 1294 3127 1365 τῷ
3145 1297 3316 1367 Πατρὶ
3338 1296 3632 1367 πλεονεκτή
3642 1312 3828 1367 ματα.

2247 1384 2386 1438 Ἀλλ’
2418 1387 2466 1439 εί
2493 1384 2697 1438 τούτων
2729 1384 2879 1438 ἔσται
2935 1386 3138 1456 γυμνὸς
3178 1388 3208 1439 6
3236 1386 3382 1451 Υἱὸς,
3435 1386 3582 1456 λέγει
3609 1388 3669 1441 δέ
3712 1407 3823 1441 που

2235 1476 2471 1543 Παῦλος,
2514 1495 2534 1530 ι
2577 1475 2892 1547 ’Δφθάρτιρ,
2936 1478 3174 1547 ἀοράτῳ,
3213 1476 3358 1548 μόνῳ
3390 1477 3537 1547 σοφῷ
3584 1477 3748 1547 Θεῷ,
3792 1498 3815 1529 ο

2232 1568 2343 1622 οὔτ’
2368 1567 2665 1640 ἄφθαρτος,
2700 1568 2823 1622 οὕτε
2846 1569 3096 1639 ἀόρατος,
3126 1568 3249 1622 οὔτε
3284 1570 3445 1638 σοφὸς
3470 1570 3647 1635 ἔσται,
3685 1570 3820 1622 καθ’

2235 1660 2400 1731 ὑμᾶς.
2446 1660 2583 1713 Ἀλλ’
2618 1659 2730 1731 ἔχει
2752 1661 2852 1730 τὴν
2884 1661 3140 1715 ἀσέϐειαν
3165 1662 3403 1732 ἄμετρόν
3425 1678 3543 1716 τινα
3570 1662 3632 1715 τὸ
3666 1660 3820 1716 οὕτω

555 1732 885 1801 opinionem.
918 1731 1080 1800 Atqui
1118 1734 1220 1785 hoc
1262 1731 1345 1784 vel
1395 1732 1719 1801 cogitatione
1762 1733 1873 1789 sola
1907 1735 2129 1807 impium

2234 1753 2393 1805 νοεῖν,
2416 1750 2542 1815 Πῶς
2565 1750 2673 1823 γάρ
2698 1752 2851 1806 ἔσται
2878 1752 3115 1823 φθαρτὸς
3136 1755 3163 1806 6
3187 1752 3287 1823 τῆς
3315 1752 3621 1823 ἀφθαρσίας
3644 1770 3818 1824 χορη-

554 1824 710 1877 valde
742 1832 845 1877 est.
873 1821 1154 1888 Quomodo
1188 1822 1344 1895 143
1376 1824 1518 1878 enim
1568 1826 1674 1880 erit
1736 1827 2123 1896 corruptibilis,

553 1923 745 1967 auctor
778 1913 893 1982 ipse
917 1922 971 1967 et
994 1912 1216 1983 largitor
1248 1915 1698 1983 incorrttptionis?
1724 1916 1829 1970 Aut
1854 1919 2126 1985 quomodo

554 2014 747 2060 natura
773 2003 867 2059 Dei
900 2005 1071 2059 oculis
1105 2004 1252 2059 cerni
1293 2005 1497 2074 possit?
1520 2006 1626 2060 Aut
1662 2021 1769 2075 quo
1798 2016 1957 2076 pacto
1992 2005 2126 2063 insi-

555 2095 790 2165 pientem
823 2094 1161 2149 censebimus
1205 2093 1425 2160 Filium,
1486 2098 1551 2150 de
1575 2110 1683 2165 quo
1725 2097 1989 2166 scriptum
2015 2107 2121 2163 est,

554 2185 697 2252 quod
725 2185 795 2240 sit
820 2202 840 2236 ι
870 2186 1102 2254 potentia
1120 2195 1175 2240 et
1205 2187 1468 2256 sapientia
1498 2186 1589 2242 Dei
1618 2187 1739 2240 ⁷⁶ἳι
1775 2187 2123 2245 Restatenim

558 2277 761 2341 dicere,
794 2276 1114 2345 sapientiam
1158 2276 1249 2331 Dei
1294 2277 1631 2346 insipientem
1676 2279 1793 2333 sive
1844 2279 2125 2348 sapientia:

553 2372 833 2436 expertem
860 2382 1002 2423 esse.
1039 2367 1208 2423 Filius
1247 2369 1427 2438 itaque
1450 2369 1801 2426 nihilominus
1828 2372 1931 2425 erit
1964 2380 2121 2426 natu-

555 2460 741 2512 raliter
766 2459 957 2514 eadem
984 2474 1104 2529 qua:
1131 2460 1315 2523 Pater,
1349 2461 1559 2515 tametsi
1581 2462 1837 2516 nonnulla
1860 2463 1926 2518 de
1941 2477 2008 2517 eo
2034 2478 2123 2518 so-

553 2550 663 2604 lum
684 2550 1063 2605 medicentur.
1089 2550 1282 2606 Omnia
1299 2552 1443 2606 enim
1475 2566 1595 2621 qua:
1620 2552 1764 2606 Patri
1792 2554 1996 2617 insunt,
2020 2569 2121 2608 na-

555 2640 802 2694 turaliter
827 2655 893 2696 ac
914 2643 1223 2699 necessario
1248 2643 1301 2698 in
1326 2642 1740 2714 Verbum,quod
1768 2659 1832 2700 ex
1853 2645 1970 2714 ipso
1999 2660 2126 2716 pro-

553 2728 719 2793 cedit,
745 2734 1048 2785 transeunt.

1222 2818 1450 2876 ALIUD.

617 2927 672 2983 Si
703 2927 865 2984 Pater
892 2937 976 2985 est
1006 2929 1327 2985 naturaliter
1358 2931 1490 2997 vita,
1523 2934 1975 3001 quemadmodum
2034 2951 2120 2992 re-

2229 1844 2326 1911 γός
2350 1860 2364 1909 ;
2391 1845 2462 1897 Ἦ
2497 1843 2615 1908 πῶς
2632 1845 2957 1914 ὁραθήσεται
2987 1845 3121 1897 Θεοῦ
3146 1844 3303 1912 φύσις
3328 1860 3343 1909 ;
3371 1846 3441 1896 Ἢ
3461 1844 3577 1907 πῶς
3606 1844 3817 1911 ἄσοφον

2229 1930 2372 1988 εἶναι
2400 1934 2691 2005 νομιοῦμεν
2710 1935 2801 1988 τὸν
2832 1936 2983 2002 Υίὸν,
3017 1936 3145 2006 περὶ
3178 1931 3239 1990 οῦ
3288 1935 3597 2005 γέγραπται
3624 1936 3707 1988 ὅτι
3750 1932 3817 2004 δὴ

2236 2044 2257 2077 ‹
2294 2024 2427 2079 Θεοῦ
2449 2026 2680 2097 δύναμις
2723 2028 2819 2080 καὶ
2869 2026 3004 2080 Θεοῦ
3060 2028 3221 2095 σοφία
3255 2027 3429 2094 ἑστίη
3470 2045 3488 2078 ι
3525 2028 3669 2097 Ὅρα
3697 2028 3815 2097 γὰρ

2230 2116 2407 2185 λέγειν
2427 2119 2628 2188 ἄσοφον
2652 2113 2791 2171 εἶναι
2813 2117 2911 2190 τὴν
2938 2119 3129 2188 σοφίαν
3155 2119 3248 2172 τοῦ
3282 2118 3438 2173 Θεοῦ.
3467 2117 3677 2171 Οὐκοῦν
3704 2119 3816 2171 οὐκ

2229 2209 2592 2281 ἀποστερήσει
2622 2208 2713 2263 τὸν
2741 2208 2870 2263 Υἱδν
2900 2210 2960 2262 τὸ
2987 2206 3127 2263 εἶναι
3160 2208 3333 2263 ταῦτα
3366 2207 3633 2278 φυσικῶς,
3661 2206 3815 2277 ἅπερ

2232 2297 2297 2351 ἂν
2325 2298 2536 2366 λέγοιτο
2556 2298 2648 2351 καὶ
2678 2300 2707 2353 6
2726 2298 2935 2370 Πατὴρ,
2960 2300 3010 2351 εί
3039 2300 3133 2351 καὶ
3180 2297 3269 2349 ἐπ’
3289 2296 3453 2351 αὐτοῦ
3487 2296 3648 2366 μόνον
3680 2296 3813 2349 τάτ-

2228 2406 2393 2445 τοιτο.
2415 2390 2613 2445 Φθάσει
2642 2392 2751 2462 γὰρ
2782 2391 2943 2445 πάλιν
2965 2391 3056 2443 ἐπὶ
3092 2389 3183 2443 τὸν
3205 2389 3264 2454 ἐξ
3289 2389 3452 2444 αὐτοῦ
3476 2387 3812 2460 προελθόντα

2228 2482 2419 2550 Λόγον,
2444 2482 2621 2535 πάντα
2657 2483 2726 2536 τὰ
2773 2482 2927 2554 αὐτῷ
2982 2483 3251 2553 προσόντα
3310 2480 3557 2550 φυσικῶς
3607 2497 3667 2533 τε
3710 2482 3813 2534 καὶ

2229 2574 2566 2641 ἀναγκαίως.

2909 2836 3110 2888 ΛΛΛΟ.

2297 2952 2360 3004 El
2384 2950 2497 3020 ζωὴ
2529 2948 2669 3002 κατά
2695 2947 2857 3018 φύσιν
2884 2948 3032 2999 ἐστὶν
3060 2950 3087 2999 6
3113 2946 3324 3018 Πατὴρ,
3354 2946 3545 3020 ὥσπερ
3580 2942 3678 3002 οὖν
3710 2952 3810 3003 καὶ

552 3032 677 3071 vera
706 3027 808 3081 est,
835 3019 997 3072 habet
1028 3021 1253 3074 omnino
1273 3021 1372 3076 hoc
1395 3024 1557 3076 etiam
1589 3022 1776 3079 Filius.
1804 3024 1943 3081 Vere
1971 3028 2115 3082 enim

2230 3044 2396 3107 ἔστιν,
2425 3019 2536 3112 ἔχει
2568 3041 2785 3101 πάντως
2813 3037 2969 3091 τοῦτο
3006 3038 3097 3091 καὶ
3143 3038 3171 3089 6
3204 3037 3346 3101 Υίός.
3385 3038 3662 3107 ’Δληθεύει
3696 3040 3809 3112 γὰρ

551 3110 681 3164 dicit
731 3123 854 3164 cum
912 3110 1084 3164 aitu
1142 3110 1335 3166 Omnia
1387 3129 1505 3168 quae
1560 3115 1721 3171 habet
1784 3115 1968 3184 Pater,
2004 3132 2122 3175 mea

2229 3103 2399 3206 λέγων
2422 3151 2435 3166 ’
2453 3103 2501 3186 Π(
2528 3132 2711 3186 Πάντα
2738 3132 2836 3185 ὅσα
2862 3130 2974 3200 ἔχει
3008 3132 3036 3183 6
3058 3130 3266 3201 Πατὴρ,
3301 3128 3412 3200 ἐμά
3435 3103 3603 3184 ἐστιν.
3640 3150 3659 3184 ι

549 3210 678 3256 sunt
695 3201 763 3255 "'.
802 3219 822 3253 ι

915 3292 1145 3359 ALIUD,
1176 3294 1310 3349 idem
1341 3312 1406 3351 ex
1436 3301 1724 3358 contrario.

615 3407 674 3463 Si
708 3406 868 3461 Pater
895 3416 978 3462 est
1000 3392 1112 3463 vita
1142 3410 1483 3478 naturaliter,
1498 3411 1668 3468 Filius
1683 3429 1813 3472 vero
1844 3431 1949 3473 non
1971 3418 2121 3487 item,

557 3514 665 3569 quo
696 3508 852 3567 pacto
877 3513 1004 3554 vere
1026 3499 1190 3554 dicit:
1214 3519 1233 3552 ι
1257 3499 1451 3556 Omnia
1485 3518 1604 3571 quae
1630 3506 1790 3561 habet
1821 3507 1979 3563 Pater
2004 3526 2120 3566 mea

555 3590 723 3644 sunt?
759 3608 779 3641 ι
811 3589 972 3657 Atqui
1001 3604 1107 3644 non
1142 3592 1401 3644 mentitur
1428 3593 1649 3649 veritas.
1689 3595 1785 3651 Est
1847 3599 2009 3668 igitur
2039 3617 2125 3657 re-

550 3693 677 3734 vera
712 3680 1034 3734 naturaliter
1063 3680 1173 3735 vita
1204 3679 1394 3750 Filius,
1442 3685 1899 3753 quemadmodum
1938 3701 1995 3747 et
2013 3690 2120 3747 Pa-

551 3780 652 3824 ter.

1184 3884 1336 3940 Idem
1358 3887 1530 3942 aliter.

623 3995 681 4051 Si
716 3994 878 4051 Pater
910 4005 994 4051 est
1024 3996 1348 4052 naturaliter
1366 4000 1495 4063 vita,
1544 3998 1714 4055 Filius
1759 4012 1936 4058 autem
2014 4022 2118 4063 non

552 4089 703 4154 item,
738 4089 833 4142 sed
892 4089 1255 4143 accessoriam
1298 4098 1462 4158 atque
1500 4091 1788 4145 ascititiam
1831 4094 1992 4148 vitam
2023 4098 2121 4151 ha-

549 4181 662 4246 bet,
690 4194 795 4248 quo
824 4188 979 4249 pacto
1015 4194 1137 4234 vere
1189 4180 1255 4234 ad
1277 4178 1491 4233 Patrem
1518 4181 1648 4257 dicit
1675 4200 1688 4235 :
1728 4201 1747 4233 ι
1792 4181 1981 4240 Omnia
2006 4204 2122 4243 mea

551 4284 642 4328 tua
672 4282 820 4339 sunt,
849 4281 904 4326 et
921 4282 1009 4325 tua
1029 4286 1145 4325 mea
1169 4271 1255 4324 ἐἳ
1290 4290 1309 4323 ι
1337 4272 1443 4325 Aut
1465 4272 1608 4326 enim
1647 4273 1809 4328 habet
1864 4278 2123 4333 naturali-

2491 3293 2697 3355 AAAO,
2728 3288 2796 3343 τὸ
2827 3286 2975 3343 αὐτὸ
2998 3287 3067 3341 ἐκ
3093 3288 3201 3342 τοῦ
3235 3288 3536 3343 ἐναντίου.

2294 3408 2357 3461 Εἰ
2385 3406 2499 3476 ζωὴ
2532 3403 2674 3458 κατὰ
2707 3403 2869 3474 φύσιν
2911 3402 3059 3456 ἐστὶν
3087 3404 3116 3455 6
3150 3401 3361 3472 Πατὴρ,
3394 3402 3424 3454 6
3445 3400 3501 3453 δὲ
3532 3400 3661 3464 Υἱὸς
3705 3402 3812 3472 οὐχ

2223 3498 2417 3562 οὕτως,
2448 3496 2565 3559 πῶς
2608 3494 2901 3564 ἀληθεύσει
2947 3493 3157 3561 λέγων·
3194 3511 3212 3543 ι
3244 3493 3429 3546 Πάντα
3475 3494 3574 3544 ὅσα
3621 3490 3739 3561 ἔχει
3782 3496 3813 3547 6

2225 3590 2442 3659 Πατὴρ,
2482 3586 2595 3657 ὲμά
2622 3586 2811 3650 tactv;
2846 3602 2865 3635 ι
2910 3584 3051 3636 Ἀλλ’
3074 3584 3175 3636 οὐκ
3213 3581 3281 3636 ἂν
3315 3582 3574 3651 ψεύσαιτο
3603 3584 3639 3652 ἠ
3668 3582 3812 3653 ἀλή-

2224 3679 2363 3744 θεια,
2402 3678 2555 3730 ἔσται
2588 3675 2828 3746 δηλονότι
2861 3672 2976 3745 ζωὴ
3008 3673 3148 3727 κατά
3174 3673 3335 3743 φύσιν
3374 3675 3404 3727 6
3431 3672 3579 3739 Υἱὸς,
3610 3672 3811 3745 ὥσπερ

2224 3774 2316 3821 καὶ
2341 3770 2369 3820 6
2390 3767 2602 3839 Πατήρ.

2744 3878 2980 3945 Ἄλλως
3017 3877 3084 3932 τὸ
3110 3876 3279 3932 αὑτό.

2292 3992 2353 4043 El
2383 3989 2495 4061 ζωὴ
2525 3989 2665 4044 κατά
2704 3990 2865 4060 φύσιν
2904 3991 3051 4044 ἐστὶν
3077 3992 3106 4044 6
3140 3990 3350 4059 Πατὴρ.
3377 3992 3406 4044 6
3434 3989 3492 4043 δὲ
3531 3987 3659 4053 Υἱὸς
3700 3989 3803 4060 οὐκ

2220 4083 2415 4147 οὕτως,
2468 4085 2583 4138 ἀλλ’
2636 4087 2962 4139 ἐπείσακτον
3006 4086 3116 4156 ἔχει
3173 4085 3233 4139 τδ
3266 4080 3404 4137 εἶναι
3457 4082 3632 4149 τοῦτο,
3680 4082 3803 4145 πῶς

2221 4175 2511 4246 ἀληθεύσει
2543 4178 2715 4246 λέγων
2756 4178 2892 4248 πρὸς
2931 4178 3023 4231 τὸν
3066 4178 3304 4248 Πατέρα,
3345 4177 3429 4230 ὅτι
3462 4194 3484 4224 ι
3517 4176 3701 4230 Πάντα
3730 4177 3800 4228 τὰ

2223 4271 2333 4341 ἐμὰ
2360 4271 2429 4324 σά
2460 4272 2597 4335 ἐστι,
2631 4271 2724 4324 καὶ
2744 4272 2813 4325 τὰ
2837 4270 2904 4324 σὰ
2937 4270 3081 4340 ὲμά;
3120 4288 3139 4321 ι
3171 4270 3241 4323 Ἣ
3269 4268 3377 4339 γὰρ
3406 4266 3517 4333 ἔξει
3544 4267 3686 4321 κατὰ
3708 4265 3803 4335 φύ-

553 4376 636 4420 ter
657 4364 798 4436 quod
818 4364 889 4417 sit
918 4362 1029 4415 vita
1081 4363 1247 4416 etiam
1303 4363 1418 4430 ipse
1458 4382 1472 4418 :
1510 4365 1650 4432 quod
1686 4366 1901 4435 quidem
1943 4370 2120 4427 Patris

2229 4378 2309 4413 σιν
2343 4360 2405 4414 τὸ
2428 4357 2565 4415 εἶναι
2595 4361 2709 4432 ζωὴ
2747 4363 2840 4415 καὶ
2869 4360 3051 4425 αὐτὸς,
3098 4361 3237 4431 ὅπερ
3264 4360 3381 4412 ἐστὶ
3423 4358 3517 4411 τοῦ
3562 4358 3793 4428 Πατρός.

547 4467 667 4523 est;
701 4463 795 4509 aut
823 4454 868 4507 si
901 4468 1006 4506 non
1036 4453 1158 4518 hoc,
1199 4452 1291 4508 sed
1336 4468 1456 4521 qua:
1482 4469 1578 4507 sua
1612 4466 1737 4510 sunt
1764 4456 1939 4514 Patris
1968 4470 2114 4526 sunt,

2229 4451 2293 4504 Ἢ
2326 4452 2374 4503 εί
2404 4451 2479 4522 μὴ
2504 4451 2679 4517 τοῦτο,
2716 4450 2812 4503 τοῦ
2862 4451 2919 4504 δὲ
2956 4452 3168 4521 Πατρός
3206 4453 3323 4504 ἐστι
3350 4450 3418 4503 τά
3461 4448 3650 4513 αὐτοῦ,
3672 4451 3794 4502 ἐπεὶ

549 4562 674 4601 cum
700 4559 808 4599 non
837 4545 907 4598 sit
934 4542 1253 4597 naturaliter
1272 4543 1377 4596 vita
1404 4541 1596 4609 Filius,
1630 4560 1697 4601 ne
1717 4545 1874 4602 Pater
1896 4549 2116 4618 quidem

551 4634 871 4691 naturaliter
900 4634 1007 4688 vita
1076 4634 1222 4689 erit:
1256 4634 1401 4703 quod
1466 4644 1550 4690 est
1597 4638 1911 4696 absurdum.
1958 4640 2119 4697 Pater

548 4727 694 4781 enim
724 4724 1046 4780 naturaliter
1085 4733 1169 4780 est
1215 4725 1369 4780 vita:
1415 4726 1519 4780 crit
1572 4739 1748 4783 autem
1801 4731 1902 4787 hoc
1941 4732 2116 4802 ipsum

550 4820 741 4883 Filius,
774 4834 841 4875 ne
862 4832 891 4873 a
913 4817 1261 4873 similitudine
1293 4832 1412 4871 cum
1440 4815 1599 4873 Patre
1634 4821 1866 4876 recedat.

1223 4930 1449 4987 ALIUD.

622 5045 679 5099 Si
731 5044 897 5100 Filius
955 5054 1039 5099 est
1084 5044 1421 5099 omnimodus
1466 5045 1727 5115 planeque
1805 5047 2115 5105 indifferens

550 5135 834 5188 character
875 5135 1229 5204 hypostaseos
1257 5130 1453 5195 Patris,
1473 5133 1797 5188 naturaliter
1823 5134 1986 5188 etiam
2015 5136 2115 5189 hoc

551 5224 947 5293 hahehit,quod
968 5224 1039 5278 sit
1070 5224 1201 5290 vita,
1235 5236 1303 5279 ne
1327 5222 1648 5279 o'bliteretur
1691 5237 1755 5279 ac
1790 5222 2115 5293 depravetur

550 5315 833 5369 character
858 5314 1055 5369 Patris.

1273 5426 1455 5481 LIUD.

1224 5427 1455 5482 ALIUD.

611 5515 866 5574 Christus
890 5517 1088 5573 alicubi
1115 5519 1183 5573 ad
1222 5520 1515 5589 discipulos
1541 5532 1671 5575 suos
1705 5517 1781 5573 ita
1812 5520 1888 5574 ait
1915 5539 1927 5574 :
1958 5539 1976 5570 ι
2012 5519 2115 5587 Qui

613 5673 662 5707 "
686 5671 704 5725 ι
728 5672 962 5729 Timoth.
997 5688 1036 5741 ι,
1064 5673 1151 5730 l7.

2227 4542 2301 4611 μὴ
2330 4541 2470 4593 κατὰ
2502 4541 2661 4610 φύσιν
2693 4542 2810 4599 ἐστὶ
2841 4541 2953 4611 ζωὴ
2975 4544 3005 4596 6
3034 4542 3179 4607 Υίὸς,
3214 4543 3315 4595 οὐκ
3342 4541 3493 4595 ἔσται
3518 4540 3675 4595 τοῦτο
3700 4543 3792 4594 καὶ

2221 4633 2251 4685 6
2279 4632 2487 4701 Πατήρ.
2542 4632 2703 4685 Ἀλλά
2745 4631 2905 4686 τοῦτο
2950 4634 3171 4687 ἄτοπον.
3204 4632 3365 4685 Φύσει
3399 4632 3509 4703 γάρ
3540 4634 3569 4685 6
3608 4631 3792 4703 Πατὴρ

2225 4721 2360 4791 ζωὴ,
2408 4722 2560 4776 ἔσται
2596 4722 2751 4777 τοῦτο
2795 4724 2889 4777 καὶ
2917 4724 2946 4776 6
2983 4722 3130 4789 Υἱὸς,
3163 4724 3248 4777 ἵνα
3285 4723 3364 4796 μὴ
3394 4723 3657 4795 ψεύδηται
3699 4725 3797 4794 τὴν

2226 4814 2501 4886 ὁμοίωσιν.

2913 4927 3111 4982 ΑΛΛΟ.

2296 5041 2359 5094 Εἰ
2404 5038 2690 5111 χαρακτὴρ
2719 5039 3133 5110 ἀπαράλλακτος
3181 5038 3276 5107 τῆς
3304 5036 3400 5089 τοῦ
3430 5035 3644 5107 Πατρδς
3665 5035 3797 5088 ὑπο-

2225 5132 2469 5197 στάσεως
2493 5133 2642 5184 ἐστιν
2665 5133 2694 5185 6
2724 5131 2870 5196 Υἱὸς,
2899 5131 3118 5202 φορέσει
3159 5130 3406 5199 φυσικῶς
3437 5128 3531 5181 καὶ
3557 5128 3617 5180 τὸ
3662 5121 3798 5179 εἶναι

2223 5223 2359 5295 ζωὴ,
2416 5224 2505 5278 ἵνα
2562 5224 2638 5295 μὴ
2692 5223 3180 5294 παραχαράττηται
3224 5219 3318 5275 τοῦ
3371 5219 3587 5291 Πατρὸς
3626 5220 3659 5271 6
3700 5235 3800 5287 xz-

2226 5316 2431 5387 ρακτὴρ

2909 5428 3115 5481 AAAO.
3790 5452 3793 5455 ι

2909 5430 2951 5481 A
3003 5429 3115 5481 AO.
3790 5452 3793 5455 ι

2292 5520 2430 5591 Φησί
2448 5537 2551 5573 που
2577 5518 2810 5591 Χριστὸς
2831 5429 3109 5591 πρόςὶξτοὺς
3134 5514 3330 5571 ἑαυτοῦ
3359 5513 3611 5585 μαθητάς
3633 5533 3650 5548 ο
3683 5531 3704 5566 ι
3740 5511 3800 5567 '0

1248 5670 1335 5726 "I
1369 5668 1493 5727 Cor.
1532 5687 1570 5737 ι,
1595 5671 1689 5737 24.
1762 5672 1810 5705 ⁷⁷
1834 5671 1990 5730 Joan.
2026 5689 2140 5741 xvr,
2179 5674 2266 5729 15.
2345 5675 2391 5708 ’⁸
2414 5672 2574 5731 Joan.
2608 5689 2741 5742 xvn,
2780 5676 2866 5731 l0.
