4072 6562
278 428 381 484 2M

1688 437 1956 498 THESAU
1968 442 2125 498 RUS.

3421 451 3529 509 ἳνιῖ

278 548 544 639 ἑωρακὼς
567 551 689 622 ἐμὲ,
710 554 921 625 ἑώρακε
944 553 1034 608 τὸν
1061 556 1301 627 Πατέρα.
1341 574 1360 608 ι
1389 557 1452 610 Ei
1477 558 1656 611 τοίνυν
1688 561 1716 612 6
1744 561 1854 613 Πα-

1961 563 2093 617 vidit
2128 578 2231 627 me,
2274 565 2406 620 vidit
2442 577 2497 620 et
2527 565 2739 622 Patrem
2762 568 2829 623 ".
2878 587 2896 621 ι
2938 569 2995 623 Si
3039 569 3207 639 igitur
3259 570 3422 626 Pater
3472 574 3525 629 in

275 638 384 711 τὴρ
402 643 462 695 ὲν
492 643 601 712 Υίῷ
621 643 869 711 φαίνεται
899 644 1012 716 ζωὴ
1032 646 1173 700 κατά
1203 646 1364 715 φύσιν
1395 648 1677 717 ὑπάρχων,
1700 649 1854 702 ἔσται

278 732 439 787 τοῦτο
471 737 564 789 καὶ
591 738 620 789 6
655 736 800 801 Υίὸς,
833 738 919 791 ἵνα
950 739 1025 810 μὴ
1054 739 1319 812 ψεύδηται
1348 742 1446 812 τὴν
1467 741 1745 812 ὁμοίωσιν.

279 846 495 915 ΑΛΛΟ,
536 848 606 903 ἐκ
666 846 786 904 τῶν
834 850 1036 905 αὐτῶν
1076 852 1175 935 8εά
1214 853 1327 921 τῆς
1368 854 1457 919 εις
1482 854 1710 908 ἄτοπον
1746 854 1857 908 dat-

949 939 1209 992 αγωγης.

347 1030 484 1102 Φησί
504 1048 609 1085 που
634 1032 869 1104 Χριστός
888 1048 904 1063 ’
939 1052 960 1087 ι
1000 1034 1058 1089 '0
1091 1036 1352 1108 ἑωρακὼς
1373 1037 1495 1109 ἐμὲ,
1530 1038 1741 1110 ἑώρακε
1764 1039 1856 1092 τὸν

281 1124 517 1196 Πατέρα.
565 1144 586 1178 ι
618 1127 682 1180 Ei
718 1128 899 1182 τοίνυν
942 1130 1265 1185 ἐπείσακτον
1288 1134 1405 1204 ἦτοι
1430 1133 1573 1188 κατά
1600 1136 1855 1207 μετοχὴν,

282 1215 376 1268 καὶ
398 1216 499 1269 οὐκ
534 1216 792 1281 οὐσιῶδες
829 1216 942 1288 ἔχει
966 1218 1026 1272 τὸ
1062 1217 1202 1275 εῖναι
1227 1220 1362 1293 ζωὴ,
1393 1221 1546 1277 ἔσται
1573 1224 1731 1278 τοῦτο
1763 1226 1857 1279 καὶ

278 1307 309 1360 6
340 1307 549 1378 Πατήρ.
576 1307 768 1377 Φυγὼν
792 1308 849 1361 δὲ
876 1309 970 1363 τοῦ
999 1310 1160 1380 λόγου
1178 1311 1276 1384 τὴν
1311 1314 1563 1378 ἀτοπίαν,
1600 1314 1659 1381 ἐξ
1691 1315 1879 1383 ἀνάγ--

279 1412 381 1466 κης
427 1397 784 1470 ὁμολογήσεις
835 1400 896 1454 τὸ
938 1400 1158 1474 ἕτερον’
1191 1403 1305 1476 ζωὴ
1347 1403 1456 1476 γὰρ
1508 1405 1652 1460 κατὰ
1693 1405 1858 1475 φύσιν

277 1488 306 1540 ὁ
339 1488 482 1553 Υίός.

958 1608 1164 1665 ΔΛΛΟ.

345 1718 409 1771 Ei
441 1717 536 1772 τοῦ
577 1718 791 1791 Πατρδς
830 1720 928 1793 τὴν
962 1722 1152 1776 οὐσίαν
1192 1722 1221 1775 6
1252 1722 1381 1787 Υίδς
1424 1724 1861 1797 ἀπαραλλάκτως

273 1809 702 1879 χαρακτηρίζειν
740 1809 980 1879 λέγεται,
1014 1810 1132 1865 ἔστι
1165 1812 1221 1866 δὲ
1257 1813 1317 1867 οὐ
1352 1814 1493 1868 κατά
1527 1814 1691 1884 φύσιν
1721 1815 1856 1886 ζωὴ,

1956 652 2092 708 Filio
2108 664 2331 723 apparet
2350 656 2455 709 vita
2481 656 2802 712 naturaliter
2814 660 3217 725 exsisteus,erit
3240 662 3340 719 hoc
3361 662 3523 719 etiam

1961 742 2148 809 Filius,
2185 758 2251 799 ne
2276 745 2409 800 falsa
2437 746 2508 802 sit
2530 749 2844 806 similitudo.

2025 856 2255 925 ALIUD,
2280 876 2346 914 ea:
2369 861 2553 916 iisdem
2583 878 2699 916 cum
2737 864 3034 919 reductiona
3054 866 3121 919 ad
3144 868 3457 924 absurdum.

2025 1036 2274 1093 Christus
2302 1039 2497 1096 alicubi
2529 1040 2705 1110 inquit
2783 1060 2802 1092 ι
2836 1041 2935 1109 Qui
2987 1043 3115 1096 vidit
3149 1058 3255 1110 me,
3287 1046 3419 1100 vidit
3472 1057 3529 1102 et

1955 1123 2191 1180 Patrem.
2222 1146 2244 1179 ι
2279 1127 2336 1182 Si
2387 1144 2518 1198 ergo
2546 1130 2908 1184 accessorium
2941 1128 3044 1183 hoc
3104 1129 3181 1183 illi
3244 1139 3346 1195 est,
3410 1132 3528 1187 sive

1957 1232 2053 1286 per
2075 1218 2563 1287 participationem,
2615 1228 2671 1274 et
2724 1234 2830 1273 non
2871 1220 3180 1284 essentiale,
3232 1222 3376 1291 quod
3458 1221 3532 1276 sit

1956 1311 2086 1374 vita,
2131 1311 2236 1364 erit
2261 1312 2364 1367 hoc
2392 1311 2553 1365 etiam
2585 1311 2764 1366 Pater.
2799 1311 2964 1379 Cujus
2988 1312 3117 1367 dicti
3135 1311 3525 1367 absurditatem

1958 1400 2188 1471 fugiens,
2220 1403 2528 1457 necessario
2564 1401 2819 1459 fateberis
2845 1403 3171 1457 contrarium
3198 1404 3346 1456 :‘vit’a
3379 1403 3534 1457 enim

1958 1501 2043 1548 est
2067 1493 2384 1549 naturaliter
2415 1494 2613 1549 Filius.

2627 1603 2864 1661 ALIUD.

2029 1718 2087 1772 Si
2117 1718 2284 1772 Filius
2311 1718 2486 1773 Patris
2514 1716 2801 1772 essentiam
2829 1714 3135 1771 omnimoda
3167 1711 3329 1785 ιω
3373 1711 3541 1768 simi-

1959 1810 2180 1866 litudiue
2215 1811 2519 1879 exprimere
2558 1809 2779 1874 dicitur,
2800 1817 2990 1876 estque
3018 1806 3130 1875 ipse
3162 1821 3266 1860 non
3303 1813 3526 1859 natura-

274 1898 390 1951 ἀλλ’
420 1900 477 1952 ὲν
504 1900 820 1972 προσθήκης
851 1902 1009 1973 μέρει
1056 1904 1214 1957 τοῦτο
1243 1904 1532 1974 λαμϐάνει,
1571 1906 1731 1959 τοῦτο
1764 1909 1857 1960 καὶ

1960 1902 2082 1954 liter
2111 1901 2245 1963 vita,
2266 1902 2359 1954 sed
2391 1916 2485 1968 per
2514 1899 2871 1968 adiectionem
2906 1897 3034 1951 illud
3089 1895 3309 1964 accipit,
3364 1896 3533 1950 Pater

274 1990 304 2041 6
348 1990 536 2062 Πατὴρ
568 1992 915 2063 νοηθήσεται.
952 1993 1027 2047 Τὸ
1054 1994 1112 2047 δὲ
1142 1997 1200 2048 έν
1226 1995 1433 2061 τούτοις
1460 1997 1683 2063 ἄτοπον,
1714 2016 1857 2069 παρ-

272 2082 497 2139 εισοίσει
524 2082 584 2137 τὸ
610 2083 874 2149 ἐναντίον,
899 2085 1038 2156 ὅπερ
1065 2086 1181 2139 ἐστὶ
1205 2087 1299 2139 καὶ
1335 2086 1558 2158 ἀληθές.

940 2197 1148 2251 ΑΛΛΟ.

342 2304 427 2359 Τά
454 2306 740 2378 ἑτερογενῆ
767 2325 827 2361 τε
854 2309 948 2362 καὶ
974 2310 1238 2380 ἑτεροφυῆ
1259 2310 1357 2382 τὴν
1391 2312 1560 2383 αὐτὴν
1579 2313 1860 2384 ἐνέργειαν

275 2393 442 2463 ῑχειν,
470 2397 568 2449 οὐκ
596 2397 662 2450 ἀν
693 2415 777 2461 τις
811 2399 922 2468 δῴη
958 2400 1269 2469 σωφρονῶν.
1300 2402 1435 2455 Οὐδὲ
1461 2403 1570 2474 γάρ
1610 2404 1677 2458 ἂν
1704 2404 1859 2460 ὕδατι

277 2483 390 2558 πῦρ
413 2486 471 2539 ἓν
519 2504 572 2540 τι
612 2488 705 2542 καὶ
741 2489 938 2543 ταυτὸν
979 2491 1349 2561 ἐνεργήσειεν,
1380 2492 1497 2546 ἀλλ’
1534 2495 1723 2565 ὥσπερ
1755 2497 1862 2550 ἀπ-

276 2579 686 2650 εσχοινισμένον
743 2580 927 2651 έχουσι
951 2584 1049 2653 τῆς
1074 2583 1264 2647 οὐσίας
1305 2585 1427 2654 ἦτοι
1455 2585 1555 2655 τῆς
1573 2587 1862 2656 ποιότητος

274 2669 368 2722 τὸν
398 2669 575 2738 λόγον,
611 2672 754 2725 οὕτω
788 2674 884 2727 καὶ
912 2674 1169 2746 διάφορον
1197 2676 1541 2731 ἀποδώσουσι
1568 2678 1668 2749 τὴν
1710 2679 1861 2751 ἐνέρ-

276 2774 452 2827 γειαν.
483 2760 545 2815 Εί
578 2761 758 2815 τοίνυν
798 2762 945 2830 ζωῆς
978 2763 1130 2827 ὄντος
1150 2764 1291 2817 κατά
1320 2766 1484 2834 φύσιν
1499 2766 1593 2820 τοῦ
1625 2767 1857 2835 Πατρός,

274 2850 376 2903 οὐκ
407 2850 522 2905 ἐστι
568 2850 728 2905 τοῦτο
760 2853 882 2906 κατ’
906 2854 1096 2909 οὐσίαν
1124 2854 1153 2906 6
1184 2855 1334 2918 Υἱὸς,
1365 2855 1555 2927 ὥσπερ
1591 2858 1705 2919 τοῖς
1735 2874 1861 2927 χρι-

277 2938 569 3011 στομάχοις
593 2940 760 3005 δοκεῖ,
785 2942 901 3006 πῶς
918 2942 1016 3012 τὴν
1042 2942 1211 3014 αὐτὴν
1234 2944 1514 3015 ἐνέργειαν
1539 2946 1758 3016 φορέσει
1782 2946 1865 3017 τῷ

275 3030 490 3101 Πατρί;
519 3033 655 3103 Φησὶ
676 3033 783 3103 γάρ
818 3051 919 3087 που
954 3034 1209 3105 Χριστὸς,
1258 3035 1340 3087 ὅτι
1370 3035 1582 3106 Ὥσπερ
1615 3038 1643 3089 6
1670 3038 1860 3110 Πατὴρ

276 3121 372 3187 οὒς
406 3122 548 3177 θέλει
585 3124 855 3189 ζωοποιεῖ,
887 3124 1030 3178 οὕτω
1067 3124 1158 3178 καὶ
1185 3128 1213 3178 6
1247 3125 1374 3189 Υἱὸς
1417 3124 1511 3189 οὓς
1535 3127 1677 3180 θέλει
1719 3126 1856 3185 ζωο-

1960 2007 2176 2061 quoque
2205 1993 2307 2046 hoc
2330 2006 2452 2045 esse
2485 1990 2819 2045 censebitur.
2867 1987 2981 2043 Hoc
3029 2002 3163 2042 vero
3212 1987 3543 2052 absurdum,

1958 2080 2453 2151 neeessariojnl'ert
2484 2079 2852 2141 contrarium,
2884 2076 3025 2147 quod
3053 2085 3108 2132 et
3129 2091 3316 2131 verum
3353 2081 3463 2130 est.

2654 2189 2897 2246 ALIUD.

2029 2306 2160 2373 Qua:
2190 2304 2385 2361 diversi
2418 2312 2541 2359 sunt
2573 2305 2789 2376 generis
2813 2312 2867 2357 et
2906 2311 3146 2365 natura),
3192 2313 3357 2355 nemo
3380 2313 3535 2354 com-

1960 2415 2056 2469 pos
2088 2401 2282 2453 mentis
2306 2398 2549 2451 eamdem
2566 2396 2936 2465 onerationem
2988 2394 3189 2448 habere
3223 2393 3401 2457 dicet;
3438 2406 3538 2445 ne-

1960 2506 2066 2560 que
2085 2491 2227 2543 enim
2286 2490 2424 2558 ignis
2463 2496 2518 2541 et
2556 2503 2692 2557 aqua
2720 2487 2859 2542 idem
2923 2485 3187 2541 eiiicient:
3218 2486 3312 2540 sed
3343 2499 3545 2553 quem-

1961 2578 2248 2633 admodum
2301 2578 2569 2631 diversam
2624 2576 2823 2629 habent
2857 2576 3107 2630 essentia:
3129 2576 3244 2629 sive
3295 2572 3529 2641 qualita»

1963 2669 2032 2724 tis
2064 2670 2348 2731 rationem,
2379 2669 2449 2720 ita
2469 2667 2631 2720 etiam
2664 2666 2931 2720 diversam
2960 2663 3332 2733 Operationem
3350 2662 3541 2717 edent.

1964 2758 2020 2814 Si
2041 2773 2171 2827 ergo
2192 2772 2312 2812 cum
2346 2755 2507 2811 Pater
2527 2757 2599 2811 sit
2622 2752 2943 2810 naturaliter
2972 2754 3106 2816 vita,
3148 2752 3327 2807 Filius
3353 2752 3413 2806 id
3440 2766 3545 2803 na‘

1962 2848 2213 2903 turaliter
2256 2861 2360 2902 nou
2414 2855 2517 2908 est,
2586 2844 3037 2915 quemadmodum
3095 2845 3282 2898 hostes
3333 2841 3547 2897 Christi

1959 2940 2270 3009 opinantur,
2290 2953 2395 3006 quo
2410 2946 2568 3007 pacto
2583 2939 2825 2991 eamdem
2848 2951 2968 2991 cum
2992 2934 3550 3004 Patre§operationeur

1962 3031 2220 3089 habebit?
2262 3029 2439 3100 lnquit
2481 3029 2627 3082 enim
2674 3027 2871 3083 alicubi
2912 3025 3166 3080 Christus
3204 3024 3348 3094 quod
3378 3020 3551 3076 «Sic-

1963 3133 2022 3178 ut
2073 3123 2237 3177 Pater
2254 3137 2390 3191 quos
2421 3122 2530 3174 vult
2555 3120 2811 3183 vivificat,
2837 3119 2910 3172 ita
2945 3127 3000 3172 et
3024 3116 3192 3172 Filius
3232 3130 3373 3185 quos
3421 3115 3551 3169 vult;

278 3216 439 3267 ποιεῖ.
464 3214 540 3268 Οὐ
587 3214 697 3286 γάρ
713 3215 775 3286 δή
802 3232 903 3269 που
925 3215 1305 3281 ζωοποιεῶθαι
1329 3217 1427 3285 μὲν
1448 3218 1651 3290 ἑτέρως
1672 3220 1858 3290 ἐροῦσι

1962 3214 2197 3269 viviﬁcat
2219 3213 2286 3267 “.
2315 3233 2333 3265 ι
2358 3212 2541 3282 Neque
2559 3211 2701 3266 enim
2722 3208 2983 3263 vivificari
3004 3208 3551 3276 dicunturquotquot

276 3306 403 3369 τοὺς
434 3306 547 3361 ὅσοι
585 3308 736 3379 παρά
762 3308 856 3361 τοῦ
897 3308 1111 3379 Πατρὸς
1138 3307 1299 3362 τοῦτο
1326 3309 1684 3380 λαμϐάνουσι,
1721 3312 1859 3374 {too-

279 3399 550 3454 ποιεῖσθαι
586 3399 645 3453 δὲ
713 3400 875 3456 πάλιν
915 3402 1037 3455 καθ’
1070 3402 1256 3475 ἕτερον
1294 3404 1495 3473 τρόπον
1523 3404 1650 3468 τοὺς
1708 3405 1860 3476 παρὰ

277 3489 372 3544 τοῦ
407 3490 536 3544 Υίοῦ
584 3490 743 3546 τοῦτο
780 3493 1122 3563 δεχομένους.
1174 3493 1330 3548 Οῦτω
1378 3494 1487 3566 γὰρ
1513 3494 1682 3566 ἔφησε
1728 3496 1861 3560 ζωο-

278 3584 449 3635 ποιεῖν
474 3581 567 3635 τὸν
601 3584 842 3654 Πατέρα,
871 3583 948 3647 ὼς
981 3584 1046 3638 ἂν
1073 3586 1462 3655 ζωοποιήσειεν
1483 3588 1512 3639 6
1538 3587 1686 3651 Υἱὸς,
1718 3604 1859 3641 παν-

278 3672 444 3743 ταχοῦ
476 3672 576 3745 τὴν
624 3675 794 3745 αὐτὴν
824 3674 1105 3745 ἐνέργειαν
1129 3674 1319 3745 ἔχοντα
1346 3675 1424 3745 τῷ
1464 3677 1641 3748 Πατρὶ
1668 3677 1861 3732 ἑαυτὸν

278 3765 611 3835 ὁριζόμενος.
653 3764 861 3818 Οὐκοῦν
892 3765 992 3818 οὐκ
1021 3766 1271 3836 ἀνόμοιος
1302 3765 1452 3819 ἔσται
1486 3768 1622 3837 πρὸς
1657 3769 1749 3821 τὸν
1769 3785 1863 3837 γε-

282 3854 601 3924 γεννηκότα·
646 3853 763 3907 ἀλλ’
804 3854 993 3926 ὥσπερ
1030 3855 1237 3920 ἐκεῖνος
1276 3856 1439 3925 φύσει
1486 3855 1602 3928 ζωὴ
1642 3857 1863 3925 λέγεται

281 3944 377 3998 καὶ
407 3944 576 4012 ἐστιν,
606 3943 748 3998 οὕτω
778 3944 873 4000 καὶ
900 3946 929 3998 6
958 3945 1109 4009 Υἱός.

966 4058 1173 4112 ΑΛΛΟ.

351 4165 417 4220 Ei
443 4166 541 4239 τὴν
571 4167 828 4239 ἀλήθειαν
856 4168 977 4232 ταῖς
1026 4168 1273 4222 Ἰωάννου
1304 4171 1508 4237 φωναῖς
1535 4168 1863 4241 ἐπιψηφιού-

285 4257 447 4326 μεθα,
477 4257 652 4312 πάντα
699 4256 940 4327 δώσομεν
974 4256 1302 4329 ἐργάζεσθαι
1345 4258 1413 4312 δι’
1458 4257 1585 4311 Υίοῦ
1623 4260 1718 4312 τὸν
1751 4259 1863 4313 Πα-

279 4348 434 4420 τέρα.
474 4348 535 4400 Εί
569 4348 626 4401 δὲ
651 4348 830 4413 τοῦτο,
866 4347 924 4401 ἓν
955 4348 1011 4401 δὲ
1040 4348 1148 4401 τῶν
1179 4348 1356 4419 ἔργων
1392 4348 1487 4401 τοῦ
1519 4348 1733 4421 Πατρὸς
1766 4350 1861 4403 καὶ

280 4438 344 4491 τὸ
371 4436 653 4501 ζωοποιεῖν
678 4452 852 4500 τινας,
882 4437 1035 4490 ἔσται
1063 4436 1176 4506 ζωὴ
1215 4437 1357 4489 κατά
1382 4436 1542 4505 φύσιν
1568 4439 1596 4490 ὀ
1625 4437 1771 4503 Υἱὸς,
1793 4438 1860 4491 δι’

280 4526 345 4584 οῦ
376 4529 448 4583 τά
478 4528 657 4582 πάντα
710 4527 982 4591 ζωοποιεῖ,
1015 4529 1104 4583 ἶνα
1143 4526 1222 4597 μὴ
1247 4528 1398 4591 νόθος
1455 4529 1678 4599 μεσίτης
1714 4546 1858 4601 παρ-

281 4620 657 4689 εισαγόμενος,
701 4619 968 4689 ἀμέτοχον
986 4618 1132 4689 δείξῃ
1170 4617 1306 4672 Θεοῦ
1349 4618 1411 4672 τὸ
1442 4622 1509 4691 τῇ
1533 4620 1671 4691 πρὸς
1693 4621 1857 4676 αὐτὸν

283 4712 469 4782 σχέσει
493 4710 950 4781 ζωοποιούμενον.

969 4827 1175 4881 ΔΛΛΟ.

355 4940 420 4996 Ei
450 4941 676 5012 μεσίτης
706 4939 842 4994 Θεοῦ
871 4941 968 4995 καὶ
1008 4938 1311 5011 ἀνθρώπων
1339 4922 1487 4996 ἐστὶν
1520 4944 1549 4997 ὁ
1579 4942 1727 5009 Υίδς,
1751 4942 1861 4997 ὧσ-

281 5049 392 5104 περ
423 5034 501 5096 είς
546 5032 774 5103 ἑνότητα
808 5032 1042 5101 φυσικὴν
1087 5032 1373 5086 συνάπτων
1391 5034 1460 5086 τὰ
1494 5032 1658 5104 ἀκραο
1687 5036 1860 5102 ἀναγ-

281 5126 438 5175 καῖον
481 5123 656 5174 εἰπεῖν
690 5123 794 5187 ὅτι,
849 5120 1040 5193 ὥσπερ
1069 5121 1377 5193 ἀνθρώποις
1416 5124 1663 5196 συνήφθη
1697 5141 1858 5193 φυσι-

282 5214 396 5279 κῶς
435 5213 719 5285 ἄνθρωπος
752 5214 1010 5283 γεγονὼς.
1041 5213 1183 5267 οὕτω
1212 5216 1304 5268 καὶ
1342 5216 1438 5285 τῆς
1464 5214 1616 5278 θείας
1644 5214 1858 5286 φύσεως

281 5308 515 5378 ἤρτηται
536 5306 667 5369 Θεὸς
692 5306 832 5359 κατά
865 5304 1025 5374 φύσιν
1050 5306 1331 5377 ὑπάρχων.
1362 5308 1422 5359 Ei
1449 5307 1505 5360 δὲ
1532 5307 1710 5369 τοῦτο,
1735 5306 1858 5360 ἐπεὶ

280 5399 402 5451 κατ’
434 5397 620 5450 οὐσίαν
653 5396 746 5449 καὶ
782 5397 883 5450 οὐκ
910 5396 1107 5461 ἔξωθεν
1136 5396 1249 5467 ἔχει
1281 5397 1340 5449 τὸ
1372 5393 1511 5449 εἶναι
1546 5397 1659 5469 ζωὴ
1688 5399 1717 5450 6
1744 5399 1857 5451 Πα-

280 5492 406 5563 τὴρ,
433 5491 586 5544 ἔσται
614 5488 853 5554 τοιοῦτος
880 5490 974 5545 καὶ
1008 5493 1038 5546 6
1070 5490 1341 5562 προσεχὴς
1362 5489 1510 5561 αὐτῷ
1549 5490 1644 5544 καὶ
1668 5489 1724 5557 ὲξ
1758 5488 1859 5543 αὒ-

279 5582 376 5637 τοῦ
406 5584 546 5637 κατά
569 5581 730 5651 φύσιν
755 5581 901 5645 Υἱός.

1961 3320 1991 3359 a
2013 3303 2121 3360 Deo
2150 3304 2251 3358 hoc
2272 3303 2548 3373 accipiunt
2578 3319 2593 3355 :
2635 3299 2795 3353 aliter
2817 3312 2947 3353 vero
2969 3297 3060 3367 qui
3091 3312 3119 3350 a
3155 3296 3291 3351 Filio
3322 3295 3426 3351 hoc
3450 3312 3543 3350 ac-

1960 3396 2189 3466 cipiunt.
2216 3394 2349 3449 Nam
2371 3396 2559 3449 eadem
2598 3395 2808 3449 ratione
2837 3393 2975 3448 dixit
3007 3393 3223 3446 Patrem
3250 3389 3551 3446 viviiicarer

1959 3502 2064 3557 qua
2096 3488 2335 3541 viviﬁcat
2380 3486 2573 3549 Filius,
2609 3486 2896 3540 declarans
2940 3498 3000 3539 se
3038 3483 3183 3538 omni
3264 3497 3335 3536 ex
3385 3492 3543 3552 parte

1960 3582 2205 3636 eamdem
2241 3595 2365 3634 cum
2388 3578 2547 3632 Patre
2570 3577 2938 3647 Operatiouem
2998 3574 3220 3631 habere.
3268 3574 3551 3641 Quocirca

1960 3687 2066 3727 non
2090 3670 2519 3726 dissimilisesta
2561 3669 2755 3729 Patre;
2798 3668 2891 3721 sed
2917 3665 3166 3722 sicutille
3216 3665 3548 3720 naturaliter.

1962 3765 2073 3820 vita
2096 3764 2291 3820 dicitur
2317 3771 2372 3818 et
2391 3773 2494 3827 est,
2530 3762 2603 3815 ita
2626 3771 2680 3815 et
2714 3760 2903 3815 Filius.

2607 4048 2761 4105 AUU
2770 4047 2835 4103 Ι).

2035 4165 2091 4221 Si
2130 4164 2351 4220 Joannis
2383 4162 2563 4216 verbis
2602 4159 2762 4214 [idem
2803 4158 3143 4225 adhibemus,
3177 4157 3561 4214 concedamus

1962 4259 2178 4315 Patrem
2207 4258 2386 4312 omnia
2420 4255 2634 4324 operari
2663 4268 2758 4323 per
2791 4252 2987 4307 Filium
3017 4252 3084 4305 “.
3122 4250 3276 4317 Quod
3319 4253 3551 4320 quidem

1962 4350 2008 4405 si
2047 4364 2235 4404 verum
2266 4356 2389 4410 est,
2431 4358 2596 4399 unum
2641 4358 2769 4399 vero
2808 4359 2876 4397 ex
2929 4341 3181 4411 operibus
3218 4341 3396 4397 Patris
3456 4352 3553 4396 estv

1962 4439 2251 4497 nonnullos
2273 4437 2574 4501 viviﬁcure,
2615 4443 2760 4490 certe
2788 4436 3111 4487 naturaliter
3146 4435 3251 4487 vita
3295 4436 3399 4489 erit
3450 4433 3542 4488 Fi-

1893 4566 1937 4620 ο
1965 4532 2089 4596 lius,
2121 4544 2216 4599 per
2239 4543 2398 4597 quem
2423 4528 2608 4582 omnia
2630 4526 2892 4589 vivificat,
2927 4540 2994 4580 ne
3030 4526 3250 4591 spurius
3265 4527 3545 4581 mediator

1940 4622 2309 4677 introductus
2344 4634 2540 4689 expers
2564 4616 3007 4688 participationis
3065 4616 3155 4671 Dei
3179 4616 3431 4671 ostendat
3486 4616 3555 4671 id-

1966 4714 2109 4786 quod
2132 4721 2379 4784 respectu
2403 4710 2573 4781 ipsius
2602 4707 2933 4763 viviﬁcatum
2972 4716 3081 4763 est.

2632 4824 2870 4882 ALIUD.

2038 4942 2094 4998 Si
2127 4941 2297 4997 Filius
2328 4940 2595 4996 mediator
2640 4948 2724 4995 est
2765 4937 2859 4993 Dei
2915 4947 2971 4992 et
3026 4936 3304 4992 hominum
3329 4935 3398 5000 ⁸³,
3446 4936 3555 5004 qui.

1965 5043 2208 5089 extrema
2238 5032 2403 5087 veluti
2434 5032 2486 5086 in
2518 5032 2779 5085 unitatem
2813 5030 3083 5099 copulavit
3113 5045 3126 5081 :
3160 5028 3541 5081 necessarium-

1964 5133 2048 5180 est
2080 5134 2157 5190 ut,
2186 5124 2636 5193 quemadmodum
2665 5121 2974 5177 hominibus
3017 5117 3337 5172 naturaliter
3364 5134 3534 5186 copu-

1962 5216 2101 5270 latus
2127 5224 2379 5279 est,cutn
2414 5215 2588 5269 facula
2634 5224 2719 5268 est
2763 5213 2946 5277 homo,
3004 5211 3075 5265 ita
3127 5210 3292 5265 etiam
3343 5213 3557 5268 divinas-

1965 5313 2173 5359 naturze
2202 5304 2384 5359 unitus
2404 5305 2494 5369 sit,
2528 5305 2670 5359 Deus
2704 5318 2829 5358 vere
2891 5303 3182 5357 exsistens.
3240 5303 3297 5357 Si
3355 5315 3535 5357 autem

1963 5396 2065 5449 hoc
2095 5409 2280 5448 verum
2311 5405 2416 5461 est,
2442 5409 2568 5449 cum
2634 5393 3003 5451 essentialiter
3029 5406 3084 5449 et
3136 5410 3240 5449 non
3266 5396 3537 5448 extrinse-

1960 5500 2057 5541 eus
2088 5486 2140 5540 id
2166 5486 2363 5542 habeat
2393 5485 2556 5541 Pater
2584 5489 2726 5555 quod
2753 5486 2823 5542 sit
2852 5486 2960 5540 vita
2994 5502 3009 5539 :
3058 5486 3164 5541 erit
3190 5485 3353 5541 etiam
3418 5502 3536 5539 om-

1961 5576 2090 5630 nino
2116 5574 2240 5629 talis
2263 5575 2354 5645 qui
2400 5576 2451 5631 ei
2489 5575 2810 5647 coniunctus
2846 5585 2957 5644 est,
2981 5586 3035 5632 et
3080 5575 3401 5632 naturaliter
3468 5592 3547 5628 ex.

1962 5668 2079 5738 ipso
2110 5676 2194 5723 est
2220 5666 2409 5724 Filius.

356 5822 573 5879 "'Joan.
611 5838 717 5889 xiv.
751 5825 804 5880 9.
882 5824 927 5855 ⁸ο
950 5823 1103 5881 Joan.
1142 5840 1198 5890 ν,
1224 5822 1312 5880 Eii.
1392 5822 1431 5853 ¹¹¹
1461 5820 1618 5879 Joau.
1654 5837 1735 5891 ut,
1764 5821 1852 5877 55.

1958 5824 1975 5855 ³
1999 5821 2020 5876 ι
2048 5821 2292 5881 Timoth.
2336 5839 2397 5892 tt,
2434 5825 2487 5882 5.
