4072 6554
512 458 622 512 245

517 782 632 843 ipse
662 748 858 827 alicubi
890 748 955 825 de
984 768 1162 836 seipso
1196 764 1305 818 ait:
1343 780 1361 814 ι
1396 761 1509 826 Ego
1566 771 1683 811 sum
1743 748 2023 806 veritas“.
2058 764 2077 795 ι

522 839 578 918 Si
606 878 735 931 ergo
768 860 953 915 lictitia
995 858 1049 911 in
1070 858 1184 927 ipso
1207 854 1316 908 vita
1338 860 1441 914 est,
1477 864 1583 904 non
1614 854 1796 901 autem
1821 839 2086 896 essentia-

1537 438 1596 493 S.
1636 432 1910 491 CYRILLI
1949 417 2416 483 ALEXANDBINI
2452 409 2766 469 ARCHIEP.

1179 554 1412 609 ALIUD.
2111 546 2158 602 Δ

493 690 499 697 “
585 681 880 750 Scriptura;
908 676 1110 749 passim
1144 674 1337 727 Filium
1393 676 1590 723 vocant
1643 663 1960 722 Veritatem,
2030 665 2085 710 et
2158 704 2161 707 .

3664 387 3801 440 2N»

2866 540 3069 594 AAAO.

2256 664 2538 736 Πανταχοῦ
2568 664 2659 716 τὸν
2692 660 2817 713 Υίὸν
2847 658 2903 710 αἱ
2933 655 3071 707 θεῖαι
3094 646 3310 719 Γραφα“ι
3324 639 3585 697 καλοῦσιν
3614 634 3803 736 Ἀλῆιο

2190 723 2361 821 θείαν,
2384 723 2479 811 καί
2511 753 2671 814 αὐτὸς
2701 749 2756 802 δὲ
2786 747 2912 817 περὶ
2935 739 3128 797 ἑαυτοῦ
3150 735 3307 790 τοῦτό
3334 749 3497 803 φησιν
3516 745 3531 760 ο
3560 748 3579 779 ι
3624 723 3801 791 Ἐγώ

2190 852 2325 918 εἰμι,
2351 817 2546 914 λέγων,
2584 844 2617 911 ἡ
2644 838 2889 909 ἀλήθεια.
2934 853 2952 885 ι
2993 833 3056 885 El.
3093 828 3270 881 τοίνυν
3297 820 3703 892 διεψευσμένον
3730 817 3804 867 ἐν

523 908 577 918 ν.
608 908 731 931 ψη,
1428 908 1437 914 ,

521 957 648 1008 liter
677 968 741 1006 ac
773 966 920 1017 vere,
948 964 1055 1018 quo
1084 954 1243 1017 pacto
1273 958 1376 998 non
1408 940 1700 996 mentietur
1726 935 1916 988 dicens
1946 930 2090 994 seip-

2230 908 2338 1009 ότῷ
2369 908 2437 989 τὸ.
2463 936 2563 1004 τῆς
2605 908 2758 1000 -ζωῆς
2789 929 3038 998 πρᾶγμα,
3077 922 3172 974 καὶ
3200 919 3299 972 οὐκ
3340 913 3619 975 οὐσιῶδες,
3644 908 3801 962 οὐδὲ

521 1056 643 1097 sum
673 1055 793 1095 esse
826 1036 1151 1092 veritatem?
1179 1032 1340 1101 Atqui
1404 1045 1510 1084 non
1540 1025 1835 1080 mentitur:
1866 1020 2089 1086 impium

522 1132 665 1187 enim
686 1131 787 1185 hoc
818 1129 901 1183 vel
929 1129 1041 1183 sola
1074 1125 1404 1195 cogitatione
1438 1118 1601 1175 fuerit
1636 1133 1649 1169 :
1684 1114 1883 1169 veritas
1911 1118 2089 1165 autem

524 1233 625 1276 est.
652 1219 790 1277 Vere
824 1220 986 1287 igitur
1013 1218 1121 1273 vita
1153 1224 1256 1271 est.

1100 1415 1256 1487 ηε
1290 1410 1522 1467 ALIUD.

596 1533 652 1587 Si
687 1532 872 1587 notitia
911 1530 1089 1585 Patris
1115 1527 1350 1582 viviﬁcat
1405 1540 1499 1579 eos
1537 1523 1627 1592 qui
1665 1521 1809 1574 illam
1863 1519 2086 1579 nabent,

527 1628 762 1681 vivilicat
791 1638 917 1678 vero
946 1620 1193 1676 similiter
1218 1619 1380 1672 etiam
1412 1613 1599 1670 notitia
1663 1611 1782 1665 Filii
1820 1628 1832 1662 :
1868 1624 1975 1677 quo
2003 1624 2098 1676 pa-

529 1727 615 1773 cto
640 1732 743 1771 nou
777 1712 937 1768 luerit
962 1709 1285 1765 naturaliter
1308 1707 1472 1769 idem,
1493 1704 1583 1773 qui
1638 1701 1817 1755 Patris
1850 1699 2098 1769 proprie-

528 1818 663 1863 tates
688 1805 823 1861 adeo
852 1803 1180 1860 excellentes
1208 1800 1371 1854 habet
1397 1797 1450 1851 in
1474 1809 1532 1850 se
1602 1805 1764 1863 atque
1812 1794 1929 1860 ipse
1994 1789 2098 1843 Pa-

518 1900 647 1957 ter?
2134 1878 2175 1931 Β

702 2010 934 2071 ALIUD.
973 2024 1063 2078 per
1097 2006 1452 2061 reductionem
1517 2001 1585 2054 ad
1613 2000 1923 2053 absurdum.

608 2142 627 2174 ι
657 2121 1120 2189 Quemadmodum
1153 2117 1315 2171 Pater
1336 2156 1350 2180 ,
1386 2114 1559 2183 inquit
1606 2112 1907 2180 Scriptura,
1942 2110 2107 2163 habet

486 2230 487 2233 ‘
535 2216 699 2268 vitam
736 2214 788 2267 in
819 2213 1019 2280 seipso,
1059 2211 1130 2263 ita
1162 2192 1217 2262 et
1254 2206 1391 2260 Filio
1428 2205 1575 2258 dedit
1609 2202 1807 2256 habere
1862 2199 2025 2253 vitam
2053 2202 2104 2252 in

543 2304 742 2371 seipso.
785 2320 803 2353 ι
843 2299 941 2354 llic
984 2298 1073 2366 qui
1126 2304 1271 2351 recte
1317 2292 1519 2348 sentire
1567 2291 1792 2353 nolunt,
1834 2301 2106 2342 summum

542 2394 892 2461 blasphemia:
923 2386 1216 2459 periculum
1258 2386 1558 2438 incurrunt.
1590 2381 1718 2433 Nam
1751 2379 1794 2433 si
1826 2378 1986 2431 Pater
2026 2376 2109 2429 di-

544 2488 685 2543 citur
720 2486 920 2538 habere
959 2482 1011 2535 in
1049 2480 1226 2547 seipso
1250 2477 1437 2538 vitam,
1471 2474 1740 2528 diversum
1807 2469 1933 2538 quid
1962 2478 2047 2523 est
2080 2482 2107 2519 a

540 2582 649 2635 vita
681 2593 799 2647 qua:
843 2576 894 2629 in
945 2588 1003 2628 se
1057 2580 1160 2627 est.
1231 2570 1286 2624 Si
1343 2578 1520 2622 autem
1585 2567 1687 2621 hoc
1741 2562 2110 2632 duplicitatem

530 2670 827 2745 quamdam
863 2678 918 2722 et
949 2664 1390 2731 compositionem
1446 2660 1651 2713 inferre
1698 2656 1951 2715 videtur,
2005 2668 2113 2723 quo

543 2772 696 2831 pacto
720 2762 882 2828 igitur
934 2757 1159 2825 simplex
1188 2766 1242 2810 et
1294 2770 1400 2808 non
1454 2750 1786 2819 compositus
1816 2745 2112 2802 secundum

544 2854 834 2908 essentiam
867 2859 949 2905 est
976 2848 1155 2902 Deus?
1187 2847 1290 2901 Sed
1349 2846 1451 2899 hoc
1508 2843 1807 2898 absurdum
1842 2846 1949 2893 est.
1987 2836 2113 2890 Vita

546 2946 709 3013 igitur
731 2958 890 3013 quam
934 2941 1096 2994 habet
1133 2938 1291 2989 Pater
1326 2937 1378 2989 in
1411 2933 1609 3003 seipso,
1643 2946 1750 2987 non
1811 2938 1894 2984 est
1925 2926 2031 2980 alia
2064 2935 2120 2979 et

544 3038 753 3087 diversa
784 3031 1025 3099 quaedam
1051 3044 1081 3082 a
1114 3025 1286 3080 Filio:
1316 3036 1369 3080 et
1412 3024 1677 3087 vicissim,
1727 3020 1836 3075 vita
1886 3032 2009 3088 quae
2062 3016 2115 3070 in

547 3127 679 3181 Filio
731 3134 813 3179 est
844 3138 947 3177 non
986 3130 1092 3186 est,
1143 3120 1355 3173 diversa
1406 3133 1433 3170 a
1470 3116 1654 3179 Patre,
1686 3122 1741 3168 et
1782 3126 1910 3167 vere
1945 3110 2115 3166 dicit:

550 3235 568 3267 ι
613 3217 723 3283 Ego
758 3215 809 3266 in
834 3211 1092 3277 Patre,et
1130 3206 1288 3262 Pater
1318 3208 1371 3260 in
1399 3220 1483 3259 me
1506 3205 1571 3259 ⁸⁸,
1609 3222 1626 3255 ι

1236 3318 1467 3375 ALIUD.

620 3439 750 3505 Quae
779 3440 885 3492 Deo
916 3451 978 3490 ac
1001 3434 1149 3489 Patri
1169 3434 1375 3496 insunt,
1400 3432 1677 3486 naturales
1722 3438 1777 3485 et
1809 3430 2123 3485 essentiales

551 3531 910 3600 proprietates
946 3540 1147 3582 vocans
1181 3524 1400 3587 Paulus,
1437 3523 1632 3575 alicubi
1682 3522 1755 3576 ita
1788 3522 1864 3575 ait
1896 3538 1909 3574 :
1948 3539 1965 3570 ι
2023 3518 2122 3584 Qui

553 3624 701 3677 solus
740 3620 899 3676 habet
933 3618 1395 3673 immortalitatem
1430 3617 1498 3671 ⁸⁸.
1527 3637 1545 3667 ι
1574 3615 1629 3669 Si
1689 3630 1817 3668 vero
1851 3614 2122 3683 quispiam

554 3720 739 3769 dicens
767 3711 1251 3776 immortalitatem,
1280 3709 1411 3763 nihil
1451 3709 1589 3762 aliud
1613 3722 1707 3777 per
1754 3708 1804 3761 id
1864 3705 2128 3774 intelligat

553 3824 711 3877 quam
752 3807 937 3867 vitam.
962 3806 1065 3856 vita
1098 3812 1275 3856 autem
1297 3812 1380 3856 est
1407 3799 1577 3855 Filius
1609 3800 1794 3854 dicens
1828 3814 1840 3849 :
1873 3798 1981 3867 Ego
2008 3812 2127 3850 sum

554 3903 660 3954 vita
681 3901 763 3966 3';
795 3913 925 3967 ergo
942 3895 1281 3951 Paterhabet
1315 3894 1365 3947 in
1397 3893 1572 3960 seipso
1624 3890 1814 3951 vitam,
1871 3889 2127 3943 nimirum

556 3993 748 4049 Filium
779 4010 792 4046 :
828 4004 1002 4059 neque
1037 3989 1305 4041 diversum
1339 3986 1466 4054 quid
1499 3999 1527 4037 a
1567 3998 1646 4038 se.
1680 3981 1800 4050 Ipse
1851 3980 2012 4035 etiam
2060 3979 2132 4032 si-

555 4085 751 4140 militer
783 4083 1050 4136 exsistens
1074 4079 1204 4146 vita,
1235 4076 1381 4131 dedit
1411 4078 1648 4143 seipsum
1678 4072 1845 4132 Filio;
1880 4086 1985 4125 non
2005 4080 2128 4123 tau-

556 4191 719 4245 quam
764 4187 962 4241 corpus
996 4170 1209 4238 corpori
1237 4169 1604 4232 committens,
1645 4180 1823 4234 neque
1877 4173 2133 4230 tanquam

557 4267 756 4322 cedens
785 4263 921 4318 Filio
941 4278 1093 4316 suam
1120 4262 1533 4331 hypostasim,et
1556 4260 1815 4325 deinceps
1832 4270 1951 4311 esse
1975 4269 2133 4309 suum

560 4361 614 4415 in
640 4358 776 4412 Filio
805 4357 1048 4420 habens;
1089 4355 1180 4408 sed
1223 4352 1494 4407 exsistens
1539 4351 1589 4404 id
1619 4348 1761 4418 quod
1788 4361 2003 4415 semper
2055 4352 2138 4399 est

2192 1001 2466 1099 ἀληθινὸν,
2502 1001 2618 1087 πῶς
2650 1024 2710 1075 οὐ
2745 1019 3005 1090 ψεύσεται
3050 1013 3224 1081 λέγων
3268 1007 3460 1061 ἑαυτὸν
3505 1001 3650 1057 εἶναι
3673 1001 3804 1069 τὴν

2193 1094 2481 1192 ἁλήθειανς
2530 1113 2690 1167 Ἀλλὰ
2730 1113 2835 1181 μὴν
2864 1108 2923 1161 οὐ
2967 1104 3220 1175 ψεύδεται
3245 1118 3257 1129 ⁸
3289 1098 3450 1152 τοῦτο
3496 1096 3610 1163 γὰρ
3644 1094 3804 1144 ἀσε-

2195 1181 2294 1274 ϐὲς.
2332 1210 2425 1263 καὶ
2467 1206 2626 1277 μόνον
2679 1202 2910 1254 ἐννοεῖν·
2943 1192 3172 1262 ἀλήθεια
3216 1189 3272 1241 δέ
3317 1190 3486 1243 ἐστιν,
3519 1183 3639 1237 Οὐκ
3667 1181 3801 1249 ἄρα.

2150 1340 2157 1351 .
2194 1298 2577 1370 διεψευσμένον
2616 1294 2726 1365 ἔχει
2756 1292 2818 1345 τὸ
2857 1284 2998 1342 εἶναι.
3028 1284 3165 1353 ζωή.

2878 1397 3080 1451 ΑΛΛΟ.

2266 1524 2330 1578 Ei
2363 1520 2613 1588 ζωοποιεῖ
2638 1514 2733 1570 τοῦ
2762 1510 2972 1581 Πατρδς
3000 1510 3033 1577 ἡ
3057 1506 3255 1574 γνῶσις
3274 1501 3399 1561 τοὺς
3429 1497 3659 1567 ἔχοντας
3689 1490 3801 1543 αὒο

2196 1619 2315 1688 τὴν,
2364 1584 2619 1679 ξωοποιεῖ
2658 1610 2715 1662 δὲ
2753 1605 2955 1677 ὁμοίως
2989 1600 3086 1654 καὶ
3124 1600 3157 1668 ἡ
3202 1594 3297 1648 τοῦ
3334 1589 3487 1653 Υἱοῦ,
3529 1586 3654 1647 πῶς
3685 1584 3801 1636 οὐκ

2198 1675 2350 1760 asks:
2374 1675 2506 1755 ’κατ’
2533 1698 2721 1753 οὐσίαν
2744 1697 2772 1747 6
2790 1675 2977 1752 αὐτὸς,
3006 1691 3034 1741 6
3069 1688 3187 1748 ταῖς
3213 1682 3307 1737 τοῦ
3335 1678 3550 1750 Πατρδς
3586 1675 3800 1740 ἰδιότη-

2201 1815 2283 1851 σιν
2315 1794 2457 1849 οὖτω
2495 1786 2832 1858 διαπρέπων,
2862 1780 2938 1843 ὡς
2971 1778 3037 1832 ἂν
3079 1776 3128 1829 εί
3163 1772 3256 1827 καὶ
3302 1769 3461 1831 αὐτὸς
3490 1769 3518 1820 6
3552 1764 3795 1833 Πατήρς

2384 1992 2587 2055 ΑΛΛΟ,
2620 1988 2718 2041 διὰ
2747 1983 2855 2052 τῆς
2882 1983 2967 2047 είς
3006 1978 3234 2032 ἄτοπον
3261 1965 3604 2039 ἀπαγωγῆς.

2281 2132 2299 2163 ι
2324 2111 2539 2175 Ὥσπερ
2559 2105 2587 2155 6
2607 2100 2820 2170 Πατὴρ,
2844 2095 3029 2165 φησὶν,
3051 2090 3163 2161 ἔχει
3184 2085 3327 2157 ζωὴν
3344 2086 3402 2135 ὲν
3423 2078 3623 2149 ἑαυτῷ,
3642 2076 3800 2129 οὕτω

2208 2202 2302 2256 καὶ
2339 2198 2415 2268 τῷ
2443 2168 2558 2264 Υἱῷ
2573 2168 2780 2246 δέδωκε
2798 2187 2941 2258 ζωὴν
2969 2184 3110 2254 ἔχειν
3136 2183 3193 2233 ὲν
3224 2175 3428 2246 ἑαυτῷο
3465 2192 3483 2225 ι
3519 2168 3801 2223 Ἐνταῦθα

2207 2295 2317 2354 tot;
2351 2261 2452 2341 οίικ
2505 2261 2747 2337 ἐθέλουσι
2796 2280 2934 2333 νοεῖν
2966 2272 3161 2342 ὀρθῶς.
3201 2270 3280 2332 είς
3335 2263 3534 2335 πολλὴν
3563 2265 3593 2316 6
3633 2261 3800 2328 λόγος

2210 2353 2543 2438 κινδυνεύσει
2579 2368 2892 2441 δυσφημίαν
2949 2364 3221 2418 ἐκπεσεῖν.
3277 2360 3340 2411 Εἰ
3379 2356 3490 2425 γὰρ
3535 2353 3681 2423 ἔχειν
3742 2353 3801 2403 ἐν

2213 2471 2390 2542 ἑαυτῷ
2427 2469 2645 2536 λέγεται
2675 2462 2819 2533 ζωὴν
2846 2462 2874 2512 6
2904 2456 3117 2525 Πατὴρ,
3150 2450 3337 2520 ἕτερόν
3366 2448 3419 2500 τί
3450 2448 3600 2499 ἐστιν
3630 2443 3801 2504 αὐτὸς

2214 2536 2374 2636 παρα
2419 2560 2515 2631 τὴν
2548 2560 2604 2611 ὲν
2651 2553 2799 2623 αὐτῷ
2838 2551 3003 2620 ζωήν.
3060 2547 3123 2600 Εἰ
3152 2544 3211 2597 δὲ
3260 2540 3418 2595 τοῦτο
3468 2536 3665 2606 διπλόη
3714 2551 3802 2636 τὶς

2215 2659 2403 2724 ὥσπερ
2425 2653 2517 2705 καὶ
2545 2648 2792 2709 σύνθεσις
2833 2645 2960 2712 περὶ
2988 2638 3148 2694 αὑτὸν
3174 2633 3525 2705 νοηθήσεται,
3560 2628 3680 2689 πῶς
3700 2621 3802 2679 οὖν

2217 2717 2419 2809 ἀπλοῖλς
2440 2745 2533 2799 καὶ
2561 2740 2809 2800 σύνθετος
2832 2735 2948 2788 κατ’
2978 2731 3164 2785 οὐσίαν
3192 2730 3220 2780 6
3248 2725 3414 2788 056;;
3453 2720 3613 2774 Ἀλλὰ
3637 2717 3802 2772 τοῦτο

2216 2843 2438 2897 ἄτοπον.
2481 2837 2546 2889 Ἠ
2568 2833 2678 2902 ζωὴ
2723 2831 2827 2902 ἄρα
2853 2829 2918 2898 ἣν
2960 2824 3072 2895 ἔχει
3104 2824 3131 2874 6
3162 2818 3352 2888 Πατὴρ
3380 2819 3438 2870 ὲν
3468 2813 3667 2883 ἑαυτῷ,
3700 2810 3803 2902 οὐχ

2219 2932 2381 3001 ἑτέρα
2403 2928 2486 2990 τίς
2516 2926 2633 2978 ἐστι
2669 2901 2837 2989 παρὰ
2864 2918 2954 2969 τὸν
2997 2913 3157 2967 Υίόν’
3191 2912 3287 2964 και
3320 2908 3483 2961 πάλιν
3513 2908 3548 2976 ἡ
3596 2906 3657 2957 ὲν
3683 2901 3802 3001 rio

2220 2987 2354 3090 ζωίλ,
2389 2987 2487 3086 οὐχ
2515 3013 2675 3082 ἑτέρα
2709 2987 2790 3069 τίς
2820 3010 2934 3059 ἐστι
2966 3001 3117 3071 παρὰ
3148 2998 3237 3051 τὸν
3269 2994 3510 3065 Πατέρα,
3544 2990 3641 3044 καὶ
3670 2987 3804 3053 ἁλη-

2222 3081 2368 3163 θεύει
2394 3081 2653 3175 mqu
2699 3096 2841 3166 Ἐγὼ
2886 3096 2944 3149 ἐν
2991 3093 3065 3163 τῷ
3096 3088 3269 3159 natth
3300 3086 3395 3142 καὶ
3436 3084 3466 3135 6
3506 3081 3699 3151 Πατὴρ
3745 3082 3806 3133 ἐν

2145 3209 2188 3268 C
2221 3201 2361 3272 ἐμοί.
2403 3218 2419 3248 l

2910 3295 3113 3349 ΑΛΛΟ.

2294 3421 2375 3475 Τὰ
2409 3416 2678 3489 προσόντα
2702 3410 2779 3483 τῷ
2806 3408 2923 3481 Θεῷ
2950 3408 3042 3462 καὶ
3066 3405 3240 3476 Πατρὶ
3261 3402 3467 3472 φυσικά
3500 3418 3558 3454 τε
3594 3399 3689 3453 καὶ
3718 3397 3803 3450 οὐ·

2227 3516 2389 3584 σιώδη
2417 3513 2587 3579 λέγων
2640 3504 2925 3574 ἰδιώματα,
2969 3499 3102 3570 φησί
3137 3514 3239 3550 που
3273 3494 3515 3556 Παῦλος*
3549 3512 3568 3543 ‹
3620 3492 3678 3545 Ὀ
3712 3491 3805 3559 μό-

2227 3626 2313 3670 νος
2347 3581 2484 3675 ἔχων
2540 3597 2856 3654 ἀθανασίαν.
2908 3612 2925 3645 ι
2971 3592 3036 3645 Εἰ
3083 3589 3261 3642 τοίνυν
3292 3585 3443 3639 οὐδὲν
3495 3581 3684 3653 ἕτερόν
3726 3598 3806 3642 τις

2228 3671 2452 3769 ὁριεῖεαι
2484 3692 2658 3759 λέγων
2691 3688 2788 3755 τὴν
2816 3682 3117 3737 ἀθανασίαν
3152 3677 3303 3749 παρὰ
3329 3676 3429 3747 τὴν
3469 3675 3633 3743 ζωὴν,
3668 3671 3807 3740 αὕτη

2230 3764 2285 3842 δὲ
2317 3790 2464 3839 ἐστιν
2508 3786 2534 3836 6
2573 3781 2701 3843 Υἱὸς
2737 3781 2765 3831 6
2798 3777 3005 3841 λέγων’
3072 3771 3213 3839 Ἐγώ
3235 3772 3347 3839 εἰμι
3385 3770 3418 3837 ἡ
3447 3765 3581 3836 ζωὴ,
3634 3764 3663 3814 6
3695 3764 3806 3815 Πα-

2232 3881 2333 3952 τὴρ
2364 3878 2477 3948 ἔχει
2511 3873 2653 3945 ζωὴν
2680 3873 2735 3924 ἐν
2778 3865 2974 3935 ἐαυτῷ,
3002 3864 3094 3917 τὸν
3131 3862 3258 3916 Υἱὸν
3290 3860 3554 3930 δηλονότι,
3589 3856 3684 3908 καὶ
3713 3856 3808 3922 οὐχ

2232 3970 2416 4041 ἕτερόν
2442 3986 2493 4020 τι
2516 3964 2645 4034 παρ’
2673 3960 2857 4017 αὑτὸν.
2890 3956 3060 4019 Αὐτός
3084 3972 3143 4007 τε
3164 3953 3365 4024 ὁμοίως
3385 3952 3643 4019 ὑπάρχων
3675 3947 3809 4015 ζωὴ,

2234 4037 2462 4112 δέδίυκεν
2494 4052 2683 4107 ἑαυτὸν
2715 4049 2793 4119 τῷ
2826 4045 2940 4114 Υἱῷ
2965 4062 2977 4075 ’
3022 4046 3120 4113 οὐχ
3149 4042 3223 4104 ὡς
3257 4040 3415 4110 σῶμα
3459 4038 3714 4108 χωρήσας
3758 4037 3807 4085 ὲν

2239 4149 2472 4219 σώματι,
2493 4145 2598 4199 οὐδ’
2621 4143 2696 4205 ὠς
2722 4141 2801 4211 τῷ
2825 4140 2939 4209 Υίῳ
2966 4134 3379 4206 παραχωρήσας
3400 4130 3497 4202 τὴν
3528 4129 3663 4183 ἰδίαν
3690 4129 3807 4179 ὑπὸ

2480 4238 2573 4292 καὶ
2597 4238 2654 4288 ἐν
2678 4233 2827 4302 αὐτῷ
2846 4230 3029 4283 λοιπὸν
3046 4227 3107 4279 τὸ
3131 4224 3269 4279 εἶναι
3292 4224 3432 4294 ἔχων
3458 4239 3468 4253 ·
3502 4221 3614 4276 ἀλλ’
3641 4220 3806 4288 ὑπάρ-

3732 4314 3807 4367 Τῆ

2241 4258 2449 4305 στασιν,

2239 4352 2348 4406 χιον
2380 4332 2478 4403 μὲν
2514 4328 2659 4384 τοῦθ’
2692 4329 2829 4396 ὅπερ
2863 4325 3010 4377 ἐστὶν
3055 4323 3143 4375 ἀιεῖ¹
3188 4318 3378 4389 Πατὴρ
3424 4318 3517 4371 καὶ
3550 4314 3698 4377 θεός.

560 4452 723 4509 Pater
756 4467 819 4505 ac
862 4449 1021 4503 Deus.
1048 4446 1305 4501 Essentize
1335 4460 1462 4498 vero
1498 4444 1805 4508 identitate,
1849 4449 1903 4494 et
1929 4448 2124 4492 natura

2239 4428 2295 4479 δὲ
2323 4426 2423 4494 τῆς
2455 4422 2643 4484 οὐσίας
2670 4418 2960 4486 ταυτότητι
2994 4414 3087 4466 καὶ
3132 4415 3195 4481 τῇ
3233 4411 3328 4479 τῆς
3360 4409 3576 4478 φύσεως
3609 4406 3805 4472 ἑνότητί

563 4547 770 4599 unitate
793 4539 1137 4598 inellabiliter
1167 4555 1290 4594 cum
1321 4538 1495 4593 Verbo
1518 4536 1664 4605 quod
1688 4550 1754 4591 ex
1784 4548 1841 4589 se
1872 4530 2140 4601 processit

564 4635 867 4704 copulatus.

1233 4739 1469 4796 ALIUD.

638 4860 981 4928 Qnrecunque
1012 4855 1332 4911 naturaliter
1354 4870 1416 4908 ac
1444 4849 1812 4907 essentialiter
1855 4847 2005 4901 Patri
2062 4845 2140 4899 in-

566 4972 685 5007 esse
716 4953 991 5014 dicuntur,
1024 4949 1112 5003 illa
1133 4947 1315 5003 omnia
1347 4943 1639 4999 estFilius.
1677 4941 1837 4996 Solus
1863 4939 2024 4992 Pater
2054 4951 2145 4991 ve-

570 5065 661 5100 rus
709 5046 848 5099 Deus
878 5054 982 5107 est,
1037 5043 1162 5109 quia
1183 5041 1331 5094 solus
1368 5038 1533 5092 habet
1576 5035 1771 5089 Filium
1821 5033 2091 5087 dicentem
2127 5047 2140 5082 :

569 5140 679 5205 Ego
708 5153 824 5190 sum
858 5136 1061 5189 veritas
1090 5134 1158 5187 ⁸⁷.
1211 5130 1441 5199 Sapiens
1503 5142 1565 5179 ac
1612 5135 1806 5193 potens
1850 5120 2101 5177 similiter
2129 5157 2142 5183 ,

570 5230 694 5296 quia
720 5227 966 5281 Christus
1000 5224 1089 5279 Dei
1126 5222 1391 5292 patentia,
1421 5230 1475 5272 et
1527 5218 1619 5271 Dei
1659 5213 1945 5282 sapientia.
1986 5209 2146 5264 Solus

572 5322 770 5375 dicitur
797 5319 1097 5373 inhabitare
1142 5316 1317 5369 lucem
1374 5309 1802 5366 inaccessibilem
1861 5306 1945 5362 ⁸³;
1988 5304 2151 5358 habet

572 5416 718 5466 enim
748 5411 803 5465 in
832 5409 1010 5477 seipso
1040 5408 1307 5462 dicentem
1337 5420 1350 5456 :
1389 5403 1500 5473 Ego
1541 5418 1657 5456 sum
1705 5398 1815 5452 lux.
1859 5397 2017 5450 Solus
2054 5397 2151 5449 itit-

579 5502 963 5557 iuortalitatem
988 5499 1188 5552 habere
1218 5497 1437 5561 dicitur,
1466 5493 1591 5563 quia
1618 5492 1779 5545 habet
1798 5491 1849 5542 in
1869 5504 1928 5542 se
1955 5486 2150 5540 Filium

577 5594 846 5649 dicentem
880 5611 892 5644 :
929 5589 1040 5660 Ego
1069 5603 1187 5643 sum
1213 5588 1345 5643 vita.
1401 5585 1459 5639 Si
1518 5600 1645 5653 ergo
1689 5580 1948 5651 quidquid
2004 5574 2155 5629 Patri

578 5685 856 5759 proprium
891 5692 995 5749 est,
1026 5683 1128 5737 hoc
1169 5682 1344 5751 ipsum
1395 5686 1479 5732 est
1506 5675 1708 5731 Filius:
1734 5686 1857 5727 cum
1886 5668 2047 5722 Pater
2078 5667 2158 5720 di-

655 5860 1025 5928 "loan.x1v,
1055 5862 1110 5915 b'.
1187 5858 1228 5890 ⁸⁵
1283 5856 1409 5912 ibid.
1453 5854 1535 5909 li).

1630 5854 1671 5883 ⁸⁸⁸
1698 5852 1714 5905 l
1739 5846 1973 5902 Tiutoth.
2011 5861 2082 5899 vr.
2131 5841 2213 5897 16.

2243 4518 2378 4589 πρὸς
2413 4516 2500 4568 τὸν
2523 4514 2580 4580 ἐξ
2604 4510 2767 4566 αὑτοῦ
2793 4509 3123 4582 προελθόντα
3140 4505 3311 4573 Λόγον
3339 4500 3665 4570 ἁπορῤήτως
3692 4514 3805 4548 συν·

2242 4611 2330 4667 δού
2341 4626 2517 4681 μενος.

2940 4716 3143 4769 ΛΛΛΟ.

2316 4839 2458 4890 Ὅσα
2501 4838 2777 4907 προσεῖναι
2809 4832 3026 4899 λέγεται
3051 4826 3128 4897 τῷ
3201 4824 3326 4894 ατρὶ
3357 4819 3607 4890 φυσικῶς
3642 4834 3699 4868 τε
3728 4817 3806 4868 καὶ

2234 4928 2541 4992 νούσιωδῶς,
2570 4926 2740 4980 ταῦτα
2768 4925 2945 4978 πάντα
2973 4921 3119 4974 ἐστὶν
3146 4920 3173 4972 6
3199 4917 3345 4977 Υἱός.
3372 4913 3550 4974 Μόνος
3578 4907 3806 4979 ἀληθινὸς

2250 5025 2466 5091 λέγεται
2499 5017 2628 5082 Θεὸς
2673 5020 2700 5070 6
2738 5017 2947 5085 Πατὴρ,
2994 5010 3185 5081 ἐπειδὴ
3232 5008 3389 5079 μόνος
3424 5004 3539 5074 ἔχει
3582 5002 3671 5053 τὸν
3698 4999 3800 5052 Tib‘

2253 5090 2344 5170 τὸν
2402 5115 2661 5180 λέγοντα·
2741 5107 2881 5175 Ἐγώ
2931 5108 3047 5176 είμι
3091 5104 3125 5173 ἡ
3199 5097 3448 5169 ἀλήθεια.
3512 5093 3681 5161 Σοφδς
3730 5090 3805 5143 ml

2253 5179 2708 5273 Buvatbg6poiio;
2728 5198 2850 5252 ἐπεὶ
2876 5194 3106 5264 Χριστὸς
3135 5188 3270 5243 Θεοῦ
3296 5187 3551 5256 δύναμις,
3580 5181 3671 5235 καὶ
3693 5179 3809 5233 Θεοῦ

2254 5298 2433 5366 σοφία.
2471 5270 2644 5354 Μόνος
2692 5290 2910 5358 λέγεται
2949 5288 3066 5353 φῶς
3116 5282 3284 5335 οἰκεῖν
3339 5275 3668 5347 ἀπρόσιτον*
3715 5270 3811 5339 ἔχει

2255 5362 2360 5460 γὰρ
2384 5390 2439 5440 ἐν
2480 5383 2654 5453 ἐαυτῷ
2681 5383 2771 5434 τὸν
2800 5379 3025 5446 λέγοντα
3046 5390 3059 5403 '
3095 5370 3235 5440 Ἐγώ
3264 5370 3377 5438 εἰμι
3411 5366 3471 5419 τὸ
3505 5364 3641 5432 φῶς.
3662 5362 3813 5421 Μόνος

2257 5449 2400 5550 ἐχειν
2433 5449 2729 5531 ἀθανασίαν
2775 5471 3014 5539 λέγεται·
3039 5466 3148 5536 ἔχει
3189 5462 3297 5531 γὰρ
3332 5460 3389 5510 ὲν
3422 5453 3601 5523 ἐαυτῷ
3624 5451 3709 5505 τὸν
3741 5449 3792 5501 λέ
3834 5466 3843 5488 ε

2260 5540 2424 5639 κοντα
2454 5569 2579 5621 Υἰόν
2600 5583 2613 5596 ’
2665 5563 2804 5634 Ἐγώ
2827 5564 2941 5631 εἰμι
2976 5561 3008 5629 ἡ
3039 5557 3173 5625 ζωή.
3206 5554 3267 5623 Εἰ
3309 5549 3488 5603 τοίνυν
3529 5544 3742 5614 σύμπαν
3768 5540 3809 5591 τί
3834 5546 3841 5562 ’

2261 5635 2354 5717 toﬁ
2385 5660 2593 5731 Πατρὸς
2623 5659 2777 5719 ἴδιον,
2812 5653 2970 5707 τοῦτό
3013 5651 3160 5702 ἐστιν
3194 5648 3223 5698 6
3250 5643 3401 5707 Υἱὸς,
3442 5639 3572 5691 ὅταν
3616 5635 3813 5701 λέγηται

2848 5832 2885 5859 ³⁷
2922 5828 3049 5882 Ibid.

2310 5842 2351 5869 εί
2382 5837 2531 5891 .luun.
2574 5851 2677 5897 κιγ,
2716 5834 2765 5884 li.
2848 5832 2885 5859 ⁵³⁷
2922 5828 3049 5882 Ibid.
3133 5826 3176 5853 "
3206 5824 3225 5874 Ι
3261 5815 3500 5873 Timollt.
3534 5828 3609 5879 VI,
3646 5809 3719 5863 16.
