4072 6530
239 422 347 478 245

1660 413 2103 477 THESAURUS.

3388 412 3507 469 ειη

240 542 391 615 ζωὴν
419 542 564 614 ἔχειν
585 544 614 597 6
634 543 824 616 Πατὴρ
850 546 908 599 ἐν
928 543 1127 615 ἐαυτῷ,
1150 544 1240 598 τὸν
1268 544 1396 597 Υίὸν
1428 544 1704 614 σημαίνει,
1730 541 1824 595 καὶ

1936 545 2082 592 catur
2107 534 2312 589 habere
2338 532 2506 587 vitam
2528 532 2580 587 in
2609 532 2811 602 seipso,
2841 532 3035 589 Filium
3085 534 3375 619 Signiﬁcat,
3396 528 3541 623 non;

241 635 341 705 οὐχ
363 634 551 707 ἔτερόν
580 653 633 689 τι
662 637 791 704 παρ’
814 636 992 691 αὐτόν.
1042 636 1335 707 ’Υπάρχων
1362 635 1417 688 δὲ
1453 636 1547 688 καὶ
1579 634 1740 698 αὐτὸς
1768 634 1826 686 ἐν

246 725 364 796 Υίῷ
386 729 527 782 κατὰ
548 729 607 781 τὸ
632 729 730 797 τῆς
751 728 938 791 οὐσίας
958 727 1397 799 ἀπαράλλακτον.
1430 728 1524 781 καὶ
1544 724 1658 799 ζωὴ
1685 728 1825 781 κατὰ

248 818 412 885 φύσιν
440 818 535 885 ὢν,
567 818 797 872 δέδωκεν
828 818 1018 871 ἑαυτὸν
1041 817 1208 889 αὐτῷ.

932 1021 1133 1074 ΑΛΛΟ.

318 1130 439 1201 Ζωὴ
471 1130 612 1185 κατὰ
644 1131 807 1198 φύσιν
854 1133 1118 1203 ὑπάρχων
1150 1136 1179 1187 6
1208 1135 1357 1198 Υἱὸς,
1393 1135 1641 1205 δέχεσθαι
1675 1136 1825 1207 παρὰ

248 1219 341 1272 τοῦ
397 1222 608 1292 Πατρὸς
662 1223 867 1295 ταύτην
917 1226 1102 1295 φησιν,
1143 1227 1241 1296 οὐχ
1376 1228 1548 1294 Λόγος
1593 1229 1740 1280 ἐστὶν
1790 1228 1821 1297 ἢ

248 1311 588 1380 ἀπαύγασμα
617 1314 865 1381 φυσικῶς
903 1316 1021 1386 ἔχει
1043 1319 1110 1371 τὰ
1152 1318 1245 1370 τοῦ
1281 1320 1492 1390 Πατρὸς
1518 1320 1646 1383 ίδια,
1689 1319 1827 1373 ἀλλὰ

252 1401 388 1453 καθὸ
418 1402 640 1469 γέγονεν
685 1404 992 1472 ἄνθρωπος,
1022 1401 1067 1475 ᾧ
1111 1409 1289 1461 πάντα
1331 1409 1606 1464 θεόσδοτα.
1640 1413 1827 1464 Κατα-

251 1487 438 1563 ἅτήσει
477 1493 533 1548 δέ
568 1495 724 1548 τοῦτο
754 1498 924 1565 σαφὲς
963 1500 1019 1552 ἐν
1060 1503 1174 1563 τοῖς
1206 1501 1426 1571 ἐφεξῆς,
1457 1501 1553 1555 τοῦ
1580 1503 1824 1556 δεδόσθαι

247 1582 347 1654 τὴν
376 1584 555 1637 αίτίαν
588 1584 972 1656 ἐξηγούμενος.
1019 1588 1298 1653 Ἐξουσίαν
1324 1591 1454 1663 γὰρ,
1483 1592 1667 1662 φησὶν,
1692 1592 1826 1645 ἔδω-

247 1690 345 1727 κεν
380 1674 529 1744 αὐτῷ
556 1676 739 1745 κρίσιν
760 1681 954 1742 ποιεῖν,
977 1681 1059 1733 ὅτι
1092 1681 1217 1745 Υἱὸς
1241 1682 1529 1753 ἀνθρώπου
1556 1684 1723 1742 ἐστίν,
1761 1685 1823 1737 Εί

244 1764 302 1816 δὲ
346 1765 644 1838 ἐπειδήπερ
678 1768 800 1830 Υἱὸς
833 1769 1122 1840 ἀνθρώπου
1168 1773 1306 1837 ἐστὶ,
1340 1774 1437 1844 τὴν
1465 1775 1557 1828 ἐπὶ
1596 1775 1676 1845 τῷ
1706 1776 1824 1844 κρί-

1928 627 2131 696 aliquid
2179 641 2210 680 a
2286 638 2345 680 se
2388 624 2685 682 diversum.
2776 624 3059 680 Exsistcns
3140 639 3272 681 vero
3338 618 3505 681 etiam

1928 719 2042 786 ipse
2092 718 2145 771 in
2193 714 2328 769 Filio
2376 722 2595 785 propter
2653 714 3032 770 omnimodam
3116 717 3366 771 essentia:
3428 718 3506 771 si-

1929 806 2307 872 militudinem,
2335 821 2456 862 cum
2480 806 2647 860 etiam
2698 805 3031 858 'naturaliter
3074 804 3146 860 sit
3192 807 3324 874 vita,
3358 807 3508 861 dedit

1929 898 2002 952 illi
2025 898 2282 967 seipsum.

2518 1006 2679 1080 ιω
2701 1005 2930 1064 ALIUD.

1995 1120 2165 1177 Filius
2200 1122 2307 1176 vita
2347 1124 2667 1177 naturaliter
2694 1124 2988 1183 exsisteus.
3020 1135 3140 1176 eam
3173 1134 3232 1176 se
3266 1136 3303 1175 a
3344 1123 3509 1178 Patre

1928 1213 2175 1281 accipere
2205 1213 2355 1281 dicit,
2385 1230 2489 1267 nou
2519 1222 2786 1282 quatenus
2822 1212 3059 1267 Verbum
3090 1221 3293 1277 est,ant
3319 1213 3500 1281 splen-

1926 1304 2026 1357 dor
2057 1303 2380 1360 naturaliter
2410 1304 2618 1360 habens
2662 1318 2785 1372 quae
2828 1303 3006 1357 Patris
3065 1304 3297 1372 propria,
3337 1314 3511 1371 sunt,

1929 1394 2022 1449 sed
2050 1403 2318 1463 quatenus
2344 1395 2517 1450 factus
2548 1404 2632 1450 est
2662 1396 2845 1458 homo,
2870 1394 2957 1448 cui
2980 1395 3160 1448 omnia
3188 1396 3355 1450 ιιι)εο
3383 1395 3510 1450 data

1929 1497 2075 1543 sunt.
2106 1487 2259 1555 Quod
2290 1488 2466 1557 ipsum
2498 1487 2553 1542 in
2608 1486 2966 1556 sequentibus
3013 1495 3201 1555 aperte
3242 1486 3510 1551 declarat;

1928 1595 2149 1635 causam
2202 1595 2301 1633 cur
2337 1579 2461 1634 data
2514 1578 2585 1633 sit
2612 1578 2913 1649 explicans.
2947 1576 3281 1632 Potestatem
3336 1577 3508 1643 enim,

1928 1672 2122 1739 inquit,
2152 1670 2298 1725 dedit
2320 1670 2369 1724 ei
2398 1670 2661 1737 judicium
2688 1669 2891 1733 facere,
2920 1669 3046 1739 quia
3078 1662 3249 1723 Filius
3271 1669 3511 1723 hominis

1926 1771 2009 1815 εει
2033 1761 2096 1814 ⁸⁸.
2130 1758 2187 1814 Si
2222 1776 2348 1814 vero
2379 1760 2506 1829 quia
2556 1758 2727 1814 Filius
2768 1759 3006 1813 hominis
3036 1768 3139 1821 cst,
3189 1767 3510 1828 potestatem

246 1874 358 1910 νειν
396 1857 643 1923 ἐξουσίαν
684 1861 961 1931 εἰληφέναι
1006 1863 1243 1932 λέγεται,
1289 1866 1380 1918 τὸν
1418 1867 1579 1920 αὑτὸν
1626 1868 1827 1920 ἀνακυ-

1936 1851 2493 1917 iudicaudiaccepisse
2520 1851 2740 1913 dicitur,
2779 1851 2969 1905 eodem
3011 1850 3173 1904 modo
3209 1860 3523 1920 repetentes

246 1945 558 2012 κλώσαντες
601 1950 755 2018 λόγον
796 1952 1061 2023 ἐροῦμεν
1103 1954 1318 2025 Ἐπειδὴ
1371 1956 1497 2021 Υἱὸς
1536 1958 1825 2030 ἀνθρώπου

1936 1939 2016 1994 dic
2033 1956 2189 1994 emus
2219 1953 2234 1991 :
2272 1939 2409 2003 Quia
2434 1939 2604 1993 Filius
2626 1939 2861 1994 hominis
2913 1939 3087 1993 factus
3107 1948 3211 2003 est,
3252 1941 3510 1995 similitu-

244 2035 456 2104 γέγονε,
487 2038 585 2110 τὴν
616 2042 908 2112 ὁμοιότητα
931 2045 1167 2115 φορέσας
1201 2045 1307 2097 τῶν
1334 2047 1483 2118 παρὰ
1514 2048 1651 2101 Θεοῦ
1677 2050 1827 2119 δέχε-

1936 2031 2107 2085 dinem
2129 2044 2323 2099 gerens
2340 2045 2531 2084 eorum
2570 2030 2660 2100 qui
2702 2030 2965 2100 quidquid
2996 2030 3225 2095 habent,
3244 2045 3272 2084 a
3296 2032 3403 2087 Deo
3423 2048 3513 2087 ac-

248 2126 373 2179 σθαι
406 2128 474 2181 τὰ
510 2130 685 2184 πάντα
729 2136 1071 2201 πεφυκότων,
1120 2137 1213 2189 καὶ
1252 2136 1396 2208 ζωὴν
1430 2139 1708 2210 εἰληφέναι
1734 2142 1825 2193 λέ-

1936 2122 2171 2189 cipiunt,
2206 2121 2373 2175 vitam
2410 2136 2631 2189 quoque
2690 2121 2974 2189 accepisse
3021 2119 3255 2186 dicitur;
3302 2123 3403 2177 soli
3448 2139 3513 2176 ac

245 2232 420 2282 γεται,
464 2218 599 2289 μόνῃ
634 2221 725 2273 καὶ
753 2225 935 2292 γυμνῇ
970 2226 1036 2293 τῇ
1073 2222 1194 2294 θείᾳ
1224 2223 1381 2290 φύσει
1407 2227 1611 2296 τηρῶν,
1643 2228 1737 2278 καὶ
1768 2226 1828 2278 τὸ

1936 2212 2086 2265 nudae
2110 2212 2306 2265 divina:
2326 2220 2532 2266 natura:
2568 2213 2618 2265 id
2643 2226 2948 2275 reservans,
2972 2211 3115 2280 quod
3141 2211 3343 2266 nullius
3386 2229 3517 2279 par-

248 2309 484 2377 μετοχῆς
512 2327 656 2372 τινος
682 2312 1029 2367 ἀνεπίδεκτον
1063 2314 1157 2367 καὶ
1182 2313 1242 2366 τὸ
1260 2314 1517 2370 δύνασθαι
1550 2319 1664 2379 τοῖς
1692 2319 1827 2369 πᾶσι

1936 2301 2256 2368 ticipatiouis
2278 2317 2447 2371 capax
2482 2303 2574 2365 sit,
2599 2304 2852 2372 quodque
2886 2302 3068 2357 omnia
3121 2304 3373 2358 omnibus
3404 2304 3516 2358 lar-

247 2398 318 2450 τὰ
349 2399 523 2452 πάντα
552 2404 806 2470 χορηγεῖν

737 2544 1101 2633 ΛΟΓΟΣ
1174 2541 1323 2632 IE'.

245 2694 355 2770 Εἷς
400 2694 464 2770 tt?
491 2695 562 2751 ἐν
606 2699 737 2770 ταῖς
779 2703 1148 2769 Παροιμίαις,
1189 2721 1207 2753 ι
1250 2703 1467 2770 Κύριος
1512 2701 1715 2755 ἐκτισέ
1758 2719 1833 2769 με

317 2765 517 2841 είρχὴν
566 2768 723 2841 ὁδῶν
778 2765 1279 2841 αὑὲοῇείδὲργα
1334 2765 1545 2825 boias.
1584 2773 1712 2841 "Ott
1742 2765 1829 2833 ἑὸ,

266 2856 269 2857 ⁷
318 2833 551 2909 δ’ἕῖιξῖεν,
584 2840 662 2909 .οὺ
694 2842 844 2909 κατὰ
872 2838 982 2907 τῆς
1011 2833 1228 2904 οὗσίὰέ·
1258 2842 1365 2896 τοῦ
1394 2843 1587 2909 Λόγου
1612 2839 1828 2894 κεῖταιο

314 2903 459 2956 οὐδὲ
495 2907 718 2975 κτίσμα
756 2908 790 2975 ἣ
823 2903 1049 2978 ποίὴξμα
1087 2914 1119 2964 ό
1163 2903 1313 2975 Υἱός.

320 3077 385 3130 Ol
416 3078 515 3148 τῆς
558 3080 766 3151 ’Δρείου
798 3084 993 3152 μανίας
1022 3085 1323 3155 προστάται
1354 3084 1451 3156 τὴν
1480 3085 1692 3139 ἑαυτῶν
1714 3086 1834 3139 άσέο

1930 2390 2106 2458 giatur
2141 2401 2303 2460 atque
2320 2392 2655 2462 suppeditet.

2293 2544 2870 2635 ASSERTIO
2947 2551 3148 2638 XV.

1936 2693 1999 2746 Ιιι
2026 2692 2157 2775 illud
2190 2694 2329 2763 quod
2361 2696 2418 2775 in
2442 2695 2575 2748 libro
2630 2694 3035 2775 Prot'crbiorum
3086 2700 3304 2761 dicitur,
3353 2718 3371 2749 ι
3408 2699 3521 2775 Do»

2004 2766 2174 2815 minus
2203 2767 2390 2816 creauit
2426 2780 2505 2815 me
2561 2766 2879 2830 principium
2933 2770 3137 2819 viarum
3202 2785 3419 2821 suarum
3458 2771 3522 2822 in-

2004 2848 2160 2896 opem
2188 2850 2285 2884 sua
2307 2834 2372 2885 9°.
2410 2852 2427 2883 ι
2462 2831 2612 2896 Quod
2680 2835 2888 2887 verbum
2932 2835 3100 2899 illud,
3150 2840 3373 2899 creavit.
3411 2853 3516 2891 non

2007 2901 2071 2952 de
2093 2905 2313 2954 essentia
2356 2901 2516 2973 Verbi
2565 2904 2810 2967 dicatur;
2845 2906 3083 2973 quodque
3118 2904 3285 2960 Filius
3313 2923 3415 2960 non
3447 2911 3523 2959 sit

2005 2981 2250 3022 creatura
2286 2972 2361 3025 vel
2401 2988 2550 3039 opus.

2002 3084 2384 3151 Quiiusaniam
2415 3084 2532 3139 Arli
2555 3093 2829 3139 sectantur
2863 3099 2927 3139 ac
2960 3095 3201 3151 tuentur,
3237 3087 3517 3142 verisimili

251 3169 406 3223 ϐειαν
446 3171 711 3237 πιθανοῖς.
746 3174 819 3237 ὡς
860 3176 1083 3238 οἴονται,
1118 3177 1553 3243 καλλωπίζοντες
1598 3180 1828 3249 ῥήμασι,

1938 3176 1988 3229 ἰιι
2024 3176 2257 3243 speciem
2291 3176 2539 3229 oratione
2565 3176 2901 3243 impietatem
2925 3190 3079 3230 suam
3109 3178 3382 3242 fucautes,
3440 3180 3517 3231 ita

250 3259 498 3328 λέγουσι·
542 3263 765 3334 κτίσμα
794 3266 942 3319 ἐστὶν
974 3268 1002 3319 6
1036 3267 1181 3330 Υἱὸς,
1218 3268 1334 3321 ἀλλ’
1380 3269 1477 3338 οὐχ
1508 3269 1583 3332 ὡς
1620 3269 1677 3321 ἓν
1724 3270 1832 3324 τῶν

1936 3266 2121 3321 dicunt
2153 3283 2165 3318 :
2194 3265 2361 3322 Filius
2388 3278 2473 3320 est
2500 3276 2781 3329 creatura,
2841 3269 2935 3322 sed
2988 3284 3091 3323 non
3127 3278 3380 3337 tanquam
3413 3284 3521 3323 una

246 3352 567 3423 κτισμάτων
587 3370 601 3384 ·
636 3356 850 3428 ποίημά
878 3359 1046 3421 ἐστιν,
1079 3358 1193 3411 ἀλλ’
1222 3361 1320 3430 οὐχ
1348 3360 1424 3423 ὡς
1449 3360 1507 3413 ἓν
1543 3360 1648 3413 τῶν
1679 3378 1833 3430 ποιη-

254 3442 470 3512 μάτων
513 3445 762 3516 γέννημά
802 3448 970 3514 ἐστιν,
1012 3448 1127 3503 ἀλλ’
1168 3451 1267 3521 οὐχ
1296 3451 1373 3515 ὡς
1411 3452 1470 3504 ἓν
1494 3451 1603 3505 τῶν
1644 3468 1835 3521 γεννη-

255 3551 464 3603 ματων.

442 3650 598 3717 Πρὸς
636 3650 825 3705 ταῦτα
854 3652 1067 3719 λύσεις
1099 3653 1322 3725 ἐφεξῆς
1348 3656 1639 3727 διάφοροι.

326 3760 387 3810 Εἰ
431 3760 641 3829 ποίημά
670 3761 819 3814 ἐστιν
853 3762 881 3813 6
914 3763 1058 3827 Υἱὸς,
1096 3764 1211 3829 πῶς
1240 3766 1337 3837 οὐχ
1368 3768 1423 3821 ἓν
1456 3769 1565 3823 τῶν
1596 3774 1835 3843 ποιημά-

250 3867 397 3909 τωνς
422 3851 515 3903 καὶ
555 3853 603 3903 εί
645 3852 781 3915 ὅλως
816 3854 1041 3925 κτίσμα,
1088 3856 1202 3919 πῶς
1235 3858 1333 3928 οὐχ
1368 3857 1425 3910 ἓν
1449 3858 1557 3912 τῶν
1604 3865 1836 3933 κτισμά-

252 3958 402 4008 των;
439 3943 594 3996 Ἔστι
644 3945 751 4015 γὰρ
780 3944 937 3998 τοῦτο
981 3948 1196 4016 φρονεῖν
1235 3947 1593 4015 γελοιότατον.
1625 3953 1687 4004 El
1727 3953 1834 4024 γάρ

251 4032 391 4097 ὅλως
430 4034 722 4105 κτίσμασιν
750 4036 783 4105 ἢ
819 4037 1119 4106 ποιήμασιν
1158 4038 1257 4091 οὐκ
1287 4038 1434 4093 ἐστιν
1462 4042 1775 4113 ἐναρίθμιος
1808 4047 1836 4098 6

1936 3367 2354 3421 creaturarum;
2407 3372 2542 3425 opus
2584 3366 2690 3423 εει,
2747 3359 2841 3413 sed
2881 3374 2985 3413 non
3031 3359 3198 3412 veluti
3243 3374 3406 3412 unum
3448 3375 3518 3412 ει

1936 3450 2218 3516 operibus;
2246 3464 2468 3519 germen
2504 3458 2613 3513 est,
2674 3451 2768 3504 sed
2792 3465 2900 3505 non
2929 3449 3088 3519 quasi
3108 3465 3273 3503 unum
3302 3464 3371 3503 ex
3394 3464 3519 3519 ger-

1940 3539 2201 3594 minibus.

2160 3649 2337 3705 Varia:
2362 3653 2519 3721 hujus
2544 3661 2865 3721 operntroms
2900 3652 3317 3720 cortfutalioues-

2005 3762 2060 3815 Si
2089 3762 2256 3815 Filius
2285 3773 2367 3817 est
2397 3777 2554 3830 opus,
2602 3778 2711 3832 quo
2761 3772 2917 3830 pacto
2965 3777 3070 3817 non
3119 3763 3221 3816 erit
3254 3777 3418 3815 unum
3448 3777 3521 3818 εκς

1935 3854 2226 3921 operibus?
2248 3863 2301 3907 et
2323 3855 2368 3908 si
2414 3854 2634 3907 omnino
2657 3862 2905 3906 creatura
2937 3860 3057 3917 est,
3097 3851 3366 3920 quomodo
3412 3865 3537 3905 non

1936 3946 2041 3999 erit
2069 3958 2176 3997 una
2209 3959 2277 3999 ex
2311 3943 2625 3998 creaturis?
2673 3941 2770 3996 Est
2816 3943 2960 3997 enim
3008 3943 3110 3997 hoc
3162 3944 3521 3996 vehementer

1940 4035 2221 4090 ridiculum
2248 4034 2506 4105 cogitatu.
2544 4032 2683 4087 Nam
2709 4033 2754 4087 si
2786 4034 2836 4086 iu
2882 4031 3194 4088 universum
3253 4033 3522 4087 creaturis

252 4125 407 4189 Υἱὸς,
432 4126 555 4179 οὔτε
592 4127 795 4198 κτίσμα
827 4128 892 4181 ἂν
913 4130 995 4199 εἴη
1028 4127 1151 4181 οὔτε
1181 4130 1413 4201 ποίημα.
1433 4133 1497 4186 Εί
1524 4133 1581 4185 δὲ
1612 4135 1832 4207 ἐκτίσθη

1937 4126 2307 4196 autoperibus
2338 4143 2440 4181 uon
2483 4135 2895 4188 annumeretur,
2928 4135 3076 4179 certe
3138 4140 3315 4194 neque
3367 4139 3519 4179 crea-

252 4217 378 4269 καθ’
410 4217 552 4286 ὑμᾶς
582 4218 673 4270 καὶ¹
708 4218 1020 4288 πεποίηται,
1053 4218 1169 4281 πῶς
1197 4220 1297 4272 οὐκ
1326 4222 1638 4291 ἀναγκαίως
1674 4224 1749 4289 ὡς
1778 4226 1836 4279 ἓν

250 4306 409 4362 ἔσται
440 4308 549 4362 τῶν
586 4309 895 4378 γενομένων
916 4325 930 4373 ;

946 4598 1150 4650 AAAO.

325 4713 492 4768 Φασὶν
518 4713 601 4766 ὅτι
629 4711 845 4782 ποίημά
866 4711 1011 4763 ἐστιν
1035 4712 1063 4763 6
1096 4710 1243 4777 Υἱὸς,
1271 4711 1386 4765 ἀλλ’
1414 4714 1511 4783 οὺχ
1536 4714 1611 4778 ὡς
1644 4716 1700 4768 ἒν
1727 4717 1837 4770 τῶν

252 4804 597 4875 ποιημάτων.
648 4804 758 4857 Καὶ
797 4802 1077 4872 νομίζουσι
1122 4802 1241 4873 μὲν,
1278 4803 1550 4875 ἐξαίρετόν
1600 4826 1722 4862 τινα
1749 4808 1836 4862 διὰ

250 4896 446 4951 τούτου
478 4896 774 4967 προσάγειν
801 4894 948 4965 αὐτῷ
971 4896 1071 4967 τὴν
1090 4896 1275 4967 τιμὴν,
1302 4898 1600 4971 ἐπειδήπερ
1626 4900 1837 4971 ποίημα

256 4988 359 5055 μὲν
385 4985 541 5054 εἶναι,
570 4990 630 5041 οὐ
656 4989 763 5059 μὴν
796 4988 871 5051 ὡς
900 4987 959 5040 ἓν
984 5005 1035 5041 τι
1061 4989 1170 5041 τῶν
1203 4990 1524 5061 ποιημάτων
1554 4993 1839 5061 ὁμολογοῦ-

256 5095 344 5130 σιν
375 5078 555 5131 αὑτόν.
605 5078 742 5131 Ἀλλ’
766 5080 915 5132 οὐδὲν
940 5081 997 5131 ἐν
1025 5079 1200 5151 τούτῳ
1222 5081 1281 5133 τὸ
1304 5080 1578 5151 ἐξαίρετον
1602 5100 1615 5113 θ
1642 5083 1838 5136 ἀλλ”ἒν

250 5188 307 5225 τι
340 5173 436 5226 καὶ
468 5164 628 5235 αὐτὸς
669 5171 778 5223 τῶν
822 5172 997 5225 ἄλλων
1030 5174 1299 5242 φανεῖται.
1334 5174 1478 5235 Ἕως
1508 5175 1613 5246 γὰρ
1650 5173 1716 5227 ἂν
1750 5176 1837 5227 ἐπ’

253 5263 422 5317 αὐτοῦ
461 5264 523 5317 τὸ
574 5263 904 5332 πεποιῆσθαι
938 5267 1134 5335 κρατῇ,
1185 5266 1277 5316 καὶ
1320 5260 1459 5317 εἶναι
1510 5265 1715 5335 κτίσμα
1749 5282 1841 5319 πι-

257 5354 536 5425 στεύηται,
563 5355 715 5408 οὐδέν
736 5372 788 5407 τι
812 5354 921 5407 τῶν
950 5354 1125 5409 ἄλλων
1152 5353 1293 5407 κατὰ
1321 5353 1478 5407 τοῦτο
1498 5355 1707 5420 διοίσει,
1730 5356 1835 5410 κᾶν

251 5450 546 5524 διαλλάττῃ
577 5450 718 5504 κατὰ
747 5450 846 5522 τὴν
886 5450 1067 5519 φύσιν,
1098 5449 1130 5520 ἢ
1163 5449 1304 5502 κατά
1342 5467 1462 5502 τινα
1493 5451 1693 5520 τρόπον
1725 5450 1842 5504 ἕτε-

259 5556 372 5611 ρον.
402 5539 557 5591 Οῦτω
586 5541 692 5609 γὰρ
739 5541 803 5594 ἄν
835 5556 919 5602 τις
955 5537 1145 5608 ἔχοντα
1182 5537 1367 5606 βλέποι
1396 5538 1464 5591 τὰ
1497 5539 1839 5609 πεποιημένα

253 5631 409 5702 παρὰ
451 5630 588 5684 Θεοῦ
635 5632 939 5703 συγκρίνων
986 5632 1123 5701 πρὸς
1158 5629 1379 5700 ἄλληλα.
1440 5631 1676 5702 Εὑρήσει
1731 5629 1838 5702 γὰρ

334 5809 380 5838 ⁸⁸
406 5806 560 5861 Juau.
597 5824 646 5872 ν,
683 5808 774 5861 2'2.
851 5808 893 5836 ’°
922 5808 1076 5858 l‘rnv.
1114 5822 1225 5865 \'!ll,
1260 5805 1347 5858 2‘2.

1939 4228 2079 4281 tura,
2114 4234 2288 4286 neque
2321 4233 2456 4285 opus
2486 4218 2668 4271 fuerit.
2698 4216 2755 4271 Si
2789 4231 2916 4271 vero
2944 4217 3101 4286 juxta
3142 4227 3375 4270 vestram
3406 4216 3522 4285 opi-

1938 4310 2153 4364 nionem
2189 4320 2409 4363 creatus
2448 4318 2503 4362 et
2552 4308 2727 4363 factus
2776 4319 2882 4373 est,
2911 4307 3182 4377 quomodo
3215 4323 3319 4361 non
3361 4307 3523 4361 fuerit

1939 4404 2247 4457 necessario
2277 4412 2528 4472 tanquam
2562 4418 2726 4455 unum
2751 4403 2952 4472 aliquid
2986 4416 3543 4458 exuumeroeorum:

1942 4508 2060 4548 (tua:
2087 4492 2227 4549 facta
2252 4502 2308 4547 ει
2331 4503 2514 4548 creata
2552 4492 2715 4547 sunt?

2604 4602 2832 4658 ALIUD.

2012 4715 2206 4770 Filium
2238 4731 2375 4787 opus
2398 4732 2518 4772 esse
2549 4718 2723 4781 aiunt,
2754 4717 2855 4772 sed
2883 4731 2989 4772 non
3039 4726 3298 4788 tanquam
3353 4733 3521 4772 unum

1944 4823 2006 4862 cx
2039 4810 2315 4878 Operihus.
2349 4808 2417 4864 Et
2452 4809 2671 4880 quidem
2699 4810 3017 4864 existimant
3065 4824 3125 4864 se
3159 4809 3261 4863 hac
3312 4809 3525 4865 ratione

1945 4901 2203 4955 eximium
2251 4902 2541 4972 quemdam
2626 4902 2887 4957 honorem
2960 4900 3034 4955 illi
3081 4899 3319 4963 deferre,
3380 4902 3523 4968 quod

1946 5002 2254 5047 creaturam
2279 4994 2497 5062 quidem
2521 4991 2671 5046 illum
2690 5006 2812 5047 esse
2840 4992 3040 5052 dicant,
3071 5004 3177 5043 non
3209 4999 3387 5044 tamen
3408 4990 3517 5043 vel-

1947 5084 2025 5136 uti
2083 5098 2245 5137 unam
2282 5098 2313 5138 e
2363 5099 2591 5137 numero
2614 5093 3007 5137 creaturarum.
3066 5080 3336 5134 Catterum
3390 5081 3521 5134 nihil

1948 5175 2001 5227 in
2026 5175 2127 5229 hoc
2153 5184 2239 5230 est
2266 5175 2561 5240 eximium;
2598 5175 2756 5246 147
2791 5174 2886 5229 sed
2920 5188 3084 5226 unum
3126 5171 3339 5240 aliquid
3383 5172 3533 5228 inter

1945 5268 2049 5319 alia
2071 5275 2255 5321 creata
2277 5266 2575 5335 apparebit.
2610 5266 2864 5331 Quaudiu
2889 5264 3033 5318 enim
3060 5266 3126 5317 de
3160 5276 3227 5317 eo
3282 5263 3387 5319 dici
3424 5280 3522 5334 p0-

1940 5357 2066 5410 tcrit
2088 5356 2288 5411 factum
2314 5366 2539 5420 esse,‘et
2568 5366 2820 5410 creatura
2854 5370 2978 5410 esse
3036 5356 3290 5410 credetur
3320 5368 3335 5409 :
3389 5356 3523 5411 nihil

1941 5449 2009 5502 ab
2040 5447 2105 5501 iis
2137 5447 2237 5502 hac
2267 5448 2317 5500 in
2347 5457 2498 5518 parte
2529 5448 2765 5512 tlill‘eret,
2785 5446 3002 5501 tametsi
3059 5447 3272 5502 ratione
3296 5458 3521 5511 natum,

1943 5547 2035 5593 aut
2062 5539 2168 5594 alio
2203 5540 2381 5611 aliquo
2407 5541 2567 5595 modo
2602 5540 2672 5593 sit
2707 5522 3071 5609 prastaittior.
3094 5539 3172 5594 Ita
3195 5538 3341 5594 enim
3378 5537 3527 5592 vide-

1945 5647 2005 5689 rc
2032 5642 2111 5689 est
2140 5633 2341 5690 habere
2380 5648 2438 5689 se
2461 5649 2579 5705 qure
2606 5649 2636 5689 a
2669 5633 2777 5690 Dco
2805 5640 2986 5691 creata
3025 5638 3174 5700 sunt,
3212 5629 3258 5687 si
3300 5628 3421 5701 quis
3455 5643 3518 5683 ea
