4072 6540
542 393 653 452 υτ
1521 386 1581 442 S.
1620 386 1893 443 CYRILLI
1933 383 2400 443 ALEXANDRINI
2441 383 2762 442 ARCHIEP.
3690 395 3820 449 τις

536 508 688 571 inter
734 517 796 562 se
843 500 1110 559 conferat.
1153 498 1397 555 inveniet
1454 498 1597 553 enim
1657 498 1746 553 illa
1786 499 2100 555 excellentia

2229 499 2349 553 ιὺτά
2374 500 2469 554 καὶ
2487 500 2610 563 ταῖς
2638 500 2933 572 ὑπεροχαῖς
2953 501 3187 555 νικῶντα
3218 502 3477 567 πολλάκις
3503 503 3576 557 τὰ
3596 505 3810 575 ἔτερα,

536 593 769 666 quadam
785 605 1159 662 saepenumero
1184 588 1602 658 aliispraestare,
1634 597 1693 643 et
1743 589 1951 645 naturis
2001 590 2103 645 dil-

2229 591 2302 645 ιαὶ
2326 593 2447 656 ταῖς
2474 590 2701 660 φύσεσιν
2732 591 3132 664 ἐξηλλαγμένα,
3164 592 3238 657 ὡς
3265 594 3523 649 δύνασθαί
3557 612 3692 648 τινα.
3714 596 3815 648 λέ-

538 684 689 741 i'erre
708 722 728 750 ,
752 683 831 740 ita
854 688 917 739 ut
965 680 1235 751 quispiam
1262 680 1443 737 dicere
1467 681 1643 750 possit
1664 680 1731 736 de
1746 681 1977 751 singulis
2000 695 2095 735 eo-

2229 697 2325 744 retv
2359 682 2446 751 ἐφ’
2480 682 2713 736 ἑκάστου
2736 699 2793 736 τε
2824 683 3069 746 ἐκείνων,
3099 684 3310 755 ποίημά
3340 686 3509 750 ἐστιν,
3527 686 3670 739 ἀλλ’
3700 687 3806 755 οὑχ

538 790 659 831 rum
690 788 707 830 :
735 774 999 831 Creatura
1026 782 1132 838 est,
1166 772 1260 827 sed
1302 786 1409 826 non
1440 779 1694 841 tanquam
1718 786 1823 826 una
1856 786 1923 828 ex
1952 786 2106 828 crea-

2229 769 2280 832 ῦς
2312 768 2371 822 ἓν
2402 768 2507 821 τῶν
2552 771 2891 840 ποιημάτων.
2933 772 2990 825 '0
3021 772 3171 843 ἥλιος
3204 773 3363 844 τυχὸν
3400 775 3613 847 ποίημα
3665 776 3803 847 μὲν,

539 865 698 921 turis.
730 861 977 933 Exempli
1009 861 1202 932 gratia,
1227 860 1308 917 sol
1332 874 1468 930 opus
1492 868 1707 926 est,non
1731 870 1909 915 tamen
1940 876 2104 915 unum

2229 857 2303 926 ιὺχ
2334 857 2411 920 ὡς
2455 856 2512 910 ἓν
2546 856 2604 910 δὲ
2639 857 2748 910 τῶν
2783 860 3135 929 ποιημάτων·
3185 862 3243 915 οὑ
3278 864 3387 934 γὰρ
3420 864 3568 918 ἐστιν
3600 866 3806 936 ἰτερος

539 968 610 1011 ex
638 952 894 1024 operibus
928 969 941 1006 :
973 966 1147 1021 neque
1168 952 1311 1008 enim
1340 960 1424 1008 est
1456 950 1595 1006 alius
1640 951 1743 1006 sol.
1798 949 1973 1005 Simili
2021 966 2108 1004 ra-

2229 949 2375 1019 iltoq.
2420 949 2482 1003 Ἦ
2531 949 2725 1021 σελήνη
2769 951 2989 1021 ὁμοίως,
3022 954 3051 1005 6
3092 952 3337 1025 οὐρανὸς,
3372 957 3421 1008 oi
3466 956 3731 1027 ἀστέρες,
3766 957 3804 1027 ἡ

540 1046 692 1102 tione
722 1045 885 1101 etiam
916 1043 1296 1110 luna,coelum,
1332 1042 1519 1105 stellae,
1550 1051 1729 1096 terra:
1761 1042 1939 1095 omnia
1963 1040 2105 1095 enim

2229 1038 2299 1107 πῆ·
2324 1038 2502 1091 πάντα
2532 1038 2643 1109 γὰρ
2664 1038 2837 1093 ταῦτα
2862 1041 3161 1109 ποιήματα,
3194 1042 3286 1095 καὶ
3318 1042 3544 1097 ἕκαστον
3580 1045 3800 1108 αὑτῶν,

2208 1130 2307 1199 οὐχ
2336 1128 2409 1192 ὡς
2441 1128 2499 1182 ἓν
2540 1129 2651 1182 τῶν
2678 1130 3017 1199 ποιημάτων.
3048 1132 3224 1185 Μόνον
3272 1132 3382 1204 γὰρ
3418 1134 3479 1186 τὸ
3531 1135 3801 1202 γενέσθαι

2210 1220 2388 1272 κοινὸν
2410 1219 2522 1289 ἔχει
2546 1220 2615 1273 τά
2643 1219 2941 1289 κτίσματα·
2972 1221 3033 1274 τὸ
3057 1221 3115 1275 δὲ
3146 1223 3329 1291 σχῆμα
3349 1225 3444 1275 καὶ
3468 1224 3565 1294 τὴν
3604 1226 3796 1291 φύσιν,

2211 1310 2439 1362 ἕκαστον
2471 1309 2795 1374 ἰδιάζουσαν.
2830 1310 2994 1365 Οὐδὲν
3025 1308 3118 1365 οὖν
3154 1312 3213 1365 τὸ
3242 1313 3400 1366 πλέον
3437 1317 3495 1367 ἐν
3534 1314 3652 1385 Υίῷ
3694 1331 3801 1367 πε-

546 1419 654 1472 que
688 1415 936 1460 naturam
969 1405 1192 1475 singulae
1220 1406 1547 1475 peculiarem
1584 1416 1755 1459 nactae
1792 1414 1938 1459 sunt.
1964 1403 2108 1460 Nihil

2229 1399 2472 1471 ποιῆσθαι
2500 1402 2797 1472 λεγομένῳ,
2830 1402 2932 1455 κᾶν
2960 1402 3145 1473 ἕτερόν
3178 1420 3231 1457 τι
3272 1405 3413 1473 μέγα
3450 1406 3545 1457 καὶ
3574 1404 3796 1476 ἐξαίρε-

545 1493 712 1562 igitur
748 1494 980 1563 amplius
1020 1506 1103 1549 est
1140 1495 1192 1549 in
1230 1494 1390 1561 Filio,
1413 1496 1459 1551 si
1494 1495 1671 1551 factus
1700 1508 1822 1549 esse
1861 1494 2107 1561 dicatur;

2229 1508 2305 1545 ιον
2334 1492 2554 1564 ὑπάρχῃ
2582 1494 2732 1563 παρὰ
2756 1493 2823 1547 τά
2854 1493 2989 1548 ἄλλα
3020 1497 3317 1566 ποιήματα.
3344 1497 3408 1549 Τί
3440 1496 3549 1567 γάρ
3577 1496 3801 1564 ὠφελή-

546 1586 761 1641 etiamsi
797 1586 941 1641 aliud
975 1585 1176 1655 aliquid
1202 1602 1454 1656 magnum
1483 1596 1647 1657 atque
1698 1588 1957 1642 eximium
2003 1601 2113 1656 prae

2229 1600 2300 1638 ut
2334 1583 2425 1636 τὸν
2457 1585 2609 1655 ἥλιον
2650 1587 2731 1648 είς
2760 1585 2823 1638 τὸ
2854 1585 2927 1657 μὴ
2956 1581 3097 1640 εῖναι
3146 1588 3379 1657 ποίημα,
3417 1588 3476 1640 τὸ
3520 1588 3660 1640 πολὺ
3686 1587 3797 1639 τῶν

545 1677 773 1748 reliquis
799 1677 1063 1732 creaturis
1091 1679 1320 1733 exsistat
1346 1695 1361 1732 :
1396 1693 1571 1749 neque
1604 1679 1749 1734 enim
1778 1677 1859 1733 sol
1886 1679 1955 1732 ob
1978 1692 2115 1747 prte-

2229 1673 2461 1743 ὶστέρων
2491 1674 2782 1745 ὑπερέχειν
2807 1693 2821 1741 ;
2863 1676 2920 1729 '0
2944 1677 3001 1730 δὲ
3024 1678 3188 1741 αὑτὸς
3222 1672 3378 1741 οὗτος
3409 1679 3676 1750 κρατήσει
3708 1678 3798 1729 λό-

542 1766 799 1822 stautiam
827 1780 979 1821 suam
1008 1781 1117 1835 qua
1149 1767 1358 1835 reliqua
1383 1777 1531 1822 astra
1552 1766 1710 1837 longe
1733 1775 2113 1835 superat,0pus

2229 1781 2313 1831 ro;
2349 1765 2444 1818 καὶ
2488 1766 2580 1819 ἐπὶ
2621 1766 2728 1819 τῶν
2763 1769 2820 1819 έν
2848 1767 3061 1838 οὐρανῷ
3108 1768 3339 1837 λογικῶν
3368 1769 3676 1840 δυνάμεων,
3708 1764 3797 1833 αἷς

541 1871 664 1914 esse
685 1857 915 1913 desinet.
957 1859 1153 1914 Eadem
1219 1874 1350 1913 vero
1386 1860 1524 1915 ratio
1559 1867 1663 1922 est,
1723 1859 1886 1913 etiam
1922 1872 2108 1912 earum

2229 1854 2377 1908 πάλιν
2403 1854 2465 1907 τὸ
2506 1856 2604 1926 μὲν
2636 1856 2968 1925 πεποιῆσθαι
2996 1857 3175 1911 κοινόν
3215 1858 3382 1913 ἐστιν.
3425 1859 3485 1913 '0
3507 1838 3577 1914 δὲ
3616 1858 3718 1914 τοῦ
3742 1858 3797 1915 τί

542 1963 665 2018 ιιιιιι⁵
694 1949 748 2004 in
782 1949 923 2005 cutio
975 1958 1101 2004 sunt
1158 1950 1504 2005 rationalium
1540 1959 1887 2018 potestatum,
1913 1948 2110 2019 quibus

2229 1946 2447 2003 ἑκαστον
2480 1946 2566 2019 εῐη
2597 1946 2773 2018 λόγος,
2806 1947 3225 2022 έξηλλαγμένος.

543 2042 759 2111 quidem
790 2043 1042 2098 omnibus
1098 2057 1385 2098 commune
1426 2051 1510 2098 est
1539 2041 1709 2097 factas
1761 2056 1901 2097 esse.
1955 2040 2116 2097 Ratio

548 2143 731 2192 autem
757 2149 862 2205 qua
902 2133 1033 2205 quid
1055 2149 1285 2205 quaeque
1314 2148 1501 2189 earum
1536 2135 1629 2199 sit,
1662 2134 1873 2189 diversa
1903 2142 2008 2189 est.

1211 2241 1439 2299 ALIUD.

2892 2231 3098 2284 ΑΛΛΟ.

614 2354 672 2411 Si
702 2355 890 2423 Filius,
917 2355 1069 2425 juxta
1096 2367 1329 2411 vestram
1379 2358 1710 2431 opinionem,
1730 2364 1816 2411 est
1842 2363 2111 2417 creatura,

2287 2348 2350 2399 Εί
2382 2343 2759 2431 ποιημάιὲστι,
2806 2340 2925 2394 καθ’
2969 2342 3131 2412 ὑμᾶς,
3165 2346 3193 2396 ὁ
3220 2344 3368 2407 Υίὸς,
3403 2345 3497 2399 καὶ
3531 2344 3694 2399 τοῦτο
3723 2346 3799 2398 ὢν

549 2456 731 2516 atque.
776 2447 829 2502 id
852 2462 971 2502 cum
1001 2447 1093 2512 sit,
1138 2456 1461 2517 potestatem
1515 2447 1677 2502 habet
1710 2446 1954 2509 creandi,
1989 2446 2115 2513 quia

2229 2439 2334 2509 ἔχει
2366 2437 2428 2491 τὸ
2459 2435 2719 2490 δύνασθαι
2748 2434 2974 2499 κτίζειν,
2999 2435 3087 2488 διὰ
3132 2435 3193 2488 τὸ
3229 2435 3305 2506 μὴ
3343 2436 3417 2499 ὡς
3442 2436 3499 2489 ἓν
3529 2438 3799 2507 ὑπάρχειν

546 2553 653 2593 non
684 2548 768 2593 est
800 2548 862 2592 ut
894 2553 999 2592 una
1021 2538 1346 2607 reliquarum
1407 2547 1779 2593 creaturarum
1815 2553 1829 2589 :
1857 2549 1955 2590 cur
2012 2550 2116 2589 cae-

2229 2531 2325 2583 τῶν
2358 2529 2535 2583 ἄλλων
2581 2527 2919 2597 ποιημάτων,
2946 2526 3086 2579 ἔστω
3124 2526 3385 2596 ποιητικά
3423 2529 3517 2581 καὶ
3548 2528 3618 2581 τά
3638 2529 3802 2597 ἕτερα

548 2637 680 2681 tera:
706 2641 920 2696 quoque
953 2637 1215 2682 creatura:
1250 2627 1469 2681 creandi
1499 2625 1811 2681 facultatem
1867 2641 1973 2679 non
2009 2626 2111 2679 ha-

2229 2623 2519 2692 κτίσματα,
2547 2618 2633 2672 διά
2663 2619 2723 2672 τὸ
2748 2617 2997 2689 ποικίλην
3023 2618 3081 2672 ὲν
3107 2618 3289 2681 αὑτοῖς
3315 2614 3451 2673 εἶναι
3482 2620 3581 2688 τὴν
3614 2619 3796 2687 φύσιν

546 2718 731 2781 beant,
764 2718 895 2786 quia
926 2718 1073 2771 varia
1091 2724 1173 2772 est
1199 2732 1261 2772 ac
1292 2718 1507 2774 diversa
1560 2719 1613 2773 in
1675 2718 1755 2773 eis
1805 2726 2021 2780 natura,
2063 2724 2116 2768 et

2229 2714 2318 2766 καὶ
2354 2713 2581 2765 ἕκαστον
2622 2709 2802 2764 αὑτῶν
2836 2705 2972 2763 εἶναι
3008 2709 3215 2779 ποίημα
3255 2709 3379 2780 μὲν,
3405 2710 3502 2779 οὑχ
3533 2709 3609 2772 ὡς
3654 2709 3710 2764 ἓν
3742 2708 3799 2761 δὲ

550 2821 889 2879 unaquaeque
907 2822 1091 2862 earum
1126 2818 1373 2863 creatura
1399 2816 1504 2876 est,
1570 2824 1676 2864 non
1729 2818 1909 2862 tamen
1949 2804 2113 2859 veluti

2229 2802 2333 2855 τῶν
2368 2802 2563 2856 ἄλλων.
2600 2796 2694 2864 Εἷς
2731 2800 2836 2872 γὰρ
2864 2804 2892 2854 6
2941 2800 3187 2870 οὐρανὸς,
3231 2800 3381 2870 ἥλιος
3414 2794 3516 2864 εἷς,
3564 2805 3666 2871 μία
3707 2816 3799 2851 σε-

548 2913 717 2954 unum
762 2898 965 2969 aliquid
990 2898 1360 2969 reliquorum?
1394 2898 1570 2955 Unum
1606 2898 1749 2953 enim
1786 2905 1873 2951 est
1893 2894 2117 2958 coelum,

2229 2896 2384 2964 λήνη,
2425 2895 2587 2964 φύσις
2615 2893 2858 2965 ἀστέρων
2895 2894 3013 2963 μία,
3051 2892 3148 2962 μία
3176 2909 3237 2945 τε
3269 2894 3361 2962 γῆ,
3392 2888 3474 2955 εἷς
3514 2892 3799 2963 ἄνθρωπος

549 2986 807 3053 unussol,
843 3002 948 3041 una
982 2986 1342 3051 luna,natura
1365 2988 1643 3044 stellarum
1693 3001 1822 3052 una,
1870 2994 1925 3040 et
1975 2992 2119 3039 terra

2229 2987 2349 3040 ὅσον
2388 2990 2466 3050 είς
2496 2986 2714 3039 οὑσίανο
2749 2983 3072 3037 καὶτούτων
3110 2982 3261 3044 οὐδὲν
3302 2983 3549 3053 ἀλλήλοις
3593 2987 3803 3037 ἐπικοι-

549 3092 678 3141 una,
703 3092 844 3133 unus
873 3077 1036 3133 homo
1075 3088 1338 3147 quantum
1373 3078 1442 3133 ad
1490 3077 1847 3132 substantiam
1875 3076 2070 3130 attinet
2104 3089 2115 3123 :

2229 3079 2385 3131 νωνεῖ
2415 3075 2557 3131 κατὰ
2575 3075 2666 3130 τὸν
2694 3076 2794 3146 τῆς
2821 3074 3035 3142 φύσεως
3061 3075 3239 3141 λόγον,
3263 3075 3310 3126 εί
3339 3074 3433 3127 καὶ
3457 3076 3591 3139 πᾶσι
3622 3075 3687 3127 τὸ
3714 3092 3803 3127 περ

547 3178 713 3238 atque
750 3169 837 3225 liis
865 3169 1086 3238 quidem
1115 3170 1250 3223 nihil
1316 3170 1460 3224 inter
1494 3183 1554 3224 se
1638 3169 1849 3223 ratione
1918 3177 2124 3222 natura:

2229 3167 2480 3236 ποιῆσθαι
2507 3166 2703 3218 κοινόν.
2753 3165 2891 3218 Ἀλλ’
2916 3164 3069 3218 οὐδὲν
3092 3165 3148 3216 ἐν
3180 3166 3293 3227 τοῖς
3318 3164 3581 3234 κτίσμασι
3614 3166 3803 3233 φαίνε-

547 3272 840 3314 commune
859 3266 964 3323 est,
1000 3258 1212 3313 tametsi
1244 3259 1496 3315 omnibus
1557 3258 1608 3314 id
1678 3274 1966 3314 commune
2032 3258 2122 3324 sit,

2229 3274 2311 3310 ται
2342 3253 2695 3325 δημιουργοῦ,
2725 3253 2860 3307 ἀλλὰ
2887 3253 3085 3322 μᾶλλον
3111 3256 3409 3323 προσκυνεῖ
3437 3254 3525 3306 τὸν
3546 3254 3805 3323 δημιουρ-

548 3347 696 3416 quod
720 3346 867 3403 facta
900 3348 1032 3405 sint.
1060 3347 1205 3403 Nihil
1234 3358 1413 3403 tamen
1444 3350 1707 3405 creatoris
1756 3350 1812 3404 in
1859 3351 2125 3405 creaturis

2229 3349 2318 3416 γὸν
2343 3346 2437 3400 τοῦ
2460 3345 2595 3399 Θεοῦ
2631 3345 2822 3413 Λόγον,
2853 3345 2947 3399 καὶ
2971 3343 3067 3400 τοῦ
3094 3343 3321 3414 ποιητοῦ
3363 3345 3450 3415 τὴν
3479 3343 3634 3408 δόξαν
3665 3346 3801 3398 ἀνα-

550 3437 814 3503 cernitur,
842 3439 938 3493 sed
966 3439 1145 3508 potius
1162 3446 1464 3494 creatorem
1495 3438 1730 3495 Verbum
1764 3440 1857 3494 Dei
1876 3440 2120 3503 adorant,

2229 3438 2344 3508 δοᾷο
2379 3456 2397 3487 ι
2431 3437 2495 3489 Oi
2523 3435 2743 3505 οὐρανοὶ
2762 3434 3072 3506 διηγοῦνται
3100 3435 3257 3499 δόξαν
3275 3434 3433 3497 Θεοῦ,
3462 3437 3555 3489 καὶ
3583 3438 3803 3506 ποίησιν

549 3537 607 3580 et
638 3526 861 3582 factoris
883 3528 1110 3596 gloriam
1137 3528 1423 3583 extollunt.
1471 3547 1488 3580 ι
1520 3528 1655 3584 ϐωιὶ
1688 3530 1833 3583 enim
1862 3539 2121 3583 euarrant

2229 3527 2420 3599 χειρῶν
2451 3526 2615 3581 αὑτοῦ
2641 3526 3035 3595 ἁναγγέλλειτὸ
3053 3528 3392 3599 στερέωμα.»
3418 3528 3525 3582 Kal.
3553 3527 3806 3599 καθάπερ

551 3617 778 3689 gloriam
796 3617 915 3681 Dei.
931 3629 986 3675 et
1008 3620 1408 3676 ﬁrmamentum
1424 3620 1671 3674 enuntiat
1686 3634 1850 3688 opera
1873 3634 2123 3672 manuum

2229 3626 2252 3677 6
2287 3622 2523 3692 Ἔσδρας
2568 3620 2732 3689 φησί’
2776 3637 2793 3671 ι
2830 3620 2986 3672 Πᾶσα
3024 3621 3057 3689 ὴ
3091 3623 3161 3689 γῆ
3209 3621 3307 3689 τὴν
3338 3618 3592 3690 ἀλήθειαν
3627 3618 3802 3683 καλεῖ,

551 3708 672 3787 ejus
691 3710 761 3766 ⁹¹.
803 3728 824 3763 ι
867 3708 933 3764 Ει
979 3709 1432 3780 quemadmodum
1478 3709 1681 3767 Esdras
1716 3709 1836 3765 ait:
1883 3726 1901 3760 ι
1934 3707 2124 3763 Omnis

2229 3714 2320 3767 καὶ
2344 3714 2372 3763 6
2399 3712 2625 3783 οὐρανὸς
2664 3711 2835 3782 αὐτὴν
2871 3712 3185 3781 προσκυνεῖ,
3225 3711 3318 3763 καὶ
3347 3708 3523 3762 πάντα
3552 3708 3623 3762 τά
3667 3709 3807 3779 ἔργα

544 1136 664 1192 hac
690 1150 854 1205 opera
882 1145 1029 1202 sunt,
1085 1143 1141 1189 et
1192 1135 1401 1205 singula
1435 1148 1644 1196 eorum,
1670 1148 1776 1187 non
1817 1142 1877 1186 ut
1940 1147 2107 1185 unum

542 1239 609 1281 ex
627 1224 1187 1294 operibus.Creaturm
1209 1226 1351 1278 enim
1371 1225 1473 1279 hoc
1502 1223 1675 1280 solum
1698 1235 1984 1278 commune
2014 1222 2109 1275 ha-

544 1314 694 1382 bent,
731 1314 875 1385 qttod
920 1314 1079 1369 facta;
1105 1316 1231 1369 sint.
1268 1315 1514 1372 Formam
1547 1330 1711 1378 vero,
1740 1315 1999 1384 speciem,
2029 1326 2111 1369 at-

551 3809 697 3856 terra
730 3801 1010 3857 veritatem
1043 3810 1218 3865 vocat,
1244 3811 1298 3855 et
1326 3802 1522 3856 cmlum
1552 3801 1728 3870 ipsum
1786 3800 1999 3863 adorat,
2071 3808 2127 3854 et

550 3907 739 3946 omnes
760 3904 1024 3946 creatura:
1059 3893 1227 3960 ipsam
1263 3892 1582 3946 tremiscunt
1606 3892 1670 3943 ".
1709 3908 1730 3942 ι
1757 3888 1927 3945 Filius
1946 3899 2123 3944 autem

550 3985 620 4037 tle
660 3985 837 4053 seipse
871 3985 945 4037 ait
978 4002 991 4038 :
1039 4002 1057 4036 ι
1096 3984 1206 4056 Ego
1237 4000 1358 4040 sum
1409 3985 1612 4039 veritas
1641 3984 1709 4038 ".
1748 4002 1766 4035 ι
1813 3981 1929 4039 Νοιι
1996 3997 2124 4051 ergo

551 4090 687 4142 opus
708 4082 810 4139 est,
851 4089 1026 4145 neque
1044 4086 1295 4129 creatura
1344 4073 1415 4128 ob
1457 4074 1508 4128 id
1557 4073 1779 4129 creandi
1820 4071 2122 4131 facultatem

2227 3805 2396 3875 αὑτὴν
2431 3804 2634 3857 σείεται
2673 3802 2767 3856 καὶ
2808 3804 3019 3873 τρέμει.
3060 3820 3077 3851 ι
3123 3802 3181 3855 '0
3206 3802 3263 3858 δὲ
3284 3801 3411 3866 Υἱὸς
3442 3801 3570 3871 περὶ
3610 3800 3805 3855 ἑαυτοῦ

2227 3911 2424 3967 φησιν’
2459 3914 2477 3947 t
2531 3894 2673 3964 Ἐγώ
2702 3896 2817 3966 εἰμι
2858 3895 2892 3965 ἡ
2932 3893 3182 3963 ἀλήθεια.
3231 3912 3250 3947 ι
3286 3895 3401 3947 Οὑκ
3436 3895 3542 3965 ἄρα
3592 3893 3811 3963 ποίημὰ

2227 3990 2398 4052 ἐστιν,
2421 3987 2542 4045 οὑδὲ
2593 3985 2797 4058 κτίσμα
2826 3985 2915 4041 διὰ
2940 3985 3097 4041 τοῦτο
3135 3985 3339 4049 κτίζειν
3377 3985 3689 4056 δυνάμενος,
3723 3986 3809 4037 ὅτι

2231 4082 2307 4152 μὴ
2336 4081 2412 4145 ὡς
2444 4080 2502 4134 ἓν
2530 4080 2646 4133 ἐστι
2676 4078 2783 4132 τῶν
2817 4078 3155 4148 ποιημάτων,
3182 4075 3296 4128 ἀλλ’
3321 4076 3403 4133 ὃτι
3440 4075 3538 4144 τῆς
3567 4074 3659 4128 τοῦ
3692 4076 3811 4128 lla-

554 4167 785 4232 habens,
814 4166 936 4235 quia
965 4180 1070 4219 non
1095 4166 1258 4221 veluti
1292 4180 1398 4220 una
1445 4175 1820 4221 creaturarum
1854 4175 1976 4218 est:
2031 4164 2125 4218 sed

2229 4176 2354 4243 τρος
2384 4174 2570 4237 οὐσίας
2596 4173 2725 4226 ἴδιον
2749 4172 3005 4241 ὑπάρχων
3026 4170 3290 4239 γέννημα,
3321 4169 3439 4222 ὅλον
3466 4185 3525 4219 τε
3551 4170 3606 4220 ἐν
3629 4167 3811 4235 ἑαυτῷ

552 4260 678 4328 quia
716 4273 840 4311 cum
875 4258 948 4310 sit
973 4257 1251 4326 proprium
1284 4270 1505 4325 germen
1541 4258 1792 4312 essentia:
1815 4255 2016 4320 Patris,
2040 4262 2123 4307 to-

2229 4267 2491 4320 δεικνὺων
2530 4265 2711 4328 αὑτὸν,
2743 4263 2857 4336 έχει
2902 4263 2997 4317 καὶ
3038 4262 3099 4314 τὸ
3132 4260 3388 4318 δύνασθαι
3439 4260 3641 4329 κτίζειν
3678 4259 3751 4321 ὡς
3778 4260 3812 4314 ὁ

556 4361 667 4405 tum
695 4350 844 4404 illuni
867 4350 917 4403 in
947 4349 1125 4417 seipse
1154 4350 1468 4413 osteudeus,
1495 4348 1883 4419 babetquoque
1905 4346 2123 4403 creandi

2234 4357 2440 4429 Πατήρ.

554 4446 879 4511 potestatem
911 4448 966 4493 ut
992 4439 1172 4497 Pater.

1143 4553 1303 4626 ιω
1331 4554 1561 4610 ALIUD.
2936 4557 3141 4615 AAAO.

626 4670 683 4726 Si
712 4668 882 4725 Filius
907 4678 986 4725 est
1015 4676 1363 4733 creatura,et
1387 4668 1644 4723 aduratur
1674 4682 1704 4719 a
1732 4665 1956 4735 reliquis
1972 4677 2129 4719 crea-

2312 4673 2373 4725 Εί
2400 4652 2786 4741 κτίσμαὲστὶν
2807 4671 2835 4724 6
2863 4670 3012 4737 Υἱὸς,
3043 4671 3427 4740 προσκυνεῖται
3455 4669 3514 4724 δὲ
3533 4669 3684 4741 παρὰ
3703 4670 3809 4724 τῶν

558 4762 715 4830 turis,
745 4762 868 4832 quia
898 4762 1171 4817 diversum
1195 4761 1323 4829 quid
1358 4761 1427 4815 ab
1463 4760 1530 4814 iis
1561 4759 1799 4821 exsistit,
1838 4772 2012 4827 neque
2045 4764 2129 4809 est

2239 4759 2414 4814 ἄλλων
2462 4759 2795 4829 κτισμάτων,
2841 4758 2931 4823 διὰ
2968 4759 3029 4812 τὸ
3050 4760 3234 4829 ἕτερόν
3277 4777 3329 4813 τι
3364 4761 3631 4833 ὑπάρχειν
3677 4762 3809 4831 παρ’

557 4854 707 4909 velut
737 4868 839 4908 una
876 4862 1274 4916 creaturarum,
1311 4851 1598 4922 oportebat
1631 4848 1795 4905 etiam
1826 4846 1946 4901 illas
2010 4860 2038 4899 a
2067 4860 2127 4901 se

2234 4848 2394 4911 αὑτά,
2443 4846 2536 4900 καὶ
2574 4844 2710 4901 εἶναι
2757 4845 2832 4920 μὴ
2864 4847 2938 4911 ὡς
2979 4847 3036 4901 ἓν
3060 4865 3169 4901 των
3202 4849 3537 4919 κτισμάτων,
3570 4848 3676 4902 ἔδει
3706 4850 3805 4903 κά-

559 4946 788 5002 invicem
820 4946 1061 5010 adorari,
1093 4946 1219 5014 quia
1249 4945 1461 5000 diversa
1494 4942 1637 4997 inter
1667 4956 1729 4996 se
1776 4949 1969 4994 natura
1987 4954 2124 5009 prte-

558 5036 684 5090 ditm
711 5045 856 5091 sunt.
890 5034 1080 5107 Magna
1106 5035 1255 5089 enim
1284 5042 1368 5088 est
1397 5033 1450 5088 in
1492 5030 1756 5088 creaturis
1787 5028 2127 5085 dill‘erentia:

558 5133 612 5179 et
648 5139 981 5193 unaquaeque
1021 5124 1348 5195 peculiarem
1382 5136 1536 5178 suam
1566 5129 1815 5176 naturam
1860 5120 1976 5174 sive
1998 5134 2131 5188 qua-

560 5214 768 5269 litatem
797 5213 1162 5287 babet,neque
1194 5214 1245 5267 id
1285 5214 1462 5281 ipsum
1493 5221 1577 5267 est
1599 5213 1819 5267 omnino
1837 5211 1978 5281 quod
2004 5210 2130 5265 alia.

559 5302 716 5361 Nulla
746 5313 923 5359 tamen
957 5320 1025 5360 ex
1092 5306 1159 5360 iis
1200 5305 1477 5371 aduratur,
1528 5304 1657 5375 quin
1710 5304 1888 5373 potius
1941 5315 2133 5358 omnes

560 5404 862 5450 creatorem
894 5393 1127 5451 Verbqu
1157 5396 1251 5452 Dei
1287 5397 1534 5452 adorant.
1567 5395 1684 5451 Non
1714 5396 1881 5467 igitur
1909 5410 2045 5449 unus
2063 5407 2131 5449 ex

562 5486 829 5544 creaturis
860 5496 943 5541 est
972 5484 1164 5551 Filius,
1212 5502 1387 5557 neque
1423 5496 1694 5550 creatura,
1728 5494 1786 5540 ut
1822 5500 1917 5540 vos
1937 5484 2131 5551 opina-

2239 4940 2392 4991 κεῖνα
2426 4937 2845 5008 προσκυνεῖσθαι
2876 4938 3007 5010 παρ’
3037 4938 3308 5009 ἀλλήλων,
3337 4938 3426 4995 διὰ
3461 4939 3523 4991 τὸ
3582 4939 3805 5009 sanna-

2238 5029 2448 5102 γμένην
2481 5029 2623 5101 ἔχειν
2652 5030 2751 5102 τὴν
2775 5028 2938 5100 φύσιν
2972 5030 3107 5103 πρὸς
3131 5030 3352 5101 ἄλληλα.
3384 5030 3558 5103 Πολλὴ
3605 5030 3713 5101 γάρ
3751 5031 3807 5084 έν

2239 5125 2349 5186 τοῖς
2377 5125 2675 5193 ποιήμασιν
2695 5124 2729 5194 ὴ
2757 5122 2991 5193 διαφορά
3008 5140 3021 5154 ’
3047 5124 3139 5177 καὶ
3165 5122 3308 5177 ἔστιν
3333 5123 3562 5177 ἕκαστον
3602 5123 3726 5176 ίδεῖν
3751 5125 3809 5177 ὲν

2242 5210 2517 5283 ίδιαζούσῃ
2572 5211 2732 5282 φύσει
2778 5214 2898 5283 ἦτοι
2948 5212 3214 5284 ποιότητι,
3252 5215 3345 5267 καὶ
3380 5215 3477 5286 οὑχ
3526 5215 3665 5285 ὅπερ
3694 5216 3811 5272 ἐστὶ

2238 5413 2346 5457 ται,
2378 5395 2555 5449 πάντα
2589 5395 2645 5448 δὲ
2674 5394 2765 5448 τὸν
2791 5394 3121 5467 δημιουργὸν
3145 5395 3237 5450 τοῦ
3278 5394 3413 5451 Θεοῦ
3438 5396 3609 5466 Λόγον
3642 5415 3839 5467 προση

632 5753 850 5814 "-Psal.
888 5769 1040 5821 xvnt,
1072 5753 1125 5807 2.
1168 5756 1213 5786 "
1237 5752 1303 5807 lll
1328 5751 1483 5807 Esdr.
1512 5766 1586 5817 tv,
1618 5750 1705 5805 56.
1786 5750 1830 5781 ”
1852 5750 2007 5809 luan.
2038 5765 2150 5818 xw,
2182 5750 2233 5805 6.

2238 5304 2455 5369 πάντως
2484 5304 2546 5358 τὸ
2588 5304 2793 5377 ἕτερον.
2832 5303 2970 5357 Ἀλλ’
2998 5303 3147 5358 οὐδὲν
3184 5306 3241 5357 ὲν
3272 5306 3452 5369 αὑτοῖς
3489 5310 3810 5377 προσκυνεῖ·
3839 5324 3848 5379 3

2240 5489 2409 5539 κυνεῖ.
2453 5488 2567 5541 Οὐκ
2595 5486 2703 5557 ἄρα
2748 5485 2806 5539 ἓν
2838 5485 2899 5551 ἐξ
2944 5486 3123 5541 αὐτῶν
3168 5488 3198 5540 6
3241 5488 3387 5552 Υίὸς,
3415 5487 3540 5542 οὑδὲ
3584 5490 3814 5558 κτίσμα,
3867 5493 3871 5496 ’

563 5574 715 5636 mitti.
750 5577 868 5647 Quo
896 5588 1055 5648 pacto
1080 5583 1222 5633 enim
1258 5579 1305 5634 is
1333 5578 1425 5633 cui
1471 5578 1751 5640 aduratur,
1799 5577 1852 5631 in
1909 5588 2129 5630 numero

2242 5577 2362 5629 καθ’
2415 5578 2575 5649 ὑμᾶς.
2625 5576 2815 5633 Ἔσται
2867 5576 2976 5647 γὰρ
3028 5578 3165 5631 κατὰ
3206 5577 3324 5631 τίνα
3376 5578 3575 5648 τρόπον
3612 5579 3670 5631 έν
3701 5581 3845 5644 τοῖς,

3994 486 4013 697 ἕ
