4072 6518
1623 354 2064 455 τιιεειυῐιυε.

3359 373 3468 429 250

209 525 613 603 προσκυνοῦσιν
648 524 677 578 6
720 523 1209 595 προσκυνούμενος,
1241 522 1299 574 ὲν
1329 521 1439 583 τοῖς
1479 514 1787 584 δοξολογοῦ-
1816 561 1822 573 ,

1925 525 2072 563 nrum
2099 517 2329 577 ponatur
2350 500 2443 571 qui
2470 499 2723 562 adorant,
2746 504 2840 551 aut
2888 493 2979 563 qui
3032 489 3368 563 glorificatur
3399 490 3467 544 sit

2008 600 2019 603 -
2161 596 2171 603 .
2238 595 2248 603 .
2321 593 2369 603 ,η
2483 590 2535 603 ,ιι
2565 587 2610 603 ιι
2691 588 2701 599 ο
2744 602 2749 603 ,
2838 601 2849 603 _
2876 585 2911 603 ,9
2940 600 2965 603 ,_
3031 584 3177 603 ε-ι-..
3230 580 3328 603 l---
3389 589 3465 603 Α...

212 635 299 673 σιν
332 619 362 672 6
400 615 874 685 δοξολογούμενοςς
903 614 1043 667 Πολὺ
1072 614 1183 682 γὰρ
1208 614 1267 665 ὲν
1295 611 1468 680 τούτῳ
1494 609 1554 661 τὸ
1578 605 1781 670 μεταξὺ

1892 617 1957 655 ex
1989 600 2054 654 iis
2086 596 2176 667 qui
2201 590 2535 665 glorificant?
2565 587 2795 641 Maxima
2827 585 2972 640 enim
3031 584 3177 637 inter
3230 580 3331 636 hos
3385 589 3472 633 est

210 670 309 764 καὶ
342 670 353 672 ﬁ
372 670 660 779 διάᾦορον,
687 670 699 684 ⁸
718 670 841 759 καὶ⁷
862 670 945 757 ’τὸ
1019 670 1233 772 ἑκάστῳ
1293 670 1502 772 πρέπον
1555 698 1787 770 διορίζον

1931 690 2215 751 iﬂ‘erentia,
2239 681 2521 739 manifeste
2546 679 2599 735 id
2633 676 2776 748 quod
2808 676 3003 745 cuique
3040 672 3296 729 convenit
3351 670 3470 726 dis-

226 799 437 865 σαφῶς.

902 883 1104 937 ΑΛΛΟ.

291 1000 356 1056 Ei
384 999 587 1069 κτίσμα
606 997 750 1053 ἐστὶν
774 997 803 1050 6
828 997 976 1060 Υἱὸς,
1002 996 1179 1050 πάντα
1212 994 1268 1048 δὲ
1299 997 1327 1047 6
1355 992 1541 1064 Πατὴρ
1564 992 1791 1065 ἐργάζευ

221 1109 310 1146 ται
343 1090 411 1143 δι’
457 1086 643 1150 αὐτοῦ,
688 1085 848 1149 αὐτὸς
894 1083 1085 1137 ἑαυτὸν
1124 1084 1232 1155 ἄρα
1264 1086 1406 1136 ποιεῖ
1445 1084 1540 1135 καὶ
1585 1083 1785 1146 κτίζει·

219 1180 334 1235 ἀλλ’
365 1178 479 1231 ἔστι
509 1175 664 1230 τοῦτο
692 1178 831 1228 νοεῖν
859 1174 967 1228 τῶν
1010 1175 1392 1227 ἀτοπωτάτων.
1434 1174 1557 1236 Πῶς
1590 1174 1698 1244 γὰρ
1731 1173 1791 1225 τὸ

221 1270 409 1341 μήπω,
459 1266 582 1321 καθ’
633 1265 800 1335 ὑμᾶς,
849 1263 929 1327 ὃν,
967 1264 1126 1317 ἑαυτὸ
1165 1264 1417 1333 ποιήσει;
1471 1262 1679 1316 Οὐκοῦν
1728 1262 1790 1315 ού

220 1353 426 1425 κτίσμα
454 1353 621 1417 ἐστὶν,
646 1353 767 1406 οὐδὲ
797 1352 1027 1422 ποίημα,
1053 1351 1187 1405 ἀλλὰ
1214 1352 1411 1421 μᾶλλον
1440 1352 1538 1422 τῆς
1567 1352 1660 1405 106
1684 1354 1795 1406 Ila-

218 1445 347 1516 τρὸς
375 1444 561 1507 οὐσίας
594 1443 827 1513 καρπὸς,
866 1443 1002 1515 ἔχων
1027 1443 1103 1507 ὼς
1131 1442 1262 1506 Θεὸς
1292 1444 1352 1496 τὸ
1380 1441 1638 1496 δύνασθαι
1674 1441 1792 1494 κτί-

221 1537 337 1604 ζειν
364 1538 459 1592 καὶ
486 1539 678 1592 ποιεῖν.

907 1649 1107 1703 ΔΛΛΟ.

293 1758 357 1812 Ei
396 1758 603 1828 κτίσμα
636 1758 782 1811 ἐστὶν
815 1760 843 1813 ό
874 1758 1020 1825 Υἱὸς,
1048 1758 1162 1822 πῶς
1189 1760 1247 1813 ὲν
1283 1758 1431 1830 αύτῷ
1472 1759 1713 1813 κείσεται
1738 1759 1797 1813 τὸ

1896 782 2167 852 tinguens.

2566 878 2797 938 ALIUD.

1968 1003 2024 1058 Si
2048 1002 2215 1058 Filius
2242 1007 2324 1055 est
2351 1006 2625 1059 creatura,
2655 1004 2710 1049 et
2734 993 2895 1048 Pater
2935 989 3118 1046 omnia
3168 1002 3264 1058 per
3309 1001 3470 1056 psum

1897 1103 2170 1164 operatur.
2200 1106 2329 1161 ergo
2351 1089 2431 1144 sui
2469 1087 2639 1156 ipsius
2662 1096 2745 1139 est
2778 1084 2950 1138 factor
2970 1090 3027 1135 et
3055 1088 3273 1135 creator
3303 1092 3315 1129 :
3376 1074 3471 1128 sed

1900 1188 2002 1240 hoc
2030 1183 2112 1238 vel
2160 1180 2271 1237 sola
2340 1177 2667 1247 cogitatione
2700 1171 3149 1229 absurdissimum
3193 1177 3297 1223 est.
3331 1165 3475 1233 Quo-

1899 1278 2055 1333 modo
2075 1274 2217 1329 enim
2244 1272 2295 1326 id
2325 1269 2465 1340 quod
2497 1270 2757 1329 nondum,
2779 1263 2930 1333 juxta
2952 1259 3309 1325 vos,exsistit,
3326 1255 3473 1323 seip-

1900 1383 2020 1423 sum
2048 1378 2235 1421 creare
2268 1359 2480 1430 possit?
2511 1356 2780 1424 Quocirca
2830 1371 2935 1409 non
2964 1363 3235 1413 creatura,
3303 1360 3478 1415 neque

1901 1474 2035 1529 Opus
2059 1466 2161 1519 est,
2203 1454 2294 1508 sed
2317 1452 2495 1521 potius
2524 1448 2729 1502 fructus
2782 1444 3030 1500 essentire
3086 1439 3265 1495 Patris
3304 1480 3320 1508 ,
3377 1437 3476 1491 ha-

1902 1550 2056 1614 bens,
2090 1556 2146 1601 ut
2178 1544 2342 1609 Deus,
2370 1541 2677 1597 facultatem
2701 1535 2918 1591 creandi
2947 1531 3267 1589 etfaciendi.

2606 1647 2841 1705 ALIUD.

1983 1769 2038 1826 Si
2070 1769 2334 1824 Filiusest
2362 1774 2893 1832 creatura,quonam
2917 1770 3076 1831 pacto
3127 1755 3345 1812 creandi
3404 1753 3482 1807 fa~

222 1848 483 1903 δύνασθαι
528 1848 753 1913 κτίζειν,
784 1850 881 1903 καὶ
916 1851 995 1914 είς
1023 1850 1083 1903 τὸ
1124 1847 1264 1903 εἶναι
1304 1851 1573 1921 παράγειν
1607 1851 1664 1917 ἐξ
1694 1852 1793 1903 οὐκ

1930 1863 2095 1917 ultate
2146 1858 2407 1929 praeditus
2463 1856 2587 1920 erit,
2621 1864 2717 1908 aut
2761 1863 3044 1909 creaturas
3093 1865 3161 1902 ex
3216 1846 3385 1900 nihilo
3414 1843 3480 1896 ad

224 1938 395 1993 ὄντων
438 1940 507 1992 τὰ
549 1940 855 2010 ποιήματα;
888 1941 951 1993 Εί
984 1939 1093 2011 γὰρ
1134 1940 1269 2004 ὅλως
1310 1941 1581 2011 ἐνδέχεται
1639 1941 1802 2011 φύσιν

227 2027 459 2099 γενητὴν
482 2030 546 2082 ὲκ
570 2028 663 2082 τοῦ
700 2029 774 2100 μὴ
795 2030 947 2093 δντος
972 2031 1051 2093 είς
1074 2030 1135 2083 τὸ
1157 2025 1295 2084 εἶναι
1323 2031 1613 2101 παράγειν,
1654 2030 1804 2084 ἔσται

1903 1970 2022 2013 esse
2063 1954 2345 2008 traducere
2372 1949 2608 2021 poterit?
2642 1947 2699 2002 Si
2730 1946 2878 2000 enim
2915 1944 3137 1998 omnino
3160 1938 3274 1993 fieri
3305 1942 3485 2006 potest

1904 2058 1961 2103 ut
1995 2056 2186 2101 natura
2216 2051 2395 2098 creata
2421 2056 2487 2095 et
2543 2037 2715 2094 nihilo
2755 2036 2825 2091 ad
2874 2049 2999 2090 esse
3029 2029 3298 2091 traducat,
3321 2030 3487 2078 erunt

226 2119 452 2190 δυνάμει
497 2120 805 2191 δημιουργά
844 2121 939 2175 καὶ
972 2120 1044 2175 τὰ
1083 2121 1219 2176 ἄλλα
1266 2123 1568 2193 ποιήματα,
1621 2122 1716 2175 καὶ
1757 2124 1805 2175 εἰ

1925 2139 2068 2192 :tiam
2098 2134 2319 2202 reliquae
2349 2140 2617 2186 creatura:
2649 2125 2889 2194 potentia
2917 2119 3237 2179 creatrices.
3271 2110 3484 2169 tametsi

231 2212 397 2283 μήπω
422 2210 582 2265 τοῦτο
619 2212 705 2266 διὰ
735 2213 832 2284 τῆς
858 2212 1140 2284 ἐνεργείας
1183 2214 1375 2283 ὁρᾶται
1399 2229 1412 2244 ο
1447 2212 1635 2283 ὥσπερ
1667 2212 1806 2283 ἀμέ-

230 2304 311 2357 λει
340 2303 433 2357 καὶ
460 2303 490 2355 6
525 2305 655 2366 παῖς
683 2305 711 2357 6
749 2303 1005 2374 βραχεῖαν
1032 2301 1180 2371 ἄγων
1217 2302 1297 2356 ἔτι
1327 2303 1425 2374 τὴν
1452 2302 1691 2373 ἡλικίαν.
1720 2302 1809 2356 δυ·

232 2395 392 2465 νάμει
421 2394 517 2465 μὲν
550 2393 979 2464 σπερματιστὴς,
1002 2393 1137 2447 καθὸ
1168 2395 1263 2446 καὶ
1286 2394 1425 2463 άνήρ
1465 2394 1634 2456 ἐστιν,
1659 2392 1811 2447 οὔπω

235 2484 292 2537 δὲ
334 2487 400 2555 τῇ
436 2484 705 2556 ἐνεργείᾳ.
737 2485 811 2536 Τὸ
852 2484 909 2536 δὲ
946 2483 1069 2553 ἔχον
1097 2501 1149 2537 τι
1190 2485 1454 2554 πεφυκὸς,
1486 2487 1586 2540 οὐκ
1615 2486 1681 2540 ἂν
1723 2486 1811 2538 λέ-

238 2593 388 2643 γοιτο
420 2575 493 2646 μὴ
523 2576 686 2645 ἔχειν,
720 2576 770 2628 si
794 2576 887 2629 καὶ
916 2576 1082 2647 μήπω
1123 2575 1281 2629 τοῦτο
1304 2576 1551 2645 φαίνεται
1580 2594 1814 2648 κρυπτο-

240 2668 406 2738 μένης
436 2669 516 2719 ἐτι
549 2668 647 2736 τῆς
672 2666 906 2736 φυσικῆς
931 2667 1229 2738 ἐνεργείας,
1260 2668 1350 2721 διά
1370 2684 1489 2721 τινα
1515 2668 1812 2739 πρόφασιν,

236 2758 270 2829 ἦ
302 2757 390 2811 διὰ
428 2757 519 2811 τὸν
567 2756 779 2827 χρόνον.
828 2755 1035 2809 Οὐκοῦν
1068 2756 1222 2809 ἔσται
1257 2756 1567 2827 δημιουργὰ
1613 2758 1709 2811 καὶ
1747 2758 1816 2812 τὰ

239 2849 373 2903 ἄλλα
397 2849 697 2918 ποιήματα,
728 2848 821 2900 καὶ
848 2848 908 2900 τὸ
929 2849 1181 2919 περιττὸν
1209 2849 1361 2902 οὐδὲν
1386 2851 1444 2902 ἐν
1477 2848 1616 2919 Θεῷ.
1658 2848 1817 2901 Ἀλλὰ

242 2942 398 2995 10610
420 2941 638 2995 ἄτοπον.
665 2940 830 2993 Οὐδὲν
860 2940 968 3011 γὰρ
993 2940 1102 2993 τῶν
1130 2940 1452 3011 ποιημάτων
1473 2942 1813 3013 δημιουργεῖ.

239 3034 355 3089 Οὐκ
391 3032 500 3103 ἄρα
538 3034 741 3102 κτίσμα
782 3033 929 3086 ἐστὶν
952 3035 980 3089 6
1009 3033 1157 3099 Υἱὸς,
1186 3034 1252 3087 δι’
1290 3029 1351 3089 o6
1390 3034 1459 3087 τά
1486 3035 1665 3089 πάντα
1692 3034 1818 3103 ὲγέ-

240 3142 383 3190 νετο,
410 3126 496 3178 ἵνα
544 3126 618 3196 μὴ
651 3124 709 3178 τὸ
748 3123 879 3180 αὐτὸ
923 3125 1180 3196 φαίνηται
1214 3125 1400 3179 ποιοῦν
1430 3126 1526 3179 καὶ
1565 3125 1822 3196 ποιούμε-

1907 2230 1959 2285 id
1988 2227 2223 2283 nondum
2254 2232 2375 2279 actu
2398 2238 2519 2278 esse
2589 2218 2959 2289 conspiciatur
2987 2233 3003 2270 :
3035 2206 3485 2283 quemadmodmn

1910 2319 2023 2373 fere
2056 2331 2189 2385 puer
2218 2317 2476 2369 intenera
2505 2311 2682 2366 adhuc
2730 2319 2913 2375 astate,
2975 2301 3218 2375 potentia
3268 2295 3488 2368 quidem

1909 2412 2215 2466 seminosus
2236 2416 2342 2471 est,
2380 2412 2567 2473 utpote
2587 2402 2677 2472 qui
2715 2415 2833 2455 mas
2858 2407 2960 2462 est,
2993 2404 3114 2448 actu
3169 2405 3296 2445 vero
3352 2399 3492 2440 non-

1911 2500 2061 2555 dum.
2093 2497 2248 2565 Quod
2280 2503 2461 2549 autem
2484 2491 2691 2562 aliquid
2727 2488 2949 2543 insitum
2980 2482 3080 2536 sibi
3134 2480 3316 2541 habet,
3382 2487 3489 2526 non

1915 2589 2112 2645 dicitur
2161 2604 2265 2641 non
2312 2586 2538 2650 habere,
2602 2579 2815 2636 tametsi
2867 2578 2918 2631 id
2952 2574 3185 2631 nondum
3213 2574 3491 2637 appareat,

1914 2679 2116 2735 latente
2148 2676 2325 2732 adhuc
2345 2673 2578 2729 naturali
2643 2670 2958 2741 Operatione
3003 2672 3221 2734 propter
3255 2658 3492 2726 aliquam

1915 2770 2281 2834 occasionem,
2303 2765 2385 2820 vel
2412 2774 2633 2834 propter
2658 2770 2888 2828 tempus.
2917 2756 3089 2810 Erunt
3122 2753 3287 2823 igitur
3341 2761 3497 2800 crea-

1919 2867 2080 2922 trices
2102 2865 2267 2919 etiam
2309 2861 2536 2928 reliquae
2579 2865 2864 2918 creatum,
2931 2849 3174 2918 nihilque
3226 2840 3498 2898 excellens

1918 2968 2004 3015 est
2039 2958 2090 3010 in
2124 2956 2254 3009 Deo.
2282 2953 2555 3009 Caeterum
2586 2946 2884 3003 absurdum
2914 2942 3018 2997 hoc
3047 2948 3149 2994 est.
3186 2936 3335 2990 Nulla
3354 2932 3497 2985 enim

1919 3057 2293 3104 creaturarum
2328 3042 2549 3098 creandi
2583 3038 2896 3094 facultatem
2927 3034 3111 3089 habet.
3158 3029 3328 3083 Filius
3370 3038 3501 3094 ergo

1922 3146 2174 3192 creatura
2197 3149 2304 3189 non
2332 3141 2438 3197 est,
2481 3145 2575 3200 per
2626 3142 2784 3196 quem
2843 3123 3022 3179 omnia
3080 3118 3222 3173 facta
3244 3125 3392 3180 sunt,
3432 3128 3500 3165 ne

240 3234 352 3282 νον,
400 3215 582 3280 κτίζον
626 3217 721 3270 καὶ
760 3218 1107 3284 κτιζόυ.ενον⁸
1139 3218 1270 3282 Θεὸς
1303 3218 1360 3272 δὲ
1389 3216 1589 3289 μᾶλλον
1654 3219 1729 3281 ώς
1758 3219 1822 3272 ὲκ

1926 3229 2065 3285 idem
2094 3240 2215 3282 esse
2261 3198 2530 3287 videatur,
2578 3220 2785 3274 faciens
2837 3224 2892 3270 et
2942 3212 3160 3273 factum,
3217 3220 3410 3262 creatis
3447 3212 3503 3257 et

239 3308 379 3364 Θεοῦ
409 3310 503 3364 καὶ
530 3308 766 3381 Πατρός.

298 3510 503 3577 ΔΛΛΟ,
525 3510 677 3581 μετὰ
706 3510 1069 3579 συμπλοκῆς
1096 3510 1302 3581 ἐτέρου
1332 3510 1775 3583 σςυλλογισμοῦ.

319 3623 384 3679 Ei
412 3623 617 3694 κτίσμα
666 3624 815 3679 ἐστὶν
842 3625 872 3677 6
901 3624 1050 3689 Υἱὸς,
1074 3624 1193 3688 πῶς
1228 3623 1387 3687 αὐτὸς
1416 3624 1575 3695 μόνος
1614 3625 1828 3678 ἀποκα-

247 3715 441 3771 λύπτει
477 3716 570 3769 τὸν
599 3715 840 3787 Πατέρα,
874 3715 983 3769 τῶν
1013 3715 1190 3769 ἄλλων
1213 3716 1530 3785 κτισμάτων
1557 3716 1656 3787 οὐκ
1678 3714 1831 3785 ὲχόν-

251 3826 362 3864 των
394 3808 548 3862 10610
582 3810 784 3873 ποιεῖν;
815 3808 940 3871 Πῶς
967 3807 1025 3861 δὲ
1051 3808 1209 3879 μόνος
1238 3810 1267 3861 6
1295 3807 1425 3870 Υἱὸς
1456 3806 1715 3876 γινώσκει
1737 3805 1832 3859 τὸν

253 3897 494 3969 Πατέρα,
537 3897 647 3951 τῶν
694 3896 869 3952 ἄλλων
917 3898 1236 3968 ποιημάτων
1280 3898 1380 3951 οὐκ
1428 3896 1643 3950 εἰδότων
1694 3896 1832 3965 ὅπερ

253 3988 433 4056 ὲστίν;
474 4009 492 4041 ι
534 3988 721 4052 οὐδεὶς
749 3988 886 4060 γὰρ,
911 3988 1066 4059 φησὶ,
1096 3987 1354 4056 γινώσκει
1384 3986 1467 4049 τίς
1500 3988 1647 4039 ἐστιν
1666 3986 1693 4038 6
1730 3985 1835 4038 Πα-

252 4080 361 4152 τὴρ
412 4082 461 4134 εί
515 4080 591 4151 μὴ
616 4082 644 4134 6
674 4079 823 4146 Υἱὸς,
855 4080 951 4133 καὶ
1004 4076 1049 4148 ᾧ
1076 4079 1142 4134 ἂν
1184 4082 1212 4133 6
1242 4080 1370 4144 Υἱὸς
1425 4078 1772 4152 ἀποκαλύψῃ.
1808 4096 1828 4130 ι

258 4174 386 4238 Πῶς
412 4173 469 4227 δὲ
497 4173 630 4228 Θεὸν
660 4172 884 4242 μηδενὸς
904 4172 1210 4241 ἑωρακότος
1233 4170 1476 4233 πώποτε,
1501 4169 1644 4223 καθά
1672 4186 1835 4239 φησιν

254 4267 286 4319 6
340 4264 752 4336 εύαγγελιστὴς,
790 4263 976 4334 βλέπει
1024 4262 1186 4333 μόνος
1221 4264 1251 4314 6
1306 4261 1466 4325 Υίός;
1521 4261 1835 4331 Γέγραπται

256 4357 369 4429 γὰρ
404 4357 505 4427 οὐχ
538 4358 621 4409 ὅτι
675 4355 766 4408 τὸν
806 4352 1025 4425 Πατέρα
1052 4370 1137 4417 τις
1186 4352 1451 4423 ἑώρακεν,
1479 4352 1527 4403 εἰ
1572 4352 1647 4421 μὴ
1681 4350 1710 4402 6
1758 4348 1836 4402 ὢν

260 4449 413 4521 παρὰ
443 4446 538 4501 106
570 4446 815 4519 Πατρός;
845 4446 1056 4500 Οὐκοῦν
1086 4446 1136 4497 εί
1184 4446 1345 4515 μόνος
1377 4446 1406 4497 6
1444 4444 1570 4506 Υἱὸς
1610 4443 1714 4513 ὁρᾷ
1742 4445 1837 4495 καὶ

1926 3326 2168 3377 creatum
2203 3334 2217 3371 :
2250 3320 2309 3371 at
2356 3314 2535 3387 potius
2590 3311 2755 3376 Deus,
2803 3315 2988 3377 utpote
3034 3318 3096 3357 ex
3149 3299 3259 3354 Deo
3299 3305 3355 3351 et
3400 3293 3504 3348 Pa-

1929 3416 2032 3463 tre.

2034 3516 2267 3583 ALIUD,
2303 3531 2421 3569 cum
2454 3512 2777 3568 connexione
2809 3508 3029 3563 alterius
3081 3501 3393 3575 syllogismi.

2000 3632 2054 3686 Si
2083 3630 2253 3684 Filius
2284 3638 2365 3684 est
2397 3636 2673 3688 creatura,
2713 3622 2985 3692 quomodo
3012 3620 3125 3688 ipse
3160 3616 3310 3670 solus
3347 3627 3506 3667 reve-

1931 3722 2005 3777 lat
2029 3722 2266 3782 Patrem,
2298 3718 2439 3788 quod
2472 3725 2678 3772 caetera:
2696 3722 2958 3768 creatura:
2985 3709 3168 3764 facere
3191 3702 3509 3775 nequeunt?

1930 3812 2037 3865 Aut
2064 3809 2334 3878 quomodo
2363 3807 2509 3861 solus
2539 3804 2709 3860 Filius
2755 3800 3034 3869 cognoscit
3093 3797 3333 3859 Patrem,
3386 3807 3509 3847 cum

1934 3902 2157 3967 reliqua:
2181 3906 2445 3953 creatura:
2475 3895 2717 3951 nesciant
2751 3894 2873 3963 quis
2921 3890 3026 3945 sit?
3064 3908 3083 3940 ι
3122 3887 3291 3941 Nemo
3340 3883 3509 3944 enim,

1939 3988 2098 4062 149
2149 3988 2344 4057 inquit,
2366 3984 2514 4041 novit
2538 3983 2752 4038 Patrem
2786 3981 2887 4035 nisi
2921 3978 3115 4041 Filius,
3165 3983 3219 4030 et
3279 3973 3364 4027 cui
3432 3970 3517 4023 Fi-

1935 4081 2038 4134 lius
2063 4076 2379 4133 revelaverit
2406 4074 2475 4129 “.
2513 4093 2533 4128 θ
2572 4072 2690 4140 Quo
2711 4081 2867 4141 pacto
2887 4083 3040 4132 vero,
3064 4081 3185 4121 cum
3213 4062 3383 4117 Deum
3415 4075 3515 4116 ne-

1936 4185 2026 4226 mo
2060 4168 2254 4223 viderit
2288 4181 2544 4235 unquam.
2584 4166 2728 4220 sicut
2790 4162 2867 4215 ait
2894 4158 3229 4229 evangelista
3260 4154 3328 4214 ".
3366 4153 3518 4208 solus

1935 4261 2105 4316 Filius
2124 4259 2304 4316 videt?
2328 4256 2518 4313 Nonne
2546 4256 2689 4310 enim
2744 4253 3004 4322 scriptum
3028 4260 3111 4305 est
3138 4250 3208 4313 ",
3240 4265 3257 4297 ι
3301 4247 3513 4299 Patrem

1937 4367 2097 4408 nemo
2124 4351 2258 4405 vidit
2278 4347 2649 4418 unquam,nisi
2674 4345 2765 4414 qui
2791 4355 2958 4398 estex
2982 4340 3181 4395 Patre?
3206 4358 3224 4390 ι
3251 4337 3517 4405 Quocirca

1939 4443 1984 4496 si
2019 4440 2168 4494 solus
2202 4438 2241 4493 F
2262 4438 2385 4492 ilius
2415 4437 2558 4491 videt
2588 4443 2641 4490 et
2668 4433 2945 4503 cognoscit
2971 4431 3209 4492 Patrem,
3235 4430 3520 4498 ipsumque

263 4517 525 4608 γινώσκει
541 4538 634 4591 τὸν
656 4517 899 4607 Πατέρα,
915 4538 1008 4590 καὶ
1023 4535 1398 4590 ἀποκαλύπτει
1417 4534 1599 4599 αὑτὸν,
1617 4535 1716 4586 οὐκ
1732 4533 1822 4602 ἄρα

1942 4532 2146 4588 revelat
2183 4546 2198 4584 :
2230 4545 2338 4584 non
2364 4528 2527 4597 igitur
2544 4534 2788 4581 creatura
2825 4531 2933 4587 est,
2977 4521 3072 4576 sed
3130 4517 3407 4587 proprium
3443 4517 3519 4582 ip-

259 4628 469 4700 κτίσμα
505 4628 673 4692 ἐστὶν,
709 4626 822 4680 ἀλλ’
850 4627 980 4690 ῐόιος
1006 4627 1168 4679 αὑτοῦ
1190 4627 1384 4694 Λόγος,
1422 4626 1558 4696 ὅπερ
1584 4625 1731 4679 ἐστὶν
1751 4624 1843 4677 αὐ·

259 4721 354 4785 τὸς
374 4718 516 4774 κατά
552 4717 745 4788 φύσιν·
778 4717 942 4771 τοῦτο
981 4718 1246 4788 ὑπάρχειν
1283 4715 1439 4780 εἰδὼς
1477 4717 1571 4769 καὶ
1603 4715 1694 4768 τὸν
1718 4715 1841 4769 ὅθεν

261 4808 589 4880 ἐσλάστησε,
628 4807 871 4879 Πατέρα,
914 4808 1011 4861 καὶ
1042 4809 1099 4860 ὲν
1138 4806 1316 4877 ἑαυτῷ
1350 4805 1611 4859 δεικνύων
1657 4804 1843 4870 αὐτὸν,

1945 4624 2062 4680 sius
2108 4622 2365 4685 Verbum,
2406 4619 2549 4689 quod
2577 4616 2793 4686 quidem
2850 4622 2936 4667 est
2977 4612 3092 4681 ipse
3149 4607 3467 4665 naturaliter
3500 4622 3516 4658 :

1950 4716 2052 4769 hoc
2077 4712 2239 4767 etiam
2266 4709 2529 4766 exsistere
2550 4707 2733 4762 sciens
2765 4717 2889 4758 eum
2914 4716 2945 4755 a
2994 4716 3101 4771 quo
3150 4696 3392 4768 procedit
3420 4692 3521 4747 Pa-

1944 4813 2107 4867 trem,
2141 4808 2196 4855 et
2226 4800 2280 4854 in
2311 4800 2490 4869 seipso
2519 4811 2643 4851 eum
2672 4794 3113 4857 ostendens,cum
3138 4796 3344 4843 caetera:
3364 4796 3521 4837 crea-

263 4900 441 4956 καίτοι
477 4900 588 4955 τῶν
639 4899 815 4954 ἄλλων
860 4898 1179 4970 κτισμάτων
1225 4898 1286 4951 ού
1338 4896 1650 4966 δυναμένων
1687 4894 1822 4948 τοῦτι

1943 4906 2077 4951 turre
2107 4893 2158 4948 id
2198 4900 2455 4961 praestare
2487 4904 2592 4944 non
2619 4887 2852 4958 possint.
2884 4884 3071 4953 Neque
3118 4880 3263 4935 enim
3293 4878 3345 4931 in
3363 4887 3519 4930 crea-

264 4993 455 5047 ποιεῖν.
494 4989 571 5044 O6
607 4990 717 5063 γὰρ
744 4992 802 5044 ὲν
847 4992 965 5054 τοῖς
1011 4992 1310 5060 ποιήμασιν
1351 4991 1384 5059 ἡ
1434 4989 1529 5042 106
1563 4988 1841 5051 ποιοῦντος

263 5080 519 5151 ὁμοιότης
548 5079 801 5145 σώζεται,
830 5079 955 5134 οὐδὲ
983 5080 1040 5133 ὲν
1059 5083 1170 5145 τοῖς
1195 5082 1442 5151 γενητοῖς
1471 5082 1499 5133 6
1526 5079 1841 5148 ἀγέννητος,

264 5173 385 5227 οὐδὲ
417 5174 613 5249 ὲνῄτοϊς
642 5174 707 5226 ὲκ
744 5171 837 5225 106
868 5172 945 5245 μὴ
988 5172 1139 5237 ὄντος
1175 5174 1256 5234 εἰς
1282 5172 1342 5224 τὸ
1381 5167 1520 5227 εἶναι
1559 5169 1846 5241 παρηγμέ-

265 5282 379 5327 νοις
408 5266 437 5318 6
468 5264 554 5318 ἀεὶ
593 5264 687 5317 καὶ
724 5262 989 5329 ὡσαύτως
1012 5264 1088 5318 ὢν
1123 5263 1476 5334 ὁραθήσεται.
1506 5261 1755 5315 Φαίνεται
1788 5259 1846 5312 δὲ

267 5359 327 5410 ἐν
352 5353 466 5427 Υίῷ
482 5372 497 5386 ο
525 5354 640 5408 ἔστι
660 5353 770 5426 γὰρ
785 5354 954 5409 εἰκὼν
976 5353 1395 5425 ἀπαράλλακτος
1416 5350 1602 5406 αὐτοῦ.
1626 5351 1848 5420 Ὀμοιος

265 5443 361 5502 06v
409 5446 531 5502 κατ’
572 5445 761 5500 οὐσίαν
823 5447 939 5501 ἐστὶ
977 5446 1068 5501 τοῦ
1119 5442 1350 5516 Πατρὸς,
1385 5445 1446 5498 ού
1495 5443 1699 5515 κτίσμα
1753 5444 1849 5496 καὶ

270 5536 501 5606 minuat.
545 5535 767 5607 Ἐπειδὴ
800 5537 1001 5591 τούτων
1033 5535 1183 5589 οὐδέν
1217 5536 1365 5588 ἐστιν
1403 5536 1432 5587 6
1462 5532 1670 5604 Πατὴρ,
1716 5530 1850 5603 πρὸς

267 5626 328 5679 ὃν
365 5625 459 5678 καὶ
500 5642 564 5695 με
574 5626 881 5697 μόρφωται,

348 5800 606 5862 "Matth.
645 5820 719 5868 xl,
758 5804 849 5856 27.
924 5801 1143 5856 "Joau.
1184 5815 1221 5865 t,
1256 5798 1340 5855 l8.
1416 5797 1463 5829 "’
1484 5794 1635 5852 Joau.
1663 5811 1733 5863 νι,
1760 5795 1849 5850 liti.

1948 4986 2087 5041 turis
2108 4982 2377 5039 creatoris
2410 4980 2710 5037 similitudo
2743 4985 3015 5038 servatur,
3076 4984 3248 5038 neque
3298 4964 3523 5020 factoris

1948 5078 2001 5132 in
2031 5077 2097 5131 iis
2128 5089 2247 5144 qua:
2274 5073 2417 5128 facta
2451 5080 2613 5127 sunt:
2649 5084 2823 5139 neque
2841 5068 2894 5121 in
2922 5066 2989 5119 iis
3011 5076 3129 5133 quas
3161 5075 3225 5113 ex
3255 5056 3422 5111 nihilo
3455 5056 3520 5107 ad
3627 5127 3631 5132 ν

1949 5182 2072 5222 esse
2099 5166 2343 5219 traducta
2374 5162 2589 5227 sunt,is
2636 5160 2727 5231 qui
2787 5170 3000 5226 semper
3045 5152 3343 5219 eodemque
3366 5146 3528 5201 modo

1952 5254 2191 5317 exsistit,
2231 5252 2494 5306 cernitur.
2513 5248 2768 5304 Cernitur
2797 5242 3045 5297 autemin
3063 5237 3198 5293 Filio
3231 5252 3246 5289 :
3274 5244 3356 5290 est
3377 5232 3521 5287 enim

1953 5345 2259 5402 omnimodo
2289 5344 2458 5415 ipsius
2499 5344 2697 5408 imago.
2747 5335 2952 5391 Similis
2995 5335 3177 5404 itaque
3229 5327 3523 5385 secundum

1955 5435 2250 5493 essentiam
2275 5444 2361 5490 est
2416 5432 2586 5495 Patri,
2640 5445 2744 5485 non
2796 5442 2932 5498 opus
2975 5434 3070 5481 aut
3124 5431 3389 5479 creatura.
3440 5417 3526 5472 Si-

1955 5530 2171 5601 quidem
2201 5528 2335 5585 nihil
2359 5529 2552 5585 horum
2581 5532 2666 5581 est
2689 5522 2869 5587 Pater,
2904 5518 3054 5590 cujus
3099 5515 3384 5586 imaginem
3444 5525 3527 5565 rc-

1957 5625 2081 5679 l'crt.
