4072 6514
609 377 712 435 231

1610 375 1667 430 S.
1709 372 1982 431 CYRIILI
2013 369 2492 427 ALEXANDRINI
2537 372 2855 429 ARClllEP.

3834 372 3944 427 252

610 493 1014 573 Demonstramr
1053 513 1145 568 per
1179 496 1562 573 oluervationes
1605 511 1670 548 ea:
1713 510 1865 573 sacra
1901 492 2161 558 Scriptum

2295 489 2716 573 ’Aadqetftqflf
2745 491 3164 573 ἐπιτηρησεων
3187 489 3509 570 γραφικῷν,
3535 490 3634 543 ὅτι

673 567 883 636 petitus,
936 565 1074 636 quod
1118 568 1264 621 nulla
1312 576 1675 620 creaturarum
1708 565 1970 636 adoretur
2026 565 2177 636 quasi

683 634 818 705 Deus
849 652 868 689 :
897 633 1136 705 quodque
1159 655 1218 690 ea
1247 653 1364 704 qua:
1393 637 1615 690 adorant
1646 635 1862 688 adorari
1889 642 1976 686 aut
2017 633 2180 701 glori-

673 703 829 772 ῥαιτί
860 703 963 760 non
995 703 1306 762 sustineant.

679 813 876 871 Petrus
934 816 1246 872 Cornelium
1289 818 1602 871 adorantem
1647 829 1705 869 se
1739 813 1986 883 prohibet
2021 822 2182 880 atque

606 915 778 972 arcet,
804 908 990 963 dicens
1020 926 1064 962 ε(
1089 909 1163 964 Ne
1183 909 1378 974 facias;
1398 925 1520 961 nam
1543 916 1596 961 et
1615 921 1714 976 ego
1731 922 1848 960 sum
1874 906 2034 959 homo
2051 906 2140 957 9“.
2157 923 2173 954 ι

605 998 845 1070 Angelus
896 1000 1057 1055 etiam
1104 1001 1154 1053 in
1193 998 1509 1070 Apocalypsi
1557 997 1821 1052 Joannem
1864 997 2178 1050 adorantem

605 1106 666 1146 se
709 1093 974 1161 increpat,
1022 1092 1253 1145 dicens:
1298 1109 1317 1142 ι
1349 1091 1491 1145 Cave
1525 1105 1592 1144 ne
1645 1089 1831 1149 facias,
1885 1103 2180 1143 conservus

603 1180 748 1234 enim
781 1190 904 1236 tuus
953 1196 1092 1244 sum,
1143 1191 1197 1235 et
1241 1181 1465 1234 fratrum
1505 1190 1717 1234 tuorum
1768 1179 2176 1249 prophetarum,

601 1279 655 1324 et
678 1284 865 1326 eorum
886 1274 977 1343 qui
1009 1273 1504 1328 custodiuntverba
1529 1273 1651 1326 libri
1677 1273 1834 1341 hujus
1854 1272 1920 1323 ".
1949 1290 1966 1322 ι
1991 1270 2179 1324 Manoe

601 1374 818 1431 quoque
853 1371 1060 1429 patrem
1098 1361 1440 1430 Sampsonis,
1472 1361 1802 1414 sacrificium
1834 1358 2173 1423 offerentem,

599 1451 825 1521 angelus
859 1451 1149 1520 prohibuit,
1182 1453 1367 1506 dicens
1395 1469 1407 1505 :
1441 1469 1460 1502 ‹
1489 1449 1542 1505 Si
1571 1451 1906 1506 sacriﬁcahis
1941 1450 2176 1513 haedum,

597 1541 826 1596 Domino
859 1542 1195 1598 sacrificabis
1228 1557 1351 1597 eum
1375 1544 1446 1596 ³⁸.
1475 1563 1493 1594 ι
1526 1543 1600 1598 De
1633 1543 1769 1598 Filio
1817 1551 1998 1596 autem
2043 1541 2178 1596 scri-

595 1643 740 1701 ptum
767 1640 891 1688 est:
928 1653 946 1686 ι
981 1635 1221 1689 Adorent
1248 1649 1369 1689 eum
1403 1649 1593 1690 omnes
1621 1635 1796 1702 angeli
1833 1633 1926 1688 Dei
1967 1633 2034 1686 '9.
2069 1651 2088 1683 ›
2121 1629 2175 1684 ln

591 1721 726 1777 lsaia
756 1724 1015 1792 scriptum
1043 1734 1128 1780 est
1161 1743 1176 1780 :
1218 1743 1236 1776 ι
1274 1723 1335 1778 In
1375 1735 1425 1780 te
1449 1725 1775 1789 adorabunt,
1802 1735 1855 1780 et
1885 1725 1938 1778 in
1977 1733 2029 1778 te
2053 1732 2174 1775 vota

588 1813 811 1870 facient.
844 1814 926 1869 Tn
959 1817 1102 1870 enim
1140 1831 1199 1871 es
1244 1817 1408 1880 Deus,
1443 1825 1498 1871 et
1542 1817 1888 1881 nescivimus,
1927 1816 2066 1870 Deus
2098 1813 2175 1869 ls-

591 1909 702 1964 rnel
748 1910 1009 1966 Servator
1057 1913 1098 1967 ι.
1131 1933 1150 1964 ι
1200 1912 1386 1967 Fuerit
1432 1923 1614 1966 autem
1649 1910 2018 1966 verisimiliter
2062 1911 2176 1964 haec

591 2015 694 2055 vox
736 2016 925 2056 eorum
956 2003 1048 2073 qui
1093 2017 1154 2057 ex
1190 2003 1440 2073 gentibus
1476 2003 1654 2056 vocati
1699 2009 1843 2066 sunt,
1872 2002 1963 2071 qui
2007 2001 2171 2055 Deum

587 2093 844 2160 deinceps
869 2103 1257 2163 cognoverunt.
1297 2093 1352 2148 Si
1397 2107 1527 2147 vero
1553 2091 1747 2146 Filium
1780 2103 2174 2162 cognoscentes

587 2182 756 2236 Deum
791 2193 1186 2254 cognoverunt,
1221 2196 1276 2239 et
1298 2191 1553 2254 tanquam
1587 2186 1757 2240 Deum
1789 2185 2041 2250 adorant,
2067 2200 2169 2238 non

586 2273 752 2348 igitur
797 2284 1049 2329 creatura
1099 2285 1218 2341 est,
1265 2291 1333 2332 ne
1393 2285 1582 2347 gentes
1635 2285 1940 2333 creaturam
1992 2277 2170 2347 potius

583 2376 748 2433 quam
775 2362 1090 2419 Creatorem
1124 2365 1302 2420 colere
1323 2366 1635 2421 videantur.

1260 2562 1494 2619 ALIUD.

649 2673 902 2730 Christus
930 2675 995 2730 ad
1029 2675 1322 2744 discipulos
1355 2691 1485 2732 suos
1539 2691 1592 2731 .'a
1624 2677 1698 2732 ait
1733 2700 1746 2732 :
1779 2696 1796 2728 ι
1827 2675 1938 2731 Vos
1961 2678 2164 2732 vocatis

580 2781 688 2830 me,
738 2767 1016 2829 Dominus,
1077 2778 1130 2821 et
1179 2768 1454 2838 Magister,
1483 2777 1536 2823 et
1568 2779 1717 2824 recte
1767 2769 1949 2824 dicitis
1991 2788 2004 2823 :
2042 2786 2162 2824 sum

577 2859 720 2914 enim
744 2858 784 2909 ⁸.
822 2876 842 2908 ι
877 2855 1080 2911 Deinde
1105 2856 1345 2912 Thomas
1381 2859 1452 2911 ita
1482 2857 1548 2911 ad
1581 2857 1760 2927 ipsum
1797 2858 1927 2913 dicit
1954 2879 1966 2914 :
2007 2877 2025 2909 ι
2056 2860 2163 2913 Do-

576 2948 756 3004 minus
804 2962 976 3012 meus,
1013 2956 1069 3002 et
1119 2947 1259 3002 Deus
1298 2947 1524 3012 meus';
1564 2964 1582 2997 ι
1620 2963 1796 3017 neque
1827 2957 2002 3003 tamen
2037 2964 2162 3018 pro-

576 3040 769 3108 hibuit,
830 3056 898 3094 ue
949 3039 1246 3109 discipulus
1295 3039 1347 3094 id
1414 3038 1651 3105 diceret,
1707 3041 2160 3108 quemadmodum

574 3132 749 3203 angeli
795 3133 1025 3186 sanctis.
1072 3132 1359 3187 Psalmista
1390 3134 1556 3186 etiam
1595 3151 1608 3188 :
1647 3152 1664 3184 ι
1703 3133 1961 3187 Thronus
2010 3143 2154 3198 tuus,

2360 560 2544 614 οὐδὲν
2573 559 2693 613 τῶν
2725 561 3071 629 κτισμάτων
3096 560 3528 628 προσκυνεῖται
3555 575 3571 589 ·
3608 561 3772 613 οὔτε
3798 559 3937 627 μὴν

2355 631 2861 698 προσκυνούμενα
2935 630 3210 699 ἀνέχεται
3279 629 3796 698 προσκυνεῖσθαι
3895 630 3930 698 ἦ

2357 699 2832 769 δοξολογεῖσθαι.

2367 811 2424 863 '0
2457 810 2731 881 μακάριος
2759 811 2966 883 Πέτρος
2999 811 3415 883 προσκυνοῦντα
3440 812 3534 865 τὸν
3561 810 3916 881 Κορνήλιον,

2281 901 2569 955 διακωλύει
2594 902 2797 971 λέγων·
2824 922 2842 954 ι
2871 905 2962 972 Μὴ
2992 905 3157 957 ποίει·
3179 904 3274 956 καὶ
3305 904 3415 975 γὰρ
3452 902 3573 972 ἐγὼ
3604 902 3916 972 ἄνθρωπός

2283 993 2420 1063 εἶμι.
2456 1013 2473 1044 ›
2495 991 2799 1046 Ἐκώλυσεν
2826 993 3054 1061 ἄγγελος
3072 994 3483 1065 προσκυνοῦντα
3518 994 3620 1046 τὸν
3636 994 3907 1063 Ἰωάννην

2282 1087 2338 1138 ὲν
2361 1088 2425 1156 τῆ
2456 1085 2620 1140 αὐτοῦ
2639 1085 3026 1154 Ἀποκαλύψει,
3045 1086 3242 1154 λέγων*
3261 1107 3278 1138 ι
3309 1087 3453 1158 Ὅρα
3482 1095 3560 1156 μή
3600 1085 3904 1149 σύνδουλῷ

2285 1196 2377 1230 σου
2410 1179 2560 1248 εἰμὶ,
2608 1179 2704 1232 καὶ
2745 1178 2852 1231 τῶν
2893 1178 3137 1246 ἀδελφῶν
3169 1195 3262 1231 σου
3292 1178 3402 1231 τῶν
3433 1176 3779 1248 προφητῶν,
3815 1181 3897 1229 καὶ

2280 1268 2388 1320 τῶν
2420 1267 2802 1336 φυλασσόντων
2835 1271 2962 1332 τοὺς
2989 1269 3182 1337 λόγους
3214 1268 3308 1322 τοῦ
3359 1267 3571 1337 βιϐλίου
3619 1267 3844 1319 τούτου.
3874 1287 3890 1317 ι

2283 1359 2387 1411 Τὸν
2435 1360 2637 1413 Μανωὲ
2685 1359 2780 1412 τοῦ
2832 1360 3072 1430 Σαμψὼν
3115 1360 3209 1412 τὸν
3237 1361 3451 1430 πατέρα
3493 1359 3699 1411 Θυσίαν
3733 1375 3893 1423 προσ-

2282 1452 2522 1518 άγοντα,
2576 1452 2890 1506 κεκώλυκεν
2943 1456 2972 1505 6
3021 1451 3249 1521 ἄγγελος
3296 1451 3506 1518 λέγων·
3566 1469 3585 1501 ι
3635 1452 3755 1502 Καὶ
3806 1451 3891 1502 ἐὰν

2281 1543 2515 1614 ποιήσῃς
2566 1542 2777 1612 ἔριφον,
2824 1543 3016 1615 Κυρίῳ
3065 1543 3310 1612 ποιήσεις
3361 1541 3549 1594 αὐτόν.
3587 1559 3608 1592 ι
3654 1541 3798 1610 Περὶ
3839 1541 3886 1592 δὲ

2279 1633 2371 1685 τοῦ
2408 1633 2537 1687 Υίοῦ
2565 1635 2906 1704 γέγραπται·
2941 1633 3536 1704 «Προσκυνησάτωσαν
3567 1632 3732 1702 αὐτῷ
3755 1632 3884 1684 πᾶν·

2281 1743 2370 1788 τες
2399 1726 2618 1795 ἄγγελοι
2658 1726 2814 1780 Θεοῦ.
2843 1746 2861 1777 ι
2882 1727 2972 1779 Ἐν
2997 1726 3076 1796 τῷ
3104 1726 3300 1796 Ἡσαΐᾳ
3330 1725 3659 1796 γέγραπται
3696 1724 3879 1777 πάλιν·

2288 1837 2304 1867 ι
2342 1819 2452 1872 Καὶ
2486 1820 2543 1871 ὲν
2581 1818 2664 1871 σοὶ
2697 1819 3155 1889 προσκυνήσουσι,
3187 1818 3282 1872 καὶ
3315 1819 3375 1870 ὲν
3407 1818 3491 1871 σοὶ
3540 1817 3876 1888 προσεύξον-

2207 1872 2248 1925 B
2276 1926 2386 1962 ται.
2435 1911 2509 1962 Σὺ
2533 1910 2644 1981 γὰρ
2673 1872 2776 1964 εῐιὸ
2802 1872 2974 1974 Θεὸςί
2994 1910 3092 1963 καὶ
3135 1872 3235 1962 οὐκ
3265 1909 3522 1979 ᾔδειμεν
3562 1872 3603 1960 6.
3621 1908 3766 1970 Θεὸς
3779 1872 3878 1959 ’το-5

2289 2000 2503 2071 Ἰσραὴλ
2554 2001 2766 2071 Σωτήρ.
2801 2020 2819 2053 ι
2850 2001 2949 2070 Elin
2995 1999 3041 2052 δ’
3078 1999 3144 2053 ἂν
3187 1999 3412 2061 εἰκότως
3456 1998 3570 2050 τῶν
3607 1997 3675 2061 ἐξ
3720 1998 3879 2051 ἐθνῶν

2274 2093 2629 2162 κεκλημένων
2673 2095 2706 2163 ἠ
2751 2092 2978 2162 τοιαύτη
3031 2089 3183 2161 φωνὴ
3237 2090 3426 2144 λοιπὸν
3476 2092 3876 2158 ἐπεγνωκότων

2272 2182 2423 2239 Θεόν.
2455 2187 2517 2238 Ei
2562 2185 2620 2237 δὲ
2669 2185 2760 2237 τὸν
2801 2183 2926 2236 Υίὸν
2971 2182 3308 2250 ἐπιγνόντες,
3337 2181 3472 2234 Θεὸν
3523 2182 3873 2250 ἐπέγνωσαν,

2272 2276 2366 2329 καὶ
2411 2276 2487 2338 ὡς
2532 2274 2652 2346 Θεῷ
2697 2273 3120 2345 προσκυνοῦσιν,
3151 2273 3252 2326 οὐκ
3283 2273 3391 2343 ἄρα
3428 2274 3648 2343 κτίσμα
3710 2275 3872 2335 ἐστὶν,

2270 2368 2357 2420 ἵνα
2389 2369 2464 2437 μὴ
2496 2365 2659 2420 πάλιν
2695 2365 2958 2435 κτίσματι
2993 2363 3230 2434 λατρεύῃ
3273 2363 3344 2416 τὰ
3393 2363 3520 2435 ἔθνη
3574 2364 3741 2433 παρά
3793 2363 3872 2416 τὸν

2272 2458 2558 2511 κτίσαντα.

2959 2568 3163 2623 ΑΛΛΟ.

2337 2683 2499 2751 Λέγει
2560 2683 2694 2753 πρὸς
2748 2700 2875 2746 τους
2944 2681 3139 2735 ἑαυτοῦ
3197 2679 3446 2750 μαθητὰς
3496 2679 3524 2731 6
3579 2681 3824 2751 Χριστός
3855 2699 3867 2711 ο

2273 2792 2292 2826 ι
2316 2774 2504 2843 Ὑμεῖς
2534 2774 2746 2828 καλείτέ
2778 2792 2866 2845 με,
2901 2775 2929 2826 6
2959 2773 3163 2844 Κύριος
3199 2773 3293 2824 καὶ
3325 2774 3354 2824 6
3387 2762 3758 2834 Διδάσκαλος,
3782 2774 3872 2823 καὶ

2265 2865 2446 2928 καλῶς
2492 2866 2711 2934 λέγετε⁸
2741 2867 2858 2936 εἰμὶ
2892 2866 3021 2936 γάρ.
3054 2884 3072 2917 ι
3110 2860 3242 2917 Εἶτα
3289 2863 3437 2931 λέγει
3649 2864 3816 2915 αὑτὸν
3844 2866 3869 2916 6

2263 2953 2466 3022 Θωμᾶς
2488 2969 2500 2983 ’
2543 2974 2560 3006 ι
2585 2955 2642 3006 Ὀ
2674 2953 2876 3023 Κύριός
2906 2972 3035 3024 μου,
3072 2953 3166 3006 καὶ
3195 2955 3224 3006 6
3251 2952 3384 3014 Θεός
3431 2969 3557 3021 μου.
3591 2970 3614 3002 ι
3641 2952 3744 3004 καὶ
3772 2953 3866 3004 οὒκ

2262 3044 2587 3098 ἁπεκώλυσε
2620 3046 2794 3099 ταῦτα
2822 3045 3049 3113 λέγοντα
3073 3043 3164 3097 τὸν
3196 3043 3443 3113 μαθητὴν
3470 3043 3546 3105 ὡς
3569 3044 3619 3094 οἱ
3645 3044 3866 3110 ἄγγελοι

2261 3137 2386 3198 τοὺς
2410 3136 2620 3204 ἁγίους.
2636 3137 2745 3188 Καὶ
2763 3138 2791 3188 6
2815 3135 3150 3206 Ψαλμῳδός’
3182 3153 3199 3186 ι
3222 3135 3280 3187 '0
3305 3134 3494 3205 θρόνος
3518 3149 3640 3197 σου,
3667 3135 3698 3184 6
3715 3134 3864 3197 Θεᾷ,

576 3223 740 3286 Deus,
771 3224 932 3287 Deus,
969 3222 1022 3276 in
1053 3221 1308 3278 saeculum
1342 3223 1523 3277 saeculi
1551 3222 1593 3275 δ.
1624 3240 1642 3274 ι
1684 3221 1844 3292 150
1871 3224 1938 3277 At
1971 3225 2015 3278 si
2041 3233 2159 3278 erat

2275 3225 2289 3277 5
2319 3225 2473 3289 Θεὸς,
2521 3227 2602 3288 εἰς
2636 3226 2727 3278 τὸν
2759 3205 3058 3278 αἰῶναίτοῦ
3098 3225 3313 3287 αἰῶνος.
3345 3244 3363 3275 ι
3415 3223 3556 3276 Ἀλλ’
3591 3222 3761 3293 εἴπερ
3802 3221 3866 3295 ἦν

571 3326 826 3371 creatura
871 3315 1036 3370 etiam
1082 3316 1219 3384 ipse,
1256 3330 1362 3369 non
1397 3313 1592 3369 fuisset
1651 3316 1930 3379 adoratus,
1983 3331 2158 3385 neque

572 3415 797 3461 vocatus
833 3406 1112 3472 Dominus,
1166 3420 1342 3475 neque
1378 3405 1587 3459 tulisset
1614 3420 1940 3474 quemquam
1972 3405 2155 3459 dicen-

576 3507 682 3552 tem
723 3515 737 3552 :
775 3495 854 3550 Tu
889 3512 947 3551 es
977 3498 1119 3552 Deus
1150 3511 1318 3551 meus.
1353 3496 1486 3552 Cum
1523 3512 1649 3552 vero
1683 3496 2002 3550 naturaliter
2041 3496 2155 3551 lucc

573 3587 666 3651 sit,
701 3587 907 3640 habens
939 3601 1000 3641 ea
1030 3601 1149 3654 quae
1180 3585 1356 3640 Patris
1389 3595 1535 3651 sunt,
1571 3594 1628 3638 ut
1664 3584 1835 3638 Filius
1880 3593 1935 3638 et
1967 3598 2153 3635 verum

573 3679 741 3746 ipsius
786 3691 1028 3748 germen,
1081 3678 1318 3732 admittit
1348 3677 1511 3732 etiam
1559 3691 1652 3733 eos
1682 3665 1775 3746 qui
1822 3675 1948 3729 talia
1997 3675 2062 3728 de
2095 3688 2154 3729 se

571 3771 884 3839 przedicant,
924 3781 983 3824 ut
1006 3785 1188 3824 verum
1220 3768 1554 3840 proﬁtentes.

1251 3876 1479 3934 ALIUD.

572 3990 809 4061 Objectio
849 4007 913 4046 ea:
963 3991 1291 4059 dogmatibus
1337 3991 1475 4054 Arii,
1526 4006 1642 4060 qua!
1698 4006 1892 4053 verum,
1948 4000 2002 4043 ut
2052 3991 2150 4052 ipsi

635 4071 844 4128 putant,
882 4079 1098 4115 causam
1131 4062 1382 4123 continet,
1415 4072 1627 4128 propter
1666 4077 1822 4128 quant
1865 4062 2036 4127 {actus
2083 4063 2148 4113 sit

639 4130 836 4196 Filius,
896 4143 942 4185 et
970 4131 1084 4200 ejus
1107 4147 1196 4200 per
1220 4133 1416 4184 solidos
1453 4130 1785 4201 syllogismos
1819 4130 2090 4198 refutatio.

638 4311 796 4375 Cum,
830 4311 1098 4381 inquiunt,
1132 4310 1270 4364 Deus
1306 4307 1466 4363 vellet
1494 4316 1866 4364 creaturarum
1899 4318 2145 4364 naturam

564 4401 913 4465 constituere,
947 4415 1069 4454 cum
1099 4398 1189 4453 illa
1217 4399 1538 4452 immensam
1557 4398 1727 4466 ipsius
1751 4399 1858 4452 vim
1890 4414 1952 4452 ac
1977 4399 2148 4452 virtu-

567 4501 671 4546 tem
713 4506 910 4562 capere
960 4506 1070 4545 non
1133 4501 1337 4560 posset,
1405 4489 1640 4557 primum
1679 4489 1886 4544 creavit
1927 4489 2143 4554 Filium,
2179 4533 2221 4587 ι)

561 4597 719 4653 quem
772 4592 827 4637 ct
875 4580 1112 4636 Verbum
1155 4582 1470 4647 nominavit,
1529 4590 1587 4635 ut
1629 4595 1728 4647 per
1787 4581 1935 4634 ilium
1990 4583 2140 4650 quasi

563 4675 800 4730 medium
849 4674 1074 4743 reliqua!
1120 4685 1386 4729 creatura:
1439 4682 1606 4728 tantae
1651 4674 1870 4726 virtutis
1915 4688 2142 4739 capaces

559 4764 925 4820 edicerentur.
953 4764 1243 4819 Eratenim
1273 4765 1472 4834 alioqui
1501 4764 1791 4818 absurdum
1818 4761 2138 4818 inelfabilcm

561 4860 653 4914 Dei
689 4859 940 4913 virtutem
993 4858 1060 4914 ad
1109 4859 1223 4914 hac
1271 4858 1495 4913 minima
1539 4856 1845 4927 pervenire,
1892 4865 1947 4910 et
1995 4856 2138 4911 circa

557 4954 693 5008 adeo
727 4951 886 5006 exilia
915 4950 1185 5007 laborare.

1074 5064 1274 5120 S’olutio
1301 5063 1629 5132 objectiom's.

625 5174 681 5228 SI
713 5175 966 5229 virtutem
998 5189 1062 5228 ac
1093 5173 1388 5240 potentiam
1418 5171 1511 5226 Dei
1541 5179 1732 5228 natura
1763 5185 2130 5230 creaturarum

555 5252 833 5334 caperect
859 5265 1004 5319 l'erre
1034 5279 1139 5316 non
1172 5270 1370 5328 potest,
1404 5278 1512 5332 quo
1541 5274 1702 5334 pacto
1729 5279 1848 5320 eam
1884 5268 2009 5322 tulit
2039 5270 2132 5324 Fi-

555 5356 680 5418 lius,
708 5373 830 5412 cum
863 5357 938 5412 sit
974 5364 1030 5409 et
1063 5355 1178 5422 ipse
1211 5361 1434 5409 creatus
1468 5355 1750 5424 factusque
1781 5372 1812 5412 e
1855 5359 2044 5423 nihilo,
2077 5371 2134 5415 ut

552 5463 649 5504 vos
705 5448 980 5503 censetis?
1029 5445 1135 5499 Aut
1187 5461 1296 5516 quo
1345 5460 1502 5514 pacto
1547 5449 1802 5503 susunuit
1858 5449 2132 5520 ingentem

554 5538 700 5596 illam
731 5538 910 5592 Patris
940 5537 1339 5608 operationem,
1368 5554 1487 5593 cum
1521 5540 1614 5604 sit,
1656 5547 1715 5593 ut
1743 5539 1945 5605 dicitis,
1979 5558 2133 5598 crea-

615 5721 824 5795 _’5°Act.
855 5718 1030 5795 x,‘2_ti.
1076 5717 1152 5795 ,Ἰ
1177 5719 1339 5795 Apoc.
1375 5737 1494 5795 XIX:
1518 5722 1604 5776 l0.
1681 5722 1922 5781 "Judic.
1959 5743 2076 5795 xm,
2111 5727 2159 5783 5.

553 5791 572 5821 ³
596 5790 751 5846 luau.
786 5805 874 5844 xx.
906 5789 998 5842 ‘28.
1074 5788 1092 5819 ⁵
1115 5786 1252 5845 Psal.
1285 5805 1427 5857 χειν,
1466 5792 1513 5844 7.

2260 3314 2468 3383 κτίσμα
2523 3317 2615 3368 καὶ
2668 3315 2852 3381 αὐτὸς,
2912 3317 3013 3369 οὐκ
3065 3315 3130 3369 ἂν
3181 3315 3591 3386 προσεκυνήθη,
3643 3317 3750 3368 οὐκ
3800 3318 3863 3369 ἂν

2261 3363 2466 3475 ὲκλήῦη
2516 3405 2740 3477 Κύριος,
2777 3363 2876 3459 οῦκ
2919 3407 2988 3459 ἂν
3035 3363 3299 3476 ὴνέσχεῗτο
3331 3363 3743 3468 ἀκούωνιῖτινὸς
3782 3407 3863 3458 λὲο
4029 3363 4031 3426 ι

2259 3508 2484 3560 γοντοςο
2517 3494 2590 3546 Σὺ
2640 3490 2692 3545 εἴ
2747 3496 2775 3546 6
2820 3494 2953 3556 Θεός
2989 3494 3353 3565 μου.Ἐπειδὴ
3396 3494 3452 3546 δὲ
3507 3496 3653 3546 κατὰ
3701 3497 3862 3564 φύσιν

2255 3585 2429 3638 ταῦτά
2454 3588 2622 3648 ἐστιν,
2655 3585 2791 3654 ἔχων
2824 3587 2891 3638 τὰ
2925 3587 3017 3639 τοῦ
3069 3586 3279 3657 Πατρὸς
3325 3586 3402 3648 ὼς
3431 3586 3558 3649 Υἱὸς
3596 3589 3697 3638 καὶ
3731 3590 3861 3658 γνή-

2257 3694 2373 3730 σιον
2401 3678 2667 3756 γέννημα,
2685 3679 2779 3732 καὶ
2803 3678 3128 3748 ἀποδέχεται
3157 3679 3284 3742 τοὺς
3314 3679 3382 3731 τὰ
3411 3679 3642 3733 τοιαῦτα
3672 3681 3859 3747 λέγον-

2254 3784 2375 3832 τας,
2407 3769 2482 3832 ὼς
2504 3768 2901 3840 ὁμολογοῦντας
2931 3769 2993 3822 τὸ
3024 3770 3256 3850 ἀληθές..

2945 3886 3152 3939 ΑΛΛΟ.

2266 3995 2594 4066 Ἀντίυεσις
2640 3999 2759 4054 ἀπὸ
2806 3999 2925 4053 τῶν
2975 3999 3204 4066 Ἀρείου
3251 3998 3598 4066 δογμάτων,
3651 4002 3858 4054 αἰτίαν

2323 4068 2558 4136 ἔχουσα
2614 4070 2719 4122 τοῦ
2774 4068 3139 4137 πεποιῆσθαι
3191 4071 3299 4122 τὸν
3338 4070 3494 4137 Υίὸν,
3547 4071 3632 4135 ὡς
3683 4073 3857 4124 αὐτοὶ

2324 4137 2668 4206 νομίζουσιν
2697 4137 2918 4206 ἀληθῆ.
2964 4136 3062 4209 mg
3097 4139 3279 4204 λύσις
3314 4136 3538 4206 ἐφεξῆς
3561 4142 3720 4209 μετὰ
3760 4155 3856 4195 πι-

2324 4210 2648 4275 θανότητος
2678 4206 3133 4278 συλλογισμῶν.

2321 4319 2674 4389 Βουλόμενος,
2707 4321 2896 4388 φασὶν,
2933 4321 2962 4372 6
2996 4319 3104 4372 τῶν
3132 4319 3272 4372 ὅλων
3303 4319 3432 4382 Θεὸς
3466 4321 3568 4390 τὴν
3597 4321 3713 4374 τῶν
3760 4338 3854 4388 γε-

2250 4408 2428 4479 νητῶν
2476 4411 2782 4480 ὑποστῆσαι
2835 4411 3020 4480 φύσιν,
3062 4410 3184 4462 ἐπεὶ
3236 4409 3311 4480 μὴ
3362 4409 3595 4479 ἠδύνατο
3647 4415 3853 4481 χωρεῖν

2250 4498 2387 4569 αὕτη
2415 4498 2514 4568 τὴν
2538 4499 2776 4568 ἄκρατον
2806 4499 2970 4552 αὑτοῦ
2998 4499 3249 4568 δύναμιν,
3292 4498 3467 4561 κτίζει
3503 4499 3726 4566 πρῶτον
3755 4501 3851 4554 τὸν

2254 4589 2397 4656 Υἰὸν,
2439 4589 2498 4642 ὃν
2532 4589 2629 4642 καὶ
2675 4590 2846 4658 Λόγον
2885 4590 3205 4660 ὠνόμασενο
3241 4589 3330 4643 ἵνα
3361 4590 3427 4641 δι’
3460 4589 3625 4643 αὐτοῦ
3675 4591 3851 4644 τᾶλλα

2247 4682 2472 4752 γένηται
2509 4682 2672 4752 μέσου
2697 4682 2991 4753 γενομένου
3025 4684 3224 4752 χωρεῖν
3258 4681 3512 4751 ἰσχύοντα
3542 4682 3643 4752 τὴν
3674 4685 3847 4736 αὐτοῦ

2249 4772 2402 4842 μόλις
2440 4773 2906 4844 δύναμιν.¹¹Αλλως
2937 4792 2995 4826 τε
3021 4771 3090 4845 ἦν
3121 4775 3318 4827 ἄτοπον
3359 4773 3458 4843 τὴν
3510 4773 3724 4842 ἄφατον
3746 4775 3845 4828 τοῦ

2245 4863 2380 4916 Θεοῦ
2417 4864 2646 4934 δύναμιν
2681 4865 2843 4936 μέχρι
2892 4865 3000 4917 τῶν
3035 4865 3221 4927 οὕτως
3257 4864 3558 4933 ἐλαχίστων
3609 4863 3844 4933 φθάσαι,

2245 4955 2338 5008 καὶ
2374 4955 2717 5025 ἀσχολεῖσθαι
2750 4955 2845 5008 καὶ
2878 4955 3006 5025 περὶ
3029 4956 3096 5008 τὰ
3128 4955 3271 5008 οὕτω
3302 4956 3497 5025 μικρά.

2725 5068 2883 5138 Πρὸς
2920 5067 3096 5122 τοῦτο
3133 5069 3338 5134 λύσις.

2315 5181 2376 5232 El
2408 5180 2678 5251 ἀφόρητος
2705 5177 2772 5251 ἦν
2801 5181 2834 5250 ἡ
2863 5179 2956 5233 τοῦ
2983 5179 3118 5232 Θεοῦ
3164 5179 3395 5250 δύναμις
3430 5181 3495 5250 τῇ
3525 5182 3640 5235 τῶν
3668 5199 3841 5253 γενηο

2239 5271 2346 5324 τῶν
2398 5272 2578 5340 φύσει,
2614 5271 2728 5334 πῶς
2774 5272 2943 5342 αὐτὴν
2993 5272 3225 5343 ἦνεγκεν
3252 5273 3282 5324 ό
3312 5271 3460 5336 Υἱὸς,
3491 5275 3728 5344 γενητὸς
3761 5274 3839 5329 ὢν

2241 5364 2335 5416 καὶ
2361 5363 2521 5426 αὐτὸς
2552 5363 2646 5416 καὶ
2672 5361 2730 5427 ἐξ
2762 5364 2862 5416 οὐκ
2891 5362 3079 5429 ὅντων,
3108 5363 3233 5416 καθ’
3265 5362 3444 5431 ὑμᾶςς
3478 5364 3604 5428 Πῶς
3632 5364 3691 5417 δὲ
3729 5367 3833 5418 ὑπ-

2240 5453 2422 5522 έμεινε
2465 5453 2564 5522 τὴν
2608 5451 2845 5523 ἄκρατον
2875 5452 3209 5520 αὐτουργίαν
3238 5451 3334 5504 τοῦ
3371 5453 3584 5522 Πατρὸς
3621 5454 3836 5525 κτίσμα
3868 5475 3874 5478 ·

2242 5545 2525 5615 ὑπάρχων,
2553 5544 2627 5608 ὦς
2655 5562 2791 5614 φατε
2813 5563 2824 5574 ·
2867 5544 3108 5615 ’Δνάγκη
3145 5545 3256 5614 γὰρ
3286 5543 3322 5614 ἦ
3350 5543 3543 5597 τούτου
3572 5544 3839 5616 δυνηθὲν·

2242 5730 2282 5760 ³³³
2306 5725 2618 5791 Ps-al.xcv1,
2657 5726 2706 5779 7.
2833 5725 2932 5780 Isa.
2971 5740 3094 5792 xcv,
3149 5725 3231 5779 ll.
3315 5723 3516 5778 ’Juan.
3569 5737 3694 5790 xui,
3743 5723 3833 5780 l3.
