4072 6532
197 430 325 486 255
1616 428 1786 483 THES

1899 430 2059 486 liUS.
3356 423 3461 478 251

198 567 331 613 τος,
371 549 553 601 πᾶσαν
581 548 836 601 δύνασθαι
882 548 979 617 τὴν
1011 546 1183 599 κτίσιν
1204 564 1217 576 ·
1250 546 1282 616 ἢ
1328 546 1427 618 τῆς
1471 547 1637 618 ἄλλης
1668 547 1786 600 ἀτο·

1897 548 2053 602 tura?
2077 546 2449 602 Necessarium
2472 544 2615 601 enim
2634 556 2739 610 est,
2766 553 2824 598 ut
2851 559 2973 599 cum
2994 543 3107 613 ipse
3128 540 3270 595 illius
3291 554 3461 607 capax

202 638 417 709 νούσης
455 637 706 699 κτίσεως,
742 636 1087 689 συνασθενεῖν
1129 638 1222 690 καὶ
1269 638 1432 691 αὑτὸν
1460 638 1535 699 ὡς
1567 638 1786 705 κτιστῆς

1893 640 1982 703 sit,
2016 654 2241 708 capaces
2286 639 2446 693 etiam
2496 637 2605 691 sint
2653 634 2871 703 reliqua:
2904 643 3167 688 creatura:
3208 649 3221 685 :
3272 639 3364 685 aut
3417 630 3462 684 si

200 728 351 782 ὅντα
389 730 626 797 φύσεως.
660 729 722 780 Ei
766 728 821 780 δὲ
866 727 1143 797 ἐχώρησεν
1176 730 1203 781 6
1237 728 1362 791 Υἱὸς
1406 728 1633 797 κτίσμα,
1669 727 1786 780 καθ¹

1894 731 2211 786 imbecillior
2241 730 2316 785 sit
2365 712 2751 783 creaturarum
2784 733 3000 789 natura,
3033 739 3192 792 quam
3240 733 3299 777 ut
3347 723 3464 791 ejus

203 820 388 891 ὑμᾶς,
418 821 673 889 ὑπάρχων
695 819 792 887 τὴν
818 816 908 870 τοῦ
940 819 1520 890 Πατρὸςαὺτουργίαν,
1552 820 1786 891 χωρήσει

1894 838 2063 892 capax
2093 836 2211 877 esse
2257 821 2448 891 possit,
2476 822 2663 874 eadem
2689 816 3059 871 imbecillitate
3086 816 3247 870 etiam
3285 817 3461 884 ipsum

204 911 317 963 καὶ
354 909 522 963 τᾶλλα
549 908 842 977 κτίσματα,
870 908 963 960 καὶ
992 908 1217 979 περιττὴ
1245 911 1492 977 φανεῖται
1534 909 1721 963 λοιπὸν
1757 911 1786 979 ἡ

1894 913 2158 977 laborare,
2191 912 2387 980 quippe
2416 910 2507 979 qui
2539 916 2733 962 creata:
2761 907 2832 961 sit
2862 915 3084 959 naturae.
3118 905 3175 959 Si
3210 920 3334 959 vero
3369 904 3463 957 Fi-

200 1000 314 1052 τοῦ
347 997 473 1051 Υίοῦ
520 997 729 1065 γένεσις
768 997 886 1067 ἦτοι
930 996 1165 1066 ποίησις,
1196 997 1281 1049 ἵνα
1319 996 1386 1051 τὰ
1416 998 1548 1051 ἄλλα
1577 998 1786 1069 κτισθῇ¹

1892 1004 1996 1058 lius
2024 1018 2146 1058 cum
2188 1004 2258 1057 sit
2289 1009 2561 1065 creatura,
2599 1008 2656 1053 ut
2689 1013 2780 1053 vos
2820 995 3136 1066 opinamini,
3169 1010 3334 1064 capax
3365 995 3465 1049 fuit

204 1090 469 1160 ἁτονήσει
505 1088 560 1141 δὲ
590 1088 682 1140 καὶ
714 1088 773 1140 τὸ
809 1087 1029 1158 ὑϐρίζον
1062 1088 1301 1157 σόφισμα
1340 1089 1402 1141 τὸ
1448 1090 1694 1159 κρεῖττον
1736 1091 1786 1141 ἐν

1892 1107 2133 1163 paterna:
2153 1093 2403 1146 virtutis:
2430 1105 2656 1160 capaces
2679 1097 2840 1143 erunt
2862 1097 2913 1141 et
2938 1095 3145 1165 αιτιοι-ιε
3167 1094 3458 1151 creatum;

204 1180 517 1250 ποιήμασιν
546 1177 817 1248 ἁπονέμον
846 1177 923 1247 τῷ
953 1177 1099 1247 Υίῷσ
1136 1179 1228 1232 καὶ
1281 1179 1346 1231 δι’
1384 1173 1459 1232 ὧν
1509 1179 1786 1232 ὑπονοοῦσι

1894 1193 2053 1251 atque
2085 1183 2156 1236 ita
2191 1195 2588 1250 supervacanea
2627 1180 2791 1233 fuerit
2844 1180 2965 1234 Filii
3011 1180 3310 1250 generatio,
3351 1180 3465 1235 sive

200 1272 399 1339 τιμᾷν,
427 1269 680 1339 ὑϐρισταὶ
733 1268 932 1339 μᾶλλον
978 1269 1294 1325 ἁλώσονται.
1330 1270 1402 1322 Τὸ
1430 1270 1539 1341 γὰρ
1571 1271 1706 1334 ὅλως
1736 1273 1786 1324 ὲν

1894 1273 2148 1326 formatio
2193 1273 2257 1325 ad
2313 1271 2418 1324 alia
2457 1270 2748 1325 creandum
2782 1288 2794 1324 :
2826 1280 2879 1324 et
2930 1270 3254 1325 imbecillum
3308 1270 3465 1338 plane

198 1363 485 1430 ποιήμασι
516 1359 1044 1431 καταριθμούμενον,
1080 1360 1316 1430 γενητῆς
1346 1360 1411 1414 ἂν
1441 1362 1524 1430 εἴη
1554 1359 1786 1430 φύσεως,

1895 1376 2055 1435 atque
2095 1366 2254 1418 inane
2284 1365 2386 1416 erit
2417 1361 2863 1417 contumeliosum
2914 1363 3042 1415 illud
3082 1363 3356 1415 inventum
3403 1377 3466 1414 ac

197 1450 319 1503 κᾶν
346 1453 605 1521 ἀμέτροις
640 1452 934 1522 ὑπεροχαῖς
969 1450 1078 1503 τῶν
1104 1451 1279 1505 ἄλλων
1324 1451 1577 1522 φαίνηται
1612 1455 1786 1523 κρεῖτ-

1894 1454 2168 1519 cavillum,
2217 1454 2357 1521 quod
2404 1456 2766 1523 praestantiam
2817 1455 2960 1507 inter
3003 1461 3279 1506 creaturas
3329 1450 3465 1505 Filio

192 1560 327 1597 τον.
356 1545 420 1597 Εἰ
441 1543 498 1596 δὲ
528 1544 727 1597 ἄτοπον
758 1537 896 1596 εἷναί
927 1561 1055 1612 φασι
1079 1544 1140 1595 τὸ
1175 1543 1335 1613 μέχρι
1363 1544 1471 1597 τῶν
1496 1544 1786 1615 ἐλαχίστων

1896 1547 2082 1601 tribuit
2115 1568 2126 1601 ;
2160 1555 2212 1600 et
2245 1560 2308 1600 eo
2343 1547 2462 1613 ipso
2503 1560 2609 1615 quo
2656 1545 2803 1599 illum
2858 1546 3073 1607 honore
3108 1542 3318 1597 allicere
3348 1556 3467 1595 sese

195 1632 424 1701 φθάσαι
446 1633 546 1704 τὴν
574 1634 889 1702 ἄφατον¹τοῦ
914 1632 1047 1687 Θεοῦ
1068 1634 1317 1705 δύναμιν,
1339 1634 1786 1689 δυσωπείσθωσαν

1895 1636 2237 1698 existimant,
2298 1635 2674 1690 contumeliosi
2739 1636 2918 1705 potius
2972 1649 3091 1690 esse
3153 1643 3462 1689 cernentur.

193 1725 509 1790 ἀκούοντες
536 1726 784 1794 λέγοντος
807 1725 900 1779 τοῦ
920 1727 1178 1798 Χριστοῦ·
1212 1746 1229 1778 ι
1257 1729 1390 1799 Οὑχὶ
1413 1728 1505 1783 δύο
1537 1730 1786 1800 στρουθία

1896 1729 2047 1794 Quod
2096 1728 2239 1783 enim
2289 1727 2510 1781 omnino
2556 1729 2823 1781 creaturis
2872 1736 3261 1780 annumeratur
3310 1723 3465 1778 facta:

193 1817 481 1888 ἀσσαρίου
520 1817 800 1881 πωλεῖται,
835 1819 929 1871 καὶ
962 1816 1019 1870 ἓν
1054 1817 1113 1882 ἐξ
1142 1818 1319 1872 αὑτῶν
1347 1819 1406 1872 οὑ
1432 1823 1679 1874 πεσεῖται
1699 1821 1786 1874 ἐπὶ

1896 1829 2102 1873 natura:
2127 1818 2199 1873 sit
2224 1826 2460 1886 oportet,
2493 1819 2701 1872 tametsi
2732 1821 2998 1871 immenso
3031 1816 3311 1871 intervallo
3345 1813 3468 1869 reli-

190 1909 309 1980 τὴν
326 1910 432 1979 γῆν
458 1910 585 1963 ἄνευ
614 1909 705 1962 τοῦ
723 1910 937 1979 Πατρὸς
959 1910 1111 1981 ὑμῶν
1130 1910 1224 1964 τοῦ
1246 1913 1304 1965 ὲν
1328 1914 1440 1975 τοῖς
1459 1913 1706 1983 οὐρανοῖς
1727 1931 1741 1978 ;
1769 1931 1786 1965 ι

1896 1911 2017 1979 quis
2048 1909 2393 1980 praestantius
2417 1908 2507 1963 sit.
2536 1908 2591 1963 Si
2620 1923 2749 1962 vero
2780 1909 3073 1963 absurdum
3103 1921 3221 1962 esse
3247 1913 3469 1961 censent

120 2060 121 2063 η
190 1999 325 2052 Καὶ
358 1999 516 2053 πάλιν
535 2018 546 2033 ο
574 2018 592 2051 ι
615 2000 939 2069 Ἐκϐλέψατε
968 2003 1047 2064 εἰς
1078 2002 1146 2055 τὰ
1168 2003 1387 2056 πετεινὰ
1415 2002 1506 2055 τοῦ
1538 2004 1786 2073 οὐρανοῦ,

1894 2002 1958 2056 ad
1988 2002 2265 2055 minimam
2296 1999 2460 2055 etiam
2491 2000 2583 2054 Dei
2608 2000 2903 2069 potentiam
2936 2014 2999 2053 ac
3022 1999 3271 2053 virtutem
3306 2010 3467 2065 pene-

190 2090 287 2143 ὂτι
331 2092 393 2144 οὑ
426 2093 759 2162 σπείρουσιν,
786 2092 905 2146 οὑδὲ
932 2092 1223 2164 θερίζουσι,
1251 2095 1345 2147 καὶ
1374 2095 1400 2146 6
1424 2095 1612 2167 Πατὴρ
1638 2096 1786 2167 ὑμῶν

1892 2101 2059 2158 trare,
2101 2092 2448 2157 erubescant,
2499 2105 2621 2145 cum
2662 2091 2937 2145 Christum
2980 2090 3151 2158 ipsum
3200 2088 3465 2141 dicentem

190 2181 224 2231 6
262 2182 521 2252 οὐράνιος
567 2182 756 2253 τρέφει
806 2183 966 2240 αὑτά.
999 2202 1016 2234 ι
1050 2184 1162 2237 Καὶ
1212 2185 1373 2238 πάλιν
1397 2202 1410 2215 ·
1464 2204 1483 2238 ι
1510 2187 1574 2239 Ei
1607 2187 1662 2238 δὲ
1698 2187 1786 2240 τὸν

1891 2186 2110 2239 audiant
2140 2202 2153 2237 :
2192 2202 2212 2235 ‹
2249 2183 2438 2239 Nonne
2465 2184 2571 2238 duo
2603 2183 2898 2252 passerculi
2948 2197 3070 2237 asse
3114 2188 3383 2243 vacneunt,
3415 2194 3468 2233 et

192 2272 405 2341 χόρτον
439 2273 534 2327 τοῦ
568 2274 740 2345 ἀγροῦ
777 2276 1015 2345 σήμερον
1044 2275 1172 2329 ὄντα
1217 2280 1311 2330 καὶ
1339 2276 1525 2348 αὑριον
1561 2280 1638 2340 εἰς
1668 2278 1786 2330 κλί-

1893 2292 2029 2330 unus
2069 2291 2137 2330 ex
2184 2278 2264 2330 eis
2314 2290 2418 2329 non
2472 2276 2629 2330 cadet
2682 2276 2734 2328 in
2791 2284 2992 2329 terram
3054 2274 3257 2343 absque
3308 2271 3470 2325 Patre

192 2362 377 2416 ϐανον
427 2363 774 2433 βαλλόμενον,
820 2366 848 2418 6
903 2365 1034 2428 Θεὸς
1082 2366 1251 2430 οὕτως
1298 2368 1642 2437 ἀμφιέννυσι,
1673 2368 1786 2431 πῶς

1893 2378 2069 2421 vestro
2099 2368 2189 2435 qui
2220 2368 2272 2421 in
2321 2366 2474 2422 caelis
2504 2375 2587 2421 est
2613 2367 2653 2419 ⁸.
2693 2384 2712 2418 ι
2765 2366 2831 2420 Ει
2864 2381 3055 2421 rursus
3089 2378 3105 2417 :
3144 2381 3164 2415 ι
3196 2364 3469 2433 Respicite

194 2455 336 2523 οὑχὶ
361 2454 560 2524 μᾶλλον
584 2456 726 2525 ὑμᾶς
744 2472 757 2517 ;
773 2456 864 2508 »Τί
880 2456 923 2509 δ’
947 2455 1011 2509 ἂν
1032 2456 1240 2524 γένοιτο
1262 2458 1455 2528 χόρτου
1482 2460 1574 2512 καὶ
1600 2478 1786 2531 στρου-

1892 2455 2129 2508 volatilia
2171 2455 2316 2521 cmli,
2353 2457 2494 2524 quod
2547 2471 2654 2510 non
2701 2465 2891 2511 serunt
2924 2470 3098 2523 neque
3146 2462 3379 2519 metunt,
3413 2462 3469 2505 et

196 2542 350 2595 ϐίων
376 2542 775 2614 εὐτελέστερον,
794 2537 867 2597 ὧν
898 2544 955 2610 ἐξ
980 2546 1315 2615 ἀγαθότητος
1336 2549 1363 2598 6
1386 2546 1517 2611 Θεὸς
1541 2551 1786 2619 προνοεῖ;

1895 2545 2052 2600 Pater
2076 2554 2259 2599 vester
2279 2546 2516 2600 caelestia
2541 2548 2710 2600 nutrit
2734 2547 2820 2600 illa
2850 2549 2891 2601 ⁸.
2924 2565 2941 2597 ι
2967 2547 3037 2599 Ει
3065 2560 3281 2598 rursum
3313 2562 3326 2597 :
3363 2562 3382 2595 ‹
3408 2543 3465 2598 Si

194 2630 350 2687 Εἶτα
384 2632 501 2695 πῶς
528 2634 588 2687 τὸ
619 2629 754 2687 εἶναι
788 2635 1020 2704 ποιητὴς
1053 2636 1151 2688 οὑκ
1181 2634 1246 2689 ἃν
1283 2635 1588 2702 ἀξιώσειεν,
1628 2632 1702 2692 ὧν
1730 2640 1786 2691 οὑ

1894 2634 2076 2689 fenum
2105 2636 2219 2704 agri
2260 2636 2401 2703 quod
2433 2636 2592 2689 hodie
2616 2646 2699 2690 est
2728 2645 2779 2689 et
2806 2651 2929 2691 cras
2954 2637 3008 2690 in
3032 2636 3304 2690 clibanum
3342 2634 3467 2685 mil-

194 2726 570 2793 παραιτεῖται
615 2724 713 2795 τὴν
764 2725 1056 2793 πρόνοιαν;
1119 2724 1257 2778 Ἀλλ’
1284 2718 1428 2781 οὗτοι
1479 2728 1646 2796 τῦφον
1692 2729 1786 2782 οὑκ

1898 2722 2047 2787 titur,
2081 2722 2222 2777 Deus
2250 2725 2329 2778 sic
2363 2724 2543 2789 vestit,
2594 2726 3001 2794 quanto'magis
3038 2739 3132 2780 vos
3180 2724 3237 2777 7?
3271 2742 3290 2775 ι
3331 2724 3468 2790 Quid

1894 2821 2073 2866 autem
2105 2812 2229 2868 leno
2267 2822 2322 2868 et
2366 2816 2689 2885 passerculis
2732 2817 2884 2886 151
2925 2817 3082 2870 vilius
3127 2826 3230 2883 est,
3274 2819 3471 2885 quibus

1892 2905 2036 2960 Deus
2066 2919 2161 2973 pro
2188 2920 2283 2960 sua
2319 2906 2562 2961 bonitate
2598 2908 2885 2976 providet?
2922 2908 3030 2962 Aut
3060 2908 3334 2977 quomodo
3366 2923 3470 2961 non

1894 2996 2145 3065 dignetur
2165 3011 2286 3052 esse
2315 3007 2532 3052 creator
2560 3012 2769 3062 eorum,
2810 3013 3035 3065 quorum
3074 2998 3468 3068 providentiam

1893 3098 1999 3137 non
2044 3084 2339 3139 detrectat?
2386 3086 2458 3138 At
2504 3084 2595 3140 isti
2644 3086 2957 3154 ignorantes
3001 3085 3310 3153 superbiam
3359 3083 3470 3136 Deo

195 2814 417 2876 ειδότες
465 2815 840 2884 προσάπτουσι
887 2816 963 2884 τῷ
1004 2814 1143 2885 Θεῷ,
1190 2815 1435 2883 λέγοντες
1485 2818 1645 2871 αὑτὸν
1692 2820 1793 2872 οὑκ

194 2902 398 2967 ἀξιοῦν
425 2903 535 2957 τῶν
558 2903 856 2973 ἐλαχίστων
896 2898 1037 2956 εῖναι
1072 2906 1320 2975 ποιητήν.
1350 2907 1411 2958 Εί
1445 2906 1621 2961 τοίνυν
1650 2907 1790 2961 πάν-

196 3014 317 3049 των
347 2997 464 3049 ἐστὶ
490 2996 740 3066 ποιητὴς,
763 2994 955 3064 φθάνει
976 2995 1033 3047 δὲ
1058 2995 1153 3047 καὶ
1184 2994 1342 3065 μέχρι
1364 2995 1470 3048 τῶν
1493 2996 1790 3066 ἐλαχίστων

193 3087 293 3139 διὰ
341 3085 752 3156 φιλανθρωπίαν
798 3086 911 3148 τοῖς
954 3086 1086 3137 πᾶσι
1138 3084 1517 3154 χωρούμενος,
1561 3085 1790 3157 περιττὴ

195 3176 316 3229 τῶν
347 3175 638 3246 αἱρετικῶν
663 3178 696 3247 ἡ
727 3176 996 3245 πρόφασις
1021 3174 1107 3227 διὰ
1129 3176 1196 3227 τὰ
1230 3176 1399 3247 μικρὰ
1425 3176 1532 3229 τῶν
1556 3177 1786 3247 κτισμά-

1893 3175 2232 3245 impingunt,
2280 3176 2523 3231 dicentes
2583 3191 2708 3231 eum
2773 3175 3055 3246 dedignari
3117 3176 3465 3230 minimorum

194 3285 313 3320 των
342 3266 748 3338 προϐεϐλῆσθαι
786 3264 1054 3334 λεγόντων
1086 3265 1178 3317 τὸν
1204 3265 1353 3319 Υίόν.

1891 3278 2188 3322 creatorem
2218 3281 2363 3321 esse.
2401 3266 2459 3321 Si
2492 3282 2622 3337 ergo
2649 3268 2890 3321 omnium
2918 3278 3001 3322 est
3027 3274 3268 3330 creator,
3296 3275 3349 3318 et
3374 3279 3470 3332 pro

197 3375 302 3415 sua
342 3360 683 3431 benignitate
753 3360 916 3413 etiam
948 3359 1016 3413 ad
1088 3359 1313 3414 minima
1355 3369 1619 3430 permeat,
1656 3376 1951 3432 omnesque
1985 3362 2067 3417 sui
2134 3376 2361 3431 capaces
2402 3362 2549 3429 facit,
2591 3362 2768 3418 inanis
2800 3374 2883 3418 est
2924 3363 3303 3417 haereticorum
3341 3376 3467 3430 pro-

198 3452 411 3523 positio
446 3451 763 3516 dicentium,
788 3459 1011 3519 propter
1048 3450 1283 3506 minores
1309 3461 1588 3509 creaturas
1610 3456 1926 3524 productum
1953 3469 2075 3509 esse
2099 3453 2317 3513 Filium.

201 3571 337 3624 Ἔτι
363 3570 456 3634 εις
485 3566 551 3620 τὸ
609 3585 626 3617 ι
656 3566 870 3631 Κύοιος
892 3565 1100 3690 ἐφιξὲἕέ
1132 3583 1209 3636 με
1234 3582 1247 3596 ·
1280 3585 1299 3619 ι
1342 3567 1433 3621 ὅτι
1467 3571 1537 3623 οὐ
1567 3570 1789 3639 κτίσμα

1066 3658 1115 3690 C.

1066 3658 1115 3702 ς.

269 3751 336 3803 Εἰ
371 3748 497 3802 καθ’
528 3748 691 3817 ὑμᾶς,
723 3741 766 3800 ὦ
798 3747 1075 3818 θεομάχοι,
1098 3749 1185 3801 διὰ
1213 3749 1273 3801 τὸ
1309 3750 1382 3820 μὴ
1409 3749 1665 3806 δύνασθαι
1688 3750 1786 3821 τὴν

197 3840 310 3894 τῶν
336 3838 585 3908 γενητῶν
617 3839 776 3906 φύσιν
806 3837 1054 3907 χωρῆσαι
1074 3838 1171 3908 τὴν
1192 3839 1428 3907 ἄκρατον
1458 3841 1786 3910 αὐτουργίαν

198 3927 295 3981 τοῦ
332 3926 475 3980 Θεοῦ
506 3926 601 3979 καὶ
632 3927 863 3995 Πατρὸς,
899 3926 1120 3998 μεσίτου
1151 3928 1309 3999 χρεία
1338 3929 1548 3996 γέγονε,
1582 3932 1675 3983 καὶ
1699 3932 1786 3984 οῦ-

198 4038 310 4084 τως
333 4019 521 4072 ἔκτισε
549 4018 638 4072 τὸν
664 4019 792 4071 Υἱὸν
813 4021 841 4071 6
872 4018 1079 4090 Πατὴρ,
1100 4019 1217 4082 πῶς
1247 4022 1273 4072 6
1294 4019 1417 4079 Υἱὸς
1444 4022 1667 4092 γενητὸς
1688 4022 1785 4090 ὢν,

201 4111 327 4163 καθ’
360 4111 533 4181 ὑμᾶς,
575 4110 820 4180 ἐχώρησε
854 4108 949 4162 τοῦ
995 4110 1209 4181 [ἰατρὸς
1236 4110 1334 4181 τὴν
1368 4110 1632 4182 δὺναμιν;
1669 4114 1787 4166 Ἀν-

201 4201 351 4271 ἁγκη
399 4200 511 4270 γὰρ
550 4199 645 4251 καὶ
690 4197 839 4268 αὑτῷ
885 4197 1067 4251 δοῦναι
1100 4199 1191 4252 τὸν
1232 4200 1614 4269 μεσιτεύοντα-
1651 4201 1786 4257 ἀλλὰ

201 4293 485 4352 κάκεῖνος,
516 4290 565 4341 εἰ
614 4289 844 4359 ὑπάρχοι
874 4289 1120 4361 γενητὸς,
1155 4290 1326 4343 δεῖται
1359 4291 1521 4344 πάλιν
1553 4292 1646 4345 τοῦ
1687 4310 1782 4363 με-

206 4379 537 4443 σιτεύοντος,
569 4380 666 4433 καὶ
711 4378 882 4443 οὕτως
911 4382 990 4443 εἰς
1019 4382 1244 4451 ἄπειρον
1289 4383 1528 4451 μεσιτῶν
1570 4384 1724 4455 ὄχλον
1758 4385 1787 4435 ὁ

202 4472 361 4541 λόγος
391 4471 711 4541 ἐκϐήσεται.
739 4471 954 4527 Είκαῖον
979 4469 1070 4527 οὖν
1100 4474 1209 4545 ἄρα
1234 4474 1294 4527 τὸ
1326 4477 1456 4547 περὶ
1480 4477 1669 4530 τούτου
1699 4479 1787 4531 σόη

1895 3567 1964 3623 1η
1992 3568 2147 3636 illud,
2183 3586 2204 3622 ι
2234 3569 2371 3624 Deus
2400 3570 2645 3639 formavit
2694 3585 2772 3620 me
2794 3568 2815 3598 ⁸
2863 3554 2930 3623 τί»
2965 3567 3104 3637 quod
3156 3565 3324 3619 Filius
3366 3582 3469 3620 non

2507 3642 2573 3691 sit
2605 3648 2867 3692 creatura.

1967 3751 2022 3807 Si
2055 3752 2206 3821 juxta
2238 3760 2499 3813 vestram,
2541 3750 2634 3804 Dei
2678 3751 2883 3815 hostes,
2920 3749 3230 3818 opinionem
3266 3748 3469 3803 idcirco

1891 3862 2027 3916 opus
2054 3846 2155 3899 fuit
2185 3845 2507 3907 mediatore,
2550 3843 2675 3911 quia
2720 3853 3090 3897 creaturarum
3130 3850 3322 3895 natura
3366 3842 3469 3894 im-

1891 3950 2130 3992 mensam
2154 3933 2246 3988 Dei
2281 3934 2532 3986 virtutem
2552 3945 2747 4000 capere
2771 3931 2822 3985 in
2847 3946 2906 3985 se
2930 3946 3034 3984 non
3058 3938 3285 3998 poterat,
3324 3929 3470 3983 ideo-

1893 4042 1997 4095 que
2020 4024 2180 4080 Pater
2210 4024 2405 4078 Filium
2447 4023 2650 4077 creavit
2683 4040 2695 4076 :
2736 4036 2841 4091 quo
2869 4030 3029 4091 pacto
3062 4019 3249 4086 Filius,
3288 4019 3377 4090 qui
3413 4027 3471 4075 ut

1892 4131 1987 4171 vos
2018 4116 2218 4183 dicitis,
2252 4122 2466 4169 creatus
2496 4121 2602 4178 est,
2631 4113 2721 4168 Dei
2754 4115 3009 4168 virtutem
3037 4126 3231 4181 capere
3261 4110 3470 4180 potuit?

1891 4206 2125 4261 Necesse
2158 4207 2300 4261 enim
2337 4206 2500 4260 fuerit
2525 4207 2689 4260 etiam
2719 4206 2794 4260 illi
2840 4206 3194 4260 mediatorem
3232 4204 3467 4274 aliquem

1891 4299 2021 4354 dare
2056 4317 2069 4352 :
2127 4307 2383 4353 caeterum
2438 4298 2603 4352 etiam
2646 4298 2755 4362 ille,
2806 4298 2849 4351 si
2886 4309 3100 4352 creatus
3129 4306 3233 4363 est,
3267 4296 3469 4364 indiget

1892 4390 2220 4453 mediatore;
2252 4398 2416 4457 atque
2444 4389 2515 4441 ita
2545 4387 2702 4442 turba
2727 4388 3085 4443 mediatorum
3111 4387 3163 4440 in
3199 4386 3467 4449 infinitum

1894 4491 2120 4536 crescet.
2173 4479 2446 4533 Frivolum
2478 4482 2661 4548 itaque
2686 4489 2772 4534 est
2810 4488 3049 4534 vestrum
3076 4488 3466 4545 commentum,

205 4583 405 4636 φισμα,
442 4566 623 4617 πᾶσαν
650 4563 784 4634 ὁμοῦ
808 4564 907 4634 τὴν
936 4564 1299 4636 δημιουργίαν
1325 4568 1649 4639 ἁνατρέπον.
1677 4571 1786 4641 Οὑχ

1894 4572 2197 4626 universam
2239 4571 2399 4626 simul
2442 4572 2771 4625 creationem
2813 4572 3156 4626 subvertens.
3188 4570 3320 4625 Nam
3361 4586 3465 4625 non

206 4657 598 4729 εὑρισκομένου
630 4658 759 4728 γὰρ,
804 4656 1003 4727 μᾶλλον
1046 4658 1102 4711 δὲ
1150 4658 1223 4728 μὴ
1268 4656 1600 4732 ζητουμένου
1632 4680 1783 4734 μεσι-

208 4748 479 4814 τεύοντος,
506 4748 607 4801 οὑκ
632 4747 697 4801 ἂν
723 4747 929 4820 ὑπέστη
965 4748 1033 4803 τὰ
1063 4752 1287 4822 γενητὰ.

460 4858 583 4935 Τῷν
609 4858 953 4935 ρρθοδόξμωφ
984 4862 1328 4935 Δ,λεγόιςτιιένο
1376 4867 1443 4919 El
1487 4866 1715 4935 κτίσμα⁹
1751 4870 1783 4921 ό

277 4929 428 5004 nec,
447 4927 724 5004 aégézet
747 4930 898 5004 κατὰ
918 4927 1107 5004 φύσιῂ
1126 4930 1190 4984 τὸ
1219 4929 1369 4986 εἶναι
1392 4927 1783 5004 δημιουργός;

282 5001 363 5073 0_t’)
390 5003 504 5067 γὰρ
543 4997 697 5073 ἴδιον
727 4998 845 5073 τῶν
881 5002 1218 5073 κτισμάτων
1246 5004 1423 5057 τοῦτό
1445 4997 1528 5073 ἀῖευ
1555 4997 1785 5073 difﬂuit;

278 5066 571 5144 ήνςεγνιαν·⁸
591 5071 644 5144 o_l
693 5070 971 5144 eripere-zeal
1014 5066 1084 5123 τὰ
1115 5066 1579 5144 ὑποτεταγμένα,
1602 5070 1689 5128 ὧν
1725 5078 1784 5129 αἱ

280 5138 495 5203 λύσεις
522 5137 681 5191 εἰσιν
705 5138 948 5207 ἐφεξῆς.

427 5255 835 5324 Ἁνθυποφορὰ
870 5255 951 5320 ὠς
987 5256 1055 5310 ἐκ
1094 5255 1210 5311 τῶν
1246 5259 1575 5325 αἱρετίκῶν.

283 5366 523 5434 Κτίσμα,
551 5367 732 5435 φασὶν,
765 5367 913 5421 ἔστιν
941 5370 969 5421 6
998 5370 1146 5433 Υἱὸς,
1176 5375 1268 5423 καὶ
1297 5371 1404 5424 τῶν
1432 5371 1674 5443 γενητῶν
1706 5366 1784 5436 εἷς

220 5455 445 5527 ὑπάρχει
464 5476 477 5490 -
519 5459 581 5512 τὸ
611 5460 666 5513 δὲ
699 5462 903 5525 κτίζειν
935 5462 1009 5526 ὡς
1037 5462 1188 5532 παρὰ
1230 5462 1547 5517 διδασκάλου
1600 5463 1785 5533 μαθὼν

220 5544 250 5612 ἢ
283 5549 541 5617 τεχνίτου,
573 5551 885 5623 ὑπηρέτησε
915 5554 1050 5624 πρὸς
1083 5554 1182 5626 τὴν
1215 5554 1323 5607 τῶν
1371 5553 1547 5625 ἔργων
1596 5555 1783 5625 χρείαν

220 5635 296 5704 τῷ
319 5638 588 5705 διδάξαντι
620 5642 759 5713 Θεῷ.

1891 4664 2111 4719 invento
2141 4670 2234 4717 aut
2271 4664 2451 4733 potius
2486 4678 2594 4718 non
2638 4664 2862 4733 quaesito
2913 4664 3230 4737 mediatore,
3283 4671 3466 4717 creata

1890 4769 1996 4811 non
2022 4755 2399 4811 substiterunt.

1891 4867 2120 4922 ALIUD.
2142 4868 2272 4923 Cum
2292 4868 2568 4922 orthodoxi
2589 4871 2800 4923 dicunt:
2826 4867 2884 4923 Si
2908 4867 3078 4922 Filius
3105 4876 3180 4921 est
3203 4873 3465 4929 creatura,

1962 4957 2062 5009 quo
2090 4949 2242 5008 pacto
2266 4940 2359 4991 hoc
2389 4941 2434 4991 ei
2462 4940 2705 4993 naturale
2722 4950 2820 5002 est,
2855 4948 2912 4991 ut
2937 4942 3002 4993 sit
3031 4939 3281 5009 creator?
3303 4951 3464 5000 neque

1966 5010 2102 5060 enim
2138 5020 2501 5062 creaturarum
2542 5012 2811 5075 proprium
2850 5019 2967 5072 est;
3011 5008 3247 5060 lueretici
3283 5014 3465 5057 contra

1959 5078 2210 5145 objiciunt
2242 5095 2358 5146 qua:
2390 5090 2702 5149 sequuntur,
2742 5095 2963 5149 quorum
2997 5078 3284 5131 solutiones
3312 5076 3463 5128 etiam

1967 5147 2304 5197 adficientur.

1967 5159 2304 5216 attjtaentur.

2300 5238 2303 5239 ν
2350 5258 2586 5327 Objectio
2624 5258 3011 5311 Itwrcticorum.

1960 5371 2150 5436 Filius,
2185 5371 2455 5439 inquiunt,
2482 5380 2728 5425 creatura
2768 5384 3011 5437 unusque
3045 5377 3124 5423 est
3147 5383 3214 5424 ex
3251 5369 3317 5423 iis
3344 5384 3463 5437 QII-Le

1886 5464 2027 5515 facta
2058 5472 2184 5515 sunt
2219 5480 2230 5515 :
2265 5461 2480 5516 creandi
2520 5476 2645 5515 vero
2681 5459 3044 5514 l'acultatema
3075 5461 3333 5529 magistro
3369 5471 3463 5514 aut

1885 5555 2096 5610 artitice
2120 5553 2329 5620 didicit,
2357 5562 2409 5608 et
2443 5554 2548 5609 Deo
2574 5554 2662 5624 qui
2690 5554 2864 5624 ipsum
2895 5554 3097 5619 docuit,
3131 5552 3183 5607 in
3208 5552 3459 5622 operibus

1884 5645 2000 5700 suis
2034 5644 2383 5699 ministravit.

181 5870 185 5876 ,
285 5814 509 5874 “Matth.
550 5836 577 5873 χ
632 5820 722 5875 29.
801 5821 1025 5877 “Matth.
1062 5837 1132 5877 v1.
1176 5820 1261 5875 26.
1345 5820 1519 5877 ’lbid.
1551 5822 1636 5878 30.
1717 5822 1916 5879 “Prov.
1953 5838 2070 5891 vut,
2106 5822 2193 5876 ""‘.
