  <div class='ocr_page' id='page_1' title='image "/cluster/home/n/w/nwhite01/storage/ocr_20150623/75/hvd.32044019207935/151.png"; bbox 0 0 4072 6516; ppageno 0'>
   <div class='ocr_carea' id='block_1_1' title="bbox 674 400 2926 472">
    <p class='ocr_par' dir='ltr' id='par_1_1' title="bbox 674 400 2926 472">
     <span class='ocr_line' id='line_1_1' title="bbox 674 400 2926 472; baseline 0.011 -25"><span class='ocrx_word' id='word_1_1' title='bbox 674 400 782 456; x_wconf 74' lang='lat'><strong>255</strong></span> <span class='ocrx_word' id='word_1_2' title='bbox 1215 470 1220 472; x_wconf 94' lang='lat'>_</span> <span class='ocrx_word' id='word_1_3' title='bbox 1683 408 1741 463; x_wconf 87' lang='lat' dir='ltr'><strong>s.</strong></span> <span class='ocrx_word' id='word_1_4' title='bbox 1786 405 2053 463; x_wconf 75' lang='lat' dir='ltr'><strong>CYlllLLl</strong></span> <span class='ocrx_word' id='word_1_5' title='bbox 2093 405 2561 466; x_wconf 76' lang='lat' dir='ltr'><strong>ALEXANDRINI</strong></span> <span class='ocrx_word' id='word_1_6' title='bbox 2600 412 2926 472; x_wconf 77' lang='lat' dir='ltr'><strong>ARCHIEP.</strong></span> 
     </span>
    </p>
   </div>
   <div class='ocr_carea' id='block_1_2' title="bbox 2907 535 3379 607">
    <p class='ocr_par' dir='ltr' id='par_1_2' title="bbox 2907 535 3379 607">
     <span class='ocr_line' id='line_1_2' title="bbox 2907 535 3379 607; baseline 0.008 -18"><span class='ocrx_word' id='word_1_7' title='bbox 2907 535 3100 602; x_wconf 85' lang='grc' dir='ltr'>Λύσις</span> <span class='ocrx_word' id='word_1_8' title='bbox 3134 536 3379 607; x_wconf 72' lang='grc' dir='ltr'>ἐφεξῆς.</span> 
     </span>
    </p>
   </div>
   <div class='ocr_carea' id='block_1_3' title="bbox 2430 640 3983 722">
    <p class='ocr_par' dir='ltr' id='par_1_3' title="bbox 2430 640 3983 722">
     <span class='ocr_line' id='line_1_3' title="bbox 2430 640 3983 722; baseline 0.008 -30"><span class='ocrx_word' id='word_1_9' title='bbox 2430 640 2490 693; x_wconf 75' lang='lat' dir='ltr'><strong>El</strong></span> <span class='ocrx_word' id='word_1_10' title='bbox 2522 642 2630 694; x_wconf 79' lang='grc' dir='ltr'>πᾶν</span> <span class='ocrx_word' id='word_1_11' title='bbox 2660 642 2795 715; x_wconf 80' lang='grc' dir='ltr'>ὅπερ</span> <span class='ocrx_word' id='word_1_12' title='bbox 2824 644 2889 699; x_wconf 80' lang='grc' dir='ltr'>ἄν</span> <span class='ocrx_word' id='word_1_13' title='bbox 2916 664 3022 701; x_wconf 88' lang='grc' dir='ltr'>τινι</span> <span class='ocrx_word' id='word_1_14' title='bbox 3054 650 3298 717; x_wconf 83' lang='grc' dir='ltr'>φαίνοιτο</span> <span class='ocrx_word' id='word_1_15' title='bbox 3324 650 3721 722; x_wconf 75' lang='grc' dir='ltr'>συμϐεϐηκὸς,</span> <span class='ocrx_word' id='word_1_16' title='bbox 3749 650 3867 703; x_wconf 77' lang='grc' dir='ltr'><strong>καὶ</strong></span> <span class='ocrx_word' id='word_1_17' title='bbox 3893 650 3983 705; x_wconf 67' lang='grc' dir='ltr'><strong>εἶσι</strong></span> 
     </span>
    </p>
   </div>
   <div class='ocr_carea' id='block_1_4' title="bbox 2355 730 3979 813">
    <p class='ocr_par' dir='ltr' id='par_1_4' title="bbox 2355 730 3979 813">
     <span class='ocr_line' id='line_1_4' title="bbox 2355 730 3979 813; baseline 0.008 -31"><span class='ocrx_word' id='word_1_18' title='bbox 2355 730 2412 782; x_wconf 80' lang='grc' dir='ltr'>ὲν</span> <span class='ocrx_word' id='word_1_19' title='bbox 2457 734 2527 801; x_wconf 79' lang='grc' dir='ltr'>τῇ</span> <span class='ocrx_word' id='word_1_20' title='bbox 2572 731 2732 802; x_wconf 87' lang='grc' dir='ltr'>φύσει</span> <span class='ocrx_word' id='word_1_21' title='bbox 2779 736 3054 806; x_wconf 86' lang='grc' dir='ltr'>κείμενον,</span> <span class='ocrx_word' id='word_1_22' title='bbox 3092 742 3384 813; x_wconf 75' lang='grc' dir='ltr'><strong>ἐπικτηθὲν</strong></span> <span class='ocrx_word' id='word_1_23' title='bbox 3407 741 3465 795; x_wconf 82' lang='grc' dir='ltr'>δέ</span> <span class='ocrx_word' id='word_1_24' title='bbox 3490 758 3617 805; x_wconf 83' lang='grc' dir='ltr'><strong>πως</strong></span> <span class='ocrx_word' id='word_1_25' title='bbox 3658 742 3836 794; x_wconf 72' lang='grc' dir='ltr'>κατὰ</span> <span class='ocrx_word' id='word_1_26' title='bbox 3870 759 3979 795; x_wconf 59' lang='grc' dir='ltr'>τινα</span> 
     </span>
    </p>
   </div>
   <div class='ocr_carea' id='block_1_5' title="bbox 2352 820 3975 902">
    <p class='ocr_par' dir='ltr' id='par_1_5' title="bbox 2352 820 3975 902">
     <span class='ocr_line' id='line_1_5' title="bbox 2352 820 3975 902; baseline 0.012 -30"><span class='ocrx_word' id='word_1_27' title='bbox 2352 820 2574 890; x_wconf 79' lang='grc' dir='ltr'><strong>τρόπον,</strong></span> <span class='ocrx_word' id='word_1_28' title='bbox 2600 826 2760 878; x_wconf 81' lang='grc' dir='ltr'>τοῦτο</span> <span class='ocrx_word' id='word_1_29' title='bbox 2789 827 2884 880; x_wconf 81' lang='grc' dir='ltr'><strong>καὶ</strong></span> <span class='ocrx_word' id='word_1_30' title='bbox 2916 829 3303 902; x_wconf 76' lang='grc' dir='ltr'>ἀποσυμόῆναι</span> <span class='ocrx_word' id='word_1_31' title='bbox 3348 831 3578 887; x_wconf 78' lang='grc' dir='ltr'>δύναταί</span> <span class='ocrx_word' id='word_1_32' title='bbox 3613 850 3804 896; x_wconf 73' lang='grc' dir='ltr'>ποτε.</span> <span class='ocrx_word' id='word_1_33' title='bbox 3845 833 3975 886; x_wconf 62' lang='grc' dir='ltr'>οὔτις</span> 
     </span>
    </p>
   </div>
   <div class='ocr_carea' id='block_1_6' title="bbox 2355 911 3973 995">
    <p class='ocr_par' dir='ltr' id='par_1_6' title="bbox 2355 911 3973 995">
     <span class='ocr_line' id='line_1_6' title="bbox 2355 911 3973 995; baseline 0.009 -31"><span class='ocrx_word' id='word_1_34' title='bbox 2355 911 2571 981; x_wconf 85' lang='grc' dir='ltr'>φύσεως</span> <span class='ocrx_word' id='word_1_35' title='bbox 2603 915 2818 985; x_wconf 76' lang='grc' dir='ltr'>ἔχοντος</span> <span class='ocrx_word' id='word_1_36' title='bbox 2845 921 2935 974; x_wconf 76' lang='grc' dir='ltr'><strong>ἀεὶ</strong></span> <span class='ocrx_word' id='word_1_37' title='bbox 2961 921 3056 974; x_wconf 81' lang='grc' dir='ltr'>τοῦ</span> <span class='ocrx_word' id='word_1_38' title='bbox 3090 924 3516 995; x_wconf 58' lang='grc' dir='ltr'>συμβεϐηκότος,</span> <span class='ocrx_word' id='word_1_39' title='bbox 3550 926 3973 995; x_wconf 51' lang='lat'><strong>(1505096135:-</strong></span> 
     </span>
    </p>
   </div>
   <div class='ocr_carea' id='block_1_7' title="bbox 2353 1004 4031 1095">
    <p class='ocr_par' dir='ltr' id='par_1_7' title="bbox 2353 1004 4031 1095">
     <span class='ocr_line' id='line_1_7' title="bbox 2353 1004 4031 1095; baseline 0.008 -39"><span class='ocrx_word' id='word_1_40' title='bbox 2353 1004 2443 1057; x_wconf 86' lang='grc' dir='ltr'><strong>ταί</strong></span> <span class='ocrx_word' id='word_1_41' title='bbox 2469 1019 2599 1059; x_wconf 83' lang='grc' dir='ltr'>ποτε</span> <span class='ocrx_word' id='word_1_42' title='bbox 2626 1005 2718 1061; x_wconf 78' lang='grc' dir='ltr'>τοῦ</span> <span class='ocrx_word' id='word_1_43' title='bbox 2738 1009 2866 1063; x_wconf 87' lang='grc' dir='ltr'><strong>Υίοῦ</strong></span> <span class='ocrx_word' id='word_1_44' title='bbox 2896 1011 2957 1065; x_wconf 83' lang='grc' dir='ltr'><strong>τὸ</strong></span> <span class='ocrx_word' id='word_1_45' title='bbox 2983 1010 3123 1065; x_wconf 79' lang='grc' dir='ltr'>εἶναι</span> <span class='ocrx_word' id='word_1_46' title='bbox 3147 1012 3496 1085; x_wconf 86' lang='grc' dir='ltr'>δημιουργόν.</span> <span class='ocrx_word' id='word_1_47' title='bbox 3524 1018 3643 1069; x_wconf 83' lang='lat' dir='ltr'><strong>Ka‘t</strong></span> <span class='ocrx_word' id='word_1_48' title='bbox 3674 1017 3861 1069; x_wconf 79' lang='grc' dir='ltr'>ἔσται</span> <span class='ocrx_word' id='word_1_49' title='bbox 3890 1018 3973 1069; x_wconf 72' lang='grc' dir='ltr'>τοῦ</span> <span class='ocrx_word' id='word_1_50' title='bbox 4030 1082 4031 1095; x_wconf 14' lang='grc' dir='ltr'>χ</span> 
     </span>
    </p>
   </div>
   <div class='ocr_carea' id='block_1_8' title="bbox 2354 1091 4031 1191">
    <p class='ocr_par' dir='ltr' id='par_1_8' title="bbox 2354 1091 4031 1191">
     <span class='ocr_line' id='line_1_8' title="bbox 2354 1091 4031 1191; baseline 0.028 -58"><span class='ocrx_word' id='word_1_51' title='bbox 2354 1091 2665 1163; x_wconf 78' lang='grc' dir='ltr'>ἀξιώματος</span> <span class='ocrx_word' id='word_1_52' title='bbox 2711 1096 2936 1168; x_wconf 81' lang='grc' dir='ltr'>ἕρημος,</span> <span class='ocrx_word' id='word_1_53' title='bbox 2968 1101 3256 1157; x_wconf 79' lang='grc' dir='ltr'>ἀποόαλὼν</span> <span class='ocrx_word' id='word_1_54' title='bbox 3306 1105 3442 1175; x_wconf 83' lang='grc' dir='ltr'>ὅπερ</span> <span class='ocrx_word' id='word_1_55' title='bbox 3489 1106 3745 1176; x_wconf 80' lang='grc' dir='ltr'>ἔμαθεν.</span> <span class='ocrx_word' id='word_1_56' title='bbox 3768 1106 3839 1159; x_wconf 85' lang='lat'><strong>&#39;0</strong></span> <span class='ocrx_word' id='word_1_57' title='bbox 3874 1109 3966 1177; x_wconf 66' lang='grc' dir='ltr'><strong>γάρ</strong></span> 
     </span>
    </p>
   </div>
   <div class='ocr_carea' id='block_1_9' title="bbox 677 1171 2244 1265">
    <p class='ocr_par' dir='ltr' id='par_1_9' title="bbox 677 1171 2244 1247">
     <span class='ocr_line' id='line_1_9' title="bbox 677 1171 2244 1247; baseline 0.006 -24"><span class='ocrx_word' id='word_1_58' title='bbox 677 1171 935 1229; x_wconf 93' lang='lat' dir='ltr'><strong>amittens</strong></span> <span class='ocrx_word' id='word_1_59' title='bbox 979 1176 1031 1229; x_wconf 90' lang='lat' dir='ltr'><strong>id</strong></span> <span class='ocrx_word' id='word_1_60' title='bbox 1076 1178 1219 1246; x_wconf 91' lang='lat' dir='ltr'><strong>quod</strong></span> <span class='ocrx_word' id='word_1_61' title='bbox 1256 1176 1539 1232; x_wconf 78' lang='lat' dir='ltr'><strong>didicerat.</strong></span> <span class='ocrx_word' id='word_1_62' title='bbox 1591 1176 1721 1232; x_wconf 77' lang='lat' dir='ltr'><strong>Nam</strong></span> <span class='ocrx_word' id='word_1_63' title='bbox 1753 1177 1800 1231; x_wconf 88' lang='lat' dir='ltr'><strong>is</strong></span> <span class='ocrx_word' id='word_1_64' title='bbox 1839 1180 1929 1246; x_wconf 89' lang='lat' dir='ltr'><strong>qui</strong></span> <span class='ocrx_word' id='word_1_65' title='bbox 1964 1177 2244 1247; x_wconf 84' lang='lat' dir='ltr'><strong>aliquando</strong></span> 
     </span>
    </p>
   </div>
   <div class='ocr_carea' id='block_1_10' title="bbox 2349 1171 4031 1265">
    <p class='ocr_par' dir='ltr' id='par_1_10' title="bbox 2354 1171 4031 1265">
     <span class='ocr_line' id='line_1_10' title="bbox 2354 1171 4031 1265; baseline 0.013 -34"><span class='ocrx_word' id='word_1_66' title='bbox 2354 1179 2490 1245; x_wconf 84' lang='grc' dir='ltr'><strong>ὅλως</strong></span> <span class='ocrx_word' id='word_1_67' title='bbox 2515 1182 2578 1234; x_wconf 81' lang='grc' dir='ltr'>ὲκ</span> <span class='ocrx_word' id='word_1_68' title='bbox 2602 1183 2696 1236; x_wconf 75' lang='grc' dir='ltr'>τοῦ</span> <span class='ocrx_word' id='word_1_69' title='bbox 2740 1186 2815 1256; x_wconf 80' lang='grc' dir='ltr'>μὴ</span> <span class='ocrx_word' id='word_1_70' title='bbox 2842 1186 3038 1241; x_wconf 77' lang='grc' dir='ltr'>εἰδέναι</span> <span class='ocrx_word' id='word_1_71' title='bbox 3058 1206 3112 1241; x_wconf 88' lang='grc' dir='ltr'><strong>τι</strong></span> <span class='ocrx_word' id='word_1_72' title='bbox 3145 1191 3281 1261; x_wconf 81' lang='grc' dir='ltr'>πρὸς</span> <span class='ocrx_word' id='word_1_73' title='bbox 3311 1192 3370 1245; x_wconf 77' lang='grc' dir='ltr'>τὸ</span> <span class='ocrx_word' id='word_1_74' title='bbox 3397 1171 3607 1247; x_wconf 75' lang='grc' dir='ltr'>εἰδέναι</span> <span class='ocrx_word' id='word_1_75' title='bbox 3655 1171 3967 1265; x_wconf 47' lang='grc' dir='ltr'><strong>κεκλημιέἐ</strong></span> <span class='ocrx_word' id='word_1_76' title='bbox 4029 1171 4031 1265; x_wconf 38' lang='grc' dir='ltr'><em>Ξ</em></span> 
     </span>
    </p>
   </div>
   <div class='ocr_carea' id='block_1_11' title="bbox 676 1242 2244 1413">
    <p class='ocr_par' dir='ltr' id='par_1_11' title="bbox 676 1242 2244 1406">
     <span class='ocr_line' id='line_1_11' title="bbox 676 1242 2244 1336; baseline 0.008 -26"><span class='ocrx_word' id='word_1_77' title='bbox 676 1261 821 1327; x_wconf 86' lang='lat' dir='ltr'><strong>quod</strong></span> <span class='ocrx_word' id='word_1_78' title='bbox 857 1242 1135 1319; x_wconf 74' lang='lat' dir='ltr'><strong>nesciebat</strong></span> <span class='ocrx_word' id='word_1_79' title='bbox 1168 1264 1380 1334; x_wconf 89' lang='lat' dir='ltr'><strong>didicit,</strong></span> <span class='ocrx_word' id='word_1_80' title='bbox 1418 1276 1593 1336; x_wconf 80' lang='lat' dir='ltr'><strong>potest</strong></span> <span class='ocrx_word' id='word_1_81' title='bbox 1626 1267 1789 1322; x_wconf 87' lang='lat' dir='ltr'><strong>etiam</strong></span> <span class='ocrx_word' id='word_1_82' title='bbox 1825 1242 2071 1336; x_wconf 42' lang='lat' dir='ltr'><strong>eiusdem-</strong></span> <span class='ocrx_word' id='word_1_83' title='bbox 2112 1268 2244 1324; x_wconf 90' lang='lat' dir='ltr'><strong>obli-</strong></span> 
     </span>
     <span class='ocr_line' id='line_1_12' title="bbox 676 1364 830 1406; baseline 0.026 -4"><span class='ocrx_word' id='word_1_84' title='bbox 676 1364 830 1406; x_wconf 77' lang='lat' dir='ltr'><strong>Viset.</strong></span> 
     </span>
    </p>
   </div>
   <div class='ocr_carea' id='block_1_12' title="bbox 2349 1242 4031 1413">
    <p class='ocr_par' dir='ltr' id='par_1_12' title="bbox 2352 1242 4031 1413">
     <span class='ocr_line' id='line_1_13' title="bbox 2352 1242 4031 1413; baseline 0.009 -91"><span class='ocrx_word' id='word_1_85' title='bbox 2352 1242 2708 1337; x_wconf 37' lang='grc' dir='ltr'>νοςξδέξεταί</span> <span class='ocrx_word' id='word_1_86' title='bbox 2732 1242 2863 1328; x_wconf 63' lang='grc' dir='ltr'>ποτε</span> <span class='ocrx_word' id='word_1_87' title='bbox 2900 1278 2993 1329; x_wconf 76' lang='grc' dir='ltr'>καὶ</span> <span class='ocrx_word' id='word_1_88' title='bbox 3025 1279 3124 1350; x_wconf 81' lang='grc' dir='ltr'>τῆς</span> <span class='ocrx_word' id='word_1_89' title='bbox 3155 1242 3799 1352; x_wconf 36' lang='grc' dir='ltr'><strong>λῆὸξιξητ</strong></span> <span class='ocrx_word' id='word_1_90' title='bbox 3846 1242 3907 1265; x_wconf 56' lang='lat' dir='ltr'><strong>u—</strong></span> 
     </span>
    </p>
   </div>
   <div class='ocr_carea' id='block_1_13' title="bbox 673 1350 830 1406">
    <p class='ocr_par' dir='ltr' id='par_1_13' title="bbox 673 1350 830 1406">
     <span class='ocr_line' id='line_1_14' title="bbox 673 1350 830 1406; baseline 0.025 -4"><span class='ocrx_word' id='word_1_91' title='bbox 673 1350 830 1406; x_wconf 82' lang='lat' dir='ltr'><strong>visci.</strong></span> 
     </span>
    </p>
   </div>
   <div class='ocr_carea' id='block_1_14' title="bbox 1344 1452 2244 1533">
    <p class='ocr_par' dir='ltr' id='par_1_14' title="bbox 1344 1470 1572 1526">
     <span class='ocr_line' id='line_1_15' title="bbox 1344 1470 1572 1526; baseline -0.004 0"><span class='ocrx_word' id='word_1_92' title='bbox 1344 1470 1572 1526; x_wconf 80' lang='lat' dir='ltr'><strong>ALIUD.</strong></span> 
     </span>
    </p>
   </div>
   <div class='ocr_carea' id='block_1_15' title="bbox 2349 1452 4031 1533">
    <p class='ocr_par' dir='ltr' id='par_1_15' title="bbox 3037 1452 4031 1533">
     <span class='ocr_line' id='line_1_16' title="bbox 3037 1452 4031 1533; baseline 0.008 0"><span class='ocrx_word' id='word_1_93' title='bbox 3037 1478 3222 1533; x_wconf 77' lang='grc' dir='ltr'><strong>ΔΛΛΟ</strong></span> <span class='ocrx_word' id='word_1_94' title='bbox 4030 1452 4031 1513; x_wconf 42' lang='grc' dir='ltr'><strong>ί</strong></span> 
     </span>
    </p>
   </div>
   <div class='ocr_carea' id='block_1_16' title="bbox 3889 424 3991 481">
    <p class='ocr_par' dir='ltr' id='par_1_16' title="bbox 3889 424 3991 481">
     <span class='ocr_line' id='line_1_17' title="bbox 3889 424 3991 481; baseline 0.02 -2"><span class='ocrx_word' id='word_1_95' title='bbox 3889 424 3991 481; x_wconf 64' lang='grc'><strong>256</strong></span> 
     </span>
    </p>
   </div>
   <div class='ocr_carea' id='block_1_17' title="bbox 1136 521 2323 595">
    <p class='ocr_par' dir='ltr' id='par_1_17' title="bbox 1136 521 2323 595">
     <span class='ocr_line' id='line_1_18' title="bbox 1136 521 2323 595; baseline 0.002 -18"><span class='ocrx_word' id='word_1_96' title='bbox 1136 521 1438 579; x_wconf 73' lang='lat' dir='ltr'><strong>Solutiones</strong></span> <span class='ocrx_word' id='word_1_97' title='bbox 1464 524 1789 595; x_wconf 81' lang='lat' dir='ltr'><strong>objectionis.</strong></span> <span class='ocrx_word' id='word_1_98' title='bbox 2277 528 2323 584; x_wconf 72' lang='grc' dir='ltr'>Α</span> 
     </span>
    </p>
   </div>
   <div class='ocr_carea' id='block_1_18' title="bbox 750 627 2252 704">
    <p class='ocr_par' dir='ltr' id='par_1_18' title="bbox 750 627 2252 704">
     <span class='ocr_line' id='line_1_19' title="bbox 750 627 2252 704; baseline 0.003 -21"><span class='ocrx_word' id='word_1_99' title='bbox 750 627 807 684; x_wconf 90' lang='lat' dir='ltr'><strong>Si</strong></span> <span class='ocrx_word' id='word_1_100' title='bbox 842 631 1105 704; x_wconf 87' lang='lat' dir='ltr'><strong>quidquid</strong></span> <span class='ocrx_word' id='word_1_101' title='bbox 1151 652 1258 691; x_wconf 93' lang='lat' dir='ltr'><strong>non</strong></span> <span class='ocrx_word' id='word_1_102' title='bbox 1306 635 1625 691; x_wconf 82' lang='lat' dir='ltr'><strong>naturaliter</strong></span> <span class='ocrx_word' id='word_1_103' title='bbox 1671 636 1829 691; x_wconf 85' lang='lat' dir='ltr'><strong>alicui</strong></span> <span class='ocrx_word' id='word_1_104' title='bbox 1881 637 2113 699; x_wconf 22' lang='lat' dir='ltr'><strong>insitum,</strong></span> <span class='ocrx_word' id='word_1_105' title='bbox 2148 643 2252 701; x_wconf 86' lang='lat' dir='ltr'><strong>est,</strong></span> 
     </span>
    </p>
   </div>
   <div class='ocr_carea' id='block_1_19' title="bbox 675 721 2254 798">
    <p class='ocr_par' dir='ltr' id='par_1_19' title="bbox 675 721 2254 798">
     <span class='ocr_line' id='line_1_20' title="bbox 675 721 2254 798; baseline 0.004 -25"><span class='ocrx_word' id='word_1_106' title='bbox 675 721 772 775; x_wconf 86' lang='lat' dir='ltr'><strong>sed</strong></span> <span class='ocrx_word' id='word_1_107' title='bbox 811 730 1018 779; x_wconf 83' lang='lat' dir='ltr'><strong>tantum</strong></span> <span class='ocrx_word' id='word_1_108' title='bbox 1049 726 1419 782; x_wconf 87' lang='lat' dir='ltr'><strong>accidentarie</strong></span> <span class='ocrx_word' id='word_1_109' title='bbox 1450 727 1613 792; x_wconf 90' lang='lat' dir='ltr'><strong>inest,</strong></span> <span class='ocrx_word' id='word_1_110' title='bbox 1653 736 1708 782; x_wconf 92' lang='lat' dir='ltr'><strong>et</strong></span> <span class='ocrx_word' id='word_1_111' title='bbox 1737 726 2136 798; x_wconf 84' lang='lat' dir='ltr'><strong>quodammodo</strong></span> <span class='ocrx_word' id='word_1_112' title='bbox 2161 740 2254 780; x_wconf 90' lang='lat' dir='ltr'><strong>ac-</strong></span> 
     </span>
    </p>
   </div>
   <div class='ocr_carea' id='block_1_20' title="bbox 677 810 2257 889">
    <p class='ocr_par' dir='ltr' id='par_1_20' title="bbox 677 810 2257 889">
     <span class='ocr_line' id='line_1_21' title="bbox 677 810 2257 889; baseline 0.006 -27"><span class='ocrx_word' id='word_1_113' title='bbox 677 810 939 877; x_wconf 85' lang='lat' dir='ltr'><strong>quisitum</strong></span> <span class='ocrx_word' id='word_1_114' title='bbox 970 822 1074 878; x_wconf 89' lang='lat' dir='ltr'><strong>est,</strong></span> <span class='ocrx_word' id='word_1_115' title='bbox 1106 815 1223 871; x_wconf 83' lang='lat' dir='ltr'><strong>fieri</strong></span> <span class='ocrx_word' id='word_1_116' title='bbox 1254 826 1430 887; x_wconf 87' lang='lat' dir='ltr'><strong>potest</strong></span> <span class='ocrx_word' id='word_1_117' title='bbox 1464 828 1524 872; x_wconf 94' lang='lat' dir='ltr'><strong>ut</strong></span> <span class='ocrx_word' id='word_1_118' title='bbox 1563 819 1855 889; x_wconf 87' lang='lat' dir='ltr'><strong>aliquando</strong></span> <span class='ocrx_word' id='word_1_119' title='bbox 1896 833 2002 873; x_wconf 91' lang='lat' dir='ltr'><strong>non</strong></span> <span class='ocrx_word' id='word_1_120' title='bbox 2045 818 2257 874; x_wconf 82' lang='lat' dir='ltr'><strong>accidat</strong></span> 
     </span>
    </p>
   </div>
   <div class='ocr_carea' id='block_1_21' title="bbox 680 900 2253 979">
    <p class='ocr_par' dir='ltr' id='par_1_21' title="bbox 680 900 2253 979">
     <span class='ocr_line' id='line_1_22' title="bbox 680 900 2253 979; baseline 0.005 -26"><span class='ocrx_word' id='word_1_121' title='bbox 680 900 779 969; x_wconf 91' lang='lat' dir='ltr'><strong>(ea</strong></span> <span class='ocrx_word' id='word_1_122' title='bbox 812 902 957 957; x_wconf 86' lang='lat' dir='ltr'><strong>enim</strong></span> <span class='ocrx_word' id='word_1_123' title='bbox 1002 915 1083 960; x_wconf 87' lang='lat' dir='ltr'><strong>est</strong></span> <span class='ocrx_word' id='word_1_124' title='bbox 1144 907 1505 963; x_wconf 89' lang='lat' dir='ltr'><strong>accidentium</strong></span> <span class='ocrx_word' id='word_1_125' title='bbox 1553 909 1781 979; x_wconf 87' lang='lat' dir='ltr'><strong>natura)</strong></span> <span class='ocrx_word' id='word_1_126' title='bbox 1824 910 2074 965; x_wconf 88' lang='lat' dir='ltr'><strong>accidens</strong></span> <span class='ocrx_word' id='word_1_127' title='bbox 2124 908 2253 963; x_wconf 89' lang='lat' dir='ltr'><strong>illud</strong></span> 
     </span>
    </p>
   </div>
   <div class='ocr_carea' id='block_1_22' title="bbox 675 992 2257 1067">
    <p class='ocr_par' dir='ltr' id='par_1_22' title="bbox 675 992 2257 1067">
     <span class='ocr_line' id='line_1_23' title="bbox 675 992 2257 1067; baseline 0.004 -25"><span class='ocrx_word' id='word_1_128' title='bbox 675 1003 777 1056; x_wconf 90' lang='lat' dir='ltr'><strong>per</strong></span> <span class='ocrx_word' id='word_1_129' title='bbox 801 994 942 1059; x_wconf 91' lang='lat' dir='ltr'><strong>quod</strong></span> <span class='ocrx_word' id='word_1_130' title='bbox 972 992 1141 1049; x_wconf 88' lang='lat' dir='ltr'><strong>Filius</strong></span> <span class='ocrx_word' id='word_1_131' title='bbox 1169 1004 1382 1051; x_wconf 86' lang='lat' dir='ltr'><strong>creator</strong></span> <span class='ocrx_word' id='word_1_132' title='bbox 1419 1005 1524 1061; x_wconf 88' lang='lat' dir='ltr'><strong>est,</strong></span> <span class='ocrx_word' id='word_1_133' title='bbox 1552 997 1838 1067; x_wconf 87' lang='lat' dir='ltr'><strong>aliquando</strong></span> <span class='ocrx_word' id='word_1_134' title='bbox 1871 999 1922 1053; x_wconf 92' lang='lat' dir='ltr'><strong>in</strong></span> <span class='ocrx_word' id='word_1_135' title='bbox 1954 1013 2020 1052; x_wconf 92' lang='lat' dir='ltr'><strong>eo</strong></span> <span class='ocrx_word' id='word_1_136' title='bbox 2057 1013 2257 1053; x_wconf 82' lang='lat' dir='ltr'><strong>evane-</strong></span> 
     </span>
    </p>
   </div>
   <div class='ocr_carea' id='block_1_23' title="bbox 677 1084 2251 1158">
    <p class='ocr_par' dir='ltr' id='par_1_23' title="bbox 677 1084 2251 1158">
     <span class='ocr_line' id='line_1_24' title="bbox 677 1084 2251 1158; baseline 0.006 -26"><span class='ocrx_word' id='word_1_137' title='bbox 677 1095 835 1137; x_wconf 81' lang='lat' dir='ltr'><strong>scere</strong></span> <span class='ocrx_word' id='word_1_138' title='bbox 879 1084 1099 1152; x_wconf 88' lang='lat' dir='ltr'><strong>poterit.</strong></span> <span class='ocrx_word' id='word_1_139' title='bbox 1149 1088 1328 1157; x_wconf 85' lang='lat' dir='ltr'><strong>Atque</strong></span> <span class='ocrx_word' id='word_1_140' title='bbox 1368 1089 1438 1141; x_wconf 87' lang='lat' dir='ltr'><strong>ita</strong></span> <span class='ocrx_word' id='word_1_141' title='bbox 1482 1088 1740 1158; x_wconf 77' lang='lat' dir='ltr'><strong>dignitate</strong></span> <span class='ocrx_word' id='word_1_142' title='bbox 1788 1104 1882 1143; x_wconf 86' lang='lat' dir='ltr'><strong>sua</strong></span> <span class='ocrx_word' id='word_1_143' title='bbox 1930 1088 2251 1158; x_wconf 82' lang='lat' dir='ltr'><strong>privabitur,</strong></span> 
     </span>
    </p>
   </div>
   <div class='ocr_carea' id='block_1_24' title="bbox 744 1577 2244 1666">
    <p class='ocr_par' dir='ltr' id='par_1_24' title="bbox 744 1577 2244 1657">
     <span class='ocr_line' id='line_1_25' title="bbox 744 1577 2244 1657; baseline 0.009 -26"><span class='ocrx_word' id='word_1_144' title='bbox 744 1577 1033 1636; x_wconf 87' lang='lat' dir='ltr'><strong>Creaturas</strong></span> <span class='ocrx_word' id='word_1_145' title='bbox 1058 1598 1087 1637; x_wconf 91' lang='lat' dir='ltr'><strong>a</strong></span> <span class='ocrx_word' id='word_1_146' title='bbox 1114 1584 1284 1640; x_wconf 83' lang='lat' dir='ltr'><strong>nihilo</strong></span> <span class='ocrx_word' id='word_1_147' title='bbox 1306 1585 1373 1641; x_wconf 92' lang='lat' dir='ltr'><strong>ad</strong></span> <span class='ocrx_word' id='word_1_148' title='bbox 1394 1600 1515 1642; x_wconf 89' lang='lat' dir='ltr'><strong>esse</strong></span> <span class='ocrx_word' id='word_1_149' title='bbox 1540 1587 1845 1651; x_wconf 86' lang='lat' dir='ltr'><strong>traducere,</strong></span> <span class='ocrx_word' id='word_1_150' title='bbox 1872 1601 1976 1640; x_wconf 92' lang='lat' dir='ltr'><strong>non</strong></span> <span class='ocrx_word' id='word_1_151' title='bbox 2011 1596 2095 1642; x_wconf 89' lang='lat' dir='ltr'><strong>est</strong></span> <span class='ocrx_word' id='word_1_152' title='bbox 2118 1602 2244 1657; x_wconf 83' lang='lat' dir='ltr'><strong>opus</strong></span> 
     </span>
    </p>
   </div>
   <div class='ocr_carea' id='block_1_25' title="bbox 2349 1577 3955 1666">
    <p class='ocr_par' dir='ltr' id='par_1_25' title="bbox 2426 1582 3955 1666">
     <span class='ocr_line' id='line_1_26' title="bbox 2426 1582 3955 1666; baseline 0.011 -32"><span class='ocrx_word' id='word_1_153' title='bbox 2426 1582 2500 1635; x_wconf 84' lang='grc' dir='ltr'>Τὸ</span> <span class='ocrx_word' id='word_1_154' title='bbox 2525 1582 2589 1637; x_wconf 78' lang='grc' dir='ltr'>ἐκ</span> <span class='ocrx_word' id='word_1_155' title='bbox 2618 1583 2713 1638; x_wconf 80' lang='grc' dir='ltr'>τοῦ</span> <span class='ocrx_word' id='word_1_156' title='bbox 2744 1585 2820 1657; x_wconf 82' lang='grc' dir='ltr'>μὴ</span> <span class='ocrx_word' id='word_1_157' title='bbox 2848 1585 3000 1651; x_wconf 74' lang='grc' dir='ltr'>ὄντος</span> <span class='ocrx_word' id='word_1_158' title='bbox 3030 1590 3115 1654; x_wconf 85' lang='grc' dir='ltr'><strong>είς</strong></span> <span class='ocrx_word' id='word_1_159' title='bbox 3141 1590 3202 1644; x_wconf 85' lang='grc' dir='ltr'>τὸ</span> <span class='ocrx_word' id='word_1_160' title='bbox 3236 1586 3376 1646; x_wconf 74' lang='grc' dir='ltr'>εἶναι</span> <span class='ocrx_word' id='word_1_161' title='bbox 3410 1595 3705 1666; x_wconf 81' lang='grc' dir='ltr'><strong>παράγειν</strong></span> <span class='ocrx_word' id='word_1_162' title='bbox 3738 1596 3822 1649; x_wconf 69' lang='grc' dir='ltr'>τὰ</span> <span class='ocrx_word' id='word_1_163' title='bbox 3854 1599 3955 1650; x_wconf 67' lang='lat' dir='ltr'><strong>xti-</strong></span> 
     </span>
    </p>
   </div>
   <div class='ocr_carea' id='block_1_26' title="bbox 669 1660 2244 1761">
    <p class='ocr_par' dir='ltr' id='par_1_26' title="bbox 669 1672 2244 1749">
     <span class='ocr_line' id='line_1_27' title="bbox 669 1672 2244 1749; baseline 0.01 -26"><span class='ocrx_word' id='word_1_164' title='bbox 669 1672 827 1738; x_wconf 84' lang='lat' dir='ltr'><strong>artis,</strong></span> <span class='ocrx_word' id='word_1_165' title='bbox 877 1675 971 1728; x_wconf 92' lang='lat' dir='ltr'><strong>sed</strong></span> <span class='ocrx_word' id='word_1_166' title='bbox 1027 1674 1307 1735; x_wconf 79' lang='lat' dir='ltr'><strong>facultatis</strong></span> <span class='ocrx_word' id='word_1_167' title='bbox 1357 1679 1473 1736; x_wconf 81' lang='lat' dir='ltr'><strong>sive</strong></span> <span class='ocrx_word' id='word_1_168' title='bbox 1514 1680 1772 1749; x_wconf 84' lang='lat' dir='ltr'><strong>potentiae</strong></span> <span class='ocrx_word' id='word_1_169' title='bbox 1824 1682 2094 1737; x_wconf 75' lang='lat' dir='ltr'><strong>creativze.</strong></span> <span class='ocrx_word' id='word_1_170' title='bbox 2146 1686 2244 1738; x_wconf 81' lang='lat' dir='ltr'><strong>Ars</strong></span> 
     </span>
    </p>
   </div>
   <div class='ocr_carea' id='block_1_27' title="bbox 2349 1660 4031 1761">
    <p class='ocr_par' dir='ltr' id='par_1_27' title="bbox 2354 1660 4031 1761">
     <span class='ocr_line' id='line_1_28' title="bbox 2354 1660 4031 1761; baseline 0.012 -36"><span class='ocrx_word' id='word_1_171' title='bbox 2354 1688 2555 1741; x_wconf 85' lang='grc' dir='ltr'>σματα,</span> <span class='ocrx_word' id='word_1_172' title='bbox 2587 1676 2647 1728; x_wconf 83' lang='grc' dir='ltr'><strong>ού</strong></span> <span class='ocrx_word' id='word_1_173' title='bbox 2695 1678 2891 1748; x_wconf 83' lang='grc' dir='ltr'>τέχνης</span> <span class='ocrx_word' id='word_1_174' title='bbox 2936 1680 3096 1751; x_wconf 76' lang='grc' dir='ltr'>ἔργον</span> <span class='ocrx_word' id='word_1_175' title='bbox 3142 1684 3308 1750; x_wconf 79' lang='grc' dir='ltr'>ἐστὶν,</span> <span class='ocrx_word' id='word_1_176' title='bbox 3337 1660 3844 1758; x_wconf 39' lang='grc' dir='ltr'>ἀλλὰ-δυνάμεως</span> <span class='ocrx_word' id='word_1_177' title='bbox 3872 1691 3953 1758; x_wconf 53' lang='lat' dir='ltr'><strong>Gr;</strong></span> 
     </span>
    </p>
   </div>
   <div class='ocr_carea' id='block_1_28' title="bbox 673 1762 2244 1850">
    <p class='ocr_par' dir='ltr' id='par_1_28' title="bbox 673 1762 2244 1841">
     <span class='ocr_line' id='line_1_29' title="bbox 673 1762 2244 1841; baseline 0.008 -27"><span class='ocrx_word' id='word_1_178' title='bbox 673 1762 819 1817; x_wconf 90' lang='lat' dir='ltr'><strong>enim</strong></span> <span class='ocrx_word' id='word_1_179' title='bbox 853 1778 914 1819; x_wconf 90' lang='lat' dir='ltr'><strong>ea</strong></span> <span class='ocrx_word' id='word_1_180' title='bbox 956 1780 1078 1836; x_wconf 68' lang='lat' dir='ltr'><strong>qua:</strong></span> <span class='ocrx_word' id='word_1_181' title='bbox 1115 1770 1387 1825; x_wconf 79' lang='lat' dir='ltr'><strong>exsistunt</strong></span> <span class='ocrx_word' id='word_1_182' title='bbox 1428 1770 1482 1825; x_wconf 94' lang='lat' dir='ltr'><strong>in</strong></span> <span class='ocrx_word' id='word_1_183' title='bbox 1521 1771 1664 1824; x_wconf 88' lang='lat' dir='ltr'><strong>aliud</strong></span> <span class='ocrx_word' id='word_1_184' title='bbox 1692 1772 1821 1841; x_wconf 84' lang='lat' dir='ltr'><strong>quid</strong></span> <span class='ocrx_word' id='word_1_185' title='bbox 1854 1782 2070 1827; x_wconf 88' lang='lat' dir='ltr'><strong>mutat:</strong></span> <span class='ocrx_word' id='word_1_186' title='bbox 2100 1790 2244 1829; x_wconf 87' lang='lat' dir='ltr'><strong>crea-</strong></span> 
     </span>
    </p>
   </div>
   <div class='ocr_carea' id='block_1_29' title="bbox 2349 1762 3955 1850">
    <p class='ocr_par' dir='ltr' id='par_1_29' title="bbox 2357 1767 3955 1850">
     <span class='ocr_line' id='line_1_30' title="bbox 2357 1767 3955 1850; baseline 0.009 -33"><span class='ocrx_word' id='word_1_187' title='bbox 2357 1767 2706 1837; x_wconf 81' lang='grc' dir='ltr'>μιουργικῆς.</span> <span class='ocrx_word' id='word_1_188' title='bbox 2737 1768 2912 1841; x_wconf 83' lang='grc' dir='ltr'><strong>Τέχνη</strong></span> <span class='ocrx_word' id='word_1_189' title='bbox 2944 1771 3043 1840; x_wconf 82' lang='grc' dir='ltr'><strong>μὲν</strong></span> <span class='ocrx_word' id='word_1_190' title='bbox 3076 1773 3185 1845; x_wconf 78' lang='grc' dir='ltr'>γὰρ</span> <span class='ocrx_word' id='word_1_191' title='bbox 3225 1774 3293 1828; x_wconf 84' lang='grc' dir='ltr'>τὰ</span> <span class='ocrx_word' id='word_1_192' title='bbox 3326 1777 3453 1829; x_wconf 73' lang='grc' dir='ltr'>ὄντα</span> <span class='ocrx_word' id='word_1_193' title='bbox 3484 1778 3635 1848; x_wconf 72' lang='grc' dir='ltr'>πρὸς</span> <span class='ocrx_word' id='word_1_194' title='bbox 3686 1780 3888 1850; x_wconf 65' lang='grc' dir='ltr'>ἔτερόν</span> <span class='ocrx_word' id='word_1_195' title='bbox 3912 1798 3955 1832; x_wconf 74' lang='grc' dir='ltr'><strong>τι</strong></span> 
     </span>
    </p>
   </div>
   <div class='ocr_carea' id='block_1_30' title="bbox 674 1851 2244 1941">
    <p class='ocr_par' dir='ltr' id='par_1_30' title="bbox 674 1851 2244 1926">
     <span class='ocr_line' id='line_1_31' title="bbox 674 1851 2244 1926; baseline 0.011 -24"><span class='ocrx_word' id='word_1_196' title='bbox 674 1851 779 1904; x_wconf 80' lang='lat' dir='ltr'><strong>trix</strong></span> <span class='ocrx_word' id='word_1_197' title='bbox 815 1862 996 1909; x_wconf 87' lang='lat' dir='ltr'><strong>autem</strong></span> <span class='ocrx_word' id='word_1_198' title='bbox 1036 1854 1287 1923; x_wconf 79' lang='lat' dir='ltr'><strong>facultas,</strong></span> <span class='ocrx_word' id='word_1_199' title='bbox 1317 1872 1380 1913; x_wconf 90' lang='lat' dir='ltr'><strong>ea</strong></span> <span class='ocrx_word' id='word_1_200' title='bbox 1424 1874 1546 1926; x_wconf 88' lang='lat' dir='ltr'><strong>quae</strong></span> <span class='ocrx_word' id='word_1_201' title='bbox 1589 1874 1693 1914; x_wconf 92' lang='lat' dir='ltr'><strong>non</strong></span> <span class='ocrx_word' id='word_1_202' title='bbox 1723 1861 1994 1915; x_wconf 86' lang='lat' dir='ltr'><strong>exsistunt</strong></span> <span class='ocrx_word' id='word_1_203' title='bbox 2038 1864 2162 1918; x_wconf 81' lang='lat' dir='ltr'><strong>facit</strong></span> <span class='ocrx_word' id='word_1_204' title='bbox 2193 1874 2244 1920; x_wconf 94' lang='lat' dir='ltr'><strong>ut</strong></span> 
     </span>
    </p>
   </div>
   <div class='ocr_carea' id='block_1_31' title="bbox 2349 1851 3951 1941">
    <p class='ocr_par' dir='ltr' id='par_1_31' title="bbox 2356 1860 3951 1941">
     <span class='ocr_line' id='line_1_32' title="bbox 2356 1860 3951 1941; baseline 0.01 -33"><span class='ocrx_word' id='word_1_205' title='bbox 2356 1860 2751 1925; x_wconf 79' lang='grc' dir='ltr'><strong>μετασκευάζει</strong></span> <span class='ocrx_word' id='word_1_206' title='bbox 2772 1877 2785 1891; x_wconf 77' lang='grc' dir='ltr'><strong>ο</strong></span> <span class='ocrx_word' id='word_1_207' title='bbox 2813 1862 3175 1935; x_wconf 82' lang='grc' dir='ltr'>δημιουργικὴ</span> <span class='ocrx_word' id='word_1_208' title='bbox 3203 1865 3258 1919; x_wconf 84' lang='grc' dir='ltr'>δὲ</span> <span class='ocrx_word' id='word_1_209' title='bbox 3302 1866 3536 1938; x_wconf 85' lang='grc' dir='ltr'>δύναμις</span> <span class='ocrx_word' id='word_1_210' title='bbox 3563 1869 3649 1923; x_wconf 82' lang='grc' dir='ltr'>τὰ</span> <span class='ocrx_word' id='word_1_211' title='bbox 3705 1871 3790 1941; x_wconf 77' lang='grc' dir='ltr'>μὴ</span> <span class='ocrx_word' id='word_1_212' title='bbox 3841 1874 3951 1924; x_wconf 61' lang='grc' dir='ltr'>ὄντα</span> 
     </span>
    </p>
   </div>
   <div class='ocr_carea' id='block_1_32' title="bbox 672 1942 2244 2032">
    <p class='ocr_par' dir='ltr' id='par_1_32' title="bbox 672 1942 2244 2025">
     <span class='ocr_line' id='line_1_33' title="bbox 672 1942 2244 2025; baseline 0.01 -31"><span class='ocrx_word' id='word_1_213' title='bbox 672 1942 963 1999; x_wconf 79' lang='lat' dir='ltr'><strong>exsistant.</strong></span> <span class='ocrx_word' id='word_1_214' title='bbox 997 1945 1054 2001; x_wconf 92' lang='lat' dir='ltr'><strong>Si</strong></span> <span class='ocrx_word' id='word_1_215' title='bbox 1084 1962 1215 2019; x_wconf 84' lang='lat' dir='ltr'><strong>ergo</strong></span> <span class='ocrx_word' id='word_1_216' title='bbox 1248 1951 1317 2004; x_wconf 88' lang='lat' dir='ltr'><strong>ab</strong></span> <span class='ocrx_word' id='word_1_217' title='bbox 1345 1959 1464 2005; x_wconf 90' lang='lat' dir='ltr'><strong>arte</strong></span> <span class='ocrx_word' id='word_1_218' title='bbox 1494 1950 1652 2020; x_wconf 74' lang='lat'><strong>152</strong></span> <span class='ocrx_word' id='word_1_219' title='bbox 1685 1960 1777 2005; x_wconf 90' lang='lat' dir='ltr'><strong>aut</strong></span> <span class='ocrx_word' id='word_1_220' title='bbox 1806 1953 2049 2007; x_wconf 90' lang='lat' dir='ltr'><strong>doctrina</strong></span> <span class='ocrx_word' id='word_1_221' title='bbox 2080 1965 2244 2025; x_wconf 87' lang='lat' dir='ltr'><strong>potest</strong></span> 
     </span>
    </p>
   </div>
   <div class='ocr_carea' id='block_1_33' title="bbox 2349 1942 3950 2032">
    <p class='ocr_par' dir='ltr' id='par_1_33' title="bbox 2357 1948 3950 2032">
     <span class='ocr_line' id='line_1_34' title="bbox 2357 1948 3950 2032; baseline 0.009 -32"><span class='ocrx_word' id='word_1_222' title='bbox 2357 1948 2494 2017; x_wconf 82' lang='grc' dir='ltr'>πρὸς</span> <span class='ocrx_word' id='word_1_223' title='bbox 2526 1950 2588 2003; x_wconf 84' lang='grc' dir='ltr'><strong>τὸ</strong></span> <span class='ocrx_word' id='word_1_224' title='bbox 2620 1948 2759 2005; x_wconf 80' lang='grc' dir='ltr'>εἶναι</span> <span class='ocrx_word' id='word_1_225' title='bbox 2790 1954 2964 2012; x_wconf 87' lang='grc' dir='ltr'>καλεῖ.</span> <span class='ocrx_word' id='word_1_226' title='bbox 3001 1956 3066 2010; x_wconf 88' lang='grc' dir='ltr'>Εί</span> <span class='ocrx_word' id='word_1_227' title='bbox 3103 1956 3284 2011; x_wconf 82' lang='grc' dir='ltr'>τοίνυν</span> <span class='ocrx_word' id='word_1_228' title='bbox 3314 1959 3421 2012; x_wconf 80' lang='grc' dir='ltr'><strong>ἀπὸ</strong></span> <span class='ocrx_word' id='word_1_229' title='bbox 3446 1959 3662 2031; x_wconf 82' lang='grc' dir='ltr'>τέχνης</span> <span class='ocrx_word' id='word_1_230' title='bbox 3713 1964 3819 2014; x_wconf 75' lang='grc' dir='ltr'><strong>καὶ</strong></span> <span class='ocrx_word' id='word_1_231' title='bbox 3865 1982 3950 2032; x_wconf 70' lang='grc' dir='ltr'>μα-</span> 
     </span>
    </p>
   </div>
   <div class='ocr_carea' id='block_1_34' title="bbox 670 2037 2244 2122">
    <p class='ocr_par' dir='ltr' id='par_1_34' title="bbox 670 2037 2244 2111">
     <span class='ocr_line' id='line_1_35' title="bbox 670 2037 2244 2111; baseline 0.01 -26"><span class='ocrx_word' id='word_1_232' title='bbox 670 2045 795 2087; x_wconf 82' lang='lat' dir='ltr'><strong>csse</strong></span> <span class='ocrx_word' id='word_1_233' title='bbox 815 2045 1031 2092; x_wconf 85' lang='lat' dir='ltr'><strong>creator</strong></span> <span class='ocrx_word' id='word_1_234' title='bbox 1056 2037 1243 2105; x_wconf 86' lang='lat' dir='ltr'><strong>Filins,</strong></span> <span class='ocrx_word' id='word_1_235' title='bbox 1274 2040 1494 2095; x_wconf 73' lang='lat' dir='ltr'><strong>videant</strong></span> <span class='ocrx_word' id='word_1_236' title='bbox 1527 2043 1658 2111; x_wconf 90' lang='lat' dir='ltr'><strong>quid</strong></span> <span class='ocrx_word' id='word_1_237' title='bbox 1704 2041 1772 2098; x_wconf 91' lang='lat' dir='ltr'><strong>de</strong></span> <span class='ocrx_word' id='word_1_238' title='bbox 1810 2043 1971 2100; x_wconf 85' lang='lat' dir='ltr'><strong>Patre</strong></span> <span class='ocrx_word' id='word_1_239' title='bbox 2011 2055 2244 2101; x_wconf 73' lang='lat' dir='ltr'><strong>statuere</strong></span> 
     </span>
    </p>
   </div>
   <div class='ocr_carea' id='block_1_35' title="bbox 2349 2037 3948 2122">
    <p class='ocr_par' dir='ltr' id='par_1_35' title="bbox 2356 2038 3948 2122">
     <span class='ocr_line' id='line_1_36' title="bbox 2356 2038 3948 2122; baseline 0.01 -30"><span class='ocrx_word' id='word_1_240' title='bbox 2356 2039 2565 2112; x_wconf 83' lang='grc' dir='ltr'>θήσεως</span> <span class='ocrx_word' id='word_1_241' title='bbox 2607 2038 2745 2098; x_wconf 76' lang='grc' dir='ltr'>εἶναι</span> <span class='ocrx_word' id='word_1_242' title='bbox 2779 2046 3003 2100; x_wconf 85' lang='grc' dir='ltr'>δύναται</span> <span class='ocrx_word' id='word_1_243' title='bbox 3048 2048 3374 2119; x_wconf 83' lang='grc' dir='ltr'>δημιουργὸς</span> <span class='ocrx_word' id='word_1_244' title='bbox 3407 2052 3436 2103; x_wconf 98' lang='lat'><strong>6</strong></span> <span class='ocrx_word' id='word_1_245' title='bbox 3464 2051 3625 2117; x_wconf 80' lang='grc' dir='ltr'>Υἱὸς,</span> <span class='ocrx_word' id='word_1_246' title='bbox 3667 2055 3948 2122; x_wconf 70' lang='grc' dir='ltr'>δράτωσαν</span> 
     </span>
    </p>
   </div>
   <div class='ocr_carea' id='block_1_36' title="bbox 673 2123 2244 2210">
    <p class='ocr_par' dir='ltr' id='par_1_36' title="bbox 673 2123 2244 2203">
     <span class='ocr_line' id='line_1_37' title="bbox 673 2123 2244 2203; baseline 0.011 -30"><span class='ocrx_word' id='word_1_247' title='bbox 673 2123 861 2189; x_wconf 78' lang='lat' dir='ltr'><strong>velint,</strong></span> <span class='ocrx_word' id='word_1_248' title='bbox 896 2125 940 2181; x_wconf 87' lang='lat' dir='ltr'><strong>si</strong></span> <span class='ocrx_word' id='word_1_249' title='bbox 986 2127 1112 2197; x_wconf 90' lang='lat' dir='ltr'><strong>quis</strong></span> <span class='ocrx_word' id='word_1_250' title='bbox 1148 2130 1311 2183; x_wconf 89' lang='lat' dir='ltr'><strong>etiam</strong></span> <span class='ocrx_word' id='word_1_251' title='bbox 1346 2129 1413 2185; x_wconf 91' lang='lat' dir='ltr'><strong>de</strong></span> <span class='ocrx_word' id='word_1_252' title='bbox 1463 2131 1554 2186; x_wconf 92' lang='lat' dir='ltr'><strong>illo</strong></span> <span class='ocrx_word' id='word_1_253' title='bbox 1587 2133 1702 2187; x_wconf 66' lang='lat' dir='ltr'><strong>haec</strong></span> <span class='ocrx_word' id='word_1_254' title='bbox 1752 2133 1921 2188; x_wconf 88' lang='lat' dir='ltr'><strong>dicat.</strong></span> <span class='ocrx_word' id='word_1_255' title='bbox 1972 2135 2042 2187; x_wconf 84' lang='lat' dir='ltr'><strong>At</strong></span> <span class='ocrx_word' id='word_1_256' title='bbox 2074 2136 2244 2203; x_wconf 71' lang='lat' dir='ltr'><strong>dices.</strong></span> 
     </span>
    </p>
   </div>
   <div class='ocr_carea' id='block_1_37' title="bbox 2349 2123 3951 2210">
    <p class='ocr_par' dir='ltr' id='par_1_37' title="bbox 2354 2129 3951 2210">
     <span class='ocr_line' id='line_1_38' title="bbox 2354 2129 3951 2210; baseline 0.009 -29"><span class='ocrx_word' id='word_1_257' title='bbox 2354 2129 2407 2181; x_wconf 87' lang='grc' dir='ltr'><strong>τί</strong></span> <span class='ocrx_word' id='word_1_258' title='bbox 2438 2147 2566 2183; x_wconf 84' lang='grc' dir='ltr'>ποτε</span> <span class='ocrx_word' id='word_1_259' title='bbox 2595 2132 2702 2202; x_wconf 78' lang='grc' dir='ltr'>ἄρα</span> <span class='ocrx_word' id='word_1_260' title='bbox 2732 2136 2827 2187; x_wconf 80' lang='grc' dir='ltr'>καὶ</span> <span class='ocrx_word' id='word_1_261' title='bbox 2859 2136 2987 2205; x_wconf 78' lang='grc' dir='ltr'>περὶ</span> <span class='ocrx_word' id='word_1_262' title='bbox 3018 2136 3111 2190; x_wconf 84' lang='grc' dir='ltr'>τοῦ</span> <span class='ocrx_word' id='word_1_263' title='bbox 3144 2138 3356 2210; x_wconf 86' lang='grc' dir='ltr'>Πατρὸς</span> <span class='ocrx_word' id='word_1_264' title='bbox 3381 2138 3638 2210; x_wconf 78' lang='grc' dir='ltr'>ἐροῦσιν,</span> <span class='ocrx_word' id='word_1_265' title='bbox 3679 2141 3743 2194; x_wconf 79' lang='grc' dir='ltr'><strong>εί</strong></span> <span class='ocrx_word' id='word_1_266' title='bbox 3765 2146 3951 2204; x_wconf 74' lang='grc' dir='ltr'>τιςκσὶ</span> 
     </span>
    </p>
   </div>
   <div class='ocr_carea' id='block_1_38' title="bbox 672 2210 2251 2287">
    <p class='ocr_par' dir='ltr' id='par_1_38' title="bbox 672 2210 2251 2287">
     <span class='ocr_line' id='line_1_39' title="bbox 672 2210 2251 2287; baseline 0.011 -24"><span class='ocrx_word' id='word_1_267' title='bbox 672 2210 889 2268; x_wconf 83' lang='lat' dir='ltr'><strong>Patrem</strong></span> <span class='ocrx_word' id='word_1_268' title='bbox 921 2218 1139 2286; x_wconf 91' lang='lat' dir='ltr'><strong>quidem</strong></span> <span class='ocrx_word' id='word_1_269' title='bbox 1166 2229 1360 2273; x_wconf 86' lang='lat' dir='ltr'><strong>natura</strong></span> <span class='ocrx_word' id='word_1_270' title='bbox 1395 2234 1535 2287; x_wconf 86' lang='lat' dir='ltr'><strong>esse,</strong></span> <span class='ocrx_word' id='word_1_271' title='bbox 1566 2220 1760 2275; x_wconf 85' lang='lat' dir='ltr'><strong>Filium</strong></span> <span class='ocrx_word' id='word_1_272' title='bbox 1797 2237 1925 2277; x_wconf 84' lang='lat' dir='ltr'><strong>vero</strong></span> <span class='ocrx_word' id='word_1_273' title='bbox 1957 2224 2210 2279; x_wconf 89' lang='lat' dir='ltr'><strong>edoctum</strong></span> <span class='ocrx_word' id='word_1_274' title='bbox 2236 2243 2251 2280; x_wconf 91' lang='lat'><strong>:</strong></span> 
     </span>
    </p>
   </div>
   <div class='ocr_carea' id='block_1_39' title="bbox 675 2302 2256 2382">
    <p class='ocr_par' dir='ltr' id='par_1_39' title="bbox 675 2302 2256 2382">
     <span class='ocr_line' id='line_1_40' title="bbox 675 2302 2256 2382; baseline 0.01 -27"><span class='ocrx_word' id='word_1_275' title='bbox 675 2302 791 2358; x_wconf 83' lang='lat' dir='ltr'><strong>fieri</strong></span> <span class='ocrx_word' id='word_1_276' title='bbox 824 2304 1009 2376; x_wconf 90' lang='lat' dir='ltr'><strong>itaque</strong></span> <span class='ocrx_word' id='word_1_277' title='bbox 1032 2317 1210 2377; x_wconf 88' lang='lat' dir='ltr'><strong>potest</strong></span> <span class='ocrx_word' id='word_1_278' title='bbox 1245 2319 1305 2363; x_wconf 92' lang='lat' dir='ltr'><strong>ut</strong></span> <span class='ocrx_word' id='word_1_279' title='bbox 1333 2311 1454 2380; x_wconf 88' lang='lat' dir='ltr'><strong>quis</strong></span> <span class='ocrx_word' id='word_1_280' title='bbox 1479 2322 1847 2382; x_wconf 79' lang='lat' dir='ltr'><strong>consequatur</strong></span> <span class='ocrx_word' id='word_1_281' title='bbox 1882 2313 2126 2369; x_wconf 87' lang='lat' dir='ltr'><strong>doctrina</strong></span> <span class='ocrx_word' id='word_1_282' title='bbox 2157 2332 2256 2370; x_wconf 87' lang='lat' dir='ltr'><strong>na-</strong></span> 
     </span>
    </p>
   </div>
   <div class='ocr_carea' id='block_1_40' title="bbox 675 2394 2251 2476">
    <p class='ocr_par' dir='ltr' id='par_1_40' title="bbox 675 2394 2251 2476">
     <span class='ocr_line' id='line_1_41' title="bbox 675 2394 2251 2476; baseline 0.011 -30"><span class='ocrx_word' id='word_1_283' title='bbox 675 2394 903 2452; x_wconf 86' lang='lat' dir='ltr'><strong>turalem</strong></span> <span class='ocrx_word' id='word_1_284' title='bbox 972 2402 1340 2469; x_wconf 85' lang='lat' dir='ltr'><strong>Operationem</strong></span> <span class='ocrx_word' id='word_1_285' title='bbox 1408 2403 1525 2469; x_wconf 86' lang='lat' dir='ltr'><strong>Dei,</strong></span> <span class='ocrx_word' id='word_1_286' title='bbox 1561 2413 1727 2470; x_wconf 88' lang='lat' dir='ltr'><strong>utque</strong></span> <span class='ocrx_word' id='word_1_287' title='bbox 1778 2405 2003 2459; x_wconf 85' lang='lat' dir='ltr'><strong>edoctus</strong></span> <span class='ocrx_word' id='word_1_288' title='bbox 2042 2422 2251 2476; x_wconf 86' lang='lat' dir='ltr'><strong>creare,</strong></span> 
     </span>
    </p>
   </div>
   <div class='ocr_carea' id='block_1_41' title="bbox 673 2481 2254 2565">
    <p class='ocr_par' dir='ltr' id='par_1_41' title="bbox 673 2481 2254 2565">
     <span class='ocr_line' id='line_1_42' title="bbox 673 2481 2254 2565; baseline 0.011 -31"><span class='ocrx_word' id='word_1_289' title='bbox 673 2481 813 2537; x_wconf 86' lang='lat' dir='ltr'><strong>idem</strong></span> <span class='ocrx_word' id='word_1_290' title='bbox 842 2486 1164 2543; x_wconf 87' lang='lat' dir='ltr'><strong>naturaliter</strong></span> <span class='ocrx_word' id='word_1_291' title='bbox 1197 2490 1270 2544; x_wconf 89' lang='lat' dir='ltr'><strong>sit</strong></span> <span class='ocrx_word' id='word_1_292' title='bbox 1293 2490 1435 2560; x_wconf 91' lang='lat' dir='ltr'><strong>quod</strong></span> <span class='ocrx_word' id='word_1_293' title='bbox 1464 2491 1600 2561; x_wconf 88' lang='lat' dir='ltr'><strong>ipse.</strong></span> <span class='ocrx_word' id='word_1_294' title='bbox 1624 2490 1837 2546; x_wconf 88' lang='lat' dir='ltr'><strong>Nullum</strong></span> <span class='ocrx_word' id='word_1_295' title='bbox 1872 2493 2035 2565; x_wconf 90' lang='lat' dir='ltr'><strong>igitur</strong></span> <span class='ocrx_word' id='word_1_296' title='bbox 2060 2496 2254 2551; x_wconf 78' lang='lat' dir='ltr'><strong>discri-</strong></span> 
     </span>
    </p>
   </div>
   <div class='ocr_carea' id='block_1_42' title="bbox 671 2576 2252 2657">
    <p class='ocr_par' dir='ltr' id='par_1_42' title="bbox 671 2576 2252 2657">
     <span class='ocr_line' id='line_1_43' title="bbox 671 2576 2252 2657; baseline 0.013 -33"><span class='ocrx_word' id='word_1_297' title='bbox 671 2588 792 2628; x_wconf 87' lang='lat' dir='ltr'><strong>men</strong></span> <span class='ocrx_word' id='word_1_298' title='bbox 839 2576 944 2632; x_wconf 82' lang='lat' dir='ltr'><strong>erit</strong></span> <span class='ocrx_word' id='word_1_299' title='bbox 993 2577 1137 2633; x_wconf 90' lang='lat' dir='ltr'><strong>inter</strong></span> <span class='ocrx_word' id='word_1_300' title='bbox 1193 2579 1357 2635; x_wconf 90' lang='lat' dir='ltr'><strong>Deum</strong></span> <span class='ocrx_word' id='word_1_301' title='bbox 1398 2590 1454 2638; x_wconf 88' lang='lat' dir='ltr'><strong>et</strong></span> <span class='ocrx_word' id='word_1_302' title='bbox 1511 2592 1840 2650; x_wconf 87' lang='lat' dir='ltr'><strong>creaturam,</strong></span> <span class='ocrx_word' id='word_1_303' title='bbox 1894 2596 2252 2657; x_wconf 72' lang='lat' dir='ltr'><strong>praeterquam</strong></span> 
     </span>
    </p>
   </div>
   <div class='ocr_carea' id='block_1_43' title="bbox 669 2664 2251 2750">
    <p class='ocr_par' dir='ltr' id='par_1_43' title="bbox 669 2664 2251 2750">
     <span class='ocr_line' id='line_1_44' title="bbox 669 2664 2251 2750; baseline 0.013 -34"><span class='ocrx_word' id='word_1_304' title='bbox 669 2664 910 2722; x_wconf 72' lang='lat' dir='ltr'><strong>scientia:</strong></span> <span class='ocrx_word' id='word_1_305' title='bbox 960 2668 1257 2740; x_wconf 87' lang='lat' dir='ltr'><strong>disparitas</strong></span> <span class='ocrx_word' id='word_1_306' title='bbox 1304 2690 1318 2726; x_wconf 89' lang='lat'><strong>:</strong></span> <span class='ocrx_word' id='word_1_307' title='bbox 1369 2683 1566 2729; x_wconf 89' lang='lat' dir='ltr'><strong>natura</strong></span> <span class='ocrx_word' id='word_1_308' title='bbox 1621 2670 1799 2730; x_wconf 80' lang='lat' dir='ltr'><strong>autem</strong></span> <span class='ocrx_word' id='word_1_309' title='bbox 1853 2678 1920 2731; x_wconf 91' lang='lat' dir='ltr'><strong>ab</strong></span> <span class='ocrx_word' id='word_1_310' title='bbox 1975 2679 2092 2750; x_wconf 90' lang='lat' dir='ltr'><strong>ipso</strong></span> <span class='ocrx_word' id='word_1_311' title='bbox 2145 2696 2251 2737; x_wconf 90' lang='lat' dir='ltr'><strong>non</strong></span> 
     </span>
    </p>
   </div>
   <div class='ocr_carea' id='block_1_44' title="bbox 670 2753 2249 2826">
    <p class='ocr_par' dir='ltr' id='par_1_44' title="bbox 670 2753 2249 2826">
     <span class='ocr_line' id='line_1_45' title="bbox 670 2753 2249 2826; baseline 0.013 -20"><span class='ocrx_word' id='word_1_312' title='bbox 670 2753 1002 2823; x_wconf 74' lang='lat' dir='ltr'><strong>differemus,</strong></span> <span class='ocrx_word' id='word_1_313' title='bbox 1032 2760 1126 2815; x_wconf 86' lang='lat' dir='ltr'><strong>sed</strong></span> <span class='ocrx_word' id='word_1_314' title='bbox 1161 2761 1273 2817; x_wconf 89' lang='lat' dir='ltr'><strong>sola</strong></span> <span class='ocrx_word' id='word_1_315' title='bbox 1305 2764 1532 2818; x_wconf 88' lang='lat' dir='ltr'><strong>scientia</strong></span> <span class='ocrx_word' id='word_1_316' title='bbox 1562 2764 1849 2822; x_wconf 80' lang='lat' dir='ltr'><strong>inferiores</strong></span> <span class='ocrx_word' id='word_1_317' title='bbox 1882 2766 1972 2822; x_wconf 90' lang='lat' dir='ltr'><strong>illo</strong></span> <span class='ocrx_word' id='word_1_318' title='bbox 2000 2771 2209 2826; x_wconf 84' lang='lat' dir='ltr'><strong>erimus</strong></span> <span class='ocrx_word' id='word_1_319' title='bbox 2234 2788 2249 2825; x_wconf 92' lang='lat'><strong>:</strong></span> 
     </span>
    </p>
   </div>
   <div class='ocr_carea' id='block_1_45' title="bbox 670 2848 2250 2923">
    <p class='ocr_par' dir='ltr' id='par_1_45' title="bbox 670 2848 2250 2923">
     <span class='ocr_line' id='line_1_46' title="bbox 670 2848 2250 2923; baseline 0.014 -26"><span class='ocrx_word' id='word_1_320' title='bbox 670 2860 793 2913; x_wconf 70' lang='lat' dir='ltr'><strong>quae</strong></span> <span class='ocrx_word' id='word_1_321' title='bbox 820 2848 907 2903; x_wconf 88' lang='lat' dir='ltr'><strong>ubi</strong></span> <span class='ocrx_word' id='word_1_322' title='bbox 938 2849 1146 2920; x_wconf 86' lang='lat' dir='ltr'><strong>adjecta</strong></span> <span class='ocrx_word' id='word_1_323' title='bbox 1182 2856 1336 2911; x_wconf 88' lang='lat' dir='ltr'><strong>nobis</strong></span> <span class='ocrx_word' id='word_1_324' title='bbox 1375 2856 1561 2923; x_wconf 88' lang='lat' dir='ltr'><strong>fuerit,</strong></span> <span class='ocrx_word' id='word_1_325' title='bbox 1593 2859 1800 2914; x_wconf 89' lang='lat' dir='ltr'><strong>erimus</strong></span> <span class='ocrx_word' id='word_1_326' title='bbox 1835 2874 2026 2915; x_wconf 92' lang='lat' dir='ltr'><strong>omnes</strong></span> <span class='ocrx_word' id='word_1_327' title='bbox 2060 2873 2250 2919; x_wconf 87' lang='lat' dir='ltr'><strong>natura</strong></span> 
     </span>
    </p>
   </div>
   <div class='ocr_carea' id='block_1_46' title="bbox 668 2939 2249 3021">
    <p class='ocr_par' dir='ltr' id='par_1_46' title="bbox 668 2939 2249 3021">
     <span class='ocr_line' id='line_1_47' title="bbox 668 2939 2249 3021; baseline 0.011 -30"><span class='ocrx_word' id='word_1_328' title='bbox 668 2939 765 2994; x_wconf 86' lang='lat' dir='ltr'><strong>dii.</strong></span> <span class='ocrx_word' id='word_1_329' title='bbox 804 2939 1085 3008; x_wconf 88' lang='lat' dir='ltr'><strong>Quomodo</strong></span> <span class='ocrx_word' id='word_1_330' title='bbox 1119 2946 1286 3016; x_wconf 81' lang='lat' dir='ltr'><strong>igitur</strong></span> <span class='ocrx_word' id='word_1_331' title='bbox 1318 2963 1458 3004; x_wconf 91' lang='lat' dir='ltr'><strong>unus</strong></span> <span class='ocrx_word' id='word_1_332' title='bbox 1500 2957 1584 3003; x_wconf 91' lang='lat' dir='ltr'><strong>est</strong></span> <span class='ocrx_word' id='word_1_333' title='bbox 1626 2949 1790 3013; x_wconf 90' lang='lat' dir='ltr'><strong>Deus,</strong></span> <span class='ocrx_word' id='word_1_334' title='bbox 1834 2951 1881 3005; x_wconf 89' lang='lat' dir='ltr'><strong>si</strong></span> <span class='ocrx_word' id='word_1_335' title='bbox 1936 2966 2032 3021; x_wconf 86' lang='lat' dir='ltr'><strong>per</strong></span> <span class='ocrx_word' id='word_1_336' title='bbox 2078 2953 2249 3008; x_wconf 90' lang='lat' dir='ltr'><strong>solam</strong></span> 
     </span>
    </p>
   </div>
   <div class='ocr_carea' id='block_1_47' title="bbox 668 3031 2248 3108">
    <p class='ocr_par' dir='ltr' id='par_1_47' title="bbox 668 3031 2248 3108">
     <span class='ocr_line' id='line_1_48' title="bbox 668 3031 2248 3108; baseline 0.011 -24"><span class='ocrx_word' id='word_1_337' title='bbox 668 3031 971 3089; x_wconf 86' lang='lat' dir='ltr'><strong>doctrinam</strong></span> <span class='ocrx_word' id='word_1_338' title='bbox 993 3050 1156 3105; x_wconf 85' lang='lat' dir='ltr'><strong>quant</strong></span> <span class='ocrx_word' id='word_1_339' title='bbox 1192 3040 1603 3108; x_wconf 87' lang='lat' dir='ltr'><strong>consequimur,</strong></span> <span class='ocrx_word' id='word_1_340' title='bbox 1638 3039 1710 3094; x_wconf 91' lang='lat' dir='ltr'><strong>dii</strong></span> <span class='ocrx_word' id='word_1_341' title='bbox 1760 3038 2064 3097; x_wconf 82' lang='lat' dir='ltr'><strong>ellicimur?</strong></span> <span class='ocrx_word' id='word_1_342' title='bbox 2109 3046 2177 3098; x_wconf 82' lang='lat' dir='ltr'><strong>At</strong></span> <span class='ocrx_word' id='word_1_343' title='bbox 2202 3047 2248 3102; x_wconf 89' lang='lat' dir='ltr'><strong>si</strong></span> 
     </span>
    </p>
   </div>
   <div class='ocr_carea' id='block_1_48' title="bbox 667 3121 2244 3204">
    <p class='ocr_par' dir='ltr' id='par_1_48' title="bbox 667 3121 2244 3204">
     <span class='ocr_line' id='line_1_49' title="bbox 667 3121 2244 3204; baseline 0.011 -29"><span class='ocrx_word' id='word_1_344' title='bbox 667 3121 786 3190; x_wconf 85' lang='lat' dir='ltr'><strong>ipsa</strong></span> <span class='ocrx_word' id='word_1_345' title='bbox 829 3138 891 3179; x_wconf 89' lang='lat' dir='ltr'><strong>se</strong></span> <span class='ocrx_word' id='word_1_346' title='bbox 932 3125 1123 3181; x_wconf 85' lang='lat' dir='ltr'><strong>liarum</strong></span> <span class='ocrx_word' id='word_1_347' title='bbox 1175 3129 1654 3184; x_wconf 89' lang='lat' dir='ltr'><strong>ratiocinationum</strong></span> <span class='ocrx_word' id='word_1_348' title='bbox 1704 3130 2016 3189; x_wconf 87' lang='lat' dir='ltr'><strong>absurditas</strong></span> <span class='ocrx_word' id='word_1_349' title='bbox 2051 3137 2244 3204; x_wconf 89' lang='lat' dir='ltr'><strong>prodit,</strong></span> 
     </span>
    </p>
   </div>
   <div class='ocr_carea' id='block_1_49' title="bbox 666 3214 2239 3295">
    <p class='ocr_par' dir='ltr' id='par_1_49' title="bbox 666 3214 2239 3295">
     <span class='ocr_line' id='line_1_50' title="bbox 666 3214 2239 3295; baseline 0.012 -29"><span class='ocrx_word' id='word_1_350' title='bbox 666 3214 991 3271; x_wconf 81' lang='lat' dir='ltr'><strong>naturaliter</strong></span> <span class='ocrx_word' id='word_1_351' title='bbox 1022 3217 1208 3287; x_wconf 85' lang='lat' dir='ltr'><strong>itaque</strong></span> <span class='ocrx_word' id='word_1_352' title='bbox 1243 3229 1459 3275; x_wconf 82' lang='lat' dir='ltr'><strong>creator</strong></span> <span class='ocrx_word' id='word_1_353' title='bbox 1495 3230 1582 3275; x_wconf 91' lang='lat' dir='ltr'><strong>est</strong></span> <span class='ocrx_word' id='word_1_354' title='bbox 1626 3219 1829 3286; x_wconf 85' lang='lat' dir='ltr'><strong>Filius,</strong></span> <span class='ocrx_word' id='word_1_355' title='bbox 1882 3237 1987 3278; x_wconf 90' lang='lat' dir='ltr'><strong>non</strong></span> <span class='ocrx_word' id='word_1_356' title='bbox 2021 3240 2117 3295; x_wconf 89' lang='lat' dir='ltr'><strong>per</strong></span> <span class='ocrx_word' id='word_1_357' title='bbox 2143 3228 2239 3285; x_wconf 83' lang='lat' dir='ltr'><strong>do-</strong></span> 
     </span>
    </p>
   </div>
   <div class='ocr_carea' id='block_1_50' title="bbox 668 3305 1490 3382">
    <p class='ocr_par' dir='ltr' id='par_1_50' title="bbox 668 3305 1490 3382">
     <span class='ocr_line' id='line_1_51' title="bbox 668 3305 1490 3382; baseline 0.012 -21"><span class='ocrx_word' id='word_1_358' title='bbox 668 3305 924 3374; x_wconf 84' lang='lat' dir='ltr'><strong>ctrinam,</strong></span> <span class='ocrx_word' id='word_1_359' title='bbox 952 3317 1011 3365; x_wconf 85' lang='lat' dir='ltr'><strong>ut</strong></span> <span class='ocrx_word' id='word_1_360' title='bbox 1039 3325 1136 3366; x_wconf 74' lang='lat' dir='ltr'><strong>vos</strong></span> <span class='ocrx_word' id='word_1_361' title='bbox 1169 3313 1490 3382; x_wconf 86' lang='lat' dir='ltr'><strong>opinamini.</strong></span> 
     </span>
    </p>
   </div>
   <div class='ocr_carea' id='block_1_51' title="bbox 1347 3446 1569 3509">
    <p class='ocr_par' dir='ltr' id='par_1_51' title="bbox 1347 3446 1569 3509">
     <span class='ocr_line' id='line_1_52' title="bbox 1347 3446 1569 3509; baseline 0.036 -8"><span class='ocrx_word' id='word_1_362' title='bbox 1347 3446 1569 3509; x_wconf 82' lang='lat' dir='ltr'><strong>ALIUD.</strong></span> 
     </span>
    </p>
   </div>
   <div class='ocr_carea' id='block_1_52' title="bbox 737 3548 2247 3638">
    <p class='ocr_par' dir='ltr' id='par_1_52' title="bbox 737 3548 2247 3638">
     <span class='ocr_line' id='line_1_53' title="bbox 737 3548 2247 3638; baseline 0.018 -36"><span class='ocrx_word' id='word_1_363' title='bbox 737 3548 897 3605; x_wconf 80' lang='lat' dir='ltr'><strong>Aliud</strong></span> <span class='ocrx_word' id='word_1_364' title='bbox 933 3554 1207 3624; x_wconf 82' lang='lat' dir='ltr'><strong>quidpiam</strong></span> <span class='ocrx_word' id='word_1_365' title='bbox 1237 3568 1320 3614; x_wconf 91' lang='lat' dir='ltr'><strong>est</strong></span> <span class='ocrx_word' id='word_1_366' title='bbox 1348 3562 1633 3631; x_wconf 89' lang='lat' dir='ltr'><strong>sapientia,</strong></span> <span class='ocrx_word' id='word_1_367' title='bbox 1676 3567 1820 3623; x_wconf 90' lang='lat' dir='ltr'><strong>aliud</strong></span> <span class='ocrx_word' id='word_1_368' title='bbox 1860 3571 2079 3638; x_wconf 88' lang='lat' dir='ltr'><strong>sapiens</strong></span> <span class='ocrx_word' id='word_1_369' title='bbox 2111 3590 2124 3627; x_wconf 89' lang='lat'><strong>:</strong></span> <span class='ocrx_word' id='word_1_370' title='bbox 2161 3587 2247 3627; x_wconf 89' lang='lat' dir='ltr'><strong>sa-</strong></span> 
     </span>
    </p>
   </div>
   <div class='ocr_carea' id='block_1_53' title="bbox 667 3643 2247 3732">
    <p class='ocr_par' dir='ltr' id='par_1_53' title="bbox 667 3643 2247 3732">
     <span class='ocr_line' id='line_1_54' title="bbox 667 3643 2247 3732; baseline 0.016 -37"><span class='ocrx_word' id='word_1_371' title='bbox 667 3643 870 3710; x_wconf 90' lang='lat' dir='ltr'><strong>pientia</strong></span> <span class='ocrx_word' id='word_1_372' title='bbox 902 3646 1045 3701; x_wconf 92' lang='lat' dir='ltr'><strong>enim</strong></span> <span class='ocrx_word' id='word_1_373' title='bbox 1076 3660 1160 3704; x_wconf 89' lang='lat' dir='ltr'><strong>est</strong></span> <span class='ocrx_word' id='word_1_374' title='bbox 1186 3666 1271 3706; x_wconf 90' lang='lat' dir='ltr'><strong>res</strong></span> <span class='ocrx_word' id='word_1_375' title='bbox 1304 3668 1423 3723; x_wconf 71' lang='lat' dir='ltr'><strong>quae</strong></span> <span class='ocrx_word' id='word_1_376' title='bbox 1452 3671 1641 3726; x_wconf 88' lang='lat' dir='ltr'><strong>sapere</strong></span> <span class='ocrx_word' id='word_1_377' title='bbox 1667 3660 1823 3727; x_wconf 84' lang='lat' dir='ltr'><strong>facit;</strong></span> <span class='ocrx_word' id='word_1_378' title='bbox 1877 3664 2093 3732; x_wconf 89' lang='lat' dir='ltr'><strong>sapiens</strong></span> <span class='ocrx_word' id='word_1_379' title='bbox 2121 3681 2247 3721; x_wconf 81' lang='lat' dir='ltr'><strong>vero</strong></span> 
     </span>
    </p>
   </div>
   <div class='ocr_carea' id='block_1_54' title="bbox 666 3737 2247 3825">
    <p class='ocr_par' dir='ltr' id='par_1_54' title="bbox 666 3737 2247 3825">
     <span class='ocr_line' id='line_1_55' title="bbox 666 3737 2247 3825; baseline 0.015 -37"><span class='ocrx_word' id='word_1_380' title='bbox 666 3737 758 3804; x_wconf 90' lang='lat' dir='ltr'><strong>qui</strong></span> <span class='ocrx_word' id='word_1_381' title='bbox 799 3751 912 3791; x_wconf 91' lang='lat' dir='ltr'><strong>rem</strong></span> <span class='ocrx_word' id='word_1_382' title='bbox 943 3754 1063 3809; x_wconf 73' lang='lat' dir='ltr'><strong>quae</strong></span> <span class='ocrx_word' id='word_1_383' title='bbox 1098 3756 1292 3812; x_wconf 88' lang='lat' dir='ltr'><strong>sapere</strong></span> <span class='ocrx_word' id='word_1_384' title='bbox 1324 3744 1475 3814; x_wconf 76' lang='lat' dir='ltr'><strong>facit,</strong></span> <span class='ocrx_word' id='word_1_385' title='bbox 1522 3749 1765 3819; x_wconf 86' lang='lat' dir='ltr'><strong>suscipit.</strong></span> <span class='ocrx_word' id='word_1_386' title='bbox 1813 3752 1870 3807; x_wconf 88' lang='lat' dir='ltr'><strong>Si</strong></span> <span class='ocrx_word' id='word_1_387' title='bbox 1910 3769 2040 3825; x_wconf 86' lang='lat' dir='ltr'><strong>ergo</strong></span> <span class='ocrx_word' id='word_1_388' title='bbox 2076 3755 2247 3812; x_wconf 86' lang='lat' dir='ltr'><strong>Filius</strong></span> 
     </span>
    </p>
   </div>
   <div class='ocr_carea' id='block_1_55' title="bbox 664 3828 2246 3917">
    <p class='ocr_par' dir='ltr' id='par_1_55' title="bbox 664 3828 2246 3917">
     <span class='ocr_line' id='line_1_56' title="bbox 664 3828 2246 3917; baseline 0.016 -36"><span class='ocrx_word' id='word_1_389' title='bbox 664 3828 904 3898; x_wconf 88' lang='lat' dir='ltr'><strong>seipsum</strong></span> <span class='ocrx_word' id='word_1_390' title='bbox 962 3834 1286 3898; x_wconf 84' lang='lat' dir='ltr'><strong>sapientiam</strong></span> <span class='ocrx_word' id='word_1_391' title='bbox 1338 3852 1462 3894; x_wconf 87' lang='lat' dir='ltr'><strong>esse</strong></span> <span class='ocrx_word' id='word_1_392' title='bbox 1511 3839 1664 3905; x_wconf 89' lang='lat' dir='ltr'><strong>dicit,</strong></span> <span class='ocrx_word' id='word_1_393' title='bbox 1718 3845 1985 3913; x_wconf 90' lang='lat' dir='ltr'><strong>quomodo</strong></span> <span class='ocrx_word' id='word_1_394' title='bbox 2031 3848 2246 3917; x_wconf 76' lang='lat' dir='ltr'><strong>sapiens</strong></span> 
     </span>
    </p>
   </div>
   <div class='ocr_carea' id='block_1_56' title="bbox 663 3918 2245 4008">
    <p class='ocr_par' dir='ltr' id='par_1_56' title="bbox 663 3918 2245 4008">
     <span class='ocr_line' id='line_1_57' title="bbox 663 3918 2245 4008; baseline 0.015 -35"><span class='ocrx_word' id='word_1_395' title='bbox 663 3918 889 3978; x_wconf 76' lang='lat' dir='ltr'><strong>ell&#39;ectus</strong></span> <span class='ocrx_word' id='word_1_396' title='bbox 932 3925 1053 3980; x_wconf 75' lang='lat' dir='ltr'><strong>est?</strong></span> <span class='ocrx_word' id='word_1_397' title='bbox 1110 3926 1244 3983; x_wconf 86' lang='lat' dir='ltr'><strong>Nam</strong></span> <span class='ocrx_word' id='word_1_398' title='bbox 1295 3928 1339 3983; x_wconf 89' lang='lat' dir='ltr'><strong>si</strong></span> <span class='ocrx_word' id='word_1_399' title='bbox 1388 3933 1610 3987; x_wconf 91' lang='lat' dir='ltr'><strong>omnino</strong></span> <span class='ocrx_word' id='word_1_400' title='bbox 1653 3934 1902 3989; x_wconf 89' lang='lat' dir='ltr'><strong>doctrina</strong></span> <span class='ocrx_word' id='word_1_401' title='bbox 1944 3936 2245 4008; x_wconf 80' lang='lat' dir='ltr'><strong>indigebat,</strong></span> 
     </span>
    </p>
   </div>
   <div class='ocr_carea' id='block_1_57' title="bbox 664 4015 2243 4089">
    <p class='ocr_par' dir='ltr' id='par_1_57' title="bbox 664 4015 2243 4089">
     <span class='ocr_line' id='line_1_58' title="bbox 664 4015 2243 4089; baseline 0.015 -26"><span class='ocrx_word' id='word_1_402' title='bbox 664 4025 771 4064; x_wconf 90' lang='lat' dir='ltr'><strong>non</strong></span> <span class='ocrx_word' id='word_1_403' title='bbox 795 4022 915 4068; x_wconf 90' lang='lat' dir='ltr'><strong>erat</strong></span> <span class='ocrx_word' id='word_1_404' title='bbox 941 4015 1229 4084; x_wconf 87' lang='lat' dir='ltr'><strong>sapientia.</strong></span> <span class='ocrx_word' id='word_1_405' title='bbox 1262 4018 1327 4073; x_wconf 85' lang='lat' dir='ltr'><strong>Et</strong></span> <span class='ocrx_word' id='word_1_406' title='bbox 1349 4020 1394 4074; x_wconf 92' lang='lat' dir='ltr'><strong>si</strong></span> <span class='ocrx_word' id='word_1_407' title='bbox 1419 4022 1683 4089; x_wconf 87' lang='lat' dir='ltr'><strong>sapientia</strong></span> <span class='ocrx_word' id='word_1_408' title='bbox 1712 4025 2063 4081; x_wconf 87' lang='lat' dir='ltr'><strong>accidentalis</strong></span> <span class='ocrx_word' id='word_1_409' title='bbox 2092 4029 2145 4084; x_wconf 90' lang='lat' dir='ltr'><strong>in</strong></span> <span class='ocrx_word' id='word_1_410' title='bbox 2177 4045 2243 4085; x_wconf 90' lang='lat' dir='ltr'><strong>eo</strong></span> 
     </span>
    </p>
   </div>
   <div class='ocr_carea' id='block_1_58' title="bbox 662 4108 2240 4189">
    <p class='ocr_par' dir='ltr' id='par_1_58' title="bbox 662 4108 2240 4189">
     <span class='ocr_line' id='line_1_59' title="bbox 662 4108 2240 4189; baseline 0.013 -33"><span class='ocrx_word' id='word_1_411' title='bbox 662 4114 765 4168; x_wconf 86' lang='lat' dir='ltr'><strong>est,</strong></span> <span class='ocrx_word' id='word_1_412' title='bbox 801 4108 1003 4173; x_wconf 85' lang='lat' dir='ltr'><strong>poterit</strong></span> <span class='ocrx_word' id='word_1_413' title='bbox 1044 4108 1335 4178; x_wconf 88' lang='lat' dir='ltr'><strong>aliquando</strong></span> <span class='ocrx_word' id='word_1_414' title='bbox 1367 4113 1492 4168; x_wconf 88' lang='lat' dir='ltr'><strong>talis</strong></span> <span class='ocrx_word' id='word_1_415' title='bbox 1528 4130 1632 4168; x_wconf 92' lang='lat' dir='ltr'><strong>non</strong></span> <span class='ocrx_word' id='word_1_416' title='bbox 1665 4131 1810 4179; x_wconf 83' lang='lat' dir='ltr'><strong>esse,</strong></span> <span class='ocrx_word' id='word_1_417' title='bbox 1854 4132 1977 4172; x_wconf 91' lang='lat' dir='ltr'><strong>cum</strong></span> <span class='ocrx_word' id='word_1_418' title='bbox 2015 4119 2068 4174; x_wconf 89' lang='lat' dir='ltr'><strong>id</strong></span> <span class='ocrx_word' id='word_1_419' title='bbox 2099 4123 2240 4189; x_wconf 92' lang='lat' dir='ltr'><strong>quod</strong></span> 
     </span>
    </p>
   </div>
   <div class='ocr_carea' id='block_1_59' title="bbox 663 4195 2242 4282">
    <p class='ocr_par' dir='ltr' id='par_1_59' title="bbox 663 4195 2242 4282">
     <span class='ocr_line' id='line_1_60' title="bbox 663 4195 2242 4282; baseline 0.013 -34"><span class='ocrx_word' id='word_1_420' title='bbox 663 4195 861 4249; x_wconf 91' lang='lat' dir='ltr'><strong>accidit</strong></span> <span class='ocrx_word' id='word_1_421' title='bbox 897 4198 1069 4266; x_wconf 90' lang='lat' dir='ltr'><strong>possit</strong></span> <span class='ocrx_word' id='word_1_422' title='bbox 1117 4200 1282 4254; x_wconf 89' lang='lat' dir='ltr'><strong>etiam</strong></span> <span class='ocrx_word' id='word_1_423' title='bbox 1323 4217 1428 4256; x_wconf 93' lang='lat' dir='ltr'><strong>non</strong></span> <span class='ocrx_word' id='word_1_424' title='bbox 1457 4205 1721 4260; x_wconf 86' lang='lat' dir='ltr'><strong>accidere.</strong></span> <span class='ocrx_word' id='word_1_425' title='bbox 1758 4207 2022 4273; x_wconf 86' lang='lat' dir='ltr'><strong>Quidnam</strong></span> <span class='ocrx_word' id='word_1_426' title='bbox 2076 4211 2242 4282; x_wconf 80' lang='lat' dir='ltr'><strong>igitur</strong></span> 
     </span>
    </p>
   </div>
   <div class='ocr_carea' id='block_1_60' title="bbox 660 4288 2241 4374">
    <p class='ocr_par' dir='ltr' id='par_1_60' title="bbox 660 4288 2241 4374">
     <span class='ocr_line' id='line_1_61' title="bbox 660 4288 2241 4374; baseline 0.015 -38"><span class='ocrx_word' id='word_1_427' title='bbox 660 4294 780 4337; x_wconf 84' lang='lat' dir='ltr'><strong>erat</strong></span> <span class='ocrx_word' id='word_1_428' title='bbox 804 4294 930 4341; x_wconf 90' lang='lat' dir='ltr'><strong>ante</strong></span> <span class='ocrx_word' id='word_1_429' title='bbox 953 4288 1093 4343; x_wconf 87' lang='lat' dir='ltr'><strong>hoc?</strong></span> <span class='ocrx_word' id='word_1_430' title='bbox 1118 4290 1384 4359; x_wconf 89' lang='lat' dir='ltr'><strong>sapientia</strong></span> <span class='ocrx_word' id='word_1_431' title='bbox 1411 4295 1554 4348; x_wconf 90' lang='lat' dir='ltr'><strong>enim</strong></span> <span class='ocrx_word' id='word_1_432' title='bbox 1585 4311 1689 4352; x_wconf 90' lang='lat' dir='ltr'><strong>non</strong></span> <span class='ocrx_word' id='word_1_433' title='bbox 1716 4308 1853 4363; x_wconf 89' lang='lat' dir='ltr'><strong>erat,</strong></span> <span class='ocrx_word' id='word_1_434' title='bbox 1882 4315 2003 4354; x_wconf 79' lang='lat' dir='ltr'><strong>cum</strong></span> <span class='ocrx_word' id='word_1_435' title='bbox 2026 4305 2241 4374; x_wconf 87' lang='lat' dir='ltr'><strong>sapien-</strong></span> 
     </span>
    </p>
   </div>
   <div class='ocr_carea' id='block_1_61' title="bbox 663 4373 2237 4456">
    <p class='ocr_par' dir='ltr' id='par_1_61' title="bbox 663 4373 2237 4456">
     <span class='ocr_line' id='line_1_62' title="bbox 663 4373 2237 4456; baseline 0.017 -30"><span class='ocrx_word' id='word_1_436' title='bbox 663 4373 738 4427; x_wconf 87' lang='lat' dir='ltr'><strong>tia</strong></span> <span class='ocrx_word' id='word_1_437' title='bbox 765 4374 1051 4446; x_wconf 90' lang='lat' dir='ltr'><strong>indigeret.</strong></span> <span class='ocrx_word' id='word_1_438' title='bbox 1085 4379 1152 4434; x_wconf 83' lang='lat' dir='ltr'><strong>At</strong></span> <span class='ocrx_word' id='word_1_439' title='bbox 1192 4396 1407 4452; x_wconf 86' lang='lat' dir='ltr'><strong>semper</strong></span> <span class='ocrx_word' id='word_1_440' title='bbox 1436 4383 1536 4439; x_wconf 82' lang='lat' dir='ltr'><strong>fuit</strong></span> <span class='ocrx_word' id='word_1_441' title='bbox 1577 4388 1838 4456; x_wconf 89' lang='lat' dir='ltr'><strong>sapientia</strong></span> <span class='ocrx_word' id='word_1_442' title='bbox 1880 4373 2237 4451; x_wconf 41' lang='lat' dir='ltr'><strong>Filinsflloc</strong></span> 
     </span>
    </p>
   </div>
   <div class='ocr_carea' id='block_1_62' title="bbox 660 4466 2237 4546">
    <p class='ocr_par' dir='ltr' id='par_1_62' title="bbox 660 4466 2237 4546">
     <span class='ocr_line' id='line_1_63' title="bbox 660 4466 2237 4546; baseline 0.014 -28"><span class='ocrx_word' id='word_1_443' title='bbox 660 4466 806 4520; x_wconf 82' lang='lat' dir='ltr'><strong>enim</strong></span> <span class='ocrx_word' id='word_1_444' title='bbox 848 4482 1003 4523; x_wconf 87' lang='lat' dir='ltr'><strong>sacra</strong></span> <span class='ocrx_word' id='word_1_445' title='bbox 1041 4469 1321 4542; x_wconf 90' lang='lat' dir='ltr'><strong>Scriptura</strong></span> <span class='ocrx_word' id='word_1_446' title='bbox 1347 4473 1413 4529; x_wconf 91' lang='lat' dir='ltr'><strong>de</strong></span> <span class='ocrx_word' id='word_1_447' title='bbox 1446 4475 1560 4545; x_wconf 88' lang='lat' dir='ltr'><strong>ipso</strong></span> <span class='ocrx_word' id='word_1_448' title='bbox 1587 4479 1858 4546; x_wconf 63' lang='lat' dir='ltr'><strong>praedicat.</strong></span> <span class='ocrx_word' id='word_1_449' title='bbox 1891 4483 2100 4539; x_wconf 85' lang='lat' dir='ltr'><strong>Vanum</strong></span> <span class='ocrx_word' id='word_1_450' title='bbox 2135 4487 2237 4540; x_wconf 89' lang='lat' dir='ltr'><strong>ita-</strong></span> 
     </span>
    </p>
   </div>
   <div class='ocr_carea' id='block_1_63' title="bbox 660 4560 2230 4643">
    <p class='ocr_par' dir='ltr' id='par_1_63' title="bbox 660 4560 2230 4643">
     <span class='ocr_line' id='line_1_64' title="bbox 660 4560 2230 4643; baseline 0.013 -32"><span class='ocrx_word' id='word_1_451' title='bbox 660 4573 767 4627; x_wconf 89' lang='lat' dir='ltr'><strong>que</strong></span> <span class='ocrx_word' id='word_1_452' title='bbox 798 4569 853 4615; x_wconf 86' lang='lat' dir='ltr'><strong>et</strong></span> <span class='ocrx_word' id='word_1_453' title='bbox 880 4560 1171 4619; x_wconf 85' lang='lat' dir='ltr'><strong>absurdum</strong></span> <span class='ocrx_word' id='word_1_454' title='bbox 1205 4574 1291 4621; x_wconf 78' lang='lat' dir='ltr'><strong>est</strong></span> <span class='ocrx_word' id='word_1_455' title='bbox 1326 4565 1527 4636; x_wconf 90' lang='lat' dir='ltr'><strong>dicere,</strong></span> <span class='ocrx_word' id='word_1_456' title='bbox 1573 4568 1711 4628; x_wconf 80' lang='lat' dir='ltr'><strong>Filio</strong></span> <span class='ocrx_word' id='word_1_457' title='bbox 1742 4572 1946 4643; x_wconf 87' lang='lat' dir='ltr'><strong>aliquid</strong></span> <span class='ocrx_word' id='word_1_458' title='bbox 1980 4575 2230 4633; x_wconf 88' lang='lat' dir='ltr'><strong>doctrina</strong></span> 
     </span>
    </p>
   </div>
   <div class='ocr_carea' id='block_1_64' title="bbox 659 4651 941 4709">
    <p class='ocr_par' dir='ltr' id='par_1_64' title="bbox 659 4651 941 4709">
     <span class='ocr_line' id='line_1_65' title="bbox 659 4651 941 4709; baseline 0.018 -4"><span class='ocrx_word' id='word_1_459' title='bbox 659 4651 941 4709; x_wconf 88' lang='lat' dir='ltr'><strong>accidisse.</strong></span> 
     </span>
    </p>
   </div>
   <div class='ocr_carea' id='block_1_65' title="bbox 1326 4774 1552 4833">
    <p class='ocr_par' dir='ltr' id='par_1_65' title="bbox 1326 4774 1552 4833">
     <span class='ocr_line' id='line_1_66' title="bbox 1326 4774 1552 4833; baseline 0.013 -3"><span class='ocrx_word' id='word_1_460' title='bbox 1326 4774 1552 4833; x_wconf 82' lang='lat' dir='ltr'><strong>ALIUD.</strong></span> 
     </span>
    </p>
   </div>
   <div class='ocr_carea' id='block_1_66' title="bbox 728 4876 2224 4962">
    <p class='ocr_par' dir='ltr' id='par_1_66' title="bbox 728 4876 2224 4962">
     <span class='ocr_line' id='line_1_67' title="bbox 728 4876 2224 4962; baseline 0.011 -29"><span class='ocrx_word' id='word_1_461' title='bbox 728 4876 788 4934; x_wconf 71' lang='lat' dir='ltr'><strong>Si</strong></span> <span class='ocrx_word' id='word_1_462' title='bbox 813 4877 1040 4937; x_wconf 77' lang='lat' dir='ltr'><strong>facultas</strong></span> <span class='ocrx_word' id='word_1_463' title='bbox 1065 4883 1286 4942; x_wconf 90' lang='lat' dir='ltr'><strong>creandi</strong></span> <span class='ocrx_word' id='word_1_464' title='bbox 1318 4885 1457 4945; x_wconf 85' lang='lat' dir='ltr'><strong>Filio</strong></span> <span class='ocrx_word' id='word_1_465' title='bbox 1498 4904 1596 4959; x_wconf 90' lang='lat' dir='ltr'><strong>per</strong></span> <span class='ocrx_word' id='word_1_466' title='bbox 1622 4890 1926 4949; x_wconf 83' lang='lat' dir='ltr'><strong>doctrinam</strong></span> <span class='ocrx_word' id='word_1_467' title='bbox 1973 4896 2224 4962; x_wconf 90' lang='lat' dir='ltr'><strong>accessit,</strong></span> 
     </span>
    </p>
   </div>
   <div class='ocr_carea' id='block_1_67' title="bbox 624 4971 2226 5049">
    <p class='ocr_par' dir='ltr' id='par_1_67' title="bbox 624 4971 2226 5049">
     <span class='ocr_line' id='line_1_68' title="bbox 624 4971 2226 5049; baseline 0.013 -28"><span class='ocrx_word' id='word_1_468' title='bbox 624 4980 818 5049; x_wconf 46' lang='lat' dir='ltr'><strong>‘atque</strong></span> <span class='ocrx_word' id='word_1_469' title='bbox 865 4971 938 5027; x_wconf 89' lang='lat' dir='ltr'><strong>ita</strong></span> <span class='ocrx_word' id='word_1_470' title='bbox 969 4972 1141 5030; x_wconf 87' lang='lat' dir='ltr'><strong>factus</strong></span> <span class='ocrx_word' id='word_1_471' title='bbox 1160 4986 1242 5033; x_wconf 89' lang='lat' dir='ltr'><strong>est</strong></span> <span class='ocrx_word' id='word_1_472' title='bbox 1257 4989 1472 5035; x_wconf 89' lang='lat' dir='ltr'><strong>creator</strong></span> <span class='ocrx_word' id='word_1_473' title='bbox 1497 4982 1687 5049; x_wconf 84' lang='lat' dir='ltr'><strong>Filius,</strong></span> <span class='ocrx_word' id='word_1_474' title='bbox 1716 4984 1929 5042; x_wconf 81' lang='lat' dir='ltr'><strong>invidiae</strong></span> <span class='ocrx_word' id='word_1_475' title='bbox 1958 4987 2089 5043; x_wconf 81' lang='lat' dir='ltr'><strong>vitio</strong></span> <span class='ocrx_word' id='word_1_476' title='bbox 2123 4987 2226 5042; x_wconf 72' lang='lat' dir='ltr'><strong>Pa~</strong></span> 
     </span>
    </p>
   </div>
   <div class='ocr_carea' id='block_1_68' title="bbox 2355 2222 3947 2303">
    <p class='ocr_par' dir='ltr' id='par_1_68' title="bbox 2355 2222 3947 2303">
     <span class='ocr_line' id='line_1_69' title="bbox 2355 2222 3947 2303; baseline 0.01 -31"><span class='ocrx_word' id='word_1_477' title='bbox 2355 2222 2440 2273; x_wconf 76' lang='grc' dir='ltr'><strong>ἐπ’</strong></span> <span class='ocrx_word' id='word_1_478' title='bbox 2468 2223 2633 2275; x_wconf 82' lang='grc' dir='ltr'>αὐτοῦ</span> <span class='ocrx_word' id='word_1_479' title='bbox 2671 2224 2845 2279; x_wconf 77' lang='grc' dir='ltr'>ταῦτα</span> <span class='ocrx_word' id='word_1_480' title='bbox 2873 2226 3052 2295; x_wconf 65' lang='grc' dir='ltr'>λέγον</span> <span class='ocrx_word' id='word_1_481' title='bbox 3103 2228 3242 2284; x_wconf 80' lang='grc' dir='ltr'><strong>Ἀλλ’</strong></span> <span class='ocrx_word' id='word_1_482' title='bbox 3267 2232 3429 2300; x_wconf 73' lang='grc' dir='ltr'>ἐρεῖς,</span> <span class='ocrx_word' id='word_1_483' title='bbox 3456 2233 3547 2286; x_wconf 85' lang='grc' dir='ltr'>ὅτι</span> <span class='ocrx_word' id='word_1_484' title='bbox 3588 2232 3773 2302; x_wconf 80' lang='grc' dir='ltr'>φύσει</span> <span class='ocrx_word' id='word_1_485' title='bbox 3807 2236 3901 2303; x_wconf 77' lang='grc' dir='ltr'>μὲν</span> <span class='ocrx_word' id='word_1_486' title='bbox 3927 2241 3947 2288; x_wconf 71' lang='grc' dir='ltr'>ὁ</span> 
     </span>
    </p>
   </div>
   <div class='ocr_carea' id='block_1_69' title="bbox 2354 2310 3948 2385">
    <p class='ocr_par' dir='ltr' id='par_1_69' title="bbox 2354 2310 3948 2385">
     <span class='ocr_line' id='line_1_70' title="bbox 2354 2310 3948 2385; baseline 0.007 -22"><span class='ocrx_word' id='word_1_487' title='bbox 2354 2310 2563 2382; x_wconf 83' lang='grc' dir='ltr'>Πατὴρ,</span> <span class='ocrx_word' id='word_1_488' title='bbox 2592 2313 2835 2379; x_wconf 83' lang='grc' dir='ltr'>διδακτὸς</span> <span class='ocrx_word' id='word_1_489' title='bbox 2880 2315 2937 2369; x_wconf 84' lang='grc' dir='ltr'>δὲ</span> <span class='ocrx_word' id='word_1_490' title='bbox 2987 2317 3188 2380; x_wconf 85' lang='grc' dir='ltr'>όΥίός.</span> <span class='ocrx_word' id='word_1_491' title='bbox 3237 2318 3484 2385; x_wconf 78' lang='grc' dir='ltr'><strong>Ἔξεστιν</strong></span> <span class='ocrx_word' id='word_1_492' title='bbox 3534 2316 3643 2375; x_wconf 76' lang='grc' dir='ltr'><strong>οὖν</strong></span> <span class='ocrx_word' id='word_1_493' title='bbox 3694 2321 3948 2383; x_wconf 65' lang='grc' dir='ltr'>διδακτῄ</span> 
     </span>
    </p>
   </div>
   <div class='ocr_carea' id='block_1_70' title="bbox 2355 2402 3945 2480">
    <p class='ocr_par' dir='ltr' id='par_1_70' title="bbox 2355 2402 3945 2480">
     <span class='ocr_line' id='line_1_71' title="bbox 2355 2402 3945 2480; baseline 0.006 -25"><span class='ocrx_word' id='word_1_494' title='bbox 2355 2402 2658 2472; x_wconf 78' lang='grc' dir='ltr'>κτήσασθαί</span> <span class='ocrx_word' id='word_1_495' title='bbox 2691 2420 2811 2458; x_wconf 90' lang='grc' dir='ltr'>τινα</span> <span class='ocrx_word' id='word_1_496' title='bbox 2840 2404 2937 2476; x_wconf 77' lang='grc' dir='ltr'><strong>τὴν</strong></span> <span class='ocrx_word' id='word_1_497' title='bbox 2961 2408 3197 2477; x_wconf 86' lang='grc' dir='ltr'>φυσικὴν</span> <span class='ocrx_word' id='word_1_498' title='bbox 3227 2409 3507 2480; x_wconf 74' lang='grc' dir='ltr'>ἐνέργειαν</span> <span class='ocrx_word' id='word_1_499' title='bbox 3534 2410 3641 2464; x_wconf 78' lang='grc' dir='ltr'>τοῦ</span> <span class='ocrx_word' id='word_1_500' title='bbox 3673 2412 3847 2475; x_wconf 76' lang='grc' dir='ltr'>Θεοῦ,</span> <span class='ocrx_word' id='word_1_501' title='bbox 3872 2416 3945 2464; x_wconf 71' lang='grc' dir='ltr'><strong>καὶ</strong></span> 
     </span>
    </p>
   </div>
   <div class='ocr_carea' id='block_1_71' title="bbox 2356 2492 3945 2573">
    <p class='ocr_par' dir='ltr' id='par_1_71' title="bbox 2356 2492 3945 2573">
     <span class='ocr_line' id='line_1_72' title="bbox 2356 2492 3945 2573; baseline 0.005 -28"><span class='ocrx_word' id='word_1_502' title='bbox 2356 2492 2597 2562; x_wconf 83' lang='grc' dir='ltr'>μαθόντα</span> <span class='ocrx_word' id='word_1_503' title='bbox 2616 2494 2823 2558; x_wconf 74' lang='grc' dir='ltr'>κτίζειν</span> <span class='ocrx_word' id='word_1_504' title='bbox 2848 2496 3099 2565; x_wconf 83' lang='grc' dir='ltr'>γενέσθαι</span> <span class='ocrx_word' id='word_1_505' title='bbox 3124 2498 3283 2553; x_wconf 79' lang='grc' dir='ltr'>τοῦτο</span> <span class='ocrx_word' id='word_1_506' title='bbox 3303 2502 3438 2572; x_wconf 81' lang='grc' dir='ltr'>ὅπερ</span> <span class='ocrx_word' id='word_1_507' title='bbox 3464 2502 3594 2555; x_wconf 74' lang='grc' dir='ltr'>ἐστὶ</span> <span class='ocrx_word' id='word_1_508' title='bbox 3622 2504 3782 2557; x_wconf 67' lang='grc' dir='ltr'>κατὰ</span> <span class='ocrx_word' id='word_1_509' title='bbox 3804 2506 3945 2573; x_wconf 63' lang='grc' dir='ltr'>φύσιν</span> 
     </span>
    </p>
   </div>
   <div class='ocr_carea' id='block_1_72' title="bbox 2353 2583 3939 2666">
    <p class='ocr_par' dir='ltr' id='par_1_72' title="bbox 2353 2583 3939 2666">
     <span class='ocr_line' id='line_1_73' title="bbox 2353 2583 3939 2666; baseline 0.008 -29"><span class='ocrx_word' id='word_1_510' title='bbox 2353 2585 2535 2649; x_wconf 82' lang='grc' dir='ltr'>αὑτός.</span> <span class='ocrx_word' id='word_1_511' title='bbox 2560 2584 2730 2641; x_wconf 82' lang='grc' dir='ltr'>Οὐδὲν</span> <span class='ocrx_word' id='word_1_512' title='bbox 2749 2583 2842 2642; x_wconf 80' lang='grc' dir='ltr'><strong>οὖν</strong></span> <span class='ocrx_word' id='word_1_513' title='bbox 2865 2589 2975 2661; x_wconf 77' lang='grc' dir='ltr'>ἄρα</span> <span class='ocrx_word' id='word_1_514' title='bbox 2999 2590 3060 2644; x_wconf 82' lang='grc' dir='ltr'>τὸ</span> <span class='ocrx_word' id='word_1_515' title='bbox 3082 2592 3283 2662; x_wconf 73' lang='grc' dir='ltr'>μεταξὺ</span> <span class='ocrx_word' id='word_1_516' title='bbox 3312 2593 3446 2647; x_wconf 88' lang='grc' dir='ltr'><strong>Θεοῦ</strong></span> <span class='ocrx_word' id='word_1_517' title='bbox 3472 2596 3573 2648; x_wconf 77' lang='grc' dir='ltr'>καὶ</span> <span class='ocrx_word' id='word_1_518' title='bbox 3605 2598 3939 2666; x_wconf 73' lang='grc' dir='ltr'><strong>κτισμάτων,</strong></span> 
     </span>
    </p>
   </div>
   <div class='ocr_carea' id='block_1_73' title="bbox 2353 2675 3938 2758">
    <p class='ocr_par' dir='ltr' id='par_1_73' title="bbox 2353 2675 3938 2758">
     <span class='ocr_line' id='line_1_74' title="bbox 2353 2675 3938 2758; baseline 0.006 -31"><span class='ocrx_word' id='word_1_519' title='bbox 2353 2676 2401 2727; x_wconf 85' lang='grc' dir='ltr'><strong>εί</strong></span> <span class='ocrx_word' id='word_1_520' title='bbox 2432 2675 2510 2747; x_wconf 80' lang='grc' dir='ltr'>μὴ</span> <span class='ocrx_word' id='word_1_521' title='bbox 2540 2676 2739 2745; x_wconf 85' lang='grc' dir='ltr'>γνῶσις</span> <span class='ocrx_word' id='word_1_522' title='bbox 2776 2681 3025 2753; x_wconf 82' lang='grc' dir='ltr'>περιττὴ,</span> <span class='ocrx_word' id='word_1_523' title='bbox 3058 2682 3155 2737; x_wconf 77' lang='grc' dir='ltr'><strong>καὶ</strong></span> <span class='ocrx_word' id='word_1_524' title='bbox 3188 2684 3346 2753; x_wconf 89' lang='grc' dir='ltr'>φύσει</span> <span class='ocrx_word' id='word_1_525' title='bbox 3377 2686 3477 2755; x_wconf 86' lang='grc' dir='ltr'>μὲν</span> <span class='ocrx_word' id='word_1_526' title='bbox 3512 2688 3670 2758; x_wconf 82' lang='grc' dir='ltr'>πρὸς</span> <span class='ocrx_word' id='word_1_527' title='bbox 3701 2690 3868 2741; x_wconf 71' lang='grc' dir='ltr'>αὐτὸν</span> <span class='ocrx_word' id='word_1_528' title='bbox 3894 2691 3938 2738; x_wconf 62' lang='lat' dir='ltr'><strong>ob</strong></span> 
     </span>
    </p>
   </div>
   <div class='ocr_carea' id='block_1_74' title="bbox 2351 2765 3939 2851">
    <p class='ocr_par' dir='ltr' id='par_1_74' title="bbox 2351 2765 3939 2851">
     <span class='ocr_line' id='line_1_75' title="bbox 2351 2765 3939 2851; baseline 0.01 -33"><span class='ocrx_word' id='word_1_529' title='bbox 2351 2765 2680 2840; x_wconf 84' lang='grc' dir='ltr'>διῃρήμεθα,</span> <span class='ocrx_word' id='word_1_530' title='bbox 2718 2770 2855 2844; x_wconf 79' lang='grc' dir='ltr'>μόνῃ</span> <span class='ocrx_word' id='word_1_531' title='bbox 2880 2771 2940 2825; x_wconf 78' lang='grc' dir='ltr'>δὲ</span> <span class='ocrx_word' id='word_1_532' title='bbox 2971 2775 3039 2844; x_wconf 78' lang='grc' dir='ltr'>τῇ</span> <span class='ocrx_word' id='word_1_533' title='bbox 3073 2773 3272 2842; x_wconf 83' lang='grc' dir='ltr'>γνώσει</span> <span class='ocrx_word' id='word_1_534' title='bbox 3301 2775 3619 2847; x_wconf 80' lang='grc' dir='ltr'>λειπόμεθα</span> <span class='ocrx_word' id='word_1_535' title='bbox 3638 2796 3655 2810; x_wconf 86' lang='grc'><strong>·</strong></span> <span class='ocrx_word' id='word_1_536' title='bbox 3686 2775 3762 2850; x_wconf 75' lang='grc' dir='ltr'>ἧς</span> <span class='ocrx_word' id='word_1_537' title='bbox 3796 2797 3939 2851; x_wconf 69' lang='grc' dir='ltr'><strong>προσ⁴</strong></span> 
     </span>
    </p>
   </div>
   <div class='ocr_carea' id='block_1_75' title="bbox 2351 2859 3937 2937">
    <p class='ocr_par' dir='ltr' id='par_1_75' title="bbox 2351 2859 3937 2937">
     <span class='ocr_line' id='line_1_76' title="bbox 2351 2859 3937 2937; baseline 0.008 -27"><span class='ocrx_word' id='word_1_538' title='bbox 2351 2859 2622 2929; x_wconf 78' lang='grc' dir='ltr'>τεθείσης,</span> <span class='ocrx_word' id='word_1_539' title='bbox 2659 2862 2897 2933; x_wconf 78' lang='grc' dir='ltr'>ἐσόμεθα</span> <span class='ocrx_word' id='word_1_540' title='bbox 2926 2865 3127 2930; x_wconf 82' lang='grc' dir='ltr'>πάντες</span> <span class='ocrx_word' id='word_1_541' title='bbox 3169 2866 3311 2921; x_wconf 83' lang='grc' dir='ltr'>κατὰ</span> <span class='ocrx_word' id='word_1_542' title='bbox 3340 2868 3500 2937; x_wconf 88' lang='grc' dir='ltr'>φύσιν</span> <span class='ocrx_word' id='word_1_543' title='bbox 3528 2868 3685 2925; x_wconf 82' lang='grc' dir='ltr'>θεοί.</span> <span class='ocrx_word' id='word_1_544' title='bbox 3712 2871 3839 2934; x_wconf 81' lang='grc' dir='ltr'><strong>Πῶς</strong></span> <span class='ocrx_word' id='word_1_545' title='bbox 3864 2870 3937 2923; x_wconf 62' lang='grc' dir='ltr'>οὖν</span> 
     </span>
    </p>
   </div>
   <div class='ocr_carea' id='block_1_76' title="bbox 2352 2946 3935 3032">
    <p class='ocr_par' dir='ltr' id='par_1_76' title="bbox 2352 2946 3935 3032">
     <span class='ocr_line' id='line_1_77' title="bbox 2352 2946 3935 3032; baseline 0.008 -30"><span class='ocrx_word' id='word_1_546' title='bbox 2352 2946 2431 3015; x_wconf 78' lang='grc' dir='ltr'>εἷς</span> <span class='ocrx_word' id='word_1_547' title='bbox 2463 2953 2615 3017; x_wconf 82' lang='grc' dir='ltr'>Θεὸς,</span> <span class='ocrx_word' id='word_1_548' title='bbox 2649 2954 2697 3007; x_wconf 84' lang='grc' dir='ltr'><strong>εί</strong></span> <span class='ocrx_word' id='word_1_549' title='bbox 2747 2955 2805 3007; x_wconf 81' lang='grc' dir='ltr'>ὲν</span> <span class='ocrx_word' id='word_1_550' title='bbox 2853 2956 3001 3028; x_wconf 85' lang='grc' dir='ltr'>μόνῳ</span> <span class='ocrx_word' id='word_1_551' title='bbox 3037 2958 3117 3029; x_wconf 83' lang='grc' dir='ltr'>τῷ</span> <span class='ocrx_word' id='word_1_552' title='bbox 3165 2958 3356 3031; x_wconf 81' lang='grc' dir='ltr'>μαθεῖν</span> <span class='ocrx_word' id='word_1_553' title='bbox 3386 2964 3572 3014; x_wconf 81' lang='grc' dir='ltr'>κεῖται</span> <span class='ocrx_word' id='word_1_554' title='bbox 3598 2963 3673 3017; x_wconf 74' lang='grc' dir='ltr'>τὸ</span> <span class='ocrx_word' id='word_1_555' title='bbox 3702 2964 3935 3032; x_wconf 64' lang='grc' dir='ltr'>γενέσθαι</span> 
     </span>
    </p>
   </div>
   <div class='ocr_carea' id='block_1_77' title="bbox 2351 3044 3935 3126">
    <p class='ocr_par' dir='ltr' id='par_1_77' title="bbox 2351 3044 3935 3126">
     <span class='ocr_line' id='line_1_78' title="bbox 2351 3044 3935 3126; baseline 0.006 -30"><span class='ocrx_word' id='word_1_556' title='bbox 2351 3044 2537 3110; x_wconf 87' lang='grc' dir='ltr'>θεούς;</span> <span class='ocrx_word' id='word_1_557' title='bbox 2570 3047 2633 3099; x_wconf 80' lang='lat' dir='ltr'><strong>El</strong></span> <span class='ocrx_word' id='word_1_558' title='bbox 2661 3046 2718 3099; x_wconf 81' lang='grc' dir='ltr'>δὲ</span> <span class='ocrx_word' id='word_1_559' title='bbox 2747 3048 2914 3119; x_wconf 87' lang='grc' dir='ltr'>πολλή</span> <span class='ocrx_word' id='word_1_560' title='bbox 2944 3048 3028 3113; x_wconf 86' lang='grc' dir='ltr'><strong>τίς</strong></span> <span class='ocrx_word' id='word_1_561' title='bbox 3070 3051 3217 3105; x_wconf 80' lang='grc' dir='ltr'>ἐστιν</span> <span class='ocrx_word' id='word_1_562' title='bbox 3258 3055 3316 3106; x_wconf 75' lang='grc' dir='ltr'>ὲν</span> <span class='ocrx_word' id='word_1_563' title='bbox 3345 3053 3557 3118; x_wconf 86' lang='grc' dir='ltr'>τούτοις</span> <span class='ocrx_word' id='word_1_564' title='bbox 3587 3058 3629 3126; x_wconf 75' lang='grc' dir='ltr'><strong>ἡ</strong></span> <span class='ocrx_word' id='word_1_565' title='bbox 3664 3056 3781 3109; x_wconf 82' lang='grc' dir='ltr'>τῶν</span> <span class='ocrx_word' id='word_1_566' title='bbox 3811 3058 3935 3123; x_wconf 70' lang='grc' dir='ltr'>λογε-</span> 
     </span>
    </p>
   </div>
   <div class='ocr_carea' id='block_1_78' title="bbox 2353 3136 3935 3215">
    <p class='ocr_par' dir='ltr' id='par_1_78' title="bbox 2353 3136 3935 3215">
     <span class='ocr_line' id='line_1_79' title="bbox 2353 3136 3935 3215; baseline 0.008 -29"><span class='ocrx_word' id='word_1_567' title='bbox 2353 3136 2504 3204; x_wconf 83' lang='grc' dir='ltr'>σμῶν</span> <span class='ocrx_word' id='word_1_568' title='bbox 2551 3137 2767 3202; x_wconf 82' lang='grc' dir='ltr'>ἀτοπία,</span> <span class='ocrx_word' id='word_1_569' title='bbox 2797 3142 3042 3208; x_wconf 80' lang='grc' dir='ltr'>φυσικῶς</span> <span class='ocrx_word' id='word_1_570' title='bbox 3092 3142 3201 3215; x_wconf 78' lang='grc' dir='ltr'>ἄρα</span> <span class='ocrx_word' id='word_1_571' title='bbox 3248 3145 3584 3215; x_wconf 71' lang='grc' dir='ltr'>δημιουργὸς</span> <span class='ocrx_word' id='word_1_572' title='bbox 3637 3151 3671 3203; x_wconf 87' lang='lat'><strong>6</strong></span> <span class='ocrx_word' id='word_1_573' title='bbox 3714 3150 3860 3213; x_wconf 67' lang='grc' dir='ltr'>Υἱὸς,</span> <span class='ocrx_word' id='word_1_574' title='bbox 3888 3146 3935 3198; x_wconf 62' lang='grc' dir='ltr'>οὲ</span> 
     </span>
    </p>
   </div>
   <div class='ocr_carea' id='block_1_79' title="bbox 2350 3227 2986 3306">
    <p class='ocr_par' dir='ltr' id='par_1_79' title="bbox 2350 3227 2986 3306">
     <span class='ocr_line' id='line_1_80' title="bbox 2350 3227 2986 3306; baseline 0.013 -26"><span class='ocrx_word' id='word_1_575' title='bbox 2350 3227 2634 3295; x_wconf 84' lang='grc' dir='ltr'>διδακτῶς,</span> <span class='ocrx_word' id='word_1_576' title='bbox 2667 3231 2786 3285; x_wconf 78' lang='grc' dir='ltr'>καθ’</span> <span class='ocrx_word' id='word_1_577' title='bbox 2822 3234 2986 3306; x_wconf 84' lang='grc' dir='ltr'>ὑμᾶς.</span> 
     </span>
    </p>
   </div>
   <div class='ocr_carea' id='block_1_80' title="bbox 3034 3458 3239 3512">
    <p class='ocr_par' dir='ltr' id='par_1_80' title="bbox 3034 3458 3239 3512">
     <span class='ocr_line' id='line_1_81' title="bbox 3034 3458 3239 3512; baseline 0.01 -2"><span class='ocrx_word' id='word_1_578' title='bbox 3034 3458 3239 3512; x_wconf 80' lang='lat' dir='ltr'><strong>AAAO.</strong></span> 
     </span>
    </p>
   </div>
   <div class='ocr_carea' id='block_1_81' title="bbox 2417 3566 3929 3645">
    <p class='ocr_par' dir='ltr' id='par_1_81' title="bbox 2417 3566 3929 3645">
     <span class='ocr_line' id='line_1_82' title="bbox 2417 3566 3929 3645; baseline 0.004 -26"><span class='ocrx_word' id='word_1_579' title='bbox 2417 3566 2642 3639; x_wconf 83' lang='grc' dir='ltr'>’Έτερόν</span> <span class='ocrx_word' id='word_1_580' title='bbox 2671 3568 2724 3622; x_wconf 89' lang='grc' dir='ltr'><strong>τί</strong></span> <span class='ocrx_word' id='word_1_581' title='bbox 2750 3568 2865 3623; x_wconf 77' lang='grc' dir='ltr'>ἐστι</span> <span class='ocrx_word' id='word_1_582' title='bbox 2897 3569 3080 3638; x_wconf 84' lang='grc' dir='ltr'>σοφία,</span> <span class='ocrx_word' id='word_1_583' title='bbox 3108 3571 3202 3624; x_wconf 72' lang='grc' dir='ltr'><strong>καὶ</strong></span> <span class='ocrx_word' id='word_1_584' title='bbox 3228 3571 3413 3642; x_wconf 75' lang='grc' dir='ltr'>ἕτερον</span> <span class='ocrx_word' id='word_1_585' title='bbox 3449 3573 3479 3623; x_wconf 94' lang='lat'><strong>6</strong></span> <span class='ocrx_word' id='word_1_586' title='bbox 3527 3573 3711 3641; x_wconf 81' lang='grc' dir='ltr'>σοφός</span> <span class='ocrx_word' id='word_1_587' title='bbox 3735 3588 3753 3604; x_wconf 75' lang='grc' dir='ltr'><strong>ο</strong></span> <span class='ocrx_word' id='word_1_588' title='bbox 3788 3575 3821 3644; x_wconf 71' lang='grc' dir='ltr'><strong>ἡ</strong></span> <span class='ocrx_word' id='word_1_589' title='bbox 3854 3574 3929 3645; x_wconf 63' lang='grc' dir='ltr'>μὲν</span> 
     </span>
    </p>
   </div>
   <div class='ocr_carea' id='block_1_82' title="bbox 2347 3658 3931 3734">
    <p class='ocr_par' dir='ltr' id='par_1_82' title="bbox 2347 3658 3931 3734">
     <span class='ocr_line' id='line_1_83' title="bbox 2347 3658 3931 3734; baseline 0.004 -23"><span class='ocrx_word' id='word_1_590' title='bbox 2347 3658 2459 3729; x_wconf 83' lang='grc' dir='ltr'>γὰρ</span> <span class='ocrx_word' id='word_1_591' title='bbox 2492 3659 2655 3729; x_wconf 88' lang='grc' dir='ltr'>σοφία</span> <span class='ocrx_word' id='word_1_592' title='bbox 2698 3660 2828 3713; x_wconf 83' lang='grc' dir='ltr'>αὐτὸ</span> <span class='ocrx_word' id='word_1_593' title='bbox 2875 3660 2937 3713; x_wconf 80' lang='grc' dir='ltr'><strong>τὸ</strong></span> <span class='ocrx_word' id='word_1_594' title='bbox 2987 3663 3219 3732; x_wconf 84' lang='grc' dir='ltr'>πρᾶγμα</span> <span class='ocrx_word' id='word_1_595' title='bbox 3269 3661 3330 3717; x_wconf 80' lang='grc' dir='ltr'><strong>τὸ</strong></span> <span class='ocrx_word' id='word_1_596' title='bbox 3377 3662 3581 3734; x_wconf 66' lang='lat' dir='ltr'><strong>corpon</strong></span> <span class='ocrx_word' id='word_1_597' title='bbox 3614 3666 3807 3729; x_wconf 73' lang='grc' dir='ltr'>ἐστιν,</span> <span class='ocrx_word' id='word_1_598' title='bbox 3840 3667 3931 3719; x_wconf 66' lang='lat'><em>66&quot;:</em></span> 
     </span>
    </p>
   </div>
   <div class='ocr_carea' id='block_1_83' title="bbox 2350 3749 3933 3826">
    <p class='ocr_par' dir='ltr' id='par_1_83' title="bbox 2350 3749 3933 3826">
     <span class='ocr_line' id='line_1_84' title="bbox 2350 3749 3933 3826; baseline 0.005 -25"><span class='ocrx_word' id='word_1_599' title='bbox 2350 3749 2511 3819; x_wconf 75' lang='grc' dir='ltr'>σοφὸς</span> <span class='ocrx_word' id='word_1_600' title='bbox 2560 3752 2589 3805; x_wconf 88' lang='grc' dir='ltr'><strong>ό</strong></span> <span class='ocrx_word' id='word_1_601' title='bbox 2640 3751 2734 3805; x_wconf 81' lang='grc' dir='ltr'>τοῦ</span> <span class='ocrx_word' id='word_1_602' title='bbox 2771 3752 3061 3821; x_wconf 81' lang='grc' dir='ltr'>σοφοῦντος</span> <span class='ocrx_word' id='word_1_603' title='bbox 3093 3754 3361 3819; x_wconf 83' lang='grc' dir='ltr'>δεκτικός.</span> <span class='ocrx_word' id='word_1_604' title='bbox 3388 3756 3452 3808; x_wconf 87' lang='grc' dir='ltr'>Εί</span> <span class='ocrx_word' id='word_1_605' title='bbox 3500 3756 3708 3811; x_wconf 80' lang='grc' dir='ltr'>τοίνυν</span> <span class='ocrx_word' id='word_1_606' title='bbox 3759 3759 3933 3826; x_wconf 71' lang='grc' dir='ltr'>σοφίαν</span> 
     </span>
    </p>
   </div>
   <div class='ocr_carea' id='block_1_84' title="bbox 2345 3837 3929 3922">
    <p class='ocr_par' dir='ltr' id='par_1_84' title="bbox 2345 3837 3929 3922">
     <span class='ocr_line' id='line_1_85' title="bbox 2345 3837 3929 3922; baseline 0.006 -29"><span class='ocrx_word' id='word_1_607' title='bbox 2345 3840 2536 3895; x_wconf 80' lang='grc' dir='ltr'>ἑαυτὸν</span> <span class='ocrx_word' id='word_1_608' title='bbox 2561 3837 2699 3896; x_wconf 74' lang='grc' dir='ltr'>εἷναί</span> <span class='ocrx_word' id='word_1_609' title='bbox 2719 3860 2881 3913; x_wconf 85' lang='grc' dir='ltr'>φησιν</span> <span class='ocrx_word' id='word_1_610' title='bbox 2904 3845 2932 3895; x_wconf 89' lang='grc' dir='ltr'><strong>ό</strong></span> <span class='ocrx_word' id='word_1_611' title='bbox 2950 3844 3095 3910; x_wconf 72' lang='grc' dir='ltr'>Υἱὸς,</span> <span class='ocrx_word' id='word_1_612' title='bbox 3116 3844 3232 3910; x_wconf 81' lang='grc' dir='ltr'>πῶς</span> <span class='ocrx_word' id='word_1_613' title='bbox 3258 3844 3551 3915; x_wconf 83' lang='grc' dir='ltr'>ὲσοφοῦτο;</span> <span class='ocrx_word' id='word_1_614' title='bbox 3576 3848 3645 3901; x_wconf 66' lang='lat' dir='ltr'><strong>Et</strong></span> <span class='ocrx_word' id='word_1_615' title='bbox 3674 3849 3799 3922; x_wconf 79' lang='grc' dir='ltr'>γὰρ</span> <span class='ocrx_word' id='word_1_616' title='bbox 3818 3850 3929 3910; x_wconf 67' lang='grc' dir='ltr'><strong>ὅλως</strong></span> 
     </span>
    </p>
   </div>
   <div class='ocr_carea' id='block_1_85' title="bbox 2342 3932 3929 4011">
    <p class='ocr_par' dir='ltr' id='par_1_85' title="bbox 2342 3932 3929 4011">
     <span class='ocr_line' id='line_1_86' title="bbox 2342 3932 3929 4011; baseline 0.004 -24"><span class='ocrx_word' id='word_1_617' title='bbox 2342 3932 2513 3987; x_wconf 76' lang='grc' dir='ltr'>ἐδεῖτο</span> <span class='ocrx_word' id='word_1_618' title='bbox 2553 3933 2860 4006; x_wconf 76' lang='grc' dir='ltr'>μαθήσεως,</span> <span class='ocrx_word' id='word_1_619' title='bbox 2889 3936 2988 3989; x_wconf 83' lang='grc' dir='ltr'><strong>οὐκ</strong></span> <span class='ocrx_word' id='word_1_620' title='bbox 3016 3932 3084 4007; x_wconf 79' lang='grc' dir='ltr'>ἦν</span> <span class='ocrx_word' id='word_1_621' title='bbox 3114 3938 3297 4006; x_wconf 87' lang='grc' dir='ltr'>σοφία.</span> <span class='ocrx_word' id='word_1_622' title='bbox 3330 3938 3441 3991; x_wconf 75' lang='grc' dir='ltr'><strong>Καὶ</strong></span> <span class='ocrx_word' id='word_1_623' title='bbox 3480 3939 3529 3991; x_wconf 82' lang='grc' dir='ltr'><strong>εί</strong></span> <span class='ocrx_word' id='word_1_624' title='bbox 3584 3942 3929 4011; x_wconf 74' lang='grc' dir='ltr'>συμϐέϐηκεν</span> 
     </span>
    </p>
   </div>
   <div class='ocr_carea' id='block_1_86' title="bbox 2343 4023 3926 4101">
    <p class='ocr_par' dir='ltr' id='par_1_86' title="bbox 2343 4023 3926 4101">
     <span class='ocr_line' id='line_1_87' title="bbox 2343 4023 3926 4101; baseline 0.006 -25"><span class='ocrx_word' id='word_1_625' title='bbox 2343 4023 2491 4095; x_wconf 83' lang='grc' dir='ltr'>αὐτῷ</span> <span class='ocrx_word' id='word_1_626' title='bbox 2516 4024 2577 4078; x_wconf 83' lang='grc' dir='ltr'><strong>τὸ</strong></span> <span class='ocrx_word' id='word_1_627' title='bbox 2605 4026 2786 4097; x_wconf 82' lang='grc' dir='ltr'>σοφὸν,</span> <span class='ocrx_word' id='word_1_628' title='bbox 2811 4026 2964 4081; x_wconf 82' lang='grc' dir='ltr'>ἔσται</span> <span class='ocrx_word' id='word_1_629' title='bbox 2999 4028 3129 4081; x_wconf 81' lang='grc' dir='ltr'>ποτὲ</span> <span class='ocrx_word' id='word_1_630' title='bbox 3159 4031 3252 4082; x_wconf 75' lang='grc' dir='ltr'><strong>καὶ</strong></span> <span class='ocrx_word' id='word_1_631' title='bbox 3275 4029 3337 4082; x_wconf 80' lang='grc' dir='ltr'><strong>οὐ</strong></span> <span class='ocrx_word' id='word_1_632' title='bbox 3365 4028 3631 4096; x_wconf 81' lang='grc' dir='ltr'>τοιοῦτος,</span> <span class='ocrx_word' id='word_1_633' title='bbox 3666 4032 3779 4085; x_wconf 75' lang='grc' dir='ltr'>τοῦ</span> <span class='ocrx_word' id='word_1_634' title='bbox 3807 4050 3926 4101; x_wconf 79' lang='grc' dir='ltr'>συμ-</span> 
     </span>
    </p>
   </div>
   <div class='ocr_carea' id='block_1_87' title="bbox 2342 4114 3928 4195">
    <p class='ocr_par' dir='ltr' id='par_1_87' title="bbox 2342 4114 3928 4195">
     <span class='ocr_line' id='line_1_88' title="bbox 2342 4114 3928 4195; baseline 0.006 -27"><span class='ocrx_word' id='word_1_635' title='bbox 2342 4114 2637 4187; x_wconf 73' lang='grc' dir='ltr'>ϐεϐηκότος</span> <span class='ocrx_word' id='word_1_636' title='bbox 2690 4119 2782 4171; x_wconf 76' lang='grc' dir='ltr'><strong>καὶ</strong></span> <span class='ocrx_word' id='word_1_637' title='bbox 2833 4119 3219 4191; x_wconf 76' lang='grc' dir='ltr'>ἀποσυμϐἧναι</span> <span class='ocrx_word' id='word_1_638' title='bbox 3260 4120 3583 4191; x_wconf 81' lang='grc' dir='ltr'>δυναμένου,</span> <span class='ocrx_word' id='word_1_639' title='bbox 3619 4121 3695 4175; x_wconf 77' lang='grc' dir='ltr'>Τί</span> <span class='ocrx_word' id='word_1_640' title='bbox 3742 4122 3838 4178; x_wconf 73' lang='grc' dir='ltr'><strong>οὖν</strong></span> <span class='ocrx_word' id='word_1_641' title='bbox 3872 4121 3928 4195; x_wconf 64' lang='grc' dir='ltr'>ἦν</span> 
     </span>
    </p>
   </div>
   <div class='ocr_carea' id='block_1_88' title="bbox 2341 4207 3925 4287">
    <p class='ocr_par' dir='ltr' id='par_1_88' title="bbox 2341 4207 3925 4287">
     <span class='ocr_line' id='line_1_89' title="bbox 2341 4207 3925 4287; baseline 0.006 -28"><span class='ocrx_word' id='word_1_642' title='bbox 2341 4207 2448 4277; x_wconf 77' lang='grc' dir='ltr'>ἄρα</span> <span class='ocrx_word' id='word_1_643' title='bbox 2504 4208 2609 4279; x_wconf 74' lang='grc' dir='ltr'>πρὸ</span> <span class='ocrx_word' id='word_1_644' title='bbox 2655 4207 2883 4275; x_wconf 72' lang='grc' dir='ltr'>τούτους</span> <span class='ocrx_word' id='word_1_645' title='bbox 2938 4211 3100 4281; x_wconf 87' lang='grc' dir='ltr'>σοφία</span> <span class='ocrx_word' id='word_1_646' title='bbox 3146 4212 3253 4283; x_wconf 73' lang='grc' dir='ltr'>γὰρ</span> <span class='ocrx_word' id='word_1_647' title='bbox 3304 4211 3403 4265; x_wconf 73' lang='grc' dir='ltr'>οὒκ</span> <span class='ocrx_word' id='word_1_648' title='bbox 3458 4208 3550 4283; x_wconf 83' lang='grc' dir='ltr'>ἦν,</span> <span class='ocrx_word' id='word_1_649' title='bbox 3603 4211 3925 4287; x_wconf 74' lang='grc' dir='ltr'>λειπόμενος</span> 
     </span>
    </p>
   </div>
   <div class='ocr_carea' id='block_1_89' title="bbox 2341 4297 3925 4377">
    <p class='ocr_par' dir='ltr' id='par_1_89' title="bbox 2341 4297 3925 4377">
     <span class='ocr_line' id='line_1_90' title="bbox 2341 4297 3925 4377; baseline 0.004 -25"><span class='ocrx_word' id='word_1_650' title='bbox 2341 4300 2675 4371; x_wconf 84' lang='grc' dir='ltr'>φρονήσεως.</span> <span class='ocrx_word' id='word_1_651' title='bbox 2694 4301 2831 4354; x_wconf 81' lang='grc' dir='ltr'><strong>Ἀλλ’</strong></span> <span class='ocrx_word' id='word_1_652' title='bbox 2875 4297 2943 4373; x_wconf 80' lang='grc' dir='ltr'>ἦν</span> <span class='ocrx_word' id='word_1_653' title='bbox 2994 4303 3080 4356; x_wconf 76' lang='grc' dir='ltr'>ἀεὶ</span> <span class='ocrx_word' id='word_1_654' title='bbox 3127 4305 3288 4373; x_wconf 84' lang='grc' dir='ltr'>σοφία</span> <span class='ocrx_word' id='word_1_655' title='bbox 3337 4306 3365 4357; x_wconf 88' lang='lat'><strong>6</strong></span> <span class='ocrx_word' id='word_1_656' title='bbox 3409 4304 3558 4369; x_wconf 80' lang='grc' dir='ltr'>Υἱός.</span> <span class='ocrx_word' id='word_1_657' title='bbox 3594 4306 3783 4361; x_wconf 83' lang='grc' dir='ltr'>Τοῦτο</span> <span class='ocrx_word' id='word_1_658' title='bbox 3834 4310 3925 4377; x_wconf 73' lang='grc' dir='ltr'>γὰρ</span> 
     </span>
    </p>
   </div>
   <div class='ocr_carea' id='block_1_90' title="bbox 2338 4390 3923 4470">
    <p class='ocr_par' dir='ltr' id='par_1_90' title="bbox 2338 4390 3923 4470">
     <span class='ocr_line' id='line_1_91' title="bbox 2338 4390 3923 4470; baseline 0.005 -29"><span class='ocrx_word' id='word_1_659' title='bbox 2338 4390 2699 4460; x_wconf 83' lang='grc' dir='ltr'>κηρύττουσιν</span> <span class='ocrx_word' id='word_1_660' title='bbox 2725 4394 2780 4446; x_wconf 82' lang='lat' dir='ltr'><strong>al</strong></span> <span class='ocrx_word' id='word_1_661' title='bbox 2812 4392 2950 4447; x_wconf 85' lang='grc' dir='ltr'>θεῖαι</span> <span class='ocrx_word' id='word_1_662' title='bbox 2986 4394 3220 4465; x_wconf 85' lang='grc' dir='ltr'>Γραφαί.</span> <span class='ocrx_word' id='word_1_663' title='bbox 3259 4395 3666 4466; x_wconf 74' lang='grc' dir='ltr'>Διεψευσμένον</span> <span class='ocrx_word' id='word_1_664' title='bbox 3693 4399 3814 4470; x_wconf 76' lang='grc' dir='ltr'>ἄρα</span> <span class='ocrx_word' id='word_1_665' title='bbox 3840 4402 3923 4451; x_wconf 70' lang='grc' dir='ltr'><strong>καὶ</strong></span> 
     </span>
    </p>
   </div>
   <div class='ocr_carea' id='block_1_91' title="bbox 2337 4479 3923 4559">
    <p class='ocr_par' dir='ltr' id='par_1_91' title="bbox 2337 4479 3923 4559">
     <span class='ocr_line' id='line_1_92' title="bbox 2337 4479 3923 4559; baseline 0.006 -27"><span class='ocrx_word' id='word_1_666' title='bbox 2337 4479 2550 4549; x_wconf 82' lang='grc' dir='ltr'>ἀμαθὲς</span> <span class='ocrx_word' id='word_1_667' title='bbox 2596 4482 2659 4536; x_wconf 88' lang='grc' dir='ltr'><strong>τὸ</strong></span> <span class='ocrx_word' id='word_1_668' title='bbox 2701 4485 2766 4538; x_wconf 84' lang='grc' dir='ltr'>ὲκ</span> <span class='ocrx_word' id='word_1_669' title='bbox 2817 4484 3106 4557; x_wconf 80' lang='grc' dir='ltr'>μαθήσεώς</span> <span class='ocrx_word' id='word_1_670' title='bbox 3159 4503 3207 4540; x_wconf 87' lang='grc' dir='ltr'><strong>τι</strong></span> <span class='ocrx_word' id='word_1_671' title='bbox 3259 4490 3693 4558; x_wconf 77' lang='grc' dir='ltr'>προσγεγονέναι</span> <span class='ocrx_word' id='word_1_672' title='bbox 3760 4492 3923 4559; x_wconf 77' lang='grc' dir='ltr'>λέγειν</span> 
     </span>
    </p>
   </div>
   <div class='ocr_carea' id='block_1_92' title="bbox 2339 4572 2505 4644">
    <p class='ocr_par' dir='ltr' id='par_1_92' title="bbox 2339 4572 2505 4644">
     <span class='ocr_line' id='line_1_93' title="bbox 2339 4572 2505 4644; baseline 0.018 -19"><span class='ocrx_word' id='word_1_673' title='bbox 2339 4572 2505 4644; x_wconf 84' lang='grc' dir='ltr'>αύτῷ.</span> 
     </span>
    </p>
   </div>
   <div class='ocr_carea' id='block_1_93' title="bbox 3025 4781 3229 4835">
    <p class='ocr_par' dir='ltr' id='par_1_93' title="bbox 3025 4781 3229 4835">
     <span class='ocr_line' id='line_1_94' title="bbox 3025 4781 3229 4835; baseline 0 -1"><span class='ocrx_word' id='word_1_674' title='bbox 3025 4781 3229 4835; x_wconf 77' lang='grc' dir='ltr'><strong>ΑΛΛΟ.</strong></span> 
     </span>
    </p>
   </div>
   <div class='ocr_carea' id='block_1_94' title="bbox 2406 4886 3915 4968">
    <p class='ocr_par' dir='ltr' id='par_1_94' title="bbox 2406 4886 3915 4968">
     <span class='ocr_line' id='line_1_95' title="bbox 2406 4886 3915 4968; baseline 0.011 -26"><span class='ocrx_word' id='word_1_675' title='bbox 2406 4886 2471 4943; x_wconf 75' lang='lat' dir='ltr'><strong>El</strong></span> <span class='ocrx_word' id='word_1_676' title='bbox 2493 4887 2739 4944; x_wconf 80' lang='grc' dir='ltr'>διδακτόν</span> <span class='ocrx_word' id='word_1_677' title='bbox 2761 4890 2876 4945; x_wconf 73' lang='grc' dir='ltr'>ἐστι</span> <span class='ocrx_word' id='word_1_678' title='bbox 2902 4891 2964 4946; x_wconf 84' lang='grc' dir='ltr'><strong>τὸ</strong></span> <span class='ocrx_word' id='word_1_679' title='bbox 2985 4892 3243 4948; x_wconf 88' lang='grc' dir='ltr'>δύνασθαι</span> <span class='ocrx_word' id='word_1_680' title='bbox 3262 4895 3643 4968; x_wconf 70' lang='grc' dir='ltr'>δημιουργεῖν,</span> <span class='ocrx_word' id='word_1_681' title='bbox 3665 4902 3766 4955; x_wconf 71' lang='grc' dir='ltr'><strong>καὶ</strong></span> <span class='ocrx_word' id='word_1_682' title='bbox 3788 4903 3915 4957; x_wconf 76' lang='grc' dir='ltr'>οὕτω</span> 
     </span>
    </p>
   </div>
   <div class='ocr_carea' id='block_1_95' title="bbox 2331 4976 3913 5063">
    <p class='ocr_par' dir='ltr' id='par_1_95' title="bbox 2331 4976 3913 5063">
     <span class='ocr_line' id='line_1_96' title="bbox 2331 4976 3913 5063; baseline 0.01 -33"><span class='ocrx_word' id='word_1_683' title='bbox 2331 4976 2522 5047; x_wconf 79' lang='grc' dir='ltr'>γέγονε</span> <span class='ocrx_word' id='word_1_684' title='bbox 2562 4978 2895 5053; x_wconf 85' lang='grc' dir='ltr'>δημιουργὸς</span> <span class='ocrx_word' id='word_1_685' title='bbox 2938 4985 2967 5037; x_wconf 89' lang='lat'><strong>6</strong></span> <span class='ocrx_word' id='word_1_686' title='bbox 2992 4983 3141 5050; x_wconf 73' lang='grc' dir='ltr'>Υἱὸς,</span> <span class='ocrx_word' id='word_1_687' title='bbox 3168 4986 3365 5055; x_wconf 88' lang='grc' dir='ltr'>φθόνου</span> <span class='ocrx_word' id='word_1_688' title='bbox 3417 4986 3591 5053; x_wconf 82' lang='grc' dir='ltr'>πάθος</span> <span class='ocrx_word' id='word_1_689' title='bbox 3634 4995 3913 5063; x_wconf 73' lang='grc' dir='ltr'>είσάγουσι</span> 
     </span>
    </p>
   </div>
   <div class='ocr_carea' id='block_1_96' title="bbox 652 5066 2244 5151">
    <p class='ocr_par' dir='ltr' id='par_1_96' title="bbox 652 5066 2224 5145">
     <span class='ocr_line' id='line_1_97' title="bbox 652 5066 2224 5145; baseline 0.013 -32"><span class='ocrx_word' id='word_1_690' title='bbox 652 5067 790 5113; x_wconf 87' lang='lat' dir='ltr'><strong>trem</strong></span> <span class='ocrx_word' id='word_1_691' title='bbox 821 5072 1077 5129; x_wconf 89' lang='lat' dir='ltr'><strong>onerant,</strong></span> <span class='ocrx_word' id='word_1_692' title='bbox 1122 5066 1166 5120; x_wconf 89' lang='lat' dir='ltr'><strong>si</strong></span> <span class='ocrx_word' id='word_1_693' title='bbox 1207 5082 1333 5124; x_wconf 91' lang='lat' dir='ltr'><strong>cum</strong></span> <span class='ocrx_word' id='word_1_694' title='bbox 1365 5070 1565 5127; x_wconf 89' lang='lat' dir='ltr'><strong>multos</strong></span> <span class='ocrx_word' id='word_1_695' title='bbox 1592 5073 1787 5129; x_wconf 91' lang='lat' dir='ltr'><strong>docere</strong></span> <span class='ocrx_word' id='word_1_696' title='bbox 1819 5085 2024 5145; x_wconf 90' lang='lat' dir='ltr'><strong>posset,</strong></span> <span class='ocrx_word' id='word_1_697' title='bbox 2060 5093 2224 5132; x_wconf 87' lang='lat' dir='ltr'><strong>unum</strong></span> 
     </span>
    </p>
   </div>
   <div class='ocr_carea' id='block_1_97' title="bbox 2349 5066 3911 5151">
    <p class='ocr_par' dir='ltr' id='par_1_97' title="bbox 2349 5070 3911 5151">
     <span class='ocr_line' id='line_1_98' title="bbox 2349 5070 3911 5151; baseline 0.011 -28"><span class='ocrx_word' id='word_1_698' title='bbox 2349 5070 2551 5140; x_wconf 58' lang='grc' dir='ltr'>γεγονὸς</span> <span class='ocrx_word' id='word_1_699' title='bbox 2579 5073 2715 5144; x_wconf 86' lang='grc' dir='ltr'>πρὸς</span> <span class='ocrx_word' id='word_1_700' title='bbox 2744 5074 2837 5129; x_wconf 79' lang='grc' dir='ltr'>τὸν</span> <span class='ocrx_word' id='word_1_701' title='bbox 2862 5076 3102 5149; x_wconf 86' lang='grc' dir='ltr'>Πατέρα,</span> <span class='ocrx_word' id='word_1_702' title='bbox 3130 5078 3183 5132; x_wconf 81' lang='grc' dir='ltr'><strong>εί</strong></span> <span class='ocrx_word' id='word_1_703' title='bbox 3201 5095 3264 5148; x_wconf 89' lang='grc' dir='ltr'><strong>γε</strong></span> <span class='ocrx_word' id='word_1_704' title='bbox 3300 5078 3529 5145; x_wconf 76' lang='grc' dir='ltr'>πολλοὺς</span> <span class='ocrx_word' id='word_1_705' title='bbox 3569 5082 3792 5151; x_wconf 75' lang='grc' dir='ltr'>διδάξαι</span> <span class='ocrx_word' id='word_1_706' title='bbox 3832 5087 3911 5139; x_wconf 73' lang='grc' dir='ltr'>δυ-</span> 
     </span>
    </p>
   </div>
   <div class='ocr_carea' id='block_1_98' title="bbox 650 5153 2244 5243">
    <p class='ocr_par' dir='ltr' id='par_1_98' title="bbox 650 5153 2223 5229">
     <span class='ocr_line' id='line_1_99' title="bbox 650 5153 2223 5229; baseline 0.017 -28"><span class='ocrx_word' id='word_1_707' title='bbox 650 5158 861 5206; x_wconf 86' lang='lat' dir='ltr'><strong>tantum</strong></span> <span class='ocrx_word' id='word_1_708' title='bbox 898 5153 1103 5211; x_wconf 86' lang='lat' dir='ltr'><strong>docuit.</strong></span> <span class='ocrx_word' id='word_1_709' title='bbox 1146 5157 1285 5225; x_wconf 86' lang='lat' dir='ltr'><strong>Quid</strong></span> <span class='ocrx_word' id='word_1_710' title='bbox 1328 5160 1473 5215; x_wconf 89' lang='lat' dir='ltr'><strong>enim</strong></span> <span class='ocrx_word' id='word_1_711' title='bbox 1514 5164 1806 5229; x_wconf 86' lang='lat' dir='ltr'><strong>nocuisset,</strong></span> <span class='ocrx_word' id='word_1_712' title='bbox 1844 5168 2039 5224; x_wconf 89' lang='lat' dir='ltr'><strong>multos</strong></span> <span class='ocrx_word' id='word_1_713' title='bbox 2078 5171 2223 5227; x_wconf 89' lang='lat' dir='ltr'><strong>circa</strong></span> 
     </span>
    </p>
   </div>
   <div class='ocr_carea' id='block_1_99' title="bbox 2349 5153 3910 5243">
    <p class='ocr_par' dir='ltr' id='par_1_99' title="bbox 2349 5162 3910 5243">
     <span class='ocr_line' id='line_1_100' title="bbox 2349 5162 3910 5243; baseline 0.01 -26"><span class='ocrx_word' id='word_1_714' title='bbox 2349 5162 2575 5233; x_wconf 81' lang='grc' dir='ltr'>ιάμενος,</span> <span class='ocrx_word' id='word_1_715' title='bbox 2606 5165 2703 5219; x_wconf 72' lang='grc' dir='ltr'>ἕνα</span> <span class='ocrx_word' id='word_1_716' title='bbox 2735 5165 2898 5236; x_wconf 91' lang='grc' dir='ltr'>μόνον</span> <span class='ocrx_word' id='word_1_717' title='bbox 2927 5169 3156 5235; x_wconf 76' lang='grc' dir='ltr'>ἐδίδαξε.</span> <span class='ocrx_word' id='word_1_718' title='bbox 3189 5170 3255 5223; x_wconf 87' lang='grc' dir='ltr'>Τί</span> <span class='ocrx_word' id='word_1_719' title='bbox 3301 5170 3410 5243; x_wconf 80' lang='grc' dir='ltr'>γὰρ</span> <span class='ocrx_word' id='word_1_720' title='bbox 3458 5171 3652 5228; x_wconf 78' lang='grc' dir='ltr'>ἐλύπει</span> <span class='ocrx_word' id='word_1_721' title='bbox 3692 5178 3910 5240; x_wconf 67' lang='grc' dir='ltr'>πολλοὺς</span> 
     </span>
    </p>
   </div>
   <div class='ocr_carea' id='block_1_100' title="bbox 652 5238 2222 5320">
    <p class='ocr_par' dir='ltr' id='par_1_100' title="bbox 652 5238 2222 5320">
     <span class='ocr_line' id='line_1_101' title="bbox 652 5238 2222 5320; baseline 0.014 -27"><span class='ocrx_word' id='word_1_722' title='bbox 652 5238 827 5305; x_wconf 89' lang='lat' dir='ltr'><strong>ipsum</strong></span> <span class='ocrx_word' id='word_1_723' title='bbox 850 5255 1128 5302; x_wconf 89' lang='lat' dir='ltr'><strong>creatores</strong></span> <span class='ocrx_word' id='word_1_724' title='bbox 1156 5247 1388 5318; x_wconf 79' lang='lat' dir='ltr'><strong>versari,</strong></span> <span class='ocrx_word' id='word_1_725' title='bbox 1420 5252 1873 5320; x_wconf 87' lang='lat' dir='ltr'><strong>quemadmodum</strong></span> <span class='ocrx_word' id='word_1_726' title='bbox 1905 5256 2103 5315; x_wconf 90' lang='lat' dir='ltr'><strong>multos</strong></span> <span class='ocrx_word' id='word_1_727' title='bbox 2130 5275 2222 5315; x_wconf 81' lang='lat' dir='ltr'><strong>ar-</strong></span> 
     </span>
    </p>
   </div>
   <div class='ocr_carea' id='block_1_101' title="bbox 2331 5254 3911 5338">
    <p class='ocr_par' dir='ltr' id='par_1_101' title="bbox 2331 5254 3911 5338">
     <span class='ocr_line' id='line_1_102' title="bbox 2331 5254 3911 5338; baseline 0.013 -32"><span class='ocrx_word' id='word_1_728' title='bbox 2331 5257 2459 5328; x_wconf 78' lang='grc' dir='ltr'>περὶ</span> <span class='ocrx_word' id='word_1_729' title='bbox 2487 5257 2649 5311; x_wconf 80' lang='grc' dir='ltr'>αὐτὸν</span> <span class='ocrx_word' id='word_1_730' title='bbox 2674 5254 2813 5313; x_wconf 82' lang='grc' dir='ltr'>εἶναι</span> <span class='ocrx_word' id='word_1_731' title='bbox 2834 5262 2894 5331; x_wconf 85' lang='grc' dir='ltr'><strong>δη</strong></span> <span class='ocrx_word' id='word_1_732' title='bbox 2904 5264 3216 5333; x_wconf 76' lang='grc' dir='ltr'>μιουργοὺς,</span> <span class='ocrx_word' id='word_1_733' title='bbox 3236 5263 3426 5338; x_wconf 84' lang='grc' dir='ltr'>ὥσπερ</span> <span class='ocrx_word' id='word_1_734' title='bbox 3452 5262 3546 5320; x_wconf 77' lang='grc' dir='ltr'><strong>οὖν</strong></span> <span class='ocrx_word' id='word_1_735' title='bbox 3567 5269 3664 5323; x_wconf 75' lang='grc' dir='ltr'>καὶ</span> <span class='ocrx_word' id='word_1_736' title='bbox 3691 5272 3911 5334; x_wconf 58' lang='lat' dir='ltr'><strong>mnsit;</strong></span> 
     </span>
    </p>
   </div>
   <div class='ocr_carea' id='block_1_102' title="bbox 528 5330 2244 5430">
    <p class='ocr_par' dir='ltr' id='par_1_102' title="bbox 528 5330 2228 5413">
     <span class='ocr_line' id='line_1_103' title="bbox 528 5330 2228 5413; baseline 0.016 -32"><span class='ocrx_word' id='word_1_737' title='bbox 528 5396 553 5411; x_wconf 45' lang='lat'><strong><em>‘</em></strong></span> <span class='ocrx_word' id='word_1_738' title='bbox 650 5330 943 5403; x_wconf 82' lang='lat' dir='ltr'><strong>cliangelos</strong></span> <span class='ocrx_word' id='word_1_739' title='bbox 982 5347 1147 5409; x_wconf 90' lang='lat' dir='ltr'><strong>atque</strong></span> <span class='ocrx_word' id='word_1_740' title='bbox 1174 5341 1393 5413; x_wconf 87' lang='lat' dir='ltr'><strong>angelos</strong></span> <span class='ocrx_word' id='word_1_741' title='bbox 1445 5343 1648 5400; x_wconf 83' lang='lat' dir='ltr'><strong>habet?</strong></span> <span class='ocrx_word' id='word_1_742' title='bbox 1699 5345 1853 5405; x_wconf 78' lang='lat' dir='ltr'><strong>Nunc</strong></span> <span class='ocrx_word' id='word_1_743' title='bbox 1905 5364 2037 5406; x_wconf 83' lang='lat' dir='ltr'><strong>vero</strong></span> <span class='ocrx_word' id='word_1_744' title='bbox 2080 5352 2228 5409; x_wconf 88' lang='lat' dir='ltr'><strong>solus</strong></span> 
     </span>
    </p>
   </div>
   <div class='ocr_carea' id='block_1_103' title="bbox 2349 5330 3909 5430">
    <p class='ocr_par' dir='ltr' id='par_1_103' title="bbox 2349 5330 3909 5430">
     <span class='ocr_line' id='line_1_104' title="bbox 2349 5330 3909 5430; baseline 0.012 -30"><span class='ocrx_word' id='word_1_745' title='bbox 2349 5349 2703 5419; x_wconf 72' lang='grc' dir='ltr'>ίρχαγγέλους</span> <span class='ocrx_word' id='word_1_746' title='bbox 2731 5354 2823 5404; x_wconf 78' lang='grc' dir='ltr'><strong>καὶ</strong></span> <span class='ocrx_word' id='word_1_747' title='bbox 2851 5330 3115 5420; x_wconf 80' lang='grc' dir='ltr'>ἀγγέλους</span> <span class='ocrx_word' id='word_1_748' title='bbox 3142 5355 3285 5426; x_wconf 73' lang='grc' dir='ltr'>ἔχει;</span> <span class='ocrx_word' id='word_1_749' title='bbox 3318 5330 3433 5410; x_wconf 67' lang='grc' dir='ltr'><strong>Νῦν</strong></span> <span class='ocrx_word' id='word_1_750' title='bbox 3458 5359 3516 5413; x_wconf 84' lang='grc' dir='ltr'>δὲ</span> <span class='ocrx_word' id='word_1_751' title='bbox 3549 5360 3720 5430; x_wconf 85' lang='grc' dir='ltr'>μόνος</span> <span class='ocrx_word' id='word_1_752' title='bbox 3743 5366 3773 5416; x_wconf 88' lang='lat'><strong>6</strong></span> <span class='ocrx_word' id='word_1_753' title='bbox 3796 5330 3909 5425; x_wconf 62' lang='grc' dir='ltr'>γιδξ</span> 
     </span>
    </p>
   </div>
   <div class='ocr_carea' id='block_1_104' title="bbox 650 5422 2244 5524">
    <p class='ocr_par' dir='ltr' id='par_1_104' title="bbox 650 5422 2222 5513">
     <span class='ocr_line' id='line_1_105' title="bbox 650 5422 2222 5513; baseline 0.013 -35"><span class='ocrx_word' id='word_1_754' title='bbox 650 5422 819 5479; x_wconf 73' lang='lat' dir='ltr'><strong>Filias</strong></span> <span class='ocrx_word' id='word_1_755' title='bbox 848 5439 1108 5497; x_wconf 88' lang='lat' dir='ltr'><strong>operatur</strong></span> <span class='ocrx_word' id='word_1_756' title='bbox 1154 5448 1273 5503; x_wconf 71' lang='lat' dir='ltr'><strong>qua:</strong></span> <span class='ocrx_word' id='word_1_757' title='bbox 1322 5433 1504 5493; x_wconf 86' lang='lat' dir='ltr'><strong>Pater.</strong></span> <span class='ocrx_word' id='word_1_758' title='bbox 1556 5436 1891 5495; x_wconf 87' lang='lat' dir='ltr'><strong>Naluraliter</strong></span> <span class='ocrx_word' id='word_1_759' title='bbox 1938 5442 2123 5513; x_wconf 88' lang='lat' dir='ltr'><strong>itaque</strong></span> <span class='ocrx_word' id='word_1_760' title='bbox 2174 5445 2222 5499; x_wconf 82' lang='lat' dir='ltr'><strong>ei</strong></span> 
     </span>
    </p>
   </div>
   <div class='ocr_carea' id='block_1_105' title="bbox 2349 5422 3907 5524">
    <p class='ocr_par' dir='ltr' id='par_1_105' title="bbox 2349 5422 3907 5524">
     <span class='ocr_line' id='line_1_106' title="bbox 2349 5422 3907 5524; baseline 0.008 -30"><span class='ocrx_word' id='word_1_761' title='bbox 2349 5442 2395 5496; x_wconf 76' lang='grc' dir='ltr'><strong>τὰ</strong></span> <span class='ocrx_word' id='word_1_762' title='bbox 2437 5442 2532 5496; x_wconf 80' lang='grc' dir='ltr'>τοῦ</span> <span class='ocrx_word' id='word_1_763' title='bbox 2582 5444 2793 5517; x_wconf 70' lang='grc' dir='ltr'>Πατρός</span> <span class='ocrx_word' id='word_1_764' title='bbox 2839 5422 3413 5516; x_wconf 37' lang='grc' dir='ltr'>ἑργάξεταιίείιυσικὺν</span> <span class='ocrx_word' id='word_1_765' title='bbox 3443 5422 3710 5524; x_wconf 26' lang='grc' dir='ltr'>οὖν’ἄραν</span> <span class='ocrx_word' id='word_1_766' title='bbox 3735 5422 3907 5509; x_wconf 63' lang='grc' dir='ltr'>καὶού</span> 
     </span>
    </p>
   </div>
   <div class='ocr_carea' id='block_1_106' title="bbox 649 5514 2220 5600">
    <p class='ocr_par' dir='ltr' id='par_1_106' title="bbox 649 5514 2220 5600">
     <span class='ocr_line' id='line_1_107' title="bbox 649 5514 2220 5600; baseline 0.013 -31"><span class='ocrx_word' id='word_1_767' title='bbox 649 5514 836 5583; x_wconf 86' lang='lat' dir='ltr'><strong>insita,</strong></span> <span class='ocrx_word' id='word_1_768' title='bbox 868 5533 974 5575; x_wconf 91' lang='lat' dir='ltr'><strong>nou</strong></span> <span class='ocrx_word' id='word_1_769' title='bbox 1011 5522 1252 5579; x_wconf 90' lang='lat' dir='ltr'><strong>doctrina</strong></span> <span class='ocrx_word' id='word_1_770' title='bbox 1293 5529 1558 5597; x_wconf 88' lang='lat' dir='ltr'><strong>acquisita</strong></span> <span class='ocrx_word' id='word_1_771' title='bbox 1591 5538 1675 5585; x_wconf 91' lang='lat' dir='ltr'><strong>est</strong></span> <span class='ocrx_word' id='word_1_772' title='bbox 1701 5531 1923 5587; x_wconf 90' lang='lat' dir='ltr'><strong>creandi</strong></span> <span class='ocrx_word' id='word_1_773' title='bbox 1967 5533 2220 5600; x_wconf 87' lang='lat' dir='ltr'><strong>facultas,</strong></span> 
     </span>
    </p>
   </div>
   <div class='ocr_carea' id='block_1_107' title="bbox 2325 5534 3905 5615">
    <p class='ocr_par' dir='ltr' id='par_1_107' title="bbox 2325 5534 3905 5615">
     <span class='ocr_line' id='line_1_108' title="bbox 2325 5534 3905 5615; baseline 0.006 -28"><span class='ocrx_word' id='word_1_774' title='bbox 2325 5534 2573 5589; x_wconf 74' lang='grc' dir='ltr'>διδακτὸν</span> <span class='ocrx_word' id='word_1_775' title='bbox 2617 5538 2674 5588; x_wconf 86' lang='grc' dir='ltr'>ὲν</span> <span class='ocrx_word' id='word_1_776' title='bbox 2723 5536 2871 5607; x_wconf 82' lang='grc' dir='ltr'>αὐτῷ</span> <span class='ocrx_word' id='word_1_777' title='bbox 2912 5538 2973 5591; x_wconf 86' lang='grc' dir='ltr'><strong>τὸ</strong></span> <span class='ocrx_word' id='word_1_778' title='bbox 3020 5539 3393 5610; x_wconf 82' lang='grc' dir='ltr'>δημιουργεῖν,</span> <span class='ocrx_word' id='word_1_779' title='bbox 3422 5543 3511 5596; x_wconf 75' lang='grc' dir='ltr'>ἵνα</span> <span class='ocrx_word' id='word_1_780' title='bbox 3560 5546 3655 5597; x_wconf 77' lang='grc' dir='ltr'>καὶ</span> <span class='ocrx_word' id='word_1_781' title='bbox 3718 5547 3905 5615; x_wconf 71' lang='grc' dir='ltr'>φθόνου</span> 
     </span>
    </p>
   </div>
   <div class='ocr_carea' id='block_1_108' title="bbox 650 5606 2244 5707">
    <p class='ocr_par' dir='ltr' id='par_1_108' title="bbox 650 5606 2218 5696">
     <span class='ocr_line' id='line_1_109' title="bbox 650 5606 2218 5696; baseline 0.013 -36"><span class='ocrx_word' id='word_1_782' title='bbox 650 5621 721 5661; x_wconf 90' lang='lat' dir='ltr'><strong>ne</strong></span> <span class='ocrx_word' id='word_1_783' title='bbox 749 5606 911 5664; x_wconf 87' lang='lat' dir='ltr'><strong>Pater</strong></span> <span class='ocrx_word' id='word_1_784' title='bbox 941 5610 1141 5667; x_wconf 76' lang='lat' dir='ltr'><strong>invidia</strong></span> <span class='ocrx_word' id='word_1_785' title='bbox 1198 5615 1476 5675; x_wconf 87' lang='lat' dir='ltr'><strong>laborasse</strong></span> <span class='ocrx_word' id='word_1_786' title='bbox 1514 5630 1806 5678; x_wconf 87' lang='lat' dir='ltr'><strong>censeatur</strong></span> <span class='ocrx_word' id='word_1_787' title='bbox 1838 5642 1849 5677; x_wconf 93' lang='lat'>:</span> <span class='ocrx_word' id='word_1_788' title='bbox 1890 5626 2089 5696; x_wconf 90' lang='lat' dir='ltr'><strong>quippe</strong></span> <span class='ocrx_word' id='word_1_789' title='bbox 2129 5628 2218 5696; x_wconf 88' lang='lat' dir='ltr'><strong>qni</strong></span> 
     </span>
    </p>
   </div>
   <div class='ocr_carea' id='block_1_109' title="bbox 2349 5606 3903 5707">
    <p class='ocr_par' dir='ltr' id='par_1_109' title="bbox 2349 5606 3903 5707">
     <span class='ocr_line' id='line_1_110' title="bbox 2349 5606 3903 5707; baseline 0.008 -27"><span class='ocrx_word' id='word_1_790' title='bbox 2349 5626 2586 5697; x_wconf 71' lang='grc' dir='ltr'>ραίνηται</span> <span class='ocrx_word' id='word_1_791' title='bbox 2613 5606 2871 5698; x_wconf 87' lang='grc' dir='ltr'>κρείττων</span> <span class='ocrx_word' id='word_1_792' title='bbox 2897 5631 2923 5683; x_wconf 79' lang='grc' dir='ltr'>ὁ</span> <span class='ocrx_word' id='word_1_793' title='bbox 2957 5606 3166 5703; x_wconf 56' lang='grc' dir='ltr'>Πατῆρ,</span> <span class='ocrx_word' id='word_1_794' title='bbox 3188 5606 3248 5686; x_wconf 81' lang='grc' dir='ltr'><strong>ού</strong></span> <span class='ocrx_word' id='word_1_795' title='bbox 3267 5606 3495 5699; x_wconf 24' lang='grc' dir='ltr'>*διδάξας</span> <span class='ocrx_word' id='word_1_796' title='bbox 3526 5606 3755 5707; x_wconf 42' lang='grc' dir='ltr'><strong>μᾶλλον..</strong></span> <span class='ocrx_word' id='word_1_797' title='bbox 3780 5637 3903 5693; x_wconf 66' lang='lat' dir='ltr'><strong>am</strong></span> 
     </span>
    </p>
   </div>
   <div class='ocr_carea' id='block_1_110' title="bbox 651 5699 2223 5788">
    <p class='ocr_par' dir='ltr' id='par_1_110' title="bbox 651 5699 2223 5788">
     <span class='ocr_line' id='line_1_111' title="bbox 651 5699 2223 5788; baseline 0.015 -37"><span class='ocrx_word' id='word_1_798' title='bbox 651 5712 759 5753; x_wconf 89' lang='lat' dir='ltr'><strong>non</strong></span> <span class='ocrx_word' id='word_1_799' title='bbox 791 5699 996 5768; x_wconf 86' lang='lat' dir='ltr'><strong>docuit,</strong></span> <span class='ocrx_word' id='word_1_800' title='bbox 1034 5704 1128 5758; x_wconf 88' lang='lat' dir='ltr'><strong>sed</strong></span> <span class='ocrx_word' id='word_1_801' title='bbox 1161 5720 1228 5759; x_wconf 75' lang='lat' dir='ltr'><strong>ex</strong></span> <span class='ocrx_word' id='word_1_802' title='bbox 1265 5720 1322 5761; x_wconf 89' lang='lat' dir='ltr'><strong>sc</strong></span> <span class='ocrx_word' id='word_1_803' title='bbox 1363 5710 1547 5778; x_wconf 86' lang='lat' dir='ltr'><strong>genuit</strong></span> <span class='ocrx_word' id='word_1_804' title='bbox 1578 5728 1742 5769; x_wconf 90' lang='lat' dir='ltr'><strong>unum</strong></span> <span class='ocrx_word' id='word_1_805' title='bbox 1774 5724 2097 5785; x_wconf 85' lang='lat' dir='ltr'><strong>creatorem,</strong></span> <span class='ocrx_word' id='word_1_806' title='bbox 2127 5733 2223 5788; x_wconf 86' lang='lat' dir='ltr'><strong>per</strong></span> 
     </span>
    </p>
   </div>
   <div class='ocr_carea' id='block_1_111' title="bbox 651 5793 1318 5867">
    <p class='ocr_par' dir='ltr' id='par_1_111' title="bbox 651 5793 1318 5867">
     <span class='ocr_line' id='line_1_112' title="bbox 651 5793 1318 5867; baseline 0.016 -23"><span class='ocrx_word' id='word_1_807' title='bbox 651 5803 810 5859; x_wconf 89' lang='lat' dir='ltr'><strong>quem</strong></span> <span class='ocrx_word' id='word_1_808' title='bbox 839 5793 1016 5850; x_wconf 87' lang='lat' dir='ltr'><strong>omnia</strong></span> <span class='ocrx_word' id='word_1_809' title='bbox 1044 5808 1318 5867; x_wconf 84' lang='lat' dir='ltr'><strong>operatur.</strong></span> 
     </span>
    </p>
   </div>
   <div class='ocr_carea' id='block_1_112' title="bbox 2330 5722 3900 5800">
    <p class='ocr_par' dir='ltr' id='par_1_112' title="bbox 2330 5722 3900 5800">
     <span class='ocr_line' id='line_1_113' title="bbox 2330 5722 3900 5800; baseline 0.006 -28"><span class='ocrx_word' id='word_1_810' title='bbox 2330 5722 2595 5791; x_wconf 78' lang='grc' dir='ltr'>γεννήσας</span> <span class='ocrx_word' id='word_1_811' title='bbox 2638 5722 2695 5787; x_wconf 78' lang='grc' dir='ltr'><strong>ἐξ</strong></span> <span class='ocrx_word' id='word_1_812' title='bbox 2730 5724 2924 5779; x_wconf 79' lang='grc' dir='ltr'>ἑαυτοῦ</span> <span class='ocrx_word' id='word_1_813' title='bbox 2972 5726 3062 5781; x_wconf 82' lang='grc' dir='ltr'><strong>τὸν</strong></span> <span class='ocrx_word' id='word_1_814' title='bbox 3108 5726 3201 5781; x_wconf 75' lang='grc' dir='ltr'><strong>ἕνα</strong></span> <span class='ocrx_word' id='word_1_815' title='bbox 3244 5728 3595 5800; x_wconf 77' lang='grc' dir='ltr'>δημιουργὸν,</span> <span class='ocrx_word' id='word_1_816' title='bbox 3625 5730 3697 5784; x_wconf 80' lang='grc' dir='ltr'>δι’</span> <span class='ocrx_word' id='word_1_817' title='bbox 3731 5726 3795 5785; x_wconf 66' lang='grc' dir='ltr'>οὗ</span> <span class='ocrx_word' id='word_1_818' title='bbox 3843 5731 3900 5782; x_wconf 77' lang='grc' dir='ltr'>τὰ</span> 
     </span>
    </p>
   </div>
   <div class='ocr_carea' id='block_1_113' title="bbox 2332 5813 2983 5883">
    <p class='ocr_par' dir='ltr' id='par_1_113' title="bbox 2332 5813 2983 5883">
     <span class='ocr_line' id='line_1_114' title="bbox 2332 5813 2983 5883; baseline 0.008 -18"><span class='ocrx_word' id='word_1_819' title='bbox 2332 5813 2507 5867; x_wconf 75' lang='grc' dir='ltr'>πάντα</span> <span class='ocrx_word' id='word_1_820' title='bbox 2534 5815 2847 5883; x_wconf 76' lang='grc' dir='ltr'>ἐργάζεται.</span> <span class='ocrx_word' id='word_1_821' title='bbox 2980 5824 2983 5826; x_wconf 83' lang='grc'><em>’</em></span> 
     </span>
    </p>
   </div>
  </div>
