4072 6506
89 356 199 412 257

351 470 558 535 AAAO,
597 467 854 523 πιθανὸν
889 464 1034 533 ἔχον
1072 460 1137 515 τὸ
1176 460 1410 532 σχῆμα.

162 587 232 641 EI
262 587 351 643 διὰ
375 587 555 651 τοῦτο,
574 584 695 640 καθ’
716 584 883 654 ὑμᾶς,
906 581 998 634 τὸν
1016 579 1143 633 Υἰδν
1169 579 1384 633 ἔκτισεν
1409 580 1438 632 6
1462 576 1676 647 Πατὴρ,

90 682 183 735 ἴνα
212 682 315 752 τῆς
343 679 578 751 γενητῆς
622 677 836 747 φύσεως
862 674 1061 746 εὑρεθῇ
1094 672 1343 745 ποιητὴς,
1383 670 1552 743 ἐχρῆν
1582 670 1683 723 αὐ-

92 772 190 825 τὸν
224 773 464 843 ἀργῆσαι
498 768 682 823 λοιπὸν
711 764 858 830 ἅπαξ
903 764 999 818 τοῦ
1033 764 1161 818 Υἱοῠ
1191 762 1510 834 γενομένου.
1552 759 1681 823 Πῶς

93 861 194 918 οὖν
230 864 522 935 ἐργάζεται
550 861 645 913 καὶ
685 859 823 930 μετὰ
863 857 957 911 τὸν
988 856 1152 921 Υίόν;
1198 855 1371 919 Αὐτὸς
1416 853 1527 925 γάρ
1577 869 1681 905 που

96 955 263 1009 τοῦτό
296 971 460 1025 φησιν
485 954 512 1005 6
536 952 730 1021 Σωτήρ
755 967 768 980 ⁸
809 969 827 1002 ι
850 951 907 1001 Ὁ
935 949 1128 1019 Πατήρ
1169 965 1271 1018 μου
1304 946 1409 1009 ἕως
1438 945 1563 1017 ἄρτι
1590 946 1682 1015 ἐρ-

98 1046 350 1115 γάζεται.
384 1043 537 1113 κάγὼ
561 1041 886 1115 ἐργάζομαι.
916 1060 934 1091 ι
961 1040 1024 1094 El
1054 1040 1230 1092 τοίνυν
1260 1037 1552 1108 ἐργάζεται
1588 1035 1686 1089 καὶ

105 1137 247 1207 μετά
294 1135 385 1190 τὸν
416 1134 561 1196 Υἱὸν,
589 1129 844 1203 περιττὸς
891 1129 958 1183 ἂν
1010 1128 1098 1198 εἴη
1144 1127 1266 1182 καθ’
1295 1128 1436 1196 ὑμᾶς
1477 1127 1506 1179 6
1534 1125 1683 1188 Υἱός.

115 1227 276 1280 Ἀλλὰ
302 1225 458 1279 τοῦτο
489 1224 689 1278 ἄτοπον
723 1224 941 1292 φρονεῖν
978 1236 1038 1274 τε
1067 1220 1163 1273 καὶ
1194 1219 1396 1287 λέγειν.
1428 1217 1542 1271 Οὐκ
1574 1216 1684 1287 ἄρα

100 1317 363 1389 παρήχθη
396 1317 529 1387 πρὸς
545 1316 606 1369 τὸ
632 1311 769 1369 εἶναι
795 1314 1023 1386 γενητὸς
1050 1310 1240 1375 όΥἱδς,
1259 1311 1348 1363 ἵνα
1374 1308 1482 1362 τῶν
1510 1308 1683 1362 ἄλλων

99 1410 331 1478 γένηται
383 1407 633 1478 ποιητὴς,
663 1406 775 1460 ἀλλ’
803 1407 868 1458 ἐκ
916 1407 1016 1474 τῆς
1062 1404 1302 1474 άρῤήτου
1347 1400 1440 1454 τοῦ
1472 1399 1686 1473 Πατρὸς

99 1501 292 1563 οὐσίας
346 1498 644 1569 προελθὼν,
698 1498 773 1561 ὼς
798 1496 945 1560 Υἱὸς,
980 1495 1159 1547 πάντα
1207 1494 1273 1547 τὰ
1327 1490 1421 1546 τοῦ
1474 1492 1686 1562 Πατρὸς

103 1593 246 1664 μετὰ
276 1591 371 1645 τοῦ
396 1591 606 1662 [ἰατρὸς
629 1589 945 1661 ἐργάζεται,
973 1584 1216 1654 φυσικῶς
1240 1583 1501 1654 ὑπάρχων
1527 1581 1655 1636 τοῦθ
1672 1583 1686 1602 ⁹

100 1687 240 1755 ὅπερ
296 1683 434 1749 ἐστὶ,
468 1683 599 1746 Θεὸς
646 1680 908 1752 δηλονότι,
946 1678 1043 1733 κα)⁵
1091 1676 1182 1734 διὰ
1228 1676 1386 1731 τοῦτο
1425 1674 1687 1746 δημιουρο·

100 1778 218 1847 γός.

791 1885 995 1939 AAAO.

181 2006 246 2058 EI
296 2003 374 2076 τῷ
420 2004 548 2074 θείῳ
598 2000 920 2073 βουλήματι,
959 1998 1100 2053 κατὰ
1130 1998 1229 2070 τὴν
1262 1995 1411 2050 θείαν
1440 1991 1685 2065 Γραφήν,

104 2096 444 2168 ἀνθέστηκεν
494 2093 691 2157 οὐδεὶς,
721 2092 833 2145 ἀλλ’
870 2090 1092 2162 ἐξαρκεῖ
1140 2088 1297 2142 τοῦτο
1351 2087 1447 2140 καὶ
1505 2086 1688 2157 μόνον,

104 2187 246 2259 πρὸς
273 2186 369 2259 τὴν
395 2185 501 2240 τῶν
544 2185 679 2238 ὅλων
715 2183 1003 2237 σύστασιψ
1043 2182 1161 2251 ἅμα
1205 2179 1315 2251 γάρ
1351 2176 1581 2247 ἠθέλησέ
1612 2193 1687 2242 τι,

104 2278 454 2350 παραχρῆμα
488 2276 722 2345 γίνεται,
756 2273 900 2327 κατὰ
946 2272 1036 2325 τὸν
1084 2271 1312 2339 λέγοντα
1343 2264 1650 2338 Ψαλμῳδόν
1672 2281 1686 2296 ·

113 2388 131 2419 ι
171 2369 365 2421 Πάντα
386 2369 486 2419 ὃσα
520 2365 784 2434 ἠθέλησεν
810 2363 1054 2433 ἐποίησε,
1092 2382 1110 2413 ι
1145 2362 1231 2425 τίς
1255 2356 1322 2432 ἦν
1348 2362 1381 2430 ἡ
1410 2358 1505 2412 τοῦ
1534 2374 1691 2427 μεσι-

107 2458 360 2521 τεύοντος
391 2458 585 2527 χρεία;
623 2454 899 2524 Περιττῶς
928 2454 1034 2523 ἄρα
1061 2455 1281 2521 γέγονεν
1320 2453 1347 2504 6
1373 2450 1514 2512 Υἱός.
1534 2447 1693 2501 Ἀλλὰ

105 2550 274 2604 τοῦτο
318 2550 494 2618 λέγειν
537 2547 644 2601 τῶν
685 2546 1072 2600 ἀτοπωτάτων.
1106 2544 1278 2607 Αὐτὸς
1327 2543 1434 2613 ἄρα
1477 2541 1622 2593 ἐστὶν
1660 2539 1694 2609 ἡ

108 2642 360 2704 ἐνούσιος
404 2641 499 2694 καὶ
534 2637 685 2702 ζῶσα
727 2636 820 2689 τοῦ
866 2635 1077 2706 Πατρὸς
1126 2632 1396 2704 βούλησις,
1423 2631 1489 2684 δι’
1524 2624 1591 2700 ἦς
1627 2628 1696 2682 τά

108 2730 298 2783 πάντα
326 2728 462 2800 πρὸς
490 2729 550 2780 τὸ
581 2722 722 2780 εἶναι
750 2726 922 2779 καλεῖ.
954 2721 1085 2778 Εἶτα
1134 2723 1251 2786 πῶς
1294 2722 1433 2794 αὕτη
1466 2719 1696 2792 πεποίη-

110 2836 237 2885 ται;
279 2817 404 2881 Πῶς
429 2817 485 2870 δὲ
508 2817 644 2879 ὅλως
678 2816 779 2869 οὐκ
807 2810 875 2885 ἦν
907 2815 1133 2868 ἐκείνων
1164 2814 1376 2882 εἰπεῖν;

614 3011 818 3075 AAAO,
859 3009 957 3063 καὶ
993 3008 1189 3078 δριμύ.

1480 335 1927 395 TIIESAURL'S.

1704 460 1753 517 A

2130 450 2361 518 ALIUD,
2394 461 2451 505 ut
2482 452 2687 505 videtur
2718 450 3007 521 probabile.

1854 566 1911 621 Si
1966 574 2273 635 propterea,
2310 574 2366 618 ut
2401 579 2499 620 vos
2540 565 2861 634 opinamini,
2903 564 3102 620 Filium
3153 562 3362 620 creavit

1781 657 1963 723 Pater,
2014 667 2073 712 ut
2119 665 2319 712 creatae
2376 664 2589 709 naturae
2636 653 2809 709 factor
2841 668 2964 709 esse
3011 663 3359 719 cerneretur,

1785 750 2151 807 necessarium
2182 748 2407 803 omnino
2444 756 2528 802 est
2567 755 2626 801 ut
2660 756 2845 801 creato
2876 743 3015 799 Filio
3047 745 3359 801 cessaverit.

1785 842 2065 909 Quomodo
2107 841 2269 911 igitur
2310 848 2566 909 operatur
2608 848 2730 907 post
2778 836 3011 891 Filium?
3056 836 3173 906 Ipse
3218 837 3362 891 enim

1786 933 2049 989 Servalor
2072 933 2177 988 hoc
2214 933 2290 986 ait
2318 949 2333 987 :
2374 950 2392 981 ‹
2423 929 2585 985 Pater
2621 943 2771 983 meus
2800 943 2970 998 usque
3007 942 3149 982 nunc
3171 944 3365 997 opera-

1786 1032 1893 1089 tur,
1940 1035 1994 1078 et
2024 1039 2125 1095 ego
2154 1039 2351 1093 operor
2371 1024 2414 1077 ν.
2444 1041 2462 1075 ι
2504 1022 2559 1077 Si
2593 1036 2720 1091 ergo
2747 1030 3001 1090 operatur
3043 1019 3205 1074 etiam
3245 1030 3366 1088 post

1785 1115 1999 1178 Filium,
2034 1128 2472 1184 supervacaneus
2506 1114 2671 1184 igitur
2701 1111 2890 1176 fuerit,
2923 1109 3218 1166 secundum
3250 1124 3364 1173 vos,

1784 1204 1972 1260 Filius.
2009 1205 2274 1261 (laterum
2307 1204 2409 1259 hoc
2436 1212 2490 1258 et
2534 1204 2682 1258 dictu
2721 1211 2775 1257 et
2812 1201 3047 1269 cogitatu
3077 1199 3366 1254 absurdqu

1785 1310 1889 1356 est.
1919 1298 2034 1353 Non
2064 1308 2146 1354 est
2171 1313 2298 1368 ergo
2329 1306 2548 1352 creatus
2580 1296 2770 1359 Filius,
2806 1304 2866 1350 ut
2897 1296 3010 1364 ipse
3033 1293 3365 1363 reliquorum

1790 1390 1949 1463 153
1972 1396 2186 1445 creator
2211 1389 2365 1441 ﬁeret
2394 1404 2408 1440 :
2433 1387 2526 1441 sed
2552 1402 2617 1440 ex
2648 1385 2903 1440 ineﬂabili
2934 1384 3108 1439 Patris
3134 1382 3369 1439 essentia

1785 1481 2105 1549 procedens,
2139 1485 2197 1531 ut
2248 1475 2440 1539 Filius,
2492 1476 2672 1530 omnia
2724 1492 2841 1545 qua:
2883 1475 3061 1529 Patris
3088 1484 3215 1529 sunt
3247 1489 3368 1529 cum

1786 1569 1946 1625 Patre
1988 1577 2269 1640 operatur,
2316 1565 2638 1621 naturaliter
2672 1566 2722 1621 id
2767 1566 3033 1621 exsistens
3082 1566 3224 1634 quod
3263 1570 3369 1625 est,

1788 1661 2043 1717 nimirum
2065 1659 2229 1725 Deus,
2261 1673 2325 1713 ac
2352 1667 2643 1729 propterea
2675 1668 2913 1713 creator.

2475 1853 2704 1910 ALIUD.

1861 1976 1919 2030 Si
1952 1974 2211 2029 voluntati
2246 1972 2474 2036 divinre,
2510 1981 2567 2026 ut
2609 1970 2889 2040 Scriptura
2936 1981 3088 2023 sacra
3121 1971 3371 2029 testatur,

1793 2082 1953 2123 nemo
1982 2067 2204 2131 restitit,
2262 2066 2357 2120 sed
2390 2065 2496 2119 hoc
2523 2073 2575 2118 et
2606 2063 2823 2132 quidem
2854 2060 3028 2116 solum
3060 2057 3258 2115 sufﬁcit
3305 2057 3372 2112 ad

1794 2159 2173 2214 universorum
2216 2155 2682 2218 constitutionem,
2715 2153 2872 2208 simul
2909 2152 3052 2206 enim
3084 2161 3247 2220 atque
3275 2164 3374 2203 vo-

1796 2251 1913 2315 luit,
1939 2252 2221 2307 confestim
2257 2251 2396 2305 l‘acta
2429 2258 2576 2312 sunt,
2618 2249 2770 2316 juxta
2808 2245 3110 2301 Psalmista:
3140 2258 3327 2299 vocem
3358 2258 3372 2297 τ

1800 2365 1818 2397 ι
1852 2344 2045 2399 Omnia
2074 2357 2411 2413 quaecunque
2426 2340 2616 2404 voluit,
2641 2340 2769 2396 fecit
2793 2340 2866 2403 ³ος
2896 2338 3054 2408 ιιιιιῐε
3080 2337 3377 2406 igiturerat

1796 2452 1928 2492 usus
1960 2435 2316 2491 mediatoris?
2347 2433 2571 2488 Frustra
2599 2447 2735 2502 ergo
2760 2431 2934 2485 Iactus
2961 2438 3043 2485 est
3070 2427 3240 2482 Filius
3270 2444 3286 2482 :
3322 2436 3379 2480 at

1797 2527 1901 2580 IIOC
1933 2524 2380 2578 absurdissimum
2405 2522 2549 2575 dictu
2575 2530 2680 2575 est.
2716 2520 2833 2590 Ipse
2864 2520 3027 2590 igitur
3064 2526 3145 2573 est
3174 2516 3379 2571 inexsi-

1798 2626 1947 2669 stens
1975 2629 2039 2668 ac
2078 2614 2201 2667 viva
2248 2611 2428 2665 Patris
2456 2610 2727 2673 voluntas,
2765 2624 2859 2677 per
2888 2622 3049 2676 quam
3077 2606 3261 2660 omnia
3310 2603 3376 2657 ad

1798 2721 1918 2761 esse
1948 2705 2207 2760 traducit.
2241 2702 2527 2770 Quomodo
2558 2703 2740 2774 itaque
2782 2700 2893 2755 haec
2923 2699 3036 2768 ipsa
3082 2696 3224 2751 facta
3254 2694 3380 2749 est?

1798 2799 1905 2851 Aut
1950 2794 2223 2867 quomodo
2267 2798 2321 2849 in
2366 2794 2681 2849 universum
2729 2805 2835 2846 non
2880 2797 3018 2853 erat,
3064 2794 3122 2841 ut
3164 2785 3251 2841 isti
3282 2798 3380 2839 vo-

1797 2888 1955 2943 Iunt?

2249 2997 2484 3066 ALIUD,
2514 2998 2669 3065 idque
2695 3007 2929 3051 acutum.

184 3125 250 3179 EI
300 3123 389 3177 διὰ
434 3119 592 3176 τοῦτό
641 3137 804 3190 φασιν
852 3118 1098 3173 ἐκτίσθαι
1143 3118 1233 3173 τὸν
1267 3120 1417 3184 Υἱὸν,
1450 3121 1519 3174 ἵν’
1549 3123 1695 3193 ἡμᾶς

1871 3112 1928 3167 Si
1964 3120 2247 3182 propterea
2286 3121 2526 3166 creatum
2575 3124 2694 3164 esse
2729 3108 2928 3163 Filium
2962 3107 3167 3172 dicunt,
3195 3114 3252 3160 ut
3285 3120 3383 3162 nos

113 3216 494 3288 δημιουργήσῃ
530 3214 661 3277 Θεὸς
686 3213 755 3266 δι’
782 3210 970 3275 αὑτοῦ,
1002 3212 1283 3281 ὁράτωσαν
1314 3214 1393 3276 είς
1418 3212 1549 3283 ὅσην
1577 3214 1701 3267 ἀσέ-

115 3306 273 3359 ϐειαν
306 3306 488 3367 αὐτοῖς
516 3306 545 3357 6
576 3303 731 3372 λόγος
762 3303 1079 3374 ἐκϐήσεται.
1114 3304 1364 3357 Φαίνεται
1397 3303 1507 3376 γὰρ
1539 3305 1702 3368 αὐτὸς

115 3399 181 3452 δι’
205 3399 361 3469 ἡμᾶς
389 3394 650 3465 γεγονὼς,
674 3394 770 3447 καὶ
794 3395 891 3463 οὐχ
922 3395 1084 3465 ἡμεῖς
1116 3392 1182 3448 δι’
1204 3395 1386 3448 αὐτόν.
1411 3394 1521 3447 Καὶ
1541 3396 1704 3466 ἡμεῖς

120 3489 217 3559 μὲν
261 3487 498 3557 ποίημα.
549 3486 711 3550 αὐτὸς
761 3485 819 3538 δέ
866 3486 1137 3557 ποιήσεως
1189 3485 1438 3557 ὄργανον.
1492 3485 1703 3540 Οὐκοῦν

119 3580 457 3649 όμολογείτω
506 3578 604 3648 μὲν
653 3577 817 3640 αὐτὸς
851 3578 946 3632 καὶ
985 3577 1145 3647 χάριν
1175 3579 1328 3648 ἡμῖν’
1357 3577 1562 3648 ὑπέστη
1594 3577 1703 3649 γὰρ

118 3669 184 3722 δι’
208 3670 586 3740 ἡμᾶς.“Έσται
612 3669 669 3722 δὲ
691 3667 848 3738 ἡμῶν
882 3668 978 3722 καὶ
1004 3667 1148 3733 δόξα,
1181 3667 1368 3740 ὥσπερ
1388 3671 1484 3722 καὶ
1507 3671 1539 3740 ή
1565 3669 1702 3741 γυνὴ

120 3761 213 3815 τοῦ
249 3760 467 3832 ἀνδρός⁹
508 3782 525 3812 ι
548 3761 611 3813 Ἠ
636 3761 744 3830 γὰρ
769 3761 930 3829 γυνὴ,
964 3761 1114 3831 φησὶ,
1138 3760 1263 3824 δόξα
1291 3760 1485 3831 ἀνδρός
1517 3762 1653 3813 ἐστι·
1680 3779 1699 3812 ι

123 3853 216 3905 κα)⁵
246 3852 469 3922 γείτονα
492 3851 673 3921 τίθησι
704 3852 803 3922 τὴν
832 3851 1032 3917 αἰτίαν,
1059 3851 1251 3919 λέγων’
1283 3871 1300 3902 ι
1331 3853 1404 3905 Οὐ
1427 3852 1535 3921 γάρ
1551 3852 1703 3904 ἐκτί-

127 3944 227 4013 σθη
257 3943 404 4013 ἀνὴρ
432 3942 520 3996 διά
565 3942 662 4013 τὴν
708 3945 961 4011 γυναῖκα,
1008 3942 1144 3997 ἀλλὰ
1181 3943 1320 4013 γυνὴ
1363 3944 1451 3997 διὰ
1484 3944 1576 3997 τὸν
1608 3944 1704 3999 άν-

126 4034 244 4104 δρα.
280 4052 301 4085 ι
355 4035 416 4086 Et
462 4033 643 4086 τοίνυν
691 4033 758 4086 δι’
793 4033 944 4103 ἡμᾶς
973 4033 1195 4101 γέγονεν
1229 4036 1259 4087 ό
1285 4033 1431 4098 Υἱὸς,
1461 4035 1557 4088 καὶ
1608 4035 1707 4105 οὐχ

127 4126 287 4195 ἡμεῖς
317 4123 385 4177 δι’
421 4123 605 4189 αὐτὸν,
633 4123 873 4194 ἐσόμεθα
901 4124 1119 4189 πάντως
1162 4124 1327 4178 αὑτοῦ
1355 4125 1703 4196 τελειότεροι,

128 4215 319 4288 ὥσπερ
369 4211 465 4269 οὖν
514 4215 610 4268 καὶ
653 4215 823 4287 ’Δδάμ
854 4217 955 4287 τῆς
991 4220 1249 4284 γυναικὸς
1301 4217 1398 4287 τῆς
1444 4216 1513 4270 δι’
1545 4217 1707 4271 αὑτὸν

128 4307 452 4377 γενομένης.
471 4305 632 4359 Ἀλλὰ
651 4306 809 4360 τοῦτο
828 4307 1029 4361 ἄτοπον
1045 4324 1061 4339 ο
1082 4309 1185 4361 οὐκ
1203 4309 1309 4380 ἄρα
1330 4309 1537 4379 κτίσμα
1560 4309 1708 4362 ἐστὶν

130 4401 158 4451 6
189 4399 341 4463 Υἱὸς,
372 4397 493 4451 οὐδὲ
527 4398 716 4467 γέγονε
762 4399 828 4452 δι’
864 4400 1011 4469 ἡμᾶς
1032 4415 1045 4428 ·
1083 4399 1219 4454 ἀλλὰ
1251 4401 1410 4469 φύσει
1437 4400 1569 4465 Θεὸς
1601 4401 1705 4454 ὑπο

1804 3203 1946 3259 Deus
1970 3218 2067 3273 per
2094 3203 2265 3271 ipsum
2300 3210 2533 3265 crearet,
2569 3200 2788 3253 rideant
2818 3200 2870 3254 in
2905 3207 3159 3268 quantam
3195 3197 3384 3267 impie-

1803 3306 1966 3350 tatem
2016 3292 2289 3347 labantur.
2322 3290 2549 3345 \'idetur
2590 3291 2734 3345 enim
2768 3291 2869 3345 hoc
2912 3300 3071 3359 pacto
3116 3288 3230 3356 ipse
3260 3302 3384 3358 pro-

1802 3394 1923 3457 pter
1948 3401 2066 3449 nos,
2104 3399 2210 3438 non
2242 3397 2373 3437 vero
2398 3398 2498 3437 nos
2528 3390 2751 3453 propter
2785 3383 2960 3452 ipsum
2994 3380 3119 3435 facti
3148 3396 3287 3437 esse.
3321 3381 3386 3435 Et

1804 3493 1901 3533 nos
1943 3476 2159 3546 quidem
2204 3490 2365 3543 opus,
2399 3475 2514 3543 ipse
2557 3488 2685 3527 vero
2713 3474 2894 3542 operis
2938 3474 3381 3530 instrumentum.

1804 3566 1918 3621 Hoc
1942 3567 2108 3632 igitur
2128 3564 2284 3620 nobis
2310 3570 2593 3631 acceptum
2616 3561 2774 3624 ferat,
2799 3561 2942 3631 quod
2969 3561 3037 3616 sit
3060 3561 3387 3617 constitutus

1806 3667 2031 3729 propter
2064 3671 2182 3710 nos.
2232 3654 2458 3722 Eritque
2504 3654 2620 3724 ipse
2657 3652 2826 3723 gloria
2850 3650 3077 3718 ’nostra,
3122 3653 3385 3721 quemad-

1806 3750 2021 3804 modum
2052 3748 2247 3802 mulier
2274 3758 2355 3801 est
2384 3748 2508 3800 viri.
2542 3765 2560 3797 ι
2592 3744 2783 3800 Mulier
2811 3746 2979 3809 enim,
3024 3753 3082 3798 ut
3127 3744 3204 3818 ait
3238 3742 3386 3798 Scri-

1805 3852 1984 3910 ptura,
2017 3838 2184 3908 gloria
2220 3836 2318 3889 viri
2351 3845 2432 3890 est
2460 3836 2526 3900 “,
2559 3854 2577 3885 ι
2616 3848 2947 3902 causamque
2986 3833 3134 3887 addit
3160 3834 3383 3887 dicens:

1812 3948 1832 3982 ι
1864 3930 1979 3985 Νοιι
2026 3929 2170 3983 enim
2202 3927 2284 3981 vir
2314 3935 2529 3982 creatus
2560 3936 2645 3981 est
2688 3937 2910 3995 propter
2943 3923 3243 3990 mulierem,
3290 3929 3384 3980 sed

1807 4021 2000 4077 mulier
2024 4028 2242 4089 propter
2271 4020 2445 4074 virum
2473 4019 2536 4072 ¹².
2564 4036 2583 4069 ι
2622 4015 2678 4071 Si
2709 4032 2839 4086 ergo
2862 4025 3076 4085 promer
3102 4031 3199 4071 nos
3228 4031 3385 4071 crea«

1808 4121 1896 4167 tus
1915 4121 1999 4166 est
2018 4111 2207 4175 Filius,
2234 4126 2338 4167 non
2366 4119 2544 4165 autem
2570 4124 2670 4163 nos
2689 4117 2912 4178 prapter
2940 4108 3114 4177 ipsum
3139 4119 3155 4161 :
3183 4107 3389 4165 erimus

1807 4202 2049 4271 profecto
2110 4216 2210 4256 nos
2278 4200 2367 4255 illo
2425 4199 2876 4269 praestantiores,
2934 4197 3386 4265 quemadmodum

1808 4294 1978 4347 Adam
2010 4292 2235 4347 muliere
2264 4300 2484 4361 propter
2508 4291 2682 4360 ipsum
2718 4288 2880 4343 facta.
2914 4286 3020 4342 Sed
3052 4287 3154 4341 hoc
3193 4286 3387 4341 absur-

1809 4386 1936 4438 dum
1964 4394 2070 4439 est.
2098 4383 2265 4439 Filius
2298 4383 2477 4452 itaque
2500 4392 2753 4437 creatura
2779 4394 2884 4434 non
2913 4386 3017 4444 est,
3050 4392 3225 4448 neque
3257 4393 3387 4445 pro-

134 4490 339 4560 ἅρχων,
373 4490 449 4553 ὡς
480 4490 509 4542 6
538 4489 747 4561 Πατὴρ,
777 4493 843 4562 τῇ
877 4468 1055 4562 οίκεία
1076 4468 1302 4562 δυνάμει
1335 4490 1429 4545 καὶ⁵
1454 4493 1603 4563 ἡμᾶς
1629 4492 1695 4555 εἰς

1812 4484 1931 4545 pter
1962 4489 2063 4529 nos
2095 4475 2268 4529 Iactus
2306 4483 2388 4529 est
2432 4492 2446 4529 :
2488 4473 2582 4529 sed
2625 4487 2748 4528 cum
2779 4472 2849 4526 sit
2877 4468 3199 4525 naturaliter
3226 4469 3382 4534 Deus,

133 4582 192 4635 τὸ
228 4578 369 4635 εἶναι
401 4581 746 4651 παρήγαγεν.

629 4780 838 4841 AAAO,
880 4783 977 4832 καὶ
1018 4778 1214 4848 δριμύ.

206 4891 270 4944 Εἰ
292 4890 515 4959 γέγονεν
536 4890 564 4942 6
590 4890 719 4954 Υἱὸς
734 4891 800 4944 δι’
825 4891 990 4961 ἡμᾶς,
1022 4889 1274 4961 καθάπερ
1302 4890 1499 4944 ἐκεῖνοί
1522 4909 1707 4961 φασιν,

142 4982 235 5035 οὐκ
287 4981 433 5035 ἐστιν
480 4982 602 5035 οὐδὲ
650 4981 868 5052 πρῶτος
916 4981 1070 5052 ἡμῶν
1120 4982 1271 5053 παρά
1320 4981 1472 5053 Θεῷ’
1512 4984 1572 5037 οὐ
1600 4983 1709 5054 γάρ

145 5072 344 5123 ἐκεῖνον
389 5071 526 5140 ἔχων
564 5073 645 5133 εἰς
674 5069 818 5133 νοῦν,
856 5073 1001 5142 ἡμᾶς
1034 5072 1260 5143 ὕστερον
1310 5074 1599 5146 ἐργάζεται
1635 5076 1714 5128 δι’

146 5162 325 5222 αὑτὸν,
359 5162 496 5216 ἀλλά
535 5162 604 5215 τά
652 5164 781 5234 περὶ
809 5164 965 5234 ήμῶν
995 5164 1275 5235 ἐννοήσας,
1307 5166 1512 5219 ἐκεῖνον
1544 5166 1712 5237 ἐργά-

147 5250 293 5314 ζεται
322 5252 388 5305 δι’
415 5254 448 5323 ή
457 5255 584 5323 μᾶς.

824 5365 1031 5421 ΑΛΛΟ.

217 5475 277 5528 Εἰ
327 5476 392 5528 δι’
422 5477 574 5547 ἡμᾶς
622 5476 803 5532 ἔκτισε
839 5480 930 5534 τὸν
956 5481 1081 5534 Υίὸν
1105 5483 1134 5535 6
1163 5482 1373 5552 Πατὴρ,
1406 5483 1465 5535 οὐ
1500 5482 1715 5546 πάντως

148 5563 209 5617 ἐκ
234 5569 603 5640 προαιρέσεως
637 5570 792 5624 τοῦτο
839 5575 999 5639 ποιεῖ,
1028 5574 1143 5627 ἀλλ’
1171 5573 1247 5639 ὡς
1278 5576 1339 5639 ἐξ
1367 5576 1609 5646 ἀνάγκης
1638 5576 1717 5629 δι’

1812 4568 1955 4622 sicut
1986 4566 2172 4632 Pater,
2202 4565 2423 4637 propria
2473 4579 2570 4621 sua
2609 4564 2812 4619 virtute
2842 4563 3005 4618 etiam
3040 4576 3138 4618 nos
3165 4562 3232 4617 ad
3268 4576 3391 4617 esse

1810 4656 2069 4711 traduxit.

2254 4793 2485 4861 ALIUD,
2514 4796 2670 4850 etiam
2698 4808 2932 4851 acutum.

1888 4905 1944 4961 Si
1972 4904 2142 4961 Filius
2164 4916 2385 4975 propter
2415 4921 2513 4961 nos
2543 4905 2718 4962 Iactus
2744 4916 2848 4968 est,
2872 4917 2929 4960 ut
2957 4906 3029 4961 illi
3053 4907 3257 4972 dicunt.
3283 4923 3387 4963 non

1817 4998 1921 5054 erit
1950 4997 2039 5051 ille
2067 4996 2274 5065 primus
2319 5005 2560 5050 nostrum
2598 4996 2737 5064 apud
2775 4997 2939 5050 Deum
2982 5013 2997 5050 :
3044 5011 3217 5067 neque
3242 4998 3387 5051 enim

1818 5087 1968 5141 illum
2008 5097 2188 5140 mente
2217 5087 2547 5154 concipiens,
2600 5100 2697 5139 nos
2727 5093 2910 5153 postea
2956 5094 3175 5153 propter
3214 5086 3387 5152 ipsum

1817 5176 2042 5243 creavit,
2095 5176 2188 5232 sed
2239 5176 2306 5231 de
2353 5184 2538 5231 nostra
2598 5178 2873 5231 creatione
2922 5174 3189 5245 cogitans,
3242 5175 3390 5231 illum

1809 5274 2031 5338 propter
2059 5281 2159 5322 nos
2182 5267 2409 5322 creavit.

2491 5376 2717 5435 ALIUD.

1887 5488 1944 5544 Si
1982 5488 2139 5547 Pater
2159 5489 2352 5546 Filium
2380 5500 2561 5548 nostra
2591 5507 2754 5548 causa
2778 5492 3004 5560 creavit,
3033 5508 3138 5549 non
3166 5496 3392 5552 omnino

1815 5597 1881 5640 ex
1916 5584 2190 5641 voluntate
2238 5586 2342 5643 hoc
2380 5584 2511 5643 fecit
2576 5586 2671 5643 sed
2700 5600 2765 5643 ex
2811 5587 3140 5644 necessitate
3170 5598 3391 5660 prOpter

215 5742 411 5801 ’.Ιοηιι⁸
449 5761 501 5813 v,
540 5748 628 5803 I7.
708 5749 752 5781 ¹⁰
783 5748 926 5807 Psal.
957 5766 1111 5817 cxm,
1136 5752 1190 5807 5.
1270 5754 1311 5786 “
1340 5754 1507 5813 ICor.
1543 5772 1618 5823 ιι,
1651 5759 1702 5813 7.
1787 5758 1829 5793 “
1857 5758 1991 5818 Ibid.
2026 5761 2082 5817 9.

3252 334 3361 390 258
3475 355 3478 361 '
