4072 6524
666 330 772 386 259
1655 325 1712 381 S.
1754 324 2032 381 CYRILLI
2070 324 2534 380 ALEXANDRINI
2576 326 2892 382 ARCHIEP.
3878 333 3981 387 ego

669 463 788 503 nos.
836 444 948 499 Non
993 443 1158 513 igitur
1192 441 1414 497 omnino
1457 441 1632 498 factus
1673 445 1866 500 fuisset
1910 446 2102 511 Filius,
2143 446 2237 500 nisi

2350 450 2517 519 ἡμᾶς.
2546 449 2659 503 Οὐκ
2687 450 2753 503 ἂν
2783 446 2874 503 οὖν
2909 449 3045 513 ὅλως
3067 452 3095 504 ό
3117 451 3242 514 Υἱὸς
3266 452 3471 523 ὑπέστη
3494 455 3603 523 τῆς
3645 454 3799 507 καθ’
3825 456 3979 524 ἡμᾶς

669 538 837 595 nostri
866 552 1026 593 causa
1055 553 1069 601 ;
1106 537 1202 589 sed
1231 550 1407 604 neque
1434 535 1604 589 voluit
1628 536 1844 605 quidem
1873 537 2029 591 Pater
2050 552 2237 592 creare

2344 538 2589 609 ἀπούσης
2622 542 2820 603 αἰτίας,
2857 543 2951 595 καὶ
3002 542 3142 612 τάχα
3190 543 3309 596 οὐδὲ
3368 545 3582 609 κτίζειν
3635 545 3839 613 ἤθελε
3892 550 3981 599 τὶν

670 631 885 695 Filium,
911 630 1005 683 sed
1030 627 1331 682 necessitas
1366 628 1479 696 ipsa
1513 628 1685 695 illum,
1712 637 1770 682 ut
1803 629 1983 696 vellet,
2020 630 2193 699 coegit
2225 647 2237 682 :

2345 632 2471 685 Υἱὸν
2493 634 2520 684 ό
2542 634 2750 703 Πατὴρ,
2779 632 2912 686 ἀλλὰ
2937 634 3091 703 μόλις
3115 633 3276 687 αὐτὸν
3303 635 3381 696 είς
3411 634 3472 687 τὸ
3500 634 3811 704 ἐθελῆσαι
3840 652 3982 704 πρε.

669 734 834 792 atque
866 722 941 775 ita
973 735 1038 775 ex
1077 720 1298 774 illorum
1336 717 1495 789 154
1527 719 1801 787 Opinione,
1832 720 1971 775 Deus
2004 722 2117 788 ipse
2149 735 2237 775 ne-

2344 725 2550 794 ήγαγεν
2585 725 2617 793 ἡ
2647 724 2826 795 χρεία,
2872 725 2968 778 καὶ
3001 724 3212 792 γέγονε,
3240 725 3361 777 κατ’
3393 724 3679 789 ἐκείνους,
3724 726 3839 777 καὶ

670 814 912 869 cessitati
966 810 1245 880 subjectus
1296 808 1417 863 fuit.
1460 810 1718 881 Apagesis
1750 812 1908 866 istam
1954 811 2243 867 ratiocina—

673 905 833 963 tionis
862 901 1281 959 absurditatem!

1336 1010 1565 1067 ALIUD.

742 1107 800 1161 Si
832 1116 1055 1177 propter
1084 1120 1184 1161 nos
1229 1103 1422 1158 Filium
1466 1105 1680 1160 creavit
1721 1104 1913 1170 Pater,
1961 1120 2082 1160 cum
2130 1106 2240 1177 jam

670 1200 868 1254 factum
900 1201 967 1253 sit
993 1208 1151 1266 atque
1178 1197 1486 1251 absolutum
1512 1213 1644 1266 opus
1668 1199 1821 1265 cujus
1848 1213 2008 1252 causa
2030 1209 2243 1252 creatus

670 1302 773 1355 est,
814 1303 1245 1357 supervacaneus
1282 1288 1537 1356 deinceps
1577 1296 1660 1343 est
1690 1288 1879 1352 Filius,
1932 1297 2114 1356 utpote
2138 1289 2241 1342 'in-

671 1390 1028 1435 strumentum
1069 1379 1212 1433 illius
1249 1378 1429 1446 Operis
1457 1378 1569 1447 jam
1604 1378 1856 1445 absoluti,
1894 1378 2047 1445 cujus
2081 1393 2241 1433 causa

671 1472 845 1526 factus
873 1478 1006 1523 erat.

1056 1560 1171 1613 Alia
1201 1560 1491 1629 probabilia
1524 1560 1871 1613 theoremata.

739 1651 795 1705 Si
847 1651 1008 1704 Pater
1056 1660 1276 1720 propter
1330 1666 1429 1705 nos
1466 1649 1661 1705 Filium
1710 1651 1933 1713 creavit,
1972 1652 2036 1705 de
2084 1651 2241 1706 nobis

665 1743 855 1810 primis
885 1741 1226 1796 deliberavit.
1264 1740 1319 1795 Si
1354 1756 1483 1795 vero
1505 1741 1619 1808 ejus
1642 1743 1960 1796 deliberatio
1981 1743 2121 1796 circa
2146 1757 2241 1795 nos

668 1831 870 1899 primos
897 1838 1109 1884 versata
1141 1838 1244 1895 est,
1280 1832 1633 1898 quamobrem
1688 1829 1775 1883 ille
1806 1841 1930 1884 ante
1970 1846 2066 1885 nos
2095 1845 2242 1884 crea-

670 1932 775 1987 tur,
811 1922 901 1990 qui
936 1922 987 1975 in
1035 1920 1265 1975 consilio
1305 1928 1360 1973 et
1407 1920 1796 1974 deliberatione
1830 1930 1948 1973 erat
1979 1920 2244 1974 ultimus?

667 2013 774 2065 Aut
802 2027 921 2076 cur,
959 2026 1080 2065 cum
1110 2011 1259 2065 illum
1288 2011 1521 2079 primum
1549 2012 1771 2075 creavit,
1803 2026 1908 2065 non
1942 2012 2105 2065 etiam
2134 2012 2244 2079 pri-

671 2120 758 2158 mo
784 2105 851 2159 de
888 2103 981 2158 illo
1018 2102 1373 2159 deliberavit?
1406 2118 1575 2172 quare
1605 2104 1769 2156 etiam
1817 2118 1939 2157 cum
1990 2103 2055 2157 de
2090 2102 2245 2157 nobis

670 2195 900 2262 primum
929 2194 1202 2263 cogitarit,
1232 2192 1379 2246 illum
1408 2193 1623 2262 quidem
1658 2192 1853 2247 Filium
1880 2202 1933 2245 et
1976 2193 2241 2246 ltaeredem

666 2294 847 2349 vocat,
883 2299 980 2339 nos
1013 2291 1190 2338 autem
1233 2297 1441 2346 servos,
1486 2294 1539 2337 et
1572 2284 1938 2338 hmreditatem
1986 2282 2128 2337 illius
2152 2284 2243 2352 qui

668 2386 888 2445 propter
920 2389 1017 2428 nos
1050 2374 1225 2429 factus
1250 2374 1375 2430 est?
1397 2374 1693 2441 Oportebat
1714 2374 1858 2429 enim
1890 2390 1919 2428 e
1944 2375 2238 2441 contrario,

665 2481 766 2520 nos
789 2466 1004 2535 quidem
1058 2465 1197 2520 filios
1245 2474 1299 2520 et
1344 2466 1591 2521 hreredes
1632 2479 1776 2531 esse,
1830 2466 2241 2519 instrumentum

667 2570 797 2609 vero
837 2565 1038 2611 nostra:
1071 2556 1314 2621 facturas,
1352 2559 1494 2625 quod
1531 2572 1741 2625 quoque
1772 2567 1989 2624 propter
2020 2573 2118 2611 nos
2163 2558 2243 2612 fa-

665 2656 809 2699 ctum
828 2657 933 2711 est,
952 2662 1166 2701 servum
1193 2661 1312 2701 esse
1343 2647 1604 2717 nobisque
1631 2648 1965 2703 inferiorem.
1989 2648 2244 2703 Facessat

664 2737 898 2791 absurda
925 2735 1185 2805 ejusmodi
1228 2737 1401 2793 ratio!

944 2845 1219 2917 Expositio
1251 2860 1401 2903 recta:
1430 2851 1702 2904 sententia:
1726 2860 1775 2903 et
1811 2850 1959 2920 ﬁdei.

736 2959 910 3016 Filius
944 2974 1287 3030 nequaquam
1322 2971 1544 3031 propter
1572 2977 1669 3016 nos
1703 2962 1878 3015 factus
1917 2970 2018 3027 est,
2051 2963 2143 3016 sed
2174 2978 2242 3017 ne

664 3055 838 3107 factus
870 3051 1085 3121 quidem
1125 3052 1350 3107 omnino
1398 3062 1504 3108 est.
1551 3052 1684 3105 Nam
1718 3052 1931 3106 etiamsi
1961 3060 2242 3107 creaturas

661 3145 961 3215 producere
985 3143 1144 3197 Pater
1178 3143 1482 3209 noluisset,
1525 3162 1542 3194 ι
1577 3154 1694 3198 erat
1738 3141 1973 3196 Verbum
2016 3143 2069 3196 in
2102 3144 2233 3210 ipso,
2265 3124 2308 3183 ο

662 3244 716 3287 et
762 3231 902 3287 Deus
939 3243 1056 3287 erat
1091 3232 1320 3288 Verbum
1347 3273 1362 3299 ,
1402 3250 1422 3285 ι
1470 3231 1923 3301 quemadmodum
1978 3232 2236 3300 scriptum

662 3335 745 3378 est
771 3324 833 3377 ¹³.
852 3326 924 3379 Ea
947 3334 1257 3400 tamenquae
1282 3335 1469 3380 creata
1502 3335 1649 3387 sunt,
1684 3323 1906 3378 omnino
1940 3338 2036 3392 per
2065 3324 2236 3393 ipsum

664 3414 778 3471 ﬁeri
807 3416 1113 3484 oportebat.
1150 3412 1286 3468 Nam
1315 3415 1457 3470 sicut
1498 3415 1677 3470 lumen
1730 3414 1886 3467 aliter
1934 3414 2240 3469 illuminare

665 3520 769 3562 n‘on
821 3515 1018 3579 potest,
1051 3508 1152 3561 nisi
1194 3521 1287 3575 per
1316 3521 1471 3561 suum
1522 3506 1867 3575 splendorem
1919 3525 1933 3560 :
1981 3506 2054 3560 ita
2107 3506 2238 3561 nihil

660 3609 845 3654 corum
890 3614 1011 3670 quae
1084 3608 1209 3653 sunt
1256 3608 1509 3667 operatur
1550 3595 1732 3662 Pater,
1784 3597 1887 3651 nisi
1940 3611 2034 3666 per
2080 3612 2234 3652 suum

665 3691 923 3747 Verbum.
951 3709 971 3743 ι
996 3689 1188 3745 Omnia
1212 3689 1379 3752 enim,
1407 3689 1579 3757 inquit
1607 3688 1906 3757 Scriptura,
1938 3702 2032 3757 per
2064 3688 2235 3758 ipsum

661 3783 799 3837 facta
835 3790 981 3846 sunt,
1001 3790 1057 3835 et
1083 3780 1199 3835 sine
1227 3779 1343 3849 ipso
1371 3778 1569 3834 factum
1596 3790 1679 3834 est
1708 3778 1839 3833 nihil
1866 3780 1929 3832 “'.
1959 3797 1977 3830 ι
2009 3778 2235 3845 Idcirco,

657 3886 713 3930 et
743 3875 989 3938 dextera,
1024 3882 1076 3925 et
1105 3872 1393 3927 brachium
1432 3870 1525 3926 Dei
1571 3880 1812 3924 vocatur.
1860 3868 2053 3925 Omnia
2091 3870 2234 3924 enim

656 3979 752 4034 per
783 3965 978 4033 ipsum,
1009 3960 1170 4014 veluti
1202 3975 1297 4030 per
1334 3975 1570 4023 manum,
1607 3969 1882 4027 operatur.

658 4076 964 4133 Observatio
998 4074 1241 4143 quasdam
1286 4071 1781 4193 sacrcral_Scriptitrm
1822 4070 2041 4138 pulchra
2081 4081 2235 4141 atque

1363 4153 1438 4193 Il“
1467 4158 1529 4193 18.

1363 4153 1529 4195 ututs.

724 4253 1235 4323 DixitDeus,inquit
1253 4250 1609 4322 Scriptura”
1639 4266 1653 4304 ε
1678 4250 2036 4317 Fiatlux,tiat
2054 4253 2234 4309 ﬁrma-

656 4359 920 4413 mentum,
958 4346 1088 4401 ﬁant
1121 4345 1407 4399 luminaria
1436 4361 1450 4397 :
1486 4351 1541 4398 et
1568 4342 1763 4397 factum
1796 4353 1880 4398 est
1913 4344 2007 4399 ita.
2043 4346 2227 4400 Dixit:

2343 815 2587 885 ἀνάγκην
2613 815 2763 879 Θεός.
2796 814 2967 884 Φεῦγε
2996 814 3090 868 τοῦ
3115 814 3271 884 λόγου
3301 815 3400 886 τὴν
3427 815 3707 869 ἀτοπίαν.

3026 1014 3230 1068 ΑΛΛΟ.

2415 1105 2476 1157 Ei
2511 1104 2576 1157 δι’
2601 1106 2747 1176 ἡμᾶς
2784 1102 2964 1157 ἔκτισε
2984 1105 3073 1158 τὸν
3094 1106 3218 1158 Υἱὸν
3243 1106 3270 1158 ό
3296 1105 3506 1175 Πατὴρ,
3529 1104 3759 1173 γέγονε
3792 1104 3860 1156 δὲ
3885 1107 3969 1157 καὶ

2345 1197 2701 1267 πεπλήρωται
2728 1197 2787 1249 τὸ
2813 1196 2971 1268 ἔργον
2994 1198 3061 1249 δι’
3092 1198 3119 1250 ὃ
3146 1198 3238 1250 καὶ
3269 1197 3516 1267 ἐκτίσθη,
3541 1196 3843 1266 περιττὸς
3868 1196 3967 1246 λοι-

2344 1290 2444 1341 πὸν
2478 1292 2505 1341 ό
2534 1290 2767 1352 Υἱὸς,ὼς
2799 1289 3030 1360 ὄργανον
3049 1290 3149 1360 τῆς
3169 1290 3235 1343 δι’
3258 1290 3323 1360 ἢν
3348 1290 3744 1360 προϐέϐληται
3771 1290 3963 1359 χρείας

2344 1380 2573 1432 ἁποτελε
2583 1380 2819 1451 σθείσης.

2710 1562 2839 1614 Ἀλ.
2856 1576 2903 1612 ,α
2940 1561 3159 1615 πιθανὰ
3195 1559 3561 1627 θεωρήματα.

2415 1652 2479 1704 Εἰ
2524 1652 2592 1705 δι’
2626 1612 3343 1723 ὴμᾶςέκτισε-τὸνήΥίὸν
3364 1612 3583 1720 Πατὴρ,
3618 1650 3772 1719 περὶ
3807 1650 3953 1719 7.96;-

2343 1761 2450 1797 των
2482 1744 2637 1814 ἡμῶν
2671 1743 3035 1812 βεϐούλευται.
3084 1744 3148 1797 Ei
3190 1744 3247 1797 δὲ
3276 1743 3402 1814 περὶ
3431 1742 3685 1813 πρώτων
3723 1742 3895 1813 ἡμῶν
3922 1746 3949 1811 ἡ

2349 1832 2541 1901 σκέψις
2566 1833 2821 1899 ἐγγέγονε
2853 1831 2930 1902 τῷ
2961 1832 3155 1903 Πατρὶ,
3189 1832 3331 1885 διατί
3371 1832 3479 1903 πρὸ
3518 1831 3701 1903 ἡμῶν
3744 1833 3948 1893 ἐκεῖνος

2345 1924 2589 1988 κτίζεται
2625 1924 2654 1975 ὁ
2690 1925 2747 1976 ὲν
2792 1923 3006 1993 βουλαῖς
3051 1925 3396 1989 τελευταῖος;
3433 1924 3591 1976 Διατί
3626 1923 3694 1975 δὲ
3733 1925 3946 1993 πρῶτον

2344 2015 2504 2066 αὐτὸν
2539 2015 2750 2078 κτίσας,
2785 2016 2843 2067 οὐ
2876 2015 3005 2085 περὶ
3033 2014 3249 2086 πρώτου
3280 2016 3373 2067 xui
3402 2014 3783 2080 ὲ6ουλεύετο;
3816 2015 3944 2067 διατί

2342 2102 2399 2155 δὲ
2434 2092 2597 2156 πάλιν
2627 2102 2877 2172 πρώτους
2901 2104 3045 2173 ἡμᾶς
3087 2103 3225 2172 ἔχων
3255 2105 3312 2156 ἐν
3341 2103 3551 2172 σκέψει,
3590 2106 3828 2155 ἐκεῖνον
3857 2106 3942 2172 μὲν

2343 2194 2471 2245 Υἱὸν
2501 2193 2594 2245 xui
2625 2192 2961 2264 κληρονόμον
2996 2192 3279 2257 ἀποκαλεῖ,
3315 2193 3461 2263 ἡμᾶς
3484 2192 3540 2246 δὲ
3581 2192 3834 2255 δούλους
3863 2194 3940 2243 ni

2342 2284 2541 2354 κλῆρον
2568 2284 2661 2336 τοῦ
2707 2284 2772 2335 δι’
2804 2285 2953 2353 ἡμᾶς
2993 2282 3324 2353 γενομένους
3357 2284 3501 2337 Ἔδει
3549 2283 3665 2353 γὰρ
3720 2286 3796 2336 ἐκ
3844 2286 3940 2335 τῶν

2341 2374 2620 2437 ἐναντίων,
2656 2376 2803 2443 ἡμᾶς
2839 2375 2935 2443 μὲν
2964 2374 3127 2437 Υίοὺς
3177 2376 3270 2427 καὶ
3318 2373 3698 2444 κληρονόμους
3762 2375 3935 2444 61:39-

2342 2481 2486 2535 χειν·
2520 2465 2579 2517 τὸ
2602 2466 2656 2517 δὲ
2685 2468 2784 2534 τῆς
2810 2466 3079 2531 ποιήσεως
3106 2466 3261 2535 ἡμῶν
3284 2465 3533 2535 ὄργανον,
3554 2464 3584 2517 ὃ
3615 2466 3717 2518 xui
3747 2466 3933 2533 γέγονε

2340 2558 2405 2610 δι’
2432 2559 2598 2628 ἡμᾶς,
2633 2558 2818 2611 δοῦλον
2865 2555 3004 2612 εἶναι
3047 2559 3141 2612 xui
3187 2558 3563 2615 ὑποκείιιενον.
3595 2557 3793 2627 Φεῦγε
3849 2559 3931 2611 τοῦ

2341 2649 2497 2718 λόγου
2526 2650 2623 2721 τὴν
2655 2650 2903 2705 ἀτοπίαν.

2509 2846 2823 2931 ’βξήγησις
2863 2846 3228 2930 λοιπὸνντῆς
3265 2849 3447 2918 ὀρθῆς
3484 2852 3779 2916 πίστεως.

2412 2962 2484 3015 Οὐ
2537 2961 2602 3013 δι’
2632 2962 2778 3031 ἡμᾶς
2828 2961 3050 3029 γέγονεν
3095 2962 3124 3012 ὁ
3179 2962 3338 3029 Υἱὸς,
3380 2962 3495 3015 ἀλλ’
3524 2964 3649 3016 οὐδὲ
3700 2966 3925 3033 γέγονεν

2340 3054 2493 3118 ὅλως.
2520 3054 2632 3107 Καὶ
2662 3056 2772 3123 γὰρ
2804 3055 2896 3107 xui
2927 3054 2973 3105 εἰ
3006 3054 3081 3124 μὴ
3111 3051 3268 3119 δόξαν
3295 3052 3363 3126 ἦν
3388 3054 3464 3126 τῷ
3490 3056 3668 3125 Πατρὶ
3700 3061 3923 3127 ποιῆσαι

2340 3146 2409 3199 τὰ
2456 3145 2676 3215 γενητὰ,
2729 3164 2746 3195 ι
2775 3141 2841 3216 ἦν
2885 3146 2912 3197 ό
2958 3145 3128 3213 Λόγος
3175 3147 3233 3199 ὲν
3278 3147 3448 3217 αὐτῷ,
3477 3148 3571 3200 xui
3620 3147 3762 3214 Θεὸς
3803 3145 3871 3219 ἦν
3900 3154 3925 3204 ὁ

2341 3238 2531 3305 Λόγος,
2565 3256 2584 3288 ι
2624 3236 2697 3299 ὡς
2728 3237 3059 3305 γέγραπται.
3095 3236 3175 3289 Τὰ
3208 3238 3306 3307 μέν
3338 3255 3420 3291 τοι
3453 3238 3759 3309 κτιζόμενα
3790 3242 3923 3294 πάνυ

2339 3347 2445 3392 τως
2478 3329 2584 3381 ἔδει
2628 3327 2877 3396 γενέσθαι
2919 3327 2986 3379 δι’
3014 3327 3418 3398 αὐτοῦ.”()νπερ
3448 3328 3556 3399 γὰρ
3592 3330 3805 3400 τρόπον
3830 3333 3921 3384 οὐκ

2341 3418 2407 3472 ἂν
2442 3418 2644 3488 ἑτέρως
2673 3417 2903 3485 φωτίσαι
2928 3417 2989 3470 τὸ
3017 3417 3151 3486 φῶς,
3179 3419 3227 3470 εί
3253 3417 3328 3489 μὴ
3348 3419 3435 3471 διὰ
3461 3417 3553 3471 τοῦ
3587 3419 3725 3472 ἰδίου
3754 3422 3923 3473 ἀπαυ-

2340 3510 2642 3579 γάσματος·
2667 3507 2839 3570 οὕτως
2858 3508 2957 3561 οὐκ
2986 3508 3050 3562 ἄν
3077 3526 3131 3561 τι
3156 3507 3264 3560 τῶν
3287 3508 3454 3562 ὄντων
3476 3509 3787 3580 ἐργάσαιτο
3810 3513 3916 3564 Παο

2338 3601 2464 3672 τὴρ,
2522 3601 2571 3653 εἰ
2620 3600 2695 3670 μὴ
2734 3598 2823 3652 διὰ
2850 3598 2946 3651 τοῦ
2991 3600 3193 3652 οίκείου
3222 3600 3418 3669 Λόγου.
3474 3619 3493 3651 ι
3549 3601 3748 3655 Πάντα
3794 3605 3916 3675 γὰρ,

2339 3691 2493 3761 φησὶ,
2552 3690 2619 3742 δι’
2678 3688 2841 3741 αὐτοῦ
2894 3689 3133 3756 ἐγένετο,
3166 3690 3258 3743 καὶ
3290 3691 3460 3761 χωρὶς
3485 3691 3655 3744 αὐτοῦ
3701 3693 3915 3761 ἐγένετο

2336 3780 2457 3833 οὐδὲ
2482 3779 2560 3832 ἓν.
2588 3798 2606 3829 ι
2639 3778 2737 3830 Διὰ
2764 3776 2921 3830 τοῦτο
2947 3778 3041 3831 xui
3073 3800 3090 3830 ι
3116 3777 3265 3843 δεξιὰ
3290 3781 3384 3832 xui
3416 3780 3660 3851 βραχίων
3680 3800 3697 3833 ι
3728 3784 3914 3853 ὀνομά-

2337 3874 2488 3938 ζεται
2529 3869 2686 3923 Θεοῦ.
2716 3870 2898 3923 Πάντα
2922 3869 3028 3941 γὰρ
3053 3868 3118 3923 δι’
3144 3869 3332 3938 αὑτοῦ,
3365 3870 3441 3934 ὡς
3467 3871 3553 3924 διὰ
3582 3871 3796 3941 χειρὸς,
3828 3874 3910 3943 ὲρ-

2334 3963 2574 4033 γάζεται.

2384 4073 2761 4141 Ἐπιτήρησις
2793 4072 2911 4127 ἀπὸ
2943 4069 3051 4138 τῆς
3080 4072 3241 4141 θείας
3271 4070 3539 4140 Γραφῆς,
3572 4071 3737 4139 καλὴ
3780 4074 3877 4127 καὶ

2954 4140 3292 4211 ἑπωφελής.

2405 4255 2561 4324 Εἶπε,
2612 4248 2796 4328 φησὶν,
2839 4257 2867 4308 ὁ
2918 4255 3069 4318 Θεόςο
3121 4255 3411 4325 Γενηθήτω
3458 4254 3593 4322 φῶς,
3617 4254 3906 4326 γενηθήτω

2336 4351 2653 4423 στερέωμα,
2706 4346 3092 4418 γενηθήτωσαν
3163 4345 3489 4416 φωστῆρες·
3540 4345 3635 4399 καὶ
3691 4348 3906 4415 ἐγένετο

654 4440 938 4497 Faciamus
963 4439 1234 4495 hominem
1271 4456 1285 4492 :
1320 4450 1373 4492 et
1400 4436 1541 4505 ifecit
1576 4437 1713 4491 Deus
1736 4437 2030 4494 hominem.
2076 4438 2145 4493 At
2175 4440 2228 4493 in

2342 4445 2527 4506 οὕτως.
2573 4437 2730 4494 Εἷπε·
2765 4440 3089 4508 Ποιήσωμεν
3116 4438 3401 4507 ἄνθρωπον
3420 4454 3435 4470 ·
3466 4436 3558 4489 xui
3585 4436 3843 4507 ἐποίησεν
3878 4440 3905 4488 ὁ

655 4532 740 4587 his
764 4530 1018 4586 omnibus
1045 4544 1311 4599 nusquam
1338 4537 1422 4584 est
1454 4528 1641 4584 videre
1670 4526 1866 4583 Filium
1892 4529 2090 4599 alloqui
2122 4530 2222 4584 Pa-

655 4634 814 4688 trem,
845 4623 999 4693 quasi
1030 4622 1299 4677 volentem
1328 4621 1537 4676 discere
1579 4619 1883 4688 qualianam
1912 4635 2034 4677 esse
2060 4637 2221 4690 opor-

652 4725 730 4772 tet
758 4732 878 4786 quae
909 4717 1142 4770 creanda
1175 4722 1355 4778 erant,
1400 4713 1493 4769 sed
1530 4728 1632 4769 vox
1687 4716 1800 4784 ipsa
1854 4729 1989 4783 opus
2015 4723 2099 4767 est
2128 4732 2143 4767 :
2175 4714 2217 4768 si

653 4820 830 4862 autem
862 4806 1039 4862 Verbo
1068 4820 1231 4875 opera
1268 4805 1403 4859 tiunt
1445 4804 1600 4874 juxta
1637 4804 1963 4859 voluntatem
2017 4804 2217 4869 Patris,

652 4897 887 4953 Verbum
922 4898 1106 4967 itaque
1135 4905 1221 4954 est
1260 4897 1510 4969 voluntas
1540 4897 1716 4951 Patris
1756 4902 1940 4951 vivens
1984 4905 2144 4964 atque
2173 4896 2223 4951 ei

652 4993 998 5059 inexsistens,
1022 5006 1142 5063 qua:
1165 4989 1327 5047 simul
1356 4990 1410 5043 in
1436 4990 1550 5061 ipso
1578 4999 1680 5053 est,
1699 5000 1749 5044 et
1779 4987 2017 5043 vicissim
2046 4988 2221 5056 ipsum

649 5083 703 5137 in
740 5097 799 5139 se
828 5084 1010 5138 habet.

655 5196 811 5266 155
840 5194 960 5266 Atia
1009 5193 1319 5266 obseruatio,
1363 5207 1428 5245 ea:
1475 5206 1580 5266 qua
1633 5187 1881 5266 discimus
1929 5185 2221 5266 angelishet

719 5254 915 5319 ἷιῧιειὶι
950 5264 1210 5329 prophetis
1245 5254 1667 5315 consuetudinem
1698 5273 1808 5310 esse
1828 5257 1997 5329 jussis
2038 5274 2072 5329 a_
2112 5254 2220 5307 Deo

722 5336 881 5388 etiam
904 5326 1337 5399 interrogationes
1371 5330 1628 5399 proferre,
1660 5327 2026 5393 ignorantibus
2056 5326 2219 5399 inter-

715 5406 839 5456 dum
881 5404 933 5455 id
961 5395 1341 5470 quodwjtmum
1372 5395 1479 5454 est.
1524 5395 1732 5449 Verbtm
1791 5405 1962 5448 autem
2006 5412 2107 5448 non
2142 5396 2218 5447 ita

720 5473 891 5541 facere
921 5474 1195 5539 reperitur.

716 5586 857 5640 Deus
869 5585 1115 5656 promisit
1137 5584 1366 5638 Abraha:
1388 5581 1585 5647 ﬁlium,
1607 5589 1659 5635 et
1679 5580 1794 5649 ipse
1811 5580 2078 5647 interroga
2103 5576 2177 5631 vit
2200 5593 2215 5628 :

720 5745 763 5777 ¹³
787 5742 940 5800 Joan.
974 5757 1019 5809 ι,
1054 5742 1103 5797 1.
1185 5739 1226 5770 ¹⁴⁵
1248 5738 1381 5796 Ibid.
1454 5738 1513 5769 "‘
1540 5736 1677 5793 Gen.
1718 5753 1759 5791 ι.

2327 4534 2458 4597 Θεὸς
2495 4532 2584 4585 τὸν
2614 4530 2918 4601 ἄνθρωπον.
2938 4527 3075 4580 Ἀλλ’
3110 4528 3166 4578 ὲν
3190 4526 3403 4588 τούτοις
3437 4526 3639 4578 ἅπασιν
3666 4526 3900 4595 οὐδαμοῦ

2328 4624 2578 4695 φαίνεται
2608 4622 2766 4690 λόγος
2794 4620 2870 4683 ὡς
2899 4619 2957 4685 ἐξ
2988 4617 3116 4672 Υίοῦ
3155 4617 3292 4689 πρὸς
3321 4617 3412 4672 τὸν
3443 4616 3662 4687 Πατέρα
3697 4618 3899 4687 μανθὰ·

2325 4731 2435 4767 νειν
2464 4711 2739 4774 ἐθέλοντος
2765 4709 2926 4762 ὁποῖά
2945 4726 3067 4763 τινα
3088 4707 3193 4778 χρὴ
3216 4706 3470 4776 γενέσθαι
3496 4706 3562 4758 τὰ
3585 4706 3891 4776 κτιζόμενα“

2325 4804 2440 4857 ἀλλ’
2467 4805 2500 4873 ἡ
2530 4801 2679 4872 φωνὴ
2726 4801 2789 4854 τὸ
2833 4800 2991 4872 ἔργον
3020 4800 3249 4867 γίνεται.
3282 4798 3344 4850 Ei
3384 4796 3443 4849 δὲ
3487 4795 3631 4865 λόγῳ
3663 4796 3730 4849 τὰ
3762 4797 3891 4867 ἔργα

2320 4896 2528 4963 γίνεται
2561 4892 2702 4948 κατὰ
2747 4891 2846 4962 τὴν
2896 4890 3091 4960 βουλὴν
3136 4888 3230 4941 τοῦ
3271 4888 3503 4959 Πατρὸς,
3533 4886 3561 4936 ὁ
3591 4886 3757 4953 Λόγος
3786 4888 3888 4957 ἄρα

2320 4985 2467 5039 ἐστὶν
2498 4988 2530 5054 ἠ
2564 4982 2847 5054 βουλὴ-τοῦ
2877 4981 3088 5051 [ἰατρὸς
3116 4983 3146 5050 ἡ
3176 4980 3324 5045 ζῶσα
3353 4981 3446 5031 xui
3471 4978 3731 5040 ἐνούσιος,
3756 4979 3883 5047 αὐτή

2318 5092 2376 5127 τε
2407 5070 2542 5128 οὖσα
2574 5076 2633 5126 ὲν
2667 5072 2862 5143 Πατρὶ,
2894 5071 2988 5124 καὶ
3022 5071 3218 5141 ἔχουσα
3253 5069 3414 5121 αὑτὸν
3442 5071 3499 5120 ἐν
3525 5069 3661 5139 αὐτῇ

2331 5183 2708 5252 Ἐπιτήρησις
2750 5182 2983 5252 ὁμοίως,
3012 5181 3082 5246 ἐξ
3125 5177 3201 5251 ἧς
3230 5180 3631 5252 ,μανθᾴνομεξν
3663 5178 3749 5252 ὅτι
3782 5182 3883 5252 Am!

2389 5250 2665 5322 ἀγγέλοις
2693 5250 2791 5306 καὶ
2829 5252 3021 5321 ἁγίοις
3043 5250 3375 5322 προφήταις
3409 5250 3545 5322 ἔθος
3572 5250 3742 5322 ἐστὶν
3768 5250 3887 5322 ἐπι-

2395 5319 2795 5389 ταττομένοις,
2816 5319 2975 5387 παρὰ
2995 5321 3162 5385 Θεοῦ,
3190 5321 3285 5374 καὶ
3306 5319 3628 5389 ἐρωτήσεις
3643 5320 3885 5387 ἀγνοοῦ-

2390 5411 2493 5446 σιν
2528 5393 2654 5446 ἔσθ’
2685 5392 2783 5445 ὅτε
2808 5390 2871 5443 τὸ
2900 5391 3393 5458 ἐπιταττόμενον,
3422 5391 3485 5441 '0
3512 5388 3581 5441 δέ
3617 5391 3722 5442 τοῦ
3745 5390 3880 5441 Θεοῦ

2390 5464 2576 5531 Λόγος
2609 5465 2722 5531 οὐχ
2755 5462 2943 5526 οὕτως
2986 5457 3224 5527 ἐδείχθη
3264 5457 3469 5512 ποιῶν.
3844 5475 3848 5479 ‘

2388 5574 2478 5644 Τῷ
2524 5575 2774 5648 Ἀϐραὰμ
2803 5577 2916 5630 υἱὸν
2943 5578 3310 5648 ἐπηγγέλλετο
3344 5579 3371 5629 ό
3410 5576 3562 5639 Θεὸς,
3613 5574 3705 5627 xui
3733 5572 3876 5634 αὐτὸς

4031 4914 4033 5005 l
