4072 6510
174 351 262 404 ξσι

1552 346 1997 405 TIIESAURUS.

3317 343 3426 399 9.62

174 470 397 539 ἔφασκε*
440 495 456 519 ς
492 468 649 522 Κατὰ
678 468 729 521 τί
754 468 1035 538 γνώσομαι
1074 467 1267 535 τοῦτο;
1303 486 1320 517 ι
1375 466 1764 520 Ἀπεστέλλετο

1872 495 1890 525 ι
1917 472 2033 537 Quo
2058 469 2214 538 signo
2242 480 2564 536 cognoscam
2602 464 2705 520 hoc
2730 464 2810 518 ‘5?
2834 484 2853 515 ι
2889 462 3203 518 Mittebatur
3224 460 3422 526 Moses,

174 559 379 628 Μωσῆς
429 558 524 611 καί
569 575 737 629 φησιν
759 575 772 588 ο
806 578 823 609 ι
860 558 983 609 Ἐὰν
1010 557 1324 628 ἐρωτήσωσί
1373 574 1463 627 με,
1495 557 1559 608 Τί
1584 556 1755 626 ὄνομα

174 647 358 717 αύτῷ;
398 649 452 700 τί
474 648 583 719 ἐρῶ
616 648 752 718 πρὸς
780 646 1009 711 αὐτούς;
1037 667 1055 698 ι
1088 648 1196 701 Kal.
1239 650 1265 701 6
1293 647 1523 716 ἄγγελος
1556 648 1612 700 δὲ
1638 648 1666 699 6
1698 649 1754 699 ὲν

176 736 254 807 τῷ
281 738 525 809 Ζαχαρία
552 735 790 810 διηρώτα
834 736 987 800 Θεὸν,
1022 736 1231 804 λέγων’
1277 756 1295 788 ι
1344 737 1516 806 Κύριε
1560 753 1755 790 παντο-

177 827 424 897 κράτωρ,
449 828 550 888 ἕως
576 827 721 889 τίνος
742 827 801 879 οὐ
827 826 901 897 μὴ
925 828 1153 898 ἐλεήσῃς
1175 827 1275 898 τὴν
1312 827 1698 897 Ὶερουσαλήμ;
1730 845 1748 876 ι

180 918 291 970 Ku't
326 917 484 970 πάλιν
505 916 777 984 ἐκδέχεται
812 917 969 987 ἄχρις
1005 916 1069 970 ἂν
1100 916 1306 986 ἀκούσῃ
1341 916 1530 984 λόγους
1557 916 1756 978 καλοὺς

182 1010 277 1062 καὶ
328 1008 787 1079 παρακλητικούς.
839 1009 946 1061 Καὶ
1000 1009 1028 1060 6
1094 1008 1407 1078 Ἀϐϐακοὺμ
1449 1006 1504 1060 δέ
1557 1024 1751 1075 φησιν·

188 1119 208 1152 ι
263 1102 383 1153 Ἐπὶ
412 1100 509 1169 τῆς
552 1099 801 1168 φυλακῆς
831 1116 934 1169 μου
979 1100 1266 1169 στήσομαι,
1306 1099 1398 1151 καὶ
1425 1098 1756 1168 ἐπιϐήσομαι

182 1192 274 1245 ἐπὶ
304 1188 530 1259 πέτραν,
561 1188 657 1240 καὶ
690 1187 1090 1241 ἁποσκοπεύσω
1132 1187 1225 1238 τού
1261 1186 1389 1238 ἰδεῖν
1436 1187 1487 1237 τί
1534 1185 1757 1255 λαλήσει

182 1283 238 1333 ὲν
260 1280 382 1349 ἐμοὶ
411 1282 438 1331 ὁ
463 1278 614 1341 Θεός.
658 1297 676 1330 ι
714 1278 897 1331 Ταῦτα
922 1278 1028 1348 γὰρ
1052 1278 1126 1340 ὡς
1155 1277 1314 1330 δοῦλα
1337 1277 1429 1329 καὶ
1453 1277 1755 1347 ποιήματα,

181 1371 273 1425 καὶ
317 1373 416 1441 τῆς
464 1368 559 1422 τοῦ
586 1369 770 1438 -λόγου
818 1368 1095 1439 μεσιτείας
1136 1369 1387 1438 δεόμενα,
1432 1368 1581 1437 ἠξίου
1627 1368 1756 1438 παρ’

180 1460 343 1513 αὐτοῦ
392 1460 741 1513 διδάσκεσθαι
786 1461 886 1530 τὴν
938 1460 1134 1530 βουλὴν
1172 1460 1265 1512 τοῦ
1310 1460 1541 1530 Πατρός.
1593 1461 1648 1513 Ὀ
1702 1459 1758 1512 δὲ

182 1553 307 1615 Υίὸς
340 1552 630 1623 μανθάνειν
659 1552 758 1603 οὐκ
791 1550 1038 1621 ἐπιζητεῖ
1084 1550 1253 1617 Λόγος
1297 1550 1371 1602 ὢν
1414 1549 1509 1602 τοῦ
1547 1550 1758 1621 Πατρὸς

180 1644 276 1697 καὶ
315 1643 557 1705 ὲνούσιος
596 1641 869 1712 βούλησις.
902 1643 1014 1694 Οὐκ
1057 1641 1164 1711 ἄρα
1192 1643 1256 1694 ὲκ
1308 1641 1603 1712 μαθήσεως
1646 1641 1758 1710 ἔχει

186 1736 241 1790 τὸ
270 1724 409 1789 εἶναι
442 1735 793 1806 δημιουργὸς,
828 1734 941 1787 ἀλλ’
977 1732 1248 1797 ούσιωδῶς
1277 1750 1335 1786 τε
1366 1734 1459 1786 καὶ
1489 1733 1752 1801 φυσικῶς.

182 1849 307 1900 Ἔτι
338 1851 423 1913 εἰς
454 1847 542 1909 τὸ,
576 1866 594 1897 ι
628 1847 842 1914 Κύριος
888 1845 1090 1899 exuas
1118 1862 1193 1914 με
1226 1844 1421 1913 ἀρχὴν
1455 1843 1612 1914 ὁδῶν
1649 1846 1753 1898 a13-
1788 1806 1829 1861 Β

252 1918 377 1971 τοῦ.
400 1912 437 1968 ⁷»
474 1918 604 1969 ’Ὅτι
648 1912 723 1969 οὗ
762 1917 983 1983 κτίσμα
1017 1919 1048 1968 ό
1080 1912 1232 1981 Υἱὸς,
1278 1912 1437 1970 ἀλλὰ
1468 1912 1547 1978 τῷ
1578 1914 1756 1981 ΙΙατρὶ

251 1987 579 2051 avrum/oc.
633 1987 830 2051 Ὅπως
863 1985 930 2037 δὲ
976 1984 1090 2052 χρὴ
1131 1985 1294 2038 νοεῖν
1331 1986 1418 2046 τὸ,
1475 2004 1493 2034 ι
1541 1985 1757 2049 Κύριος

254 2056 452 2111 ἓκτισέ
474 2073 549 2124 με
574 2056 772 2124 ἀρχὴν
799 2054 957 2108 ὁδῶν
991 2054 1198 2117 αὑτοῦ,
1243 2074 1261 2106 ι
1307 2055 1373 2107 ἐκ
1397 2052 1515 2106 τῶν
1533 2054 1758 2123 ἐφεξῆς

258 2126 540 2194 κειμένων
567 2127 867 2194 εἰσόμεθα.

254 2239 475 2308 Πρῶτον
502 2239 601 2309 μὲν
630 2241 805 2291 ἐκεῖνο
838 2238 943 2308 χρὴ
975 2238 1177 2306 λέγειν,
1224 2238 1304 2290 ὅτι
1333 2238 1402 2290 τὰ
1448 2254 1758 2307 παροιμιῶ-

183 2330 286 2392 δῶς
343 2330 610 2400 λεγόμενα
669 2330 815 2383 δοκεί
876 2328 973 2399 μέν
1035 2347 1087 2381 τι
1138 2328 1421 2398 σημαίνειν
1479 2328 1619 2381 κατὰ
1670 2329 1760 2380 τὸν

186 2419 476 2489 πρόχειρον
502 2417 647 2485 νοῦν,
679 2418 788 2489 ἔχει
817 2418 873 2469 δὲ
906 2418 1004 2487 οὐχ
1035 2417 1208 2480 οὓτως
1247 2419 1322 2480 ὼς
1366 2418 1605 2486 λέγεται,
1647 2418 1759 2471 ἀλλ’

188 2509 380 2578 ἑτέραν
421 2509 599 2561 ὠδίνει
644 2509 901 2562 διάνοιαν.
936 2508 1046 2562 Καὶ
1079 2509 1208 2575 γοῦν
1253 2508 1488 2577 ἔφασκεν
1514 2511 1541 2561 6
1574 2508 1761 2579 Σωτὴρ

188 2599 325 2666 πρὸς
354 2602 478 2663 τοὺς
518 2599 713 2652 ἑαυτοῦ
748 2598 993 2670 μαθητάς
1016 2613 1032 2629 ο
1065 2617 1083 2649 ι
1119 2597 1301 2652 Ταῦτα
1343 2601 1400 2651 ὲν
1444 2600 1763 2669 παροιμίαις

188 2690 459 2761 λελάληκα
485 2692 611 2760 ὑμῖν
633 2707 645 2720 ⁸
677 2691 893 2761 ἔρχεται
925 2691 981 2744 δὲ
1008 2689 1126 2761 ὥρα
1152 2690 1239 2743 ὅτε
1282 2690 1464 2743 οὐκέτι
1487 2691 1545 2743 ἐν
1572 2707 1763 2761 παροι-

190 2782 341 2851 μίαις
371 2781 589 2850 λαλήσω
618 2783 764 2851 ὑμῖν,
794 2780 931 2834 ἀλλὰ
960 2782 1265 2851 παρρησίᾳ,
1295 2800 1312 2833 ι
1344 2782 1419 2844 ὡς
1444 2782 1543 2850 τῆς
1572 2799 1763 2851 παροι-

190 2872 318 2941 μίας
350 2872 448 2924 οὺκ
478 2871 706 2941 ἐχούσης
730 2870 829 2942 τὴν
857 2872 1188 2943 παρρησίαν.
1224 2872 1296 2924 Τὸ
1324 2871 1500 2924 τοίνυν
1530 2891 1549 2922 ι
1580 2872 1761 2924 ἔκτισε

189 2978 279 3031 με,
315 2980 333 3012 ›
386 2962 420 3031 ἡ
471 2959 630 3029 σοφία
683 2961 1015 3031 γυμνότερον
1059 2960 1314 3028 λέγουσα,
1365 2961 1545 3030 τίθησι
1600 2962 1761 3014 πάλιν

188 3051 440 3122 τοιαύτην
466 3051 585 3105 τινὰ
617 3052 802 3121 φωνήν
822 3068 835 3081 ·
864 3072 881 3102 ι
924 3052 988 3103 Ἠ
1023 3051 1184 3121 σοφία
1213 3050 1562 3121 ᾠκοδόμησεν
1592 3053 1757 3122 ἑαυτῇ

185 3139 357 3197 οἷκον.
409 3161 426 3195 ι
473 3141 538 3195 Ei
568 3144 744 3196 τοίνυν
798 3144 831 3212 ἡ
877 3143 1037 3211 σοφία
1092 3143 1189 3213 μὲν
1239 3141 1384 3194 ἔστιν
1417 3145 1445 3195 ὁ
1484 3142 1577 3197 τοῦ
1627 3143 1759 3195 Θεοῦ
1790 3156 1829 3209 C

187 3235 379 3303 Λόγος,
409 3235 573 3305 ἑαυτῇ
608 3234 661 3287 δὲ
692 3234 783 3286 τὸν
813 3231 956 3287 οἶκον
998 3236 1288 3304 οἰκοδομεῖ,
1316 3234 1417 3287 ποῦ
1446 3234 1505 3287 τὸ
1536 3253 1553 3284 ι
1584 3233 1765 3287 ἔκτισέ

188 3342 260 3396 με
311 3345 329 3377 ι
374 3326 632 3395 χωρήσει,
682 3325 925 3389 πιθανῶς
968 3326 1247 3397 ζητητέον.
1310 3326 1468 3379 Ἐστι
1519 3326 1699 3379 τοίνυν
1738 3328 1766 3379 6

188 3416 347 3469 τοῦτο
371 3417 544 3484 λέγων
575 3418 831 3487 Χριστὸς,
863 3419 938 3481 ὡς
964 3418 1061 3488 ήδη
1099 3418 1311 3488 τεχθεὶς
1352 3419 1445 3471 καὶ
1478 3418 1766 3488 γενόμενος

186 3507 505 3578 ἄνθρωπος·
544 3507 628 3575 ἐφ’
657 3501 717 3560 οὗ
765 3508 844 3574 τὸ,
893 3526 911 3559 ι
952 3508 1130 3561 ἔκτισέ
1180 3526 1269 3579 με,
1312 3529 1330 3560 ι
1368 3508 1768 3580 ἀδυσφημήτως

187 3600 449 3661 κείσεται,
483 3598 618 3652 καθὸ
647 3599 951 3669 ἄνθρωπος.
976 3600 1172 3667 Γέγονε
1196 3601 1251 3654 δὲ
1277 3601 1374 3670 τῆς
1406 3600 1597 3670 σοφίας
1622 3597 1767 3665 οἴκος

190 3690 283 3741 ὑπ’
344 3690 512 3760 αὐτῆς
586 3693 1091 3762 κατεσκευασμένος
1150 3693 1210 3746 τὸ
1277 3694 1435 3763 σῶμα
1490 3693 1647 3747 τοῦτο
1708 3695 1768 3747 τὸ

189 3779 369 3833 κοινὸν
414 3780 474 3831 τὸ
504 3781 568 3831 ὲκ
611 3781 709 3850 τῆς
745 3781 905 3848 ἁγίας
939 3782 1215 3853 Παρθένου
1256 3783 1463 3853 τεχθὲν,
1507 3786 1565 3839 ὲν
1588 3778 1632 3853 ᾧ
1675 3786 1765 3837 εύ-

189 3871 387 3940 δόκησε
428 3874 750 3942 κατοικῆσαι
799 3874 907 3924 πᾶν
961 3873 1020 3925 τὸ
1073 3873 1346 3944 πλήρωμα
1384 3878 1481 3946 τῆς
1518 3876 1769 3946 θεότητος

190 3960 547 4028 σωματικῶς,
582 3958 722 4012 κατὰ
767 3959 865 4030 τὴν
908 3960 1004 4013 τοῦ
1056 3961 1268 4013 Παύλου
1323 3964 1527 4031 φωνήν.
1560 3962 1769 4015 Οὐκοῦν

189 4050 489 4121 ἐπειδήπερ
520 4052 548 4103 ό
579 4050 750 4118 Λόγος
783 4051 921 4121 σὰρξ
956 4052 1192 4118 ἐγένετο,
1234 4051 1414 4122 τίθησι
1450 4052 1576 4122 περὶ¹
1604 4051 1767 4105 αὐτοῦ

190 4144 271 4205 τὸ,
311 4164 329 4196 ι
358 4145 537 4198 ἔκτισέ
574 4162 661 4214 με,
703 4164 721 4196 ι
760 4147 793 4215 ή
821 4144 940 4198 θεία
968 4148 1183 4218 Γραφὴ,
1216 4148 1352 4201 καθὸ
1381 4148 1571 4218 γέγονε
1600 4149 1765 4219 σάρξ·

189 4237 289 4289 καὶ
324 4236 497 4300 οὕτως
530 4236 764 4291 νοεῖσθαι
797 4237 903 4308 χρὴ
934 4238 995 4291 τὸ
1026 4238 1334 4310 λεγόμενον.

191 4391 404 4467 ΑΛΛΟ,
437 4390 577 4467 ’Ὅτι
612 4391 699 4467 τό,
746 4408 767 4443 ι
811 4394 1012 4467 eaquae
1045 4410 1142 4461 με,
1168 4466 1173 4467 ν
1197 4412 1215 4444 ι
1256 4395 1446 4467 μόνον
1474 4399 1765 4467 κείμενον,

1856 574 1909 620 et
1926 562 2065 617 dixit
2087 560 2161 612 ¹⁶;
2191 578 2207 608 ι
2237 557 2293 611 Si
2315 558 2650 624 interrogant
2676 569 2761 609 me
2785 572 2797 607 :
2820 554 2974 619 Quod
2996 560 3077 607 est
3095 566 3290 607 nomen
3310 550 3426 622 ejus

1856 656 1946 725 qui
1997 663 2048 707 te
2113 648 2301 705 misit?
2358 648 2483 716 quid
2530 646 2703 700 dicam
2758 646 2869 699 eis?
2916 662 2934 695 ι
2984 644 3221 713 Angelus
3260 643 3424 697 etiam

1855 745 1994 815 apud
2046 740 2364 797 Zachariam
2414 754 2444 791 a
2484 737 2596 792 Deo
2651 737 2948 806 qumrebat,
2999 736 3228 789 dicens:
3267 752 3285 784 ι
3318 733 3426 787 Do-

1860 840 2005 892 mine
2049 833 2412 903 omnipotens,
2451 844 2729 898 usquequo
2773 843 2876 882 non
2905 826 3250 881 misereberis
3273 823 3428 879 Jeru-

1858 930 2025 983 salem
2061 923 2146 977 “i
2176 941 2195 974 ι
2231 923 2297 976 Ει
2329 920 2679 989 exspectabat
2704 931 2982 988 quousque
3011 916 3173 970 verba
3207 916 3343 970 bona
3373 922 3429 967 et

1858 1016 2219 1075 consolatoria
2272 1013 2521 1066 audiret.
2582 1009 2650 1063 Et
2713 1008 2965 1063 liabacuc
3021 1007 3196 1075 inquit
3246 1023 3263 1061 :
3318 1025 3336 1057 ι
3370 1005 3425 1059 In

1858 1126 1974 1165 mea
2010 1108 2256 1163 custodia
2293 1105 2471 1169 Stabo,
2502 1100 2864 1157 etasceudam
2885 1100 2936 1152 in
2963 1108 3193 1167 petram,
3218 1107 3272 1152 et
3299 1112 3429 1152 con-

1857 1200 2106 1256 siderabo
2147 1197 2274 1267 quid
2325 1196 2577 1265 loquatur
2626 1194 2678 1247 in
2729 1206 2815 1245 me
2862 1189 3088 1244 Deus“.
3122 1208 3140 1240 ι
3188 1188 3248 1241 lli
3283 1188 3426 1242 enim

1857 1306 2045 1347 omnes
2075 1300 2133 1343 ut
2166 1288 2307 1343 servi
2353 1298 2406 1341 et
2438 1294 2725 1348 creatum,
2763 1281 2914 1338 verbi
2959 1279 3309 1335 meditatione
3349 1278 3429 1332 in-

1862 1384 2135 1451 digcntes,
2165 1379 2498 1433 voluntatem
2554 1385 2604 1430 et
2666 1373 2950 1429 consilium
3009 1371 3186 1425 Patris
3239 1370 3306 1424 ab
3365 1383 3430 1421 eo

1860 1474 2072 1528 discere
2107 1471 2416 1540 cupiebant.
2451 1466 2616 1521 Filius
2649 1480 2775 1519 vero
2810 1480 2929 1518 cum
2966 1463 3035 1516 sit
3066 1460 3293 1515 Verbum
3322 1459 3428 1513 Pa-

1863 1564 1980 1627 tris,
1999 1572 2052 1617 et
2078 1558 2448 1627 voluntasipsi
2474 1557 2822 1620 inexsistens,
2856 1567 2959 1607 non
2982 1552 3173 1620 quaerit
3200 1550 3429 1605 discere.

1860 1654 1975 1709 Non
2006 1654 2166 1723 igitur
2201 1666 2296 1721 per
2321 1650 2621 1704 doctrinam
2661 1647 2760 1700 hoc
2794 1652 3113 1698 consecutus
3149 1653 3231 1697 est
3263 1651 3315 1695 ut
3361 1642 3433 1696 sit

1861 1756 2096 1811 creator,
2143 1745 2234 1799 sed
2268 1740 2632 1797 essentialiter
2666 1746 2720 1791 et
2764 1735 3081 1790 naturaliter
3112 1735 3214 1788 hoc
3249 1733 3433 1788 habet.

1866 1860 2050 1914 Adhuc
2086 1860 2139 1910 in
2185 1856 2339 1919 illud,
2377 1874 2394 1905 ι
2430 1853 2685 1906 Dominus
2725 1851 2914 1902 creavit
2960 1864 3040 1902 me
3078 1848 3286 1902 initium
3325 1846 3434 1900 via-

1934 1947 2049 1982 rum
2087 1943 2305 1981 suarum
2331 1926 2391 1977 ιθ.
2428 1943 2444 1973 ι
2486 1923 2637 1986 Quod
2684 1919 2855 1973 Filius
2900 1936 3001 1971 non
3052 1920 3117 1971 sit
3169 1930 3432 1979 creatura,

1934 2001 2024 2051 sed
2061 1997 2357 2050 codeternus
2403 1993 2577 2046 Patri.
2625 1990 2897 2054 Quomodo
2938 2000 3111 2040 autem
3151 1988 3434 2055 intelligere

1937 2078 2169 2135 oporteat
2205 2064 2364 2127 illud,
2399 2081 2417 2113 ι
2451 2061 2711 2113 Dominus
2739 2060 2928 2135 creauit
2968 2074 3045 2135 me
3082 2059 3287 2135 initium
3324 2056 3433 2109 viu-

1934 2128 2053 2190 rum
2080 2151 2319 2198 suarum,
2351 2153 2369 2185 ι
2416 2148 2480 2187 ea:
2509 2130 2947 2199 consequentibus
2983 2128 3325 2195 intelligetur.

1937 2246 2176 2300 Primum
2209 2244 2338 2299 illud
2370 2242 2656 2297 dicendum
2689 2249 2790 2304 est,
2826 2241 3042 2309 quando
3063 2255 3180 2308 quas
3213 2253 3432 2308 prover-

1866 2336 2082 2391 bialiter
2121 2336 2393 2398 dicuntur,
2442 2333 2690 2385 videntur
2734 2328 3043 2398 signiﬁcare
3088 2326 3288 2394 aliquid
3342 2340 3431 2379 sc-

1867 2414 2100 2483 cundum
2129 2426 2345 2479 obvium
2377 2438 2591 2477 sensum
2620 2440 2634 2476 :
2661 2436 2767 2475 non
2800 2429 2976 2474 tamen
3003 2419 3073 2471 ita
3100 2428 3161 2471 ut
3188 2418 3438 2472 dicuntur

1869 2533 1989 2571 sese
2018 2518 2238 2581 habent,
2275 2514 2551 2581 aliumque
2584 2500 2918 2567 reconditum
2955 2526 3170 2564 sensum
3214 2510 3434 2563 habent.

1868 2603 2074 2657 Idcirco
2108 2602 2365 2655 Servator
2392 2601 2459 2654 ad
2495 2601 2785 2668 discipulos
2816 2616 2940 2654 suos
2970 2600 3105 2653 dixit
3137 2618 3148 2653 :
3184 2619 3201 2651 ι
3235 2600 3356 2653 llzec
3384 2600 3434 2652 in

1868 2694 2137 2764 parabolis
2162 2693 2377 2746 locutus
2405 2707 2523 2746 sum
2556 2692 2730 2755 vobis,
2753 2690 2843 2745 sed
2867 2693 3038 2744 veniet
3074 2692 3201 2743 hora
3225 2691 3440 2758 quando

1870 2801 1975 2839 non
2030 2784 2083 2836 in
2126 2781 2429 2851 proverbiis
2478 2779 2669 2848 loquar
2712 2779 2901 2842 vobis,
2951 2779 3043 2832 sed
3104 2778 3279 2847 palam
3304 2777 3380 2843 ὀς
3414 2798 3432 2830 ι

1868 2878 2068 2947 quippe
2106 2874 2251 2943 quod
2284 2874 2335 2927 in
2362 2871 2670 2942 proverbiis
2698 2885 2784 2925 res
2809 2871 2921 2939 ipsa
2952 2886 3053 2923 non
3086 2870 3257 2938 palam
3285 2885 3441 2939 aper-

1871 2979 2031 3036 teque
2075 2966 2395 3037 explicetur.
2448 2964 2584 3025 Cum
2621 2964 2804 3033 itaque
2853 2964 3048 3017 nudius
3087 2963 3310 3017 dixisset
3341 2963 3442 3017 Sa-

1868 3059 2093 3128 pientia,
2135 3076 2153 3108 ι
2184 3055 2391 3111 creavit
2425 3071 2531 3120 me,
2564 3074 2583 3107 ι
2621 3055 2881 3124 ejusmodi
2922 3055 3192 3124 quidpiam
3240 3055 3389 3111 addit
3421 3068 3457 3112 :'

1872 3171 1889 3203 (
1922 3150 2195 3220 Sapientia
2224 3149 2507 3201 aediﬁcavit
2553 3148 2653 3202 sibi
2686 3148 2902 3201 domum
2927 3148 2990 3201 “.
3027 3167 3043 3199 ι
3078 3149 3132 3202 Si
3178 3163 3307 3219 ergo
3336 3148 3439 3205 Sa-

1869 3240 2069 3311 pientia
2114 3248 2196 3292 est
2228 3237 2462 3291 Verbum
2502 3236 2616 3301 Dei,
2659 3238 2993 3307 aedilicatque
3040 3238 3139 3293 sibi
3194 3239 3293 3308 ipsi
3338 3241 3438 3294 do-

1869 3346 2038 3393 mum,
2069 3343 2301 3397 quonam
2340 3327 2492 3391 illud,
2528 3345 2546 3378 ι
2577 3328 2783 3382 creavit
2813 3344 2918 3393 me,
2958 3347 2976 3380 ›
3013 3330 3294 3399 pertineat.
3325 3346 3441 3387 me-

1869 3424 1974 3477 rito
1997 3420 2165 3492 quaeri
2193 3428 2389 3489 potest.
2415 3420 2665 3474 Christus
2700 3420 2884 3490 itaque
2920 3430 3001 3475 est
3032 3422 3121 3491 qui
3160 3424 3261 3478 hoc
3284 3424 3439 3491 dicit,

1870 3523 2054 3582 utpote
2075 3512 2183 3582 jam
2211 3522 2368 3566 natus
2398 3520 2452 3565 et
2480 3510 2640 3566 homo
2668 3510 2845 3565 factus
2873 3530 2885 3564 :
2916 3513 2983 3566 de
3013 3528 3118 3581 quo
3145 3522 3201 3567 ut
3226 3514 3443 3569 homine

1870 3605 2021 3670 illud,
2052 3623 2070 3655 ι
2102 3606 2311 3660 creavit
2340 3617 2444 3669 me,
2475 3622 2494 3655 ι
2527 3603 2661 3657 citra
2698 3602 3084 3672 blasphemiam
3114 3604 3217 3659 dici
3243 3615 3442 3675 potest.

1869 3697 2032 3752 Facta
2074 3707 2158 3751 est
2200 3705 2381 3750 autem
2408 3695 2602 3749 domus
2636 3693 2916 3763 sapientiae
2957 3709 2985 3745 a
3031 3707 3089 3747 se
3134 3704 3441 3750 constructa

1870 3803 2155 3844 commune
2194 3787 2296 3841 hoc
2326 3801 2523 3854 corpus
2564 3800 2628 3839 ex
2665 3793 2849 3838 sancta
2883 3783 3104 3852 Virgine
3140 3793 3343 3848 natum,
3386 3785 3440 3838 iu

1871 3895 1977 3949 quo
2007 3880 2226 3948 dignata
2259 3886 2346 3932 est
2376 3876 2625 3931 habitare
2657 3875 2816 3946 156
2838 3874 3111 3943 plenitudo
3146 3876 3443 3929 divinitatis

1871 3970 2248 4040 corporaliter,
2286 3968 2438 4036 juxta
2479 3966 2625 4021 Pauli
2653 3981 2835 4020 vocem
2859 3966 2945 4019 ¹¹⁶.
2967 3965 3098 4021 Cum
3126 3966 3290 4033 igitur
3311 3965 3443 4019 Ver-

1871 4062 1996 4115 bum
2037 4074 2165 4113 caro
2201 4058 2400 4113 factum
2439 4057 2530 4121 sit,
2567 4056 2633 4110 de
2669 4057 2784 4124 ipso
2816 4055 2945 4109 dicit
2972 4071 3124 4108 sacra
3163 4056 3440 4125 Scriptura

1872 4151 2020 4205 illud.
2069 4169 2087 4201 ι
2133 4149 2335 4204 creavit
2381 4163 2486 4212 me,
2523 4166 2541 4199 ι
2588 4155 2855 4215 quatenus
2913 4145 3105 4201 factus
3138 4156 3218 4202 est
3266 4160 3439 4202 caro:

1872 4243 2055 4309 itaque
2083 4239 2183 4293 hoc
2217 4240 2417 4294 dictum
2447 4236 2685 4307 intelligi
2715 4235 2896 4291 debet.

1871 4400 2104 4461 ALIUD,
2140 4398 2292 4463 Quod
2338 4398 2433 4450 hoc
2486 4395 2654 4449 solum
2697 4395 2945 4462 positum,
2992 4412 3010 4445 ι
3049 4396 3238 4447 creat-it
3284 4411 3384 4459 mp,
3417 4415 3436 4447 ι
3508 4410 3517 4415 ‘

266 4461 338 4512 οὐ
368 4460 603 4542 πάττως
624 4460 737 4526 τὴν
764 4464 961 4542 αἰτίας
985 4460 1285 4542 σῃμαίγεὶ,
1318 4460 1621 4542 auderi?
1647 4460 1765 4524 ἀπό

1944 4488 2045 4524 non
2076 4460 2126 4523 in
2156 4460 2455 4542 universum
2482 4460 2704 4517 causam
2729 4464 3010 4542 signiﬁcat.
3037 4467 3136 4542 _sed
3168 4482 3231 4542 ex
3265 4466 3442 4542 aliqua

264 4547 427 4594 τινος
448 4530 578 4604 ἥῃτοι
606 4531 1047 4604 κατασκευῆςᾲῆ
1070 4530 1417 4602 πράγματος
1447 4540 1533 4602 εἰς
1565 4530 1768 4604 ἕτερόν

265 4616 318 4651 τι
350 4599 948 4672 μετάστασιν,’¹Εστω
976 4601 1065 4662 δέ,
1093 4605 1144 4654 εὶ
1168 4599 1406 4671 βούλει,
1434 4599 1522 4672 τὸ,
1557 4625 1574 4658 t
1616 4599 1770 4662 ἐκτι·

267 4685 401 4732 σεν,
435 4688 453 4721 ι
487 4668 838 4738 ἀδιορίστως
878 4671 976 4724 ἐπὶ
1008 4674 1284 4739 Χριστοῦ.

274 4802 292 4833 ι
338 4782 541 4853 Κύριος
578 4783 759 4836 ἔκτισέ
796 4801 862 4854 με
901 4785 1076 4855 ἀρχὴν
1114 4785 1249 4839 ὁδῶν
1290 4787 1455 4842 αὑτοῦ
1478 4804 1493 4819 θ
1533 4808 1550 4840 ι
1600 4792 1654 4845 εί
1684 4810 1769 4858 τις

193 4875 443 4946 ἀκριϐῶς
482 4875 657 4931 ἐθέλοι
702 4878 764 4930 τὸ
800 4878 1185 4948 γεγραμμένον
1223 4883 1383 4947 νοεῖν,
1429 4883 1648 4955 εὑρήσει
1685 4887 1765 4951 τὸ,

200 4984 218 5016 ι
261 4965 495 5029 ἔκτισεν,
538 4985 556 5018 ι
597 4966 785 5021 ἐνθάδε
810 4968 869 5020 οὐ
900 4967 994 5020 τοῦ
1021 4970 1195 5037 Λόγου
1234 4972 1332 5041 τὴν
1359 4973 1546 5027 ούσίαν
1576 4981 1773 5047 σημαῖ-

194 5071 287 5107 νον
330 5054 406 5117 ὼς
445 5056 839 5126 πεποιημένην,
869 5055 985 5109 ἀλλ’
1017 5058 1210 5127 ἑτέραν
1241 5060 1363 5114 τινὰ
1408 5062 1645 5117 διάνοιαν
1683 5066 1773 5135 όρ-

196 5146 316 5210 θήν.
359 5146 591 5214 Λέγεται
645 5146 755 5217 γὰρ
801 5146 1082 5210 κτίζεσθαι
1133 5149 1227 5202 καὶ
1262 5150 1332 5203 τὰ
1384 5152 1510 5205 ὄντα
1548 5171 1604 5206 τε
1648 5155 1770 5224 ήδη,

195 5239 290 5291 καὶ
335 5238 403 5290 τὰ
458 5239 623 5309 μήπω
674 5239 961 5307 γενόμενα.
1002 5238 1075 5291 Τὸ
1110 5238 1166 5291 δὲ
1207 5240 1452 5312 ὑπάρχον
1495 5244 1619 5313 ήδη,
1655 5246 1773 5309 πῶς

194 5329 261 5380 ἂν
301 5328 509 5395 λέγοιτο
543 5328 843 5392 κτίζεσθαι.
875 5329 970 5381 xui
1006 5330 1179 5400 ἀρχὴν
1222 5331 1413 5403 ἑτέραν
1447 5332 1762 5403 λαμϐάνειν,

194 5418 487 5472 ἀκόλουθον
517 5420 662 5472 ἰδεῖν.
718 5419 841 5471 Ἐπὶ
878 5420 977 5489 μὲν
1016 5421 1124 5490 γὰρ
1152 5421 1258 5474 τῶν
1287 5421 1438 5476 οὔπω
1468 5425 1766 5493 γεγονότων

193 5514 239 5564 εί
272 5511 454 5581 τεθείη
496 5512 577 5574 τὸ,
628 5530 647 5563 ι
699 5511 933 5577 ἔκτισεν,
996 5531 1015 5564 ι
1053 5513 1288 5583 εὐλόγως
1328 5516 1394 5570 ἂν
1432 5518 1529 5588 τὴν
1575 5519 1638 5572 ὲκ
1670 5518 1793 5579 τοῦ,

273 5690 315 5719 ’⁸
340 5688 475 5741 Ceu.
512 5703 598 5751 xv,
637 5689 690 5742 8.

193 5760 263 5813 25
362 5760 399 5789 "
431 5759 590 5814 l'tov.
629 5775 703 5827 tv,
737 5760 785 5813 1.
857 5761 922 5790 ¹¹⁹
957 5760 1148 5816 Cnioss
1198 5778 1255 5829 ιι,
1286 5764 1332 5816 9.

794 5690 1150 5764 “ﬁndant,
1192 5692 1275 5746 l5.
1358 5694 1649 5752 "Zachar.
1685 5711 1724 5764 ι,
1767 5696 1848 5749 12.

1950 4541 2320 4593 constitutione
2372 4536 2450 4589 vel
2500 4550 2554 4587 re
2589 4535 2985 4586 translationem
3030 4536 3083 4586 in
3126 4535 3310 4586 alium.
3362 4534 3443 4588 Sit

1947 4625 2089 4671 vero,
2122 4610 2166 4660 si
2198 4608 2355 4669 voles,
2400 4604 2555 4669 illud,
2591 4621 2610 4654 ι
2642 4604 2835 4657 creavit
2859 4620 2958 4667 me,
2995 4622 3014 4655 ι
3066 4605 3337 4672 inde/inite
3379 4607 3443 4658 de

1947 4679 2162 4734 Christo
2192 4678 2409 4730 dictum.

1952 4809 1971 4842 ι
2002 4790 2260 4845 Dominus
2290 4786 2498 4843 creavit
2540 4800 2626 4841 me
2651 4785 2864 4840 initium
2897 4785 3104 4839 viarum
3135 4799 3350 4839 suarum
3371 4826 3386 4851 ,
3419 4803 3439 4835 ι

1875 4882 1918 4938 si
1942 4881 2064 4951 quis
2085 4888 2277 4935 exacte
2302 4878 2605 4946 intelligere
2632 4876 2782 4942 velit,
2814 4876 3075 4941 inveniet,
3112 4893 3130 4926 ι
3161 4877 3385 4940 creavit,
3418 4894 3437 4925 ι

1872 4972 1962 5025 hic
1990 4985 2095 5025 non
2123 4968 2284 5024 Verbi
2313 4970 2602 5024 essentiam
2637 4966 2964 5037 signiﬁcare,
2999 4975 3055 5018 ut
3092 4965 3307 5032 factam,
3349 4967 3443 5019 sed

1871 5062 2035 5115 alium
2090 5060 2378 5131 quemdam
2428 5069 2634 5114 rectum
2687 5072 2931 5111 sensum.
2988 5056 3246 5109 Dicuntur
3297 5055 3439 5109 enim

1871 5153 2070 5215 creari,
2104 5161 2157 5206 et
2187 5167 2307 5222 quae
2332 5151 2443 5218 jam
2472 5150 2762 5211 exsistunt,
2801 5155 2855 5200 et
2882 5161 3000 5215 quae
3031 5146 3264 5198 nondum
3300 5145 3441 5201 facta

1871 5251 2018 5299 sunt.
2070 5241 2126 5297 ld
2156 5254 2286 5294 vero
2310 5237 2449 5309 quod
2492 5238 2605 5307 jam
2651 5235 2885 5297 exsistit,
2930 5233 3197 5303 quomodo
3235 5235 3446 5291 dicatur

1871 5332 2070 5399 creari,
2126 5331 2377 5398 aliudque
2426 5328 2640 5382 initium
2694 5324 2955 5389 nancisci,
2996 5324 3287 5380 videndum
3336 5340 3438 5383 esu.

1873 5423 2007 5479 Nam
2057 5422 2101 5477 si
2149 5421 2216 5475 de
2264 5421 2331 5475 iis
2375 5433 2496 5488 qua:
2551 5416 2788 5472 nondum
2840 5414 2979 5471 facta
3031 5425 3157 5470 sunt
3206 5417 3438 5482 dicatur,

1881 5536 1899 5570 ι
1925 5514 2152 5581 creavit,
2187 5535 2204 5567 ι
2246 5528 2307 5569 ca
2351 5527 2472 5567 cum
2516 5518 2677 5565 antea
2711 5523 2814 5563 non
2843 5516 3048 5574 essent,
3077 5507 3189 5576 jam
3225 5511 3290 5564 ad
3321 5526 3443 5564 esse

1942 5694 1984 5724 ¹¹⁵
2011 5692 2209 5747 ilabac.
2242 5707 2300 5756 ιι,
2335 5690 2386 5744 l.
2484 5690 2524 5721 ¹⁹
2555 5686 2711 5741 Prov.
2742 5701 2858 5750 vnt,
2894 5684 2984 5737 20.
3062 5684 3107 5716 ¹⁰
3135 5680 3290 5737 Joan.
3325 5696 3440 5748 xw,
