4072 6510
636 312 743 369 9:35

1661 309 1720 365 S.
1761 306 2034 365 CYRILLI
2079 302 2550 359 ALEXANDRINI
2594 303 2908 361 ARCHIEP.

3864 311 3975 367 εει

638 433 881 487 traducta
930 430 1310 500 signiﬁcantur
1344 448 1358 485 :
1388 431 1457 484 de
1491 430 1560 485 iis
1597 443 1728 485 vero
1757 443 1879 497 quae
1917 427 2030 495 jam
2066 428 2212 480 exsi-

2322 428 2397 498 μὴ
2431 427 2585 490 ὄντος
2623 427 2703 490 είς
2740 426 2803 481 τὸ
2835 422 2981 481 εἶναι
3015 440 3273 499 σημαινοι
3314 442 3683 500 παραγωγην
3707 446 3726 462 ο
3766 430 3882 483 ἐπὶ
3914 434 3969 486 εἰ

634 533 803 587 stunt,
844 537 1018 591 neque
1057 522 1357 588 creatione,
1402 530 1462 575 ut
1502 522 1631 588 sint,
1660 520 1929 591 indigent,
1965 535 2069 574 non
2106 518 2218 588 jam

632 627 821 670 creare
856 613 1151 669 essentiam
1190 612 1485 683 signiﬁcat,
1516 612 1611 667 sed
1653 626 1721 666 ex
1761 610 1867 665 alio
1898 614 2132 680 quodam
2165 610 2217 663 in

632 706 781 761 aliud
813 705 1248 761 translationem.
1285 704 1356 759 Ut
1398 720 1520 760 eum
1553 704 1720 759 David
1752 702 1925 758 dicit:
1965 719 1984 751 ι
2021 700 2086 756 Et
2125 714 2221 771 po-

631 798 790 865 pulos
815 796 910 869 qui
944 798 1222 853 creabitur
1262 796 1507 851 laudabit
1536 796 1821 852 Dominum
1844 795 1911 847 ”.
1947 813 1969 846 ι
2000 791 2069 847 Et
2095 807 2218 846 rur-

630 905 723 944 sus
751 908 767 944 :
804 906 822 940 ι
853 889 960 944 Cor
990 889 1246 943 mundum
1271 902 1397 943 crea
1424 888 1478 942 in
1518 903 1631 953 me,
1664 886 1810 942 Deus
1831 884 1901 939 ³³.
1938 904 1958 937 ι
1989 884 2054 938 Et
2077 882 2219 937 Pau-

634 981 717 1036 lus
759 981 957 1036 alicubi
993 982 1059 1036 de
1107 980 1327 1036 Christo
1374 980 1495 1034 ait:
1531 998 1551 1030 ι
1582 977 1783 1048 Legem
1838 976 2216 1032 mandatorum

633 1073 867 1129 decretis
915 1086 1206 1137 evacuans,
1253 1081 1315 1125 ut
1362 1073 1497 1126 duos
1531 1071 1692 1138 :creet
1744 1070 1796 1123 in
1836 1069 2018 1137 seipso
2050 1081 2215 1122 unum

632 1178 830 1217 novum
874 1164 1145 1217 hominem
1167 1163 1235 1217 ".
1267 1180 1285 1212 ι
1324 1161 1388 1215 Et
1421 1176 1638 1215 rursum
1674 1177 1688 1214 :
1722 1176 1741 1211 ι
1779 1157 2081 1214 lnduamini
2113 1170 2217 1211 no-

630 1270 756 1309 vum
782 1254 1059 1309 hominem
1089 1262 1331 1308 creatum
1360 1252 1660 1308 secundum
1694 1249 1862 1305 Deum
1923 1250 1976 1304 in
2007 1248 2217 1318 justitia

628 1354 685 1400 et
724 1346 1014 1401 sanctitate
1052 1345 1296 1400 veritatis
1317 1344 1385 1399 ”.
1420 1363 1439 1395 ι
1476 1342 1637 1398 Certe
1683 1342 1853 1396 David
1904 1357 2010 1396 non
2044 1354 2218 1410 popu-

628 1436 739 1490 lum
766 1436 1055 1505 quemdam
1089 1435 1384 1488 secundum
1406 1432 1701 1488 essentiam
1732 1432 2026 1487 creandum
2054 1430 2219 1500 signi-

630 1526 831 1590 ﬁcavit,
870 1526 965 1580 sed
1002 1540 1066 1581 ex
1095 1540 1281 1580 errore
1316 1525 1383 1579 ad
1428 1524 1789 1595 cognitionem
1838 1523 1931 1577 Dei
1975 1522 2215 1577 transla-

630 1627 762 1671 tum.
791 1615 976 1685 Neque
1011 1616 1173 1670 etiam
1218 1614 1368 1670 aliud
1406 1623 1603 1684 praeter
1642 1615 1693 1668 id
1723 1614 1866 1683 quod
1904 1613 2088 1676 habet,
2119 1627 2216 1667 cor

625 1706 798 1760 creari
842 1706 895 1759 in
940 1719 1001 1759 se
1030 1704 1184 1774 petit,
1215 1703 1311 1759 sed
1369 1705 1437 1759 ad
1486 1704 1778 1774 puritatem
1820 1704 2002 1757 cordis
2036 1714 2213 1757 trans-

626 1797 753 1851 ferri
785 1797 956 1866 cupit.
989 1796 1441 1864 Sapientissitnus
1479 1804 1659 1849 autem
1692 1794 1914 1857 Paulus,
1946 1810 2051 1849 non
2075 1794 2212 1850 duos

628 1886 875 1941 homines
905 1888 957 1940 in
983 1888 1250 1940 unitatem
1280 1885 1583 1940 naturalem
1612 1900 1706 1954 per
1732 1885 2011 1941 Christum
2036 1887 2212 1941 creari

627 1978 777 2041 dicit,
818 1978 889 2030 ita
926 1986 984 2033 ut
1023 1977 1323 2032 exsistendi
1368 1977 1695 2047 principium
1738 1978 2075 2046 acciperent,
2118 1978 2213 2033 sed

626 2069 881 2138 populum
915 2068 1271 2125 lsraeliticum
1310 2080 1364 2123 et
1407 2078 1596 2139 gentes
1641 2070 1693 2123 in
1727 2070 2021 2123 novitatem
2064 2084 2215 2123 men-

629 2162 696 2215 tis
756 2161 1033 2216 traductos
1089 2160 1243 2225 dicit,
1302 2170 1467 2230 atque
1516 2160 1634 2215 illos
1690 2161 1909 2231 quidem
1972 2176 2002 2214 a
2057 2160 2212 2229 legali

624 2253 799 2317 cultu,
859 2252 959 2306 hos
993 2267 1121 2305 vero
1151 2253 1220 2306 ab
1249 2252 1450 2306 usitato
1486 2261 1542 2306 et
1576 2250 1831 2305 familiari
1868 2252 1999 2321 ipsis
2025 2266 2215 2307 errore

625 2345 909 2397 abductos.
961 2343 1027 2397 Et
1076 2357 1270 2397 rursus
1314 2358 1506 2397 omnes
1562 2343 1708 2397 indui
1736 2342 1891 2412 jubet
1940 2344 2211 2399 hominem

627 2451 844 2502 novum,
869 2436 961 2505 qui
994 2436 1287 2489 secundum
1317 2434 1487 2490 Deum
1514 2445 1732 2490 creatus
1760 2445 1864 2490 est.
1902 2437 2064 2506 Atqui
2098 2452 2213 2490 ma-

627 2527 882 2582 nifestum
935 2536 1038 2589 est,
1075 2526 1223 2580 illum
1260 2542 1367 2581 non
1418 2528 1693 2581 hominem
1742 2527 1980 2596 aliquem
2015 2543 2211 2582 secun-

626 2620 750 2672 dum
798 2619 1093 2674 essentiam
1146 2618 1348 2675 factum
1402 2620 1734 2687 signiﬁcare,
1782 2634 1940 2688 quem
1989 2620 2211 2674 induere

625 2716 900 2773 oporteat,
950 2709 1043 2763 sed
1096 2711 1263 2764 vitam
1293 2707 1446 2777 juxta
1489 2709 1705 2765 virtutis
1755 2724 2003 2764 normam
2057 2709 2211 2763 insti-

628 2801 730 2867 tui,
776 2810 832 2854 et
888 2799 1220 2854 voluntatem
1272 2800 1566 2854 instaurari
1616 2810 1781 2869 atque
1828 2801 2097 2854 innovari.
2151 2798 2207 2855 Si

625 2905 757 2960 ergo
788 2891 965 2945 creari
1002 2906 1105 2944 non
1136 2904 1350 2959 semper
1380 2889 1536 2961 157
1580 2892 1872 2945 essentiam
1907 2890 2208 2960 signiﬁcat,

627 2997 789 3049 quam
825 2981 1087 3036 rationem
1132 2981 1316 3048 habet,
1358 2990 1453 3034 aut
1519 2982 1794 3049 quomodo
1836 2997 1943 3036 non
1987 2980 2207 3036 stultum

2319 516 2427 569 τῶν
2458 515 2629 569 ὄντων
2656 516 2756 586 ἠδη
2796 516 2892 569 καὶ
2922 515 3034 569 τῶν
3063 517 3343 582 κτίζεσθαι
3381 519 3525 573 κατά
3551 516 3618 572 τὺ
3674 515 3849 572 εἶναι
3894 522 3965 589 μή

2318 606 2609 677 δεομένων,
2645 606 2833 660 οὐκέτι
2865 606 2970 680 τὴν
3006 607 3194 662 οὐσίαν
3226 610 3502 681 σημαίνει,
3546 610 3710 665 ἀλλὰ
3754 612 3873 681 τὴν
3905 614 3963 664 ἐκ

2319 714 2465 761 τινος
2504 697 2693 767 ἐτέρου
2736 698 2873 770 πρὸς
2906 697 3096 771 ἔτερόν
3139 717 3194 754 τι
3248 702 3612 773 μετάστασιν.
3667 702 3785 767 Ὠς
3831 705 3961 758 ὅταν

2318 790 2453 860 λέγῃ
2496 790 2697 844 Δαϐίδο
2738 809 2758 842 ι
2802 790 2914 845 Kal
2958 790 3086 858 λαὸς
3114 793 3143 845 ὁ
3175 793 3518 865 κτιζόμενος,
3578 794 3831 849 αἰνέσει
3872 798 3958 849 se.

2319 883 2546 954 Κύριον.
2592 901 2609 934 ι
2650 883 2762 937 Kal
2802 883 3001 937 πάλινο
3058 903 3079 936 ι
3132 886 3379 957 Καρδίαν
3426 887 3699 958 καθαρὰν
3760 888 3956 941 κτίσσε

2318 976 2378 1027 ἐν
2412 974 2559 1045 ἐμοὶ,
2588 977 2617 1028 ό
2650 974 2803 1039 Θεός.
2832 994 2853 1028 ι
2888 975 2947 1029 '0
2975 974 3032 1029 δέ
3070 975 3281 1041 Παῦλός
3310 978 3442 1049 φησί
3477 995 3585 1031 που
3623 978 3784 1049 περὶ
3828 980 3956 1051 Χρι·

2321 1066 2446 1120 στοῦ
2469 1084 2484 1098 ⁸
2517 1085 2535 1119 ι
2574 1066 2680 1120 Τὸν
2703 1066 2867 1136 νόμον
2885 1066 2993 1121 τῶν
3022 1066 3249 1121 ἐντολῶν
3277 1070 3335 1121 ἐν
3362 1068 3606 1139 δόγμασι
3636 1074 3952 1141 autumo

2320 1174 2439 1223 σας,
2476 1157 2563 1210 ἵνα
2610 1159 2742 1220 τοὺς
2794 1157 2888 1210 δύο
2927 1159 3088 1228 κτίσῃ
3137 1159 3196 1211 ἐν
3241 1159 3419 1229 ἐαυτῷ
3463 1162 3545 1224 είς
3596 1160 3702 1214 ἕνα
3745 1164 3949 1215 καινὸν

2317 1249 2625 1320 ἄνθρωπον.
2690 1268 2708 1299 ι
2766 1249 2877 1301 Kal
2927 1249 3124 1303 πάλιν·
3182 1268 3201 1301 ι
3274 1248 3607 1305 Ἐνδύσασθε
3659 1252 3772 1304 τὸν
3828 1255 3948 1305 νέον

2316 1340 2607 1412 ἄνθρωπον
2655 1341 2746 1393 τὸν
2802 1340 2944 1394 κατὰ
2982 1340 3116 1394 Θεὸν
3162 1342 3452 1395 κτισθέντα
3485 1344 3544 1395 ἑν
3591 1342 3939 1413 δικαιοσύνῃ

2317 1435 2412 1488 καὶ
2448 1434 2687 1505 ὁσιότητι
2743 1434 2845 1503 τῆς
2896 1433 3173 1504 ἀληθείας.
3215 1452 3233 1485 ι
3273 1434 3382 1487 Kal
3418 1435 3479 1486 ού
3520 1435 3585 1505 δή
3650 1451 3769 1488 που
3811 1433 3940 1487 λαὲί

2318 1524 2419 1594 μέν
2444 1541 2567 1578 τινα
2596 1524 2716 1577 κατ’
2743 1523 2932 1576 οὐσίαν
2958 1522 3273 1594 κτιζόμενον
3309 1524 3611 1594 ἐσήμαινεν
3648 1525 3683 1577 δ
3723 1524 3931 1576 Δαῦίδ.

2316 1615 2451 1669 ἀλλά
2502 1615 2593 1668 τὸν
2642 1617 2707 1669 ὲκ
2756 1615 2965 1685 πλάνης
2997 1615 3077 1677 είς
3110 1614 3406 1682 ἐπίγνωσιν
3438 1613 3576 1667 Θεοῦ
3617 1613 3932 1685 annos-

2321 1724 2482 1778 μενον
2516 1706 2686 1776 λέγει.
2735 1705 2824 1760 Ἐν
2858 1704 3038 1776 ἐαυτῷ
3083 1706 3141 1759 δὲ
3193 1705 3474 1770 κτίζεσθαι
3521 1707 3773 1778 καρδίαν
3832 1708 3925 1775 οὐχ

2316 1798 2512 1868 ἑτέραν
2567 1798 2698 1868 παρ’
2736 1798 2803 1867 ἣν
2848 1790 2994 1866 εἶχεν
3042 1794 3217 1865 ἠξίου,
3258 1795 3374 1848 ἀλλ’
3422 1797 3502 1858 είς
3552 1796 3925 1866 καθαρότητα

2315 1890 2485 1961 αὐτὴν
2523 1886 2935 1960 μεταποιεῖσθαι
2985 1887 3305 1959 παρεκάλει.
3358 1887 3417 1939 '0
3463 1886 3521 1940 δέ
3558 1903 3625 1956 γε
3666 1887 3923 1955 σοφώτα-

2314 1998 2407 2044 τος
2455 1979 2689 2043 Παῦλος,
2743 1978 2802 2031 οὐ
2844 1977 2938 2031 δύο
2973 1978 3124 2041 τινάς
3160 1978 3479 2048 ἀνθρώπους
3542 1980 3628 2041 είς
3680 1978 3919 2048 ἑνότητα
4028 1984 4033 2048 ᾗ

2316 2072 2551 2144 φυσικὴν
2583 2069 2970 2134 ἀνακτίζεσθαι
3014 2069 3163 2137 λέγει
3196 2069 3281 2123 διὰ
3316 2070 3579 2141 Χριστοῦ,
3618 2070 3703 2134 ὡς
3742 2070 3919 2141 ἀρχὴν

2313 2164 2407 2219 τοῦ
2445 2158 2586 2216 εἶναι
2612 2160 2986 2232 λαμϐάνοντας
3009 2175 3024 2188 ⁶
3054 2159 3191 2215 ἀλλὰ
3215 2160 3343 2225 τούς
3370 2177 3429 2214 τε
3458 2162 3516 2227 ἐξ
3556 2160 3800 2237 Ἰσραὴλ
3827 2163 3917 2212 καὶ

2313 2255 2440 2317 τοὺς
2471 2252 2530 2318 ἐξ
2555 2252 2726 2305 ἐθνῶν
2760 2251 2840 2313 είς
2869 2249 3167 2320 καινότητα
3193 2249 3422 2321 γνώμης
3458 2249 3916 2320 μεταποιηθήσεο

2318 2343 2442 2398 σθαι
2473 2342 2622 2412 λέγει
2642 2357 2655 2371 ⁸
2696 2342 2824 2407 τοὺς
2857 2344 2956 2413 μὲν
2993 2344 3136 2397 κατὰ
3168 2342 3331 2412 νόμον
3362 2342 3644 2413 λατρείας,
3688 2346 3833 2409 τοὺς
3862 2347 3915 2399 ’ὥ

2313 2436 2413 2505 τῆς
2462 2432 2762 2504 συντρόφου
2803 2433 3016 2504 πλάνης
3060 2432 3507 2503 ἐπιλαθομένους.
3564 2436 3683 2489 Kal
3748 2436 3915 2490 πάλιν

2315 2526 2642 2581 ἐνδύσασθαι
2676 2527 2843 2580 πᾶσιν
2871 2526 3006 2596 ἡμῖν
3033 2524 3311 2578 ἐπιτάττει
3339 2525 3431 2578 τὸν
3471 2527 3663 2581 καινὸν
3693 2528 3912 2599 ἄνθρω-

2315 2635 2416 2671 πον
2447 2619 2539 2670 τδν
2575 2615 2718 2671 κατὰ
2747 2616 2879 2669 Θεὸν
2918 2614 3229 2669 κτισθέντα.
3269 2616 3375 2669 Kal
3420 2616 3575 2687 δῆλόν
3628 2618 3794 2671 ἐστιν
3839 2620 3910 2681 ὡς

2312 2710 2413 2764 ούκ
2460 2710 2745 2783 ἄνθρωπόν
2787 2725 2910 2764 τινα
2946 2710 3065 2762 κατ’
3098 2708 3286 2762 οὐσίαν
3320 2708 3579 2776 γεγονότα
3616 2710 3908 2778 σημαίνει,

2311 2801 2372 2853 ὃν
2407 2801 2733 2855 ἐνδύσασθαι
2765 2801 2892 2872 χρὴ,
2930 2799 3067 2854 ἀλλά
3113 2798 3203 2852 τὸν
3235 2800 3355 2853 κατ’
3392 2799 3592 2869 ἀρετὴν
3641 2799 3765 2869 βίον
3817 2802 3909 2852 καὶ

2310 2893 2402 2946 τὸν
2455 2893 2557 2961 τῆς
2611 2892 2986 2964 προαιρέσεως
3023 2892 3436 2961 άνακαινισμόν.
3490 2891 3553 2943 El
3608 2891 3803 2944 τοίνυν
3853 2892 3908 2944 τὸ

2312 2980 2597 3046 κτίζεσθαι
2630 2981 2690 3034 ού
2723 2980 2943 3043 πάντως
2972 2979 3069 3049 τὴν
3098 2981 3286 3034 ούσίαν
3311 2979 3480 3049 δηλοῖ,
3506 2983 3663 3033 ποῖον
3700 2980 3773 3033 ἂν
3798 2982 3907 3051 Erat

628 3069 824 3137 fuerit,
879 3071 945 3125 de
1006 3072 1071 3126 iis
1107 3072 1325 3140 quidem
1384 3074 1475 3143 qui
1531 3089 1719 3129 revera
1773 3083 2036 3128 creatura:
2081 3082 2207 3127 sunt

2316 3072 2560 3144 λόγον,ἢ
2602 3073 2719 3135 πῶς
2759 3073 2859 3124 οὐκ
2902 3072 3128 3141 ἀνόητον
3169 3073 3263 3125 ἐπὶ
3305 3072 3403 3142 μὲν
3433 3072 3541 3124 τῶν
3570 3072 3751 3135 ὅντως
3793 3091 3907 3126 κτι-

628 3172 775 3215 τιιιίθ
804 3160 856 3214 id
891 3163 1034 3230 quod
1066 3165 1327 3232 scriptum
1362 3173 1448 3217 est
1473 3166 1741 3234 accipere,
1784 3165 1853 3219 de
1889 3164 2066 3220 Verbo
2097 3180 2209 3218 au-

2323 3165 2549 3235 σμάτων
2582 3163 2760 3235 ὀρθῶς
2796 3164 2857 3216 τὸ
2888 3164 3274 3234 γεγραμμένον
3320 3162 3660 3234 ἐκδέχεσθαι,
3702 3165 3803 3217 ἐπὶ
3852 3166 3906 3218 δὲ

630 3261 735 3304 tem
778 3250 892 3319 Dei,
928 3253 982 3305 in
1012 3266 1118 3320 quo
1151 3252 1423 3322 praecipue
1462 3252 1515 3307 id
1542 3253 1821 3307 observari
1865 3262 2100 3323 oportet,
2133 3256 2211 3310 si-

629 3348 799 3402 t-istre
852 3348 952 3402 hoc
984 3347 1373 3414 interpretari?
1408 3366 1426 3399 ι
1472 3348 1727 3402 Dominus
1775 3348 1958 3415 enim,
1999 3348 2209 3418 inquit,

627 3440 837 3494 creavit
872 3456 977 3507 me,
1007 3461 1025 3492 ι
1065 3454 1242 3509 neque
1272 3440 1324 3494 itt
1357 3440 1461 3495 hoc
1495 3440 1683 3505 verbo,
1709 3458 1727 3490 ι
1760 3441 1987 3507 creavit,
2027 3459 2046 3493 ι
2079 3441 2209 3497 dicti

632 3532 741 3586 vim
770 3531 939 3596 sistit,
973 3531 1069 3586 sed
1114 3530 1286 3595 addit,
1346 3549 1365 3583 ι
1395 3530 1608 3584 initium
1641 3531 1849 3585 viarum
1890 3546 2109 3587 suarum
2155 3532 2209 3587 in

628 3637 792 3690 opera
819 3621 936 3690 ejus
969 3639 986 3671 ι
1030 3619 1260 3685 creavit,
1293 3630 1349 3673 et
1381 3635 1486 3673 non
1512 3620 1582 3674 ad
1614 3634 1736 3675 esse
1768 3620 2078 3686 traducens,
2114 3624 2210 3678 sed

629 3712 840 3767 creavit
870 3711 1081 3765 initium
1109 3711 1313 3764 viarum
1343 3727 1561 3767 suarum
1599 3713 1650 3766 itt
1677 3728 1839 3782 opera
1872 3709 2040 3787 ejus;'
2066 3715 2209 3784 quod

632 3803 706 3855 ita
760 3802 1032 3871 intelliges
1067 3817 1081 3854 :
1111 3801 1231 3856 Vita
1285 3801 1476 3873 legalis
1530 3802 1789 3858 aJudzeis
1835 3803 2133 3871 colebatur,
2179 3820 2209 3858 a

630 3890 883 3962 gentibus
913 3905 1041 3945 vero
1084 3891 1191 3944 vita
1238 3894 1531 3948 secundum
1566 3892 1834 3960 justitiam
1870 3894 2020 3949 nullo
2055 3898 2212 3949 modo

631 3981 1083 4051 cognoscebalur.
1119 3979 1351 4037 Verbum
1393 3984 1575 4053 itaque
1602 3984 1694 4037 Dei
1731 3984 1935 4040 factum
1960 3995 2065 4050 est,
2098 3986 2214 4041 sive

632 4083 874 4127 creatum
919 4080 1024 4136 est,
1070 4088 1220 4137 caro,
1257 4075 1359 4129 hoc
1403 4086 1487 4129 est
1516 4077 1711 4144 .homo,
1748 4085 1807 4130 ut
1853 4077 2062 4131 initiutn
2096 4080 2213 4132 via-

634 4178 754 4215 rum
786 4163 993 4216 Domini
1031 4173 1085 4217 et
1120 4178 1342 4233 operum
1373 4166 1492 4234 ejus
1516 4168 1770 4221 omnibus
1798 4168 2123 4222 inveniatur.
2154 4169 2209 4222 In

637 4255 813 4321 primo
859 4254 1004 4307 enim
1050 4254 1271 4309 Christo
1312 4258 1622 4325 evangelica
1668 4260 1775 4313 vita
1821 4258 2038 4314 ellulsit.
2086 4259 2213 4315 Vias

635 4354 814 4398 autem
866 4354 921 4398 et
954 4360 1116 4415 opera
1158 4347 1392 4413 Domini,
1438 4350 1567 4416 quid
1617 4350 1759 4405 aliud
1811 4366 1932 4407 esse
1985 4368 2210 4407 censea-

2310 3256 2406 3311 τοῦ
2447 3253 2584 3310 Θεοῦ
2614 3254 2811 3324 Λόγου,
2857 3254 2943 3324 ἐφ’
2975 3248 3018 3323 ᾧ
3046 3254 3112 3326 δὴ
3149 3256 3384 3325 μάλιστα
3421 3254 3581 3309 τοῦτο
3625 3256 3905 3325 φυλάττε-

2314 3349 2436 3404 σθαι
2457 3348 2584 3421 χρὴ,
2605 3345 2784 3418 σαθρά
2807 3345 3061 3409 νοοῦντας
3086 3345 3457 3417 εὐρίσκεσθαι;
3479 3364 3499 3397 ι
3524 3345 3741 3416 Κύριος
3775 3348 3906 3417 γὰρ,

2313 3442 2499 3513 φησὶν,
2526 3439 2710 3495 ἐκτισέ
2741 3457 2809 3511 με
2831 3455 2843 3467 ·
2873 3458 2891 3491 ι
2927 3438 3023 3491 καὶ
3041 3438 3104 3491 οὺ
3134 3438 3297 3509 μέχρι
3319 3435 3437 3501 τοῦ,
3467 3454 3486 3488 ι
3525 3436 3720 3490 ἐκτισέ
3754 3455 3847 3509 με,
3883 3458 3902 3490 ι

2312 3532 2405 3587 τοῦ
2435 3531 2596 3601 λόγου
2643 3531 2743 3601 τὴν
2774 3530 3007 3600 δύναμιν
3052 3529 3287 3599 ἵστησιν,
3330 3526 3469 3581 ἀλλά
3514 3528 3905 3599 προστίθησιν,

2311 3626 2393 3679 ὅτι
2434 3642 2452 3677 ι
2487 3623 2665 3695 ἀρχὴν
2695 3623 2832 3677 όδῶν
2852 3620 3018 3676 αὑτοῦ
3050 3639 3069 3673 ι
3104 3622 3185 3684 εἰς
3209 3619 3349 3690 ἔργα
3375 3620 3539 3673 αὐτοῦ
3565 3619 3785 3683 ἔκτισε,
3814 3622 3904 3673 καὶ

2310 3717 2412 3771 οὐκ
2453 3717 2534 3779 είς
2575 3716 2638 3768 τὸ
2692 3711 2832 3768 εἶναι
2882 3710 3245 3785 παραγαγὼν,
3292 3710 3408 3765 ἀλλ’
3455 3711 3669 3764 ἔκτισεν
3725 3714 3904 3782 ἀρχὴν

2310 3808 2444 3862 ὁδῶν
2483 3805 2646 3860 αὑτοῦ
2678 3806 2758 3868 είς
2786 3803 2924 3875 ἔργα
2967 3802 3132 3856 αὑτοῦ
3155 3817 3169 3832 °
3207 3803 3343 3873 ὅπερ
3377 3801 3520 3855 οὕτω
3547 3804 3795 3873 νοήσεις.
3841 3804 3902 3856 Ἦ

2312 3900 2455 3954 κατά
2492 3899 2655 3969 νόμον
2688 3896 2935 3950 πολιτεία
2971 3894 3260 3965 ἐτετίμητο
3285 3894 3385 3965 μὲν
3414 3892 3565 3964 παρά
3600 3897 3717 3957 τοῖς
3773 3893 3899 3947 Ἰονο

2311 3992 2501 4055 δαίοις,
2532 3989 2686 4061 παρά
2721 3989 2779 4043 δὲ
2814 3991 2927 4052 τοῖς
2976 3986 3185 4040 ἔθνεσιν
3226 3986 3336 4039 οὐδ’
3368 3986 3503 4049 ὅλως
3550 3989 3579 4040 ό
3630 3986 3781 4040 κατὰ
3823 3988 3901 4042 δι-

2314 4082 2610 4153 καιοσύνην
2638 4081 2750 4151 βίος
2776 4078 3127 4148 ἐγινώσκετο.
3154 4077 3346 4146 Γέγονε
3378 4077 3578 4142 τοίνυν,
3609 4078 3733 4148 ἢτοι
3755 4080 3899 4131 ἐκτί-

2317 4175 2439 4245 σθη,
2480 4173 2618 4245 σὰρξ
2658 4174 2688 4224 ό
2718 4170 2812 4225 τοῦ
2852 4169 2986 4224 Θεοῦ
3032 4170 3223 4237 Λόγος,
3260 4168 3538 4221 τουτέστιν
3583 4168 3894 4237 ἄνθρωπος,

2315 4266 2403 4318 ἵνα
2433 4264 2528 4318 καὶ
2552 4262 2695 4334 ἀρχὴ
2727 4261 2836 4315 τῶν
2868 4260 3006 4315 ὁδῶν
3037 4259 3130 4313 τοῦ
3172 4259 3379 4330 Κυρίου
3428 4261 3520 4312 καὶ
3563 4259 3673 4312 τῶν
3718 4259 3896 4328 ἔργων

2317 4355 2481 4410 αὑτοῦ
2539 4356 2708 4407 πᾶσιν
2761 4352 2982 4424 εὑρεθῇ.
3036 4352 3125 4407 Ἑν
3184 4352 3293 4423 γὰρ
3350 4350 3549 4421 πρώτῳ
3596 4350 3823 4421 Χριστῷ
3867 4353 3895 4404 ὁ

638 4450 777 4497 ntus,
823 4450 985 4504 quant
1030 4447 1299 4507 prmcepta
1343 4441 1492 4507 ejus?
1521 4457 1642 4511 quae
1689 4452 2007 4511 pt'asstantes
2048 4455 2211 4514 atque

2322 4446 2675 4517 εύαγγελικὺς
2700 4444 2977 4515 ἀνέλαμψε
3009 4444 3142 4514 βίος.
3194 4444 3382 4507 Ὁδοὺς
3404 4444 3461 4497 δὲ
3496 4442 3589 4496 καὶ
3626 4442 3763 4516 ἔργα
3787 4445 3892 4497 Κυ-

633 4536 994 4594 exsequentes
1033 4528 1197 4583 veluti
1245 4530 1430 4586 multis
1469 4548 1532 4586 ac
1559 4535 1726 4588 variis
1774 4534 1878 4589 viis
1923 4533 1989 4587 ad
2036 4535 2210 4603 ipsum

637 4616 998 4685 procedimus.
1042 4620 1196 4686 Quod
1242 4635 1369 4675 vero
1402 4637 1570 4692 opera
1609 4624 1868 4678 eximiam
1915 4634 1968 4678 et
2004 4633 2210 4680 rectam

635 4706 801 4762 vitam
830 4709 1162 4777 signiﬁcent,
1187 4722 1242 4765 et
1267 4722 1544 4783 przecepta
1578 4714 1693 4779 Dei,
1731 4716 1853 4770 audi
1890 4715 2019 4784 quid
2055 4730 2210 4769 sacra

638 4799 915 4870 Scriptura
954 4802 1100 4858 dicat
1130 4821 1143 4859 :
1178 4822 1198 4857 ι
1235 4802 1323 4858 Vae
1358 4806 1450 4875 qui
1489 4806 1695 4861 faciunt
1719 4820 1883 4877 opera
1913 4806 2003 4861 Dei
2037 4808 2209 4878 negli-

635 4903 825 4962 genter
846 4894 936 4950 η’.
975 4914 994 4947 ι
1039 4894 1237 4952 Beatus
1275 4908 1454 4953 autem
1487 4897 1652 4953 David
1688 4907 1953 4968 praecepta
1996 4897 2090 4954 Dei
2120 4916 2214 4967 ap-

637 4985 841 5054 pellans
888 4989 1025 5055 vias,
1076 4990 1150 5045 ita
1196 4993 1508 5047 exclamat:
1545 5010 1563 5043 ι
1601 4991 1727 5046 Vias
1774 5000 1917 5055 tuas,
1969 4993 2211 5060 Domine,

638 5092 793 5137 notas
835 5083 918 5137 fac
950 5085 1104 5151 ntihi,
1138 5095 1192 5140 et
1223 5087 1451 5141 semitas
1477 5094 1598 5140 tuas
1623 5087 1755 5139 doce
1788 5088 1955 5141 me".
1992 5107 2009 5138 ι

2322 4542 2462 4615 ρίου,
2495 4539 2549 4593 τί
2576 4537 2683 4609 χρὴ
2708 4538 2849 4591 νοεῖν
2874 4536 3078 4607 ἕτερον,
3111 4535 3144 4606 ἢ
3175 4535 3393 4599 πάντως
3421 4534 3523 4597 τὰς
3551 4533 3772 4596 ἐντολάς
3800 4536 3885 4587 αύ-

2320 4632 2455 4698 τοῦ;
2508 4630 2686 4702 ἅσπερ
2736 4629 3106 4693 ἐπιτελοῦντες
3151 4628 3246 4681 καὶ
3288 4626 3667 4699 ἐργαζόμενοι,
3706 4625 3890 4697 ὥσπερ

2319 4725 2409 4779 διὰ
2436 4722 2647 4777 πολλῶν
2671 4723 2765 4777 καὶ
2785 4722 3035 4793 ποικίλης
3065 4719 3184 4774 ὁδοῦ
3213 4719 3500 4790 βαδίζομεν
3538 4718 3674 4788 πρὸς
3707 4718 3887 4771 αὐτόν.

2325 4818 2445 4869 Ὅτι
2492 4815 2550 4869 δέ
2596 4814 2667 4869 τά
2696 4814 2834 4884 ἔργα
2871 4812 2962 4867 τὸν
3006 4810 3285 4881 ἐξαίρετον
3323 4809 3574 4880 σημαίνει
3616 4807 3753 4877 βίον,
3800 4809 3889 4861 καὶ

2320 4907 2391 4962 τὰ
2422 4906 2821 4979 προστάγματα
2860 4903 2954 4958 τοῦ
3003 4902 3162 4966 Θεοῦ,
3210 4901 3373 4955 ἄκουε
3421 4899 3473 4952 τί
3507 4916 3671 4969 φησιν
3702 4901 3736 4968 ἡ
3778 4900 3888 4952 θεία

2321 5000 2544 5073 Γραφή·
2586 5016 2603 5050 ι
2654 4997 2790 5051 Οὐαὶ
2817 4996 2867 5050 οἱ
2913 4994 3194 5057 ποιοῦντες
3239 4991 3309 5045 τὰ
3346 4990 3482 5061 ἔργα
3517 4990 3723 5059 Κυρίου
3757 4991 3887 5058 aps-

2320 5093 2450 5156 λῶς.
2490 5111 2509 5144 ι
2555 5091 2616 5144 ὐ
2648 5088 2706 5143 δέ
2741 5088 3009 5159 μακάριος
3035 5084 3220 5150 Δαδὶδ,
3259 5082 3409 5146 ὀδοὺς
3440 5076 3579 5134 εἶναι
3604 5081 3777 5149 λέγων
3796 5080 3887 5144 τὰς

636 5172 872 5239 ἐντολάς,
913 5176 1343 5247 ἀναφθέγγεται·
1396 5198 1414 5231 ι
1477 5179 1589 5242 Τάς
1634 5178 1784 5243 ὁδούς
1839 5196 1953 5245 σου,
2008 5183 2209 5256 Κυριε,
2243 5184 2511 5260 γνώρισόν
2575 5200 2688 5254 μοι,
2738 5181 2830 5236 καὶ
2870 5181 2969 5243 τὰς
3008 5177 3231 5250 τρίϐους
3259 5193 3353 5230 σου
3384 5174 3595 5240 δίδαξόν
3638 5191 3727 5245 με.
3768 5193 3784 5225 ι

1238 5312 1387 5368 Idem
1431 5314 1606 5368 aliter.

716 5464 734 5497 ι
770 5448 1027 5506 Dominus
1053 5454 1258 5507 creavit
1294 5468 1379 5508 me
1405 5453 1616 5507 initium
1650 5454 1861 5505 viarum
1897 5466 2122 5505 suarum
2152 5451 2209 5506 in

638 5555 803 5611 opera
854 5543 1039 5612 ipsius.
1072 5563 1093 5596 ι
1146 5544 1377 5600 Verbum
1418 5545 1538 5611 hoc,
1584 5563 1602 5596 ι
1636 5545 1864 5607 creavit,
1901 5563 1919 5596 ι
1974 5560 2077 5598 non
2127 5544 2221 5599 εει-⁸

707 5704 752 5735 ”
773 5703 910 5830 Pzal.
941 5717 992 5758 Cl
1053 5701 1136 5754 l‘J.
1213 5699 1416 5755 "Psal.
1440 5716 1491 5766 t.,
1519 5699 1602 5753 12.
1675 5699 1718 5729 ³⁸
1743 5697 1932 5770 Epltes.
1964 5712 2022 5763 tt,
2050 5697 2137 5750 15.

707 5792 788 5830 .tv.
853 5816 866 5830 .

639 5792 788 5841 xxrv,
814 5792 866 5831 4.

558 6471 1083 6510 ἙΓΜῌῼ--ὲ-έμ”τ“ψ
1092 6472 1163 6493 λέ
1176 6486 1187 6487 ί
1234 6484 1237 6485 ⁷
1618 6470 1643 6473 “
1755 6470 1787 6476 ί
1918 6471 1921 6473 ’
2046 6472 2051 6473 ⁷
2149 6470 2181 6476 '—
2190 6470 2199 6471 ί

2288 5696 2332 5728 ³⁸
2381 5697 2575 5767 Ephes.

2834 5314 3067 5379 Ἄλλως
3103 5313 3167 5365 τὸ
3201 5311 3368 5367 αὐτόε

2400 5474 2421 5506 ι
2468 5452 2671 5523 Κύριος
2716 5450 2898 5504 gms
2952 5467 3018 5521 με
3056 5449 3230 5521 ἀρχὴν
3271 5446 3406 5501 ὁδῶν
3442 5444 3611 5499 αὐτοῦ
3650 5447 3729 5507 εἰς
3764 5461 3885 5516 εργσ

2323 5543 2510 5597 αὑτοῦ.
2561 5564 2581 5597 ι
2619 5543 2714 5608 Τὸ,
2765 5560 2781 5591 ι
2835 5542 3066 5606 ἔκτισεν,
3112 5559 3129 5591 ›
3172 5540 3231 5592 ού
3270 5537 3421 5592 κατὰ
3450 5537 3549 5607 τῆς
3590 5536 3777 5599 οὐσίας
3804 5536 3884 5588 τοῦ

2627 5714 2703 5764 tv,
2755 5697 2845 5751 24.
2953 5698 3020 5729 “'
3058 5694 3258 5752 let-ctu.
3296 5708 3481 5762 XLVIII,
3519 5693 3602 5750 l0.
3681 5694 3726 5725 "
3751 5692 3880 5751 Psal.
