4072 6546
205 406 312 464 9.65

1587 403 2030 468 THESAUllUS.

3362 416 3467 475 268

205 528 381 599 Λόγου
406 526 590 581 θετέον
614 543 627 556 ·
658 526 935 598 δύσφημον
976 526 1082 597 γὰρ
1113 526 1279 591 ὅντως
1314 528 1407 581 καὶ
1447 529 1660 592 ἀσεϐὲς,
1694 531 1784 584 τὸν

1893 534 2121 588 sentiam
2175 532 2333 587 Verbi
2381 532 2651 604 significat
2690 551 2702 587 :
2740 533 3115 605 blasphemum
3167 512 3333 592 enim
3368 540 3468 594 im-

208 619 295 670 ἁεὶ
324 620 419 670 καὶ
462 615 723 678 ὡσαύτως
769 615 896 668 ὄντα
948 616 1086 685 μετὰ
1128 617 1359 688 Πατρὸς,
1401 616 1494 671 νῦν
1543 618 1787 672 ἐκτίσθαι

208 711 392 779 λέγειν
466 710 697 779 Νοήσεις
748 709 803 761 δέ
849 708 991 761 οὕτω
1038 708 1441 783 πιθανώτερον·
1493 730 1511 761 ι
1563 710 1788 764 ’Έκτισέ

214 819 303 873 με,
334 801 516 872 φησὶν,
548 799 721 871 ἀρχὴν
749 799 883 852 ὁδῶν
912 799 1100 856 αὐτοῦ.
1142 820 1161 853 ι
1210 801 1392 865 Ὁδοὺς
1422 802 1609 857 ἐνθάδε
1631 803 1785 872 φησὶ,

210 894 303 947 τόν
329 909 389 945 τε
418 891 713 961 νομοθέτην
746 891 948 945 Μωσέα
986 893 1080 945 καὶ
1102 893 1228 954 τοὺς
1254 894 1554 964 προφήτας,
1586 895 1671 963 ἐφ’
1698 893 1791 957 οὒς

211 983 354 1053 ἀρχή
382 999 463 1044 τις
493 980 684 1052 ὥσπερ
718 982 811 1034 καὶ
844 980 1059 1045 ἐξουσία
1090 982 1349 1036 τέτακται
1386 984 1646 1054 Χριστόςο
1690 1002 1790 1054 με-

212 1072 563 1137 τασκευάζων
609 1074 690 1135 εἰς
734 1073 833 1143 τὴν
865 1074 974 1126 τῶν
1012 1074 1382 1142 εὐαγγελικῶν
1422 1076 1791 1145 κηρυγμάτων

214 1164 506 1234 καινότητα
560 1165 628 1218 τὰ
678 1162 811 1236 παρ’
865 1166 1090 1219 ἐκείνων
1136 1166 1435 1237 εἰρημένα,
1487 1166 1583 1221 καὶ
1636 1165 1793 1219 τοῦτο

211 1256 650 1322 ἐξουσιαστικῶς.
698 1256 755 1310 '0
785 1257 882 1326 μέν
906 1256 1015 1327 γὰρ
1041 1256 1204 1327 νόμος
1236 1258 1400 1327 φησίν
1424 1274 1437 1287 ·
1479 1276 1497 1308 ι
1537 1258 1610 1310 Οὐ
1658 1274 1789 1328 πορ-

211 1348 443 1411 νεύσεις,
460 1367 476 1398 ι
510 1350 537 1401 ό
558 1348 614 1401 δὲ
641 1349 898 1419 Χριστός·
927 1369 944 1399 ι
969 1348 1113 1417 Ἐγὼ
1133 1348 1191 1401 δὲ
1209 1348 1353 1417 λέγω
1372 1349 1520 1419 ὑμῖν·
1542 1349 1653 1401 Οὐκ
1670 1349 1791 1401 ἐπι-

209 1437 497 1509 θυμήσεις,
544 1458 560 1489 ι
584 1439 770 1502 Ὀδοὺς
797 1438 854 1491 δέ
880 1440 1006 1502 τοὺς
1034 1439 1219 1508 ἁγίους
1250 1438 1505 1492 ἐκάλεσεν
1533 1439 1607 1502 ὡς
1629 1439 1791 1493 δυνα-

213 1529 409 1599 μένους
458 1531 757 1601 ἀποφέρειν
799 1530 886 1583 sta
937 1531 1221 1593 νουθεσίας
1266 1529 1401 1600 πρὸς
1439 1530 1593 1584 Θεόν.
1637 1528 1794 1582 Οὕτω

210 1623 429 1692 νοήσεις
460 1624 521 1676 τὸ
549 1622 703 1694 παρὰ
725 1622 802 1692 τῷ
847 1622 1083 1695 Ἱερεμίᾳ
1114 1622 1363 1693 κείμενον
1383 1641 1397 1655 σ
1441 1642 1458 1673 ι
1500 1623 1670 1692 Στῆτε
1701 1624 1793 1675 ἐπὶ

208 1716 331 1775 ταῖς
371 1712 529 1776 ὁδοῖς,
558 1714 650 1766 καὶ
684 1715 988 1783 ἐρωτήσετε
1030 1713 1249 1783 τρίϐους
1277 1712 1483 1785 Κυρίου
1518 1714 1789 1778 αἰωνίους,

210 1804 305 1856 καὶ
342 1803 543 1873 μάθετε
578 1804 706 1858 ποία
737 1804 884 1859 ἐστὶν
913 1808 945 1876 ἡ
978 1805 1092 1869 ὁδὸς
1121 1807 1155 1876 ἡ
1180 1805 1378 1876 ἀγαθὴ,
1414 1806 1509 1860 καὶ
1544 1805 1791 1875 βαδίζετε

210 1896 269 1947 ἐν
292 1897 453 1967 αὐτῇ,
486 1898 580 1949 καὶ
602 1897 862 1969 εὑρήσετε
891 1897 1156 1968 ἁγνισμὸν
1184 1901 1302 1961 ταῖς
1328 1898 1526 1968 ψυχαῖς
1561 1898 1733 1967 ὑμῶν.
1765 1916 1783 1947 ι
1823 1883 1866 1939 Β

210 1989 321 2041 Καὶ
359 1988 474 2041 ἐστι
505 1988 662 2059 δῆλον
698 1989 776 2052 ὡς
813 1989 873 2041 οὑ
919 1990 1047 2061 περὶ
1093 1989 1297 2043 τούτων
1343 1990 1478 2061 φησὶ
1514 1989 1621 2042 τῶν
1652 1988 1787 2042 ὁδῶν

160 2127 163 2129 .
207 2080 317 2133 τῶν
362 2081 503 2133 κατὰ
555 2081 843 2151 συνήθειαν
895 2081 1220 2151 νοουμένων.
1277 2081 1398 2144 Πῶς
1440 2081 1547 2151 γὰρ
1593 2081 1658 2134 ἁν
1703 2098 1787 2143 τις

207 2173 377 2236 αὑτὰς
408 2175 739 2245 ἐρωτήσειε;
778 2175 904 2238 Πῶς
930 2175 988 2227 δὲ
1022 2176 1151 2245 παρ’
1186 2174 1408 2226 ἐκείνων
1438 2173 1743 2243 μαθήσεται
1770 2190 1782 2237 ;

209 2263 271 2315 Εἰ
300 2263 357 2316 δέ
384 2282 467 2326 τις
501 2266 594 2318 ἐπὶ
621 2265 748 2328 τοὺς
777 2266 965 2334 ἁγίους
995 2267 1193 2334 ἀγάγοι
1233 2267 1322 2318 τὸν
1352 2264 1530 2332 λόγον,
1563 2265 1786 2335 εὑρήσει

207 2354 270 2407 τὸ
320 2357 383 2408 ἐκ
427 2356 520 2408 τοῦ
570 2358 839 2427 νοήματος
884 2358 1173 2427 χρήσιμον.
1228 2358 1289 2409 Εἰ
1333 2356 1441 2427 γάρ
1476 2373 1560 2418 τις
1600 2355 1786 2425 ὥσπερ

211 2446 351 2498 τισὶν
383 2446 600 2509 ὁδείαις,
645 2450 759 2509 τοῖς
806 2448 983 2516 ἁγίοις
1026 2449 1332 2520 προφήταις
1374 2449 1665 2515 ἐπιστήσαι
1696 2447 1786 2499 τὸν

211 2536 356 2603 νοῦν,
380 2538 454 2607 μὴ
484 2540 939 2610 παρατρεχόντως
967 2539 1147 2601 αὐτοῖς
1166 2538 1391 2607 ὁμιλῶν,
1428 2538 1543 2591 ἀλλ’
1580 2538 1788 2604 ἐξάγων

208 2630 455 2698 ἀκριϐῶς
494 2629 603 2682 τῶν
646 2631 1047 2701 γεγραμμένων
1086 2632 1143 2683 ἐν
1188 2631 1368 2693 αὐτοῖς
1400 2631 1498 2700 τὴν
1526 2629 1783 2691 διάνοιαν,

209 2722 518 2793 μαθήσεται
565 2723 664 2792 τὴν
713 2723 828 2777 ὁδον
860 2723 958 2793 τὴν
988 2721 1217 2792 ἀγαθὴν,
1253 2724 1522 2785 τουτέστι,
1564 2722 1655 2773 τὸν
1701 2722 1786 2774 λέ-

206 2830 373 2880 γοντα
402 2814 639 2882 Χριστόν
663 2830 707 2865 οι
752 2814 893 2883 Ἐγὼ
925 2816 1039 2884 εἰμι
1077 2816 1109 2885 ή
1134 2814 1304 2876 ὁδός.»
1331 2814 1409 2865 Δι’
1433 2815 1601 2882 αὐτῆς
1636 2799 1785 2883 Mt.

211 2905 471 2976 σθήσεται
520 2907 627 2961 τῶν
676 2907 962 2977 ἁμαρτιῶν
1010 2906 1110 2977 τὴν
1164 2907 1357 2974 ἄφεσιν
1406 2906 1781 2977 κακιζόμενος.

213 2998 470 3051 Ἐκτισεν
518 2994 614 3049 οὖν
670 3015 759 3067 με,
800 2998 955 3069 φησὶ,
1006 2997 1283 3065 τουτέστι,
1340 2997 1641 3069 πεποίηκεν
1692 3000 1785 3051 ἐπὶ

212 3088 375 3159 νόμον
425 3088 519 3140 καὶ
574 3090 858 3159 προφήτας
901 3089 1076 3159 ἀρχὴν
1124 3089 1243 3158 ἤτοι
1296 3088 1566 3155 ἐξουσίαν,
1615 3088 1675 3140 οὐ
1715 3088 1783 3141 τὰ

213 3179 436 3231 ἐκείνων
476 3179 690 3241 πάντως
733 3176 964 3230 ἱστῶντα
1010 3178 1232 3248 ῥήματα
1280 3176 1505 3242 τυπικὰ,
1559 3178 1671 3230 ἀλλ’
1704 3180 1785 3241 είς

212 3268 347 3340 ἔργα
397 3269 561 3321 αὐτοῦ
608 3267 1001 3339 νομοθετοῦντα
1050 3268 1119 3320 τὰ
1169 3267 1566 3337 βελτίονα.”οτι
1595 3268 1651 3320 δέ

218 3380 239 3411 ι
279 3361 512 3421 ἔκτισεν.
550 3380 568 3411 ι
603 3361 665 3413 οὐ
696 3361 911 3423 πάντως
939 3359 1038 3430 τὴν
1057 3360 1242 3412 οὐσίαν
1271 3358 1439 3428 δηλοῖ,
1473 3358 1786 3431 ἀρκούντως

208 3454 313 3525 ήδη
349 3454 697 3527 προείρηται.

718 3628 951 3695 Ἄλλως
981 3629 1047 3682 τὸ
1086 3631 1251 3683 αὐτό.

290 3783 307 3812 ι
355 3762 556 3833 Κύριος
610 3762 791 3815 ἐκτισέ
841 3780 931 3834 με,
972 3782 992 3815 ι
1025 3764 1208 3831 ὅμοιον
1252 3763 1440 3833 ὥσπερ
1490 3763 1555 3816 ἂν
1598 3765 1647 3816 εἰ
1694 3763 1786 3815 καὶ

204 3851 391 3918 λέγοι·
438 3853 496 3904 '0
550 3854 738 3924 Πατήρ
774 3870 864 3923 μοι
914 3852 1073 3923 σῶμα
1121 3854 1505 3923 κατηρτίσατο,
1546 3856 1640 3907 καὶ
1673 3849 1784 3906 οἷον

204 3944 496 4013 ἄνθρωπόν
522 3961 589 4013 με
615 3943 828 3997 ἔκτισεν
862 3944 1001 4014 ὑπὲρ
1032 3947 1131 4013 τῆς
1155 3943 1460 4016 ἀνθρώπων
1489 3944 1780 4015 σωτηρίας.

203 4039 421 4106 ’Ὠσπερ
465 4038 573 4105 γάρ
612 4036 858 4090 Ἰωάννου
911 4036 1008 4105 μὲν
1052 4034 1337 4103 λέγοντος·
1397 4056 1414 4086 ι
1497 4036 1554 4088 '0
1613 4036 1784 4104 Λόγος

205 4130 348 4200 σὰρξ
379 4130 614 4198 ἐγένετο,
647 4148 666 4181 ι
695 4128 906 4183 Παύλου
936 4128 995 4181 δέ
1023 4129 1324 4199 γράφοντος
1353 4128 1481 4198 περὶ
1516 4127 1780 4200 Χριστοῦ·

206 4243 228 4275 ι
277 4224 399 4276 ’Ὁτι
440 4222 663 4290 γέγονεν
707 4221 848 4291 ὑπὲρ
889 4220 1045 4290 ἡμῶν
1091 4219 1326 4288 κατάρα,
1377 4238 1395 4270 ι
1436 4220 1529 4271 καὶ
1580 4219 1779 4271 πάλιν

204 4335 229 4367 4
276 4316 379 4367 Τὸν
411 4314 486 4384 μὴ
532 4312 728 4381 γνόντα
759 4312 1058 4382 ἁμαρτίαν,
1107 4311 1249 4382 ὑπὲρ
1300 4312 1457 4381 ήμῶν
1508 4313 1783 4382 ἁμαρτίαν

201 4408 480 4477 ἐποίησεν,
520 4424 539 4455 ι
573 4403 694 4457 οὔτε
725 4405 816 4457 τὸν
849 4404 1020 4470 Λόγον
1068 4404 1148 4465 είς
1198 4402 1376 4474 σάρκα
1410 4402 1782 4473 μεταπεποιῆ-

204 4498 331 4551 σθαι
373 4496 720 4566 πιστεύομεν,
770 4493 894 4547 οὗτε
930 4495 1038 4564 μὴν
1079 4494 1211 4546 αὐτὸ
1247 4494 1491 4566 κατάραν
1537 4494 1569 4564 ἢ
1602 4496 1783 4564 ἁμαρ-

198 4590 327 4642 τίαν
352 4589 523 4650 ὖντως
567 4587 748 4657 φαμὲν
778 4586 1031 4655 γενέσθαι
1070 4586 1322 4657 Χριστὸν,
1354 4587 1487 4651 ἀλλ’,
1525 4586 1667 4639 οὕτω
1691 4586 1778 4638 λε-

1701 3234 1782 3333 es,
1815 3234 1858 3290 (Ξ

1891 624 2147 693 piumque
2197 624 2301 678 hoc
2357 633 2525 688 esset,
2580 639 2702 679 eum
2767 629 2857 694 qui
2906 642 3133 697 semper.
3168 629 3467 700 eodemque

1890 717 2048 769 modo
2077 730 2198 769 eum
2231 714 2392 770 Patre
2428 714 2665 779 exsistit,
2707 725 2951 769 creatum
2990 717 3189 773 dicere.
3228 717 3303 773 Ita
3340 734 3468 774 vero

1890 805 2102 861 facilius
2159 806 2468 876 intelliges:
2509 824 2527 857 ι
2560 806 2778 861 Creavit
2830 822 2937 870 me,
2984 807 3194 876 inquit,
3253 810 3467 864 initium

1891 898 2100 952 viarum
2148 912 2393 953 suarum.
2428 918 2447 950 ι
2502 898 2630 954 Vias
2676 898 2766 953 hic
2813 898 3058 954 nominat
3099 898 3467 969 legislaturem

1891 988 2072 1043 Mosen
2104 998 2157 1044 et
2195 990 2511 1060 prophetas,
2547 988 2743 1060 quibus
2770 989 2915 1043 velut
2946 990 3270 1060 principium
3295 992 3467 1060 quod-

1893 1081 2014 1133 dam
2047 1094 2109 1134 ac
2139 1091 2299 1149 caput
2331 1087 2387 1136 et
2431 1090 2667 1151 potestas
2712 1080 3038 1136 constitutus
3071 1089 3154 1135 est
3187 1080 3465 1149 Christus;

1891 1184 2009 1238 quae
2035 1170 2102 1224 ab
2133 1170 2241 1225 illis
2270 1172 2416 1225 dicta
2449 1180 2575 1225 sunt
2612 1171 2679 1226 ad
2713 1158 3036 1241 evangelica:
3068 1171 3468 1241 praedicationis
3517 1189 3519 1192 ‘

1894 1261 2187 1315 novitatem
2206 1263 2512 1327 traducens,
2532 1264 2689 1332 idque
2705 1278 2828 1317 cmn
2850 1263 3178 1333 proprietate
3194 1263 3463 1318 absoluta.

1896 1351 2004 1405 Lex
2049 1354 2191 1407 enim
2242 1354 2374 1407 dicit
2405 1372 2418 1409 :
2456 1374 2473 1405 ‹
2506 1354 2619 1408 Non
2665 1355 3026 1410 mtechaheris
3050 1357 3126 1420 ’7;
3162 1375 3180 1406 ι
3217 1354 3468 1410 Christus

1890 1457 2021 1497 vero
2047 1462 2058 1497 :
2091 1462 2110 1495 ι
2134 1442 2243 1514 Ego
2264 1454 2445 1499 autem
2476 1446 2595 1499 dico
2623 1449 2772 1500 vobis
2799 1459 2814 1498 :
2839 1445 2953 1499 Non
2989 1446 3340 1515 concupisces
3359 1445 3460 1498 ³⁸.»

1894 1531 2022 1588 Vias
2053 1544 2234 1589 autem
2261 1546 2485 1590 sanctos
2517 1537 2745 1600 vocavit,
2789 1538 2986 1605 quippe
3020 1537 3109 1605 qui
3138 1537 3253 1590 suis
3282 1536 3466 1595 admo-

1898 1624 2193 1679 nitionibus
2238 1627 2305 1679 ad
2356 1628 2524 1681 Deum
2577 1629 2773 1681 ducere
2809 1629 3036 1696 possint.
3088 1627 3160 1680 Ita
3196 1616 3481 1696 intelliges'

1893 1713 2022 1767 illud
2059 1712 2308 1770 Jeremize
2357 1718 2553 1771 dictum
2584 1735 2596 1769 :
2628 1735 2644 1767 ι
2682 1717 2835 1772 State
2886 1717 2938 1770 in
2989 1716 3114 1780 viis,
3152 1726 3206 1771 et
3243 1717 3469 1785 quaerite

1892 1809 2117 1862 semitas
2160 1810 2371 1864 Domini
2420 1811 2805 1880 sempiternus,
2858 1821 2909 1864 et
2956 1811 3147 1864 discite
3189 1809 3364 1878 qualis
3397 1809 3468 1862 sit

1898 1899 1979 1952 via
2026 1900 2143 1968 ejus
2174 1900 2334 1963 booa,
2377 1907 2432 1954 et
2484 1901 2757 1955 ambulate
2813 1901 2864 1954 in
2898 1902 3034 1970 ipsa,
3083 1911 3136 1955 et
3182 1898 3468 1954 invenietis

1900 1993 2220 2045 munditiam
2268 1992 2555 2047 animabus
2582 1992 2866 2047 vestris”.
2902 2010 2919 2041 ›
2960 1989 3301 2043 Manifestum
3339 2000 3467 2039 vero

1896 2094 1983 2139 est
2032 2100 2153 2138 eum
2184 2102 2287 2140 non
2323 2085 2389 2139 de
2424 2085 2523 2138 viis
2555 2084 2759 2154 vulgari
2787 2083 3178 2153 significatione
3208 2081 3279 2134 ita
3307 2079 3466 2133 dictis

1896 2178 2064 2247 loqui.
2119 2178 2398 2244 Quomodo
2442 2178 2585 2229 enim
2640 2176 2907 2245 quispiam
2962 2174 3080 2228 illas
3129 2169 3468 2240 interroget?

1894 2270 2003 2323 Aut
2032 2272 2300 2338 quomodo
2340 2269 2408 2322 ab
2439 2267 2504 2321 iis
2533 2267 2748 2322 discat?
2783 2265 2837 2320 Si
2879 2266 2999 2335 quis
3034 2276 3211 2318 autem
3260 2276 3468 2317 sermo-

1896 2377 2017 2416 nem
2063 2363 2129 2415 ad
2174 2368 2394 2415 sanctos
2418 2360 2640 2423 referat,
2674 2359 2836 2429 158
2854 2357 3132 2412 sententia:
3179 2355 3465 2407 utilitatem

1897 2454 2174 2521 percipiet.
2214 2452 2346 2505 Nam
2392 2453 2435 2506 si
2466 2454 2614 2520 quis,
2651 2460 2908 2520 tanquam
2956 2450 3057 2505 viis
3110 2447 3460 2518 quibusdam,

1896 2544 2095 2597 sanctis
2128 2545 2404 2613 prophetis
2430 2554 2665 2598 mentem
2702 2544 2957 2611 applicet,
2988 2556 3091 2595 non
3121 2542 3312 2596 leviter
3346 2540 3466 2595 illos

1897 2648 2243 2700 percurrens,
2268 2634 2360 2689 sed
2392 2644 2641 2689 accurate
2662 2624 2878 2687 illorum
2898 2632 3217 2687 sententiam
3242 2646 3462 2694 eruens.

1896 2726 2067 2779 discet
2102 2724 2241 2778 viam
2293 2727 2507 2790 bonam,
2547 2725 2648 2778 hoc
2697 2734 2801 2790 est,
2835 2725 3107 2778 Christum
3147 2723 3412 2778 dicentem
3446 2740 3460 2775 :

1903 2814 2045 2883 «Ego
2061 2830 2179 2870 sum
2203 2816 2288 2868 via
2311 2814 2409 2880 ³⁰,›
2434 2832 2527 2884 per
2547 2816 2685 2868 hanc
2704 2816 3066 2877 mumlahitur,
3089 2814 3462 2868 remissionem

1895 2916 2243 2974 peccatorum
2275 2921 2639 2976 consequens.
2684 2906 2898 2959 Creavit
2928 2906 3092 2975 igitur
3127 2920 3234 2967 me,
3266 2904 3462 2973 inquit,

1894 2997 1996 3052 hoc
2038 3010 2142 3066 est,
2182 3002 2464 3053 constituit
2495 3012 2579 3051 me
2610 2998 2966 3067 principatum
3019 3004 3178 3065 atque
3210 2998 3462 3065 pietatem

1893 3089 2182 3144 habentem
2231 3105 2393 3160 super
2423 3090 2598 3160 legem
2633 3099 2688 3144 et
2733 3090 3046 3159 prophetas,
3098 3104 3201 3142 non
3251 3089 3463 3141 illorum

1893 3182 2036 3235 dicta
2076 3182 2251 3250 typica
2286 3181 2339 3235 in
2373 3183 2685 3236 universum
2713 3188 3062 3242 statuentem,
3095 3179 3188 3233 sed
3223 3180 3272 3232 in
3299 3194 3462 3247 opera

1893 3272 2064 3339 ipsius
2100 3271 2320 3325 meliora
2354 3272 2524 3341 legem
2580 3271 3017 3325 transferentem.
3052 3270 3202 3336 Quod
3233 3285 3357 3323 veru
3402 3271 3459 3323 il-

1890 3360 2003 3424 lud,
2055 3381 2073 3412 ‹
2105 3361 2330 3428 creavit,
2368 3380 2385 3412 ι
2415 3377 2521 3415 non
2572 3361 2795 3415 omnino
2828 3359 3120 3415 essentiam
3169 3359 3461 3430 significet,

1889 3454 2099 3507 abunde
2136 3454 2270 3507 satis
2298 3464 2452 3509 antea
2487 3453 2689 3508 dictum
2717 3461 2820 3508 est.

2486 3626 2637 3681 Idem
2690 3625 2842 3680 aliter

1964 3781 1979 3811 ι
2016 3762 2273 3815 Dominus
2301 3762 2507 3815 ereavit
2541 3775 2649 3827 me,
2684 3778 2704 3812 ι
2739 3759 2965 3830 perinde
2988 3769 3073 3815 est
3104 3774 3169 3815 ac
3198 3761 3242 3815 si
3272 3761 3456 3817 dicat:

1892 3852 2051 3907 Pater
2092 3852 2225 3906 mihi
2264 3866 2464 3920 corpus
2510 3852 2815 3915 constituit,
2866 3858 2921 3904 et
2968 3851 3134 3906 veluti
3185 3851 3458 3906 hominem

1890 3959 1975 3996 me
2014 3943 2251 4007 creavit,
2285 3956 2383 4011 pro
2433 3941 2607 3997 salute
2650 3943 2951 3997 hominum.
2993 3942 3459 4009 Quemadmodum

1887 4035 2032 4088 enim
2082 4050 2205 4089 cum
2252 4032 2490 4089 Joannes
2533 4032 2704 4089 dicit:
2738 4051 2757 4085 ι
2789 4031 3024 4088 Verbum
3082 4048 3212 4088 caro
3257 4033 3458 4088 factum

1887 4136 1971 4181 est
1993 4126 2065 4191 ³¹;
2112 4143 2131 4175 ι
2203 4138 2259 4180 et
2305 4125 2506 4181 Paulus
2552 4126 2619 4180 de
2683 4125 2900 4181 Christo
2949 4142 2963 4178 :
3019 4144 3037 4176 ι
3078 4125 3230 4192 Quod
3286 4126 3460 4182 factus

1886 4227 1971 4271 est
2014 4231 2112 4286 pro
2169 4216 2324 4272 nobis
2373 4216 2680 4272 maledictio
2702 4217 2784 4281 ³’;
2816 4235 2834 4268 ι
2895 4226 2950 4271 et
3004 4232 3236 4273 rursus:
3271 4236 3289 4269 ι
3323 4219 3455 4272 Eum

1885 4308 1978 4376 qui
2030 4322 2136 4361 non
2188 4308 2340 4362 novit
2388 4316 2691 4376 peccatum,
2738 4322 2837 4376 pro
2880 4308 3035 4363 nobis
3066 4318 3346 4378 peccatum
3377 4308 3457 4364 fe-

1885 4399 2024 4454 cit”
2048 4417 2063 4463 ;
2094 4418 2114 4452 ι
2153 4413 2326 4469 neque
2366 4399 2596 4453 Verbum
2649 4398 2705 4454 in
2758 4414 2979 4454 carnem
3032 4408 3297 4453 mutatum
3338 4415 3461 4455 esse

1888 4491 2201 4555 credimus,
2244 4504 2425 4560 neque
2471 4490 2744 4546 Christum
2798 4491 2973 4559 ipsam
3024 4491 3457 4548 maledictionem

1888 4591 1980 4636 aut
2009 4590 2284 4650 peccatum
2328 4595 2512 4635 revera
2544 4579 2742 4635 factum
2773 4578 2961 4645 fuisse,
3019 4581 3116 4635 sed
3146 4595 3267 4635 cum
3301 4596 3459 4635 saera

199 4679 410 4748 γούσης
458 4679 554 4749 τῆς
602 4678 753 4741 θείας
793 4677 1053 4748 ⁵Γραφῆς,
1112 4676 1339 4747 νοοῦμεν
1392 4677 1650 4741 εὐσεϐῶς
1685 4675 1778 4730 τὸν

1893 4670 2165 4741 Scriptura
2222 4672 2294 4724 ita
2347 4671 2617 4738 loquatur,
2678 4670 2763 4738 pie
2819 4670 3169 4739 intelligimus
3212 4689 3224 4724 :
3267 4672 3457 4725 eadem

200 4771 367 4825 αὑτὸν
390 4770 454 4840 δὴ
481 4769 701 4840 τρόπον,
732 4770 780 4821 εἰ
808 4768 955 4835 λέγοι
1004 4768 1132 4838 περὶ
1162 4766 1355 4820 ἐαυτοῦ
1402 4767 1481 4831 τὸ,
1519 4768 1777 4821 ιἝκτισέ

200 4880 294 4933 με,
322 4882 339 4913 ι
372 4864 400 4914 ὁ
419 4861 512 4914 τοῦ
530 4859 665 4913 Θεοῦ
688 4859 881 4927 Λόγος,
900 4859 1022 4911 ἀντὶ
1054 4857 1171 4921 τοῦ,
1196 4858 1512 4930 ’Ἄνθρωπον
1532 4859 1771 4930 ἐποίησε,

200 4952 442 5022 νοητέον,
474 4950 568 5004 καί⁵
600 4949 674 5022 μὴ
702 4948 843 5002 κατὰ
867 4950 967 5019 τῆς
993 4947 1182 5011 οὐσίας
1210 4947 1372 5000 αὑτοῦ
1404 4947 1461 5000 τὸ
1488 4950 1777 5020 εἰρημένον

200 5043 572 5116 ἐκδεχῶμεθα.

395 5176 600 5241 ΑΛΛΟ,
636 5174 726 5227 ὅτι
756 5175 828 5227 οὑ
859 5173 1084 5242 κτίσμα
1114 5175 1146 5226 ὁ
1187 5172 1331 5237 Θεὸς
1360 5171 1567 5240 Λόγος.

269 5310 332 5361 ΕΞ
370 5307 617 5378 γέννημά
661 5307 777 5358 ἐστι
820 5304 912 5358 τοῦ
950 5304 1162 5375 Πατρὺς
1204 5306 1232 5357 ό
1276 5303 1367 5357 τοῦ
1412 5303 1547 5356 Θεοῦ
1582 5302 1772 5370 Λόγος,

194 5399 288 5451 καὶ
318 5396 462 5449 οὕτω
500 5396 747 5450 καλεῖται
773 5396 922 5467 παρὰ
944 5398 1010 5466 τῇ
1045 5396 1164 5467 θείᾳ
1194 5396 1406 5466 Γραφῇ,
1440 5393 1557 5456 πῶς
1590 5393 1656 5446 ἂν
1685 5394 1770 5462 εἴη

194 5490 288 5542 καὶ
336 5490 576 5559 κτίσμα;
624 5488 862 5559 Ἀνάγκη
895 5491 1003 5559 γὰρ
1050 5489 1209 5541 αὑτὸν
1254 5488 1402 5540 δυοῖν
1435 5484 1573 5540 εἶναι
1617 5485 1773 5538 Θάτε-

197 5596 318 5649 ρον⁴
355 5579 389 5648 ἢ
416 5578 525 5649 γὰρ
558 5579 802 5649 γέννημα
842 5579 1124 5650 ὑπάρχων,
1153 5578 1213 5630 τὸ
1242 5575 1381 5630 εἶναι
1423 5578 1627 5647 κτίσμα
1656 5576 1772 5629 δια-

266 5761 309 5791 "
350 5759 516 5815 Exod.
553 5776 643 5817 xx.
690 5760 775 5812 Η.
854 5759 898 5789 ³⁸
926 5757 1113 5812 Matth.
1146 5773 1200 5821 ν,
1256 5757 1347 5810 ‘28.

192 5832 395 5896 (ι1,15.
488 5831 531 5862 ³³
573 5830 609 5884 ΙΙ
642 5829 768 5884 Cor.
812 5845 864 5892 ν,
894 5827 984 5881 2!.

433 5923 704 5984 PATROL.
754 5924 868 5984 Gn.
918 5920 1141 5981 LXXV.

1459 5760 1501 5790 ⁸³
1536 5755 1738 5814 Jerem.
1777 5772 1850 5821 vr,
1885 5755 1970 5811 16.

1888 4764 2093 4816 ratione
2136 4763 2179 4815 si
2237 4762 2363 4817 dicit
2411 4764 2473 4816 de
2529 4763 2705 4830 seipso
2757 4760 2988 4816 Verbum
3038 4764 3156 4826 Dei,
3191 4781 3209 4813 ι
3240 4761 3459 4815 Creatit.

1888 4870 1994 4916 me,
2029 4873 2046 4905 ι
2085 4854 2155 4908 ita
2184 4853 2586 4922 intelligendum
2615 4863 2718 4913 est,
2751 4852 3032 4908 Hominem
3069 4868 3154 4906 me
3174 4855 3320 4914 fecit,
3349 4868 3454 4905 non

1886 4959 2013 4998 vero
2041 4943 2109 4998 de
2141 4945 2375 4998 essentia
2412 4944 2579 5012 ipsius
2611 4945 2814 4998 dietmn
2859 4946 3321 5013 interpretandum
3349 4951 3453 4995 est.

1990 5165 2219 5229 ALIUD,
2260 5166 2397 5235 quod
2448 5163 2670 5218 Verbum
2706 5165 2797 5218 Dei
2828 5180 2929 5217 nou
2973 5166 3038 5216 sit
3081 5173 3346 5217 creatura.

1955 5300 2009 5353 Si
2044 5299 2280 5353 Verbum
2334 5297 2425 5353 Dei
2472 5306 2553 5352 est
2581 5299 2826 5368 genimen
2875 5296 3071 5359 Patris.
3125 5306 3287 5366 atque
3318 5299 3390 5353 ita
3423 5316 3452 5354 a
3508 5370 3517 5377 O

1881 5392 2059 5446 divina
2092 5392 2370 5459 Scriptura
2407 5400 2652 5457 vocatur,
2685 5391 2953 5460 quomodo
2984 5389 3055 5444 sit
3085 5400 3139 5445 et
3164 5392 3454 5446 creatura?

1884 5483 2113 5539 Necesse
2145 5484 2288 5537 enim
2320 5493 2399 5538 est
2429 5484 2600 5551 ipsum
2632 5498 2663 5538 e
2687 5483 2894 5538 duobus
2926 5483 3012 5537 his
3046 5484 3272 5538 alterum
3305 5498 3449 5538 esse.

1881 5576 1985 5628 Aut
2032 5576 2200 5638 enim,
2241 5589 2360 5628 cum
2411 5575 2481 5629 sit
2522 5572 2735 5641 genitus
2766 5587 2795 5625 a
2831 5571 3015 5639 Patre,
3047 5583 3294 5628 creatura
3343 5587 3449 5627 non

2654 5754 2693 5785 ³¹
2731 5752 2885 5809 Joan.
2931 5771 2969 5819 ι,
3007 5749 3092 5805 ﬂ.
3197 5749 3241 5781 “
3272 5746 3446 5803 Galat.

3059 5904 3099 5965 9

2075 5756 2117 5787 ³ο
2156 5754 2310 5809 Ιυειη.
2353 5770 2465 5819 xtv,
2496 5754 2548 5808 6.
