4072 6542
613 379 713 429 Θνῒ
1058 390 1080 406 ⁶
1617 370 1678 425 S.
1728 364 2008 422 CVIilLIJ
2054 359 2524 417 ALEXANDRINI
2566 357 2886 414 ARCIIIEP.

3825 347 3935 400 σεε

612 481 718 549 crit
752 521 763 555 :
795 508 885 554 aut
924 502 965 553 si
1003 512 1136 564 opus
1174 505 1227 549 ci
1273 501 1523 547 creatura
1571 498 1673 554 est,
1703 488 1856 556 juxta
1892 501 2010 551 vos,
2044 485 2196 557 geni-

2314 483 2587 552 φεύξεται,
2619 483 2651 553 ἢ
2683 484 2894 552 ποίημα
2940 479 3034 533 καὶ
3069 478 3273 547 κτίσμα
3304 474 3425 527 καθ’
3469 471 3619 540 ὑμᾶς
3670 468 3791 529 ὢν,
3829 468 3929 519 οὐκ

616 596 777 649 ιιιεό
826 588 985 644 Patre
1040 601 1147 641 non
1202 586 1328 639 erit.
1380 582 1548 638 Nemo
1597 581 1739 635 enim
1790 593 2023 648 unquam
2068 593 2204 647 opus

615 700 768 739 suum
812 678 1062 750 genimen
1093 687 1146 733 et
1195 677 1365 730 lilium
1406 684 1582 728 vocat.
1616 671 1748 726 Cum
1793 685 1921 724 vero
1955 669 2201 739 genimen

614 777 708 840 sit,
744 774 914 827 Filius
941 786 1073 842 ergo
1101 780 1156 825 et
1195 784 1300 824 non
1334 776 1583 823 creatura
1618 763 1950 819 censebitur.

920 879 1149 943 ALIUD,
1188 881 1242 932 in
1283 878 1517 930 eamdem
1559 876 1893 930 sententiam.

687 997 857 1052 Sacra
890 994 1173 1064 Scriptura
1214 1001 1373 1046 vocat
1406 992 1637 1047 Verbum
1680 990 1795 1051 Dei,
1832 988 2199 1057 Uuigenitum.

616 1089 674 1143 Si
710 1101 841 1158 ergo
888 1086 991 1141 hoc
1036 1095 1139 1149 est,
1189 1085 1460 1153 quomodo
1493 1083 1707 1135 censeri
1764 1080 1937 1148 possit
1986 1087 2201 1132 creatus

616 1195 743 1235 esse
790 1178 1087 1234 secundum
1134 1176 1423 1231 essentiam
1478 1173 1528 1225 in
1583 1172 1906 1241 principium
1951 1170 2200 1234 aliorum,

618 1285 757 1339 quos
792 1278 982 1324 auctor
1016 1266 1434 1321 Proverbiorum
1466 1272 1624 1318 vocat
1649 1263 1804 1316 vias?
1833 1264 1964 1315 Nam
2006 1261 2051 1315 si
2081 1276 2201 1314 om-

556 1390 559 1393 η
620 1363 750 1417 nino
797 1361 919 1415 aliis
970 1367 1387 1420 annumeratur,
1437 1368 1596 1424 atque
1645 1355 1951 1425 aliquorum
2002 1352 2202 1422 princi-

618 1455 767 1526 pium
798 1464 904 1519 εει,
950 1463 1100 1507 certe
1132 1464 1256 1519 pars
1299 1449 1463 1503 totius
1495 1445 1739 1516 corporis
1778 1445 1959 1508 inierit,
1992 1454 2048 1498 et
2094 1458 2200 1498 non

617 1545 723 1598 erit
757 1543 1089 1612 unigenitus,
1136 1556 1258 1595 cum
1298 1538 1496 1593 multos
1520 1547 1783 1608 praeterea
1822 1538 2019 1591 habeat
2066 1549 2200 1604 quo-

619 1650 740 1689 rum
774 1632 1096 1703 principium
1127 1638 1369 1685 creatum
1404 1641 1462 1682 se
1492 1642 1612 1681 esse
1645 1626 1795 1681 dicit.
1826 1626 1883 1681 Si
1911 1626 2053 1680 enim
2089 1625 2200 1694 pri-

617 1743 738 1782 mus
765 1727 995 1780 aliorum
1027 1733 1134 1788 est,
1168 1738 1272 1777 non
1298 1722 1405 1775 erit
1438 1722 1642 1775 idcirco
1672 1721 1838 1774 solus.
1868 1718 2201 1787 Principium

615 1819 759 1873 enim
793 1816 1041 1885 alicujus.
1074 1813 1288 1868 tametsi
1329 1812 1395 1867 iis
1416 1826 1534 1880 qum
1564 1822 1683 1879 post
1709 1812 1882 1879 ipsum
1908 1818 2037 1864 sunt
2064 1817 2202 1862 tem-

619 1924 748 1978 pore
779 1907 932 1977 prius
967 1907 1060 1969 sit,
1123 1903 1284 1974 159
1313 1905 1417 1959 erit
1445 1914 1620 1958 tamen
1649 1918 1714 1957 ex
1738 1917 1924 1956 eorum
1953 1913 2201 1962 numero,

618 2011 782 2069 atque
814 2000 948 2053 adeo
979 1997 1111 2066 ipsis
1144 2007 1453 2067 cognatum.
1505 1995 1663 2063 Atqui
1696 1993 1886 2047 Ruben
1922 1993 2092 2046 tactus
2121 2000 2207 2045 est

621 2091 950 2161 principium
980 2089 1214 2143 ﬁliorum
1243 2086 1434 2153 Jacob,
1469 2088 1562 2142 sed
1598 2102 1702 2141 nou
1728 2085 1929 2139 idcirco
1960 2083 2205 2152 unigeni-

621 2196 731 2247 tus,
774 2196 946 2252 neque
982 2181 1049 2234 ab
1100 2194 1287 2233 eorum
1328 2180 1420 2248 qui
1473 2177 1802 2247 posteriores
1845 2184 2023 2239 erant,
2074 2176 2204 2229 sub-

620 2276 824 2329 stantia
866 2272 1095 2327 alienus.
1128 2272 1183 2326 Si
1218 2286 1347 2339 ergo
1380 2270 1610 2325 Verbqu
1646 2268 1966 2338 principium
1992 2266 2203 2335 aliquo-

621 2376 741 2420 rum
788 2374 1031 2419 creatum
1086 2371 1190 2425 est,
1242 2375 1415 2430 neque
1462 2360 1773 2430 unigenitns
1815 2356 1994 2420 fuerit,
2032 2370 2205 2423 neque

622 2458 836 2511 ratioae
878 2466 1081 2509 natura!
1128 2454 1295 2507 abiis
1340 2466 1570 2522 quorum
1627 2460 1710 2506 est
1755 2449 2076 2520 principium
2123 2448 2207 2502 di-

624 2562 837 2614 versus,
867 2558 1029 2617 atque
1062 2547 1135 2600 ita
1164 2545 1432 2600 creaturis
1462 2543 1929 2598 anumnerabitur.
1968 2541 2033 2595 Et
2057 2555 2205 2594 men-

624 2644 789 2696 tietur
815 2642 1033 2710 quidem
1071 2638 1233 2693 Pater
1268 2637 1460 2691 Filium
1496 2637 1671 2706 ipsum
1702 2650 1933 2701 vocans;
1980 2634 2206 2688 mentie-

625 2742 715 2785 tur
769 2734 932 2786 etiam
987 2730 1181 2784 beatus
1230 2728 1470 2783 Joannes
1517 2728 1742 2781 dicens:
1781 2745 1797 2777 ι
1835 2726 1889 2780 ln
1942 2726 2206 2794 principio

624 2834 745 2879 erat
780 2823 1012 2878 Verbum
1035 2821 1105 2875 “.
1160 2842 1179 2873 ι
1213 2820 1494 2886 Quomodo
1540 2820 1683 2873 enim
1723 2827 1863 2882 erat,
1913 2818 1958 2871 si
2006 2817 2204 2871 factum

625 2916 750 2971 est?
792 2917 899 2967 Aut
928 2914 1199 2983 quomodo
1238 2912 1381 2965 Deus
1426 2919 1544 2964 erat
1572 2908 1831 2973 Verbum,
1883 2910 1926 2963 si
1963 2918 2204 2963 creatura

622 3006 746 3061 est?
779 3005 885 3058 Aut
912 3003 1187 3074 quomodo
1217 3003 1288 3056 sit
1330 3002 1614 3063 Dominus,
1653 3000 1742 3067 qui
1775 3015 1877 3052 una
1909 3015 2030 3052 cmn
2081 2998 2204 3051 aliis

624 3110 686 3154 ut
713 3113 903 3154 servus
945 3096 1120 3152 {actus
1152 3105 1237 3150 est
1283 3103 1339 3148 et
1389 3108 1517 3163 pars
1551 3094 1822 3148 universa:
1878 3089 2209 3146 creationis?

626 3192 734 3245 Sed
781 3192 879 3244 hoc
908 3188 1201 3243 absurdum
1243 3193 1347 3240 est.
1377 3183 1509 3237 Illud
1535 3184 1735 3252 itaque,
1780 3202 1798 3234 ι
1830 3182 2053 3241 creavit,
2084 3200 2103 3233 ι
2136 3182 2201 3235 ad
2234 3206 2281 3269 ο

626 3284 919 3339 essentiam
954 3279 1292 3336 referendum
1329 3290 1434 3329 non
1467 3288 1573 3330 est.

1302 3368 1530 3424 ALIUD.

699 3490 777 3551 Si,
822 3504 915 3557 per
956 3503 1071 3551 vos,
1111 3486 1280 3539 Filius
1328 3486 1624 3539 secundum
1656 3482 1948 3537 essentiam
1992 3494 2209 3538 creatus

625 3590 729 3646 est,
762 3579 1089 3650 principium
1137 3577 1466 3644 reliquorum
1515 3576 1808 3639 exsistens,
1843 3583 1899 3627 ut
1946 3575 2206 3643 scriptum

624 3686 731 3743 est,
769 3672 1043 3746 quomodo
1091 3669 1348 3739 praeditus
1395 3676 1479 3720 est
1535 3666 1787 3719 facultate
1830 3665 2076 3731 creandi,
2115 3674 2208 3716 aut

625 3767 899 3837 quomodo
933 3762 1163 3816 aliorum
1194 3768 1406 3813 creator
1448 3758 1621 3810 factus
1646 3757 1769 3811 est?
1797 3755 2028 3811 Necesse
2063 3755 2207 3809 enim

629 3868 735 3921 est,
789 3863 846 3910 ut
896 3855 946 3908 id
997 3851 1140 3921 quod
1188 3848 1417 3917 alicujus
1448 3848 1774 3919 principium
1811 3856 1916 3914 est,
1966 3847 2207 3916 ejusdem

624 3946 946 4003 substantia:
992 3944 1063 3997 sit
1114 3958 1236 3997 cum
1286 3952 1397 3995 toto
1438 3941 1590 4010 cujus
1631 3939 1955 4011 principium
2000 3948 2102 3994 est.
2151 3937 2207 3992 Si

625 4052 757 4107 ergo
806 4034 997 4097 Filius,
1054 4048 1177 4088 cum
1228 4032 1299 4085 sit
1338 4042 1611 4093 creatura,
1649 4030 1867 4086 creandi
1901 4029 2207 4084 facultatem

624 4128 812 4190 habet,
860 4124 1140 4179 habebunt
1174 4122 1274 4175 hoc
1320 4130 1375 4175 et
1417 4121 1639 4189 reliqum
1679 4129 1965 4182 creatum,
1997 4119 2206 4173 tametsi

626 4234 727 4288 per
754 4216 948 4270 Filium
986 4214 1141 4269 facta:
1179 4215 1311 4276 siut,
1361 4223 1415 4266 et
1460 4222 1649 4267 natura
1684 4212 1948 4266 creatrice
1976 4212 2211 4280 praedita:

628 4317 807 4364 erunt.
856 4305 999 4360 Nihil
1037 4307 1217 4374 itaque
1262 4304 1493 4371 amplius
1542 4302 1646 4356 erit
1694 4302 1746 4355 in
1795 4301 1905 4356 Deo
1957 4317 2119 4370 quam
2155 4302 2206 4355 iu

628 4398 917 4455 creaturis.
962 4396 1021 4451 Si
1060 4411 1189 4449 vero
1228 4411 1333 4448 non
1382 4404 1466 4447 est
1511 4393 1829 4464 principiqu
1882 4393 2208 4462 reliquarum

627 4499 1028 4549 creaturarum,
1062 4497 1117 4539 ut
1150 4496 1398 4539 creatura
1450 4487 1612 4538 etiam
1646 4487 1757 4555 ipse
1788 4503 1801 4539 :
1833 4484 1999 4539 Filius
2033 4487 2212 4554 itaque

628 4593 713 4635 est
741 4581 1067 4650 unigenitus.

809 4692 1046 4755 ALIUD,
1089 4708 1182 4760 per
1226 4691 1577 4744 reductiouem
1617 4692 1685 4743 ad
1722 4691 2031 4743 absurdum.

706 4830 726 4863 ι
757 4809 1016 4863 Dominus
1040 4806 1248 4861 creavit
1273 4822 1357 4860 me
1388 4805 1713 4875 principium
1750 4805 1959 4857 viarum
1990 4817 2210 4855 suarum

630 4907 685 4962 in
716 4918 880 4973 opera
926 4901 1116 4969 ipsius.
1151 4918 1169 4950 ι
1212 4899 1267 4953 Si
1309 4900 1429 4969 quis
1460 4897 1851 4955 contentiosius
1890 4896 2091 4951 dictum
2126 4896 2210 4947 in-

631 4998 853 5065 quirere
900 4993 1049 5054 velit,
1096 4992 1365 5046 malitiose
1410 4992 1599 5047 dicet:
1632 4990 1688 5045 Si
1734 4990 1945 5058 primus
1994 4998 2211 5042 creatus

630 5097 736 5149 est,
800 5083 1082 5151 factusque
1128 5091 1211 5136 est
1253 5082 1602 5152 principium,
1652 5091 1706 5135 ut
1754 5096 1850 5135 vos
1893 5080 2215 5148 opinamini,

631 5174 905 5243 quomodo
936 5172 989 5226 in
1022 5188 1184 5241 opera
1225 5171 1476 5225 creatur?
1521 5170 1634 5225 Non
1665 5170 1807 5225 enim
1840 5171 1976 5224 dixit
2005 5188 2016 5223 :
2052 5169 2217 5223 Crea-

632 5266 711 5319 vit
746 5280 830 5319 me
867 5264 1145 5326 Dominus,
1195 5274 1253 5316 ut
1289 5263 1483 5317 faciam
1528 5278 1691 5333 opera
1735 5264 1926 5331 ipsius,
1965 5264 2083 5327 sed,
2109 5280 2126 5312 ι
2161 5262 2211 5314 iu

558 5346 567 5355 ’
629 5372 793 5426 opera
824 5356 1011 5426 ipsius.
1046 5376 1063 5407 ι
1098 5353 1233 5408 Nam
1268 5357 1421 5424 quasi
1450 5356 1562 5425 jam
1596 5357 1907 5411 constitutis
1935 5356 2207 5423 operibus,

630 5461 871 5505 creatum
912 5467 971 5503 se
1003 5451 1133 5502 dicit
1181 5450 1232 5502 in
1284 5464 1369 5503 ea.
1414 5448 1565 5514 Quod
1604 5450 1648 5502 si
1686 5450 1755 5502 ita
1790 5461 1896 5511 est,
1943 5449 2212 5516 quomodo

630 5542 809 5596 adhuc
855 5542 1063 5609 priums
1111 5551 1217 5605 est,
1251 5541 1521 5595 secundus
1568 5549 1688 5608 post
1724 5539 1810 5592 illa
1860 5537 2072 5591 factus?
2108 5540 2212 5591 Aut

631 5631 905 5701 quomodo
935 5632 1005 5683 sit
1039 5630 1363 5699 principium
1403 5631 1651 5691 aliormn,
1686 5629 1776 5697 qui
1807 5639 1923 5696 post
1946 5645 2007 5682 ea
2035 5629 2208 5683 factu:

704 5788 746 5819 ³³
785 5786 940 5839 Joan.
976 5803 1015 5853 t,
1055 5790 1102 5841 l.

2241 4557 2289 4614 D

2311 579 2377 631 ἂν
2432 576 2517 646 εἴη
2580 576 2843 644 γέννημα.
2898 571 3084 633 Οὐδεὶς
3132 570 3238 639 γὰρ
3297 566 3516 619 πώποτε
3574 562 3642 613 τὸ
3711 559 3927 612 ἑαυτοῦ

2311 671 2524 740 ποίημα
2555 668 2801 736 γέννημα
2835 664 2927 717 καὶ
2957 663 3071 715 υἱὸν
3105 658 3385 714 ἀποκαλεῖ.
3434 654 3665 723 Ἐπειδὴ
3694 653 3768 705 δὲ
3806 652 3929 717 γένο

2310 762 2459 833 νημά
2489 763 2657 820 ἐστιν,
2697 758 2822 821 Υἱὸς
2857 758 2965 827 ἄρα
2998 754 3094 808 καὶ
3122 754 3183 806 οὐ
3223 751 3437 820 ποίημα
3468 747 3857 817 νοηθήσεται.

2790 871 2988 934 AAAO,
3027 870 3116 933 εὶς
3146 865 3212 919 τὸ
3245 865 3413 919 αὑτό.

2382 986 2658 1056 Μονογενῆ
2709 984 2797 1036 τὸν
2843 982 2937 1035 τοῦ
2990 980 3125 1033 Θεοῦ
3176 978 3349 1045 Λόγον
3391 977 3448 1029 αἱ
3484 974 3631 1026 Οεῖαι
3678 968 3923 1023 καλοῦῖι

2308 1080 2546 1153 Γραφαί.
2584 1080 2646 1130 Εἰ
2675 1076 2856 1129 τοίνυν
2885 1073 3043 1127 τοῦτό
3086 1072 3222 1136 ἐστι,
3261 1068 3377 1129 πῶς
3418 1066 3481 1120 ἂν
3511 1065 3698 1117 νοοῖτο
3728 1060 3913 1112 κτίσε-

2310 1152 2435 1227 σθαι
2468 1170 2590 1225 κατ’
2615 1167 2804 1222 οὐσίαν
2832 1168 2913 1229 εἰς
2943 1165 3149 1234 ἐτέρων
3180 1160 3353 1232 ἀρχὴν
3372 1200 3386 1224 ,
3419 1158 3485 1221 ἃς
3511 1156 3676 1217 ὁδοὺς
3713 1152 3911 1204 ἐκάλει

2311 1280 2403 1320 σεν
2433 1266 2462 1318 6
2494 1260 2941 1333 Παροιμιαστήςς
2980 1257 3041 1309 El
3076 1252 3185 1325 γὰρ
3219 1252 3355 1314 ὅλως
3383 1249 3592 1321 ἑτέροις
3647 1243 3921 1298 συντέτασ

2308 1373 2436 1411 κται
2466 1352 2561 1408 καί
2593 1348 2756 1404 τινών
2785 1349 2934 1401 ἔστιν
2960 1344 3126 1417 ἀρχὴ,
3164 1344 3329 1414 μέρος
3358 1340 3422 1393 ἂν
3457 1340 3545 1408 εἴη
3578 1335 3681 1389 τοῦ
3705 1334 3919 1393 παντὸς

2310 1449 2584 1519 σώματος,
2627 1442 2722 1497 καὶ
2752 1442 2851 1495 οὐκ
2885 1439 3038 1492 ἔσται
3074 1436 3389 1507 μονογενὴς,
3432 1434 3461 1485 6
3490 1430 3738 1491 πολλοὺς
3775 1426 3915 1494 ἔχων

2306 1540 2433 1603 τοὺς
2474 1535 2695 1607 ἑφεξῆς,
2731 1525 2807 1587 ὧν
2838 1527 3173 1584 ἑαυτὸνθκαὶ
3214 1524 3388 1596 ἀρχὴν
3412 1520 3670 1575 ἐκτίσθαι
3720 1519 3911 1585 φησίν.

2308 1633 2371 1685 Εἰ
2418 1631 2524 1701 γὰρ
2575 1628 2670 1681 καὶ
2719 1623 2936 1695 πρῶτος
2964 1617 3190 1687 ἐκτίσθη
3238 1615 3346 1668 τῶν
3390 1614 3590 1674 ἄλλων,
3648 1610 3781 1664 ἀλλ’
3815 1611 3912 1659 οἰκ

2309 1697 2461 1774 ἔσται
2485 1697 2572 1770 διὰ
2609 1713 2767 1769 τοῦτο
2800 1712 2976 1782 μόνος.
3014 1709 3081 1761 Ἦ
3113 1705 3222 1777 γάρ
3260 1720 3400 1767 τινος
3428 1700 3594 1772 ἀρχὴ,
3627 1697 3746 1750 κᾶν
3775 1711 3910 1764 προσ

2309 1812 2507 1885 τερεύῃ
2536 1808 2642 1863 τῶν
2675 1804 2794 1878 μεθ’
2822 1801 3021 1873 ἑαυτὴν
3049 1800 3136 1853 διὰ
3164 1798 3254 1851 τὸν
3284 1794 3495 1866 χρόνον,
3532 1793 3699 1844 ἔσται
3751 1793 3910 1841 πάλη

2308 1879 2839 1971 αὐτοῖςτὲναρίθμιός
2884 1911 2943 1947 τε
2992 1892 3087 1946 καὶ
3118 1888 3407 1958 συγγενής.
3459 1884 3659 1950 Γέγονε
3721 1879 3903 1949 γοῦγὲ

2318 1994 2545 2064 Ῥουὸὶμ
2573 1991 2716 2062 ἀρχὴ
2744 1989 2948 2042 τέκνων
2990 1980 3207 2047 Ἰακὼϐ,
3243 1979 3357 2033 ἀλλ’
3386 1977 3446 2031 οὐ
3487 1976 3576 2028 διὰ.
3616 1972 3795 2025 τοῦτο
3824 1990 3911 2040 μιν

2306 2087 2552 2157 νογενὴς,
2580 2084 2699 2137 οὐδὲ
2730 2082 2829 2152 τῆς
2862 2079 2969 2131 τῶν
3001 2074 3118 2146 μεθ’
3148 2073 3337 2127 ἑαυτὸν
3369 2069 3557 2131 οὐσίας
3590 2064 3906 2133 ἀλλότριος.

2307 2182 2370 2236 Ei
2414 2156 2593 2235 τοίνυν
2623 2176 2765 2247 ἀρχή
2809 2188 2970 2225 τινων
3007 2170 3035 2222 6
3069 2167 3240 2235 Λόγος
3288 2161 3534 2230 ἐκτίσθη.
3566 2156 3685 2211 οὔτ’
3722 2156 3796 2208 ἂν
3829 2157 3907 2220 εἴη

2310 2272 2622 2347 μονογενὴς,
2671 2266 2795 2321 οὔτε
2849 2264 2954 2335 μὴν
3000 2260 3139 2315 κατὰ
3189 2258 3283 2311 τὸν
3326 2256 3423 2326 τῆς
3468 2252 3693 2321 φύσεως
3750 2248 3907 2315 λόγον

2305 2343 2531 2423 ἐκείνων
2561 2358 2973 2428 ἀπεξενωμένος
3002 2349 3076 2408 ὧν
3107 2354 3256 2405 ἐστιν
3288 2348 3452 2420 ἀρχὴ,
3498 2345 3649 2398 οὕτω
3689 2360 3756 2395 τε
3802 2343 3906 2401 τοῖς

2307 2461 2570 2530 κτίσμασι
2602 2451 3054 2523 συνταχθήσεται.
3090 2446 3201 2501 Καὶ
3226 2443 3483 2514 ψεύσεται
3520 2439 3621 2508 μὲν
3650 2439 3680 2489 6
3712 2437 3907 2503 Πατὴρ

2306 2528 2449 2606 Υίὸνῗ
2470 2548 2632 2604 αὑτὸν
2668 2541 2959 2600 ἀποκαλῶν
2981 2558 2995 2573 ·
3029 2539 3291 2609 ψεύσεται
3322 2534 3378 2586 δὲ
3421 2532 3513 2585 καὶ
3544 2531 3573 2582 6
3620 2528 3904 2598 μακὰρ;ο;

2319 2644 2594 2711 Ἰωάννης.
2635 2638 2843 2707 λέγων·
2893 2655 2911 2686 ‹
2968 2635 3056 2687 Ἐν
3094 2633 3237 2702 ἀρχῇ
3276 2623 3345 2699 ἦν
3390 2628 3419 2679 ὁ
3454 2624 3652 2690 Λόγος·
3710 2639 3728 2670 ’
3783 2619 3904 2678 "‘75"?

2308 2737 2415 2808 γὰρ
2447 2730 2537 2805 ἦν,
2567 2734 2615 2785 εί
2644 2730 2869 2800 γέγονα
2907 2725 3033 2789 Πῶς
3061 2724 3117 2778 δὲ
3150 2722 3282 2785 Θεὸς
3308 2715 3376 2790 ἦν
3402 2720 3431 2770 6
3462 2717 3661 2784 Λόγος,
3708 2716 3759 2765 εἰ
3793 2713 3902 2763 xci-

2309 2803 2493 2893 terat;
2533 2822 2655 2885 Πῶς
2690 2820 2734 2874 δ’
2763 2819 2828 2873 ἂν
2866 2818 2950 2887 εἴη
2983 2817 3077 2870 καὶ
3110 2813 3313 2879 Κύριος
3341 2810 3369 2861 6
3401 2811 3538 2879 μετὰ
3571 2805 3691 2858 τῶν
3729 2803 3903 2857 ἄλλως

2306 2920 2382 2985 ὡς
2420 2917 2605 2979 δοῦλος
2650 2910 3041 2980 πεποιημένος,
3090 2906 3181 2960 καὶ
3236 2902 3402 2973 μέρος
3444 2898 3517 2952 ὣν
3567 2898 3672 2969 τῆς
3724 2897 3903 2959 πάσης

2309 3011 2576 3072 κτίσεως,
2625 3002 2784 3059 Ἀλλὰ
2826 3000 2986 3054 τοῦτο
3015 2999 3250 3053 ἄτοπον*
3281 2995 3342 3048 τὸ
3390 3011 3407 3044 ι
3451 2990 3673 3044 ἔκτισεν
3731 3007 3749 3038 ι
3803 2986 3905 3055 ἄρα

2310 3102 2454 3157 κατὰ
2483 3098 2583 3168 τῆς
2624 3096 2809 3159 οὐσίας
2838 3094 2898 3145 οὐ
2935 3091 3196 3144 κείσεται.

2999 3360 3200 3415 ΑΛΛΟ.

2385 3485 2447 3538 El
2475 3484 2593 3537 κατ’
2632 3479 2818 3534 ουσίαν
2850 3474 3097 3544 ἐκτίσθη,
3153 3468 3275 3525 καθ’
3307 3468 3472 3538 ὑμᾶς,
3509 3464 3538 3517 6
3587 3462 3728 3521 Υἱὸς
3768 3462 3905 3529 ἀρχὴ

2311 3577 2421 3632 τῶν
2451 3573 2647 3644 ἐφεξῆς
2687 3570 2970 3640 ὑπάρχων,
3011 3566 3085 3627 ὼς
3136 3562 3470 3631 γέγραπται,
3516 3555 3638 3617 πῶς
3684 3554 3811 3623 ἔχει
3854 3554 3906 3601 τὸ

2312 3666 2571 3723 δύνασθαι
2611 3662 2986 3733 δημιουργεῖν,
3038 3657 3155 3719 πῶς
3206 3655 3263 3708 δὲ
3315 3651 3424 3706 τῶν
3472 3649 3652 3701 ἄλλων
3715 3646 3905 3713 γέγονε

2316 3760 2582 3831 ποιητής
2641 3754 2879 3822 Ἀνάγκη
2915 3750 3024 3821 γὰρ
3067 3749 3168 3817 τήν
3214 3762 3358 3807 τινος
3403 3742 3774 3809 ὑπάρχουσαν
3813 3739 3905 3802 ἀρε

2315 3853 2416 3923 χὴν
2466 3849 2565 3918 τῆς
2600 3845 2769 3913 αὐτῆς
2802 3840 2992 3902 οὐσίας
3038 3834 3173 3890 εἶναι
3204 3835 3283 3903 τῷ
3312 3831 3495 3893 παντὶ,
3525 3821 3587 3880 οὗ
3624 3825 3725 3878 καὶ
3766 3824 3907 3875 ἔστιν

2314 3917 2479 4014 ipim.
2515 3917 2579 3992 Ei
2608 3936 2786 3989 τοίνυν
2816 3932 3023 4001 κτίσμα
3052 3929 3128 3983 ὢν
3155 3930 3183 3980 6
3210 3925 3338 3987 Υἱὸς
3379 3923 3491 3991 ἔχει
3538 3917 3637 3971 καὶ
3673 3917 3905 3983 δύναμιν

2313 4009 2736 4106 δήμιουργικὴν,
2782 4027 2894 4092 ἓξει
2932 4024 3091 4078 τοῦτο
3119 4023 3214 4075 καὶ
3240 4020 3309 4073 τὰ
3338 4016 3472 4072 ἄλλα
3501 4014 3816 4081 κτίσματα,
3861 4009 3904 4060 εἰ

2314 4104 2410 4180 καὶ
2438 4124 2629 4193 γέγονε
2657 4122 2724 4174 δι’
2757 4117 2909 4182 Υίοῦ,
2938 4116 3032 4171 καὶ
3058 4114 3198 4168 αὐτὰ
3228 4111 3389 4181 φύσιν
3417 4108 3611 4178 ἔχοντα
3632 4104 3902 4172 δημιουρ-

2315 4218 2500 4287 γικὴν.
2537 4214 2702 4268 Οὐδὲν
2724 4209 2818 4265 οὖν
2845 4212 2903 4263 ὲν
2930 4207 3049 4278 Θεῷ
3068 4204 3130 4257 τὸ
3154 4203 3314 4256 πλέον
3344 4198 3494 4269 παρὰ
3511 4196 3581 4248 τὰ
3597 4194 3899 4260 κτίσματα.

2316 4282 2379 4359 Εἰ
2394 4282 2449 4358 δέ
2470 4306 2572 4357 οὐκ
2595 4302 2742 4355 ἔστιν
2774 4299 2914 4370 ἀρχὴ
2941 4298 3048 4351 τῶν
3060 4293 3234 4349 ἄλλων
3261 4288 3578 4359 κτισμάτων
3597 4284 3677 4345 ὡς
3695 4282 3826 4348 ποίη
3835 4296 3902 4347 μα

2316 4399 2411 4451 καὶ
2444 4395 2606 4457 αὐτός
2628 4412 2641 4424 ·
2676 4393 2801 4455 Υἱὸς
2832 4392 2941 4460 ἄρα.
2972 4390 3065 4442 καὶ
3098 4383 3393 4455 μονογενής
3433 4381 3602 4431 ἐστιν.

2319 4686 2529 4751 AAAU,
2578 4684 2643 4737 τὸ
2676 4682 2827 4736 αὑτό
2871 4679 2971 4733 διὰ
3013 4677 3123 4746 τῆς
3166 4678 3253 4740 εὶς
3289 4674 3514 4727 ἄτοπον
3552 4668 3906 4739 ἀπαγωγῆς.

2397 4819 2413 4849 ι
2463 4796 2666 4867 Κύριος
2718 4794 2901 4848 ἔκτισε
2954 4810 3017 4862 με
3060 4790 3233 4861 ἀρχὴν
3282 4787 3419 4842 ὁδῶν
3448 4784 3612 4838 αὑτοῦ
3658 4787 3741 4846 εἰς
3777 4784 3908 4853 ἔργα

2320 4889 2508 4943 αὑτοῦ.
2561 4908 2577 4939 ι
2632 4888 2696 4940 ΙΞῖ
2736 4904 2819 4948 τις
2853 4884 3286 4953 φιλονεικότερον
3328 4878 3605 4943 ἐξετάζειν
3652 4877 3909 4946 ἐθελήσαι

2317 4983 2378 5035 τὸ
2402 4980 2714 5052 εἰρημένον,
2753 4977 3108 5045 κακοτρόπως
3131 4976 3280 5041 ἐρεῖ’
3313 4974 3375 5025 Εἰ
3410 4970 3628 5037 πρῶτος
3658 4971 3906 5039 ἐκτίσθη,

2319 5075 2409 5127 καὶ
2441 5070 2584 5142 ἀρχὴ
2615 5070 2802 5137 γέγονε
2848 5066 2967 5121 καθ’
3013 5066 3177 5135 ὑμᾶς,
3216 5063 3335 5126 πῶς
3376 5063 3457 5125 είς
3500 5064 3567 5114 τὰ
3613 5060 3756 5128 ἔργα
3800 5060 3909 5112 κτί-

2320 5165 2507 5229 ζεται;
2558 5163 2633 5215 Οὐ
2683 5161 2792 5231 γὰρ
2843 5160 3094 5229 εἴρηκεν·
3151 5155 3374 5208 Ἐκτισέ
3422 5170 3489 5223 με
3548 5152 3781 5221 Κύριος,
3829 5153 3908 5203 ἵνα

2322 5257 2533 5326 ποιήσω
2591 5252 2659 5306 τὰ
2708 5252 2844 5323 ἔργα
2894 5248 3080 5312 αὑτοῦ,
3128 5248 3243 5301 ἀλλ’
3279 5265 3296 5295 ι
3344 5247 3423 5308 εἰς
3477 5244 3615 5314 ἔργα
3661 5243 3855 5296 αὑτοῦ.
3889 5261 3905 5292 ι

2333 5348 2420 5411 Ὠς
2460 5347 2569 5417 γὰρ
2614 5345 2715 5415 ἤδη
2763 5341 3112 5395 συνεστώτων
3143 5340 3252 5393 τῶν
3294 5338 3492 5409 ἔργων,
3529 5334 3785 5388 ἐκτίσθαι
3816 5352 3910 5401 φη-

2324 5443 2409 5493 σἰν
2440 5443 2517 5503 εἰς
2555 5438 2712 5492 αὑτά.
2752 5437 2814 5489 Εἰ
2847 5435 2902 5487 δὲ
2951 5434 3128 5497 τοῦτο,
3161 5431 3279 5493 πῶς
3320 5430 3401 5482 ἐτι
3436 5426 3653 5497 πρῶτος
3700 5428 3849 5478 ἐστιν
3885 5429 3909 5476 ὁ

2324 5533 2441 5604 μετ’
2489 5533 2669 5586 ἐκεῖνα
2718 5528 2998 5599 δεύτερος;
3049 5524 3173 5587 Πῶς
3220 5523 3265 5576 δ’
3316 5522 3382 5575 ἂν
3437 5520 3523 5591 εἴη
3576 5519 3689 5571 τῶν
3738 5518 3909 5572 ἄλλων

2321 5626 2464 5697 ἀρχὴ
2492 5628 2519 5678 ὸ
2553 5627 2637 5678 ἐπ’
2669 5624 2853 5685 αὐτοῖς
2902 5620 3307 5691 γεγενημέιοςς
3352 5615 3479 5679 Πῶς
3518 5615 3577 5667 δὲ
3622 5613 3808 5667 πάντα
3847 5612 3909 5664 δι’
