4072 6546
236 379 341 434 9.69

1611 367 2046 426 THESAURUS.

3379 357 3479 411 εῖῖῦ

242 497 409 553 αὐτοῦ
453 499 690 568 ἐγένετο,
733 499 780 551 εί
825 491 988 559 αὐτὸς
1025 496 1140 566 μετ’
1183 495 1365 548 ἐκεῖνά
1413 495 1593 557 kat-tv;
1635 492 1697 545 Et
1748 492 1814 561 δὴ

1927 491 2040 546 est?
2067 490 2169 544 Aul
2197 487 2462 558 quomodo
2491 487 2600 541 sint
2625 489 2803 542 omnia
2839 501 2930 556 per
2963 486 3133 554 ipsum
3170 483 3326 541 facta,
3361 499 3480 536 cum

241 592 401 668 ¹ιεοῖιτο
445 594 588 645 νοεῖν
629 591 690 643 ού
740 589 914 660 θέμις,
961 589 1021 641 τὸ
1055 606 1072 637 ι
1109 588 1321 640 ἔκτισεν
1376 604 1393 635 ι
1443 585 1503 637 ού
1533 584 1677 638 κατά
1713 583 1814 652 τῆς

239 683 431 748 οὐσίας
452 682 546 736 τοῦ
579 680 712 736 Θεοῦ
743 681 917 749 Λόγου
946 679 1251 750 τεθήσεται,
1292 678 1406 731 ἀλλ’
1434 675 1669 740 εὐσεϐῶς
1701 693 1817 745 νοη-

244 770 471 842 θήσεται
500 772 630 840 παρ’
651 769 832 839 ήμῶν,
860 769 939 832 είς
967 768 1056 821 τὸν
1078 768 1204 839 περὶ
1233 767 1330 836 τῆς
1357 765 1816 836 ὲνανθρωπήσεως

244 867 400 937 λόγον
427 867 820 938 ἀνατρέχοντος
847 865 943 919 τοῦ
978 866 1264 935 νοήματος.

930 981 1135 1034 ΑΛΛΟ.

469 1094 564 1159 Ὠς
610 1091 679 1155 ἐξ
719 1091 1080 1157 ἀντιθέσεως
1110 1091 1229 1146 τῶν
1275 1091 1600 1159 αἱρετικῶν.

313 1203 534 1274 Κύριον,
561 1204 716 1274 φασὶ,
747 1201 838 1256 τὸν
857 1202 1080 1274 Πατέρα
1108 1204 1293 1258 καλεῖ·
1325 1203 1498 1267 οὓτως
1520 1199 1655 1258 οἶδεν
1687 1204 1815 1257 ἐαυ-

240 1292 333 1346 τὸν
368 1291 592 1362 κτιστῆς
638 1291 770 1344 ὄντα
819 1290 1054 1359 φύσεως.
1116 1284 1298 1345 Πάντα
1343 1292 1452 1364 γὰρ
1485 1292 1554 1346 τά
1589 1293 1813 1365 γενητὰ,

240 1379 400 1434 δοῦλα
428 1379 523 1434 τοῦ
556 1381 882 1443 ποιήσαντος
919 1378 1075 1433 Θεοῦ.

729 1493 884 1563 Πρὸς
914 1494 1089 1549 τοῦτο
1121 1497 1322 1563 λύσις.

324 1606 462 1661 Ἀλλ’
497 1606 684 1678 ὥσπερ
709 1607 931 1678 Κύριον,
959 1609 1101 1663 οὕτω
1131 1612 1224 1664 καὶ
1259 1613 1478 1682 Πατέρα
1507 1612 1680 1665 καλεῖ.
1708 1613 1817 1666 Καὶ

241 1702 291 1754 εί
316 1701 381 1758 δι’
413 1703 591 1758 έκεῖνο
630 1701 816 1758 δοῦλον
843 1697 983 1756 οἶδεν
1015 1704 1226 1768 ἑαυτὸν,
1262 1700 1401 1758 οἶδεν
1449 1703 1556 1773 ἀρα
1604 1704 1698 1756 καὶ
1727 1702 1817 1756 διὰ

241 1796 399 1849 τοῦτο
443 1795 590 1850 Υίόν.
641 1796 704 1849 Et
737 1795 794 1848 δὲ
825 1796 970 1862 Υἱὸς,
1015 1795 1076 1849 οὑ
1124 1794 1329 1865 κτίσμα
1375 1792 1469 1847 τοῦ
1516 1792 1814 1862 γεννῶντος

243 1883 467 1947 εἰκότως
495 1883 562 1937 ἂν
605 1882 835 1951 λέγοιτο,
868 1885 984 1938 ἀλλ’
1014 1884 1080 1938 ὲκ
1117 1883 1216 1954 τῆς
1246 1881 1436 1946 οὐσίας
1479 1882 1643 1937 αύτοῦ
1678 1899 1816 1953 προ·

243 1973 412 2029 ελθὼν
449 1974 810 2046 ὁμολογεῖται.
845 1975 1054 2030 Οὐκοῦν
1085 1974 1201 2028 ἔστι
1239 1974 1338 2044 μὲν
1377 1973 1505 2037 Υἱὸς
1537 1974 1679 2027 κατά
1718 1975 1816 2042 φύ-

244 2081 331 2117 σιν
353 2081 368 2097 ο
401 2065 489 2118 ὅτε
530 2064 586 2118 δὲ
617 2066 684 2119 δι’
715 2067 862 2137 ἡμᾶς
893 2065 990 2136 τήν
1020 2064 1115 2119 τοῦ
1147 2064 1334 2118 δούλου
1369 2065 1583 2136 μορφήν
1619 2066 1816 2130 ὑποδὺς

242 2158 464 2226 γῖγονεν
495 2157 803 2229 ἄνθρωπος,
834 2160 955 2213 τότε
985 2158 1078 2213 καὶ
1110 2157 1315 2228 Κύριον
1345 2157 1436 2210 τὸν
1468 2157 1687 2228 Πατέρα
1721 2175 1818 2210 κα-

243 2250 346 2306 λεῖ.
392 2251 607 2320 ’Ὠσπερ
638 2249 744 2322 γὰρ
782 2251 908 2314 Υἱὸς
937 2249 1011 2305 ῶν
1045 2248 1185 2303 κατὰ
1220 2248 1379 2318 φύσιν
1417 2247 1669 2320 ἀληθεύει
1703 2250 1816 2302 Πα-

244 2341 377 2412 τέρα
414 2340 596 2394 καλῶν
643 2341 736 2392 τὸν
781 2339 932 2403 Θεὸν,
980 2338 1154 2401 οὕτως
1205 2339 1293 2390 ὅτε
1341 2336 1441 2408 τὴν
1491 2336 1585 2390 τοῦ
1634 2337 1818 2390 δούλου

250 2431 462 2502 μορφὴν
509 2430 800 2484 ἀναλαϐεῖν
829 2430 888 2482 οὐ
938 2430 1315 2501 παρῃτήσατο,
1360 2427 1678 2497 πρεπόντως
1730 2430 1822 2480 καὶ

250 2521 430 2584 καλῶς
481 2521 744 2576 ἀποκαλεῖ
790 2519 993 2591 Κύριον
1031 2520 1120 2571 τὸν
1177 2519 1414 2588 Πατέρα.
1469 2518 1580 2570 Καὶ
1617 2518 1822 2587 ταύτην

245 2608 386 2664 οἶδεν
418 2609 578 2674 αὐτὸς
613 2611 709 2680 τὴν
731 2610 1014 2680 διαφορὰν,
1050 2608 1256 2676 λέγων·
1297 2628 1314 2658 ι
1367 2607 1823 2678 Ἐξομολογοῦμαί

247 2718 352 2767 σοι,
384 2701 584 2772 Πάτερ,
609 2699 780 2771 Κύριε
808 2700 902 2754 τοῦ
935 2700 1165 2771 ούρανοῦ
1201 2703 1293 2752 καὶ
1332 2700 1430 2768 τῆς
1462 2702 1584 2769 γῆς.
1622 2719 1638 2748 ι
1691 2700 1822 2751 Ἰδοὺ

248 2793 466 2863 Πατέρα
511 2792 611 2862 μὲν
657 2791 851 2846 ἑαυτοῦ
893 2809 1058 2862 φησιν
1101 2787 1239 2845 εἶναι
1291 2790 1382 2843 τὸν
1428 2791 1580 2854 Θεὸν,
1623 2789 1824 2859 Κύριον

245 2885 304 2937 δὲ
331 2883 439 2937 τῶν
459 2901 519 2937 τε
542 2884 600 2935 ἐν
621 2885 733 2946 τοῖς
759 2883 1006 2954 οὐρανοῖς
1030 2881 1251 2936 καὶτῶν
1277 2883 1367 2934 ἐπὶ
1396 2881 1494 2951 τῆς
1527 2881 1646 2950 γῆς.
1684 2880 1824 2933 Ἀλλ’

249 2976 408 3046 εἴπερ
444 2971 513 3046 ἦν
557 2975 652 3027 καὶ
684 2973 844 3038 αὐτὸς
874 2972 1062 3044 ὥσπερ
1108 2974 1291 3026 ἐκεῖνα
1341 2973 1588 3042 γενητὸς,
1631 2972 1729 3025 ούκ
1757 2971 1824 3024 ἂν

250 3064 429 3136 ἑαυτῷ
473 3063 673 3136 κλῆρον
702 3063 891 3136 ὥσπερ
936 3063 1210 3134 ἐξαίρετον
1238 3063 1334 3134 τήν
1370 3064 1462 3117 τοῦ
1499 3062 1630 3116 Υίοῦ
1670 3061 1822 3127 τάξιν

1921 581 2035 651 ipse
2081 580 2347 648 posterior
2384 579 2449 632 iis
2496 577 2668 632 factus
2712 577 2820 631 sit?
2854 578 2909 631 Si
2944 591 3071 630 vero
3101 577 3200 629 hoc
3250 574 3485 641 cogitare

1919 673 2068 727 nefas
2115 680 2216 734 est,
2267 688 2284 720 ι
2327 671 2529 725 ereavit
2572 689 2591 719 ι
2644 685 2748 724 non
2796 670 2861 723 de
2909 670 3142 722 essentia
3182 667 3341 722 Verbi
3392 667 3481 719 Dei

1919 764 2380 832 interpretandum
2421 771 2525 823 est,
2573 759 2666 815 sed
2697 759 2784 830 pie
2827 774 2855 811 a
2899 759 3055 812 nobis
3085 757 3481 826 explicandum,

1889 864 2081 922 atque
2118 853 2183 908 ad
2222 851 2607 908 incarnationis
2647 851 2908 904 rationem
2943 850 3305 902 referendum.

2583 963 2815 1020 ALIUD.

2283 1078 2368 1132 Ea:
2405 1077 2691 1151 objectione
2729 1077 3118 1130 Ita'rcticorum.

1988 1192 2296 1254 Dominum,
2344 1190 2613 1259 inquiunt,
2659 1187 2870 1242 Patrem
2933 1187 3183 1256 appellat,
3231 1187 3481 1239 nimirum

1917 1293 2113 1339 creata:
2161 1297 2272 1337 suae
2310 1290 2515 1336 natura:
2561 1279 2833 1334 conscius.
2875 1275 3070 1331 Omnia
3121 1278 3264 1332 enim
3302 1288 3480 1331 creata

1917 1386 2069 1430 serva
2101 1385 2222 1430 sunt
2251 1375 2488 1429 creantis
2517 1373 2630 1427 Dei.

2324 1488 2482 1559 160
2505 1484 2709 1542 Salutio
2747 1485 3068 1556 objectionis.

1986 1603 2145 1673 Atqui
2177 1603 2318 1658 sicut
2347 1603 2654 1665 Dominum,
2689 1603 2759 1655 ita
2793 1611 2845 1656 et
2875 1602 3085 1656 Patrem
3133 1603 3384 1671 appellat.
3422 1603 3485 1656 Et

1916 1691 1960 1744 si
1997 1702 2216 1761 propter
2257 1692 2358 1746 hoc
2385 1706 2601 1747 servum
2636 1707 2694 1748 se
2735 1693 3000 1761 agnoscit,
3044 1694 3195 1747 novit
3237 1693 3396 1748 etiam
3429 1711 3488 1747 se

1919 1783 2110 1839 Filium
2150 1797 2291 1840 esse.
2325 1783 2380 1842 Si
2412 1793 2591 1840 autem
2622 1783 2809 1848 Filius,
2856 1799 2960 1839 non
2995 1799 3124 1853 ergo
3160 1795 3305 1840 recte
3330 1801 3486 1841 crea-

1922 1885 2036 1928 tura
2067 1873 2342 1930 Genitoris
2374 1873 2612 1938 dicatur,
2651 1874 2747 1928 sed
2777 1891 2842 1929 ex
2876 1876 3113 1930 essentia
3159 1876 3324 1944 ipsius
3359 1891 3480 1945 pro-

1918 1967 2168 2021 cessisse.
2206 1963 2302 2021 Est
2341 1965 2508 2035 igitur
2543 1965 2710 2020 Filius
2751 1968 2964 2034 quidem
3001 1969 3294 2022 secundum
3327 1979 3484 2022 natu-

1920 2071 2058 2109 ram.
2104 2055 2238 2110 Cum
2287 2072 2416 2110 vero
2467 2067 2686 2125 propter
2735 2072 2833 2111 nos
2870 2058 3036 2111 forma
3082 2058 3220 2112 servi
3267 2072 3484 2126 accentu

1920 2146 2094 2202 factus
2149 2158 2232 2201 est
2298 2148 2477 2210 homo,
2537 2158 2647 2200 tum
2698 2145 2913 2200 Patrem
2967 2145 3250 2200 Dominum
3308 2160 3482 2204 vocat.

1920 2239 2380 2305 Quemadmodum
2425 2240 2569 2293 enim
2614 2254 2736 2294 cum
2788 2240 2858 2294 sit
2908 2250 3098 2295 natura
3135 2240 3319 2302 Filius,
3363 2257 3487 2296 vere

1923 2327 2134 2384 Patrem
2181 2341 2338 2386 vocat
2375 2332 2537 2386 Deum
2573 2348 2586 2385 :
2616 2332 2688 2385 ita
2723 2347 2845 2386 cum
2896 2335 3035 2387 servi
3075 2332 3304 2387 formam
3341 2335 3486 2388 acci-

1923 2434 2050 2488 perc
2080 2421 2398 2490 dedignatus
2433 2437 2537 2476 non
2573 2433 2655 2476 est
2677 2424 2752 2486 ³⁸,
2785 2426 3166 2479 convenienter
3207 2425 3486 2480 Dominum

1923 2499 2139 2565 Patrem
2169 2523 2345 2567 vocat.
2372 2511 2545 2582 Atque
2579 2515 2718 2569 lianc
2747 2516 2966 2584 quidem
2993 2516 3348 2572 differentiam
3379 2520 3490 2588 ipse

1925 2603 2190 2670 agnoscit,
2238 2602 2465 2656 dicens:
2502 2623 2518 2653 ι
2553 2602 2829 2660 Conﬁteor
2881 2605 2998 2668 tibi,
3052 2605 3230 2670 Pater,
3270 2609 3492 2660 Domine

1925 2688 2048 2742 cmli
2077 2698 2129 2741 et
2166 2701 2322 2743 terrae
2343 2690 2410 2744 ³⁸.
2443 2710 2460 2741 ›
2497 2692 2632 2746 Ecce
2662 2692 2874 2748 Patrem
2917 2695 3133 2764 quidem
3166 2695 3330 2751 Deum
3371 2711 3492 2750 esse

1925 2781 2184 2847 praedicat
2215 2799 2229 2835 :
2268 2783 2548 2837 Dominum
2574 2799 2702 2840 vero
2734 2787 2972 2840 omnium
3003 2801 3122 2855 qua:
3157 2787 3207 2840 in
3249 2788 3404 2842 caelis
3439 2805 3495 2842 et

1924 2886 2044 2938 quas
2077 2871 2130 2925 itt
2169 2873 2328 2928 terris
2358 2883 2508 2928 sunt.
2539 2875 2824 2942 Caeterum,
2877 2879 2922 2931 si
2955 2880 3115 2933 etiam
3169 2881 3281 2948 ipse
3315 2890 3370 2933 ιιι
3407 2881 3494 2934 illa

1925 2973 2142 3017 creatus
2191 2973 2358 3030 esset,
2413 2982 2750 3036 nequaquam
2798 2969 2957 3024 veluti
3002 2973 3254 3025 eximiam
3299 2989 3493 3043 qnam-

1925 3051 2049 3105 dam
2087 3054 2460 3111 ltmredltatem
2517 3056 2634 3111 Filii
2677 3060 2889 3114 titulum
2925 3062 3023 3116 sibi
3053 3075 3378 3131 arrogasset,
3411 3079 3493 3117 re-

251 3156 504 3226 ὲτήρησε,
539 3156 714 3208 πάντα
741 3152 810 3207 τά
837 3153 973 3209 ἄλλα
999 3152 1076 3224 τῷ
1105 3153 1253 3224 ζυγῷ
1288 3155 1391 3223 τῆς
1418 3153 1660 3215 δουλείας
1693 3153 1822 3206 ὑπο-

1927 3142 2069 3212 liqua
2111 3145 2291 3199 omnia
2338 3149 2616 3202 servitutis
2653 3147 2787 3221 jugo
2813 3152 3121 3220 subjiciens.
3171 3155 3301 3208 Cum
3351 3156 3494 3208 euitn

253 3246 389 3309 θείς.
429 3245 515 3298 Ἑν
552 3245 662 3316 γὰρ
703 3242 780 3315 τῷ
816 3243 1029 3313 λέγειν’
1065 3262 1082 3296 ι
1121 3243 1294 3314 Κύριε
1341 3243 1433 3296 τοῦ
1463 3241 1693 3314 ούρανοῦ
1733 3242 1828 3296 καὶ

253 3336 352 3407 τῆς
395 3337 520 3407 γῆς,
583 3355 600 3388 ι
658 3335 810 3390 οὐδὲν
847 3337 1057 3408 ἀφῆκεν
1096 3335 1400 3405 ἐλεύθερον,
1458 3337 1507 3387 εἰ
1549 3335 1622 3404 μή
1669 3334 1828 3403 μόνον

256 3429 443 3483 ἑαυτὸν
476 3428 550 3492 ῶς
585 3427 712 3492 Υἱὸς
746 3428 966 3498 Πατέρα
1001 3427 1237 3491 καλέσας
1269 3429 1358 3480 τὸν
1388 3427 1538 3482 Θεόν.

940 3538 1146 3594 AAAO.

555 3652 651 3717 Ὠς
679 3650 748 3715 ἐξ
781 3649 1138 3716 ἀντιθέσεως
1172 3651 1288 3705 τῶν
1318 3653 1533 3707 αὐτῶν.

330 3765 552 3836 Κύριον,
588 3764 772 3833 φασιν,
809 3762 1006 3816 ἑαυτοῦ
1056 3763 1146 3816 τὸν
1200 3765 1417 3835 Πατέρα
1465 3767 1637 3820 καλεῖ.
1691 3768 1827 3821 Ἀλλ’

257 3858 413 3927 εἰπερ
443 3854 508 3927 ἦν
541 3857 665 3917 Υἱὸς
696 3855 837 3908 κατὰ
872 3855 1054 3924 φύσιν,
1085 3855 1184 3908 ούκ
1223 3856 1288 3908 ἂν
1323 3852 1441 3909 εἷπε
1472 3858 1694 3927 Κύριον.

751 4053 907 4122 Πρὸς
932 4055 1108 4109 τοῦτο
1131 4058 1332 4122 λύσις.

330 4166 454 4230 Πῶς
483 4183 575 4221 ουν
605 4168 764 4237 ήμεῖς
784 4167 957 4220 δοῦλοι
990 4169 1132 4222 κατά
1164 4170 1325 4238 φύσιν
1354 4173 1505 4236 ὄντες
1530 4173 1829 4246 (ἄνθρωποι

258 4261 412 4331 γὰρ),
467 4260 685 4332 Πατέρα
733 4260 1006 4331 καλοῦμεν
1056 4263 1147 4315 τὸν
1192 4261 1359 4330 Θεόν;
1411 4267 1471 4319 Εἰ
1503 4267 1610 4338 γὰρ
1648 4267 1732 4321 διὰ
1770 4270 1829 4320 τὸ

259 4354 434 4405 εἰπεῖν
462 4351 622 4403 αὑτὸν
653 4351 875 4420 Κύριον,
907 4352 1006 4404 ούκ
1038 4352 1191 4405 ἔσται
1221 4355 1486 4425 γέννημα,
1517 4356 1638 4408 καθ’
1663 4358 1826 4428 ὑμᾶς,

1929 3232 2060 3286 dicit
2093 3251 2105 3286 :
2147 3252 2164 3284 ι
2195 3233 2419 3291 Domine
2458 3239 2580 3292 coeli
2629 3251 2685 3295 et
2716 3253 2892 3305 terrae,
2929 3263 2946 3292 ι
2992 3243 3124 3298 nihil
3162 3261 3190 3296 a
3236 3245 3496 3300 servitute

1929 3323 2137 3389 eximit,
2178 3337 2374 3396 praeter
2401 3343 2459 3384 se
2493 3330 2771 3396 nimirum,
2797 3344 2852 3386 ut
2887 3333 3054 3389 Filius
3081 3335 3292 3391 Patrem
3329 3337 3494 3393 Deum

1931 3429 2148 3472 νοεοηε.

2600 3536 2826 3596 ALIUD.

2332 3650 2415 3705 Ea:
2453 3652 2738 3721 objectione
2769 3659 3090 3711 earumdem.

2002 3761 2309 3827 Dominum,
2358 3765 2626 3832 inquiunt,
2660 3765 2872 3820 Patrem
2921 3784 3074 3823 suum
3113 3783 3286 3828 vocat.
3335 3777 3495 3844 Atqui

1931 3852 1975 3905 si
2007 3861 2126 3906 erat
2154 3852 2319 3908 Filius
2355 3855 2647 3909 secundum
2688 3865 2956 3921 naturam,
2991 3875 3093 3913 non
3125 3861 3350 3918 dixisset
3388 3864 3495 3920 Do-

1932 3957 2155 3998 lllllllllll.

2423 4061 2630 4114 Salutio
2681 4063 3001 4132 objectionis.

2003 4170 2283 4236 Quomodo
2328 4174 2488 4243 igitur
2541 4192 2675 4238 nos,
2729 4193 2850 4231 eum
2898 4181 3066 4234 simus
3123 4192 3307 4236 natura
3357 4190 3496 4241 serti

1934 4262 2200 4331 (homines
2232 4267 2374 4320 enim
2413 4270 2646 4333 sumus),
2678 4269 2888 4326 Patrem
2924 4274 3086 4328 Deum
3113 4278 3408 4332 vocamus?
3441 4280 3500 4335 Si

1932 4355 2100 4420 enim,
2129 4358 2253 4425 quia
2289 4358 2568 4414 Dominum
2594 4361 2767 4430 ipsum
2799 4375 2977 4425 vocat,
3013 4367 3132 4419 ideo
3159 4386 3259 4422 non
3289 4371 3410 4435 erit,
3445 4387 3502 4427 ut

258 4447 288 4497 ὁ
318 4445 466 4512 Υἱὸς,
513 4442 634 4496 οὐδὲ
675 4443 839 4514 ήμεῖς
871 4442 1104 4512 ἐσόμεθα
1138 4446 1276 4498 κατά
1318 4447 1478 4514 φύσιν
1527 4449 1823 4518 ποιήματα,

1933 4462 2028 4502 vos
2077 4448 2396 4516 opinamini,
2436 4452 2646 4520 genitus
2702 4469 2766 4507 ex
2826 4455 2986 4510 Patre
3022 4457 3233 4514 Filius:
3287 4479 3353 4518 ne
3403 4483 3500 4520 nes

261 4536 480 4605 Πατέρα
505 4534 794 4598 καλοῦντες
825 4534 916 4587 τὸν
951 4538 1201 4605 ποιητήν.
1243 4538 1305 4591 El
1334 4537 1390 4590 δὲ
1418 4538 1563 4609 ἡμᾶς
1594 4541 1692 4592 οὐκ
1725 4541 1828 4604 ἔξω

257 4626 353 4681 τοῦ
382 4626 708 4697 πεποιῆσθαι
740 4625 952 4697 τίθησιν
980 4627 1013 4696 ή
1036 4628 1193 4698 χάρις
1223 4628 1589 4699 ἐπιτρέπουσα
1616 4631 1828 4701 Πατέρα

259 4718 445 4771 καλεῖν
481 4718 573 4770 τὸν
605 4717 899 4786 Δεσπότην,
931 4718 1052 4770 οὐδὲ
1098 4720 1126 4771 ὁ
1171 4718 1297 4781 Υἱὸς
1335 4721 1691 4774 ἀποπεσεῖται
1735 4719 1826 4773 τοῦ

263 4805 400 4862 εἶναι
425 4808 567 4863 κατὰ
596 4807 757 4876 φύσιν
774 4807 920 4872 Υἱὸς,
950 4807 1039 4862 διὰ
1070 4808 1168 4880 τὴν
1200 4809 1388 4880 χρείαν
1415 4812 1508 4864 καὶ
1534 4811 1594 4864 τὸ
1621 4812 1829 4882 πρέπον

258 4903 325 4972 τῇ
355 4900 475 4954 καθ’
507 4901 657 4972 ήμᾶς
696 4900 977 4972 οἰκονομία
1017 4898 1222 4971 Κύριον
1258 4901 1548 4955 ἀποκαλῶν
1591 4903 1680 4955 τὸν
1713 4920 1834 4970 γεν-

257 4994 519 5063 νήσαντα.
563 4990 906 5062 Ἐπεδήμησε
934 4990 1044 5062 γὰρ
1076 4990 1105 5043 ὁ
1131 4991 1225 5045 τοῦ
1251 4991 1385 5045 Θεοῦ
1418 4993 1609 5060 Λόγος,
1640 4994 1728 5046 ἵνα
1755 4995 1835 5056 εἰς

1935 4538 2150 4604 quidem
2201 4539 2402 4593 erimus
2452 4544 2743 4597 secundum
2794 4558 3039 4601 naturam
3085 4555 3501 4620 creaturae,l’:.-

1937 4638 2072 4684 trem
2132 4638 2382 4685 vocantes
2445 4645 2764 4688 creatorem.
2832 4639 3288 4704 Quemadmodum
3357 4650 3498 4700 enim

1936 4721 2106 4788 gratia
2139 4736 2256 4790 qua:
2285 4721 2438 4775 nobis
2482 4737 2737 4778 concessa
2781 4739 2882 4792 est,
2917 4741 2974 4783 ut
3003 4745 3253 4788 vocemus
3287 4735 3496 4791 Patrem

1936 4823 2056 4864 eum
2093 4811 2184 4879 qui
2220 4820 2402 4864 noster
2429 4821 2511 4866 est
2549 4812 2834 4879 Dominus,
2867 4833 2971 4871 non
3016 4819 3170 4875 ellicit
3203 4833 3258 4876 ut
3293 4841 3394 4878 non
3423 4828 3499 4878 si-

1940 4915 2056 4955 mus
2079 4911 2349 4970 creatura,
2380 4903 2451 4958 ita
2495 4915 2547 4960 et
2583 4901 2750 4959 lt‘tlius
2775 4922 2877 4962 nou
2912 4911 3120 4968 desinet
3148 4929 3268 4968 esse
3304 4925 3497 4971 natura

1933 4991 2125 5055 Filius,
2163 4994 2374 5049 etiamsi
2417 5007 2662 5064 respectu
2698 4999 3084 5056 incarnationis
3116 5007 3498 5062 convenienter

259 5083 448 5137 ἑαυτὸν
471 5082 757 5137 ἀναλαϐὼν
781 5083 849 5136 τὰ
876 5083 1208 5156 ἀνθρώπινα,
1239 5084 1306 5138 τά
1339 5084 1532 5137 ἑαυτοῦ
1577 5087 1643 5155 τῇ
1677 5083 1823 5152 φύσει

1935 5081 2147 5137 l’atrem
2197 5101 2353 5140 suum
2407 5095 2564 5142 vocet
2613 5089 2913 5146 Dominum.
2960 5093 3304 5150 lncarnatum
3351 5099 3496 5152 enim

258 5174 566 5245 χαρίσηται.
605 5174 716 5227 Καὶ
761 5174 917 5227 τοῦτο
949 5175 1182 5228 δεικνύει
1215 5175 1388 5244 λέγων
1412 5191 1424 5204 ⁶
1461 5194 1479 5226 ι
1525 5176 1823 5247 Πορεύομαι

1933 5181 2016 5227 est
2046 5171 2276 5229 Verbum
2307 5176 2423 5242 Dei,
2455 5187 2513 5233 ut
2535 5182 2827 5249 assumptis
2861 5186 2912 5236 in
2943 5197 3001 5238 se
3031 5185 3280 5240 humana:
3323 5193 3502 5245 carnis

260 5265 398 5334 πρὸς
438 5267 528 5317 τὸν
557 5263 776 5334 Πατέρα
818 5281 918 5334 μου
965 5268 1058 5318 καὶ
1092 5265 1310 5335 Πατέρα
1363 5264 1535 5335 ὑμῶν,
1575 5266 1669 5319 καὶ
1701 5266 1832 5319 Θεόν

263 5372 367 5425 μου
397 5356 492 5408 καὶ
524 5354 656 5408 Θεὸν
685 5356 859 5426 ὑμῶν.
899 5375 916 5407 ι
955 5356 1148 5410 Δίδωσι
1182 5357 1281 5426 μὲν
1311 5357 1420 5427 γὰρ
1450 5359 1515 5427 τῇ
1544 5356 1830 5426 ἀνθρώπου

261 5444 422 5514 φύσει
447 5437 748 5508 τὸέαυτοῦ,
775 5446 993 5519 Πατέρα
1028 5446 1212 5501 καλεῖν
1241 5448 1552 5517 ἐπιτρέπων
1583 5449 1718 5518 αύτῇ
1743 5447 1832 5500 τὸν

259 5535 410 5591 Θεόν.
455 5537 848 5608 Ἀναλαμσάνει
887 5538 944 5592 δὲ
987 5538 1149 5602 αὐτὸς
1175 5538 1242 5591 τὰ
1277 5543 1374 5608 τῆς
1416 5539 1830 5610 ἀνθρωπότητος

263 5628 392 5694 ἴδια,
437 5628 569 5680 Θεὸν
621 5627 814 5682 ἑαυτοῦ
855 5629 945 5681 τὸν
991 5628 1206 5700 Πατέρα
1247 5628 1446 5684 καλῶν.
1523 5629 1659 5680 Ἀλλ’
1707 5628 1829 5681 οὔτε

334 5785 379 5816 ³’
408 5783 638 5857 Philipp.
671 5801 729 5848 tl,
765 5786 816 5849 6,
854 5787 904 5839 7.
985 5786 1026 5815 "‘-
1061 5785 1244 5838 Μ.ιιι1ι.
1284 5799 1356 5846 λι,
1386 5785 1473 5837 ‘23.

1941 5265 2377 5334 proprietatibus,
2424 5283 2552 5323 suas
2597 5274 2951 5340 proprietates
2993 5286 3197 5331 natura:
3256 5282 3502 5338 humana:

1941 5354 2227 5425 largiretur
2275 5368 2434 5426 atque
2460 5361 2902 5418 communicaret.
2940 5365 3092 5432 Quod
3135 5370 3350 5437 quidem
3389 5373 3501 5444 ipse

1939 5443 2193 5507 ostendit,
2225 5445 2410 5500 dicens
2454 5466 2465 5500 :
2505 5466 2520 5496 ι
2556 5445 2703 5505 Vade
2746 5453 2811 5506 ad
2859 5453 3070 5508 Patrem
3113 5474 3288 5512 meum
3315 5471 3370 5516 et
3400 5443 3501 5516 Pa—

1941 5544 2073 5590 trem
2141 5549 2411 5604 vestrnm,
2486 5551 2540 5596 et
2596 5542 2759 5598 Deum
2838 5563 3014 5601 meum
3073 5561 3128 5603 et
3189 5550 3353 5606 Deum
3416 5569 3507 5608 ve-

1939 5640 2107 5683 strum
2136 5631 2198 5684 ³⁷.
2240 5649 2256 5682 ι
2315 5631 2566 5705 Largitur
2619 5637 2760 5691 enim
2807 5639 3054 5694 ltumanze
3107 5652 3312 5698 natura:
3360 5647 3503 5712 quod

1553 5785 1594 5813 ³⁷
1635 5783 1784 5839 Joau.

1950 5785 2027 5836 l7.
3439 5801 3466 5826 α
