4072 6508
274 461 384 521 273

272 577 366 633 διὰ
394 579 491 650 τῆς
516 582 741 653 σαρκὸς,
787 586 815 637 6
854 586 984 650 Θεὸς
1022 588 1113 640 τὸν
1151 591 1347 647 ἑαυτοῦ
1400 596 1527 649 Υἱὸν
1554 600 1620 652 πέ

265 669 587 741 ὁμοιώματι
612 673 810 744 σαρκὸς
834 675 1128 747 ἁμαρτίας,
1147 682 1243 733 καὶ
1273 685 1401 754 περὶ
1429 669 1704 758 ἁμαρτίας
1733 709 1864 744 κατ-

275 758 461 830 έκρινε
507 762 606 834 τὴν
639 765 916 835 ἁμαρτίαν
961 768 1019 821 ὲν
1058 773 1123 841 τῇ
1161 774 1344 843 σαρκὶ,
1383 775 1472 830 ἵνα
1502 778 1563 831 τὸ
1587 779 1863 853 δικαίωμα

274 851 370 903 τοῦ
410 853 577 923 νόμου
628 855 890 929 πληρωθῇ
950 861 1008 913 ὲν
1056 864 1212 933 ἡμῖν,
1244 867 1356 931 τοῖς
1401 868 1476 939 μὴ
1502 870 1643 925 κατά
1682 851 1862 944 σάρκα

276 944 694 1012 περιπατοῦσιν,
747 948 885 1003 ἀλλά
950 952 1095 1006 κατὰ
1150 955 1431 1028 πνεῦμα.»
1502 961 1613 1015 Καὶ
1661 964 1858 1019 πάλινο

284 1049 302 1080 ι
339 1032 415 1084 Οὐ
468 1034 578 1105 γὰρ
618 1036 939 1094 ἀπέστειλεν
978 1044 1007 1095 6
1050 1043 1181 1109 Θεὸς
1212 1046 1303 1100 τὸν
1344 1049 1469 1103 Υίὸν
1500 1053 1580 1116 είς
1628 1053 1721 1108 τὸν
1770 1056 1863 1109 κός

279 1136 437 1189 σμον,
470 1123 556 1177 ἵνα
580 1128 742 1199 κρίνῃ
767 1130 861 1183 τὸν
904 1132 1132 1204 κόσμον,
1159 1137 1274 1191 ἀλλ’
1304 1140 1391 1194 ἵνα
1427 1143 1571 1215 σωθῇ
1598 1145 1626 1196 6
1653 1146 1859 1217 κόσμος

275 1210 343 1263 δι’
377 1213 564 1269 αὑτοῦ.
602 1236 623 1269 ι
668 1220 781 1275 Καὶ
811 1224 976 1279 πάλιν
1011 1228 1039 1281 6
1070 1229 1259 1302 Σωτὴρ
1293 1233 1420 1303 περὶ
1447 1210 1673 1289 ἑαυτοῦ·
1711 1257 1730 1288 ι
1759 1210 1862 1303 Ἐεξ

277 1304 461 1373 κρίσιν
480 1306 593 1375 ἐγὼ
616 1310 696 1375 εἰς
714 1311 807 1366 τὸν
827 1315 1033 1387 κόσμον
1054 1318 1244 1375 τοῦτον
1260 1316 1444 1394 ἦλθον,
1476 1326 1561 1380 ἵνα
1578 1329 1627 1380 οἱ
1653 1329 1727 1400 μὴ
1749 1330 1861 1400 βλέ-

276 1411 471 1462 ποντες
503 1400 768 1471 βλέπωσι,
798 1407 896 1460 καὶ
922 1409 972 1461 οἱ
1002 1408 1290 1477 βλέποντες
1316 1416 1507 1485 τυφλοὶ
1532 1419 1853 1487 γένωνται.)

274 1483 409 1539 Ὅτε
443 1489 626 1545 τοίνυν
662 1493 888 1564 γέγονεν
928 1497 1214 1571 ἄνθρωπος
1261 1504 1349 1559 ἵνα
1394 1483 1568 1562 ταῦτα
1593 1510 1857 1585 πληρώσῃ

270 1574 343 1630 τὰ
387 1577 548 1649 ἔργα,
576 1585 673 1637 καὶ
710 1586 853 1658 ἀρχὴ
884 1589 1111 1661 γένηται
1142 1594 1252 1649 τῶν
1279 1597 1536 1652 τοιούτων
1579 1574 1718 1657 ὁδῶν
1736 1644 1751 1667 ,
1782 1574 1863 1657 ei:

275 1667 451 1733 κότως
504 1672 571 1726 ἂν
615 1674 762 1745 λέγοι
820 1680 948 1751 περὶ
992 1683 1186 1737 ἑαυτοῦ
1212 1701 1227 1717 ·
1263 1689 1528 1760 ‹.Κύριος
1571 1692 1754 1747 ἐκτισέ
1790 1711 1857 1764 με

272 1759 451 1831 ἀρχὴν
498 1761 635 1817 ὁδῶν
670 1767 837 1822 αὑτοῦ
872 1772 953 1836 είς
988 1772 1126 1844 ἔργα
1170 1777 1356 1833 αὐτοῦ.
1391 1759 1420 1833 »ν
1465 1784 1577 1837 Οὐκ
1632 1759 1855 1857 ἐκτίσθη

275 1848 385 1917 γὰρ
418 1850 499 1913 είς
535 1853 597 1906 τὸ
640 1851 783 1909 εἶναι
818 1862 1193 1932 παρενεχθεὶς,
1249 1866 1364 1919 ἀλλ’
1397 1869 1472 1923 ὣν
1504 1871 1593 1925 ἀεὶ
1626 1874 1722 1926 καὶ
1749 1848 1854 1927 ὑπί

271 1938 479 2009 ἀρχων,
509 1944 733 2019 ἐκτίσθη
757 1949 894 2018 σὰρξ
924 1952 1011 2006 διὰ
1032 1952 1133 2019 τὰς
1152 1961 1520 2032 προκειμένας
1553 1967 1755 2030 αἰτίας.

274 2052 401 2107 Ἔτι
427 2057 516 2123 είς
548 2057 636 2123 τὸ,
677 2079 695 2111 ί
728 2064 1180 2193 Κύριοςόἕιὶξῖέ
1200 2090 1310 2141 με,
1342 2093 1361 2127 ι
1394 2074 1484 2129 ὅτι
1516 2080 1587 2131 οὺ
1630 2083 1853 2151 κτίσμα

1129 2162 1179 2193 (‘.

1129 2162 1179 2207 ς.

341 2231 482 2301 the!
504 2250 607 2287 που
627 2237 837 2304 Παῦλος
866 2244 993 2315 περὶ
1017 2247 1109 2300 τοῦ
1134 2249 1385 2323 Σωτῆρος
1414 2254 1570 2324 ἡμῶν
1589 2258 1848 2328 Χριστοῦ’

279 2320 491 2386 «Αὐτὸς
520 2326 630 2397 γάρ
661 2330 811 2383 ἔστιν
858 2333 891 2403 ἠ
925 2335 1117 2408 είρήνη
1163 2320 1340 2409 ἡμῶν,
1388 2320 1500 2397 όγτὸ
1541 2320 1853 2420 μεσότοιχον

270 2409 370 2467 τοῦ
398 2417 652 2486 φραγμοῦ
681 2419 870 2487 λύσας,
898 2426 997 2495 τὴν
1022 2426 1223 2499 ἔχθραν
1257 2433 1314 2484 ἐν
1354 2437 1417 2504 τῇ
1460 2409 1623 2507 σαρκὶ
1663 2409 1849 2509 αὑτοῦ,

272 2503 367 2555 τὸν
398 2505 560 2575 νόμον
587 2508 696 2563 τῶν
728 2513 958 2568 ἐντολῶν
989 2518 1047 2570 ἐν
1078 2519 1311 2587 δόγμασι
1351 2503 1728 2598 καταργήσας,
1766 2503 1854 2586 ἵνα

268 2593 405 2657 τοὺς
429 2595 524 2648 δύο
563 2601 724 2673 κτίσῃ
748 2605 805 2656 ἐν
832 2607 1010 2679 ἑαυτῷ
1043 2611 1122 2674 είς
1161 2612 1257 2666 ἕνα
1293 2616 1479 2670 καινὸν
1499 2593 1848 2691 ἀνθρωττοι»

276 2682 341 2739 El
378 2686 560 2741 τοίνυν
607 2692 669 2744 τὸ
712 2696 804 2748 καὶ
848 2696 942 2749 δύο
970 2700 1146 2764 κτίζει
1172 2704 1408 2775 Χριστὸς
1450 2682 1729 2783 ἐν’ἑαῦτῷ,
1759 2713 1855 2767 καὶ

274 2774 355 2835 είς
384 2774 481 2828 ἕνα
510 2779 695 2834 καινὸν
723 2783 1011 2853 ἄνθρωπον
1038 2774 1346 2863 ἀναμορφοτ
1365 2837 1380 2861 ,
1431 2774 1731 2869 τουτέστιν,
1773 2804 1853 2869 είς

270 2862 367 2915 τὸν
395 2866 534 2919 κατά
587 2871 788 2943 ἀρετὴν
821 2875 935 2945 βίον
955 2894 970 2908 θ
1011 2881 1173 2951 ἡμεῖς
1206 2862 1313 2956 γὰρ
1345 2881 1485 2957 ἦμεν
1524 2891 1574 2942 οί
1616 2891 1676 2945 ἐν
1706 2862 1852 2965 αὐτῷ

276 2956 612 3027 κτιζόμενοι,
641 2964 777 3017 καθὸ
804 2967 902 3036 τῆς
930 2970 1065 3040 πρὸς
1112 2974 1254 3044 ἡμᾶς
1307 2956 1617 3048 ὁμοιώσεως
1651 2956 1850 3040 trem;

270 3046 421 3114 ὗετο,
452 3052 544 3105 καὶ
571 3054 630 3106 ὲν
656 3056 805 3126 αὒτῷ
838 3060 1038 3133 πρώτῳ
1060 3065 1157 3135 τῆς
1187 3046 1531 3144 ἀρεσκούσης
1554 3075 1673 3148 Θεῷ
1703 3078 1853 3133 πολι·

274 3140 425 3206 τείας
448 3145 762 3216 ἐσχήκαμεν
787 3150 885 3220 τὰς
904 3153 1080 3225 ἀρχὰς
1098 3158 1178 3220 είς
1204 3160 1459 3229 ἀμείνονα
1487 3140 1601 3234 βίον
1629 3140 1852 3224 ἀνακτι-

269 3233 512 3304 ζόμενοι·
547 3239 772 3305 εἰκότως
810 3243 875 3297 ἂν
896 3244 1046 3315 λέγοι
1078 3251 1170 3303 καὶ
1192 3251 1286 3304 νῦν
1318 3253 1393 3317 ὡς
1414 3256 1515 3310 ὑπὲ

274 3326 366 3379 τὸν
388 3329 481 3383 ἕνα
521 3331 839 3404 κτιζόμενος
861 3337 1147 3409 ἄνθρωπον
1166 3360 1178 3373 ο
1216 3362 1233 3394 ι
1258 3345 1461 3418 Κύριος
1494 3326 1676 3405 ἐκτίσέ
1712 3372 1801 3425 με.

962 3455 1168 3512 ΑΛΛΟ.

348 3556 661 3629 Γέγραπται
684 3578 786 3616 που
811 3567 939 3637 περὶ
958 3567 1054 3622 τοῦ
1092 3572 1345 3644 Σωτῆρος
1374 3579 1405 3648 ἡ
1416 3578 1532 3649 μῶν
1579 3583 1848 3653 Χριστοῦ·

280 3666 303 3700 ι
342 3648 574 3723 Ὄτιπερ
606 3654 769 3719 αὐτὸς
811 3657 910 3721 τὰς
959 3661 1246 3731 ἀσθενείας
1280 3669 1439 3739 ἡμῶν
1479 3648 1646 3741 αϊρειξ
1687 3695 1707 3728 ι
1744 3679 1853 3732 Καὶ

278 3741 478 3795 πάλιν*
525 3763 543 3796 ι
579 3744 807 3814 Γέγονεν
845 3749 983 3823 ὑπὲρ
1013 3754 1170 3824 ἡμῶν
1201 3760 1432 3829 κατάρα.
1460 3782 1478 3813 ι
1516 3767 1627 3820 Καὶ
1664 3771 1850 3826 πάλινο

280 3852 306 3884 ‹
341 3833 446 3888 Τὸν
478 3836 554 3905 μὴ
601 3837 797 3906 γνόντα
854 3843 1131 3932 ἁμαρτίαν
1190 3851 1330 3925 ὑπὲρ
1372 3856 1532 3925 ἡμῶν
1578 3861 1854 3932 ἁμαρτίαν

276 3924 555 3995 ἐποίησεν.
596 3932 837 4003 »Ὥσπερ
869 3930 963 3988 οὖν
1003 3924 1363 4011 ὴσθενηκέναι
1396 3924 1642 4015 λέγεται,
1674 3924 1851 4010 καίτοι

272 4016 355 4087 μὴ
384 4018 689 4092 ἀσθενήσας
722 4024 942 4080 πώποτε
978 4028 1225 4101 (δύναμις
1253 4034 1361 4107 γὰρ
1390 4037 1524 4094 Θεοῦ
1556 4042 1747 4114 ἐστιν),
1770 4048 1851 4102 ὄτι

268 4107 375 4172 τὰς
403 4112 563 4181 ἡμῶν
589 4115 874 4183 ἀσθενείας
904 4120 1195 4177 ἐϐάστασε*
1240 4132 1570 4201 γεγενῆσθαί
1599 4152 1658 4188 τε
1690 4107 1852 4192 αῦτὸν

270 4202 576 4303 κατάρανή
605 4207 722 4264 θεία
759 4217 894 4286 φησὶ
919 4219 1130 4293 Γραφὴ,
1166 4226 1268 4279 οὐκ
1299 4230 1431 4283 αὐτὸ
1465 4232 1528 4303 δὴ
1566 4235 1725 4289 τοῦτο
1769 4240 1852 4303 είς

272 4294 523 4402 κατάραν
568 4310 1036 4379 μεταπεποιῆσθαι
1078 4320 1419 4388 σημαίνουσα
1439 4363 1454 4389 ,
1487 4294 1602 4379 ἀλλ’
1636 4329 1719 4383 ὅτι

266 4384 415 4459 ὑπὲρ
444 4390 603 4460 ήμῶν
638 4396 883 4468 κατάραν
918 4384 1222 4475 ὑπήνεγκε·
1267 4413 1361 4465 καί¹
1403 4384 1563 4471 π’ἀλιν
1605 4384 1850 4491 ἁμαρτία

267 4483 603 4554 γεγενῆσθαι
629 4486 867 4560 λέγεται,
898 4496 957 4548 οὐ
992 4498 1091 4568 τῆς
1113 4503 1320 4569 οἰκείας
1352 4508 1569 4577 φύσεως
1598 4483 1851 4585 ἐττιλελη-

1672 486 2116 551 THESAUBUS.

1628 601 1776 671 μψας
1802 605 1860 657 ἐν
1892 611 1936 665 Α
1966 607 2161 663 Filium
2205 626 2361 665 suum
2399 615 2619 674 mittens
2656 619 2706 672 in
2744 621 3157 682 similitudinem
3195 631 3377 685 carnis
3419 647 3546 700 pec-

3428 516 3535 573 επ

1967 701 2093 761 cati.
2137 702 2204 755 de
2250 713 2471 770 peccato
2518 708 2794 764 damnavit
2836 724 3118 783 peccatum
3167 718 3219 771 in
3264 735 3449 789 carne,
3491 736 3549 777 ut

1959 790 2276 860 justiﬁcatio
2306 796 2436 865 legis
2466 798 2781 867 impleretur
2807 804 2859 857 in
2890 806 3063 871 nobis,
3089 809 3178 877 qui
3208 826 3312 865 non
3343 827 3545 868 secun-

1963 883 2087 936 dum
2113 900 2331 940 carnem
2356 890 2715 951 ambulamus.
2735 895 2828 947 sed
2848 898 3141 969 secundum
3165 900 3410 969 spiritum
3426 904 3492 956 δ’.
3518 924 3539 955 ε

1965 973 2030 1027 Et
2058 974 2254 1030 alicubi
2293 996 2306 1030 :
2345 998 2363 1030 ι
2404 978 2523 1033 Non
2552 981 2695 1036 enim
2727 984 2870 1038 misit
2904 985 3045 1040 Deus
3076 985 3269 1043 Filium
3303 995 3354 1045 in
3389 1010 3544 1048 mun-

1963 1063 2120 1129 dum,
2158 1076 2215 1119 ut
2245 1067 2453 1135 judicet
2492 1073 2781 1139 mundum,
2818 1076 2912 1129 sed
2949 1086 3007 1131 ut
3045 1080 3275 1133 mundus
3306 1080 3543 1137 salvetur

1963 1169 2058 1222 per
2095 1173 2218 1213 eum
2239 1161 2304 1213 ‘°.
2357 1180 2375 1213 ι
2421 1160 2657 1219 Rursum
2701 1165 2958 1223 Servator
3018 1171 3084 1224 de
3138 1172 3318 1242 seipso
3358 1191 3372 1228 :
3418 1191 3438 1226 α
3480 1174 3541 1229 In

1958 1247 2221 1316 judicium
2257 1268 2357 1321 ego
2390 1256 2442 1309 in
2476 1257 2620 1311 hunc
2652 1260 2912 1314 mundum
2936 1263 3079 1324 veni,
3111 1274 3169 1315 ut
3199 1267 3289 1332 qui
3324 1281 3429 1320 non
3456 1269 3540 1321 vi-

1963 1340 2110 1403 dent,
2138 1341 2371 1407 videant,
2400 1353 2453 1398 et
2478 1348 2568 1414 qui
2598 1348 2804 1414 vident,
2833 1352 2961 1405 caeci
2996 1351 3127 1407 ﬁant
3148 1354 3247 1407 ³¹.›
3278 1355 3411 1409 Cum
3440 1356 3539 1425 igi-

1964 1437 2053 1480 tur
2078 1428 2254 1486 factus
2283 1444 2365 1487 est
2398 1435 2579 1499 homo,
2612 1446 2670 1490 ut
2700 1439 2814 1495 haec
2843 1456 3005 1511 opera
3039 1444 3275 1513 impleat,
3305 1454 3359 1499 ct
3388 1448 3537 1515 prin-

1963 1520 2161 1587 cipium
2202 1522 2294 1577 ﬁat
2327 1524 2634 1593 huiusmodi
2669 1530 2875 1584 viarum
2897 1572 2911 1596 ,
2945 1536 3139 1588 merito
3170 1536 3236 1590 de
3268 1551 3326 1590 se
3360 1537 3489 1592 dicit
3519 1555 3534 1590 :

1967 1628 1987 1659 ε
2043 1610 2300 1668 Dominus
2339 1618 2543 1673 creavit
2582 1634 2667 1673 me
2708 1620 3033 1692 principium
3068 1625 3277 1680 viarum
3316 1642 3536 1682 suarum

1964 1702 2013 1754 iu
2056 1718 2221 1771 opera
2268 1707 2455 1777 ipsius.
2501 1729 2519 1760 θ
2561 1710 2746 1781 Neque
2779 1714 2927 1769 enim
2967 1716 3043 1770 ita
3081 1728 3299 1773 creatus
3338 1728 3442 1783 est,
3482 1730 3538 1772 ut

1961 1792 2026 1845 ad
2053 1806 2173 1846 esse
2198 1795 2481 1852 traductus
2505 1799 2599 1863 sit,
2625 1802 2718 1854 sed
2743 1817 2865 1856 cum
2893 1816 3110 1874 semper
3130 1806 3197 1861 sit
3222 1817 3385 1880 atque
3411 1810 3540 1864 sub-

1960 1884 2138 1947 sistat,
2173 1897 2393 1943 creatus
2422 1900 2509 1943 est
2539 1906 2666 1943 caro
2694 1894 2764 1945 oh
2795 1908 2989 1950 causas
3012 1896 3123 1963 jam
3155 1898 3348 1954 dictas.

1955 2085 2112 2139 Aliud
2143 2088 2194 2140 in
2225 2089 2385 2154 idem,
2424 2110 2441 2141 ι
2481 2092 2737 2174 Dominus
2768 2098 2959 2151 creavit
2991 2116 3101 2165 me;
3143 2120 3161 2152 ι
3194 2103 3332 2171 quod
3364 2101 3534 2159 Filius

2502 2179 2606 2217 non
2637 2173 2702 2217 sit
2732 2176 2995 2222 creatura.

2026 2270 2223 2325 Paulus
2266 2274 2462 2331 alicubi
2515 2278 2583 2332 de
2636 2278 2925 2337 Servatore
2974 2294 3158 2339 noslro
3198 2286 3414 2344 Christo
3460 2292 3531 2345 ita

1957 2358 2033 2411 ait
2065 2377 2078 2411 :
2117 2377 2136 2410 ι
2175 2360 2293 2427 ipse
2322 2364 2465 2419 enim
2499 2376 2581 2421 est
2615 2384 2717 2434 pax
2751 2382 2965 2438 nostra,
3003 2375 3237 2430 medium
3272 2376 3533 2447 parietem

1956 2452 2206 2505 maceriae
2248 2454 2496 2521 solvens,
2536 2455 2851 2519 inimicitias
2895 2464 2947 2519 in
2994 2482 3160 2523 carne
3199 2485 3323 2535 sua,
3360 2471 3532 2543 legem

1957 2541 2337 2599 mandatorum
2371 2547 2424 2601 in
2458 2548 2694 2605 decretis
2722 2567 3016 2621 evacuans,
3051 2570 3109 2612 ut
3139 2560 3273 2615 duos
3300 2574 3448 2617 creet
3480 2565 3531 2617 in

1955 2632 2137 2701 seipso
2171 2635 2222 2689 in
2257 2653 2421 2692 unum
2457 2656 2653 2695 novum
2688 2643 2961 2700 hominem
2988 2648 3057 2702 ".
3097 2670 3113 2700 ι
3148 2650 3204 2704 Si
3238 2666 3368 2721 ergo
3396 2654 3532 2710 iluos

1957 2732 2106 2778 creat
2134 2723 2382 2782 Christus
2418 2728 2468 2782 in
2504 2732 2715 2800 seipso,
2749 2744 2803 2789 et
2834 2735 2888 2790 in
2926 2752 3087 2793 unum
3130 2756 3324 2797 novum
3362 2745 3533 2801 homi-

1957 2828 2075 2869 nem
2106 2816 2482 2885 transformat,
2511 2821 2613 2878 hoc
2639 2835 2742 2891 est,
2771 2826 2823 2882 in
2851 2828 3014 2884 vitam
3043 2834 3336 2891 secundum
3362 2838 3534 2892 virtu-

1956 2917 2061 2961 tem
2098 2928 2109 2963 :
2144 2925 2245 2966 nos
2280 2913 2421 2968 enim
2461 2931 2650 2973 sumus
2687 2919 2738 2974 in
2775 2920 2890 2989 ipso
2923 2925 3131 2988 creati,
3161 2936 3426 2995 quatenus
3460 2929 3532 2984 si-

1956 3000 2314 3058 militudinem
2361 3016 2600 3063 nostram
2647 3013 2959 3083 assumpsit,
3002 3026 3055 3070 et
3100 3018 3154 3071 in
3200 3018 3316 3086 ipso
3358 3020 3532 3089 primo

1952 3095 2229 3149 consecuti
2257 3112 2444 3154 sumus
2468 3100 2619 3156 initia
2647 3108 3076 3165 conversationis
3099 3126 3220 3181 quae
3248 3112 3353 3168 Deo
3378 3129 3532 3171 acce-

1955 3191 2044 3250 pta
2072 3186 2161 3250 sit,
2194 3186 2244 3241 in
2275 3189 2548 3247 meliorem
2577 3194 2742 3249 vitam
2777 3197 3051 3255 reformati
3083 3221 3096 3257 :
3130 3205 3319 3259 merito
3347 3207 3529 3262 dicere

1521 3276 1553 3329 ρ
1584 3261 1743 3331 ἡμῶν
1773 3265 1852 3328 εἰς
1880 3281 1922 3338 c
1957 3284 2150 3341 potest,
2177 3291 2299 3331 cum
2326 3295 2425 3348 pro
2449 3283 2603 3339 nobis
2628 3285 2680 3337 in
2711 3301 2873 3341 unum
2903 3289 3173 3347 hominem
3199 3306 3413 3351 creatus
3436 3298 3527 3363 sit,

1962 3381 1981 3415 ε
2022 3366 2277 3445 Dominus
2308 3374 2510 3427 creavit
2542 3388 2647 3430 me.
2688 3396 2707 3428 ι

2621 3489 2849 3546 ALIUD.

2024 3591 2299 3664 Scriptum
2324 3608 2407 3653 est
2429 3600 2628 3657 alicubi
2655 3603 2720 3659 de
2744 3602 3035 3664 Servatore
3060 3622 3247 3669 noslro
3268 3615 3483 3672 Christo
3510 3636 3523 3672 :

1962 3702 1979 3732 ‹
2020 3683 2152 3751 Quia
2189 3686 2303 3753 ipse
2340 3689 2686 3750 inﬁrmitates
2718 3707 2936 3754 nostras
2968 3701 3196 3759 tollit“.
3240 3724 3258 3757 ι
3297 3707 3364 3760 Εῑ
3399 3724 3524 3763 rur-

1954 3791 2046 3828 sus
2079 3795 2091 3829 :
2130 3795 2148 3828 ι
2189 3778 2387 3835 Factus
2419 3791 2501 3837 est
2535 3799 2632 3853 pro
2667 3789 2821 3845 nobis
2855 3791 3160 3848 maledictio
3181 3797 3247 3850 “.
3288 3816 3308 3848 ι
3342 3798 3471 3853 Item
3507 3819 3531 3853 ε»

1961 3885 1978 3917 ι
2014 3868 2146 3922 Eum
2176 3872 2265 3939 qui
2296 3888 2398 3928 non
2430 3878 2579 3931 novit
2606 3889 2906 3947 peccatum,
2935 3899 3032 3952 pro
3060 3888 3213 3942 nobis
3240 3899 3522 3958 peccatum

1956 3957 2081 4013 fecit
2106 3961 2171 4014 ".
2229 3982 2247 4013 ι
2304 3961 2767 4029 Quemadmodum
2822 3970 2985 4041 igitur
3030 3957 3373 4032 infirmitates
3426 3980 3527 4034 ha-

1956 4050 2135 4105 buisse
2157 4052 2374 4117 dicitur,
2394 4056 2488 4123 qui
2510 4058 2651 4113 nulla
2670 4075 2905 4130 unquam
2927 4062 3241 4123 inﬁrmitate
3261 4069 3535 4127 laboravit

1954 4142 2147 4210 (virtus
2178 4146 2323 4199 enim
2359 4162 2424 4202 ac
2458 4151 2695 4219 potentia
2732 4152 2826 4209 Dei
2861 4156 2987 4224 est),
3020 4158 3144 4226 quia
3181 4159 3525 4220 inﬁrmitates

1954 4245 2170 4292 nostras
2218 4239 2379 4294 tulit:
2424 4240 2626 4297 factum
2675 4248 2837 4300 etiam
2889 4249 3322 4307 maledictionem
3368 4270 3523 4312 sacra

1954 4326 2235 4397 Scriptura
2271 4331 2401 4387 dicit
2437 4351 2450 4388 :
2488 4350 2593 4390 non
2629 4338 2771 4407 quod
2814 4339 2959 4395 illum
2998 4342 3051 4396 in
3088 4343 3520 4401 maledictionem

1954 4427 2223 4474 mutatum
2275 4422 2572 4494 signiticet,
2617 4428 2711 4482 sed
2755 4432 2895 4498 quod
2944 4432 3377 4490 maledictionem
3424 4453 3535 4506 pro,

1954 4511 2105 4565 nobis
2141 4512 2357 4580 tulerit;
2400 4525 2450 4570 et
2486 4532 2674 4573 rursus
2714 4531 2991 4588 peccatum
3027 4522 3198 4581 factus
3231 4541 3354 4583 esse
3387 4529 3522 4583 dici-

271 4572 494 4643 σμένος,
524 4578 648 4631 οὐδὲ
678 4583 759 4646 εἷς
788 4584 1065 4657 ἁμαρτίαν
1088 4572 1451 4666 μετενεχθεὶς,
1475 4603 1503 4655 6
1522 4602 1728 4675 ταύτην
1748 4572 1849 4660 οῦκ

271 4663 431 4689 -ιὶ.¹.-
492 4668 603 4689 υς.
644 4671 667 4689 η
803 4675 814 4689 .
906 4678 917 4689 .
1092 4681 1103 4689 .
1211 4686 1221 4689 _
1294 4686 1316 4689 μ

1956 4615 2061 4671 tur,
2096 4624 2201 4664 non
2236 4613 2377 4680 quod
2412 4628 2508 4668 sua
2542 4626 2730 4671 natura
2763 4629 2960 4675 exutus
2996 4621 3047 4675 in
3084 4634 3362 4689 peccatum
3401 4643 3523 4681 mu—

267 4663 450 4733 εἰδὼς,
484 4668 603 4722 ἀλλ’
640 4671 724 4725 δτι
755 4675 856 4739 τὰς
894 4678 1171 4752 ἁμαρτίας
1199 4663 1357 4755 ήμιῦν
1382 4663 1849 4761 ἀνήνεγκε,’καοὰ

267 4756 577 4786 υλυ----...
629 4765 684 4786 ι-.
711 4766 778 4786 __~,
813 4766 867 4786 αι
1085 4773 1098 4786 ι
1177 4774 1202 4785 ι.
1235 4778 1247 4786 .
1304 4779 1314 4786 .
1412 4780 1435 4786 _
1471 4778 1545 4786 ---ν
1724 4784 1729 4786 Α

2048 4663 2059 4671 ,
2413 4663 2508 4668 -,--
2542 4663 2730 4671 -__--._
2764 4663 2960 4675 ..-νην
3084 4663 3362 4689 νυνι-μυ...
3402 4663 3523 4681 ...υ-

1956 4705 2092 4752 tatus
2124 4700 2227 4765 sit,
2258 4703 2349 4771 qui
2385 4715 2662 4772 peccatum
2693 4723 2799 4763 non
2834 4711 2998 4777 novit,
3054 4713 3210 4785 163
3253 4717 3348 4770 sed
3378 4719 3529 4786 quod

265 4756 603 4828 γέγραπται,
626 4765 685 4817 ὲν
708 4766 785 4835 τῷ
803 4766 1014 4836 σώματι
1038 4773 1204 4827 αὐτοῦ
1230 4778 1325 4831 ἐπὶ
1345 4780 1437 4833 τοῦ
1464 4756 1622 4846 ξύλου
1640 4756 1849 4852 ’-οὕτως

265 4850 399 4902 ὅταν
424 4852 585 4923 ἡμεῖς
612 4856 669 4908 ὲν
689 4858 838 4929 αὐτῷ
861 4862 1173 4935 χτιζώμεθα
1200 4870 1281 4933 εἰς
1304 4871 1398 4924 ἕνα
1420 4875 1605 4928 καινὸν
1638 4850 1847 4950 ἄνθρωξ-

264 4957 391 5009 πον,
422 4942 499 5008 ὡς
528 4946 623 4999 καὶ
646 4949 810 5014 αὐτὸς
839 4955 1154 5026 κτιζόμενος
1189 4961 1423 5029 λέγεται.
1443 4968 1551 5021 Καὶ
1576 4968 1662 5021 διὰ
1688 4942 1846 5025 τοῦτό

260 5046 434 5101 φησι·
472 5050 491 5084 ι
532 5034 736 5106 Κύριος
782 5040 962 5097 ἔκτισέ
1011 5064 1100 5117 με,
1147 5068 1166 5101 ι
1197 5051 1400 5123 κτίσμα
1431 5056 1529 5126 μὲν
1558 5060 1718 5124 αὐτὸς
1746 5062 1846 5116 οὐκ

255 5123 360 5189 ὢν,
383 5122 484 5195 τῆς
507 5125 567 5180 δὲ
590 5129 687 5182 τοῦ
725 5132 940 5211 ῌατρὸς
972 5138 1162 5205 οὐσίας
1187 5122 1503 5219 ίδιονγέννη
1513 5167 1607 5219 μα.

955 5337 1163 5395 ΑΛΛΟ.

336 5434 421 5499 El,
455 5437 576 5491 καθ’
604 5440 767 5509 ὑμᾶς,
793 5447 954 5513 αὐτὸς
984 5452 1105 5507 καθ’
1132 5455 1322 5511 ἑαυτὸν
1350 5460 1488 5514 ότοῦ
1514 5462 1649 5517 Θεοῦ
1674 5465 1846 5535 Λόγος

254 5528 489 5597 κτιστῆς
510 5529 698 5597 οὐσίας
726 5537 862 5603 ἐστὶ,
884 5541 978 5594 καὶ
1003 5545 1132 5615 περὶ
1159 5546 1354 5602 ἑαυτοῦ
1385 5567 1518 5623 φησι
1538 5570 1552 5584 ο
1587 5570 1606 5604 ι
1638 5528 1845 5626 Κύριος

259 5613 444 5669 ἐκτισέ
476 5636 545 5673 με
616 5643 635 5675 ι
671 5626 732 5679 οὐ
769 5628 994 5698 γέγονεν
1023 5613 1131 5696 ἄρα
1179 5638 1247 5692 δι’
1300 5613 1457 5713 ἡμας.
1495 5613 1781 5719 ἄνθρωπος

334 5796 808 5889 δἸξὶοιηέινιιιεηὸ,
850 5808 901 5861 4.
1059 5812 1327 5889 Jo:_t_n._tn,
1366 5819 1449 5872 l7.
1526 5824 1565 5852 δ’
1591 5821 1744 5876 Joan.
1785 5826 1969 5889 tx,39.

255 5877 348 5923 ιιι.
389 5867 473 5925 ιδ.
552 5871 596 5902 ιι
634 5872 677 5926 ιι
710 5867 836 5931 Cur.
880 5867 1070 5938 v.21;
1103 5867 1461 5949 'ti'ts'a'ft'ui'.
1496 5892 1561 5950 ες
1592 5867 2009 5960 Ῐῖέὲίιξῖἱῖέἒι.

1950 4800 2172 4856 peccata
2212 4804 2395 4850 nostra
2431 4797 2573 4862 tulit,
2608 4809 2666 4854 ut
2696 4801 2958 4872 scriptum
2996 4813 3079 4858 est
3105 4805 3171 4869 ",
3211 4805 3262 4858 in
3294 4822 3521 4876 corpore

1949 4894 2070 4946 suo,
2102 4881 2250 4952 ligno
2278 4887 2457 4943 crucis
2483 4888 2674 4945 aﬂixus
2704 4913 2717 4947 ;
2750 4891 2823 4946 ita
2858 4907 2979 4947 cum
3010 4908 3107 4948 nos
3138 4895 3190 4949 in
3222 4896 3340 4964 ipso
3370 4910 3520 4949 crea-

1950 4986 2070 5025 mur
2099 4972 2150 5027 in
2187 4990 2349 5030 unum
2386 4994 2579 5034 novum
2614 4982 2891 5037 hominem
2914 5024 2929 5050 ,
2964 4985 3125 5038 etiam
3160 4988 3274 5055 ipse
3306 4997 3520 5040 creatus

1948 5063 2161 5119 dicitur.
2216 5066 2393 5138 Atque
2419 5070 2538 5126 ideo
2565 5073 2716 5138 dicit,
2750 5091 2769 5125 ι
2806 5075 3069 5130 Dominus
3097 5077 3302 5131 creavit
3329 5093 3413 5132 me
3443 5116 3458 5141 ,
3493 5098 3515 5131 ι

1952 5168 2074 5206 cum
2116 5156 2232 5223 ipse
2265 5174 2602 5229 nequaquam
2639 5166 2710 5220 sit
2745 5176 2995 5221 creatura
3017 5204 3030 5228 ,
3068 5168 3161 5221 sed
3197 5168 3413 5236 proprie
3446 5185 3517 5223 ex,

1951 5246 2183 5299 essentia
2219 5247 2394 5304 Patris
2423 5254 2653 5320 genitus.

2612 5365 2842 5423 ALIUD.

2018 5464 2109 5529 Si,
2148 5477 2202 5521 ut
2240 5483 2334 5525 vos
2368 5472 2702 5540 opinamini,
2734 5475 2969 5533 Verbum
3010 5481 3101 5536 Dei
3140 5482 3194 5536 in
3230 5496 3288 5537 se
3321 5491 3516 5538 creatae

1943 5567 2147 5613 natura:
2177 5569 2292 5626 est,
2353 5573 2407 5618 et
2439 5563 2504 5618 de
2534 5565 2714 5635 seipso
2744 5568 2877 5625 dicit
2910 5588 2923 5625 :
2964 5588 2983 5623 ι
3020 5570 3282 5630 Dominus
3310 5573 3517 5630 creavit

1944 5665 2057 5717 me;
2113 5670 2130 5703 ι
2176 5667 2282 5710 non
2322 5663 2402 5711 est
2441 5656 2603 5727 igitur
2638 5675 2737 5730 pro
2780 5661 2938 5720 nobis
2979 5663 3157 5722 factus
3197 5666 3379 5734 homo,
3422 5664 3513 5736 qui

2050 5832 2091 5860 δ’
2128 5830 2325 5902 Ephcs.
2365 5849 2422 5899 ιι,
2461 5835 2548 5904 Η,
2582 5836 2669 5892 15.
2748 5839 2793 5871 ⁵³
2834 5838 2939 5897 Ιει.
2972 5857 3089 5909 Lm,
3133 5844 3180 5897 «ι.
3262 5844 3305 5875 δι
3330 5841 3510 5897 Calan.
