4072 6530
579 452 690 507 Ξ-ῖὸ
828 412 831 415 ί
1574 453 1632 508 s.
1674 454 1950 511 CYRILLI
1989 458 2458 517 ALEXANDIHNI
2498 463 2814 519 AltCllttil'.
3749 472 3868 528 276

574 567 732 637 longe
768 577 892 621 ante
929 582 1028 620 nos
1067 566 1185 619 fuit.
1223 565 1373 633 Quod
1415 565 1460 619 si
1497 581 1624 623 vero
1662 571 1785 637 quis
1826 572 1927 626 hoc
1963 588 2129 629 concc

2268 578 2401 632 πολὺ
2434 580 2539 650 πρὸ
2565 581 2740 650 ἡμῶν.
2770 583 2829 635 Ei
2862 583 2921 635 δέ
2952 602 3034 647 τις
3069 585 3227 638 τοῦτο
3262 586 3379 656 δοίη
3434 588 3683 657 κρατεῖν,
3724 587 3861 640 οὔτε

571 660 701 723 dat,
747 673 923 726 neque
962 673 1062 712 nos
1102 657 1270 711 creati
1311 672 1498 713 sumus
1537 659 1589 712 in
1633 660 1778 729 ipso,
1822 678 1997 731 neque
2038 665 2133 731 ipsc

2259 670 2423 739 ἡμεῖς
2457 671 2783 743 ἑκτίσθημεν
2817 674 2874 725 ἐν
2901 675 3070 745 αὐτῷ,
3104 676 3226 729 οὔτε
3251 677 3409 740 αὐτὸς
3433 675 3579 748 εἶχεν
3612 679 3774 749 ἡμᾶς
3798 681 3863 731 ἐν

572 762 668 800 nos
706 746 758 799 in
803 761 866 800 se
905 745 1113 809 habuit,
1151 745 1424 815 quomodo
1459 745 1621 816 igitur
1655 748 1706 802 in
1748 765 1911 803 unum
1956 767 2133 805 novun‘

2260 761 2454 831 ἐαυτῷ,
2491 763 2607 826 πῶς
2636 759 2729 817 οὖν
2753 766 2829 828 είς
2862 765 2959 819 ἕνα
2989 767 3173 820 καινὸν
3205 768 3489 839 ἄνθρωπον
3525 771 3581 822 ὲν
3616 770 3862 839 Χριστῷ

572 836 845 890 hominem
879 835 930 889 in
956 834 1181 891 Christo
1206 838 1494 892 creamur?
1518 838 1681 908 Atqui
1710 841 1968 908 pudorem
2000 844 2133 897 vobis

2259 853 2587 923 κτιςόμεθα;
2616 857 2935 927 Δυσωπήσει
2958 858 3064 928 γὰρ
3096 859 3261 929 ὑμᾶς,
3294 834 3397 913 κᾶν
3438 861 3512 931 μὴ
3548 834 3855 931 βούλησθε,

570 925 736 977 etiam
776 924 1083 978 nolentibus
1122 926 1347 980 incutiet
1383 925 1600 995 Paulus,
1637 930 1823 985 dicens
1862 950 1875 985 :
1917 952 1933 984 ι
1978 934 2133 1002 lpsiu:

2257 945 2430 1014 λέγων
2454 949 2482 1000 6
2531 947 2741 1011 Παῦλος
2761 966 2775 979 ο
2808 924 3046 1003 (Αὐτοῦ-
3079 924 3187 1023 γάρ
3231 954 3398 1023 ἐσμεν
3707 924 3857 1007 ’κτι-

572 1016 715 1068 enim
747 1026 996 1070 creatura
1025 1032 1234 1082 sumus,
1264 1019 1433 1080 creati
1465 1020 1517 1073 in
1549 1020 1765 1077 Christo
1792 1021 1916 1077 Jesu
1937 1026 2003 1079 ⁸⁷.
2042 1045 2057 1076 ι
2092 1026 2130 1080 S

2259 1037 2476 1102 σθέντες
2535 1041 2590 1092 ὲν
2643 1042 2863 1112 Χριστῷ
2926 1016 3167 1112 ’Ῑησούά
3206 1043 3268 1097 Εἰ
3299 1016 3366 1099 *δὲ
3405 1016 3747 1118 ἐκτίσθημεν
3790 1047 3857 1099 ἐν

571 1118 753 1161 autem
790 1109 956 1163 creati
993 1124 1180 1163 sumus
1218 1111 1270 1165 in
1308 1110 1553 1178 Christo,
1588 1113 1820 1168 Verbum
1861 1116 2024 1186 igitur
2054 1118 2128 1172 De

2256 1130 2495 1200 Χριστῷ,
2545 1132 2646 1185 οὐκ
2681 1109 2789 1203 ἄρα
2827 1109 3049 1204 mea,
3080 1136 3268 1200 οὐσίας
3318 1137 3467 1191 ἐστὶν
3510 1139 3538 1192 6
3574 1109 3674 1192 .53
3703 1139 3853 1192 Θεοῦ

572 1208 772 1253 creatae
823 1201 1075 1255 essentia;
1125 1216 1228 1257 non
1279 1211 1382 1257 est.
1432 1201 1537 1257 Sed
1582 1205 1800 1273 quando
1847 1207 2024 1263 factus
2068 1223 2133 1263 εει

2255 1222 2447 1288 Λόγος.
2498 1201 2743 1275 Ἀλλ“ὅτε
2772 1201 3328 1299 γέγονεννᾶνθρωπος,
3369 1228 3428 1281 ὲν
3472 1227 3623 1300 αὐτῷ
3650 1230 3851 1293 κτιζὸ-

574 1290 767 1351 homo,
807 1288 855 1341 in
898 1290 1013 1360 ipso
1049 1306 1319 1357 creamur,
1355 1302 1407 1347 et
1444 1294 1555 1363 ipse
1586 1297 1985 1363 quodammodo
2020 1317 2144 1370 pro-

575 1389 699 1448 pter
729 1396 829 1434 nos
852 1382 983 1437 dicit
1018 1400 1031 1435 :
1075 1402 1093 1434 ι
1134 1383 1389 1443 Dominus
1425 1388 1632 1440 creavit
1655 1402 1806 1456 me“:
1840 1389 1971 1444 Nam
2008 1407 2144 1462 qua-

575 1483 729 1525 tenus
757 1483 840 1527 est
862 1472 1118 1541 Verbum,
1151 1476 1263 1531 haec
1286 1490 1388 1531 vox
1420 1490 1758 1549 nequaquam
1789 1483 1838 1536 ei
1869 1486 2141 1553 convenit,

572 1564 664 1614 sed
695 1573 913 1632 propter
938 1574 1180 1620 nostram
1214 1567 1462 1631 salutem,
1494 1584 1617 1625 cum
1651 1571 1853 1642 alioqui
1885 1575 1959 1629 sit
1987 1591 2142 1632 crea-

574 1662 674 1717 tor,
715 1654 1026 1710 incarnatus
1065 1670 1179 1721 est,
1219 1666 1276 1714 ut
1312 1673 1410 1715 nos
1473 1660 1522 1712 in
1564 1662 1745 1732 seipso
1788 1676 2003 1721 creatos
2044 1668 2143 1721 ba-

566 1742 720 1805 bens,
745 1741 917 1796 dicat:
951 1760 968 1795 ι
1006 1743 1268 1801 Dominus
1291 1750 1497 1803 creavit
1523 1764 1631 1804 me.
1665 1770 1684 1802 ι
1713 1754 1792 1807 Ac
1817 1753 1957 1809 sicut
1979 1766 2142 1812 aeter-

566 1845 688 1883 nam
725 1846 879 1885 suam
916 1847 1037 1887 cum
1074 1833 1234 1890 Patre
1271 1838 1647 1893 exsistentiam
1687 1842 1972 1900 declarans
2010 1847 2086 1901 ait
2126 1867 2139 1904 :

2258 1313 2417 1382 μεθα,
2450 1315 2543 1367 καὶ
2578 1315 2740 1378 αὑτός
2772 1318 2883 1370 ἐστι
2914 1318 3117 1389 τρόπον
3142 1318 3265 1372 τινὰ
3292 1320 3361 1373 δι’
3385 1320 3545 1391 ἡμῶν
3570 1323 3599 1374 6
3624 1321 3847 1389 λέγων·

2262 1425 2279 1453 ι
2316 1404 2515 1475 Κύριος
2550 1406 2736 1461 ἐκτισέ
2782 1425 2869 1477 με.
2902 1427 2921 1460 ι
2952 1410 3026 1463 Ού
3058 1409 3168 1481 γὰρ
3260 1411 3433 1479 Λόγος
3452 1412 3622 1473 ἐστὶν.
3657 1413 3849 1482 ἁρμόο

2255 1511 2338 1546 σει
2370 1494 2550 1561 λέγειν
2578 1495 2726 1565 αὐτῷ
2757 1497 2856 1567 τὴν
2888 1496 3143 1569 τοιαύτην
3178 1499 3381 1570 φωνὴν,
3421 1499 3557 1553 ἀλλὰ
3597 1500 3691 1553 διὰ
3745 1501 3849 1570 τὴν

2253 1573 2528 1658 ἡμετέραν
2563 1589 2857 1659 σωτηρίαν,
2889 1588 3067 1643 καίτοι
3101 1590 3325 1660 κτίστης
3366 1589 3461 1655 ὣν,
3500 1592 3736 1660 γέγονεν
3787 1594 3845 1645 ὲν

2254 1680 2447 1750 σαρκὶ,
2486 1680 2573 1734 ἵνα
2602 1683 2748 1752 ἡμᾶς
2780 1683 2838 1734 ὲν
2889 1681 3067 1752 ἑαυτῷ
3098 1682 3447 1754 κτιζομένους
3471 1684 3613 1755 ἔχων
3661 1685 3804 1757 εἴπῃ
3825 1702 3839 1714 ·

2258 1791 2275 1822 ι
2315 1773 2517 1844 Κύριος
2550 1773 2731 1827 ἔκτισέ
2767 1792 2857 1845 με.
2894 1795 2912 1827 ι
2946 1777 3057 1830 Καὶ
3093 1776 3282 1847 ὥσπερ
3307 1776 3405 1847 τὴν
3446 1777 3619 1830 ἀΐδιον
3664 1777 3842 1830 αὑτοῦ

2252 1864 2347 1915 καὶ
2379 1864 2517 1934 μετὰ
2538 1864 2751 1935 Πατρὸς
2777 1866 3139 1938 ἐξηγούμενος
3167 1868 3399 1937 ὓπαρξιν
3425 1867 3569 1937 λέγει
3590 1887 3603 1898 ·
3649 1888 3668 1920 ι
3694 1870 3844 1938 Ἐγὼ

572 1939 589 1970 ι
634 1921 742 1989 Ego
779 1938 926 1977 eram
968 1940 1074 1992 qua
1116 1929 1418 1995 gaudebat,
1455 1940 1510 1985 et
1549 1933 1796 2001 quotidie
1835 1934 2061 1991 itetabar
2094 1940 2133 1994 it:

2247 1921 2398 2025 ἢμην
2486 1921 2841 2029 προσέγαιρε,
2858 1921 2997 2011 ’ζωοί
3024 1921 3240 2029 ἡμέραν
3370 1921 3749 2032 εὐφραινόμην
3772 1921 3843 2014 ⁶ὲν

566 2014 707 2069 facie
763 2016 933 2084 ipsius
955 2018 1035 2084 l"';
1070 2037 1088 2071 ι
1131 2030 1185 2075 et
1230 2037 1416 2078 rursus
1451 2026 1529 2089 :fc
1573 2024 1713 2079 Ante
1753 2040 1943 2084 omnes
1984 2032 2133 2088 colles

2250 2014 2740 2119 τὲξλέσάλὲτῳάὺτζῡο
2760 2014 2789 2103 ἰ
2822 2014 2919 2104 καὶ
2940 2014 3105 2105 πάλιν
3123 2014 3149 2083 ι’
3174 2070 3191 2102 ι
3223 2052 3336 2122 Πρὸ
3363 2052 3419 2105 δὲ
3448 2014 3672 2106 eam»;
3700 2014 3842 2120 εσυ-

566 2107 753 2175 genuit
780 2124 863 2163 me
880 2109 955 2163 ":
986 2130 1002 2161 ι
1034 2112 1103 2164 ita
1132 2116 1350 2183 quando
1377 2126 1597 2185 pr0pter
1620 2118 1863 2172 omnium
1896 2132 2133 2176 nostrum

2247 2107 2353 2192 νῶν
2383 2107 2547 2212 γεννᾷ
2589 2158 2654 2211 με
2676 2158 2688 2171 ·
2731 2162 2749 2194 ι
2786 2140 2962 2207 οὕτως
2997 2142 3088 2196 ὅτε
3122 2140 3210 2196 διὰ
3249 2107 3347 2212 clpa
3381 2142 3637 2195 ἁπάντων
3671 2107 3841 2211 ἡμῶν

566 2194 793 2267 salutem
832 2199 1120 2257 humanam
1186 2202 1415 2271 formam
1459 2205 1656 2269 induit,
1694 2216 1844 2263 recte
1885 2221 1938 2264 ιιι
1984 2212 2133 2274 homt‘

2248 2194 2532 2301 σωτηρίαν⁶
2552 2194 2652 2303 τῖὴν
2684 2194 2973 2304 evagatio;
3006 2194 3230 2304 vpeptphv
3256 2194 3560 2296 ἐνεδύσατο,
3599 2194 3839 2297 εἰκότως

565 2287 695 2340 dicit
729 2329 741 2341 .
783 2308 801 2339 ι
842 2291 1099 2365 Dominus
1130 2296 1336 2364 creavit
1371 2312 1473 2351 me.
1516 2319 1534 2351 ι

2244 2322 2320 2386 ὡς
2354 2287 2640 2394 έύθριιιπος
2673 2287 2856 2393 λέγει’
2894 2344 2911 2375 ι
2947 2287 3153 2395 Κύριὸς
3186 2287 3367 2377 έκτισέ
3405 2340 3493 2394 με.
3530 2342 3549 2376 ι

1240 2429 1470 2486 ALIUD.

634 2551 691 2607 Si
723 2553 972 2615 Christus
1007 2571 1131 2612 vere
1166 2560 1325 2615 homo
1357 2561 1531 2619 factus
1561 2580 1680 2622 esse
1711 2569 1974 2637 creditur,
2007 2586 2141 2641 quo-

560 2643 723 2698 modo
752 2661 855 2698 non
886 2650 1251 2703 necessarium
1296 2652 1461 2708 fuerit
1488 2664 1546 2710 ut
1578 2658 1783 2714 homini
1820 2662 1984 2716 etiam
2012 2678 2143 2718 cou-

561 2735 834 2788 vcnientia
861 2736 1146 2806 loquatur?
1177 2740 1473 2810 Oportebat
1504 2749 1649 2803 enim
1682 2750 1861 2808 dicere
1895 2770 1910 2808 :
1945 2752 2059 2809 Non
2086 2755 2138 2809 in

562 2825 826 2896 principio
851 2843 996 2883 erant
1029 2831 1208 2899 homo,
1238 2837 1379 2903 quod
1409 2837 1510 2899 soli
1542 2838 1739 2908 divina}
1772 2854 1980 2900 natura:
2009 2861 2138 2899 con-

557 2917 734 2982 venit,
770 2920 863 2973 sed
898 2923 1041 2990 quod
1077 2934 1276 2979 creata:
1311 2930 1632 2986 substantia:
1666 2936 1917 3011 congruit
1954 2938 2140 2992 obser-

561 3023 709 3062 vare.
756 3010 984 3068 Creatus
1020 3024 1199 3069 autem
1247 3028 1326 3073 est
1375 3020 1536 3076 homo
1579 3042 1593 3078 :
1644 3025 1843 3081 idcirco
1901 3027 2076 3102 inquit
2120 3047 2136 3085 :

2932 2458 3138 2523 ΑΛΛΟθ

2312 2593 2378 2646 Et
2425 2591 2712 2662 ἄνθρωπος
2747 2591 2916 2655 ὅντως
2960 2588 3290 2660 γεγενῆσθαι
3331 2587 3645 2642 πιστεύεται
3686 2588 3832 2657 Χρι-

2246 2684 2388 2749 στὸς,
2424 2684 2540 2743 πῶς
2574 2684 2675 2738 οὐκ
2700 2684 2996 2753 ἀναγκαῖον
3024 2683 3091 2738 τὰ
3118 2681 3391 2754 ἀνθρώπῳ
3421 2680 3704 2752 πρέποντα
3730 2680 3831 2733 λα-

2250 2775 2362 2830 λεῖν
2386 2793 2401 2841 ;
2435 2776 2581 2828 Ἔδει
2601 2776 2708 2846 γὰρ
2734 2778 2929 2829 εἰπεῖν’
2958 2775 3071 2829 Ούκ
3092 2778 3151 2828 ὲν
3171 2777 3312 2846 ἀρχῇ
3335 2776 3483 2845 ήμην
3510 2771 3829 2843 ἄνθρωπος,

2241 2863 2270 2917 ὃ
2307 2864 2446 2936 μόνῃ
2485 2864 2686 2935 πρέπει
2716 2867 2782 2935 τῇ
2817 2863 2938 2933 θείᾳ
2966 2848 3148 2931 φύσει,
3179 2863 3316 2916 ἀλλὰ
3350 2861 3590 2931 τηρῆσαι
3624 2858 3688 2910 τὸ
3719 2859 3827 2929 ἀρε

2244 2956 2406 3026 μόζον
2426 2959 2491 3027 τῇ
2519 2955 2628 3008 τῶν
2649 2955 2893 3025 γενητῶν
2917 2955 3096 3025 οὐσίᾳ..
3116 2952 3349 3024 Γενητὸς
3376 2952 3432 3006 δὲ
3457 2954 3487 3005 6
3510 2950 3821 3021 ἄνθρωπος’

2239 3044 2327 3101 διὰ
2355 3045 2515 3099 τοῦτό
2544 3060 2705 3114 φησι·
2759 3063 2777 3096 ι
2822 3044 3029 3115 Κύριος
3066 3042 3249 3096 ἕκτισέ
3285 3059 3374 3112 με,
3430 3061 3448 3093 ι
3483 3041 3567 3093 ὃτι
3596 3039 3825 3107 γέγονεν

568 3118 590 3150 ι
629 3099 887 3156 Dominus
916 3104 1124 3158 creavit
1159 3122 1242 3161 me
1280 3127 1292 3163 :
1335 3130 1351 3160 ι
1389 3112 1512 3180 quia
1547 3112 1722 3171 factus
1752 3127 1835 3172 est
1867 3099 2047 3186 homo,
2082 3131 2133 3175 ut

2239 3099 2567 3209 ἄνθρωπος,⁸
2590 3099 2678 3192 iv:
2705 3137 2764 3190 τὸ
2793 3137 2880 3190 ἀεὶ
2913 3099 3164 3207 ανᾴψρχως
3194 3099 3334 3197 εἶναι
3363 3099 3529 3205 ’μόνῳ
3578 3099 3824 3202 sibimet

556 3208 771 3263 semper
804 3205 857 3249 et
893 3197 1095 3267 absque
1133 3201 1397 3272 principio
1432 3207 1697 3262 exsistere
1736 3212 1836 3264 soli
1880 3212 1988 3266 Deo
2023 3230 2139 3270 ser-

557 3291 734 3338 vetttr.

1234 3430 1463 3489 ALIUD.

628 3584 647 3617 ι
700 3566 958 3620 Dominus
1000 3568 1208 3621 creavit
1251 3582 1337 3622 me
1380 3568 1705 3637 principium
1748 3571 1958 3626 viarum
2002 3589 2131 3629 sna-

2239 3230 2376 3301 Θεῷ.

2921 3449 3126 3502 ΑΛΛΟ.
3537 3466 3556 3497 I

2309 3605 2327 3637 ι
2366 3583 2570 3655 Κύριος
2612 3581 2793 3635 ἔκτισέ
2829 3598 2897 3651 με
2932 3580 3111 3652 ἀρχὴν
3144 3577 3279 3632 ὁδῶν
3328 3577 3516 3631 αὑτοῦ.
3558 3596 3577 3627 ι
3619 3577 3682 3629 Ei
3727 3577 3826 3631 διὰ

552 3671 694 3710 rum.
740 3675 759 3709 ι
809 3653 866 3709 Si
906 3655 1109 3710 idcirco
1144 3667 1382 3712 creatam
1424 3659 1645 3714 omnino
1681 3660 1803 3715 Filii
1840 3666 2130 3718 essentiam

2239 3678 2437 3747 ταύτην
2457 3653 2638 3729 οἴεσθε
2667 3672 2763 3745 τὴν
2800 3672 3005 3742 φωνὴν,
3038 3671 3264 3741 κτιστὴν
3298 3664 3435 3723 εἶναι
3475 3668 3697 3733 πάντως
3720 3669 3825 3723 τοῦ

549 3747 901 3813 existimatis,
929 3763 1052 3804 cum
1082 3749 1340 3819 deinceps
1371 3750 1500 3805 illud
1556 3753 1821 3808 dicentem
1850 3756 2083 3812 audiatis
2114 3777 2127 3812 :

2239 3766 2366 3819 1⁸ἱοῦ
2385 3765 2484 3836 τὴν
2506 3763 2719 3828 οὐσίαν,
2737 3766 2866 3818 ὅταν
2892 3761 3089 3832 ἐφεξῆς
3124 3760 3383 3832 φαίνηται
3412 3760 3616 3829 λέγων’
3659 3778 3680 3810 ι
3702 3759 3824 3829 Πρὸ

556 3839 723 3897 «Ante
750 3854 939 3896 omnes
965 3840 1132 3896 colles
1157 3843 1340 3911 genuit
1367 3858 1505 3909 me,»
1536 3844 1689 3899 irrita
1718 3859 1782 3899 ac
1809 3861 1943 3901 vana
1974 3864 2129 3917 pror-

2239 3858 2285 3911 δὲ
2305 3857 2523 3911 πάντων
2549 3856 2753 3926 βουνῶν
2778 3856 2944 3926 γεννᾷ
2976 3872 3065 3925 με,
3098 3874 3115 3906 ι
3140 3853 3479 3923 διαφευγέτω
3506 3852 3602 3906 τοῦ
3628 3853 3821 3905 κεκτί-

548 3948 643 3985 sus
668 3931 830 3988 fuerit
847 3944 1022 3988 vestra
1046 3936 1345 3999 accusatio,
1368 3951 1471 4005 qua
1492 3944 1738 3990 creatum
1759 3937 1906 3991 illmn
1926 3939 2125 4005 dicitis,

2239 3948 2355 4003 σθαι
2376 3949 2439 4001 τὸ
2475 3947 2748 4018 ἔγκλημα,
2776 3944 3134 4015 γεγεννῆσθαι
3165 3944 3389 4014 φάσκων
3420 3944 3632 3997 ἑαυτόν.
3652 3944 3818 3996 Ἕτε-

548 4039 669 4083 cum
701 4025 787 4079 ille
814 4026 1051 4094 genitum
1080 4042 1139 4083 se
1164 4042 1287 4083 esse
1313 4029 1480 4083 dicat.
1505 4028 1665 4083 Aliud
1693 4028 1837 4082 enim
1866 4039 1946 4083 est
1976 4046 2128 4084 crea-

2239 4057 2323 4110 ρον
2348 4039 2457 4110 γάρ
2484 4039 2538 4092 τί
2568 4040 2683 4092 ἐστι
2718 4040 2867 4109 παρὰ
2896 4036 2956 4090 τὸ
2990 4038 3198 4107 κτίσμα
3228 4037 3288 4090 τὸ
3314 4036 3581 4106 γέννημα.
3603 4035 3678 4089 Τὸ
3711 4036 3815 4105 μὲν

549 4126 695 4178 tura,
731 4116 875 4170 aliud
910 4118 1179 4187 genimeu.
1240 4117 1353 4172 lioc
1389 4118 1534 4172 enim
1572 4133 1639 4177 ex
1676 4120 1975 4173 substantia
2012 4121 2128 4185 ejus

2239 4132 2335 4202 γὰρ
2374 4133 2437 4184 ἐκ
2468 4130 2568 4201 τῆς
2592 4129 2780 4194 οὐσίας
2820 4130 2914 4183 τοῦ
2939 4129 3237 4199 γεννῶντος
3277 4129 3494 4198 πρόεισι
3525 4126 3771 4197 φυσικῶς
3793 4142 3808 4155 ·

547 4206 640 4274 qui
684 4206 853 4273 gignit
896 4208 1212 4262 naturaliter
1252 4209 1411 4280 164
1454 4211 1699 4278 procedit
1745 4228 1760 4264 :
1804 4211 1930 4264 illud
1973 4222 2123 4266 extra

2239 4221 2285 4274 τὸ
2317 4221 2373 4274 δὲ
2404 4219 2604 4285 ἔξωθέν
2633 4222 2800 4286 ἐστιν,
2830 4220 2906 4284 ὡς
2944 4220 3246 4291 ἀλλότριον.
3279 4219 3343 4271 Εἰ
3368 4218 3544 4270 τοίνυν
3570 4216 3705 4279 Θεὸς
3731 4214 3812 4268 ῶν

544 4300 780 4365 positum
830 4311 942 4363 est,
990 4311 1243 4371 tanquam
1292 4303 1548 4359 alienum.
1597 4306 1729 4360 Cum
1780 4307 1941 4375 igitur
1984 4306 2125 4362 Deus

2239 4317 2251 4368 i
2280 4314 2449 4382 Λόγος
2469 4314 2692 4383 γέγονεν
2720 4314 3027 4385 ἄνθρωπος,
3056 4312 3262 4382 λεγέτω
3282 4312 3378 4382 μὲν
3399 4311 3474 4374 ὼς
3497 4309 3805 4378 ἄνθρωπος·

543 4390 816 4448 exsistens
843 4390 1112 4453 Verbum,
1152 4393 1318 4447 homo
1358 4394 1557 4449 factum
1597 4408 1710 4460 est,
1748 4410 2036 4453 censeatur
2067 4409 2124 4451 ut

2239 4426 2248 4457 l
2287 4406 2490 4475 Κύριος
2548 4405 2731 4459 ἑκτισέ
2767 4423 2857 4476 με.
2897 4424 2916 4457 ι
2961 4404 3072 4477 Τὴν
3117 4405 3176 4458 δὲ
3210 4403 3536 4473 προαιώνιον
3570 4400 3809 4472 ὕπαρξιν

542 4481 705 4537 homo
740 4482 920 4537 dicere
956 4501 967 4537 :
1011 4502 1027 4534 ι
1075 4485 1332 4541 Dominus
1372 4490 1577 4542 creavit
1620 4505 1725 4544 me.
1771 4509 1787 4541 ι
1822 4490 1953 4545 Cum
1991 4508 2121 4545 vero

2239 4497 2386 4550 ιύτοῦ
2427 4497 2775 4569 σημαινέτω,
2810 4496 2978 4567 βοῶν·
3026 4516 3045 4551 ι
3079 4496 3195 4569 Πρὸ
3224 4496 3281 4550 δὲ
3331 4495 3553 4550 πάντων
3601 4494 3809 4566 βουνῶν

543 4572 811 4628 exclamat
847 4591 892 4626 τι
914 4576 1053 4636 Ante
1086 4590 1274 4631 omnes
1308 4578 1469 4633 colles
1485 4583 1669 4649 genuit
1689 4598 1793 4645 me,
1820 4601 1838 4632 ι
1861 4592 2117 4637 σειθιιιιιιιι

2239 4588 2386 4659 (εννᾷ
2410 4606 2497 4659 με.
2529 4609 2547 4642 ι

540 4676 692 4715 suam
722 4674 846 4719 ante
863 4667 1040 4735 omnia
1071 4669 1263 4727 saecula
1293 4670 1667 4729 exsistentiam
1698 4673 2005 4742 signiﬁcare
2035 4675 2117 4727 in-
2149 4654 2195 4711 ί)

542 4753 767 4816 dicetur.

965 4891 1200 4962 Objerlio
1237 4897 1685 4951 adcersariomm.

609 5025 793 5091 Atqui,
822 5024 1091 5095 inquiunt,
1116 5028 1336 5083 verbum
1366 5031 1486 5097 hoc,
1520 5048 1539 5081 ι
1571 5031 1774 5099 genuit,
1808 5050 1825 5081 ι
1862 5046 1965 5091 non
1995 5047 2111 5086 om-

537 5116 663 5175 nino
697 5115 889 5172 Filium
923 5133 985 5171 ex
1022 5121 1256 5176 essentia
1286 5120 1469 5175 Patris
1503 5136 1624 5176 esse
1656 5124 1913 5177 ostendit.
1950 5122 2113 5178 ludif-

537 5207 771 5259 l'crenter
795 5206 937 5260 enim
971 5208 1140 5263 utitur
1170 5212 1348 5264 verbis
1380 5227 1531 5265 sacra
1562 5212 1863 5281 Scriptura.
1898 5213 2028 5268 Nam
2058 5224 2113 5270 et

536 5300 603 5348 de
633 5298 899 5351 creaturis
933 5299 998 5354 de
1031 5301 1227 5368 quibus
1262 5301 1402 5355 nnlla
1440 5306 1805 5359 controversia
1841 5316 1941 5371 est,
1979 5324 2110 5363 voce

543 5404 559 5451 ι
595 5384 793 5440 Genuit
827 5406 844 5438 ι
879 5389 1067 5454 utitur,
1093 5404 1148 5443 ut
1173 5405 1294 5443 cum
1324 5394 1452 5447 dicit
1479 5412 1490 5447 :
1522 5412 1539 5444 ι
1572 5393 1737 5450 Filios
1761 5398 1916 5464 genui
1945 5407 2111 5467 atque

533 5476 762 5542 exaltavi
792 5479 858 5532 5°.
899 5499 917 5531 ι
957 5479 1022 5533 Et
1057 5497 1245 5537 rursus
1280 5500 1293 5536 :
1332 5503 1350 5534 ι
1390 5484 1555 5539 Deum
1588 5488 1678 5555 qui
1716 5497 1766 5541 te
1797 5490 1978 5555 genuit
2011 5492 2110 5545 de-

536 5567 801 5636 reliquisti
829 5570 895 5623 ⁶¹.
938 5589 955 5621 ι
996 5571 1123 5625 Item
1163 5591 1175 5627 :
1218 5593 1235 5623 ι
1276 5574 1408 5640 Quis
1441 5586 1524 5630 est
1566 5578 1656 5645 qui
1696 5563 1882 5647 genuit
1925 5581 2108 5650 glebas

533 5659 672 5712 roris
696 5660 782 5710 "1’
820 5679 837 5709 ι
876 5659 1059 5731 Neque
1088 5665 1231 5718 enim
1266 5680 1360 5734 per
1390 5667 1493 5721 ltoc
1530 5669 1694 5723 Deum
1728 5671 1866 5726 roris
1899 5682 2106 5740 patrem

2445 4897 2773 4963 Ἀντίθεσις
2815 4898 2893 4967 ὠς
2926 4898 2993 4951 ἐκ
3022 4897 3141 4952 τῶν
3172 4898 3246 4953 δι’
3284 4898 3589 4966 ἐναντίας.

2292 5029 2366 5080 Οὐ
2390 5028 2628 5095 πάντως,
2666 5033 2817 5100 φασὶ,
2844 5031 2904 5084 τὸ
2943 5048 2962 5081 ι
2993 5031 3282 5100 ἐγέννησεν
3327 5049 3346 5081 ι
3392 5030 3456 5083 ὲκ
3488 5028 3590 5098 τῆς
3613 5028 3807 5091 οὐσίας

2223 5118 2316 5172 τοῦ
2344 5121 2556 5191 Πατρὸς
2590 5121 2717 5175 ὄντα
2747 5122 2982 5176 δεικνύει
3017 5123 3110 5175 τὸν
3154 5122 3303 5176 Υίόν.
3354 5121 3666 5191 Ἀδιαφορεί
3691 5122 3806 5190 γὰρ

2225 5212 2353 5283 περὶ
2374 5211 2469 5275 τὰς
2496 5211 2670 5278 λέξεις
2704 5216 2737 5284 ἡ
2769 5213 2888 5266 θεία
2910 5213 3123 5285 Γραφή.
3157 5212 3268 5265 Καὶ
3308 5202 3417 5283 γὰρ
3446 5212 3543 5265 καὶ
3571 5213 3666 5265 ἐπὶ
3692 5212 3804 5265 τῶν

2220 5308 2390 5371 ὅντως
2446 5309 2762 5379 κτισμάτων
2805 5308 2898 5362 καὶ
2926 5307 3236 5377 ἀντιλογίαν
3282 5307 3383 5359 οὐκ
3440 5305 3678 5375 ἐχόντων
3718 5306 3805 5369 εἰς

2218 5399 2376 5453 τοῦτο
2405 5399 2584 5471 τίθησι
2606 5399 2688 5463 τὸ,
2720 5421 2737 5452 ι
2779 5399 3086 5470 ἐγέννησεν,
3113 5421 3129 5451 ι
3149 5398 3224 5475 ὠς
3254 5399 3382 5451 ὅταν
3408 5397 3540 5469 λέγῃ
3561 5414 3575 5427 ⁸
3607 5397 3803 5460 «rtus;

2217 5490 2483 5560 ἐγέννησα
2505 5491 2595 5543 καὶ
2622 5490 2831 5560 ὖψωσα.
2866 5510 2883 5542 ι
2921 5492 3030 5549 Καὶ
3059 5491 3249 5544 ’πάλιν⁸
3284 5508 3302 5540 ι
3326 5489 3458 5543 Θεὸν
3488 5490 3582 5542 τὸν
3608 5489 3803 5559 γεννή-
3832 5514 3835 5517 ·

2220 5584 2388 5638 σαντά
2419 5600 2477 5634 σε
2505 5583 2881 5653 ἐγκατέλιπες.
2926 5602 2944 5635 ι
2990 5585 3118 5647 Καὶ,
3157 5603 3173 5634 ι
3214 5582 3309 5645 Τίς
3340 5584 3484 5635 ἐστιν
3504 5583 3533 5634 6
3559 5581 3799 5643 τετοκὼς

2219 5674 2419 5742 βώλους
2458 5674 2647 5747 δρόσου
2675 5691 2719 5740 ;ι
2752 5676 2826 5728 Uti
2848 5675 2954 5746 γὰρ
2980 5675 3042 5745 δὴ
3074 5690 3171 5727 που
3199 5675 3290 5727 καὶ
3321 5672 3512 5747 δρόσου
3542 5671 3794 5741 γενέσθαι

602 5856 645 5886 ⁸⁷
684 5856 881 5931 Ephcs.
913 5873 970 5924 Il,
1011 5859 1089 5916 i0.
1171 5860 1213 5893 ⁸⁸
1239 5859 1400 5917 Prov.
1435 5877 1549 5929 t'tn,
1576 5864 1661 5919 5|.
1824 5865 1958 5921 ibid.
1984 5866 2073 5927 ‘25.

2239 5864 2326 5922 (sa.
2363 5884 2401 5932 ι,
2428 5868 2481 5922 ‘2.
2560 5870 2599 5900 ⁶¹
2640 5866 2773 5923 Ibid.
2810 5869 2859 5922 4.
2940 5870 2982 5901 θ’
3018 5867 3115 5929 Job
3147 5882 3375 5931 xxxvnt,
3411 5866 3499 5924 58.
