4072 6500
246 413 354 469 277

1637 364 2079 459 TllESADRUS.

3382 448 3385 449 ,
3418 390 3525 442 279s

246 528 466 600 πατέρα
514 526 759 597 φυσικῶς
815 524 1046 595 ἐροῦμεν
1095 525 1181 576 τὸν
1229 522 1362 575 Θεὸν
1396 521 1484 575 διὰ
1516 521 1694 575 τοῦτο.
1734 522 1867 581 Ἓνλ

1976 517 2257 573 aturaliter
2302 530 2421 571 esse
2464 515 2718 569 dicimus.
2766 514 2909 567 Idem
2958 514 3135 580 itaque
3177 517 3261 564 est
3303 525 3399 575 gen
3416 507 3525 566 nit,

248 619 539 691 τοιγαροῦν
572 620 724 674 ἔσται
756 617 922 671 καὶτὸ
947 616 1077 668 αὐτὸ
1106 616 1184 685 τῷ
1206 614 1410 668 ἔκτισε
1438 612 1498 666 τὸ
1517 612 1831 682 ἐγέννησε,

254 716 347 768 καὶ
373 715 460 781 ἐφ’
504 711 636 767 Υίοῦ
669 710 1013 779 ταττόμενον.

809 822 998 887 Λύσις
1031 819 1274 889 ἐφεξῆς,

325 922 437 993 Τὴν
473 920 573 989 μὲν
602 916 751 971 Θείαν
776 914 1000 987 Γραφὴν
1031 911 1431 984 ἀδιαφοροῦσαν
1464 912 1591 984 περὶ
1618 911 1716 973 τὰς
1746 910 1835 962 λέ-

260 1014 369 1077 ξεις
405 1010 661 1071 πολλάκις
694 1009 1023 1079 εὑρήσομεν,
1044 1004 1105 1058 οὐ
1132 1005 1238 1075 μὴν
1266 1002 1566 1072 ἀγνοοῦσαν
1590 1003 1689 1073 τὴν
1710 1001 1838 1054 έκά-

261 1121 391 1171 στης
417 1103 666 1170 δύναμιν,
715 1096 1167 1169 καταχρηστικῶς
1192 1096 1248 1149 δὲ
1277 1095 1390 1149 ἔσθ’
1419 1097 1506 1149 ὅτε
1538 1094 1836 1165 δεχομένην

262 1195 448 1258 αὑτάς.
517 1194 639 1247 Ἐπὶ
695 1192 792 1263 μὲν
826 1190 935 1261 7&9
967 1187 1077 1242 τῶν
1115 1188 1438 1259 ποιημάτων
1487 1188 1576 1240 ὅτε
1613 1186 1837 1254 κτιστῆς

262 1287 444 1349 ούσίας
481 1285 621 1338 αὐτὰ
650 1282 915 1337 δεικνύειν
961 1279 1247 1350 βούλεται,
1293 1278 1471 1346 λέγει·
1503 1297 1520 1329 t
1573 1276 1661 1330 Ἑν
1695 1277 1836 1347 ἀρχῇ

263 1376 517 1444 ἐποίησεν
563 1375 591 1426 ὁ
631 1372 763 1435 Θεὸς
805 1370 894 1424 τὸν
941 1369 1169 1440 οὐρανὸν
1202 1369 1296 1421 καὶ
1324 1367 1425 1439 τὴν
1448 1367 1575 1437 γῆν.
1623 1396 1693 1406 -
1731 1366 1840 1418 Καὶ

263 1467 521 1535 ἐποίησεν
546 1466 574 1517 ὁ
599 1465 729 1526 Θεὸς
750 1463 842 1516 τὸν
866 1462 1175 1533 ἄνθρωπον.
1199 1480 1216 1509 ι
1246 1460 1360 1513 Ούκ
1390 1459 1706 1529 ἐγέννησεν,
1725 1457 1840 1512 ἀλλ’

264 1558 508 1628 ἐποίησε.
544 1557 654 1627 Τὴν
700 1556 755 1609 δὲ
785 1554 881 1608 τοῦ
907 1553 1107 1607 οἰκείου
1136 1553 1311 1622 Λόγου
1353 1551 1609 1622 γέννησιν
1643 1553 1670 1603 ὁ
1710 1550 1843 1613 Θεὸς

264 1653 663 1723 ἐξηγούμενος·
712 1671 729 1705 t
775 1649 1163 1721 Ἐξηρεύξατο,
1203 1649 1398 1718 φησὶν,
1435 1649 1467 1717 ἡ
1506 1646 1702 1717 καρδία
1741 1663 1841 1715 μου

264 1747 438 1813 Λόγον
471 1743 695 1813 ἀγαθόν.
719 1762 736 1795 ι
768 1743 879 1797 Καὶ
904 1744 1015 1804 τοῖς
1048 1741 1147 1812 μὲν
1162 1740 1454 1810 κτίσμασιν
1477 1738 1732 1810 ὁρίζουσα
1750 1735 1842 1788 τοῦ

1937 612 2078 680 quod
2107 612 2316 672 creavit,
2350 623 2473 664 cum
2506 608 2571 663 de
2600 607 2739 661 Filio
2771 606 2987 660 dicitur.

2440 809 2644 865 Salutio
2679 804 3004 876 objectionia.

2009 907 2395 976 Saepenumero
2426 901 2641 971 quidem
2683 909 2894 951 sacram
2940 892 3275 960 Scripturam
3316 886 3515 956 promi-

1940 1012 2070 1054 sene
2092 992 2643 1065 atqueinditierenter
2671 986 2903 1043 vocibus;
2926 983 3003 1038 uti
3036 980 3391 1051 reperiemus,
3408 990 3514 1030 non

1941 1090 2082 1161 quod
2122 1089 2229 1142 vim
2268 1085 2605 1156 singularum
2646 1086 2981 1152 perspectam
3019 1088 3122 1129 non
3161 1070 3379 1133 habeat,
3420 1066 3517 1120 sed

1940 1156 2086 1253 quod
2127 1180 2346 1234 abusive
2388 1185 2781 1242 nonnunquam
2830 1183 2923 1223 eas
2972 1164 3225 1232 accipiat.
3276 1158 3409 1213 Nam
3451 1156 3523 1207 de

1940 1275 2220 1346 operibus,
2267 1285 2386 1324 cum
2435 1268 2521 1321 illa
2573 1271 2769 1319 creatae
2817 1267 3024 1313 natura
3067 1268 3186 1310 esse
3232 1247 3528 1306 ostendere

1943 1344 2081 1431 vult,
2106 1369 2177 1421 ita
2207 1364 2281 1418 ait
2307 1381 2320 1415 :
2355 1381 2373 1412 ι
2405 1361 2460 1414 In
2489 1355 2755 1428 principio
2782 1352 2909 1406 fecit
2937 1349 3080 1404 Deus
3106 1344 3303 1401 caelum
3330 1347 3386 1395 et
3412 1346 3521 1394 ter-

1943 1475 2080 1515 ram.
2111 1487 2181 1497 ——
2220 1454 2284 1508 Et
2321 1450 2449 1506 fecit
2485 1424 2625 1503 Deus
2659 1424 2955 1499 ltominem.
2980 1456 3000 1491 ›
3030 1435 3146 1491 Non
3182 1429 3389 1501 genuit,
3425 1424 3520 1481 sed

1946 1552 2091 1606 fecit.
2142 1548 2283 1602 Dens
2332 1554 2513 1599 autem
2543 1537 2705 1594 Verbi
2744 1530 3149 1604 generationem
3185 1521 3470 1579 declarans
3503 1532 3519 1569 :

1952 1659 1969 1691 ι
2011 1635 2311 1699 Eructavit,
2346 1631 2544 1700 inquit,
2577 1642 2671 1682 eor
2699 1637 2874 1678 meum
2902 1617 3134 1674 Verbum
3166 1615 3366 1669 bonum
3391 1608 3458 1660 “.
3497 1625 3517 1659 ι

1948 1731 2156 1784 Rursus
2203 1739 2354 1781 sacra
2405 1719 2863 1788 Scriptura,cum
2911 1704 3180 1764 creaturis
3226 1696 3523 1756 exsistendi

265 1787 403 1892 εἱνάι
440 1787 542 1908 τὴν
570 1836 765 1908 ἀρχὴν,
811 1834 958 1903 λέγει
991 1787 1650 1904 ’πὲλινηῆηὸξῖοξ
1673 1787 1728 1881 7
1755 1787 1844 1880 Ἑν

1970 1816 2266 1885 trincipium
2295 1812 2503 1875 deﬁnit,
2521 1787 2598 1861 ita
2626 1802 2895 1873 loquitur:
2921 1817 2938 1850 ι
2964 1797 3018 1851 1η
3042 1790 3303 1866 principio
3326 1787 3473 1849 fecit,
3500 1804 3519 1836 ι

1984 1920 1995 1925 -
2056 1910 2094 1925 -Α
2139 1906 2230 1925 n-s
2272 1903 2449 1925 ιγρ-ι.-
2487 1901 2711 1925 1,.-.ηιηρ
2744 1912 2757 1925 .
2798 1911 2814 1925 .
2848 1891 2903 1925 1η.
2945 1884 3212 1925 ηιρὶηρῐηίη
3249 1889 3367 1925 erat
3396 1878 3519 1925 Ver

264 1932 406 2000 ἀρχῇ
442 1878 729 1997 ἐπέοίησσένισ
750 1878 786 1977 ἰ
823 1878 918 1978 erit
945 1924 1002 1978 δὲ
1029 1923 1123 1978 τοῦ
1154 1878 1842 1991 ΘεὸῦἾ-Λόγοῦῑῐζὶῐνάρχῇ

1970 1920 2002 1964 ιι
2037 1910 2103 1963 de
2124 1878 2231 1960 'Dei
2272 1903 2452 1959 Verbo
2487 1901 2714 1968 loquens
2744 1912 2757 1947 :
2797 1911 2815 1945 t
2848 1891 2904 1946 In
2945 1884 3212 1959 principio
3249 1889 3367 1938 erat
3396 1878 3527 1932 Ver-

2193 1998 2214 2000 ⁸
2411 1994 2424 2000 ⁸
2483 1993 2495 2000 ⁸
2697 1998 2703 2000 λ
2940 1990 3008 2000 υ·
3045 1975 3395 2000 μ-ε--ἓ-ιξ---κο
3431 1968 3525 2000 nn.‘

264 2020 332 2099 ἦν
365 2025 393 2076 ὁ
423 2021 614 2099 Λόγος.
636 2040 654 2073 ι
678 2020 803 2083 Τοῖς
835 2020 933 2091 μὲν
967 2014 1062 2071 οῦν
1092 2016 1386 2091 κτίσμασιν
1415 2016 1443 2068 ὁ
1466 2013 1657 2085 χρόνος
1698 2012 1845 2064 ἐστὶν

265 2117 298 2182 ἡ
330 2112 494 2182 ἀρχὴ,
533 2112 562 2164 ό
598 2109 653 2162 δὲ
704 2110 809 2179 πρὸ
861 2108 971 2160 τῶν
1008 2105 1219 2160 αἰώνων
1276 2104 1537 2175 ὑπάρχων
1562 2100 1657 2154 τοῦ
1707 2099 1845 2153 Θεοῦ

268 2207 459 2275 Λόγος,
494 2202 669 2275 ἀρχὴν
703 2202 816 2272 ἔχει
841 2200 1001 2271 μόνον
1028 2198 1119 2252 τὸν
1140 2196 1375 2268 ἄναρχον
1396 2194 1638 2265 Πατέρα.
1662 2190 1850 2254 ἁῖδίως

269 2297 345 2352 ὣν
384 2300 441 2351 ὲν
470 2294 639 2365 αύτῷ.
678 2294 892 2363 ’Ὠσπερ
931 2285 1025 2344 οῦν
1055 2290 1148 2341 ἐπὶ
1178 2288 1287 2341 τῶν
1319 2286 1487 2348 ὅντως
1531 2283 1850 2353 κτισμάτων

272 2392 362 2443 ὅτε
397 2389 458 2442 τὸ
490 2386 779 2455 ἐγέννησε
808 2386 1009 2443 κεῖται,
1033 2377 1490 2450 καταχρηστικῶς
1532 2378 1626 2429 καὶ
1657 2375 1719 2427 οὐ
1752 2391 1850 2443 φυο

278 2481 444 2545 σικῶς
464 2479 705 2551 νοητέον,
725 2477 900 2538 οὕτως
918 2476 1044 2528 ὅταν
1074 2474 1169 2526 ἐπὶ
1191 2472 1285 2526 τοῦ
1322 2471 1489 2532 ὄντως
1515 2468 1855 2539 γεννήματος

276 2575 355 2639 τὸ,
401 2574 665 2635 ἔκτισεν,
698 2569 732 2639 ἢ
785 2567 1038 2634 ἐποίησε
1090 2564 1351 2635 φέρεται,
1400 2556 1856 2631 καταχρηστικῶς

277 2664 517 2735 νοητέον,
552 2659 870 2732 σωζομένης
898 2656 1047 2727 αύτῷ
1074 2656 1173 2726 τῆς
1207 2651 1453 2723 φυσικῶς
1479 2648 1851 2718 γνησιότητος.

277 2761 401 2822 Τοῖς
428 2758 529 2827 μὲν
550 2754 656 2825 7&9
684 2753 980 2822 κτίσμασιν
1028 2751 1063 2819 ἡ
1101 2748 1261 2819 χάρις
1289 2743 1351 2798 τὸ
1384 2742 1680 2812 ἐγέννησε
1718 2755 1855 2810 προ-

278 2853 435 2918 ξενεῖ·
466 2849 546 2920 τῷ
572 2850 629 2904 δὲ
652 2848 931 2917 άγεννήτῳ
947 2844 1042 2899 καὶ
1063 2842 1304 2911 ἁκτίστῳ
1332 2840 1492 2908 Λόγῳ
1511 2835 1603 2889 τοῦ
1623 2833 1855 2903 Πατρὸς,

281 2950 313 3016 ἡ
341 2945 441 3015 τῆς
468 2941 888 3013 ἁνθρωπότητος
918 2936 1080 3007 χρεία
1107 2935 1167 2988 τὸ
1187 2932 1363 3001 λέγειν
1399 2929 1589 2983 ἑαυτὸν
1611 2925 1859 2980 ἐκτίσθαι

279 3015 481 3090 δίδωσι.
515 3032 624 3087 Καὶ
645 3032 714 3085 τὰ
746 3032 842 3101 μὲν
868 3028 1144 3099 κτίσματα
1163 3026 1307 3095 λόγῳ
1334 3024 1429 3077 καὶ
1457 3020 1709 3092 βουλήσει
1725 3015 1858 3071 Θεοῦ

283 3126 527 3181 καλεῖται
576 3123 714 3194 πρὸς
748 3119 1041 3175 υἱοθεσίαν.
1089 3137 1106 3170 t
1155 3116 1299 3187 Ἐγὼ
1328 3115 1439 3184 γὰρ
1478 3109 1626 3179 εἶπα,
1670 3112 1858 3182 φησιν,

284 3219 399 3271 υύκ
426 3216 711 3287 ἐγέννησα.
750 3231 769 3264 ι
818 3213 877 3267 ⁸0
906 3211 960 3265 δὲ
994 3210 1122 3273 Υἱὸς
1154 3208 1254 3279 τὴν
1282 3206 1520 3279 ἄρρητον
1546 3201 1741 3256 ἑαυτοῦ
1777 3201 1871 3255 καὶ
1897 3200 1940 3255 C

286 3303 521 3373 φυσικὴν
570 3303 635 3355 ὲκ
678 3300 893 3371 [ἰατρὸς
933 3298 1190 3368 γέννησιν
1241 3292 1609 3365 καταμηνύων
1639 3291 1863 3359 ἔλεγεν⁵

292 3416 310 3447 t
336 3394 476 3463 Ἐγὼ
514 3396 579 3447 ἐκ
602 3393 697 3447 τοῦ
725 3393 937 3463 Πατρὸς
966 3390 1190 3461 ἐξῆλθον
1212 3389 1307 3443 καὶ
1332 3388 1472 3458 ἥκω.
1514 3404 1532 3437 ι
1565 3384 1678 3438 Καὶ
1706 3381 1870 3437 πάλιν

287 3488 375 3540 ἓτε
387 3504 475 3557 ρον
511 3484 703 3539 ἑαυτὸν
731 3483 886 3554 παρὰ
908 3482 1006 3554 τὴν
1036 3481 1142 3535 τῶν
1167 3478 1412 3551 γενητῶν
1429 3477 1591 3546 φύσιν
1618 3475 1745 3529 ὄντα
1768 3474 1872 3527 δει-

290 3580 498 3642 κνύων,
539 3578 734 3648 φησίν·
770 3595 789 3628 ι
838 3575 1027 3646 Ὑμεῖς
1050 3576 1114 3627 ἐκ
1140 3571 1251 3626 τῶν
1274 3572 1425 3625 κάτω
1468 3567 1620 3631 ἐστὲ,
1664 3564 1776 3634 ἐγὼ
1807 3566 1871 3618 ὲκ

290 3671 399 3725 τῶν
427 3672 539 3725 ἄνω
570 3669 708 3739 είμί.
750 3688 768 3719 ι
802 3668 876 3722 Οὐ
907 3667 1017 3739 7&9
1043 3667 1107 3735 δή
1139 3682 1223 3729 τις
1256 3665 1374 3734 ὲρεῖ
1397 3659 1693 3732 σωφρονῶν
1714 3674 1871 3711 τοπι-

294 3768 410 3827 κοῖς
449 3764 543 3817 καὶ
571 3761 1025 3831 διαστηματικοῖς
1067 3757 1357 3827 ύψώμασιν
1398 3749 1874 3824 άποσεμνύνεσθαι

296 3856 385 3909 τὸν
417 3854 510 3908 τοῦ
548 3851 684 3906 Θεοῦ
715 3852 886 3920 Λόγον
906 3868 918 3881 ·
943 3848 1080 3903 ἀλλὰ
1123 3850 1183 3902 τὸ
1217 3848 1315 3919 μὲν
1340 3844 1594 3899 ταπεινὸν
1620 3844 1720 3913 τῆς
1754 3859 1875 3895 κτι-

300 3924 431 4016 στῆις
464 3944 652 4008 οὐσίας
701 3943 788 3996 διὰ
821 3942 917 3996 τοῦ
954 3940 1110 3995 κάτω
1140 3920 1504 4011 σημαίνεται,
1537 3936 1600 3989 τὸ
1645 3936 1703 3989 δὲ
1741 3934 1878 4004 ὕψος

296 4040 396 4109 τῆς
422 4039 573 4101 θείας
612 4036 708 4090 καὶ
736 4034 915 4089 πάντα
963 4030 1369 4103 ὑπεραιρούσης
1408 4029 1622 4098 φύσεως
1658 4026 1746 4080 διὰ
1784 4024 1879 4078 τοῦ

300 4133 414 4187 ἅνω
447 4132 667 4183 νοεῖται.
709 4125 994 4203 Τοσαύτης
1030 4122 1321 4195 τοιγαροῦν
1360 4120 1564 4199 μεταξὺ
1620 4118 1881 4189 κειμένης

299 4222 567 4292 διαφορᾶς
600 4219 921 4289 κτιζομένου
949 4192 1052 4269 ’καὶ
1084 4192 1427 4285 γεννήματος
1446 4253 1461 4277 ,
1490 4192 1877 4281 άδιαφορείτω-

304 4332 406 4370 σαν
440 4316 497 4368 αἱ
516 4311 710 4378 λέξεις,
730 4312 819 4365 ὅτε
849 4308 1047 4379 βλάϐος
1070 4307 1223 4361 οὐδὲν
1243 4304 1387 4359 κατὰ
1412 4305 1521 4357 τῶν
1546 4299 1880 4373 σημαινομέ-

304 4425 414 4463 νων
442 4406 674 4475 γίνεται.
1228 4408 1231 4412 ‘

305 4521 511 4584 ΛΛΛΟ,
535 4513 995 4589 διηγηματικῶς)
1025 4513 1112 4578 είς
1142 4512 1232 4589 τὸ,
1267 4527 1301 4589 «-
1321 4508 1535 4589 Κύριος
1582 4503 1785 4589 ἔκιχσρ
1808 4519 1886 4589 χέε·
1919 4534 1963 4589 D

378 4572 762 4677 ἆρχῆνόδιῷν
806 4572 991 4664 queo}?
1019 4624 1033 4647 ,
1074 4572 1119 4659 »ξ
1139 4580 1238 4635 καὶ
1277 4572 1530 4647 ἐφεξῆς·
1589 4594 1607 4627 t
1650 4574 1768 4642 Πρὸ
1819 4572 1887 4625 δὲ

379 4658 623 4715 πάντων
655 4658 902 4722 ,βουνῶν
936 4658 1120 4723 γεννᾷ
1137 4667 1232 4721 με.
1268 4669 1284 4699 ι

378 4777 444 4830 Ei
472 4773 580 4845 πρὸ
613 4772 832 4826 πάντων
860 4767 1050 4821 ἑαυτὸν
1082 4761 1443 4833 γεγεννῆσθαί
1479 4776 1665 4829 φησιν,
1690 4774 1791 4810 ουκ
1820 4757 1888 4810 ἂν

310 4870 396 4940 εἴη
418 4867 525 4922 τῶν
553 4864 771 4919 πάντων
796 4857 896 4928 εἷς,
937 4858 1052 4921 ἀλλ’
1105 4857 1291 4926 ἔτερος
1317 4854 1450 4925 παρ’
1484 4852 1643 4905 αὑτά.
1674 4850 1756 4907 Τὰ
1791 4849 1891 4919 μὲν

307 4938 419 5030 γὰρ
465 4957 643 5011 πάντα
679 4956 735 5009 ὲν
786 4951 1000 5012 ἑαυτοῖς
1029 4947 1142 5018 ἔχει
1171 4944 1266 4999 καὶ
1286 4943 1385 5013 τὴν
1427 4940 1637 4997 οἰκείαν
1675 4938 1850 5008 ἀρχήν
1873 4953 1887 4966 ·

310 5053 410 5105 οὐκ
444 5051 509 5103 ἂν
540 5047 649 5117 γάρ
677 5047 763 5115 εἴη
791 5043 969 5101 πάντα
997 5038 1049 5092 εἴ
1077 5056 1131 5090 τι
1160 5036 1267 5090 τῶν
1298 5037 1355 5088 ὲν
1379 5034 1560 5095 αὐτοῖς
1588 5030 1693 5097 ἔξω
1730 5029 1891 5099 μένον

313 5143 641 5214 εὑρίσκοιτο.
681 5139 744 5190 Εἰ
774 5132 867 5191 οὖν
894 5134 1001 5204 πρὸ
1030 5132 1247 5186 πάντων
1277 5130 1304 5181 ὁ
1342 5127 1472 5188 Υἱὸς
1514 5122 1801 5193 ἐγεννήθη,
1836 5122 1892 5172 ὲν

318 5208 433 5302 ἰδίῳ
475 5230 572 5301 μὲν
609 5225 830 5299 ἀριθμῷ
868 5224 935 5276 τὰ
967 5223 1144 5275 πάντα
1170 5217 1441 5273 κείσεταιο
1476 5214 1579 5278 ἔξω
1623 5212 1679 5264 δὲ
1718 5208 1896 5263 αὐτῶν

313 5326 348 5393 ὴ
384 5322 478 5376 τοῦ
506 5321 636 5373 Υἰοῦ
666 5318 987 5388 νοηθήσεται
1011 5313 1288 5382 γέννησις.
1335 5310 1393 5362 '0
1423 5307 1480 5360 δὲ
1503 5307 1615 5368 τοῖς
1647 5302 1898 5373 γενητοῖς

318 5413 676 5474 ἀσύντακτος,
701 5409 892 5479 ἐτέρας
922 5406 985 5460 ἂν
1010 5405 1096 5474 εἴη
1132 5403 1347 5473 φύσεως
1376 5399 1503 5469 παρ’
1534 5394 1898 5462 αύτά.Ἐγενο

320 5505 458 5575 νήθη
494 5501 805 5571 τοιγαροῦν,
839 5498 977 5553 καθὸ
1004 5498 1173 5565 Λόγος
1196 5494 1362 5557 ἐστὶν,
1386 5494 1449 5544 ὲκ
1475 5487 1720 5559 Πατρός·
1756 5483 1903 5537 ἐκτί-

323 5573 536 5665 66175;,
598 5592 732 5646 καθὸ
782 5591 1110 5660 ἄνθρωπος,
1169 5587 1264 5641 και
1299 5585 1519 5653 γέγονεν
1558 5578 1702 5653 ἀρχὴ
1743 5573 1901 5630 ὁδῶν.

1947 2003 2094 2057 bunt.
2131 2019 2148 2053 ι
2178 1994 2457 2054 Creatoris
2483 1993 2666 2061 itaque
2693 1998 2903 2055 tempus
2930 1990 3012 2038 est
3044 1975 3398 2050 principium;
3431 1968 3535 2029 sed,

1950 2094 2043 2149 Dei
2083 2090 2319 2147 Verbum
2364 2095 2491 2140 ante
2534 2079 2731 2136 saecula
2775 2074 3049 2130 exsistens
3092 2067 3266 2123 solum
3311 2062 3527 2116 Patrem

1951 2182 2202 2256 principii
2237 2186 2513 2249 expertem
2551 2169 2876 2243 principium
2913 2164 3098 2225 habet,
3133 2160 3199 2213 ab
3234 2163 3438 2211 aeterno
3474 2149 3527 2203 in

1952 2242 2067 2347 ipso
2122 2242 2411 2329 exsistens.
2459 2242 2924 2333 Quemadmodum
2971 2254 3134 2328 igitur
3175 2264 3297 2307 cum
3346 2246 3412 2302 de
3463 2242 3544 2298 iis.

1951 2380 2072 2435 quae
2116 2376 2245 2419 vere
2288 2368 2552 2414 creatura:
2594 2361 2739 2418 sunt,
2784 2348 2999 2414 dicitur,
3043 2343 3240 2414 genuit,
3285 2334 3528 2397 abusive,

1956 2427 2065 2511 non
2108 2450 2431 2509 naturaliter
2463 2442 2870 2517 intelligendum
2908 2445 2992 2495 est
3025 2454 3039 2491 :
3069 2437 3143 2490 ita
3184 2427 3534 2501 quandocun-

1957 2560 2061 2616 que
2091 2545 2157 2599 de
2185 2558 2251 2597 eo
2279 2540 2371 2611 qui
2397 2554 2524 2593 vere
2553 2514 2801 2605 gen‘imen
2832 2538 2939 2596 est,
2968 2521 3418 2589 dicitur,creavit,
3446 2514 3530 2569 vel

1959 2637 2104 2707 fecit,
2141 2634 2363 2689 abusive
2403 2627 2725 2685 sumendum
2765 2631 2871 2688 est,
2908 2628 3121 2675 servata
3160 2613 3259 2683 ipsi
3302 2606 3532 2666 naturali

1958 2703 2056 2785 sua
2085 2726 2435 2797 proprietate.
2467 2719 2653 2775 Gratia
2682 2715 2828 2774 enim
2857 2714 2962 2769 hoc
2987 2707 3256 2767 creaturis
3283 2703 3531 2773 largitur,

1960 2831 2020 2876 ut
2037 2819 2104 2875 de
2126 2820 2192 2874 iis
2209 2817 2437 2881 dicatur,
2462 2813 2656 2883 genuit.
2678 2807 2925 2864 lncreato
2945 2811 3125 2858 autent
3150 2809 3314 2869 atque
3333 2805 3538 2850 artemo

1960 2912 2055 2967 Dei
2095 2909 2301 2972 Verbo,
2338 2901 2731 2961 incarnationis
2781 2898 2991 2954 ratione
3042 2895 3145 2949 hoc
3184 2889 3441 2945 tribuitur
3479 2892 3541 2937 ut

1959 3008 2205 3057 creatum
2242 2998 2472 3053 dicatur.
2506 2992 2572 3047 Et
2607 2998 2870 3046 creatura:
2898 2986 3115 3056 quidem
3159 2980 3325 3034 verbo
3354 2991 3418 3030 ac
3447 2987 3542 3027 vo-

1962 3094 2172 3148 luntate
2205 3089 2297 3144 Dei
2330 3094 2590 3142 vocantur
2620 3083 2673 3137 in
2709 3078 3050 3149 adoptionem
3092 3073 3342 3126 ﬁliorum.
3377 3086 3396 3120 ι
3431 3065 3555 3136 Ego.

1972 3184 2118 3239 enim
2147 3180 2278 3245 dixi,
2308 3179 2514 3248 inquit:
2547 3175 2659 3229 Non
2689 3171 2848 3242 genui
2866 3171 2967 3224 ⁸⁵.»
2997 3166 3168 3222 Filius
3193 3179 3322 3219 vero
3351 3158 3543 3216 ineﬂ'a-
3570 3198 3571 3201 η

1967 3273 2130 3328 bilem
2177 3284 2329 3326 suam
2376 3277 2431 3320 et
2478 3262 2779 3319 naturalem
2821 3274 2886 3315 ex
2934 3257 3093 3312 Patre
3137 3248 3544 3324 generationem

1969 3364 2273 3429 declarans,
2301 3360 2474 3429 inquit
2498 3376 2512 3412 :
2544 3375 2564 3411 ι
2599 3355 2709 3425 Ego
2732 3368 2800 3409 ex
2826 3352 2985 3407 Patro
3007 3347 3147 3404 exivi
3172 3355 3227 3401 et
3248 3342 3405 3398 venio
3419 3339 3491 3393 “.
3520 3357 3542 3391 ι

1976 3457 2041 3512 Ει
2073 3469 2261 3510 rursus
2291 3453 2606 3507 aliumesse
2637 3461 2699 3502 se
2726 3460 2755 3499 a
2784 3440 3053 3500 creaturis
3081 3437 3394 3498 ostendens,
3421 3429 3499 3487 ait
3530 3447 3543 3483 :

1977 3546 2133 3620 165
2187 3564 2208 3595 ι
2265 3545 2368 3599 Vos
2415 3543 2480 3598 de
2525 3543 2776 3596 deorsum
2828 3535 2993 3599 estis,
3040 3545 3140 3602 ego
3186 3544 3254 3583 ex
3299 3522 3552 3595 supernis

1974 3618 2093 3693 sum
2121 3637 2185 3692 “.
2227 3656 2246 3689 ι
2282 3634 2466 3703 Neque
2494 3631 2637 3687 enim
2670 3629 2957 3698 quisquam
2988 3638 3134 3679 sana:
3167 3618 3366 3675 mentis
3395 3618 3550 3672 dixe-

1978 3729 2068 3797 rit,
2098 3727 2276 3793 locali,
2306 3736 2532 3795 quzeque
2559 3720 2857 3791 spatiorum
2886 3711 3182 3770 intervallis
3209 3714 3443 3771 constet,
3473 3705 3553 3759 al-

1980 3826 2207 3882 titudine
2230 3823 2322 3876 Dei
2341 3818 2573 3874 Verbum
2595 3811 2839 3886 gloriari,
2859 3811 2953 3865 sed
2975 3805 3334 3862 humilitatem
3357 3806 3553 3855 creata:

1980 3915 2297 3975 substantia:
2347 3926 2443 3981 per
2487 3910 2731 3962 deorsum
2778 3899 3072 3970 signiﬁcari
3119 3914 3133 3950 :
3178 3890 3552 3950 celsitudinem

1980 4024 2111 4065 vero
2153 4006 2349 4062 divinae
2394 3999 2684 4068 omniaque
2734 3986 3165 4047 trattscendeutis
3208 3991 3415 4038 natura:
3462 3994 3557 4048 per

1981 4115 2233 4171 superna.
2284 4097 2417 4153 Cum
2472 4094 2635 4164 igitur
2684 4096 2893 4141 tantunt
2950 4082 3021 4135 sit
3075 4076 3367 4135 discrimen
3416 4072 3559 4131 inter

1983 4205 2224 4253 creatum
2260 4199 2313 4245 et
2350 4186 2614 4255 genitum,
2652 4178 2812 4235 verba
2850 4171 3221 4230 indifferenter
3254 4164 3560 4234 capiantur,

1984 4286 2199 4359 quando
2239 4253 2440 4336 nullum
2487 4276 2553 4332 iis
2596 4288 2716 4344 qua:
2760 4266 3137 4327 sianiticantur
3177 4259 3428 4315 damnum
3470 4253 3575 4309 in-.

1990 4380 2181 4433 fertur.

1993 4486 2201 4545 ALIUD
2232 4481 2565 4553 explicatius,
2602 4479 2656 4529 in
2686 4474 2783 4526 hoc
2816 4471 2986 4538 ipsum
3002 4482 3071 4553 ἐξ
3374 4456 3566 4553 cria-pit

2067 4527 2148 4613 nt;
2192 4527 2400 4607 initium
2438 4527 2909 4603 viur'umrsuaru'nt.
2946 4556 2963 4589 ι
2993 4533 3060 4590 Ει
3110 4531 3347 4587 deinde:
3382 4546 3400 4579 ι
3437 4527 3568 4584 Ante

2069 4642 2244 4682 omnes
2277 4623 2435 4677 colles
2468 4616 2640 4689 genuit
2675 4628 2771 4666 nte.
2814 4629 2831 4661 ι

2071 4744 2130 4799 Si
2160 4750 2286 4793 ante
2308 4733 2488 4791 omnia
2523 4746 2580 4785 se
2610 4727 2852 4799 genitum
2883 4735 3004 4777 esse
3055 4716 3247 4786 inquit,
3283 4723 3429 4766 certe
3460 4721 3573 4767 non

1999 4837 2103 4891 erit
2138 4846 2277 4887 unus
2306 4843 2370 4883 ex
2398 4822 2675 4885 omnibus,
2711 4817 2805 4872 sed
2826 4814 3075 4869 diversus
3105 4811 3172 4863 ab
3191 4806 3328 4860 aliis.
3365 4802 3572 4857 Caetera

2001 4931 2145 4983 enim
2180 4923 2361 4979 omnia
2414 4919 2465 4973 in
2503 4913 2696 4983 seipsis
2752 4909 2956 4964 habent.
3007 4916 3160 4958 suum
3217 4893 3576 4967 principium;

2004 5032 2177 5091 neque
2209 5015 2353 5070 enim
2380 5018 2563 5065 essent
2584 5003 2789 5067 omnia,
2845 4998 2890 5055 si
2936 4993 3066 5065 quid
3123 4991 3177 5045 in
3247 4986 3379 5054 ipsis
3423 4990 3579 5034 extra

2004 5122 2230 5166 manens
2284 5103 2636 5172 reperiretur.
2687 5094 2744 5148 Si
2782 5104 2912 5159 ergo
2960 5095 3085 5140 ante
3135 5079 3317 5135 omnia
3364 5073 3580 5141 genitus

2004 5213 2087 5260 est
2117 5200 2308 5260 Filius,
2339 5169 2557 5265 proprio
2590 5203 2687 5243 suo
2731 5195 2954 5239 numero
2987 5176 3169 5233 omnia
3220 5169 3581 5241 comprehen-

2006 5295 2211 5349 duntur
2246 5305 2257 5340 :
2296 5258 2450 5341 citra
2484 5296 2611 5334 vero
2640 5278 2725 5331 illa
2756 5270 2878 5327 Filii
2925 5265 3206 5340 generatio
3240 5258 3582 5328 intelligitur.

2008 5386 2110 5454 Qui
2145 5391 2324 5437 autem
2362 5373 2636 5448 generatis
2670 5361 3018 5421 annumerari
3073 5372 3179 5412 non
3234 5362 3409 5423 petest
3441 5390 3457 5416 ,
3497 5350 3586 5405 di-

2011 5447 2184 5532 versae
2213 5472 2282 5527 ab
2316 5447 2448 5538 ipsis
2488 5472 2693 5518 naturae
2725 5459 2796 5514 sit
2831 5461 3066 5526 oportet.
3118 5449 3348 5505 Genitus
3403 5447 3587 5512 itaque

2012 5578 2097 5625 est
2132 5574 2405 5637 quatenus
2447 5565 2529 5612 est
2554 5552 2788 5609 Verbum
2812 5563 2875 5604 ex
2915 5544 3105 5607 Patre;
3145 5546 3361 5596 creatus
3401 5550 3534 5588 vero
3567 5570 3585 5597 ,

326 5629 428 5665 ψ”λ
456 5629 536 5660 V5”
600 5629 732 5646 “‘“V'
782 5629 1066 5660 *γυιων-ὐτ
1094 5629 1110 5653 ν
1171 5629 1264 5641 ""'
1311 5629 1512 5653 t't*"'
1559 5629 1702 5653 "rivi

326 5689 539 5755 Ὠσπερ
569 5679 662 5738 οὖν
702 5683 883 5753 ἡμεῖς,
907 5681 996 5734 ὅτε
1018 5678 1109 5732 τὸν
1138 5675 1233 5730 τοῦ
1260 5673 1393 5729 Θεοῦ
1419 5672 1587 5742 Λόγον
1614 5671 1671 5723 ὲν
1696 5666 1867 5722 έαυτοῐ

2017 5629 2282 5730 quatenus
2308 5656 2490 5715 homo,
2530 5656 2585 5703 et
2616 5645 2791 5700 lactus
2832 5648 2916 5695 est
2965 5633 3293 5708 principium
3350 5629 3585 5684 viarum.

402 5845 446 5876 ⁸³
480 5842 621 5898 l‘sal.
654 5855 797 5906 λων,
830 5840 883 5893 ‘2.
962 5839 1003 5867 δ·
1038 5836 1141 5891 lsa.
1188 5847 1338 5897 χχιιι,
1382 5833 1413 5887 4
1512 5827 1728 5884 “lo-an.
1767 5838 1867 5889 xw,

1970 5822 1998 5874 ἰ.
2078 5818 2122 5850 ⁸⁸
2162 5814 2319 5871 Joau.
2355 5826 2470 5877 vnt,
2503 5808 2589 5863 25.
