4072 6534
487 372 595 429 279

1560 380 1619 431 S.
1662 375 1933 433 CYRILLI
1972 379 2445 437 ALEXANDRINI
2481 382 2803 440 ARCIIIEP.

3661 381 3791 440 2”

487 490 950 559 Quemadmodum
979 493 1142 564 igitur
1170 508 1441 558 nos,.cum
1480 495 1711 551 Verbum
1744 498 1836 552 Dei
1872 501 1925 554 in
1958 517 2055 555 uo-

2164 504 2453 575 δεχόμεθα,
2502 506 2570 559 δι’
2605 506 2767 560 αὑτὸν
2811 508 2920 559 υίοι
2954 506 3266 577 καλούμεθα
3300 505 3394 560 τοῦ
3420 504 3589 568 Θεοῦ,
3621 506 3785 558 κατὰ

486 584 571 638 bis
610 583 966 652 suscipimus,
1014 600 1110 655 per
1155 585 1331 654 ipsum
1383 601 1644 641 vocamur
1694 589 1791 643 ﬁlii
1846 591 1941 645 Dei
1996 593 2065 659 ",

487 687 611 726 cum
642 682 834 728 natura
854 674 1029 729 simus
1056 683 1349 740 creaturae,
1384 676 1455 730 ita
1482 676 1645 730 etiam
1680 676 1818 747 ipse,
1850 681 2069 749 quando

487 778 707 820 carnem
736 774 980 820 nostram
1007 766 1260 830 assumit,
1288 777 1515 822 νοεοιυτ
1542 778 1798 823 creatura
1827 782 1883 825 et
1909 786 2066 841 opus,

487 868 610 905 cum
645 866 838 908 natura
883 856 954 910 sit
996 855 1191 911 Filius.
1225 857 1291 911 Et
1326 873 1513 912 rursus
1550 875 1563 911 :
1596 862 1739 914 sicut
1774 860 1918 918 Deus
1947 878 2067 918 cum

488 944 559 997 sit
595 954 779 999 noster
824 956 1062 1011 creator,
1110 946 1273 1003 Pater
1308 949 1437 1004 item
1486 959 1673 1005 noster
1702 991 1716 1015 ,
1774 953 1854 1009 sic
1906 955 2069 1010 etiam

490 1052 615 1091 cum
643 1036 807 1093 Verbi
842 1038 932 1093 Dei
965 1039 1125 1094 Pater
1182 1042 1475 1094 secundum
1531 1054 1778 1097 naturam
1819 1046 2067 1113 exsistat,

489 1129 608 1198 ejus
631 1144 850 1200 quoque
884 1141 1097 1186 creator
1145 1131 1416 1198 efﬁcitur;
1461 1148 1585 1188 cum
1641 1135 1897 1191 nimirum
1944 1153 2071 1208 pro-

491 1232 613 1290 pter
637 1236 736 1278 nos
767 1222 828 1277 ﬁt
852 1224 1050 1279 similis
1101 1225 1387 1279 creaturis.
1442 1223 1497 1279 Si
1552 1241 1682 1296 ergo
1732 1242 1830 1283 nos
1875 1239 2069 1286 natura

489 1312 586 1367 ﬁlii
636 1329 844 1381 sumus,
904 1315 1007 1371 erit
1054 1317 1217 1370 etiam
1282 1316 1396 1385 ipse
1460 1319 1779 1374 naturaliter
1816 1330 2066 1377 creatura

490 1413 546 1457 et
583 1419 738 1474 opus.
771 1406 845 1460 At
870 1421 998 1462 vero
1044 1406 1088 1461 si
1122 1422 1220 1463 nos
1268 1408 1625 1477 dispositione
1663 1419 1719 1467 et
1761 1415 1937 1484 gratia
1971 1430 2064 1471 vo-

490 1508 679 1550 camur
716 1495 835 1561 ﬁlii,
888 1497 993 1554 erit
1020 1499 1186 1554 etiam
1216 1499 1331 1568 ipse
1366 1499 1722 1570 dispositione
1765 1516 2019 1561 creatura
2053 1548 2066 1569 ,

491 1586 791 1643 naturalem
830 1602 985 1644 suam
1007 1590 1325 1659 dignitatem
1360 1593 1431 1647 ob
1480 1592 1912 1651 incarnationem
1958 1616 2066 1653 nou

490 1677 769 1733 amittens.
2049 1688 2054 1693 '

484 1788 899 1870 ALIUD-“quo
950 1792 1220 1870 perspicue
1269 1794 1571 1870 ostenditur
1614 1813 1715 1864 quo
1761 1810 1917 1870 pacto
1982 1804 2067 1870 pie

557 1860 783 1941 intelligi
804 1871 1040 1942 oporteat
1080 1862 1234 1926 illud,
1268 1880 1286 1913 t
1314 1862 1569 1919 Dominus
1597 1860 1789 1921 creavit
1809 1885 1889 1923 me
1914 1860 2063 1940 prin-

560 1944 758 1996 aptum
784 1946 989 1983 marum
1020 1946 1265 1984 suarum.
1314 1951 1335 1982 ι

557 2065 728 2119 Adam
758 2065 968 2135 primus
1000 2067 1161 2123 homo
1186 2068 1360 2124 factus
1398 2080 1500 2136 est,
1529 2072 1762 2142 dataque
1796 2074 1870 2128 illi
1917 2087 2002 2130 est
2033 2092 2063 2130 a

483 2156 600 2213 Deo
632 2158 716 2212 via
748 2158 938 2213 salutis
975 2173 1177 2229 :quam
1200 2161 1442 2230 quidem,
1470 2163 1710 2218 divinum
1746 2168 2061 2221 mandatum

486 2258 889 2318 transgressus,
929 2249 1136 2316 amisit,
1189 2251 1482 2323 lapsusque
1530 2264 1616 2309 est
1657 2255 1710 2309 in
1758 2256 2061 2323 interitum,

484 2341 802 2409 provolutus
850 2342 905 2397 in
963 2352 1288 2411 peccatum,
1362 2346 1644 2401 descendit
1690 2349 1741 2402 in
1800 2359 2058 2404 mortem.

484 2429 660 2484 Aliam
691 2430 855 2502 igitur
894 2432 1037 2487 viam
1087 2433 1243 2489 nobis
1296 2439 1703 2504 praemonstrari
1741 2455 1877 2509 opus
1913 2451 2056 2506 erat,

483 2535 591 2588 qua
616 2522 681 2576 ad
702 2522 986 2591 pristinum
1018 2531 1218 2578 statum
1246 2526 1761 2583 conscenderemus.
1798 2528 1894 2583 Cui
1934 2531 2061 2601 qui-

482 2613 604 2666 dem
625 2615 1101 2682 przemonstranda:
1117 2630 1238 2670 cum
1270 2615 1449 2671 nullus
1474 2618 1751 2673 hominum
1774 2634 1871 2688 par
1893 2631 2060 2684 esset,

488 2703 649 2776 166
675 2705 849 2775 ipsum
894 2705 1128 2761 Verbum
1164 2706 1302 2773 Dei,
1339 2723 1461 2763 cum
1497 2710 1567 2765 sit
1606 2720 1799 2765 natura
1855 2712 2062 2767 increa-

485 2805 623 2859 tum,
660 2805 883 2866 propter
911 2812 1013 2853 nos
1046 2805 1268 2853 creatur
1302 2799 1465 2854 homo
1492 2839 1509 2864 ,
1560 2800 1839 2857 voluntate
1882 2802 2061 2858 Patris

483 2900 703 2941 carnem
734 2895 974 2943 nostram
1009 2904 1315 2953 assumens,
1354 2900 1433 2956 ut,
1469 2894 1924 2962 quemadmodum
1980 2896 2061 2948 in-

481 2978 602 3047 quit
661 2978 856 3037 Paulus
891 2980 959 3044 ⁸⁸,
1023 2982 1166 3037 viam
1240 2982 1394 3037 nobis
1445 2983 1712 3039 instauret
1787 2995 2060 3041 recentem

483 3085 546 3126 ac
585 3082 919 3137 manentem,
956 3088 1235 3142 operaque
1292 3073 1475 3128 Patris
1522 3074 1745 3145 impleat
1774 3117 1789 3139 ,
1834 3091 2063 3147 corpore

480 3162 702 3232 quidem
757 3175 944 3219 nostro
979 3165 1047 3219 ad
1092 3164 1556 3235 incorruptionem
1608 3167 1904 3222 reformato
1934 3211 1949 3232 .
2009 3179 2061 3224 et

483 3262 708 3320 morte,
739 3267 861 3323 qua:
907 3269 1008 3323 per
1052 3265 1334 3323 peccatum
1391 3255 1676 3324 imperium
1724 3258 2058 3324 obtinuerat,

484 3342 721 3409 sublata,
756 3344 984 3413 ipsoque
1022 3354 1246 3412 peccato
1272 3346 1640 3400 condemnato
1664 3386 1679 3411 ,
1741 3348 2061 3418 ueterisque

481 3432 648 3488 bonis
698 3448 819 3502 quae
875 3433 1141 3499 contulit,
1187 3449 1283 3503 per
1328 3435 1506 3503 ipsum
1550 3445 1759 3491 natura:
1812 3439 2061 3494 humanae

482 3524 764 3594 praestitis.
803 3522 860 3580 Si
892 3539 1023 3595 ergo
1050 3524 1227 3581 factus
1255 3536 1336 3581 est
1366 3527 1528 3582 homo
1552 3568 1566 3592 ,
1616 3539 1674 3582 ut
1700 3528 1862 3584 nobis
1894 3532 2058 3585 etiam

481 3618 749 3671 bonorum
794 3619 880 3671 via
932 3620 1060 3685 ﬁat,
1110 3634 1281 3689 eaque
1325 3636 1488 3692 opera
1528 3625 1817 3693 perﬁciat,
1864 3634 1984 3694 qua:
2028 3642 2057 3679 a

480 3710 645 3765 Patre
683 3727 781 3780 per
811 3712 986 3781 ipsum
1020 3712 1175 3779 ﬁunt,
1204 3716 1398 3768 merito
1431 3726 1579 3770 certe
1605 3716 1784 3771 dicat:
1821 3735 1839 3768 ι
1872 3718 2056 3771 Domi-

484 3818 585 3857 nus
616 3804 821 3859 creavit
848 3819 934 3859 me
963 3804 1288 3874 principium
1308 3806 1518 3861 viarum
1542 3822 1764 3862 suarum
1800 3808 1851 3862 in
1890 3824 2057 3877 opera

479 3895 673 3965 ipsius.
712 3914 732 3949 ι
764 3896 1033 3966 Deinceps
1059 3911 1190 3951 vero
1228 3912 1449 3964 rursus,
1496 3899 1868 3954 exsistentiam
1904 3916 2056 3954 suam

479 3996 610 4042 ante
637 3987 819 4042 omnia
842 3987 1040 4043 szecula
1068 3987 1405 4059 signiﬁcans,
1435 3991 1509 4044 ait
1544 4007 1558 4042 :
1610 4008 1629 4041 ι
1671 3990 1816 4044 Ante
1857 3990 2056 4045 saecula

482 4075 727 4133 fundavit
775 4094 881 4134 me.
928 4097 948 4131 ι
1003 4079 1059 4135 Si
1101 4094 1236 4135 vero
1273 4088 1330 4136 et
1375 4081 1649 4152 gignitur,
1702 4091 1755 4136 et
1799 4092 2056 4147 creatur,

482 4177 778 4239 utrumque
808 4173 1065 4227 decenter
1110 4173 1606 4241 convenienterque
1662 4173 1777 4229 ﬁeri
1817 4174 2052 4229 dicat-nr.

482 4260 735 4332 Gignitur
767 4262 911 4317 enim
965 4272 1022 4331 ut
1079 4262 1314 4318 Verbum
1352 4279 1430 4321 ,ει
1474 4263 1634 4319 Patre
1690 4274 1818 4320 ante
1865 4266 2058 4320 saecula

485 4352 834 4421 productum,
866 4364 925 4407 ut
964 4355 1191 4422 ipsemet
1239 4363 1508 4410 testatur:
1546 4365 1763 4409 creatur
1786 4370 1915 4410 vero
1945 4397 1959 4422 ,
2000 4366 2059 4410 ut

485 4443 670 4510 homo,
717 4445 934 4512 quando
983 4455 1203 4514 propter
1246 4460 1344 4500 nos
1396 4444 1569 4500 factus
1613 4454 1697 4500 est
1745 4461 1873 4501 caro
1915 4463 1929 4499 :
1982 4447 2057 4502 ita

480 4534 560 4588 ait
590 4535 922 4605 evangelista
952 4537 1021 4591 ".

1146 4650 1377 4707 ALIUD.

548 4778 834 4835 Psalmisla
862 4780 1060 4836 alicubi
1090 4782 1154 4835 de
1198 4782 1371 4835 Verbo
1405 4781 1495 4835 Dei
1522 4782 1592 4835 ita
1641 4784 1714 4836 ait
1742 4802 1755 4837 :
1788 4802 1803 4834 ι
1836 4783 1937 4850 Qui
1973 4793 2056 4838 est

479 4880 608 4926 ante
630 4872 826 4928 saecula
860 4874 927 4926 ⁷ο.
969 4893 987 4926 ›
1038 4872 1093 4927 Si
1122 4889 1251 4944 ergo
1286 4873 1457 4928 Filius
1489 4884 1616 4928 ante
1647 4876 1848 4930 saecula
1897 4876 2051 4931 exsi-

479 4964 594 5029 stit,
620 4975 860 5019 creatum
904 4981 1033 5021 vero
1069 4965 1207 5022 dicit
1257 4981 1317 5020 se
1368 4980 1488 5019 esse
1521 4966 1572 5019 in
1608 4981 1776 5035 opera
1822 4967 2003 5023 Patris
2034 4985 2044 5018 :

482 5057 847 5109 necessarium
903 5054 1062 5125 plane
1115 5064 1204 5110 est
1264 5054 1577 5110 constitutis
1618 5055 1731 5125 jam
1795 5056 2053 5125 operibus

476 5144 627 5201 illum
659 5156 899 5203 creatum
929 5148 1119 5204 fuisse.
1154 5148 1446 5218 Postquam
1472 5148 1616 5203 enim
1676 5158 1942 5204 creaturae
1986 5150 2052 5204 ad

632 5240 892 5297 traductae
920 5251 1126 5306 essent,
1156 5240 1465 5296 novissimis
1505 5241 1839 5309 temporibus
1891 5241 2054 5296 homo

476 5328 931 5405 faelitsestzquo
970 5334 1186 5403 quidem
1222 5343 1463 5399 tempore
1513 5336 1905 5388 convenienter
1953 5348 2051 5402 op-

474 5408 813 5493 portuneque
842 5424 1019 5488 dicit,
1056 5442 1074 5475 ι
1120 5424 1377 5478 Dominus
1426 5426 1631 5479 creavit
1683 5441 1787 5479 me.
1845 5444 1863 5474 ι
1903 5424 2050 5491 Quo-

475 5512 638 5567 modo
670 5513 836 5585 igitur
878 5515 1049 5585 possit
1117 5530 1239 5571 esse
1296 5530 1480 5571 eorum
1537 5526 1789 5579 creator,
1834 5516 1878 5569 si
1930 5524 2051 5583 post

475 5602 565 5658 illa
606 5615 821 5660 creatus
849 5616 933 5661 est
964 5606 987 5658 ?
1031 5604 1086 5661 Si
1119 5616 1299 5662 autem
1341 5616 1466 5660 ante
1492 5622 1655 5676 Opera
1685 5615 1767 5659 est
1810 5604 2045 5658 Verbum

544 5785 586 5814 ⁸⁷
612 5784 631 5839 l
656 5782 811 5839 Joan.
856 5801 937 5841 tu.
978 5786 1020 5837 l.

1107 5786 1148 5815 "
1195 5784 1421 5841 ιἰιὶίὶιιῑι.
1466 5802 1546 5847 ιιι,
1578 5788 1636 5837 ‘21
1674 5805 1683 5841 ;
1732 5784 1891 5838 llvln‘.
1930 5798 1987 5842 ll,
2027 5780 2119 5841 ll;
2164 5796 2214 5842 Χ,
2252 5780 2337 5835 ‘20.

2172 590 2333 658 φύσιν
2360 592 2514 656 ὄντες
2533 595 2839 664 ποιήματα,
2868 593 3013 648 οὑτω
3042 597 3137 649 καὶ
3165 595 3330 660 αὑτὸς
3349 597 3435 649 ὅτε
3466 596 3572 666 τὴν
3603 594 3783 665 ἡμῶν

2174 684 2351 754 σάρκα
2377 685 2665 756 λαμϐάνει,
2699 686 2908 757 κτίσμα
2930 687 3179 740 καλεῖται
3209 688 3307 741 καὶ
3339 688 3583 757 ποίημα,
3625 687 3781 739 κατὰ

2170 776 2331 841 φύσιν
2355 776 2615 847 ὑπάρχων
2643 776 2792 841 Υἱός.
2825 778 2936 831 Καὶ
2966 777 3150 838 πάλιν.
3177 777 3367 848 ὥσπερ
3396 776 3559 847 ἡμῶν
3599 792 3777 844 -ι-τοιη⁸

2170 866 2268 937 τὴς
2298 865 2375 919 ὢν
2396 869 2424 920 6
2455 867 2588 932 Θεὸς
2617 867 2828 937 γίνεται
2861 869 2951 922 καὶ
2977 869 3193 940 Πατὴρ,
3223 868 3478 921 οὕτωκαὶ
3496 867 3595 920 τοῦ
3626 865 3774 919 Θεοῦ

2170 959 2343 1025 Λόγου
2378 958 2569 1030 Πατὴρ
2607 960 2749 1015 κατά
2783 959 2945 1030 φύσιν
2980 960 3241 1031 ὑπάρχων
3270 960 3480 1026 γίνεται
3512 960 3617 1011 καὶ
3651 958 3775 1010 κτί-

2173 1068 2325 1122 στης,
2368 1052 2455 1104 ὅτε
2483 1052 2551 1105 δι’
2600 1054 2749 1124 ἡμᾶς
2794 1052 3133 1123 ἐξομοιοῦται
3171 1054 3283 1115 τοῖς
3324 1052 3655 1121 κτίσμασιν.
3709 1048 3775 1102 Ei

2175 1143 2273 1211 μὲν
2302 1139 2396 1195 οὖν
2429 1145 2589 1214 ἡμεῖς
2618 1143 2765 1197 κατά
2794 1144 2957 1213 φύσιν
2997 1144 3167 1212 ἐσμὲν
3190 1144 3317 1209 υἱοὶ,
3345 1142 3502 1195 ἔσται
3544 1142 3649 1193 καὶ
3671 1142 3775 1194 αὑ-

2169 1232 2259 1295 τὸς
2290 1233 2428 1284 κατά
2460 1232 2622 1300 φύσιν
2654 1233 2861 1303 κτίσμα
2887 1231 2983 1285 καὶ
3016 1232 3248 1302 ποίημα.
3300 1231 3362 1283 EE
3390 1229 3448 1284 δὲ
3479 1228 3773 1299 ἡμεῖς,θέ-

2173 1339 2256 1374 σει
2302 1323 2395 1376 καὶ
2436 1324 2619 1393 χάριτι
2666 1324 2803 1396 πρὸς
2842 1325 3066 1393 υίότητα
3102 1322 3437 1393 καλούμεθα,
3467 1322 3568 1375 καὶ
3602 1321 3775 1382 αὐτὸς

2172 1413 2318 1467 θέσει
2360 1415 2564 1485 κτίσμα
2616 1415 2704 1468 διὰ
2738 1416 2835 1485 τὴν
2884 1414 3007 1469 καθ’
3036 1416 3181 1484 ὑμᾶς
3214 1413 3560 1484 οἰκονομίαν,
3602 1413 3667 1465 τὸ
3708 1414 3773 1464 ἐκ

2172 1504 2382 1574 φύσεως
2420 1506 2521 1559 οὑκ
2551 1505 2836 1559 ἀπολλύων
2868 1505 3102 1577 ἀξίωμα.

2170 1790 2375 1857 ΑΛΛΟ,
2408 1788 2770 1842 διδασκαλία
2802 1788 3029 1856 σαφὴς,
3056 1788 3216 1854 ὅπως
3243 1788 3356 1857 χρὴ
3392 1789 3563 1841 νοεῖν
3584 1792 3772 1843 εὐσεο

2098 1857 2141 1915 Β
2241 1856 2357 1922 ϐὡς
2387 1859 2484 1923 τὸ,
2533 1878 2550 1909 ι
2593 1859 2806 1926 Κύριος
2845 1858 3050 1912 ἐκτισέ
3086 1874 3165 1927 με
3208 1856 3409 1928 ἀρχὴν
3456 1860 3627 1912 ὁδῶν
3659 1863 3772 1914 αὺ-

2238 1928 2364 1982 τοῦ.
2410 1948 2430 1980 ι

2238 2057 2466 2125 Γέγονεν
2488 2060 2515 2110 6
2548 2058 2765 2129 πρῶτος
2793 2058 3079 2129 ἄνθρωπος
3105 2059 3300 2129 Ἀδὰμ,
3336 2061 3432 2113 καὶ
3460 2061 3582 2123 ὁδὸς
3610 2061 3773 2130 αὑτῷ

2168 2149 2439 2220 σωτηρίας
2469 2149 2677 2202 δέδοται
2716 2151 2865 2219 παρὰ
2907 2150 3065 2203 Θεοῦ.
3101 2150 3319 2221 Ταύτην
3353 2151 3633 2217 ἀπώλεσε,
3664 2154 3771 2222 τὴν

2167 2240 2318 2294 θείαν
2347 2241 2567 2310 ἐντολὴν
2590 2241 3016 2314 παραϐεϐηκὼς,
3066 2242 3355 2296 πέπτωκεν
3394 2245 3474 2306 είς
3522 2243 3764 2314 φθοράν,

2164 2332 2369 2403 ἠνέχθη
2408 2335 2545 2404 πρὸς
2593 2334 2891 2404 ἁμαρτίαν,
2937 2334 3318 2406 καταϐέϐηκεν
3364 2337 3442 2398 είς
3498 2336 3759 2389 θάνατον.

2170 2426 2317 2479 Ἔδει
2342 2426 2502 2479 πάλιν
2523 2428 2657 2496 ἡμῖν
2680 2427 2800 2480 ὁδὸν
2827 2426 3022 2498 ἑτέραν
3048 2427 3453 2498 ἀναδειχθῆναι.
3474 2428 3541 2481 δι’
3567 2423 3637 2498 ἦς
3660 2430 3765 2498 τὴν

2165 2517 2400 2587 ἀρχαίαν
2443 2519 2781 2571 κατάστασιν
2834 2519 3051 2589 ἐκείνην
3091 2518 3360 2589 ἀναϐῆναι
3387 2520 3760 2589 δυνησόμεθα.

2178 2605 2393 2676 Ἐπειδὴ
2442 2606 2500 2660 δὲ
2536 2606 2839 2677 ἀνθρώπων
2890 2608 3066 2671 οὐδεὶς
3113 2608 3298 2670 ἱκανὸς
3350 2608 3425 2662 ὢν
3481 2611 3563 2672 εἰς
3599 2609 3767 2663 τοῦτο

2166 2701 2544 2768 κατεφαίνετο,
2575 2702 2889 2770 ἀναγκαίως
2933 2702 3097 2765 αὑτὸς
3149 2705 3177 2756 ὁ
3229 2703 3617 2775 φιλάνθρωπος
3658 2706 3769 2757 τοῦ

2166 2792 2302 2845 Θεοῦ
2333 2794 2525 2860 Λόγος,
2566 2794 2821 2857 ἀκτιστος
2853 2792 2929 2846 ὢν
2957 2793 3056 2864 τὴν
3092 2794 3279 2863 φύσιν,
3314 2795 3605 2865 ἄνθρωπος
3638 2797 3771 2849 κτί-

2166 2886 2317 2948 ζεται
2343 2885 2409 2937 δι’
2430 2886 2596 2956 ἡμᾶς,
2626 2884 2875 2954 βουλήσει
2904 2885 3000 2938 τοῦ
3026 2886 3240 2955 Πατρὸς
3269 2886 3367 2955 τὴν
3391 2887 3545 2958 ἡμῶν
3573 2888 3767 2956 σάρκα

2168 2977 2595 3048 περιϐαλόμενος
2616 2991 2629 3005 °
2668 2978 2775 3041 ἵνα,
2808 2978 3059 3048 καθάπερ
3098 2979 3125 3031 6
3159 2978 3370 3042 Παὺλός
3404 2995 3592 3054 φησιν,
3632 2981 3765 3032 ὁδὸν

2163 3072 2296 3139 ἡμῖν
2334 3069 2616 3140 ἐγκαινίσῃ
2654 3069 2968 3139 πρόσφατον
3000 3071 3095 3123 καὶ
3134 3070 3436 3140 μένουσαν,
3474 3072 3567 3123 καὶ
3608 3072 3763 3141 πλη-

2089 3207 2130 3263 C
2168 3160 2318 3232 ρώσῃ
2344 3162 2411 3213 τά
2439 3161 2577 3231 ἔργα
2609 3160 2704 3213 τοῦ
2740 3160 2975 3229 Πατρδς,
3008 3161 3251 3215 ἀνανεῶν
3289 3162 3385 3231 μὲν
3423 3162 3503 3225 είς
3533 3162 3761 3233 ἀφθαρ-

2166 3254 2286 3306 σίαν
2314 3253 2374 3305 τὸ
2401 3252 2581 3323 σῶμα,
2620 3252 2711 3304 τὸν
2736 3252 2780 3304 δ’
2808 3250 2868 3318 ἐξ
2894 3253 3171 3323 ἁμαρτίας
3200 3254 3551 3325 κρατήσαντα
3581 3253 3759 3306 θάνα-

2161 3361 2252 3396 τον
2284 3343 2547 3413 ἀναιρῶν,
2586 3342 2681 3395 καί⁸
2720 3342 2890 3413 αὐτὴν
2927 3342 3275 3412 κατακρίνων
3304 3343 3403 3413 τὴν
3448 3344 3757 3413 ἁμαρτίαν,

2163 3436 2257 3488 καὶ
2275 3436 2343 3488 τά
2371 3434 2505 3489 ἄλλα
2531 3435 2706 3487 πάντα
2725 3434 2891 3487 ποιῶν
2908 3437 3009 3489 ὅσα
3031 3438 3097 3506 τῇ
3128 3435 3288 3504 φύσει
3318 3437 3545 3503 γέγονεν
3564 3437 3753 3505 ἀγαθά

2162 3528 2226 3579 δι’
2263 3525 2449 3579 αὑτοῦ.
2478 3526 2539 3578 Εἰ
2564 3526 2743 3579 τοίνυν
2776 3526 3001 3595 γέγονεν
3033 3527 3317 3599 ἄνθρωπος
3337 3568 3353 3591 ,
3381 3528 3468 3581 ἵνα
3504 3530 3599 3580 καὶ
3630 3528 3754 3591 ὁδὸς

2164 3619 2294 3687 ἡμῖν
2327 3618 2551 3685 γένηται
2590 3616 2698 3670 τῶν
2725 3618 2965 3685 ἀγαθῶν,
2995 3620 3088 3672 καὶ
3116 3621 3186 3671 τὰ
3219 3619 3357 3689 ἔργα
3397 3619 3572 3672 ταῦτα
3611 3620 3751 3688 πλην

2166 3707 2387 3779 ρώσῃ,ὃι
2415 3708 2479 3778 δὴ
2515 3707 2667 3779 παρά
2692 3709 2906 3779 Πατρὸς
2930 3709 2996 3762 δι’
3024 3709 3189 3763 αὑτοῦ
3220 3711 3431 3778 γίνεται
3457 3750 3473 3774 ,
3520 3711 3752 3774 εἰκότως

2163 3799 2229 3851 ἂν
2255 3798 2437 3866 λέγοι·
2474 3818 2490 3848 ⁸
2526 3797 2727 3869 Κύριος
2755 3798 2937 3853 ἔκτισέ
2963 3817 3032 3870 με
3060 3800 3236 3872 ἀρχὴν
3269 3801 3403 3854 ὁδῶν
3451 3801 3617 3853 αὑτοῦ
3666 3804 3751 3864 εἰς

2161 3892 2296 3962 ἔργα
2319 3889 2500 3943 αὑτοῦ.
2540 3909 2558 3940 ι
2607 3889 2767 3961 Ἑξῆς
2796 3892 2851 3944 δὲ
2882 3893 3045 3946 πάλιν
3070 3892 3168 3964 τὴν
3212 3892 3537 3962 προαιώνιον
3565 3892 3751 3963 ὕπαρ-

2162 3984 2243 4049 ξιν
2277 3981 2470 4036 ἑαυτοῦ
2494 3982 2795 4053 σημαίνων,
2822 3984 2954 4055 φησί
2977 4003 2989 4015 ·
3014 4004 3031 4036 ι
3056 3984 3170 4056 Πρὸ
3198 3985 3293 4037 τοῦ
3326 3985 3521 4047 αίώνος
3546 3984 3749 4049 ὲθεμευ

2161 4076 2324 4129 λίωσὲ
2364 4094 2453 4145 με.
2488 4096 2506 4128 ι
2541 4077 2603 4129 Εἰ
2637 4076 2694 4129 δὲ
2727 4078 2821 4131 καὶ
2854 4079 3107 4145 γεννᾶται
3129 4078 3222 4130 καὶ
3257 4078 3521 4142 κτίζεται,
3558 4078 3751 4147 ἀμφο-

2161 4169 2341 4237 τέροις
2377 4168 2648 4221 ἀποδώσει
2702 4168 2763 4221 τὸ
2808 4169 3035 4238 πρέπον.
3088 4169 3347 4222 Γεννᾶται
3380 4169 3478 4239 μὲν
3525 4168 3637 4237 γὰρ
3668 4168 3751 4229 ὡς

2162 4259 2335 4326 Λόγος
2361 4258 2513 4327 παρά
2536 4259 2747 4328 Πατρὸς
2773 4260 2879 4329 πρὸ
2909 4258 3015 4311 τῶν
3039 4259 3275 4325 αἰώνων,
3298 4260 3552 4330 καθάπερ
3582 4260 3749 4329 φησὶ,

2160 4351 2407 4414 κτίζεται
2434 4350 2489 4401 δὲ
2523 4349 2598 4412 ὡς
2625 4349 2929 4421 ἄνθρωπος,
2964 4352 3051 4403 ὅτε
3085 4351 3153 4404 δι’
3184 4353 3330 4421 ἡμᾶς
3356 4353 3551 4419 γέγονε
3576 4351 3748 4422 σάρξδ

2160 4438 2335 4502 οὕτως
2365 4439 2529 4509 φησιν
2558 4441 2587 4492 6
2618 4439 3031 4509 εὑαγγελιστής.

2846 4640 3051 4692 ΑΔΛΟ.

2202 4784 2207 4788 ’
2234 4767 2369 4836 Φησί
2398 4783 2497 4818 που
2531 4766 2657 4837 περὶ
2686 4766 2778 4819 τοῦ
2805 4764 2940 4819 Θεοῦ
2972 4766 3144 4834 Λόγου
3170 4767 3363 4820 Δαϐίδ·
3411 4786 3430 4818 ι
3478 4769 3537 4820 Ὀ
3564 4768 3746 4839 {ncip-

2161 4876 2269 4930 χων
2297 4859 2403 4929 πρὸ
2423 4858 2532 4911 τῶν
2560 4858 2792 4911 αἰώνων.
2827 4877 2844 4909 ι
2876 4859 2938 4910 El
2961 4859 3140 4911 τοίνυν
3166 4861 3195 4912 ὁ
3219 4859 3319 4930 μὲν
3349 4860 3476 4923 Υἱὸς
3502 4860 3610 4931 πρὸ
3630 4861 3746 4912 τῶν

2160 4952 2369 5007 αἰώνων
2394 4952 2648 5021 ὑπάρχει,
2681 4950 2959 5014 κτίζεσθαι
2999 4951 3055 5004 δέ
3094 4968 3260 5021 φησιν
3304 4952 3500 5005 ἑαυτὸν
3538 4954 3619 5015 εἰς
3670 4952 3745 5005 τὰ

2164 5046 2299 5117 ἔργα
2324 5045 2417 5096 τοῦ
2448 5043 2679 5113 Πατρὸς,
2706 5044 2919 5114 ἀνάγκη
2952 5046 3101 5099 πᾶσα
3128 5044 3480 5097 συνεστώτων
3509 5045 3608 5114 ἢδη
3631 5046 3746 5097 τῶν

2160 5140 2335 5207 ἔργων
2358 5137 2633 5202 κτίζεσθαι
2662 5140 2801 5190 νοεῖν
2822 5138 3002 5191 αὑτόν.
3025 5137 3179 5191 Μετά
3206 5136 3316 5208 γὰρ
3341 5137 3565 5208 τὴντῶν
3585 5155 3745 5208 ποιη-

2166 5230 2349 5298 μάτων
2383 5230 2461 5291 είς
2493 5230 2553 5282 τὸ
2589 5224 2728 5282 εἶναι
2755 5229 3011 5298 πάροδον,
3036 5231 3093 5282 ἐν
3120 5230 3455 5294 τελευταίοις
3488 5230 3585 5282 τοῦ
3609 5229 3744 5282 αίῶο

2158 5338 2245 5383 νος
2280 5322 2489 5387 καιροῖς
2523 5320 2744 5387 γέγονεν
2772 5320 3075 5389 ἄνθρωπος,
3109 5320 3197 5372 ὅτε
3242 5318 3306 5389 δὴ
3332 5320 3655 5389 πρεπόντως
3679 5336 3742 5370 τε

2158 5414 2250 5466 καὶ
2279 5413 2398 5465 λίαν
2430 5412 2700 5482 εὐκαίρως
2723 5411 2806 5475 τὸ,
2836 5431 2853 5462 σ
2897 5412 3077 5464 ἔκτισε
3119 5429 3207 5482 με,
3250 5432 3269 5463 ι
3309 5413 3465 5482 φησί.
3496 5411 3621 5474 Πῶς
3645 5407 3743 5463 οὖν

2156 5505 2315 5567 αὑτὸς
2351 5504 2417 5556 ἂν
2452 5504 2670 5573 ὑπάρχῃ
2706 5502 2910 5555 τούτων
2938 5506 2965 5556 6
3008 5503 3239 5573 ποιητὴς
3264 5542 3278 5566 ,
3311 5504 3359 5555 εί
3390 5503 3508 5572 μετ’
3552 5504 3743 5554 ἐκεῖνα

2157 5597 2429 5660 attigerat;
2462 5596 2522 5648 Εἰ
2550 5595 2606 5647 δὲ
2630 5594 2735 5665 πρὸ
2756 5594 2863 5648 τῶν
2895 5596 3070 5668 ἔργων
3105 5596 3253 5649 ἐστὶν
3285 5596 3313 5648 6
3340 5594 3547 5647 τούτων
3581 5610 3741 5664 ποιηι

2421 5781 2459 5808 “°
2493 5780 2643 5833 Joan.
2684 5794 2720 5839 ι,
2762 5779 2840 5832 Η.
2921 5778 2963 5808 ⁷⁰
2994 5777 3134 5832 l‘snl.
3168 5788 3361 5834 L\Xlll,
3398 5773 3480 5825 12.
