4072 6526
230 438 330 495 281

1610 435 2051 495 TllESAUBUS.

3393 450 3500 505 982

231 567 333 635 τῆς
369 562 464 616 τοῦ
492 561 629 615 Θεοῦ
661 562 852 630 Λόγος,
905 559 1147 624 κτίζεται
1184 559 1241 612 δὲ
1292 560 1371 623 εἰς
1422 560 1583 624 αὐτὰ,
1630 559 1690 613 οὐ
1717 560 1817 631 τῆς

1926 562 2018 617 Dei
2053 563 2196 632 quod
2224 562 2314 617 illa
2357 564 2562 618 creavit
2596 606 2612 630 ,
2672 575 2889 619 creatur
2916 580 3043 621 vero
3090 565 3139 620 in
3180 565 3266 620 illa
3305 582 3319 619 :
3354 578 3502 622 certe

231 657 425 719 οὐσίας
455 654 620 708 αὐτοῦ
643 653 936 723 δηλωτικὸν
966 653 1032 706 ἂν
1054 652 1139 723 εἴη
1168 653 1232 705 τὸ
1261 673 1277 704 ι
1310 652 1491 706 ἔκτισε
1512 670 1524 682 ο
1559 672 1577 704 ι
1615 653 1816 723 σημαί-

233 765 316 802 νει
344 748 389 801 δ’
417 748 485 802 ἂν
501 747 721 810 εἰκότως
746 745 845 815 τὴν
869 744 1280 815 ὲνανθρώπησιν
1298 745 1385 798 ὅτε
1409 744 1544 815 πρὸς
1576 744 1813 814 ἐπανόρ-

234 839 403 892 θωσιν
435 839 544 892 τῶν
592 838 765 909 ἔργων
794 836 886 890 τοῦ
926 837 1137 908 Πατρὸς
1159 838 1349 905 γέγονε
1382 835 1541 907 σάρξ.
1586 835 1697 889 Καὶ
1727 836 1815 889 διὰ

232 931 394 986 τοῦτό
434 947 598 1003 φησι’
636 948 654 981 ι
691 929 896 1000 Κύριος
947 929 1129 982 ἐκτισὲ
1163 946 1229 1001 με
1270 930 1445 1003 ἀρχὴν
1475 929 1612 984 ὁδῶν
1647 928 1812 984 αὐτοῦ
1842 926 1851 935 ’

164 1098 179 1109 ο
236 1027 317 1088 είς
342 1026 478 1095 ἔργα
506 1021 694 1077 αὑτοῦ.

653 1133 860 1196 ΑΛΛΟ,
888 1134 971 1199 ὠς
1008 1132 1079 1185 ἐν
1114 1132 1388 1202 ἐπιτομῇ.

317 1248 589 1303 Ἐκτίσθαι
614 1249 779 1318 φησὶν
804 1248 996 1301 ἑαυτὸν
1026 1251 1105 1311 είς
1132 1247 1304 1319 ἀρχὴν
1322 1247 1474 1301 ὁδῶν.
1509 1249 1618 1301 Καὶ
1644 1247 1812 1302 ποίων

232 1335 363 1411 ἆρα,
399 1338 617 1410 μαθήσῃ
647 1339 737 1392 διά
764 1339 872 1391 τῶν
904 1338 1121 1409 ἐφεξῆς.
1157 1339 1382 1409 Πρῶτον
1427 1338 1525 1409 μὲν
1557 1339 1656 1402 τὰς
1682 1339 1814 1410 ἁρε-

229 1434 331 1496 τάς
365 1432 851 1502 ἐξαριθμούμενος,
880 1431 946 1495 ἃς
981 1432 1196 1502 πρῶτος
1226 1434 1456 1503 ποιήσας
1488 1431 1690 1497 ἐδίδαξε
1720 1433 1816 1486 καὶ

232 1526 401 1596 ἡμᾶς·
423 1524 673 1577 «Γίνεσθε
702 1523 831 1594 γὰρ,
869 1524 1056 1594 φησὶν,
1085 1524 1482 1594 οἰκτίρμονες)
1505 1525 1618 1588 καὶ,
1648 1544 1663 1575 ι
1689 1523 1814 1577 Ἐάν

230 1618 315 1681 τίς
354 1635 413 1669 σε
445 1616 650 1687 ῥαπίσῃ
676 1617 755 1679 είς
795 1616 892 1686 τὴν
922 1615 1102 1680 δεξιὰν
1133 1616 1378 1683 σιαγόνα,
1409 1614 1638 1685 στρέψον
1664 1614 1814 1684 αὐτῷ

231 1708 328 1762 καὶ
348 1707 447 1778 τὴν
473 1708 659 1777 ἀλλην.
695 1708 827 1761 Ἀπὸ
842 1707 936 1760 τοῦ
963 1707 1212 1779 αἴροντος
1238 1708 1306 1761 τά
1325 1707 1413 1774 σὰ,
1438 1708 1514 1778 μὴ
1534 1708 1772 1759 ἀπαίτει.
1789 1726 1806 1757 ι

229 1827 300 1838 -
330 1815 347 1847 ι
395 1797 453 1849 Ὀ
481 1798 643 1868 νόμος
674 1797 868 1868 φησίν·
911 1800 984 1851 Ού
1034 1798 1364 1868 μοιχεύσεις.
1412 1798 1554 1867 Ἐγὼ
1588 1799 1644 1851 δὲ
1670 1798 1813 1866 λέγω

229 1890 361 1960 ὑμῖν
384 1907 396 1920 ·
430 1890 545 1943 Οὐκ
578 1891 941 1961 ἐπιθυμήσεις
967 1933 982 1958 ,
1022 1911 1041 1943 ι
1078 1892 1173 1943 καὶ
1204 1892 1304 1943 ὅσα
1335 1891 1469 1961 πρὸς
1503 1890 1713 1953 τούτοις
1756 1892 1813 1943 ὲν

230 1985 342 2045 τοῖς
366 1982 739 2051 εὐαγγελικοῖς
774 1983 949 2035 κεῖται
984 1965 1322 2053 κήρύγμασι.
1358 1982 1543 2036 Ταῦτα
1580 1983 1689 2053 γὰρ
1713 1984 1813 2055 ἥρ-

229 2073 362 2140 ξατο
391 2073 489 2143 μὲν
521 2075 579 2125 ὲν
635 2070 839 2143 πρώτῳ
873 2074 1119 2142 Χριστῷ,
1177 2074 1364 2144 τρέχει
1399 2073 1456 2126 δὲ
1496 2073 1694 2144 ἑφεξῆς
1735 2076 1814 2137 είς

229 2165 397 2234 ἡμᾶς.
440 2164 539 2217 Διά
569 2164 726 2217 τοῦτό
775 2182 968 2234 φησιν·
1001 2185 1018 2215 ί
1062 2164 1206 2234 Ἐγώ
1237 2168 1352 2234 εἰμι
1384 2167 1415 2235 ἠ
1452 2164 1589 2235 θύρα
1616 2205 1629 2229 ,
1674 2164 1815 2232 Ἐγώ

228 2257 346 2326 είμι
378 2258 410 2326 ἡ
444 2256 580 2319 ὁδός.
624 2276 641 2307 ι
691 2257 859 2329 Ἀρχὴ
899 2256 1189 2327 τοιγαροῦν
1233 2257 1342 2309 τῶν
1389 2256 1647 2309 τοιούτων
1682 2258 1814 2326 ἡμῖν

231 2347 411 2419 ἔργων
441 2347 754 2418 γενόμενος,
784 2349 870 2401 ὅτε
896 2348 982 2402 διὰ
1014 2347 1174 2401 τοῦτο
1195 2348 1293 2419 τὴν
1320 2348 1476 2418 ἡμῶν
1507 2348 1686 2417 σάρκα
1715 2365 1815 2399 πε-

232 2439 534 2512 ριεῦάλετο,
574 2440 667 2492 καὶ
701 2439 922 2508 γέγονεν
945 2439 1251 2511 ἄνθρωπος,
1288 2440 1513 2500 εἰκότως
1542 2439 1608 2492 ἂν
1630 2439 1776 2506 λέγοι
1800 2456 1814 2471 ·

237 2548 257 2581 ι
282 2530 488 2603 Κύριος
509 2530 688 2583 ἔκτισε
715 2548 782 2601 με
804 2532 979 2601 ἀρχὴν
1002 2531 1136 2584 ὁδῶν
1150 2529 1317 2583 αὐτοῦ
1342 2532 1420 2594 εἰς
1438 2530 1574 2601 ἔργα
1594 2530 1777 2583 αὐτοῦ.
1793 2549 1811 2581 ι

230 2620 338 2673 Τὸν
364 2620 527 2675 αὐτὸν
558 2621 615 2674 δὲ
640 2621 831 2675 τοῦτον
862 2622 1196 2693 ὲφαρμόσεις
1223 2623 1379 2691 λόγον
1411 2625 1505 2675 καὶ
1533 2623 1599 2693 τῇ
1636 2623 1700 2674 ἐκ
1733 2640 1819 2674 νε-

229 2710 380 2780 κρῶν
418 2713 735 2775 ἀναστάσει,
775 2716 868 2766 καὶ
902 2717 967 2785 τῇ
1010 2717 1085 2777 είς
1120 2714 1434 2785 ἀφθαρσίαν
1477 2714 1580 2784 τῆς
1615 2715 1818 2785 σαρκὸς

233 2802 529 2875 μεταϐολῇ,
559 2805 652 2857 καί¹
681 2808 744 2876 τῇ
778 2806 948 2876 ἀνόδῳ
970 2811 1033 2877 τῇ
1063 2809 1141 2869 εἰς
1164 2807 1445 2875 οὐρανούς.
1477 2808 1587 2860 Καὶ
1610 2807 1817 2861 τούτων

227 2894 341 2968 ’γὰρ
368 2897 497 2967 ἡμῖν
524 2896 750 2965 γέγονεν
778 2897 942 2968 ἁρχὴ,
980 2899 1073 2950 καὶ
1103 2898 1188 2950 διὰ
1214 2897 1386 2953 ταῦτα
1408 2898 1672 2962 κτίζεται.

917 3187 1122 3240 ΑΛΛΟ.

317 3295 579 3350 Ἀπέθανε
607 3296 673 3350 δι’
702 3298 850 3367 ἡμᾶς
883 3298 980 3350 καὶ
1011 3298 1150 3369 ὑπὲρ
1183 3299 1342 3369 ἡμῶν
1370 3302 1397 3355 6
1426 3302 1816 3371 Χριστός.Ὥσ-

230 3380 341 3460 περ
370 3383 462 3442 οὖν
487 3389 809 3461 τεθνηκότος
838 3391 931 3444 τοῦ
963 3390 1216 3461 σώματος
1236 3393 1397 3456 αὐτὸς
1417 3394 1574 3447 τοῦτο
1597 3396 1816 3462 λέγεται

231 3481 456 3544 παθεῖν,
491 3482 667 3535 καίτοι
698 3482 797 3554 τὴν
829 3484 991 3552 φύσιν
1039 3484 1305 3549 ἀθάνατος
1334 3485 1430 3549 ὢν,
1466 3486 1607 3540 οὕτω
1640 3489 1817 3554 κτιζο-

235 3574 401 3644 μένου
432 3572 524 3625 τοῦ
569 3572 842 3641 σώματος,
879 3574 1041 3637 αὐτὸς
1087 3576 1279 3629 ἑαυτὸν
1318 3576 1597 3640 κτίζεσθαι
1643 3579 1814 3647 λέγει,

232 3665 414 3720 καίτοι
442 3663 539 3736 τὴν
567 3665 759 3718 οὐσίαν
781 3666 1037 3729 ἀκτιστος
1054 3666 1151 3720 ὢν.
1181 3666 1355 3719 Αὐτοῦ
1383 3667 1492 3739 γὰρ
1526 3668 1692 3739 οὔσης
1722 3673 1817 3724 καὶ

233 3757 335 3826 οὐχ
367 3758 553 3829 ἑτέρου
585 3757 729 3821 τινος
755 3758 856 3828 τῆς
884 3759 1104 3828 σαρκὸς,
1142 3759 1477 3813 ίδιοποιεῖται
1507 3761 1574 3815 τὰ
1607 3764 1686 3826 εἰς
1719 3765 1817 3817 αὺ-

234 3846 334 3917 τὴν
367 3864 430 3900 συ
440 3848 753 3918 μὸαίνοντα.

910 3963 1112 4016 AAAO.

312 4074 513 4144 ’ἳργον
555 4074 662 4129 τῶν
706 4075 800 4127 ἐπὶ
838 4074 939 4146 τῆς
972 4076 1076 4147 γῆς
1105 4077 1164 4130 τὸ
1195 4077 1480 4131 κάλλιστον
1508 4080 1817 4151 ἄνθρωπος,

236 4163 294 4226 ὃς
327 4164 391 4233 δὴ
422 4163 624 4225 τέλειος
654 4163 913 4231 γεγονὼς,
938 4166 1135 4236 ἀτελὴς
1163 4167 1363 4238 εὑρέθη
1394 4169 1483 4221 διὰ
1514 4170 1612 4240 τὴν
1637 4173 1819 4243 παρά-

235 4258 419 4323 ϐασιν,
440 4256 621 4309 πεσὼν
644 4258 743 4327 μὲν
761 4256 819 4321 ἐξ
841 4258 1139 4323 ἀθανασίας
1162 4262 1241 4324 είς
1260 4261 1510 4328 θάνατον,
1528 4263 1586 4327 ἐξ
1608 4265 1818 4338 ἀφθαρ-

238 4349 360 4410 σίας
396 4349 451 4402 δὲ
505 4349 584 4412 είς
636 4348 863 4420 φθοράν.
928 4349 1084 4404 Ἐπεὶ
1127 4353 1305 4407 τοίνυν
1346 4355 1405 4407 ἓν
1454 4373 1505 4409 τι
1548 4357 1659 4411 τῶν
1696 4359 1820 4411 ἀτο-

239 4442 508 4495 πωτάτων
552 4442 834 4509 ἐφαίνετο,
896 4443 992 4496 καὶ
1042 4439 1111 4514 ἦν
1169 4444 1338 4508 ὅντως
1385 4446 1611 4518 αἰσχρὸν
1658 4449 1819 4522 μέχρι

1921 654 2139 709 verbum
2170 655 2273 711 hoc
2321 674 2340 707 ι
2377 656 2601 719 creavit,
2640 676 2659 709 ι
2685 659 2977 712 essentiam
3007 659 3126 727 ejus
3156 674 3494 730 nequaquam

1919 748 2208 817 signiﬁcat,
2275 749 2367 804 sed
2423 749 2607 817 potius
2656 749 3090 805 incarnationem
3143 753 3362 819 quando
3412 754 3501 804 ni-

1920 843 2114 895 mirum
2145 841 2213 896 ad
2262 842 2665 911 reparationem
2697 856 2919 909 operum
2971 841 3149 897 Patris
3202 844 3377 898 l'aetus
3417 854 3502 899 est

1918 946 2067 988 caro.
2095 934 2270 1002 Atque
2301 934 2421 987 ideo
2444 934 2614 987 dicit:
2650 955 2668 983 ι
2708 932 2967 985 Dominus
2994 934 3201 987 creavit
3228 950 3314 989 me
3345 935 3497 1003 prin-

1917 1022 2117 1093 cipium
2151 1024 2355 1076 viarum
2399 1037 2619 1075 suarum
2646 1022 2698 1075 in
2728 1036 2892 1091 opera
2925 1021 3117 1091 ipsius.
3162 1042 3179 1072 ι

2345 1131 2576 1196 ALIUD,
2630 1133 3071 1198 compendiosius.
3098 1152 3103 1153 ’

1989 1248 2246 1303 Creatqu
2281 1262 2339 1302 se
2396 1248 2529 1301 dicit
2580 1246 2629 1299 in
2670 1245 2992 1312 principium
3049 1246 3279 1297 viarum.
3339 1244 3492 1309 Qua-

1919 1338 2047 1397 ltum
2085 1350 2263 1392 autem
2297 1337 2527 1402 viarum,
2580 1336 2761 1389 disces
2817 1349 2884 1388 ex
2944 1334 3190 1402 reliquis.
3257 1334 3495 1388 l’riuuuu

1917 1428 2131 1497 quidem
2157 1427 2381 1480 virtutes
2432 1438 2722 1479 recensens
2761 1438 2896 1491 quas
2936 1421 3051 1489 ipse
3083 1424 3289 1490 primus
3334 1434 3496 1474 exer-

1918 1520 2050 1580 cuit,
2112 1533 2213 1573 nos
2255 1518 2423 1571 etiam
2483 1516 2709 1570 docuit:
2754 1534 2772 1565 ι
2838 1513 3026 1567 Estote
3080 1510 3244 1575 enim,
3296 1510 3495 1580 inquit,

1919 1610 2299 1664 misericordes
2331 1608 2373 1637 ⁷¹
2393 1623 2407 1671 ;
2430 1625 2447 1656 υ
2475 1615 2550 1672 et,
2577 1624 2594 1655 ‹
2616 1604 2672 1659 Si
2702 1603 2824 1673 quis
2854 1602 3183 1671 percusserit
3207 1612 3257 1655 te
3282 1601 3335 1654 in
3363 1602 3495 1654 dex-

1920 1710 2092 1755 teram
2124 1696 2424 1761 maxillam,
2459 1698 2641 1766 praebe
2685 1693 2758 1747 illi
2796 1704 2851 1747 et
2903 1691 3152 1745 alteram.
3209 1691 3288 1743 Ab
3315 1705 3380 1744 eo
3405 1690 3495 1758 qui

1916 1790 2201 1845 abstulerit
2236 1804 2355 1858 qua:
2386 1797 2476 1840 tua
2510 1796 2657 1849 sunt,
2694 1801 2759 1838 ne
2803 1784 3144 1854 reposcas".
3183 1802 3201 1834 ι
3234 1812 3299 1822 -—
3330 1802 3347 1832 ‹
3387 1781 3496 1834 Lex

1844 1884 2109 1973 Bjubet:
2150 1881 2268 1936 Non
2315 1879 2702 1973 mwchaberis.
2743 1877 2855 1945 Ego
2901 1886 3081 1930 autem
3122 1876 3244 1929 dico
3295 1872 3494 1973 vobis:

1920 1973 2035 2027 Non
2086 1971 2439 2040 concupisces
2469 1968 2552 2033 ⁷³,
2594 1986 2614 2019 ι
2656 1966 2869 2035 aliaque
2905 1980 3023 2035 qua:
3066 1965 3117 2017 in
3163 1962 3493 2033 evangelieis

1918 2065 2201 2133 praeconiis
2226 2064 2517 2117 habentur.
2550 2058 2675 2113 llaec
2708 2059 2852 2112 enim
2881 2066 3055 2125 empta
3084 2065 3210 2110 sunt
3247 2056 3299 2109 in
3322 2055 3497 2124 primo

1916 2157 2152 2221 Christo,
2189 2156 2443 2222 deinceps
2482 2151 2639 2222 167
2675 2160 2853 2204 autem
2888 2150 2939 2202 in
2974 2163 3073 2202 nos
3102 2155 3495 2216 prepagantur.

1917 2248 2122 2302 Idcirco
2174 2247 2350 2317 inquit
2397 2262 2409 2297 :
2467 2265 2485 2296 ι
2546 2246 2656 2313 Ego
2700 2257 2817 2297 sum
2888 2241 3053 2311 janua
3111 2240 3178 2303 ⁷⁵,
3222 2240 3329 2306 Ego
3377 2253 3497 2292 sum

1918 2342 2003 2393 via
2034 2341 2100 2392 ⁷⁸.
2143 2360 2160 2390 ι
2200 2338 2515 2404 llnjusmodi
2554 2336 2736 2402 itaque
2769 2349 2993 2403 cperunt
3032 2331 3361 2400 principium
3395 2346 3497 2383 no-

1918 2433 2002 2485 bis
2041 2433 2214 2485 factus
2248 2471 2262 2495 ,
2311 2429 2528 2499 quando
2580 2428 2837 2481 nimirqu
2878 2435 3099 2495 propter
3139 2426 3239 2478 hoc
3284 2438 3498 2477 carnem

1922 2534 2165 2578 nostram
2217 2523 2545 2591 assumpsit,
2595 2521 2881 2589 factusque
2935 2528 3018 2573 est
3063 2517 3246 2581 homo,
3307 2518 3503 2570 merito

1919 2614 2119 2668 dixerit
2153 2630 2167 2665 :
2213 2632 2228 2664 ι
2268 2613 2531 2665 Dominus
2567 2612 2775 2665 creavit
2812 2625 2896 2663 me
2948 2609 3270 2677 principium
3291 2607 3500 2659 viarum

1920 2723 2138 2762 suarum
2172 2708 2221 2759 in
2255 2706 2634 2775 operaipsius.
2683 2723 2700 2754 ι
2746 2703 2948 2755 Eadem
2996 2716 3158 2770 porro
3214 2697 3353 2752 ratio
3415 2707 3501 2751 est

1919 2799 2082 2852 etiam
2114 2796 2537 2851 resurrectionis
2594 2811 2624 2849 e
2670 2795 2918 2858 mortuis,
2972 2793 3399 2861 mulationisque
3446 2791 3499 2843 in

1919 2890 2099 2944 carnis
2131 2889 2592 2956 incorruptionem
2614 2896 2667 2940 et
2689 2885 3029 2939 ascensionis
3059 2885 3111 2937 in
3137 2885 3327 2937 ccelos.
3360 2881 3497 2935 Nam

1918 2990 1971 3035 et
2007 2982 2197 3034 horum
2235 2979 2559 3050 principium
2610 2978 2765 3032 nobis
2802 2977 2981 3031 factus
3013 2985 3119 3041 est,
3178 2985 3230 3031 et
3280 2985 3502 3047 propter

1921 3073 2036 3127 hinc
2069 3080 2308 3126 creatus.

2595 3181 2827 3236 ALIUD.

1990 3299 2243 3355 Christus
2285 3307 2506 3368 propter
2555 3314 2654 3352 uos
2701 3306 2758 3352 et
2800 3312 2897 3365 pro
2929 3296 3085 3352 nobis
3123 3305 3369 3350 mortuus
3392 3305 3498 3351 est.

1920 3391 2381 3458 Quemadmodum
2441 3390 2632 3460 igitur,
2678 3399 2889 3443 mortuo
2940 3404 3192 3457 corpore,
3237 3388 3354 3454 ipse
3398 3388 3504 3443 hoc.

1920 3498 2113 3553 passus
2133 3496 2256 3537 esse
2292 3482 2513 3547 dicitur,
2548 3482 2759 3535 tametsi
2786 3480 3110 3534 immortalis
3138 3490 3347 3533 natura:
3376 3480 3451 3534 sit
3482 3494 3496 3531 :

1921 3577 1995 3630 ita
2025 3584 2207 3630 creato
2240 3589 2493 3643 corpore,
2531 3574 2651 3642 ipse
2683 3574 2927 3643 seipsum
2957 3573 3130 3625 creari
3176 3571 3328 3635 dicit,
3370 3586 3494 3625 cum

1922 3679 2102 3721 tamen
2135 3667 2390 3721 increata:
2424 3667 2677 3721 essentia:
2707 3666 2797 3721 sit.
2831 3666 2964 3721 Cum
3019 3665 3162 3719 enim
3210 3664 3377 3731 ipsius
3406 3664 3498 3726 sit,

1918 3771 1973 3814 et
2002 3776 2106 3813 non
2136 3758 2361 3813 alterius
2394 3772 2541 3825 caro,
2563 3773 2685 3827 quae
2710 3756 2780 3812 illi
2809 3757 3060 3811 accidunt
3088 3757 3303 3824 prepria
3341 3753 3488 3807 illius

1923 3852 2078 3905 tiuut.

2599 3960 2755 4015 ALlU
2770 3960 2828 4013 ί).

2007 4076 2440 4131 Pulrherrimum
2473 4090 2536 4130 ac
2555 4073 3064 4145 praastantissimurn
3095 4088 3233 4141 opus
3260 4070 3503 4125 omnium

1922 4183 2039 4237 qua:
2071 4170 2124 4221 in
2161 4178 2303 4222 terra
2339 4168 2472 4221 (inut
2499 4177 2581 4221 est
2608 4167 2770 4219 homo
2806 4180 2819 4217 :
2848 4164 2938 4233 qui
2978 4178 3099 4216 eum
3132 4172 3276 4215 esset
3320 4161 3501 4215 factus

1923 4260 2219 4329 perfectus,
2252 4275 2349 4330 per
2387 4258 2887 4329 praevaricationem
2922 4257 3168 4310 inventus
3193 4264 3269 4307 est
3300 4254 3501 4322 imper-

1925 4356 2116 4417 l‘et-tus,
2174 4369 2236 4405 ex
2303 4334 2711 4406 immertalitate
2770 4350 2822 4402 in
2873 4360 3102 4402 mortem
3146 4347 3370 4416 lapsus,
3437 4361 3502 4397 ex

1923 4444 2330 4513 incorruptione
2360 4445 2412 4497 in
2440 4444 2867 4511 corruptionem.
2916 4439 3049 4492 Cum
3082 4438 3267 4506 itaque
3313 4436 3502 4488 defor-

236 4531 441 4594 παντὸς
483 4530 668 4594 ἀτελὲς
700 4530 973 4601 διαμεῖναι
1018 4532 1079 4584 τὸ
1122 4531 1282 4602 ἔργον
1314 4533 1409 4586 τοῦ
1453 4534 1611 4600 Θεοῦ,
1645 4537 1817 4605 ἀναγ-

1926 4538 2225 4592 "rissimum
2253 4537 2380 4606 quid
2419 4545 2600 4598 esset,
2658 4544 2921 4602 turpeque
2979 4546 3167 4586 revera
3219 4531 3500 4583 videretur

237 4622 412 4685 καίως
435 4623 463 4674 6
493 4618 587 4675 τοῦ
614 4621 756 4693 ΑΘεοῦ
781 4623 976 4690 Λόγος,
1006 4625 1033 4676 6
1066 4624 1269 4688 τέλειος
1292 4625 1382 4678 τὸν
1418 4626 1584 4698 ἀτελῆ
1610 4628 1821 4699 ἀνορω-

235 4729 341 4764 πον
379 4710 759 4782 περιεϐάλετοο
805 4712 901 4764 καὶ
936 4712 1027 4766 διὰ
1062 4712 1221 4765 τοῦτό
1255 4730 1421 4784 φησιν
1466 4718 1544 4780 είς
1574 4717 1642 4770 τά
1681 4718 1821 4791 ἔργα

235 4801 537 4866 κτίζεσθαι,
570 4802 657 4854 ἵνα
680 4801 945 4875 τελειώσῃ
983 4802 1142 4869 αὐτὰ,
1184 4804 1271 4858 ἵνα
1301 4807 1463 4860 πάλιν
1494 4810 1676 4873 αὐτοῖς
1715 4813 1815 4884 τὴν

233 4894 551 4963 τελειότητα
599 4893 893 4967 περιθήσῃ,
944 4896 1004 4949 τὸ
1032 4896 1217 4949 λεῖπον
1253 4898 1332 4970 τῷ
1375 4900 1647 4973 ἀνθρώπῳ
1682 4904 1821 4974 πλη-

241 4982 424 5057 ρώσας
454 4984 519 5037 δι’
553 4984 770 5039 ἑαυτοῦ.
806 4986 916 5037 Καὶ
938 4987 1068 5054 γοῦν
1093 4988 1150 5038 ἐν
1176 4990 1287 5052 τοῖς
1309 4987 1663 5058 Εὑαγγελίοις
1686 4997 1820 5064 φησὶ

238 5074 377 5145 πρὸς
404 5076 495 5127 τὸν
524 5076 720 5129 ἑαυτοῦ
756 5076 972 5148 Πατέρα
993 5094 1007 5109 ·
1034 5098 1051 5128 ι
1076 5079 1219 5147 Ἐγώ
1250 5097 1308 5133 σε
1346 5082 1575 5147 ἐδόξασα
1605 5086 1695 5137 ἐπὶ
1722 5088 1821 5156 τῆς

237 5168 362 5239 γῆς,
394 5169 643 5241 τὸ,ἕργον
674 5170 969 5234 τελειώσας
992 5172 1019 5224 ὃ
1046 5173 1285 5238 δεδωκάς
1309 5194 1399 5246 μοι
1433 5177 1519 5230 ἵνα
1550 5181 1817 5249 ποιήσω.»

237 5261 351 5314 Καὶ
393 5261 583 5314 πάλιν·
636 5282 654 5313 ι
693 5264 774 5317 Τὰ
802 5263 941 5335 ἔργα
987 5265 1023 5319 ὃ.
1053 5266 1253 5321 δέδωκέ
1302 5287 1390 5340 μοι
1421 5273 1448 5324 6
1482 5272 1704 5342 Πατὴρ,
1736 5272 1825 5325 ἵνα

235 5350 512 5404 τελειώσω
548 5352 708 5416 αὐτὰ,
736 5355 877 5408 αὐτὰ
898 5356 966 5409 τὰ
994 5356 1132 5428 ἔργα
1170 5364 1439 5432 μαρτυρεῖ
1472 5363 1597 5433 περὶ
1628 5363 1781 5433 ἐμοῦ.
1800 5383 1817 5415 ι

238 5441 305 5494 El.
342 5442 519 5495 τοίνυν
544 5444 633 5497 ὅτε
660 5445 887 5515 γέγονεν
931 5448 1239 5520 ἄνθρωπος,
1270 5452 1410 5506 «τότε
1459 5453 1529 5507 τὰ
1568 5454 1705 5525 ἔργα
1734 5473 1824 5508 τεο

235 5531 391 5597 λειοῖ,
417 5535 511 5587 κα)⁵
533 5536 613 5599 είς
650 5536 791 5589 αὐτά
817 5537 1083 5603 κτίζεται,
1117 5541 1383 5613 πρόδηλον
1413 5544 1682 5614 δήπουθεν
1713 5546 1824 5599 ὅτι·

239 5640 348 5695 περ
370 5626 431 5679 οὐ
461 5626 563 5698 τῆς
606 5629 796 5693 οὐσίας
823 5631 919 5685 τοῦ
947 5633 1122 5703 Λόγου
1168 5637 1501 5705 σημαντικὸν
1526 5637 1591 5690 ἂν
1620 5638 1706 5709 εἴη
1740 5639 1821 5707 τὸ,

309 5803 517 5878 τίμια
543 5822 620 5870 vt,
651 5807 740 5862 56.
818 5811 863 5842 ⁷²
901 5812 1028 5868 ibid.
1063 5808 1151 5878 ‘29,
1195 5812 1282 5868 50.

239 5876 294 5929 ι.
372 5876 415 5905 ⁷⁷
442 5874 599 5932 Joan.
635 5892 685 5945 ν,
712 5879 800 5933 56.

1365 5816 1410 5844 τ’
1445 5814 1635 5871 Matth.
1670 5833 1717 5883 ν,
1745 5818 1835 5884 28,
1869 5817 1957 5874 29.
2035 5820 2076 5850 ⁷⁵
2105 5817 2259 5873 «Ιυέὶη-
2295 5833 2344 5877 κο
2379 5819 2429 5871 9·

1926 4648 2062 4702 Opus
2098 4630 2193 4684 Dei
2226 4630 2598 4699 imperfectum
2640 4641 2945 4691 remanere,
3014 4624 3327 4678 necessario
3372 4620 3507 4676 Ver-

1930 4728 2052 4781 bum
2083 4723 2175 4779 Dei
2210 4722 2507 4793 perl‘ectum
2542 4719 2917 4788 imperfectum
2969 4716 3241 4771 hominem
3294 4713 3507 4777 induit;

1928 4828 2092 4889 atque
2122 4817 2324 4870 idcirco
2366 4814 2498 4867 dicit
2541 4827 2598 4866 se
2639 4812 2691 4864 in
2742 4826 2907 4881 opera
2949 4818 3194 4863 creatum
3236 4822 3383 4869 esse,
3444 4813 3505 4857 ut

1924 4911 2179 4965 nimirum
2229 4907 2316 4961 illa
2348 4905 2655 4976 perficeret,
2700 4914 2868 4972 utque
2906 4917 3095 4956 rursus
3148 4898 3353 4953 homini
3393 4898 3507 4965 pri-

1920 5003 2118 5057 stinam
2150 4999 2536 5070 perfectionem
2566 4995 2900 5057 restitueret,
2930 4995 2980 5045 id
3022 4992 3163 5060 quod
3198 4991 3250 5043 iu
3287 4989 3510 5041 homine

1929 5096 2138 5159 deerat,
2170 5106 2265 5160 per
2299 5106 2357 5144 se
2388 5088 2616 5157 impleas
2653 5095 2817 5154 atque
2850 5096 3227 5152 eompensans.
3278 5078 3507 5146 Ideoque

1932 5184 1985 5237 iu
2036 5181 2342 5250 Evangeliis
2368 5181 2433 5233 ad
2460 5179 2674 5232 Patrem
2710 5192 2866 5229 suum
2898 5177 2971 5227 ita
3006 5173 3140 5225 dicit
3186 5189 3199 5225 :
3238 5190 3255 5221 ι
3294 5170 3403 5239 Ego
3456 5183 3511 5223 te

1932 5273 2225 5344 gloriﬁcavi
2274 5273 2327 5324 in
2374 5281 2518 5325 terra
2550 5309 2564 5329 ,
2622 5267 2863 5336 perfecto
2921 5277 3084 5334 opere
3120 5262 3263 5329 quod
3313 5262 3508 5316 dedisti

1923 5365 2056 5420 mihi
2083 5375 2141 5417 ut
2175 5363 2373 5416 faciam
2407 5363 2476 5415 7“.
2514 5380 2531 5411 ι
2568 5360 2633 5413 Et
2662 5374 2854 5412 rursus
2884 5373 2898 5409 :
2939 5373 2955 5406 ι
2996 5355 3172 5425 Opera
3203 5369 3324 5423 quae
3357 5351 3512 5406 dedit

1922 5456 2056 5510 mihi
2087 5455 2272 5518 Pater,
2323 5462 2380 5507 ut
2406 5452 2682 5522 perﬁciam
2712 5489 2725 5513 ,
2773 5449 2860 5503 illa
2914 5447 3285 5503 testimonium
3323 5445 3509 5515 periri-

1922 5545 2053 5600 bent
2089 5546 2156 5599 de
2187 5544 2357 5599 me".
2394 5564 2412 5596 ι
2455 5543 2511 5597 Si
2536 5557 2666 5611 ergo
2693 5556 2815 5595 cum
2852 5538 3029 5595 factus
3053 5546 3137 5593 est
3173 5538 3355 5602 homo,
3384 5548 3513 5589 tunc

1922 5655 2083 5710 opera
2126 5639 2359 5709 perﬁcit,
2393 5638 2526 5693 etin
2566 5638 2679 5705 ipsa
2718 5645 2981 5702 creatur;
3034 5631 3384 5688 manifestum
3425 5640 3513 5684 est

2514 5816 2559 5847 ⁷⁸
2588 5815 2737 5870 Joan.
2776 5830 2886 5877 xrv,
2932 5814 2982 5866 6.
3100 5812 3145 5842 ⁷⁸
3176 5807 3332 5864 .ioan.
3375 5819 3508 5867 xm,
