4072 6524
202 480 322 537 285

1593 488 2031 547 THESAURUS.

3361 485 3465 540 E80

196 599 304 654 τοῦ
338 600 553 668 ἐγένετο
582 602 703 655 οὐδὲ
729 604 818 655 ἓν·
849 604 946 656 οὐκ
970 605 1035 657 ἂν
1062 606 1147 675 εἴη
1180 607 1279 676 τῆς
1309 607 1403 661 τοῦ
1433 609 1569 663 Θεοῦ
1601 613 1795 680 σοφίας

1901 610 2100 665 factum
2135 620 2215 664 est
2252 609 2383 663 nihil
2408 610 2489 661 ‘1:
2530 626 2547 659 ι
2585 617 2733 661 certe
2765 606 2933 659 Filius
2958 605 3181 659 nouerit
3212 619 3346 675 opus
3373 620 3463 659 sa-

198 689 374 759 ἔργον
409 691 437 741 6
472 691 599 753 Υἱός
619 707 634 721 ο
667 691 803 744 ἀλλὰ
830 693 1028 762 μᾶλλον
1061 696 1222 758 αὐτός
1252 698 1398 750 ἐστιν
1425 700 1459 768 ἡ
1498 700 1660 769 σοφία
1688 701 1785 753 καὶ

199 781 239 849 ἡ
279 780 423 851 χεὶρ,
451 781 519 833 δι’
547 776 613 851 ἧς
640 784 706 835 τά
744 782 920 835 πάντα
949 783 1078 848 Θεὸς
1118 787 1425 856 ἐργάζεται.
1478 790 1688 845 Οὐκοῦν
1723 792 1785 844 ού

206 876 443 944 κτίσμα,
471 876 587 929 οὐδὲ
621 876 829 946 ποίημά
852 879 1019 933 ἐστιν.

225 986 786 1063 ἘπίτηρήσειςΑάπὸ
818 986 1114 1063 τῆςᾷείας
1139 990 1406 1063 Γραφῇς,
1444 991 1532 1045 ὅτι
1561 994 1673 1062 οὺχ
1700 989 1789 1059 εἷς

288 1056 780 1132 τῷν-,κτισμάτων
810 1060 860 1132 ὀ.
884 1059 1035 1132 Υἱὸς,
1076 1060 1236 1112 ἀλλὰ
1255 1056 1503 1129 μᾶλλον
1531 1056 1789 1131 ποιῆτὴᾷ-

290 1124 486 1178 αὐτῶν
510 1124 865 1192 λέγεταικαὶ
887 1126 1079 1182 ἐστιν.

290 1237 353 1288 Οί
382 1237 437 1288 ὲν
466 1236 745 1290 Βαϐυλῶνι
772 1239 980 1293 νεανίαι
1002 1241 1205 1308 πᾶσαν,
1222 1243 1298 1306 ὼς
1327 1242 1457 1308 ἔπος
1484 1244 1789 1316 είπεῖν,τὴν

210 1329 396 1381 κτίσιν
427 1327 911 1400 ἐξαριθμούμενοι,
945 1332 1015 1385 τά
1046 1350 1108 1386 τε
1154 1335 1210 1386 ἐν
1248 1336 1360 1399 τοῖς
1404 1337 1653 1407 οὐρανοῖς
1693 1338 1791 1389 καὶ

208 1418 285 1470 τὰ
323 1419 416 1471 ἐπὶ
456 1422 556 1490 τῆς
608 1421 711 1491 γῆς
756 1422 1176 1487 καταλέγοντες,
1227 1427 1321 1479 καὶ
1370 1427 1519 1497 παρὰ
1574 1428 1790 1481 πάντων

211 1510 507 1577 ὑμνεῖσθαι
531 1510 640 1563 δεῖν
664 1512 961 1580 φάσκοντες
988 1514 1077 1569 τὸν
1102 1515 1255 1581 Θεὸν,
1286 1517 1522 1587 οὐδαμοῦ
1549 1518 1640 1570 τὸν
1666 1518 1793 1571 Υἱὸν

209 1601 273 1651 ἐν
302 1603 414 1663 τοῖς
446 1601 685 1669 εὐλογεῖν
716 1604 986 1672 ὀφείλουσι
1014 1606 1469 1672 κατατάττουσιν,
1496 1610 1615 1662 οὐδέ
1644 1610 1793 1679 είρή-

210 1709 379 1744 κασιν
401 1708 413 1722 ·
450 1693 749 1761 Εὑλογείτω
790 1696 818 1746 6
858 1696 1086 1767 Λόγοςῆ
1116 1700 1148 1767 ἠ
1184 1700 1345 1767 σοφία
1379 1699 1474 1752 τοῦ
1519 1699 1655 1752 Θεοῦ
1702 1700 1794 1752 τὸν

212 1783 447 1853 Κύριον.
483 1786 621 1837 Ἀλλ’
669 1787 866 1849 εἰδότες
912 1788 994 1841 ὅτι
1044 1790 1178 1857 μετὰ
1236 1791 1446 1861 Πατρὸς
1494 1793 1593 1863 την
1626 1811 1794 1863 προσ-

212 1874 448 1944 κύνησιν
478 1875 608 1945 ἔχει,
640 1878 855 1931 πάντων
895 1878 1031 1949 ὁμοῦ
1082 1880 1190 1933 τῶν
1216 1883 1532 1952 κτισμάτων
1560 1886 1791 1955 ποιησά-

218 1983 374 2031 μενοι
400 1967 638 2035 μνήμην,
677 1967 950 2020 σιωπῶσιν
983 1970 1146 2022 αὑτὸν
1184 1970 1258 2033 ὡς
1292 1973 1569 2043 Δεσπότην
1598 1976 1691 2028 καὶ
1714 1977 1790 2041 ὡς
1823 1946 1864 2000 Β

216 2058 579 2127 ὑμνούμενον.
614 2059 779 2111 Ούδὲν
808 2058 863 2112 δέ
894 2054 1055 2131 ἦττον
1096 2062 1190 2114 καὶ
1220 2063 1249 2114 6
1280 2063 1548 2136 μακάριος
1588 2066 1787 2137 Ψαλμο

213 2147 357 2220 φδδς
383 2148 638 2214 πολλάκις
667 2151 952 2219 ὑμνεῖσθαι
996 2152 1232 2221 κελεύων
1258 2153 1349 2206 τὸν
1379 2154 1531 2221 Θεὸν,
1560 2156 1655 2209 καὶ
1679 2160 1786 2211 πᾶ-

219 2253 324 2290 σαν
347 2237 629 2310 όνομάζων
658 2239 756 2309 τὴν
785 2240 961 2293 κτίσιν
985 2282 999 2307 ,
1025 2240 1371 2315 λειτουργούς
1400 2261 1459 2297 τε
1496 2245 1590 2298 καὶ
1622 2247 1790 2315 ἀγγέ-

213 2330 367 2399 λους,
385 2330 479 2382 καὶ
492 2330 864 2400 δυνάμεις,καὶ
883 2332 1147 2403 οὐρανοὺς
1169 2318 1434 2407 ούρανῶν,
1448 2337 1542 2393 καὶ
1564 2339 1791 2407 σελήνην

222 2418 321 2470 καὶ
345 2418 514 2488 ἥλιον,
540 2420 615 2481 ὼς
638 2419 796 2472 δοῦλα
821 2423 885 2490 τῇ
914 2420 1007 2473 τοῦ
1037 2422 1171 2474 Θεοῦ
1204 2426 1569 2495 προσκυνήσει
1596 2428 1792 2497 χρῆναι

220 2506 336 2562 δεῖν
365 2509 681 2563 ὑποκεῖσθαι
707 2510 900 2579 λέγων,
918 2511 1154 2581 οὐδαμοῦ
1185 2512 1285 2583 μὲν
1307 2516 1364 2565 ὲν
1393 2516 1603 2580 τούτοις
1626 2535 1795 2571 κατα-

223 2600 410 2652 τάττει
455 2600 547 2653 τὸν
592 2600 741 2665 Υίὸν,
788 2600 901 2654 ἀλλ’
945 2602 1010 2654 ἐκ
1037 2601 1145 2654 τῶν
1195 2604 1452 2658 ἐναντίων
1495 2606 1589 2659 καὶ
1624 2624 1793 2678 προσ-

218 2691 503 2744 κυνεῖσθαι
548 2692 758 2745 κελεύει
813 2692 990 2762 βοῶν’
1043 2711 1061 2743 ι
1092 2694 1205 2746 Καὶ
1260 2696 1797 2765 προσκυνησάτωσαν

216 2779 373 2852 αὐτῷ
415 2781 615 2846 πάντες
654 2782 873 2851 ἄγγελοι
922 2782 1078 2839 Θεοῦ.
1122 2802 1139 2835 ι
1187 2785 1249 2836 Ei
1280 2784 1337 2837 δέ
1371 2788 1521 2840 πᾶσα
1555 2790 1588 2857 ἡ
1624 2788 1797 2851 κτίσις

218 2874 538 2941 προσκυνεῖ,
577 2874 959 2943 προσκυνεῖται
988 2872 1045 2924 δὲ
1068 2875 1095 2925 ὁ
1122 2873 1268 2936 Υἱὸς,
1320 2874 1419 2926 ούκ
1454 2874 1561 2944 ἄρα
1590 2876 1797 2944 κτίσμα

217 2961 392 3021 ἐστὶν,
435 2959 571 3014 ἀλλὰ
619 2960 746 3024 Υἱὸς
776 2960 1026 3032 ἀληθινὸς
1064 2960 1203 3031 μετὰ
1243 2960 1338 3015 τοῦ
1383 2963 1594 3037 Πατρὸς
1627 2982 1796 3039 προσ-

219 3052 387 3102 κυνού
395 3068 575 3121 μενος.

216 3166 565 3221 ΛΛΛΟ.Ὀτι
592 3166 793 3239 ἕτερός
822 3168 951 3239 ἐστι
980 3167 1140 3239 παρὰ
1162 3169 1235 3239 τὰ
1262 3169 1561 3239 reticulata
1582 3173 1614 3224 ό
1643 3170 1795 3237 Υἱὸς,

609 3234 705 3290 καὶ
731 3240 841 3307 οὐχ
863 3234 950 3303 εἷς
977 3234 1093 3291 τῶν
1120 3238 1388 3294 πάντων.

296 3351 483 3404 Πάντα
509 3351 597 3405 διά
625 3351 718 3404 τοῦ
736 3351 871 3405 Θεοῦ
900 3352 1073 3421 Λόγου
1099 3352 1433 3422 πεποιῆσθαι
1459 3352 1799 3423 σημαίνουσα

218 3442 323 3501 καὶ
368 3444 403 3512 ἡ
435 3443 554 3496 θεία
598 3442 793 3513 Γραφὴ
816 3485 831 3509 ,
878 3444 1022 3497 οὕτω
1057 3444 1221 3514 φησί·
1261 3466 1278 3495 ι
1320 3444 1504 3496 Πάντα
1534 3444 1599 3496 δι’
1634 3443 1798 3497 αὑτοῦ

217 3532 462 3600 ἐγένετο.
496 3553 513 3585 ι
546 3535 654 3590 Καὶ
682 3535 842 3589 πάλιν
862 3552 875 3565 °
912 3555 930 3586 ι
964 3531 1057 3599 Εἷς
1077 3535 1280 3607 Κύριος
1314 3535 1518 3606 Ἰησοῦς
1543 3533 1795 3605 Χριστὸς,

218 3624 292 3676 δι’
326 3618 387 3676 οῦ
422 3625 490 3678 τά
522 3625 720 3680 πάντα.
762 3645 781 3678 ι
825 3626 882 3681 ’0
910 3626 967 3679 δέ
1006 3643 1070 3694 γε
1102 3627 1314 3689 Παῦλος
1350 3626 1654 3696 τρανότατα
1691 3625 1801 3678 τῶν

222 3717 446 3769 πάντων
477 3716 635 3770 αὐτὸν
664 3718 1005 3782 διαστέλλων,
1041 3717 1189 3786 λέγει
1207 3733 1219 3745 ·
1253 3736 1272 3769 ι
1303 3718 1419 3770 Ζῶν
1446 3716 1555 3787 γάρ
1574 3718 1602 3769 6
1630 3716 1801 3783 Λόγος

220 3808 322 3864 τοῦ
345 3806 479 3860 Θεοῦ
511 3808 602 3861 καὶ
632 3808 880 3879 ἐνεργὴς,
902 3809 996 3863 καὶ
1017 3808 1325 3880 τομώτερος
1343 3808 1481 3880 ὑπὲρ
1497 3810 1676 3861 πᾶσαν
1694 3808 1797 3878 μά-

223 3916 429 3969 χαιραν
451 3899 724 3968 δίστομον,
750 3900 843 3951 καὶ
870 3900 971 3952 οὐκ
994 3899 1107 3952 ἐστι
1136 3899 1310 3962 κτίσις
1328 3898 1538 3969 ἀφανὴς
1569 3898 1800 3952 ἐνώπιον

224 3989 434 4043 αὑτοῦ·
482 3990 658 4043 πάντα
705 3990 764 4042 δὲ
805 3990 985 4059 γυμνά
1030 3991 1125 4043 καὶ⁸
1174 3990 1642 4060 τετραχηλισμένα
1689 3990 1801 4054 τοῖς

223 4078 528 4148 ὀφθαλμοῖς
563 4080 751 4132 αύτοῦ.
797 4098 814 4129 ι
854 4080 915 4131 Εἰ
942 4079 1121 4132 τοίνυν
1155 4079 1373 4132 πάντων
1398 4079 1514 4130 ἐστὶ
1550 4077 1799 4149 ποιητὴς,

224 4173 323 4224 καὶ
350 4172 525 4238 πάντα
552 4170 778 4223 ἐνώπιον
806 4170 967 4223 αὑτοῦ
996 4170 1416 4241 τετραχηλισται
1442 4210 1457 4235 ,
1489 4171 1589 4223 ούκ
1619 4169 1685 4223 ἂν
1713 4172 1798 4242 εἴη

222 4262 339 4319 τῶν
372 4262 589 4316 πάντων
619 4257 697 4325 εἷς
731 4263 760 4314 6
801 4262 1005 4314 τούτων
1035 4265 1283 4333 ποιητής.
1316 4262 1426 4317 Καὶ
1456 4256 1500 4330 ᾧ
1529 4261 1595 4315 τά
1623 4262 1802 4316 πάντα

224 4354 415 4425 γυμνὰ
460 4355 550 4406 καὶ
588 4353 1052 4425 τετραχηλισμένα
1099 4354 1268 4417 ἐστὶν,
1299 4354 1400 4408 οὐκ
1446 4354 1512 4407 ἂν
1563 4354 1801 4423 εὐλόγως

226 4447 498 4516 ὑπάρχειν
544 4449 713 4498 νοοῖτο
747 4445 853 4498 τῶν
885 4445 1413 4517 τετραχηλισμένων.
1462 4447 1549 4499 Ἑν
1579 4446 1656 4517 τῷ
1692 4448 1798 4519 γάρ

225 4538 408 4607 λέγειν
442 4538 514 4593 τὰ
550 4536 782 4600 πάντα,
825 4536 976 4590 οὐδὲν
1017 4537 1227 4607 ἀφῆκεν
1276 4538 1465 4601 ἐκτός·
1500 4538 1595 4589 καὶ
1643 4540 1690 4589 εἰ
1744 4538 1800 4589 ἐν

1889 707 2102 777 pientia:
2128 705 2219 759 Dei
2243 746 2258 771 ,
2283 704 2374 758 sed
2405 704 2518 772 ipse
2544 702 2723 770 potius
2751 710 2833 754 est
2868 699 3156 767 sapientia,
3184 708 3238 752 et
3272 712 3463 751 manus

1887 814 1987 869 per
2016 814 2175 868 quam
2212 798 2353 851 Deus
2372 795 2557 850 omnia
2591 804 2870 865 operatur.
2900 791 3014 846 Non
3057 800 3140 846 est
3167 805 3297 861 ergo
3311 803 3466 846 crea-

1895 898 2013 944 tura
2041 933 2058 956 ,
2097 891 2179 944 vel
2203 904 2337 959 opus

1894 1006 2054 1085 169
2087 1005 2481 1085 Observationes
2511 1019 2576 1057 ea:
2604 1018 2765 1085 sacra
2793 1000 3087 1085 δῆνίριξίταυ
3110 995 3464 1085 θυθάηξίέξΨ

1914 1067 2068 1128 ⁷ἷῶι
2110 1076 2176 1127 sit
2216 1092 2351 1128 unus
2382 1082 2445 1141 ea:
2472 1073 2752 1137 creaturis,
2774 1073 2865 1126 sed
2895 1071 3070 1139 potius
3102 1067 3210 1136 ipse
3252 1067 3463 1120 illarum

1960 1157 2165 1198 creator
2206 1145 2399 1198 dicitur
2431 1152 2481 1195 et
2519 1154 2614 1196 est.

1963 1256 2346 1311 Adolescentes
2399 1251 2475 1306 illi
2524 1249 2857 1318 Babylonici,
2901 1262 3022 1302 cum
3084 1260 3274 1299 omnes
3334 1257 3463 1312 pro-

1890 1347 2176 1418 pemodum
2236 1354 2513 1399 creaturas
2573 1350 2945 1407 recenserent,
3003 1339 3184 1393 omnia
3241 1353 3361 1406 qua:
3413 1338 3464 1390 in

1893 1439 2047 1494 caelis
2091 1447 2145 1492 et
2186 1437 2239 1491 in
2280 1444 2424 1493 terra
2462 1444 2587 1490 sunt
2623 1440 3026 1495 enumerantes,
3073 1431 3348 1498 Deumque
3396 1428 3466 1482 ah

1893 1529 2144 1585 omnibus
2173 1527 2435 1583 celebrari
2469 1536 2722 1594 oportere
2757 1525 3016 1587 dicentes,
3066 1535 3333 1590 nusquam
3372 1517 3465 1571 Fi-

1894 1620 2024 1674 lium
2047 1619 2187 1672 inter
2208 1632 2269 1671 ea
2292 1616 2561 1671 collocant
2580 1629 2699 1683 qua:
2716 1614 2881 1668 Deum
2903 1610 3221 1665 benedicere
3237 1609 3464 1663 debent:

1896 1724 2068 1778 neque
2114 1709 2368 1761 dixerunt
2405 1724 2421 1760 :
2464 1705 2751 1759 Beuedicat
2785 1703 3018 1756 Verbum
3068 1711 3161 1754 aut
3205 1698 3467 1768 sapientia

1898 1796 1988 1849 Dei
2040 1796 2347 1850 Dominum.
2389 1793 2493 1847 Sed
2544 1808 2666 1846 cum
2712 1792 2917 1845 scirent
2960 1789 3101 1859 quod
3141 1804 3263 1842 cum
3309 1786 3471 1840 Patre

1896 1889 2171 1951 adoretur,
2201 1886 2438 1940 omnium
2473 1884 2631 1939 simul
2666 1892 3042 1937 creaturarqu
3079 1882 3357 1935 mentione
3384 1880 3469 1934 fa-

1893 1988 1998 2041 cta,
2040 1976 2215 2046 ipsum
2254 1975 2471 2030 silentio
2521 1984 2872 2043 przetereunt,
2927 1981 2989 2027 ut
3039 1972 3327 2027 Dominum
3383 1971 3470 2025 cui

1891 2070 2193 2126 benedictio
2236 2077 2291 2124 et
2336 2069 2455 2129 laus
2508 2068 2787 2133 debeatur.
2842 2066 3020 2121 Nihilo
3060 2077 3237 2121 autem
3294 2064 3473 2119 secius

1892 2163 2082 2219 beatus
2111 2162 2394 2231 Psalmista
2422 2174 2797 2231 saepenumero
2824 2158 3031 2213 laudari
3060 2157 3229 2211 Deum
3250 2156 3473 2226 jubens,

1890 2268 2081 2308 omnes
2114 2264 2397 2315 creaturas
2428 2266 2655 2319 vocans,
2706 2250 3003 2316 ministros,
3050 2261 3103 2305 et
3136 2248 3376 2321 angelos,
3407 2263 3473 2303 ac

1892 2355 2208 2414 potestates,
2240 2354 2293 2399 et
2326 2343 2494 2399 cmlos
2536 2343 2822 2411 equorum,
2858 2350 2914 2396 et
2960 2344 3144 2395 lunam
3177 2356 3237 2395 ac
3277 2340 3473 2403 solem,

1894 2436 2079 2489 dicens
2109 2436 2304 2487 debere
2348 2443 2406 2486 ut
2448 2447 2635 2486 servos
2674 2432 3043 2495 adorationem
3091 2429 3201 2485 Deo
3234 2431 3469 2494 deferre,

1896 2524 2101 2577 nullum
2130 2524 2274 2577 inter
2314 2530 2495 2576 creata
2531 2522 2706 2590 locum
2737 2521 2925 2587 statuit
2955 2520 3113 2589 Filio,
3164 2521 3256 2575 sed
3286 2534 3317 2575 e
3348 2535 3463 2575 con-

1898 2615 2064 2667 trario
2112 2612 2323 2676 adorari
2367 2612 2530 2664 etiam
2572 2610 2726 2677 jubet
2766 2610 3008 2677 clamans
3039 2630 3051 2664 :
3083 2628 3103 2661 ι
3138 2609 3203 2663 Et
3245 2609 3478 2676 atlorent

1897 2718 2018 2757 eum
2049 2717 2238 2764 omnes
2270 2701 2441 2771 angeli
2482 2700 2575 2754 Dei
2601 2700 2669 2754 ⁸⁸.
2705 2718 2723 2752 ι
2758 2699 2815 2754 Si
2852 2714 2981 2761 vero
3013 2700 3191 2756 omnis
3228 2709 3475 2753 creatura

1898 2794 2108 2857 adorat,
2144 2794 2311 2847 Filius
2346 2802 2524 2846 autem
2558 2793 2846 2855 aduratur,
2888 2806 2994 2861 non
3029 2791 3196 2867 igitur
3223 2798 3476 2854 creatura

1898 2894 2003 2946 est,
2040 2885 2133 2935 sed
2163 2896 2323 2935 verus
2354 2879 2521 2943 Filius
2546 2880 2706 2934 simul
2738 2895 2860 2934 cum
2890 2879 3050 2949 Patre
3078 2880 3358 2941 adoratus.

1902 3166 2132 3225 ALIUD.
2169 3168 2321 3233 Quod
2353 3167 2587 3220 diversus
2618 3168 2684 3218 sit
2727 3164 3039 3244 mercaturis
3073 3162 3267 3231 Filius,
3300 3175 3347 3219 et
3376 3180 3477 3221 non

2474 3252 2608 3288 unus
2646 3250 2900 3289 omnium.

1977 3352 2163 3407 Divina
2211 3351 2375 3405 etiam
2406 3350 2687 3417 Scriptura
2731 3365 2852 3405 cum
2894 3348 3073 3403 omnia
3115 3362 3210 3418 per
3244 3347 3477 3403 Verbum

1907 3445 1999 3500 Dei
2034 3444 2174 3499 facta
2202 3459 2324 3498 esse
2352 3443 2642 3509 signiﬁcat,
2666 3443 2738 3496 ita
2767 3443 2844 3496 ait
2870 3460 2883 3495 :
2916 3459 2935 3493 ι
2959 3440 3149 3497 Omnia
3179 3456 3274 3510 per
3303 3441 3480 3510 ipsum

1906 3537 2044 3592 facta
2076 3544 2200 3590 sunt
2230 3534 2295 3588 ⁸⁸.
2330 3553 2349 3586 ι
2395 3532 2458 3587 Ει
2503 3548 2735 3587 rursus:
2777 3550 2795 3583 ι
2833 3531 2983 3587 Unus
3032 3530 3294 3586 Dominus
3322 3529 3481 3586 Jesus

1905 3625 2173 3691 Christus,
2205 3638 2301 3693 per
2326 3638 2484 3693 quem
2516 3621 2697 3676 omnia
2718 3621 2785 3676 '°.
2821 3640 2839 3673 ι
2878 3620 3075 3676 Paulus
3112 3631 3291 3677 autem
3320 3636 3483 3692 aper-

1906 3717 2113 3772 tissime
2141 3715 2291 3770 illum
2319 3715 2387 3770 ab
2418 3711 2673 3768 omnibus
2704 3727 2984 3781 separatis,
3014 3712 3144 3767 dicit
3178 3730 3191 3767 :
3234 3732 3253 3765 ι
3286 3713 3477 3767 Vivum

1906 3810 2048 3865 enim
2082 3817 2186 3872 est,
2216 3816 2377 3876 atque
2397 3805 2585 3860 eﬂicax
2614 3804 2837 3858 verbum
2873 3803 2989 3869 Dei,
3012 3814 3067 3859 el
3092 3805 3481 3875 penetrabilins

1905 3899 2047 3954 omni
2075 3897 2253 3969 gladio
2282 3896 2503 3967 ancipiti
2538 3914 2553 3951 :
2586 3906 2641 3951 et
2670 3912 2776 3951 non
2806 3905 2887 3951 est
2910 3895 3014 3949 ulla
3054 3904 3303 3950 creatura
3338 3894 3480 3950 invi-

1906 3991 2079 4046 sibilis
2104 3990 2155 4043 in
2179 3997 2465 4056 conspectu
2490 3986 2627 4055 ejus,
2648 3988 2828 4041 omnia
2847 3996 3025 4041 autem
3053 3989 3192 4041 nuda
3216 3995 3270 4040 et
3292 3997 3479 4055 aperta

1905 4091 2033 4136 sunt
2067 4080 2237 4135 oculis
2267 4082 2382 4147 ejus
2422 4079 2488 4135 ".
2526 4098 2543 4131 ι
2594 4078 2650 4132 Si
2688 4094 2815 4149 ergo
2848 4079 3089 4134 omnium
3125 4089 3339 4133 creator
3371 4088 3476 4142 est,

1907 4187 1961 4231 et
1991 4174 2172 4230 omnia
2221 4183 2345 4229 sunt
2380 4175 2520 4228 nuda
2569 4173 2620 4227 in
2656 4173 2827 4228 oculis
2870 4170 3007 4239 ejus,
3042 4180 3190 4226 certe
3225 4185 3329 4225 non
3375 4171 3482 4224 erit

1908 4283 2045 4321 unus
2072 4265 2337 4328 omnium,
2363 4266 2452 4334 qui
2486 4264 2727 4320 omnium
2773 4272 2987 4318 creator
3018 4272 3122 4317 est.
3150 4260 3216 4315 Et
3245 4262 3331 4315 cui
3358 4275 3477 4314 oni-

1908 4358 1995 4412 nia
2033 4356 2169 4410 nuda
2203 4366 2366 4425 atque
2396 4365 2581 4424 aperta
2609 4364 2756 4419 sunt,
2788 4370 2893 4409 non
2924 4354 3027 4409 erit
3055 4368 3193 4408 unus
3226 4352 3293 4407 de
3322 4352 3480 4406 nudis

1907 4460 2067 4518 atque
2106 4448 2326 4518 apertis.
2374 4446 2505 4500 Nam
2553 4462 2673 4500 cum
2721 4445 2854 4499 dicit
2894 4445 3094 4507 omnia,
3146 4442 3277 4496 nihil
3322 4453 3477 4495 extra

1907 4541 2092 4593 omisit
2138 4554 2153 4592 :
2214 4538 2360 4608 atqui
2412 4538 2457 4591 si
2512 4538 2642 4593 sola:
2692 4544 2954 4590 creaturae
2998 4534 3237 4589 efﬁciunt
3276 4532 3479 4597 omnia,

228 4631 415 4700 μόνοις
437 4632 548 4692 τοῖς
582 4628 838 4699 κτίσμασι
863 4629 1165 4700 πληροῦται
1191 4629 1260 4683 τά
1289 4630 1485 4692 πάντα,
1519 4630 1603 4682 ἓτε
1615 4647 1704 4699 ρος
1734 4630 1797 4683 ἂν

1902 4643 2047 4685 certe
2078 4632 2323 4685 diversus
2357 4631 2461 4683 erit
2491 4630 2559 4683 ab
2588 4630 2651 4683 iis
2680 4628 2875 4697 quibus
2920 4643 3022 4681 non
3070 4635 3478 4680 annumeratur.

227 4724 317 4791 εἰη
351 4723 479 4792 παρ’
508 4721 676 4788 αὐτὰ,
710 4722 739 4773 6
769 4720 844 4791 μὴ
874 4722 931 4773 ὲν
969 4722 1151 4785 αὐτοῖς
1180 4720 1599 4791 ἀριθμούμενος.
1647 4720 1804 4775 Οῦτω

232 4812 329 4865 διαὶ
360 4815 388 4865 6
411 4813 681 4883 μακάριος
721 4810 932 4875 Παῦλος
954 4811 1051 4866 τοῦ
1073 4811 1271 4866 πάντα
1299 4815 1408 4866 νοεῖ
1434 4814 1531 4883 τὴν
1556 4813 1800 4884 δύναμιν.

241 4903 593 4973 Ἐρμηνεύων
644 4902 752 4973 γὰρ
796 4903 877 4967 τὸ,
936 4923 953 4953 ι
987 4904 1170 4956 Πάντα
1214 4904 1483 4971 ὑπέταξας
1528 4905 1629 4956 ύπδ
1676 4906 1801 4969 τοὺς

231 4996 399 5057 πόδας
424 4995 607 5057 αὐτοῦ,
642 5016 659 5045 ι
698 4995 948 5065 ἐπιφέρει
980 4994 1163 5062 σαφῶς
1186 4996 1304 5047 ’Ἑν
1328 4995 1385 5048 δὲ
1415 4994 1489 5065 τῷ
1521 4995 1697 5064 λέγειν
1732 4997 1802 5049 τὰ

232 5086 429 5141 πάντα
452 5127 465 5149 ,
500 5086 652 5137 οὐδὲν
687 5085 899 5154 ἀφῆκεν
929 5086 1077 5155 αύτῷ
1106 5087 1494 5140 ἀνυπότακτον.
1530 5088 1591 5139 Ei
1620 5087 1801 5139 τοίνυν

233 5176 293 5229 τὸ
326 5176 523 5229 πάντα
554 5175 662 5229 τῶν
692 5175 827 5228 ὅλων
876 5177 993 5228 ἐστὶ
1042 5178 1404 5249 περιεκτικὸν,
1451 5180 1626 5231 πάντα
1665 5179 1720 5231 δὲ
1773 5180 1801 5229 6

237 5268 362 5330 Υἱὸς
406 5269 579 5333 ποιεῖ,
639 5268 733 5319 καὶ
783 5267 850 5319 τὰ
906 5268 1085 5321 πάντα
1130 5267 1278 5339 αύτῷ
1340 5270 1800 5343 τετραχήλισται,

235 5357 333 5408 οὐκ
361 5354 424 5408 ἂν
451 5356 534 5425 εἴη
567 5354 673 5409 ὠν
708 5354 927 5408 πάντων
957 5350 1035 5418 εἷς
1056 5397 1070 5418 ,
1103 5357 1216 5409 ἀλλ’
1250 5358 1434 5429 ἔτερος
1469 5361 1597 5429 παρ’
1642 5359 1800 5413 αὐτά.

900 5447 1103 5500 AAAO.

305 5558 643 5626 Γέγραπται,
676 5556 757 5608 ὅτι
796 5574 814 5606 ι
848 5558 933 5609 Ἐν
965 5557 1039 5627 τῷ
1071 5559 1295 5627 ὀνόματι
1339 5558 1512 5629 Ἰησοῦ
1548 5561 1654 5612 πᾶν
1675 5560 1801 5626 γόνυ

237 5651 303 5702 κά
312 5649 439 5717 μψει
471 5648 827 5718 ἐπουρανίων,
856 5650 950 5700 καὶ
968 5650 1245 5720 ἐπιγείων,
1269 5653 1363 5705 καὶ
1378 5651 1764 5721 καταχθονίων.
1781 5673 1797 5703 ι

303 5789 345 5819 ⁸⁷
397 5786 538 5839 iniu.
586 5805 624 5849 ι,
659 5786 710 5838 5.
790 5785 833 5817 ⁸⁸
871 5786 1007 5838 Psal.
1044 5805 1184 5853 Μῖνι,
1217 5790 1264 5843 ’7,

238 5862 325 5919 '26.
360 5858 447 5912 ‘27.
524 5859 567 5889 ³³
609 5855 837 5921 i’hilil'p.
869 5871 925 5919 ιι,
960 5859 1038 5909 l0.

1343 5791 1384 5821 ⁸⁸³
1420 5790 1571 5844 Joan.
1610 5808 1645 5850 ι,
1677 5791 1726 5843 5.

1831 5792 1873 5821 ⁹⁰
1917 5791 1929 5843 I
1966 5793 2086 5846 Cor.
2126 5806 2238 5851 \‘Ill,
2282 5788 2332 5841 6.

1912 4723 1985 4776 Ita
2020 4733 2074 4776 el
2106 4722 2300 4777 beatus
2331 4720 2528 4776 Paulus
2574 4720 2680 4773 vim
2717 4718 2863 4773 vocis
2906 4718 3080 4770 omnia
3122 4718 3337 4785 accipit.
3370 4716 3483 4769 Ex-

1913 4817 2119 4884 plicaus
2151 4814 2294 4869 enim
2327 4812 2453 4866 illud
2484 4830 2496 4865 :
2544 4830 2561 4862 ι
2592 4809 2783 4864 Omnia
2810 4807 3081 4874 subjecisti
3124 4806 3225 4861 sub
3257 4806 3483 4874 pedibus

1910 4910 2076 4973 illius,
2118 4927 2136 4960 ι
2170 4904 2444 4975 subiungit
2485 4922 2497 4957 :
2537 4922 2555 4955 ι
2592 4902 2728 4956 Cum
2763 4899 3070 4962 veroedicit,
3104 4898 3299 4959 omnia,
3344 4895 3477 4948 nihil

1907 5000 2090 5054 omisit
2121 4999 2261 5068 quod
2293 4998 2341 5052 ei
2376 4996 2680 5063 subjectum
2721 5008 2826 5046 non
2855 4991 2925 5045 sit
2952 4993 3017 5041 ”.
3060 5010 3077 5039 ι
3121 4988 3175 5041 Si
3211 5002 3340 5055 ergo
3368 4985 3481 5038 lucc

1909 5110 2032 5158 vox,
2091 5092 2287 5155 omnia,
2342 5086 2753 5156 comprehendit
2804 5086 3079 5143 universa,
3128 5079 3295 5132 Filius
3351 5090 3481 5128 vero

1909 5184 2088 5237 omnia
2129 5182 2255 5235 facit
2285 5181 2574 5246 oumiaque
2604 5179 2649 5231 ci
2680 5184 2807 5230 sunt
2827 5184 3032 5241 aperta,
3062 5186 3165 5223 non
3198 5169 3356 5239 17o
3376 5168 3482 5223 erit

1912 5278 2093 5343 itaque
2123 5290 2258 5326 ttuus
2292 5271 2554 5334 omnium,
2588 5269 2679 5323 sed
2711 5268 2778 5321 ab
2815 5266 2880 5319 iis
2913 5265 3179 5318 diversus.

2584 5438 2739 5495 ALlU
2754 5438 2812 5495 D.

1986 5560 2254 5628 Scriptum
2287 5567 2366 5609 est
2396 5554 2537 5623 quod
2575 5576 2589 5602 ι
2620 5554 2670 5605 in
2714 5550 2929 5603 nomine
2968 5548 3094 5603 Jcsu
3136 5562 3295 5602 omne
3344 5556 3481 5613 genu

1913 5651 2175 5711 ﬂectetur,
2201 5647 2521 5710 t'wlestium,
2546 5642 2881 5697 terrestrium
2924 5650 2977 5693 et
3012 5638 3341 5693 iuferuorttm
3363 5636 3429 5689 ".
3456 5652 3476 5688 ι

3101 5779 3144 5809 θ’
3183 5776 3199 5831 Ι
3232 5776 3355 5831 Cor.
3393 5788 3479 5832 ιν.

2413 5788 2451 5823 ε·¹
2487 5785 2647 5839 ilelr.
2688 5798 2757 5845 tv,
2798 5783 2877 5844 l2,
2928 5780 3012 5835 15.
