4072 6524
597 422 700 478 98Ἱ
1620 424 1677 480 S.
1720 426 1992 481 CYRlLLl
2034 428 2496 485 ALEXANDRINI
2537 430 2853 485 ARClllEP.
3807 433 3925 489 288

602 536 661 589 Si
685 548 812 590 vero
834 532 972 590 Filio
992 550 1164 605 genua
1184 534 1495 601 ﬂectuntur,
1512 556 1615 593 non
1639 542 1745 594 erit
1762 542 1875 610 ipse
1897 558 1960 597 ex
1980 559 2165 598 eorum

2281 545 2334 598 Ei
2361 545 2416 598 δέ
2448 545 2524 616 τῷ
2566 545 2683 614 Υἱῷ
2731 545 2972 616 κάμπτει
3004 545 3112 598 πᾶν
3155 546 3307 613 γόνυ,
3357 546 3458 599 οὐκ
3502 546 3581 598 ἂν
3632 547 3748 618 εἴη
3803 547 3923 599 τῶν

599 637 829 677 numero
864 623 954 692 qui
1009 638 1182 694 genua
1221 623 1480 690 flectunt,
1520 629 1615 680 sed
1666 628 1733 680 ab
1786 629 1853 682 iis
1904 629 2175 683 diversus.

2282 634 2642 704 καμπτόντων
2684 634 2785 700 εἷς,
2816 635 2929 687 ἀλλ’
2957 636 3141 706 ἐτερος
3175 637 3306 708 παρ’
3337 638 3497 692 αὐτά.
3558 638 3691 691 Καὶ
3734 639 3918 691 πάλιν

602 712 812 769 Rursus
862 715 1125 784 scriptum
1177 726 1258 772 est
1309 720 1452 786 quod
1503 737 1521 770 ι
1564 718 1753 774 Omnis
1796 732 2047 776 creatura
2095 724 2176 776 in-

2281 725 2620 795 γέγραπταιο
2658 746 2676 777 ι
2709 726 2831 778 Ὅτι
2878 728 3030 780 πᾶσα
3073 729 3106 797 ἡ
3149 727 3325 791 κτίσις
3377 730 3762 791 συστενάζει,
3820 734 3917 779 καὶ

598 805 871 875 gemiscit,
923 814 977 861 et
1023 810 1254 877 parturit
1288 825 1459 879 usque
1506 826 1666 876 nunc,
1716 822 2036 879 exspectans
2093 830 2178 869 re.-

601 896 965 967 demptionem
997 907 1051 952 et
1079 898 1382 955 libertatem
1421 899 1654 954 filiorum
1685 900 1774 955 Dei
1803 901 1870 955 “.
1896 922 1914 954 ι
1952 903 2006 957 Si
2047 921 2176 958 νμω

2281 922 2476 975 τρωσιν
2505 905 2612 959 τῶν
2640 905 2772 957 υἱῶν
2805 906 2899 959 τοῦ
2938 906 3097 961 Θεοῦ.
3141 927 3159 958 ο
3199 908 3261 960 Εἰ
3306 908 3362 960 δὲ
3400 908 3669 968 στενάζει
3711 908 3837 976 μὲν
3874 914 3903 975 ἠ

2281 814 2552 867 συνωδίνει
2586 814 2713 884 ἄχρι
2746 814 2840 867 τοῦ
2886 814 2999 879 νῦν,
3050 815 3460 885 ἁπεκδεχομένη
3503 818 3620 887 τὴν
3672 817 3913 868 ἀπολῶ

603 986 913 1058 ingemiscit
940 992 1115 1046 omnis
1150 1002 1418 1055 creatura,
1453 1000 1507 1046 et
1539 1001 1819 1061 exspectat
1855 994 2177 1063 redemptio-

601 1092 727 1131 nem
756 1089 810 1133 et
844 1078 1148 1134 libertatem
1183 1081 1413 1136 filiorum
1446 1082 1560 1147 Dei,
1596 1094 1651 1136 at
1686 1082 1855 1138 Filius
1889 1102 2061 1155 neque
2096 1090 2176 1141 iu-

601 1170 904 1238 gemiscere
933 1172 1372 1241 deprehenditur,
1410 1189 1583 1243 neque
1606 1174 1945 1242 ad0ptionem
1984 1191 2076 1233 aut
2112 1180 2177 1234 li-

607 1260 936 1315 berationem
965 1275 1298 1332 exspectare,
1326 1266 1420 1321 sed
1446 1266 1557 1334 ipse
1581 1277 1664 1321 est
1687 1269 1778 1338 qui
1800 1280 2171 1326 creaturarum

601 1365 755 1421 spem
795 1354 1075 1424 adimplet,
1108 1366 1162 1410 et
1209 1357 1626 1427 ingemisceules
1659 1364 1897 1429 adoptat,
1950 1364 2174 1418 liberta-

603 1449 819 1512 temque
853 1442 1074 1515 largilur
1100 1465 1114 1501 :
1143 1463 1245 1501 non
1280 1449 1443 1519 igitur
1477 1468 1613 1506 unus
1648 1454 1887 1507 omnium
1922 1458 2049 1521 erit,
2082 1473 2174 1512 ne-

599 1546 709 1601 que
746 1535 1012 1590 creaturis
1055 1541 1535 1605 annumerabitur,
1579 1543 1671 1595 sed
1716 1544 1964 1602 diversus
2001 1548 2069 1600 ab
2093 1549 2174 1603 eis

598 1625 738 1686 erit,
765 1637 1051 1694 quatenus,
1073 1637 1131 1682 ut
1149 1639 1433 1699 creaturae,
1464 1633 1823 1702 ingemiscunt
1841 1638 2174 1695 auxiliatoris

595 1716 1049 1788 opeiudigentes,
1092 1721 1206 1790 ipse
1235 1738 1386 1787 vero,
1425 1733 1484 1779 ut
1521 1724 1724 1794 Filius,
1748 1730 2023 1786 servitutis
2046 1731 2174 1803 jugo

599 1821 817 1875 pressos
852 1810 905 1865 in
931 1811 1237 1867 libertatem
1270 1817 1487 1870 asserit.

767 2027 833 2082 In
861 2030 1014 2095 illud,
1059 2049 1078 2083 ι
1102 2032 1233 2086 Ante
1266 2034 1462 2087 smcula
1493 2036 1734 2104 fundavit
1778 2055 1859 2093 me
1883 2041 1949 2094 ”.
1989 2060 2007 2092 ι

676 2139 948 2207 Scriptum
982 2151 1067 2197 est
1108 2162 1121 2197 :
1172 2163 1189 2195 ι
1224 2144 1365 2201 Deus
1413 2150 1674 2217 sapientia
1725 2161 1924 2207 terram
1977 2154 2171 2210 funda-

600 2230 683 2284 vit
706 2232 811 2284 “.i
847 2231 903 2285 Si
932 2247 1064 2302 ergo
1092 2234 1361 2304 sapientia
1393 2246 1591 2293 terram
1618 2240 1829 2307 fundat,
1866 2253 1920 2297 et
1950 2244 2063 2313 ipse
2090 2256 2173 2301 est

601 2326 837 2381 ﬁrmitas
870 2335 923 2381 et
949 2327 1366 2384 stabilimentum
1401 2334 1641 2387 omnium
1678 2334 1809 2405 (per
1833 2336 2001 2406 ipsam
2031 2339 2171 2394 enim

605 2425 749 2470 terra
778 2418 986 2473 stabilis
1031 2420 1281 2490 manet),
1312 2422 1599 2493 diligenter
1634 2426 2063 2499 investigandum
2088 2443 2174 2487 est

602 2520 709 2573 quo
740 2515 897 2575 pacto
922 2508 1184 2575 sapientia
1218 2525 1335 2577 qua:
1387 2520 1583 2567 terram
1632 2513 1819 2568 fundat
1848 2532 1876 2569 a
1914 2517 2022 2571 Deo
2056 2519 2173 2573 fun-

598 2598 781 2652 datur.
815 2599 1027 2653 Dictum
1086 2600 1249 2670 igitur
1276 2602 1439 2656 etiam
1478 2604 1578 2658 hoc
1619 2608 1944 2673 proverbiali
1992 2612 2169 2675 modo,

600 2689 816 2759 oblique
844 2691 1238 2759 quodammodo
1273 2694 1608 2763 signiﬁcans,
1649 2706 1703 2751 ct
1734 2697 1988 2753 latentem
2032 2704 2085 2754 in
2116 2717 2174 2756 se

601 2782 810 2838 habens
838 2784 1102 2839 veriorem
1133 2786 1541 2856 intelligentiam
1580 2808 1592 2843 :
1630 2789 1731 2844 hoc
1761 2794 1905 2846 enim
1941 2794 2175 2860 plerum-

599 2887 707 2941 que
740 2875 1039 2943 proverbiis
1083 2878 1355 2945 proprium
1396 2890 1498 2933 est.
1542 2879 1821 2936 Fundatur
1863 2884 2044 2953 itaque
2086 2902 2175 2940 sa-

598 2963 824 3031 pientia,
850 2964 952 3020 hoc
976 2977 1064 3022 est
1094 2966 1262 3023 Filius
1294 2968 1406 3032 Dei,
1468 2985 1572 3024 non
1601 2972 1763 3041 quod,
1804 2984 2066 3041 quatenus
2093 2987 2177 3032 est

604 3052 860 3120 Verbum,
892 3056 1217 3127 principium
1244 3061 1542 3116 exsiStendi
1593 3066 1886 3134 acceperit,
1913 3066 2004 3120 sed
2036 3082 2174 3135 qua-

2278 995 2492 1059 κτίσις,
2540 995 2634 1047 καὶ
2678 995 3037 1065 ἀπεκδέχεται
3079 996 3178 1064 τὴν
3213 996 3602 1064 ἀπολύτρωσιν
3638 996 3753 1046 καὶ
3802 994 3905 1061 τὴν

2277 1086 2587 1155 ἐλευθερίαν
2614 1084 2722 1137 τῶν
2750 1086 2881 1139 υἱῶν
2916 1085 3009 1139 τοῦ
3048 1085 3184 1139 Θεοῦ
3208 1125 3222 1149 ,
3263 1086 3386 1138 οὒτε
3414 1087 3473 1139 δὲ
3515 1084 3836 1149 στενάζω-θ
3873 1088 3899 1135 ὁ

2275 1178 2401 1240 Υἱὸς
2449 1178 2716 1246 φαίνεται,
2764 1176 2889 1231 οὔτε
2936 1177 3034 1249 τὴν
3079 1179 3344 1231 υίοποιῖαν
3379 1176 3686 1246 ἐκδέχεται
3716 1176 3754 1244 ἢ
3795 1176 3893 1245 τὴν

2276 1268 2607 1338 ἐλευθερίαν,
2641 1268 2755 1321 ἀλλ’
2788 1269 2951 1331 αὑτός
2978 1269 3126 1321 ἐστιν
3174 1270 3201 1321 ὁ
3244 1266 3339 1338 τὴν
3374 1266 3571 1320 ἐλπίδα
3622 1265 3733 1335 τῆς
3767 1267 3891 1316 κτίυ

2277 1378 2413 1425 σεως
2440 1363 2793 1434 ἀποπληρῶν,
2812 1366 2906 1418 καὶ
2931 1366 3013 1427 εἰς
3040 1364 3315 1417 υἱοθεσίαν
3342 1364 3468 1425 τοὺς
3496 1359 3886 1425 στενάζοντες

2274 1454 2474 1519 καλῶν,
2505 1457 2597 1509 καὶ
2624 1457 2653 1509 ό
2679 1457 2779 1525 τῆς
2814 1456 3124 1526 ἐλευθερίας
3151 1456 3343 1526 δοτὴρ·
3380 1456 3481 1508 οὐκ
3517 1455 3635 1524 ἄρα
3671 1456 3737 1506 ἐν
3768 1456 3883 1514 τοῖς

2275 1547 2439 1598 πᾶσίν
2477 1548 2646 1610 ἐστιν,
2682 1546 2802 1599 οὐδὲ
2845 1549 2902 1600 ἐν
2947 1549 3012 1617 τῇ
3058 1548 3233 1599 κτίσει
3277 1544 3876 1615 καταριθμηθήσεται·

2274 1632 2389 1685 ἀλλ’
2434 1632 2618 1703 ἕτερός
2676 1635 2792 1686 ἐστι
2858 1635 2988 1703 παρ’
3036 1635 3229 1704 αὐτὴν,
3274 1634 3418 1687 καθὰ
3464 1634 3572 1703 μὲν
3613 1633 3706 1695 ὡς
3761 1635 3875 1683 κτί-

2278 1738 2457 1791 σματα
2499 1722 2744 1787 στενάζει
2785 1722 2876 1776 τοῦ
2925 1724 3245 1795 βοηθοῦντος
3271 1724 3541 1793 δεόμεναο
3587 1724 3618 1777 ὁ
3665 1722 3756 1785 δὲ,
3804 1723 3875 1783 ὡς

2276 1811 2434 1878 Υἱὸς,
2463 1813 2738 1884 ἐλευθεροί
2776 1814 2956 1868 πάντα
2995 1815 3073 1886 τῷ
3094 1815 3193 1885 τῆς
3220 1814 3469 1877 δουλείας
3508 1812 3718 1883 δεσμῷ
3752 1830 3872 1865 συν-

2202 1874 2247 1934 B
2278 1874 2532 1973 εχόμενα.

2376 2037 2479 2100 Εἰς
2507 2034 2593 2098 τὸ,
2627 2054 2645 2087 ι
2684 2037 2804 2104 Πρὸ
2835 2036 2943 2091 τοῦ
2971 2034 3187 2101 αἰῶνος
3211 2034 3577 2104 ἐθεμελίωσέ
3593 2052 3703 2103 με.
3747 2053 3769 2085 ι

2346 2147 2694 2216 Γέγραπται·
2755 2168 2773 2201 ι
2819 2148 2876 2202 Ὀ
2914 2148 3045 2213 Θεὸς
3090 2152 3156 2221 τῇ
3199 2148 3361 2219 σοφίᾳ
3394 2148 3747 2217 ἐθεμελίωσε
3777 2147 3874 2215 τὴν

2276 2237 2400 2307 γῆν.
2436 2257 2455 2288 ι
2487 2239 2549 2291 Ei
2582 2238 2759 2291 τοίνυν
2786 2239 3025 2311 θεμέλιοῖ
3059 2240 3156 2310 μὲν
3182 2241 3215 2310 ἡ
3244 2239 3406 2308 σοφία
3431 2239 3530 2309 τὴν
3552 2238 3692 2307 γῆν,
3726 2236 3873 2305 αὕτη

2275 2329 2331 2382 δέ
2378 2332 2524 2383 ἐστιν
2557 2332 2589 2400 ὴ
2637 2331 2852 2383 πάντων
2893 2331 3161 2399 ἀσφάλεια
3195 2331 3383 2401 (μένει
3421 2329 3530 2398 γὰρ
3565 2328 3777 2397 ἐδραία
3806 2327 3872 2378 δι’

2276 2421 2491 2492 αὐτὴν),
2533 2420 2673 2474 κατὰ
2698 2422 2819 2474 τίνα
2847 2423 3045 2494 τρόπον
3070 2423 3102 2492 ἡ
3134 2420 3459 2489 θεμελιοῦσα
3504 2419 3870 2489 θεμελισῦται

2277 2511 2428 2581 παρὰ
2449 2512 2603 2577 Θεοῦ,
2628 2512 2907 2582 ζητητέον.
2941 2513 3168 2583 Εἴρηται
3193 2512 3374 2565 τοίνυν
3408 2512 3501 2564 καὶ
3530 2510 3703 2563 τοῦτο
3722 2510 3869 2561 κατὰ

2275 2602 2367 2655 τὸν
2388 2604 2507 2665 ταῖς
2534 2603 2857 2673 παροιμίαις
2878 2603 3159 2675 πρέποντα
3188 2602 3378 2665 τύπον,
3398 2602 3653 2669 πλαγίως
3683 2618 3870 2670 παρα·

2274 2693 2622 2763 δηλούμενον,
2678 2693 2772 2745 καὶ
2812 2693 3198 2764 κεκρυμμένην
3253 2692 3374 2762 ἔχον
3415 2694 3470 2743 ἐν
3522 2691 3713 2760 ἐαυτῷ
3770 2690 3867 2759 τὴν

2276 2783 2644 2855 ἀληθεστέραν
2672 2784 2931 2838 διάνοιαν·
2948 2782 3159 2836 τοιοῦτο
3191 2784 3300 2852 γὰρ
3328 2783 3413 2834 ἀεὶ
3432 2783 3531 2852 τῆς
3552 2783 3866 2851 παροιμίας

2275 2871 2336 2924 τὸ
2374 2871 2580 2942 σχῆμα.
2620 2871 2979 2942 Θεμελιοῦται
3010 2872 3189 2925 τοίνυν
3229 2873 3261 2941 ἡ
3294 2871 3475 2939 σοφία,
3500 2871 3813 2933 τουτέστιν,
3842 2872 3867 2922 ὁ

2278 2962 2404 3026 Υἱὸς
2430 2962 2520 3016 τοῦ
2556 2961 2711 3026 Θεοῦ,
2741 2964 2800 3014 οὐ
2840 2963 2978 3015 καθὸ
3004 2961 3175 3030 Λόγος
3203 2962 3349 3015 ἐστὶν
3384 2961 3561 3032 ἀρχὴν
3587 2960 3690 3013 τοῦ
3728 2956 3863 3011 εἶναι

2275 3055 2580 3126 δεχόμενος,
2634 3054 2768 3109 ἀλλὰ
2814 3054 2949 3107 καθὸ
3002 3052 3242 3123 γεγονὼς
3282 3054 3567 3124 ἄνθρωπος
3614 3054 3719 3105 καὶ
3768 3051 3863 3121 τὴν

598 3154 760 3201 tenus
805 3146 980 3202 factus
1014 3158 1098 3203 est
1142 3150 1321 3215 homo,
1364 3163 1712 3223 nostramque
1764 3158 2172 3214 similitudinem

2281 3146 2415 3217 πρὸς
2460 3148 2607 3218 ἡμᾶς
2654 3145 2892 3219 φορέσας
2942 3145 3222 3216 ὁμοίωσιν,
3272 3146 3413 3215 ἀρχὴ
3456 3146 3550 3198 καὶ
3606 3144 3862 3213 θεμέλιος

601 3238 800 3298 induit,
827 3241 1151 3308 principium
1176 3258 1239 3297 ac
1262 3242 1665 3300 fundamentum
1695 3248 1847 3304 nobis
1873 3250 2045 3305 factus
2070 3263 2173 3319 est,

2281 3239 2406 3309 ἡμῖν
2436 3237 2663 3305 γίνεται,
2694 3235 3164 3307 οίκοδομουμένοις
3202 3237 3283 3299 είς
3316 3235 3599 3289 εὐσέϐειαν
3633 3236 3729 3288 διὰ
3769 3235 3862 3304 τῆς

598 3329 886 3384 :edificatis
918 3330 1172 3385 nimirum
1202 3334 1266 3386 ad
1299 3335 1549 3403 pietatem
1580 3353 1675 3400 per
1710 3339 1865 3393 fidem
1895 3341 1946 3393 in
1981 3342 2173 3410 ipsum,

600 3428 661 3472 et
693 3419 743 3471 in
786 3434 1003 3485 novam,
1038 3430 1095 3474 ut
1128 3423 1390 3491 scriptum
1432 3434 1517 3479 est
1559 3425 1630 3489 ’⁷,
1655 3440 1958 3482 creaturam
2008 3430 2179 3485 refor-

611 3511 792 3564 matis.
820 3513 977 3581 Atqui
1012 3530 1115 3568 non
1137 3515 1456 3584 simpliciter
1477 3517 1633 3583 dixit,
1661 3518 1798 3572 Deus
1824 3520 2056 3600 Verbum
2085 3532 2176 3575 aut

610 3602 809 3659 Filium
840 3620 923 3661 me
954 3605 1097 3684 fecit,
1141 3624 1208 3662 ne
1235 3624 1339 3679 qua
1371 3611 1640 3666 lizereticis
1663 3613 1879 3667 occasio
1908 3616 2177 3681 praebere-

610 3707 700 3751 tur
734 3698 1100 3754 calumniandi
1140 3701 1309 3768 ipsius
1334 3703 1625 3756 essentiam
1661 3712 1914 3773 tanquam
1944 3704 2138 3760 factam
2163 3748 2175 3771 ,

606 3788 705 3842 sed
739 3788 1004 3854 absolute,
1048 3807 1067 3840 ‹
1097 3788 1342 3845 fundavit
1366 3807 1471 3846 me.
1505 3811 1524 3844 ι
1555 3794 1707 3859 Quod
1737 3795 1880 3848 enim
1930 3796 1981 3849 in
2019 3813 2179 3865 supe-

609 3878 842 3933 rioribus
884 3879 1039 3941 dixit,
1087 3897 1107 3929 ι
1144 3879 1402 3934 Dominus
1447 3883 1651 3935 creavit
1701 3897 1805 3949 me,
1854 3883 2177 3954 principium

608 3970 815 4024 viarum
870 3987 1089 4025 suarmn
1146 3971 1199 4025 in
1257 3988 1418 4039 opera
1480 3975 1685 4043 ipsius,
1752 3993 1770 4025 ι
1848 3976 1953 4030 hoc
2015 3979 2177 4032 etiam

607 4074 707 4128 per
776 4061 877 4114 hoc
936 4063 1294 4130 significatur.
1362 4064 1476 4119 lllic
1548 4064 1691 4118 enim
1775 4062 1977 4119 factum
2057 4082 2181 4122 esse

604 4165 669 4205 se
711 4152 1030 4220 principium
1084 4157 1290 4207 viarum
1342 4170 1560 4209 suarum
1611 4156 1778 4221 dicit;
1820 4140 1906 4212 hic
1950 4174 2078 4214 vero
2123 4175 2181 4214 se

607 4244 1018 4299 fundamentum
1058 4247 1260 4316 jactum
1293 4265 1413 4304 esse
1460 4266 1647 4304 eorum
1707 4252 1796 4319 qui
1849 4253 2182 4321 superaedifi-

605 4344 801 4387 cantur
835 4333 1085 4398 aﬂirmal,
1120 4339 1350 4392 diversis
1388 4342 1561 4395 modis
1602 4342 1741 4395 idem
1775 4343 1932 4412 plane
1977 4345 2177 4411 dicens,

607 4426 837 4497 ai‘iisque
857 4428 1037 4482 verbis
1064 4429 1304 4483 eamdem
1340 4431 1597 4486 rationem
1625 4434 1923 4501 explicans.
1952 4433 2180 4488 Perinde

604 4521 753 4572 enim
789 4530 870 4574 cst
905 4520 1018 4575 sive
1048 4521 1196 4575 dicas
1229 4521 1574 4589 principium,
1601 4522 1715 4576 sive
1746 4523 2177 4578 fundamentum.

2279 3330 2357 3391 είς
2388 3328 2549 3381 αὑτὸν
2584 3328 2838 3391 πίστεως,
2890 3328 2984 3381 καὶ
3031 3329 3110 3390 είς
3156 3326 3253 3397 τὴν
3287 3326 3477 3396 καινὴν
3508 3328 3693 3378 κτίσιν
3734 3328 3861 3379 ἀνα-

2282 3421 2701 3492 μορφουμένοις,
2743 3418 2925 3483 καθὼς
2981 3420 3310 3487 γέγραπται.
3372 3419 3531 3486 Λέγει
3575 3419 3717 3484 γοῦν
3770 3419 3863 3487 οὐχ

2277 3506 2482 3573 ἁπλῶς,
2499 3511 2556 3563 Ὁ
2576 3510 2707 3573 Θεὸς
2728 3510 2898 3578 Λόγον
2920 3510 2953 3580 ἢ
2980 3510 3105 3562 Υίόν
3134 3527 3201 3580 με
3228 3509 3546 3578 πεποίηκεν,
3568 3510 3661 3561 ἵνα
3684 3511 3767 3579 μή
3786 3527 3861 3572 τις

2277 3607 2390 3667 τοῖς
2430 3601 2822 3674 ἐτεροδοξοῦσιν
2880 3603 3115 3672 ὑπάρχοι
3156 3602 3513 3673 παρείσδυσις
3546 3602 3645 3654 τοῦ
3687 3620 3858 3655 κατα-

2277 3698 2568 3768 ψεύδεσθαι
2610 3697 2709 3767 τῆς
2741 3697 2930 3758 οὐσίας
2971 3697 3141 3749 αὑτοῦ
3188 3696 3264 3758 ὡς
3298 3695 3703 3766 πεποιημένης,

2280 3789 2711 3860 ἀπολελυμένως,
2743 3807 2761 3839 ι
2795 3786 3153 3859 Ἐθεμελίωσέ
3186 3803 3275 3856 με.
3316 3806 3334 3837 ο
3378 3786 3444 3838 Ὃ
3472 3786 3581 3856 γὰρ
3624 3786 3860 3852 ἔφασκεν

2282 3884 2337 3934 ἐν
2359 3883 2470 3943 τοῖς
2499 3880 2772 3946 ἀνωτέρω,
2806 3879 3038 3950 «Κύριος
3061 3878 3241 3931 ἐκτισέ
3276 3894 3342 3948 με
3368 3876 3543 3947 ἀρχὴν
3585 3877 3726 3929 ὁδῶν
3768 3878 3858 3930 αὖ·

2280 3973 2372 4026 τοῦ
2402 3973 2481 4034 εἰς
2514 3971 2650 4042 ἔργα
2679 3970 2862 4035 αὑτοῦ,
2878 3990 2895 4021 ›
2922 3969 3080 4023 τοῦτο
3104 3970 3197 4023 καὶ
3212 3969 3300 4023 διὰ
3325 3968 3483 4021 τοῦτο
3504 3970 3855 4037 σημαίνεται.

2291 4064 2439 4116 Ἐκεῖ
2474 4062 2570 4133 μὲν
2596 4061 2704 4132 γὰρ
2729 4062 2903 4132 ἀρχὴν
2931 4060 3068 4113 ὁδῶν
3096 4060 3289 4113 ἑαυτὸν
3316 4059 3651 4128 πεποιῆσθαί
3676 4079 3854 4131 φησιν,

2277 4153 2515 4208 ἐνταῦθα
2574 4154 2629 4206 δὲ
2685 4153 2932 4223 θεμέλιον
2985 4151 3525 4222 ἐποικοδομουμένων
3574 4152 3663 4202 ἐπ’
3716 4152 3857 4220 αὖτῷ

2282 4248 2715 4318 καταϐεϐλῆσθαι
2761 4246 3154 4317 διῖσχυρίζεται
3178 4286 3192 4309 ,
3230 4245 3586 4315 πολυτρόπως
3616 4244 3687 4298 τὰ
3727 4247 3856 4299 αὐτὰ

2280 4339 2475 4407 λέγων,
2518 4340 2611 4392 καὶ
2635 4339 2722 4392 διὰ
2758 4338 2865 4391 τῶν
2904 4337 3081 4391 αὐτῶν
3126 4337 3413 4407 νοημάτων
3467 4337 3855 4400 ἀνακυκλὼσας

2282 4430 2376 4483 τὸν
2400 4430 2577 4497 λόγον.
2609 4431 2751 4482 Ἴσον
2781 4430 2888 4498 γάρ
2935 4431 3083 4480 ἐστιν
3117 4428 3291 4479 εἰπεῖν
3335 4426 3511 4495 ἀρχὴν
3558 4428 3657 4479 καὶ⁵
3700 4428 3855 4497 θεμέ-

2283 4522 2414 4575 λιον,
2454 4522 2542 4584 Ὠς
2586 4520 2694 4589 γὰρ
2740 4522 2795 4572 ἐν
2845 4518 3078 4581 ἐκείνοις
3122 4518 3287 4588 ἀρχὴ,
3318 4516 3463 4570 οῦτω
3502 4519 3597 4571 καὶ
3629 4519 3853 4573 ἐνταῦθα

605 4612 1066 4677 Quemadmodum
1113 4612 1254 4664 enim
1288 4612 1340 4665 in
1386 4612 1491 4665 illis
1535 4614 1878 4682 principium,
1924 4616 2076 4684 171
2106 4616 2176 4668 ita

2286 4613 2534 4683 θεμέλιος
2572 4612 2679 4664 τῶν
2710 4608 3247 4680 ἐποικοδομουμένων
3283 4609 3371 4660 ἐπ’
3413 4607 3577 4660 αὐτὸν
3630 4608 3720 4660 διὰ
3764 4608 3853 4676 τῆς

605 4706 772 4758 etiam
808 4704 895 4757 hic
939 4703 1347 4760 fundamentum
1388 4706 1447 4758 fit
1493 4706 1558 4760 iis
1605 4705 1695 4774 qui
1733 4706 1832 4775 ipsi
1879 4723 1973 4773 per
2020 4708 2175 4760 fidem

598 4796 1067 4869 superandilicantu
1077 4813 1119 4851 r.

1163 4884 1177 4897 ’
1285 4907 1512 4963 ALIUD.

670 5022 1127 5092 Sapientissimus
1154 5022 1354 5078 Paulus
1379 5025 1454 5078 ita
1485 5023 1681 5077 alicubi
1708 5023 1898 5079 scribit
1928 5043 1941 5079 :
1982 5043 1999 5076 ι
2031 5025 2179 5081 Fun-

602 5114 917 5170 damentum
947 5114 1075 5169 illud
1106 5129 1266 5169 nemo
1294 5121 1469 5183 potest
1494 5129 1715 5182 ponere,
1744 5124 1939 5183 praeter
1959 5116 2007 5170 id
2039 5116 2180 5185 quod

602 5204 842 5274 positum
882 5213 983 5269 est,
1018 5207 1161 5276 quod
1191 5214 1275 5261 est
1312 5205 1562 5260 Christus
1592 5204 1751 5261 Jcsus
1790 5207 1858 5260 ⁸⁸.
1890 5226 1907 5258 ι
1948 5208 2005 5263 Si
2054 5222 2182 5278 ergo

600 5292 857 5350 Christus
880 5295 1290 5354 fundamentum
1311 5299 1494 5369 jactus
1536 5311 1638 5368 est,
1663 5314 1878 5373 oportet
1907 5315 2085 5359 autem
2115 5318 2179 5357 ea

608 5402 729 5454 quae
765 5391 1272 5458 supermdilicantur
1319 5395 1541 5451 omnino
1572 5397 1682 5451 sint
1711 5398 1859 5461 talia,
1909 5396 2069 5465 quale
2102 5404 2184 5450 est

602 5478 915 5552 subjectum
944 5481 1349 5540 fundamentum
1379 5486 1479 5556 (ita
1506 5488 1649 5542 enim
1674 5498 1951 5543 structura
1980 5504 2179 5543 conve-

608 5572 786 5639 niens,
833 5583 892 5629 ut
938 5576 1201 5645 scriptum
1235 5584 1319 5632 est
1356 5577 1425 5646 ",
1463 5577 1773 5647 implebitur
1820 5578 1871 5631 in
1920 5578 2177 5646 templum

2287 4706 2519 4768 πίστεως
2556 4703 2784 4773 γίνεται.

2870 4920 2877 4927 ·
2953 4900 3158 4954 ΑΛΛΟ.

2359 5018 2525 5087 Λέγει
2550 5034 2653 5070 που
2681 5013 2890 5077 Παῦλος
2920 5011 3252 5065 ἐπιστέλλων
3283 5010 3313 5060 ὁ
3341 5006 3676 5077 σοφώτατος
3707 5025 3724 5056 ι
3760 5005 3849 5058 Θε-

2292 5114 2472 5185 μέλιον
2516 5109 2671 5163 ἄλλον
2712 5106 2886 5168 οὐδεὶς
2914 5104 3133 5157 δύναται
3172 5101 3343 5154 θεῖναι
3377 5098 3528 5169 παρὰ
3553 5098 3646 5150 τὸν
3680 5096 3850 5166 κείμεο

2288 5222 2398 5269 νον,
2423 5203 2481 5264 ὃς
2511 5202 2657 5253 ἐστιν
2672 5198 2882 5267 Ἰησοῦς
2914 5193 3170 5264 Χριστός.
3196 5210 3213 5241 ι
3252 5191 3315 5243 Εἰ
3346 5189 3527 5242 τοίνυν
3558 5191 3732 5240 κεῖται
3761 5188 3849 5257 μὲν

2292 5295 2537 5366 θεμέλιος
2558 5293 2587 5345 ὸ
2613 5288 2878 5363 Χριστὸς,
2906 5286 2985 5337 δεῖ
3016 5285 3074 5337 δέ
3104 5282 3173 5337 τὰ
3202 5280 3707 5353 ἐποικοδομούμενα
3726 5279 3849 5331 πάν-

2289 5405 2397 5451 τως
2438 5380 2578 5437 εἶναι
2624 5379 2868 5441 τοιαῦτα,
2912 5375 3093 5429 ὁποῖόν
3117 5391 3222 5443 περ
3256 5372 3323 5426 ἂν
3369 5372 3609 5441 ὑπάρχοι
3639 5370 3698 5422 τὸ
3726 5368 3844 5421 ὑπο·

2291 5479 2540 5548 κείμενον
2585 5471 2763 5544 (οὓτω
2799 5468 2910 5538 γὰρ
2941 5467 3007 5520 ἂν
3035 5466 3125 5519 καὶ⁸
3170 5466 3205 5534 ἡ
3235 5461 3493 5533 οἱκοδομὴ
3534 5459 3846 5529 συναρμολο-
3876 5478 3879 5481 ί

2289 5569 2550 5641 γουμένη,
2601 5564 2742 5619 καθὰ
2796 5561 3126 5631 γέγραπται,
3173 5553 3595 5625 πληρωθήσεται
3629 5553 3706 5613 είς
3731 5550 3843 5602 ναὸν

682 5749 916 5822 f‘Dom.
952 5769 1068 5821 vni,
1105 5754 1286 5822 l9,22.
1366 5752 1597 5808 "Eccli.
1635 5768 1780 5820 xxw,
1831 5754 1908 5807 ll.
1990 5754 2031 5781 9"
2067 5751 2222 5805 Prov.
2264 5762 2346 5814 nt,
2384 5745 2465 5798 19.
2543 5744 2583 5772 ⁸⁷
2618 5740 2653 5794 il
2682 5738 2807 5792 Cor.
2838 5752 2891 5801 v,
2928 5737 3012 5789 l7.
3092 5736 3137 5766 ⁸³⁸
3168 5735 3185 5789 l
3211 5732 3337 5789 Cor.
3374 5747 3457 5798 tu,
3494 5730 3578 5783 ll.
3658 5722 3837 5780 "ibid-

642 5819 828 5875 12-16.

906 6486 999 6499 ππ
1010 6488 1017 6497 :
1024 6488 1065 6497 »λῖν
1072 6486 1291 6495 σ--α-*Ανμ
1314 6484 1367 6491 ’ν’-’⁸

4008 868 4017 1407 l

4006 1420 4013 1473 ἓ
