4072 6518
1755 233 1804 250 ἣν
1823 236 1829 244 Ι

1628 330 2067 389 THESAURUS.

239 332 350 388 289

3401 345 3515 405 290

242 447 478 520 ἅγιον),
529 447 750 520 εὔδηλον
819 449 1082 521 δήπουθεν
1127 451 1317 522 ὅτιπερ
1363 451 1425 504 ού
1473 449 1607 504 καθὸ
1644 453 1817 521 Λόγος

1922 455 2193 525 sanctum)
2233 473 2248 511 :
2292 456 2640 512 manifestum
2675 467 2823 515 certe
2853 470 2936 515 est
2977 463 3118 530 quod
3158 477 3264 518 non
3307 476 3505 535 quate-

239 541 412 606 ἐστὶν,
443 540 638 593 ἑαυτὸν
681 539 1102 611 τεθεμελιῶσθαί
1145 559 1342 612 φησιν·
1377 543 1527 596 οὐδὲν
1555 543 1663 613 γάρ
1701 545 1816 597 ἐστι

241 627 387 681 κατὰ
424 628 588 696 φύσιν
621 627 698 698 τῷ
735 629 894 699 Λόγῳ
919 631 1259 698 προσεοικὸς,
1288 631 1396 685 οὐδ’
1423 632 1489 686 ἂν
1516 634 1818 704 ἁρμοσθείη

237 736 293 771 τι
344 719 453 773 τῶν
493 719 662 772 ὄντων
709 719 843 790 πρὸς
893 720 1100 775 ἐκεῖνον
1157 722 1440 791 φυσικῶς
1484 724 1512 775 ὁ
1562 725 1660 792 μὲν
1708 724 1818 796 γὰρ

241 811 498 882 ποιητὴς,
521 811 589 864 τὰ
619 811 676 864 δὲ
706 812 1009 880 κτίσματαο
1045 812 1181 866 ἀλλὰ
1212 813 1346 866 καθὸ
1368 814 1588 883 γέγονεν
1610 814 1821 886 ἄνθρω-

242 919 346 965 πος
376 902 472 956 καὶ
494 903 674 972 ὅμοιος
723 902 878 974 ήμῶν
916 904 1058 957 κατὰ
1085 906 1283 968 πάντα,
1316 906 1484 976 χωρὶς
1523 906 1817 978 ἁμαρτίας,

245 992 498 1063 θεμέλιον
538 994 728 1046 ἑαυτὸν
769 993 1213 1065 καταϐεὸλῆσθαί
1239 1015 1372 1067 φησι
1402 997 1508 1049 τῶν
1549 997 1823 1050 ἐποικοδο-

249 1083 534 1154 μουμένων
560 1084 648 1136 ἐπ’
674 1083 848 1153 αὐτῷ,
882 1083 1197 1155 δυναμένων
1223 1085 1372 1154 αύτῷ
1403 1088 1822 1158 συναρμολογεϊο

247 1173 392 1228 σθαι.
422 1172 574 1228 Καθὺ
590 1174 698 1244 γὰρ
726 1175 819 1228 καὶ
847 1174 1007 1238 αὐτὸς
1035 1176 1260 1244 γέγονεν
1283 1177 1591 1249 ἄνθρωπος,
1620 1179 1822 1249 πολλὴν

246 1265 358 1336 ἔχει
383 1265 520 1336 πρὸς
547 1267 693 1336 ἡμᾶς
731 1265 828 1337 τὴν
861 1267 1184 1334 συγγένειαν
1228 1267 1314 1321 διὰ
1347 1270 1446 1337 τὴν
1481 1268 1583 1337 τῆς
1622 1269 1823 1340 σαρκὸς

247 1356 431 1426 φύσιν.
474 1355 686 1410 Οὐκοῦν
719 1357 810 1409 ἐπὶ
852 1357 950 1427 τὴν
986 1357 1080 1410 τοῦ
1115 1359 1364 1429 Σωτῆρος
1411 1360 1823 1432 ὲνανθρὼπησιν

248 1449 342 1502 καλ⁸
363 1447 521 1502 τοῦτο
547 1451 932 1519 παρενεκτέον,
963 1449 1048 1502 ἵνα
1067 1449 1127 1501 τὸ
1145 1449 1426 1520 δύσφημον
1451 1451 1821 1522 διαφύγωμεν,

247 1540 576 1611 γεγενῆσθαι
622 1542 943 1609 φάσκοντες,
981 1541 1076 1594 καὶ
1100 1542 1276 1612 ἀρχὴν
1302 1543 1396 1595 τοῦ
1440 1537 1579 1596 εἶναι
1611 1542 1824 1613 λαμϐά-

247 1648 360 1686 νειν
391 1631 491 1702 τὴν
535 1633 723 1701 σοφίαν
768 1631 859 1684 τοῦ
891 1631 1046 1686 Θεοῦ.
1077 1633 1285 1704 Ὅνπερ
1319 1633 1428 1705 γὰρ
1473 1635 1674 1704 τρόπον
1704 1636 1824 1688 ὲτέ-

250 1738 367 1791 ροις
408 1720 650 1786 ἄμπελον
697 1720 794 1790 μὲν
837 1720 1027 1773 ἑαυτὸν
1069 1716 1208 1774 εἷναί
1258 1739 1452 1792 φησιν,
1495 1725 1640 1794 ἡμᾶς
1669 1724 1824 1778 δὲτὰ

246 1811 540 1882 κλήματα,
594 1814 654 1864 ού
705 1811 827 1874 ξένα
879 1811 1177 1875 δεικνύων,
1221 1813 1339 1867 οὐδὲ
1387 1816 1673 1887 ἑτερογενῆ
1719 1818 1817 1887 τῆς

244 1903 492 1973 ἀμπέλου
539 1903 608 1955 τὰ
647 1902 898 1972 κλήματα
925 1945 938 1966 ,
988 1903 1100 1956 ἀλλ’
1139 1903 1198 1968 ἐξ
1247 1906 1459 1976 ἐκείνης
1500 1907 1629 1961 ὄντα
1677 1909 1817 1962 κατὰ

245 1996 408 2064 φύσιν
434 2036 450 2058 ,
498 1993 668 2058 οὕτως
700 1994 932 2048 ἐνταῦθα
968 1995 1214 2065 θεμέλιον
1248 1998 1403 2068 ήμῶν
1449 1999 1639 2052 ἑαυτὸν
1677 1996 1818 2053 εἶναί

245 2098 434 2151 φησιν,
471 2082 557 2134 ἵνα
577 2081 686 2136 τῶν
711 2084 1249 2154 ὲποικοδομουμένων
1271 2087 1358 2138 ἐπ’
1384 2087 1532 2158 αὐτῷ
1561 2089 1659 2155 τὴν
1683 2089 1817 2158 πρὸς

245 2173 408 2226 αὑτὸν
435 2172 678 2244 ἐπιδείξῃ
711 2175 1034 2242 συγγένειαν
1065 2175 1319 2246 φυσικὴν,
1347 2178 1434 2230 ὅτε
1463 2179 1683 2247 γέγονεν
1722 2179 1818 2232 ἆν-

247 2263 485 2332 θρωπος.
521 2263 653 2316 Τότε
689 2264 796 2333 γὰρ
823 2266 918 2318 καὶ
964 2266 1107 2319 κατὰ
1156 2267 1320 2335 φύσιν
1363 2269 1510 2338 αὐτῷ
1554 2271 1820 2322 συναπτὸ-

250 2354 412 2424 μεθα,
452 2355 548 2407 καὶ
588 2355 690 2425 τῆς
737 2356 872 2426 πρὸς
911 2357 1072 2411 αὐτὸν
1102 2359 1421 2428 ὁμογενείας
1460 2360 1819 2432 ἐξηρτημένοι

249 2445 437 2517 ὥσπερ
484 2446 581 2515 τῆς
627 2448 872 2517 ἀμπέλου
914 2448 982 2502 τὰ
1021 2449 1310 2520 κλήματα,
1366 2454 1820 2523 καρποφοροῦμεν

251 2538 349 2606 τὴν
380 2539 458 2599 είς
501 2537 634 2590 Θεὸν
683 2537 980 2592 εύσέσειαν.
1020 2541 1214 2594 Κεῖται
1247 2541 1534 2612 τοιγαροῦν
1575 2543 1822 2612 θεμέλιος

255 2629 352 2698 μὲν
396 2630 820 2702 ὲνανθρωπήσας
860 2633 888 2685 ὁ
935 2631 1030 2685 τοῦ
1066 2633 1199 2687 Θεοῦ
1231 2635 1431 2701 Λόγος·
1463 2637 1623 2705 ἡμεῖς
1649 2637 1705 2689 δὲ
1736 2638 1821 2689 ἐπ’

249 2720 399 2789 αύτῷ
448 2721 699 2792 καθάπερ
745 2723 884 2786 τινὲς
927 2724 1075 2792 ἆγιοι
1121 2724 1255 2778 λίθοι
1296 2726 1817 2797 ἐποικοδομούμεθα,

251 2809 336 2863 ἵνα
368 2811 464 2863 καὶ
488 2813 614 2875 ναὸς
636 2812 730 2865 τοῦ
763 2813 1100 2879 ἐνοικοῦντος
1125 2817 1182 2868 ὲν
1213 2817 1344 2886 ήμῖν
1377 2817 1534 2885 ἁγίου
1566 2817 1820 2886 Πνεύμα-

247 2919 339 2964 τος
368 2904 818 2974 χρηματίσωμεν.

913 3040 1116 3094 ΑΛΛΟ.

325 3187 344 3222 t
376 3169 490 3241 Πρὸ
521 3169 616 3222 τοῦ
645 3171 840 3235 αίῶνος
863 3171 1193 3241 ὲθεμελίωσέ
1223 3190 1310 3243 με.
1341 3192 1359 3224 ι
1400 3173 1635 3244 Εῦλογον
1665 3173 1820 3247 οἶμαι

249 3259 343 3311 καὶ
363 3258 658 3326 ἀναγκαῖον
680 3261 860 3314 αὐτῶν
885 3264 1224 3333 φαινομένων
1248 3265 1706 3335 παραδειγμάτων
1722 3267 1821 3331 τὰς

251 3350 515 3420 ἀνοήτους
560 3351 671 3404 τῶν
719 3353 1014 3423 αἱρετικῶν
1072 3355 1400 3408 ἀνακόπτειν
1465 3359 1819 3423 κακοδοξίας*

251 3441 391 3512 τάχα
425 3441 528 3497 κᾶν
555 3442 699 3497 οὕτω
714 3444 1128 3516 δυσωπηθέντες
1150 3446 1246 3518 τὴν
1272 3447 1550 3518 ἀλήθειαν,
1569 3450 1704 3520 πρὸς
1725 3451 1822 3515 τὰς

249 3534 562 3605 δυσφημίας
586 3537 1035 3608 ἁποναρκήσωσι.
1072 3539 1145 3591 Τὸ
1179 3539 1596 3610 θεμελιούμενον
1621 3543 1818 3606 τοίνυν,

202 3629 206 3636 ’
251 3625 347 3679 καὶ
369 3629 448 3689 είς
472 3625 732 3698 τοιαύτην
770 3628 890 3681 τινὰ
914 3628 1326 3700 Μμὸανόμενον
1355 3632 1564 3702 χρείαν,
1602 3633 1660 3685 ού
1685 3634 1822 3686 πάν-

250 3732 358 3778 τως
386 3715 511 3768 τότε
539 3715 634 3769 τοῦ
661 3712 800 3769 εἶναι
828 3717 928 3788 τὴν
955 3719 1129 3790 ἀρχὴν
1159 3719 1279 3790 ἔχον
1311 3721 1579 3789 φαίνεται,
1611 3723 1700 3775 ὅτε
1730 3725 1822 3776 καὶ

250 3808 334 3871 είς
361 3806 610 3877 θεμέλιον
649 3807 950 3878 πέμπεται.
983 3811 1120 3882 Φέρε
1158 3809 1265 3882 γὰρ
1291 3814 1484 3876 εἰπεῖν,
1517 3812 1654 3866 ἔστω
1678 3814 1823 3878 λίθος

249 3899 314 3951 τὸ
343 3899 835 3970 καταπεμπόμενον
878 3901 973 3953 καὶ
1015 3902 1074 3955 ὲν
1101 3904 1167 3972 τῇ
1203 3904 1273 3973 γῇ
1309 3904 1708 3975 κρυπτόμενον
1740 3906 1825 3959 δεῖ

251 3990 468 4061 πρῶτον
493 3991 656 4044 αὐτὸν
685 3992 792 4045 ἀπό
823 4009 966 4056 τινος
1010 3993 1215 4066 πέτρας
1239 3995 1272 4065 ἢ
1301 3995 1359 4062 ἐξ
1383 3995 1543 4067 ὅρους
1575 3998 1816 4068 ἀποτμη-

251 4082 432 4150 θέντα,
463 4082 598 4153 πρὸς
629 4083 728 4154 τὴν
761 4083 1018 4156 τοιαύτην
1073 4085 1443 4155 λαμϐάνεσθαι
1475 4088 1662 4158 χρείαν
1682 4106 1696 4121 ·
1730 4089 1824 4143 καὶ

251 4174 518 4245 πρότερόν
559 4191 626 4243 γε
668 4174 838 4241 ἐστιν,
883 4172 982 4229 εἷθ’
1025 4175 1167 4230 οὕτω
1197 4177 1448 4248 θεμέλιος
1488 4181 1694 4248 γίνεται
1743 4182 1824 4244 εἰς

253 4265 418 4335 βάθος
445 4265 551 4336 γῆς
577 4266 1078 4338 καταχωννύμενος.
1097 4269 1237 4322 Ἀλλ’
1265 4270 1423 4342 εἴπερ
1447 4289 1530 4334 τις
1557 4271 1635 4341 τῷ
1659 4289 1824 4325 κατα-

251 4357 506 4428 ϐληθέντι
547 4357 680 4429 λίθῳ
728 4358 846 4429 δοίη
883 4360 1100 4432 φωνὴν,
1138 4362 1231 4414 καὶ
1278 4363 1368 4416 τὸν
1397 4363 1667 4435 ἀνθρώπῳ
1701 4363 1828 4434 πρέ-

1921 562 2021 601 nus
2049 555 2133 602 est
2163 547 2422 615 Verbum,
2454 548 2738 604 fundatum
2767 568 2828 607 se
2858 554 3000 608 dicat
3029 572 3043 609 :
3073 555 3208 610 nihil
3247 558 3394 612 enim
3424 558 3510 613 est

1920 640 2215 693 secundum
2246 650 2495 695 naturam
2537 641 2716 697 Verbo
2752 645 2958 709 simile,
3000 661 3172 715 neque
3208 650 3504 718 quidquam

1920 746 2105 786 eorum
2147 747 2267 800 quae
2313 733 2584 788 exsistunt
2635 735 2955 790 naturaliter
2992 752 3113 792 cum
3159 754 3220 794 ea
3259 741 3505 795 construi

1921 823 2093 892 possit
2137 840 2150 876 :
2186 837 2308 876 nam
2351 824 2465 892 ipse
2496 834 2713 878 creator
2735 834 2838 888 est,
2875 826 2988 878 lure
3031 842 3160 880 vero
3203 839 3502 884 creatura:

1921 915 2016 967 sed
2061 921 2330 982 quatenus
2367 914 2542 968 factus
2576 923 2660 968 est
2702 917 2884 980 homo,
2921 925 2972 970 et
3013 917 3229 973 similis'
3257 921 3412 973 nobis
3452 920 3504 974 in

1921 1007 2193 1070 omnibus,
2223 1017 2449 1076 excepto
2489 1019 2732 1077 peccato,
2769 1008 3178 1064 fumlameutum
3215 1027 3273 1065 se
3297 1011 3503 1081 jactum

1923 1113 2042 1154 esse
2067 1098 2198 1153 dicit
2224 1098 2290 1154 iis
2320 1099 2411 1168 qui
2457 1099 2965 1168 super-aediﬁcantur
2999 1101 3122 1170 ipsi,
3151 1111 3210 1156 ut
3245 1102 3298 1156 in
3343 1119 3503 1156 unam

1923 1205 2042 1244 cum
2086 1190 2202 1255 ipso
2243 1201 2575 1244 structuram
2622 1191 2938 1245 concinnari
2989 1192 3219 1261 possint.
3257 1192 3390 1246 Nam
3438 1208 3502 1247 ea

1922 1275 2131 1330 ratione
2175 1291 2280 1345 qua
2328 1277 2492 1329 etiam
2539 1278 2652 1345 ipse
2684 1276 2856 1332 factus
2897 1289 2982 1333 est
3026 1280 3208 1346 homo,
3256 1296 3500 1351 magnam

1925 1365 2207 1420 nobiscum
2242 1367 2677 1422 convenientiam
2713 1377 2765 1422 et
2812 1370 3188 1439 cognationem
3237 1369 3397 1425 habet
3433 1373 3503 1424 ob

1926 1457 2108 1511 carnis
2143 1469 2410 1514 naturam.
2454 1455 2728 1526 Quocirca
2767 1461 2928 1514 etiam
2962 1462 3028 1516 ad
3074 1461 3501 1516 incarnationem

1929 1549 2098 1617 ipsius
2149 1549 2490 1605 referendum
2535 1559 2649 1614 est,
2699 1561 2756 1604 ut
2783 1551 3168 1618 blasphemiam
3216 1555 3502 1615 evitemus,

1927 1656 2088 1709 quam
2117 1641 2521 1696 incurreremus
2547 1643 2591 1696 si
2617 1643 2924 1697 diceremus
2961 1643 3106 1698 illum
3137 1644 3338 1698 factum
3358 1660 3502 1708 esse.

1928 1744 1982 1785 et
2026 1733 2349 1801 sapientiam
2387 1733 2480 1788 Dei
2516 1736 2840 1803 principium
2880 1737 3175 1790 exsislendi
3207 1737 3500 1806 accepisse.

1853 1799 1894 1888 β
1923 1822 2383 1888 Quemadmodum
2410 1824 2551 1876 enim
2580 1824 2701 1878 aliis
2726 1825 2887 1877 vitem
2917 1826 3151 1894 seipsqu
3181 1839 3306 1880 esse
3340 1825 3500 1886 dicit.

1922 1930 2020 1969 nos
2056 1925 2235 1967 autem
2291 1916 2418 1968 vitis
2452 1915 2700 1984 palmites
2731 1916 2771 1982 ¹,
2824 1917 2913 1985 qui
2961 1917 3276 1972 naturaliter
3307 1933 3374 1974 ex
3413 1916 3500 1972 illa

1922 2010 2054 2074 sint,
2101 2009 2172 2063 ita
2219 2011 2306 2063 hic
2347 2008 2754 2062 fundamentum
2799 2017 3042 2062 nostrum
3095 2009 3334 2078 seipsunt
3370 2023 3491 2064 esse

1919 2100 2167 2164 afﬁrmat,
2201 2111 2258 2154 ut
2290 2115 2478 2155 eorum
2513 2100 2602 2168 qui
2656 2100 2753 2169 ipsi
2802 2100 3303 2168 superaedificantur
3335 2112 3494 2155 natu-

1920 2190 2086 2244 ralem
2134 2203 2318 2244 secum
2354 2189 2731 2258 cognationem
2766 2187 3028 2252 declaret,
3064 2190 3281 2258 quando
3327 2189 3502 2244 factus

1919 2294 2002 2336 est
2044 2283 2227 2336 homo.
2262 2281 2416 2336 Tunc
2453 2282 2598 2335 enim
2634 2280 2931 2335 secundum
2966 2288 3217 2333 naturam
3251 2279 3299 2333 ei
3333 2293 3500 2348 copu-

1923 2374 2115 2433 lamur,
2167 2371 2461 2437 eademque
2514 2369 2900 2438 conjunctione
2959 2383 3063 2438 qua
3107 2366 3360 2436 palmites
3405 2367 3499 2420 viti

1922 2461 2022 2531 ipsi
2055 2463 2265 2526 inserti,
2299 2461 2516 2529 pietatis
2566 2462 2619 2515 in
2663 2461 2828 2515 Deum
2863 2460 3069 2515 fructus
3095 2460 3326 2514 edimus.
3367 2458 3501 2513 Ver-

1923 2555 2047 2606 bum
2083 2553 2260 2622 itaque
2296 2552 2387 2605 Dei
2417 2551 2828 2606 fundamentum
2858 2557 3101 2605 nostrum
3127 2551 3362 2619 positqu
3395 2557 3500 2611 est,

1921 2660 2040 2697 cum
2077 2644 2467 2697 humanitatem
2514 2643 2808 2711 assumpsit
2858 2660 2873 2696 :
2919 2658 3016 2697 nos
3058 2657 3185 2696 vero
3226 2641 3274 2695 ei
3332 2639 3498 2694 veluti

1921 2734 2335 2802 sanctiquidam
2363 2733 2570 2800 lapides
2596 2732 3119 2801 sutpemdificainnr,
3164 2743 3221 2785 ιιι
3268 2742 3322 2784 et
3372 2742 3501 2785 tem-

1922 2821 2068 2891 plum
2105 2821 2465 2876 iuhabitatttis
2497 2821 2550 2875 itt
2583 2821 2740 2876 nobis
2764 2821 2996 2891 Spiritus
3028 2824 3199 2875 sancti
3227 2837 3497 2876 vocemur.

2607 3035 2834 3090 ALIUD.

2001 3187 2018 3222 α
2053 3171 2194 3225 Ante
2246 3167 2442 3224 saecula
2493 3168 2738 3223 fundavit
2793 3185 2897 3224 me.
2934 3189 2953 3223 ι
3015 3172 3208 3240 Operae
3267 3173 3500 3239 pretium

1921 3262 2280 3317 existimarint
2333 3261 2677 3316 evidentibus
2716 3260 2978 3330 exemplis
3019 3262 3236 3316 insanas
3281 3262 3500 3316 ltzercti-

1920 3368 2107 3410 corum
2141 3352 2425 3423 opiniones
2477 3352 2762 3407 confutare
2808 3370 2821 3407 :
2864 3352 2978 3409 ﬁeri
3025 3354 3169 3406 enim
3221 3362 3398 3422 potest
3441 3366 3498 3408 ut

1921 3441 1993 3495 ita
2019 3441 2085 3496 ad
2111 3439 2353 3495 veritatis
2381 3440 2743 3510 cognitionem
2787 3443 3172 3496 erubescentes
3198 3457 3224 3494 a
3252 3443 3500 3512 blasphe-

1921 3533 2045 3588 ntiis
2075 3531 2402 3586 abstineant.
2444 3532 2596 3599 Quod
2639 3533 2805 3603 igitur
2844 3531 3101 3586 fundatur
3128 3541 3183 3587 et
3231 3535 3285 3587 iu
3340 3535 3494 3587 illum

1920 3642 2078 3682 usum
2108 3627 2373 3689 sumitur,
2406 3642 2512 3680 non
2548 3627 2771 3682 omnino
2799 3637 2926 3681 tunc
2957 3626 3253 3680 exsistendi
3285 3627 3496 3680 initium

1923 3721 2122 3774 habere
2155 3720 2426 3781 cernitur,
2458 3719 2674 3787 quando
2710 3718 2763 3773 in
2795 3717 3203 3772 fundamentum
3235 3719 3496 3772 mittitur.

1929 3811 2087 3881 1'72
2136 3809 2270 3864 Nam
2300 3810 2527 3879 exempli
2557 3810 2756 3879 gratia,
2781 3824 2970 3863 saxum
2999 3810 3049 3863 in
3083 3818 3280 3863 terram
3303 3809 3497 3862 funda-

1922 3905 2090 3959 menti
2120 3903 2238 3958 loco
2267 3902 2496 3971 jactum,
2525 3916 2747 3957 necesse
2769 3912 2852 3956 est
2881 3911 2939 3956 ut
2987 3902 3218 3971 primum
3249 3917 3314 3954 ex
3348 3912 3498 3970 petra

1922 3995 2008 4051 vel
2037 4011 2166 4066 rupe
2190 3997 2430 4050 excisum
2462 3995 2526 4048 ad
2549 3994 2811 4062 ejusmodi
2836 4009 2990 4049 usum
3019 3996 3495 4049 aecommodetur:

1924 4089 2070 4156 atqui
2111 4090 2261 4157 prius
2291 4089 2526 4152 exsistit,
2559 4086 2752 4141 deinde
2783 4085 3122 4141 fundamenti
3155 4085 3275 4141 loco
3307 4087 3412 4142 altc
3443 4087 3496 4141 in

1923 4189 2124 4234 terram
2157 4179 2480 4234 demittitur.
2518 4177 2588 4231 At
2615 4177 2660 4233 si
2690 4178 2811 4248 quis
2850 4193 2986 4232 saxo
3013 4177 3066 4230 in
3100 4187 3301 4232 terram
3333 4178 3500 4232 misso

1923 4285 2114 4324 vocem
2147 4274 2202 4324 et
2247 4269 2580 4324 intellectum
2616 4268 2818 4323 bomini
2846 4276 3234 4338 congruentem
3272 4269 3498 4335 tribuat,

1926 4363 1978 4416 id
2009 4365 2076 4417 de
2105 4362 2283 4432 seipso
2314 4363 2384 4415 ita
2421 4362 2600 4416 dicere
2630 4362 2830 4431 possit_:
2850 4359 3050 4415 Saxum
3081 4361 3299 4431 quidem
3326 4377 3498 4426 eram,

251 4465 424 4502 ποντα
453 4449 782 4520 χορηγήσειε
813 4450 970 4515 νοῦν,
996 4455 1141 4506 εἰποι
1172 4452 1237 4505 ἂν
1271 4455 1338 4506 τὰ
1369 4454 1490 4506 καθ’
1523 4455 1713 4507 ἑαυτὸν
1739 4453 1821 4520 ἐξ·

1931 4455 1980 4504 in
2007 4466 2138 4519 rupe
2154 4451 2234 4503 vel
2264 4458 2444 4504 monte
2465 4449 2652 4517 jaceus
2679 4468 2692 4504 :
2723 4465 2865 4505 nunc
2893 4464 3022 4503 vero
3038 4447 3210 4501 factus
3237 4463 3352 4501 sum
3379 4449 3501 4500 fun-

249 4541 576 4610 ηγούμενος,
610 4541 692 4593 ὃτι
721 4540 882 4604 Λίθος
914 4541 1014 4611 μὲν
1039 4543 1186 4613 ήμην
1220 4545 1299 4606 εἰς
1333 4544 1536 4615 πέτραν
1572 4545 1823 4615 κείμενος

250 4632 284 4701 ἢ
313 4633 370 4684 ἐν
396 4631 542 4702 δρει·
571 4632 688 4684 νυνὶ
718 4631 776 4684 δὲ
809 4631 1010 4700 γέγονα
1055 4633 1321 4701 θεμέλιος,
1350 4635 1448 4704 τὴν
1493 4635 1822 4704 συνέχουσαν

255 4739 322 4791 με
352 4722 456 4792 γῆν
480 4722 969 4793 περιῦεϐλημένος.
1003 4723 1159 4777 Οὕτω
1182 4741 1300 4789 πως
1331 4726 1545 4797 νοήσεις
1584 4726 1822 4790 εὐσεϐῶς

252 4812 348 4866 καὶ
376 4812 470 4866 ἐπὶ
506 4812 608 4884 τῆς
636 4812 732 4868 τοῦ
761 4813 896 4866 Θεοῦ
923 4813 1136 4884 σοφίας,
1165 4816 1431 4882 τουτέστι,
1458 4817 1550 4870 τοῦ
1574 4817 1702 4870 Υἱοῦ
1721 4833 1734 4847 ·
1754 4813 1822 4888 ἦν

255 4905 355 4976 μὲν
379 4905 489 4975 γὰρ
521 4907 580 4959 ὲν
607 4907 749 4977 ἀρχῇ
777 4906 914 4978 πρὸς
941 4907 1033 4960 τὸν
1071 4907 1227 4972 Θεὸν,
1267 4907 1364 4960 καὶ
1398 4907 1530 4971 Θεὸς
1559 4905 1650 4981 ἦν,
1680 4910 1826 4963 καθὰ

251 4993 582 5064 γέγραπται.
613 4993 741 5047 Ὅτε
771 4995 829 5048 δὲ
857 4994 1109 5065 καθάπερ
1137 5011 1221 5058 τις
1263 4994 1409 5060 λίθος
1449 4996 1578 5049 ἄνευ
1627 4997 1826 5067 χειρῶν

253 5081 313 5146 ἐξ
345 5081 504 5152 ὄρους
531 5082 890 5154 ἀποτμηθεὶς,
916 5083 1214 5148 τουτέστιν,
1243 5085 1351 5138 ἀπὸ
1377 5085 1475 5156 τῆς
1513 5087 1702 5149 οὐσίας
1727 5085 1822 5138 τοῦ

255 5170 468 5241 Πατρδς
497 5169 798 5242 προελθὼν,
828 5172 1080 5245 καθάπερ
1109 5174 1230 5228 τινὰ
1268 5174 1375 5245 γῆν
1419 5175 1520 5246 τὴν
1547 5175 1820 5246 ἡμετέραν

255 5260 436 5332 σάρκα
473 5261 851 5333 περιεϐάλετο,
895 5265 1017 5319 τότε
1054 5266 1151 5319 καὶ
1188 5265 1614 5336 τεθεμλιῶσθαί
1660 5283 1824 5338 φησιν

253 5353 467 5418 ἑαυτὸν,
486 5357 769 5427 μονονουχὶ
793 5357 984 5426 λέγων·
1001 5357 1174 5426 Λόγον
1198 5359 1266 5429 μὲ
1287 5359 1415 5413 ὄντα
1441 5359 1535 5412 καὶ
1555 5359 1680 5412 Υίδν
1691 5359 1825 5430 ἀλη-

252 5445 397 5501 θινδν
417 5449 445 5500 ὁ
471 5449 660 5519 Πατὴρ
687 5450 860 5520 γηΐνῳ
887 5449 1249 5522 περιϐέϐληκε
1274 5450 1509 5521 σώματι,
1543 5451 1630 5503 ἵνα
1663 5449 1825 5520 θεμέ-

249 5538 364 5603 λιος
407 5539 651 5610 γένωμαι
698 5541 792 5594 καὶ
827 5542 971 5613 ἀρχὴ
1003 5541 1110 5595 τῶν
1157 5542 1695 5612 ὲποικοδομουμένων
1743 5543 1824 5605 εἰς

325 5715 344 5746 ⁸
371 5713 527 5769 .Ioan.
566 5731 652 5780 xv,
816 5719 834 5748 ²
872 5715 1025 5771 Joau.
1054 5733 1094 5783 ι,
1136 5717 1188 5781 l,
1222 5717 1279 5769 2.

1929 4540 2260 4603 dameutum,
2296 4550 2450 4593 terra:
2476 4554 2596 4607 qua:
2639 4540 2882 4593 continet
2919 4539 3166 4593 obrutus.
3215 4533 3291 4589 Ita
3334 4537 3497 4590 etiam

1928 4629 2012 4696 pie
2037 4628 2103 4683 de
2132 4628 2394 4698 sapientia
2431 4628 2546 4692 Dei,
2581 4629 2684 4683 boc
2713 4637 2797 4683 est
2831 4627 3258 4697 Filio,judicare
3287 4627 3496 4696 possis:

1927 4731 2047 4775 erat
2079 4722 2222 4775 enim
2259 4722 2310 4773 in
2351 4720 2616 4790 principio
2665 4720 2804 4790 apud
2836 4720 3029 4784 Deum,
3081 4729 3136 4773 et
3174 4718 3316 4774 Deus
3358 4729 3498 4782 erat,

1927 4812 2067 4865 sicut
2098 4811 2356 4880 scriptum
2387 4820 2469 4866 est
2491 4813 2532 4864 '.
2558 4808 2782 4877 Quando
2813 4819 2993 4865 autem
3022 4810 3182 4864 veluti
3219 4810 3353 4878 lapis
3381 4809 3502 4878 qui-

1931 4900 2078 4965 dam,
2099 4901 2241 4954 nulla
2268 4915 2524 4954 manuum
2551 4915 2712 4971 opera
2738 4915 2768 4954 e
2799 4912 2982 4956 monte
3003 4903 3237 4963 excisus,
3264 4902 3366 4954 hoc
3388 4910 3492 4958 est.

1929 5006 1994 5046 ex
2033 4992 2269 5047 essentia
2318 4991 2492 5046 Patris
2541 4993 2865 5062 procedens,
2910 5008 3075 5048 carne
3121 5001 3303 5046 nostra
3337 4992 3498 5045 veluti

1931 5093 2076 5136 terra
2122 5083 2353 5150 quadam
2388 5083 2614 5137 obrutus
2663 5092 2768 5146 est,
2820 5093 2948 5136 tunc
2993 5081 3399 5134 fundamentum
3443 5094 3503 5134 se

1928 5175 2080 5239 dicit,
2110 5174 2259 5242 quasi
2290 5174 2430 5227 dicat
2463 5190 2476 5226 :
2521 5173 2681 5228 Pater
2719 5188 2826 5239 me,
2860 5188 2982 5228 cum
3023 5172 3124 5226 sim
3164 5169 3400 5225 Verbum
3439 5186 3502 5225 ac

1919 5279 2092 5328 verus
2131 5263 2320 5328 Filius,
2355 5275 2570 5319 terreno
2593 5279 2818 5332 corpore
2856 5262 3100 5329 involvit,
3129 5272 3187 5316 ut
3226 5261 3347 5315 [iam
3377 5261 3500 5315 fun-

1929 5358 2241 5411 damentum
2268 5365 2324 5409 et
2350 5354 2676 5424 principium
2705 5367 2891 5408 eorum
2918 5353 3008 5423 qui
3034 5367 3199 5424 super
3222 5367 3305 5406 me
3333 5351 3502 5406 auditi-

1930 5451 2199 5504 cabuntur
2236 5461 2332 5516 per
2381 5445 2540 5501 fidem
2562 5487 2577 5511 ,
2619 5453 2676 5499 ut
2701 5459 2993 5514 corporeus
3016 5458 3140 5499 cum
3171 5445 3250 5498 eis
3276 5442 3502 5497 effectus

1931 5540 2220 5612 suscipiam
2251 5554 2342 5596 eos
2377 5538 2432 5594 in
2461 5553 2622 5594 unam
2664 5551 2873 5594 mecum
2911 5547 3240 5594 structuram
3274 5534 3498 5591 concin-
