4072 6520
264 347 373 401 293

1654 334 2093 399 TIIESAUBUS.

3436 343 3543 401 294

261 470 423 540 δῆλον
464 468 530 522 ἂν
561 468 648 538 εἴη
696 468 789 521 καὶ
840 468 1000 522 παντί
1034 484 1112 537 τῳ
1142 466 1345 537 σαφὲς,
1393 468 1585 539 ὅτιπερ
1632 468 1731 537 οὐχ
1767 466 1853 519 ὅτε

1958 479 2147 521 smnus
2177 465 2475 519 secundum
2502 466 2736 536 gratiam
2763 473 2813 520 et
2842 463 3177 533 propositum
3208 463 3542 531 pracscicntis
3588 523 3606 539 κ

260 561 681 631 τεθεμελίωται,
705 560 826 613 τότε
861 559 957 612 καὶ
985 557 1159 629 ἀρχὴν
1204 558 1299 611 τοῦ
1339 556 1478 611 εἶναι
1519 559 1786 629 λαμϐάνει
1821 561 1849 611 6

263 652 359 707 τοῦ
405 652 543 706 Θεοῦ
575 653 780 721 Λόγος’
811 649 946 703 ἀλλὰ
991 650 1089 720 τὴν
1123 648 1387 720 ἐνσαρκον
1415 649 1611 703 ἑαυτοῦ
1643 666 1850 720 παρουο

265 744 390 797 σίαν
434 743 727 816 ἐρμηνεύει
773 742 862 795 διὰ
903 741 1110 795 τούτων
1139 781 1153 807 ,
1205 743 1300 795 καὶ
1348 743 1456 812 πρὸ
1502 741 1596 794 τοῦ
1654 741 1849 804 αίῶνος

263 837 539 909 ἡδρᾶσθαί
572 853 705 907 φησι
728 836 822 891 καὶ
847 836 955 907 πρὸ
986 835 1205 889 πάντων
1230 834 1341 888 τῶν
1371 835 1849 905 κτισμάτων,ὃσον

264 930 346 995 εἰς
370 931 470 1002 τὴν
503 929 814 1001 πρόγνωσιν
846 926 941 981 τοῦ
978 926 1215 998 Πατρός.

275 1216 613 1271 ΑΛΛΟ.”Ετι
667 1216 757 1279 εἷς
784 1213 873 1276 τὸ,
914 1230 933 1263 ι
964 1212 1180 1281 Κύριος
1211 1212 1414 1265 ἐκτισέ
1440 1229 1536 1281 με,
1569 1231 1587 1262 ο
1631 1228 1731 1265 κα,
1762 1214 1850 1278 εἷς

419 1287 509 1349 τὸ,
552 1304 570 1335 ι
598 1284 719 1352 Πρὸ
750 1282 858 1337 τοῦ
886 1281 1103 1347 αἰῶνος
1135 1282 1491 1351 ἑθεμελίωσέ
1516 1299 1612 1350 με.
1646 1300 1664 1331 ι

337 1395 500 1465 Λέγει
544 1410 648 1447 που
679 1392 893 1457 Παῦλος
937 1392 1207 1460 Ἐφεσίοις
1235 1393 1598 1447 ἐπιστέλλων*
1635 1414 1651 1445 ι
1684 1392 1846 1447 Εὐλο-

265 1485 433 1557 γητὸς
480 1486 508 1539 ό
555 1484 687 1547 Θεὸς
736 1484 832 1538 καὶ
879 1485 1067 1555 Πατὴρ
1115 1483 1209 1536 τοῦ
1245 1484 1452 1554 Κυρίου
1480 1484 1637 1555 ἡμῶν
1674 1484 1849 1557 Ἰησοῦ

265 1576 530 1649 Χριστοῦ,
557 1578 587 1631 6
616 1577 919 1649 εὐλογήσας
966 1577 1114 1646 ἡμᾶς
1142 1577 1201 1627 ὲν
1233 1575 1383 1646 πάσῃ
1432 1575 1654 1647 εὐλογίᾳ
1687 1593 1853 1629 πνευ-

270 1672 476 1740 ματικῇ
503 1670 561 1721 ὲν
584 1670 696 1731 τοῖς
722 1666 1066 1737 ἐπουρανίοις
1098 1667 1155 1717 ὲν
1182 1665 1431 1736 Χριστιῖν
1466 1664 1650 1729 καθὼς
1675 1664 1853 1729 ἐξελέ-

268 1760 396 1825 ξατο
415 1760 564 1830 ἡμᾶς
589 1759 646 1811 ὲν
666 1756 816 1827 αὐτῷ
849 1756 951 1827 πρὸ
973 1754 1277 1826 καταϐολῆς
1305 1758 1512 1826 κόσμου
1539 1752 1676 1808 εἶναι
1703 1757 1851 1825 ἡμᾶς

264 1850 455 1919 ἁγίους
509 1850 603 1902 καὶ
647 1848 910 1919 ἀμώμους
938 1845 1274 1900 κατενώπιον
1317 1846 1482 1901 αὑτοῦ
1534 1851 1592 1902 ὲν
1634 1849 1846 1921 ἀγάπῃ,

265 1945 563 2016 προορίσας
592 1944 741 2014 ἡμᾶς
770 1943 850 2006 εἰς
877 1941 1150 1996 υἱοθεσίαν
1176 1941 1264 1995 διὰ
1296 1941 1469 2013 Ἰησοῦ
1500 1942 1739 2013 Χριστοῦ
1767 1943 1848 2006 είς

264 2037 447 2090 αὐτόν.
481 2054 499 2087 t
540 2037 603 2089 Ei
644 2036 825 2088 τοίνυν
877 2032 1031 2087 οῦπω
1083 2034 1390 2101 γεγονότες,
1444 2037 1525 2097 είς
1578 2034 1848 2088 υἱοθεσίαν

264 2128 671 2202 πρωριζὸμεθα
699 2126 788 2181 διὰ
826 2126 1000 2197 Ἰησοῦ
1028 2125 1265 2195 Χριστοῦ
1297 2128 1375 2189 εἰς
1402 2127 1590 2192 αὑτὸν,
1625 2127 1719 2179 καὶ
1756 2127 1849 2178 εὑ-

263 2223 473 2290 λογίαις
506 2222 903 2290 πνευματικαῖς
946 2218 1315 2289 εὐλογοῦμεθα
1358 2219 1415 2271 ὲν
1460 2220 1570 2280 τοῖς
1612 2219 1851 2288 ὲπουρατ

266 2316 420 2379 νίοις,
454 2314 571 2376 πῶς
598 2313 697 2365 οῦκ
720 2312 784 2365 ἄν
811 2328 894 2372 τις
927 2308 1167 2372 ἀκούσας
1196 2310 1445 2377 λέγοντος
1472 2308 1568 2362 τοῦ
1598 2308 1725 2361 Υἰοῦ
1756 2308 1849 2361 τοῦ

270 2401 429 2462 Θεοῦ,
470 2422 487 2452 ι
518 2399 632 2471 Πρὸ
676 2397 769 2452 τοῦ
821 2399 1018 2460 αἰῶνος
1068 2397 1397 2467 ἐθεμελίωσέ
1452 2414 1538 2467 με,
1573 2416 1589 2448 t
1621 2397 1743 2450 ὅσον
1774 2399 1853 2461 εἰς

271 2494 371 2561 τὴν
399 2492 705 2563 πρόγνωσιν
748 2489 841 2543 τοῦ
888 2489 1098 2560 Πατρὸς
1127 2490 1194 2542 τὰ
1222 2490 1446 2542 τοιαῦτα
1476 2488 1652 2555 λέγειν
1693 2489 1854 2541 αὑτὸν

272 2583 667 2653 ὑπολαμϐάνοι,
695 2581 817 2636 καθ’
849 2582 915 2651 ἡν
950 2581 1392 2650 προγνωσθέντες
1420 2582 1476 2633 ὲν
1499 2580 1636 2650 αὐτῇ
1659 2580 1856 2651 κεκλή-

274 2680 435 2750 μεθα,
476 2680 569 2732 καὶ
619 2679 800 2749 πάσης
851 2676 1099 2744 εὐλογίας
1141 2673 1507 2744 ἀπολαύομεν,
1536 2674 1688 2728 οὔπω
1723 2674 1857 2745 πρὸς

270 2770 507 2839 ὓπαρξιν
540 2769 849 2841 ἐνεχθέντες
880 2769 1036 2831 ὅλως,
1069 2766 1207 2821 ἀλλὰ
1257 2768 1469 2831 πολλοῖς
1512 2766 1736 2837 ὕστερον
1765 2784 1858 2833 γε·

269 2858 492 2928 γονότες
523 2860 766 2927 καιροῖς;
800 2857 941 2910 Αὐτὸ
986 2856 1043 2908 δὲ
1071 2856 1135 2926 δὴ
1161 2855 1320 2908 τοῦτο
1361 2855 1678 2925 σαφέστατα
1707 2855 1855 2908 διδά-

270 2965 417 3003 σκων
443 2950 612 3019 ἡμᾶς,
644 2948 805 3011 αὐτὸς
836 2950 865 3001 6
896 2946 1101 3018 Κύριος
1131 2945 1279 3013 λέγει
1302 2960 1316 2977 ο
1355 2962 1373 2995 ι
1405 2944 1590 3010 Δεῦτε,
1624 2946 1674 2997 oi
1706 2945 1857 2998 εὐλοο

269 3037 499 3107 γημὲνοι
521 3036 615 3089 τοῦ
642 3035 853 3107 Πατρός
882 3052 1005 3107 μου,
1031 3034 1478 3106 κληρονομήσατε
1506 3033 1604 3103 τὴν
1629 3036 1856 3104 ἡτοιμα-

272 3128 476 3199 σμένην
515 3128 645 3197 ὑμῖν
681 3126 957 3197 βασιλείαν
991 3125 1099 3179 ἀπὸ
1129 3124 1438 3195 καταϐολῆς
1484 3125 1715 3195 κόσμου.
1742 3143 1758 3175 ι
1791 3126 1853 3178 Εἰ
1883 3164 1926 3223 c

268 3219 327 3273 δὲ
361 3218 659 3289 ἡτοίμαστο
703 3218 857 3287 καὶὴ
894 3215 1141 3286 βασιλεία
1171 3215 1325 3286 παρὰ
1364 3215 1458 3268 τοῦ
1493 3215 1707 3286 [ἰατρὸς
1744 3217 1857 3279 τοῖς

270 3308 424 3363 οὔπω
462 3308 731 3378 γεγονόσι,
760 3309 855 3361 καὶ
883 3308 991 3378 πρὸ
1017 3307 1115 3377 τῆς
1147 3306 1241 3360 τοῦ
1270 3306 1476 3377 κόσμου
1528 3306 1854 3375 καταϐολῆς,

271 3402 570 3472 ἡτοίμαστο
597 3400 654 3454 δὲ
690 3400 907 3463 πάντως
958 3400 1017 3451 ὲν
1064 3398 1306 3471 Χριστῷ,
1341 3398 1567 3461 εἰκότως
1597 3398 1663 3451 ἂν
1707 3397 1857 3465 λέγοι

272 3493 406 3564 περὶ
451 3492 682 3546 ἑαυτοῦο
744 3511 761 3543 ι
812 3491 927 3561 Πρὸ
972 3490 1068 3543 τοῦ
1138 3489 1335 3553 αἰῶνος
1379 3488 1712 3557 ὲθεμελίωσέ
1767 3504 1856 3557 με,

274 3586 382 3657 πρὸ
406 3584 502 3638 τοῦ
531 3585 635 3654 ὅρη
659 3582 1012 3654 ἑδρασθῆναι,
1045 3582 1153 3653 πρὸ
1182 3580 1277 3635 τοῦ
1308 3579 1593 3652 προελθεῖν
1623 3579 1724 3643 τὰς
1749 3597 1857 3650 πη-

274 3678 378 3746 γὰς
405 3678 512 3730 τῶν
545 3676 775 3730 ὑδάτων.
795 3674 1008 3727 »Ταῦτα
1037 3675 1146 3745 γὰρ
1173 3673 1353 3727 πάντα
1384 3674 1481 3743 τῆς
1504 3671 1734 3734 κτίσεως
1758 3688 1858 3742 ση-

279 3775 457 3847 μαίνει
486 3774 587 3843 τὴν
618 3774 682 3826 ὲκ
709 3770 804 3824 τοῦ
839 3771 914 3842 μὴ
938 3769 1091 3833 ὄντος
1118 3770 1198 3834 είς
1221 3768 1282 3821 τὸ
1313 3764 1452 3820 εἶναι
1481 3766 1733 3837 πάροδον.

274 3890 478 3955 ΔΔΔΟ,
525 3884 982 3955 διηγηματικῶς,
1029 3883 1103 3937 δι’
1141 3879 1213 3938 οὗ
1264 3880 1619 3955 τεὴνῄαὶτίαλν
1657 3879 1860 3955 ὥσπερ

343 3947 729 4030 μανθάνόιίεἶθ
752 3955 859 4009 τοῦ
886 3947 1247 4021 προωρίσθω
1276 3947 1345 4005 ἐν
1371 3947 1621 4019 Χριστῷ,
1648 3948 1746 4002 καὶ
1772 3952 1861 4028 εὶς

348 4028 661 4084 υἱοθεσίαν
686 4024 845 4095 ἡμᾶς
884 4023 1313 4093 κατατετάχθαι
1345 4022 1413 4086 ἐξ
1439 4020 1677 4090 ἀγάπης
1712 4022 1860 4074 Θεου

350 4042 661 4084 υιουεσιαν
686 4042 845 4095 ημας
884 4042 1214 4093 κατατεταχ

350 4099 449 4153 καὶ
482 4097 730 4166 Πατρός.

348 4212 432 4265 Τὰ
464 4209 812 4281 συμφέροντα
853 4210 920 4278 τῇ
963 4204 1253 4277 ἀνθρώπου
1298 4203 1459 4274 φύσει
1491 4204 1797 4275 προνοήσας
1834 4205 1863 4256 6

280 4305 413 4367 Θεὸς
464 4303 559 4357 καὶ
609 4301 819 4370 Πατὴρ,
863 4299 959 4352 καὶ
1004 4298 1288 4368 γινώσκων
1345 4296 1442 4365 μὲν
1487 4294 1569 4347 ὅτι
1618 4297 1863 4348 πεσεῖται

281 4397 501 4458 πάντως
530 4396 611 4458 είς
641 4390 868 4463 φθορὰν,
889 4390 1089 4461 τρόπον
1115 4389 1170 4442 δὲ
1196 4389 1333 4459 αὐτῇ
1364 4388 1607 4458 ζητήσας
1630 4386 1863 4440 ἀνανεώ-

1951 557 2133 611 omnia
2175 556 2290 618 Dei,
2346 556 2521 609 vocali
2557 564 2740 610 autem
2782 570 2971 609 smnus
3017 554 3072 608 in
3107 555 3327 609 Christo
3375 553 3536 609 Jesu:

1951 648 2293 703 manifestum
2321 647 2564 717 profecto
2590 647 2764 703 cuivis
2791 646 2955 701 fuerit
2982 648 3147 715 quod,
3182 662 3286 701 non
3315 647 3531 713 quando

1950 740 2232 794 fumlatum
2281 738 2404 805 fuit,
2457 749 2566 793 tum
2610 738 2904 793 exsisteudi
2943 738 3154 791 initium
3189 748 3406 792 nactum
3453 746 3542 791 est

1950 830 2188 886 Verbum
2232 832 2323 886 Dei
2357 849 2370 884 :
2409 832 2504 885 sed
2537 845 2633 899 per
2659 829 2776 884 hate
2807 831 3093 882 adventum
3124 842 3278 881 suum
3304 829 3354 881 iu
3380 841 3541 880 carne

1952 923 2221 986 declarat,
2260 933 2314 977 et
2349 931 2475 976 ante
2510 922 2704 975 saecula
2752 921 3023 974 firmatum
3065 920 3162 983 ait,
3209 930 3369 987 atque
3416 930 3542 971 ante

1953 1032 2144 1069 omnes
2175 1025 2479 1079 creaturas,
2525 1025 2786 1086 quantum
2829 1015 2895 1069 ad
2943 1014 3332 1082 praenotionem
3368 1012 3542 1065 Patris

1951 1109 2163 1161 attinet.

1950 1215 2185 1272 ALIUD.
2223 1217 2289 1273 In
2314 1220 2469 1281 illud,
2508 1238 2526 1270 ι
2555 1219 2809 1273 Dominus
2831 1219 3023 1272 creavit
3053 1235 3153 1281 me,
3177 1238 3195 1270 ι
3228 1227 3274 1271 ct
3303 1218 3355 1270 in
3389 1215 3541 1280 illud,

2312 1308 2331 1340 ι
2366 1291 2502 1343 Ante
2528 1291 2725 1344 sa'cula
2765 1289 3005 1356 [undavit
3032 1305 3130 1342 me.
3162 1309 3180 1339 ι

2025 1395 2226 1450 Paulus
2262 1397 2327 1450 ad
2359 1396 2622 1467 Ephesios
2655 1395 2902 1451 scribens
2930 1396 3003 1448 ita
3035 1396 3149 1449 ait:
3181 1413 3199 1445 ι
3224 1393 3545 1449 Benedictus

1956 1486 2099 1544 Deus
2133 1500 2187 1544 et
2211 1486 2375 1543 Pater
2407 1486 2620 1542 Domini
2658 1488 2830 1541 nostri
2860 1485 2987 1541 Jesu
3017 1484 3243 1550 Christi,
3271 1486 3359 1554 qui
3388 1484 3546 1538 bene—

1954 1581 2093 1634 dixit
2118 1596 2215 1635 nos
2237 1580 2291 1635 in
2313 1581 2460 1636 omni
2479 1578 2860 1634 benedictione
2887 1577 3117 1647 spiritali
3152 1578 3203 1631 in
3231 1576 3545 1631 cmlestibus

1956 1672 2009 1726 in
2040 1671 2259 1727 Christo
2286 1686 2301 1724 :
2333 1672 2475 1726 sicut
2496 1672 2663 1738 elegit
2696 1685 2794 1724 nos
2823 1671 2877 1724 in
2907 1668 3026 1739 ipso
3054 1679 3179 1723 ante
3201 1669 3383 1722 mundi
3408 1682 3544 1722 con-

1956 1764 2320 1829 stitutionem,
2377 1773 2434 1817 ut
2489 1778 2736 1817 essemus
2787 1762 2961 1816 sancti
3005 1772 3061 1816 et
3110 1759 3442 1814 itnmaculati
3491 1758 3543 1812 in

1953 1865 2250 1926 conspectu
2296 1854 2414 1923 ejus
2451 1855 2503 1908 in
2554 1854 2843 1920 charitate,
2898 1854 3306 1923 prmdestinavit
3361 1865 3459 1905 nos
3491 1851 3543 1904 iu

1953 1948 2244 2016 adoptione
2275 1946 2510 2000 filiorum
2536 1962 2631 2015 per
2650 1945 2832 2001 Jesum
2861 1936 3135 2000 Christum
3168 1946 3221 1997 in
3251 1945 3425 2015 ipsum
3444 1941 3488 1996 ⁸.
3521 1960 3540 1993 ι

1957 2039 2015 2095 Si
2047 2054 2203 2108 ergo,
2234 2054 2356 2095 cum
2388 2038 2625 2093 nondum
2661 2037 2785 2093 facti
2817 2052 3083 2102 essemus,
3119 2038 3170 2090 in
3201 2036 3542 2103 adoptionem

1952 2130 2109 2187 electi
2139 2146 2327 2186 sumus
2361 2145 2457 2199 per
2498 2128 2779 2184 Christum
2816 2129 2867 2184 in
2901 2129 3097 2199 ipsum,
3127 2137 3182 2181 et
3212 2127 3544 2181 benedictio-

1954 2224 2114 2279 nibus
2147 2223 2484 2292 spiritalibus
2515 2222 2568 2275 in
2607 2221 2925 2277 cmlestibus
2967 2220 3341 2275 benedicimur
3381 2237 3395 2273 :
3445 2233 3544 2274 cur

1955 2328 2062 2367 non
2100 2327 2223 2366 cum
2265 2312 2390 2381 quis
2417 2312 2603 2366 audiat
2647 2311 2913 2367 dicentem
2955 2310 3150 2365 Filium
3192 2311 3306 2376 Dei,
3349 2328 3368 2361 ι
3407 2312 3546 2364 Ante

1953 2400 2150 2455 szecula
2179 2399 2429 2454 fundavit
2451 2416 2556 2466 me,
2590 2419 2610 2452 ι
2652 2398 2812 2471 174
2835 2410 3054 2454 censeat
3086 2400 3233 2455 illum
3278 2398 3543 2468 ejusmodi

1956 2493 2138 2546 dicere
2194 2501 2445 2560 respectu
2494 2494 2849 2561 pratuotionis
2903 2491 3019 2557 Dei,
3055 2506 3158 2560 (tua
3211 2493 3436 2560 praenoti
3490 2490 3544 2543 in

1958 2582 2071 2650 ipsa
2108 2580 2284 2635 vocati
2319 2595 2532 2645 sumus,
2566 2581 2823 2649 omnique
2867 2582 3247 2636 benedictione
3293 2580 3544 2643 fruimur,

1956 2686 2080 2726 cum
2134 2671 2370 2725 nondum
2417 2671 2642 2725 omnino
2689 2672 2816 2725 l'acti
2873 2685 3155 2734 essemus,
3220 2672 3314 2725 sed
3365 2670 3548 2724 tnultis

1956 2771 2143 2831 pustea
2188 2762 2402 2817 saeculis
2455 2774 2576 2817 esse
2628 2762 2909 2817 consecuti
2959 2762 3173 2818 simus?
3212 2763 3389 2837 Atqui
3443 2763 3547 2816 hoc

1957 2854 2135 2923 ipsum
2175 2853 2619 2909 manifestissime
2650 2870 2747 2909 nos
2771 2855 2971 2909 docens
3001 2855 3114 2923 ipse
3142 2854 3425 2917 Dominus,
3461 2855 3545 2907 di-

1956 2947 2064 3001 cit:
2090 2966 2108 2999 ι
2132 2945 2347 3015 Venite,
2375 2948 2642 3004 benedicti
2665 2950 2840 3004 l’atris
2866 2950 2992 3017 mei,
3031 2950 3299 3019 possidete
3323 2965 3545 3019 regnum

1956 3039 2097 3106 quod
2119 3049 2369 3107 paratum
2388 3048 2473 3095 est
2491 3041 2645 3095 vobis
2662 3051 2788 3095 ante
2808 3043 3250 3097 constitutionem
3270 3043 3449 3096 mundi
3468 3045 3508 3095 '.
3523 3062 3542 3092 ι

1961 3129 2016 3183 Si
2044 3144 2173 3185 vero
2204 3130 2628 3197 etiamtegnum
2665 3145 2914 3201 paratum
2942 3144 3028 3187 est
3053 3150 3082 3187 a
3118 3133 3278 3188 Patre
3304 3137 3545 3189 nondum

1958 3220 2139 3287 factis,
2176 3229 2337 3290 atque
2378 3231 2503 3276 ante
2548 3223 2882 3277 creationem
2932 3222 3142 3284 mundi.
3181 3234 3543 3291 praeparatqu

1958 3323 2139 3367 autem
2177 3313 2402 3368 omnino
2440 3322 2526 3369 est
2562 3314 2615 3368 in
2642 3312 2881 3378 Christo,
2916 3316 3110 3369 merito
3140 3315 3204 3368 de
3229 3329 3288 3369 se
3324 3316 3440 3384 ipso
3462 3315 3547 3368 di-

1960 3417 2049 3461 cat
2079 3425 2093 3461 :
2124 3423 2143 3457 ι
2166 3406 2307 3461 Ante
2334 3406 2534 3463 smcula
2592 3408 2839 3462 fundavit
2875 3423 2959 3463 me
2988 3450 3003 3474 ,
3042 3410 3359 3478 priusquam
3395 3423 3547 3463 mon-

1959 3508 2043 3554 tes
2099 3499 2505 3567 stabilirentur,
2576 3500 2892 3572 priusquam
2960 3510 3307 3570 erumperent
3370 3501 3546 3556 fontes

1959 3606 2221 3661 aquarum
2253 3608 2266 3644 :
2313 3609 2332 3643 ι
2378 3592 2495 3647 haec
2514 3592 2661 3647 enim
2697 3593 2833 3648 nihil
2866 3593 3008 3648 aliud
3038 3593 3347 3663 significant
3383 3608 3545 3663 quam

1960 3692 2229 3739 creatura:
2260 3698 2327 3739 ex
2361 3684 2532 3741 nihilo
2563 3686 2635 3741 ad
2662 3700 2786 3742 esse
2809 3686 3229 3742 traductionem.

1960 3882 2191 3949 ALIUD,
2229 3884 2561 3951 explicatius,
2589 3900 2654 3939 ex
2673 3900 2774 3954 quo
2798 3901 3013 3939 causam
3048 3886 3430 3954 quodammodo
3457 3905 3545 3942 co-

2042 3954 2368 4024 gnoscimus,
2401 3971 2498 4024 cur
2530 3956 2889 4023 prcrdeatiunti
2923 3972 3105 4009 summ
3144 3959 3198 4008 in
3238 3957 3466 4024 Christo,
3500 3969 3545 4011 et

2038 4023 2278 4092 adoptati
2297 4024 2353 4077 in
2383 4023 2523 4092 ﬁlios
2553 4040 2615 4078 ea:
2650 4025 2909 4079 cltart'tate
2940 4025 3036 4079 Dei
3067 4042 3129 4079 ac
3160 4026 3356 4081 Patris.

2035 4200 2177 4255 Deus
2222 4214 2287 4254 ac
2335 4198 2498 4255 Pater
2542 4201 2837 4271 pmsciens
2866 4216 2985 4271 qua:
3034 4202 3283 4258 humanae
3340 4213 3546 4258 natura:

1962 4290 2323 4346 conducibilia
2370 4290 2570 4359 forent,
2625 4308 2798 4362 neque
2842 4293 3098 4364 ignorans
3131 4296 3274 4365 quod
3325 4296 3546 4351 omnino

1965 4384 2017 4437 in
2053 4384 2454 4452 corruptionem
2508 4385 2828 4455 prolapsura
2882 4396 3048 4451 esset,
3098 4389 3363 4443 rationem
3416 4404 3547 4442 vero

283 4505 420 4551 σεως
448 4487 542 4540 καὶ
584 4487 683 4557 τῆς
717 4484 797 4548 εἰς
840 4481 1151 4552 ἀφθαρσίαν
1181 4479 1462 4544 ἐπανόδου,
1490 4479 1646 4551 ῥίζας
1674 4478 1857 4548 ὥσπερ

1968 4489 2032 4529 ac
2062 4473 2278 4527 modum
2308 4475 2718 4530 instaurationis
2749 4476 3188 4546 reductionisque
3209 4480 3274 4531 ad
3302 4478 3547 4532 incorru-

280 4580 419 4650 αὐτῇ
471 4581 570 4649 τῆς
615 4576 873 4646 τοιαύτης
908 4573 1122 4635 ἐλπίδος
1161 4574 1217 4624 ὲν
1245 4570 1323 4641 τῷ
1373 4570 1487 4641 ἰδίῳ
1537 4569 1857 4622 κατεϐάλετο

1968 4565 2206 4634 ptionem
2250 4566 2299 4620 ei
2358 4582 2646 4635 quaerens,
2705 4568 2871 4622 veluti
2922 4569 3131 4625 radices
3182 4570 3230 4625 ei
3286 4573 3546 4640 quasdam

282 4673 601 4742 γεννήματι,
632 4669 726 4721 καὶ
758 4669 839 4730 εἰς
869 4664 1138 4718 υἱοθεσίαν
1167 4665 1315 4733 ἡμᾶς
1357 4662 1636 4733 προορίζει
1668 4662 1736 4715 δι’
1765 4664 1863 4715 αὺ-

281 4763 396 4827 τοῦ,
431 4761 522 4814 καὶ
569 4758 752 4829 πάσης
796 4754 1046 4823 εὐλογίας
1093 4753 1471 4823 πνευματικῆς
1502 4752 1662 4817 ἀξιοῖ,
1692 4751 1864 4805 καίτοι

281 4852 436 4905 οὔπω
482 4849 808 4919 γενομένους
830 4864 842 4876 ’
878 4847 945 4898 ἵν’
973 4846 1099 4898 ὅταν
1147 4842 1327 4913 συμϐῇ
1370 4844 1555 4894 πεσεῖν
1594 4843 1672 4903 είς
1709 4841 1865 4894 θάνα-

283 4960 373 4995 τον
388 4940 474 4994 διὰ
494 4941 590 5011 τὴν
614 4935 1154 5008 παράϐασιν,ὥσπερ
1183 4933 1240 4998 ἐξ
1266 4932 1498 5003 ἀρχαίας
1522 4932 1679 5003 ῥίζης
1705 4932 1865 4984 πάλιν

283 5034 363 5094 εἰς
390 5030 535 5099 ζωὴν
563 5028 971 5096 ἁναϐλαστήσῃ,
1009 5026 1101 5078 καὶ
1127 5023 1200 5086 ὡς
1234 5023 1335 5093 ήδη
1369 5022 1861 5094 προευλογηθεῖσα,

286 5123 361 5194 μὴ
402 5120 683 5182 παντελῶς
714 5118 818 5171 ὑπὸ
850 5118 947 5188 τὴν
983 5117 1228 5184 κατάραν
1271 5115 1518 5184 γένηται,
1550 5114 1678 5167 ὃταν
1703 5112 1867 5166 ἀκού-

286 5231 357 5287 σῃ
378 5232 393 5247 ο
438 5232 455 5266 ι
485 5214 560 5284 Γῆ
588 5208 655 5277 εἶ,
678 5212 770 5264 καὶ
794 5212 875 5273 είς
897 5210 1002 5280 γῆν
1025 5207 1320 5280 ἀπελεύσῃ.
1356 5227 1373 5257 ι
1404 5204 1865 5278 Προθεμελιοῦται

281 5309 464 5361 τοίνυν
499 5307 656 5378 ήμῶν
702 5308 731 5359 ὁ
775 5304 1029 5376 Χριστὸς,
1057 5302 1151 5355 καὶ
1199 5302 1256 5353 ἐν
1290 5298 1441 5368 αὐτῷ
1470 5298 1672 5358 πάντες
1706 5297 1864 5365 ἡμεῖς

284 5398 805 5471 ἑποικοδομούμεθα,
844 5397 936 5450 καὶ
977 5395 1134 5449 τοῦτο
1166 5392 1271 5462 πρὸ
1318 5390 1621 5459 καταϐολῆς
1658 5388 1864 5457 κόσμου

284 5490 427 5543 κατὰ
462 5491 767 5561 πρόγνωσιν
795 5486 889 5540 τοῦ
918 5487 1096 5541 πάντα
1124 5483 1322 5544 εἰδότος
1350 5479 1485 5533 Θεοῦ
1509 5495 1520 5507 ·
1555 5480 1661 5539 ἵνα.
1694 5479 1865 5533 καθά-

286 5599 391 5652 περ
417 5582 518 5651 ῆδη
547 5579 903 5650 προείπομεν,
931 5574 1292 5648 ἀρχαιοτέραν
1323 5571 1536 5641 ἔχωμεν
1564 5570 1660 5639 τῆς
1694 5569 1864 5622 κατά-

360 5758 378 5787 ⁵
408 5757 602 5824 Ephcs.
626 5754 817 5820 1,35.
894 5754 914 5783 ⁹
941 5752 1131 5805 Matth.
1171 5762 1296 5810 xxv,
1336 5747 1424 5800 5i.

1508 5746 1549 5776 ¹⁰
1577 5744 1708 5797 Gen.
1744 5758 1824 5807 ιιι,
1870 5744 1946 5797 19.

1961 4657 2221 4725 ejusmodi
2259 4657 2373 4726 spei
2405 4658 2516 4725 egit
2556 4658 2607 4713 in
2652 4658 2788 4715 Filio
2829 4676 2951 4725 suo,
3007 4670 3060 4716 et
3110 4661 3161 4715 in
3206 4664 3544 4733 adoptionem

1963 4764 2059 4804 nos
2101 4749 2447 4818 prtedestinat
2490 4765 2587 4821 per
2625 4752 2835 4822 ipsum,
2880 4754 3135 4824 omnique
3172 4754 3547 4809 benedictione

1965 4839 2195 4908 spiritali
2225 4839 2495 4909 dignatur,
2514 4842 2679 4897 etiam
2721 4845 2957 4899 uondmn
2990 4845 3159 4902 factos
3187 4864 3200 4901 :
3227 4857 3303 4914 ut,
3332 4849 3547 4914 quando

1968 4934 2311 5002 contingeret
2354 4934 2409 4989 in
2450 4945 2679 4990 mortem
2734 4936 2840 4992 labi
2883 4953 2980 5007 per
3023 4938 3543 5008 praevaricationem,

1967 5025 2130 5079 veluti
2163 5040 2231 5079 ex
2276 5026 2454 5094 prisca
2504 5027 2593 5081 illa
2645 5028 2823 5083 radice
2858 5043 3049 5083 rursus
3098 5034 3151 5084 in
3194 5031 3304 5083 vita
3350 5039 3544 5086 natura

1970 5115 2337 5186 repullularet,
2371 5127 2423 5172 et
2458 5126 2713 5188 tauquam
2755 5118 2866 5187 jam
2918 5130 3043 5175 ante
3091 5122 3397 5187 benedicta,
3440 5139 3545 5176 non

1973 5204 2025 5258 in
2054 5205 2367 5259 universum
2405 5208 2769 5263 maledictioui
2806 5210 3039 5264 obnoxia
3076 5212 3249 5276 ﬁeret,
3294 5226 3414 5267 cum
3446 5227 3547 5268 au-

1971 5293 2112 5347 diret
2161 5314 2172 5349 :
2224 5312 2244 5345 ι
2278 5296 2445 5350 Terra
2494 5314 2575 5362 es,
2635 5309 2689 5353 ct
2735 5301 2787 5353 in
2828 5310 3029 5355 terram
3086 5302 3376 5359 reverteris
3422 5304 3485 5360 ‘°.
3524 5324 3544 5356 ι

1972 5381 2141 5436 Antca
2159 5383 2342 5453 itaque
2367 5384 2869 5441 nobisfuudamcuti
2892 5388 3010 5443 loco
3027 5390 3248 5459 ponitur
3277 5390 3545 5455 Christus,

1973 5474 2210 5543 atquein
2233 5476 2350 5544 ipso
2372 5490 2469 5531 nos
2500 5492 2691 5533 omnes
2719 5479 3234 5548 supcrzediiicamur,
3260 5490 3311 5534 ct
3333 5480 3547 5549 quidem

1973 5577 2096 5621 ante
2123 5568 2456 5625 creationem
2487 5573 2671 5627 mundi
2695 5572 2848 5641 juxta
2889 5576 3274 5643 praenotionem
3307 5572 3397 5627 Dei
3428 5587 3547 5625 ont-
