4072 6570
528 339 638 399 295
1354 328 1357 331 ’
1524 332 1584 385 S.
1631 329 1908 386 CYlilLlJ
1950 325 2422 383 ALEXANDRINI
2457 327 2779 385 ARCHIEP.
3773 329 3911 389 296

536 470 627 509 ma
659 453 1023 524 prtescientts,
1082 459 1163 517 ut,
1198 449 1651 518 quemadmodum
1679 448 1841 504 modo
1867 449 2122 513 diximus,

2296 468 2328 515 ης
2354 452 2452 520 τὴν
2482 451 2751 520 εὐλογίαν,
2774 450 2868 503 καὶ
2896 452 2993 519 τῆς
3022 452 3101 514 είς
3121 450 3213 504 τὸν
3236 449 3465 504 θάνατον
3489 450 3904 519 καταδίκης,

536 544 816 614 antiquior
848 545 900 597 in
935 542 1093 597 nobis
1132 542 1203 596 sit
1249 540 1556 595 benedictio
1587 555 1749 609 quam
1794 540 2122 605 maledictio,

2298 561 2323 594 ν
2364 545 2445 605 είς
2494 542 2639 612 ζωὴν
2686 542 3000 612 ὑπόσχεσιν,
3029 543 3122 596 καὶ
3170 541 3271 613 τῆς
3323 543 3388 594 ἐκ
3432 542 3533 595 τοῦ
3573 541 3906 595 διαϐόλου

535 637 808 705 antiquior
837 634 1125 705 promissio
1153 633 1220 686 ad
1254 633 1421 685 vitam
1455 646 1617 700 quam
1647 631 2029 686 condemnatio
2058 632 2125 686 ad

2293 631 2486 695 υλείας,
2513 633 2611 703 τῆς
2642 632 2914 695 υἱοθεσίας
2939 632 3036 703 τὴν
3061 632 3393 702 ἐλευθερίαν.
3412 634 3803 704 ’Λνατρὲχει
3836 636 3901 687 δὲ

538 738 804 795 mortem,
854 726 1135 796 antiquior
1185 724 1464 794 adoptatio
1518 723 1568 777 in
1598 723 1901 776 libertatem
1963 735 2125 789 quam

2299 717 2460 789 φύσις
2482 721 2561 784 εἰς
2590 721 2651 773 τὸ
2682 722 2929 791 ἀρχαῖον,
2970 722 3039 775 τὰ
3082 720 3288 791 μεταξὺ
3319 722 3773 793 συμϐεϐηκότα
3812 743 3906 775 νι-

538 820 806 874 diabolica
831 818 1087 874 servitus.
1133 815 1290 870 Redit
1322 823 1503 868 autem
1535 822 1728 867 natura
1764 813 1815 866 in
1842 815 2126 882 pristinum

2292 827 2462 882 ισασα,
2494 810 2580 863 διὰ
2618 811 2718 882 τὴν
2763 813 2923 883 χάριν
2955 812 3049 866 τοῦ
3085 813 3527 884 θεμελιώσαντος
3559 814 3792 884 αὐτὴν
3834 816 3900 866 ὲν

539 922 764 979 statum,
792 912 1063 981 superatis
1081 924 1199 979 quae
1223 909 1477 976 deinceps
1508 907 1556 960 ei
1582 906 1920 969 acciderunt,
1953 905 2127 975 gratia

2288 904 2453 967 ναθοϊς
2498 906 2555 956 ἐν
2596 905 2839 975 Χριστῷ,
2886 906 2981 959 καὶ
3012 907 3174 961 πάλιν
3204 910 3379 961 ἐκεῖνο
3422 908 3667 977 γίνεται
3729 908 3896 977 ὅπερ

540 1018 606 1057 ac
645 1003 913 1057 benelicio
961 1000 1103 1055 illius
1151 999 1241 1068 qui
1291 1013 1409 1053 eam
1466 996 1711 1050 fundavit
1768 996 1819 1049 in
1872 996 2026 1049 bonis
2076 996 2127 1048 in

2284 1014 2295 1047 ι
2322 998 2379 1049 ἐν
2410 997 2716 1067 προγνώσει
2752 998 2845 1051 τοῦ
2888 998 3046 1063 Θεοῦ,
3074 999 3132 1064 ἐξ
3166 999 3385 1071 ἀγάπης
3416 998 3892 1072 προοριζῡμὲδη

541 1091 795 1154 Christo,
829 1103 1152 1158 rursumque
1196 1089 1252 1141 fit
1287 1088 1338 1142 id
1369 1087 1541 1155 ipsum
1582 1088 1726 1154 quod
1762 1097 1880 1140 erat
1913 1088 1965 1140 in
1999 1100 2131 1154 prae—

1639 1088 1726 1140 tod
1762 1097 1880 1140 erat
1913 1088 1965 1140 in
1999 1100 2131 1154 prae-
2233 1087 2369 1156 πρὸς
2407 1089 2583 1143 πάντα
2616 1088 2684 1142 τὰ
2707 1088 2967 1143 κάλλιστα
2995 1090 3062 1143 δι’
3092 1089 3247 1144 Υίοῦ.

544 1183 766 1238 notione
820 1183 935 1247 Dei,
982 1197 1048 1236 ex
1103 1179 1370 1235 charitate
1416 1177 1801 1246 praedestinata
1838 1179 1903 1231 ad
1951 1177 2131 1230 otnuia

546 1277 747 1345 optima
781 1290 877 1344 per
916 1273 1130 1327 Filium.

731 1382 966 1448 ALIUD,
1013 1398 1105 1451 per
1134 1380 1531 1434 similitudinem
1561 1391 1608 1432 et
1634 1379 1951 1441 exemplum.

1851 1395 1951 1431 um.
2582 1387 2785 1451 ΑΛΛΟ,
2825 1384 2906 1453 ὡς
2943 1388 3014 1441 ἐν
3049 1384 3459 1459 ὑποδείγματι.

620 1520 885 1575 Caeterum
923 1532 1145 1572 necesse
1185 1524 1269 1571 est
1300 1528 1360 1570 ut
1389 1517 1701 1570 accuratius
1745 1514 2135 1585 investigemus

2307 1519 2431 1583 Πῶς
2474 1521 2607 1591 ἡμῖν
2651 1519 3107 1591 προθεμελιοῦται
3138 1524 3170 1593 ἡ
3206 1521 3299 1575 τοῦ
3334 1520 3471 1575 Θεοῦ
3514 1524 3711 1592 σοφία
3760 1523 3878 1591 πρὸ

553 1611 709 1683 175
729 1626 835 1681 quo
854 1618 1010 1678 pacto
1026 1608 1182 1663 nobis
1200 1607 1463 1677 sapientia
1485 1606 1576 1661 Dei
1613 1616 1741 1659 ante
1766 1604 1962 1659 sarcula
1997 1619 2134 1671 prae-

2271 1611 2331 1663 οῦ
2355 1610 2570 1673 αἰῶνος,
2590 1610 2888 1678 ἀναγκαῖον
2920 1611 3247 1665 ἱδεῖν.Ὥσπε
3256 1630 3285 1683 ρ
3311 1613 3364 1664 εί
3381 1630 3465 1676 τις
3482 1613 3874 1684 ἀρχιτέκτων

548 1704 768 1759 fundata
790 1700 1442 1767 fuerit.Quemadmodum
1466 1701 1510 1753 si
1535 1700 1657 1768 quis
1678 1698 2029 1763 architectus,
2048 1698 2139 1750 do-

2263 1702 2402 1771 τοφδς
2418 1702 2567 1755 οἴκου
2592 1703 2939 1771 κατασκευῆς
2962 1705 3282 1774 ἀρχόμενος,
3304 1706 3570 1776 ἐννοήσας
3591 1723 3689 1771 τε,
3710 1708 3871 1759 κατά

548 1812 670 1851 mus
709 1794 1124 1849 aedificationem
1176 1791 1465 1862 incipiens,
1516 1791 1761 1859 cogitans
1815 1805 2024 1853 secum,
2078 1798 2137 1843 ut

2256 1792 2480 1856 τὸεὶκδς,
2514 1794 2589 1863 μή
2620 1810 2671 1845 τι
2702 1793 2811 1863 ἄρα
2836 1796 2929 1847 καὶ
2961 1795 3145 1861 πάθοι,
3179 1797 3457 1868 προίόντος
3482 1796 3582 1850 τοῦ
3624 1799 3864 1867 χρόνον,

547 1906 647 1961 par
676 1898 781 1954 est,
808 1904 875 1942 ne
896 1888 1090 1943 domus
1115 1902 1369 1942 successu
1402 1885 1664 1954 temporis
1695 1884 1916 1953 aliquod
1945 1885 2133 1937 vitium

2258 1885 2350 1936 τῶν
2381 1884 2480 1936 ὅσα
2515 1884 2726 1951 πέφυκε
2754 1884 2997 1952 γίνεσθαι
3025 1887 3153 1955 περὶ
3192 1885 3290 1949 τὰς
3323 1886 3429 1939 τῶν
3455 1886 3866 1957 οἰκοδομημὰ-

550 1981 781 2052 accipiat
817 1994 1002 2034 eorum
1046 1993 1166 2047 quae
1204 1977 1450 2032 domibus
1491 1976 1744 2031 accidere
1783 1974 1980 2039 solent,
2042 1974 2136 2027 llr-

2254 1993 2349 2029 των
2379 1976 2746 2039 κατασκευὰς,
2771 1974 3021 2046 θεμέλιον
3045 1978 3262 2048 ἀρραγῆ
3290 1978 3738 2043 καταϐάλλεται,
3763 1978 3862 2031 καὶ

552 2073 856 2127 missimum
911 2070 1319 2124 fundamentum
1356 2067 1525 2137 jacit,
1577 2083 1641 2122 ac
1689 2067 1853 2121 veluti
1902 2067 2137 2120 radicem

2252 2068 2403 2140 ῥίζαν
2428 2068 2620 2139 ὥσπερ
2652 2068 2947 2139 ἀκλόνητον
2988 2072 3097 2133 τοῖς
3146 2070 3329 2142 ἔργοις
3355 2072 3581 2136 ἐπινοεῖ,
3617 2072 3696 2123 ἵν’
3726 2072 3787 2124 εἴ
3808 2088 3860 2123 τι

553 2164 936 2217 inconcussam
959 2160 1215 2228 operibus
1239 2161 1529 2229 excogitat,
1558 2169 1637 2225 ut,
1663 2158 1705 2211 si
1733 2159 1922 2211 vitium
1952 2155 2139 2219 faciat,

2255 2161 2338 2214 καὶ
2388 2160 2549 2214 πάθοι
2599 2161 2912 2233 σωζομένην
2957 2161 3146 2231 ἔχοντα
3181 2162 3279 2233 τὴν
3306 2163 3502 2233 ἀρχὴν,
3536 2160 3716 2227 αὖθις
3756 2162 3863 2217 ἐπ’

554 2271 678 2310 cum
702 2254 1027 2324 principium
1062 2253 1178 2307 sive
1202 2252 1614 2306 fundamentum
1639 2250 1842 2304 salvum
1866 2249 1958 2313 sit,
1982 2247 2140 2301 aliam

2250 2252 2383 2323 αὐτῇ
2431 2252 2524 2305 καὶ
2554 2253 2853 2323 ἀναστῆναι
2885 2253 3119 2324 δυνηθῇ·
3154 2254 3247 2307 τὸν
3284 2255 3444 2308 αὐτὸν
3473 2256 3540 2327 δὴ
3573 2257 3801 2327 τρόπον
3832 2258 3858 2307 ὁ

555 2361 747 2401 rursus
775 2345 996 2400 domum
1039 2345 1087 2398 ei
1131 2353 1518 2413 superstruere
1563 2341 1730 2411 possit
1767 2355 1780 2389 :
1822 2340 2010 2395 eadem
2052 2354 2144 2393 ra-

2250 2344 2465 2396 πάντων
2511 2344 2865 2416 δημιουργὸς,
2913 2346 3011 2419 τῆς
3065 2346 3340 2417 ἡμετέρας
3394 2347 3683 2419 σωτηρίας
3720 2364 3858 2417 προ-

558 2437 710 2493 tioue
737 2437 979 2492 omnium
1015 2444 1232 2490 creator
1260 2434 1536 2489 Christum
1571 2432 1763 2487 salutis
1797 2440 1996 2487 nostra:
2029 2429 2146 2483 fun-

2248 2434 2574 2500 εθεμελίωσε
2604 2435 2693 2488 τὸν
2719 2435 2973 2505 Χριστὸν,
3006 2437 3098 2488 καὶ
3125 2436 3231 2507 πρὸ
3256 2437 3357 2504 τῆς
3382 2435 3474 2489 τοῦ
3504 2438 3735 2507 κόσμου
3760 2454 3854 2488 και

559 2529 873 2584 damentum
901 2528 1063 2583 etiam
1110 2537 1236 2582 ante
1280 2527 1613 2581 creationem
1653 2526 1837 2579 mundi
1885 2524 2038 2593 jecit,
2079 2532 2139 2577 ut

2248 2526 2540 2594 τασκευῆς,
2568 2525 2634 2577 ἵν’
2662 2524 2962 2596 ἐπειδήπερ
2993 2525 3174 2595 συμϐῇ
3204 2529 3386 2579 πεσεῖν
3414 2526 3500 2580 διὰ
3526 2527 3631 2595 τὴν
3664 2527 3856 2597 παρὰ-

557 2634 681 2673 cum
710 2633 831 2673 eam
878 2632 973 2687 per
1021 2627 1302 2686 peccatum
1343 2616 1660 2671 labefactari
1703 2615 2012 2685 contigerit,
2043 2614 2147 2668 ite-

2250 2614 2428 2678 ϐασιν,
2459 2612 2614 2679 αὖθις
2653 2616 3071 2686 ἁνακτισθῶμεν
3104 2618 3192 2669 ἐπ’
3223 2618 3568 2687 αὐτῷ.’¹οσον
3616 2620 3728 2689 μὲν
3760 2617 3852 2671 οὖν

560 2725 682 2764 rum
716 2711 767 2763 iu
796 2712 913 2779 ipso
946 2710 1333 2765 instaurentur.
1366 2708 1641 2774 Quantum
1671 2708 1833 2779 igitur
1860 2707 2053 2762 attinet
2081 2707 2149 2760 ad

2251 2710 2332 2771 εἰς
2362 2708 2555 2779 βουλήν
2580 2725 2639 2760 τε
2667 2710 2760 2761 καὶ
2788 2709 3044 2777 πρόθεσιν
3072 2709 3166 2762 τοῦ
3200 2710 3434 2780 Πατρὺς,
3461 2711 3557 2765 καὶ
3604 2712 3723 2783 πρὸ
3759 2711 3850 2763 τοῦ

561 2806 849 2862 consilium
887 2814 941 2858 et
968 2804 1305 2875 prepositum
1349 2803 1546 2862 Patris.
1586 2803 1750 2858 etiam
1781 2811 1906 2857 ante
1950 2800 2148 2857 sazcula

2253 2799 2447 2863 αἰῶνος
2490 2798 2832 2870 θεμελιοῦται
2865 2800 3133 2870 Χριστόςο
3177 2800 3237 2853 τὸ
3268 2800 3323 2853 δέ
3368 2819 3429 2870 γε
3464 2801 3631 2871 ἔργον
3658 2803 3852 2870 οἰκείῳ

564 2897 827 2952 fundatur
850 2897 1135 2958 Christus;
1166 2911 1301 2964 opus
1333 2911 1461 2951 vero
1482 2895 1656 2964 ipsum
1680 2909 1778 2950 suo
1804 2904 2044 2963 tempore
2073 2892 2153 2947 ef-

2251 2892 2443 2960 γέγονε
2498 2891 2695 2961 καιρῷ,
2746 2888 2917 2954 οὓτως
2969 2892 3307 2964 ἀπαιτούσης
3358 2893 3455 2963 τῆς
3503 2894 3704 2965 χρείας
3756 2892 3850 2945 τοῦ

561 2990 763 3045 fectum
795 2998 902 3055 est,
941 2990 1015 3043 ita
1049 2989 1299 3059 exigente
1339 2987 1418 3042 rei
1475 2987 1826 3043 necessitate.
1858 2982 2151 3040 Instaurati

2255 2983 2601 3054 πράγματος.
2622 2981 3024 3052 Ἀνανεούμεθα
3057 2984 3167 3054 γὰρ
3214 2984 3272 3036 ἐν
3319 2984 3539 3055 Χριστῷ
3574 2984 3727 3036 κατὰ
3759 2984 3849 3035 τὸν

562 3080 708 3136 enim
742 3093 932 3134 sumus
985 3080 1039 3133 in
1088 3078 1328 3144 Christo,
1382 3077 1646 3132 adventus
1698 3076 1779 3131 sui
1831 3077 1884 3130 in
1930 3088 2150 3130 carnem

2254 3075 2353 3144 τῆς
2396 3073 2697 3145 ἐπιδημίας
2738 3073 2951 3145 καιρὸν,
2984 3074 3157 3128 οἱκαὶ
3198 3076 3366 3129 πάλαι
3418 3076 3519 3147 τῆς
3565 3076 3847 3148 σωτηρίας

567 3174 828 3239 tempore,
857 3170 925 3223 ab
951 3178 1156 3224 aeterno
1192 3167 1382 3223 salutis
1413 3179 1611 3223 nostrae
1635 3168 2043 3223 fundamentum
2072 3167 2151 3237 ip-

1356 3183 1382 3223 s
1413 3179 1611 3223 nostra:
1635 3168 2043 3223 fundamentum
2072 3167 2151 3237 ip-
2184 3205 2226 3264 ο
2259 3166 2419 3220 αὐτὸν
2451 3165 2701 3237 θεμέλιον
2729 3166 2964 3237 ἔχοντες.

567 3276 689 3317 sum
719 3261 1004 3316 habentes.

902 3390 1170 3480 ASSE
1192 3389 1477 3481 BT10
1547 3392 1813 3481 XVI.

1748 3392 1813 3476 Ι.
2735 3380 3099 3469 ΛΟΓΟΣ
3175 3380 3299 3470 Ιίνῖ
3312 3376 3356 3465 ’.

572 3561 651 3616 De
689 3561 982 3615 azterm'tate
1026 3558 1176 3619 Filii,
1217 3570 1430 3632 et_quna
1468 3559 1892 3626 inseparabiliter
1936 3576 2000 3615 ex
2029 3561 2152 3617 sub-

2252 3561 2391 3631 Hepl
2427 3560 2764 3632 ἁϊδιότηινος
2794 3561 2955 3632 ἴζίοῦ,
3008 3562 3107 3615 καὶ
3135 3562 3226 3616 ὅτι
3254 3563 3593 3631 ἀμερίστως
3622 3562 3842 3632 προῆλα

1022 3632 1223 3684 stautia
1258 3627 1437 3683 Patris
1467 3641 1699 3684 emanat.
2331 3627 2345 3631 ⁷
2550 3633 2630 3685 θει

2331 3627 2345 3631 ⁷
2550 3633 2655 3685 θεν
2678 3631 2746 3685 ἐκ
2773 3630 2884 3699 τῆς
2914 3633 3130 3699 οὐσίας
3163 3633 3269 3687 τοῦ
3292 3627 3544 3700 Πάτρός.

576 3745 813 3815 Objectio
872 3744 1235 3806 Arianorum;
1296 3760 1454 3824 quam
1511 3760 1623 3798 sua:
1667 3756 1957 3815 sequuntur
2006 3745 2153 3800 solu-

1267 3823 1454 3867 tiones.

2269 3742 2591 3809 Ἀντίθεσις
2617 3744 2938 3812 Ἀρειανών
2959 3762 2972 3776 ·
3000 3746 3152 3815 πρὸς
3177 3744 3259 3815 ἢν
3278 3750 3340 3801 αἱ
3357 3749 3572 3815 λύσεις
3594 3750 3835 3818 ἑφεξῆς.

1292 3830 1454 3868 801188.

647 3931 717 3984 At
747 3944 854 3999 quo
894 3936 1072 3998 pacto,
1123 3927 1399 3997 inquiunt,
1429 3929 1597 3998 possit
1629 3944 1749 3986 esse
1793 3937 2029 3987 aeternus
2064 3932 2155 3987 Fi-

2330 3920 2440 3972 Καὶ
2471 3918 2588 3982 πῶς
2631 3919 2698 3973 ἂν
2730 3918 2971 3985 δύναιτο,
3008 3920 3191 3989 φασὶν,
3221 3920 3391 3984 ἀΐδιος
3439 3914 3576 3973 εἶναι
3620 3921 3649 3973 ό
3680 3920 3832 3983 Υίός;

578 4021 717 4077 lius?
743 4022 849 4074 Aut
868 4019 1163 4089 quomodo,
1181 4036 1306 4076 cum
1331 4035 1396 4076 ex
1425 4020 1586 4076 Patre
1612 4024 1891 4091 procedat,
1916 4040 2020 4080 non
2044 4040 2159 4078 om-

2260 4011 2377 4075 πῶς
2409 4011 2467 4063 δέ
2508 4011 2786 4083 προελθὼν
2829 4013 2894 4064 ἐκ
2942 4012 3173 4082 Πατρός,
3208 4013 3269 4065 οὐ
3305 4012 3523 4074 πάντως
3553 4010 3721 4064 αὐτοῦ
3750 4013 3833 4063 καὶ

580 4114 709 4169 nino
758 4113 827 4166 ab
886 4113 1002 4182 ipso
1062 4114 1392 4182 separetur?
1463 4113 1599 4169 Nam
1651 4116 1794 4185 quod
1856 4132 1917 4171 ex
1980 4118 2160 4187 aliquo

2264 4104 2629 4175 μεμέρισται;
2657 4103 2730 4155 Τὸ
2758 4103 2865 4173 γὰρ
2895 4102 2959 4155 ἐκ
2984 4120 3129 4166 τινος
3158 4103 3438 4173 προελθὸν,
3471 4103 3637 4173 μέρος
3666 4103 3731 4156 ἂν
3754 4104 3830 4173 εἵη

578 4203 857 4274 procedit,
932 4216 1159 4258 necesse
1224 4214 1308 4258 est
1369 4211 1427 4258 ut
1475 4206 1546 4259 sit
1601 4220 1727 4274 pars
1782 4207 2033 4260 essentia:
2094 4222 2158 4261 ex

2261 4197 2360 4268 τῆς
2388 4197 2595 4260 οὐσίας,
2624 4196 2716 4265 ἀφ’
2750 4190 2817 4266 ἦς
2847 4197 2941 4249 καὶ
2968 4195 3324 4266 προελήλυθε.
3347 4194 3423 4248 Τὸ
3448 4195 3505 4247 δὲ
3538 4194 3682 4259 ἅπαξ
3706 4197 3831 4248 ἁπο-

579 4313 686 4366 qua
736 4295 1027 4367 processit.
1085 4296 1238 4362 Quod
1292 4305 1470 4350 autem
1516 4306 1823 4365 separatum
1870 4308 2043 4352 estac
2077 4299 2161 4351 di-

1876 4308 1954 4351 est
1980 4314 2043 4352 ac
2077 4299 2161 4351 di-
2266 4288 2542 4360 μερισθὲν,
2570 4288 2671 4341 οὐκ
2704 4287 2770 4341 ἂν
2797 4287 3089 4358 ὁλόκληρον
3122 4284 3259 4342 εἶναι
3293 4291 3484 4342 νοοῖτο.

581 4389 781 4454 visum,
809 4386 1062 4442 omnibus
1091 4387 1207 4441 suis
1240 4387 1483 4454 partibus
1511 4387 1777 4458 integrum
1806 4405 1927 4446 esse
1953 4392 2162 4461 nequit.

1037 4497 1241 4554 Salutio
1273 4514 1366 4567 per
1396 4500 1709 4569 exemplum.
2195 4559 2239 4613 Β
2619 4498 2645 4549 Ἷ

2195 4559 2239 4613 D
2619 4496 2716 4562 Ἐξ
2754 4496 3189 4566 ὑποδείγματος
3226 4497 3264 4564 ἡ
3303 4497 3506 4561 λύσις.

654 4630 791 4698 Quid
828 4631 991 4702 igitur
1016 4631 1198 4685 dicent
1225 4629 1475 4685 accidere
1503 4632 1627 4698 soli,
1658 4635 1875 4703 quando
1902 4637 2159 4706 Splendo-

2336 4634 2401 4686 Τί
2438 4630 2530 4686 οῦν
2579 4631 2687 4704 ἄρα
2720 4633 2946 4701 φήσουσι
3000 4630 3319 4702 συμϐαίνειν
3364 4632 3494 4700 περὶ
3535 4632 3625 4684 τὸν
3670 4631 3824 4701 ἥλιον,

586 4739 699 4779 rem
737 4738 893 4779 suum
924 4738 990 4777 ex
1029 4738 1087 4777 se
1122 4723 1358 4777 emittit?
1396 4724 1533 4791 Quid
1572 4725 1702 4795 igni,
1753 4742 1816 4781 ex
1862 4744 1969 4798 quo
2010 4730 2161 4785 calor

2265 4728 2395 4781 ὅταν
2429 4726 2691 4799 ἐκπέμπῃ
2736 4726 2797 4777 τὸ
2849 4724 2978 4778 ἴδιον
3027 4724 3403 4793 ἀπαύγασμα;
3439 4724 3504 4775 Τί
3544 4724 3600 4775 δέ
3630 4727 3744 4795 περὶ
3769 4726 3823 4779 τὸ

585 4815 858 4886 procedit?
908 4815 1366 4885 Separationesne
1416 4831 1481 4871 ac
1523 4817 1818 4873 divisiones
1860 4821 1911 4874 in
1952 4820 2161 4889 ejusce-

2266 4820 2378 4892 πῦρ
2405 4819 2684 4888 νομίζουσι
2727 4818 2993 4886 γίνεσθαι,
3026 4818 3153 4871 ὅταν
3186 4817 3246 4881 ἐξ
3285 4815 3480 4870 ἑαυτοῦ
3508 4817 3609 4887 τὴν
3636 4818 3821 4887 θερμα-

586 4908 730 4962 modi
775 4906 1094 4961 substantiis
1129 4906 1244 4960 fieri
1292 4908 1554 4961 censent?
1599 4909 1668 4962 At
1698 4924 1826 4964 vero
1869 4909 1950 4964 sol
1984 4927 2162 4966 nonne

2269 4911 2390 4964 σίαν
2421 4911 2717 4983 ἐκπέμπῃς
2749 4910 3069 4979 Μερισμοὺς
3096 4905 3204 4979 ἆρα
3227 4910 3320 4963 καὶ
3341 4908 3626 4972 ἀποκοπὰς
3648 4910 3701 4961 ἐν
3718 4912 3819 4972 ταῖς

586 4999 656 5053 ita
705 4997 944 5067 splendet
989 5005 1051 5052 ut
1098 4998 1242 5051 nulla
1292 4998 1502 5053 ratione
1546 5000 1939 5053 imminuatur?
1978 5001 2162 5070 Neque

2266 5001 2545 5064 τοιαύταις
2576 5002 2786 5063 οὐσίαις
2833 4998 3288 5070 ὑπολαμϐάνουσιΔ
3320 4998 3600 5066 γίνεσθαι;
3629 4999 3727 5051 Καὶ
3753 4998 3818 5068 μὴ

583 5091 728 5145 enim
764 5094 1048 5158 quisquam
1087 5090 1428 5159 splendorem
1461 5090 1708 5146 localiter
1759 5092 1827 5145 ab
1873 5106 1937 5147 eo
1982 5109 2163 5147 secer-

2269 5094 2474 5165 λάμπει
2499 5062 2598 5163 μὲν
2619 5095 2646 5145 ὁ
2670 5092 2821 5163 ἥλιος
2846 5091 2965 5143 κατ’
2982 5062 3169 5143 οὐδένα
3195 5062 3397 5160 τρόπον
3420 5062 3815 5158 ἐλαττούμενοςξ

585 5194 717 5237 nere
748 5182 935 5249 possit.
972 5180 1052 5234 Ex
1102 5181 1225 5251 igne
1267 5195 1397 5236 vero
1436 5196 1542 5236 non
1595 5182 1886 5250 separatim
1925 5182 2159 5238 calorem

2267 5185 2439 5239 Διέλοι
2488 5185 2533 5237 δ’
2559 5183 2625 5237 ἂν
2653 5183 2829 5246 οὐδεὶς
2877 5181 3117 5244 τοπικῶς
3148 5182 3209 5235 τὸ
3234 5180 3579 5251 ἀπαύγασμα
3623 5181 3706 5233 ἀπ’
3732 5180 3815 5231 αὐ-

586 5275 970 5341 procedentem
1003 5272 1250 5326 videmus
1280 5291 1293 5326 :
1325 5273 1417 5326 sed
1451 5282 1533 5326 est
1556 5274 1723 5341 ipsius
1748 5276 2000 5331 essentia:
2023 5277 2161 5346 ignis

2269 5278 2383 5331 τοῦ.
2404 5277 2536 5330 Ἀπὸ
2561 5275 2615 5328 δέ
2646 5294 2707 5343 γε
2746 5275 2840 5328 τοῦ
2874 5274 3061 5345 πυρὸς.
3092 5275 3151 5327 οὐ
3182 5274 3601 5344 μεμερισμένως
3630 5272 3815 5342 ὁρῶμεν

589 5363 814 5426 fructus,
864 5363 1298 5433 inseparabiliter
1342 5362 1502 5433 176
1542 5377 1606 5418 ex
1658 5364 1773 5433 ipso
1826 5369 2161 5435 procedens,

2269 5370 2367 5441 τὴν
2385 5368 2685 5440 θερμασίαν
2717 5368 3102 5437 ἐκτρέχουσαν,
3136 5366 3251 5421 ἀλλ’
3274 5366 3387 5418 ἔστι
3421 5368 3519 5436 τῆς
3552 5363 3642 5416 τοῦ
3669 5363 3814 5429 πυρὸς

590 5454 730 5508 sicut
758 5463 811 5510 et
841 5456 1096 5526 splendor
1141 5471 1172 5511 e
1202 5456 1339 5511 luce.
1375 5456 1563 5525 Neque
1596 5459 1737 5513 enim
1776 5458 1953 5515 lumen
1984 5462 2166 5518 subsi—

2272 5462 2457 5525 οὐσίας
2500 5459 2711 5531 καρπὸς
2742 5459 3056 5529 ἀμερίστως
3091 5459 3148 5525 ἐξ
3194 5459 3362 5529 αὐτῆς
3399 5457 3632 5527 προῖὼν,
3658 5456 3811 5524 ὥσπερ
3842 5454 3866 5492 ’λ

591 5554 736 5601 stere
771 5556 952 5616 potest
984 5548 1189 5615 absque
1222 5548 1541 5616 splendore;
1578 5564 1751 5617 neque
1791 5552 1930 5617 ignis
1964 5554 2167 5623 absque

2273 5556 2365 5609 καὶ
2388 5555 2450 5607 τὸ
2478 5538 2817 5623 ἀπαύγασμα
2844 5553 2939 5605 τοῦ
2966 5553 3162 5621 φωτός.
3190 5553 3299 5605 Καὶ
3325 5551 3423 5604 οὐκ
3454 5550 3519 5603 ἂν
3546 5551 3626 5619 εἴη
3647 5549 3697 5601 τὸ
3717 5548 3810 5616 φῶς

590 5638 643 5692 vi
672 5631 1045 5694 calefaciendi.
1078 5636 1303 5705 Semper
1324 5639 1467 5692 enim
1499 5641 1875 5695 adhaerescunt
1900 5655 1953 5697 et
1973 5646 2165 5700 adnata

2274 5662 2401 5697 ποτε
2435 5645 2601 5714 χωρὶς
2631 5642 3088 5713 ἀπαυγὰσματος,
3120 5642 3240 5694 οὐδὲ
3282 5641 3344 5693 τὸ
3394 5638 3503 5708 πῦρ
3537 5633 3807 5709 χωρὶς-τοῦ

593 5740 722 5789 sunt
766 5731 899 5798 ipsis
952 5729 1271 5787 substantiis
1315 5746 1434 5799 qure
1489 5746 1552 5785 ex
1610 5733 1675 5788 iis
1722 5735 2033 5799 gignuntur.
2089 5738 2165 5791 lta

2274 5737 2604 5792 θερμαίνειν.
2625 5736 2735 5788 Ἀεὶ
2767 5735 2874 5795 γὰο
2910 5734 3274 5798 παραπέφυκε
3300 5735 3419 5796 ταῖς
3455 5730 3713 5791 τοιαύταις
3735 5728 3811 5781 nt}-
