4072 6550
622 371 727 425 299

1606 367 1663 421 S.
1699 365 1972 421 CYRILLI
2014 365 2484 420 ALEXANDRINI
2525 366 2843 423 ARCHIEP.

3804 366 3924 421 ἲ)οὓ

624 488 710 540 lis.
762 484 869 540 Nos
915 500 977 539 ex
1027 486 1197 538 nihilo
1241 486 1305 537 ad
1343 499 1462 537 esse
1513 483 1744 536 traducti
1789 498 2018 537 sumus:
2052 483 2188 536 Deus

2294 502 2380 548 τος
2406 486 2461 540 δὲ
2484 486 2511 537 6
2532 483 2686 545 Θεός.
2705 485 2797 535 Ἐκ
2822 482 2914 535 τοῦ
2950 482 3022 552 μὴ
3052 483 3201 544 ὄντος
3232 482 3313 544 είς
3336 481 3395 533 τὸ
3421 478 3560 533 εἶναι
3590 480 3848 549 παρὴχθ
3860 500 3921 551 q-

630 591 761 629 vero
799 590 1013 645 semper
1048 586 1099 631 et
1125 585 1265 641 eral,
1294 584 1348 628 et
1374 573 1498 627 erit.
1533 573 1715 639 Qualis
1743 588 1873 627 vero
1906 583 1989 628 est
2029 574 2075 627 is
2097 573 2187 643 qui

623 665 814 734 gignit,
858 666 1015 719 talem
1052 665 1216 719 etiam
1264 678 1385 718 esse
1432 672 1642 732 oportet
1674 663 1762 731 qui
1806 676 1870 716 ex
1921 676 1985 716 eo
2016 661 2188 731 gigni-

625 765 727 809 tur.
762 754 1021 809 IEternus
1074 766 1251 809 autem
1294 765 1377 809 est
1421 754 1561 808 Deus
1613 769 1675 808 ac
1706 754 1883 817 Pater,
1928 763 2188 807 mternum

628 844 803 910 itaque
874 844 1034 896 etiam
1103 844 1242 911 quod
1304 856 1369 895 ex
1437 842 1551 910 ipso
1605 842 1847 910 procedit
1895 840 2100 905 lumen,
2140 853 2193 893 et

626 946 765 999 erat,
796 946 971 989 etest.
1002 936 1201 989 Aderat
1230 936 1390 1003 igitur
1414 934 1599 987 lumini
1630 934 1900 1002 splendor.
1927 933 2190 988 Praeterea

625 1028 850 1079 verbum
896 1029 1033 1092 quod
1063 1042 1126 1079 ex
1163 1026 1377 1079 homine
1408 1025 1671 1094 procedit,
1714 1025 1764 1077 in
1804 1024 2027 1077 nihilum
2063 1038 2187 1079 eva-

629 1120 823 1180 nescit,
857 1128 911 1171 et
938 1133 1110 1184 neque
1146 1118 1323 1169 vivum
1353 1124 1458 1177 est,
1496 1128 1670 1182 neque
1701 1113 1909 1169 eﬂicax.
1940 1112 2071 1168 Nam
2101 1114 2190 1182 qui

624 1208 753 1260 illud
781 1208 947 1275 gignit
990 1208 1149 1259 homo
1189 1223 1250 1259 ex
1286 1207 1452 1259 nihilo
1486 1215 1587 1268 est,
1633 1215 1685 1259 et
1725 1205 2057 1273 corruptioni
2093 1206 2191 1258 ob-

624 1301 837 1355 noxius.
885 1298 1115 1353 Verbum
1152 1308 1329 1350 autem
1364 1298 1455 1351 Dei
1508 1299 1687 1349 vivum
1728 1307 1831 1355 est,
1870 1307 1922 1349 et
1957 1310 2022 1349 ex
2072 1296 2193 1351 vivo

623 1392 944 1459 procedens,
993 1400 1109 1442 erat
1157 1400 1210 1441 et
1254 1398 1335 1443 est
1372 1403 1605 1458 semper.
1652 1387 1834 1457 Neque
1876 1388 2016 1441 enim
2054 1387 2191 1440 Deus

624 1498 856 1549 unquam
908 1491 997 1535 attt
1032 1490 1166 1542 erat,
1220 1488 1311 1533 aut
1364 1481 1466 1532 erit
1510 1479 1711 1549 absque
1745 1478 1939 1532 Verbo.
1990 1477 2192 1530 Idcirco

625 1573 821 1626 Paulus
853 1574 917 1626 de
954 1574 1069 1640 ipso
1103 1572 1308 1639 inquit:
1337 1591 1353 1622 ι
1390 1572 1581 1627 Vivum
1614 1581 1695 1625 est
1734 1570 1965 1625 Verbum
2001 1571 2091 1623 Dei
2119 1580 2194 1622 at-

623 1677 727 1730 que
769 1660 953 1715 efﬁcax
982 1660 1045 1713 “.
1081 1681 1097 1711 ι
1138 1661 1365 1715 Creator
1407 1662 1590 1730 itaque
1633 1671 1735 1724 est,
1785 1670 1838 1714 et
1882 1661 2062 1714 omnia
2098 1674 2193 1728 per

624 1754 792 1821 ipsum
825 1753 965 1809 faeta
1006 1764 1152 1816 sunt,
1186 1763 1239 1807 et
1267 1755 1383 1808 sine
1418 1754 1534 1822 ipso
1568 1753 1765 1807 factum
1798 1763 1879 1807 est
1912 1752 2045 1806 nihil
2071 1753 2132 1805 ¹⁶.
2168 1773 2184 1803 ι

1288 1865 1520 1922 ALIUD.

998 1980 1080 2033 Ex
1119 1981 1400 2048 objectioue
1427 1982 1793 2036 Itwreticorum

698 2109 809 2163 Non
837 2118 940 2173 est,
982 2109 1256 2179 inquiunt,
1298 2111 1549 2166 Christus
1593 2112 1774 2167 innata
1802 2121 1963 2184 atque
1997 2116 2193 2170 inexsi-

625 2207 772 2254 steus
796 2201 902 2254 Deo
932 2202 1165 2269 potentia
1196 2216 1257 2256 ac
1281 2203 1567 2270 sapientia,
1602 2207 1693 2258 sed
1725 2204 1941 2261 diversa
1972 2208 2189 2276 quidem

626 2300 708 2345 est
754 2291 865 2355 illa,
908 2292 972 2345 de
1020 2307 1120 2360 qua
1173 2292 1371 2347 Paulus
1403 2294 1577 2362 inquit
1602 2296 1663 2363 ‘°,
1696 2296 1920 2352 IEterna
1949 2304 2067 2365 ejus
2095 2315 2192 2367 po-

626 2383 793 2435 tentia
838 2390 892 2435 et
937 2382 1111 2437 deitas
1146 2404 1156 2438 :
1190 2384 1331 2439 alius
1375 2398 1505 2439 vero
1540 2385 1608 2439 ab
1642 2387 1744 2440 hac
1793 2396 1875 2441 est
1921 2387 2189 2454 Christus,

623 2474 848 2542 aliaeque
901 2474 1080 2527 multae
1127 2490 1244 2528 cum
1302 2476 1419 2543 ipso
1474 2485 1767 2544 potestates
1814 2488 1866 2531 et
1916 2480 2193 2547 sapientia!

626 2564 929 2633 appellataa.
965 2565 1125 2633 Atqui
1180 2566 1361 2620 innata
1408 2582 1471 2622 ac
1508 2584 1637 2622 vera
1685 2570 1778 2623 Dei
1833 2574 2069 2638 potentia
2109 2584 2190 2627 est

624 2656 860 2709 creatrix
896 2659 1308 2721 universorum;
1346 2660 1425 2714 ha:
1458 2676 1585 2715 vero
1621 2663 1688 2715 ab
1716 2664 1826 2731 ipsa
1857 2665 2014 2719 factae
2042 2677 2188 2727 sunt,

629 2746 838 2800 tametsi
891 2747 1087 2799 eximia
1142 2748 1388 2814 quaedam
1436 2750 1527 2804 Dei
1574 2754 1811 2820 putentia
1863 2770 2023 2824 supra
2063 2758 2191 2811 reli-

631 2852 764 2904 quas
795 2837 865 2892 sit
903 2839 1174 2901 Christus,
1210 2840 1412 2895 idcirco
1446 2840 1584 2896 facta
1616 2852 1671 2896 ut
1700 2845 1953 2899 virtutem
1999 2861 2061 2900 ac
2097 2863 2191 2916 po-

627 2925 846 2978 tentiam
882 2927 1079 2981 tribuat
1112 2929 1174 2982 iis
1205 2930 1294 2997 qui
1326 2944 1387 2984 ea
1419 2940 1579 3000 egent
1614 2950 1626 2985 :
1660 2942 1713 2987 et
1743 2936 2063 3003 sapientiam
2099 2940 2187 2993 det

622 3032 684 3070 ea
730 3018 1027 3087 egentibus,
1074 3029 1239 3088 utque
1279 3021 1424 3089 justa
1475 3022 1669 3076 eﬂiciat
1705 3040 1822 3092 quae
1851 3026 2055 3091 justitia
2101 3046 2191 3084 ca-

624 3114 766 3159 rent.
805 3106 897 3160 Est
936 3107 1139 3175 itaque,
1172 3110 1343 3173 aiunt,
1379 3112 1559 3165 innata
1596 3114 1687 3167 Dei
1718 3117 1951 3182 potentia
1988 3121 2187 3183 princi-

2295 590 2392 643 μεν
2412 592 2423 604 ·
2458 572 2543 627 ἀεὶ
2570 572 2627 625 δὲ
2648 567 2715 641 ἦν
2740 572 2831 622 καὶ
2863 570 3013 623 ἔσται
3045 571 3195 633 Θεός.
3216 572 3423 631 Ὀποῖος
3451 570 3495 622 δ’
3528 570 3599 622 ἂν
3627 572 3663 621 6
3697 566 3921 621 τίκτων

2293 665 2532 734 ὑπάρχῃ,
2562 662 2800 716 τοιοῦτον
2835 658 2971 715 εἶναι
3003 662 3109 732 χρὴ
3141 662 3234 713 καὶ
3269 664 3359 714 τὸν
3392 661 3450 724 ἐξ
3497 660 3682 714 αὑτοῦ
3722 661 3917 712 τικτό-

2296 754 2684 826 μενον.Ἀῖδιος
2726 756 2781 807 δὲ
2812 756 2839 805 6
2869 755 2999 817 Θεὸς
3046 756 3138 807 καὶ
3170 754 3377 824 Πατὴρ,
3418 754 3594 807 ἀῖδιον
3642 753 3777 825 ἄρα.
3824 756 3919 804 καὶ

2292 847 2351 898 τὸ
2378 846 2435 910 ἐξ
2466 846 2631 900 αὑτοῦ
2663 845 2776 915 φῶς
2810 841 2876 915 ἦν
2904 846 2995 898 καὶ
3020 845 3154 898 ἔστι.
3190 846 3357 915 Συνῆν
3385 846 3493 915 ἄρα
3530 844 3617 913 τῷ
3654 846 3825 911 φωτὶ
3858 846 3919 894 τὸ

2293 937 2649 1007 ἀπαύγασμα.
2683 938 2791 989 Καὶ
2839 939 2867 989 6
2920 936 3016 1005 μὲν
3060 937 3117 1001 ἐξ
3164 935 3446 1007 ἀνθρώπου
3474 935 3917 1005 προερχόμενος

2294 1028 2469 1095 λόγος,
2502 1030 2580 1090 είς
2604 1028 2663 1080 τὸ
2702 1028 2774 1098 μὴ
2822 1025 2881 1078 ὃν
2928 1025 3238 1085 ἀναλύεται,
3273 1026 3363 1078 καὶ
3392 1024 3514 1078 οὔτε
3549 1025 3669 1087 ζῶν
3721 1027 3907 1083 ἐστιν,

2293 1116 2416 1169 οὗτε
2447 1117 2695 1187 ἐνεργής.
2719 1117 2827 1167 Καὶ
2857 1114 2966 1184 γὰρ
2992 1114 3087 1166 καὶ
3112 1114 3140 1165 6
3163 1111 3347 1165 τοῦτον
3375 1112 3653 1181 γεννήσας
3676 1111 3907 1179 ἄνθρω-

2294 1224 2413 1271 πος,
2446 1209 2507 1260 ὲκ
2534 1208 2625 1261 τοῦ
2658 1208 2731 1277 μὴ
2756 1206 2907 1269 ὖντος
2938 1207 3052 1257 ἐστὶ
3076 1205 3169 1257 καὶ
3204 1202 3485 1256 ὑπόκειται
3520 1203 3737 1273 φθορᾷ.
3761 1204 3832 1255 Ὀ
3857 1205 3909 1255 δὲ

2293 1300 2386 1352 τοῦ
2409 1298 2548 1351 Θεοῦ
2577 1299 2747 1365 Λόγος
2786 1296 2892 1359 ζῶν
2930 1299 3079 1349 ἐστι’
3112 1295 3205 1347 καὶ
3237 1297 3299 1347 ὲκ
3329 1293 3531 1357 ζῶντος
3570 1294 3905 1363 προελθὼν,

2292 1385 2360 1459 ἦν
2398 1389 2484 1442 ἀεὶ
2512 1390 2605 1442 καὶ
2638 1388 2804 1441 ἐστιν.
2831 1387 2903 1439 Οὑ
2933 1386 3039 1456 γὰρ
3065 1381 3154 1455 ἦν,
3188 1385 3307 1437 οὑδὲ
3339 1384 3487 1437 ἔσται
3521 1385 3685 1448 ποτὲ,
3718 1389 3905 1454 χωρὶς

2296 1482 2467 1548 Λόγου
2484 1481 2633 1543 Θεὸς.
2666 1479 2776 1533 Καὶ
2806 1480 2933 1547 γοῦν
2958 1480 2984 1531 6
3014 1476 3226 1539 Παῦλός
3256 1494 3385 1546 φησι
3419 1476 3547 1547 περὶ
3570 1477 3787 1536 αὑτοῦ,
3820 1479 3898 1528 ὅτι

2301 1594 2317 1624 ε
2347 1573 2461 1625 Ζῶν
2497 1574 2525 1623 6
2558 1572 2727 1639 Λόγος
2756 1570 2848 1622 τοῦ
2877 1568 3011 1622 Θεοῦ
3064 1570 3158 1620 καὶ
3197 1569 3443 1635 ἐνεργής.
3479 1585 3498 1617 ι
3536 1570 3901 1638 Δημιουργὺς

2294 1657 2424 1725 γοῦν
2452 1659 2587 1717 ἐστι,
2618 1657 2710 1709 καὶ
2741 1657 2915 1709 πάντα
2944 1644 3133 1724 γέγονε
3160 1656 3227 1708 δι’
3252 1654 3436 1718 αὑτοῦ,
3468 1656 3564 1708 καὶ
3585 1657 3774 1727 χωρὶς
3804 1658 3900 1710 a6-

2294 1749 2385 1801 τοῦ
2416 1748 2631 1816 ἐγένετο
2658 1747 2778 1799 οὑδὲ
2806 1748 2882 1798 ἐν.

2988 1864 3187 1917 ΑΛΑΟ.

2531 1972 2629 2038 Ὡς
2668 1971 2735 2037 ἐξ
2775 1973 3129 2039 ἀντιθέσεως
3168 1972 3285 2027 τῶν
3321 1974 3654 2045 αἱρετικῶν.

2370 2103 2483 2157 Οὑκ
2514 2103 2648 2169 ἔστι,
2682 2105 2867 2172 φασὶν,
2894 2107 2922 2157 6
2948 2105 3181 2175 Χριστὸς
3220 2107 3252 2175 ἡ
3308 2104 3547 2176 ἔμφυτος
3582 2108 3688 2159 καὶ
3723 2109 3891 2160 ἐνυπ-

2301 2196 2541 2266 άρχουσα
2573 2196 2650 2264 τῷ
2676 2195 2794 2265 Θεῷ
2819 2195 3049 2265 δύναμις
3095 2196 3188 2248 καὶ
3228 2196 3405 2264 σοφία,
3438 2197 3553 2249 ἀλλ’
3581 2197 3762 2267 ἑτέρα
3798 2199 3891 2267 μὲν

2301 2286 2480 2356 ἐκείνη
2514 2287 2639 2355 περὶ
2664 2282 2731 2356 ἧς
2759 2288 2853 2338 καὶ
2876 2287 2903 2338 6
2922 2285 3135 2349 Παῦλός
3165 2303 3349 2355 φησιν,
3370 2287 3403 2356 ἦ
3428 2303 3486 2338 τε
3518 2287 3701 2350 ἀΐδιος
3724 2288 3889 2340 αὑτοῦ

2299 2378 2527 2447 δύναμις
2561 2377 2655 2429 καὶ
2687 2377 2876 2447 Θεό-της
2897 2393 2910 2407 ο
2951 2377 3137 2447 ἕτερος
3174 2378 3230 2429 δὲ
3279 2380 3408 2448 παρ’
3440 2378 3661 2448 ἐκείνην
3694 2381 3728 2430 6
3757 2381 3889 2450 Χρι-

2304 2468 2450 2529 στὸς,
2489 2467 2583 2519 καὶ¹
2629 2467 2812 2536 ἕτεραι
2851 2466 3041 2520 πολλαὶ
3078 2468 3174 2520 σὺν
3220 2468 3368 2537 αὑτῷ
3398 2469 3664 2537 δυνάμεις
3696 2487 3764 2521 τε
3800 2472 3889 2522 καὶ

2303 2559 2483 2626 σοφίαι
2526 2557 2875 2627 καλούμεναι.
2924 2559 3033 2611 Καὶ
3078 2560 3110 2625 ἡ
3149 2557 3246 2627 μὲν
3295 2560 3531 2627 ἔμφυτος
3573 2560 3758 2623 ὄντως
3802 2563 3889 2613 καὶ

2301 2648 2504 2718 ἀληθὴς
2528 2646 2620 2700 τοῦ
2650 2647 2784 2699 Θεοῦ
2820 2648 3072 2717 δύναμις,
3100 2649 3357 2719 ποιητικὴ
3392 2650 3496 2703 τῶν
3531 2650 3675 2704 ὅλων
3705 2654 3886 2704 ἐστίν·

2301 2739 2356 2791 αί
2396 2738 2451 2789 δὲ
2494 2737 2749 2804 γεγόνασι
2784 2738 2915 2807 παρ’
2940 2739 3129 2807 αὐτῆς,
3158 2740 3204 2791 εί
3237 2739 3329 2790 καί
3357 2755 3441 2800 τις
3477 2739 3772 2810 ἐξαίρετος
3801 2742 3885 2794 το]

2301 2828 2433 2880 Θεοῦ
2458 2828 2686 2896 δύναμις
2718 2829 2867 2897 παρὰ
2917 2828 3013 2892 τὰς
3056 2830 3216 2893 ἄλλας
3246 2831 3478 2901 ὑπάρχει
3516 2832 3785 2901 Χριστὸς,
3815 2837 3889 2895 εἰς

2300 2918 2455 2970 τοῦτο
2472 2918 2758 2987 γενομένη,
2782 2919 2866 2970 ἵνα
2888 2918 3177 2989 δυναμὼσῃ
3200 2922 3267 2974 τὰ
3284 2922 3563 2991 δυνάμεως
3582 2924 3885 2993 χρῄζοντι·

2300 3010 2385 3062 ἵνα
2434 3008 2651 3079 σοφώσῃ
2688 3010 2754 3062 τὰ
2780 3010 3007 3080 δεόμενα
3060 3013 3349 3083 σοφισμοῦ,
3381 3015 3464 3066 ἴνα
3505 3015 3788 3088 δικαιώσῃ
3825 3020 3887 3069 τὰ

2300 3099 2641 3169 δικαιοσύνην
2682 3102 2780 3153 οὑκ
2834 3101 3045 3172 ἔχοντα.
3068 3104 3255 3156 Ἔστιν
3295 3101 3407 3168 οὖν,
3461 3109 3651 3173 φησὶν,
3704 3110 3739 3178 ἡ
3793 3111 3883 3178 μὲν

624 3196 711 3262 pio
734 3212 925 3252 carens
959 3209 1011 3251 et
1040 3214 1141 3252 non
1177 3200 1340 3266 facta,
1370 3202 1436 3255 ab
1460 3213 1662 3257 aeterno
1701 3206 1749 3258 in
1781 3205 1961 3261 Patre.
1995 3208 2188 3265 Factus

2297 3189 2538 3258 ἔμφυτος
2563 3165 2657 3242 τοῦ
2689 3190 2823 3242 Θεοῦ
2857 3165 3084 3262 δῦναμις
3114 3192 3345 3265 ἄναρχός
3370 3165 3427 3246 τε
3460 3165 3553 3246 καὶ
3588 3165 3883 3265 ἀγένητος,

622 3296 705 3340 est
740 3296 913 3341 autem
949 3290 1199 3345 Christus
1245 3293 1402 3347 dictis
1436 3294 1501 3348 de
1546 3296 1741 3349 eausis.
1796 3297 1849 3350 Si
1890 3314 2018 3352 vero
2052 3314 2189 3352 non-

626 3377 755 3429 nulli
789 3378 1104 3432 existimant
1139 3379 1414 3434 Christum
1449 3382 1623 3450 ipsum
1658 3400 1777 3439 esse
1820 3388 2065 3442 innatam
2098 3390 2188 3443 Dei

625 3469 942 3533 potentiam,
975 3473 1099 3537 quia
1128 3470 1325 3525 Paulus
1352 3474 1543 3527 scribit
1574 3489 1589 3526 :
1624 3493 1643 3526 ι
1674 3475 1923 3533 Christus
1952 3480 2188 3548 potentia

625 3556 739 3620 Dei,
783 3568 837 3611 et
893 3560 1156 3626 sapientia
1202 3561 1293 3614 Dei
1321 3561 1361 3592 "
1397 3578 1409 3614 :
1448 3581 1466 3613 ι
1499 3563 1626 3630 quid
1684 3565 1864 3619 dicent
1910 3569 2193 3622 audientes

627 3646 788 3699 Deum
845 3642 1110 3701 dicentein
1165 3650 1233 3703 de
1278 3665 1441 3703 eruca
1484 3669 1497 3705 :
1539 3670 1557 3703 ι
1589 3652 1835 3709 Potentia
1873 3658 2036 3727 178
2076 3674 2189 3711 mea

624 3750 812 3804 magna
842 3736 925 3789 ‘3?
957 3756 973 3787 ι
1008 3738 1115 3789 Aut
1145 3739 1275 3806 quid
1307 3738 1527 3805 facient,
1572 3758 1692 3796 cum
1724 3745 2006 3800 Psalmista
2058 3749 2192 3801 mul-

624 3835 705 3881 tas
746 3826 841 3883 Dei
878 3829 1105 3881 virtutes
1140 3844 1201 3882 ac
1229 3833 1496 3896 potentias
1525 3844 1749 3899 statuat,
1781 3836 1967 3891 dicens
1995 3854 2007 3889 :
2045 3858 2061 3889 ι
2093 3839 2191 3894 Be-

623 3916 853 3971 nedicite
886 3918 1075 3981 Deum,
1115 3933 1303 3973 omnes
1337 3924 1590 3989 potentiae
1623 3923 1737 3991 ejus
1762 3925 1803 3955 ¹⁹
1830 3926 1852 3976 ?
1884 3944 1901 3974 ι

1130 4117 1333 4171 Salutio
1358 4120 1679 4186 objectionis.

693 4230 748 4284 Si
797 4229 997 4283 idcirco
1044 4229 1220 4284 factus
1270 4239 1353 4283 est
1384 4231 1655 4297 Christus,
1691 4241 1745 4285 ttt
1774 4232 2064 4301 justitiam,
2105 4251 2192 4290 sa-

621 4322 903 4391 pientiam,
943 4321 1194 4374 virtutem
1236 4323 1349 4375 sive
1382 4324 1674 4391 potentiam
1712 4323 1973 4393 largiatur
2005 4326 2069 4380 iis
2097 4329 2188 4395 qui

622 4413 901 4481 indigent:
937 4427 1032 4465 nos
1069 4428 1196 4480 ergo
1262 4428 1423 4467 causa
1498 4428 1685 4468 sumus
1729 4430 1823 4468 cur
1870 4416 1981 4481 ipse
2017 4417 2191 4471 faetns

2296 3277 2474 3340 ἁῖδίως
2505 3280 2563 3330 ὲν
2593 3280 2787 3349 Πατρί.
2825 3280 3019 3348 Γέγονε
3048 3281 3103 3333 δὲ
3134 3283 3161 3333 6
3196 3282 3427 3353 Χριστὸς
3458 3284 3549 3335 ἐπὶ
3580 3289 3706 3347 ταῖς
3734 3288 3885 3355 sipr-

2298 3366 2486 3434 μέναις
2513 3368 2735 3429 αἰτίαις.
2765 3369 2827 3419 El
2856 3368 2911 3420 δὲ
2938 3368 3218 3436 νομίζουσί
3255 3387 3399 3432 τινες
3426 3372 3591 3423 αὑτὸν
3618 3368 3770 3425 εἶναι
3799 3375 3886 3427 τὸν

2294 3456 2527 3524 Χριστὸν
2558 3458 2655 3525 τὴν
2688 3457 2927 3526 ἔμφυτον
2976 3458 3068 3510 τοῦ
3118 3458 3251 3511 Θεοῦ
3286 3460 3517 3529 δύναμιν
3557 3462 3645 3514 διὰ
3682 3465 3750 3516 τὸ
3793 3482 3884 3531 γε·

2294 3548 2536 3617 γράφοαι
2574 3549 2726 3619 παρὰ
2758 3549 2990 3620 Παύλῳ·
3029 3570 3046 3600 ί
3076 3551 3308 3621 Χριστὸς
3351 3552 3485 3605 Θεοῦ
3526 3555 3771 3625 δύναμις
3794 3560 3883 3610 καὶ

2295 3636 2427 3688 Θεοῦ
2471 3638 2650 3705 σοφία,
2684 3656 2701 3688 ι
2748 3638 2801 3689 τί
2851 3638 2958 3708 ἄρα
3000 3639 3219 3708 ἐροῦσιν
3265 3640 3555 3705 ἀκούοντες
3599 3644 3696 3696 τοῦ
3752 3646 3882 3700 Θεοῦ

2294 3728 2545 3794 λέγοντος
2583 3730 2710 3799 περὶ
2741 3729 2840 3798 τῆς
2878 3730 3141 3799 κάμπηςο
3187 3750 3205 3782 ι
3229 3733 3288 3784 'H
3328 3734 3555 3802 δύναμίς
3594 3753 3701 3805 μου
3731 3740 3766 3808 ἡ
3795 3756 3882 3808 με-

2294 3819 2469 3887 γάλη;
2502 3839 2519 3869 ι
2557 3820 2621 3871 Τί
2667 3820 2722 3871 δὲ
2766 3822 3047 3890 ποιήσουσι
3084 3824 3284 3887 πολλὰς
3313 3826 3444 3878 Θεοῦ
3478 3826 3749 3897 δυνάμεις
3791 3848 3881 3901 σηο
4018 3819 4021 3823 ’

2299 3910 2579 3953 ηαίνοντος
2608 3910 2702 3953 τοῦ
2744 3911 3049 3953 ‘l'a‘uunﬁnﬁ
3112 3915 3177 3953 δι’
3203 3908 3277 3953 Im
3309 3934 3471 3953 μνήμην
3491 3933 3504 3946 ο
3541 3937 3558 3953 ι
3591 3920 3693 3953 πω
3706 3925 3875 3953 ..νε-τ...

2297 3910 2579 3979 μαίνοντος
2608 3910 2702 3962 τοῦ
2744 3911 3071 3981 Ψαλμῳδοῦ,
3112 3915 3177 3965 δι’
3203 3908 3277 3967 ὧν
3309 3934 3471 3986 φησιν
3491 3933 3504 3946 ·
3541 3937 3558 3969 ι
3589 3920 3876 3989 Εὑλογείτε

2292 4003 2381 4054 τὸν
2412 4001 2636 4073 Κύριον,
2663 4005 2833 4057 πᾶσαι
2866 4007 2919 4056 αἱ
2945 4004 3203 4075 δυνάμεις
3230 4009 3427 4075 αὑτοῦ;
3460 4030 3477 4061 ι

2783 4117 2931 4184 Πρὸς
2972 4117 3157 4171 ταῦτα
3194 4121 3397 4187 λύσις.

2362 4229 2425 4280 Εἰ
2466 4228 2553 4281 διὰ
2600 4226 2758 4280 τοῦτο
2801 4228 3025 4295 γέγονεν
3057 4230 3084 4281 6
3110 4230 3363 4299 Χριστὸς,
3398 4232 3485 4285 ἵνα
3513 4233 3782 4305 δικαιώσῃ
3812 4239 3874 4289 τὰ

2292 4319 2638 4390 δικαιοσύνης
2682 4320 2931 4389 δεόμενα,
2960 4321 3045 4373 ἵνα
3086 4320 3306 4395 σοφώσῃ
3339 4324 3406 4377 τὰ
3450 4325 3681 4395 δεόμενα
3724 4346 3873 4398 cogn-

2294 4410 2454 4478 σμοῦ,
2494 4411 2581 4464 ἵνα
2625 4408 2918 4481 δυναμώσῃ
2961 4410 3029 4463 τὰ
3068 4411 3349 4482 δυνάμεως
3394 4413 3684 4485 χρῄζοντα,
3714 4420 3872 4487 ἡμεῖς

619 4504 725 4566 sit;
774 4517 947 4569 neque
981 4500 1157 4555 factus
1196 4502 1383 4556 fuisset
1441 4504 1607 4557 nostri
1654 4505 1865 4569 similis,
1906 4505 2007 4559 nisi
2046 4505 2186 4559 Deus

2294 4502 2400 4573 ἄρα
2450 4501 2599 4571 αὑτῴ
2644 4502 2949 4571 γεγόναμεν
2990 4503 3082 4555 τοῦ
3120 4500 3259 4556 εἶναι
3307 4505 3490 4570 αἴτιοι,
3532 4507 3624 4560 καὶ
3669 4510 3780 4561 οὐδ’
3809 4513 3869 4564 ἂν

625 4592 856 4659 primum
885 4589 953 4644 de
993 4591 1352 4659 producendis
1384 4593 1649 4646 creaturis
1684 4594 1995 4663 cOgitasset.
2032 4591 2095 4647 Et
2142 4596 2183 4647 si

621 4686 733 4737 haec
758 4683 872 4752 ipsa
913 4693 997 4736 est
1029 4682 1199 4735 nostri
1225 4697 1354 4736 usus
1381 4697 1565 4748 causa,
1599 4699 1726 4752 ergo
1766 4685 2185 4738 instrumentum

615 4784 701 4827 est
730 4781 928 4828 nostrae
958 4772 1272 4835 creatiouis,
1300 4788 1406 4827 non
1439 4790 1505 4828 ex
1537 4776 1718 4843 seipso
1744 4775 1865 4828 talis
1895 4776 2183 4840 exsistens,

616 4863 710 4917 sed
756 4865 824 4917 ita
856 4862 1030 4917 factus
1071 4872 1291 4933 propter
1340 4878 1460 4922 nos.
1516 4865 1985 4931 Quemadmodum
2030 4866 2190 4933 igitur

615 4963 838 5007 vocatur
863 4954 1126 5022 potentia,
1160 4964 1381 5023 propter
1416 4970 1479 5009 ea
1505 4956 1703 5022 quibus
1732 4956 1973 5021 potentia
2003 4956 2181 5021 datur,

614 5052 671 5097 et
716 5044 1001 5111 sapientia,
1052 5055 1272 5113 propter
1320 5059 1380 5097 ea
1422 5045 1617 5111 quibus
1651 5045 1917 5113 sapientia
1970 5046 2185 5101 confer-

619 5144 703 5188 tur
748 5152 762 5189 :
803 5134 876 5189 ita
928 5136 1087 5189 etiam
1142 5136 1283 5189 [ilius
1332 5137 1642 5200 vocabitur,
1687 5147 1902 5205 propter
1944 5153 2038 5192 eos
2092 5140 2181 5207 qui

617 5226 750 5279 liuut
778 5226 869 5279 ﬁlii
901 5246 912 5281 :
961 5227 1201 5294 nihilque
1234 5228 1339 5281 erit
1388 5228 1604 5296 proprie
1636 5244 1731 5298 per
1762 5246 1841 5296 se,
1878 5230 1972 5285 sed
2001 5232 2181 5283 omnia

615 5317 728 5371 haec
768 5326 984 5385 propter
1019 5333 1139 5371 nos.
1184 5316 1302 5383 Quo
1336 5327 1492 5386 pacto
1529 5319 1691 5388 igitur
1739 5321 2008 5376 constabit
2054 5321 2180 5375 illud

612 5408 752 5476 quod
796 5408 847 5461 in
894 5408 1121 5463 Psalmis
1167 5410 1398 5475 canitur,
1445 5429 1463 5461 ι
1496 5410 1613 5480 ipse
1657 5412 1785 5468 fecit
1819 5428 1938 5478 nos,
1984 5423 2040 5467 et
2073 5428 2177 5467 non

614 5499 711 5566 ipsi
756 5498 919 5553 nos'o
978 5515 996 5550 ι
1039 5498 1084 5552 si
1132 5513 1228 5553 nos
1268 5500 1342 5553 illi
1393 5516 1580 5556 sumus
1633 5513 1882 5557 auctores
1923 5511 1977 5555 et
2016 5518 2179 5559 causa

683 5668 728 5700 “
748 5668 907 5723 Hebr.
943 5688 1014 5735 tv,
1052 5673 1135 5727 1‘2.

788 5673 907 5751 Ξὺν.
943 5688 1014 5735 tv,
1052 5673 1135 5727 1‘2.
1222 5673 1262 5703 "
1292 5673 1444 5728 Juan.
1482 5692 1516 5739 ι,
1548 5675 1602 5728 5.
1683 5674 1723 5705 ¹⁶
1759 5673 1773 5727 Ι
1804 5674 1927 5729 Cor.
1960 5690 1996 5741 ι,
2026 5674 2116 5729 2i.

612 5755 754 5801 κους,
789 5756 839 5790 3.

1222 5673 1262 5703 "
1292 5672 1444 5728 Juan.
1482 5692 1516 5739 ι,
1548 5675 1602 5728 5.

2206 5676 2247 5707 ¹⁷
2278 5675 2410 5730 Ibid.

2290 4593 2505 4661 ἐγένετο
2532 4593 2650 4644 καθ’
2676 4594 2844 4662 ἡμᾶς,
2874 4594 2923 4645 εί
2962 4594 3037 4664 μὴ
3065 4594 3195 4657 Θεὸς
3219 4596 3576 4650 ἐϐουλεύσατο
3610 4598 3865 4670 δημιουρ-

2287 4684 2452 4753 γῆσαι
2504 4682 2573 4735 τὰ
2620 4684 2843 4753 γενητὰ.
2876 4684 2983 4735 Kai.
3034 4686 3081 4736 εἰ
3116 4686 3215 4753 τῆς
3271 4687 3426 4755 ἡμῶν
3469 4689 3630 4741 ἓνεκα
3683 4692 3867 4761 χρείας

2286 4773 2462 4828 ταῦτά
2509 4776 2693 4837 ἐστιν,
2737 4775 2968 4845 ὖργανον
3010 4777 3117 4847 ἄρα
3156 4779 3255 4846 τῆς
3303 4779 3459 4848 ἡμῶν
3504 4782 3867 4853 δημιουργίας

2289 4865 2455 4930 ἐστὶν,
2491 4864 2590 4917 οὑκ
2637 4863 2696 4927 ἐξ
2734 4865 2927 4919 ἑαυτοῦ
2972 4866 3211 4930 τοιοῦτος
3257 4868 3537 4938 ὑπάρχων,
3581 4871 3699 4924 ἀλλ’
3729 4874 3865 4927 οὕτω

2292 4952 2530 5024 γεγονὼς
2579 4954 2646 5006 δι’
2676 4952 2973 5026 ἡμᾶς.τΑρ“
3006 4953 3096 5009 οῦν
3140 4957 3327 5026 ὥσπερ
3357 4959 3601 5013 καλεῖται
3641 4962 3864 5032 δύναμις

2290 5048 2379 5101 διὰ
2422 5047 2489 5100 τὰ
2519 5048 2919 5117 δυναμούμενοι,
2948 5049 3043 5102 καὶ
3090 5050 3250 5117 σοφία
3294 5050 3383 5103 διὰ
3421 5053 3487 5104 τὰ
3534 5054 3859 5124 σοφοὺμενα,

2289 5138 2430 5191 οὕτω
2460 5140 2553 5190 καὶ
2590 5140 2617 5190 ὁ
2652 5139 2775 5201 Υἱὸς
2801 5139 2889 5191 διὰ
2918 5138 2984 5191 τὰ
3011 5141 3416 5211 υίοποιοὺμενα,
3445 5144 3537 5196 καὶ
3564 5146 3718 5197 οὐδέν
3753 5150 3859 5200 ἐστι

2290 5231 2491 5300 κυρίως
2520 5229 2586 5281 δι’
2618 5230 2828 5292 ἑαυτὸν,
2859 5230 3035 5284 πάντα
3062 5232 3115 5284 δὲ
3142 5232 3311 5285 ταῦτα
3338 5233 3401 5287 δι’
3426 5238 3592 5304 ἡμᾶς.
3631 5239 3754 5302 Πῶς
3774 5236 3859 5293 οὖν

2291 5322 2596 5392 σωθήσεται
2622 5322 2682 5374 τὸ
2723 5324 2779 5375 ὲν
2810 5322 3058 5393 Ψαλμοῖς
3077 5324 3337 5394 ᾀδόμενον
3358 5343 3370 5355 ·
3403 5345 3419 5377 ι
3449 5329 3621 5391 Αὐτὸς
3646 5332 3857 5399 ἐποίησε

2286 5412 2456 5481 ἡμᾶς,
2491 5412 2582 5464 καὶ
2606 5410 2704 5479 οὑχ
2731 5413 2910 5481 ἡμεῖς,
2941 5432 2959 5464 ι
2990 5413 3149 5484 εἰπερ
3186 5417 3348 5483 ἡμεῖς
3381 5416 3529 5484 αὐτῷ
3554 5418 3857 5488 δεδώκαμεν

2286 5499 2377 5553 τοῦ
2412 5497 2553 5555 εἶναι
2584 5500 2681 5565 τὰς
2712 5502 2923 5568 αἰτίας;
2948 5504 3009 5556 El
3044 5504 3151 5575 γὰρ
3179 5506 3270 5558 καὶ
3303 5507 3465 5571 αὑτὸς
3500 5509 3745 5576 φαίνοιτο
3772 5513 3872 5581 τῆς

2516 5675 2557 5706 ¹⁸
2583 5674 2697 5730 Joel
2724 5691 2784 5741 ll,
2811 5674 2901 5733 25.

2987 5679 3029 5709 ¹⁹
3060 5677 3203 5732 Psal.
3228 5694 3450 5745 cxrmn,
3497 5682 3553 5733 2.
3643 5685 3690 5715 ’⁸
3722 5684 3850 5739 Psal.
