4072 6520
158 449 265 505 501

1538 441 1977 503 TllESAUBUS.

3317 435 3420 497 309.

156 569 446 640 ,ποιήσεως
482 569 642 640 ἡμῶν
672 568 985 643 αὐτουργὸς,
1013 572 1126 625 ἀλλ’
1151 572 1308 642 ἡμεῖς
1344 569 1490 640 αὐτῷ
1520 571 1740 638 γεγόνα-

1879 567 2192 624 :xsistentli?
2230 567 2341 621 Etsr
2400 565 2540 620 enim
2583 563 2828 622 videatur
2884 563 3176 622 crcationis
3220 578 3424 623 nostra:

165 674 275 728 μεν
325 656 420 710 τοῦ
464 652 702 710 εἶναιτὰ
733 657 1043 727 σπέρματα,
1077 661 1170 711 καὶ
1207 658 1296 711 διὰ
1336 657 1436 728 τὴν
1476 657 1751 728 ἡμετέραν

1879 678 1974 716 :sse
2018 659 2220 730 opifex,
2257 673 2355 712 nos
2391 667 2568 711 tamen
2617 673 2802 712 sumus
2841 673 3001 713 causa
3047 668 3101 712 et
3129 659 3285 728 quasi
3334 672 3425 714 se-

162 747 364 818 χρείαν
409 747 656 819 ἐκτίσθη,
685 747 806 800 καθ’
841 749 1218 818 ὑμᾶς.⁰Ὠσπερ
1245 749 1435 818 ἀμέλει
1465 747 1558 800 καὶ
1599 749 1627 799 6
1666 747 1754 798 οὐ·

166 839 356 910 ρανὸς,
391 839 476 892 ῐνα
513 839 756 909 καλύπτῃ
807 839 934 901 τοὺς
984 839 1075 892 ἐπὶ
1126 841 1249 910 γῆς,
1283 840 1376 892 καὶ
1413 841 1440 891 ό
1472 838 1623 908 ἥλιος
1669 837 1754 891 ἵνα

166 927 343 998 φαίνῃ
373 931 484 989 τοῖς
511 928 687 995 φωτὸς
715 927 989 990 δεομένοις
1011 943 1024 956 ·
1059 929 1151 981 καὶ
1185 930 1218 999 ἡ
1249 929 1320 998 γῆ
1348 927 1403 980 δὲ
1431 928 1632 997 ὁμοίως
1667 927 1756 978 ἵνα.

165 1017 348 1088 τρέφῃ
377 1017 446 1070 τὰ
470 1019 678 1088 τροφῆς
704 1019 956 1088 δεόμενα.
984 1021 1094 1074 Καὶ
1137 1021 1197 1074 τὸ
1243 1019 1491 1090 περιττὸν
1517 1019 1669 1073 οὐδὲν
1698 1020 1756 1072 ὲν

171 1108 293 1178 mp
325 1108 416 1161 καὶ
446 1110 760 1180 κτίσμασιν,
791 1111 843 1162 εἴ
873 1129 934 1179 γε
975 1114 1070 1166 καὶ
1095 1113 1257 1176 αὐτὸς
1285 1113 1360 1176 ὡς
1392 1114 1577 1167 ἐκεῖνα
1601 1111 1755 1176 τάξιν

167 1198 288 1271 ἔχει
327 1201 423 1271 τὴν
451 1202 792 1274 ὑπουργικήν
813 1220 826 1236 ο
861 1202 1030 1272 φεῦγε
1060 1204 1155 1257 τοῦ
1183 1205 1340 1273 λόγου
1370 1205 1468 1277 τὴν
1500 1204 1752 1258 ἀτοπίαν.

615 1496 824 1559 ΔΔΛΟ,
861 1496 929 1550 ἐκ
968 1497 1086 1551 τῶν
1120 1492 1336 1554 αὐτῶν.

262 1603 576 1674 ὐμολογεῖς
630 1608 724 1660 καὶ
767 1608 938 1672 άκων,
971 1610 1235 1680 αἱρετικὲ,
1267 1610 1364 1680 τὴν
1397 1609 1633 1680 ἔμφυτον
1663 1610 1758 1665 τοῦ

167 1695 318 1746 Θεοῦ
347 1697 538 1764 σοφίαν
578 1697 673 1749 καὶ
713 1697 962 1769 δύναμιν,
996 1702 1273 1772 ἀγενήτως
1307 1703 1635 1772 ἐνυπάρχειν
1668 1704 1762 1755 αὑ-

167 1789 289 1858 τῷ·
323 1790 451 1842 ὅταν
491 1784 584 1842 οὖν
633 1790 870 1862 ἀκούσῃς
899 1791 1160 1863 ἀγένητον
1185 1793 1275 1846 τὸν
1312 1793 1457 1856 Υίὸν,
1491 1793 1564 1864 μὴ
1599 1794 1761 1846 πάλιν

1855 753 2001 806 mina
2034 751 2203 820 ipsius
2235 749 2586 812 exsistentim,
2627 759 2680 802 et
2709 748 2763 802 in
2800 756 3043 802 nostrum
3079 764 3235 802 usum
3270 763 3426 803 crea-

1859 854 1940 898 tus
1975 847 2080 906 est,
2120 850 2180 896 ut
2208 857 2303 896 vos
2332 841 2516 895 vultis.
2550 839 3018 906 Quemadmodum
3048 837 3278 894 fortasse
3315 852 3426 894 cm-

1858 933 1964 987 lum
1998 944 2054 988 ut
2083 941 2226 1003 tegat
2263 948 2356 988 eos
2381 935 2472 1002 qui
2507 933 2557 985 in
2591 933 2752 986 terris
2777 938 2924 995 sunt,
2957 940 3010 984 et
3049 926 3124 984 sol
3167 939 3225 983 ut
3250 930 3428 984 luceat

1858 1025 1926 1080 iis
1961 1025 2049 1093 qui
2096 1025 2298 1078 lumine
2345 1033 2527 1094 egent,
2575 1033 2628 1078 et
2665 1032 2809 1076 terra
2850 1034 2909 1076 ut
2956 1022 3158 1075 nutriat
3199 1037 3260 1076 ea
3307 1035 3428 1090 quae

1861 1117 2192 1171 nutrimento
2225 1117 2488 1185 indigent.
2526 1117 2702 1184 Atque
2736 1116 2810 1170 ita
2835 1115 2968 1168 nihil
3001 1114 3228 1182 amplius
3255 1113 3307 1168 in
3340 1112 3429 1166 Fi-

1861 1206 1950 1271 lio,
1997 1221 2159 1274 quam
2205 1207 2259 1260 in
2299 1206 2602 1270 creaturis;
2652 1205 2916 1274 siquidem
2961 1214 3016 1258 et
3047 1204 3161 1273 ipse
3207 1203 3430 1272 perinde

1861 1307 2020 1366 atque
2064 1297 2168 1351 illae
2215 1297 2559 1352 ministrandi
2597 1312 2792 1351 munus
2833 1296 2996 1350 habet
3024 1314 3037 1349 :
3062 1297 3203 1366 quod
3237 1296 3290 1348 in
3323 1293 3423 1364 pri-

1862 1392 1966 1446 mis
1992 1390 2284 1445 absurdum
2317 1398 2418 1444 est.

2367 1501 2596 1567 ALIUD,
2626 1521 2689 1557 ex
2717 1505 2920 1558 iisdem.

1937 1622 2150 1676 Fateris
2181 1621 2340 1675 etiam
2371 1621 2592 1686 invitus,
2624 1621 2898 1684 lizeretice,
2941 1621 3180 1673 innatam
3216 1614 3309 1672 Dei
3342 1631 3434 1674 sa.

1865 1715 2127 1782 pientiam
2158 1728 2221 1766 ac
2248 1711 2542 1781 potentiam
2579 1711 2872 1763 iucreatam
2908 1711 2958 1762 in
2989 1712 3102 1778 ipso
3125 1709 3390 1764 exsistere
3417 1725 3432 1762 :

1848 1819 1988 1859 ‘cum
2041 1804 2208 1873 igitur
2243 1803 2434 1855 audies
2476 1801 2770 1870 ingenitum
2810 1815 2931 1854 esse
2961 1799 3178 1865 Filium,
3207 1814 3275 1854 ne
3315 1814 3420 1853 rur-

169 1881 310 1949 λέγε
329 1898 342 1911 ·
375 1881 475 1934 Δύο
502 1878 592 1936 οὖν
625 1883 878 1953 ἀγένητα.
912 1885 1087 1954 Αὐτὴν
1113 1885 1168 1936 δὲ
1199 1883 1403 1954 ταύτην
1425 1884 1521 1956 τὴν
1547 1887 1604 1937 ὲν
1643 1886 1761 1956 Θεῷ

1879 1911 1983 1950 sum
2043 1895 2230 1948 dicas:
2267 1893 2379 1946 Duo
2427 1893 2588 1961 igitur
2625 1902 2751 1944 sunt
2785 1891 3041 1960 ingenita.
3086 1889 3238 1944 Hane
3291 1889 3435 1943 enim

175 1973 380 2041 σοφίαν
407 1974 500 2026 καὶ
525 1973 755 2041 δύναμιν
790 1975 1067 2045 ἀγενήτως
1092 1994 1150 2028 τε
1184 1978 1275 2030 καὶ
1313 1978 1554 2046 ἀχρόνως
1586 1978 1761 2049 ὑπάρ-

173 2081 390 2134 χουσαν
419 2065 746 2134 πιστεύομεν
772 2061 912 2118 εἶναι
933 2067 1025 2119 τὸν
1047 2067 1195 2128 Υίὸν,
1217 2067 1275 2129 ὃς
1296 2069 1388 2120 καὶ
1415 2069 1592 2120 πάντα
1619 2069 1765 2139 δεδη-

179 2156 516 2228 μιούργηκε,
534 2156 626 2210 καὶ
647 2157 710 2209 δι’
739 2158 885 2228 ἡμᾶς
910 2158 1101 2227 γέγονε
1133 2157 1289 2228 σὰρξ,
1311 2158 1452 2212 κατὰ
1473 2161 1572 2230 τὴν
1589 2159 1766 2212 Ἰωάν-

176 2264 282 2302 νου
313 2250 520 2320 φωνήν.

176 2363 398 2426 ΑΛΛΟ,
439 2363 518 2428 ὠς
555 2362 624 2415 ἐν
659 2362 1003 2430 ἐρωτήσεως
1041 2365 1771 2432 σχήματι,ὰποδεικτικὴν

753 2434 900 2500 ἕχον
936 2432 1218 2503 δύναμιν.

269 2542 418 2594 Διατί
460 2541 527 2595 τὰ
576 2542 752 2596 πάντα
789 2545 817 2597 6
862 2545 1053 2614 Πατὴρ
1105 2545 1397 2615 ἐργάζεται
1445 2547 1513 2599 δι’
1543 2547 1770 2616 Υίοῦςῆ

182 2633 338 2687 διατί
387 2633 547 2687 πάλιν
579 2637 636 2686 ὲν
681 2634 758 2704 τῷ
800 2635 941 2705 ἁγίῳ
974 2632 1308 2707 βαπτίσματι
1335 2638 1428 2690 καὶ
1468 2640 1495 2690 ὁ
1531 2633 1658 2699 Υἱὸς
1700 2636 1776 2706 τῷ

185 2725 374 2794 “arpi
424 2721 961 2794 συγκατονομάζεται
990 2743 1004 2792 ;
1055 2723 1207 2780 Διατὶ
1237 2725 1293 2780 δὲ
1332 2727 1564 2797 γενητῆς
1598 2723 1776 2796 ὑπάρ-

183 2831 305 2886 χων
329 2814 564 2884 φύσεως,
597 2817 719 2870 καθ’
753 2815 918 2886 ὑμᾶς,
949 2817 1366 2888 συναριθμεῖται
1393 2817 1469 2887 τῷ
1495 2816 1774 2879 κτίσαντι;

184 2907 291 2971 Τίς
335 2907 393 2961 δὲ
441 2907 598 2978 χρεία
637 2908 729 2960 τοῦ
759 2909 1132 2978 πεποιημένου
1178 2912 1257 2972 είς
1295 2908 1394 2978 τὴν
1422 2908 1527 2961 τῶν
1564 2908 1778 2962 πάντων

181 2997 478 3051 τελείωσιν
509 2999 603 3051 καὶ
640 2999 944 3067 άγιασμόν;
1000 2999 1121 3060 Πῶς
1146 2998 1201 3051 δὲ
1239 2999 1430 3068 βοηθὸν
1464 2999 1626 3051 αὐτὸν
1660 3000 1778 3050 ἐπι·-

185 3088 548 3158 καλούμεθα;
585 3089 778 3142 Καίτοι
826 3089 1021 3142 πολλὰ»
1045 3090 1140 3158 μὲν
1175 3090 1267 3142 καὶ
1310 3090 1472 3159 ἕτερα
1503 3089 1779 3158 κτίσματα

184 3179 462 3246 γεγονότα
501 3177 770 3246 φαίνεται,
802 3178 935 3232 ἀλλὰ
969 3179 1172 3232 τούτων
1204 3179 1355 3232 οὐδὲν
1403 3182 1482 3242 είς
1524 3181 1623 3248 τὴν
1671 3180 1780 3231 τῶν

185 3239 726 3338 εἰρημένων-χρείαν
754 3239 1242 3338 παραλαμϐάνεται
1264 3286 1277 3299 ·
1323 3239 1483 3338 μόνος
1514 3239 1628 3323 δὲΙό
1647 3270 1780 3332 ’Υἱὸς
1809 3239 1852 3297 C

184 3363 282 3413 ἀεὶ
325 3361 686 3431 συνυπάρχων
718 3361 798 3432 τῷ
828 3361 1018 3432 Πατρί.
1056 3363 1213 3414 Ποῖον
1252 3361 1362 3432 γὰρ
1389 3360 1500 3430 ἔχει
1531 3360 1706 3428 λόγον,
1737 3363 1785 3414 ει

191 3453 272 3523 μὴ
316 3452 447 3514 Θεὸς
472 3453 706 3524 ὑπάρχοι
738 3454 831 3505 καὶ
867 3453 1049 3516 αὐτὸς,
1086 3454 1164 3516 είς
1196 3453 1418 3521 κτίστην
1446 3453 1540 3505 καὶ
1583 3451 1785 3520 κτίσμα

188 3547 297 3616 τὴν
356 3545 536 3598 πίστιν
583 3544 987 3615 κυρήττεσοαι;
1029 3545 1181 3597 Διατί
1228 3544 1284 3597 δὲ
1337 3544 1429 3597 καὶ
1458 3544 1787 3613 δημιουργὸς

189 3637 553 3707 ὀνομάζεται,
586 3637 634 3688 εί
671 3635 746 3705 μὴ
774 3635 931 3687 τοῦτό
955 3637 1070 3687 ἐστι
1105 3633 1246 3687 κατὰ
1279 3633 1439 3702 φύσιν
1469 3635 1604 3703 ὅπερ
1639 3633 1733 3686 καὶ
1761 3635 1788 3686 6

195 3729 430 3797 Πατήρς
461 3727 570 3780 Καὶ
605 3727 710 3797 μὴν
748 3723 908 3789 αὐτὸς
948 3725 1148 3795 ἔφησεν
1183 3725 1210 3777 6
1239 3725 1392 3788 Υἱός·
1439 3743 1456 3774 ι
1487 3726 1668 3777 Πάντα
1690 3726 1790 3778 ὅσα

196 3822 318 3890 ἔχει
351 3819 379 3870 6
415 3817 624 3888 Πατὴρ,
659 3817 768 3887 ἐμά
799 3819 936 3868 ἐστι.
976 3818 1158 3885 »Ἔχει
1183 3816 1238 3868 δὲ
1269 3801 1510 3885 δ’Πατὴρ
1537 3816 1596 3868 τὸ
1628 3815 1788 3868 δύνα-

200 3910 336 3963 ιθαι
362 3909 731 3978 δημιουργεῖν,
759 3908 916 3960 τοῦτο
947 3909 1039 3960 καὶ
1069 3909 1125 3960 ὲν
1151 3907 1264 3977 Tqu
1291 3906 1540 3970 σώζεται.
1559 3909 1790 3977 Ὁμοίως

199 4001 260 4057 τὶ
298 4001 573 4069 ὑγιάζειν,
613 4000 674 4053 τὸ
701 4000 915 4064 σώζειν,
950 4001 1044 4053 καὶ
1083 4001 1182 4053 ὅσα
1214 4001 1411 4070 πρέπει
1450 4001 1587 4069 Θεῷ,
1614 4002 1790 4054 πάντα

200 4094 271 4146 δι’
304 4094 462 4146 Υἱοῦ.
494 4093 723 4145 Σύνεστι
756 4090 864 4160 γὰρ
899 4091 985 4143 ἀεὶ
1021 4090 1100 4160 τῷ
1135 4093 1328 4160 Πατρὶ,
1363 4092 1440 4154 ὡς
1467 4091 1545 4160 τῷ
1571 4091 1710 4158 φωτὶ
1733 4090 1792 4142 τὸ

203 4183 579 4253 ἀπαύγασμα.
625 4181 755 4246 Θεὸς
787 4185 894 4254 ἄρα
932 4183 1079 4244 Υἱὸς,
1111 4183 1171 4234 οὐ
1213 4183 1595 4252 πεποιημένος,
1622 4182 1792 4235 καθά-

206 4291 316 4345 περ
378 4275 576 4326 ὲκεῖνοι
630 4273 950 4343 ψευδόμενοι
993 4271 1264 4340 λέγουσιν,
1303 4272 1418 4325 ἀλλ’
1446 4275 1511 4325 ἐκ
1553 4274 1651 4343 τῆς
1698 4271 1791 4326 τοῦ

207 4366 430 4437 Πατρὸς
460 4365 648 4428 οὐσίας
678 4364 956 4436 προελθὼν
984 4365 1205 4434 γνήσιον
1232 4364 1493 4434 γέννημα.

723 4486 1084 4572 ΛΟΓΟΣ
1158 4484 1304 4569 ἸΖ.

214 4641 349 4696 Ὅτι
388 4643 506 4696 τῶν
534 4643 886 4710 προσόντων
933 4642 1014 4708 τῷ
1075 4642 1201 4706 Tia"),
1246 4642 1425 4696 οὐδὲν
1479 4642 1553 4710 τῇ
1597 4658 1790 4696 κτίσει

285 4713 583 4779 πρόσεστι
637 4712 925 4782 φυσικῶς·
987 4712 1184 4766 πάντα
1225 4712 1293 4782 δὲ
1339 4713 1408 4766 ἐκ
1447 4713 1711 4782 μετοχῆς
1750 4713 1786 4780 ἢ

284 4783 416 4835 καθ’
447 4781 732 4851 ὁμοίωσιν
775 4783 889 4849 τὴν
943 4782 1093 4850 πρὸς
1126 4782 1233 4834 τὸν
1265 4781 1507 4834 διδόντα
1535 4781 1721 4848 φορεῖ·
1758 4786 1790 4835 ό

283 4851 354 4906 δὲ
386 4851 516 4918 Υἱὸς
543 4857 653 4921 οὐχ
685 4852 890 4916 οὕτως.
935 4853 1146 4919 Διόπερ
1184 4852 1384 4918 ἕτερος
1412 4853 1551 4920 παρ’
1575 4851 1786 4918 αὑτήν.

286 4923 356 4975 Et
388 4922 456 4975 δὲ
477 4922 673 4987 τοῦτο,
694 4923 804 4975 οὐκ
831 4922 943 4990 ἄρα
963 4923 1185 4989 κτίσμα
1211 4921 1402 4974 ἐστίν.

666 5051 984 5120 Ἀπολογία
1019 5052 1096 5105 αὑ
1105 5051 1352 5116 τολεξεί.

294 5162 354 5213 Ei.
381 5162 594 5230 πᾶσαή
647 5160 823 5222 κτίσις
852 5161 910 5212 ὲν
963 5161 1153 5232 ἀγνοίᾳ
1196 5161 1499 5230 καθέστηκε
1553 5163 1619 5230 τῇ
1666 5161 1792 5230 περὶ

221 5250 312 5302 τὸν
351 5249 604 5320 Πατέρα,
651 5248 827 5312 οὐδεὶς
867 5248 974 5317 γὰρ
1019 5246 1127 5303 οἶδε
1176 5251 1260 5312 τίς
1303 5252 1449 5303 ἐστιν
1498 5252 1525 5302 ὁ
1563 5251 1787 5320 Πατὴρ,

224 5335 329 5393 οἶδε
355 5340 410 5392 δὲ
443 5341 599 5411 μόνος
631 5341 660 5392 6
684 5339 830 5404 Υἱὸς,
860 5341 958 5392 οὐκ
983 5340 1089 5411 ἄρα
1123 5342 1327 5412 κτίσμα
1347 5344 1628 5411 τυγχάνει.

908 5453 1105 5507 ΔΛΛΟ.

297 5559 357 5612 El
391 5561 556 5631 μηδὲν
585 5561 694 5615 τῶν
730 5563 1028 5630 γεγονότων
1075 5564 1191 5617 ἐστὶ
1226 5565 1381 5633 φύσει
1421 5565 1572 5630 Θεὸς,
1631 5565 1795 5635 φύσει

225 5646 280 5698 δὲ
303 5649 432 5714 Θεὸς
467 5655 496 5704 6
525 5652 670 5719 Υίδς,
702 5653 801 5707 οὐκ
833 5653 939 5725 ἄρα
994 5653 1102 5707 τῶν
1153 5655 1449 5724 γεγονότων
1493 5657 1662 5712 ἐστίν.
1689 5653 1797 5710 Ἦν

295 5824 336 5854 ²¹
370 5822 525 5880 Joan.
557 5842 596 5894 I,
626 5828 707 5882 Η.
785 5829 830 5860 ³⁸
861 5827 1011 5883 Joau.
1051 5846 1160 5894 xvi,
1199 5831 1278 5881 l3.

1870 1988 2038 2057 ipsam
2078 1986 2128 2038 in
2173 1986 2278 2038 Deo
2319 1983 2640 2053 sapientiam
2689 1993 2744 2036 et
2773 1982 3066 2050 potentiam
3116 1981 3436 2043 increatam,

1868 2089 2030 2148 atque
2083 2078 2151 2130 ab
2205 2087 2408 2130 aeterno
2459 2076 2558 2143 ipsi
2617 2075 3018 2128 ineasistenlem
3067 2073 3264 2126 Filium
3318 2087 3439 2126 esse

1869 2169 2160 2230 credimus,
2191 2168 2281 2234 qui
2313 2166 2492 2220 omnia
2535 2165 2762 2229 crearit,
2803 2173 2856 2217 ct
2886 2173 3104 2233 propter
3138 2179 3260 2229 nos,
3287 2162 3437 2234 juxta

1870 2259 2093 2313 Joannis
2116 2272 2301 2312 vocem
2325 2258 2392 2322 ²¹,
2425 2257 2598 2312 factus
2633 2268 2716 2310 est
2741 2272 2885 2311 caro.

1871 2368 2104 2434 ALIUD,
2153 2384 2243 2437 per
2284 2368 2768 2435 interrogationem,
2817 2365 3286 2418 demonstrationis
3339 2365 3440 2418 vim

2559 2437 2794 2489 habena.

1947 2551 2306 2617 Quamobrem
2351 2549 2510 2602 Pater
2554 2549 2732 2601 omnia
2782 2561 2876 2614 per
2920 2544 3112 2600 Filium
3159 2546 3444 2614 operatur?

1877 2650 1972 2694 aut
2009 2656 2176 2709 quare
2219 2641 2270 2692 in
2319 2649 2509 2695 sancto
2551 2638 2875 2706 baptismate
2911 2639 3072 2692 etiam
3121 2637 3290 2692 Filius
3325 2651 3446 2692 cum

1881 2729 2041 2784 Patre
2092 2729 2440 2784 nominatur?
2486 2729 2602 2796 Qua
2653 2723 2718 2782 d'e
2765 2742 2928 2782 causa
2973 2727 3158 2790 etiam,
3207 2742 3331 2782 cum
3380 2727 3446 2781 sit

1879 2827 2077 2874 creatae
2125 2828 2362 2882 naturae,
2406 2830 2466 2873 ut
2511 2833 2608 2873 vos
2662 2819 2982 2887 opinamini,
3033 2827 3454 2871 connumerstur

1882 2911 2157 2965 creatori?
2202 2909 2332 2976 Quae
2385 2925 2514 2964 vero
2565 2910 2860 2964 necessitas
2911 2918 3030 2963 erat
3075 2919 3337 2963 creaturae
3389 2909 3454 2962 ad

1881 3002 2122 3054 omnium
2155 3000 2536 3070 perfectionem
2580 3010 2632 3055 et
2664 2999 3190 3056 sanctiﬁcationem?
3226 3003 3332 3054 Aut
3360 3015 3456 3054 cur

1883 3093 2261 3147 auxiliatorem
2333 3104 2576 3146 nostrum
2645 3092 2998 3148 invocamus?
3053 3093 3215 3160 Atqui
3279 3091 3458 3145 multm

1885 3187 2046 3236 etiam
2075 3184 2192 3237 alia:
2223 3192 2488 3238 creaturae
2516 3183 2671 3237 factas
2698 3195 2992 3252 apparent:
3017 3180 3179 3254 179
3201 3185 3292 3237 sed
3317 3183 3456 3236 nulla

1889 3277 2075 3328 harum
2108 3278 2173 3328 ad
2207 3276 2490 3343 prwdiclos
2520 3289 2653 3330 usus
2687 3277 3152 3340 accommodatur,
3195 3277 3285 3330 sed
3312 3275 3458 3330 solun

1889 3362 2058 3416 Filius
2087 3377 2298 3430 semper
2318 3364 2656 3418 coexsistcus
2682 3361 2850 3416 Patri.
2887 3362 3144 3429 Quaenam
3176 3363 3326 3432 igitur
3369 3376 3458 3416 ra-

1892 3453 1964 3506 tio
1999 3462 2100 3516 est,
2128 3454 2172 3504 si
2209 3453 2321 3519 ipse
2354 3467 2459 3504 nou
2493 3452 2562 3505 sit
2596 3451 2756 3514 Deus,
2798 3451 2852 3504 in
2885 3461 3186 3504 creatorem
3218 3458 3272 3503 et
3300 3463 3456 3504 crea-

1891 3553 2064 3596 turam
2100 3541 2354 3595 credere?
2388 3541 2494 3593 Aut
2531 3555 2698 3609 quare
2736 3552 2951 3595 creator
2991 3550 3235 3606 vocatur,
3270 3555 3313 3594 SI
3351 3555 3458 3594 non

1890 3644 1972 3688 est
1994 3641 2183 3686 natura
2213 3633 2262 3686 id
2293 3633 2432 3700 quod
2460 3631 2651 3685 Pater?
2677 3632 2739 3685 At
2774 3647 2900 3686 vero
2932 3631 3098 3684 Filius
3130 3633 3205 3684 ait
3232 3650 3245 3686 :
3275 3650 3293 3682 ι
3327 3631 3458 3687 0m-

1892 3725 1978 3778 nia
2024 3739 2142 3792 qua:
2190 3724 2352 3776 habet
2399 3723 2556 3775 Pater
2607 3737 2724 3776 mea
2781 3731 2902 3776 sunt
2925 3723 2987 3772 ".
3022 3739 3038 3771 ι
3083 3719 3240 3774 Pater
3283 3734 3461 3775 autem

1895 3815 2053 3866 habet
2089 3813 2398 3866 facultatem
2433 3811 2675 3873 creandi,
2709 3812 2870 3863 habet
2901 3824 3030 3879 ergo
3059 3819 3113 3862 et
3147 3808 3334 3863 Filius.
3375 3809 3462 3862 Si-

1894 3903 2096 3957 militer
2119 3914 2171 3954 et
2195 3902 2553 3962 sanctit‘icare,
2579 3911 2633 3954 et
2661 3915 2900 3963 servare,
2924 3912 2975 3952 et
3001 3913 3333 3968 quaecunque
3356 3899 3464 3952 Deo

1895 3997 2248 4056 conveniunt,
2291 3994 2469 4046 omnia
2504 4007 2600 4062 per
2640 3991 2858 4044 Filium.
2915 3990 3141 4057 Semper
3181 3991 3325 4043 enim
3357 4006 3460 4043 una

1896 4104 2015 4141 cum
2067 4087 2224 4140 Patre
2273 4085 2504 4151 exsistit,
2552 4083 3002 4151 quemadmodum
3051 4081 3308 4150 Splendor
3342 4096 3462 4136 cum

1897 4179 2122 4232 lumine.
2173 4177 2312 4231 Deus
2361 4177 2543 4243 itaque
2577 4183 2659 4227 est
2704 4173 2893 4235 Filius,
2944 4187 3046 4225 non
3088 4172 3288 4236 factus,
3328 4173 3464 4228 sicut

1897 4270 1970 4324 illi
2005 4269 2327 4322 mentientes
2357 4275 2628 4328 asserunt,
2661 4265 2753 4318 sed
2796 4262 3112 4317 naturaliter
3139 4278 3206 4317 ex
3234 4265 3466 4319 essentia

1899 4361 2072 4415 Patris
2109 4359 2358 4426 genimen
2393 4357 2712 4427 procedens.

2196 4486 2765 4575 ASSEBTIO
2839 4490 3155 4579 XVII.

1901 4640 2054 4704 Quod
2095 4653 2273 4691 eorum
2321 4651 2434 4706 qua:
2471 4633 2614 4688 Filio
2658 4637 2855 4698 insunt,
2903 4636 3032 4689 nihil
3066 4637 3328 4690 creaturis
3370 4652 3469 4688 ua-

1970 4708 2219 4761 turaliter
2247 4708 2398 4766 iusit,
2442 4709 2531 4758 sed
2578 4721 2637 4757 ea
2667 4723 2758 4771 per
2785 4707 3238 4772 participationem
3264 4706 3342 4758 vel
3391 4721 3461 4758 se-

1971 4779 2201 4831 cundant
2244 4775 2642 4828 similitudinem
2674 4783 2788 4843 ejus
2818 4777 2906 4843 qui
2951 4777 3040 4827 dat
3079 4777 3302 4828 habeant
3329 4789 3347 4828 :
3375 4772 3470 4826 Fi-

1970 4848 2071 4898 lius
2104 4858 2280 4898 autem
2318 4861 2417 4898 non
2453 4846 2543 4896 ita.
2588 4845 2752 4911 Atque
2777 4847 2974 4896 idcirco
3007 4845 3069 4895 ab
3107 4846 3169 4897 iis
3209 4846 3467 4897 diversus.

1971 4915 2123 4980 Quod
2157 4931 2274 4968 cum
2301 4917 2378 4967 ita
2407 4915 2498 4977 sit,
2530 4912 2730 4966 Filium
2769 4925 3068 4967 creaturam
3102 4929 3204 4966 non
3229 4927 3360 4966 esse.

2115 5047 2364 5114 Defensio
2392 5046 2612 5112 simplex
2648 5062 2712 5098 ea:
2734 5048 2880 5114 puris
2913 5045 3253 5114 syllogismis.

1974 5159 2030 5214 Si
2065 5158 2242 5213 omnis
2290 5167 2537 5211 creatura
2571 5159 2862 5212 constituta
2912 5166 2993 5209 est
3042 5156 3096 5210 in
3133 5155 3470 5226 ignoratione

1899 5253 2097 5314 Patris,
2136 5265 2296 5304 nemo
2335 5250 2476 5302 enim
2514 5250 2660 5302 novit
2697 5250 2820 5316 quis
2857 5250 2928 5304 sit
2975 5248 3154 5312 Pater,
3201 5249 3348 5304 novit
3378 5264 3472 5303 au-

1906 5356 2010 5398 tem
2049 5342 2196 5398 solus
2225 5339 2427 5396 Filius:
2459 5356 2565 5395 non
2603 5350 2685 5394 est
2717 5355 2846 5408 ergo
2875 5349 3151 5395 creatura.
3197 5335 3204 5340 ’

2573 5450 2802 5508 ALIUD.

1979 5566 2034 5621 Si
2067 5565 2200 5620 nihil
2230 5579 2419 5620 eorum
2448 5579 2568 5635 quae
2605 5563 2749 5619 facta
2775 5573 2918 5631 sunt,
2954 5571 3037 5619 est
3084 5573 3274 5618 natura
3311 5564 3468 5628 Deus,

1908 5656 2075 5713 Filius
2107 5666 2286 5712 autem
2316 5666 2400 5714 est
2425 5665 2615 5712 natura
2651 5655 2792 5712 Deus
2821 5675 2834 5709 :
2865 5671 2973 5711 non
3005 5665 3088 5712 est
3118 5656 3279 5726 igitur
3307 5670 3374 5710 ex
3405 5656 3473 5709 iis
