4072 6504
644 396 751 454 303
1634 377 1691 432 S.
1732 374 2007 430 CYRILLI
2046 373 2517 431 ALEXANDRINI
2556 374 2879 431 ARCIIIEP.
3838 366 3957 423 δυι

649 522 768 578 qua:
797 502 938 559 facta
972 506 1121 555 sunt.
1152 491 1313 563 Atqui
1354 491 1399 547 si
1456 490 1682 548 ridicula
1724 491 1821 546 fuit
1863 490 2010 561 prior
2035 500 2218 545 nostra

2341 492 2367 544 ε’
2389 492 2547 564 ήμῶν
2572 492 2978 560 καταγέλαστος
3008 491 3037 544 6
3087 490 3349 563 πρότερος
3392 485 3527 557 βίος.
3568 485 3661 538 ὅτι
3698 482 3787 554 μὴ
3822 478 3952 536 οὖσι

650 575 782 661 vita,
830 588 975 662 quod
1020 585 1125 642 diis
1160 582 1253 653 qui
1291 588 1487 636 natura
1539 594 1647 635 non
1692 587 1930 647 exstant,
1973 578 2225 635 servieri-

2341 585 2489 654 ρύσει
2528 585 2671 649 θεοῖς
2699 583 3116 653 ὲδουλεύσαμεν,
3144 581 3324 651 πολλῷ
3380 578 3583 650 μᾶλλον
3617 575 3731 630 νῦν
3766 577 3953 643 ἐσμεν

649 699 803 751 mus;
852 688 1003 736 certe
1039 690 1183 732 nunc
1210 672 1380 729 multo
1418 672 1728 726 miseriores
1763 669 1971 726 censeri
2002 669 2227 725 debere-

651 790 789 841 mus,
821 772 964 843 quod
991 782 1115 825 eum
1142 765 1236 836 qui
1279 772 1471 819 natura
1515 763 1651 818 deus
1672 776 1777 818 non
1804 762 1895 827 sit,
1934 760 2177 818 colamus
2205 779 2220 817 :

648 864 794 939 quod
825 862 1121 919 absurdum
1148 863 1249 913 est.

1318 969 1547 1026 ALIUD.

721 1094 781 1151 Si
809 1090 951 1162 quod
978 1089 1178 1144 factum
1213 1095 1319 1149 est,
1354 1084 1627 1139 diversum
1657 1091 1743 1138 est
1771 1080 1996 1137 omnino
2028 1087 2224 1135 natura

652 1188 721 1244 ab
756 1200 823 1241 eo
850 1183 993 1255 quod
1036 1179 1237 1235 factum
1285 1191 1391 1231 non
1436 1185 1539 1241 est,
1588 1190 1693 1229 non
1727 1184 1904 1244 potest
1946 1173 2229 1243 aequaliter

2326 673 2667 746 ἀθλιώτεροι,
2695 672 2773 744 τῷ
2804 673 2880 743 μὴ
2905 671 3065 740 φύσει
3113 669 3222 742 θεῷ
3270 669 3642 741 προσάγοντες
3701 664 3815 733 τὴν
3856 662 3950 715 λαο

2325 766 2534 841 τρείανο
2571 766 2738 838 φεῦγε
2770 766 2829 820 τὸ
2855 767 3074 821 ἄτοπον.

3009 970 3214 1024 AAAO.

2398 1088 2462 1142 Ei
2486 1088 2593 1142 πᾶν
2620 1087 2682 1140 τὸ
2701 1085 2928 1157 γενητὸν
2955 1084 3145 1156 ἔτερόν
3173 1083 3288 1137 ἐστι
3319 1080 3498 1151 πάντη
3518 1078 3620 1134 τοῦ
3649 1078 3940 1147 ἀγενήτου

2327 1181 2470 1236 κατά
2491 1181 2591 1252 τὴν
2624 1178 2809 1249 φύσιν,
2837 1180 2899 1233 οὐ
2919 1178 3145 1232 δύναται
3167 1175 3265 1246 τῆς
3298 1174 3509 1228 ἐκείνου
3535 1172 3710 1241 δόξης
3750 1172 3939 1239 ἰσομέ-

653 1278 800 1333 iIlius
820 1273 1003 1345 gloria:
1043 1269 1314 1338 particeps
1343 1282 1485 1321 esse.
1526 1284 1543 1317 ι
1575 1264 1816 1319 Gloriam
1851 1264 1995 1319 enim
2027 1279 2225 1331 meam,

2341 1290 2472 1344 τρως
2504 1274 2802 1326 κοινωνεῖν.
2837 1290 2854 1322 ι
2882 1270 2993 1340 Τὴν
3020 1270 3129 1339 γὰρ
3156 1267 3312 1331 δόξαν
3358 1283 3481 1336 μου,
3519 1264 3698 1334 φησὶν
3733 1263 3937 1325 ὀΘεὸς,

655 1368 850 1436 inquit,
882 1363 1035 1418 alteri
1078 1374 1182 1415 non
1224 1358 1363 1413 dabo
1384 1358 1451 1410 “.
1486 1375 1505 1408 ι
1543 1356 1599 1412 Si
1629 1371 1757 1410 vero
1798 1356 2076 1425 aequaliter
2106 1371 2227 1425 par—

2341 1363 2501 1434 ἑτέρῳ
2527 1363 2589 1414 οὐ
2619 1360 2795 1416 δώσω.
2828 1379 2847 1414 ι
2892 1361 2955 1414 EI
2984 1360 3041 1413 δὲ
3093 1359 3338 1412 κοινωνεῖ
3366 1358 3396 1409 6
3429 1356 3561 1418 Υἱὸς
3622 1355 3939 1423 ὲρχόμενςς

657 1461 827 1527 ticeps
860 1464 943 1509 est
971 1452 1140 1507 Filius
1170 1450 1395 1505 veniens
1422 1449 1477 1503 in
1512 1448 1683 1519 gloria
1732 1446 1909 1503 Patris
1940 1465 1955 1501 :
1986 1462 2096 1501 non
2145 1455 2227 1502 est

2341 1453 2388 1505 ὲν
2417 1455 2481 1523 τῇ
2522 1451 2647 1521 δόξῃ
2674 1449 2770 1503 τοῦ
2801 1448 3034 1522 Πατρὸς,
3068 1449 3171 1501 οὐκ
3198 1447 3305 1518 ἄρα
3339 1445 3547 1516 κτίσμα
3592 1446 3765 1498 ἐστὶν
3791 1446 3825 1496 ὁ
3852 1446 3939 1511 τὴν

655 1551 812 1620 igitur
838 1556 1109 1609 creatura,
1136 1544 1228 1614 qui
1261 1541 1486 1597 increati
1519 1541 1748 1610 gloriam
1781 1539 2000 1595 indutus
2037 1546 2141 1594 est.

2341 1542 2422 1597 τοῦ
2453 1543 2710 1598 ἀκτίστου
2732 1542 2892 1607 δόξαν
2914 1539 3309 1611 ἠμφιεσμένος.

1224 1653 1387 1724 ιεο
1425 1649 1658 1708 ALIUD.
3021 1653 3246 1706 AAAO.-

723 1771 907 1826 Sacra:
961 1767 1260 1836 Scriptura!
1294 1764 1489 1820 Filium
1536 1776 1722 1818 verum
1768 1760 1938 1817 Deum
1984 1770 2227 1818 vocant:

658 1875 822 1934 atque
870 1864 945 1916 ita
992 1860 1288 1915 credimus.
1333 1856 1389 1911 Si
1424 1870 1552 1910 vero
1580 1854 1841 1924 quidquid
1882 1853 2081 1909 factum
2124 1865 2227 1921 est,

2341 1860 2483 1926 Υἱὸν,
2510 1862 2604 1913 καὶ
2632 1858 2774 1913 οὕτω
2808 1858 3159 1927 πιστεύομεν.
3185 1857 3245 1909 EI
3278 1855 3334 1908 δὲ
3365 1855 3471 1907 πᾶν
3516 1852 3581 1905 τὸ
3620 1851 3931 1920 γενόμενον

657 1970 845 2011 recens
870 1961 951 2009 est
983 1959 1230 2021 respectu
1256 1948 1517 2012 iucreati;
1548 1960 1723 2015 neque
1747 1961 1844 2016 par
1870 1956 1954 2002 est
1984 1957 2042 2001 ut
2066 1948 2227 2001 Deum

2341 1952 2647 2024 πρόσφατόν
2678 1954 2827 2005 ὲστιν
2854 1950 2928 2015 ὼς
2948 1949 3086 2022 πρὸς
3143 1948 3203 2002 τὸ
3230 1949 3514 2018 ἀγένητον·
3550 1945 3659 2015 οὐχ
3693 1944 3853 1995 ὅσιον
3882 1942 3927 1992 ἃ

658 2055 936 2103 recentem
985 2058 1049 2098 ae
1106 2055 1303 2096 novum
1340 2038 1624 2093 colamus:
1658 2052 1763 2091 non
1816 2046 1901 2092 est
1942 2037 2106 2105 igitur
2143 2037 2227 2091 Fi-

2341 2039 2471 2098 εἷναι
2504 2044 2638 2097 Θεὸν
2659 2044 2973 2115 πρόσφατον
3002 2044 3059 2095 ὲν
3083 2042 3237 2111 ἡμῖν,
3282 2040 3383 2093 οὐκ
3427 2037 3585 2093 ἔσται
3627 2036 3752 2108 ἄρα
3803 2034 3926 2093 Θεὸς

659 2138 763 2193 lius
794 2136 936 2191 Deus
966 2148 1175 2200 recens,
1225 2130 1428 2201 quippe
1461 2128 1552 2198 qui
1596 2137 1679 2184 est
1720 2128 1773 2184 id
1813 2128 1955 2199 quod
1989 2136 2227 2184 creatum

2341 2136 2642 2207 πρόσφατος
2674 2135 2703 2187 6
2724 2133 2870 2201 Υἱὸς,
2899 2134 3037 2203 ὅπερ
3066 2132 3183 2185 ἐστὶ
3218 2130 3280 2185 τὸ
3319 2127 3605 2199 ἀγένητον.

659 2246 764 2286 non
797 2238 903 2283 εει.

1332 2332 1561 2390 ALIUD.

731 2454 789 2508 Si
820 2451 962 2521 quod
1000 2458 1239 2506 creatum
1286 2456 1390 2510 est.
1424 2448 1695 2502 diversum
1726 2446 1883 2515 plane
1927 2456 2012 2502 est
2042 2448 2110 2502 ab
2151 2449 2232 2503 in-

655 2551 861 2605 creato,
906 2539 1121 2595 adorari
1178 2552 1285 2592 non
1333 2537 1514 2592 debet.
1568 2536 1758 2589 Diviuo
1794 2537 1935 2591 enim
1965 2550 2231 2608 praecepto

658 2638 759 2688 hoc
789 2632 1015 2685 vetitum
1063 2640 1166 2685 est.
1213 2630 1270 2683 Si
1313 2642 1439 2683 vero
1468 2626 1663 2682 Filium
1690 2627 1941 2697 iubemur
1979 2630 2228 2695 adorare,

659 2738 763 2778 non
798 2732 976 2775 autem
1013 2720 1177 2774 alium
1215 2720 1395 2783 deum,
1430 2718 1521 2788 qui
1554 2717 1625 2774 sit
1654 2729 1870 2775 creatus
1906 2738 1918 2774 :
1956 2720 2230 2776 increatus

659 2815 822 2886 igitur
849 2824 931 2870 est
955 2812 1143 2869 Filius.

3014 2338 3222 2393 AAAO.

2401 2452 2465 2506 Εἰ
2488 2450 2548 2505 τὸ
2586 2450 2811 2521 γενητὸν
2846 2448 3074 2504 καθόλου
3106 2447 3296 2519 ἕτερόν
3323 2446 3438 2499 ἐστι
3485 2442 3583 2498 τοῦ
3612 2444 3887 2514 ἀγενήτου
3906 2484 3919 2505 ,

2331 2544 2392 2597 οὐ
2430 2542 2511 2596 δεῖ
2537 2541 2687 2613 αὑτῷ
2715 2541 3064 2614 προσκυνεῖν.
3113 2538 3482 2609 Ἀπηγὸρευσε
3521 2534 3639 2606 γὰρ
3682 2534 3851 2587 τοῦτο
3874 2536 3920 2585 τὲ

2332 2637 2475 2691 θεῖον
2508 2635 2709 2703 λόγιον.
2752 2635 2815 2688 EI
2848 2632 2905 2686 δὲ
2957 2631 3037 2703 τῷ
3082 2631 3196 2703 Υἱῷ
3249 2628 3722 2702 προπασσόμεθα
3768 2644 3915 2696 1:90:-

2334 2726 2535 2790 κυνεῖν,
2564 2724 2663 2775 οὐκ
2690 2722 2771 2775 ἔτι
2798 2722 2853 2775 δὲ
2885 2721 2981 2774 καὶ
3013 2721 3185 2793 ἑτέρῳ
3214 2719 3353 2790 Θεῷ,
3409 2720 3545 2789 ὅπερ
3580 2719 3710 2771 ἐστὶ
3750 2718 3814 2770 τὸ
3840 2734 3908 2785 γει

2332 2815 2507 2887 νητόνο
2532 2815 2591 2869 οὐ
2621 2812 2843 2885 γενητὸς
2869 2812 2978 2884 ἄρα
3005 2815 3034 2867 6
3058 2812 3206 2876 Υἱός.

1322 2920 1556 2979 ALIUD.
3020 2928 3225 2980 AAAO.

726 3036 781 3091 Si
812 3035 1071 3105 quidquid
1102 3034 1306 3089 factum
1351 3040 1453 3097 est,
1507 3046 1721 3089 servum
1768 3043 1852 3089 est
1884 3034 2024 3104 ejus,
2057 3051 2084 3087 a
2128 3050 2227 3106 quo

2401 3048 2468 3099 Εἰ
2498 3046 2607 3099 πᾶν
2630 3044 2691 3098 τὸ
2712 3044 3004 3113 γενόμενον
3028 3042 3215 3096 δοῦλόν
3246 3042 3359 3094 ἐστι
3394 3037 3488 3092 τοῦ
3520 3039 3915 3108 πεποιηκότος,

655 3129 859 3183 factum
893 3135 978 3182 est
1007 3146 1020 3159 ο
1048 3124 1386 3194 impossibile
1418 3125 1581 3194 igitur
1616 3125 1688 3178 illi
1717 3134 1799 3179 cst
1824 3126 2127 3181 libertatem
2154 3128 2227 3181 al-

2341 3138 2613 3200 ἀδυνάτως
2638 3137 2745 3208 ἄρα
2788 3136 2900 3205 ἔχει
2937 3134 3109 3204 ἑτέρῳ
3160 3133 3260 3203 τὴν
3313 3130 3630 3201 ἐλευθερίαν
3674 3131 3913 3201 ὀρέγειν.

658 3221 758 3275 teri
789 3217 1039 3272 conferre
1070 3230 1230 3285 quam
1267 3230 1372 3269 non
1417 3215 1596 3270 habet.
1632 3214 1688 3269 Si
1724 3226 1901 3271 autem
1940 3232 2058 3272 eam
2098 3234 2227 3274 cou-

2341 3184 2579 3298 $13.3
2589 3184 2959 3296 ᾏοξξτᾷἆξςνξ
2981 3184 3059 3279 Et
3081 3184 3141 3278 ἓξ
3174 3184 3424 3295 παρέχει
3451 3226 3479 3277 ὁ
3502 3184 3667 3288 ’Υιδς,
3692 3184 3803 3294 ἆσέ
3852 3184 3911 3283 εξ

659 3312 764 3364 fert
788 3308 980 3370 Filius,
1008 3320 1197 3362 servus
1223 3306 1407 3374 itaque
1442 3322 1548 3360 non
1582 3316 1686 3373 est,
1720 3308 1813 3361 sed
1842 3308 2019 3376 p0tius
2049 3309 2227 3364 Domi-

2341 3319 2516 3383 δοῦλος
2542 3318 2804 3389 δηλονότι,
2826 3318 3031 3389 Κύριος
3052 3317 3109 3370 δὲ
3134 3316 3335 3389 μᾶλλον
3366 3316 3461 3371 καὶ
3490 3316 3647 3379 Θεός.

661 3417 764 3456 nus
788 3413 840 3456 et
869 3402 1029 3455 Deus.

1329 3510 1554 3566 ALIUD.

728 3622 787 3679 Si
820 3623 997 3678 omnis
1028 3631 1277 3678 creatura
1329 3623 1430 3677 sub
1469 3631 1659 3676 natura
1687 3621 1994 3678 consistens
2027 3629 2231 3677 naturae

658 3714 756 3781 i.Ii,
788 3715 889 3769 sub
917 3729 1019 3782 qua
1056 3727 1141 3768 cst
1188 3724 1241 3767 et
1274 3713 1411 3767 facta
1453 3722 1558 3778 est,
1592 3714 1782 3777 servit,
1837 3714 2010 3768 deitas
2050 3725 2227 3769 autem

658 3806 825 3861 libera
866 3812 967 3868 est,
1006 3804 1263 3873 omnique
1296 3805 1527 3857 naturali
1578 3805 1905 3859 necessitate
1940 3807 2226 3874 superior:

656 3895 1002 3951 manifestum
1057 3903 1142 3949 est
1191 3895 1361 3949 Deum
1400 3910 1504 3949 non
1554 3890 1780 3949 servire
1814 3905 2040 3950 naturaa.
2094 3896 2227 3951 Cum

654 4002 781 4042 vero
812 3986 979 4041 Filius
1026 3987 1097 4040 sit
1143 3987 1306 4051 Deus,
1358 3998 1505 4040 certe
1554 3994 1761 4039 natura:
1800 3987 2074 4056 subjectus
2122 4005 2227 4043 non

649 4075 776 4140 erit,
818 4074 961 4144 quod
1009 4075 1280 4128 creaturis
1322 4075 1596 4141 proprium
1643 4084 1744 4127 est.
1792 4077 1860 4127 At
1893 4075 1985 4143 qui
2030 4091 2229 4147 cogna-

654 4166 801 4219 tione
832 4164 1060 4217 naturali
1107 4178 1135 4216 a
1172 4172 1423 4217 creatura
1468 4160 1667 4225 diﬂ‘ert,
1698 4175 1804 4230 quo
1835 4172 1992 4231 pacto
2022 4178 2129 4218 nou
2159 4165 2230 4219 sit

654 4252 883 4307 diversa:
915 4252 982 4306 ab
1018 4266 1079 4305 ea
1115 4251 1357 4305 naturae?

1317 4379 1548 4437 ALIUD.

3017 4397 3224 4451 AAAO.

728 4495 786 4549 Si
820 4493 963 4548 nulla
998 4501 1249 4548 creatura
1291 4493 1613 4549 naturaliter
1641 4491 1994 4565 perfectaque
2021 4494 2133 4552 Deo
2164 4510 2227 4551 ac

2402 4507 2466 4560 Εί
2491 4508 2656 4579 μηδὲν
2683 4508 2793 4583 τῷν
2825 4510 2882 4563 ὲν
2919 4511 2986 4581 τῇ
3019 4510 3193 4563 κτίσει
3234 4509 3481 4579 φυσικῶς
3520 4512 3904 4582 ἀπηκρίϐωται

654 4585 803 4640 Patri
840 4584 1032 4639 similis
1059 4594 1165 4649 est,
1200 4584 1395 4639 similis
1426 4595 1606 4641 autem
1638 4594 1723 4643 est
1752 4586 1945 4653 Filius,
1991 4590 2127 4643 adeo
2170 4599 2227 4643 ut

2341 4600 2470 4671 πρὸς
2504 4602 2599 4673 τὴν
2624 4602 2713 4655 τοῦ
2739 4603 2875 4656 Θεοῦ
2908 4604 3001 4657 καὶ
3024 4603 3239 4675 [ἰατρὸς
3276 4603 3595 4673 ὁμοιότητα,
3645 4606 3832 4675 ὅμοιος
3854 4608 3903 4658 δὲ

653 4679 749 4742 qui
801 4689 924 4727 eum
973 4673 1174 4739 videat,
1227 4673 1444 4730 Patrem
1502 4676 1730 4731 videat:
1774 4690 1881 4730 non
1928 4687 2014 4731 est
2070 4678 2227 4747 igitur

2341 4695 2360 4747 6
2392 4693 2541 4756 Υἱὸς,
2570 4693 2645 4757 ὡς
2673 4693 2764 4747 τὸν
2795 4695 3006 4765 ὁρῶντα
3035 4673 3216 4761 αὑτὸν,
3246 4693 3337 4746 τὸν
3379 4694 3597 4765 Πατέρα
3626 4673 3784 4766 ὸρᾷν,
3813 4698 3901 4751 οὐκ

653 4774 927 4829 creatura,
962 4765 1054 4832 qui
1096 4766 1391 4833 perfectam
1425 4766 1836 4835 absolutamque
1869 4765 2045 4823 Patris
2077 4769 2227 4823 sinti-

2341 4784 2439 4855 Ξρα
2468 4783 2676 4855 κτίσμα
2716 4785 2745 4837 6
2797 4785 2894 4857 τὴν
2941 4786 3147 4839 ἐκείνου
3210 4765 3699 4856 ἀπηκριϐωμένώς
3730 4789 3900 4860 φέρων

656 4854 934 4911 litudiueut
965 4864 1159 4925 gestat.

2341 4854 2637 4945 5μοι6τητα.

3034 3513 3242 3567 AAAO.

2402 3629 2465 3683 El
2489 3630 2641 3682 πᾶσα
2668 3630 2702 3699 ὴ
2738 3627 2915 3691 κτίσις
2969 3627 3074 3681 ὑπὸ
3128 3627 3290 3697 φύσιν
3317 3620 3452 3681 οὖσα
3489 3630 3556 3699 τῇ
3592 3628 3761 3697 φύσει
3800 3632 3908 3683 δον⁴

2330 3721 2477 3775 λεύει
2515 3719 2604 3789 ὑφ’
2639 3720 2706 3791 ἢν
2730 3718 2823 3772 καὶ
2850 3719 3165 3789 πεποίηται,
3226 3718 3511 3790 ἐλεύθερον
3549 3719 3606 3772 δὲ
3636 3723 3825 3791 πάντη
3860 3725 3907 3773 τὸ

2332 3810 2471 3864 Θεῖον
2503 3810 2596 3862 καὶ
2629 3808 2873 3879 κρεῖττον
2902 3806 3147 3876 ἀνάγκης
3201 3809 3457 3875 φυσικῆς,
3518 3806 3681 3876 δῆλον
3736 3809 3812 3872 ὡς
3857 3812 3907 3860 ο)

2330 3898 2647 3952 δεδούλωται
2682 3896 2840 3965 φύσει
2877 3896 3029 3957 Θεός.
3074 3895 3225 3947 Ἐπεὶ
3278 3896 3333 3947 δὲ
3385 3896 3518 3959 Θεὸς
3559 3897 3589 3948 6
3634 3897 3787 3964 Υἱὸς,
3821 3900 3907 3953 οἰκ

2333 3987 2487 4041 ἔσται
2513 3987 2619 4058 ἀρα
2639 3987 2745 4039 ὑπὸ
2773 3986 2958 4056 φύσιν,
2989 3987 3125 4057 ὅπερ
3152 3985 3263 4038 τῶν
3306 3986 3610 4054 γεγονότων
3646 3990 3799 4041 ἐστὶν
3840 3993 3907 4042 οξ-

2332 4082 2500 4135 κεῖον.
2544 4081 2602 4133 '0
2631 4078 2688 4133 δὲ
2708 4082 2806 4150 τῆς
2827 4078 2961 4150 πρὸς
2985 4079 3082 4148 τὴν
3118 4078 3293 4132 κτίσιν
3324 4079 3646 4149 ὁμογενείας
3672 4082 3905 4149 φυσικῶς

2330 4170 2737 4239 ἀπῳκισμένος,
2784 4166 2902 4230 πῶς
2934 4168 3034 4221 οὐκ
3082 4167 3148 4221 ἂν
3212 4167 3300 4239 εἴη
3336 4168 3467 4240 παρ’
3497 4170 3670 4240 αὐτὴν
3729 4173 3905 4242 etspo-

2331 4261 2473 4331 φυής
2494 4277 2554 4314 τε
2580 4260 2672 4315 xui.
2702 4258 2848 4327 ξένος
2871 4276 2887 4327 ;

1319 4968 1553 5026 ALIUD.

3016 4989 3219 5043 AAAO.

721 5087 780 5143 Si
830 5100 1018 5142 omnes
1061 5092 1323 5141 creaturae
1384 5082 1493 5137 Deo
1545 5082 1824 5148 serviunt,
1880 5098 1986 5141 non
2043 5095 2220 5140 autem

2398 5098 2463 5151 EI
2493 5098 2669 5152 πάντα
2696 5098 2763 5152 τὰ
2784 5099 3055 5169 κτίσματα
3080 5098 3240 5153 δοῦλοι
3260 5098 3356 5152 τοῦ
3387 5100 3548 5165 Θεοῦ,
3585 5102 3778 5157 ἀλλὀὐ
3807 5105 3895 5157 x6-

651 5190 779 5237 suut
817 5180 1046 5236 domina:
1090 5177 1293 5248 gloriae,
1343 5174 1509 5230 Filius
1539 5189 1666 5233 vero
1689 5190 1794 5231 non
1834 5177 1929 5245 ita,
1969 5178 2063 5235 sed
2114 5178 2219 5234 Do-

2341 5208 2420 5260 pta
2449 5190 2547 5261 τῆς
2572 5190 2749 5262 δόξης,
2781 5192 2961 5246 οὐκέτι
2989 5192 3045 5244 δὲ
3070 5194 3097 5245 6
3130 5193 3274 5256 Υἱός·
3312 5197 3413 5266 τῆς
3449 5196 3560 5266 γὰρ
3592 5196 3753 5269 δόξης
3793 5199 3893 5253 Κύ-

652 5274 829 5328 tniuus
855 5271 1040 5343 gloriae
1061 5270 1142 5325 ’δε
1175 5284 1281 5324 non
1318 5277 1401 5325 est
1439 5269 1600 5340 igitur
1636 5278 1909 5327 creatura.

2341 5296 2458 5343 >ιος’
2495 5280 2597 5333 οὐκ
2626 5280 2737 5353 ἄρα
2765 5281 2966 5351 κτίσμα
2995 5281 3271 5351 τυγχάνει.

1313 5380 1544 5438 ALIUD.
2864 5404 2869 5409 '
3004 5393 3209 5447 AAAO.

715 5493 775 5552 Si
796 5493 1057 5565 quidquid
1082 5508 1150 5550 ex
1178 5493 1346 5548 nihilo
1375 5494 1441 5547 ad
1476 5507 1596 5549 esse
1631 5495 1939 5551 traductum
1970 5504 2073 5565 est,
2101 5498 2215 5553 neri

2395 5504 2457 5555 El
2492 5504 2601 5556 πᾶν
2626 5503 2687 5557 τὸ
2706 5504 2771 5557 ὲκ
2790 5502 2883 5557 τοῦ
2908 5504 2984 5576 μὴ
3010 5504 3164 5569 ὸντος
3186 5507 3267 5570 είς
3285 5506 3347 5560 τὸ
3374 5500 3514 5562 εἷναι
3544 5512 3886 5582 παρενεχθὲν,

648 5593 823 5655 potest
855 5594 913 5639 ut
942 5586 1136 5640 iterum
1171 5586 1225 5641 in
1255 5586 1480 5641 nihilum
1514 5585 1812 5656 redigatur,
1868 5587 1977 5645 hoc
2004 5603 2134 5647 vero
2164 5592 2217 5647 iu

2341 5588 2477 5658 ιῦθις
2502 5594 2771 5665 ἐνδέχεται
2806 5597 2901 5651 καὶ
2927 5596 3006 5661 είς
3028 5596 3088 5651 τὸ
3114 5597 3191 5669 μὴ
3238 5596 3297 5653 ὃν
3324 5599 3596 5671 χωρῆσαι,
3644 5603 3745 5655 οὐκ
3783 5603 3887 5656 ἐστι

717 5763 763 5795 ⁸³
793 5761 895 5817 Isa.
926 5778 1054 5831 xw,
1090 5763 1143 5818 8.
1218 5762 1265 5795 “
1304 5761 1473 5818 lCor.
1499 5776 1564 5826 tt,
1591 5761 1646 5815 8.

2402 1768 2534 1823 Θεὸν
2554 1767 2808 1839 ἀληθινὸν
2852 1765 3223 1821 ἀποκαλοῦσιν
3271 1764 3326 1819 αἱ
3376 1762 3516 1816 θεῖαι
3569 1759 3812 1832 Γραφαὶ
3852 1760 3931 1811 τὸν
4030 1814 4031 1839 γ
