4072 6518
200 418 314 477 503
1142 418 1146 420 Ὗ
1585 433 2028 495 TIIESAURUS.
3354 449 3458 505 506

195 531 259 584 δὲ
287 531 445 587 τοῦτο
473 534 819 607 ινδεχόμενον
876 539 970 591 ἐπὶ
1010 538 1105 594 τοῦ
1168 541 1321 604 Υίοῦ.
1362 543 1523 617 εἴπερ
1577 546 1769 617 ἀληθῶς

1896 549 2088 604 Filium
2123 551 2319 606 cadere
2353 565 2459 606 non
2491 560 2687 621 potest,
2720 555 2985 625 siquidem
3017 569 3147 612 vere
3174 564 3256 613 est
3278 556 3454 616 Deus:

192 622 321 674 ἐστι
357 624 513 691 Θεὸς,
543 627 644 680 οὐκ
670 627 777 698 ἄρα
805 630 869 681 ὲκ
908 629 1002 683 τοῦ
1033 631 1108 702 μὴ
1133 631 1283 697 ὄντος
1331 636 1360 687 6
1404 636 1550 703 Υίὸς,
1585 638 1697 691 ἀλλ’
1720 640 1769 691 ὲν

1892 653 1997 692 non
2032 640 2195 710 igitur
2229 653 2295 696 ex
2329 642 2497 698 nihilo
2524 642 2701 699 factus
2749 622 3071 714 est:.Filius,
3101 646 3195 701 sed
3227 659 3295 701 ex
3328 661 3459 703 vero

188 712 297 767 τοῦ
336 714 507 780 ὅντως
528 718 743 788 Πατρὸς
763 720 1007 791 γενητός.

1888 730 2048 786 Patre
2076 732 2312 802 genitus.

882 831 1088 887 AAAO.

276 935 341 991 Εί
376 940 685 1009 κτισμάτων
708 942 837 998 ἴδιον
867 944 931 998 τὸ
958 945 1218 1001 δύνασθαι
1273 948 1632 1020 ἁμαρτάνειν,
1684 952 1783 1005 οὐκ

2551 846 2778 904 ALIUD.

196 1026 284 1081 ἔτι
314 1028 369 1081 δὲ
396 1032 488 1084 καὶ
513 1031 605 1084 τοῦ
638 1032 796 1099 Υίοῦ,
824 1036 923 1090 οὐκ
956 1035 1062 1107 ἄρα
1092 1039 1300 1111 κτίσμα
1328 1042 1605 1111 τυγχάνει.

888 1146 1094 1204 AAAO.

272 1249 334 1301 Εί
359 1251 537 1341 μηδὲν
580 1254 689 1309 τῶν
733 1258 1036 1325 γεγονότων
1094 1263 1374 1335 ἀνεδείχθη
1421 1269 1550 1321 ποτὲ
1607 1272 1669 1322 ὲκ
1709 1269 1781 1341 μὴ

188 1335 367 1391 ὅντων
400 1340 589 1395 ποιοῦν
615 1344 827 1411 οὐσίας,
864 1352 1010 1403 ποιεῖ
1052 1350 1110 1404 δὲ
1147 1355 1177 1407 6
1213 1354 1357 1421 Υἱὸς,
1390 1356 1508 1421 πῶς
1535 1358 1643 1413 τῶν
1690 1335 1782 1429 γεέ

189 1430 434 1495 γονάτων
469 1433 616 1487 ἐστίν
635 1451 651 1501 ;

903 1552 1108 1610 AAAO.

269 1653 336 1706 El
370 1655 479 1710 πᾶν
511 1657 571 1711 τὸ
593 1661 818 1732 γενητὸν
841 1664 1026 1735 ὅμοιον
1052 1666 1127 1730 ὠς
1160 1668 1298 1737 πρὸς
1333 1671 1492 1725 ἑαυτὸ
1522 1672 1663 1727 κατὰ
1688 1673 1780 1728 τὸν

184 1743 293 1836 τοῦ
336 1749 664 1819 πεποιῆσθαι
697 1753 873 1823 λόγον,
925 1757 1019 1810 καὶ
1075 1758 1227 1812 οὐδὲν
1270 1761 1483 1826 οὐδενὸς
1530 1764 1777 1836 διαφέρει

186 1835 336 1889 καθὸ
368 1839 588 1907 γέγονεν
616 1844 864 1901 ἕκαστον
898 1848 1013 1902 ἔστι
1050 1850 1106 1903 δὲ
1153 1853 1378 1923 γενητὸς
1407 1855 1502 1908 καὶ
1542 1858 1570 1909 6
1613 1835 1772 1922 Υἱὸς,

184 1927 409 1990 οὐδενὸς
435 1930 541 2002 ἄρα
564 1932 715 1990 ἔσται
747 1937 1021 2010 διαφέρων
1114 1944 1210 1995 καὶ
1242 1944 1406 2008 αὐτὸς
1435 1945 1678 2014 γέγονεν.
1711 1950 1773 2002 El

183 2018 248 2110 δὲ
293 2021 513 2076 πάντων
535 2026 644 2080 τῶν
678 2030 923 2101 γενητῶν
952 2033 1094 2087 κατὰ
1123 2035 1300 2089 πάντα
1328 2037 1596 2110 διαφέρει,
1616 2041 1775 2109 δῆλον

183 2109 277 2163 ὅτι
302 2113 396 2166 καὶ
427 2116 566 2169 κατὰ
595 2117 685 2171 τὸν
710 2120 810 2189 τῆς
834 2123 1102 2188 γενέσεως
1128 2126 1361 2196 τρόπον,
1391 2109 1526 2198 ὅπερ
1562 2129 1679 2182 ἐστὶ
1713 2131 1777 2183 τὸ

185 2199 270 2269 μὴ
293 2203 568 2269 γενέσθαι.
596 2208 752 2261 Οὕτω
783 2210 892 2281 γὰρ
919 2212 1109 2266 διοίσει
1130 2215 1237 2270 τῶν
1274 2218 1590 2286 γεγονότων.
1626 2221 1690 2273 El
1717 2220 1774 2274 δὲ

181 2288 370 2357 τοῦτο,
401 2294 518 2359 πῶς
553 2298 613 2349 οὐ
648 2298 817 2365 Θεός;

882 2394 1090 2449 ΔΛΛΟ.

261 2489 330 2543 El
362 2494 511 2547 πᾶσα
537 2496 570 2565 ἡ
596 2500 772 2562 κτίσις
798 2502 854 2556 ὲν
874 2502 1200 2575 διαστήματι
1249 2508 1367 2578 ἦτοι
1416 2512 1591 2582 χρόνῳ
1617 2512 1776 2581 γέγοο

177 2597 302 2646 νεν,
332 2584 483 2640 οὐδὲν
511 2586 568 2641 δὲ
599 2589 803 2644 τούτων
835 2596 1209 2665 προλαμϐάνει
1234 2600 1335 2670 τὴν
1348 2600 1476 2654 Υἱοῦ
1497 2603 1771 2675 γέννησιν,

176 2674 288 2727 οὐκ
317 2677 424 2747 ἄρα
453 2679 676 2748 γέγονεν
696 2684 879 2748 αὐτός.
904 2688 967 2740 El
992 2688 1050 2743 δὲ
1088 2691 1532 2763 προλαμϐάνεται
1550 2696 1772 2766 διαστή-

180 2783 320 2835 ματι
356 2772 592 2862 χρονικῷ
620 2792 678 2828 τε
720 2780 813 2830 καὶ
845 2781 1079 2853 γενητῷ,
1111 2784 1229 2848 πῶς
1278 2789 1496 2841 πάντων
1529 2790 1645 2842 ἐστὶ
1676 2791 1773 2862 δη-

179 2860 472 2951 μιουργὸς,
504 2862 833 2937 διαστήματι
880 2872 1397 2947 προλαμϐανόμενος
1436 2881 1680 2951 γενητῷ;
1706 2860 1770 2935 Εἰ

175 2945 224 3000 δ’
258 2949 528 3045 ἀγένητον
553 2955 635 3027 εἴη
666 2957 823 3013 τοῦτο
851 2961 913 3014 τὸ
943 2945 1248 3036 διάστημα,
1268 2945 1593 3040 συναμιλλον
1614 2945 1770 3045 εὑρή-

178 3055 267 3133 σει
310 3042 442 3107 Θεὸς
470 3045 570 3115 τῆς
598 3048 790 3103 ἑαυτοῦ
811 3052 1107 3125 ἀγενησίας
1160 3059 1223 3111 τὸ
1278 3060 1573 3133 διάστημα.
1615 3042 1767 3118 Είδε

177 3131 530 3228 μή-τεῌροπὴ,
588 3141 723 3209 μήτε
753 3141 1045 3216 διάστημα,
1098 3149 1234 3220 μήτε
1272 3150 1401 3205 ἄλλο
1423 3131 1486 3207 τί
1510 3155 1626 3209 ἐστι
1660 3158 1765 3228 πρὸ

1957 954 2011 1007 Si
2054 956 2329 1024 proprium
2375 956 2641 1013 creaturis
2692 967 2774 1013 est
2814 972 3062 1029 peccare,
3105 958 3227 1015 Filii
3275 970 3453 1017 autem

1888 1062 2229 1118 nequaquam
2252 1048 2298 1079 ’⁸
2325 1066 2340 1103 :
2386 1064 2490 1105 non
2516 1050 2676 1120 igitur
2696 1062 2776 1105 est
2804 1060 3074 1106 creatura.

2557 1162 2784 1220 ALIUD.

1959 1252 2015 1307 Si
2049 1253 2183 1309 nihil
2212 1268 2277 1308 ex
2310 1254 2376 1309 iis
2404 1269 2524 1324 quae
2550 1254 2691 1310 tacta
2720 1264 2868 1322 sunt,
2909 1256 3064 1326 181
3095 1256 3452 1311 substantiam

1884 1360 1948 1399 ex
1992 1345 2161 1399 nihilo
2211 1360 2400 1401 creare
2433 1347 2622 1415 possit,
2673 1355 2851 1417 potest
2893 1358 3071 1404 autem
3101 1347 3312 1403 Filius:
3346 1364 3453 1417 quo

1886 1444 2044 1503 pacto
2075 1450 2139 1489 es
2169 1450 2356 1490 eorum
2392 1450 2618 1492 numero
2650 1438 2778 1502 erit,
2806 1452 2927 1509 qua:
2956 1437 3096 1494 facta
3121 1438 3288 1494 sunt?

2556 1545 2714 1602 ALIU
2725 1547 2785 1602 D.

1954 1657 2011 1712 Si
2052 1660 2233 1714 omnia
2290 1668 2475 1715 creata
2531 1661 2727 1715 similia
2783 1660 2885 1716 sibi
2934 1668 3061 1715 sunt
3112 1659 3164 1713 in
3222 1674 3287 1715 eo
3311 1658 3453 1727 quod

1882 1758 2062 1804 creata
2096 1758 2246 1814 sunt,
2271 1750 2523 1819 nullaque
2553 1759 2799 1805 creatura
2834 1749 2902 1804 ab
2931 1748 3035 1803 alia
3068 1746 3247 1803 dill'ert
3267 1762 3329 1801 ea
3362 1763 3450 1801 ra-

1889 1840 2037 1894 tione
2056 1854 2159 1907 qua
2188 1840 2342 1896 taetre
2372 1851 2518 1905 sunt,
2560 1841 2734 1895 factus
2785 1850 2965 1894 autem
3024 1848 3191 1895 estet
3232 1838 3401 1893 Filius
3434 1855 3449 1891 :

1880 1932 1929 1986 in
1959 1932 2099 1987 nulla
2132 1933 2313 2002 itaque
2352 1947 2411 1987 re
2441 1932 2672 1999 dill‘eret,
2705 1934 2830 2002 quia
2863 1942 2915 1987 et
2939 1933 3054 2000 ipse
3082 1929 3449 1986 factusest.Si

1877 2037 2005 2078 vero
2024 2024 2090 2077 ab
2107 2024 2357 2078 omnibus
2378 2022 2572 2078 creatis
2588 2038 2682 2092 per
2698 2023 2875 2077 omnia
2894 2022 3069 2077 differt
3088 2039 3101 2076 :
3119 2030 3265 2078 certe
3284 2021 3443 2076 etiam

1874 2114 2240 2181 generationis
2264 2113 2442 2178 modo,
2472 2115 2725 2176 nimirum
2762 2115 2903 2181 quod
2965 2112 3139 2168 factus
3202 2128 3307 2167 non
3355 2110 3447 2164 sit.

1874 2206 1952 2259 Ita
1985 2205 2129 2258 enim
2151 2203 2360 2259 dill‘eret
2382 2219 2410 2259 a
2433 2204 2650 2260 creatis.
2674 2205 2825 2269 Quod
2855 2205 2899 2259 si
2926 2205 2996 2258 ita
3021 2212 3103 2260 est
3131 2221 3144 2257 :
3175 2201 3446 2258 uuomodo

1874 2311 1980 2352 non
2007 2297 2081 2351 sit
2105 2297 2287 2352 Deus?

2546 2390 2777 2447 ALIUD.

1946 2502 2003 2559 Si
2051 2507 2231 2560 omnis
2263 2516 2513 2560 creatura
2535 2507 2597 2558 “ut
2654 2506 2829 2574 spatio
2865 2504 2980 2558 sive
3008 2512 3249 2572 tempore
3303 2500 3446 2554 facta

1874 2604 1977 2659 est,
2016 2594 2149 2649 nihil
2175 2610 2303 2648 vero
2322 2596 2513 2649 borum
2545 2595 2665 2650 Filii
2695 2593 3100 2665 generationem
3134 2591 3446 2660 prmcessit:

1872 2686 2049 2743 factus
2081 2687 2261 2756 itaque
2310 2702 2415 2742 non
2469 2694 2573 2741 est.
2640 2686 2696 2742 Si
2734 2700 2864 2741 vero
2912 2685 3062 2739 illum
3094 2682 3326 2753 spatium
3352 2680 3451 2735 ali-

1872 2780 2014 2849 quod
2041 2778 2425 2848 temporarium
2450 2778 2531 2832 vel
2581 2778 2783 2833 factum
2839 2776 3138 2846 praecessit,
3179 2773 3451 2843 quomodo

1871 2874 1956 2920 est
1980 2866 2220 2942 omnium
2242 2875 2475 2932 creator,
2499 2882 2657 2937 quem
2690 2867 2921 2937 spatium
2945 2876 3183 2921 creatum
3214 2876 3452 2933 praeces-

1869 2956 2070 3011 sit?At
2099 2958 2142 3013 si
2170 2960 2404 3026 spatium
2467 2959 2593 3013 illud
2654 2960 2769 3015 sive
2820 2959 3032 3014 duratio
3062 2958 3302 3011 increata
3354 2953 3447 3019 sit,

1869 3048 2205 3119 eritaliquod
2246 3051 2480 3120 spatium
2511 3052 2859 3106 siveduratio
2910 3050 3105 3104 divinae
3157 3046 3446 3103 aeternitati

1870 3155 1985 3211 par.
2024 3143 2079 3197 Si
2112 3159 2240 3199 vero
2274 3145 2476 3198 nullum
2511 3153 2842 3199 momentum
2896 3144 2979 3197 vel
3019 3143 3251 3211 spatium
3310 3151 3447 3196 tem-

174 3222 274 3275 τοῦ
307 3223 461 3290 Υιοῦ,
499 3229 662 3285 πόθεν
695 3237 1070 3309 προϋπάρχειν
1106 3240 1322 3310 λέγουσι
1378 3244 1473 3297 τὸν
1508 3222 1762 3319 Πατέρά,
1793 3236 1835 3295 C
1871 3235 2040 3303 poris,
2084 3250 2257 3304 neque
2306 3235 2450 3290 aliud
2534 3237 2827 3305 quidquam
2898 3234 3091 3288 Filium
3152 3233 3447 3301 praecessit,

173 3317 341 3371 τοῦτο
380 3324 757 3397 πῳῦπάρχειν
805 3330 1166 3401 σημαίνοντος
1213 3336 1310 3407 οὐχ
1338 3337 1766 3411 εὑρισκομένου;

865 3596 1069 3656 AAAO.

246 3696 311 3749 Εί
352 3697 521 3769 μηδὲν
573 3701 685 3757 τῶν
726 3708 1036 3778 γενομένων
1089 3710 1338 3768 λέλεκταί
1373 3734 1433 3770 τε
1495 3719 1588 3773 καὶ
1613 3720 1763 3777 ἔστιν

176 3787 272 3881 ἐπὶ
306 3788 527 3881 πάντων
558 3793 709 3861 Θεὸς,
745 3796 941 3852 ἔστιδὲ
967 3802 1061 3855 ἐπὶ
1117 3804 1333 3860 πάντων
1377 3809 1507 3874 Θεὸς
1531 3813 1560 3864 6
1597 3813 1762 3881 Υἱὸς,

174 3880 277 3932 οὐκ
309 3880 424 3953 ἄρα
452 3884 562 3937 τῶν
586 3889 897 3958 γενομένων
921 3894 1089 3949 ἐστίν.
1140 3898 1204 3950 Εἰ
1228 3899 1284 3951 δὲ
1323 3900 1455 3965 Θεὸς
1488 3904 1581 3956 ἐπὶ
1629 3880 1766 3960 πάνέ-

175 3988 287 4059 των
322 3974 588 4045 ὑπάρχων
610 3980 639 4031 6
666 3980 814 4047 Υἱὸς,
848 3986 941 4038 καὶ
973 3989 1199 4059 γενητός
1248 3992 1417 4057 ἐστιν,
1457 3994 1575 4049 ἐστι
1598 3998 1655 4050 δὲ
1677 4000 1769 4052 ἐπὶ

178 4058 405 4114 πάντων
435 4063 566 4128 Θεὸς
593 4067 688 4120 καὶ
740 4070 769 4122 6
817 4072 1026 4145 Πατὴρ,
1052 4058 1276 4149 γενητὸς
1317 4080 1468 4137 ἔσται
1512 4087 1632 4140 κατ’
1671 4089 1770 4142 αὐ-

177 4150 326 4220 τοὺς,
354 4154 497 4226 ὅπερ
525 4158 717 4224 ἀσεὸὲς
739 4162 958 4220 ἐννοεῖν.

882 4367 1086 4426 AAAO.

252 4467 316 4521 Εἰ
354 4471 523 4540 μηδὲν
546 4474 656 4528 τῶν
681 4478 989 4550 γενομένων
1038 4483 1106 4537 τὰ
1148 4486 1285 4540 αὐτὰ
1333 4489 1559 4546 δύναται
1591 4496 1767 4549 ποιεῖν

1870 3325 2139 3393 quomodo
2225 3326 2377 3380 aiunt
2439 3326 2657 3380 Patrem
2737 3327 2891 3396 prius
2957 3324 3256 3389 exstitisse,
3321 3338 3445 3377 cum

1872 3412 1925 3466 id
1999 3410 2142 3480 quod
2216 3413 2366 3481 prius
2446 3423 2663 3470 exstare
2743 3413 3011 3483 signiﬁcet
3045 3452 3064 3479 ,
3128 3427 3238 3468 non
3298 3411 3446 3466 inve-

1875 3503 2054 3559 niam?

2543 3595 2758 3654 ALIUD

1949 3708 2005 3764 Si
2034 3709 2166 3768 nihil
2216 3724 2403 3765 eorum
2439 3725 2560 3780 quae
2600 3710 2741 3765 facta
2798 3718 2945 3773 sunt,
2987 3708 3187 3762 dicitur
3216 3716 3309 3761 aut
3362 3716 3446 3761 est

1875 3799 2245 3856 universorum
2279 3798 2441 3863 Deus,
2497 3799 2663 3855 Filius
2698 3809 2877 3853 autem
2907 3797 3241 3853 estomnium
3268 3796 3445 3851 Deus:

1873 3908 1981 3946 non
2042 3901 2126 3947 est
2188 3892 2351 3962 igitur
2407 3906 2474 3947 ex
2524 3893 2591 3946 iis
2649 3905 2770 3961 quae
2832 3891 2970 3944 facta
3029 3897 3174 3944 sunt.
3204 3888 3260 3941 Si
3310 3902 3439 3941 vero

1873 3982 2042 4037 Filius
2104 3998 2225 4037 cum
2277 3985 2347 4038 sit
2399 3983 2641 4037 omnium
2698 3980 2863 4047 Deus,
2914 3981 3088 4034 factus
3126 3979 3288 4058 etiam
3335 3989 3437 4041 est,

1872 4070 2035 4127 Pater
2110 4086 2289 4129 autem
2365 4074 2528 4128 etiam
2593 4072 2834 4127 omnium
2900 4069 3042 4124 Deus
3095 4079 3173 4125 est
3232 4086 3247 4123 :
3297 4079 3444 4123 certe

1870 4164 1973 4220 erit
2003 4164 2196 4231 factus,
2217 4166 2513 4221 secundum
2542 4162 2688 4226 illos,
2729 4164 2875 4232 quod
2924 4162 3148 4231 impium
3207 4160 3443 4231 cogitatu

1870 4265 1970 4312 est.

2543 4368 2776 4427 ALIUD.

1944 4488 1999 4543 Si
2030 4486 2160 4542 nihil
2194 4501 2379 4541 eorum
2411 4500 2530 4553 quae
2564 4485 2703 4540 facta
2734 4492 2857 4539 sunt
2882 4486 3069 4538 eadem
3105 4494 3282 4551 poteSt
3309 4498 3447 4553 pra:-

182 4557 259 4655 cq')
286 4559 429 4631 Θεῷ,
446 4564 619 4655 παντα
644 4566 699 4621 δὲ
721 4568 757 4622 ἃ
779 4574 928 4625 ποιεῖ
946 4574 974 4626 6
996 4575 1204 4650 Πατὴρ,
1223 4581 1421 4651 ὁμοίως
1445 4585 1537 4637 καὶ
1564 4587 1591 4638 6
1615 4586 1761 4655 Υἱὸς,

1872 4591 2016 4636 stare
2046 4594 2165 4649 Quae
2192 4578 2351 4643 Deus,
2401 4580 2581 4631 omnia
2644 4592 2774 4631 vero
2841 4592 2958 4645 qua:
3016 4586 3232 4644 praestat
3256 4574 3438 4642 Pater,

182 4648 281 4701 οὐκ
314 4651 425 4721 ἄρα
442 4652 552 4708 τῶν
578 4659 885 4729 γενομένων
907 4664 1076 4719 ἐστίν.

871 4774 1076 4831 ΑΛΛΟ.

254 4874 317 4929 El
342 4877 524 4931 πάντα
554 4879 620 4933 τὰ
649 4885 853 4954 γενητὰ
896 4886 954 4953 ἐξ
983 4888 1170 4959 ἐτέρου
1204 4891 1263 4945 τὸ
1291 4888 1429 4947 εἷναι
1469 4895 1602 4966 ἔχει,
1634 4914 1760 4951 πολ.

186 4962 261 5062 ξῷ
296 4969 497 5037 μᾶλλον
519 4973 581 5062 τὸ
614 4974 866 5043 λέγεσθαι
919 4979 1115 5046 αὐτοὺς
1153 4983 1328 5049 θεούς.
1377 4988 1440 5041 Ei
1469 4962 1530 5041 δέ
1561 4992 1762 5062 μετοχῇ

186 5055 366 5152 ἔχουσι
397 5062 460 5116 τὸ
489 5060 627 5118 εἶναι
659 5066 770 5120 θεοὶ
802 5067 895 5141 (οὐ
932 5070 1091 5140 φύσει
1120 5074 1359 5147 δηλονότι
1379 5078 1488 5132 θεοὶ
1514 5055 1582 5135 τὰ
1606 5055 1769 5152 γεκὶἦζ

187 5145 287 5239 τᾷ)
310 5188 327 5213 ,
380 5154 494 5215 τοῖς
537 5153 579 5206 δ’
617 5156 679 5209 οὐ
721 5156 879 5225 φύσει
916 5158 1059 5224 Θεοῖς
1096 5145 1421 5233 προσκυνεῖν
1453 5145 1764 5239 ἀπαγορευλ

189 5238 326 5293 τέον.
363 5243 426 5295 Εί
457 5244 514 5298 δὲ
544 5246 754 5312 τούτοις
784 5250 884 5321 μὲν
907 5251 1333 5324 ἀπαγορευτέον,
1361 5258 1542 5312 οὐκέτι
1571 5260 1627 5313 δὲ
1668 5261 1761 5315 καὶ

190 5328 268 5397 τῷ
292 5331 439 5403 Υἱῷ,
480 5337 578 5408 οὐχ
607 5337 681 5403 ὡς
725 5341 799 5412 μὴ
857 5341 1015 5412 φύσει
1057 5345 1163 5418 ἄρα
1213 5348 1332 5419 Θεῷ
1379 5351 1515 5421 ὅπερ
1548 5352 1666 5405 ἐστὶ
1691 5351 1760 5405 τὰ

192 5428 440 5496 γεννητά.

870 5552 1072 5606 AAAO.

264 5645 322 5699 Ei
353 5650 443 5703 τὸν
477 5652 541 5705 ὲκ
567 5652 641 5725 μὴ
669 5655 836 5714 ὄντων
890 5661 1199 5732 ὑφιστῶντα
1252 5666 1437 5735 οὐσίας
1488 5670 1760 5743 ἐνεδέχετο

264 5802 308 5835 ⁸³
336 5806 356 5861 l
385 5807 523 5866 Petr.
570 5826 631 5879 ll,
657 5814 747 5869 τε.

1870 4682 2094 4745 praestat
2116 4682 2169 4727 et
2200 4671 2370 4726 Filius
2397 4685 2413 4724 :
2447 4686 2552 4726 non
2581 4680 2666 4725 est
2692 4670 2854 4738 igitur
2878 4667 3073 4724 lactus.

2540 4779 2778 4838 ALIUD.

1942 4898 1997 4953 Si
2025 4911 2360 4968 qumuuque
2389 4896 2530 4954 facta
2573 4906 2699 4952 sunt
2751 4897 2818 4950 ab
2869 4893 2976 4949 alio
3004 4908 3124 4948 esse
3152 4908 3306 4949 suum
3346 4891 3441 4945 ha-

1870 4991 2017 5057 bent,
2056 4990 2224 5044 multo
2257 4989 2428 5060 magis
2475 4990 2699 5045 deorum
2743 4988 3178 5059 appellationem.
3205 4984 3261 5038 Si
3310 4998 3441 5037 vero

1866 5097 1962 5152 per
1995 5082 2462 5151 participationem
2485 5089 2611 5136 sunt
2635 5080 2709 5135 dii
2728 5081 2928 5148 (neque
2982 5077 3128 5130 enim
3174 5083 3453 5130 creaturas

1866 5182 2058 5228 natura
2125 5182 2249 5228 sunt
2282 5172 2399 5241 dii),
2435 5180 2490 5226 et
2527 5173 2617 5242 qui
2666 5179 2856 5225 natura
2897 5169 2966 5222 dii
3004 5183 3107 5222 non
3150 5176 3295 5231 sunt,
3340 5170 3437 5221 ad-

1863 5264 2007 5317 orari
2035 5264 2417 5334 prohibentur,
2440 5262 2605 5316 Filius
2636 5271 2814 5315 autem
2840 5259 3054 5315 adorari
3081 5256 3323 5325 iubetur,
3354 5267 3436 5312 nt-

1867 5364 1990 5424 pote
2014 5365 2205 5410 natura
2235 5361 2397 5417 Deus,
2422 5354 2561 5422 quod
2600 5361 2865 5409 creaturae
2923 5367 3029 5409 non
3063 5359 3189 5408 sunt
3221 5370 3236 5411 :
3293 5351 3436 5408 aliud

1867 5446 2031 5516 igitur
2061 5453 2139 5502 est
2163 5459 2322 5515 quam
2350 5452 2618 5499 creatura.

2533 5554 2766 5612 ALIUD.

1940 5670 1997 5730 Si
2028 5671 2282 5744 possibile
2304 5680 2469 5741 esset,
2503 5680 2563 5729 ut
2599 5671 2645 5731 is
2678 5671 2769 5745 qui
2795 5689 2862 5734 ex
2894 5674 3063 5731 nihilo
3109 5673 3440 5732 substantias
