4072 6512
643 388 748 448 507
1651 386 1709 440 S.
1751 386 2029 442 CYIIILLI
2068 388 2536 448 ALEXANDRINI
2576 395 2897 452 ARCIIIEP.
3814 406 3928 462 308

641 501 885 574 producit
904 501 1533 572 atqueconstituitﬁeret
1552 503 1664 558 sive
1687 517 1966 560 crearetur
1996 506 2213 568 abalio,
2247 560 2249 566 ,

2321 513 2409 582 ὑφ’
2442 514 2628 585 ἑτέρου
2655 517 2926 584 γενέσθαι,
2955 521 3098 571 ποιεῖ
3121 519 3174 572 δὲ
3202 520 3264 572 ὲκ
3293 520 3367 590 μὴ
3407 520 3576 573 ὄντων
3601 521 3636 572 6
3675 521 3921 591 Πατὴρ,

641 596 800 651 Pater
825 607 952 649 vero
978 609 1044 649 ex
1069 595 1240 649 nihilo
1261 603 1442 649 creat:
1475 596 1588 650 lieri
1613 597 1791 665 itaque
1809 605 2009 666 potest,
2030 613 2095 652 ex
2137 599 2203 652 il-

2314 604 2588 674 ἐνδέχεται
2621 607 2729 676 ἄρα
2751 609 2932 673 αὐτὸν,
2962 610 3080 662 κατ’
3109 610 3325 673 αὐτοὺς,
3347 614 3409 663 ὲκ
3433 611 3507 681 μὴ
3531 611 3718 664 ὄντων
3744 629 3919 678 γεγο-

641 687 811 741 lornm
851 687 1139 750 sententia,
1170 695 1228 739 ut
1256 696 1309 740 et
1337 687 1494 742 Pater
1530 704 1595 742 ex
1621 690 1785 743 nihilo
1808 690 1922 744 ﬂat.
1951 690 2020 746 At
2039 690 2083 746 si
2107 690 2207 745 hoc

2313 692 2480 746 νέναι.
2517 695 2576 745 Ei
2609 694 2664 746 δὲ
2716 697 2958 764 ἀπρεπὲς
3003 699 3096 750 καὶ
3137 698 3395 751 ἀδύνατον
3435 701 3649 770 ἑτέρων
3683 700 3920 768 φύσεων

643 780 1047 845 inconveniens,
1089 789 1248 850 atque
1273 783 1408 836 adeo
1466 783 1797 852 impossibile
1843 794 1946 850 est,
2005 795 2062 839 ut
2115 786 2205 855 qui

2313 783 2642 854 δημιουργὸν
2691 787 2890 839 ἐννοεῖν
2947 789 3037 856 ὑφ’
3082 790 3276 860 ἐτέρας
3335 790 3584 844 ἐκτίσθαι
3655 792 3918 859 φύσεως,

642 871 776 925 alias
807 881 1030 926 naturas
1069 883 1237 937 creat,
1275 875 1430 946 182
1475 875 1542 928 ab
1603 876 1705 931 alia
1742 887 1933 930 natura
1994 887 2206 930 creatus

2315 873 2658 948 ἀτοπώτερον
2684 877 2809 948 ἄρα,
2846 877 2936 930 τὸν
2972 879 3188 948 ἁπάσης
3224 881 3438 948 φύσεως
3469 881 3795 950 αὐτουργὸν
3828 883 3917 948 ὑφ’

642 963 712 1016 sit
748 978 763 1015 :
798 962 954 1033 longe
992 963 1230 1032 profecto
1270 967 1556 1021 absurdius
1601 976 1703 1031 est,
1747 970 2010 1022 universze
2051 978 2207 1022 natu-

2315 966 2502 1036 ἑτέρας
2553 967 2999 1038 δημιουργεῑσθαι
3047 970 3262 1038 φύσεως
3323 972 3776 1042 ὑπολαμϐάνειν.
3807 976 3918 1026 Καὶ

645 1066 716 1105 rte
739 1053 983 1117 opilicem
1027 1057 1092 1108 ab
1118 1056 1219 1108 alia
1253 1066 1443 1111 natura
1473 1067 1711 1112 creatum
1727 1074 1845 1113 esse
1869 1059 2204 1114 existimare.

2314 1057 2420 1127 γὰρ
2449 1059 2514 1111 ἂν
2535 1058 2594 1109 τὸ
2627 1058 2812 1111 ποιοῦν
2845 1059 3051 1128 ἐγίνετο
3111 1062 3205 1114 καὶ
3263 1063 3325 1116 τὸ
3353 1064 3641 1133 γινόμενον
3691 1066 3880 1116 ἐποίει
3901 1106 3913 1126 ,

642 1140 778 1193 Nam
807 1142 948 1210 quod
988 1154 1392 1200 createreatum
1411 1158 1575 1212 esset,
1613 1159 1665 1202 et
1692 1149 1834 1217 quod
1864 1158 2102 1203 creatum
2125 1160 2208 1203 est

2313 1147 2471 1216 εἴπερ
2501 1148 2530 1199 6
2556 1148 2682 1210 Υἱὸς
2732 1149 3014 1218 γινόμενος
3055 1152 3245 1217 ἐποίει,
3283 1153 3402 1206 κατ’
3445 1155 3734 1216 ἐκείνους,
3779 1157 3916 1224 ὅπερ

642 1245 873 1301 crearet,
920 1238 964 1290 si
998 1236 1162 1292 Filius
1193 1254 1313 1293 cum
1341 1239 1410 1293 sit
1440 1240 1636 1305 factus,
1661 1251 1717 1294 ut
1758 1242 1856 1309 ipsi
1889 1243 2202 1310 opinantur,

2316 1238 2465 1290 ἐστὶν
2491 1237 2871 1292 ἀτοπώτατον·
2921 1241 2972 1293 εί
3001 1257 3064 1308 γε
3109 1241 3244 1313 μόνῃ
3296 1244 3563 1313 προσήκει
3608 1246 3911 1315 τηρεῖσθαι

643 1321 878 1388 faceret,
931 1328 1070 1394 quod
1126 1337 1208 1382 est
1262 1330 1751 1386 absurdissimum:
1789 1331 2054 1401 siquidem
2104 1333 2202 1386 soli

2315 1330 2382 1398 τῇ
2419 1327 2538 1398 θείᾳ
2575 1328 2733 1396 φύσει
2769 1329 2837 1382 τὰ
2867 1331 3036 1399 αὐτῆς
3065 1331 3339 1400 ἐξαίρετα,
3367 1326 3441 1386 ὧν
3491 1333 3548 1386 ἓν
3602 1336 3708 1386 καὶ
3765 1337 3912 1402 πρῶ-

642 1423 846 1468 naturze
881 1404 1082 1471 divina;
1117 1419 1396 1474 tribuenda
1426 1430 1478 1473 et
1516 1422 1863 1489 relinquenda
1887 1431 2034 1486 sunt,
2087 1437 2205 1489 qua:

2314 1437 2405 1472 τον
2433 1420 2668 1495 ὑπάρχει
2699 1421 2758 1475 τὸ
2793 1422 2856 1474 ὲκ
2899 1421 2974 1495 μὴ
2996 1422 3164 1478 ὄντων
3197 1424 3454 1479 δύνασθαι
3508 1428 3911 1497 δημιουργεῖν.

641 1500 808 1570 ipsius
838 1512 966 1556 sunt
993 1506 1203 1574 propria
1231 1516 1284 1561 et
1319 1509 1628 1576 peculiaria,
1685 1525 1914 1578 quorum
1952 1526 2114 1565 unum
2143 1526 2206 1564 ac

641 1593 968 1662 praecipuum
996 1604 1099 1662 est,
1132 1611 1199 1654 ex
1231 1599 1399 1654 nihilo
1426 1616 1612 1656 creare
1644 1617 1822 1670 posse.

905 1719 1475 1815 ASSERTIO
1549 1730 1918 1819 XVIII.

1787 1731 1816 1814 I
1844 1731 1918 1819 I.
2784 1719 3145 1807 ΛΟΓΟΣ
3220 1713 3362 1805 IH'
3375 1788 3392 1805 .

641 1863 792 1932 Quod
825 1882 926 1918 non
957 1867 1183 1945 sit_idem
1215 1883 1456 1945 creatura
1489 1884 1534 1926 et
1567 1875 1709 1941 ﬁlius
1745 1893 1761 1928 :
1797 1893 1955 1945 neque
1976 1879 2030 1931 in
2079 1879 2203 1944 Deo,
2244 1844 2249 1898 1

2317 1877 2442 1928 ’Ότι
2473 1874 2558 1945 μὴ
2609 1873 2830 1928 ταυτὸν
2877 1877 3097 1943 κτίσμα
3135 1877 3231 1929 καὶ
3277 1876 3578 1944 γέννημα,
3618 1876 3788 1942 μηδὲ
3835 1875 3905 1936 τῷ

709 1950 888 1986 creare
912 1945 965 2017 let
990 1938 1198 2016 gignere
1228 1957 1244 1992 :
1273 1942 1489 2017 aliaque
1514 1938 1898 2017 conclusionem
1928 1938 2206 2017 inferenlirt

2383 1938 2594 2017 κτίζειν
2631 1945 2697 1996 τὸ
2739 1945 2960 2017 γεννᾷ-ι·
2994 1938 3294 2017 ἐῖπὶΑΘεοῦί
3329 1945 3423 1997 καὶ
3446 1938 3636 1998 13.1.10—
3658 1938 3762 1997 διὰ
3807 1945 3904 2008 τῆς

709 2020 800 2070 per
833 2006 1180 2059 reductionem
1216 2010 1282 2062 ad
1315 2006 1650 2077 impossibile.
1986 2006 1997 2017 ’

2379 2019 2465 2080 εὶς
2541 2006 2768 2067 circa-toi
2843 2006 3162 2084 ἀπαγωγῆς
3229 2018 3446 2083 ἔχοντα
3522 2017 3589 2068 τὸ
3669 2006 3903 2084 omni;

1495 2143 1498 2147 .
2371 2099 2595 2153 ρασμα.

853 2160 1092 2229 Defensio
1123 2163 1344 2232 simplex
1369 2179 1433 2217 ea:
1467 2165 1620 2219 nudis
1655 2169 1992 2236 argumentis.

1833 2169 1992 2222 entia.
2764 2180 3076 2247 Ἀπολογία
3111 2177 3441 2242 αὺτολεξεί.

713 2269 767 2323 Si
802 2272 1020 2340 gignere
1051 2280 1104 2325 et
1129 2287 1315 2327 creare
1333 2274 1470 2327 idem
1504 2284 1646 2328 esset
1679 2276 1729 2328 in
1753 2275 1878 2340 Deo,
1935 2292 2039 2331 non
2071 2277 2205 2332 fuis-

2381 2300 2439 2352 Εἰ
2470 2299 2530 2351 τὸ
2566 2297 2811 2368 γέννημα
2834 2297 2910 2366 τῷ
2938 2296 3191 2366 κτίσματι
3240 2293 3432 2346 ταυτὸν
3461 2289 3527 2361 ἦν
3569 2290 3732 2358 παρὰ
3757 2289 3899 2356 Θεῷ,

643 2371 726 2414 εει
749 2361 852 2414 lata
879 2362 927 2414 in
958 2361 1299 2430 Uuigenitum
1329 2379 1427 2417 vox
1462 2365 1570 2428 illa,
1591 2384 1607 2416 ι
1637 2365 1732 2418 llic
1761 2376 1844 2420 est
1870 2366 2035 2422 Filius
2055 2385 2204 2426 meus

2309 2390 2407 2442 οὐκ
2440 2389 2504 2442 ἂν
2527 2361 2619 2441 ἐστὶ
2641 2361 3032 2455 τὺνυΜονογενῆ
3056 2361 3277 2456 ἐφέρετο
3299 2385 3473 2452 φωνή·
3507 2403 3523 2432 ι
3551 2375 3732 2443 Οὗτός
3754 2382 3899 2432 ἐστιν

641 2455 866 2508 dilectus
898 2455 943 2485 "
971 2473 984 2508 :
1017 2473 1037 2506 ι
1072 2469 1192 2508 cum
1217 2454 1378 2508 etiam
1407 2471 1467 2509 ea
1499 2472 1619 2524 (λικε
1670 2467 1858 2510 natura
1901 2459 2199 2514 inanimata

2309 2483 2336 2532 6
2366 2480 2490 2542 Υἱός
2529 2497 2627 2546 μου
2667 2480 2693 2529 6
2745 2454 3046 2548 ἀγαπητόςο
3087 2496 3104 2527 ι
3149 2454 3245 2528 iit-ra
3297 2475 3362 2544 δὴ
3412 2474 3636 2528 καὶτῶν
3671 2472 3897 2540 ἀψύχων

640 2555 785 2609 ευιιι,
819 2546 911 2600 ﬁlii
939 2545 1033 2601 Dei
1086 2545 1216 2611 sint,
1273 2545 1320 2600 si
1352 2547 1491 2602 idem
1540 2556 1624 2601 est
1669 2559 1920 2603 creatura
1967 2558 2021 2606 et
2055 2552 2204 2621 geni-

2311 2570 2450 2624 κατὰ
2479 2569 2639 2638 φύσιν
2668 2568 2797 2622 υἱῶν
2827 2567 2994 2619 ὄντων
3028 2564 3184 2631 Θεοῦ,
3219 2566 3376 2635 εἴπερ
3417 2565 3478 2616 τὸ
3526 2563 3743 2615 κτίσαα
3773 2579 3897 2613 ταυ-

641 2651 788 2690 me"-
2311 2660 2398 2712 τὸν
2425 2659 2500 2728 τῷ
2523 2662 2818 2728 γεννήματι
2852 2658 3127 2726 τυγχάνει.

1309 2751 1540 2806 ALIUD.

2997 2771 3199 2822 ΔΛΛΟ.

711 2861 787 2927 Si,
828 2863 1277 2932 quemadmodum
1322 2873 1569 2919 creatura
1634 2868 1850 2936 proprie
1894 2867 2092 2922 dicitur
2143 2869 2209 2921 de

2382 2885 2443 2936 Ei
2472 2883 2658 2953 ὥσπερ
2683 2883 2742 2935 τὸ
2795 2882 2998 2953 κτίσμα
3046 2882 3248 2954 κυρίως
3301 2881 3517 2949 λέγεται
3574 2879 3664 2948 ézg‘
3703 2880 3894 2948 ἡμῶν,

639 2957 812 3020 nobis,
846 2957 916 3011 ita
948 2957 1111 3011 etiam
1138 2958 1405 3028 genimen,
1435 2975 1496 3012 ac
1527 2959 1749 3030 perinde
1781 2963 1846 3014 de
1876 2960 2008 3016 Filio
2035 2980 2047 3015 :
2080 2962 2208 3015 nihil

2313 2977 2483 3040 οὕτως
2507 2976 2677 3030 καὶτὸ
2709 2976 2975 3047 γέννημα,
3001 2975 3260 3038 ὡσαύτως
3289 2975 3345 3028 δὲ
3378 2975 3469 3028 καὶ
3499 2975 3591 3026 ἐπὶ
3617 2973 3715 3026 τοῦ
3749 2972 3891 3028 Υξοῦ.

639 3047 870 3114 amplius
901 3062 1062 3115 quam
1086 3063 1182 3104 nos
1208 3049 1444 3112 habebit,
1473 3064 1596 3104 cum
1627 3051 1697 3105 sit
1717 3052 1932 3120 proprie
1961 3061 2206 3106 creatura

2313 3068 2462 3119 οὐδὲν
2491 3065 2645 3135 ἡμῶν
2695 3065 2807 3129 ἔξει
2853 3065 3015 3118 πλέον
3075 3066 3154 3128 είς
3209 3062 3483 3135 ὑπεροχὴν
3556 3061 3773 3131 κτίσμα
3809 3061 3893 3111 καὶ

637 3144 692 3192 ει
729 3137 997 3208 genimen.
2237 3171 2245 3212 ι

2237 3161 2281 3220 C
2313 3159 2556 3229 γέννημα
2600 3158 2804 3230 κυρίως
2851 3157 2944 3213 ὢν.

1313 3245 1538 3302 ALIUD.

2985 3272 3190 3326 ΑΛΛΟ.

717 3359 773 3415 Si
799 3360 1047 3429 genimen
1079 3369 1128 3414 et
1151 3369 1395 3415 creatura
1426 3371 1552 3416 sunt
1581 3362 1740 3428 idem,
1775 3373 1855 3420 est
1889 3379 2015 3422 vero
2045 3367 2209 3422 etiam

2383 3388 2445 3439 Ei
2473 3387 2533 3440 τὸ
2559 3387 2804 3457 γέννημα
2837 3386 2932 3440 καὶ
2979 3385 3041 3438 τὸ
3094 3383 3296 3454 κτίσμα
3340 3383 3536 3437 ταυτὸν
3599 3382 3889 3451 τυγχάνει,

647 3451 882 3519 Spiritus
925 3459 1159 3516 sanctus,
1189 3461 1246 3503 ut
1279 3451 1366 3505 isti
1414 3453 1618 3518 volunt,
1645 3464 1927 3509 creatura:
1963 3467 2108 3511 certe
2157 3467 2213 3512 et

2313 3478 2505 3532 ἔστιδὲ
2543 3479 2743 3548 κτίσμα
2765 3479 2860 3532 καὶ
2898 3477 2958 3531 τὸ
2990 3477 3213 3546 Πνεῦμα
3240 3475 3300 3528 τὸ
3323 3475 3496 3542 ἅγιον,
3529 3473 3650 3526 κατ’
3675 3475 3885 3535 αὐτοὺς,

645 3545 917 3611 genimen.
941 3543 997 3596 Si
1025 3555 1199 3598 autem
1221 3553 1272 3600 et
1301 3545 1534 3616 Spiritus
1558 3559 1777 3603 sanctus
1809 3559 1894 3604 est
1935 3552 2207 3617 genimen,

2313 3572 2472 3641 δῆλον
2503 3572 2582 3623 ὅτι
2611 3543 2704 3622 καὶ
2731 3570 2996 3639 γέννημα.
3047 3569 3108 3620 Εἰ
3140 3543 3203 3620 ’δὲ
3252 3565 3440 3618 καὶτὸ
3498 3563 3728 3632 Πνεῦμα
3771 3564 3883 3630 γέν-

647 3645 697 3698 ει
729 3634 894 3688 Filius
924 3635 1017 3690 Dei
1067 3644 1148 3689 est
1179 3638 1442 3706 geniutcn,
1504 3645 1793 3708 omniaque
1851 3651 1983 3696 sunt
2059 3643 2212 3712 geni-

2315 3634 2486 3730 νημα,
2510 3661 2600 3714 καὶ
2625 3663 2651 3712 6
2687 3634 2813 3722 Υίδς
2966 3657 3098 3710 Θεοῦ
3124 3657 3391 3726 γέννημα,
3450 3655 3545 3707 καὶ
3588 3653 3656 3704 τὰ
3720 3654 3886 3705 πάντα

648 3726 791 3777 mina
821 3742 832 3776 :
880 3727 1147 3794 quomodo
1181 3728 1490 3800 unigenitus
1526 3731 1725 3785 dicitur
1753 3732 1921 3788 Filius
1945 3735 1995 3788 in
2031 3734 2212 3788 multis

2315 3726 2627 3823 γεννήματα
2651 3792 2664 3816 ,
2719 3752 2829 3814 πῶς
2884 3749 3176 3820 μονογενὴς
3209 3751 3236 3802 6
3261 3747 3388 3810 Υἱὸς
3424 3748 3452 3798 ὁ
3505 3745 3643 3815 μετὰ
3684 3743 3885 3798 πολλῶν

647 3817 904 3882 fratribus
937 3819 1020 3884 "h?
2316 3817 2560 3916 ᾆδελςριῦν
2591 3817 2941 3913 εἰσαγόμενος
2963 3859 2977 3906 ;

1312 3933 1542 3988 ALIUD.

2997 3956 3199 4010 ΑΛΛΟ.

717 4023 771 4078 Si
807 4027 1062 4095 quidquid
1113 4036 1362 4080 creatura
1419 4027 1506 4080 Dei
1558 4035 1662 4090 est,
1703 4027 1950 4096 genimcn
2003 4043 2216 4098 quoque

2387 4055 2471 4118 Ei,
2501 4052 2633 4106 εἴτι
2665 4052 2868 4122 κτίσμα
2889 4049 3046 4109 Θεοῦ.
3101 4047 3257 4099 τοῦτο
3305 4043 3399 4097 καὶ
3434 4042 3695 4110 γέννημα,
3743 4036 3885 4090 οὐδὲν

645 4125 726 4170 εει
757 4133 770 4170 :
810 4116 939 4172 nihil
969 4131 1290 4184 eorumqure
1323 4116 1460 4168 facta
1520 4126 1663 4181 sunt,
1721 4120 1786 4170 ab
1824 4119 2106 4186 adoptione
2161 4122 2213 4172 in

2316 4146 2422 4199 τῶν
2450 4144 2750 4213 γεγονότων
2779 4142 3022 4194 λείπεται
3055 4139 3156 4208 τῆς
3205 4135 3494 4198 υἱοθεσίας.
3535 4134 3595 4186 Et
3619 4133 3672 4185 δὲ
3699 4132 3850 4185 τοῦτο
3869 4172 3880 4194 ,

646 4205 785 4264 ﬁlios
816 4216 899 4258 est
941 4205 1196 4258 alienum.
1252 4206 1471 4272 Quodsi
1506 4224 1689 4261 verum
1709 4218 1810 4274 est,
1854 4210 2052 4263 frustra
2114 4226 2211 4264 uo-

2320 4205 2498 4309 ματη-ν
2529 4205 2663 4307 ημῖν
2692 4235 2958 4288 υἱοθεσίαν
3009 4205 3372 4302 ἐπηγγείλατο
3398 4229 3427 4280 6
3481 4226 3633 4288 Θεὸς,
3675 4225 3772 4277 ire
3824 4224 3885 4291 δὴ

646 4295 730 4349 bis
763 4296 1105 4364 adoptionem
1140 4299 1421 4352 annuntiat
1471 4300 1627 4363 Deus,
1679 4317 1795 4353 cum
1843 4312 1896 4355 et
1924 4302 2215 4356 inanimata

2319 4330 2412 4381 καὶ
2439 4328 2545 4381 τῶν
2580 4325 2800 4395 ἁψύχως
2845 4324 3075 4393 ἐχόντων
3107 4321 3264 4373 τοῦτο
3308 4317 3448 4371 κατὰ
3502 4318 3681 4384 φύσιν,
3714 4316 3882 4383 εἰπερ,

645 4387 970 4443 naturaliter
1048 4403 1167 4441 eam
1247 4392 1979 4461 consequantur:siquidem
2063 4393 2217 4460 quid-

2104 4393 2217 4487 "i‘_"
2319 4419 2370 4472 εἴ
2394 4437 2444 4471 τι
2471 4387 3004 4487 κτίσμα,”τοῦτο”καὶ
3031 4411 3275 4482 γέννημα
3307 4405 3510 4477 κυρίως
3536 4405 3701 4459 ἐστίν·

645 4475 777 4544 quid
833 4485 954 4540 est,
1032 4479 1277 4549 genimeu
1349 4493 1559 4547 quoque
1625 4481 1737 4535 sive
1801 4483 1939 4536 [ilius
2000 4484 2289 4553 proprior)

644 4575 751 4628 εει,

1313 4661 1543 4716 ALIUD.
3014 4676 3216 4730 AAAO.

718 4773 773 4826 Si
809 4773 1053 4844 genimen
1077 4785 1130 4830 et
1163 4786 1411 4831 creatura
1445 4777 1585 4830 idem
1613 4784 1758 4839 sunt,
1786 4777 1926 4845 quod
1967 4791 2096 4833 vero
2126 4793 2218 4847 ge-

2389 4797 2450 4849 Εί
2482 4796 2542 4848 τὸ
2577 4795 2821 4865 γέννημα
2845 4791 2938 4846 καὶ
2965 4791 3025 4844 τὸ
3047 4789 3251 4858 κτίσμα
3269 4786 3468 4840 σεαυτόν
3495 4785 3664 4847 ἐστιν,
3707 4783 3887 4835 ἔστιδὲ

645 4867 818 4920 ni—tnm
865 4880 894 4919 a
952 4867 1062 4921 Deo
1115 4877 1215 4933 est,
1273 4879 1520 4922 creatura
1573 4868 1894 4922 naturaliter
1919 4879 2002 4923 est
2041 4887 2053 4922 :
2086 4884 2214 4938 ergo

2316 4888 2378 4940 τὸ
2407 4887 2695 4957 γενόμενον
2724 4885 2854 4939 Θεοῦ
2886 4884 3089 4954 κτίσμα
3107 4882 3284 4951 φύσει,
3315 4878 3520 4947 κτίσμα
3548 4874 3684 4929 Θεοῦ
3716 4875 3888 4944 δηλονο

645 4967 892 5012 creatura
923 4957 1016 5013 Dei
1049 4968 1104 5013 et
1124 4960 1368 5013 naturale
1396 4961 1641 5028 genimeu
1678 4959 1768 5013 Dei
1817 4959 1956 5014 idem
1987 4970 2130 5014 sunt.
2159 4961 2212 5014 Si

2322 4980 2403 5032 ότι
2453 4978 2546 5031 καὶ
2589 4977 2748 5046 φύσει
2785 4975 3026 5045 γέννημα
3065 4972 3198 5027 Θεοῦ
3233 4971 3295 5024 τὸ
3322 4970 3475 5024 αὑτό.
3512 4969 3575 5022 Ei
3605 4968 3664 5022 δὲ
3699 4966 3758 5018 τὸ
3797 4965 3887 5034 φύν

645 5065 772 5105 vero
797 5051 848 5105 id
874 5052 1015 5119 quod
1042 5061 1256 5117 natura,
1285 5066 1389 5104 non
1421 5061 1602 5105 autem
1632 5052 1774 5120 quod
1797 5052 2085 5120 adoptione
2122 5068 2215 5122 ge-

2325 5089 2426 5135 σει,
2443 5069 2553 5124 ἀλλ’
2581 5070 2640 5123 οὐ
2670 5068 2815 5120 θέσει
2837 5066 3195 5135 γεννώμενον,
3217 5062 3501 5135 ὁμοούσιον
3527 5060 3606 5130 τῷ
3628 5057 3766 5126 Θεῷ,
3792 5059 3887 5108 πᾶν

647 5143 814 5195 nitum
863 5151 962 5207 est.
1024 5142 1480 5197 consubstantiale
1553 5142 1659 5196 Deo
1711 5152 1793 5196 est
1826 5162 1840 5198 :
1877 5158 2037 5198 omne
2075 5145 2215 5212 quod

2323 5162 2382 5215 τὺ
2408 5162 2694 5230 γενόμενον
2748 5160 3099 5230 εὑρεθήσεται
3141 5158 3314 5227 φύσει,
3371 5155 3529 5223 εἴπερ
3587 5151 3648 5203 τὸ
3692 5149 3885 5218 κτίσμα

652 5233 810 5303 183
841 5233 1040 5288 factum
1078 5247 1182 5300 est,
1217 5243 1406 5288 natura
1444 5233 1546 5287 tale
1571 5235 1871 5290 invenietur
1903 5248 1919 5287 :
1952 5235 2214 5304 siquidem

2004 5235 2214 5304 quidem
2325 5251 2480 5321 φύσει
2512 5253 2602 5304 καὶ
2623 5251 2864 5322 γέννημα
2887 5249 3158 5318 τυγχάνει,
3185 5248 3277 5300 καὶ
3302 5245 3362 5298 εὑ
3393 5246 3612 5314 μετοχῇ.

649 5334 894 5379 creatura
922 5327 1170 5396 genimen
1193 5341 1407 5396 quoque
1435 5336 1623 5383 natura
1654 5335 1754 5394 est,
1779 5337 1833 5382 et
1862 5343 1965 5383 non
2006 5329 2221 5397 partici—

649 5417 881 5484 patione.

1317 5505 1546 5562 ALIUD.

3009 5502 3213 5555 ΑΛΛΟ.

721 5617 777 5672 Si
841 5627 1088 5675 creatura
1133 5617 1293 5672 etiam
1359 5619 1608 5688 genimen
1667 5617 1883 5684 proprie
1944 5627 2046 5684 εει,
2074 5629 2218 5674 εει-ιε

2392 5619 2454 5675 Εἰ
2480 5615 2540 5670 τὸ
2566 5616 2767 5689 κτίσμα
2789 5616 2943 5670 τοῦτο
2977 5617 3067 5669 καὶ
3099 5616 3344 5687 γέννημα
3373 5611 3576 5682 κυρίως
3596 5606 3685 5681 ἧν,
3723 5604 3879 5676 nolit};

724 5777 768 5816 *⁸
797 5775 984 5835 Matth.
1020 5791 1097 5840 ιιι,
1133 5775 1232 5841 17;
1265 5790 1394 5837 xvu,
1431 5776 1480 5828 5.
1561 5777 1602 5806 ³⁷
1635 5773 1787 5830 Rom.
1825 5791 1940 5843 vm,
1974 5777 2058 5831 ‘39.
