4072 6510
259 407 366 463 309

1634 402 2077 460 THES.\URUS.

3408 408 3512 463 510

261 522 461 590 μᾶλλον
493 522 634 594 ὑπὲρ
653 523 722 576 τά
761 521 895 576 ἄλλα
922 517 1062 592 ἦσαν
1101 522 1151 574 οἱ
1199 522 1421 591 ἄγγελοι
1470 520 1672 593 κυρίως
1707 521 1830 574 υίοί.

1953 520 2108 576 multo
2136 490 2545 592 magisproprie
2589 535 2700 591 prae
2733 519 2954 592 reliquis
2991 521 3167 592 angeli
3209 531 3366 579 erunt
3397 522 3512 577 ﬁlii.

259 615 321 667 El
352 615 408 667 δὲ
436 615 504 668 τὰ
531 615 712 685 πολλῷ
765 612 1048 682 κρείττονα
1094 612 1276 683 μέτρῳ
1313 611 1514 682 κυρίως
1563 611 1663 664 οὐκ
1703 611 1838 663 εἰσὶν

258 704 366 758 υίοὶ
402 703 421 777 (
447 705 622 759 οὐδενὶ
649 703 757 775 γάρ
791 721 921 757 ποτε
961 703 1071 756 τῶν
1095 702 1344 772 ἀγγέλων
1372 697 1550 755 εἷπεν·
1583 701 1713 762 Υίός
1737 717 1835 770 μου

259 788 309 845 εἴ
335 795 402 847 σὺ
425 794 444 864 )
464 834 480 858 ,
509 794 611 848 οὐκ
633 793 788 847 ἔσται
815 793 922 863 ἄρα
945 791 1007 844 16
1048 790 1251 862 κτίσμα
1283 790 1443 845 τοῦτο
1469 791 1563 845 καὶ
1591 789 1837 860 γέννημα

261 882 484 954 κυρίως.

948 990 1156 1046 ΔΛΛΟ.

331 1107 394 1162 Εί
445 1106 650 1178 κτίσμα
710 1105 806 1160 καὶ
859 1105 1108 1176 γέννημα
1141 1103 1334 1158 ταυτόν
1373 1103 1542 1166 ἐστιν,
1581 1105 1609 1157 6
1641 1103 1839 1166 κτίζων

259 1199 410 1252 ἔσται
445 1198 536 1252 καὶ
572 1198 785 1268 Πατήρ.
817 1196 958 1249 Είδὲ
992 1195 1164 1262 κτίζει
1205 1199 1234 1250 6
1267 1197 1415 1260 Υίδς,
1453 1196 1603 1248 ἔσται
1628 1197 1655 1248 6
1680 1195 1839 1258 αὐτὸς

259 1288 356 1341 καὶ
385 1288 596 1358 Πατήρ.
652 1289 716 1341 Ei
780 1287 838 1341 δὲ
898 1287 1072 1354 τοῦτο,
1121 1287 1274 1340 ἔσται
1329 1286 1538 1358 Πατρὸς
1589 1285 1779 1355 Πατὴρ
1812 1287 1839 1337 6

254 1377 540 1448 ἀγένητος,
566 1377 717 1430 οὐδὲν
740 1377 902 1431 πλέον
927 1378 1067 1449 ἔχων
1099 1379 1198 1448 τῆς
1225 1377 1347 1430 καθ’
1379 1378 1527 1447 ἡμᾶς
1575 1393 1838 1447 πραγμα-

254 1470 409 1534 τείας
439 1471 496 1523 ὲν
524 1472 594 1540 τῇ
619 1469 814 1524 ἑαυτοῦ
839 1470 1108 1542 Θεογονίᾳ,
1135 1472 1295 1542 εἴπερ
1321 1471 1382 1524 τὸ
1412 1470 1658 1540 γέννημα
1683 1468 1838 1522 τοῦτο

250 1559 284 1612 ὃ
312 1562 406 1616 καὶ
446 1561 651 1632 κτίσμα
679 1561 958 1632 τυγχάνει.

945 1676 1149 1730 ΑΛΛΟ.

329 1789 392 1842 Ei
415 1788 476 1843 16
498 1788 702 1860 κτίσμα
728 1790 874 1843 ἐστὶν
903 1789 1117 1860 άληθῶς
1146 1789 1240 1843 καὶ
1275 1788 1538 1860 γέννημα,
1588 1791 1840 1861 καθάπερ

251 1880 285 1932 ὁ
320 1878 466 1943 Υἱὸς,
491 1878 642 1932 ἔσται
663 1878 770 1932 τῶν
796 1878 1015 1932 πάντων
1044 1879 1277 1947 ἀδελφὸς
1299 1879 1326 1930 6
1347 1878 1492 1940 Υἱὸς,
1510 1879 1571 1930 οὐ
1601 1879 1706 1949 μὴν
1730 1879 1835 1930 Κύ-

256 1989 376 2042 ριος
406 1973 434 2024 6
471 1971 621 2034 Θεός.
681 1972 742 2024 EI
768 1971 825 2025 δὲ
865 1970 979 2023 ἔστι
1039 1969 1242 2040 Κύριος
1284 1971 1378 2024 καὶ
1412 1970 1564 2033 Θεὸς,
1606 1971 1705 2024 οὐκ
1735 1973 1842 2040 άρα

255 2063 506 2131 ἀδελφός.
563 2063 627 2115 EI
673 2063 852 2116 τοίνυν
907 2061 984 2132 τῷ
1044 2062 1158 2132 Υἱῷ
1207 2062 1322 2114 ὄντι
1370 2065 1646 2132 μονογενεῖ
1690 2063 1841 2115 οὐδὲν

257 2152 366 2204 τῶν
395 2151 562 2205 ὄντων
609 2152 756 2204 ἐστὶν
808 2151 1057 2220 ἀδελφὸν,
1114 2150 1235 2204 οὐδὲ
1285 2152 1604 2221 γεννήματα
1637 2152 1842 2221 κυρίως

258 2242 368 2293 εἰσὶ
399 2241 466 2294 τὰ
483 2240 667 2304 λοιπά,
703 2242 809 2294 εἰσὶ
856 2241 911 2294 δὲ
957 2240 1230 2311 κτίσματα
1283 2241 1521 2312 κυρίως·
1555 2241 1672 2306 πῶς
1732 2242 1841 2312 ἄρα

259 2331 454 2383 ταυτὸν
483 2330 688 2402 κτίσμα
716 2332 809 2384 καὶ
833 2332 1077 2402 γέννημα
1103 2348 1118 2398 ;

952 2534 1156 2588 ΑΛΛΟ.

335 2651 398 2704 Εἰ
419 2651 477 2706 16
501 2651 711 2722 ποίημα
730 2650 880 2702 ἔσται
913 2649 1007 2702 καὶ
1033 2649 1301 2718 γέννημα,
1325 2649 1352 2700 ὁ
1388 2647 1557 2701 ποιῶν
1583 2646 1735 2701 ἔσται
1753 2649 1848 2700 καὶ

262 2744 564 2814 γεννήτωρ.
601 2741 711 2794 Καὶ
764 2741 1022 2812 προάγων
1067 2740 1166 2810 μὲν
1203 2739 1265 2791 τὸ
1315 2740 1422 2792 πᾶν
1467 2738 1526 2803 ἐξ
1549 2739 1740 2793 ἑαυτοῦ
1773 2740 1847 2802 ὡς

263 2835 562 2904 γεννήτωρ,
587 2833 784 2900 ἔξωθεν
806 2832 862 2884 δὲ
890 2831 950 2884 16
1007 2831 1138 2884 αὐτὸ
1174 2831 1340 2884 ποιῶν
1387 2831 1462 2894 ὡς
1493 2830 1843 2900 δημιουργός.

262 2924 326 2977 Εἰ
346 2923 403 2976 δὲ
429 2922 625 2988 ἔξωθεν
665 2922 821 2975 τοῦτο
851 2924 994 2974 ποιεῖ
1030 2921 1057 2973 ὃ
1085 2921 1179 2973 καὶ
1213 2921 1415 2974 τίκτειν
1447 2919 1506 2985 ἐξ
1531 2921 1724 2974 ἑαυτοῦ
1756 2921 1847 2973 δύ-

261 3031 440 3078 ναται,
470 3013 585 3075 ἐνὸς
615 3011 766 3074 ὄντος
815 3011 914 3081 ἤδη
945 3007 1039 3062 τοῦ
1077 3009 1163 3061 ἐπ’
1199 3010 1399 3077 ἀμφοῖν
1449 3009 1672 3080 τρόπου,
1730 3009 1846 3072 πῶς

259 3105 324 3156 16
348 3106 403 3158 ὲν
431 3105 510 3157 ἐνὶ
567 3103 852 3174 πράγματι
904 3099 1189 3170 συναχθὲν,
1253 3099 1344 3152 δύο
1402 3101 1743 3170 πραγμάτων
1779 3099 1844 3152 ἂν

1941 607 1998 664 Si
2019 623 2145 665 vero
2195 625 2314 680 quae
2343 612 2718 680 praestantiora
2753 612 2920 666 multo
2941 621 3084 676 sunt,
3116 626 3219 665 non
3238 621 3362 667 sunt
3417 611 3512 666 filii

1942 701 2163 771 (nemini
2189 702 2331 756 enim
2362 717 2600 771 unquam
2650 702 2961 772 angelorum
3018 703 3156 757 dixit
3194 701 3336 758 Deus
3373 722 3386 758 :
3421 703 3512 758 Fi-

1943 790 2042 846 lius
2065 806 2220 848 meus
2248 806 2307 848 es
2367 794 2446 863 tu)
2473 809 2487 846 :
2516 809 2621 849 non
2651 793 2758 849 erit
2787 793 2972 862 itaque
3015 804 3263 848 creatura
3295 797 3512 866 proprie

1941 896 2210 951 gemmea.

2608 996 2838 1053 ALIUD.

2016 1109 2071 1164 Si
2101 1119 2348 1166 creatura
2376 1119 2428 1167 et
2461 1111 2708 1180 genimen
2757 1121 2886 1168 sunt
2907 1113 3071 1176 idem,
3101 1114 3190 1182 qui
3221 1120 3373 1167 creat
3413 1114 3517 1167 erit

1941 1201 2118 1255 Pater.
2153 1202 2209 1256 Si
2244 1211 2422 1257 autem
2455 1213 2603 1258 creat
2637 1203 2823 1268 Filius,
2857 1205 2962 1259 erit
2991 1206 3102 1274 ipse
3146 1206 3310 1259 etiam
3333 1205 3512 1259 Pater.

1941 1294 2092 1359 Quod
2119 1295 2163 1347 si
2201 1309 2384 1348 verum
2405 1304 2507 1359 est,
2540 1296 2644 1350 erit
2670 1294 2847 1352 Patris
2869 1295 3029 1350 Pater
3067 1295 3359 1363 ingenitus,
3386 1295 3516 1348 nihil

1944 1385 2172 1454 amplius
2206 1387 2408 1442 habens
2439 1402 2598 1455 quam
2639 1403 2737 1442 nos
2771 1389 2824 1443 in
2853 1403 2949 1443 sua
2995 1389 3174 1442 divina
3209 1389 3516 1457 generatio-

1945 1492 2035 1542 ne,
2065 1476 2330 1546 siquidem
2361 1478 2607 1547 genimen
2638 1488 2693 1533 et
2720 1489 2969 1534 creatura
3002 1479 3140 1534 idem
3167 1490 3269 1532 est.

2617 1676 2850 1734 ALIUD.

2021 1785 2076 1839 Si
2111 1794 2356 1841 creatura
2387 1801 2512 1841 vere
2561 1789 2726 1841 etiam
2789 1797 2874 1842 est
2925 1789 3196 1855 genimen,
3251 1787 3390 1842 sicut
3428 1787 3520 1840 Fi-

1950 1875 2051 1928 lius
2085 1890 2100 1931 :
2163 1872 2271 1929 erit
2303 1885 2452 1930 certe
2475 1873 2646 1929 Filius
2668 1876 2909 1929 omnium
2960 1876 3150 1940 frater,
3191 1891 3297 1929 non
3341 1885 3520 1929 autem

1953 1966 2208 2019 Dominus
2241 1966 2401 2019 Deus.
2436 1965 2489 2019 Si
2524 1981 2653 2020 vero
2684 1976 2765 2020 est
2813 1966 3068 2022 Dominus
3103 1977 3155 2020 et
3193 1966 3352 2029 Dens,
3417 1983 3520 2020 non

1949 2056 2110 2124 igitur
2137 2055 2322 2109 frater.
2362 2055 2417 2110 Si
2443 2072 2572 2126 ergo
2613 2056 2774 2118 Filio,
2806 2071 2926 2111 cum
2981 2058 3052 2112 sit
3088 2057 3522 2127 tmigenilus,ni-

1949 2146 2022 2200 hil
2051 2161 2113 2201 ex
2156 2146 2220 2200 iis
2257 2161 2378 2214 quae
2414 2147 2684 2202 exsistunt
2727 2146 2896 2216 possit
2955 2147 3060 2200 dici
3113 2147 3298 2209 frater,
3341 2144 3522 2214 profe-

1948 2251 2037 2296 cto
2070 2241 2276 2311 reliqua
2313 2243 2581 2310 genimina
2609 2243 2822 2313 pmprie
2843 2256 2949 2296 non
2975 2251 3154 2302 erunt.
3181 2243 3275 2296 sed
3305 2241 3523 2310 proprie

1949 2338 2230 2385 creaturae.
2267 2329 2548 2397 Quomodo
2574 2346 2704 2401 ergo
2737 2331 2874 2386 idem
2915 2332 3025 2386 sint
3070 2342 3316 2386 creatura
3350 2337 3402 2384 et
3435 2343 3525 2396 ge-

1953 2421 2166 2476 nimen?

2614 2529 2843 2585 ALIUD.

2024 2646 2080 2701 Si
2118 2661 2252 2714 opus
2283 2654 2334 2700 et
2362 2645 2612 2716 genimen
2669 2653 2796 2699 sunt
2838 2644 3003 2706 idem,
3062 2629 3240 2711 opifex
3286 2643 3531 2698 etiamet

1953 2740 2164 2810 genitor
2198 2739 2337 2793 idem
2365 2745 2546 2792 erunt.
2577 2737 2642 2790 Et
2674 2737 2978 2805 producens
3009 2736 3227 2804 quidem
3255 2736 3436 2789 omnia
3463 2749 3527 2787 ex

1953 2845 2011 2884 se
2047 2836 2105 2882 ut
2139 2831 2386 2898 genitor,
2422 2828 2759 2882 extrinsecus
2785 2838 2912 2882 vero
2943 2827 3043 2880 hoc
3067 2825 3270 2879 faciens
3303 2837 3528 2878 uteren—

1953 2930 2056 2976 tor.
2084 2921 2140 2975 Si
2174 2936 2298 2976 vero
2334 2921 2673 2976 extrinsecus
2701 2919 2840 2973 idem
2873 2918 3022 2980 facit,
3061 2920 3202 2986 quod
3229 2925 3282 2970 et
3311 2919 3530 2988 gignere

1952 3027 2018 3067 ex
2046 3027 2105 3066 se
2121 3021 2316 3082 potest,
2344 3026 2465 3066 cum
2504 3026 2606 3064 una
2644 3010 2940 3080 eademque
2968 3009 3038 3062 sit
3067 3010 3118 3062 in
3176 3019 3406 3076 utroque
3452 3025 3532 3062 ra-

1955 3103 2051 3168 tio,
2081 3103 2352 3171 quomodo
2382 3102 2524 3171 quod
2558 3103 2611 3155 in
2645 3116 2804 3155 unam
2836 3115 2948 3154 rem
2974 3100 3230 3154 collatum
3266 3108 3367 3162 est,
3405 3100 3530 3152 dua-

262 3195 379 3265 ἐχοι
409 3195 798 3266 προσηγορίας,
835 3194 883 3246 εί
936 3193 1010 3264 μὴ
1035 3193 1144 3265 ἄρα
1178 3192 1380 3264 Θατέρα
1432 3191 1612 3246 αὐτῶν
1637 3191 1722 3260 εἴη
1766 3191 1845 3243 δι-

1955 3210 2071 3247 rum
2101 3209 2280 3248 rerum
2312 3193 2727 3262 appellationem
2786 3192 3002 3258 habeat,
3041 3193 3142 3246 nisi
3207 3192 3528 3246 alterutrum

261 3284 574 3356 εψευσμένη
597 3302 612 3350 ;

959 3397 1163 3451 AAAO.

338 3511 487 3564 Είτὸ
532 3509 736 3580 κτίσμα
779 3508 938 3562 τοῦτο
989 3509 1082 3561 καὶ
1118 3509 1384 3579 γέννημα,
1429 3509 1635 3580 κτίσμα
1658 3510 1735 3572 δὲ,
1775 3508 1850 3572 ὥς

263 3618 427 3673 φασι,
469 3601 532 3654 16
581 3600 824 3670 Πνεῦμα,
848 3599 1004 3670 δῆλον
1032 3600 1115 3652 ὅτι
1177 3602 1270 3654 καὶ
1322 3599 1594 3670 γέννημα.
1634 3601 1771 3654 Ἀλλ’
1804 3602 1853 3654 εἰ

263 3692 374 3760 μὲν
424 3689 636 3761 Πατρὸς
659 3730 671 3750 ,
731 3689 913 3741 οὐκέτι
949 3688 1241 3759 μονογενὴς
1279 3691 1308 3741 6
1338 3689 1484 3751 Υίός.
1509 3690 1570 3742 Ei
1591 3689 1648 3741 δὲ
1679 3688 1810 3742 Υίοῦ
1835 3728 1851 3754 ,

260 3779 425 3831 ἔσται
467 3777 594 3841 Υἱὸς
617 3776 769 3842 Υίοῦ,
799 3777 955 3846 εἴπερ
976 3777 1036 3829 τὸ
1067 3777 1268 3848 κτίσμα
1317 3777 1474 3831 τοῦτο
1497 3779 1589 3831 καὶ
1611 3777 1856 3849 γέννημα

260 3868 546 3940 τυγχάνει.

265 4089 409 4147 ὀτι
430 4089 517 4160 μὴ
548 4089 628 4153 τῷ
665 4089 882 4149 κτίζειν
913 4087 1250 4214 τὸθγειίνᾷν
1287 4092 1508 4145 ταυτόν
1545 4092 1716 4145 ἐστιν
1746 4089 1849 4143 ἐετί

1031 4177 1155 4214 εου.

1031 4177 1155 4214 εου.

349 4275 413 4328 Εἰ
437 4273 496 4328 16
521 4275 714 4345 γεννᾷν
742 4274 834 4326 καὶ
853 4273 912 4327 16
940 4275 1112 4326 ποιεῖν
1153 4273 1349 4326 ταυτόν
1370 4273 1483 4327 ἐστι
1524 4275 1675 4345 παρὰ
1707 4273 1852 4344 Θεῷ,

1961 3301 2145 3341 eorum
2172 3286 2244 3341 sit
2281 3285 2507 3341 falsum?

2623 3397 2857 3454 ALIUD.

2030 3512 2087 3567 Si
2118 3519 2366 3567 creatura
2391 3518 2446 3566 et
2473 3509 2722 3581 genimen
2754 3510 2896 3564 idem
2929 3517 3078 3574 sunt,
3128 3516 3378 3564 creatura
3433 3522 3530 3571 an-

1958 3614 2064 3661 tem
2099 3613 2204 3669 est,
2229 3613 2289 3658 ut
2319 3604 2468 3657 aiunt
2496 3603 2593 3669 illi,
2632 3600 2870 3670 Spiritus
2897 3609 3142 3666 sanctus,
3177 3611 3326 3654 certe
3355 3609 3408 3655 et
3437 3615 3531 3667 ge-

1955 3697 2138 3751 nimen
2173 3696 2300 3750 erit.
2329 3695 2490 3764 Atqui
2535 3695 2578 3748 si
2608 3694 2785 3750 Patris
2820 3693 3069 3762 genimen
3123 3701 3224 3757 est,
3257 3691 3364 3758 jam
3428 3706 3530 3744 non

1955 3785 2059 3840 erit
2118 3785 2422 3856 unigenitus
2492 3784 2660 3840 Filius
2720 3800 2734 3835 :
2779 3783 2825 3837 si
2875 3796 3002 3838 vero
3052 3782 3214 3844 Filii,
3270 3782 3374 3834 erit
3451 3779 3536 3833 Fi-

1956 3877 2061 3932 lius
2132 3875 2278 3944 Filii,
2333 3875 2604 3932 siouidem
2654 3883 2904 3930 creatura
2960 3882 3016 3930 et
3094 3873 3342 3943 genimen
3393 3871 3532 3936 idem

1956 3975 2104 4022 sunt.

2066 4101 2218 4166 Quod
2241 4117 2418 4155 creare
2439 4112 2485 4155 et
2509 4101 2716 4170 gignere
2734 4117 2838 4154 non
2873 4108 2995 4154 sunt
3019 4099 3159 4153 idem
3209 4099 3264 4152 in
3291 4097 3424 4152 Deo.

2029 4276 2084 4331 Si
2118 4276 2337 4346 gignere
2361 4284 2416 4331 et
2450 4289 2635 4330 creare
2658 4275 2797 4330 idem
2828 4283 2907 4329 est
2936 4274 2990 4329 in
3022 4273 3151 4339 Deo,
3179 4281 3406 4343 generat
3435 4289 3533 4327 au-

269 4367 444 4437 γεννᾷ
467 4365 523 4419 δὲ
555 4365 644 4418 τὸν
672 4364 797 4418 Υίὸν
826 4363 1215 4434 ἀμεσιτεύτως,
1258 4364 1418 4434 δῆλον
1441 4364 1522 4416 ὅτι
1553 4364 1644 4416 καὶ
1674 4365 1845 4418 πάντα

1961 4377 2064 4421 tem
2094 4366 2288 4420 Filium
2336 4366 2650 4421 immediate
2701 4380 2797 4435 per
2826 4380 2928 4421 se:
2959 4375 3108 4420 certe
3138 4364 3300 4418 etiam
3353 4365 3532 4419 omnia

271 4458 444 4528 γεννᾷ
475 4457 508 4526 ἢ
537 4457 682 4510 ποιεῖ
703 4453 1092 4521 ἀμεσιτεύτως.
1132 4454 1267 4506 Είδὲ
1317 4456 1480 4524 γεννᾷ
1522 4454 1620 4523 μὲν
1655 4455 1717 4506 οὑ
1767 4454 1845 4506 διά

1961 4455 2272 4510 immediate
2291 4470 2388 4525 per
2415 4469 2472 4508 se
2503 4463 2725 4524 generat
2751 4453 2834 4508 vel
2867 4452 3015 4506 facit.
3066 4451 3122 4506 Si
3156 4463 3336 4506 autem
3369 4467 3531 4522 gene-

270 4565 442 4611 τινος,
491 4547 673 4600 οὐκέτι
728 4547 783 4598 δὲ
823 4547 915 4599 καὶ
955 4545 1026 4598 τὰ
1077 4547 1254 4598 πάντα
1292 4547 1435 4597 ποιεῖ
1458 4544 1845 4614 άμεσιτεύτως,

1967 4553 2047 4599 rat
2077 4559 2182 4600 non
2214 4559 2311 4615 per
2333 4544 2593 4613 aliquem,
2627 4553 2680 4598 at
2709 4558 2816 4598 non
2841 4543 3022 4605 omnia
3050 4541 3182 4597 facit
3226 4541 3535 4596 immediate

273 4639 395 4702 πῶς
422 4638 483 4693 16
508 4639 700 4708 γεννᾷν
734 4637 927 4690 ταυτὸν
987 4639 1102 4690 ἐστι
1155 4635 1232 4705 τῷ
1276 4637 1446 4687 ποιεῖν
1497 4636 1646 4706 παρὰ
1700 4635 1852 4704 Θεῷ;

272 4733 430 4786 ﬂete?
449 4730 506 4783 δὲ
535 4731 774 4800 σεισμὸν,
823 4728 1029 4798 λοιμὸν,
1063 4727 1465 4794 κατακλυσμὸν,
1503 4727 1672 4780 ταῦτα
1705 4728 1855 4781 ἔσται

275 4821 484 4890 γεννῶν
512 4821 546 4875 ἃ
569 4824 729 4884 ποιεῖ,
767 4821 922 4891 εἴπερ
973 4819 1050 4889 τῷ
1082 4821 1254 4873 ποιεῖν
1296 4819 1355 4870 16
1411 4820 1603 4889 γεννᾷν
1655 4822 1851 4872 ταυτόν

274 4914 394 4966 ἐστι
421 4912 552 4985 παρ’
581 4912 748 4983 αὐτῷ.

972 5021 1172 5075 ΑΛΛΟ.

351 5139 412 5192 Et
445 5137 568 5192 ὅθεν
608 5138 772 5207 γεννᾷ
821 5136 990 5200 Θεὸς,
1047 5135 1254 5190 ἐκεῖθεν
1307 5136 1399 5189 καὶ
1442 5135 1648 5201 κτίζει,
1703 5135 1855 5190 οὐδὲν

279 5231 516 5301 ἁράχνου
537 5229 746 5294 διοίσει,
777 5229 898 5282 κατ’
926 5229 1138 5290 αὐτοὺς,
1165 5227 1258 5281 τοῦ
1286 5229 1346 5280 τὸ
1375 5227 1579 5292 κτίζειν
1618 5229 1768 5298 παρὰ
1797 5229 1856 5280 16

286 5323 474 5392 γεννᾷν
503 5321 603 5374 οὐκ
629 5320 802 5384 ἄλλως
829 5321 1058 5390 ἔχοντος.
1096 5319 1234 5372 Ἀλλ’
1259 5311 1415 5382 οὗτος
1457 5320 1554 5389 μὲν
1577 5319 1727 5390 νόμῳ
1758 5318 1858 5387 φύε

280 5429 417 5474 σεως
446 5412 732 5482 ἀγόμενος,
763 5412 885 5465 ὅθεν
913 5412 1092 5481 γεννᾷ,
1126 5410 1333 5463 ἐκεῖθεν
1374 5411 1468 5464 καὶ
1501 5409 1694 5473 κτίζει.
1721 5410 1855 5471 Θεὸς

276 5501 354 5563 δὲ,
372 5501 470 5554 οὐκ
489 5499 563 5554 ὣν
587 5501 692 5553 ὑπὸ
717 5501 894 5569 φύσιν,
921 5500 996 5562 ὡς
1024 5501 1234 5570 ἀνάγκη
1258 5500 1471 5568 φύσεως
1501 5500 1856 5567 ὑποκείμενος

289 5593 411 5662 παρ’
436 5592 614 5647 αὐτῶν
647 5591 989 5663 ἀτιμάζεται.

966 5705 1170 5758 ΛΛΑΟ.

352 5817 415 5871 Et
444 5817 566 5872 ἐπεὶ
593 5817 883 5873 ἀσύνθετον
916 5818 973 5872 16
1002 5820 1175 5883 Θεῖον,
1206 5815 1459 5882 ὡσαύτως
1492 5817 1602 5881 ἔχει
1630 5817 1706 5880 τῷ
1731 5832 1855 5881 γεν-

1960 4651 2055 4707 per
2089 4650 2169 4702 se,
2225 4637 2494 4704 quomodo
2537 4635 2676 4690 idem
2713 4635 2815 4688 erit
2853 4647 3114 4702 generare
3153 4641 3208 4686 et
3258 4631 3440 4686 facere
3481 4631 3534 4686 in

1964 4728 2112 4782 Deo?
2139 4725 2292 4780 Facit
2320 4740 2450 4780 vero
2485 4734 2645 4780 terra:
2696 4735 2922 4787 motum,
2958 4733 3187 4792 pestem,
3219 4721 3481 4776 diluvium
3517 4737 3531 4774 :

1961 4834 2090 4885 ergo
2118 4828 2172 4872 et
2204 4823 2430 4888 generat
2463 4831 2580 4884 quae
2603 4815 2752 4881 facit,
2784 4817 2828 4870 si
2869 4815 3026 4870 modo
3049 4829 3310 4885 generare
3366 4821 3420 4866 et
3453 4810 3538 4864 fa-

1963 4926 2085 4963 cere
2115 4909 2258 4986 idem
2290 4911 2342 4964 in
2371 4908 2488 4978 ipso
2508 4916 2610 4962 est.

2523 5018 2682 5089 134
2735 4998 2982 5070 ALIUD."

2029 5133 2084 5188 Si
2114 5133 2499 5202 undegenerat
2543 5134 2704 5196 Deus,
2740 5130 2862 5184 inde
2888 5129 3050 5182 etiam
3072 5132 3246 5188 creat,
3280 5123 3414 5177 nihil
3468 5125 3536 5178 ab

1966 5237 2162 5276 araneo
2188 5221 2420 5287 differet,
2443 5221 2600 5289 juxta
2633 5220 2770 5284 illos,
2803 5217 2891 5285 qui
2930 5231 3032 5270 non
3059 5215 3161 5267 alia
3198 5214 3408 5267 ratione
3439 5225 3535 5278 ge-

1965 5321 2140 5378 nerat,
2162 5327 2320 5380 quam
2350 5310 2496 5365 facit.
2531 5311 2632 5363 Sed
2663 5309 2749 5362 hic
2782 5307 2996 5377 quidem
3026 5305 3141 5374 lege
3164 5314 3367 5357 natura:
3428 5304 3532 5357 du-

1966 5413 2104 5466 ctus,
2131 5402 2271 5455 unde
2302 5409 2544 5470 generat,
2571 5399 2693 5451 inde
2719 5405 2957 5452 etcreat.
3015 5394 3155 5448 Dens
3205 5403 3384 5447 autem
3414 5405 3535 5444 cum

1969 5509 2072 5548 non
2105 5493 2176 5548 sit
2210 5503 2420 5546 natura:
2450 5489 2742 5558 subjectus,
2785 5498 3039 5556 tanquam
3090 5494 3295 5539 natura:
3330 5483 3538 5552 legibus

1963 5584 2206 5640 subditus
2236 5581 2303 5637 ab
2330 5582 2457 5650 ipsis
2485 5579 2866 5637 contemnitur.

2638 5692 2868 5749 ALIUD.

2043 5809 2099 5866 Si
2129 5809 2381 5878 quoniam
2426 5809 2689 5866 Divinitas
2734 5806 3045 5871 composita.
3075 5819 3182 5860 nou
3214 5812 3318 5865 est.
3346 5802 3533 5859 eadem
