  <div class='ocr_page' id='page_1' title='image "/cluster/home/n/w/nwhite01/storage/ocr_20150623/75/hvd.32044019207935/179.png"; bbox 0 0 4072 6524; ppageno 0'>
   <div class='ocr_carea' id='block_1_1' title="bbox 547 345 3854 414">
    <p class='ocr_par' dir='ltr' id='par_1_1' title="bbox 547 345 3854 414">
     <span class='ocr_line' id='line_1_1' title="bbox 547 345 3854 414; baseline -0.002 -6"><span class='ocrx_word' id='word_1_1' title='bbox 547 351 645 410; x_wconf 73' lang='grc' dir='ltr'><strong>5η</strong></span> <span class='ocrx_word' id='word_1_2' title='bbox 1574 357 1633 413; x_wconf 88' lang='lat' dir='ltr'><strong>S.</strong></span> <span class='ocrx_word' id='word_1_3' title='bbox 1677 356 1955 414; x_wconf 75' lang='lat' dir='ltr'><strong>CYRILLI</strong></span> <span class='ocrx_word' id='word_1_4' title='bbox 1992 354 2462 413; x_wconf 79' lang='lat' dir='ltr'><strong>ALEXANDle</strong></span> <span class='ocrx_word' id='word_1_5' title='bbox 2498 353 2815 411; x_wconf 80' lang='lat' dir='ltr'><strong>ARCHIEP.</strong></span> <span class='ocrx_word' id='word_1_6' title='bbox 3719 345 3854 401; x_wconf 70' lang='lat'><strong>31?.</strong></span> 
     </span>
    </p>
   </div>
   <div class='ocr_carea' id='block_1_2' title="bbox 553 461 2137 540">
    <p class='ocr_par' dir='ltr' id='par_1_2' title="bbox 553 462 2120 536">
     <span class='ocr_line' id='line_1_2' title="bbox 553 462 2120 536; baseline 0.004 -18"><span class='ocrx_word' id='word_1_7' title='bbox 553 462 761 519; x_wconf 86' lang='lat' dir='ltr'><strong>ratione</strong></span> <span class='ocrx_word' id='word_1_8' title='bbox 790 473 1029 535; x_wconf 88' lang='lat' dir='ltr'><strong>generat,</strong></span> <span class='ocrx_word' id='word_1_9' title='bbox 1085 481 1192 536; x_wconf 90' lang='lat' dir='ltr'><strong>qua</strong></span> <span class='ocrx_word' id='word_1_10' title='bbox 1248 477 1442 523; x_wconf 86' lang='lat' dir='ltr'><strong>creat:</strong></span> <span class='ocrx_word' id='word_1_11' title='bbox 1470 470 1659 525; x_wconf 87' lang='lat' dir='ltr'><strong>eadem</strong></span> <span class='ocrx_word' id='word_1_12' title='bbox 1698 471 1865 527; x_wconf 90' lang='lat' dir='ltr'><strong>etiam</strong></span> <span class='ocrx_word' id='word_1_13' title='bbox 1912 471 2120 527; x_wconf 85' lang='lat' dir='ltr'><strong>ratione</strong></span> 
     </span>
    </p>
   </div>
   <div class='ocr_carea' id='block_1_3' title="bbox 2248 461 3853 540">
    <p class='ocr_par' dir='ltr' id='par_1_3' title="bbox 2248 461 3853 540">
     <span class='ocr_line' id='line_1_3' title="bbox 2248 461 3853 540; baseline -0.005 -17"><span class='ocrx_word' id='word_1_14' title='bbox 2248 470 2320 540; x_wconf 71' lang='grc' dir='ltr'><strong>νᾷν</strong></span> <span class='ocrx_word' id='word_1_15' title='bbox 2341 470 2402 523; x_wconf 79' lang='grc' dir='ltr'>τὸ</span> <span class='ocrx_word' id='word_1_16' title='bbox 2439 471 2612 523; x_wconf 80' lang='grc' dir='ltr'>ποιεῖν</span> <span class='ocrx_word' id='word_1_17' title='bbox 2636 507 2653 534; x_wconf 90' lang='grc'><strong>,</strong></span> <span class='ocrx_word' id='word_1_18' title='bbox 2696 467 2957 530; x_wconf 81' lang='grc' dir='ltr'><strong>ὡσαύτως</strong></span> <span class='ocrx_word' id='word_1_19' title='bbox 3013 466 3124 532; x_wconf 80' lang='grc' dir='ltr'>ἒξει</span> <span class='ocrx_word' id='word_1_20' title='bbox 3167 466 3259 521; x_wconf 77' lang='grc' dir='ltr'>καὶ</span> <span class='ocrx_word' id='word_1_21' title='bbox 3297 464 3360 517; x_wconf 82' lang='grc' dir='ltr'>τὸ</span> <span class='ocrx_word' id='word_1_22' title='bbox 3396 461 3853 533; x_wconf 67' lang='grc' dir='ltr'><strong>προγινώσκειν</strong></span> 
     </span>
    </p>
   </div>
   <div class='ocr_carea' id='block_1_4' title="bbox 550 554 2137 630">
    <p class='ocr_par' dir='ltr' id='par_1_4' title="bbox 550 556 2119 627">
     <span class='ocr_line' id='line_1_4' title="bbox 550 556 2119 627; baseline 0.003 -16"><span class='ocrx_word' id='word_1_23' title='bbox 550 566 984 627; x_wconf 81' lang='lat' dir='ltr'><strong>praenoscet,qua</strong></span> <span class='ocrx_word' id='word_1_24' title='bbox 1019 556 1206 625; x_wconf 78' lang='lat' dir='ltr'><strong>faciet,</strong></span> <span class='ocrx_word' id='word_1_25' title='bbox 1236 567 1295 612; x_wconf 93' lang='lat' dir='ltr'><strong>ut</strong></span> <span class='ocrx_word' id='word_1_26' title='bbox 1315 558 1569 615; x_wconf 83' lang='lat' dir='ltr'><strong>nimirum</strong></span> <span class='ocrx_word' id='word_1_27' title='bbox 1591 560 1753 617; x_wconf 90' lang='lat' dir='ltr'><strong>etiam</strong></span> <span class='ocrx_word' id='word_1_28' title='bbox 1779 561 1882 617; x_wconf 85' lang='lat' dir='ltr'><strong>hac</strong></span> <span class='ocrx_word' id='word_1_29' title='bbox 1909 561 2119 616; x_wconf 86' lang='lat' dir='ltr'><strong>ratione</strong></span> 
     </span>
    </p>
   </div>
   <div class='ocr_carea' id='block_1_5' title="bbox 2248 554 3846 630">
    <p class='ocr_par' dir='ltr' id='par_1_5' title="bbox 2248 554 3846 630">
     <span class='ocr_line' id='line_1_5' title="bbox 2248 554 3846 630; baseline -0.004 -18"><span class='ocrx_word' id='word_1_30' title='bbox 2248 559 2299 630; x_wconf 77' lang='grc' dir='ltr'><strong>τῷ</strong></span> <span class='ocrx_word' id='word_1_31' title='bbox 2334 563 2527 625; x_wconf 83' lang='grc' dir='ltr'><strong>ποιεῖν,</strong></span> <span class='ocrx_word' id='word_1_32' title='bbox 2556 561 2643 613; x_wconf 81' lang='grc' dir='ltr'>ἵνα</span> <span class='ocrx_word' id='word_1_33' title='bbox 2666 560 2761 613; x_wconf 81' lang='grc' dir='ltr'>καὶ</span> <span class='ocrx_word' id='word_1_34' title='bbox 2785 559 2957 630; x_wconf 75' lang='grc' dir='ltr'>ταύτῃ</span> <span class='ocrx_word' id='word_1_35' title='bbox 3060 557 3369 612; x_wconf 80' lang='grc' dir='ltr'>ἀσύνθετον.</span> <span class='ocrx_word' id='word_1_36' title='bbox 3412 557 3477 609; x_wconf 81' lang='grc' dir='ltr'><strong>Εἰ</strong></span> <span class='ocrx_word' id='word_1_37' title='bbox 3528 556 3589 607; x_wconf 79' lang='grc' dir='ltr'>δὲ</span> <span class='ocrx_word' id='word_1_38' title='bbox 3618 554 3846 615; x_wconf 68' lang='grc' dir='ltr'>τοῦτο,</span> 
     </span>
    </p>
   </div>
   <div class='ocr_carea' id='block_1_6' title="bbox 551 642 2137 728">
    <p class='ocr_par' dir='ltr' id='par_1_6' title="bbox 551 644 2119 716">
     <span class='ocr_line' id='line_1_6' title="bbox 551 644 2119 716; baseline 0.004 -20"><span class='ocrx_word' id='word_1_39' title='bbox 551 644 744 699; x_wconf 87' lang='lat' dir='ltr'><strong>sitnon</strong></span> <span class='ocrx_word' id='word_1_40' title='bbox 778 646 1097 714; x_wconf 90' lang='lat' dir='ltr'><strong>composita.</strong></span> <span class='ocrx_word' id='word_1_41' title='bbox 1125 646 1275 714; x_wconf 88' lang='lat' dir='ltr'><strong>Quod</strong></span> <span class='ocrx_word' id='word_1_42' title='bbox 1292 647 1338 703; x_wconf 92' lang='lat' dir='ltr'><strong>si</strong></span> <span class='ocrx_word' id='word_1_43' title='bbox 1366 648 1437 703; x_wconf 89' lang='lat' dir='ltr'><strong>ita</strong></span> <span class='ocrx_word' id='word_1_44' title='bbox 1465 658 1567 716; x_wconf 91' lang='lat' dir='ltr'><strong>est,</strong></span> <span class='ocrx_word' id='word_1_45' title='bbox 1596 652 1933 707; x_wconf 87' lang='lat' dir='ltr'><strong>eritomnino</strong></span> <span class='ocrx_word' id='word_1_46' title='bbox 1956 650 2119 705; x_wconf 91' lang='lat' dir='ltr'><strong>etiam</strong></span> 
     </span>
    </p>
   </div>
   <div class='ocr_carea' id='block_1_7' title="bbox 2248 642 3851 728">
    <p class='ocr_par' dir='ltr' id='par_1_7' title="bbox 2248 642 3851 720">
     <span class='ocr_line' id='line_1_7' title="bbox 2248 642 3851 720; baseline -0.004 -18"><span class='ocrx_word' id='word_1_47' title='bbox 2248 666 2375 702; x_wconf 57' lang='grc' dir='ltr'>ησται</span> <span class='ocrx_word' id='word_1_48' title='bbox 2406 649 2572 703; x_wconf 87' lang='grc' dir='ltr'>ποιῶν</span> <span class='ocrx_word' id='word_1_49' title='bbox 2590 648 2627 703; x_wconf 78' lang='grc' dir='ltr'>ἃ.</span> <span class='ocrx_word' id='word_1_50' title='bbox 2660 648 3019 720; x_wconf 80' lang='grc' dir='ltr'>προγινώσκει</span> <span class='ocrx_word' id='word_1_51' title='bbox 3041 648 3208 711; x_wconf 80' lang='grc' dir='ltr'>κακὰ,</span> <span class='ocrx_word' id='word_1_52' title='bbox 3230 648 3390 717; x_wconf 86' lang='grc' dir='ltr'>εῐπερ</span> <span class='ocrx_word' id='word_1_53' title='bbox 3412 645 3621 698; x_wconf 81' lang='grc' dir='ltr'>ταυτὸν</span> <span class='ocrx_word' id='word_1_54' title='bbox 3641 642 3851 696; x_wconf 70' lang='grc' dir='ltr'>ταῦτα</span> 
     </span>
    </p>
   </div>
   <div class='ocr_carea' id='block_1_8' title="bbox 554 735 2137 813">
    <p class='ocr_par' dir='ltr' id='par_1_8' title="bbox 554 735 2124 807">
     <span class='ocr_line' id='line_1_8' title="bbox 554 735 2124 807; baseline 0.004 -21"><span class='ocrx_word' id='word_1_55' title='bbox 554 735 758 789; x_wconf 78' lang='lat' dir='ltr'><strong>faciens</strong></span> <span class='ocrx_word' id='word_1_56' title='bbox 818 735 957 789; x_wconf 89' lang='lat' dir='ltr'><strong>mala</strong></span> <span class='ocrx_word' id='word_1_57' title='bbox 1009 752 1129 804; x_wconf 69' lang='lat' dir='ltr'><strong>qua:</strong></span> <span class='ocrx_word' id='word_1_58' title='bbox 1184 740 1495 807; x_wconf 63' lang='lat' dir='ltr'><strong>praenoscit,</strong></span> <span class='ocrx_word' id='word_1_59' title='bbox 1523 741 1566 795; x_wconf 91' lang='lat' dir='ltr'><strong>si</strong></span> <span class='ocrx_word' id='word_1_60' title='bbox 1611 744 1769 797; x_wconf 92' lang='lat' dir='ltr'><strong>modo</strong></span> <span class='ocrx_word' id='word_1_61' title='bbox 1800 741 1940 796; x_wconf 87' lang='lat' dir='ltr'><strong>idem</strong></span> <span class='ocrx_word' id='word_1_62' title='bbox 1994 750 2124 795; x_wconf 87' lang='lat' dir='ltr'><strong>sunt</strong></span> 
     </span>
    </p>
   </div>
   <div class='ocr_carea' id='block_1_9' title="bbox 2248 735 3217 813">
    <p class='ocr_par' dir='ltr' id='par_1_9' title="bbox 2248 740 3217 813">
     <span class='ocr_line' id='line_1_9' title="bbox 2248 740 3217 813; baseline -0.001 -18"><span class='ocrx_word' id='word_1_63' title='bbox 2248 744 2355 811; x_wconf 70' lang='grc' dir='ltr'>παρ’</span> <span class='ocrx_word' id='word_1_64' title='bbox 2390 741 2558 812; x_wconf 83' lang='grc' dir='ltr'>αὐτῷ,</span> <span class='ocrx_word' id='word_1_65' title='bbox 2588 743 2669 796; x_wconf 82' lang='grc' dir='ltr'>ὅτι</span> <span class='ocrx_word' id='word_1_66' title='bbox 2696 742 2761 813; x_wconf 80' lang='grc' dir='ltr'><strong>δὴ</strong></span> <span class='ocrx_word' id='word_1_67' title='bbox 2788 743 2881 796; x_wconf 82' lang='grc' dir='ltr'>καὶ</span> <span class='ocrx_word' id='word_1_68' title='bbox 2907 740 3217 795; x_wconf 82' lang='grc' dir='ltr'><strong>ἀσύνθετον.</strong></span> 
     </span>
    </p>
   </div>
   <div class='ocr_carea' id='block_1_10' title="bbox 554 824 2123 902">
    <p class='ocr_par' dir='ltr' id='par_1_10' title="bbox 554 824 2123 902">
     <span class='ocr_line' id='line_1_10' title="bbox 554 824 2123 902; baseline 0.005 -26"><span class='ocrx_word' id='word_1_69' title='bbox 554 824 669 878; x_wconf 79' lang='lat' dir='ltr'><strong>haec</strong></span> <span class='ocrx_word' id='word_1_70' title='bbox 717 825 771 878; x_wconf 90' lang='lat' dir='ltr'><strong>in</strong></span> <span class='ocrx_word' id='word_1_71' title='bbox 810 825 949 895; x_wconf 88' lang='lat' dir='ltr'><strong>ipso,</strong></span> <span class='ocrx_word' id='word_1_72' title='bbox 998 825 1137 894; x_wconf 90' lang='lat' dir='ltr'><strong>quod</strong></span> <span class='ocrx_word' id='word_1_73' title='bbox 1178 828 1392 895; x_wconf 87' lang='lat' dir='ltr'><strong>quidem</strong></span> <span class='ocrx_word' id='word_1_74' title='bbox 1435 838 1650 883; x_wconf 92' lang='lat' dir='ltr'><strong>estnon</strong></span> <span class='ocrx_word' id='word_1_75' title='bbox 1688 843 1809 885; x_wconf 91' lang='lat' dir='ltr'><strong>esse</strong></span> <span class='ocrx_word' id='word_1_76' title='bbox 1856 829 2123 902; x_wconf 89' lang='lat' dir='ltr'><strong>composi-</strong></span> 
     </span>
    </p>
   </div>
   <div class='ocr_carea' id='block_1_11' title="bbox 558 925 691 969">
    <p class='ocr_par' dir='ltr' id='par_1_11' title="bbox 558 925 691 969">
     <span class='ocr_line' id='line_1_11' title="bbox 558 925 691 969; baseline 0.023 -3"><span class='ocrx_word' id='word_1_77' title='bbox 558 925 691 969; x_wconf 90' lang='lat' dir='ltr'><strong>tum.</strong></span> 
     </span>
    </p>
   </div>
   <div class='ocr_carea' id='block_1_12' title="bbox 1223 1026 1456 1085">
    <p class='ocr_par' dir='ltr' id='par_1_12' title="bbox 1223 1026 1456 1085">
     <span class='ocr_line' id='line_1_12' title="bbox 1223 1026 1456 1085; baseline 0.009 -4"><span class='ocrx_word' id='word_1_78' title='bbox 1223 1026 1456 1085; x_wconf 83' lang='lat' dir='ltr'><strong>ALIUD.</strong></span> 
     </span>
    </p>
   </div>
   <div class='ocr_carea' id='block_1_13' title="bbox 629 1132 2128 1209">
    <p class='ocr_par' dir='ltr' id='par_1_13' title="bbox 629 1132 2128 1209">
     <span class='ocr_line' id='line_1_13' title="bbox 629 1132 2128 1209; baseline 0.003 -22"><span class='ocrx_word' id='word_1_79' title='bbox 629 1132 686 1187; x_wconf 91' lang='lat' dir='ltr'><strong>Si</strong></span> <span class='ocrx_word' id='word_1_80' title='bbox 716 1132 857 1189; x_wconf 90' lang='lat' dir='ltr'><strong>Deus</strong></span> <span class='ocrx_word' id='word_1_81' title='bbox 881 1137 1065 1191; x_wconf 89' lang='lat' dir='ltr'><strong>eadem</strong></span> <span class='ocrx_word' id='word_1_82' title='bbox 1096 1139 1301 1193; x_wconf 85' lang='lat' dir='ltr'><strong>ratione</strong></span> <span class='ocrx_word' id='word_1_83' title='bbox 1317 1147 1538 1209; x_wconf 77' lang='lat' dir='ltr'><strong>generat</strong></span> <span class='ocrx_word' id='word_1_84' title='bbox 1558 1150 1613 1194; x_wconf 92' lang='lat' dir='ltr'><strong>et</strong></span> <span class='ocrx_word' id='word_1_85' title='bbox 1642 1149 1811 1207; x_wconf 88' lang='lat' dir='ltr'><strong>creat,</strong></span> <span class='ocrx_word' id='word_1_86' title='bbox 1841 1140 1965 1209; x_wconf 87' lang='lat' dir='ltr'><strong>quia</strong></span> <span class='ocrx_word' id='word_1_87' title='bbox 1985 1153 2128 1194; x_wconf 84' lang='lat' dir='ltr'><strong>com-</strong></span> 
     </span>
    </p>
   </div>
   <div class='ocr_carea' id='block_1_14' title="bbox 561 1222 2127 1298">
    <p class='ocr_par' dir='ltr' id='par_1_14' title="bbox 561 1222 2127 1298">
     <span class='ocr_line' id='line_1_14' title="bbox 561 1222 2127 1298; baseline 0.004 -23"><span class='ocrx_word' id='word_1_88' title='bbox 561 1222 769 1292; x_wconf 92' lang='lat' dir='ltr'><strong>positus</strong></span> <span class='ocrx_word' id='word_1_89' title='bbox 798 1238 903 1278; x_wconf 90' lang='lat' dir='ltr'><strong>nou</strong></span> <span class='ocrx_word' id='word_1_90' title='bbox 937 1234 1019 1280; x_wconf 91' lang='lat' dir='ltr'><strong>est</strong></span> <span class='ocrx_word' id='word_1_91' title='bbox 1047 1245 1060 1280; x_wconf 88' lang='lat'><strong>:</strong></span> <span class='ocrx_word' id='word_1_92' title='bbox 1114 1227 1296 1282; x_wconf 92' lang='lat' dir='ltr'><strong>videre</strong></span> <span class='ocrx_word' id='word_1_93' title='bbox 1321 1236 1373 1283; x_wconf 93' lang='lat' dir='ltr'><strong>et</strong></span> <span class='ocrx_word' id='word_1_94' title='bbox 1400 1243 1657 1298; x_wconf 87' lang='lat' dir='ltr'><strong>generare</strong></span> <span class='ocrx_word' id='word_1_95' title='bbox 1686 1228 1827 1285; x_wconf 89' lang='lat' dir='ltr'><strong>idem</strong></span> <span class='ocrx_word' id='word_1_96' title='bbox 1874 1229 2037 1283; x_wconf 90' lang='lat' dir='ltr'><strong>etiam</strong></span> <span class='ocrx_word' id='word_1_97' title='bbox 2072 1229 2127 1282; x_wconf 92' lang='lat' dir='ltr'><strong>in</strong></span> 
     </span>
    </p>
   </div>
   <div class='ocr_carea' id='block_1_15' title="bbox 564 1315 2127 1391">
    <p class='ocr_par' dir='ltr' id='par_1_15' title="bbox 564 1315 2127 1391">
     <span class='ocr_line' id='line_1_15' title="bbox 564 1315 2127 1391; baseline 0.003 -24"><span class='ocrx_word' id='word_1_98' title='bbox 564 1316 680 1385; x_wconf 88' lang='lat' dir='ltr'><strong>ipso</strong></span> <span class='ocrx_word' id='word_1_99' title='bbox 711 1315 894 1384; x_wconf 91' lang='lat' dir='ltr'><strong>fuerit,</strong></span> <span class='ocrx_word' id='word_1_100' title='bbox 929 1327 987 1372; x_wconf 92' lang='lat' dir='ltr'><strong>ut</strong></span> <span class='ocrx_word' id='word_1_101' title='bbox 1015 1319 1069 1374; x_wconf 91' lang='lat' dir='ltr'><strong>in</strong></span> <span class='ocrx_word' id='word_1_102' title='bbox 1088 1320 1394 1376; x_wconf 89' lang='lat' dir='ltr'><strong>universum</strong></span> <span class='ocrx_word' id='word_1_103' title='bbox 1427 1336 1531 1376; x_wconf 90' lang='lat' dir='ltr'><strong>non</strong></span> <span class='ocrx_word' id='word_1_104' title='bbox 1557 1322 1627 1375; x_wconf 87' lang='lat' dir='ltr'><strong>sit</strong></span> <span class='ocrx_word' id='word_1_105' title='bbox 1677 1321 2032 1391; x_wconf 85' lang='lat' dir='ltr'><strong>compositus.</strong></span> <span class='ocrx_word' id='word_1_106' title='bbox 2069 1318 2127 1373; x_wconf 87' lang='lat' dir='ltr'><strong>Si</strong></span> 
     </span>
    </p>
   </div>
   <div class='ocr_carea' id='block_1_16' title="bbox 562 1408 2131 1480">
    <p class='ocr_par' dir='ltr' id='par_1_16' title="bbox 562 1408 2131 1480">
     <span class='ocr_line' id='line_1_16' title="bbox 562 1408 2131 1480; baseline 0.004 -21"><span class='ocrx_word' id='word_1_107' title='bbox 562 1421 691 1462; x_wconf 80' lang='lat' dir='ltr'><strong>vero</strong></span> <span class='ocrx_word' id='word_1_108' title='bbox 756 1408 871 1465; x_wconf 68' lang='lat' dir='ltr'><strong>haec</strong></span> <span class='ocrx_word' id='word_1_109' title='bbox 936 1424 1041 1464; x_wconf 87' lang='lat' dir='ltr'><strong>non</strong></span> <span class='ocrx_word' id='word_1_110' title='bbox 1093 1420 1218 1467; x_wconf 90' lang='lat' dir='ltr'><strong>sunt</strong></span> <span class='ocrx_word' id='word_1_111' title='bbox 1270 1412 1325 1466; x_wconf 90' lang='lat' dir='ltr'><strong>in</strong></span> <span class='ocrx_word' id='word_1_112' title='bbox 1375 1428 1440 1468; x_wconf 94' lang='lat' dir='ltr'><strong>eo</strong></span> <span class='ocrx_word' id='word_1_113' title='bbox 1485 1412 1844 1468; x_wconf 76' lang='lat' dir='ltr'><strong>indifferentia</strong></span> <span class='ocrx_word' id='word_1_114' title='bbox 1875 1452 1891 1477; x_wconf 90' lang='lat'><strong>,</strong></span> <span class='ocrx_word' id='word_1_115' title='bbox 1969 1420 2131 1480; x_wconf 90' lang='lat' dir='ltr'><strong>atque</strong></span> 
     </span>
    </p>
   </div>
   <div class='ocr_carea' id='block_1_17' title="bbox 565 1497 2131 1571">
    <p class='ocr_par' dir='ltr' id='par_1_17' title="bbox 565 1497 2131 1571">
     <span class='ocr_line' id='line_1_17' title="bbox 565 1497 2131 1571; baseline 0.002 -21"><span class='ocrx_word' id='word_1_116' title='bbox 565 1497 752 1551; x_wconf 88' lang='lat' dir='ltr'><strong>eadem</strong></span> <span class='ocrx_word' id='word_1_117' title='bbox 799 1498 994 1569; x_wconf 91' lang='lat' dir='ltr'><strong>(neque</strong></span> <span class='ocrx_word' id='word_1_118' title='bbox 1032 1501 1175 1556; x_wconf 89' lang='lat' dir='ltr'><strong>enim</strong></span> <span class='ocrx_word' id='word_1_119' title='bbox 1237 1504 1379 1571; x_wconf 90' lang='lat' dir='ltr'><strong>quod</strong></span> <span class='ocrx_word' id='word_1_120' title='bbox 1441 1502 1608 1567; x_wconf 84' lang='lat' dir='ltr'><strong>videt,</strong></span> <span class='ocrx_word' id='word_1_121' title='bbox 1652 1503 1757 1557; x_wconf 87' lang='lat' dir='ltr'><strong>hoc</strong></span> <span class='ocrx_word' id='word_1_122' title='bbox 1806 1511 1862 1556; x_wconf 93' lang='lat' dir='ltr'><strong>et</strong></span> <span class='ocrx_word' id='word_1_123' title='bbox 1886 1500 2131 1571; x_wconf 88' lang='lat' dir='ltr'><strong>generat)</strong></span> 
     </span>
    </p>
   </div>
   <div class='ocr_carea' id='block_1_18' title="bbox 565 1585 2132 1660">
    <p class='ocr_par' dir='ltr' id='par_1_18' title="bbox 565 1585 2132 1660">
     <span class='ocr_line' id='line_1_18' title="bbox 565 1585 2132 1660; baseline 0.004 -21"><span class='ocrx_word' id='word_1_124' title='bbox 565 1585 881 1654; x_wconf 86' lang='lat' dir='ltr'><strong>simplicitas</strong></span> <span class='ocrx_word' id='word_1_125' title='bbox 927 1587 1042 1657; x_wconf 89' lang='lat' dir='ltr'><strong>ejus</strong></span> <span class='ocrx_word' id='word_1_126' title='bbox 1101 1605 1206 1644; x_wconf 91' lang='lat' dir='ltr'><strong>non</strong></span> <span class='ocrx_word' id='word_1_127' title='bbox 1264 1591 1475 1646; x_wconf 69' lang='lat' dir='ltr'><strong>lzeditur</strong></span> <span class='ocrx_word' id='word_1_128' title='bbox 1510 1609 1523 1644; x_wconf 90' lang='lat'><strong>:</strong></span> <span class='ocrx_word' id='word_1_129' title='bbox 1562 1607 1629 1647; x_wconf 89' lang='lat' dir='ltr'><strong>ne</strong></span> <span class='ocrx_word' id='word_1_130' title='bbox 1657 1592 1709 1646; x_wconf 91' lang='lat' dir='ltr'><strong>id</strong></span> <span class='ocrx_word' id='word_1_131' title='bbox 1743 1590 1958 1660; x_wconf 87' lang='lat' dir='ltr'><strong>quidem</strong></span> <span class='ocrx_word' id='word_1_132' title='bbox 1989 1591 2132 1659; x_wconf 93' lang='lat' dir='ltr'><strong>quod</strong></span> 
     </span>
    </p>
   </div>
   <div class='ocr_carea' id='block_1_19' title="bbox 566 1676 2131 1748">
    <p class='ocr_par' dir='ltr' id='par_1_19' title="bbox 566 1676 2131 1748">
     <span class='ocr_line' id='line_1_19' title="bbox 566 1676 2131 1748; baseline 0.006 -20"><span class='ocrx_word' id='word_1_133' title='bbox 566 1676 721 1730; x_wconf 83' lang='lat' dir='ltr'><strong>aliter</strong></span> <span class='ocrx_word' id='word_1_134' title='bbox 770 1689 1012 1748; x_wconf 77' lang='lat' dir='ltr'><strong>generet,</strong></span> <span class='ocrx_word' id='word_1_135' title='bbox 1061 1682 1217 1737; x_wconf 85' lang='lat' dir='ltr'><strong>aliter</strong></span> <span class='ocrx_word' id='word_1_136' title='bbox 1272 1692 1438 1748; x_wconf 91' lang='lat' dir='ltr'><strong>creet,</strong></span> <span class='ocrx_word' id='word_1_137' title='bbox 1490 1682 1684 1739; x_wconf 83' lang='lat' dir='ltr'><strong>elliciet</strong></span> <span class='ocrx_word' id='word_1_138' title='bbox 1740 1692 1797 1737; x_wconf 92' lang='lat' dir='ltr'><strong>ut</strong></span> <span class='ocrx_word' id='word_1_139' title='bbox 1852 1682 1925 1738; x_wconf 88' lang='lat' dir='ltr'><strong>sit</strong></span> <span class='ocrx_word' id='word_1_140' title='bbox 1973 1695 2131 1737; x_wconf 88' lang='lat' dir='ltr'><strong>com-</strong></span> 
     </span>
    </p>
   </div>
   <div class='ocr_carea' id='block_1_20' title="bbox 564 1769 790 1837">
    <p class='ocr_par' dir='ltr' id='par_1_20' title="bbox 564 1769 790 1837">
     <span class='ocr_line' id='line_1_20' title="bbox 564 1769 790 1837; baseline 0 -14"><span class='ocrx_word' id='word_1_141' title='bbox 564 1769 790 1837; x_wconf 85' lang='lat' dir='ltr'><strong>positus.</strong></span> 
     </span>
    </p>
   </div>
   <div class='ocr_carea' id='block_1_21' title="bbox 1229 1882 1462 1940">
    <p class='ocr_par' dir='ltr' id='par_1_21' title="bbox 1229 1882 1462 1940">
     <span class='ocr_line' id='line_1_21' title="bbox 1229 1882 1462 1940; baseline 0.004 -2"><span class='ocrx_word' id='word_1_142' title='bbox 1229 1882 1462 1940; x_wconf 84' lang='lat' dir='ltr'><strong>ALIUD.</strong></span> 
     </span>
    </p>
   </div>
   <div class='ocr_carea' id='block_1_22' title="bbox 635 1993 2136 2068">
    <p class='ocr_par' dir='ltr' id='par_1_22' title="bbox 635 1993 2136 2068">
     <span class='ocr_line' id='line_1_22' title="bbox 635 1993 2136 2068; baseline 0.002 -20"><span class='ocrx_word' id='word_1_143' title='bbox 635 1993 691 2049; x_wconf 86' lang='lat' dir='ltr'><strong>Si</strong></span> <span class='ocrx_word' id='word_1_144' title='bbox 718 1994 990 2065; x_wconf 87' lang='lat' dir='ltr'><strong>inquibus</strong></span> <span class='ocrx_word' id='word_1_145' title='bbox 1020 2012 1281 2068; x_wconf 87' lang='lat' dir='ltr'><strong>generare</strong></span> <span class='ocrx_word' id='word_1_146' title='bbox 1310 2011 1363 2053; x_wconf 89' lang='lat' dir='ltr'><strong>et</strong></span> <span class='ocrx_word' id='word_1_147' title='bbox 1412 2012 1601 2054; x_wconf 88' lang='lat' dir='ltr'><strong>creare</strong></span> <span class='ocrx_word' id='word_1_148' title='bbox 1659 1997 1871 2053; x_wconf 86' lang='lat' dir='ltr'><strong>diversa</strong></span> <span class='ocrx_word' id='word_1_149' title='bbox 1897 2007 2045 2064; x_wconf 91' lang='lat' dir='ltr'><strong>sunt,</strong></span> <span class='ocrx_word' id='word_1_150' title='bbox 2099 1998 2136 2052; x_wconf 93' lang='lat' dir='ltr'><strong>ii</strong></span> 
     </span>
    </p>
   </div>
   <div class='ocr_carea' id='block_1_23' title="bbox 564 2089 2135 2159">
    <p class='ocr_par' dir='ltr' id='par_1_23' title="bbox 564 2089 2135 2159">
     <span class='ocr_line' id='line_1_23' title="bbox 564 2089 2135 2159; baseline 0.002 -18"><span class='ocrx_word' id='word_1_151' title='bbox 564 2096 825 2156; x_wconf 90' lang='lat' dir='ltr'><strong>generant</strong></span> <span class='ocrx_word' id='word_1_152' title='bbox 852 2102 917 2143; x_wconf 91' lang='lat' dir='ltr'><strong>ex</strong></span> <span class='ocrx_word' id='word_1_153' title='bbox 950 2089 1165 2159; x_wconf 89' lang='lat' dir='ltr'><strong>seipsis,</strong></span> <span class='ocrx_word' id='word_1_154' title='bbox 1217 2100 1403 2146; x_wconf 88' lang='lat' dir='ltr'><strong>creant</strong></span> <span class='ocrx_word' id='word_1_155' title='bbox 1457 2106 1585 2145; x_wconf 88' lang='lat' dir='ltr'><strong>vero</strong></span> <span class='ocrx_word' id='word_1_156' title='bbox 1635 2092 2014 2145; x_wconf 81' lang='lat' dir='ltr'><strong>extrinsecus:</strong></span> <span class='ocrx_word' id='word_1_157' title='bbox 2083 2091 2135 2144; x_wconf 91' lang='lat' dir='ltr'><strong>in</strong></span> 
     </span>
    </p>
   </div>
   <div class='ocr_carea' id='block_1_24' title="bbox 562 2177 2137 2249">
    <p class='ocr_par' dir='ltr' id='par_1_24' title="bbox 562 2177 2137 2249">
     <span class='ocr_line' id='line_1_24' title="bbox 562 2177 2137 2249; baseline 0.001 -18"><span class='ocrx_word' id='word_1_158' title='bbox 562 2177 760 2247; x_wconf 90' lang='lat' dir='ltr'><strong>quibus</strong></span> <span class='ocrx_word' id='word_1_159' title='bbox 783 2192 909 2233; x_wconf 88' lang='lat' dir='ltr'><strong>vero</strong></span> <span class='ocrx_word' id='word_1_160' title='bbox 933 2193 1194 2249; x_wconf 79' lang='lat' dir='ltr'><strong>generare</strong></span> <span class='ocrx_word' id='word_1_161' title='bbox 1220 2188 1275 2234; x_wconf 89' lang='lat' dir='ltr'><strong>et</strong></span> <span class='ocrx_word' id='word_1_162' title='bbox 1296 2194 1487 2235; x_wconf 88' lang='lat' dir='ltr'><strong>creare</strong></span> <span class='ocrx_word' id='word_1_163' title='bbox 1518 2178 1657 2235; x_wconf 90' lang='lat' dir='ltr'><strong>idem</strong></span> <span class='ocrx_word' id='word_1_164' title='bbox 1680 2190 1782 2243; x_wconf 90' lang='lat' dir='ltr'><strong>est,</strong></span> <span class='ocrx_word' id='word_1_165' title='bbox 1808 2182 1859 2234; x_wconf 90' lang='lat' dir='ltr'><strong>in</strong></span> <span class='ocrx_word' id='word_1_166' title='bbox 1884 2180 1951 2235; x_wconf 89' lang='lat' dir='ltr'><strong>iis</strong></span> <span class='ocrx_word' id='word_1_167' title='bbox 1980 2195 2104 2235; x_wconf 92' lang='lat' dir='ltr'><strong>crea</strong></span> <span class='ocrx_word' id='word_1_168' title='bbox 2122 2209 2137 2221; x_wconf 86' lang='lat'><strong>-</strong></span> 
     </span>
    </p>
   </div>
   <div class='ocr_carea' id='block_1_25' title="bbox 564 2269 2139 2341">
    <p class='ocr_par' dir='ltr' id='par_1_25' title="bbox 564 2269 2139 2341">
     <span class='ocr_line' id='line_1_25' title="bbox 564 2269 2139 2341; baseline 0.003 -20"><span class='ocrx_word' id='word_1_169' title='bbox 564 2284 624 2323; x_wconf 90' lang='lat' dir='ltr'><strong>re</strong></span> <span class='ocrx_word' id='word_1_170' title='bbox 652 2269 991 2325; x_wconf 88' lang='lat' dir='ltr'><strong>extrinsecus</strong></span> <span class='ocrx_word' id='word_1_171' title='bbox 1025 2286 1129 2325; x_wconf 89' lang='lat' dir='ltr'><strong>non</strong></span> <span class='ocrx_word' id='word_1_172' title='bbox 1178 2272 1413 2335; x_wconf 82' lang='lat' dir='ltr'><strong>exsistit,</strong></span> <span class='ocrx_word' id='word_1_173' title='bbox 1459 2272 1910 2341; x_wconf 82' lang='lat' dir='ltr'><strong>quemadmodum</strong></span> <span class='ocrx_word' id='word_1_174' title='bbox 1965 2286 2139 2340; x_wconf 86' lang='lat' dir='ltr'><strong>neque</strong></span> 
     </span>
    </p>
   </div>
   <div class='ocr_carea' id='block_1_26' title="bbox 562 2362 2133 2428">
    <p class='ocr_par' dir='ltr' id='par_1_26' title="bbox 562 2362 2133 2428">
     <span class='ocr_line' id='line_1_26' title="bbox 562 2362 2133 2428; baseline 0.002 -16"><span class='ocrx_word' id='word_1_175' title='bbox 562 2375 629 2413; x_wconf 89' lang='lat' dir='ltr'><strong>ex</strong></span> <span class='ocrx_word' id='word_1_176' title='bbox 666 2374 787 2414; x_wconf 86' lang='lat' dir='ltr'><strong>sese</strong></span> <span class='ocrx_word' id='word_1_177' title='bbox 820 2375 1103 2428; x_wconf 82' lang='lat' dir='ltr'><strong>generare.</strong></span> <span class='ocrx_word' id='word_1_178' title='bbox 1137 2362 1194 2417; x_wconf 92' lang='lat' dir='ltr'><strong>Si</strong></span> <span class='ocrx_word' id='word_1_179' title='bbox 1257 2377 1387 2415; x_wconf 86' lang='lat' dir='ltr'><strong>vero</strong></span> <span class='ocrx_word' id='word_1_180' title='bbox 1447 2363 1781 2416; x_wconf 81' lang='lat' dir='ltr'><strong>extrinsecus</strong></span> <span class='ocrx_word' id='word_1_181' title='bbox 1817 2372 2022 2416; x_wconf 89' lang='lat' dir='ltr'><strong>tantum</strong></span> <span class='ocrx_word' id='word_1_182' title='bbox 2061 2363 2133 2415; x_wconf 90' lang='lat' dir='ltr'><strong>illi</strong></span> 
     </span>
    </p>
   </div>
   <div class='ocr_carea' id='block_1_27' title="bbox 562 2450 2139 2521">
    <p class='ocr_par' dir='ltr' id='par_1_27' title="bbox 562 2450 2139 2521">
     <span class='ocr_line' id='line_1_27' title="bbox 562 2450 2139 2521; baseline 0.001 -18"><span class='ocrx_word' id='word_1_183' title='bbox 562 2451 889 2515; x_wconf 90' lang='lat' dir='ltr'><strong>concedunt,</strong></span> <span class='ocrx_word' id='word_1_184' title='bbox 914 2451 1055 2520; x_wconf 90' lang='lat' dir='ltr'><strong>quod</strong></span> <span class='ocrx_word' id='word_1_185' title='bbox 1088 2451 1304 2521; x_wconf 89' lang='lat' dir='ltr'><strong>quidem</strong></span> <span class='ocrx_word' id='word_1_186' title='bbox 1338 2462 1421 2507; x_wconf 86' lang='lat' dir='ltr'><strong>est</strong></span> <span class='ocrx_word' id='word_1_187' title='bbox 1442 2450 1641 2516; x_wconf 87' lang='lat' dir='ltr'><strong>facere,</strong></span> <span class='ocrx_word' id='word_1_188' title='bbox 1688 2466 1953 2521; x_wconf 83' lang='lat' dir='ltr'><strong>generare</strong></span> <span class='ocrx_word' id='word_1_189' title='bbox 2012 2466 2139 2504; x_wconf 79' lang='lat' dir='ltr'><strong>vero</strong></span> 
     </span>
    </p>
   </div>
   <div class='ocr_carea' id='block_1_28' title="bbox 562 2536 2133 2609">
    <p class='ocr_par' dir='ltr' id='par_1_28' title="bbox 562 2536 2133 2609">
     <span class='ocr_line' id='line_1_28' title="bbox 562 2536 2133 2609; baseline 0.003 -20"><span class='ocrx_word' id='word_1_190' title='bbox 562 2551 669 2590; x_wconf 86' lang='lat' dir='ltr'><strong>non</strong></span> <span class='ocrx_word' id='word_1_191' title='bbox 700 2536 826 2591; x_wconf 88' lang='lat' dir='ltr'><strong>item</strong></span> <span class='ocrx_word' id='word_1_192' title='bbox 863 2556 875 2591; x_wconf 89' lang='lat'><strong>:</strong></span> <span class='ocrx_word' id='word_1_193' title='bbox 904 2539 1189 2609; x_wconf 84' lang='lat' dir='ltr'><strong>adoptione</strong></span> <span class='ocrx_word' id='word_1_194' title='bbox 1221 2540 1325 2595; x_wconf 90' lang='lat' dir='ltr'><strong>erit</strong></span> <span class='ocrx_word' id='word_1_195' title='bbox 1356 2547 1528 2609; x_wconf 88' lang='lat' dir='ltr'><strong>pater,</strong></span> <span class='ocrx_word' id='word_1_196' title='bbox 1560 2540 1651 2609; x_wconf 92' lang='lat' dir='ltr'><strong>qui</strong></span> <span class='ocrx_word' id='word_1_197' title='bbox 1687 2539 1951 2595; x_wconf 85' lang='lat' dir='ltr'><strong>naturalis</strong></span> <span class='ocrx_word' id='word_1_198' title='bbox 1976 2554 2133 2594; x_wconf 90' lang='lat' dir='ltr'><strong>crea-</strong></span> 
     </span>
    </p>
   </div>
   <div class='ocr_carea' id='block_1_29' title="bbox 564 2636 1142 2683">
    <p class='ocr_par' dir='ltr' id='par_1_29' title="bbox 564 2636 1142 2683">
     <span class='ocr_line' id='line_1_29' title="bbox 564 2636 1142 2683; baseline 0.01 -2"><span class='ocrx_word' id='word_1_199' title='bbox 564 2636 651 2682; x_wconf 69' lang='grc' dir='ltr'>ιον</span> <span class='ocrx_word' id='word_1_200' title='bbox 676 2638 778 2683; x_wconf 90' lang='lat' dir='ltr'><strong>est.</strong></span> <span class='ocrx_word' id='word_1_201' title='bbox 1139 2650 1142 2653; x_wconf 40' lang='grc' dir='ltr'>λ</span> 
     </span>
    </p>
   </div>
   <div class='ocr_carea' id='block_1_30' title="bbox 1233 2742 1465 2799">
    <p class='ocr_par' dir='ltr' id='par_1_30' title="bbox 1233 2742 1465 2799">
     <span class='ocr_line' id='line_1_30' title="bbox 1233 2742 1465 2799; baseline 0.009 -3"><span class='ocrx_word' id='word_1_202' title='bbox 1233 2742 1465 2799; x_wconf 84' lang='lat' dir='ltr'><strong>ALIUD.</strong></span> 
     </span>
    </p>
   </div>
   <div class='ocr_carea' id='block_1_31' title="bbox 638 2851 2140 2925">
    <p class='ocr_par' dir='ltr' id='par_1_31' title="bbox 638 2851 2140 2925">
     <span class='ocr_line' id='line_1_31' title="bbox 638 2851 2140 2925; baseline 0.002 -20"><span class='ocrx_word' id='word_1_203' title='bbox 638 2851 695 2905; x_wconf 88' lang='lat' dir='ltr'><strong>Si</strong></span> <span class='ocrx_word' id='word_1_204' title='bbox 729 2866 987 2921; x_wconf 85' lang='lat' dir='ltr'><strong>generare</strong></span> <span class='ocrx_word' id='word_1_205' title='bbox 1043 2861 1099 2908; x_wconf 90' lang='lat' dir='ltr'><strong>et</strong></span> <span class='ocrx_word' id='word_1_206' title='bbox 1148 2868 1337 2910; x_wconf 90' lang='lat' dir='ltr'><strong>creare</strong></span> <span class='ocrx_word' id='word_1_207' title='bbox 1385 2856 1435 2909; x_wconf 92' lang='lat' dir='ltr'><strong>in</strong></span> <span class='ocrx_word' id='word_1_208' title='bbox 1494 2854 1624 2918; x_wconf 91' lang='lat' dir='ltr'><strong>Deo,</strong></span> <span class='ocrx_word' id='word_1_209' title='bbox 1654 2856 1779 2924; x_wconf 85' lang='lat' dir='ltr'><strong>quia</strong></span> <span class='ocrx_word' id='word_1_210' title='bbox 1807 2855 2140 2925; x_wconf 87' lang='lat' dir='ltr'><strong>compositus</strong></span> 
     </span>
    </p>
   </div>
   <div class='ocr_carea' id='block_1_32' title="bbox 566 2942 2140 3014">
    <p class='ocr_par' dir='ltr' id='par_1_32' title="bbox 566 2942 2140 3014">
     <span class='ocr_line' id='line_1_32' title="bbox 566 2942 2140 3014; baseline 0.003 -20"><span class='ocrx_word' id='word_1_211' title='bbox 566 2956 673 2995; x_wconf 90' lang='lat' dir='ltr'><strong>non</strong></span> <span class='ocrx_word' id='word_1_212' title='bbox 700 2952 803 3006; x_wconf 86' lang='lat' dir='ltr'><strong>est,</strong></span> <span class='ocrx_word' id='word_1_213' title='bbox 843 2942 984 2997; x_wconf 91' lang='lat' dir='ltr'><strong>idem</strong></span> <span class='ocrx_word' id='word_1_214' title='bbox 1015 2954 1162 3008; x_wconf 85' lang='lat' dir='ltr'><strong>sunt,</strong></span> <span class='ocrx_word' id='word_1_215' title='bbox 1190 2960 1295 2999; x_wconf 89' lang='lat' dir='ltr'><strong>non</strong></span> <span class='ocrx_word' id='word_1_216' title='bbox 1328 2954 1506 2998; x_wconf 83' lang='lat' dir='ltr'><strong>autent</strong></span> <span class='ocrx_word' id='word_1_217' title='bbox 1529 2944 1691 2997; x_wconf 90' lang='lat' dir='ltr'><strong>etiam</strong></span> <span class='ocrx_word' id='word_1_218' title='bbox 1721 2945 1775 2998; x_wconf 90' lang='lat' dir='ltr'><strong>iu</strong></span> <span class='ocrx_word' id='word_1_219' title='bbox 1811 2947 1986 3013; x_wconf 84' lang='lat' dir='ltr'><strong>nobis,</strong></span> <span class='ocrx_word' id='word_1_220' title='bbox 2012 2946 2140 3014; x_wconf 90' lang='lat' dir='ltr'><strong>quia</strong></span> 
     </span>
    </p>
   </div>
   <div class='ocr_carea' id='block_1_33' title="bbox 566 3033 2140 3103">
    <p class='ocr_par' dir='ltr' id='par_1_33' title="bbox 566 3033 2140 3103">
     <span class='ocr_line' id='line_1_33' title="bbox 566 3033 2140 3103; baseline 0.001 -16"><span class='ocrx_word' id='word_1_221' title='bbox 566 3033 702 3089; x_wconf 86' lang='lat' dir='ltr'><strong>tales</strong></span> <span class='ocrx_word' id='word_1_222' title='bbox 729 3049 833 3089; x_wconf 87' lang='lat' dir='ltr'><strong>non</strong></span> <span class='ocrx_word' id='word_1_223' title='bbox 859 3049 1045 3090; x_wconf 91' lang='lat' dir='ltr'><strong>sumus</strong></span> <span class='ocrx_word' id='word_1_224' title='bbox 1080 3052 1093 3087; x_wconf 93' lang='lat'><strong>:</strong></span> <span class='ocrx_word' id='word_1_225' title='bbox 1132 3036 1271 3091; x_wconf 92' lang='lat' dir='ltr'><strong>idem</strong></span> <span class='ocrx_word' id='word_1_226' title='bbox 1289 3038 1394 3091; x_wconf 90' lang='lat' dir='ltr'><strong>erit</strong></span> <span class='ocrx_word' id='word_1_227' title='bbox 1424 3037 1475 3088; x_wconf 91' lang='lat' dir='ltr'><strong>in</strong></span> <span class='ocrx_word' id='word_1_228' title='bbox 1497 3035 1586 3088; x_wconf 90' lang='lat' dir='ltr'><strong>illo</strong></span> <span class='ocrx_word' id='word_1_229' title='bbox 1605 3050 1941 3103; x_wconf 62' lang='lat' dir='ltr'><strong>praenoscere</strong></span> <span class='ocrx_word' id='word_1_230' title='bbox 1970 3048 2023 3090; x_wconf 92' lang='lat' dir='ltr'><strong>et</strong></span> <span class='ocrx_word' id='word_1_231' title='bbox 2049 3051 2140 3103; x_wconf 82' lang='lat' dir='ltr'><strong>ge-</strong></span> 
     </span>
    </p>
   </div>
   <div class='ocr_carea' id='block_1_34' title="bbox 2911 1022 3116 1075">
    <p class='ocr_par' dir='ltr' id='par_1_34' title="bbox 2911 1022 3116 1075">
     <span class='ocr_line' id='line_1_34' title="bbox 2911 1022 3116 1075; baseline 0 0"><span class='ocrx_word' id='word_1_232' title='bbox 2911 1022 3116 1075; x_wconf 77' lang='lat' dir='ltr'><strong>AAAO.</strong></span> 
     </span>
    </p>
   </div>
   <div class='ocr_carea' id='block_1_35' title="bbox 2300 1129 3842 1203">
    <p class='ocr_par' dir='ltr' id='par_1_35' title="bbox 2300 1129 3842 1203">
     <span class='ocr_line' id='line_1_35' title="bbox 2300 1129 3842 1203; baseline -0.003 -16"><span class='ocrx_word' id='word_1_233' title='bbox 2300 1136 2363 1187; x_wconf 82' lang='lat' dir='ltr'><strong>El</strong></span> <span class='ocrx_word' id='word_1_234' title='bbox 2396 1134 2454 1187; x_wconf 79' lang='grc' dir='ltr'><strong>τὸ</strong></span> <span class='ocrx_word' id='word_1_235' title='bbox 2486 1135 2678 1203; x_wconf 85' lang='grc' dir='ltr'>γεννᾷν</span> <span class='ocrx_word' id='word_1_236' title='bbox 2714 1150 2810 1187; x_wconf 84' lang='grc' dir='ltr'><strong>και</strong></span> <span class='ocrx_word' id='word_1_237' title='bbox 2856 1150 2919 1186; x_wconf 89' lang='grc' dir='ltr'><strong>το</strong></span> <span class='ocrx_word' id='word_1_238' title='bbox 2948 1132 3152 1196; x_wconf 75' lang='grc' dir='ltr'><strong>κτίζειν</strong></span> <span class='ocrx_word' id='word_1_239' title='bbox 3194 1132 3459 1195; x_wconf 83' lang='grc' dir='ltr'><strong>ὡσαύτως</strong></span> <span class='ocrx_word' id='word_1_240' title='bbox 3492 1130 3614 1200; x_wconf 75' lang='grc' dir='ltr'>ἔχει</span> <span class='ocrx_word' id='word_1_241' title='bbox 3646 1129 3801 1192; x_wconf 79' lang='grc' dir='ltr'>Θεὸς</span> <span class='ocrx_word' id='word_1_242' title='bbox 3824 1170 3842 1191; x_wconf 85' lang='grc'><strong>.</strong></span> 
     </span>
    </p>
   </div>
   <div class='ocr_carea' id='block_1_36' title="bbox 2231 1222 3841 1307">
    <p class='ocr_par' dir='ltr' id='par_1_36' title="bbox 2231 1222 3841 1307">
     <span class='ocr_line' id='line_1_36' title="bbox 2231 1222 3841 1307; baseline -0.002 -31"><span class='ocrx_word' id='word_1_243' title='bbox 2231 1224 2417 1307; x_wconf 63' lang='grc' dir='ltr'>ὲπειρὴ</span> <span class='ocrx_word' id='word_1_244' title='bbox 2441 1225 2752 1288; x_wconf 84' lang='grc' dir='ltr'>ἀσύνθετος,</span> <span class='ocrx_word' id='word_1_245' title='bbox 2780 1226 2872 1278; x_wconf 67' lang='grc' dir='ltr'>καὶ</span> <span class='ocrx_word' id='word_1_246' title='bbox 2895 1226 2956 1277; x_wconf 83' lang='grc' dir='ltr'><strong>τὸ</strong></span> <span class='ocrx_word' id='word_1_247' title='bbox 2976 1225 3109 1295; x_wconf 80' lang='grc' dir='ltr'>ὁρᾷν</span> <span class='ocrx_word' id='word_1_248' title='bbox 3164 1223 3243 1293; x_wconf 84' lang='grc' dir='ltr'><strong>τῷ</strong></span> <span class='ocrx_word' id='word_1_249' title='bbox 3272 1225 3468 1293; x_wconf 80' lang='grc' dir='ltr'>γεννᾷν</span> <span class='ocrx_word' id='word_1_250' title='bbox 3500 1222 3723 1276; x_wconf 75' lang='grc' dir='ltr'>ταυτὸν</span> <span class='ocrx_word' id='word_1_251' title='bbox 3771 1222 3841 1274; x_wconf 75' lang='grc' dir='ltr'><strong>ἂν</strong></span> 
     </span>
    </p>
   </div>
   <div class='ocr_carea' id='block_1_37' title="bbox 2231 1310 3838 1389">
    <p class='ocr_par' dir='ltr' id='par_1_37' title="bbox 2231 1310 3838 1389">
     <span class='ocr_line' id='line_1_37' title="bbox 2231 1310 3838 1389; baseline -0.002 -21"><span class='ocrx_word' id='word_1_252' title='bbox 2231 1316 2315 1387; x_wconf 83' lang='grc' dir='ltr'>εῐη</span> <span class='ocrx_word' id='word_1_253' title='bbox 2345 1318 2473 1389; x_wconf 85' lang='grc' dir='ltr'>παρ’</span> <span class='ocrx_word' id='word_1_254' title='bbox 2502 1317 2676 1387; x_wconf 80' lang='grc' dir='ltr'>αὐτῷ,</span> <span class='ocrx_word' id='word_1_255' title='bbox 2725 1316 2812 1370; x_wconf 82' lang='grc' dir='ltr'>ἵνα</span> <span class='ocrx_word' id='word_1_256' title='bbox 2861 1317 3038 1388; x_wconf 82' lang='grc' dir='ltr'><strong>πάντη</strong></span> <span class='ocrx_word' id='word_1_257' title='bbox 3062 1319 3121 1370; x_wconf 83' lang='grc' dir='ltr'>ὲν</span> <span class='ocrx_word' id='word_1_258' title='bbox 3158 1316 3304 1387; x_wconf 79' lang='grc' dir='ltr'>αὐτῷ</span> <span class='ocrx_word' id='word_1_259' title='bbox 3328 1316 3387 1369; x_wconf 82' lang='grc' dir='ltr'>τὸ</span> <span class='ocrx_word' id='word_1_260' title='bbox 3414 1314 3737 1369; x_wconf 75' lang='grc' dir='ltr'><strong>ἀσύνθετον</strong></span> 
     </span>
    </p>
   </div>
   <div class='ocr_carea' id='block_1_38' title="bbox 2232 1406 3843 1481">
    <p class='ocr_par' dir='ltr' id='par_1_38' title="bbox 2232 1406 3843 1481">
     <span class='ocr_line' id='line_1_38' title="bbox 2232 1406 3843 1481; baseline -0.004 -18"><span class='ocrx_word' id='word_1_261' title='bbox 2232 1410 2297 1464; x_wconf 82' lang='lat' dir='ltr'><strong>El</strong></span> <span class='ocrx_word' id='word_1_262' title='bbox 2330 1409 2388 1463; x_wconf 84' lang='grc' dir='ltr'><strong>δὲ</strong></span> <span class='ocrx_word' id='word_1_263' title='bbox 2413 1408 2487 1481; x_wconf 81' lang='grc' dir='ltr'><strong>μὴ</strong></span> <span class='ocrx_word' id='word_1_264' title='bbox 2514 1409 2643 1462; x_wconf 80' lang='grc' dir='ltr'>ὅντα</span> <span class='ocrx_word' id='word_1_265' title='bbox 2670 1410 2798 1480; x_wconf 78' lang='grc' dir='ltr'>παρ’</span> <span class='ocrx_word' id='word_1_266' title='bbox 2832 1408 2981 1479; x_wconf 82' lang='grc' dir='ltr'>αὐτῷ</span> <span class='ocrx_word' id='word_1_267' title='bbox 3044 1408 3215 1462; x_wconf 79' lang='grc' dir='ltr'>ταῦτα</span> <span class='ocrx_word' id='word_1_268' title='bbox 3260 1408 3536 1478; x_wconf 81' lang='grc' dir='ltr'><strong>ἀδιάφορα</strong></span> <span class='ocrx_word' id='word_1_269' title='bbox 3579 1406 3670 1477; x_wconf 78' lang='grc' dir='ltr'>(οὐ</span> <span class='ocrx_word' id='word_1_270' title='bbox 3724 1406 3843 1475; x_wconf 70' lang='grc' dir='ltr'><strong>γὰρ</strong></span> 
     </span>
    </p>
   </div>
   <div class='ocr_carea' id='block_1_39' title="bbox 2232 1498 3841 1572">
    <p class='ocr_par' dir='ltr' id='par_1_39' title="bbox 2232 1498 3841 1572">
     <span class='ocr_line' id='line_1_39' title="bbox 2232 1498 3841 1572; baseline -0.003 -19"><span class='ocrx_word' id='word_1_271' title='bbox 2232 1502 2369 1572; x_wconf 80' lang='grc' dir='ltr'>ὅπερ</span> <span class='ocrx_word' id='word_1_272' title='bbox 2397 1502 2518 1571; x_wconf 77' lang='grc' dir='ltr'>ὁρᾷ,</span> <span class='ocrx_word' id='word_1_273' title='bbox 2546 1501 2705 1554; x_wconf 82' lang='grc' dir='ltr'>τοῦτο</span> <span class='ocrx_word' id='word_1_274' title='bbox 2733 1501 2949 1564; x_wconf 82' lang='grc' dir='ltr'>πάντως</span> <span class='ocrx_word' id='word_1_275' title='bbox 2976 1502 3069 1554; x_wconf 78' lang='grc' dir='ltr'><strong>καὶ</strong></span> <span class='ocrx_word' id='word_1_276' title='bbox 3099 1498 3318 1571; x_wconf 85' lang='grc' dir='ltr'>τίκτει),</span> <span class='ocrx_word' id='word_1_277' title='bbox 3335 1499 3395 1554; x_wconf 82' lang='grc' dir='ltr'><strong>τὸ</strong></span> <span class='ocrx_word' id='word_1_278' title='bbox 3423 1499 3636 1553; x_wconf 72' lang='grc' dir='ltr'>ἁπλοῦν</span> <span class='ocrx_word' id='word_1_279' title='bbox 3658 1498 3841 1551; x_wconf 70' lang='grc' dir='ltr'>αὐτοῦ</span> 
     </span>
    </p>
   </div>
   <div class='ocr_carea' id='block_1_40' title="bbox 2233 1590 3843 1663">
    <p class='ocr_par' dir='ltr' id='par_1_40' title="bbox 2233 1590 3843 1663">
     <span class='ocr_line' id='line_1_40' title="bbox 2233 1590 3843 1663; baseline -0.003 -18"><span class='ocrx_word' id='word_1_280' title='bbox 2233 1592 2295 1645; x_wconf 83' lang='grc' dir='ltr'><strong>ού</strong></span> <span class='ocrx_word' id='word_1_281' title='bbox 2334 1591 2811 1663; x_wconf 81' lang='grc' dir='ltr'>λυμαίνεται,οὺδὲ</span> <span class='ocrx_word' id='word_1_282' title='bbox 2836 1593 2895 1645; x_wconf 86' lang='grc' dir='ltr'>τὺ</span> <span class='ocrx_word' id='word_1_283' title='bbox 2915 1594 3109 1662; x_wconf 81' lang='grc' dir='ltr'>γεννᾷν</span> <span class='ocrx_word' id='word_1_284' title='bbox 3139 1591 3381 1661; x_wconf 85' lang='grc' dir='ltr'>δηλονότι</span> <span class='ocrx_word' id='word_1_285' title='bbox 3415 1590 3584 1643; x_wconf 80' lang='grc' dir='ltr'>αὐτὸν</span> <span class='ocrx_word' id='word_1_286' title='bbox 3616 1590 3843 1659; x_wconf 76' lang='grc' dir='ltr'>ἑτέρως</span> 
     </span>
    </p>
   </div>
   <div class='ocr_carea' id='block_1_41' title="bbox 2234 1680 3841 1754">
    <p class='ocr_par' dir='ltr' id='par_1_41' title="bbox 2234 1680 3841 1754">
     <span class='ocr_line' id='line_1_41' title="bbox 2234 1680 3841 1754; baseline -0.004 -17"><span class='ocrx_word' id='word_1_287' title='bbox 2234 1686 2329 1739; x_wconf 60' lang='grc' dir='ltr'><strong>καὶ⁵</strong></span> <span class='ocrx_word' id='word_1_288' title='bbox 2379 1686 2581 1749; x_wconf 78' lang='grc' dir='ltr'><strong>κτίζειν</strong></span> <span class='ocrx_word' id='word_1_289' title='bbox 2635 1684 2828 1749; x_wconf 76' lang='grc' dir='ltr'>ἄλλως,</span> <span class='ocrx_word' id='word_1_290' title='bbox 2887 1683 3139 1754; x_wconf 79' lang='grc' dir='ltr'><strong>στέρησιν</strong></span> <span class='ocrx_word' id='word_1_291' title='bbox 3186 1682 3332 1752; x_wconf 83' lang='grc' dir='ltr'>αὐτῷ</span> <span class='ocrx_word' id='word_1_292' title='bbox 3369 1680 3465 1734; x_wconf 82' lang='grc' dir='ltr'>τοῦ</span> <span class='ocrx_word' id='word_1_293' title='bbox 3515 1680 3841 1735; x_wconf 69' lang='grc' dir='ltr'>ἀσύνθετον</span> 
     </span>
    </p>
   </div>
   <div class='ocr_carea' id='block_1_42' title="bbox 2159 1775 2545 1853">
    <p class='ocr_par' dir='ltr' id='par_1_42' title="bbox 2159 1775 2545 1853">
     <span class='ocr_line' id='line_1_42' title="bbox 2159 1775 2545 1853; baseline -0.005 -22"><span class='ocrx_word' id='word_1_294' title='bbox 2159 1794 2210 1853; x_wconf 71' lang='grc' dir='ltr'><strong>Β</strong></span> <span class='ocrx_word' id='word_1_295' title='bbox 2236 1775 2545 1846; x_wconf 78' lang='grc' dir='ltr'>ἐργάζεται.</span> 
     </span>
    </p>
   </div>
   <div class='ocr_carea' id='block_1_43' title="bbox 2922 1882 3128 1935">
    <p class='ocr_par' dir='ltr' id='par_1_43' title="bbox 2922 1882 3128 1935">
     <span class='ocr_line' id='line_1_43' title="bbox 2922 1882 3128 1935; baseline 0 0"><span class='ocrx_word' id='word_1_296' title='bbox 2922 1882 3128 1935; x_wconf 85' lang='grc' dir='ltr'><strong>ΑΛΛΟ.</strong></span> 
     </span>
    </p>
   </div>
   <div class='ocr_carea' id='block_1_44' title="bbox 2310 1990 3841 2069">
    <p class='ocr_par' dir='ltr' id='par_1_44' title="bbox 2310 1990 3841 2069">
     <span class='ocr_line' id='line_1_44' title="bbox 2310 1990 3841 2069; baseline -0.006 -19"><span class='ocrx_word' id='word_1_297' title='bbox 2310 2000 2370 2051; x_wconf 81' lang='lat' dir='ltr'><strong>El</strong></span> <span class='ocrx_word' id='word_1_298' title='bbox 2404 1998 2532 2069; x_wconf 79' lang='grc' dir='ltr'>παρ’</span> <span class='ocrx_word' id='word_1_299' title='bbox 2567 1992 2649 2059; x_wconf 69' lang='grc' dir='ltr'>οἷς</span> <span class='ocrx_word' id='word_1_300' title='bbox 2699 1995 2794 2049; x_wconf 74' lang='grc' dir='ltr'>τοῦ</span> <span class='ocrx_word' id='word_1_301' title='bbox 2845 1995 3037 2065; x_wconf 86' lang='grc' dir='ltr'>γεννᾷν</span> <span class='ocrx_word' id='word_1_302' title='bbox 3076 1993 3137 2046; x_wconf 84' lang='grc' dir='ltr'>τὸ</span> <span class='ocrx_word' id='word_1_303' title='bbox 3196 1992 3400 2055; x_wconf 77' lang='grc' dir='ltr'><strong>κτίζειν</strong></span> <span class='ocrx_word' id='word_1_304' title='bbox 3427 1991 3647 2059; x_wconf 70' lang='grc' dir='ltr'>ἕτερον,</span> <span class='ocrx_word' id='word_1_305' title='bbox 3680 1990 3841 2057; x_wconf 75' lang='grc' dir='ltr'>παρὰ</span> 
     </span>
    </p>
   </div>
   <div class='ocr_carea' id='block_1_45' title="bbox 2237 2079 3841 2155">
    <p class='ocr_par' dir='ltr' id='par_1_45' title="bbox 2237 2079 3841 2155">
     <span class='ocr_line' id='line_1_45' title="bbox 2237 2079 3841 2155; baseline -0.009 -12"><span class='ocrx_word' id='word_1_306' title='bbox 2237 2090 2446 2151; x_wconf 78' lang='grc' dir='ltr'>τούτοις</span> <span class='ocrx_word' id='word_1_307' title='bbox 2470 2087 2531 2141; x_wconf 81' lang='grc' dir='ltr'>τὸ</span> <span class='ocrx_word' id='word_1_308' title='bbox 2558 2087 2617 2151; x_wconf 76' lang='grc' dir='ltr'><strong>ἐξ</strong></span> <span class='ocrx_word' id='word_1_309' title='bbox 2647 2084 2854 2139; x_wconf 78' lang='grc' dir='ltr'>ἑαυτῶν</span> <span class='ocrx_word' id='word_1_310' title='bbox 2873 2085 3089 2155; x_wconf 82' lang='grc' dir='ltr'>γεννᾷν,</span> <span class='ocrx_word' id='word_1_311' title='bbox 3116 2082 3314 2147; x_wconf 80' lang='grc' dir='ltr'>ἔξωθεν</span> <span class='ocrx_word' id='word_1_312' title='bbox 3335 2080 3390 2134; x_wconf 86' lang='grc' dir='ltr'>δὲ</span> <span class='ocrx_word' id='word_1_313' title='bbox 3422 2079 3635 2144; x_wconf 77' lang='grc' dir='ltr'>κτίζειν</span> <span class='ocrx_word' id='word_1_314' title='bbox 3658 2080 3841 2148; x_wconf 61' lang='lat' dir='ltr'><strong>imis:—</strong></span> 
     </span>
    </p>
   </div>
   <div class='ocr_carea' id='block_1_46' title="bbox 2239 2170 3839 2250">
    <p class='ocr_par' dir='ltr' id='par_1_46' title="bbox 2239 2170 3839 2250">
     <span class='ocr_line' id='line_1_46' title="bbox 2239 2170 3839 2250; baseline -0.006 -19"><span class='ocrx_word' id='word_1_315' title='bbox 2239 2196 2344 2250; x_wconf 90' lang='grc' dir='ltr'>χει,</span> <span class='ocrx_word' id='word_1_316' title='bbox 2372 2178 2499 2249; x_wconf 86' lang='grc' dir='ltr'>παρ’</span> <span class='ocrx_word' id='word_1_317' title='bbox 2531 2170 2575 2245; x_wconf 79' lang='grc' dir='ltr'>ᾧ</span> <span class='ocrx_word' id='word_1_318' title='bbox 2603 2176 2659 2229; x_wconf 82' lang='grc' dir='ltr'><strong>δὲ</strong></span> <span class='ocrx_word' id='word_1_319' title='bbox 2689 2176 2750 2228; x_wconf 83' lang='grc' dir='ltr'><strong>τὸ</strong></span> <span class='ocrx_word' id='word_1_320' title='bbox 2768 2176 2962 2245; x_wconf 77' lang='grc' dir='ltr'>γεννᾷν</span> <span class='ocrx_word' id='word_1_321' title='bbox 2983 2173 3061 2244; x_wconf 84' lang='grc' dir='ltr'>τῷ</span> <span class='ocrx_word' id='word_1_322' title='bbox 3094 2172 3298 2237; x_wconf 79' lang='grc' dir='ltr'>κτίζειν</span> <span class='ocrx_word' id='word_1_323' title='bbox 3337 2172 3555 2235; x_wconf 83' lang='grc' dir='ltr'>ταυτὸν,</span> <span class='ocrx_word' id='word_1_324' title='bbox 3583 2172 3654 2223; x_wconf 83' lang='grc' dir='ltr'><strong>τὸ</strong></span> <span class='ocrx_word' id='word_1_325' title='bbox 3701 2170 3839 2234; x_wconf 72' lang='grc' dir='ltr'><strong>ἔξω·</strong></span> 
     </span>
    </p>
   </div>
   <div class='ocr_carea' id='block_1_47' title="bbox 2240 2260 3836 2336">
    <p class='ocr_par' dir='ltr' id='par_1_47' title="bbox 2240 2260 3836 2336">
     <span class='ocr_line' id='line_1_47' title="bbox 2240 2260 3836 2336; baseline -0.006 -14"><span class='ocrx_word' id='word_1_326' title='bbox 2240 2269 2331 2322; x_wconf 88' lang='grc' dir='ltr'>θεν</span> <span class='ocrx_word' id='word_1_327' title='bbox 2363 2267 2566 2331; x_wconf 77' lang='grc' dir='ltr'>κτίζειν</span> <span class='ocrx_word' id='word_1_328' title='bbox 2588 2267 2686 2336; x_wconf 83' lang='grc' dir='ltr'>οὐχ</span> <span class='ocrx_word' id='word_1_329' title='bbox 2709 2266 2964 2335; x_wconf 83' lang='grc' dir='ltr'><strong>ὑπάρχει,</strong></span> <span class='ocrx_word' id='word_1_330' title='bbox 3017 2262 3092 2327; x_wconf 83' lang='grc' dir='ltr'>ὡς</span> <span class='ocrx_word' id='word_1_331' title='bbox 3120 2263 3243 2317; x_wconf 79' lang='grc' dir='ltr'>οὐδὲ</span> <span class='ocrx_word' id='word_1_332' title='bbox 3271 2262 3333 2315; x_wconf 80' lang='grc' dir='ltr'><strong>τὸ</strong></span> <span class='ocrx_word' id='word_1_333' title='bbox 3353 2260 3564 2314; x_wconf 74' lang='grc' dir='ltr'>οἴκοθεν</span> <span class='ocrx_word' id='word_1_334' title='bbox 3600 2261 3836 2328; x_wconf 57' lang='grc' dir='ltr'>γεννᾷς.</span> 
     </span>
    </p>
   </div>
   <div class='ocr_carea' id='block_1_48' title="bbox 2239 2352 3840 2426">
    <p class='ocr_par' dir='ltr' id='par_1_48' title="bbox 2239 2352 3840 2426">
     <span class='ocr_line' id='line_1_48' title="bbox 2239 2352 3840 2426; baseline -0.006 -14"><span class='ocrx_word' id='word_1_335' title='bbox 2239 2362 2301 2412; x_wconf 84' lang='lat' dir='ltr'><strong>El</strong></span> <span class='ocrx_word' id='word_1_336' title='bbox 2333 2360 2388 2412; x_wconf 82' lang='grc' dir='ltr'><strong>δὲ</strong></span> <span class='ocrx_word' id='word_1_337' title='bbox 2413 2360 2475 2412; x_wconf 82' lang='grc' dir='ltr'><strong>τὸ</strong></span> <span class='ocrx_word' id='word_1_338' title='bbox 2508 2357 2707 2421; x_wconf 78' lang='grc' dir='ltr'>ἔξωθεν</span> <span class='ocrx_word' id='word_1_339' title='bbox 2731 2357 2888 2426; x_wconf 83' lang='grc' dir='ltr'>μόνον</span> <span class='ocrx_word' id='word_1_340' title='bbox 2921 2356 3069 2425; x_wconf 81' lang='grc' dir='ltr'>αύτῷ</span> <span class='ocrx_word' id='word_1_341' title='bbox 3098 2353 3488 2425; x_wconf 82' lang='grc' dir='ltr'>συγχωροῦσιν,</span> <span class='ocrx_word' id='word_1_342' title='bbox 3519 2355 3549 2406; x_wconf 86' lang='grc' dir='ltr'><strong>ὃ</strong></span> <span class='ocrx_word' id='word_1_343' title='bbox 3580 2354 3706 2404; x_wconf 83' lang='grc' dir='ltr'>ἐστι</span> <span class='ocrx_word' id='word_1_344' title='bbox 3735 2352 3840 2420; x_wconf 80' lang='grc' dir='ltr'><strong>μὲν</strong></span> 
     </span>
    </p>
   </div>
   <div class='ocr_carea' id='block_1_49' title="bbox 2240 2442 3838 2519">
    <p class='ocr_par' dir='ltr' id='par_1_49' title="bbox 2240 2442 3838 2519">
     <span class='ocr_line' id='line_1_49' title="bbox 2240 2442 3838 2519; baseline -0.008 -15"><span class='ocrx_word' id='word_1_345' title='bbox 2240 2453 2435 2516; x_wconf 83' lang='grc' dir='ltr'>ποιεῖν,</span> <span class='ocrx_word' id='word_1_346' title='bbox 2469 2451 2665 2519; x_wconf 85' lang='grc' dir='ltr'>γεννᾷν</span> <span class='ocrx_word' id='word_1_347' title='bbox 2696 2448 2753 2501; x_wconf 85' lang='grc' dir='ltr'>δὲ</span> <span class='ocrx_word' id='word_1_348' title='bbox 2784 2448 2842 2500; x_wconf 86' lang='grc' dir='ltr'><strong>οὐ</strong></span> <span class='ocrx_word' id='word_1_349' title='bbox 2871 2446 3107 2513; x_wconf 81' lang='grc' dir='ltr'>θέλουσι,</span> <span class='ocrx_word' id='word_1_350' title='bbox 3166 2446 3315 2500; x_wconf 83' lang='grc' dir='ltr'>θέσει</span> <span class='ocrx_word' id='word_1_351' title='bbox 3357 2444 3509 2498; x_wconf 73' lang='grc' dir='ltr'>ἔσται</span> <span class='ocrx_word' id='word_1_352' title='bbox 3562 2443 3759 2513; x_wconf 76' lang='grc' dir='ltr'>πατὴρ</span> <span class='ocrx_word' id='word_1_353' title='bbox 3807 2442 3838 2492; x_wconf 84' lang='lat'><strong>6</strong></span> 
     </span>
    </p>
   </div>
   <div class='ocr_carea' id='block_1_50' title="bbox 2241 2538 2946 2610">
    <p class='ocr_par' dir='ltr' id='par_1_50' title="bbox 2241 2538 2946 2610">
     <span class='ocr_line' id='line_1_50' title="bbox 2241 2538 2946 2610; baseline -0.006 -14"><span class='ocrx_word' id='word_1_354' title='bbox 2241 2542 2384 2597; x_wconf 83' lang='grc' dir='ltr'>κατὰ</span> <span class='ocrx_word' id='word_1_355' title='bbox 2406 2540 2564 2610; x_wconf 84' lang='grc' dir='ltr'>φύσιν</span> <span class='ocrx_word' id='word_1_356' title='bbox 2595 2538 2946 2609; x_wconf 83' lang='grc' dir='ltr'>δημιουργός.</span> 
     </span>
    </p>
   </div>
   <div class='ocr_carea' id='block_1_51' title="bbox 2909 2733 3113 2786">
    <p class='ocr_par' dir='ltr' id='par_1_51' title="bbox 2909 2733 3113 2786">
     <span class='ocr_line' id='line_1_51' title="bbox 2909 2733 3113 2786; baseline -0.005 -1"><span class='ocrx_word' id='word_1_357' title='bbox 2909 2733 3113 2786; x_wconf 81' lang='grc' dir='ltr'><strong>ΑΛΛΟ.</strong></span> 
     </span>
    </p>
   </div>
   <div class='ocr_carea' id='block_1_52' title="bbox 2311 2836 3831 2917">
    <p class='ocr_par' dir='ltr' id='par_1_52' title="bbox 2311 2836 3831 2917">
     <span class='ocr_line' id='line_1_52' title="bbox 2311 2836 3831 2917; baseline -0.011 -13"><span class='ocrx_word' id='word_1_358' title='bbox 2311 2853 2375 2904; x_wconf 71' lang='lat' dir='ltr'><strong>Et</strong></span> <span class='ocrx_word' id='word_1_359' title='bbox 2428 2849 2487 2902; x_wconf 82' lang='grc' dir='ltr'><strong>τὸ</strong></span> <span class='ocrx_word' id='word_1_360' title='bbox 2529 2846 2722 2917; x_wconf 84' lang='grc' dir='ltr'>γεννᾷν</span> <span class='ocrx_word' id='word_1_361' title='bbox 2774 2844 2868 2898; x_wconf 66' lang='grc' dir='ltr'>καὶ</span> <span class='ocrx_word' id='word_1_362' title='bbox 2902 2843 2963 2896; x_wconf 84' lang='grc' dir='ltr'><strong>τὸ</strong></span> <span class='ocrx_word' id='word_1_363' title='bbox 3009 2840 3215 2905; x_wconf 80' lang='grc' dir='ltr'>κτίζειν</span> <span class='ocrx_word' id='word_1_364' title='bbox 3256 2839 3407 2910; x_wconf 82' lang='grc' dir='ltr'>παρὰ</span> <span class='ocrx_word' id='word_1_365' title='bbox 3439 2837 3580 2908; x_wconf 84' lang='grc' dir='ltr'>θεῷ,</span> <span class='ocrx_word' id='word_1_366' title='bbox 3638 2836 3831 2906; x_wconf 70' lang='grc' dir='ltr'>ἐπειδὴ</span> 
     </span>
    </p>
   </div>
   <div class='ocr_carea' id='block_1_53' title="bbox 2245 2931 3830 3006">
    <p class='ocr_par' dir='ltr' id='par_1_53' title="bbox 2245 2931 3830 3006">
     <span class='ocr_line' id='line_1_53' title="bbox 2245 2931 3830 3006; baseline -0.012 -9"><span class='ocrx_word' id='word_1_367' title='bbox 2245 2941 2555 3006; x_wconf 82' lang='grc' dir='ltr'>ἀσύνθετος,</span> <span class='ocrx_word' id='word_1_368' title='bbox 2582 2937 2773 2991; x_wconf 85' lang='grc' dir='ltr'>ταυτόν</span> <span class='ocrx_word' id='word_1_369' title='bbox 2805 2937 2973 2996; x_wconf 78' lang='grc' dir='ltr'>ἐστιν,</span> <span class='ocrx_word' id='word_1_370' title='bbox 3004 2934 3187 2987; x_wconf 80' lang='grc' dir='ltr'>οὐκέτι</span> <span class='ocrx_word' id='word_1_371' title='bbox 3240 2932 3297 2986; x_wconf 85' lang='grc' dir='ltr'><strong>δὲ</strong></span> <span class='ocrx_word' id='word_1_372' title='bbox 3349 2933 3442 2986; x_wconf 61' lang='grc' dir='ltr'><strong>κει)⁵</strong></span> <span class='ocrx_word' id='word_1_373' title='bbox 3477 2931 3610 3000; x_wconf 79' lang='grc' dir='ltr'>παρ’</span> <span class='ocrx_word' id='word_1_374' title='bbox 3657 2931 3830 2998; x_wconf 78' lang='grc' dir='ltr'>ἡμῖν,</span> 
     </span>
    </p>
   </div>
   <div class='ocr_carea' id='block_1_54' title="bbox 2246 3022 3833 3105">
    <p class='ocr_par' dir='ltr' id='par_1_54' title="bbox 2246 3022 3833 3105">
     <span class='ocr_line' id='line_1_54' title="bbox 2246 3022 3833 3105; baseline -0.012 -16"><span class='ocrx_word' id='word_1_375' title='bbox 2246 3036 2367 3090; x_wconf 74' lang='grc' dir='ltr'>ἐπεὶ</span> <span class='ocrx_word' id='word_1_376' title='bbox 2403 3034 2477 3105; x_wconf 83' lang='grc' dir='ltr'><strong>μὴ</strong></span> <span class='ocrx_word' id='word_1_377' title='bbox 2503 3031 2754 3095; x_wconf 76' lang='grc' dir='ltr'>τοιοῦτοι,</span> <span class='ocrx_word' id='word_1_378' title='bbox 2777 3029 2930 3082; x_wconf 77' lang='grc' dir='ltr'>ἔσται</span> <span class='ocrx_word' id='word_1_379' title='bbox 2949 3027 3144 3081; x_wconf 85' lang='grc' dir='ltr'>ταυτὸν</span> <span class='ocrx_word' id='word_1_380' title='bbox 3180 3026 3305 3095; x_wconf 75' lang='grc' dir='ltr'>παρ’</span> <span class='ocrx_word' id='word_1_381' title='bbox 3325 3023 3471 3093; x_wconf 85' lang='grc' dir='ltr'>αύτῷ</span> <span class='ocrx_word' id='word_1_382' title='bbox 3488 3022 3548 3074; x_wconf 85' lang='grc' dir='ltr'><strong>τὸ</strong></span> <span class='ocrx_word' id='word_1_383' title='bbox 3579 3024 3833 3092; x_wconf 80' lang='grc' dir='ltr'>προνοεῖν</span> 
     </span>
    </p>
   </div>
   <div class='ocr_carea' id='block_1_55' title="bbox 568 3113 2137 3200">
    <p class='ocr_par' dir='ltr' id='par_1_55' title="bbox 568 3124 2132 3194">
     <span class='ocr_line' id='line_1_55' title="bbox 568 3124 2132 3194; baseline -0.002 -16"><span class='ocrx_word' id='word_1_384' title='bbox 568 3139 782 3179; x_wconf 89' lang='lat' dir='ltr'><strong>nerare.</strong></span> <span class='ocrx_word' id='word_1_385' title='bbox 802 3125 917 3179; x_wconf 84' lang='lat' dir='ltr'><strong>Non</strong></span> <span class='ocrx_word' id='word_1_386' title='bbox 941 3125 1086 3180; x_wconf 90' lang='lat' dir='ltr'><strong>enim</strong></span> <span class='ocrx_word' id='word_1_387' title='bbox 1115 3125 1217 3178; x_wconf 86' lang='lat' dir='ltr'><strong>hoc</strong></span> <span class='ocrx_word' id='word_1_388' title='bbox 1254 3126 1304 3179; x_wconf 93' lang='lat' dir='ltr'><strong>in</strong></span> <span class='ocrx_word' id='word_1_389' title='bbox 1331 3125 1486 3178; x_wconf 82' lang='lat' dir='ltr'><strong>nobis</strong></span> <span class='ocrx_word' id='word_1_390' title='bbox 1512 3124 1651 3177; x_wconf 87' lang='lat' dir='ltr'><strong>idem</strong></span> <span class='ocrx_word' id='word_1_391' title='bbox 1684 3136 1785 3189; x_wconf 90' lang='lat' dir='ltr'><strong>est,</strong></span> <span class='ocrx_word' id='word_1_392' title='bbox 1821 3127 1946 3194; x_wconf 86' lang='lat' dir='ltr'><strong>quia</strong></span> <span class='ocrx_word' id='word_1_393' title='bbox 1985 3140 2132 3177; x_wconf 45' lang='lat' dir='ltr'><strong>com:</strong></span> 
     </span>
    </p>
   </div>
   <div class='ocr_carea' id='block_1_56' title="bbox 2248 3113 3834 3200">
    <p class='ocr_par' dir='ltr' id='par_1_56' title="bbox 2248 3113 3834 3200">
     <span class='ocr_line' id='line_1_56' title="bbox 2248 3113 3834 3200; baseline -0.012 -18"><span class='ocrx_word' id='word_1_394' title='bbox 2248 3130 2321 3200; x_wconf 80' lang='grc' dir='ltr'>τῷ</span> <span class='ocrx_word' id='word_1_395' title='bbox 2349 3128 2561 3197; x_wconf 83' lang='grc' dir='ltr'>γεννᾷν.</span> <span class='ocrx_word' id='word_1_396' title='bbox 2585 3124 2658 3177; x_wconf 77' lang='grc' dir='ltr'><strong>Οὐ</strong></span> <span class='ocrx_word' id='word_1_397' title='bbox 2682 3122 2791 3193; x_wconf 75' lang='grc' dir='ltr'><strong>γὰρ</strong></span> <span class='ocrx_word' id='word_1_398' title='bbox 2809 3121 2976 3176; x_wconf 80' lang='grc' dir='ltr'>ταυτὸ</span> <span class='ocrx_word' id='word_1_399' title='bbox 3005 3118 3163 3172; x_wconf 81' lang='grc' dir='ltr'>τοῦτο</span> <span class='ocrx_word' id='word_1_400' title='bbox 3189 3118 3317 3187; x_wconf 77' lang='grc' dir='ltr'>παρ’</span> <span class='ocrx_word' id='word_1_401' title='bbox 3340 3118 3491 3187; x_wconf 81' lang='grc' dir='ltr'>ἡμῖν,</span> <span class='ocrx_word' id='word_1_402' title='bbox 3522 3115 3609 3167; x_wconf 86' lang='grc' dir='ltr'>ὅτι</span> <span class='ocrx_word' id='word_1_403' title='bbox 3642 3113 3834 3166; x_wconf 84' lang='grc' dir='ltr'>σύνθε-</span> 
     </span>
    </p>
   </div>
   <div class='ocr_carea' id='block_1_57' title="bbox 568 3211 2139 3282">
    <p class='ocr_par' dir='ltr' id='par_1_57' title="bbox 568 3211 2139 3282">
     <span class='ocr_line' id='line_1_57' title="bbox 568 3211 2139 3282; baseline -0.003 -16"><span class='ocrx_word' id='word_1_404' title='bbox 568 3213 730 3282; x_wconf 80' lang='lat' dir='ltr'><strong>positi</strong></span> <span class='ocrx_word' id='word_1_405' title='bbox 754 3228 962 3268; x_wconf 85' lang='lat' dir='ltr'><strong>sumus.</strong></span> <span class='ocrx_word' id='word_1_406' title='bbox 988 3211 1045 3266; x_wconf 88' lang='lat' dir='ltr'><strong>Si</strong></span> <span class='ocrx_word' id='word_1_407' title='bbox 1081 3227 1210 3265; x_wconf 85' lang='lat' dir='ltr'><strong>vero</strong></span> <span class='ocrx_word' id='word_1_408' title='bbox 1231 3213 1456 3279; x_wconf 83' lang='lat' dir='ltr'><strong>simplex</strong></span> <span class='ocrx_word' id='word_1_409' title='bbox 1488 3213 1631 3267; x_wconf 89' lang='lat' dir='ltr'><strong>illius</strong></span> <span class='ocrx_word' id='word_1_410' title='bbox 1662 3222 1851 3266; x_wconf 87' lang='lat' dir='ltr'><strong>natura</strong></span> <span class='ocrx_word' id='word_1_411' title='bbox 1891 3222 1944 3264; x_wconf 86' lang='lat' dir='ltr'><strong>et</strong></span> <span class='ocrx_word' id='word_1_412' title='bbox 1991 3226 2139 3265; x_wconf 88' lang='lat' dir='ltr'><strong>com-</strong></span> 
     </span>
    </p>
   </div>
   <div class='ocr_carea' id='block_1_58' title="bbox 571 3300 2139 3373">
    <p class='ocr_par' dir='ltr' id='par_1_58' title="bbox 571 3300 2139 3373">
     <span class='ocr_line' id='line_1_58' title="bbox 571 3300 2139 3373; baseline -0.003 -16"><span class='ocrx_word' id='word_1_413' title='bbox 571 3303 855 3370; x_wconf 83' lang='lat' dir='ltr'><strong>positionis</strong></span> <span class='ocrx_word' id='word_1_414' title='bbox 881 3317 1095 3373; x_wconf 85' lang='lat' dir='ltr'><strong>expers,</strong></span> <span class='ocrx_word' id='word_1_415' title='bbox 1154 3316 1274 3356; x_wconf 90' lang='lat' dir='ltr'><strong>eam</strong></span> <span class='ocrx_word' id='word_1_416' title='bbox 1327 3317 1445 3371; x_wconf 73' lang='lat' dir='ltr'><strong>qua:</strong></span> <span class='ocrx_word' id='word_1_417' title='bbox 1473 3303 1525 3357; x_wconf 89' lang='lat' dir='ltr'><strong>in</strong></span> <span class='ocrx_word' id='word_1_418' title='bbox 1551 3303 1705 3358; x_wconf 84' lang='lat' dir='ltr'><strong>nobis</strong></span> <span class='ocrx_word' id='word_1_419' title='bbox 1738 3311 1843 3366; x_wconf 89' lang='lat' dir='ltr'><strong>est,</strong></span> <span class='ocrx_word' id='word_1_420' title='bbox 1882 3300 2139 3355; x_wconf 81' lang='lat' dir='ltr'><strong>differen-</strong></span> 
     </span>
    </p>
   </div>
   <div class='ocr_carea' id='block_1_59' title="bbox 573 3391 2143 3462">
    <p class='ocr_par' dir='ltr' id='par_1_59' title="bbox 573 3391 2143 3462">
     <span class='ocr_line' id='line_1_59' title="bbox 573 3391 2143 3462; baseline -0.002 -16"><span class='ocrx_word' id='word_1_421' title='bbox 573 3395 726 3460; x_wconf 91' lang='lat' dir='ltr'><strong>tiam,</strong></span> <span class='ocrx_word' id='word_1_422' title='bbox 762 3409 867 3447; x_wconf 93' lang='lat' dir='ltr'><strong>non</strong></span> <span class='ocrx_word' id='word_1_423' title='bbox 902 3394 1172 3447; x_wconf 84' lang='lat' dir='ltr'><strong>diversam</strong></span> <span class='ocrx_word' id='word_1_424' title='bbox 1205 3393 1272 3447; x_wconf 86' lang='lat' dir='ltr'><strong>ab</strong></span> <span class='ocrx_word' id='word_1_425' title='bbox 1304 3406 1369 3447; x_wconf 87' lang='lat' dir='ltr'><strong>eo</strong></span> <span class='ocrx_word' id='word_1_426' title='bbox 1416 3407 1533 3448; x_wconf 90' lang='lat' dir='ltr'><strong>esse</strong></span> <span class='ocrx_word' id='word_1_427' title='bbox 1556 3394 1732 3462; x_wconf 87' lang='lat' dir='ltr'><strong>coegit</strong></span> <span class='ocrx_word' id='word_1_428' title='bbox 1759 3410 1772 3446; x_wconf 90' lang='lat'><strong>:</strong></span> <span class='ocrx_word' id='word_1_429' title='bbox 1802 3407 1867 3446; x_wconf 95' lang='lat' dir='ltr'><strong>ne</strong></span> <span class='ocrx_word' id='word_1_430' title='bbox 1896 3391 1996 3446; x_wconf 89' lang='lat' dir='ltr'><strong>hoc</strong></span> <span class='ocrx_word' id='word_1_431' title='bbox 2030 3391 2143 3459; x_wconf 87' lang='lat' dir='ltr'><strong>qui-</strong></span> 
     </span>
    </p>
   </div>
   <div class='ocr_carea' id='block_1_60' title="bbox 574 3480 2143 3553">
    <p class='ocr_par' dir='ltr' id='par_1_60' title="bbox 574 3480 2143 3553">
     <span class='ocr_line' id='line_1_60' title="bbox 574 3480 2143 3553; baseline -0.001 -18"><span class='ocrx_word' id='word_1_432' title='bbox 574 3484 695 3538; x_wconf 88' lang='lat' dir='ltr'><strong>dem</strong></span> <span class='ocrx_word' id='word_1_433' title='bbox 723 3483 867 3553; x_wconf 92' lang='lat' dir='ltr'><strong>quod</strong></span> <span class='ocrx_word' id='word_1_434' title='bbox 894 3485 1053 3539; x_wconf 88' lang='lat' dir='ltr'><strong>aliter</strong></span> <span class='ocrx_word' id='word_1_435' title='bbox 1081 3490 1322 3550; x_wconf 81' lang='lat' dir='ltr'><strong>generet,</strong></span> <span class='ocrx_word' id='word_1_436' title='bbox 1360 3483 1521 3539; x_wconf 87' lang='lat' dir='ltr'><strong>aliter</strong></span> <span class='ocrx_word' id='word_1_437' title='bbox 1544 3495 1717 3550; x_wconf 87' lang='lat' dir='ltr'><strong>creet,</strong></span> <span class='ocrx_word' id='word_1_438' title='bbox 1754 3482 1949 3538; x_wconf 71' lang='lat' dir='ltr'><strong>efficiet</strong></span> <span class='ocrx_word' id='word_1_439' title='bbox 1980 3490 2039 3536; x_wconf 93' lang='lat' dir='ltr'><strong>ut</strong></span> <span class='ocrx_word' id='word_1_440' title='bbox 2070 3480 2143 3535; x_wconf 90' lang='lat' dir='ltr'><strong>sit</strong></span> 
     </span>
    </p>
   </div>
   <div class='ocr_carea' id='block_1_61' title="bbox 574 3577 925 3645">
    <p class='ocr_par' dir='ltr' id='par_1_61' title="bbox 574 3577 925 3645">
     <span class='ocr_line' id='line_1_61' title="bbox 574 3577 925 3645; baseline -0.003 -15"><span class='ocrx_word' id='word_1_441' title='bbox 574 3577 925 3645; x_wconf 91' lang='lat' dir='ltr'><strong>compositus.</strong></span> 
     </span>
    </p>
   </div>
   <div class='ocr_carea' id='block_1_62' title="bbox 1246 3688 1469 3744">
    <p class='ocr_par' dir='ltr' id='par_1_62' title="bbox 1246 3688 1469 3744">
     <span class='ocr_line' id='line_1_62' title="bbox 1246 3688 1469 3744; baseline 0 -1"><span class='ocrx_word' id='word_1_442' title='bbox 1246 3688 1469 3744; x_wconf 79' lang='lat' dir='ltr'><strong>ALIUD.</strong></span> 
     </span>
    </p>
   </div>
   <div class='ocr_carea' id='block_1_63' title="bbox 647 3798 2144 3870">
    <p class='ocr_par' dir='ltr' id='par_1_63' title="bbox 647 3798 2144 3870">
     <span class='ocr_line' id='line_1_63' title="bbox 647 3798 2144 3870; baseline 0 -17"><span class='ocrx_word' id='word_1_443' title='bbox 647 3798 703 3853; x_wconf 92' lang='lat' dir='ltr'><strong>Si</strong></span> <span class='ocrx_word' id='word_1_444' title='bbox 750 3813 1004 3868; x_wconf 87' lang='lat' dir='ltr'><strong>generare</strong></span> <span class='ocrx_word' id='word_1_445' title='bbox 1040 3801 1179 3855; x_wconf 86' lang='lat' dir='ltr'><strong>idem</strong></span> <span class='ocrx_word' id='word_1_446' title='bbox 1212 3812 1295 3856; x_wconf 92' lang='lat' dir='ltr'><strong>est</strong></span> <span class='ocrx_word' id='word_1_447' title='bbox 1320 3802 1464 3870; x_wconf 90' lang='lat' dir='ltr'><strong>quod</strong></span> <span class='ocrx_word' id='word_1_448' title='bbox 1489 3813 1702 3863; x_wconf 88' lang='lat' dir='ltr'><strong>creare,</strong></span> <span class='ocrx_word' id='word_1_449' title='bbox 1749 3814 2014 3868; x_wconf 86' lang='lat' dir='ltr'><strong>generans</strong></span> <span class='ocrx_word' id='word_1_450' title='bbox 2040 3800 2144 3854; x_wconf 91' lang='lat' dir='ltr'><strong>erit</strong></span> 
     </span>
    </p>
   </div>
   <div class='ocr_carea' id='block_1_64' title="bbox 575 3889 2144 3960">
    <p class='ocr_par' dir='ltr' id='par_1_64' title="bbox 575 3889 2144 3960">
     <span class='ocr_line' id='line_1_64' title="bbox 575 3889 2144 3960; baseline 0.001 -16"><span class='ocrx_word' id='word_1_451' title='bbox 575 3903 765 3944; x_wconf 77' lang='lat' dir='ltr'><strong>creatis</strong></span> <span class='ocrx_word' id='word_1_452' title='bbox 790 3889 840 3943; x_wconf 91' lang='lat' dir='ltr'><strong>id</strong></span> <span class='ocrx_word' id='word_1_453' title='bbox 899 3891 1040 3960; x_wconf 90' lang='lat' dir='ltr'><strong>quod</strong></span> <span class='ocrx_word' id='word_1_454' title='bbox 1096 3902 1413 3960; x_wconf 84' lang='lat' dir='ltr'><strong>generatum</strong></span> <span class='ocrx_word' id='word_1_455' title='bbox 1478 3900 1583 3953; x_wconf 88' lang='lat' dir='ltr'><strong>est,</strong></span> <span class='ocrx_word' id='word_1_456' title='bbox 1648 3898 1703 3944; x_wconf 92' lang='lat' dir='ltr'><strong>et</strong></span> <span class='ocrx_word' id='word_1_457' title='bbox 1761 3905 2027 3958; x_wconf 83' lang='lat' dir='ltr'><strong>generans</strong></span> <span class='ocrx_word' id='word_1_458' title='bbox 2092 3891 2144 3945; x_wconf 88' lang='lat' dir='ltr'><strong>id</strong></span> 
     </span>
    </p>
   </div>
   <div class='ocr_carea' id='block_1_65' title="bbox 573 3980 2145 4050">
    <p class='ocr_par' dir='ltr' id='par_1_65' title="bbox 573 3980 2145 4050">
     <span class='ocr_line' id='line_1_65' title="bbox 573 3980 2145 4050; baseline 0.004 -19"><span class='ocrx_word' id='word_1_459' title='bbox 573 3980 715 4050; x_wconf 88' lang='lat' dir='ltr'><strong>quod</strong></span> <span class='ocrx_word' id='word_1_460' title='bbox 737 3991 976 4036; x_wconf 87' lang='lat' dir='ltr'><strong>creatum</strong></span> <span class='ocrx_word' id='word_1_461' title='bbox 1007 3992 1107 4038; x_wconf 87' lang='lat' dir='ltr'><strong>est.</strong></span> <span class='ocrx_word' id='word_1_462' title='bbox 1132 3983 1202 4038; x_wconf 88' lang='lat' dir='ltr'><strong>At</strong></span> <span class='ocrx_word' id='word_1_463' title='bbox 1234 3998 1362 4037; x_wconf 88' lang='lat' dir='ltr'><strong>vero</strong></span> <span class='ocrx_word' id='word_1_464' title='bbox 1419 3982 1600 4035; x_wconf 83' lang='lat' dir='ltr'><strong>facere</strong></span> <span class='ocrx_word' id='word_1_465' title='bbox 1653 3980 1767 4035; x_wconf 84' lang='lat' dir='ltr'><strong>sive</strong></span> <span class='ocrx_word' id='word_1_466' title='bbox 1808 3995 1999 4036; x_wconf 87' lang='lat' dir='ltr'><strong>creare</strong></span> <span class='ocrx_word' id='word_1_467' title='bbox 2056 3992 2145 4038; x_wconf 91' lang='lat' dir='ltr'><strong>est</strong></span> 
     </span>
    </p>
   </div>
   <div class='ocr_carea' id='block_1_66' title="bbox 573 4072 2141 4143">
    <p class='ocr_par' dir='ltr' id='par_1_66' title="bbox 573 4072 2141 4143">
     <span class='ocr_line' id='line_1_66' title="bbox 573 4072 2141 4143; baseline 0.001 -17"><span class='ocrx_word' id='word_1_468' title='bbox 573 4073 923 4141; x_wconf 87' lang='lat' dir='ltr'><strong>operatiouis,</strong></span> <span class='ocrx_word' id='word_1_469' title='bbox 980 4090 1243 4143; x_wconf 87' lang='lat' dir='ltr'><strong>generare</strong></span> <span class='ocrx_word' id='word_1_470' title='bbox 1272 4090 1399 4129; x_wconf 86' lang='lat' dir='ltr'><strong>vero</strong></span> <span class='ocrx_word' id='word_1_471' title='bbox 1427 4081 1654 4127; x_wconf 59' lang='lat' dir='ltr'><strong>natura.</strong></span> <span class='ocrx_word' id='word_1_472' title='bbox 1687 4072 1892 4126; x_wconf 86' lang='lat' dir='ltr'><strong>Natura</strong></span> <span class='ocrx_word' id='word_1_473' title='bbox 1963 4083 2141 4128; x_wconf 91' lang='lat' dir='ltr'><strong>autem</strong></span> 
     </span>
    </p>
   </div>
   <div class='ocr_carea' id='block_1_67' title="bbox 573 4163 2145 4234">
    <p class='ocr_par' dir='ltr' id='par_1_67' title="bbox 573 4163 2145 4234">
     <span class='ocr_line' id='line_1_67' title="bbox 573 4163 2145 4234; baseline 0.003 -18"><span class='ocrx_word' id='word_1_474' title='bbox 573 4173 631 4217; x_wconf 88' lang='lat' dir='ltr'><strong>et</strong></span> <span class='ocrx_word' id='word_1_475' title='bbox 657 4166 895 4234; x_wconf 91' lang='lat' dir='ltr'><strong>operatio</strong></span> <span class='ocrx_word' id='word_1_476' title='bbox 915 4181 1020 4220; x_wconf 92' lang='lat' dir='ltr'><strong>non</strong></span> <span class='ocrx_word' id='word_1_477' title='bbox 1043 4176 1166 4222; x_wconf 88' lang='lat' dir='ltr'><strong>sunt</strong></span> <span class='ocrx_word' id='word_1_478' title='bbox 1195 4166 1335 4222; x_wconf 90' lang='lat' dir='ltr'><strong>idem</strong></span> <span class='ocrx_word' id='word_1_479' title='bbox 1362 4180 1378 4218; x_wconf 88' lang='lat'><strong>:</strong></span> <span class='ocrx_word' id='word_1_480' title='bbox 1404 4177 1666 4234; x_wconf 86' lang='lat' dir='ltr'><strong>generare</strong></span> <span class='ocrx_word' id='word_1_481' title='bbox 1689 4163 1854 4234; x_wconf 82' lang='lat' dir='ltr'><strong>igitur</strong></span> <span class='ocrx_word' id='word_1_482' title='bbox 1872 4173 1927 4219; x_wconf 93' lang='lat' dir='ltr'><strong>et</strong></span> <span class='ocrx_word' id='word_1_483' title='bbox 1957 4178 2145 4221; x_wconf 88' lang='lat' dir='ltr'><strong>creare</strong></span> 
     </span>
    </p>
   </div>
   <div class='ocr_carea' id='block_1_68' title="bbox 575 4257 1027 4313">
    <p class='ocr_par' dir='ltr' id='par_1_68' title="bbox 575 4257 1027 4313">
     <span class='ocr_line' id='line_1_68' title="bbox 575 4257 1027 4313; baseline 0.002 -4"><span class='ocrx_word' id='word_1_484' title='bbox 575 4269 679 4309; x_wconf 92' lang='lat' dir='ltr'><strong>nou</strong></span> <span class='ocrx_word' id='word_1_485' title='bbox 708 4262 832 4311; x_wconf 77' lang='lat' dir='ltr'><strong>&#39;suut</strong></span> <span class='ocrx_word' id='word_1_486' title='bbox 864 4257 1027 4313; x_wconf 89' lang='lat' dir='ltr'><strong>idem.</strong></span> 
     </span>
    </p>
   </div>
   <div class='ocr_carea' id='block_1_69' title="bbox 1236 4366 1467 4423">
    <p class='ocr_par' dir='ltr' id='par_1_69' title="bbox 1236 4366 1467 4423">
     <span class='ocr_line' id='line_1_69' title="bbox 1236 4366 1467 4423; baseline 0 -1"><span class='ocrx_word' id='word_1_487' title='bbox 1236 4366 1467 4423; x_wconf 84' lang='lat' dir='ltr'><strong>ALIUD.</strong></span> 
     </span>
    </p>
   </div>
   <div class='ocr_carea' id='block_1_70' title="bbox 2248 3205 3834 3276">
    <p class='ocr_par' dir='ltr' id='par_1_70' title="bbox 2248 3205 3834 3276">
     <span class='ocr_line' id='line_1_70' title="bbox 2248 3205 3834 3276; baseline -0.011 -2"><span class='ocrx_word' id='word_1_488' title='bbox 2248 3239 2347 3274; x_wconf 88' lang='grc' dir='ltr'>τοι·</span> <span class='ocrx_word' id='word_1_489' title='bbox 2371 3222 2418 3272; x_wconf 83' lang='grc' dir='ltr'><strong>εί</strong></span> <span class='ocrx_word' id='word_1_490' title='bbox 2451 3220 2507 3272; x_wconf 83' lang='grc' dir='ltr'>δὲ</span> <span class='ocrx_word' id='word_1_491' title='bbox 2531 3219 2591 3271; x_wconf 85' lang='grc' dir='ltr'><strong>τὸ</strong></span> <span class='ocrx_word' id='word_1_492' title='bbox 2624 3214 2829 3270; x_wconf 77' lang='grc' dir='ltr'>ἁπλοῦν</span> <span class='ocrx_word' id='word_1_493' title='bbox 2872 3211 3037 3267; x_wconf 81' lang='grc' dir='ltr'>αὐτοῦ</span> <span class='ocrx_word' id='word_1_494' title='bbox 3080 3212 3173 3263; x_wconf 72' lang='grc' dir='ltr'><strong>καὶ</strong></span> <span class='ocrx_word' id='word_1_495' title='bbox 3211 3209 3503 3262; x_wconf 81' lang='grc' dir='ltr'>ἀσύνθετον</span> <span class='ocrx_word' id='word_1_496' title='bbox 3556 3207 3661 3276; x_wconf 82' lang='grc' dir='ltr'>τὴν</span> <span class='ocrx_word' id='word_1_497' title='bbox 3699 3205 3834 3274; x_wconf 74' lang='grc' dir='ltr'>παρ’</span> 
     </span>
    </p>
   </div>
   <div class='ocr_carea' id='block_1_71' title="bbox 2250 3298 3833 3381">
    <p class='ocr_par' dir='ltr' id='par_1_71' title="bbox 2250 3298 3833 3381">
     <span class='ocr_line' id='line_1_71' title="bbox 2250 3298 3833 3381; baseline -0.01 -17"><span class='ocrx_word' id='word_1_498' title='bbox 2250 3313 2379 3381; x_wconf 83' lang='grc' dir='ltr'>ἡμῖν</span> <span class='ocrx_word' id='word_1_499' title='bbox 2400 3308 2661 3379; x_wconf 71' lang='grc' dir='ltr'>διαφορὰν</span> <span class='ocrx_word' id='word_1_500' title='bbox 2683 3308 2784 3360; x_wconf 82' lang='grc' dir='ltr'><strong>οὑκ</strong></span> <span class='ocrx_word' id='word_1_501' title='bbox 2818 3306 3038 3359; x_wconf 81' lang='grc' dir='ltr'>ἀλλοίαν</span> <span class='ocrx_word' id='word_1_502' title='bbox 3071 3298 3209 3355; x_wconf 72' lang='grc' dir='ltr'>εἶναι</span> <span class='ocrx_word' id='word_1_503' title='bbox 3248 3303 3380 3371; x_wconf 84' lang='grc' dir='ltr'>παρ’</span> <span class='ocrx_word' id='word_1_504' title='bbox 3415 3298 3565 3367; x_wconf 84' lang='grc' dir='ltr'>αύτῷ</span> <span class='ocrx_word' id='word_1_505' title='bbox 3613 3298 3833 3364; x_wconf 76' lang='grc' dir='ltr'><strong>ἐξεὸιάο</strong></span> 
     </span>
    </p>
   </div>
   <div class='ocr_carea' id='block_1_72' title="bbox 2250 3391 3831 3470">
    <p class='ocr_par' dir='ltr' id='par_1_72' title="bbox 2250 3391 3831 3470">
     <span class='ocr_line' id='line_1_72' title="bbox 2250 3391 3831 3470; baseline -0.008 -14"><span class='ocrx_word' id='word_1_506' title='bbox 2250 3420 2399 3467; x_wconf 82' lang='grc' dir='ltr'>σατο,</span> <span class='ocrx_word' id='word_1_507' title='bbox 2417 3402 2536 3455; x_wconf 77' lang='grc' dir='ltr'>οὐδὲ</span> <span class='ocrx_word' id='word_1_508' title='bbox 2562 3401 2624 3454; x_wconf 80' lang='grc' dir='ltr'><strong>τὸ</strong></span> <span class='ocrx_word' id='word_1_509' title='bbox 2646 3400 2842 3470; x_wconf 81' lang='grc' dir='ltr'>γεννᾷν</span> <span class='ocrx_word' id='word_1_510' title='bbox 2866 3397 3028 3452; x_wconf 80' lang='grc' dir='ltr'>αὑτὸν</span> <span class='ocrx_word' id='word_1_511' title='bbox 3048 3395 3240 3459; x_wconf 77' lang='grc' dir='ltr'>ἄλλως,</span> <span class='ocrx_word' id='word_1_512' title='bbox 3260 3396 3353 3447; x_wconf 70' lang='grc' dir='ltr'><strong>καὶ</strong></span> <span class='ocrx_word' id='word_1_513' title='bbox 3374 3392 3579 3457; x_wconf 78' lang='grc' dir='ltr'>κτίζειν</span> <span class='ocrx_word' id='word_1_514' title='bbox 3603 3391 3831 3461; x_wconf 80' lang='grc' dir='ltr'>ἑτέρως,</span> 
     </span>
    </p>
   </div>
   <div class='ocr_carea' id='block_1_73' title="bbox 2251 3480 3473 3564">
    <p class='ocr_par' dir='ltr' id='par_1_73' title="bbox 2251 3480 3473 3564">
     <span class='ocr_line' id='line_1_73' title="bbox 2251 3480 3473 3564; baseline -0.009 -18"><span class='ocrx_word' id='word_1_515' title='bbox 2251 3492 2504 3564; x_wconf 78' lang='grc' dir='ltr'>στέρησιν</span> <span class='ocrx_word' id='word_1_516' title='bbox 2534 3490 2678 3561; x_wconf 70' lang='grc' dir='ltr'>αὐτῷ</span> <span class='ocrx_word' id='word_1_517' title='bbox 2710 3488 2805 3543; x_wconf 81' lang='grc' dir='ltr'>τοῦ</span> <span class='ocrx_word' id='word_1_518' title='bbox 2837 3485 3129 3541; x_wconf 74' lang='grc' dir='ltr'>ἀσύνθετον</span> <span class='ocrx_word' id='word_1_519' title='bbox 3160 3480 3473 3553; x_wconf 74' lang='grc' dir='ltr'>ἐργάζεται.</span> 
     </span>
    </p>
   </div>
   <div class='ocr_carea' id='block_1_74' title="bbox 2940 3684 3144 3739">
    <p class='ocr_par' dir='ltr' id='par_1_74' title="bbox 2940 3684 3144 3739">
     <span class='ocr_line' id='line_1_74' title="bbox 2940 3684 3144 3739; baseline 0.005 -1"><span class='ocrx_word' id='word_1_520' title='bbox 2940 3684 3144 3739; x_wconf 84' lang='grc' dir='ltr'><strong>ΑᾹΛΟ.</strong></span> 
     </span>
    </p>
   </div>
   <div class='ocr_carea' id='block_1_75' title="bbox 2323 3787 3827 3873">
    <p class='ocr_par' dir='ltr' id='par_1_75' title="bbox 2323 3787 3827 3873">
     <span class='ocr_line' id='line_1_75' title="bbox 2323 3787 3827 3873; baseline -0.012 -15"><span class='ocrx_word' id='word_1_521' title='bbox 2323 3804 2385 3857; x_wconf 75' lang='lat' dir='ltr'><strong>El</strong></span> <span class='ocrx_word' id='word_1_522' title='bbox 2408 3803 2484 3873; x_wconf 80' lang='grc' dir='ltr'>τῷ</span> <span class='ocrx_word' id='word_1_523' title='bbox 2502 3801 2696 3871; x_wconf 80' lang='grc' dir='ltr'>γεννᾷν</span> <span class='ocrx_word' id='word_1_524' title='bbox 2723 3798 2917 3852; x_wconf 79' lang='grc' dir='ltr'>ταύτόν</span> <span class='ocrx_word' id='word_1_525' title='bbox 2951 3798 3066 3850; x_wconf 69' lang='grc' dir='ltr'>ἐστι</span> <span class='ocrx_word' id='word_1_526' title='bbox 3093 3796 3151 3847; x_wconf 84' lang='grc' dir='ltr'><strong>τὸ</strong></span> <span class='ocrx_word' id='word_1_527' title='bbox 3177 3795 3367 3854; x_wconf 87' lang='grc' dir='ltr'>ποιεῖν,</span> <span class='ocrx_word' id='word_1_528' title='bbox 3392 3794 3419 3845; x_wconf 98' lang='lat'><strong>6</strong></span> <span class='ocrx_word' id='word_1_529' title='bbox 3442 3790 3649 3859; x_wconf 79' lang='grc' dir='ltr'>γεννῶν</span> <span class='ocrx_word' id='word_1_530' title='bbox 3679 3787 3827 3841; x_wconf 79' lang='grc' dir='ltr'>ἔσται</span> 
     </span>
    </p>
   </div>
   <div class='ocr_carea' id='block_1_76' title="bbox 2253 3882 3823 3961">
    <p class='ocr_par' dir='ltr' id='par_1_76' title="bbox 2253 3882 3823 3961">
     <span class='ocr_line' id='line_1_76' title="bbox 2253 3882 3823 3961; baseline -0.01 -13"><span class='ocrx_word' id='word_1_531' title='bbox 2253 3894 2421 3949; x_wconf 87' lang='grc' dir='ltr'>ποιῶν</span> <span class='ocrx_word' id='word_1_532' title='bbox 2467 3894 2527 3947; x_wconf 79' lang='grc' dir='ltr'><strong>τὸ</strong></span> <span class='ocrx_word' id='word_1_533' title='bbox 2576 3891 2938 3961; x_wconf 78' lang='grc' dir='ltr'>γεννώμενον,</span> <span class='ocrx_word' id='word_1_534' title='bbox 2988 3887 3084 3940; x_wconf 73' lang='grc' dir='ltr'>καὶ</span> <span class='ocrx_word' id='word_1_535' title='bbox 3126 3884 3329 3953; x_wconf 83' lang='grc' dir='ltr'>γεννῶν</span> <span class='ocrx_word' id='word_1_536' title='bbox 3370 3884 3429 3936; x_wconf 81' lang='grc' dir='ltr'><strong>τὸ</strong></span> <span class='ocrx_word' id='word_1_537' title='bbox 3482 3882 3823 3951; x_wconf 81' lang='grc' dir='ltr'>ποιούμενον.</span> 
     </span>
    </p>
   </div>
   <div class='ocr_carea' id='block_1_77' title="bbox 2266 3974 3823 4050">
    <p class='ocr_par' dir='ltr' id='par_1_77' title="bbox 2266 3974 3823 4050">
     <span class='ocr_line' id='line_1_77' title="bbox 2266 3974 3823 4050; baseline -0.01 -10"><span class='ocrx_word' id='word_1_538' title='bbox 2266 3986 2423 4040; x_wconf 80' lang='grc' dir='ltr'><strong>Ἀλλὰ</strong></span> <span class='ocrx_word' id='word_1_539' title='bbox 2454 3987 2515 4038; x_wconf 83' lang='grc' dir='ltr'><strong>τὸ</strong></span> <span class='ocrx_word' id='word_1_540' title='bbox 2540 3985 2639 4050; x_wconf 81' lang='grc' dir='ltr'>μὲν</span> <span class='ocrx_word' id='word_1_541' title='bbox 2665 3986 2860 4045; x_wconf 87' lang='grc' dir='ltr'>ποιεῖν,</span> <span class='ocrx_word' id='word_1_542' title='bbox 2895 3978 3176 4050; x_wconf 74' lang='grc' dir='ltr'>ἐνεργείας</span> <span class='ocrx_word' id='word_1_543' title='bbox 3229 3978 3366 4042; x_wconf 77' lang='grc' dir='ltr'>ἐστὶ,</span> <span class='ocrx_word' id='word_1_544' title='bbox 3421 3976 3638 4045; x_wconf 82' lang='grc' dir='ltr'>φύσεως</span> <span class='ocrx_word' id='word_1_545' title='bbox 3688 3974 3743 4025; x_wconf 76' lang='grc' dir='ltr'>δὲ</span> <span class='ocrx_word' id='word_1_546' title='bbox 3768 3974 3823 4025; x_wconf 81' lang='grc' dir='ltr'><strong>τὸ</strong></span> 
     </span>
    </p>
   </div>
   <div class='ocr_carea' id='block_1_78' title="bbox 2252 4066 3821 4149">
    <p class='ocr_par' dir='ltr' id='par_1_78' title="bbox 2252 4066 3821 4149">
     <span class='ocr_line' id='line_1_78' title="bbox 2252 4066 3821 4149; baseline -0.01 -17"><span class='ocrx_word' id='word_1_547' title='bbox 2252 4080 2465 4149; x_wconf 81' lang='grc' dir='ltr'>γεννᾷν.</span> <span class='ocrx_word' id='word_1_548' title='bbox 2498 4076 2661 4138; x_wconf 80' lang='grc' dir='ltr'>Φύσις</span> <span class='ocrx_word' id='word_1_549' title='bbox 2686 4075 2743 4128; x_wconf 85' lang='grc' dir='ltr'><strong>δὲ</strong></span> <span class='ocrx_word' id='word_1_550' title='bbox 2786 4074 2879 4127; x_wconf 80' lang='grc' dir='ltr'><strong>καὶ</strong></span> <span class='ocrx_word' id='word_1_551' title='bbox 2943 4071 3193 4141; x_wconf 77' lang='grc' dir='ltr'>ἐνέργεια.</span> <span class='ocrx_word' id='word_1_552' title='bbox 3236 4070 3299 4122; x_wconf 82' lang='grc' dir='ltr'><strong>οὐ</strong></span> <span class='ocrx_word' id='word_1_553' title='bbox 3349 4068 3565 4121; x_wconf 81' lang='grc' dir='ltr'>ταυτόν’</span> <span class='ocrx_word' id='word_1_554' title='bbox 3598 4066 3699 4119; x_wconf 77' lang='grc' dir='ltr'><strong>οὐκ</strong></span> <span class='ocrx_word' id='word_1_555' title='bbox 3722 4066 3821 4134; x_wconf 77' lang='grc' dir='ltr'>ἄρα</span> 
     </span>
    </p>
   </div>
   <div class='ocr_carea' id='block_1_79' title="bbox 2250 4161 3293 4240">
    <p class='ocr_par' dir='ltr' id='par_1_79' title="bbox 2250 4161 3293 4240">
     <span class='ocr_line' id='line_1_79' title="bbox 2250 4161 3293 4240; baseline -0.011 -16"><span class='ocrx_word' id='word_1_556' title='bbox 2250 4170 2327 4224; x_wconf 89' lang='grc' dir='ltr'><strong>τῶ</strong></span> <span class='ocrx_word' id='word_1_557' title='bbox 2359 4171 2549 4240; x_wconf 73' lang='grc' dir='ltr'>γεννᾷν</span> <span class='ocrx_word' id='word_1_558' title='bbox 2593 4167 2652 4220; x_wconf 81' lang='grc' dir='ltr'><strong>τὸ</strong></span> <span class='ocrx_word' id='word_1_559' title='bbox 2691 4167 2865 4219; x_wconf 87' lang='grc' dir='ltr'>ποιεῖν</span> <span class='ocrx_word' id='word_1_560' title='bbox 2896 4163 3089 4217; x_wconf 84' lang='grc' dir='ltr'>ταυτὸν</span> <span class='ocrx_word' id='word_1_561' title='bbox 3119 4161 3293 4214; x_wconf 74' lang='grc' dir='ltr'>ἔσται.</span> 
     </span>
    </p>
   </div>
   <div class='ocr_carea' id='block_1_80' title="bbox 2941 4366 3145 4420">
    <p class='ocr_par' dir='ltr' id='par_1_80' title="bbox 2941 4366 3145 4420">
     <span class='ocr_line' id='line_1_80' title="bbox 2941 4366 3145 4420; baseline 0.005 -1"><span class='ocrx_word' id='word_1_562' title='bbox 2941 4366 3145 4420; x_wconf 81' lang='grc' dir='ltr'><strong>ΑΛΛΟ.</strong></span> 
     </span>
    </p>
   </div>
   <div class='ocr_carea' id='block_1_81' title="bbox 644 4473 2137 4551">
    <p class='ocr_par' dir='ltr' id='par_1_81' title="bbox 644 4477 2137 4549">
     <span class='ocr_line' id='line_1_81' title="bbox 644 4477 2137 4549; baseline 0.001 -16"><span class='ocrx_word' id='word_1_563' title='bbox 644 4478 700 4533; x_wconf 91' lang='lat' dir='ltr'><strong>Si</strong></span> <span class='ocrx_word' id='word_1_564' title='bbox 750 4479 841 4549; x_wconf 87' lang='lat' dir='ltr'><strong>qui</strong></span> <span class='ocrx_word' id='word_1_565' title='bbox 864 4479 1066 4549; x_wconf 92' lang='lat' dir='ltr'><strong>aliquid</strong></span> <span class='ocrx_word' id='word_1_566' title='bbox 1102 4478 1235 4532; x_wconf 83' lang='lat' dir='ltr'><strong>facit</strong></span> <span class='ocrx_word' id='word_1_567' title='bbox 1269 4477 1445 4544; x_wconf 82' lang='lat' dir='ltr'><strong>Opifex</strong></span> <span class='ocrx_word' id='word_1_568' title='bbox 1477 4489 1580 4541; x_wconf 84' lang='lat' dir='ltr'><strong>est,</strong></span> <span class='ocrx_word' id='word_1_569' title='bbox 1614 4478 1705 4546; x_wconf 89' lang='lat' dir='ltr'><strong>qui</strong></span> <span class='ocrx_word' id='word_1_570' title='bbox 1759 4494 1884 4533; x_wconf 84' lang='lat' dir='ltr'><strong>vero</strong></span> <span class='ocrx_word' id='word_1_571' title='bbox 1924 4489 2137 4549; x_wconf 85' lang='lat' dir='ltr'><strong>general</strong></span> 
     </span>
    </p>
   </div>
   <div class='ocr_carea' id='block_1_82' title="bbox 2248 4473 3815 4551">
    <p class='ocr_par' dir='ltr' id='par_1_82' title="bbox 2319 4473 3815 4551">
     <span class='ocr_line' id='line_1_82' title="bbox 2319 4473 3815 4551; baseline -0.01 -16"><span class='ocrx_word' id='word_1_572' title='bbox 2319 4484 2381 4535; x_wconf 81' lang='lat' dir='ltr'><strong>El</strong></span> <span class='ocrx_word' id='word_1_573' title='bbox 2405 4480 2480 4551; x_wconf 79' lang='grc' dir='ltr'>τῷ</span> <span class='ocrx_word' id='word_1_574' title='bbox 2508 4483 2680 4533; x_wconf 86' lang='grc' dir='ltr'>ποιεῖν</span> <span class='ocrx_word' id='word_1_575' title='bbox 2709 4478 3037 4550; x_wconf 86' lang='grc' dir='ltr'>δημιουργός</span> <span class='ocrx_word' id='word_1_576' title='bbox 3060 4477 3141 4540; x_wconf 84' lang='grc' dir='ltr'><strong>τίς</strong></span> <span class='ocrx_word' id='word_1_577' title='bbox 3162 4478 3297 4539; x_wconf 86' lang='grc' dir='ltr'>ὲστι,</span> <span class='ocrx_word' id='word_1_578' title='bbox 3322 4473 3399 4544; x_wconf 81' lang='grc' dir='ltr'>τῷ</span> <span class='ocrx_word' id='word_1_579' title='bbox 3418 4473 3475 4527; x_wconf 76' lang='grc' dir='ltr'><strong>δὲ</strong></span> <span class='ocrx_word' id='word_1_580' title='bbox 3505 4473 3695 4542; x_wconf 79' lang='grc' dir='ltr'>γεννᾷν</span> <span class='ocrx_word' id='word_1_581' title='bbox 3726 4487 3815 4521; x_wconf 79' lang='grc' dir='ltr'>πα-</span> 
     </span>
    </p>
   </div>
   <div class='ocr_carea' id='block_1_83' title="bbox 572 4566 2139 4636">
    <p class='ocr_par' dir='ltr' id='par_1_83' title="bbox 572 4566 2139 4636">
     <span class='ocr_line' id='line_1_83' title="bbox 572 4566 2139 4636; baseline 0.002 -16"><span class='ocrx_word' id='word_1_582' title='bbox 572 4577 745 4636; x_wconf 89' lang='lat' dir='ltr'><strong>pater,</strong></span> <span class='ocrx_word' id='word_1_583' title='bbox 768 4578 913 4624; x_wconf 90' lang='lat' dir='ltr'><strong>certe</strong></span> <span class='ocrx_word' id='word_1_584' title='bbox 942 4584 1047 4624; x_wconf 91' lang='lat' dir='ltr'><strong>non</strong></span> <span class='ocrx_word' id='word_1_585' title='bbox 1071 4576 1197 4622; x_wconf 87' lang='lat' dir='ltr'><strong>sunt</strong></span> <span class='ocrx_word' id='word_1_586' title='bbox 1220 4567 1360 4621; x_wconf 88' lang='lat' dir='ltr'><strong>idem</strong></span> <span class='ocrx_word' id='word_1_587' title='bbox 1419 4566 1597 4623; x_wconf 82' lang='lat' dir='ltr'><strong>facere</strong></span> <span class='ocrx_word' id='word_1_588' title='bbox 1638 4578 1693 4624; x_wconf 90' lang='lat' dir='ltr'><strong>et</strong></span> <span class='ocrx_word' id='word_1_589' title='bbox 1723 4584 1917 4636; x_wconf 86' lang='lat' dir='ltr'><strong>genera</strong></span> <span class='ocrx_word' id='word_1_590' title='bbox 1935 4585 1991 4624; x_wconf 91' lang='lat' dir='ltr'><strong>re</strong></span> <span class='ocrx_word' id='word_1_591' title='bbox 2020 4589 2034 4625; x_wconf 88' lang='lat'><strong>:</strong></span> <span class='ocrx_word' id='word_1_592' title='bbox 2065 4573 2139 4623; x_wconf 92' lang='lat' dir='ltr'><strong>si-</strong></span> 
     </span>
    </p>
   </div>
   <div class='ocr_carea' id='block_1_84' title="bbox 570 4656 2143 4730">
    <p class='ocr_par' dir='ltr' id='par_1_84' title="bbox 570 4656 2143 4730">
     <span class='ocr_line' id='line_1_84' title="bbox 570 4656 2143 4730; baseline 0.003 -19"><span class='ocrx_word' id='word_1_593' title='bbox 570 4658 785 4730; x_wconf 83' lang='lat' dir='ltr'><strong>quidem</strong></span> <span class='ocrx_word' id='word_1_594' title='bbox 827 4659 971 4713; x_wconf 84' lang='lat' dir='ltr'><strong>aliud</strong></span> <span class='ocrx_word' id='word_1_595' title='bbox 1010 4656 1171 4728; x_wconf 77' lang='lat'><strong>185</strong></span> <span class='ocrx_word' id='word_1_596' title='bbox 1219 4657 1433 4726; x_wconf 92' lang='lat' dir='ltr'><strong>quidem</strong></span> <span class='ocrx_word' id='word_1_597' title='bbox 1476 4668 1559 4713; x_wconf 90' lang='lat' dir='ltr'><strong>est</strong></span> <span class='ocrx_word' id='word_1_598' title='bbox 1598 4673 1768 4729; x_wconf 87' lang='lat' dir='ltr'><strong>pater,</strong></span> <span class='ocrx_word' id='word_1_599' title='bbox 1811 4670 1865 4715; x_wconf 90' lang='lat' dir='ltr'><strong>et</strong></span> <span class='ocrx_word' id='word_1_600' title='bbox 1906 4662 2143 4715; x_wconf 87' lang='lat' dir='ltr'><strong>vicissim</strong></span> 
     </span>
    </p>
   </div>
   <div class='ocr_carea' id='block_1_85' title="bbox 571 4748 2136 4821">
    <p class='ocr_par' dir='ltr' id='par_1_85' title="bbox 571 4748 2136 4821">
     <span class='ocr_line' id='line_1_85' title="bbox 571 4748 2136 4821; baseline 0.002 -18"><span class='ocrx_word' id='word_1_601' title='bbox 571 4750 748 4821; x_wconf 82' lang='lat' dir='ltr'><strong>opifex</strong></span> <span class='ocrx_word' id='word_1_602' title='bbox 780 4750 947 4805; x_wconf 87' lang='lat' dir='ltr'><strong>aliud.</strong></span> <span class='ocrx_word' id='word_1_603' title='bbox 971 4748 1029 4803; x_wconf 89' lang='lat' dir='ltr'><strong>Si</strong></span> <span class='ocrx_word' id='word_1_604' title='bbox 1060 4763 1188 4803; x_wconf 84' lang='lat' dir='ltr'><strong>vero</strong></span> <span class='ocrx_word' id='word_1_605' title='bbox 1211 4748 1544 4805; x_wconf 84' lang='lat' dir='ltr'><strong>facereidem</strong></span> <span class='ocrx_word' id='word_1_606' title='bbox 1578 4760 1659 4806; x_wconf 88' lang='lat' dir='ltr'><strong>est</strong></span> <span class='ocrx_word' id='word_1_607' title='bbox 1689 4752 1833 4820; x_wconf 86' lang='lat' dir='ltr'><strong>quod</strong></span> <span class='ocrx_word' id='word_1_608' title='bbox 1853 4767 2136 4820; x_wconf 80' lang='lat' dir='ltr'><strong>generare,</strong></span> 
     </span>
    </p>
   </div>
   <div class='ocr_carea' id='block_1_86' title="bbox 571 4842 2144 4911">
    <p class='ocr_par' dir='ltr' id='par_1_86' title="bbox 571 4842 2144 4911">
     <span class='ocr_line' id='line_1_86' title="bbox 571 4842 2144 4911; baseline 0.001 -15"><span class='ocrx_word' id='word_1_609' title='bbox 571 4843 745 4911; x_wconf 81' lang='lat' dir='ltr'><strong>Opifex</strong></span> <span class='ocrx_word' id='word_1_610' title='bbox 796 4842 902 4897; x_wconf 88' lang='lat' dir='ltr'><strong>erit</strong></span> <span class='ocrx_word' id='word_1_611' title='bbox 964 4849 1021 4897; x_wconf 83' lang='lat' dir='ltr'><strong>et</strong></span> <span class='ocrx_word' id='word_1_612' title='bbox 1086 4849 1260 4911; x_wconf 90' lang='lat' dir='ltr'><strong>pater.</strong></span> <span class='ocrx_word' id='word_1_613' title='bbox 1308 4842 1364 4897; x_wconf 85' lang='lat' dir='ltr'><strong>Si</strong></span> <span class='ocrx_word' id='word_1_614' title='bbox 1419 4853 1596 4899; x_wconf 88' lang='lat' dir='ltr'><strong>autem</strong></span> <span class='ocrx_word' id='word_1_615' title='bbox 1650 4846 1792 4900; x_wconf 82' lang='lat' dir='ltr'><strong>filius</strong></span> <span class='ocrx_word' id='word_1_616' title='bbox 1838 4853 1921 4899; x_wconf 92' lang='lat' dir='ltr'><strong>est</strong></span> <span class='ocrx_word' id='word_1_617' title='bbox 1970 4844 2144 4898; x_wconf 83' lang='lat' dir='ltr'><strong>factor</strong></span> 
     </span>
    </p>
   </div>
   <div class='ocr_carea' id='block_1_87' title="bbox 572 4934 2141 5003">
    <p class='ocr_par' dir='ltr' id='par_1_87' title="bbox 572 4934 2141 5003">
     <span class='ocr_line' id='line_1_87' title="bbox 572 4934 2141 5003; baseline 0.001 -15"><span class='ocrx_word' id='word_1_618' title='bbox 572 4951 674 4988; x_wconf 87' lang='lat' dir='ltr'><strong>una</strong></span> <span class='ocrx_word' id='word_1_619' title='bbox 725 4949 849 4988; x_wconf 93' lang='lat' dir='ltr'><strong>cum</strong></span> <span class='ocrx_word' id='word_1_620' title='bbox 912 4941 1086 5001; x_wconf 88' lang='lat' dir='ltr'><strong>patre,</strong></span> <span class='ocrx_word' id='word_1_621' title='bbox 1146 4934 1236 5003; x_wconf 90' lang='lat' dir='ltr'><strong>qui</strong></span> <span class='ocrx_word' id='word_1_622' title='bbox 1278 4950 1409 4991; x_wconf 89' lang='lat' dir='ltr'><strong>vero</strong></span> <span class='ocrx_word' id='word_1_623' title='bbox 1463 4936 1637 4991; x_wconf 89' lang='lat' dir='ltr'><strong>factor</strong></span> <span class='ocrx_word' id='word_1_624' title='bbox 1697 4948 1801 5001; x_wconf 89' lang='lat' dir='ltr'><strong>est,</strong></span> <span class='ocrx_word' id='word_1_625' title='bbox 1837 4945 1920 4989; x_wconf 89' lang='lat' dir='ltr'><strong>est</strong></span> <span class='ocrx_word' id='word_1_626' title='bbox 1980 4936 2141 4989; x_wconf 89' lang='lat' dir='ltr'><strong>etiam</strong></span> 
     </span>
    </p>
   </div>
   <div class='ocr_carea' id='block_1_88' title="bbox 571 5020 2141 5095">
    <p class='ocr_par' dir='ltr' id='par_1_88' title="bbox 571 5020 2141 5095">
     <span class='ocr_line' id='line_1_88' title="bbox 571 5020 2141 5095; baseline 0.004 -22"><span class='ocrx_word' id='word_1_627' title='bbox 571 5033 724 5090; x_wconf 87' lang='lat' dir='ltr'><strong>pater</strong></span> <span class='ocrx_word' id='word_1_628' title='bbox 757 5037 772 5075; x_wconf 88' lang='lat'><strong>:</strong></span> <span class='ocrx_word' id='word_1_629' title='bbox 804 5020 951 5076; x_wconf 82' lang='lat' dir='ltr'><strong>ﬁlius</strong></span> <span class='ocrx_word' id='word_1_630' title='bbox 997 5022 1158 5078; x_wconf 88' lang='lat' dir='ltr'><strong>etiam</strong></span> <span class='ocrx_word' id='word_1_631' title='bbox 1196 5023 1311 5094; x_wconf 89' lang='lat' dir='ltr'><strong>ipse</strong></span> <span class='ocrx_word' id='word_1_632' title='bbox 1351 5025 1459 5080; x_wconf 89' lang='lat' dir='ltr'><strong>erit</strong></span> <span class='ocrx_word' id='word_1_633' title='bbox 1484 5036 1657 5095; x_wconf 84' lang='lat' dir='ltr'><strong>pater,</strong></span> <span class='ocrx_word' id='word_1_634' title='bbox 1676 5027 1818 5095; x_wconf 88' lang='lat' dir='ltr'><strong>quod</strong></span> <span class='ocrx_word' id='word_1_635' title='bbox 1848 5026 2141 5081; x_wconf 89' lang='lat' dir='ltr'><strong>absurdum</strong></span> 
     </span>
    </p>
   </div>
   <div class='ocr_carea' id='block_1_89' title="bbox 571 5122 678 5167">
    <p class='ocr_par' dir='ltr' id='par_1_89' title="bbox 571 5122 678 5167">
     <span class='ocr_line' id='line_1_89' title="bbox 571 5122 678 5167; baseline -0.019 0"><span class='ocrx_word' id='word_1_636' title='bbox 571 5122 678 5167; x_wconf 78' lang='grc' dir='ltr'>εει.</span> 
     </span>
    </p>
   </div>
   <div class='ocr_carea' id='block_1_90' title="bbox 1242 5223 1474 5282">
    <p class='ocr_par' dir='ltr' id='par_1_90' title="bbox 1242 5223 1474 5282">
     <span class='ocr_line' id='line_1_90' title="bbox 1242 5223 1474 5282; baseline 0.013 -3"><span class='ocrx_word' id='word_1_637' title='bbox 1242 5223 1474 5282; x_wconf 81' lang='lat' dir='ltr'><strong>ALIUD.</strong></span> 
     </span>
    </p>
   </div>
   <div class='ocr_carea' id='block_1_91' title="bbox 642 5355 2143 5435">
    <p class='ocr_par' dir='ltr' id='par_1_91' title="bbox 642 5355 2143 5435">
     <span class='ocr_line' id='line_1_91' title="bbox 642 5355 2143 5435; baseline 0.006 -23"><span class='ocrx_word' id='word_1_638' title='bbox 642 5355 700 5412; x_wconf 89' lang='lat' dir='ltr'><strong>Si</strong></span> <span class='ocrx_word' id='word_1_639' title='bbox 728 5357 870 5414; x_wconf 90' lang='lat' dir='ltr'><strong>idem</strong></span> <span class='ocrx_word' id='word_1_640' title='bbox 901 5368 1027 5414; x_wconf 90' lang='lat' dir='ltr'><strong>sunt</strong></span> <span class='ocrx_word' id='word_1_641' title='bbox 1049 5367 1204 5430; x_wconf 90' lang='lat' dir='ltr'><strong>pater</strong></span> <span class='ocrx_word' id='word_1_642' title='bbox 1224 5370 1278 5414; x_wconf 89' lang='lat' dir='ltr'><strong>et</strong></span> <span class='ocrx_word' id='word_1_643' title='bbox 1309 5370 1543 5424; x_wconf 90' lang='lat' dir='ltr'><strong>creator,</strong></span> <span class='ocrx_word' id='word_1_644' title='bbox 1579 5360 1844 5431; x_wconf 91' lang='lat' dir='ltr'><strong>siquidem</strong></span> <span class='ocrx_word' id='word_1_645' title='bbox 1881 5380 2143 5435; x_wconf 87' lang='lat' dir='ltr'><strong>generare</strong></span> 
     </span>
    </p>
   </div>
   <div class='ocr_carea' id='block_1_92' title="bbox 572 5447 2140 5522">
    <p class='ocr_par' dir='ltr' id='par_1_92' title="bbox 572 5447 2140 5522">
     <span class='ocr_line' id='line_1_92' title="bbox 572 5447 2140 5522; baseline 0.006 -23"><span class='ocrx_word' id='word_1_646' title='bbox 572 5456 625 5500; x_wconf 88' lang='lat' dir='ltr'><strong>et</strong></span> <span class='ocrx_word' id='word_1_647' title='bbox 646 5447 825 5504; x_wconf 90' lang='lat' dir='ltr'><strong>facere</strong></span> <span class='ocrx_word' id='word_1_648' title='bbox 852 5448 995 5503; x_wconf 90' lang='lat' dir='ltr'><strong>idem</strong></span> <span class='ocrx_word' id='word_1_649' title='bbox 1015 5456 1161 5515; x_wconf 83' lang='lat' dir='ltr'><strong>sunt,</strong></span> <span class='ocrx_word' id='word_1_650' title='bbox 1184 5458 1239 5503; x_wconf 92' lang='lat' dir='ltr'><strong>et</strong></span> <span class='ocrx_word' id='word_1_651' title='bbox 1264 5460 1476 5506; x_wconf 81' lang='lat' dir='ltr'><strong>creator</strong></span> <span class='ocrx_word' id='word_1_652' title='bbox 1504 5463 1589 5506; x_wconf 89' lang='lat' dir='ltr'><strong>est</strong></span> <span class='ocrx_word' id='word_1_653' title='bbox 1627 5468 1824 5508; x_wconf 89' lang='lat' dir='ltr'><strong>nomen</strong></span> <span class='ocrx_word' id='word_1_654' title='bbox 1872 5456 2140 5522; x_wconf 87' lang='lat' dir='ltr'><strong>operatio-</strong></span> 
     </span>
    </p>
   </div>
   <div class='ocr_carea' id='block_1_93' title="bbox 572 5536 2142 5609">
    <p class='ocr_par' dir='ltr' id='par_1_93' title="bbox 572 5536 2142 5609">
     <span class='ocr_line' id='line_1_93' title="bbox 572 5536 2142 5609; baseline 0.006 -20"><span class='ocrx_word' id='word_1_655' title='bbox 572 5536 656 5591; x_wconf 88' lang='lat' dir='ltr'><strong>nis</strong></span> <span class='ocrx_word' id='word_1_656' title='bbox 684 5553 697 5589; x_wconf 88' lang='lat'><strong>:</strong></span> <span class='ocrx_word' id='word_1_657' title='bbox 734 5548 891 5607; x_wconf 82' lang='lat' dir='ltr'><strong>pater</strong></span> <span class='ocrx_word' id='word_1_658' title='bbox 914 5551 1131 5606; x_wconf 89' lang='lat' dir='ltr'><strong>quoque</strong></span> <span class='ocrx_word' id='word_1_659' title='bbox 1153 5540 1345 5593; x_wconf 90' lang='lat' dir='ltr'><strong>merito</strong></span> <span class='ocrx_word' id='word_1_660' title='bbox 1363 5542 1721 5609; x_wconf 86' lang='lat' dir='ltr'><strong>operationis,</strong></span> <span class='ocrx_word' id='word_1_661' title='bbox 1772 5558 1877 5596; x_wconf 92' lang='lat' dir='ltr'><strong>non</strong></span> <span class='ocrx_word' id='word_1_662' title='bbox 1929 5544 2142 5598; x_wconf 89' lang='lat' dir='ltr'><strong>relatio-</strong></span> 
     </span>
    </p>
   </div>
   <div class='ocr_carea' id='block_1_94' title="bbox 573 5627 2142 5702">
    <p class='ocr_par' dir='ltr' id='par_1_94' title="bbox 573 5627 2142 5702">
     <span class='ocr_line' id='line_1_94' title="bbox 573 5627 2142 5702; baseline 0.006 -22"><span class='ocrx_word' id='word_1_663' title='bbox 573 5627 657 5682; x_wconf 86' lang='lat' dir='ltr'><strong>nis</strong></span> <span class='ocrx_word' id='word_1_664' title='bbox 684 5642 880 5685; x_wconf 91' lang='lat' dir='ltr'><strong>nomen</strong></span> <span class='ocrx_word' id='word_1_665' title='bbox 913 5627 1096 5684; x_wconf 91' lang='lat' dir='ltr'><strong>fuerit.</strong></span> <span class='ocrx_word' id='word_1_666' title='bbox 1132 5627 1186 5683; x_wconf 90' lang='lat' dir='ltr'><strong>Si</strong></span> <span class='ocrx_word' id='word_1_667' title='bbox 1223 5645 1349 5685; x_wconf 88' lang='lat' dir='ltr'><strong>vero</strong></span> <span class='ocrx_word' id='word_1_668' title='bbox 1375 5641 1428 5687; x_wconf 91' lang='lat' dir='ltr'><strong>et</strong></span> <span class='ocrx_word' id='word_1_669' title='bbox 1481 5632 1581 5686; x_wconf 91' lang='lat' dir='ltr'><strong>hoc</strong></span> <span class='ocrx_word' id='word_1_670' title='bbox 1614 5642 1669 5686; x_wconf 92' lang='lat' dir='ltr'><strong>et</strong></span> <span class='ocrx_word' id='word_1_671' title='bbox 1700 5633 1827 5685; x_wconf 90' lang='lat' dir='ltr'><strong>illud</strong></span> <span class='ocrx_word' id='word_1_672' title='bbox 1874 5636 2142 5702; x_wconf 89' lang='lat' dir='ltr'><strong>operatio-</strong></span> 
     </span>
    </p>
   </div>
   <div class='ocr_carea' id='block_1_95' title="bbox 575 5718 2143 5793">
    <p class='ocr_par' dir='ltr' id='par_1_95' title="bbox 575 5718 2143 5793">
     <span class='ocr_line' id='line_1_95' title="bbox 575 5718 2143 5793; baseline 0.004 -20"><span class='ocrx_word' id='word_1_673' title='bbox 575 5718 658 5774; x_wconf 81' lang='lat' dir='ltr'><strong>nis</strong></span> <span class='ocrx_word' id='word_1_674' title='bbox 678 5735 877 5778; x_wconf 88' lang='lat' dir='ltr'><strong>nomen</strong></span> <span class='ocrx_word' id='word_1_675' title='bbox 923 5732 1049 5778; x_wconf 86' lang='lat' dir='ltr'><strong>est:</strong></span> <span class='ocrx_word' id='word_1_676' title='bbox 1092 5730 1239 5777; x_wconf 86' lang='lat' dir='ltr'><strong>certe</strong></span> <span class='ocrx_word' id='word_1_677' title='bbox 1288 5738 1393 5779; x_wconf 90' lang='lat' dir='ltr'><strong>uno</strong></span> <span class='ocrx_word' id='word_1_678' title='bbox 1436 5732 1597 5792; x_wconf 91' lang='lat' dir='ltr'><strong>atque</strong></span> <span class='ocrx_word' id='word_1_679' title='bbox 1656 5722 1848 5779; x_wconf 89' lang='lat' dir='ltr'><strong>eodem</strong></span> <span class='ocrx_word' id='word_1_680' title='bbox 1903 5732 2143 5793; x_wconf 85' lang='lat' dir='ltr'><strong>tempore</strong></span> 
     </span>
    </p>
   </div>
   <div class='ocr_carea' id='block_1_96' title="bbox 2251 4564 3818 4645">
    <p class='ocr_par' dir='ltr' id='par_1_96' title="bbox 2251 4564 3818 4645">
     <span class='ocr_line' id='line_1_96' title="bbox 2251 4564 3818 4645; baseline -0.008 -18"><span class='ocrx_word' id='word_1_681' title='bbox 2251 4579 2375 4645; x_wconf 84' lang='grc' dir='ltr'>τὴρ,</span> <span class='ocrx_word' id='word_1_682' title='bbox 2424 4573 2524 4626; x_wconf 79' lang='grc' dir='ltr'><strong>οὐκ</strong></span> <span class='ocrx_word' id='word_1_683' title='bbox 2567 4572 2633 4626; x_wconf 86' lang='grc' dir='ltr'><strong>ἂν</strong></span> <span class='ocrx_word' id='word_1_684' title='bbox 2664 4574 2746 4641; x_wconf 76' lang='grc' dir='ltr'>εἴη</span> <span class='ocrx_word' id='word_1_685' title='bbox 2778 4570 2972 4624; x_wconf 83' lang='grc' dir='ltr'>ταυτὸν</span> <span class='ocrx_word' id='word_1_686' title='bbox 3000 4569 3058 4621; x_wconf 82' lang='grc' dir='ltr'><strong>τὸ</strong></span> <span class='ocrx_word' id='word_1_687' title='bbox 3086 4571 3259 4621; x_wconf 87' lang='grc' dir='ltr'>ποιεῖν</span> <span class='ocrx_word' id='word_1_688' title='bbox 3308 4567 3385 4637; x_wconf 85' lang='grc' dir='ltr'>τῷ</span> <span class='ocrx_word' id='word_1_689' title='bbox 3419 4566 3637 4635; x_wconf 80' lang='grc' dir='ltr'>γεννᾷν,</span> <span class='ocrx_word' id='word_1_690' title='bbox 3671 4564 3818 4629; x_wconf 77' lang='grc' dir='ltr'>εἰπερ</span> 
     </span>
    </p>
   </div>
   <div class='ocr_carea' id='block_1_97' title="bbox 2250 4657 3815 4735">
    <p class='ocr_par' dir='ltr' id='par_1_97' title="bbox 2250 4657 3815 4735">
     <span class='ocr_line' id='line_1_97' title="bbox 2250 4657 3815 4735; baseline -0.007 -18"><span class='ocrx_word' id='word_1_691' title='bbox 2250 4666 2433 4735; x_wconf 74' lang='grc' dir='ltr'>ἕτερον</span> <span class='ocrx_word' id='word_1_692' title='bbox 2461 4665 2558 4734; x_wconf 80' lang='grc' dir='ltr'><strong>μὲν</strong></span> <span class='ocrx_word' id='word_1_693' title='bbox 2590 4664 2703 4715; x_wconf 77' lang='grc' dir='ltr'>ἐστι</span> <span class='ocrx_word' id='word_1_694' title='bbox 2733 4662 2935 4732; x_wconf 82' lang='grc' dir='ltr'>πατὴρ,</span> <span class='ocrx_word' id='word_1_695' title='bbox 2959 4659 3285 4729; x_wconf 76' lang='grc' dir='ltr'>δημιουργὸς</span> <span class='ocrx_word' id='word_1_696' title='bbox 3312 4659 3367 4710; x_wconf 81' lang='grc' dir='ltr'><strong>δὲ</strong></span> <span class='ocrx_word' id='word_1_697' title='bbox 3395 4658 3597 4726; x_wconf 84' lang='grc' dir='ltr'>ὁμοίως</span> <span class='ocrx_word' id='word_1_698' title='bbox 3621 4657 3815 4724; x_wconf 73' lang='grc' dir='ltr'>ἕτερον.</span> 
     </span>
    </p>
   </div>
   <div class='ocr_carea' id='block_1_98' title="bbox 2252 4746 3816 4824">
    <p class='ocr_par' dir='ltr' id='par_1_98' title="bbox 2252 4746 3816 4824">
     <span class='ocr_line' id='line_1_98' title="bbox 2252 4746 3816 4824; baseline -0.008 -17"><span class='ocrx_word' id='word_1_699' title='bbox 2252 4757 2312 4808; x_wconf 78' lang='grc' dir='ltr'><strong>Εἰ</strong></span> <span class='ocrx_word' id='word_1_700' title='bbox 2344 4756 2398 4807; x_wconf 79' lang='grc' dir='ltr'><strong>δὲ</strong></span> <span class='ocrx_word' id='word_1_701' title='bbox 2418 4754 2497 4824; x_wconf 76' lang='grc' dir='ltr'>τῷ</span> <span class='ocrx_word' id='word_1_702' title='bbox 2520 4756 2689 4806; x_wconf 88' lang='grc' dir='ltr'>ποιεῖν</span> <span class='ocrx_word' id='word_1_703' title='bbox 2727 4752 2922 4805; x_wconf 87' lang='grc' dir='ltr'>ταυτόν</span> <span class='ocrx_word' id='word_1_704' title='bbox 2952 4753 3066 4803; x_wconf 78' lang='grc' dir='ltr'>ἐστι</span> <span class='ocrx_word' id='word_1_705' title='bbox 3102 4750 3162 4802; x_wconf 78' lang='grc' dir='ltr'>τὸ</span> <span class='ocrx_word' id='word_1_706' title='bbox 3184 4750 3399 4818; x_wconf 85' lang='grc' dir='ltr'>γεννᾷν,</span> <span class='ocrx_word' id='word_1_707' title='bbox 3424 4751 3454 4800; x_wconf 91' lang='lat'><strong>6</strong></span> <span class='ocrx_word' id='word_1_708' title='bbox 3481 4746 3653 4799; x_wconf 88' lang='grc' dir='ltr'>ποιῶν</span> <span class='ocrx_word' id='word_1_709' title='bbox 3678 4746 3816 4797; x_wconf 80' lang='grc' dir='ltr'>ἔσται</span> 
     </span>
    </p>
   </div>
   <div class='ocr_carea' id='block_1_99' title="bbox 2251 4836 3818 4917">
    <p class='ocr_par' dir='ltr' id='par_1_99' title="bbox 2251 4836 3818 4917">
     <span class='ocr_line' id='line_1_99' title="bbox 2251 4836 3818 4917; baseline -0.01 -16"><span class='ocrx_word' id='word_1_710' title='bbox 2251 4848 2344 4902; x_wconf 74' lang='grc' dir='ltr'>καὶ</span> <span class='ocrx_word' id='word_1_711' title='bbox 2375 4850 2574 4917; x_wconf 80' lang='grc' dir='ltr'>πατήρ.</span> <span class='ocrx_word' id='word_1_712' title='bbox 2606 4848 2666 4898; x_wconf 76' lang='grc' dir='ltr'><strong>Εἰ</strong></span> <span class='ocrx_word' id='word_1_713' title='bbox 2711 4845 2768 4897; x_wconf 85' lang='grc' dir='ltr'>δὲ</span> <span class='ocrx_word' id='word_1_714' title='bbox 2821 4844 2936 4896; x_wconf 79' lang='grc' dir='ltr'>ἔστι</span> <span class='ocrx_word' id='word_1_715' title='bbox 2969 4842 3195 4912; x_wconf 87' lang='grc' dir='ltr'>ποιητὴς</span> <span class='ocrx_word' id='word_1_716' title='bbox 3234 4842 3262 4893; x_wconf 93' lang='lat'><strong>6</strong></span> <span class='ocrx_word' id='word_1_717' title='bbox 3294 4839 3409 4901; x_wconf 78' lang='grc' dir='ltr'>υἱὸς</span> <span class='ocrx_word' id='word_1_718' title='bbox 3456 4838 3576 4906; x_wconf 77' lang='grc' dir='ltr'><strong>ἅμα</strong></span> <span class='ocrx_word' id='word_1_719' title='bbox 3607 4836 3686 4906; x_wconf 77' lang='grc' dir='ltr'>τῷ</span> <span class='ocrx_word' id='word_1_720' title='bbox 3721 4853 3818 4886; x_wconf 79' lang='grc' dir='ltr'>πα-</span> 
     </span>
    </p>
   </div>
   <div class='ocr_carea' id='block_1_100' title="bbox 2250 4925 3817 5013">
    <p class='ocr_par' dir='ltr' id='par_1_100' title="bbox 2250 4925 3817 5013">
     <span class='ocr_line' id='line_1_100' title="bbox 2250 4925 3817 5013; baseline -0.01 -20"><span class='ocrx_word' id='word_1_721' title='bbox 2250 4942 2357 5013; x_wconf 72' lang='grc' dir='ltr'>τρὶ,</span> <span class='ocrx_word' id='word_1_722' title='bbox 2391 4943 2418 4992; x_wconf 85' lang='lat'><strong>6</strong></span> <span class='ocrx_word' id='word_1_723' title='bbox 2453 4939 2509 4991; x_wconf 84' lang='grc' dir='ltr'>δὲ</span> <span class='ocrx_word' id='word_1_724' title='bbox 2575 4938 2743 4990; x_wconf 86' lang='grc' dir='ltr'>ποιῶν</span> <span class='ocrx_word' id='word_1_725' title='bbox 2790 4932 3034 4988; x_wconf 76' lang='grc' dir='ltr'>ἐστικαὶ</span> <span class='ocrx_word' id='word_1_726' title='bbox 3089 4930 3290 5001; x_wconf 81' lang='grc' dir='ltr'>πατὴρ,</span> <span class='ocrx_word' id='word_1_727' title='bbox 3334 4929 3487 4983; x_wconf 76' lang='grc' dir='ltr'>ἔσται</span> <span class='ocrx_word' id='word_1_728' title='bbox 3518 4928 3614 4982; x_wconf 75' lang='grc' dir='ltr'>καὶ</span> <span class='ocrx_word' id='word_1_729' title='bbox 3666 4925 3817 4987; x_wconf 77' lang='grc' dir='ltr'>αὐτὸς</span> 
     </span>
    </p>
   </div>
   <div class='ocr_carea' id='block_1_101' title="bbox 2250 5029 2860 5103">
    <p class='ocr_par' dir='ltr' id='par_1_101' title="bbox 2250 5029 2860 5103">
     <span class='ocr_line' id='line_1_101' title="bbox 2250 5029 2860 5103; baseline -0.007 -18"><span class='ocrx_word' id='word_1_730' title='bbox 2250 5031 2450 5103; x_wconf 81' lang='grc' dir='ltr'>πατὴρ,</span> <span class='ocrx_word' id='word_1_731' title='bbox 2480 5031 2614 5100; x_wconf 83' lang='grc' dir='ltr'>ὅπερ</span> <span class='ocrx_word' id='word_1_732' title='bbox 2645 5029 2860 5083; x_wconf 86' lang='grc' dir='ltr'>ἄτοπον.</span> 
     </span>
    </p>
   </div>
   <div class='ocr_carea' id='block_1_102' title="bbox 2930 5222 3131 5275">
    <p class='ocr_par' dir='ltr' id='par_1_102' title="bbox 2930 5222 3131 5275">
     <span class='ocr_line' id='line_1_102' title="bbox 2930 5222 3131 5275; baseline 0.005 -1"><span class='ocrx_word' id='word_1_733' title='bbox 2930 5222 3131 5275; x_wconf 86' lang='grc' dir='ltr'><strong>ΑΛΛΟ.</strong></span> 
     </span>
    </p>
   </div>
   <div class='ocr_carea' id='block_1_103' title="bbox 2321 5353 3810 5428">
    <p class='ocr_par' dir='ltr' id='par_1_103' title="bbox 2321 5353 3810 5428">
     <span class='ocr_line' id='line_1_103' title="bbox 2321 5353 3810 5428; baseline -0.007 -12"><span class='ocrx_word' id='word_1_734' title='bbox 2321 5363 2384 5416; x_wconf 88' lang='grc' dir='ltr'><strong>Εἰ</strong></span> <span class='ocrx_word' id='word_1_735' title='bbox 2405 5360 2598 5415; x_wconf 85' lang='grc' dir='ltr'>ταυτόν</span> <span class='ocrx_word' id='word_1_736' title='bbox 2625 5360 2739 5413; x_wconf 77' lang='grc' dir='ltr'>ἐστι</span> <span class='ocrx_word' id='word_1_737' title='bbox 2774 5359 2959 5428; x_wconf 85' lang='grc' dir='ltr'>πατὴρ</span> <span class='ocrx_word' id='word_1_738' title='bbox 2983 5358 3076 5410; x_wconf 75' lang='grc' dir='ltr'><strong>καὶ</strong></span> <span class='ocrx_word' id='word_1_739' title='bbox 3104 5356 3457 5427; x_wconf 83' lang='grc' dir='ltr'>δημιουργὸς,</span> <span class='ocrx_word' id='word_1_740' title='bbox 3476 5353 3602 5407; x_wconf 71' lang='grc' dir='ltr'>ἐπεὶ</span> <span class='ocrx_word' id='word_1_741' title='bbox 3632 5356 3722 5407; x_wconf 74' lang='grc' dir='ltr'><strong>καὶ</strong></span> <span class='ocrx_word' id='word_1_742' title='bbox 3740 5354 3810 5423; x_wconf 73' lang='grc' dir='ltr'>τῷ</span> 
     </span>
    </p>
   </div>
   <div class='ocr_carea' id='block_1_104' title="bbox 2249 5447 3864 5525">
    <p class='ocr_par' dir='ltr' id='par_1_104' title="bbox 2249 5447 3864 5525">
     <span class='ocr_line' id='line_1_104' title="bbox 2249 5447 3864 5525; baseline -0.005 -18"><span class='ocrx_word' id='word_1_743' title='bbox 2249 5456 2442 5525; x_wconf 78' lang='grc' dir='ltr'>γεννᾷν</span> <span class='ocrx_word' id='word_1_744' title='bbox 2471 5454 2530 5504; x_wconf 83' lang='grc' dir='ltr'><strong>τὸ</strong></span> <span class='ocrx_word' id='word_1_745' title='bbox 2563 5453 2732 5504; x_wconf 90' lang='grc' dir='ltr'>ποιεῖν</span> <span class='ocrx_word' id='word_1_746' title='bbox 2768 5449 2962 5502; x_wconf 83' lang='grc' dir='ltr'>ταυτὸν</span> <span class='ocrx_word' id='word_1_747' title='bbox 2988 5486 3003 5511; x_wconf 94' lang='grc'><strong>,</strong></span> <span class='ocrx_word' id='word_1_748' title='bbox 3038 5447 3152 5500; x_wconf 76' lang='grc' dir='ltr'>ἐστι</span> <span class='ocrx_word' id='word_1_749' title='bbox 3186 5447 3243 5500; x_wconf 86' lang='grc' dir='ltr'><strong>δὲ</strong></span> <span class='ocrx_word' id='word_1_750' title='bbox 3287 5447 3565 5517; x_wconf 76' lang='grc' dir='ltr'>ἐνεργείας</span> <span class='ocrx_word' id='word_1_751' title='bbox 3596 5447 3758 5516; x_wconf 77' lang='grc' dir='ltr'>ὄνομα</span> <span class='ocrx_word' id='word_1_752' title='bbox 3783 5447 3810 5499; x_wconf 74' lang='grc' dir='ltr'>ὁ</span> <span class='ocrx_word' id='word_1_753' title='bbox 3860 5484 3864 5486; x_wconf 13' lang='grc' dir='ltr'><strong>ἡ</strong></span> 
     </span>
    </p>
   </div>
   <div class='ocr_carea' id='block_1_105' title="bbox 2249 5537 3804 5614">
    <p class='ocr_par' dir='ltr' id='par_1_105' title="bbox 2249 5537 3804 5614">
     <span class='ocr_line' id='line_1_105' title="bbox 2249 5537 3804 5614; baseline -0.005 -16"><span class='ocrx_word' id='word_1_754' title='bbox 2249 5541 2596 5614; x_wconf 82' lang='grc' dir='ltr'>δημιουργὸς,</span> <span class='ocrx_word' id='word_1_755' title='bbox 2632 5541 2726 5592; x_wconf 75' lang='grc' dir='ltr'><strong>καὶ</strong></span> <span class='ocrx_word' id='word_1_756' title='bbox 2752 5539 2811 5591; x_wconf 85' lang='grc' dir='ltr'><strong>τὸ</strong></span> <span class='ocrx_word' id='word_1_757' title='bbox 2841 5537 3020 5608; x_wconf 72' lang='grc' dir='ltr'>πατὴρ</span> <span class='ocrx_word' id='word_1_758' title='bbox 3045 5538 3266 5602; x_wconf 76' lang='grc' dir='ltr'>εἰκότως</span> <span class='ocrx_word' id='word_1_759' title='bbox 3296 5540 3596 5610; x_wconf 71' lang='grc' dir='ltr'>ἐνεργείας,</span> <span class='ocrx_word' id='word_1_760' title='bbox 3626 5539 3735 5592; x_wconf 82' lang='grc' dir='ltr'><strong>ἀλλ’</strong></span> <span class='ocrx_word' id='word_1_761' title='bbox 3754 5538 3804 5590; x_wconf 85' lang='grc' dir='ltr'><strong>οὐ</strong></span> 
     </span>
    </p>
   </div>
   <div class='ocr_carea' id='block_1_106' title="bbox 2253 5630 3801 5703">
    <p class='ocr_par' dir='ltr' id='par_1_106' title="bbox 2253 5630 3801 5703">
     <span class='ocr_line' id='line_1_106' title="bbox 2253 5630 3801 5703; baseline -0.004 -17"><span class='ocrx_word' id='word_1_762' title='bbox 2253 5635 2490 5703; x_wconf 74' lang='grc' dir='ltr'>σχέσεως</span> <span class='ocrx_word' id='word_1_763' title='bbox 2529 5632 2594 5685; x_wconf 87' lang='grc' dir='ltr'>ἂν</span> <span class='ocrx_word' id='word_1_764' title='bbox 2621 5630 2705 5701; x_wconf 76' lang='grc' dir='ltr'><strong>εἴη</strong></span> <span class='ocrx_word' id='word_1_765' title='bbox 2729 5648 2741 5659; x_wconf 93' lang='grc'><strong>·</strong></span> <span class='ocrx_word' id='word_1_766' title='bbox 2774 5632 2823 5681; x_wconf 81' lang='grc' dir='ltr'>εἰ</span> <span class='ocrx_word' id='word_1_767' title='bbox 2860 5630 2916 5682; x_wconf 83' lang='grc' dir='ltr'>δὲ</span> <span class='ocrx_word' id='word_1_768' title='bbox 2946 5631 3039 5683; x_wconf 73' lang='grc' dir='ltr'><strong>καὶ</strong></span> <span class='ocrx_word' id='word_1_769' title='bbox 3084 5633 3241 5684; x_wconf 79' lang='grc' dir='ltr'>τοῦτο</span> <span class='ocrx_word' id='word_1_770' title='bbox 3284 5633 3504 5685; x_wconf 80' lang='grc' dir='ltr'>κάκεῖνο</span> <span class='ocrx_word' id='word_1_771' title='bbox 3538 5631 3801 5700; x_wconf 71' lang='grc' dir='ltr'>ἐνεργείας</span> 
     </span>
    </p>
   </div>
   <div class='ocr_carea' id='block_1_107' title="bbox 2251 5720 3801 5794">
    <p class='ocr_par' dir='ltr' id='par_1_107' title="bbox 2251 5720 3801 5794">
     <span class='ocr_line' id='line_1_107' title="bbox 2251 5720 3801 5794; baseline -0.003 -17"><span class='ocrx_word' id='word_1_772' title='bbox 2251 5725 2387 5791; x_wconf 71' lang='grc' dir='ltr'>ἐστὶ,</span> <span class='ocrx_word' id='word_1_773' title='bbox 2422 5723 2561 5779; x_wconf 73' lang='grc' dir='ltr'>κατὰ</span> <span class='ocrx_word' id='word_1_774' title='bbox 2590 5724 2678 5779; x_wconf 82' lang='grc' dir='ltr'><strong>τὸν</strong></span> <span class='ocrx_word' id='word_1_775' title='bbox 2706 5720 2866 5777; x_wconf 79' lang='grc' dir='ltr'>αὑτὸν</span> <span class='ocrx_word' id='word_1_776' title='bbox 2894 5722 3083 5793; x_wconf 88' lang='grc' dir='ltr'>χρόνον</span> <span class='ocrx_word' id='word_1_777' title='bbox 3110 5723 3259 5779; x_wconf 76' lang='grc' dir='ltr'>ἔσται</span> <span class='ocrx_word' id='word_1_778' title='bbox 3289 5730 3490 5794; x_wconf 82' lang='grc' dir='ltr'>γεννῶν</span> <span class='ocrx_word' id='word_1_779' title='bbox 3524 5722 3619 5779; x_wconf 72' lang='grc' dir='ltr'>καὶ</span> <span class='ocrx_word' id='word_1_780' title='bbox 3651 5720 3801 5777; x_wconf 78' lang='grc' dir='ltr'>ποιῶν</span> 
     </span>
    </p>
   </div>
  </div>
