4072 6536
256 392 377 455 315

1650 402 2095 465 THESAURUS.

3421 412 3527 468 5M

259 512 302 564 ὁ
328 512 503 579 Sabe;
526 514 627 585 τῆς
663 514 941 586 ἱνεργείας
978 518 1071 571 καὶ
1096 517 1153 573 ὲν
1181 516 1259 588 τῷ
1303 520 1497 591 γεννᾷν
1543 521 1637 574 καὶ
1669 522 1728 577 ὲν
1768 521 1821 592 re}

1948 525 2209 581 eritDeus
2261 534 2315 582 et
2348 540 2635 596 generans,
2665 535 2720 583 et
2748 544 2971 594 creans;
3002 544 3121 583 eum
3177 530 3418 598 operatio
3471 540 3527 585 et

263 605 480 669 κτίζειν
495 606 597 661 οὐκ
621 607 797 672 ἄλλως
821 608 1071 681 ἐχούσης.

729 810 1094 896 ΛΟΓΟΣ
1167 811 1333 900 ΙΘ’.

247 961 429 1037 Πρὸς
465 963 606 1037 τοὺς
635 963 945 1037 λέγογτας,
977 966 1063 1037 ὅτι
1086 967 1120 1019 ό
1147 967 1277 1032 Υίὸς
1306 970 1417 1022 οὐκ
1444 968 1616 1023 ἐστιν
1637 971 1847 1037 ἀληθι-

342 1032 450 1109 νός
474 1035 672 1109 ⁸Λόγος
700 1032 807 1109 τοῦ
845 1035 1093 1109 Πατρός,
1123 1037 1264 1109 tum
1300 1038 1503 1109 ἕτερός
1541 1040 1674 1109 ἐστι
1709 1032 1847 1109 :iap’

344 1103 531 1154 αὑτὸν
549 1101 624 1168 τῇ
639 1104 822 1169 φύσει
852 1107 951 1157 καὶ
965 1101 1166 1170 ξένος,
1203 1105 1270 1158 τὸ
1301 1107 1368 1159 δὲ
1389 1101 1670 1162 ἐντεῦθεν
1700 1101 1849 1163 συῖθ-

343 1171 654 1245 ᾳΓόμεν-ον,
681 1172 769 1245 ὅτι
793 1175 897 1245 -καὶ
927 1175 1247 1245 όμοούσιος
1268 1175 1347 1240 τῷ
1376 1178 1579 1245 Πατρὶ,
1602 1179 1700 1231 καὶ
1735 1183 1848 1234 οὐκ

338 1239 581 1303 ἔξωθεν,
614 1241 753 1295 ἀλλ’
778 1243 846 1296 ἐκ
887 1239 998 1310 τῆς
1027 1245 1244 1311 οὐσίας
1277 1239 1451 1301 ἐστὶν
1487 1239 1702 1302 ὰύτοῦ.

525 1348 846 1417 Ἀντίθεσις
884 1352 965 1418 ὡς
1003 1353 1073 1409 ἐκ
1113 1355 1232 1409 τῶν
1260 1359 1588 1428 Εὑνομίου.

334 1460 398 1513 Ei.
422 1460 613 1529 Λόγος,
648 1463 833 1531 φησὶν,
860 1465 889 1516 6
919 1464 1048 1529 Υἱός
1076 1467 1242 1536 ἐστιν,
1286 1469 1571 1540 ὁμοούσιον
1598 1472 1654 1526 δὲ
1704 1469 1845 1526 εἷναί

1956 616 2006 667 in
2024 617 2278 682 creando,
2300 624 2355 670 et
2390 617 2440 669 in
2495 620 2803 685 generando
2827 619 3017 673 eodem
3058 622 3215 673 modo
3251 634 3370 674 sese
3425 621 3524 673 ba-
3577 628 3580 629 '

1953 704 2099 760 beat.

2281 835 2850 927 ASSERTIO
2930 838 3196 924 XIX.

1951 979 2212 1050 Adpersus
2235 980 2487 1043 dicentes,
2519 983 2660 1050 quod
2682 980 2853 1035 Filius
2880 999 2980 1035 non
3006 984 3073 1036 sit
3099 1000 3271 1038 verum
3304 984 3522 1039 Verbum

2026 1048 2207 1123 Patris
2237 1066 2254 1103 :
2294 1048 2639 1123 sedddive’rsus
2671 1052 2733 1123 ab
2783 1054 2915 1123 ipso,
2950 1064 2994 1104 et
3018 1065 3340 1123 extraneas:
3367 1067 3521 1123 atque

2025 1122 2144 1171 hinc
2173 1120 2521 1181 concluditur,
2553 1121 2691 1185 quod
2714 1122 3176 1175 consubstantiaiis
3191 1123 3256 1175 sit
3284 1120 3454 1188 Patri,
3474 1134 3522 1177 et

2026 1204 2128 1241 non
2161 1189 2504 1252 extrinsecus,
2533 1192 2620 1241 sed
2638 1205 2703 1242 ea:
2719 1190 2882 1258 ipsius
2915 1195 3161 1244 essentia.

2489 1359 2730 1430 Objectio
2788 1358 3059 1418 Eunomii.

2018 1475 2073 1530 Si
2114 1475 2313 1536 Filius,
2368 1474 2564 1542 inquit,
2615 1481 2700 1527 est
2756 1471 3015 1538 Verbum,
3066 1472 3524 1530 consubstantiale

248 1566 400 1618 φατε
421 1549 499 1621 τῷ
528 1551 723 1622 Πατρὶ,
763 1554 835 1623 μὴ
884 1554 1245 1611 διαλλαττέτω
1296 1561 1435 1614 κατά
1483 1579 1534 1615 τι
1585 1563 1719 1631 γοῦν
1769 1564 1821 1616 ὼ.

1947 1582 2075 1623 vero
2108 1568 2159 1621 id
2193 1581 2311 1621 esse
2344 1566 2521 1621 dicitis
2548 1562 2695 1616 Patri
2728 1578 2742 1614 :
2778 1563 2926 1616 nulla
2968 1563 3132 1633 igitur
3157 1564 3210 1618 in
3265 1576 3421 1633 parte
3454 1566 3523 1621 ab

245 1640 400 1710 πρὸς
434 1640 597 1694 αὐτόν
623 1657 638 1673 ο
687 1641 830 1695 οὕτω
873 1644 980 1715 γὰρ
1010 1645 1075 1698 ἂν
1098 1645 1181 1718 εῐη
1213 1649 1306 1701 καὶ
1340 1650 1645 1719 όμουύσιος.
1693 1652 1756 1705 El
1788 1652 1821 1704 δὲ

1945 1673 2009 1713 eo
2042 1656 2281 1712 diﬂ‘erat:
2319 1658 2388 1710 ita
2415 1655 2559 1710 enim
2620 1654 3097 1709 consubstantialis
3145 1652 3325 1709 fuerit.
3369 1656 3521 1722 Quod

240 1730 442 1793 τοῦτο,
474 1732 742 1786 καλείσθω
769 1735 860 1787 καὶ
892 1735 1031 1788 ἔστω
1069 1736 1240 1804 Λόγος
1269 1739 1364 1792 καὶ
1393 1740 1421 1791 6
1462 1741 1674 1812 Πατήρ.
1696 1741 1841 1793 Ἀλλ’

1944 1752 1988 1804 si
2022 1751 2091 1803 ita
2122 1757 2228 1811 est.
2264 1757 2488 1801 vocetur
2515 1754 2571 1801 et
2619 1745 2689 1799 sit
2716 1745 2951 1801 Verbum
2982 1745 3143 1799 etiam
3185 1745 3364 1799 Pater.
3414 1746 3522 1800 Sed

242 1822 316 1874 οὐ
354 1824 713 1894 παραδέξεται
755 1825 912 1879 τοῦτο
950 1827 1049 1898 τῆς
1095 1827 1246 1892 θείας
1277 1831 1500 1901 Γραφῆς
1547 1834 1576 1884 6
1610 1834 1821 1896 σκοπὸς

1942 1842 2134 1897 divinae
2169 1839 2464 1907 Scriptura:
2503 1851 2719 1904 scopus,
2763 1845 2816 1890 et
2869 1846 3181 1891 sanctorum
3236 1837 3520 1907 apostolo-

240 1913 476 1967 καὶτῶν
511 1915 677 1983 ἁγίων
703 1915 1017 1970 ἀποστόλων
1046 1918 1105 1971 τὸ
1143 1922 1421 1991 κήρυγμα.
1478 1923 1695 1994 Πατέρα
1726 1925 1821 1995 γὰρ

1940 1946 2055 1985 rum
2085 1928 2397 1999 praedicatio
2432 1927 2483 1981 id
2515 1941 2617 1978 non
2644 1925 2850 1978 ferunt.
2887 1924 3103 1978 Patrem
3159 1924 3303 1977 enim
3346 1927 3523 1980 sciunt

238 1999 361 2057 οἶδε
390 2005 483 2058 τὸν
528 2007 746 2077 Πατέρα
776 2008 869 2060 καὶ
901 2009 999 2078 οὐχ
1023 2009 1179 2063 Υίόν·
1206 2013 1299 2064 καὶ
1330 2013 1489 2066 πάλιν
1516 2015 1603 2067 τὸν
1629 2015 1754 2068 Υίόν
1777 2018 1834 2070 ὲν

243 2096 392 2169 μόνῃ
426 2099 491 2168 τῇ
517 2096 607 2149 τοῦ
644 2097 775 2151 Υίοῦ
803 2101 1145 2172 προσηγορίᾳ
1175 2106 1367 2172 τηρεῖ,
1413 2106 1512 2158 οὐκ
1552 2106 1698 2160 ἐῶσα
1728 2126 1834 2160 κα·-

237 2186 460 2240 λεῖσθαι
490 2187 608 2241 οὐδὲ
641 2184 779 2241 εἶναι
809 2189 1030 2259 Πατέρα
1052 2206 1065 2220 ·
1098 2191 1283 2262 ἕτερος
1335 2195 1444 2265 ἄρα
1492 2196 1620 2266 παρ’
1671 2198 1834 2251 αὐτόν

241 2279 368 2330 ἐστι
397 2278 492 2331 καὶ
534 2279 831 2350 διεστηκὼς
879 2281 1021 2333 κατὰ
1049 2282 1150 2352 τὴν
1182 2283 1391 2339 οὐσίαν.
1447 2287 1658 2339 Οὐκοῦν
1712 2289 1834 2341 οὐδὲ

239 2369 425 2436 Λόγος
447 2370 720 2441 ἀληθινὸς,
750 2371 870 2424 οὐδὲ
903 2371 961 2436 ἐξ
981 2372 1143 2425 αὐτοῦ
1177 2373 1454 2444 προελθὼν
1482 2378 1509 2430 6
1544 2376 1704 2445 φύσει
1738 2395 1834 2447 με-

247 2462 608 2534 μερισμένος.

751 2574 906 2643 Πρός
935 2574 1111 2630 τοῦτο
1135 2577 1339 2642 λύσις.

318 2685 428 2737 Καὶ
464 2684 566 2738 ποῦ
596 2685 687 2739 τὸν
728 2685 1000 2758 Ἰωάννην,
1035 2681 1079 2740 ὦ
1112 2687 1378 2757 βέλτιστε,
1421 2689 1627 2759 θήσεις,
1658 2689 1834 2758 Λόγον

235 2775 623 2829 ἀποκαλοῦντα
655 2776 747 2829 τὸν
769 2777 919 2841 Υίὸν,
950 2778 1043 2831 καὶ
1063 2778 1269 2848 ταύτην
1297 2778 1446 2849 αὐτῷ
1489 2781 1834 2851 κυριωτάτην

234 2867 567 2922 ἀνατιθέντα
592 2868 691 2939 τὴν
712 2869 1029 2939 ἐπωνυμίαν
1055 2870 1148 2923 καὶ
1176 2870 1277 2939 τῆς
1298 2871 1489 2934 οὐσίας
1528 2871 1695 2925 αὐτοῦ
1724 2874 1831 2942 μά-

233 2958 402 3012 λιστα
466 2960 845 3030 σημαντικήνς
888 2960 1090 3013 Φάσκει
1147 2961 1291 3031 γάρ·
1328 2981 1347 3013 ι
1394 2964 1481 3015 Ἐν
1516 2963 1659 3032 ἀρχῇ
1708 2958 1829 3033 ἦνό

232 3049 440 3117 Λόγος,
473 3050 568 3102 καὶ
595 3051 622 3103 6
649 3050 822 3119 Λόγος
850 3046 918 3121 ἦν
949 3050 1086 3121 πρὸς
1112 3050 1203 3103 τὸν
1227 3051 1381 3117 Θεὸν,
1419 3051 1513 3106 καὶ
1541 3051 1675 3116 Θεὸς
1703 3049 1770 3125 ἦν
1800 3054 1828 3106 6

229 3138 434 3206 Λόγος.
468 3158 485 3191 ι
515 3140 677 3211 Ὁρᾷς
716 3141 865 3204 ὅπως
886 3142 987 3211 τῆς
1014 3142 1206 3206 οὐσίας
1236 3141 1330 3197 τοῦ
1370 3144 1500 3197 Υἱοῦ
1539 3162 1823 3215 παραστα-

1936 2033 2055 2075 esse
2078 2020 2291 2073 Patrem
2324 2024 2379 2071 et
2405 2031 2509 2069 non
2540 2014 2732 2068 Filium
2764 2030 2779 2068 :
2811 2024 2866 2069 et
2890 2014 3127 2069 vicissim
3168 2013 3327 2073 .Filio
3353 2016 3519 2070 solam

1935 2110 2055 2165 Filii
2091 2108 2502 2180 appellationem
2534 2108 2797 2170 tribuunt,
2831 2122 2936 2160 non
3000 2115 3175 2160 autem
3201 2108 3519 2175 permittunt

1936 2209 1995 2254 ut
2024 2208 2250 2254 vocetur
2283 2205 2375 2250 aut
2398 2195 2467 2250 sit
2495 2194 2655 2248 Pater
2683 2208 2697 2244 :
2730 2193 2870 2248 alius
2916 2195 3098 2263 itaque
3134 2197 3201 2249 ab
3263 2197 3377 2263 ipso
3408 2207 3513 2262 est,

1934 2301 1988 2346 et
2012 2288 2333 2345 substantiae
2354 2285 2563 2341 ratione
2590 2285 2856 2337 diversus.
2889 2283 3153 2350 Quocirca
3182 2299 3357 2353 neque
3385 2284 3518 2339 Ver-

1935 2382 2059 2436 bum
2085 2393 2233 2443 vere,
2268 2391 2445 2448 neque
2470 2392 2535 2432 ex
2567 2378 2685 2446 ipso
2719 2375 2983 2446 procedit,
3044 2390 3167 2430 cum
3219 2376 3289 2432 sit
3323 2384 3515 2433 natura

1935 2470 2253 2539 disiunctus.

2472 2579 2676 2633 uolutio
2708 2578 3039 2647 objectionis.

2004 2693 2074 2747 At
2096 2693 2245 2763 quid,
2291 2693 2539 2757 obsecro,
2570 2691 2636 2746 de
2667 2690 2873 2746 Joanne
2930 2700 3160 2759 statues,
3193 2692 3284 2761 qui
3312 2690 3510 2746 Filium

1935 2793 2090 2838 vocat
2121 2782 2384 2848 Verbum,
2418 2793 2579 2853 atque
2604 2784 2744 2838 banc
2774 2783 3007 2837 maxime
3035 2784 3305 2853 propriam
3337 2784 3514 2853 appel-

1932 2869 2187 2924 lationem
2217 2871 2263 2923 ei
2316 2871 2519 2932 tribuit,
2537 2884 2762 2938 quaeque
2790 2869 3083 2923 essentiam
3140 2870 3307 2935 ipsius
3337 2870 3511 2938 signi-

1932 2959 2247 3014 ﬁestissime
2269 2959 2581 3027 exprimat?
2608 2960 2696 3013 Ait
2726 2962 2866 3014 enim
2899 2977 2914 3015 :
2958 2979 2976 3012 ‹
3015 2960 3069 3014 1η
3096 2961 3360 3031 principio
3392 2970 3513 3015 erat

1930 3050 2189 3117 Verbum,
2216 3059 2271 3104 et
2298 3049 2531 3104 Verbum
2566 3061 2684 3104 erat
2723 3053 2865 3119 apud
2909 3052 3097 3115 Deum,
3121 3062 3174 3105 et
3229 3052 3367 3107 Deus
3394 3060 3513 3106 erat

1934 3139 2163 3196 Verbum
2198 3140 2265 3192 “.
2303 3159 2321 3191 ι
2358 3140 2519 3194 Vides
2548 3141 2821 3210 quomodo
2852 3142 3021 3208 ipsam
3052 3141 3172 3196 Filii
3206 3144 3507 3195 essentiam

230 3230 393 3283 τικόν
434 3231 549 3283 ἐστι
581 3229 857 3301 τοῦνομα,
900 3232 996 3285 καὶ
1033 3233 1092 3286 τὸ
1124 3233 1407 3288 καλεῖσθαι
1445 3235 1639 3303 Λόγον,
1685 3237 1821 3307 ὅπερ

1928 3231 2040 3284 haec
2063 3244 2163 3282 vox
2193 3228 2515 3298 explicet,et
2540 3244 2658 3281 cum
2688 3237 2908 3283 vocetur
2925 3227 3357 3301 Verbum,186
3383 3230 3513 3298 quid

230 3321 358 3373 ἐστὶ
393 3322 531 3374 κατὰ
556 3321 715 3390 φύσιν
750 3323 1026 3393 σημαίνει.
1056 3324 1189 3388 Θεὸς
1225 3324 1333 3396 γὰρ
1358 3322 1425 3395 ἦν
1450 3328 1478 3379 6
1503 3328 1696 3393 Λόγος,
1722 3343 1826 3396 φη-

231 3410 342 3464 σίν.
379 3411 444 3465 Εἰ
479 3411 535 3463 δὲ
574 3412 648 3483 μὴ
689 3413 905 3481 φύσεως
936 3416 1020 3484 είη
1057 3415 1275 3485 καὶτῆς
1298 3417 1486 3479 οὐσίας
1527 3416 1822 3487 δηλωτικὸν

227 3500 329 3553 ἐπὶ
366 3498 462 3554 τοῦ
495 3500 627 3553 Υίοῠ
667 3501 728 3554 τὸ
757 3502 948 3571 Λόγος
978 3502 1168 3574 ὄνομα,
1216 3505 1470 3574 σημαίνει
1503 3522 1554 3557 τι
1604 3506 1820 3573 πάντως

228 3590 445 3662 ἕτερον.
470 3592 580 3645 Καὶ
612 3592 722 3661 γὰρ
751 3591 936 3663 ζητεῖν
958 3596 1275 3663 ἀναγκαῖον,
1300 3595 1352 3648 τί
1383 3597 1524 3649 κατὰ
1556 3597 1716 3664 φύσιν
1746 3598 1822 3653 ὢν

222 3682 253 3734 6
286 3682 444 3745 Υἱὸς,
471 3682 674 3754 ἐκλήθη
697 3683 888 3752 Λόγος,
913 3686 960 3737 εί
991 3685 1065 3755 μὴ
1096 3685 1193 3755 τὴν
1213 3686 1402 3739 οὐσίαν
1428 3686 1592 3739 αὐτοῦ
1623 3689 1822 3758 σημαί-

223 3790 320 3826 νει
337 3772 593 3844 τοῦνομα.
630 3770 754 3827 υἷον
792 3776 1021 3829 τέκτονα
1056 3794 1141 3840 τις
1172 3778 1375 3841 εἰπὼν,
1412 3777 1445 3848 ἢ
1476 3777 1751 3842 λιθοξόον,
1784 3780 1816 3851 ἢ

222 3867 607 3934 ταχυγράφον,
632 3866 691 3918 οὐ
715 3867 767 3918 τί
788 3867 902 3919 ἐστι
925 3867 1066 3920 κατὰ
1096 3868 1256 3938 φύσιν
1278 3869 1674 3940 σημαινόμενον
1701 3871 1818 3941 ὁρί-

226 3955 410 4017 ζεται,
441 3953 555 4005 ἀλλ’
586 3948 697 4006 οἷον
727 3954 839 4023 ἔχει
870 3955 929 4006 τὸ
959 3956 1296 4025 ἐπιτήδευμα
1318 3956 1531 4025 μηνύει.
1551 3956 1611 4008 El
1638 3955 1817 4008 τοίνυν

225 4045 285 4097 οὐ
324 4046 422 4114 τὴν
452 4044 641 4096 οὐσίαν
668 4043 762 4097 τοῦ
795 4045 926 4098 Υίοῦ
954 4048 1207 4116 σημαίνει
1232 4045 1492 4116 τοῦνομα,
1519 4046 1613 4099 καὶ
1628 4046 1687 4099 τὸ
1714 4064 1816 4099 κα-

225 4133 445 4186 λεῖσθαι
483 4133 676 4199 Λόγον,
708 4134 768 4185 οὐ
799 4133 849 4185 τί
894 4134 1042 4187 ἐστιν
1088 4136 1229 4188 κατὰ
1286 4133 1446 4202 φύσιν
1486 4136 1816 4206 παρίστησιν

225 4224 419 4289 αὐτὸν,
442 4225 580 4277 ἀλλὰ
614 4224 746 4295 φέρε
780 4226 954 4278 εἰπεῖν
987 4221 1100 4279 οἷον
1120 4226 1232 4297 ἔχει
1265 4228 1325 4279 τὸ
1363 4227 1722 4298 ἐπιτήδευμα,
1763 4226 1816 4280 τί

230 4317 416 4385 μάτην
444 4315 538 4367 τὸν
565 4314 956 4386 εὐαγγελιστὴν
980 4316 1365 4387 θαυμάζομεν;
1400 4316 1525 4380 Πῶς
1551 4316 1607 4369 δὲ
1639 4319 1666 4370 ό
1702 4316 1816 4380 υἱὸς

227 4408 437 4479 ἐκλήθη
466 4408 695 4479 βροντῆς
724 4407 799 4470 ὡς
829 4408 970 4477 μέγα
995 4425 1047 4461 τι
1074 4407 1315 4479 λαλήσας
1344 4408 1441 4462 καὶ
1473 4408 1811 4479 ὑπέρογκον;

1926 3320 2245 3375 naturaliter
2266 3319 2664 3389 sitsignilicet?
2710 3322 2848 3374 Deus
2908 3321 3078 3383 enim,
3142 3322 3334 3390 inquit,
3383 3331 3503 3376 erat

1926 3410 2181 3465 Verbum.
2216 3408 2270 3464 Si
2304 3425 2430 3465 vero
2452 3425 2552 3463 vox
2601 3411 2734 3471 haec,
2775 3409 3022 3476 Verbum,
3060 3428 3166 3467 non
3209 3412 3510 3480 explicaret

1923 3502 2095 3571 ipsam
2131 3512 2379 3555 naturam
2431 3510 2592 3570 atque
2620 3502 2912 3554 essentiam
2940 3501 3097 3567 Filii,
3134 3502 3276 3556 aliud
3303 3503 3508 3573 aliqnio

1923 3591 2165 3663 profecto
2209 3590 2504 3659 signiﬁcat.
2562 3590 2920 3656 Quaarendum
2984 3606 3146 3659 porro
3181 3593 3338 3646 nobis
3390 3600 3498 3655 est,

1923 3684 2180 3751 quidnam
2212 3692 2402 3735 natura
2433 3680 2884 3736 exsistensFilius
2943 3694 3172 3737 vocatus
3235 3683 3307 3737 sit
3373 3682 3510 3738 Ver-

1922 3774 2071 3839 bum,
2094 3773 2194 3827 nisi
2210 3788 2306 3827 vox
2333 3774 2445 3826 haec
2463 3773 2752 3827 essentiam
2783 3773 2950 3841 ipsius
2972 3775 3265 3843 signiﬁcat.
3300 3775 3504 3839 Quem-

1921 3865 2207 3919 admodum
2247 3864 2289 3917 si
2323 3864 2444 3932 quis
2490 3862 2698 3916 fabrum
2736 3873 2829 3917 aut
2865 3865 3181 3918 statuarium
3208 3907 3222 3928 ,
3274 3874 3366 3918 aut
3402 3882 3504 3920 no-

1922 3956 2116 4010 tarium
2149 3955 2314 4018 dicat,
2350 3970 2455 4008 non
2502 3953 2628 4023 quid
2696 3954 3022 4008 naturaliter
3092 3954 3185 4018 sit,
3216 3956 3310 4009 sed
3338 3957 3497 4025 quale

1919 4050 2043 4101 vita:
2072 4047 2375 4100 institutum
2411 4054 2671 4111 sectetur,
2699 4045 2953 4112 explicat.
2995 4045 3208 4115 Si'ergo
3243 4063 3341 4101 vox
3367 4051 3501 4116 haec,

1929 4137 2178 4204 Verbum,
2209 4138 2495 4192 essentiam
2532 4136 2655 4190 Filii
2690 4153 2792 4191 non
2810 4136 3098 4206 signiﬁcat,
3137 4153 3309 4208 neque
3333 4141 3504 4209 ipsius

1917 4241 2163 4284 naturam
2193 4229 2454 4293 declarat,
2490 4228 2585 4282 sed
2618 4229 2744 4281 vita:
2785 4229 2952 4297 ipsius
2998 4229 3331 4295 institutum,
3402 4248 3501 4287 cur

1917 4319 2119 4374 frustra
2164 4318 2549 4389 evangelistam
2588 4318 2960 4373 admiramur?
3006 4318 3111 4373 Aut
3151 4336 3248 4375 cur
3273 4337 3393 4376 eum
3437 4325 3501 4378 li-

1916 4408 2045 4462 lium
2086 4409 2307 4461 tonitrui
2340 4424 2618 4475 vocamus,
2674 4410 2827 4479 quasi
2881 4425 3135 4479 magnum
3196 4413 3396 4482 aliquid
3447 4425 3501 4470 et

228 4498 427 4553 Καίτοι
483 4500 697 4562 πολλοῖς
742 4499 953 4571 ἑτέροις
991 4499 1249 4569 ὀνόμασιν
1292 4500 1677 4570 ἀποκαλούσης
1722 4501 1813 4553 τὸν

1925 4499 2149 4554 sublime
2178 4500 2406 4553 dixerit?
2439 4500 2598 4569 Atqui
2631 4516 2753 4553 cum
2794 4501 2976 4555 multis
3023 4502 3143 4556 aliis
3185 4505 3497 4560 nominibus

230 4590 359 4643 Υἱὸν
380 4591 477 4661 τῆς
512 4590 662 4654 θείας
692 4592 933 4662 Γραφῆς,
965 4591 1099 4644 ἀλλὰ
1123 4592 1294 4660 Λόγον
1325 4591 1563 4663 εἰρηκὼς
1586 4631 1599 4656 ,
1630 4594 1810 4665 παρά-

228 4680 381 4745 δοξόν
408 4698 459 4733 τι
486 4682 579 4733 καὶ
606 4682 883 4752 ὑπερφυὲς
924 4682 1226 4750 ἐφθέγξατο
1244 4700 1258 4714 ·
1302 4683 1397 4735 καὶ
1444 4683 1595 4737 οὐδὲν
1625 4685 1812 4757 ἕτερον

229 4769 315 4823 ἐπ’
345 4770 494 4841 αὐτῷ
522 4771 927 4840 προστέθεικεν,
946 4766 1057 4826 οἷον
1078 4773 1170 4825 ἐπὶ
1188 4773 1279 4826 τοῦ
1303 4773 1513 4828 Παύλου
1536 4775 1807 4843 φαίνεται,

229 4861 309 4925 τὸ,
342 4880 359 4913 ι
390 4862 601 4926 Παῦλος
636 4862 959 4928 ἀπόστολος.
999 4884 1017 4916 ι
1062 4864 1338 4935 Ἦρκέσθη
1392 4866 1449 4918 δὲ
1494 4867 1570 4937 τῷ
1610 4869 1808 4933 εἰπεῖν,

232 4955 425 5022 Λόγον,
458 4957 537 5019 εἰς
566 4956 626 5008 τὸ
655 4957 1007 5027 παραστῆσαι
1036 4956 1126 5009 τοῦ
1163 4957 1292 5010 Υίοῦ
1324 4959 1421 5029 τὴν
1462 4960 1668 5014 οὐσίαν.
1700 4962 1811 5014 Αὐ-

230 5046 317 5109 τὸς
351 5049 457 5117 ἄρα
493 5047 643 5101 ἐστὶν
673 5050 701 5101 ὁ
724 5048 977 5119 ἀληθινὸς
1003 5050 1175 5118 Λόγος
1212 5049 1306 5103 τοῦ
1339 5050 1574 5121 Πατρὸς,
1602 5052 1696 5106 καὶ
1711 5052 1810 5124 οὐχ

233 5136 414 5209 ἕτερός
442 5157 524 5203 τις
559 5141 691 5211 παρ’
720 5142 947 5194 ἐκεῖνον.

917 5254 1121 5310 ΑΛΛΟ.

298 5368 360 5419 Εἰ
381 5364 691 5436 διὰταύτην
714 5367 1046 5439 ὑπειλήφασι
1087 5369 1185 5441 τὴν
1215 5370 1393 5425 αἰτίαν
1425 5372 1473 5425 οἱ
1511 5372 1807 5444 χριστομά-

233 5475 312 5529 χοι
346 5459 421 5529 μὴ
450 5455 588 5513 εἶναι
617 5459 708 5513 τὸν
732 5460 859 5514 Υἱὸν
887 5462 1173 5531 ὀμοούσιον
1195 5462 1273 5534 τῷ
1304 5465 1498 5534 Πατρὶ,
1518 5465 1640 5517 ἐπεὶ
1670 5466 1807 5536 μήτε

231 5551 260 5602 6
285 5550 469 5621 Πατὴρ
498 5550 672 5619 Λόγος
704 5550 843 5615 ἐστὶ,
880 5553 1018 5621 μήτε
1050 5554 1079 5605 6
1113 5552 1286 5621 Λόγος
1316 5555 1505 5624 Πατὴρ
1527 5594 1543 5622 ,
1581 5554 1676 5608 καὶ
1708 5554 1808 5625 τὴν

234 5640 457 5712 ἑνότητα
476 5642 579 5712 τῆς
609 5642 823 5714 φύσεως
851 5642 932 5714 τῷ
964 5644 1206 5717 διαφόρῳ
1238 5646 1345 5700 τῶν
1385 5648 1663 5719 ὀνομάτων
1693 5649 1807 5703 δια-

299 5801 343 5832 "
371 5797 528 5858 Joau.
564 5819 601 5870 ι,
630 5803 679 5857 l.
760 5805 804 5836 ³⁸
838 5802 879 5857 ll
910 5803 1038 5862 Cor.
1070 5818 1110 5871 γ,
1156 5804 1180 5860 1
1215 5813 1266 5862 et
1301 5804 1446 5861 alibi.

1920 4606 2075 4645 sacra
2100 4590 2377 4659 Scriptura
2406 4588 2595 4643 Filium
2629 4590 2878 4658 appellet,
2916 4606 3038 4645 cum
3102 4590 3335 4646 Verbum
3397 4609 3495 4648 vo-

1919 4690 2027 4746 cat,
2055 4681 2426 4735 admirandum
2463 4681 2665 4750 aliquid
2683 4690 2846 4751 atque
2893 4683 3152 4737 eximium
3223 4685 3391 4752 dixit;
3424 4687 3499 4739 ni-

1919 4772 2103 4843 hilque
2125 4773 2268 4826 aliud
2296 4774 2359 4826 ad
2392 4775 2528 4827 hanc
2562 4787 2751 4828 vocem
2779 4771 2995 4840 adjecit,
3023 4781 3080 4826 ut
3121 4773 3172 4826 in
3219 4773 3385 4829 Paulo
3417 4776 3501 4828 vi-

1916 4867 2074 4920 detur
2099 4866 2246 4931 illud,
2275 4884 2294 4916 ‹
2331 4865 2523 4919 Paulus
2560 4865 2835 4933 apostolus
2861 4865 2926 4918 ²⁹.
2961 4884 2979 4915 ι
3016 4863 3239 4919 Sull‘ecit
3265 4866 3408 4919 enim
3444 4867 3493 4919 ei

1913 4959 2133 5023 dixisse,
2168 4956 2426 5021 Verbum,
2461 4960 2527 5012 ad
2552 4958 2843 5012 essentiam
2914 4956 3034 5011 Filii
3087 4956 3492 5011 declarandam.

1911 5049 2028 5119 Ipse
2055 5052 2234 5117 itaque
2262 5058 2343 5104 est
2370 5064 2561 5103 verum
2620 5048 2856 5105 Verbum
2912 5048 3107 5113 Patris,
3148 5062 3247 5101 nor
3312 5054 3491 5101 autem

1910 5140 2107 5208 aliquis
2140 5138 2276 5194 alius
2303 5146 2495 5208 prmter
2521 5138 2717 5207 ipsum.

2587 5246 2817 5301 ALIUD.

1981 5362 2035 5418 Si
2064 5376 2182 5417 eam
2213 5359 2287 5425 ob
2307 5374 2521 5414 causam
2555 5359 2871 5413 existimant
2918 5358 3105 5412 hostes
3163 5354 3363 5410 Christi
3411 5353 3493 5411 Fi-

1908 5454 2040 5509 lium
2073 5469 2177 5507 non
2204 5465 2323 5506 esse
2357 5447 2874 5505 consubstantialem
2933 5446 3105 5511 Patri,
3138 5446 3264 5516 quia
3317 5460 3493 5513 neque

1911 5547 2070 5602 Pater
2100 5554 2182 5601 est
2214 5542 2468 5606 Verbum,
2502 5556 2675 5611 neque
2705 5538 2939 5595 Verbum
2970 5538 3150 5603 Pater,
3202 5544 3257 5591 ct
3311 5536 3490 5588 unitar

1911 5652 2018 5699 tem
2049 5651 2255 5697 natura:
2283 5640 2351 5699 ob
2378 5636 2732 5697 dill'crentiam
2763 5635 3038 5691 nominum
3072 5631 3301 5690 convelli
3332 5643 3490 5702 posse
