4072 6526
592 370 697 434 315

1617 373 1674 426 S.
1717 366 1994 426 CYRILIJ
2035 358 2503 416 ALEXANDRINI
2544 361 2863 419 ARCHIEP.

3808 361 3922 416 316

592 494 941 548 crediderunt
977 493 1208 549 :dicant
1236 493 1390 549 nobis
1426 494 1693 562 quomodo
1739 493 1946 561 primus
1976 497 2172 556 parens

2278 485 2493 552 τέμνειν
2513 483 2772 536 δύνασθαι
2803 483 3220 546 πεπιστεύκασι,
3245 482 3559 551 λεγέτωσαν
3585 479 3756 549 ἡμῖν
3792 479 3918 540 πῶς

595 583 763 636 Adam
781 581 1255 638 consubstantialis
1282 583 1387 637 erit
1416 581 1490 636 illi
1527 581 1615 650 qui
1639 596 1703 634 cx
1738 594 1796 634 se
1824 578 2036 648 genitus
2062 587 2168 640 est,

597 690 714 726 cum
753 689 924 743 neque
949 675 1062 743 ipse
1097 675 1268 744 possit
1297 689 1418 728 esse
1456 673 1609 736 Abel,
1648 685 1821 742 neque
1885 670 2016 724 Abel
2074 685 2173 722 un-

596 779 757 832 quam
789 764 1002 820 l‘uturus
1032 763 1334 820 sitAdam?
1361 765 1519 833 Atqui
1553 763 1832 818 nominum
1865 762 2169 816 diﬂ‘erentia

598 856 918 910 substantiae
945 857 1278 910 identitatem
1303 871 1407 910 non
1435 855 1589 909 tollit.
1623 855 1799 922 Atque
1823 855 1925 908 boc
1952 854 2170 922 quidem

600 942 654 996 in
679 942 814 998 facta
855 953 909 1000 et
937 956 1117 1000 creata
1145 953 1355 998 natura.
1388 944 1667 1010 Quomodo
1714 945 1876 1012 igitur
1927 959 2031 997 non
2069 944 2175 998 fue-

599 1033 674 1087 rit
697 1034 918 1104 impium
954 1036 1004 1089 in
1038 1047 1226 1089 natura
1250 1037 1508 1098 increata,
1543 1050 1661 1103 quae
1690 1035 1946 1089 omnibus
1969 1037 2172 1090 creatis

600 1123 758 1195 longe
783 1126 1217 1192 antecellit,illud
1247 1126 1522 1180 statuere?
1574 1125 2036 1192 Quemadmodum
2073 1125 2172 1193 igi-

602 1221 691 1268 tur
716 1214 761 1270 si
789 1223 932 1270 esset
960 1215 1185 1270 diversa:
1204 1217 1474 1280 essentite,
1508 1230 1613 1270 non
1648 1225 1793 1269 esset
1817 1230 2001 1269 verum
2033 1217 2170 1270 Ver-

602 1304 839 1368 bum,ita
874 1320 994 1361 cum
1025 1307 1095 1361 sit
1117 1306 1814 1373 consubstantialis,verum
1850 1307 2012 1361 etiam
2041 1307 2176 1361 Ver-

602 1395 728 1450 bum
748 1405 851 1452 est.

1265 1487 1494 1542 ALlUD.

671 1577 896 1632 Nomina
925 1593 1044 1649 qua:
1072 1581 1433 1636 substantiam
1467 1596 1649 1636 rerum
1668 1583 1946 1638 declarant
1999 1583 2174 1652 prima

603 1668 945 1739 maximeque
967 1671 1182 1741 propria
1211 1683 1340 1727 sunt
1375 1691 1389 1727 :
1421 1673 1648 1728 multam
1683 1682 1864 1728 tamen
1895 1675 1948 1728 in
1979 1673 2044 1729 iis
2069 1672 2173 1729 dif—

599 1759 881 1815 ferentiam
921 1761 1103 1818 videre
1129 1763 1278 1818 licet.
1300 1765 1419 1819 Alia
1455 1766 1598 1820 enim
1663 1765 2025 1822 universalius
2089 1781 2175 1822 res

2273 575 2301 624 6
2330 575 2629 645 προπάτωρ
2669 574 2840 644 Ἀδὰμ
2869 573 3154 644 ὁμοούσιος
3183 573 3335 625 ἔσται
3370 572 3512 642 πρὸς
3551 571 3660 622 τὸν
3691 567 3769 634 ἐξ
3809 569 3914 620 a6-

2274 665 2368 717 τοῦ
2392 665 2671 734 γεγονότα,
2705 664 2828 717 οὔτε
2857 665 3020 727 αὐτὸς
3042 664 3206 716 Ἀϐελ
3235 659 3370 715 εἶναι
3391 661 3756 730 δυνάμενος,

2279 760 2384 824 μὴν
2408 755 2500 807 τοῦ
2541 755 2704 807 Ἀϐελ
2743 755 2999 825 ἐσομένου
3028 755 3159 807 ποτὲ
3201 755 3390 823 Ἀδάμ.
3457 752 3615 805 Ἀλλ’
3652 751 3776 803 οὐκ
3819 751 3912 802 ὲκ-

2277 847 2461 900 ϐαλλει
2511 848 2606 917 τῆς
2658 847 2846 910 οὐσίας
2873 847 2973 917 τὴν
3002 848 3323 916 ταυτότητα,
3358 848 3392 916 ἡ
3434 844 3552 897 τῶν
3588 843 3908 913 ὀνομάτων

2273 940 2524 1010 διαφορά.
2559 939 2670 992 Καὶ
2697 938 2853 991 τοῦτο
2883 939 2975 992 ἐπὶ
2997 938 3232 1008 γενητῆς
3255 939 3348 991 καὶ
3379 937 3631 1005 κτιστῆς
3671 935 3904 995 οὐσίας.

2275 1031 2398 1094 Πῶς
2417 1025 2508 1083 οὖν
2532 1031 2631 1082 ούκ
2659 1028 2851 1092 ἀσεϐὲς
2871 1028 2964 1081 ἐπὶ
2993 1028 3093 1098 τῆς
3132 1028 3397 1098 ἀγενήτου
3433 1024 3684 1094 φύσεως
3719 1025 3907 1075 ὲκείνο

2274 1123 2538 1186 δοξάζειν,
2570 1121 2751 1174 πάντα
2795 1119 3197 1190 ὑπερκειμένης
3221 1119 3298 1187 ⁹τὰι
3337 1118 3594 1186 γενητά;
3673 1116 3778 1178 Ὠς
3811 1111 3900 1168 οὖν

2275 1214 2433 1282 εἴπερ
2453 1208 2519 1282 ἦν
2544 1211 2900 1282 ἐτεροούσιος,
2935 1212 3034 1263 οὐκ
3064 1211 3130 1264 ἂν
3159 1207 3224 1280 ἧν
3255 1211 3427 1277 Λόγος
3458 1207 3781 1278 ἀληθινὸς,
3808 1206 3900 1258 0-1-

2273 1321 2383 1367 τως
2416 1305 2712 1376 ἐπειδήπερ
2743 1304 3047 1375 ὁμοούσιος,
3079 1302 3327 1372 ἀληθινὸς
3365 1301 3432 1355 ἂν
3464 1299 3565 1370 εἴη
3603 1299 3828 1365 Λόγος-

2966 1481 3170 1534 ΑΛΛΟ.

2348 1571 2666 1642 Σημαντικὰ
2717 1571 2817 1642 μὲν
2858 1571 2928 1625 τὰ
2954 1572 3196 1642 ὀνόματα
3243 1569 3351 1624 τῶν
3388 1570 3607 1624 ούσιῶν
3645 1570 3804 1632 ἐστι,
3832 1572 3889 1622 τὰ

2278 1665 2465 1735 πρῶτα
2503 1665 2563 1734 δὴ
2607 1665 2842 1735 μάλιστα
2885 1666 2980 1718 καὶ
3009 1665 3078 1718 τὰ
3108 1664 3418 1736 κυριώτατα
3445 1683 3460 1696 ο
3490 1663 3654 1716 ἀλλὰ
3690 1662 3889 1731 mili?

2280 1754 2344 1809 ἄν
2370 1773 2452 1818 τις
2478 1757 2535 1807 ὲν
2567 1758 2778 1820 τούτοις
2802 1756 2900 1809 ἴδοι
2922 1756 3019 1827 τὴν
3048 1757 3332 1829 διαφοράν.
3365 1756 3448 1808 Τὰ
3490 1757 3605 1824 μὲν
3638 1755 3771 1824 γὰρ
3801 1772 3891 1806 κα-

601 1852 747 1918 ipsas
772 1853 1107 1920 signiﬁcant,
1133 1862 1186 1909 et
1213 1856 1541 1925 generaliter
1569 1856 1870 1925 explicant;
1919 1857 2022 1911 alia
2049 1873 2172 1912 vero

2283 1847 2638 1920 Θολικώτερον
2662 1849 2728 1901 τὰ
2750 1849 2878 1901 ὄντα
2924 1849 3199 1918 σημαίνει,
3234 1848 3329 1901 καὶ
3373 1848 3616 1916 γενικὴν
3648 1848 3888 1899 ποιεῖται

601 1941 926 1996 universalia
969 1943 1021 1997 in
1039 1943 1338 2013 singularia
1376 1954 1586 2008 secant,
1617 1946 1919 2015 multasque
1958 1961 2045 2002 res
2090 1964 2179 2018 ap-

600 2045 792 2096 parere
810 2030 1036 2090 faciunt.
1066 2033 1308 2104 Exempli
1340 2035 1532 2105 gratia,
1566 2037 1800 2091 hominis
1827 2052 2019 2092 nomen
2045 2039 2177 2092 sim-

603 2119 816 2188 pliciter
844 2131 1007 2191 atque
1031 2124 1276 2179 absolute
1303 2126 1524 2191 dictum,
1552 2129 1866 2184 universum
1890 2145 2060 2199 genus
2083 2130 2176 2183 bo-

605 2207 811 2263 minum
842 2210 1128 2280 signiﬁcat,
1176 2223 1267 2266 aut
1313 2215 1667 2270 substantiam
1723 2217 1892 2286 ipsam
1929 2237 1941 2272 :
1978 2218 2173 2272 Paulus

602 2313 733 2354 vero
763 2300 1083 2367 autPetrus,
1123 2304 1280 2374 187
1309 2315 1400 2358 aut
1429 2304 1681 2372 Iacobus,
1721 2318 1814 2364 aut
1837 2309 2053 2377 Cepbas
2082 2311 2176 2364 bu-

602 2390 917 2446 manitatem
949 2392 1002 2447 in
1033 2394 1320 2463 singularia
1357 2399 1608 2465 partitur,
1645 2400 1948 2470 multosque
2005 2402 2176 2456 homi-

603 2495 699 2535 nes
725 2484 1022 2538 constituit.
1053 2484 1336 2540 Nominum
1365 2487 1547 2558 itaque
1570 2489 1871 2545 dill‘erentia
1905 2493 2175 2561 accipitur

602 2570 818 2636 quidem
847 2571 898 2626 in
937 2572 1003 2628 iis
1034 2573 1382 2643 quiejusdem
1429 2579 1753 2633 substantiae
1810 2590 1958 2644 sunt,
1998 2596 2176 2650 neque

603 2658 739 2714 tollit
787 2675 972 2715 eorum
1006 2677 1124 2732 qua)
1158 2664 1395 2733 ejusdem
1444 2668 1640 2736 speciei
1689 2677 1833 2729 sunt.
1867 2671 2173 2725 naturalem

603 2749 740 2804 inter
768 2752 1277 2808 sesimilitudinem.
1314 2756 1446 2810 Cum
1519 2758 1678 2828 igitur
1769 2759 1930 2815 Pater
1967 2761 2177 2815 dicatur

602 2840 783 2906 Pater,
808 2842 981 2900 Filius
1005 2862 1132 2901 vero
1166 2847 1418 2915 Verbum,
1446 2865 1552 2906 non
1582 2852 1687 2906 erit
1727 2853 1810 2908 vel
1842 2854 1930 2909 hic
1971 2854 2066 2922 illi,
2095 2857 2177 2910 vel

601 2933 689 2986 ille
714 2933 839 2988 huic
869 2937 1144 2993 dissimilis
1181 2953 1392 3007 natura,
1425 2959 1545 2996 cum
1572 2945 1700 2999 solis
1727 2947 2037 3002 nominibus
2064 2949 2176 3002 dis-

601 3025 934 3094 tiuguantur.
988 3029 1277 3084 Ostensum
1335 3042 1514 3087 autem
1559 3045 1665 3099 est,
1714 3038 1993 3091 nominum
2031 3037 2177 3093 ditfe-

602 3117 826 3169 rcntiam
847 3119 1149 3173 naturalem
1173 3121 1312 3176 inter
1333 3137 1392 3177 se
1418 3124 1822 3179 similitudinem
1846 3141 2032 3181 eorum
2057 3145 2175 3197 qua:

599 3208 1080 3265 consubstantiaiia
1112 3222 1239 3266 sunt
1280 3228 1620 3283 nequaquam
1649 3217 1984 3272 subvertere.
2030 3219 2176 3274 Nihil

602 3297 784 3366 itaque
807 3300 984 3354 obstat
1014 3303 1303 3370 quominus
1342 3305 1508 3360 Filius
1577 3309 2058 3365 consubstantialis
2106 3312 2176 3366 sit

601 3386 768 3453 Patri,
796 3392 1006 3447 tametsi
1031 3402 1249 3448 vocetur
1278 3394 1469 3461 Filius,
1497 3407 1678 3452 etnon
1741 3399 1810 3452 sit
1864 3400 2024 3454 Pater
2055 3403 2171 3470 ipse

599 3492 787 3532 verum
823 3481 990 3548 ipsius
1030 3483 1288 3540 Verbum.
1311 3487 1443 3540 Cum
1479 3489 1622 3540 enim
1646 3489 1716 3541 sit
1739 3490 1965 3558 simplex
2000 3490 2175 3546 Patris

600 3573 854 3634 essentia,
881 3574 1082 3629 nullum
1106 3576 1248 3631 aliud
1275 3579 1654 3633 intermedium
1687 3582 1919 3652 excipiet
1954 3599 2174 3654 genera-

601 3663 798 3717 tionem
838 3664 993 3721 Verbi
1029 3669 1346 3725 naturaliter
1369 3687 1433 3725 ex
1468 3673 1581 3741 ipso
1609 3675 1971 3743 procedentis.
1993 3677 2177 3743 Quod-

600 3770 706 3823 que
744 3773 906 3811 unum
937 3774 1125 3815 revera
1168 3777 1288 3817 cum
1315 3763 1430 3831 ipso
1458 3775 1558 3829 est,
1599 3775 1866 3836 quatenus
1913 3771 2175 3824 naturali-

603 3857 684 3902 ter
712 3851 871 3906 etiam
899 3853 1014 3922 ipse
1046 3864 1131 3909 est
1167 3855 1329 3922 Deus,
1372 3867 1425 3913 et
1458 3859 1644 3915 vivens
1672 3876 1703 3915 e
1739 3861 1858 3917 vivo
1899 3862 2055 3918 Patre
2099 3863 2177 3917 ef-

598 3938 768 3997 fulsit.

1012 4057 1097 4113 Ea:
1141 4060 1432 4130 objectione
1468 4063 1746 4120 Eunomii.

671 4145 731 4198 In
779 4144 1107 4216 Evangeliis,
1149 4153 1245 4212 ait,
1280 4151 1452 4208 Filius
1496 4156 1562 4209 ad
1609 4156 1826 4212 Patrem
1876 4159 1947 4214 ita
1997 4162 2174 4217 dicit:

603 4254 623 4286 ι
655 4236 834 4302 Pater,
871 4238 1113 4307 gloriﬁca
1140 4241 1332 4295 Filium
1368 4254 1552 4312 tuum;
1587 4264 1605 4298 ι
1649 4248 1818 4303 Filius
1849 4261 2040 4305 contra
2079 4269 2176 4307 au-

600 4330 720 4384 dit:
765 4347 784 4380 ι
836 4331 902 4384 Ει
947 4332 1266 4401 gloriﬁcavi,
1317 4344 1371 4389 et
1436 4353 1624 4394 rursus
1672 4341 1987 4410 gloriﬁcabo
2029 4346 2096 4400 ³ο.
2152 4367 2170 4399 ι

597 4421 663 4473 At
693 4436 798 4488 quo
822 4431 979 4490 pacto
1007 4423 1179 4493 possit
1207 4425 1376 4480 Filius
1399 4442 1525 4484 vere
1555 4445 1674 4486 esse
1704 4431 1938 4490 Verbum
1969 4436 2169 4504 Patris,

2279 1939 2378 2009 τὴν
2407 1940 2638 2009 δήλωσιν
2659 1956 2671 1969 ·
2699 1939 2767 1992 τὰ
2794 1939 2848 1992 δὲ
2874 1941 2954 2002 εἰς
2982 1939 3042 1991 τὸ
3073 1938 3194 1991 καθ’
3218 1939 3274 1990 ἓν
3303 1938 3372 1991 τὰ
3399 1937 3656 1991 καθόλου
3692 1955 3890 2006 σημαι-

2280 2033 2481 2101 νόμενα
2507 2031 2883 2100 διατέμνοντα,
2915 2031 3084 2082 πολλὰ
3122 2031 3189 2083 τὰ
3222 2031 3348 2082 ὄντα
3376 2029 3689 2097 φαίνεσθαι
3727 2032 3888 2080 ποιεῖ,

2280 2117 2404 2174 Οἷον
2442 2125 2572 2190 φέρε
2605 2125 2797 2186 εἰπεῖν,
2834 2121 2894 2172 τὸ
2933 2121 3219 2187 ἅνθρωπος
3257 2120 3426 2190 ὄνομα
3468 2119 3679 2181 ἁπλῶς
3713 2137 3777 2170 τε
3803 2120 3888 2170 καὶ

2279 2211 2510 2263 ἀπολελυ
2522 2211 2697 2280 μένως
2719 2211 3027 2280 λεγόμενον,
3053 2210 3272 2280 σύμπαν
3295 2211 3560 2279 σημαίνει
3588 2210 3657 2262 τὸ
3676 2209 3884 2279 ἀνθ

2280 2319 2431 2354 πειον
2464 2301 2640 2369 γένος,
2692 2303 2725 2372 ἢ
2754 2301 2850 2372 τὴν
2894 2302 3079 2355 ούσίαν
3110 2303 3278 2372 αὑτήν
3299 2317 3310 2328 °
3346 2303 3404 2354 τὸ
3443 2301 3502 2354 δὲ
3537 2299 3778 2364 Παῦλος
3804 2318 3884 2352 τυ-

2278 2396 2431 2466 χὺνῆ
2484 2396 2716 2465 Πέτρος,
2766 2395 3019 2457 Ἰάκωϐος
3051 2394 3082 2463 ἢ
3127 2395 3324 2464 Κηφᾶς
3347 2433 3361 2457 ,
3402 2395 3486 2456 είς
3518 2393 3588 2445 τὸ
3631 2393 3766 2445 καθ’

2282 2487 2464 2558 σχίζον
2486 2487 2584 2558 τὴν
2615 2487 3033 2559 ἀνθρωπότητα,
3065 2486 3291 2549 πολλοὺς
3320 2482 3456 2539 εἶναι
3489 2487 3632 2548 τοὺς
3663 2487 3876 2554 ἀνθράμ

2281 2596 2416 2642 πους
2443 2581 2602 2630 ποιεῖ.
2629 2577 2836 2631 υύκοῦν
2862 2579 2894 2647 ἡ
2921 2576 3028 2629 τῶν
3064 2575 3345 2646 ὀνομάτων
3376 2574 3636 2645 διαφορὰξ
3669 2574 3876 2644 λαμϐά-

2281 2686 2431 2723 νεται
2463 2672 2558 2738 μὲν
2585 2669 2676 2721 ἐπὶ
2709 2668 2818 2721 τῶν
2863 2668 3196 2738 ὀμοουσίων,
3227 2667 3288 2718 ού
3335 2665 3440 2736 μὴν
3484 2665 3758 2718 ἐκϐάλλει
3787 2666 3876 2733 τῆς

2283 2763 2418 2834 πρὸς
2442 2763 2644 2832 ἄλληλα
2671 2762 2908 2831 φυσικῆς
2931 2759 3227 2831 ὲμφερείας
3265 2759 3334 2811 τὰ
3358 2761 3469 2820 τοῖς
3514 2759 3720 2820 αὐτοῖς
3747 2758 3872 2808 εἴδε-

2283 2872 2367 2907 σιν
2397 2855 2790 2907 ὑποπίπτοντα.
2845 2854 3014 2906 Ὅταν
3045 2846 3138 2905 οὗν
3182 2853 3210 2902 6
3260 2850 3359 2920 μὲν
3399 2850 3595 2918 Πατὴρ
3643 2849 3870 2916 λέγηται

2283 2948 2491 3018 Πατὴρ,
2529 2950 2555 3000 6
2579 2948 2633 2999 δὲ
2657 2946 2781 3008 Υἱὸς
2810 2946 3002 3013 Λόγος,
3035 2945 3135 2996 ούκ
3160 2943 3311 2995 ἔσται
3332 2942 3429 3012 τὴν
3457 2941 3628 3010 φύσιν
3666 2940 3702 3010 ἦ
3727 2936 3868 2994 οὗτος

2285 3037 2420 3107 πρὸς
2445 3039 2668 3099 ἐκεῖνον,
2701 3036 2734 3106 ἢ
2765 3039 2974 3099 ἐκεῖνος
2994 3035 3069 3098 ὡς
3100 3035 3236 3105 πρὸς
3263 3033 3451 3087 τοῦτον
3494 3034 3784 3104 ἀνόμοιος,
3816 3035 3866 3085 ἐν

2205 3161 2246 3218 c
2285 3127 2465 3196 μόνοις
2481 3127 2735 3197 ὀνόμασιν
2760 3128 2976 3198 ἔχοντες
2999 3126 3095 3197 τὴν
3118 3127 3420 3196 διαστολὴν.
3445 3126 3742 3179 Δέδεικται
3767 3126 3864 3194 γὰρ

2283 3220 2357 3282 ὡς
2401 3221 2497 3272 οὐκ
2542 3220 2836 3290 ἀνατρέψει
2879 3220 2987 3272 τῶν
3037 3219 3291 3289 ὁμοφυῶν
3338 3221 3437 3289 τὴν
3472 3218 3615 3289 πρὸς
3666 3218 3864 3288 ἄλληλα

2284 3312 2517 3381 φυσικὴν
2557 3314 2849 3380 ὁμοιότητα
2876 3311 2983 3363 τῶν
3011 3312 3292 3382 ὀνομάτων
3335 3313 3367 3381 ἡ
3397 3311 3656 3381 διαφορά.
3710 3312 3862 3365 Οὑδὲθ

2281 3405 2389 3473 ἄρα
2419 3404 2615 3456 κωλύει
2643 3405 2734 3456 τὸν
2767 3404 2898 3457 Υίὺν
2931 3403 3216 3474 δμοούσιον
3251 3400 3388 3457 εἶναι
3416 3401 3495 3473 τῷ
3527 3405 3738 3473 Πατρὶ,
3771 3407 3862 3457 κᾶν

2280 3494 2407 3557 Υἱὸς
2437 3495 2679 3547 καλεῖται
2708 3497 2801 3548 καὶ
2835 3495 2908 3566 μὴ
2936 3495 3126 3566 Πατὴρ
3157 3494 3319 3557 αύτός
3365 3495 3514 3546 ἐστιν
3555 3494 3586 3544 6
3617 3493 3863 3564 ἀληθινὸς

2281 3586 2443 3640 αὑτοῦ
2479 3587 2671 3653 Λόγος.
2708 3587 2882 3656 Ἀπλῆ
2909 3587 3017 3657 γὰρ
3047 3583 3233 3654 οὗσαὴ
3287 3585 3380 3637 τοῦ
3418 3585 3642 3654 Πατρὸς
3690 3585 3860 3638 ούσὶσ.

2280 3678 2431 3730 οὐδὲν
2458 3679 2541 3730 ἓτε
2553 3695 2642 3748 ρον
2672 3678 2976 3743 ὲπιδέξεται
3006 3676 3341 3748 μεσολαϐοὖν
3362 3675 3462 3746 τὴν
3485 3677 3753 3746 γέννησιν
3781 3676 3859 3727 τοῦ

2282 3769 2341 3834 ἐξ
2369 3770 2532 3822 αὑτοῦ
2564 3769 2810 3839 φυσικῶς
2837 3770 3194 3840 προελθόντος
3225 3769 3421 3835 Λόγου,
3456 3769 3551 3820 καὶ
3586 3767 3666 3830 ὡς
3695 3768 3756 3819 ἓν
3784 3769 3859 3819 ὄν-

2281 3878 2388 3922 τως
2420 3861 2553 3930 πρὸς
2579 3860 2762 3926 αὑτὸν,
2793 3860 2928 3913 καθό
2961 3860 3119 3928 φύσει
3144 3861 3239 3913 καὶ
3274 3859 3436 3921 αὐτὸς
3465 3858 3602 3916 Θεὸς
3637 3860 3734 3911 καὶ
3764 3858 3858 3922 ζῶν

2281 3951 2345 4003 ὲκ
2365 3950 2566 4014 ζῶντος
2599 3951 2912 4022 ἐξελὰμφθη
2937 3952 3171 4018 Πατρός.

2563 4066 2618 4118 Ἀ
2629 4064 2894 4130 ντίθεσις
2917 4065 2996 4129 ὠς
3021 4065 3089 4117 ἐκ
3121 4062 3238 4117 τῶν
3260 4063 3587 4131 Εὐνομίου.

2364 4159 2452 4210 Ἑν
2481 4160 2592 4219 τοῖς
2620 4157 2993 4224 Εύαγγελίοις,
3027 4157 3216 4226 φησὶν,
3264 4155 3597 4225 εὑρίσκομεν
3635 4157 3851 4223 λέγοντα

2279 4249 2369 4301 τὸν
2401 4248 2525 4300 Υἱὸν
2551 4249 2625 4312 ὡς
2652 4247 2786 4320 πρὸς
2808 4247 2896 4299 τὸν
2930 4248 3148 4318 Πατέρα
3171 4265 3184 4276 ·
3219 4267 3236 4298 ι
3279 4249 3481 4317 Πάτερ,
3508 4247 3735 4311 δόξασόν
3763 4263 3847 4300 σου

2277 4339 2369 4392 τὸν
2399 4339 2544 4401 Υἰὺν,
2582 4359 2599 4389 ι
2641 4339 3008 4391 ἀντακούοντα
3037 4338 3093 4390 δὲ
3135 4341 3263 4408 παρ’
3296 4339 3462 4391 αὑτοῦ
3487 4355 3499 4369 ·
3537 4359 3556 4388 ι
3598 4340 3710 4392 Καὶ
3740 4339 3846 4392 E66-

2283 4431 2441 4494 ξασα,
2478 4433 2570 4484 καὶ
2597 4431 2756 4483 πάλιν
2778 4429 3006 4496 δοξάσω.
3056 4449 3071 4478 ι
3108 4430 3216 4482 Καὶ
3241 4431 3357 4492 πῶς
3382 4430 3447 4482 ἂν
3471 4427 3612 4482 εἶναι
3642 4429 3846 4482 δύναιτο

598 4527 719 4565 cum
763 4512 919 4568 Pater
958 4515 1132 4584 ipsum
1169 4519 1520 4589 alloquatur?
1551 4524 1804 4581 allocutio
1836 4537 2018 4583 autem
2045 4531 2170 4585 abs-

2282 4524 2452 4591 Λόγος
2481 4524 2574 4576 τοῦ
2609 4524 2818 4594 Πατρὸς
2844 4522 2984 4575 κατὰ
3019 4521 3271 4591 ἀλήθειαν
3304 4523 3331 4573 6
3367 4521 3517 4584 Υἱὸς,
3547 4523 3683 4574 ὅπου
3728 4523 3842 4590 φαί-

597 4616 702 4670 que
738 4605 904 4659 verbo
959 4605 1073 4662 fieri
1111 4624 1213 4661 non
1249 4621 1445 4676 potest.
1478 4613 1583 4666 Aut
1625 4616 1787 4684 igitur
1823 4620 2050 4687 ipsemet
2082 4637 2169 4674 se-

598 4710 718 4748 cum
755 4698 1010 4767 loquitur.
1046 4713 1137 4755 aut
1170 4705 1212 4756 si
1241 4703 1404 4758 Pater
1462 4725 1648 4762 revera
1695 4711 1887 4763 Filium
1938 4713 2170 4783 alloqui-

599 4795 705 4844 tur,
738 4786 876 4842 alius
901 4791 1142 4858 profecto
1172 4795 1276 4847 erit
1308 4811 1336 4848 a
1369 4797 1543 4853 Verbo
1561 4802 1702 4869 quod
1739 4802 1962 4855 insitum
2001 4814 2165 4872 atque

596 4877 921 4935 inexsistens
959 4882 1064 4936 Deo
1088 4888 1380 4941 secundum
1413 4900 1661 4945 naturam
1686 4903 1787 4959 cst,
1818 4896 1961 4962 quod
1994 4897 2164 4965 ipsum

593 4968 906 5039 alloquitur,
930 4973 1084 5041 juxta
1114 4979 1442 5034 voluntatem
1483 4983 1681 5039 Patris.

1087 5155 1299 5211 Salutio
1332 5161 1666 5230 objectionis.

662 5239 778 5295 Non
811 5244 1023 5299 desinet
1057 5249 1156 5302 iste
1207 5251 1582 5321 incorpoream
1619 5259 1916 5314 essentiam
1957 5265 2165 5320 calum-

591 5332 756 5395 niari,
789 5337 1121 5400 persuadens
1149 5341 1249 5394 sibi
1284 5358 1586 5400 sermonem
1628 5364 1692 5402 ex
1727 5366 1788 5404 ea
1822 5353 2054 5420 proferri
2084 5365 2164 5410 lar

591 5423 719 5484 lem,
750 5425 926 5492 qualis
964 5438 1049 5482 est
1101 5431 1386 5501 humanus,
1417 5437 1508 5507 qui
1558 5440 1822 5497 labiorum
1869 5454 1925 5500 et
1968 5446 2166 5517 lingua:

592 5515 923 5571 adminiculo
949 5525 1350 5591 pronuntietur,
1383 5537 1546 5598 atque
1579 5531 1668 5585 illa
1701 5515 2165 5592 adstantiumﬁau-

591 5603 766 5660 ditum
793 5605 969 5674 feriat,
1006 5619 1066 5664 ut
1101 5613 1174 5669 ita
1211 5615 1480 5686 loquentis
1513 5620 1758 5679 voluntas
1785 5623 2011 5698 intelligi
2044 5644 2165 5698 pos-

665 5760 708 5790 ”
738 5759 888 5817 Joan.
924 5781 1019 5832 χιι,
1059 5767 1150 5824 28.

2276 4634 2424 4670 νεται
2455 4617 2589 4686 πρὸς
2619 4616 2778 4668 αὑτὸν
2799 4613 3182 4682 διαλεγόμενος
3211 4615 3237 4664 6
3279 4614 3504 4682 Πατήρς
3538 4613 3771 4678 διάλεξις
3793 4613 3840 4665 δὲ

2275 4711 2432 4777 λόγου
2458 4709 2625 4777 χωρὶς
2655 4708 2755 4760 οὐκ
2787 4707 2852 4759 ἂν
2901 4705 3110 4774 γένοιτό
3158 4722 3305 4758 ποτε.
3362 4706 3432 4756 Ἤ
3471 4705 3653 4757 τοίνυν
3698 4707 3840 4765 αὐτὸς

2276 4799 2454 4870 ἐαυτῷ
2510 4800 2660 4852 ἔσται
2713 4798 3116 4866 διαλεγόμενος,
3148 4797 3178 4867 ἢ
3211 4797 3367 4865 εἴπερ
3401 4794 3573 4855 ὅντως
3612 4794 3759 4859 λέγει
3794 4811 3836 4844 τι

2276 4895 2412 4964 πρὸς
2451 4893 2611 4945 αὑτὸν
2637 4895 2664 4944 6
2701 4892 2907 4961 Πατὴρ,
2941 4891 3127 4960 ἕτερός
3162 4891 3274 4941 ἐστι
3307 4887 3456 4957 παρὰ
3495 4887 3588 4939 τὸν
3617 4886 3835 4938 ἐνδιάθε-

2273 5001 2363 5036 τον
2397 4984 2488 5036 κα“ι
2531 4982 2903 5051 ἐνυπάρχοντα
2941 4980 3018 5048 τῷ
3057 4978 3174 5048 Θεῷ
3211 4978 3348 5031 κατὰ
3384 4977 3544 5045 φύσιν
3566 4977 3757 5044 Λόγον,
3787 4975 3833 5037 ὃς

2273 5075 2424 5128 λαλεί
2462 5074 2596 5144 πρὸς
2628 5073 2806 5135 αὑτὸν,
2842 5071 2982 5124 κατὰ
3013 5071 3264 5142 βούλησιν
3281 5068 3370 5122 τοῦ
3404 5069 3641 5140 Πατρός.

2759 5165 2913 5232 Πρὸς
2945 5164 3131 5219 ταῦτα
3156 5164 3356 5227 λύσις.

2345 5261 2419 5314 Οὐ
2443 5259 2628 5331 παύσῃ
2656 5257 3006 5326 συκοφαντῶν
3024 5255 3118 5328 τὴν
3142 5255 3432 5325 ἀσώματον
3457 5253 3667 5318 οὐσίαν,
3693 5251 3828 5320 λόγον

2275 5354 2333 5420 ἐξ
2356 5352 2526 5422 αὐτῆς
2562 5348 2942 5404 ἀποτελεῖσθαι
2970 5347 3242 5401 πιστεύων
3286 5343 3546 5410 τοιοῦτον,
3577 5346 3753 5406 ὁποῖος
3773 5342 3828 5396 ἂν

2274 5447 2356 5514 εἴη
2387 5446 2478 5498 καὶ
2503 5447 2532 5497 6
2560 5441 2918 5512 ἀνθρώπινος,
2943 5439 3031 5493 διὰ
3057 5438 3281 5509 χειλέων
3311 5436 3404 5489 καὶ
3433 5434 3680 5504 γλώττης
3709 5437 3830 5487 ἀπο-
3902 5486 3906 5489 ,

2261 5534 2481 5588 κτυπού
2491 5550 2650 5602 μενος
2671 5549 2686 5565 ο
2706 5532 2798 5583 καὶ
2817 5531 2916 5600 τὴν
2935 5531 3028 5582 τοῦ
3050 5529 3218 5591 πέλας
3239 5527 3638 5598 προσαράσσων
3655 5525 3828 5594 ἀκοὴν,

2275 5629 2361 5681 ἵνα
2387 5627 2448 5697 δὴ
2475 5627 2567 5686 καξι
2597 5625 2805 5692 γένοιτο
2832 5623 3009 5692 σαφὴς
3051 5621 3146 5676 τοῦ
3185 5619 3472 5682 λαλοῦντος
3502 5619 3534 5688 ἡ
3572 5616 3823 5687 βούλησις.
