4072 6520
226 419 336 479 317

1619 415 2052 473 THESAURUS.

3391 432 3494 485 3l3

231 541 296 592 Εἰ
336 540 447 612 γὰρ
474 539 766 613 ἐθελήσαις
791 540 1095 604 ἀποσώζειν
1135 540 1197 609 τῇ
1235 537 1511 607 ἀσωμάτῳ
1549 536 1821 604 φύσειτὸν

1947 539 2016 592 ιῘί.
2055 539 2186 593 Nam
2232 542 2276 595 si
2309 541 2444 596 velis
2485 557 2710 598 servare
2743 544 3074 615 incorporea:
3110 558 3316 601 natura:
3362 564 3496 602 con-

231 631 372 700 αύτῇ
410 631 747 701 κατάλληλον
769 630 926 697 λόγον
950 631 1047 697 (ι),
1077 628 1138 681 ού
1161 626 1417 698 τοιαύτην
1443 624 1585 679 εἶναι
1612 627 1818 695 νομιεῖς

235 718 329 773 τοῦ
358 721 575 791 Πατρός
598 721 698 790 τὴν
724 721 926 790 φωνὴν,
951 719 1026 782 ὡς
1055 721 1134 782 εἰς
1155 718 1325 789 ἀκοὴν
1351 717 1610 788 φέρεσθαι
1637 734 1821 786 σωμα-

233 811 426 874 τικῶς.
448 812 523 864 Ού
553 810 661 882 γὰρ
686 811 843 882 μόνος
869 812 896 863 6
919 810 1122 881 Κύριος
1147 811 1456 881 ἠκροάσατο
1487 809 1579 862 τοῦ
1606 808 1822 880 Πατρός

236 901 521 970 λέγοντος’
560 922 578 953 ι
609 902 718 954 Καὶ
757 900 1004 965 ἐδόξασα,
1036 901 1133 954 καὶ
1169 901 1328 954 πάλιν
1353 899 1562 966 δοξάσω
1585 915 1598 930 ο
1631 918 1648 949 ›
1689 897 1824 950 ἀλλά

239 993 350 1061 γὰρ
381 992 473 1045 καὶ
501 992 550 1044 οἱ
575 991 823 1054 συνόντες
838 990 1007 1060 αὐτῷ.
1038 991 1318 1044 Διδάσκων
1345 990 1405 1043 δὲ
1438 991 1626 1056 σαφῶς
1644 990 1824 1060 όΧριο

245 1082 389 1146 στὺς,
421 1084 501 1136 ὅτι
522 1082 728 1152 κυρίως
761 1082 854 1134 καὶ
879 1081 1124 1150 φυσικῶς
1155 1081 1256 1134 οὐκ
1284 1080 1464 1151 ἐκείνη
1490 1080 1582 1132 τοῦ
1611 1081 1823 1151 Πατρὺς

241 1170 311 1245 ἦν
349 1176 380 1245 ὴ
411 1173 581 1243 φωνὴ,
616 1173 754 1226 ἀλλά
778 1190 860 1236 τις
895 1172 1099 1234 κτύπος
1127 1175 1274 1242 φωνῇ
1300 1170 1634 1242 προσεοικὼς
1667 1173 1824 1242 ἐξήγ-

242 1266 400 1335 γελλε
434 1265 529 1318 τοῦ
556 1264 768 1334 Πατρδς
788 1264 887 1334 τὴν
917 1266 1004 1332 ἐφ’
1037 1264 1152 1334 Υἰῷ
1195 1263 1469 1334 βούλησιν.
1496 1265 1606 1316 Καὶ
1631 1265 1824 1336 ὅτιπερ

241 1356 327 1427 εἴη
367 1357 548 1426 τίμιος
582 1357 711 1427 παρ’
730 1355 900 1425 αὐτῷ.
929 1355 1078 1423 λέγει
1109 1355 1245 1426 πρὸς
1272 1356 1397 1417 τοὺς
1419 1355 1822 1425 ἀκροωμένουςο

250 1466 269 1498 ι
295 1448 370 1500 Ού
401 1447 467 1500 δι’
493 1448 594 1517 ἐμὲ
623 1448 656 1516 ἡ
691 1447 842 1516 φωνὴ
867 1445 1006 1516 αὕτη
1043 1446 1290 1513 γέγονεν,
1336 1446 1470 1498 ἀλλά
1496 1447 1562 1499 δι’
1601 1448 1763 1515 ὑμᾶς.
1800 1466 1820 1500 ι

243 1539 488 1609 Πρόσχες
515 1540 623 1608 γάρ
644 1538 888 1609 ἀκριϐῶς
905 1537 979 1601 ὼς
1001 1539 1099 1590 οὐκ
1124 1537 1344 1607 ἔφησεν,
1363 1540 1436 1591 Οὐ
1460 1538 1526 1591 δι’
1549 1539 1648 1607 ἐμὲ
1671 1537 1827 1591 λελά-

241 1631 410 1701 ληκεν
453 1633 481 1684 6
519 1632 728 1701 Πατὴρ,
788 1631 820 1700 ἦ
876 1630 1187 1702 ἐϐόησεν,ἢ
1242 1632 1430 1703 ἕτερόν
1476 1648 1526 1684 τι
1562 1630 1822 1694 τοιοῦτον,

243 1724 361 1775 ἀλλ’
390 1725 473 1777 ὅτι
501 1743 519 1776 ι
544 1724 618 1776 Οὐ
644 1723 712 1776 δι’
748 1722 847 1793 ἐμὲ
866 1723 1138 1792 γέγονενή
1168 1722 1340 1792 φωνὴ,
1364 1722 1500 1776 ἀλλὰ
1520 1722 1586 1774 δι’
1613 1723 1778 1792 ὑμᾶς.
1802 1741 1820 1772 ι

247 1817 310 1868 Εἰ
341 1815 518 1867 τοίνυν
550 1815 640 1868 διά
667 1831 812 1877 τινος
842 1813 993 1876 θείας
1016 1813 1300 1884 ἐνεργείας
1324 1814 1546 1881 γέγονεν
1580 1815 1613 1882 ή
1651 1812 1822 1882 φωνὴ,

252 1907 315 1960 ού
342 1906 430 1959 διὰ
465 1905 716 1977 Χριστὸν,
748 1906 823 1968 ὼς
845 1905 1008 1968 αὐτός
1043 1921 1227 1975 φησιν,
1267 1906 1400 1958 ἀλλὰ
1428 1904 1516 1957 διὰ
1541 1905 1667 1968 τοὺς
1701 1922 1827 1958 συν·
1863 1889 1904 1948 Β

252 1999 410 2060 όντας
456 1995 623 2066 αὐτῷ,
653 1996 940 2066 ἀμήχανον
969 1996 1026 2049 δὲ
1059 1992 1125 2066 ἦν
1166 1995 1487 2067 ἀνθρώπους
1518 1995 1678 2058 ὄντας
1709 1994 1828 2047 ἐτέ-

255 2108 362 2160 ρως
384 2088 642 2143 δύνασθαι
676 2088 869 2158 μαθεῖν
899 2087 990 2140 τοῦ
1014 2088 1224 2159 [ἰατρὸς
1245 2089 1344 2158 τὴν
1370 2087 1646 2157 βούλησιν,
1681 2089 1730 2140 εἰ
1757 2088 1830 2157 μὴ

247 2179 568 2251 ἀνθρωπεία
599 2179 734 2250 πρὸς
768 2179 965 2242 αὐτοὺς
996 2179 1217 2247 ἐγένετο
1247 2181 1436 2249 φωνή·
1468 2179 1522 2231 τί
1556 2179 1734 2248 μάτην
1765 2177 1833 2230 τά

248 2273 608 2342 οἰκονομικῶς
637 2271 897 2341 γεγονότα
933 2273 1026 2324 καὶ
1079 2271 1435 2340 ἀνθρωπίνως
1483 2269 1836 2339 διοικούμενα

251 2363 318 2419 δι’
339 2365 484 2432 ἡμᾶς
515 2363 676 2416 πάλιν
701 2362 995 2434 ἀναφέρεις
1033 2363 1126 2416 ἐπὶ
1164 2363 1268 2433 τὴν
1303 2361 1594 2431 ἀσώματον
1623 2360 1833 2424 οὐσίαν,

258 2453 649 2525 ῥιψοκινδύνως
675 2452 743 2505 τὰ
770 2455 836 2522 τῇ
864 2455 1066 2522 γενητῇ
1103 2452 1384 2520 πρέποντα
1429 2449 1590 2518 φύσει
1618 2451 1712 2504 καὶ
1745 2448 1838 2501 ἐπὶ

257 2547 355 2620 τὴν
379 2548 641 2618 ἀγένητον
666 2545 971 2612 ἀνατιθείς;

940 2827 1145 2880 AAAO.

553 2920 870 2984 Ἀντίθεσις
893 2918 974 2984 ὠς
1001 2918 1070 2971 ἐκ
1096 2889 1215 2970 τῶν
1236 2915 1554 2984 Εὐνομίαν.

329 3015 579 3070 Φαίνεται
627 3031 729 3067 που
778 3011 974 3078 λέγων,
1034 3010 1222 3078 φασιν,
1274 3010 1301 3060 6
1334 3007 1524 3077 Πατὴρ
1571 3003 1707 3076 πρὸς
1750 3003 1842 3059 τὸν

262 3108 419 3161 Υἰόν·
451 3123 469 3156 ι
507 3105 829 3174 Ποιήσωμεν
857 3100 1162 3170 ἄνθρωπον.
1199 3119 1216 3150 ι
1251 3097 1360 3149 Καὶ
1391 3097 1552 3159 αὐτὸς
1583 3094 1648 3166 δὴ
1678 3093 1843 3148 πάλιν

1925 627 2233 681 venientem
2278 630 2325 682 ei
2379 631 2673 696 rationem,
2727 649 2829 686 non
2871 637 3027 687 talem
3076 652 3199 689 esse
3247 639 3496 692 censebis

1923 716 2102 772 Patris
2167 734 2372 783 vocem,
2427 730 2483 773 ut
2530 723 2581 774 in
2643 723 2880 777 auditum
2939 728 3306 793 corporaliter
3349 728 3495 781 fera-

1925 820 2031 864 tur.
2115 810 2299 880 Neque
2359 813 2501 866 enim
2572 813 2716 866 solus
2788 814 3041 868 Dominus
3113 817 3320 870 audivit
3392 819 3496 870 Pa-

1926 912 2060 956 trem
2123 903 2392 956 dicentem
2427 920 2440 955 :
2490 923 2507 955 ‹
2553 904 2615 956 Ει
2651 903 2967 973 glorificavi,
3004 916 3054 958 et
3099 908 3298 960 iterum
3332 908 3498 976 glori-

1929 995 2122 1058 ficabo,
2163 1014 2182 1046 ι
2219 996 2310 1048 sed
2345 995 2510 1049 etiam
2543 996 2633 1064 qui
2686 996 2914 1049 Domino
2959 998 3206 1052 aderant.
3244 998 3499 1052 Christus

1930 1097 2112 1140 autem
2157 1087 2442 1141 manifeste
2487 1089 2686 1141 docens
2731 1087 2872 1154 quod
2905 1089 3124 1157 proprie
3161 1102 3224 1141 ac
3274 1098 3498 1141 natura-

1933 1178 2061 1232 liter
2105 1194 2212 1232 uou
2245 1188 2361 1232 erat
2415 1179 2590 1233 Patris
2642 1179 2727 1232 illa
2770 1195 2895 1242 vox,
2939 1179 3030 1231 sed
3080 1194 3244 1233 sonus
3281 1179 3498 1246 quidam

1935 1269 2048 1321 voci
2085 1268 2282 1322 similis
2327 1269 2630 1322 enuntiavit
2669 1269 2844 1323 Patris
2887 1270 2953 1322 de
2986 1268 3119 1321 Filio
3149 1269 3500 1324 voluntatem.

1945 1359 2109 1429 188
2141 1359 2292 1424 Quod
2322 1368 2500 1414 autem
2546 1375 2648 1413 non
2693 1360 2756 1412 ad
2800 1374 2859 1414 se
2901 1358 3038 1412 facta
3084 1359 3264 1424 fuerit,
3302 1360 3366 1414 ad
3411 1376 3503 1416 eos

1930 1452 2023 1520 qui
2074 1467 2196 1505 eum
2238 1467 2428 1504 sonum
2473 1450 2778 1513 audierant,
2813 1454 2884 1504 ita
2933 1453 3048 1506 ait:
3084 1470 3101 1502 ι
3140 1452 3251 1505 Non
3285 1459 3504 1521 propter

1930 1558 2015 1596 me
2056 1559 2154 1597 vox
2206 1544 2306 1598 ista
2344 1543 2484 1596 facta
2529 1553 2628 1606 est,
2664 1544 2756 1597 sed
2786 1556 3005 1610 prepter
3034 1559 3129 1597 vos
3156 1544 3219 1596 ³⁸.
3257 1562 3276 1595 ι
3314 1544 3505 1597 Anim-

1932 1636 2151 1689 adverte
2209 1635 2353 1689 enim
2406 1635 2710 1705 diligenter,
2764 1652 2871 1704 quo
2921 1643 3075 1703 pacto
3121 1651 3223 1688 non
3262 1636 3502 1689 dixerit:

1931 1727 2048 1782 Non
2088 1737 2312 1796 propter
2344 1742 2429 1781 me
2474 1727 2686 1782 locutus
2727 1737 2809 1782 est
2856 1725 3040 1789 Pater,
3087 1737 3178 1780 aut
3225 1727 3503 1791 clamavit,

1932 1829 2024 1871 aut
2045 1819 2246 1887 aliquid
2266 1819 2616 1888 ejuscemodi,
2648 1819 2766 1882 sed,
2799 1837 2816 1868 ι
2843 1818 2955 1871 Non
2992 1829 3214 1886 propter
3245 1833 3330 1871 me
3365 1817 3506 1872 facta

1932 1919 2014 1964 est
2048 1909 2161 1963 haec
2191 1924 2315 1974 vox,
2341 1909 2435 1962 sed
2466 1918 2688 1977 propter
2716 1924 2830 1963 vos.
2867 1929 2882 1959 ι
2922 1908 2978 1962 Si
3010 1924 3141 1975 ergo
3172 1907 3351 1962 divina
3373 1923 3509 1976 qua-

1933 2001 2054 2053 dam
2091 1998 2330 2052 efficacia
2360 2013 2463 2052 vox
2501 1997 2586 2050 illa
2629 1997 2770 2050 facta
2818 2013 2920 2050 non
2960 2007 3178 2067 propter
3205 1997 3506 2062 Christum,

1935 2101 1996 2144 ut
2047 2090 2276 2157 ipsemet
2326 2098 2592 2152 testatur,
2634 2089 2726 2142 sed
2776 2097 2996 2156 propter
3052 2103 3147 2142 eos
3188 2087 3278 2156 qui
3321 2089 3367 2142 ei
3413 2089 3510 2140 ad-

1935 2191 2108 2244 erant,
2157 2179 2492 2249 impossibile
2534 2196 2660 2234 vero
2687 2189 2834 2244 erat,
2867 2195 2986 2232 cum
3025 2180 3271 2233 homines
3306 2189 3512 2242 essent,

1939 2284 1997 2328 ut
2035 2273 2373 2325 voluntatem
2426 2270 2605 2324 Patris
2657 2269 2764 2322 alia
2803 2269 3013 2322 ratione
3065 2267 3356 2330 discerent,
3408 2266 3511 2318 uisi

1939 2365 2176 2418 humana
2207 2376 2339 2417 voce
2364 2361 2729 2437 ducerentur:
2761 2361 2887 2428 quid
2922 2359 3124 2412 frustra
3181 2371 3299 2427 qua:
3349 2357 3518 2410 ratio-

1941 2471 2010 2510 ne
2063 2454 2457 2508 iucarnationis
2510 2462 2566 2506 et
2619 2454 2856 2506 humano
2942 2466 3090 2506 more
3136 2450 3515 2504 administrata

1943 2553 2073 2600 sunt
2099 2545 2271 2598 nostri
2294 2559 2480 2608 causa,
2515 2543 2582 2596 ad
2607 2545 2984 2610 incurpoream
3008 2545 3299 2596 essentiam
3322 2541 3516 2603 refers,

1947 2636 2234 2692 temerarie
2264 2636 2552 2690 admodum
2572 2651 2688 2704 qua:
2709 2642 2904 2690 creata:
2928 2642 3135 2689 natura:
3167 2632 3518 2698 conveniunt,

1946 2729 2203 2783 increata:
2242 2728 2524 2783 tribuens?

2610 2819 2840 2875 ALIUD.

2447 2910 2685 2980 Objectio
2729 2910 2998 2964 Eunomii.

2019 3005 2299 3060 Invenitur
2335 3005 2559 3071 alicubi,
2595 3005 2868 3073 inquiunt,
2906 3002 3070 3057 Pater
3106 3003 3169 3055 ad
3204 3002 3402 3056 Filium
3437 3002 3523 3054 di-

1949 3109 2125 3149 cens:
2180 3113 2198 3146 ι
2245 3095 2534 3148 Faciamus
2590 3094 2864 3148 hominem
2892 3094 2959 3145 ³³.
2997 3110 3015 3144 ι
3063 3093 3125 3145 Ει
3157 3093 3271 3161 ipse
3314 3107 3526 3145 rursum

262 3201 290 3252 6
318 3197 509 3269 Σωτὴρ
548 3196 682 3266 πρὸς
727 3193 1010 3255 Ἰουδαίους
1035 3192 1417 3261 διαλεγόμενος
1450 3190 1602 3256 λέγει
1629 3204 1643 3219 ⁸
1676 3207 1692 3238 ι
1715 3183 1841 3240 Ἀπ’

1955 3186 2212 3241 Servator
2241 3185 2456 3241 Judaeos
2487 3185 2791 3254 alloquens,
2818 3184 2950 3239 dicit
2983 3202 2996 3236 :
3032 3203 3051 3235 ι
3091 3183 3205 3253 Ego
3236 3199 3264 3236 a
3301 3199 3385 3236 me
3413 3185 3529 3251 ipso

262 3290 503 3364 ἐμαυτοῦ
535 3290 596 3342 οὐ
617 3287 785 3351 λαλῶ,
809 3286 927 3340 ἀλλ’
947 3287 1048 3338 ὅσα
1074 3285 1280 3354 ἥκουσα
1311 3280 1463 3353 παρὰ
1490 3280 1581 3334 τοῦ
1610 3279 1844 3349 Πατρὸς,

263 3383 436 3437 ταῦτα
466 3379 796 3449 ἀπαγγέλλω
826 3379 975 3448 ὑμῖν.
1005 3395 1022 3426 ι
1056 3371 1182 3445 'A9'
1202 3369 1296 3427 οὖν
1321 3372 1473 3435 εἴτις
1502 3372 1646 3442 ὑμᾶς
1667 3369 1847 3441 ἔροιτο

261 3476 393 3539 τώς
416 3474 508 3527 ἐπὶ
538 3472 828 3543 δογμάτων
866 3467 1121 3539 ὀρθότητι
1147 3463 1717 3536 μεγαλαυχουμένους,
1747 3460 1847 3512 πό-

261 3567 422 3640 τερόν
455 3583 583 3619 ποτε
617 3563 694 3627 ὡς
727 3562 862 3633 πρὸς
897 3559 1076 3612 εἰδότα
1122 3557 1213 3610 τὸν
1248 3555 1374 3611 Υἰδν
1421 3557 1448 3608 6
1495 3551 1685 3623 Πατὴρ
1711 3552 1848 3621 ὅπερ

265 3660 486 3730 ἔμελλεν
516 3659 660 3728 ἐρεῖν
698 3654 1040 3720 διαλέγεται,
1086 3651 1118 3720 ἢ
1153 3650 1228 3712 ὼς
1256 3648 1392 3719 πρὸς
1440 3647 1516 3717 μὴ
1555 3645 1755 3707 εἰδότα,
1794 3644 1847 3696 τί

264 3751 330 3806 ἂν
355 3746 742 3820 ἀποκρίνοισθε
769 3763 784 3812 ;
834 3746 897 3796 Εἰ
932 3743 1030 3814 μὲν
1057 3737 1149 3795 οὖν
1173 3742 1274 3794 οὐκ
1305 3737 1436 3803 οἶδε,
1496 3736 1759 3807 μανθάνει
1790 3735 1850 3788 δὲ

264 3845 385 3897 τότε
418 3838 706 3894 ὅτανὸτοῦ
743 3836 956 3907 Πατρός
1006 3835 1165 3903 λόγος
1222 3833 1360 3903 πρὸς
1407 3831 1566 3884 αὐτὸν
1620 3830 1848 3899 γένηται

267 3933 397 4006 περί
430 3950 597 3997 τινος,
619 3930 803 4001 ἕτερός
827 3930 943 3980 ἐστι
975 3927 1126 3997 παρὰ
1163 3924 1253 3978 τὸν
1284 3923 1413 3975 ὄντα
1455 3923 1616 3990 φύσει
1641 3937 1654 3951 °
1710 3920 1852 4006 εἰδὲ

268 4005 397 4087 οἶδε,
425 4020 540 4083 πῶς
572 4020 672 4072 οὐκ
710 4015 928 4088 ἀμαθὲς
962 4016 1056 4067 καὶ
1111 4012 1335 4080 ἀνόητον
1378 4009 1440 4062 τὸ
1487 4008 1623 4077 πρὸς
1673 4005 1850 4058 εἰδότα

266 4117 448 4184 λέγειν
485 4113 674 4182 ὥσπερ
717 4111 816 4164 οὐκ
859 4107 1076 4172 εἰδότας
1128 4104 1240 4157 Καὶ
1275 4103 1360 4155 ἐπ’
1409 4100 1711 4173 ἀνθρώπων
1743 4097 1852 4168 γὰρ

267 4210 369 4262 οὐκ
415 4207 519 4272 ἔξω
562 4205 722 4273 λόγου
754 4202 820 4255 τὸ
864 4199 1107 4254 τοιοῦτον
1138 4199 1397 4252 κείσεται.
1457 4196 1520 4246 Εἰ
1561 4193 1617 4246 δὲ
1650 4192 1852 4245 ἄτοπον

271 4298 499 4369 τοιούτῳ
528 4298 636 4349 τινὶ
672 4292 1026 4366 περιπίπτειν
1067 4291 1235 4359 φάναι
1269 4289 1359 4340 τὸν
1390 4286 1544 4348 Θεὸν,
1582 4284 1738 4354 δῆλον
1771 4284 1852 4335 ὅτι

271 4393 346 4456 ὡς
373 4391 511 4462 πρὸς
553 4390 654 4442 οὐκ
687 4386 862 4439 εἰδότα
904 4385 1073 4452 λέγει.
1125 4379 1262 4433 Ούτε
1305 4373 1396 4431 οὖν
1439 4377 1601 4439 αὐτός
1634 4377 1782 4427 ἐστιν
1827 4374 1855 4425 6

273 4477 576 4540 ἐνδιάθετος
633 4476 826 4544 Λόγος,
861 4473 985 4526 οὔτε
1038 4471 1144 4542 μὴν
1184 4465 1322 4522 οἶδεν
1376 4467 1520 4536 ἆπερ
1555 4463 1800 4535 βούλεται
1827 4463 1855 4514 6

1952 3288 2058 3326 non
2111 3272 2323 3340 loquor.
2361 3273 2454 3326 sed
2487 3287 2605 3340 qua:
2645 3271 2825 3325 audivi
2875 3287 2904 3325 a
2947 3271 3128 3338 Patre,
3181 3273 3296 3326 hazc
3339 3277 3530 3326 nuntio

1952 3366 2103 3420 vobis
2125 3365 2188 3418 ³³.
2214 3382 2232 3416 ι
2274 3364 2329 3418 Si
2363 3363 2486 3434 quis
2517 3364 2680 3433 igitur
2711 3365 3008 3432 interroget
3043 3379 3158 3429 vos,
3182 3365 3271 3430 qui
3303 3364 3530 3430 dogma-

1953 3469 2064 3513 ttnn
2094 3458 2423 3512 rectitudine
2452 3456 2781 3525 gloriamini,
2823 3465 3004 3510 utrum
3039 3457 3105 3509 ad
3144 3457 3404 3510 scientem
3440 3455 3532 3508 Fi-

1951 3550 2079 3603 lium
2109 3547 2271 3602 Pater
2299 3548 2442 3616 quod
2468 3546 2718 3600 dicturus
2745 3554 2888 3607 erat,
2923 3560 2988 3596 an
3019 3559 3148 3598 vero
3178 3545 3244 3596 ad
3277 3543 3530 3597 nescien-

1956 3650 2062 3694 tem
2111 3641 2325 3694 locutus
2367 3640 2459 3701 sit,
2517 3637 2772 3706 quidnam
2829 3635 3240 3704 respondeatis?
3293 3634 3422 3688 Nam
3487 3635 3534 3689 si

1954 3731 2213 3794 nescivit,
2255 3744 2319 3783 ac
2380 3739 2490 3782 tum
2537 3727 2770 3797 primum
2818 3725 3024 3787 didicit,
3077 3724 3293 3794 quando
3354 3725 3535 3778 Patris

1953 3836 2134 3876 sermo
2165 3821 2439 3888 quapiam
2478 3820 2544 3873 de
2579 3834 2636 3872 re
2667 3819 2731 3871 ad
2769 3817 2915 3871 illum
2948 3815 3165 3869 habitus
3193 3825 3296 3879 est,
3359 3815 3536 3868 diver-

1955 3930 2048 3970 sus
2093 3915 2198 3967 erit
2255 3913 2322 3966 ab
2355 3926 2418 3964 eo
2461 3911 2550 3979 qui
2597 3917 2787 3964 natura
2819 3908 3076 3963 exsistit:
3105 3907 3149 3960 si
3189 3922 3318 3961 vero
3357 3907 3534 3971 scivit,

1965 4007 2236 4077 quomodo
2270 4021 2375 4060 non
2413 4004 2577 4058 fuerit
2620 4002 2910 4057 absurdum
2951 4001 3016 4054 ad
3060 4001 3320 4055 scientem
3363 4000 3533 4066 loqui,

1965 4110 2223 4170 tanquam
2257 4115 2362 4153 non
2397 4095 2696 4153 scientem?
2724 4095 2882 4163 Atqui
2915 4093 3076 4149 etiam
3109 4093 3250 4146 inter
3279 4091 3536 4144 homines

1956 4193 2060 4246 hoc
2098 4192 2382 4245 ridiculum
2415 4189 2598 4242 fuerit.
2625 4186 2756 4240 Cum
2789 4180 2955 4254 igitur
2994 4183 3284 4236 absurdum
3313 4181 3383 4234 sit
3418 4180 3519 4234 hoc

1960 4285 2068 4338 Deo
2118 4283 2378 4346 tribuere,
2449 4280 2789 4334 manifestum
2834 4285 2937 4341 est,
2977 4276 3043 4328 ad
3100 4289 3202 4327 non
3251 4273 3514 4326 scientem

1981 4375 2222 4430 loculum
2272 4373 2459 4428 fuisse.
2503 4371 2616 4425 Non
2651 4377 2734 4425 est
2768 4369 2930 4437 igitur
2971 4368 3086 4436 ipse
3125 4363 3350 4419 Verbum
3391 4363 3536 4416 Patri

1983 4467 2230 4528 insitum,
2275 4479 2449 4532 neque
2491 4462 2736 4516 scivissct
2768 4475 2886 4528 qure
2919 4457 3030 4510 vult
3071 4456 3212 4510 Deus
3258 4469 3321 4509 ac
3355 4454 3534 4518 Pater,

276 4571 406 4634 Θεὸς
440 4571 534 4624 καὶ
561 4568 774 4639 Πατὴρ,
822 4567 869 4618 εἰ
921 4564 996 4636 μὴ
1028 4565 1241 4632 γένοιτο
1288 4558 1424 4630 πρὸς
1473 4555 1637 4610 αὑτὸν
1667 4555 1694 4606 6
1727 4570 1838 4624 παρ

1971 4557 2074 4612 nisi
2123 4570 2303 4611 sermo
2333 4554 2513 4608 Patris
2554 4555 2618 4607 ad
2651 4548 3067 4622 ipsuntjiabitus
3100 4546 3310 4601 fuisset.

278 4663 440 4724 αὐτοῦ
469 4662 646 4729 λόγος.

769 4773 924 4844 Πρὸς
948 4771 1125 4826 τοῦτο
1161 4770 1362 4833 λύσις.

353 4894 516 4947 Οὐδὲν
540 4885 632 4945 οὖν
653 4890 838 4943 διοίσει
869 4884 1166 4957 προφητῶν
1194 4886 1221 4937 6
1249 4883 1306 4934 ὲν
1347 4879 1654 4951 προφήταις
1686 4877 1859 4930 λαλῶν

283 4981 374 5038 τοῦ
403 4980 537 5034 Θεοῦ
569 4981 759 5048 Λόγος,
789 4978 884 5030 καὶ
911 4976 980 5028 τὰ
1013 4973 1246 5042 ἐσόμενα
1275 4968 1607 5040 προμηνύων
1638 4968 1821 5028 αὐτοῖς
1844 4982 1858 4996 ο

284 5073 346 5125 οὐ
376 5071 485 5141 γὰρ
516 5065 660 5139 εἶχον
693 5068 752 5134 ἐξ
793 5063 1001 5120 ἑαυτῶν
1036 5062 1097 5116 τὸ
1127 5061 1326 5114 εἰδέναι
1365 5059 1568 5112 ταῦτα·
1620 5057 1767 5127 μόνῳ
1805 5056 1862 5108 δὲ

287 5163 516 5237 ἁρμόζει
543 5162 665 5230 Θεῷ
700 5159 972 5230 ἐσομένων
995 5158 1031 5227 ἡ.
1062 5155 1384 5226 πρόγνωσις.
1419 5151 1528 5204 Καὶ
1548 5150 1598 5202 τί
1629 5150 1866 5219 ποιήσωα

290 5274 411 5328 μεν,
445 5254 538 5308 τοῦ
581 5253 788 5324 Κυρίου
827 5250 1017 5319 σαφῶς
1057 5247 1250 5303 ἑαυτὸν
1297 5245 1396 5316 τῆς
1447 5241 1584 5314 πρὸς
1627 5240 1866 5302 ἐκείνους

291 5348 536 5419 ἰσότητος
569 5343 1045 5416 ἀποδιορίζοντος;
1094 5340 1160 5392 δι’
1190 5330 1265 5392 ὧν
1316 5335 1460 5389 οὓτω
1513 5334 1679 5404 φησίν
1699 5348 1713 5363 ο
1753 5351 1772 5384 ι
1805 5333 1866 5385 Εἰ

290 5438 530 5502 ἐκείνους
560 5433 682 5491 εἷπε
715 5435 892 5499 θεοὺς,
923 5432 1056 5504 πρὸς
1086 5429 1179 5494 οὓς
1215 5433 1244 5483 6
1272 5428 1428 5496 λόγος
1457 5426 1550 5479 τοῦ
1580 5423 1715 5478 Θεοῦ
1746 5425 1867 5494 ἐγέ-

365 5594 405 5625 ³¹
433 5591 590 5647 Joan.
623 5605 725 5655 xu,
748 5589 838 5643 30.
914 5588 958 5620 ³³
983 5586 1118 5642 Gen.
1158 5601 1196 5650 ι,
1227 5583 1316 5638 26.
1394 5582 1440 5613 ³³
1464 5579 1618 5635 Joan.
1659 5596 1753 5645 xu,
1783 5581 1868 5636 49.

2465 4756 2671 4812 Salutio
2717 4755 3039 4824 objectionis.

2033 4874 2174 4930 Nihil
2219 4873 2384 4943 igitur
2435 4871 2648 4925 differet
2690 4885 2718 4923 a
2765 4868 3043 4938 prophetis
3084 4865 3321 4920 Verbum
3358 4864 3450 4918 Dei
3489 4865 3539 4915 in

1973 4969 2251 5041 prophetis
2291 4967 2516 5035 loquens
2562 4973 2615 5018 et
2658 4962 2836 5016 futura
2885 4961 2964 5014 eis
2997 4957 3337 5028 praedicens:
3372 4969 3546 5022 neque

1969 5063 2111 5116 enim
2162 5077 2229 5114 ex
2279 5058 2479 5127 seipsis
2517 5057 2710 5109 horum
2773 5053 3020 5107 notitiam
3074 5048 3388 5102 habebant:
3441 5047 3542 5099 soli

1975 5167 2208 5220 namque
2261 5151 2371 5203 Deo
2423 5146 2674 5202 convenit
2730 5144 3030 5197 futurorum
3084 5138 3365 5206 prmnotio.
3407 5134 3544 5202 Quid

1968 5260 2096 5298 vero
2129 5242 2409 5302 faciemus,
2434 5253 2556 5293 cum
2585 5236 2842 5291 Dominus
2895 5231 3181 5287 manifeste
3227 5245 3286 5283 se
3330 5231 3398 5282 ab
3432 5229 3546 5282 ilio-

1970 5351 2084 5389 rum
2133 5332 2483 5388 similitudine
2532 5329 2770 5384 eximat?
2823 5328 2914 5380 ita
2967 5325 3194 5378 dicens:
3241 5340 3259 5373 ι
3319 5320 3374 5376 Si
3429 5321 3548 5374 illos

1972 5427 2107 5480 dixit
2139 5426 2269 5480 deos
2295 5423 2362 5477 ad
2392 5437 2526 5492 quos
2552 5436 2732 5476 sermo
2761 5419 2854 5474 Dei
2882 5418 3054 5472 factus
3081 5427 3186 5481 est,
3219 5423 3274 5469 et
3309 5427 3415 5468 non
3448 5428 3549 5482 po-

1535 5711 1550 5730 ο

367 5772 443 5838 (l)
477 5769 566 5823 Sic.
595 5769 827 5824 Cotcler.
861 5768 910 5821 in
934 5764 1260 5838 Monumalt}.
1295 5761 1358 5816 (ἶ.
1385 5760 1592 5824 ΙΙ,591.
1800 5757 1840 5809 Α

1948 5802 1960 5826 ,
1991 5759 2078 5813 τὸν
2110 5757 2271 5811 αὑτὸν
2313 5757 2431 5809 κατ’
2465 5752 2688 5823 ἄλληλον
2716 5750 2889 5819 λόγον.
2923 5746 3059 5802 Nam
3086 5746 3128 5799 si
3155 5745 3208 5798 in
3245 5751 3435 5797 natura
3463 5737 3546 5793 in-

297 5831 547 5911 ‘0'11’5'1‘0
589 5841 701 5907 ﬁeri
735 5838 854 5892 velis
891 5845 1128 5891 mutuum
1169 5835 1302 5888 hunc
1340 5845 1646 5887 sermonem.
1685 5831 1839 5883 lion.
