4072 6502
204 367 300 426 5‘21

1581 349 2023 407 THESAURL'S.

3351 339 3457 397 5'22

211 505 230 538 ι
267 483 412 551 Ἐγὼ
434 481 529 534 καί⁵
561 483 591 534 6
625 480 817 549 Πατὴρ
845 477 903 531 ἐν
933 476 1118 546 ἐσμεν.
1151 490 1171 526 ι
1204 470 1327 536 Πῶς
1368 470 1426 524 δὲ
1469 468 1787 541 ἀπαράλλα-

1909 469 2051 524 ?ater
2086 481 2249 523 unum
2294 478 2483 522 sumus
2512 464 2595 517 ³⁸⁸3
2643 463 2751 517 Aut
2790 476 2899 533 quo
2933 467 3092 533 pacto
3126 458 3231 515 erit
3276 460 3455 515 omni-

204 592 336 639 κτος
372 572 539 625 εἰκὼν
565 570 719 625 ἔσται
746 567 841 622 τοῦ
876 563 1286 636 γεγεννηκότος,
1318 563 1366 615 εί
1408 560 1660 632 καθάπερ
1686 558 1781 612 ἀν-

205 665 429 735 θρωπος
449 662 645 733 ἀγνοίᾳ
672 660 949 731 κρατεῖται
970 672 985 722 ;
1004 656 1125 727 Χρὴ
1153 655 1262 725 γὰρ
1284 654 1499 715 πάντως
1522 651 1556 722 ἢ
1580 649 1784 705 καὶτὸν

208 755 433 825 Πατέρα
463 754 641 821 λέγειν
664 769 717 804 τι
752 750 862 802 τῶν
905 748 1179 816 ἐσομένων
1210 743 1502 814 ἀγνοεῖν,ἢ
1532 746 1580 796 εί
1608 742 1785 795 πάντα

208 846 494 914 γινώσκει,
514 845 609 898 καὶ
632 841 815 897 είκόνα
843 840 941 911 τῆς
970 840 1105 903 ἰδίας
1131 839 1429 908 ἀῖδιότητος
1448 836 1523 905 (l)
1561 834 1673 905 ἔχει
1696 834 1784 885 τὸν

212 940 363 1004 Υίὸν,
394 938 653 992 ἀδύνατον
688 936 764 1006 μὴ
787 933 1043 1004 τοιαύτην
1072 932 1216 1003 ἔχειν
1243 931 1406 986 αὐτὸν
1440 929 1540 1000 τὴν
1565 927 1783 997 γνῶσιν,

212 1030 407 1082 ὁποίαν
429 1027 524 1081 καὶ
549 1028 578 1080 6
602 1026 812 1098 Πατὴρ,
848 1018 910 1079 οὗ
942 1026 1035 1079 καὶ
1059 1024 1175 1079 ἐστι
1200 1022 1481 1097 χαρακτὴρ
1507 1020 1600 1075 καὶ
1624 1018 1788 1072 εἰκὼν

213 1118 648 1191 ἀπαράλλακτος.

513 1228 826 1293 Αντίθεσις
853 1227 936 1294 ὡς
964 1228 1033 1281 ἐκ
1060 1228 1165 1281 τοῦ
1184 1228 1504 1298 Ελὺνομίου.

283 1339 392 1392 Καὶ
415 1339 503 1401 τίς
530 1337 695 1403 οὕτω,
731 1338 918 1409 φησὶν,
947 1338 1164 1410 ἀμαθὴς
1206 1339 1281 1403 ὡς
1318 1340 1586 1411 τολμῆσαι
1612 1342 1792 1411 λέγειν

1892 559 2050 612 moda
2084 555 2382 611 similitudo
2397 551 2597 618 Patris,
2625 552 2669 607 si
2692 551 2914 622 perinde
2928 560 3088 621 atque
3112 549 3277 606 homo
3305 550 3458 618 igno-

1891 650 2064 703 rantia
2096 647 2347 702 laborat?
2376 643 2752 700 Necessarium
2796 643 2940 699 enim
2982 650 3084 706 est,
3132 650 3192 696 ut
3221 649 3313 694 aut
3352 638 3458 693 Pa-

1894 726 2279 810 trem'aliquid
2329 739 2628 793 futurorum
2676 736 2927 805 ignorare
2959 733 3241 788 dicamus:
3276 740 3368 785 aut
3409 730 3452 783 si

1890 836 2072 888 omnia
2124 832 2294 897 novit,
2340 839 2395 885 et
2447 827 2734 898 imaginem
2770 822 3091 879 aeternitatis
3141 837 3249 876 sua:
3295 820 3459 875 habet

1890 925 2112 990 Filium,
2171 923 2284 977 ﬁeri
2330 936 2436 976 non
2469 928 2668 989 potest,
2699 916 2827 985 quin
2867 914 3055 968 eadem
3095 911 3351 981 prazditus
3387 912 3457 964 sit

1894 1016 2081 1070 notitia
2114 1030 2219 1084 qua
2246 1012 2430 1077 Pater,
2469 1009 2623 1079 cujus
2654 1010 2940 1064 character
2971 1012 3076 1069 est,
3110 1011 3165 1060 et
3192 1004 3458 1059 omnimo-

1891 1111 1957 1165 da
1989 1106 2287 1164 similitudo
2310 1106 2377 1161 ⁸⁷.

2399 1214 2638 1284 Objectio
2674 1212 2946 1267 Eunomii.

1964 1332 2130 1401 Atqui
2166 1331 2414 1402 quisnam
2451 1329 2586 1383 adeo
2614 1327 2896 1396 imperitus
2929 1324 3112 1391 fuerit,
3140 1324 3237 1387 ait,
3268 1333 3325 1377 nt
3361 1339 3459 1376 ano

209 1429 280 1482 τὰ
329 1428 571 1497 ὀνόματα
610 1428 750 1480 κατὰ
798 1428 1140 1498 πραγμάτων
1198 1428 1450 1500 κείμενα,
1512 1432 1587 1503 μὴ
1625 1432 1789 1504 ἕτερα

1909 1425 2021 1479 leat
2054 1425 2260 1490 dicere,
2297 1422 2513 1477 nomina
2543 1436 2662 1490 qua:
2695 1419 2858 1473 rebus
2890 1418 3134 1487 imposita
3165 1425 3307 1481 sunt,
3354 1432 3459 1469 non

211 1516 354 1574 εἶναι
396 1522 527 1592 παρ’
566 1522 734 1585 αὑτάς
777 1521 907 1573 Ἰδοὺ
950 1520 1058 1591 γάρ
1083 1562 1097 1585 ,
1133 1523 1161 1573 6
1194 1521 1293 1591 μὲν
1347 1522 1593 1593 οὐρανὸς,
1631 1523 1789 1595 ἔργον

1909 1532 2014 1571 asse
2051 1517 2263 1571 diversa
2299 1529 2330 1568 a
2365 1516 2522 1568 rebus
2554 1513 2721 1583 ipsis?
2765 1510 2898 1566 Nam
2947 1511 3165 1574 cmlum,
3211 1523 3460 1577 magnum

210 1613 357 1666 οὕτω
391 1614 533 1682 μέγα
560 1614 653 1665 καὶ
687 1612 963 1683 ἐξαίρετον
990 1611 1128 1664 Θεοῦ
1154 1629 1168 1642 ο
1200 1612 1262 1665 τὸ
1307 1613 1365 1666 δὲ
1394 1613 1564 1685 ὄνομα
1586 1654 1601 1679 ,
1630 1614 1698 1666 δι’
1731 1608 1792 1668 οὗ

1909 1609 2025 1663 illud
2058 1619 2218 1678 atque
2248 1607 2503 1662 eximium
2539 1606 2632 1660 Dei
2663 1621 2823 1674 opus,
2854 1604 2998 1658 aliud
3046 1613 3129 1657 est
3170 1616 3200 1654 a
3250 1600 3465 1654 nomine

217 1703 568 1773 σημαίνεται,
596 1703 779 1771 ἕτερόν
819 1703 937 1756 ἐστι
965 1704 1098 1773 παρ’
1125 1702 1316 1755 αὐτόν·
1351 1704 1445 1755 καὶ
1474 1704 1796 1774 γνωσόμεθα

1909 1712 2002 1766 quo
2036 1697 2392 1766 signiﬁcatur,
2431 1697 2573 1766 quod
2615 1695 2832 1764 quidem
2886 1694 3009 1748 inde
3051 1704 3461 1762 cognoscemus.

216 1795 376 1847 τοῦτο
407 1792 674 1848 ἐντεῦθεν.
712 1793 769 1847 '0
815 1794 911 1864 μὲν
943 1792 1053 1865 γὰρ
1086 1791 1315 1863 οὐρανὸς
1370 1792 1603 1863 πρᾶγμά
1649 1795 1795 1847 ἐστιν

1909 1787 2032 1841 Nam
2079 1786 2274 1841 cci-lum
2323 1800 2408 1839 res
2438 1795 2521 1839 est
2552 1785 2804 1849 visibilis,
2837 1798 3029 1837 nomen
3066 1795 3194 1835 vero
3224 1778 3297 1832 illi
3332 1778 3466 1830 iudi-

218 1884 436 1955 ὁρατὸν,
461 1884 521 1937 τὸ
541 1883 597 1937 δὲ
627 1886 713 1938 ἐπ’
743 1884 891 1954 αὑτῷ
915 1884 1166 1955 κείμενον
1196 1884 1365 1954 ὄνομα
1384 1885 1445 1936 οὐ
1468 1885 1590 1946 ταῖς
1610 1883 1797 1953 ὄψεσιν

1909 1886 2011 1929 tum
2046 1876 2100 1930 in
2129 1882 2409 1945 aspectum
2444 1889 2550 1928 non
2580 1874 2743 1938 cadit,
2764 1873 2857 1927 sed
2892 1879 3097 1925 tantum
3128 1868 3312 1923 auditu
3343 1882 3466 1937 per-

223 1976 540 2043 ὑποπίπτει,
568 1977 685 2029 ἀλλ’
721 1976 837 2029 ἐστι
865 1976 1023 2047 μόνον
1053 1975 1340 2029 ἀκουστόν.
1376 1976 1489 2029 Οὐκ
1514 1971 1606 2028 οὖν
1629 1976 1714 2027 διὰ
1740 1976 1799 2028 τὸ

224 2067 475 2137 λέγεσθαι
511 2069 680 2137 Λόγος
705 2070 734 2120 6
760 2067 912 2133 Υἱὸς,
952 2067 1169 2131 πάντως
1209 2068 1329 2120 ἐστὶ
1376 2066 1536 2119 τοῦτο
1570 2066 1598 2119 ὂ
1620 2066 1799 2119 νοοῦσι

226 2175 401 2224 τινες,
434 2158 568 2211 ἀλλά
601 2159 846 2212 καλεῖται
896 2158 994 2231 μὲν
1026 2158 1220 2227 Λόγος,
1256 2158 1374 2211 ἐστι
1421 2158 1476 2211 δὲ
1531 2156 1717 2228 ἕτερόν
1746 2175 1801 2211 τι

226 2249 367 2303 κατά
385 2249 564 2319 φύσιν.

702 2358 856 2428 Πρὸς
896 2357 1084 2412 ταῦτα
1112 2358 1317 2423 λύσις.

294 2466 518 2544 Σιωπᾷν
552 2473 679 2535 ἔδει,
725 2473 820 2524 καὶ
876 2471 1041 2541 μηδὲν
1088 2468 1481 2539 ἀποκρίνεσθαι
1526 2468 1659 2538 πρὸς
1704 2467 1803 2538 τὴν

220 2567 399 2627 οὓτως
424 2564 650 2634 ἀνόητον
676 2562 769 2615 τοῦ
800 2562 959 2628 λόγου
991 2562 1359 2631 κατασκευήν.
1399 2561 1587 2630 Ὅμως
1619 2560 1664 2612 δ’
1711 2555 1804 2611 οὖν

221 2654 530 2726 ἐρωτητέωι
560 2654 685 2716 τοὺς
712 2654 826 2705 ὅσοι
851 2652 920 2705 τὰ
942 2651 1167 2704 τοιαῦτά
1198 2667 1384 2719 φασιν,
1414 2652 1459 2702 εί
1493 2650 1567 2721 μὴ
1595 2649 1664 2702 τὰ
1691 2652 1805 2703 6V6-

228 2758 379 2813 ματα
407 2740 611 2810 κυρίως
638 2739 781 2793 κατά
817 2740 1158 2810 πραγμάτων
1202 2740 1461 2811 κείμενα,
1493 2740 1589 2803 τάς
1618 2740 1805 2804 οὐσίας

224 2833 410 2885 αὐτῶν
443 2834 720 2901 σημαίνει,
740 2831 843 2883 κᾶν
865 2830 1028 2903 ἕτερα
1053 2830 1205 2902 παρὰ
1225 2832 1399 2884 ταῦτα
1412 2833 1675 2903 τυγχάνῃ.
1698 2834 1805 2885 Καὶ

223 2925 361 2995 γοῦν
384 2924 445 2977 τὸ
472 2923 753 2992 ἄνθρωπος
775 2922 964 2991 ὄνομα,
987 2922 1241 2992 σημαίνει
1274 2922 1373 2990 μὲν
1399 2922 1494 2974 τοῦ
1519 2923 1803 2993 ἀνθρώπου

226 3016 330 3085 τὴν
355 3012 536 3083 φύσιν,
567 3012 754 3081 ἕτερον
780 3010 837 3063 δέ
862 3011 913 3063 τί
940 3012 1057 3063 ἐστι
1086 3010 1216 3081 παρ’
1251 3011 1438 3063 αὐτόν.
1491 3011 1549 3063 Ὀ
1574 3011 1673 3081 μὲν
1699 3012 1805 3081 γὰρ

227 3105 514 3176 ἄνθρωπος
541 3103 774 3175 πρᾶγμα
798 3100 1016 3172 ὁρατὸν,
1039 3100 1099 3154 τὸ
1130 3101 1186 3154 δὲ
1216 3100 1303 3153 ἐπ’
1330 3100 1480 3171 αὑτῷ
1508 3101 1677 3171 ὄνομα
1708 3102 1805 3172 μό-

227 3214 322 3252 νον
366 3196 647 3249 ἀκουστόν.
701 3192 911 3247 Οὐκοῦν
968 3192 1022 3245 εἴ
1048 3209 1132 3256 τις
1183 3190 1473 3263 ἄνθρωπον
1507 3192 1802 3263 ὀνομάσαι,

231 3285 422 3358 ἐπειδὴ
472 3286 547 3357 μὴ
590 3286 747 3339 τοῦτό
799 3286 915 3338 ἐστι
947 3284 1163 3347 πάντως
1203 3283 1231 3336 6
1266 3284 1519 3354 σημαίνει
1548 3282 1803 3355 τοῦνομα,

230 3378 375 3432 κατά
395 3378 485 3431 τὸν
518 3378 741 3430 ἐκείνων
774 3374 1156 3445 συλλογισμὸν,
1187 3375 1373 3445 ἕτερόν
1392 3393 1445 3428 τι
1472 3375 1680 3443 νοείτω,
1716 3377 1809 3429 καὶ

236 3470 314 3541 μὴ
336 3469 552 3532 πάντως
582 3469 743 3522 τοῦτο
780 3468 808 3520 ὃ
842 3467 1095 3537 σημαίνει
1116 3464 1375 3536 τοῦνομα.
1418 3466 1481 3519 El
1522 3465 1580 3518 δὲ
1612 3466 1810 3536 μανίας

232 3559 539 3629 ἀνάμεστον
558 3559 719 3612 τοῦτό
746 3575 830 3627 γε,
860 3558 960 3611 οὐκ
985 3555 1319 3627 ἁποόλητέον
1356 3556 1454 3620 τὰς
1482 3557 1590 3610 τῶν
1613 3558 1810 3628 ὀνομά-

234 3666 346 3702 των
375 3649 732 3719 κυριολογίας,
754 3648 876 3700 οὐδὲ
900 3647 1087 3717 ἕτερόν
1120 3664 1173 3699 τι
1201 3646 1350 3719 παρὰ
1378 3647 1438 3699 τὸ
1475 3648 1811 3717 σημαινόμε-

236 3757 327 3793 νον
365 3740 432 3793 δι*
460 3740 637 3792 αὐτῶν
657 3738 874 3809 νοητέον
892 3754 905 3767 ·
940 3737 1170 3808 ἀργήσει
1199 3736 1307 3808 γάρ
1336 3735 1476 3789 οὕτω
1516 3736 1623 3790 τῶν
1660 3739 1811 3807 αίρε-

231 3830 458 3901 τικῶνή
489 3830 674 3899 μανία.
713 3827 985 3881 Δεικνύτω
1027 3827 1083 3879 δὲ
1113 3828 1243 3897 ἡμῖν
1275 3828 1303 3879 6
1348 3826 1517 3890 δεινὸς
1554 3830 1633 3891 είς
1666 3828 1811 3896 λογι-

236 3922 408 3992 σμοὺς
429 3921 510 3973 ὄτι
542 3921 617 3989 μὴ
642 3918 832 3990 κύριον
859 3918 1032 3989 ὄνομα
1061 3917 1137 3987 τῷ
1166 3916 1280 3987 Υίῷ
1313 3917 1404 3969 τοῦ
1455 3916 1588 3969 Θεοῦ
1622 3917 1680 3969 τὸ
1710 3917 1812 3970 Λό-

236 4031 350 4082 γος,
381 4014 475 4066 καὶ
504 4010 905 4066 ἀντιταττέσθω
944 4012 1062 4073 ταῖς
1096 4008 1268 4071 θείαις
1303 4010 1545 4078 Γραφαῖς
1565 4050 1578 4072 ,
1612 4025 1706 4061 και
1734 4006 1812 4077 τῷ

241 4106 492 4177 μακαρίῳ
526 4103 883 4174 εὐαγγελιστῇ
925 4102 1147 4171 Ἰωάννῃ
1168 4141 1181 4163 ,
1222 4100 1688 4171 πρεπωδεστάτην
1717 4100 1812 4152 καὶ

238 4196 596 4266 κυριαιτάτην
645 4194 803 4247 εἰδότι
857 4191 948 4246 τοῦ
976 4191 1106 4245 Υίοῦ
1159 4191 1257 4261 τὴν
1311 4189 1680 4262 προσηγορίαν
1724 4189 1813 4242 διά

237 4286 333 4339 τοῦ
363 4284 646 4339 καλεῖσθαι
670 4284 838 4353 Λόγον
859 4299 873 4314 ο
918 4303 937 4331 σ
992 4283 1079 4335 Ἐν
1109 4283 1251 4352 ἀρχῇ
1284 4282 1391 4353 γὰρ
1418 4321 1432 4345 ,
1466 4282 1649 4352 φησὶν,
1680 4274 1748 4351 ἦν
1785 4282 1813 4333 6

240 4379 434 4446 Λόγος.
475 4397 493 4428 ι

517 4508 844 4572 Ἀντιθεσις
872 4506 951 4573 ὡς
978 4506 1046 4559 ἐκ
1073 4503 1191 4559 τῶν
1215 4504 1539 4572 Εὐνομίου.

316 4622 425 4674 Καὶ
451 4621 568 4684 πῶς
596 4622 663 4674 ἂν
693 4621 930 4679 δύναιτο.
956 4619 1111 4689 φησὶ,
1134 4617 1290 4685 λόγος
1316 4612 1454 4668 εἶναι
1485 4614 1576 4668 τοῦ
1606 4615 1816 4687 Πατρός
1850 4682 1859 4689 _

242 4715 339 4768 καὶ
364 4714 523 4782 σοφία
551 4716 578 4767 ό
606 4714 751 4776 Υἱὸς,
782 4713 940 4783 εῐπερ
970 4713 1002 4781 ἡ
1037 4712 1137 4781 μὲν
1164 4709 1325 4779 σοφία
1344 4710 1620 4778 ἐπιστήμη
1646 4710 1817 4773 ἐστὶν,

242 4803 273 4853 6
314 4802 372 4854 δὲ
407 4802 563 4869 λόγος
616 4803 857 4872 ῥήματος
886 4799 1030 4871 ἀργὴ
1078 4798 1366 4870 προφοράς
1406 4797 1711 4867 Ἐπιστήμη
1760 4797 1818 4850 δὲ

244 4893 345 4945 οὐκ
368 4892 730 4945 ἐνυπόστατόν
757 4892 809 4944 τί
842 4894 1010 4955 ἐστιν,
1042 4890 1156 4943 ἀλλ’
1187 4888 1309 4942 οὐδὲ
1338 4887 1475 4951 ζῶον
1534 4888 1629 4941 καὶ
1663 4888 1819 4955 λόγος

244 4982 466 5053 ὁμοίως.
509 4982 567 5034 '0
593 4981 649 5034 δὲ
685 4982 809 5043 Υἱὸς
837 4980 975 5044 ζῶόν
1006 4983 1186 5033 ἐστιν·
1223 4979 1323 5031 οὐκ
1364 4978 1474 5047 ἄρα
1515 4978 1814 5049 ἐπιστήμη,

244 5072 366 5125 οὐδὲ
408 5072 569 5139 σοφία
595 5114 609 5135 ,
640 5071 762 5124 οὐδὲ
807 5070 982 5138 λόγος.
1016 5066 1148 5123 Εἶτα
1190 5068 1325 5140 πρὸς
1357 5068 1533 5138 τούτῳ
1560 5108 1573 5131 ,
1612 5070 1728 5131 πῶς
1756 5068 1822 5123 ἂν

247 5164 458 5233 γένοιτο
486 5162 642 5231 λόγος
675 5164 734 5216 ἐν
775 5163 943 5233 λόγῳ,
976 5163 1233 5216 ἀδυνάτου
1281 5161 1636 5215 παντάπασιν
1670 5162 1822 5224 ὄντος

245 5254 341 5308 τοῦ
372 5255 431 5307 τὸ
460 5255 646 5324 ὅμοιον
667 5255 725 5307 ἐν
750 5254 919 5325 ὁμοίῳ
941 5253 1207 5323 γίνεσθαις
1233 5254 1352 5307 οὐδὲ
1379 5254 1487 5326 γάρ
1517 5254 1582 5307 ἃν
1615 5254 1825 5322 γένοιτο

246 5346 447 5420 χρῶμα
473 5348 532 5401 ἐν
568 5346 838 5419 χρώματι.
866 5347 1036 5418 Εἴπερ
1067 5341 1159 5400 οὖν
1202 5342 1271 5416 ἦν
1319 5347 1348 5399 6
1395 5344 1551 5413 λόγος
1593 5346 1763 5410 ὅντως
1795 5347 1824 5399 6

316 5504 365 5540 ³⁸
399 5502 554 5560 Joan.
584 5523 642 5575 ι,
670 5507 760 5563 30.
836 5506 879 5539 ³⁷
908 5504 1070 5560 Hebr.
1099 5522 1134 5572 ι,
1164 5505 1219 5560 5.
1292 5503 1335 5535 ³³
1366 5502 1519 5559 Jaan.
1547 5519 1586 5569 ι,
1626 5503 1677 5561 1.

330 5682 398 5750 1)
430 5679 569 5751 Lege
588 5681 877 5754 ίδιότητος,
909 5690 963 5736 et
982 5689 1170 5754 _verte,
1194 5681 1469 5754 imaginem
1506 5694 1616 5735 sua:
1637 5694 1803 5754 pecti-

246 5750 396 5806 liaris
418 5750 761 5821 proprietatis
784 5753 931 5807 habet
970 5750 1192 5809 Filium.
1228 5752 1317 5807 Sic
1341 5752 1501 5817 inira,
1542 5765 1591 5819 p.
1626 5750 1716 5816 60,
1744 5752 1800 5803 ἐν

1898 1968 2001 2034 cipi
2034 1975 2228 2036 potest.
2262 1966 2430 2019 Filius
2458 1966 2658 2035 itaque,
2700 1980 2803 2019 non
2844 1964 3045 2018 idcirco
3072 1963 3198 2031 quia
3234 1968 3463 2014 vocatur

1904 2060 2158 2123 Verbum,
2185 2068 2270 2113 est
2305 2059 2357 2111 in
2390 2059 2702 2112 universum
2752 2057 2803 2110 id
2836 2056 2979 2124 quod
3024 2056 3244 2125 quidam
3276 2051 3466 2105 existi-

1900 2160 2070 2214 mant,
2114 2152 2206 2204 sed
2236 2158 2458 2203 vocatur
2496 2150 2715 2218 quidem
2747 2146 3003 2217 Verbum,
3040 2156 3123 2203 est
3165 2160 3295 2200 vero
3321 2144 3468 2199 aliud

1900 2239 2030 2310 quid
2057 2240 2350 2296 secundum
2380 2248 2652 2293 naturam.

2397 2350 2598 2405 Salutio
2638 2352 2963 2421 objectionis.

1976 2461 2285 2518 Tacendum
2344 2471 2447 2527 est,
2493 2463 2733 2532 nihilque
2783 2463 2848 2516 ad
2898 2461 3197 2533 hnjusmodi
3242 2461 3471 2533 ineptias

1906 2553 2360 2623 respondendum.
2398 2554 2639 2625 llogaudi
2682 2563 2859 2608 tamen
2906 2562 3053 2617 sunt,
3086 2556 3176 2622 qui
3204 2553 3469 2621 ejusmodi

1904 2645 2174 2713 effutiunt,
2210 2661 2389 2700 annon
2425 2647 2637 2699 nomina
2659 2661 2776 2715 qua:
2800 2646 3013 2715 proprie
3038 2646 3198 2700 rebus
3226 2645 3472 2714 imposita

1906 2746 2051 2801 sunt,
2073 2737 2436 2791 substantiam
2463 2752 2650 2790 earnm
2670 2737 2996 2805 signiﬁcent,
3020 2737 3230 2790 tametsi
3259 2737 3472 2791 diversa

1905 2830 2068 2884 abiis
2114 2830 2243 2884 sint.
2289 2828 2491 2883 Nomen
2535 2830 2700 2895 enim,
2730 2830 2910 2893 homo,
2943 2828 3214 2898 signiﬁcat
3240 2828 3473 2882 hominis

1907 2931 2150 2976 naturam
2184 2941 2197 2976 :
2234 2931 2317 2977 est
2360 2930 2539 2975 tamen
2577 2923 2847 2977 diversum
2890 2922 3015 2991 quid
3062 2923 3129 2975 ab
3174 2924 3307 2990 ipso.
3340 2920 3472 2974 Nam

1908 3013 2067 3067 homo
2095 3022 2179 3067 est
2214 3028 2300 3067 res
2348 3014 2602 3078 visibilis,
2659 3030 2853 3067 nomen
2897 3029 3027 3067 vero
3066 3013 3114 3067 ei
3164 3013 3474 3082 impositmn

1909 3106 2093 3160 auditu
2126 3114 2331 3159 tantum
2374 3107 2575 3174 percipi
2611 3115 2806 3174 potest.
2848 3106 3116 3173 Quocirca
3149 3108 3193 3161 si
3226 3108 3348 3176 quis
3377 3108 3475 3161 ho-

1913 3198 2110 3251 minem
2144 3197 2407 3261 nominet,
2437 3197 2872 3264 quandoquidem
2914 3213 3020 3251 non
3064 3196 3295 3267 idipsum
3331 3198 3474 3267 quod

1909 3298 1991 3343 est
2026 3304 2219 3342 nomen
2247 3289 2480 3343 hominis
2503 3288 2789 3357 signiﬁcat,
2816 3297 2875 3342 ut
2905 3287 2979 3343 illi
3006 3298 3473 3358 argumentantur,

1911 3378 2052 3433 aliud
2088 3378 2254 3448 igitur
2276 3377 2476 3447 aliquid
2511 3393 2633 3432 esse
2662 3389 2973 3442 censeatur,
3010 3385 3065 3431 et
3096 3392 3201 3429 non
3236 3376 3390 3446 plane
3425 3376 3479 3430 id

1910 3470 2049 3537 quod
2089 3483 2286 3521 nomen
2319 3467 2609 3537 signiﬁcat.
2652 3466 2721 3521 At
2758 3468 2803 3521 si
2849 3468 2951 3522 hoc
2997 3467 3218 3521 insania:
3259 3466 3476 3535 plenum

1909 3568 2161 3613 est:uon
2194 3568 2320 3613 sunt
2347 3559 2510 3629 igitur
2552 3559 2865 3628 rejicienda:
2916 3559 3147 3628 propria:
3199 3558 3477 3611 nominum

1911 3649 2359 3719 signiﬁcationes,
2426 3664 2602 3717 neque
2649 3648 2789 3701 aliud
2842 3649 3129 3717 quidquam
3180 3658 3375 3716 prieter
3427 3647 3478 3699 id

1911 3741 2051 3808 quod
2078 3740 2413 3809 signiﬁcatur
2454 3755 2549 3808 per
2579 3740 2690 3807 ipsa
2722 3739 3127 3807 intelligendum
3157 3748 3274 3800 est;
3318 3747 3482 3805 atque

1914 3830 1986 3882 ita
2016 3829 2398 3883 litereticorum
2441 3828 2649 3881 insania
2679 3828 3025 3895 reprimetur.
3058 3825 3319 3880 Ostendat
3356 3840 3483 3877 vero

1916 3919 2071 3973 nobis
2098 3919 2275 3989 gravis
2304 3920 2404 3973 iste
2429 3920 2753 3988 disputator,
2788 3916 3022 3971 Verbum
3067 3932 3169 3971 non
3202 3933 3322 3971 esse
3355 3932 3482 3985 pro-

1914 4012 2089 4079 prium
2135 4009 2257 4064 Filii
2290 4009 2385 4063 Dei
2434 4025 2667 4063 nomen:
2723 4018 3091 4079 repugnetque
3129 4009 3300 4063 sacris
3335 4008 3484 4062 Scri-

1914 4100 2088 4168 pturis
2106 4114 2168 4154 ac
2191 4100 2347 4154 beato
2370 4098 2562 4154 Joanni
2583 4099 2941 4168 evangelistae,
2963 4100 3053 4167 qui
3086 4097 3485 4153 convenientis-

1914 4195 2109 4245 simam
2176 4190 2522 4257 maximeque
2572 4189 2845 4257 propriam
2899 4187 3022 4242 Filii
3071 4188 3483 4258 appellationem

1917 4284 2087 4348 novit,
2112 4297 2234 4337 cum
2266 4290 2419 4335 vocet
2455 4280 2688 4335 Verbum
2715 4299 2727 4335 :
2768 4298 2787 4332 ι
2826 4279 2881 4334 In
2923 4280 3188 4351 principio
3209 4281 3373 4347 enim,
3404 4280 3486 4335 in-

1915 4377 2051 4444 quit,
2083 4383 2200 4428 erat
2230 4372 2461 4428 Verbum
2487 4373 2555 4425 ⁸⁸.
2596 4390 2615 4423 ι

2256 4506 2409 4575 191
2449 4504 2570 4559 Alia
2617 4504 2836 4574 objectio
2894 4500 3154 4556 Eunomii.

1988 4620 2058 4674 At
2091 4634 2196 4687 quo
2228 4628 2406 4688 pacto,
2444 4618 2638 4685 inquit,
2676 4620 2850 4685 possit
2879 4617 3048 4671 Filius
3077 4631 3197 4671 esse
3228 4630 3409 4671 sermo
3436 4624 3489 4671 et

1919 4711 2185 4781 sapientia
2216 4709 2416 4777 Patris,
2446 4726 2567 4766 cum
2604 4710 2871 4780 sapientia
2905 4710 2974 4763 sit
3024 4708 3270 4772 scientia,
3310 4720 3489 4762 sermo

1921 4814 2099 4860 autem
2152 4802 2293 4858 nuda
2343 4803 2491 4857 verbi
2527 4801 2799 4871 prolatio?
2827 4798 3066 4855 Scientia
3100 4814 3228 4853 vero
3262 4813 3367 4852 non
3407 4806 3485 4851 est

1923 4895 2121 4965 aliquid
2159 4896 2497 4966 hypostatice
2531 4895 2879 4960 inexsistens,
2908 4894 3002 4948 sed
3035 4906 3101 4946 ne
3132 4890 3330 4944 animal
3364 4889 3490 4958 qui-

1926 4989 2087 5052 dem;
2118 4991 2304 5043 eadem
2340 5003 2465 5043 vero
2503 4989 2638 5043 ratio
2661 4998 2746 5043 est
2782 4998 2836 5042 et
2866 4987 3154 5042 sermonis.
3190 4984 3358 5038 Filius
3396 4998 3492 5036 au.

1923 5086 2029 5131 tem
2062 5087 2146 5131 est
2177 5079 2375 5132 animal
2405 5098 2416 5133 :
2453 5094 2556 5133 non
2590 5079 2755 5148 igitur
2785 5078 3036 5138 scientia,
3064 5090 3238 5142 neque
3270 5074 3491 5142 sapien-

1922 5168 2017 5231 tia,
2062 5182 2235 5235 neque
2279 5184 2479 5223 sermo.
2531 5170 2732 5223 Deinde
2797 5167 3065 5237 quomodo
3113 5166 3182 5219 sit
3223 5180 3401 5219 sermo
3440 5166 3491 5218 in

1921 5269 2194 5321 sermone,
2233 5269 2356 5309 cum
2394 5256 2725 5324 impossibile
2755 5271 2981 5325 prorsus
3010 5255 3081 5309 sit
3120 5264 3176 5309 ut
3217 5254 3392 5310 simile
3423 5256 3493 5309 sit

1921 5346 1974 5401 in
2002 5345 2204 5401 simili?
2236 5361 2412 5417 neque
2436 5345 2583 5402 enim
2624 5347 2790 5403 fuerit
2812 5346 2964 5402 color
2993 5348 3046 5401 in
3082 5346 3284 5403 colore.
3312 5344 3370 5402 Si
3400 5360 3491 5401 er-

1908 5679 1975 5747 τῇ
2008 5677 2113 5748 ἰδίᾳ
2136 5677 2467 5749 ίδιότητιηθι
2494 5676 2705 5749 dialogo
2734 5694 2809 5734 vn
2836 5681 2901 5735 de
2945 5679 3229 5741 Trinitate.
3261 5696 3314 5748 p.
3359 5679 3487 5745 6M,

1910 5746 2046 5813 ἰδίας
2077 5746 2351 5819 ἰδιότητος.
2377 5746 2663 5805 Cornum:
2697 5749 2842 5806 Eccl.
2879 5749 2972 5807 Gr.
3003 5753 3241 5809 Monum.
3265 5746 3321 5817 Vl,
3358 5751 3485 5805 556.
