4072 6540
3768 348 3874 400 πι

543 364 648 417 595
1533 357 1589 411 S.
1638 353 1910 411 CYRlLLl
1950 351 2416 409 ALEXANDRINI
2456 352 2771 409 ARCIIIEP.

544 498 612 552 go
646 480 739 548 qui
775 478 941 533 Filius
995 477 1089 530 Del
1143 485 1336 531 natura
1384 487 1486 540 est,
1526 489 1640 530 erat
1683 492 1868 532 revera
1917 490 2117 539 sermo,

2240 476 2384 546 Ρύσει
2414 476 2507 530 τοῦ
2545 477 2755 548 Πατρὺς
2789 477 2935 543 Υἱὸς,
2975 476 3089 541 πῶς
3123 478 3188 532 ἂν
3222 478 3356 548 πρὸς
3391 477 3580 531 αὐτὴν
3625 471 3874 540 ἐγένετο

545 572 810 639 quomodo
855 568 1030 623 factus
1075 576 1158 622 est
1211 569 1276 620 ad
1330 567 1480 619 illum
1526 583 1743 622 sermo.
1790 582 1912 621 cum
1983 569 2117 622 dixit

2240 569 2411 635 .όγος,
2459 569 2592 640 φέρε
2643 570 2848 631 εἰπεῖν,
2901 571 2957 622 ὲν
2997 567 3111 638 τῷ,
3162 586 3181 618 ι
3227 570 3576 639 Ποιήσωμεν
3629 563 3872 633 ἄνθρωο

547 663 707 727 Deus,
742 677 761 710 ι
792 659 1079 713 Faciamus
1111 657 1386 712 hominem
1417 657 1500 710 '9?
1531 677 1548 709 ι

2240 675 2360 724 Iov;
2410 679 2429 710 ι

1039 789 1250 845 Salutio
1304 789 1630 861 objectionis.

2605 849 2609 852 _
2713 793 2870 863 Πρὸς
2901 794 3076 848 τοῦτο
3107 797 3312 858 λύσις.

621 906 832 960 Rursus
875 904 1127 973 impingis
1155 946 1168 968 ,
1222 919 1326 958 non
1362 905 1611 958 attollens
1650 912 1702 958 te
1740 903 1881 958 ultra
1936 904 2126 956 Imma-

553 1014 651 1052 nas
685 997 1070 1066 cogitationes,
1115 1013 1178 1049 ac
1211 996 1375 1049 veluti
1420 996 1621 1049 oblitus
1663 996 1802 1063 quod
1847 995 1912 1048 de
1947 996 2123 1047 divina

551 1089 784 1142 essentia
835 1101 1144 1140 sermonem
1191 1086 1410 1151 habeas,
1451 1101 1516 1138 ex
1567 1086 1632 1138 iis
1663 1100 1780 1152 quae
1822 1085 1975 1137 nobis
2004 1100 2126 1151 pro-

554 1183 668 1249 pria
723 1188 884 1242 sunt,
934 1179 1080 1232 illam
1129 1179 1358 1231 metiris.
1396 1179 1476 1229 Au
1521 1177 1735 1244 ignoras
1779 1177 2124 1229 Divinitatem

556 1272 868 1327 nominibus
930 1272 1085 1324 nobis
1145 1272 1357 1324 usitatis
1421 1271 1715 1340 appellari,
1772 1270 1949 1322 omnia
2001 1284 2126 1322 vero

554 1361 709 1428 longe
735 1361 891 1414 aliter
912 1376 1072 1428 quam
1101 1370 1279 1412 nostra
1313 1376 1369 1413 se
1410 1361 1646 1413 habere?
1679 1357 1793 1410 Non
1831 1360 1972 1411 enim
2003 1359 2125 1426 quia

555 1453 776 1505 verbum
809 1451 922 1504 sive
966 1466 1145 1505 sermo
1182 1450 1416 1504 hominis
1449 1452 1783 1520 hypostatice
1810 1466 1911 1502 non
1954 1451 2128 1502 suhsi-

555 1545 671 1610 stil,
701 1553 753 1595 et
794 1544 1002 1596 sonitus
1026 1542 1241 1610 quidam
1289 1541 1483 1611 linguae
1529 1553 1612 1595 est
1647 1542 1698 1594 in
1747 1556 1924 1594 aerem
1967 1541 2130 1592 emis-

2297 905 2633 980 Σκανδαλίζῃ
2664 907 2824 960 πάλιν
2858 909 2956 960 οὐκ
2985 907 3290 961 ἀναϐαίνων
3321 908 3392 960 τά
3439 904 3830 978 ἀνθρώπινα
3850 914 3867 932 ⁸

2227 997 2340 1050 ἀλλ’
2373 998 2562 1069 ὥσπερ
2591 999 3012 1070 ἐπιλελησμένος
3032 1001 3112 1053 ὅτι
3141 1017 3222 1052 σοι
3245 1001 3373 1070 περὶ
3401 999 3506 1069 τῆς
3541 997 3744 1059 Θείας
3769 997 3868 1048 οὑ-

2230 1089 2350 1151 σίας
2380 1091 2408 1140 6
2437 1089 2593 1156 λόγος
2621 1090 2789 1155 ἐστὶν,
2809 1092 2872 1142 ὲκ
2897 1089 3002 1142 τῶν
3034 1089 3154 1142 καθ’
3177 1093 3322 1160 ἡμᾶς
3341 1090 3500 1161 ὁρίζῃ
3537 1089 3628 1143 τὰ
3656 1089 3866 1156 ἐκείνῃ

2230 1180 2518 1250 προσόντα.
2557 1182 2627 1232 Ἢ
2663 1181 2761 1233 οὐκ
2794 1177 2947 1233 οἶσθα
2976 1181 3057 1233 ὅτι
3089 1184 3199 1243 τοῖς
3233 1182 3354 1234 καθ’
3393 1183 3551 1251 ἡμᾶς
3585 1179 3864 1249 ὀνόματι

2228 1271 2289 1323 τὸ
2309 1271 2461 1323 Θεῖον
2490 1273 2865 1334 ἁποκαλεῖται,
2895 1273 3070 1326 πάντα
3093 1273 3148 1325 δὲ
3177 1273 3378 1343 ἑτέρως
3403 1274 3560 1326 ἐστὶν
3595 1273 3641 1341 ἧ
3683 1272 3865 1323 καϐά-

2231 1379 2335 1431 περ
2370 1364 2560 1432 ἡμεῖς
2590 1363 2664 1414 0'3
2689 1364 2797 1432 γάρ
2828 1364 3126 1434 ἐπειδήπερ
3152 1365 3180 1416 6
3205 1363 3303 1434 μὲν
3325 1363 3644 1433 ἀνθρώπου
3690 1362 3864 1429 λόγος

2231 1454 2598 1516 ἀνυπόστατος
2616 1454 2710 1506 καὶ
2728 1453 2972 1525 γλώττης
3000 1455 3164 1524 ὲξὴχη
3178 1471 3254 1525 μα
3275 1454 3409 1526 πρὸς
3433 1456 3585 1525 ἀέρα
3610 1467 3698 1507 πε
3711 1455 3860 1522 1.11:6-

2235 1535 2414 1616 μθον,
2460 1545 2550 1597 διὰ
2597 1544 2754 1597 τοῦτο
2788 1547 2882 1598 καὶ
2914 1549 2940 1598 6
2971 1545 3112 1603 θεῖος
3161 1547 3421 1610 ὡσαύτως
3465 1548 3589 1613 ἕξει
3653 1543 3854 1612 λόγος,

553 1650 677 1686 sus:
722 1633 840 1686 ideo
877 1633 1089 1686 divinus
1125 1633 1289 1685 etiam
1333 1648 1511 1685 sermo
1560 1634 1629 1686 ita
1692 1647 1750 1686 se
1797 1632 1991 1695 habet;
2037 1631 2129 1684 sed

2240 1635 2365 1687 ἀλλὰ
2395 1635 2502 1697 ζῶν
2528 1636 2590 1688 ἐκ
2617 1635 2836 1698 ζῶντος,
2869 1635 2963 1688 καὶ
2990 1635 3312 1705 ύφεστηκὼς
3342 1635 3401 1698 ἐξ
3434 1632 3855 1704 ὑφεστηκότοκ

553 1724 736 1776 vivens
769 1739 830 1776 ex
863 1723 1005 1786 vivo,
1041 1732 1203 1791 atque
1235 1723 1574 1792 ltypostatiee
1623 1723 1888 1776 exsistens
1937 1737 2001 1774 ex
2035 1719 2130 1788 hy-

2240 1727 2368 1778 ὲστί.
2409 1727 2516 1779 Καὶ
2541 1727 2722 1790 πάλιν,
2758 1728 2858 1780 οὐκ
2884 1727 3182 1797 ἐπειδήπερ
3209 1729 3240 1796 ἡ
3268 1729 3325 1779 ὲν
3354 1729 3486 1797 ἡμῖν
3519 1731 3715 1796 σοφία
3757 1727 3853 1778 καὶ

557 1817 826 1884 postatice
858 1817 1156 1870 exsistente
1182 1817 1438 1885 procedit.
1481 1815 1709 1878 Rursus,
1744 1831 1847 1867 non
1891 1814 2013 1881 quia
2046 1829 2130 1865 sa—

2240 1819 2510 1888 Ιἐπιστήμη
2549 1819 2649 1871 οὑκ
2689 1820 2745 1870 ὲν
2773 1818 3067 1871 ὑποστάσει
3099 1821 3274 1871 κεῖται
3317 1818 3435 1871 καθ’
3463 1819 3722 1886 ἑαυτὴν,
3763 1817 3851 1868 διά

553 1907 751 1974 pientia
783 1915 835 1960 et
877 1907 1107 1959 scientia
1142 1921 1263 1973 qua:
1311 1906 1363 1959 in
1409 1906 1560 1958 nobis
1592 1914 1695 1967 est,
1737 1904 2128 1974 hypostaticam

555 2012 650 2064 per
687 2012 746 2051 se
792 1997 1167 2050 exsistentiam
1229 2013 1331 2049 non
1373 1997 1576 2049 habet:
1621 1997 1820 2048 idcirco
1866 1995 2130 2062 sapientia

555 2104 676 2158 qua:
711 2090 762 2142 in
798 2088 909 2142 Deo
936 2097 1020 2141 est
1055 2103 1156 2141 non
1191 2089 1293 2140 erit
1323 2087 1675 2155 hypostatiea.
1711 2086 1776 2138 At
1810 2101 1939 2138 vero
1973 2086 2016 2138 si
2055 2085 2134 2137 I'a-

559 2180 689 2233 teris
721 2180 887 2231 Deum
924 2193 1030 2230 non
1062 2191 1182 2231 esse
1222 2177 1374 2229 nobis
1401 2175 1657 2235 similem,
1691 2174 1946 2227 fateberis
1971 2176 2129 2227 etiam

559 2269 748 2321 omnia
789 2269 956 2335 ipsius
981 2283 1084 2321 non
1109 2282 1231 2321 esse
1258 2275 1462 2329 nostra,
1503 2268 1594 2317 sed
1626 2275 1775 2318 tanto
1804 2281 1922 2318 esse
1956 2265 2134 2319 excel-

556 2359 788 2412 lentiora
822 2359 1044 2421 nostris,
1075 2368 1277 2428 quanto
1313 2358 1425 2425 ipse
1453 2357 1615 2410 etiam
1643 2360 1891 2412 essentia:
1921 2361 2131 2413 ratione

554 2457 640 2506 est
671 2451 1030 2520 priestantior.

1085 2558 1312 2624 ALIUD,
1353 2560 1407 2613 in
1444 2560 1602 2612 idem.

627 2695 740 2750 Non
766 2692 1144 2748 animadvertit
1169 2691 1461 2761 praeclarus
1487 2691 1586 2745 iste
1610 2700 2044 2760 argumentatur,
2072 2690 2126 2744 in

554 2802 716 2856 quam
747 2786 1024 2855 ingentem
1058 2783 1451 2852 blasphemiam
1482 2792 1602 2836 ruat
1629 2799 1640 2836 :
1671 2783 1955 2836 Dominum
1989 2783 2130 2836 enim

555 2875 789 2944 appellat
833 2873 1052 2938 animal,
1095 2888 1201 2925 non
1247 2872 1553 2939 intelligens
1586 2872 1731 2924 aliud
1776 2887 1894 2924 esse
1933 2870 2133 2923 animal

557 2983 716 3035 quam
752 2966 935 3028 vitam,
960 2962 1412 3033 quemadmodum
1442 2962 1669 3014 scientia
1701 2961 1841 3013 aliud
1867 2969 1949 3014 est
1972 2975 2131 3028 quam

557 3057 756 3111 sciens.
780 3054 912 3108 Nam
942 3056 983 3108 si
1010 3054 1133 3122 quis
1162 3053 1306 3106 dicat
1331 3052 1518 3114 vitam,
1549 3053 1821 3119 signiﬁcat
1847 3067 1957 3103 rem
1987 3051 2130 3104 illam

2233 1907 2389 1960 τοῦτο
2429 1908 2522 1961 καὶ
2567 1911 2600 1977 ἡ
2632 1910 3013 1978 ἐνυπάρχουσα
3055 1908 3132 1979 τῷ
3175 1908 3293 1979 Θεῷ
3323 1907 3485 1977 σοφία
3517 1905 3582 1959 τὸ
3629 1905 3850 1960 ἐνυπνί-

2234 2015 2426 2060 στατος
2455 1994 2591 2051 εἶναι
2621 1998 2742 2051 καθ’
2771 1999 2966 2069 ἑαυτὴν
3002 1999 3433 2068 ζημιωθήσεται.
3476 1996 3633 2050 Ἀλλ’
3671 1997 3847 2066 εἴπερ

2231 2091 2512 2160 ὁμολογεῖς
2543 2092 2619 2161 μὴ
2646 2091 2766 2144 καθ’
2810 2092 2959 2160 ἡμᾶς
3003 2087 3140 2144 εἶναι
3191 2091 3282 2144 τὸν
3325 2090 3478 2152 Θεὸν,
3529 2090 3850 2158 ὁμολογεῖς

2233 2183 2471 2252 δηλονότι
2507 2184 2599 2235 καί
2633 2201 2749 2246 πως
2781 2183 2848 2234 τά
2875 2183 3042 2236 αὐτοῦ
3071 2182 3146 2252 μὴ
3179 2178 3315 2234 εἶναι
3342 2180 3450 2233 τῶν
3481 2179 3611 2233 καθ’
3649 2180 3840 2247 ἡμᾶς,

2233 2276 2349 2328 ἀλλ’
2386 2277 2525 2346 ὑπὲρ
2556 2278 2704 2346 ἡμᾶς
2730 2277 3004 2340 τοσοῦτον,
3029 2276 3152 2330 ὅσον
3182 2276 3274 2328 καὶ
3303 2274 3445 2328 κατὰ
3471 2271 3567 2326 τὸν
3597 2272 3718 2342 τῆς
3749 2270 3843 2322 06-

2235 2366 2355 2428 σίας
2387 2367 2540 2434 λύγον
2568 2367 2870 2436 διέστηκεν.

2689 2562 2889 2623 ΑΛΛΟ,
2918 2561 3066 2628 πρὸς
3099 2561 3164 2614 τὸ
3199 2563 3366 2615 αὐτό.

2317 2689 2612 2760 Ἥγνόησεν
2631 2690 2659 2741 6
2684 2691 2863 2757 σοφὸς,
2891 2689 2965 2753 ὡς
2994 2692 3184 2756 οἴεται,
3209 2693 3304 2745 καὶ
3335 2691 3460 2756 ὀξὺς
3491 2693 3575 2755 είς
3598 2694 3660 2746 τὸ
3681 2696 3832 2746 νοεῖν

2235 2778 2460 2849 ἀμέτρῳ
2495 2777 2807 2848 περιπεσὼν
2853 2779 3164 2851 δυσφημίᾳ·
3219 2780 3356 2844 ζῶον
3401 2782 3509 2851 γὰρ
3556 2784 3829 2854 ὀνομάζει

2235 2869 2324 2922 τὸν
2353 2869 2575 2939 Κύριον,
2603 2871 2701 2922 οὐκ
2734 2867 2887 2932 εἰδὼς
2918 2871 2999 2922 ὅτι
3029 2870 3090 2923 τὸ
3118 2871 3254 2935 ζῶον
3285 2871 3471 2940 ἕτερον
3509 2875 3632 2926 ἐστι
3666 2875 3829 2944 παρὰ

2235 2959 2334 3030 τὴν
2365 2959 2530 3030 ζωὴν,
2562 2957 2749 3028 ὥσπερ
2777 2959 2810 3028 ἡ
2842 2959 3115 3029 ἐπιστήμη
3147 2958 3298 3029 παρὰ
3331 2960 3420 3012 τὸν
3447 2961 3649 3029 ὲπιστή
3659 2977 3821 3028 μονα.

2239 3051 2394 3120 Ζωὴν
2423 3055 2522 3120 μὲν
2552 3050 2660 3120 γὰρ
2682 3050 2734 3101 εἴ
2762 3067 2843 3113 τις
2865 3049 3033 3116 λέγοι,
3052 3051 3184 3102 αὐτὸ
3213 3051 3470 3120 σημαίνει
3496 3051 3558 3103 τὸ
3582 3054 3824 3121 πρᾶγμα

558 3163 676 3214 qua:
709 3147 752 3201 si
784 3145 944 3200 alieni
981 3145 1128 3207 insit,
1162 3143 1338 3196 vivum
1374 3151 1429 3194 ut
1452 3141 1740 3195 sitetlieit:
1773 3140 1972 3193 animal
2000 3153 2130 3193 vero

2240 3141 2298 3193 τὸ
2332 3141 2388 3192 ἐν
2415 3159 2525 3194 τισι
2566 3145 2847 3211 γινόμενον
2893 3157 2987 3196 και
3031 3142 3328 3205 ζωοποιοῦν
3359 3144 3528 3196 αὐτά·
3576 3143 3723 3206 ζῶον
3769 3144 3821 3194 δὲ

559 3250 638 3292 est
688 3237 739 3290 id
787 3237 927 3305 quod
958 3236 1076 3303 ejus
1117 3234 1194 3288 rei
1239 3248 1358 3302 quae
1403 3233 1663 3296 viviﬁcat,
1709 3231 1980 3300 particeps
2029 3241 2128 3284 est.

561 3328 726 3396 Atqui
765 3326 1024 3381 Dominus
1066 3340 1172 3378 non
1218 3325 1289 3376 ita
1337 3323 1573 3392 seipsum
1607 3333 1779 3385 vocat,
1813 3324 1905 3375 sed
1956 3322 2136 3390 potius

561 3422 746 3474 vitam.
770 3419 826 3472 Si
850 3433 999 3482 vero,
1023 3431 1142 3470 cum
1177 3415 1247 3468 sit
1275 3415 1405 3478 vita,
1437 3424 1518 3468 est
1548 3415 1712 3467 etiam
1745 3412 2134 3480 animal,juxta

562 3511 702 3565 illius
748 3510 1052 3571 insaniam,
1095 3508 1305 3560 dicatur
1343 3507 1506 3559 etiam
1555 3504 1712 3558 Pater
1751 3519 1869 3558 esse
1917 3505 2134 3568 animal,

561 3616 682 3655 cunt
710 3600 824 3668 ipse
853 3601 919 3653 de
944 3614 1000 3653 se
1022 3599 1203 3652 dicat:
1237 3615 1255 3649 ι
1288 3598 1423 3650 Vivo
1446 3612 1564 3666 ego,
1597 3597 1723 3651 dicit
1751 3595 2084 3649 Dominus“.
2112 3614 2130 3646 ι

563 3692 670 3745 Sed
705 3690 884 3743 valere
909 3689 1074 3758 jussis
1109 3689 1303 3757 perditi
1333 3688 1574 3742 hominis
1615 3688 1791 3755 nugis,
1830 3696 1883 3738 et
1922 3697 2137 3754 aposto-

563 3783 724 3837 licum
774 3781 906 3834 illud
938 3783 985 3834 ei
1017 3782 1256 3835 dicentes
1288 3800 1300 3834 :
1342 3798 1359 3829 ι
1398 3778 1765 3845 Cogitationes
1799 3779 1903 3830 sint
1954 3779 2049 3830 tibi
2083 3779 2135 3830 in

564 3875 920 3943 perditionem
956 3873 1020 3938 δ’,
1060 3892 1078 3925 ι
1122 3875 1185 3926 ad
1226 3871 1382 3940 192
1422 3870 1700 3924 veritatem
1745 3870 2000 3924 doctrinae
2042 3883 2138 3921 nos

563 3965 931 4027 conferamus,
971 3973 1022 4015 et
1057 3963 1344 4016 Dominum
1400 3977 1504 4014 non
1541 3960 1764 4024 animal,
1809 3970 1862 4012 ut
1909 3961 2005 4024 illi,
2043 3959 2137 4012 sed

564 4055 730 4108 vitam
763 4055 932 4122 ipsam
977 4068 1097 4107 esse
1129 4055 1394 4114 dicamus,
1433 4067 1550 4118 qua:
1593 4055 1768 4105 omnia
1807 4053 2042 4105 vivilicat
2068 4053 2134 4116 δ’,

563 4145 760 4214 quippe
785 4158 901 4212 qua:
935 4144 986 4196 in
1015 4145 1149 4212 ipso,
1178 4143 1328 4208 juxta
1360 4141 1513 4196 Pauli
1543 4143 1886 4208 sententiam,
1936 4151 1986 4196 et
2020 4157 2135 4196 mo-

565 4245 814 4302 veantur,
844 4245 897 4290 et
938 4236 1045 4290 sint
1083 4236 1150 4289 δ’.

877 4368 1107 4437 ALIUD,
1143 4370 1197 4422 in
1222 4372 1456 4424 eamdem
1487 4371 1820 4425 sententiam.

2242 3231 2434 3298 λέγων,
2466 3232 2524 3284 τὸ
2549 3234 2772 3303 μετέχον
2793 3233 2886 3286 τοῦ
2917 3235 3303 3297 ζωοποιοῦντός
3333 3252 3517 3304 φησιν.
3557 3236 3703 3286 Ἀλλ’
3724 3236 3823 3302 οὐχ

2241 3320 2412 3384 οὕτως
2441 3322 2628 3374 ἑαυτὸν
2657 3326 2683 3375 ὁ
2718 3325 2916 3394 Κύριος
2951 3325 3232 3394 ὀνομάζων
3260 3325 3532 3393 φαίνεται,
3581 3325 3734 3396 ζωὴν
3766 3325 3821 3377 δὲ

2246 3411 2446 3480 μᾶλλον
2479 3412 2762 3466 ἀποκαλεῖ.
2802 3415 2863 3465 Εἰ
2900 3413 2954 3465 δὲ
2988 3413 3099 3483 ζωὴ
3129 3415 3385 3484 ὑπάρχων
3411 3417 3505 3468 καὶ
3539 3415 3685 3478 ζῶόν
3708 3420 3821 3467 ἐστι

2243 3503 2384 3554 κατὰ
2418 3504 2514 3573 τὴν
2546 3505 2752 3556 ἐκείνου
2787 3505 3232 3572 φρενοϐλάϐειαν,
3255 3504 3500 3572 λεγέσθω
3527 3509 3624 3558 καὶ
3654 3509 3685 3559 6
3714 3509 3824 3558 Παο

2243 3593 2344 3662 τὴρ
2378 3592 2535 3657 ζῶον,
2568 3595 2866 3664 ἐπειδήπερ
2897 3595 3148 3662 φαίνεται
3176 3595 3369 3662 λέγων·
3409 3615 3424 3646 ι
3451 3597 3538 3648 Ζῶ
3565 3597 3703 3664 ἐγὼ,
3735 3598 3822 3650 λέ-

2243 3700 2328 3749 γει
2355 3683 2576 3752 Κύριος.
2605 3703 2622 3734 ι
2645 3684 2805 3735 ’Λλλά
2835 3687 2954 3746 ταῖς
2985 3685 3190 3736 ἐκείνου
3227 3685 3518 3756 φλυαρίαις
3543 3688 3823 3756 ἐρρῶσθαι

2245 3775 2550 3844 φράσαντες
2575 3812 2589 3834 ,
2621 3775 2714 3826 καὶ⁵
2752 3773 2811 3826 τὸ
2846 3775 3200 3827 άποστολικδν
3233 3777 3410 3829 ἐκεῖνο
3453 3779 3818 3848 προσθέντες’

2252 3884 2268 3914 ι
2305 3865 2383 3916 Τά
2414 3863 2660 3934 νοήματά
2694 3882 2784 3916 σου
2820 3867 2915 3918 σὺν
2962 3867 3043 3918 σοὶ
3088 3869 3173 3938 εἴη
3209 3870 3287 3931 εἰς
3321 3868 3631 3935 ἀπώλειαν,
3669 3890 3690 3923 ι
3732 3873 3822 3923 ἐπὶ

2244 3956 2338 4025 τὴν
2355 3957 2618 4026 ὀρθότητα
2646 3957 2752 4009 τῶν
2777 3958 3060 4028 δογμάτων
3077 3960 3453 4030 δραμούμεθα,
3476 3963 3571 4014 καὶ
3595 3963 3654 4015 οὐ
3681 3963 3820 4025 ζῶον

2245 4049 2362 4102 κατ’
2400 4049 2663 4111 ἐκείνους,
2691 4049 2824 4102 ἀλλὰ
2860 4049 3006 4121 ζωὴν
3041 4051 3272 4122 ἐροῦμεν
3300 4053 3390 4105 τὸν
3423 4054 3651 4123 Κύριον,
3686 4053 3820 4118 ζωο-

2243 4135 2505 4204 γονοῦσαν
2533 4138 2599 4190 τὰ
2637 4137 2812 4190 πάντα
2856 4139 2930 4201 ὡς
2968 4141 3024 4191 ἐν
3059 4139 3202 4210 αὐτῷ
3233 4143 3498 4196 κινεῖσθαι
3529 4144 3622 4197 καὶ
3651 4141 3815 4210 εἶναι,

2247 4230 2387 4282 κατὰ
2410 4229 2507 4299 τὴν
2533 4228 2747 4281 Παύλου
2778 4233 2978 4302 φωνήν.

2741 4366 2945 4431 AAAU,
2969 4367 3055 4431 εἰς
3078 4366 3142 4419 τὸ
3165 4367 3331 4422 αὐτό.

634 4500 856 4557 Sacram
913 4503 1249 4572 Scripturam
1296 4503 1491 4557 Filium
1542 4519 1734 4557 vocare
1787 4501 2020 4556 Verbum
2060 4503 2134 4574 ⁵⁵,

2320 4496 2488 4562 Λόγον
2518 4497 2550 4564 ή
2588 4495 2708 4548 Θεία
2727 4498 2916 4567 Γραφὴ
2945 4498 3037 4551 τὸν
3072 4500 3198 4552 Υίὸν
3232 4502 3543 4570 ὀνομάζειν,
3568 4505 3660 4557 καὶ
3693 4521 3815 4574 προ-

564 4591 666 4648 hoc
711 4603 816 4660 est,
874 4596 1234 4663 prolationem
1299 4594 1564 4663 ejusmodi
1633 4595 1916 4646 verborum
1965 4593 2142 4661 qualia

566 4693 695 4738 Sunt
721 4685 973 4747 humana,
1019 4687 1344 4738 temerarius
1388 4686 1489 4738 iste
1525 4701 1586 4738 ac
1613 4685 1903 4754 praeclarus
1938 4685 2147 4738 scilicet

566 4791 883 4830 arcanorum
934 4775 1028 4828 Dei
1076 4776 1349 4844 interpres
1398 4777 1756 4848 imaginatur:
1803 4792 1908 4830 non
1949 4775 2146 4829 intelli-

567 4884 696 4936 gens
737 4869 878 4937 quod
912 4881 1078 4919 sacra:
1104 4865 1324 4921 Litterae
1350 4868 1498 4922 illum
1543 4870 1612 4921 ita
1661 4884 1727 4923 ex
1771 4876 1954 4922 nostro
1991 4881 2143 4920 more

567 4961 856 5028 appellent.
894 4957 1155 5024 Loquitur
1183 4961 1326 5012 enim
1361 4960 1522 5015 Pater
1553 4976 1750 5015 arcane
1797 4970 1958 5027 atque
2004 4957 2139 5010 incf.

567 5051 796 5103 l'abiliter
824 5047 889 5100 ad
938 5046 1158 5114 Filium,
1207 5052 1289 5102 cui
1343 5052 1659 5105 naturaliter
1687 5051 1941 5104 voluntas
1970 5047 2146 5101 l’atris

566 5141 775 5206 cognita
804 5147 908 5202 est,
939 5152 1114 5205 neque
1141 5149 1417 5206 exspectat
1463 5155 1794 5203 sermonem,
1825 5138 1916 5206 qui
1967 5135 2144 5189 occul-

566 5237 674 5280 tam
730 5226 869 5283 illius
919 5229 1245 5283 voluntatem
1294 5230 1545 5299 explicet.
1582 5229 1807 5295 Quando
1854 5229 2020 5296 igitur
2069 5229 2138 5279 de

565 5319 676 5372 Deo
702 5319 898 5373 dicitur
924 5322 1040 5375 sive
1078 5324 1401 5390 prmdieatur
1428 5322 1627 5389 aliquid
1659 5337 1847 5376 eorum
1883 5336 2002 5390 quae
2044 5320 2140 5372 ho-

565 5403 800 5458 minibus
830 5407 1007 5472 potius
1042 5410 1390 5470 conveniunt,
1430 5411 1642 5463 auditor
1668 5409 1806 5461 ultra
1841 5410 2134 5461 humanum

565 5505 770 5545 morem
815 5497 1190 5562 cogitationem
1238 5515 1389 5552 suam
1437 5501 1631 5566 erigat,
1673 5510 1726 5554 et
1775 5500 1842 5554 ad
1883 5502 2137 5569 spiritua-

639 5667 680 5697 ³⁹
704 5664 839 5720 Gen.
868 5685 908 5734 ι,
931 5670 1018 5726 26.

1096 5673 1140 5705 δ⁰
1176 5673 1370 5730 Ezeeh.
1410 5691 1607 5741 xxxiii,
1647 5677 1732 5732 ll.

589 5750 628 5801 ι,
667 5737 684 5789 l
717 5752 866 5807 seqq.

1812 5677 1852 5708 “
1889 5677 2006 5732 Aet.
2047 5693 2162 5742 vul,
2193 5675 2284 5732 20.

2247 4587 2416 4657 φορὰν
2453 4588 2713 4656 ῥημάτων
2749 4589 3002 4642 τοιούτων
3038 4592 3199 4644 ὁποῖά
3228 4593 3341 4645 ἐστι
3371 4593 3438 4647 τά
3477 4595 3811 4666 ἀνθρώπινα,

2246 4675 2578 4743 φαντάζεται
2605 4677 2766 4729 πάλιν
2789 4680 2816 4730 6
2839 4678 3037 4748 γοργὸς
3063 4682 3142 4742 εἰς
3164 4679 3420 4734 ἀϐουλίαν
3453 4685 3544 4736 καὶ
3571 4686 3812 4748 νεανικὸς

2244 4769 2325 4830 είς
2356 4768 2416 4820 τὸ
2459 4768 2535 4838 μὴ
2564 4772 2701 4821 νοεῖν
2745 4770 2917 4838 ὀρθῶς
2944 4771 3014 4823 τά
3044 4771 3161 4823 θεῖα
3194 4774 3466 4843 μυστήρια
3486 4791 3500 4804 ο
3533 4777 3635 4828 οὐκ
3658 4776 3808 4839 εἰδὼς

2246 4860 2328 4911 ὅτι
2363 4858 2503 4911 κατὰ
2536 4859 2637 4928 μὲν
2666 4862 2762 4931 τὴν
2792 4862 3070 4931 ἡμετέραν
3116 4864 3402 4934 συνήθειαν
3444 4865 3618 4928 οὕτως
3651 4869 3809 4920 αὑτὸν

2244 4950 2300 5002 αἱ
2340 4949 2480 5002 θεῖαι
2518 4951 2843 5021 κηρύττουσι
2872 4952 3103 5022 Γραφαί,
3135 4954 3446 5022 Διαλέγεται
3475 4957 3531 5009 δὲ
3558 4958 3810 5028 ἀρρήτως

2246 5041 2436 5112 Πατὴρ
2463 5042 2599 5113 πρὸς
2625 5043 2768 5107 Υἰὸν,
2798 5043 3012 5113 ἔχοντος
3035 5045 3196 5097 αὑτοῦ
3223 5047 3467 5114 φυσικῶς
3493 5050 3588 5100 τοῦ
3614 5051 3807 5102 εἰδέναι

2243 5133 2337 5186 τοῦ
2367 5133 2619 5196 τεκόντος
2647 5134 2744 5202 τὴν
2775 5134 3050 5204 βούλησιν,
3081 5136 3140 5188 ού
3171 5135 3326 5204 λόγον
3346 5138 3624 5207 ἐκφαίνειν
3650 5139 3804 5193 δυνάε

2249 5241 2410 5294 μενον
2443 5225 2510 5277 τὰ
2549 5226 2908 5296 κεκρυμμένα
2934 5229 3316 5299 περιμένοντος
3339 5271 3352 5294 ,
3383 5230 3506 5282 ἐπεὶ
3535 5233 3626 5283 καὶ
3651 5233 3804 5295 αὐτὸς

2247 5320 2395 5371 ἐστιν
2429 5321 2455 5370 ὁ
2487 5319 2678 5387 Λόγος.
2708 5320 2834 5372 Ὅτε
2869 5321 3043 5374 τοίνυν
3087 5323 3180 5374 ἐπὶ
3216 5323 3351 5376 Θεοῦ
3377 5341 3429 5376 τι
3454 5324 3672 5393 λέγεται
3704 5327 3804 5377 τῶν

2241 5411 2344 5464 ὅσα
2393 5410 2595 5480 μᾶλλον
2624 5410 2929 5480 ἀνθρώποις
2959 5411 3076 5463 ἐστὶ
3113 5413 3555 5483 πρεπωδέστερα,
3584 5413 3802 5466 ἀναδαι-

2241 5501 2379 5555 νέτω
2431 5502 2498 5554 τὰ
2542 5501 2662 5554 καθ’
2723 5503 2869 5572 ἡμᾶς
2913 5505 2941 5554 6
2990 5504 3372 5575 ἀκροώμενος,
3427 5506 3519 5558 καὶ
3577 5506 3670 5557 ἐπὶ
3710 5504 3800 5572 τὴν

2397 5680 2440 5710 ⁵¹
2476 5678 2488 5731 l
2523 5678 2661 5731 Tim.
2694 5695 2767 5743 vt,
2811 5679 2893 5732 15.

2970 5681 3015 5713 ⁸³
3055 5684 3173 5738 Art.
3200 5698 3331 5749 xvn,
3371 5683 3461 5737 28.
3540 5685 3586 5716 “
3614 5682 3762 5740 Joan.
