4072 6494
165 333 280 387 3:25

1557 326 1996 382 TllESAURUS.

3334 337 3438 393 526

165 449 558 520 πνευματικὴν
612 449 708 504 καὶ
753 449 850 521 τὴν
893 447 951 502 ἐν
1001 448 1182 520 νοήσει
1229 451 1296 519 τῇ
1348 446 1470 518 θείᾳ
1517 447 1758 518 τρεχέτω

1865 449 1993 515 lem,
2025 449 2225 519 quique
2268 449 2319 504 in
2361 450 2544 506 divino
2584 451 2858 509 intellectu
2899 455 3169 526 consistit,
3216 471 3435 513 sensum

162 539 508 611 κατάληψιν.

458 652 780 718 Ἆντίθεσις
803 651 884 718 ὡς
920 651 988 705 ἐκ
1021 650 1139 706 τῶν
1162 655 1483 722 Ενὺνομιου.

260 785 404 839 Ἀλλ’
449 787 549 839 οὐκ
597 787 835 858 ἐξαρκεῖ,
884 787 1068 856 φησὶν,
1117 788 1198 849 εἰς
1246 789 1376 842 Υίοῦ
1419 789 1650 861 δήλωσιν
1700 791 1761 844 τὸ

165 878 352 945 Λόγος
380 877 570 947 ὄνομα,
617 877 728 930 οὐδ’
760 875 826 930 ἂν
856 876 1066 945 γένοιτο
1117 878 1294 949 σαφὴς
1329 881 1362 950 ἡ
1392 881 1547 934 οὐσία
1593 882 1758 935 αὐτοῦ

167 969 266 1023 διὰ
318 971 416 1040 τῆς
460 969 674 1022 τοιᾶσδε
732 968 1140 1038 προσηγορίας·
1201 970 1426 1040 φέρεται
1493 972 1600 1044 γὰρ
1664 976 1760 1027 καὶ

172 1062 325 1114 κατὰ
357 1059 566 1113 πολλῶν
591 1059 794 1129 ἐτέρων
825 1061 1088 1131 ῥημάτων
1127 1061 1313 1132 ἀργῶν
1339 1079 1398 1114 τε
1428 1065 1522 1118 καὶ
1557 1066 1760 1118 ἀνυπο-

175 1168 243 1204 στ
249 1168 390 1204 ατων
397 1191 408 1204 .

658 1263 817 1332 Πρὸς
844 1263 1029 1318 ταῦτα
1055 1264 1262 1331 λύσις.

246 1395 456 1450 Οὐκοῦν
503 1397 758 1467 ἀτονήσει
815 1397 953 1468 πρὸς
990 1399 1050 1451 τὸ
1095 1400 1448 1471 παραστῆσαι
1494 1401 1587 1454 τοῦ
1623 1401 1759 1457 Θεοῦ

167 1487 276 1559 τὴν
307 1488 495 1541 οὐσίαν
543 1487 604 1540 τὺ
649 1487 781 1550 Θεὸς
809 1488 1000 1558 ὄνομα.
1053 1489 1433 1562 Φέρεται,γὰρ
1478 1492 1572 1545 καὶ
1620 1492 1763 1546 κατὰ

167 1579 286 1632 τῶν
319 1580 396 1650 μὴ
421 1579 578 1648 φύσει
600 1578 758 1641 θεῶν,
783 1581 924 1633 κατὰ
947 1579 1029 1643 τὸ,
1052 1599 1069 1630 t
1095 1579 1236 1649 Ἐγὼ
1263 1576 1408 1635 εἶπα·
1428 1581 1552 1635 Θεοί
1577 1585 1754 1637 ἐστε.»

171 1670 240 1722 Τί
279 1671 337 1723 δὲ
368 1669 602 1723 κωλύσει
634 1672 855 1724 κάκεῖνο
883 1670 1084 1738 λέγειν,
1108 1671 1181 1734 ὡς
1209 1671 1441 1743 ἐπείπερ
1467 1673 1530 1725 τὸ
1555 1673 1762 1738 δίκαιος

167 1761 370 1832 ὄνομα,
409 1762 504 1815 καὶ
533 1762 592 1814 τὸ
624 1763 848 1830 ἀγαθὸς,
880 1763 975 1816 καὶ
1001 1761 1061 1815 τὸ
1096 1761 1267 1830 ἅγιος,
1297 1763 1393 1815 καὶ
1433 1765 1520 1816 ἐπ’
1552 1764 1762 1834 ἀνθρώ-

1866 541 2220 597 conscendat.

2286 652 2371 707 Ex
2409 654 2700 724 objections
2742 653 3012 712 Eunomii.

1933 787 2096 857 Atqui
2135 803 2240 842 non
2279 788 2495 854 sufﬁcit,
2523 791 2720 862 inquit,
2753 793 2912 848 Verbi
2947 808 3140 850 nomen
3172 796 3238 851 ad
3269 798 3438 866 signi-

1867 879 2178 936 ﬁcationem
2237 883 2381 950 Filii,
2426 897 2600 952 neque
2630 899 2697 939 ex
2727 883 3030 952 hujusmodi
3085 887 3440 957 appellatione

1862 973 2098 1028 essentia
2157 972 2275 1042 ejus
2321 975 2664 1044 explicatur:
2701 975 2936 1031 refertur
2966 977 3111 1032 enim
3162 979 3324 1032 etiam
3371 981 3438 1033 ad

1863 1063 1967 1118 alia
1997 1064 2163 1118 multa
2193 1066 2356 1121 verba
2382 1081 2502 1136 qua:
2538 1067 2880 1138 hypostatice
2903 1083 3009 1124 non
3040 1068 3333 1125 exsistunt.

2350 1263 2558 1319 Salutio
2594 1264 2927 1334 objectiom's.

1933 1395 2074 1467 Ergo
2109 1410 2176 1452 ne
2199 1397 2294 1452 Dei
2319 1398 2536 1467 quidem
2587 1413 2780 1454 nomen
2821 1398 3016 1454 suﬁicit
3050 1397 3116 1454 ad
3147 1399 3439 1454 essentiam

1875 1482 1969 1539 Dei
2020 1486 2422 1556 explicandam.
2456 1488 2714 1543 Refertur
2747 1491 2890 1544 enim
2929 1490 3092 1544 etiam
3132 1488 3198 1542 ad
3226 1504 3319 1543 eos
3349 1491 3441 1558 qui

1865 1587 2058 1630 natura
2093 1576 2168 1630 dii
2221 1592 2325 1632 non
2363 1587 2508 1644 sunt,
2541 1576 2698 1646 juxta
2736 1579 2868 1633 illud
2901 1597 2912 1632 :
2957 1599 2976 1631 ‹
3023 1579 3134 1648 Ego
3169 1581 3280 1635 dixi
3309 1599 3322 1634 :
3357 1579 3441 1633 Dii

1864 1666 1998 1720 estis
2030 1665 2097 1717 ⁸⁵.
2134 1683 2152 1716 ι
2187 1665 2325 1731 Quid
2361 1680 2493 1720 vero
2530 1666 2804 1721 obstiterit
2834 1669 3122 1736 quominus
3166 1670 3330 1724 etiam
3378 1667 3444 1722 il-

1865 1757 1956 1810 lud
1992 1755 2272 1811 dicamus:
2311 1771 2433 1811 cum
2463 1772 2659 1811 nomen
2684 1756 2889 1825 justus,
2925 1767 2978 1812 et
3005 1761 3196 1825 bonus,
3234 1767 3287 1814 et
3316 1772 3444 1813 san-

170 1870 296 1906 πων
342 1853 594 1906 τάττεται
644 1852 872 1924 (πολλοὶ
919 1853 1027 1923 γάρ
1059 1853 1288 1906 τοιοῦτοι
1338 1853 1477 1906 κατὰ
1524 1855 1758 1926 μετοχὴν

1866 1859 1988 1902 ctus
2022 1849 2186 1903 etiam
2233 1849 2300 1902 de
2337 1848 2650 1903 hominibus
2680 1849 2892 1904 dicatur
2919 1849 3091 1921 (multi
3137 1850 3279 1904 enim
3314 1860 3445 1904 sunt

167 1945 270 1998 τοῦ
318 1945 440 1999 κατ’
472 1945 732 2016 ἀλήθειαν
777 1947 872 1998 καὶ
913 1946 1081 2008 ὅντως
1129 1944 1333 2014 ἀγαθοῦ
1405 1946 1501 1998 καὶ
1545 1947 1757 2000 δικαίου

166 2037 594 2106 τυγχάνοντος),
646 2038 708 2090 οὐ
751 2037 954 2108 κυρίως
996 2037 1088 2089 ἐπὶ
1139 2036 1274 2089 Θεοῦ
1317 2035 1600 2101 τετάξεται
1649 2035 1758 2090 τῶν

167 2127 486 2206 εἰρημένων
514 2129 770 2194 ἓκαστον;
804 2129 866 2180 Et
886 2128 943 2180 δὲ
977 2127 1132 2181 κοινὰ
1161 2127 1258 2198 μὲν
1284 2129 1415 2198 ἡμῖν
1443 2129 1578 2200 πρὸς
1599 2127 1758 2181 αὑτὸν

165 2219 236 2271 τὰ
267 2219 532 2288 ὀνόματα,
568 2220 717 2289 αὑτῷ
758 2218 815 2271 δὲ
859 2219 1005 2289 μόνῳ
1049 2219 1190 2273 κατὰ
1225 2219 1385 2286 φύσιν
1431 2220 1490 2272 τὸ
1525 2222 1758 2290 πρᾶγμα

167 2309 597 2379 ἐπαληθεύεται,
637 2310 788 2363 οὐδὲν
818 2309 1053 2362 κωλύσει
1088 2310 1182 2363 καὶ
1212 2311 1382 2379 Λόγον
1419 2311 1624 2381 κυρίως
1664 2328 1756 2362 κε-

168 2397 414 2465 κλῆσθαι
439 2397 530 2450 τόν
555 2397 703 2461 Υἱὸν,
735 2399 1152 2467 παραστατικήν
1171 2415 1230 2450 τε
1256 2398 1357 2466 τῆς
1384 2398 1569 2460 οὐσίας
1594 2397 1758 2450 αὑτοῦ

168 2487 384 2557 ταύτην
413 2489 559 2558 ἔχειν
597 2488 698 2556 τὴν
742 2487 1095 2556 ἐπωνυμίαν,
1151 2488 1199 2538 εί
1251 2486 1346 2538 καὶ
1389 2487 1566 2556 ἕτεροι
1612 2487 1760 2554 λόγοι

171 2579 364 2632 πολλοί
407 2596 554 2642 τινες
583 2574 692 2631 είεν
723 2577 1179 2649 καταχρηστικῶς
1212 2577 1306 2629 καὶ
1345 2577 1482 2648 πρὸς
1527 2576 1760 2648 μίμησιν

167 2671 272 2720 τοῦ
305 2670 424 2722 κατ’
473 2669 734 2739 ἀλήθειαν
769 2669 1129 2739 κεκλημένου.
1164 2669 1264 2720 Διὰ
1293 2668 1401 2740 γὰρ
1428 2669 1630 2739 ταύτην
1661 2671 1760 2736 τὴν

166 2761 355 2812 αἰτίαν
384 2760 512 2830 περὶ
533 2759 728 2814 ἑαυτοῦ
759 2777 926 2830 φησιν
949 2761 978 2813 ό
1020 2759 1147 2822 Υἱός
1167 2775 1179 2790 ο
1207 2778 1226 2810 ι
1251 2760 1395 2827 Ἐγώ
1426 2761 1540 2830 είμι
1569 2763 1601 2831 ἡ
1629 2761 1758 2832 ἁλή-

168 2849 313 2902 θεια.
343 2849 540 2900 »Ὥστε
570 2850 706 2919 ὅπερ
728 2849 792 2902 ἄν
813 2866 896 2911 τις
924 2847 1068 2901 εἴποι
1097 2848 1224 2920 περὶ
1249 2847 1414 2900 αὑτοῦ
1449 2848 1757 2920 θεοπρεπές

166 2959 230 2994 τε
266 2942 362 2994 καὶ
388 2941 536 3004 ἄξιον
559 2941 657 3011 τῆς
687 2939 837 3002 θείας
862 2939 1189 3009 γεννήσεως,
1211 2940 1327 3009 ὲρεῖ
1358 2939 1454 3009 μὲν
1481 2939 1568 2990 ἐπ’
1589 2937 1754 2991 αὑτοῦ

167 3029 401 3101 κυρίως,
424 3029 516 3082 ἐπὶ
537 3027 594 3080 δὲ
620 3027 728 3080 τῶν
759 3027 962 3098 ἐτέρων
982 3027 1187 3087 οὐκέτι,
1217 3026 1676 3097 καταοιρηστικῶς
1698 3027 1754 3080 δὲ

172 3119 400 3192 μᾶλλον,
437 3117 690 3190 καθάπερ
717 3119 952 3189 εἴρηται.

456 3254 777 3321 Ἀντίθεσις
800 3254 881 3320 ὠς
909 3253 980 3308 ἐκ
1013 3253 1134 3308 τῶν
1158 3255 1479 3323 Εὑνομίου.

239 3391 418 3458 Λόγος
449 3391 702 3461 εἴρηται,
740 3390 909 3460 φησὶ,
943 3389 1094 3458 παρὰ
1127 3391 1246 3452 ταῖς
1281 3389 1453 3451 θείαις
1481 3387 1756 3458 Γραιραῖς,

164 3485 264 3554 οὐχ
301 3485 376 3548 ὼς
403 3485 466 3536 ἐκ
502 3485 719 3556 Πατρός
753 3483 897 3537 κατὰ
926 3483 1089 3552 φύσιν
1121 3484 1402 3552 ὑπάρχων,
1436 3482 1468 3552 ἢ
1494 3482 1655 3542 αὐτὸς
1684 3480 1760 3532 ὢν

163 3579 192 3630 ὁ
241 3577 556 3639 ἐνδιάθετος
604 3577 762 3645 λόγος
788 3615 804 3640 ,
863 3575 976 3630 ἀλλ’
1053 3576 1134 3628 ὅτι
1193 3575 1283 3628 τὸν
1338 3575 1552 3644 Πατρὸς
1606 3573 1761 3641 λόγον

163 3666 416 3730 ἀκούσας
473 3668 568 3720 καὶ
635 3668 766 3737 ἡμῖν
843 3665 1194 3734 ἐξαγγέλλειο
1259 3663 1447 3734 ὥσπερ
1510 3657 1602 3716 οὖν
1668 3663 1761 3715 καὶ

166 3760 448 3829 ἁγιασμὸς
477 3760 695 3831 είοηται
719 3799 734 3824 ,
765 3758 846 3810 ὅτι
872 3757 1126 3825 ἁγιάζει,
1163 3756 1256 3808 καὶ
1290 3753 1604 3824 δικαιοσύνη
1624 3793 1637 3818 ,
1679 3753 1760 3807 ὅτι

164 3851 294 3904 δικα
305 3853 395 3904 ιοῖ.

687 3959 847 4029 Πρὸς
876 3960 1054 4014 τοῦτο
1079 3959 1282 4024 λύσις.

240 4101 308 4154 Εἰ
343 4099 515 4168 Λόγος
543 4096 744 4168 ἐκλήθη
773 4137 786 4161 ,
816 4095 959 4150 κατὰ
991 4095 1089 4165 τὴν
1120 4094 1236 4164 σὴν,
1265 4087 1308 4145 ὦ
1337 4093 1601 4162 βέλτιστε,
1633 4091 1758 4144 δυσ-

169 4189 410 4260 φημίαν,
443 4188 541 4257 οὐχ
567 4187 649 4238 ότι
695 4187 838 4238 κατὰ
875 4183 1036 4252 φύσιν
1071 4183 1230 4236 τοῦτό
1271 4185 1418 4235 ἐστιν
1451 4185 1514 4235 ἐκ
1547 4181 1760 4251 Πατρός

169 4279 460 4352 προελθὼν
485 4317 498 4342 ,
526 4279 622 4330 καὶ
653 4277 752 4346 τῆς
780 4275 872 4328 τοῦ
912 4275 1164 4338 τεκόντος
1197 4274 1382 4336 οὐσίας
1412 4272 1757 4340 ὲκφαντικὸς,

170 4369 282 4422 ἀλλ’
316 4368 397 4420 ὅτι
429 4366 519 4420 τὸν
542 4365 690 4436 παρὰ
719 4363 931 4434 Πατρὸς
956 4363 1193 4426 ἀκούσας
1240 4363 1417 4431 λόγον,
1446 4363 1759 4430 ἐξαγγέλλει

171 4458 368 4510 τοῦτον
402 4457 483 4519 είς
521 4455 667 4525 ἡμᾶς
688 4469 701 4482 ·
737 4455 896 4523 τήρει
937 4453 1029 4506 καὶ
1064 4455 1120 4505 ὲν
1150 4455 1264 4516 τοῖς
1303 4452 1482 4514 ἄλλοις
1510 4453 1608 4522 τὴν
1637 4453 1758 4522 ἴσην

1869 1939 2007 1994 tales
2053 1955 2152 2010 per
2203 1940 2677 2010 participationem
2723 1939 2837 2008 ejus
2863 1941 2957 2011 qui
2991 1955 3118 1996 vere
3152 1951 3314 2010 atque
3349 1956 3443 1996 re-

1869 2030 1982 2101 ipsa
2007 2031 2181 2086 bonus
2220 2031 2472 2099 etjustus
2499 2032 2623 2101 est),
2663 2047 2768 2086 non
2810 2033 3028 2102 proprie
3073 2033 3282 2104 singula
3327 2034 3444 2090 haec

1867 2137 1986 2192 quae
2033 2122 2269 2177 diximus
2315 2123 2382 2176 de
2432 2122 2542 2177 Deo
2587 2123 2909 2192 praedicari?
2936 2125 3006 2178 At
3049 2126 3096 2178 si
3137 2127 3442 2180 communia

1866 2208 2085 2276 quidem
2138 2208 2295 2263 nobis
2341 2218 2619 2268 suntcum
2669 2210 2762 2265 illo
2789 2212 3028 2277 nomina,
3078 2214 3170 2269 sed
3215 2215 3280 2269 de
3327 2215 3446 2285 ipso

1871 2308 2077 2354 tantum
2114 2314 2241 2354 vere
2267 2303 2564 2355 secundum
2593 2310 2843 2357 naturam
2878 2303 3149 2370 dicuntur,
3182 2305 3314 2359 nihil
3343 2307 3443 2360 itu-

1869 2388 2017 2455 pedit
2046 2389 2340 2456 quominus
2375 2388 2543 2444 Filius
2576 2391 2794 2460 proprie
2822 2391 3034 2465 dicatur
3065 2393 3323 2459 Verbum,
3352 2407 3445 2448 ea-

1871 2492 1976 2545 que
2001 2479 2287 2548 appellatio
2319 2481 2614 2536 essentiam
2655 2482 2774 2553 ejus
2805 2484 3058 2553 explicet,
3091 2486 3311 2540 tametsi
3339 2487 3442 2540 alia

1868 2584 2083 2638 quoque
2111 2571 2278 2625 multa
2301 2573 2408 2627 sint
2437 2571 2601 2629 verba
2629 2575 2854 2631 abusive
2907 2587 2960 2632 et
2991 2578 3057 2651 ad
3086 2579 3444 2634 imitationem

1869 2661 2014 2716 illius
2049 2664 2192 2732 quod
2228 2678 2354 2720 vere
2390 2665 2463 2718 ita
2500 2677 2747 2722 vocatur.
2774 2667 2907 2722 Eam
2936 2669 3078 2723 enim
3122 2671 3191 2724 ob
3220 2686 3441 2727 causam

1866 2750 2037 2808 Filius
2055 2753 2121 2808 de
2138 2755 2318 2826 seipso
2350 2757 2528 2825 inquit
2553 2776 2565 2812 :
2593 2776 2612 2810 ι
2639 2758 2748 2829 Ego
2777 2775 2896 2815 sum
2923 2761 3124 2816 veritas
3156 2762 3226 2816 “.
3263 2783 3280 2816 ι
3303 2766 3447 2830 Quo-

1865 2843 2009 2899 circa
2045 2846 2306 2917 quidquid
2354 2850 2422 2904 de
2479 2866 2544 2906 eo
2577 2851 2782 2906 dixeris
2829 2852 3095 2908 divinitati
3140 2854 3445 2926 divinaeque

1865 2933 1982 3003 ejus
2013 2937 2351 3005 generationi
2389 2940 2719 2995 conveniens
2745 2950 2801 2994 et
2823 2956 2944 3010 par,
2974 2942 3192 3012 proprie
3224 2944 3442 3014 quidem

1863 3026 1928 3080 de
1961 3028 2079 3096 ipso
2111 3029 2295 3094 dices;
2333 3031 2399 3084 de
2439 3031 2562 3085 aliis
2591 3045 2721 3085 vero
2779 3046 2886 3087 non
2926 3032 3080 3101 item,
3125 3035 3221 3090 sed
3266 3037 3445 3105 potius

1865 3117 2109 3183 abusive,
2147 3127 2208 3173 ut
2231 3121 2438 3174 dictum
2469 3128 2572 3174 est.

2260 3250 2416 3322 193
2452 3251 2694 3322 Objeclio
2746 3253 3021 3314 Eunomii.

1937 3384 2202 3446 Verbum,
2221 3384 2414 3454 inquit,
2435 3385 2638 3440 dictum
2657 3395 2738 3442 est
2761 3387 2813 3441 in
2836 3403 2988 3445 sacra
3014 3387 3316 3462 Scriptura,
3336 3409 3444 3450 non

1865 3476 1992 3546 quia
2027 3491 2091 3530 ex
2126 3475 2287 3530 Patre
2318 3479 2612 3531 secundum
2639 3489 2884 3532 naturam
2906 3483 3154 3546 exsistat,
3185 3494 3276 3536 aut
3305 3486 3445 3553 quod

1863 3570 1933 3623 sit
1965 3569 2318 3624 intrinsecum
2351 3571 2464 3625 sive
2497 3571 2716 3624 insitqu
2743 3571 2888 3627 Patri
2922 3575 3166 3643 verbum,
3194 3577 3285 3631 sed
3317 3577 3447 3645 quia

1863 3660 2038 3715 Patris
2067 3661 2290 3715 verbum
2331 3663 2578 3728 audiens,
2610 3663 2660 3716 id
2691 3663 2846 3720 nobis
2878 3667 3159 3722 annuntiat
3187 3686 3200 3721 :
3227 3670 3365 3722 sicut
3392 3677 3448 3723 et

1863 3751 2224 3805 sanctiﬁcatio
2255 3753 2431 3807 dictus
2465 3761 2569 3818 est,
2595 3753 2721 3822 quia
2767 3755 3095 3822 sanctiﬁcat,
3132 3764 3187 3811 et
3212 3755 3445 3826 justitia,

1863 3842 1985 3896 auia
2006 3843 2292 3910 justiﬁcat.

2379 3957 2585 4012 Salutio
2616 3959 2942 4028 objectionis.

1935 4087 2014 4154 Si,
2035 4090 2188 4160 juxta
2228 4100 2372 4145 tuam
2404 4092 2820 4162 blasphemiam,
2843 4093 3077 4148 Verbum
3111 4094 3311 4149 dictum
3339 4104 3443 4160 est,

1863 4195 1967 4235 non
2001 4182 2144 4251 quod
2177 4183 2500 4237 naturaliter
2531 4185 2634 4239 hoc
2657 4186 2728 4240 sit
2756 4200 2820 4240 ex
2858 4185 3018 4240 Patre
3047 4186 3364 4254 procedens,
3391 4197 3444 4242 et

1864 4273 2128 4339 genitoris
2158 4275 2237 4326 sui
2277 4276 2570 4329 essentiam
2599 4276 2908 4342 declarans,
2946 4278 3039 4332 sed
3072 4279 3216 4347 quod
3261 4279 3443 4333 Patris

1864 4364 2086 4418 verbum
2119 4366 2367 4430 audiens,
2404 4367 2560 4422 nobis
2594 4368 2642 4422 id
2677 4369 2982 4434 annuntiet,
3013 4370 3240 4425 observa
3282 4371 3443 4424 etiam

1867 4455 1919 4510 in
1951 4456 2072 4511 aliis
2106 4457 2350 4512 eamdem
2387 4459 2648 4513 rationem
2673 4469 2726 4514 et
2743 4462 3206 4530 consequentiam,
3234 4471 3292 4515 ut
3323 4477 3446 4530 gra-

173 4545 522 4608 ἀκολουθίαν,
567 4545 653 4597 ἵνα
680 4543 773 4596 καὶ
811 4543 1072 4613 μειζόνως
1106 4543 1512 4613 ἀσχημονήσῃς.
1549 4543 1611 4594 Ei
1650 4543 1757 4612 γάρ

1865 4545 1985 4600 vius
2047 4551 2392 4617 apertiusque
2437 4550 2739 4619 delinquas.
2787 4548 2922 4603 Nam
2977 4551 3023 4606 si
3076 4551 3308 4606 Verbum
3360 4561 3445 4606 est

173 4640 353 4708 Λόγος
385 4639 570 4703 ἐστὶν,
618 4636 700 4690 ὅτι
746 4635 904 4703 λόγον
955 4635 1210 4704 ἀκήκοεν,
1262 4637 1555 4702 ἀναγκαῖον
1595 4635 1758 4686 εἰπεῖν

1870 4639 1995 4710 quia
2028 4640 2252 4694 verbum
2295 4640 2520 4705 audivit,
2563 4643 2926 4696 necessarium
2964 4651 3045 4697 est
3067 4644 3230 4698 etiam
3270 4645 3443 4714 ipsum

175 4729 255 4784 ὅτι
289 4731 388 4784 καὶ
416 4727 729 4797 δικαιοσύνη
776 4727 870 4779 καὶ
908 4726 1182 4795 ἁγιασμός
1225 4728 1394 4790 ἐστιν,
1445 4725 1519 4788 ὡς
1554 4725 1761 4778 δικαιο-

179 4821 350 4893 σύνης
396 4821 491 4874 καὶ
541 4817 815 4888 άγιασμοῦ
867 4817 1116 4887 μέτοχος,
1166 4817 1260 4871 καὶ
1303 4818 1364 4869 ού
1413 4817 1555 4871 κατὰ
1601 4817 1763 4886 φύσιν

178 4911 351 4964 ταῦτα
377 4911 656 4980 ὑπάρχων.
687 4908 769 4960 Τά
811 4908 867 4960 δὲ
898 4907 974 4978 μὴ
1008 4908 1150 4960 κατά
1190 4907 1351 4976 φύσιν
1386 4908 1658 4978 προσόντα
1690 4927 1761 4961 τι·

182 5005 284 5071 σὶν,
317 5005 434 5058 ἀλλ’
467 5003 664 5071 ἔξωθεν
703 5003 1057 5072 ὲπιγεγονότα
1079 5043 1091 5065 ,
1147 5002 1342 5072 ῥᾳδίως
1375 5004 1760 5073 άποσυμϐἠσε-

181 5115 288 5152 ται.
332 5097 440 5151 Καί
488 5113 619 5149 ποτε
666 5095 1014 5164 δικαιοσύνης
1055 5095 1147 5146 καὶ
1207 5094 1480 5164 ἁγιασμοῦ
1525 5096 1759 5166 ἔρημος,

1867 4747 1990 4789 esse
2029 4733 2293 4801 justitiam
2337 4742 2390 4788 et
2447 4733 2933 4788 sanctiﬁcationem
2969 4735 3094 4804 quia
3127 4735 3350 4805 justitia:
3389 4747 3446 4790 et

1866 4824 2315 4880 sanctiﬁcationis
2340 4832 2424 4879 est
2454 4825 2749 4894 particeps,
2779 4840 2884 4880 non
2913 4833 3091 4879 autem
3128 4826 3446 4879 naturaliter

1865 4915 1914 4969 id
1944 4930 2086 4970 esse.
2124 4916 2252 4982 Qum
2281 4931 2408 4970 vero
2441 4930 2544 4969 non
2579 4917 2896 4970 naturaliter
2921 4915 3080 4970 alicui
3117 4917 3320 4977 insunt,
3349 4916 3443 4968 sed

1860 5005 2196 5060 extrinsecus
2222 5006 2500 5069 accidunt,
2526 5004 2687 5060 facile
2711 5008 2872 5060 etiam
2902 5015 3126 5074 possunt
3160 5019 3266 5058 non
3298 5007 3442 5057 acci-

1858 5095 2006 5149 dere.
2033 5097 2206 5164 Atque
2224 5095 2294 5148 ita
2331 5097 2640 5164 aliquando,
2664 5095 2821 5163 juxta
2846 5105 3082 5150 vestram
3106 5096 3439 5165 Opinionem,

182 5185 299 5239 καθ⁹
337 5187 503 5256 ὑμᾶς,
529 5188 557 5239 ό
587 5184 682 5238 τοῦ
710 5183 847 5236 Θεοῦ
880 5184 1053 5250 Λόγος
1091 5187 1358 5252 φανεῖται,
1390 5187 1418 5237 ό
1447 5184 1639 5251 λέγων’
1661 5203 1677 5234 ι
1703 5185 1758 5236 ὐ

1865 5185 2066 5254 iustitia
2088 5194 2144 5240 et
2166 5186 2594 5240 sanctiﬁcatione
2643 5201 2876 5240 vacuum
2911 5186 3018 5239 erit
3044 5185 3137 5239 Dei
3171 5183 3432 5253 Verbum,

182 5276 440 5346 ἑωρακὼς
486 5276 627 5347 ἐμὲ,
672 5274 887 5346 ἑώρακε
947 5274 1040 5327 τὸν
1093 5275 1332 5346 Πατέρα.
1373 5294 1390 5324 ι
1443 5276 1756 5340 ιιιθανούσης

181 5367 468 5439 τοιγαροῦν
535 5369 631 5421 καὶ
687 5369 766 5431 εἰς
823 5366 985 5419 αὐτὸν
1049 5366 1148 5437 ἤδη
1206 5367 1298 5419 τὸν
1370 5367 1590 5437 Πατέρα
1657 5371 1756 5436 τῆς

182 5459 526 5532 δυσφημίας,
565 5459 930 5530 παραιτητέον
967 5456 1074 5512 τῶν
1119 5458 1505 5530 χριστομάχων
1535 5458 1633 5528 τὴν
1660 5476 1754 5512 κα-

185 5549 416 5607 κόνοιαν.

223 5726 266 5758 ⁸⁸
297 5727 436 5785 Psal.
476 5745 660 5796 Lxxxr,
696 5727 760 5796 6;
792 5727 944 5783 Joan.
984 5744 1033 5794 ι,
1067 5727 1154 5781 54.

1863 5276 2004 5344 quod
2030 5277 2096 5330 de
2119 5290 2178 5331 se
2199 5276 2360 5330 dicit:
2388 5294 2406 5326 ι
2436 5275 2535 5340 Qui
2562 5275 2694 5329 vidit
2721 5290 2828 5341 me,
2852 5275 3054 5330 viditet
3082 5275 3298 5332 Patrem
3323 5277 3386 5332 ".
3418 5300 3437 5332 ι

1861 5365 1996 5418 Cum
2033 5365 2196 5435 igitur
2220 5364 2288 5418 ad
2317 5365 2536 5420 Patrem
2567 5366 2742 5435 ipsum
2768 5367 2884 5422 haec
2911 5366 3242 5437 blasphemia
3269 5371 3444 5440 perti-

1863 5468 2008 5520 neat,
2042 5456 2355 5511 detestanda
2397 5458 2591 5514 merito
2622 5465 2706 5514 est
2749 5457 2867 5515 hate
2919 5458 3172 5517 immanis
3205 5461 3443 5519 hostium

1860 5549 2058 5604 Christi
2082 5551 2428 5620 perversitas.

1235 5728 1277 5758 "6
1307 5725 1462 5781 Joau.
1496 5744 1602 5793 xw,
1636 5729 1688 5785 ϐ.
1768 5729 1808 5760 ⁸⁷
1839 5727 1993 5783 Joan.
2027 5744 2133 5793 xlv,
2166 5731 2218 5784 9.
