4072 6514
608 337 711 395 327

1286 452 1515 508 ALIUD.

677 570 755 625 Ne
783 570 960 625 sacris
996 568 1298 638 Scripturis
1351 566 1523 636 legem
1574 566 1839 633 imponas,
1878 562 2132 618 hazretice
2174 580 2186 616 :

603 841 1039 911 expositionibus
1061 838 1240 908 potius
1270 851 1429 906 quam
1462 834 1535 890 illi
1570 834 1727 889 (idem
1756 834 2025 887 adhibeat.
2062 832 2188 900 Spi-

607 934 747 987 ritus
797 933 963 1001 igitur
1006 939 1227 985 sanctus
1265 926 1497 997 appellat
1543 926 1740 981 Filium
1792 923 2022 978 Verbum
2071 941 2084 977 :
2134 934 2185 976 tu

606 1038 738 1079 vero
774 1039 877 1077 non
922 1022 1177 1086 Verbum,
1210 1021 1303 1074 sed
1332 1017 1491 1073 Verbi
1524 1016 1841 1085 participem
1874 1030 1995 1069 eum
2030 1014 2184 1068 facis.

604 1114 739 1169 Nam
788 1116 833 1170 si
879 1115 1080 1168 idcirco
1109 1113 1282 1184 ipsum
1318 1109 1453 1163 dicis
1486 1118 1735 1162 vocatum
1771 1105 2029 1172 Verbum,
2059 1105 2185 1173 quia

605 1208 657 1261 id
690 1207 832 1276 quod
887 1207 1035 1260 audit
1075 1219 1104 1258 a
1153 1203 1333 1267 Patre,
1379 1200 1534 1255 nobis
1580 1199 1886 1262 annuntiat,
1919 1198 2187 1266 quomodo

603 1315 709 1352 non
735 1299 969 1351 delirare
997 1293 1311 1351 censearis?
1337 1292 1435 1358 Qui
1469 1290 1614 1344 enim
1645 1290 1765 1344 talis
1798 1297 1898 1353 est,
1934 1303 2038 1343 non
2066 1303 2184 1340 am-

601 1389 741 1458 plius
775 1387 1032 1453 Verbum,
1062 1385 1155 1441 sed
1195 1384 1350 1440 Verbi
1377 1383 1645 1453 particeps
1680 1393 1801 1436 est:
1844 1394 2015 1449 neque
2036 1380 2182 1433 enim

606 1482 746 1534 idem
776 1494 871 1548 per
899 1494 958 1532 se
984 1477 1145 1532 fuerit
1172 1477 1441 1546 particeps
1470 1483 1521 1528 et
1553 1473 1954 1542 participatum.
1991 1472 2185 1525 Exem-

597 1572 671 1640 pli
722 1571 919 1640 gratia,
976 1570 1122 1623 aliud
1174 1579 1257 1623 est
1300 1566 1587 1634 sapientia,
1641 1565 1785 1619 aliud
1828 1564 2045 1632 sapiens
2092 1563 2183 1630 qui

597 1662 876 1733 sapientia:
923 1662 1195 1732 particeps
1245 1669 1358 1724 est;
1416 1659 1564 1713 aliud
1620 1657 1997 1726 grammatica,
2039 1655 2183 1709 aliud

596 1753 986 1821 grammaticus
1018 1767 1033 1806 :
1084 1752 1316 1807 alterum
1352 1753 1496 1805 enim
1530 1760 1615 1803 cst
1650 1765 1733 1803 res
1770 1750 1907 1816 ipsa,
1953 1749 2179 1801 alterum

594 1844 686 1913 qui
727 1845 803 1898 rei
847 1844 988 1897 illius
1022 1844 1300 1913 particeps
1337 1851 1441 1896 est.
1475 1840 1852 1894 Necessarium
1889 1839 2051 1908 igitur
2079 1847 2180 1903 est,

594 1947 689 1988 aut
716 1935 952 1988 Verbum
1000 1950 1128 1989 esse
1174 1935 1358 1998 fateri,
1390 1942 1445 1987 et
1492 1947 1595 1985 non
1636 1931 1793 1985 Verbi
1823 1931 2136 1999 participem
2170 1948 2182 1984 :

597 2035 693 2079 aut
720 2027 763 2080 si
795 2026 1066 2094 particeps
1092 2036 1175 2081 est
1211 2025 1395 2090 Verbi,
1426 2039 1532 2078 non
1564 2023 1669 2091 iam
1706 2022 1938 2076 Verbum
1968 2035 2181 2076 vocare.

596 2115 730 2170 Nam
762 2127 1052 2185 utrumque
1097 2116 1257 2170 simul
1302 2123 1544 2184 reSpectu
1591 2114 1673 2167 sui
1720 2112 1893 2181 ipsius
1921 2126 2041 2166 esse
2078 2126 2181 2165 non

597 2217 795 2276 potest.
856 2208 1124 2275 Planeque
1181 2221 1399 2261 necesse
1461 2216 1564 2268 est,
1625 2214 1680 2258 ut
1727 2203 1895 2258 Filius
1953 2203 2181 2257 alterum

597 2301 788 2353 horum
824 2287 895 2353 sit
941 2318 956 2351 :
987 2308 1275 2367 utrumque
1310 2312 1436 2352 vero
1478 2310 1840 2364 nequaquam.
1887 2293 2021 2348 Cum
2056 2307 2183 2347 vero

595 2391 779 2443 divina
824 2389 1103 2457 Scriptura
1142 2389 1312 2458 ipsum
1365 2387 1598 2458 appellet
1648 2385 1918 2450 Verbum,
1966 2384 2181 2438 valeant

601 2481 679 2534 illi
722 2481 811 2549 qui
853 2480 1024 2549 ipsum
1072 2494 1174 2534 non
1218 2478 1480 2541 Verbum,
1514 2477 1606 2531 sed
1658 2475 1816 2531 Verbi
1864 2476 2180 2545 participem

593 2587 717 2627 esse
752 2573 961 2627 volunt.

951 2697 1531 2789 ASSERTIO
1605 2697 1819 2784 XX.

800 2848 864 2901 In
913 2848 1045 2901 illud
1075 2863 1097 2919 :7
1135 2865 1153 2897 ι
1182 2845 1442 2919 Sustinuit
1477 2860 1685 2919 crucem
1716 2841 2008 2919 iguominia
2054 2858 2179 2919 coit-

660 2912 848 2986 ἷρῆοριιι
880 2919 948 2979 ⁸⁸,
997 2918 1191 2970 idcirco
1219 2928 1264 2969 et
1294 2915 1433 2968 Deus
1459 2915 1706 2968 exultavit
1740 2914 1913 2986 illum,
1955 2924 2000 2964 et
2030 2912 2176 2965 dedit

659 2990 707 3041 ei
740 2981 949 3049 nomen,
982 2989 1119 3056 quod
1148 2997 1221 3038 est
1248 3002 1403 3052 super
1432 3001 1581 3038 omne
1605 2999 1789 3036 nomen
1818 2981 1885 3035 ‘9.
1919 3000 1938 3034 ι

1050 3095 1281 3164 Objectio
1328 3094 1712 3146 lauareticorum.

662 3207 938 3276 Scriptum
973 3216 1075 3272 est,
1114 3206 1370 3274 inquiunt
1400 3222 1413 3257 :
1454 3222 1472 3254 ι
1501 3204 1745 3272 Cogitate
1770 3204 1875 3258 hoc
1903 3204 2093 3273 singuli
2123 3204 2171 3258 in

590 3298 764 3360 vobis,
797 3296 1012 3359 fratres,
1031 3295 1171 3361 quod
1189 3303 1243 3347 et
1273 3294 1325 3346 in
1358 3291 1578 3347 Christo
1598 3291 1742 3356 .lesu,
1765 3292 1855 3360 qui
1881 3307 1999 3345 cum
2032 3302 2174 3347 esset

592 3386 648 3442 in
686 3385 855 3438 forma
893 3384 1008 3445 Dei,
1048 3398 1153 3436 nou
1196 3385 1438 3451 rapinam
1486 3383 1785 3436 arbitratus
1831 3392 1916 3437 est
1952 3398 2009 3436 se
2052 3399 2173 3437 esse

592 3475 852 3545 aequalem
882 3473 1028 3537 Deo;
1052 3491 1084 3537 ,ι
1118 3486 1289 3541 usque
1317 3489 1381 3527 eo
1410 3487 1423 3525 :
1460 3492 1478 3524 ι
1508 3471 1632 3526 ldeo
1660 3481 1715 3527 et
1749 3474 1889 3527 Deus
1918 3474 2175 3527 exallavit

590 3567 766 3630 illum,
796 3576 849 3619 et
878 3566 1025 3619 dedit
1066 3566 1113 3618 ei
1160 3579 1355 3618 nomen
1396 3563 1539 3632 quod
1571 3574 1655 3618 est
1689 3578 1850 3633 super
1886 3579 2045 3619 omne
2076 3580 2173 3618 no-

593 3678 715 3715 men
735 3661 803 3713 ⁸⁸.
826 3677 843 3710 ι
870 3659 926 3714 Si
956 3672 1084 3728 ergo
1107 3657 1375 3713 exaltatus
1398 3665 1484 3710 est
1512 3671 1541 3709 a
1574 3655 1706 3721 Deo,
1735 3664 1787 3711 et
1815 3655 2169 3726 gloriﬁcatus,

591 3765 657 3803 ac
687 3749 844 3803 veluti
901 3764 996 3818 per
1038 3749 1265 3818 gratiam
1317 3748 1521 3815 accepit
1555 3760 1745 3800 nomen
1798 3760 1962 3815 super
2004 3760 2170 3799 omne

591 3855 811 3903 nomen,
843 3839 967 3907 quia
1014 3839 1317 3893 humiliavit
1342 3840 1577 3906 seipsum
1601 3852 1769 3905 usque
1806 3838 1870 3890 ad
1908 3848 2168 3891 mortem:

587 3945 718 4000 ergo
751 3932 1007 3983 honorem
1036 3928 1177 3983 hunc
1196 3938 1250 3983 et
1274 3944 1467 3983 nomen
1485 3942 1646 3997 super
1661 3927 1841 3980 omnia
1868 3926 2169 3980 mercedem

589 4032 702 4077 suae
734 4021 1057 4074 humilitatis
1085 4020 1314 4088 accepit,
1350 4035 1455 4073 non
1492 4029 1688 4072 natura
1731 4018 2002 4071 exsistens
2032 4017 2171 4071 Deus

585 4121 681 4165 aut
713 4109 901 4174 Filius,
948 4109 1041 4163 sed
1089 4109 1404 4164 accessione
1431 4107 1669 4177 quadam
1718 4107 1768 4161 id
1814 4106 2058 4161 eﬂ‘ectus.
2115 4109 2168 4162 ld

586 4216 721 4257 vero
747 4201 890 4270 quod
919 4200 1221 4268 adiectione
1254 4199 1432 4269 aliqua
1466 4208 1606 4267 eget,
1650 4197 2023 4267 imperfectum
2065 4207 2167 4265 est,

590 4306 767 4361 neque
798 4291 850 4343 in
885 4304 982 4344 sua
1013 4300 1205 4343 natura
1241 4290 1542 4344 absolutum
1574 4300 1737 4360 atque
1775 4290 2083 4359 integrum;
2116 4302 2169 4347 et

588 4382 733 4452 quod
762 4382 1060 4435 exaltatum
1097 4381 1390 4449 aliquando
1422 4380 1541 4448 fuit,
1573 4397 1791 4437 necesse
1817 4394 1900 4437 est
1928 4398 1992 4437 ex
2026 4383 2165 4437 infe-

1642 333 1700 387 S.
1744 329 2023 388 CYRILLI
2056 326 2527 384 ALEXANDBINI
2566 327 2886 385 ARCHIEP.

2220 454 2269 509 Λ

2974 449 3176 504 ΑΛΛΟ.

2362 563 2476 616 Οὑκ
2502 562 3005 633 ὲπινομοθετήσεις,
3054 556 3100 617 ὢ
3146 564 3508 635 χριστομάχε,
3552 565 3685 627 ταῖς
3736 562 3905 629 θείαις

608 678 763 716 neruo
799 676 928 717 vero
962 664 1031 715 ita
1081 669 1275 713 emota:
1310 658 1505 712 mentis
1543 656 1669 719 erit,
1706 664 1764 709 ut
1803 671 1922 710 cum
1960 653 2175 723 Spirilut

2293 655 2539 727 Γραφαῖς
2560 671 2574 686 ·
2624 653 2733 708 οὐδ’
2763 654 2829 709 ἂν
2856 655 3068 724 γένοιτό
3106 672 3189 718 τις
3220 655 3441 727 ἔκφρων
3483 654 3801 717 τοσοῦτον,
3838 658 3899 719 ὡς

606 761 829 807 sanctus
882 751 985 805 alia
1035 748 1290 819 pradicet
1336 746 1401 801 de
1452 745 1623 811 Filio,
1679 744 1789 799 tuis
1842 743 2175 797 cavillatorii:

2291 747 2457 818 ἔτερα
2489 747 2742 815 λέγοντος
2768 746 2863 800 τοῦ
2894 747 3041 801 θείου
3077 747 3392 818 Πνεὺματος
3424 748 3566 818 περὶ
3604 746 3714 799 τοῦ
3755 747 3893 809 Tia-3,

2289 840 2403 901 τοῖς
2436 841 2545 902 σοῖς
2589 838 2873 893 πείθεσθαι
2900 838 3074 902 νόθοις
3098 840 3397 910 σοφίσμασι
3422 838 3675 909 μᾶλλον,
3695 840 3801 890 καὶ

2289 930 2484 1001 ἐκείνῳ
2529 929 2845 1000 προσέχειν.
2908 930 3082 998 Λόγον
3127 930 3416 1000 τοιγαροῦν
3473 930 3761 1000 ὀνομάζει
3812 932 3888 983 τὸν

2288 1018 2420 1072 Υίὸν
2451 1018 2512 1071 τὸ
2543 1020 2768 1090 Πνεῦμα
2791 1020 2853 1073 τὸ
2878 1019 3033 1089 ἅγιον
3052 1035 3067 1051 °
3110 1020 3270 1084 αὑτὸς
3302 1021 3356 1073 δὲ
3391 1022 3450 1073 οὑ
3480 1022 3678 1088 Λόγον
3710 1024 3883 1089 εἰσ-,τέ-

2290 1109 2593 1180 ρεις,ξάλλὰ
2630 1111 2807 1177 Λόγου
2843 1110 3089 1181 μέτοχον.
3119 1113 3182 1164 Ei
3214 1111 3321 1180 γὰρ
3352 1111 3441 1164 διὰ
3467 1110 3652 1163 τοῦτο
3698 1112 3885 1180 πεπιὶῆ⁴

2288 1200 2413 1254 σθαι
2463 1200 2565 1270 φὴς
2616 1201 2779 1254 αὑτὸν
2827 1202 3023 1270 Λόγον,
3076 1202 3375 1272 ἐπειδήπερ
3424 1202 3601 1269 λόγον
3652 1202 3878 1264 ἀκούσας

2286 1287 2439 1358 παρὰ
2470 1287 2564 1341 τοῦ
2595 1290 2830 1361 Πατρὸς,
2865 1292 3053 1345 τοῦτον
3094 1294 3175 1355 εἰς
3204 1293 3352 1362 ἡμᾶς
3394 1292 3735 1363 ἐξήγγειλε,
3780 1293 3876 1355 ττές

2284 1382 2386 1449 οὑχ
2412 1380 2687 1452 εὑρεθήσῃ
2718 1380 3015 1452 ληρῶν;⁶0
3035 1382 3143 1453 γὰρ
3175 1384 3418 1447 τοιοῦτος
3466 1383 3679 1436 οὐκέτι
3724 1382 3873 1449 Λόγος

2284 1474 2456 1535 ἐστὶν,
2505 1473 2645 1526 ἀλλὰ
2684 1473 2861 1541 Λόγου
2913 1474 3165 1544 μέτοχος·
3207 1476 3267 1527 οὑ
3309 1473 3418 1545 γὰρ
3452 1475 3527 1528 ἂν
3565 1475 3664 1544 εἴη
3698 1474 3872 1526 ταυτὸν

2283 1564 2362 1627 ὡς
2392 1565 2529 1636 πρὸς
2562 1566 2720 1618 ἑαυτὸ
2753 1566 2815 1618 τὸ
2869 1566 3091 1637 μέτοχόν
3136 1583 3283 1630 τινος
3333 1568 3430 1621 καὶ
3483 1567 3867 1637 μετεχόμενον.

2286 1655 2412 1714 Οἷον
2459 1659 2592 1731 φέρε
2625 1661 2822 1725 εἰπεῖν,
2869 1660 2903 1730 ἡ
2940 1658 3103 1728 σοφία
3138 1660 3274 1730 πρὸς
3302 1660 3393 1712 τὸν
3426 1660 3609 1727 σοφὸν
3638 1660 3739 1711 τὸν
3769 1676 3867 1725 μετ·

2286 1749 2478 1820 έχοντα
2521 1749 2691 1820 αὑτῆς
2716 1791 2729 1812 ,
2766 1749 2885 1802 οὐδὲ
2914 1751 2947 1819 ἡ
2986 1749 3346 1820 γραμματικὴ
3382 1749 3529 1818 πρὸς
3575 1748 3679 1802 τὸν
3711 1765 3867 1816 γραμ-

2291 1840 2519 1911 ματικὸν
2551 1841 2642 1894 τὸν
2666 1840 2966 1911 μετέχοντα
2990 1840 3413 1910 αὑτῆς.”¹Ετερον
3432 1840 3550 1909 γάρ
3582 1857 3640 1891 τι
3664 1842 3869 1909 πρᾶγμα

2288 1933 2381 1985 καὶ
2410 1932 2596 2002 ἕτερόν
2628 1933 2794 1985 ἐστιν.
2837 1931 3075 2001 Ἀνάγκη
3103 1932 3281 1983 τοίνυν
3310 1931 3343 2001 ἢ
3376 1931 3561 1997 Λόγον
3602 1930 3868 1999 ὁμολογεῖν

2286 2023 2381 2076 καὶ
2410 2024 2469 2075 οὑ
2498 2022 2671 2090 Λόγου
2714 2022 2939 2093 μέτοχον
2960 2038 2973 2053 ο
3007 2022 3040 2093 ἢ
3076 2024 3123 2075 εί
3163 2023 3381 2093 μετέχει
3413 2024 3610 2091 Λόγου
3634 2064 3651 2087 ,
3695 2022 3868 2092 μηκέτι

2285 2114 2457 2183 Λόγον
2500 2114 2810 2184 ὀνομάζειν.
2868 2113 3106 2184 Ἀναιρεῖ
3146 2113 3255 2184 γὰρ
3300 2113 3460 2165 τοῦτο
3508 2115 3728 2165 ἐκεῖνο.
3780 2114 3865 2165 Καὶ

2284 2204 2475 2273 ἐκείνῳ
2504 2204 2664 2257 τοῦτο
2698 2205 2953 2275 μάχεται,
3006 2205 3097 2257 καί
3124 2202 3204 2256 δεί
3233 2203 3450 2266 πάντως
3486 2203 3547 2254 ἓν
3578 2219 3640 2253 τι
3674 2202 3781 2254 τῶν
3805 2204 3862 2251 εξ-

2290 2296 2539 2367 ρημένων
2584 2296 2852 2365 ὑπάρχειν
2879 2294 2971 2348 τὸν
3001 2295 3129 2347 Υίόν
3151 2311 3164 2325 ο
3193 2293 3481 2364 ἀμφότερα
3512 2293 3573 2344 δὲ
3604 2292 3857 2362 οὐδαμῶς.

2284 2386 2458 2453 Λόγον
2487 2386 2542 2437 δὲ
2574 2386 2737 2436 αὑτὸν
2766 2384 3142 2455 ὀνομαζοὺσης
3172 2386 3270 2454 τῆς
3303 2384 3453 2448 Θείας
3492 2385 3759 2455 Γραφῇ,
3788 2386 3857 2452 ὲρο

2283 2473 2489 2543 ρὦθαι
2515 2473 2815 2543 φράσωμεν
2840 2474 3066 2536 εἰκότως
3093 2477 3205 2537 τοῖς
3234 2476 3591 2545 εἰσφέρουσιν
3631 2476 3794 2529 αὑτὸν
3812 2475 3857 2526 οὐ

2280 2567 2476 2635 Λόγον,
2508 2565 2645 2619 ἀλλὰ
2670 2567 2844 2635 Λόγου
2874 2567 3123 2637 μέτοχον.

2789 2690 3158 2775 ΛΟΓΟΣ
3231 2689 3354 2775 Κ.

2276 2844 2383 2906 Εἰς
2411 2842 2501 2916 Τὸ,
2534 2862 2553 2894 α
2596 2838 2894 2916 ’Υπέμεινε
2924 2848 3190 2916 σταυρὸν
3225 2850 3531 2915 αἰσχύνης
3573 2864 3853 2914 καταρρο-

2348 2913 2579 2984 νήσας,
2622 2913 2853 2969 (Sto—xui
2889 2920 2922 2970 ὀ
2954 2913 3096 2983 Θεόξ·
3126 2920 3311 2972 αὑτὸν
3334 2913 3746 2984 ὖπερύιέβωσε,
3776 2919 3852 2967 καὶ

2347 2982 2669 3052 ἐχαρίσατο
2691 2986 2851 3052 αὐτῷ
2876 2987 2943 3040 τὸ
2972 2982 3159 3057 ὄνομα
3189 2989 3253 3041 τὸ
3282 2988 3432 3055 ὑπὲρ
3457 2982 3599 3040 ήπᾶν
3622 2987 3849 3055 ὄνομα.»

2519 3097 2840 3164 Ἁντίθεσις
2867 3099 2947 3165 ὡς
2967 3101 3034 3154 ἐκ
3066 3099 3186 3154 τῶν
3209 3101 3283 3155 δι’
3319 3102 3630 3166 ἐναντίας.

2353 3205 2686 3276 Γέγραπται,
2742 3210 2934 3276 φασίν’
2974 3232 2991 3262 ι
3014 3212 3273 3264 Ἕκαστοι
3306 3210 3466 3263 τοῦτο
3514 3213 3771 3279 φρονεῖτε
3807 3209 3853 3260 ἐν

2281 3296 2430 3366 ὑμῖν,
2471 3298 2500 3350 ὂ
2536 3301 2628 3352 καὶ
2671 3302 2729 3353 ὲν
2761 3304 2983 3374 Χριστῷ
3042 3303 3248 3373 Ἰησοῦ,
3294 3304 3451 3367 ὂςὲν
3506 3305 3699 3371 μορφῇ
3735 3299 3853 3353 Θεοῦ

2279 3388 2563 3459 ὑπάρχων,
2591 3392 2687 3461 οὑχ
2719 3394 3012 3465 ἁρπαγμὸν
3046 3397 3289 3465 ἡγήσατο
3309 3395 3369 3446 τὸ
3397 3391 3536 3446 εἶναι
3569 3395 3665 3446 ἴσα
3689 3392 3849 3460 Θεῷη

2278 3479 2382 3543 ἕως
2435 3480 2551 3546 τοῦ,
2608 3501 2628 3534 ι
2658 3485 2749 3537 Διὸ
2784 3487 2877 3538 καί¹
2922 3488 2950 3539 ό
2992 3486 3122 3549 Θεὸς
3155 3485 3317 3539 αὑτὸν
3352 3484 3728 3555 ὑπερύψωσε,
3772 3485 3855 3536 καὶ

2277 3570 2570 3640 ἐχαρίσατο
2624 3575 2773 3645 αὑτῷ
2825 3571 2995 3647 ὄνομα
3046 3578 3109 3630 τὸ
3154 3578 3296 3647 ὑπὲρ
3346 3579 3453 3629 πᾶν
3499 3576 3695 3645 δνομα.
3736 3595 3755 3626 ι
3802 3576 3853 3626 Ei

2277 3663 2455 3717 τοίνυν
2484 3664 2671 3736 ὑψώθη
2706 3667 2857 3738 παρὰ
2878 3668 2971 3720 τοῦ
2999 3668 3157 3730 Θεοῦ,
3191 3670 3286 3720 καὶ
3318 3666 3579 3735 ἐδοξάσθη
3605 3709 3621 3732 ,
3658 3669 3753 3720 καὶ
3789 3667 3856 3727 ὡς

2279 3755 2337 3805 ὲν
2388 3754 2729 3825 χαρίσματος
2768 3759 2924 3828 μέρει
2970 3759 3095 3828 ἔσχε
3145 3758 3206 3810 τὸ
3252 3758 3422 3827 ὄνομα
3458 3757 3520 3809 τὸ
3561 3758 3709 3827 ὑπὲρ
3754 3760 3853 3809 πᾶν

2278 3844 2467 3913 ὄνομα,
2515 3846 2596 3898 ὅτι
2643 3848 3006 3901 ἐταπείνωσεν
3039 3849 3232 3903 ἑαυτὸν
3269 3850 3429 3920 μέχρι
3460 3848 3735 3911 θανάτου,
3775 3868 3855 3917 μι-

2278 3934 2402 3988 σθὸν
2429 3934 2541 4005 ἔχει
2576 3936 2674 4006 τῆς
2701 3938 3081 4001 ταπεινώσεως
3122 3939 3221 4007 τὴν
3259 3939 3424 4009 τιμὴν
3463 3938 3557 3991 καὶ
3593 3940 3660 3991 τὸ
3690 3939 3853 4007 ὄνομα

2274 4025 2335 4077 τὸ
2381 4026 2523 4097 ὑπὲρ
2564 4028 2776 4080 πάντα·
2817 4029 2877 4080 οὐ
2907 4028 3067 4095 φύσει
3115 4029 3249 4093 Θεὸς
3276 4029 3352 4083 ὣν
3389 4031 3421 4100 ἥ
3467 4029 3616 4094 Υἱὸς,
3647 4030 3765 4083 ἀλλ’
3794 4032 3853 4082 ἐκ

2274 4115 2596 4185 προσθήκης
2624 4116 2796 4170 ταῦτα
2830 4120 3142 4189 γενόμενος.
3192 4120 3264 4173 Τὸ
3297 4120 3353 4173 δὲ
3389 4120 3713 4192 προσθήκης
3739 4121 3849 4173 δεὸ.

2277 4222 2456 4274 μενον,
2493 4206 2679 4269 ἀτελὲς
2711 4207 2776 4259 ἂν
2810 4208 2896 4279 εἴη
2945 4212 3039 4263 καὶ
3083 4209 3299 4273 ἐλλιπὲς
3346 4211 3470 4263 ὅσον
3509 4214 3591 4273 είς
3641 4214 3746 4281 τὴν
3772 4215 3851 4264 οἰ-

2274 4298 2427 4351 κείαν
2451 4297 2629 4367 φὺσιν.
2656 4301 2767 4353 Kai
2788 4302 2847 4354 τὸ
2878 4303 3180 4373 ὑψοὺμενόν
3212 4321 3335 4366 που,
3359 4303 3609 4357 κάτωθεν
3634 4306 3849 4373 ἀνάγκη

2272 4387 2409 4457 πρὸς
2444 4387 2600 4440 τοῦτο
2635 4388 2959 4459 ἐπαίρεσθαι
2981 4409 2992 4419 ·
3028 4393 3121 4444 καὶ
3144 4392 3205 4444 τὸ
3235 4394 3394 4463 χάριν
3423 4393 3716 4463 δεχόμενον
3748 4395 3851 4446 δεῖς

590 4473 733 4526 riore
761 4482 903 4525 statu
935 4485 1000 4525 eo
1026 4471 1297 4526 sublatum
1327 4486 1444 4527 esse
1477 4490 1490 4525 :
1523 4482 1577 4528 et
1602 4473 1743 4542 quod
1767 4474 1994 4543 gratiam
2024 4476 2169 4529 acci-

2282 4478 2399 4529 σθαι
2428 4477 2533 4548 χρὴ
2566 4480 2783 4543 πάντως
2816 4475 2875 4533 οὗ
2917 4482 3128 4552 δέχεται
3148 4500 3161 4513 ·
3214 4486 3307 4536 καὶ
3358 4484 3418 4535 τὸ
3460 4482 3730 4553 τιμᾶσθαι
3759 4484 3851 4553 Cr;

588 4566 691 4634 pit,
736 4577 797 4617 ea
853 4564 1074 4616 omnino
1122 4563 1361 4633 indigeat
1410 4579 1424 4617 :
1470 4573 1524 4616 et
1556 4566 1646 4633 qui
1696 4564 1949 4619 honorari
2001 4566 2169 4636 cupit,

588 4662 803 4723 oportet
841 4662 900 4706 ut
945 4654 1068 4708 talis
1116 4668 1220 4707 non
1256 4653 1436 4720 luerit,
1483 4655 1656 4723 qualis
1684 4671 1802 4710 esse
1828 4658 2066 4726 optabat.
2112 4656 2169 4710 Si

572 4758 722 4813 ergo
752 4743 935 4798 datum
972 4754 1054 4799 est
1082 4745 1155 4799 illi
1187 4760 1380 4798 nomen
1411 4758 1571 4814 super
1593 4761 1753 4800 omne
1780 4762 1993 4812 nomen,
2023 4758 2170 4802 certe

586 4852 653 4890 ex
688 4846 880 4889 natura
908 4850 1001 4888 sua
1036 4837 1133 4889 hoc
1170 4853 1271 4890 non
1298 4846 1437 4901 erat,
1484 4838 1576 4891 sed
1609 4838 1890 4905 postmodo
1917 4853 2013 4906 per
2044 4853 2168 4914 gra-

590 4930 718 4983 tiam
750 4928 854 4983 hoc
889 4918 1062 4982 factus
1094 4938 1194 4983 est.
1239 4930 1393 4994 Quod
1436 4943 1563 4983 vero
1599 4929 1670 4981 ita
1714 4943 1774 4983 se
1809 4928 1988 4993 habet,
2024 4926 2163 4983 Deus

587 5036 708 5075 esse
742 5034 849 5075 non
890 5029 1101 5089 potest:
1139 5035 1329 5075 recens
1354 5019 1497 5073 enim
1530 5028 1635 5074 est.

897 5128 1074 5184 Brevis
1104 5129 1260 5199 hujus
1299 5129 1609 5198 objectionis
1642 5130 1851 5187 solutio.

657 5238 971 5305 Qualisnam
1014 5255 1141 5295 vero
1174 5243 1415 5296 accessio
1456 5242 1677 5298 honoris
1716 5244 1769 5298 in
1799 5258 1864 5299 eo
1904 5244 2047 5300 facta
2080 5256 2165 5301 est

587 5331 681 5399 qui
712 5346 831 5383 cum
855 5342 999 5385 esset
1031 5333 1084 5385 in
1117 5332 1289 5385 forma
1333 5334 1444 5397 Dei,
1489 5336 1629 5388 servi
1668 5335 1894 5389 formam
1946 5337 2162 5391 induit?

588 5424 659 5475 At
687 5424 958 5491 quomodo
987 5438 1091 5478 non
1112 5425 1292 5492 potius
1313 5425 1617 5480 imminutio
1645 5426 1868 5481 dicenda
1896 5438 2000 5492 est,
2037 5444 2158 5483 cum

591 5510 778 5565 relicto
829 5512 1052 5581 majore,
1109 5512 1160 5566 id
1214 5514 1356 5582 quod
1404 5515 1583 5570 minus
1638 5526 1722 5573 est
1768 5518 2160 5588 assumpserit?

658 5683 705 5716 ⁸⁸
734 5682 897 5740 Hebr.
932 5700 1028 5751 xu,
1055 5686 1109 5741 ἓν..
1185 5686 1229 5719 δ’
1264 5686 1494 5758 Philipp.
1528 5704 1585 5753 ιι,
1626 5687 1679 5740 9.
1756 5689 1800 5719 ⁸ο
1826 5688 1954 5742 Ibid.
1988 5691 2101 5743 5-9.

2273 4568 2418 4634 τοῦν,
2444 4571 2542 4623 οὑκ
2569 4566 2709 4625 εἶναι
2748 4572 2988 4627 τοιοῦτον
3017 4577 3229 4646 ἀνάγκη
3259 4575 3457 4643 λέγειν,
3484 4576 3623 4646 ὅπερ
3652 4574 3717 4644 δὴ
3759 4575 3849 4626 καὶ

2271 4658 2524 4727 γενέσθαι
2573 4661 2839 4732 βούλεται.
2879 4664 2941 4715 Ei
2968 4660 3059 4716 οὖν
3094 4664 3357 4736 ἐχαρίσθη
3390 4664 3538 4735 αὑτῴ
3582 4664 3644 4717 τὸ
3680 4665 3849 4732 ὄνομα

2274 4751 2334 4802 τὸ
2362 4751 2502 4821 ὑπὲρ
2533 4754 2640 4805 πᾶν
2669 4753 2863 4823 ὄνομα,
2902 4753 3062 4823 φύσει
3093 4756 3193 4825 μὲν
3220 4754 3379 4808 τοῦτο
3404 4755 3504 4807 οὑκ
3532 4751 3621 4825 ἦν,
3656 4757 3847 4823 γέγονε

2272 4841 2328 4894 δὲ
2364 4842 2592 4915 ὕστερον
2622 4844 2763 4898 κατὰ
2813 4845 2973 4915 χάριν
2998 4863 3013 4876 σ
3048 4846 3110 4898 τὸ
3151 4845 3208 4897 δὲ
3246 4845 3419 4910 οὕτως
3452 4846 3595 4916 ἔχον,
3638 4848 3740 4899 οὑκ
3786 4846 3848 4899 ἂν

2271 4932 2357 5004 εἴη
2387 4933 2515 4997 Θεὸς
2534 4973 2547 4998 ,
2576 4934 2889 5004 πρόσφατον
2922 4936 3050 5007 γάρ.

2379 5135 2534 5205 Πρὸς
2575 5136 2759 5190 ταῦτα
2788 5138 2970 5203 λύσις
3007 5136 3230 5206 ἐφεξῆς
3260 5138 3340 5202 ὠς
3366 5137 3436 5188 ἐν
3466 5133 3741 5203 ἐπιτομῇ.

2340 5250 2450 5300 Καὶ¹
2482 5250 2608 5302 ποία
2635 5248 2824 5319 γέγονε
2852 5249 3140 5321 προσθήκη
3167 5250 3329 5319 τιμῆς
3362 5247 3439 5316 τῷ
3462 5249 3518 5299 ὲν
3540 5250 3721 5317 μορφῇ
3747 5248 3850 5316 μὲν

2270 5337 2568 5407 ὑπάρχοντι
2594 5338 2752 5402 Θεοῦ,
2781 5339 3127 5409 ἐνδυσαμένῳ
3152 5339 3209 5390 δὲ
3242 5338 3341 5407 τὴν
3368 5336 3462 5388 τοῦ
3494 5334 3686 5388 δούλου
3713 5352 3850 5404 μορς

2268 5428 2407 5497 φήν;
2439 5428 2561 5492 Πῶς
2589 5429 2647 5481 δὲ
2673 5430 2873 5499 μᾶλλον
2902 5431 3000 5483 οὑκ
3022 5427 3365 5498 ὴλαττῶσθαι
3393 5426 3593 5492 δόξειεν
3615 5425 3706 5486 ἂν,
3725 5426 3755 5476 ὁ
3786 5424 3851 5476 τὸ
3918 5478 3919 5481 η

2271 5517 2452 5586 μεῖζον
2502 5519 2663 5587 ἀφεὶς
2698 5521 2793 5573 καὶ
2841 5520 2902 5573 τὸ
2952 5519 3172 5574 ἔλαττον
3207 5516 3517 5584 ἁναλαθών;
3560 5514 3693 5580 Θεὸς
3740 5516 3849 5568 ὑπ-

3820 335 3922 390 323

3982 476 3997 557 t

3988 2982 4001 3101 ι

3988 3110 4005 3345 l
