4072 6516
193 390 301 450 329

1574 390 2012 450 ἸἩΕΞΑἩΒΗΞ.

3346 386 3450 457 ε,δο

193 513 382 584 ἅρχων
409 509 634 578 γέγονεν
659 506 966 578 ἄνθρωπος,
990 506 1084 560 ἵνα
1104 506 1255 560 ποῖον
1284 506 1422 580 εὕρῃ
1449 507 1675 578 μισθόν;
1702 509 1773 561 Ἢ

1883 509 2019 561 Deus
2039 506 2304 562 exsistens
2332 504 2508 560 factus
2527 512 2610 560 est
2634 506 2817 572 homo,
2836 506 3120 574 qualemne
3147 506 3451 563 mercedem

191 601 313 664 πῶς
336 598 601 669 ἐδοξάσθη
624 601 653 653 6
682 598 789 651 ἀπὸ
802 598 960 667 δόξης
985 598 1065 661 είς
1090 598 1317 668 ἀτιμίαν
1342 598 1770 669 καταϐεϐηκώςς

191 691 323 756 Πῶς
355 691 414 744 δὲ
445 692 667 760 γέγονεν
709 687 913 758 ὑψηλὸς
962 689 992 740 6
1034 688 1133 758 τῆς
1176 686 1430 758 θεότητος
1461 689 1522 741 τὸ
1555 687 1774 758 ἀξίωμα

194 781 501 853 ὑπεριδὼν,
534 780 627 832 καὶ
663 779 743 841 είς
775 777 1174 848 ἀνθρωπότητα
1215 779 1525 845 κατελθὼν;
1573 781 1698 844 Πῶς
1744 784 1773 834 6

194 873 497 936 κατελθὼν,
527 870 749 939 γέγονεν
793 867 940 935 ἄνω;
987 869 1156 923 Ποίαν
1187 870 1298 941 ἔχει
1340 870 1621 942 βελτίωσιν
1655 873 1684 924 6
1716 872 1773 923 ἐν

193 964 447 1019 ἐλάττοσι
479 959 718 1030 γεγονὼς
744 958 804 1024 ἐξ
830 960 1164 1030 ἁμεινόνων;
1200 962 1262 1014 Εἰ
1288 960 1420 1025 Θεὸς
1446 962 1520 1014 ὢν
1552 962 1773 1032 ὕψιστος

195 1056 293 1109 καὶ
322 1056 379 1107 ἐν
416 1051 638 1123 ὑψηλοῖς
685 1050 959 1104 κατοικῶν
1010 1050 1275 1120 ὑψοῦσθαι
1317 1052 1556 1121 λέγεται,
1592 1054 1684 1106 ποῖ
1718 1052 1773 1105 δὲ

194 1146 279 1200 ἔτι
311 1144 449 1216 μετὰ
477 1142 572 1214 τὴν
604 1140 696 1195 τοῦ
724 1140 859 1195 Θεοῦ
886 1139 1049 1210 φύσιν
1085 1142 1417 1214 ἀναϐήσεται
1444 1142 1504 1196 τὸ
1536 1141 1775 1212 ὑψούμε-

195 1254 319 1300 νονς
360 1234 482 1299 Πῶς
507 1234 565 1287 δὲ
594 1229 660 1305 ἦν
690 1234 950 1299 ταπεινὸς
976 1235 1004 1287 ό
1026 1235 1085 1289 ἐν
1115 1234 1335 1299 κόλποις
1355 1235 1429 1289 ῶν
1453 1234 1548 1289 τοῦ
1577 1234 1775 1307 ὑψηλο-

191 1330 356 1382 τάτου
390 1326 639 1398 Πατρός;
668 1325 834 1390 Ποίας
862 1326 1182 1398 προσθήκης
1205 1327 1372 1380 ἐδεῖτο
1402 1326 1562 1393 Θεόςς
1596 1328 1661 1382 Ei
1686 1326 1773 1380 διὰ

189 1416 354 1471 τοῦτο
380 1416 779 1488 καταϐέϐηκεν,
800 1416 889 1470 ἵνα
908 1416 1003 1470 καὶ
1020 1417 1229 1489 causa,
1249 1418 1331 1482 τίς
1355 1414 1421 1489 ἦν
1447 1419 1480 1488 ἡ
1502 1417 1658 1490 χρεία
1675 1418 1772 1487 τῆς

190 1507 585 1575 καταδάσεως;
623 1508 686 1561 Εἰ
716 1507 807 1560 διὰ
840 1507 1002 1561 τοῦτο
1032 1509 1398 1562 ἐταπείνωσεν
1432 1508 1644 1571 ἑαυτὸν,
1689 1510 1773 1561 ἴνα

191 1600 292 1654 καὶ
320 1598 579 1671 δοξασθῇ,
612 1598 695 1660 τίς
722 1595 793 1670 ἦν
818 1601 852 1671 ἡ
884 1600 1043 1670 χρεία
1070 1600 1169 1669 τῆς
1201 1599 1615 1665 ταπεινώσεως;
1649 1600 1774 1663 Πῶς

187 1692 251 1749 δὲ
280 1694 381 1747 οὐκ
406 1693 609 1763 ἄσοφος
636 1694 664 1745 6
696 1691 836 1763 μετὰ
861 1692 1026 1746 πόνου
1052 1692 1250 1763 ζητῶν,
1281 1693 1309 1745 ὃ
1335 1693 1568 1764 καὶδίχα
1597 1694 1773 1746 πόνων

188 1783 341 1853 ἔχειν
374 1781 632 1848 ἐδύνατο;
674 1781 800 1844 Πῶς
843 1780 1005 1835 ἔλαϐε
1056 1780 1116 1835 τὸ
1161 1781 1334 1853 ὄνομα
1376 1784 1438 1835 τὸ
1481 1782 1621 1854 ὑπὲρ
1660 1783 1773 1835 πᾶν

186 1874 366 1945 ὄνομα
394 1875 423 1926 6
453 1872 744 1936 διαπαντὸς
775 1875 831 1927 ἐν
856 1873 1007 1944 αὐτῷ
1035 1873 1543 1946 προσκυνούμενος;

1883 597 2240 666 accepturus?
2290 597 2396 649 Aut
2446 597 2716 666 quomodo
2763 597 3092 666 gloriﬁcatus
3136 606 3222 654 est
3281 600 3373 668 qui
3422 594 3497 654 e'

1882 690 2051 757 gloria
2093 689 2160 742 ad
2212 687 2675 756 contemptibilem
2728 696 2925 741 statum
2985 680 3305 744 descendit?
3349 690 3458 746 Aut

1881 777 2151 849 quomodo
2190 776 2486 842 exaltatus,
2539 777 2630 848 qui
2690 791 2720 831 e
2786 777 3082 834 divinitatis
3130 779 3344 850 fastigio
3390 782 3455 836 ad

1883 869 2274 924 humanitatem
2320 884 2380 923 se
2422 869 2674 924 demisit?
2704 868 2982 935 Quomodo
3011 879 3188 925 autem
3217 871 3309 940 qui
3358 870 3459 927 de-

1881 960 2109 1025 scendit,
2157 969 2375 1015 evectus
2422 959 2544 1016 est?
2592 962 2701 1016 Aut
2743 976 2849 1030 quo
2880 972 3042 1031 pacto
3095 961 3283 1018 melior
3316 951 3461 1016 illius

1881 1051 2117 1107 conditio
2146 1059 2231 1106 est
2253 1050 2464 1114 etrecta,
2501 1050 2591 1120 qui
2627 1050 2793 1105 veluti
2828 1064 2859 1106 e
2894 1048 3188 1117 majoribus
3220 1058 3276 1105 et
3326 1065 3463 1120 prae-

1882 1142 2238 1217 stantiorihus
2281 1142 2347 1195 ad
2382 1142 2591 1196 minora
2631 1140 2894 1196 devenit?
2927 1138 2983 1195 Si
3034 1141 3179 1195 Deus
3211 1156 3334 1195 eum
3391 1142 3458 1196 sit

1881 1231 2197 1299 altissimus,
2230 1231 2362 1287 etin
2411 1228 2641 1286 excelsis
2668 1229 2939 1295 habitans,
2982 1228 3211 1284 exaltari
3240 1228 3459 1291 dicitur,

1881 1335 2113 1397 quonam
2152 1322 2287 1373 ultra
2326 1320 2418 1374 Dei
2464 1329 2708 1377 naturam
2758 1320 2811 1374 id
2844 1320 2985 1388 quod
3024 1320 3292 1377 exaltatur
3326 1332 3460 1373 con-

1882 1415 2145 1470 scendet?
2169 1415 2275 1469 Aut
2303 1414 2571 1484 quomodo
2604 1414 2819 1470 humilis
2850 1423 2988 1476 erat,
3033 1413 3087 1469 in
3118 1413 3243 1468 sinu
3283 1409 3459 1467 excel-

1881 1507 2081 1563 sissimi
2116 1505 2295 1560 Patris
2340 1506 2649 1565 exsistens?
2681 1507 2787 1559 Aut
2833 1522 2939 1575 qua
2987 1504 3299 1560 accessione
3345 1504 3460 1558 sive

1884 1598 2220 1653 incremento
2255 1597 2531 1667 indigebat
2559 1597 2740 1652 Deus?
2774 1596 2830 1651 Si
2862 1597 3066 1651 idcirco
3094 1595 3375 1650 descendit
3402 1603 3462 1649 ut

1880 1691 2234 1754 exaltaretur,
2273 1690 2400 1759 quid
2429 1699 2546 1744 erat
2591 1705 2725 1757 opus
2761 1688 3067 1765 descensu?
3120 1686 3175 1741 Si
3214 1688 3333 1745 ideo
3371 1702 3459 1741 se-

1882 1782 2058 1850 ipsum
2107 1781 2429 1843 humiliavit,
2467 1790 2525 1834 ut
2557 1780 2973 1849 glorificaretur,
3005 1778 3162 1849 195
3183 1779 3310 1848 quid
3344 1787 3462 1833 erat

1799 1873 1840 1926 Β
1869 1888 2003 1942 opus
2034 1872 2406 1928 humiliatione
2426 1873 2450 1927 ?
2474 1882 2567 1927 aut
2599 1873 2871 1941 quomodo
2906 1887 3011 1927 non
3060 1873 3133 1926 sit
3159 1868 3461 1925 censendus

190 1970 460 2041 insipiens
488 1971 577 2040 qui
619 1970 673 2026 id
702 1984 895 2038 magno
930 1984 1055 2025 cum
1099 1968 1283 2025 labore
1315 1970 1531 2039 quaerit,
1569 1969 1710 2039 quod
1751 1970 1882 2023 citra
1923 1967 2160 2023 laborem
2201 1969 2428 2033 habere.
2462 1968 2679 2038 potest?
2713 1968 2783 2021 At
2813 1969 3081 2037 quomodo
3120 1966 3327 2035 accepit
3360 1978 3459 2018 no-

191 2079 321 2121 men
359 2067 503 2135 quod
534 2074 619 2121 est
650 2078 813 2133 super
846 2078 1011 2119 omne
1032 2077 1251 2129 nomen,
1287 2065 1377 2132 qui
1407 2078 1621 2135 semper
1649 2064 1701 2117 in
1727 2063 1842 2132 ipso
1867 2072 1952 2118 est
1987 2062 2283 2120 adoratus?

614 2178 811 2248 Ῥητὰ,
842 2179 933 2233 ὅτι
964 2180 1107 2246 Θεὸς
1137 2181 1171 2234 ὁ
1214 2180 1369 2245 Υἱός.

271 2310 292 2343 ι
327 2292 389 2345 '0
418 2290 551 2355 Θεὸς
577 2291 634 2344 ἐν
654 2289 733 2360 τῷ
755 2286 980 2358 ὀνόματί
1005 2306 1099 2341 σου
1132 2287 1209 2341 σῶ
1243 2304 1332 2357 με·
1358 2307 1377 2340 ι
1412 2288 1530 2354 καὶ,
1566 2307 1584 2338 ι
1606 2288 1776 2358 Προσ-

195 2383 595 2454 κυνησάτωσαν
634 2380 713 2451 τῷ
744 2381 968 2452 ὀνόματί
1001 2398 1116 2447 σου,
1155 2380 1360 2451 Κύριε,
1407 2380 1485 2450 τῷ
1533 2380 1772 2450 μεγάλῳ.

195 2473 312 2543 Πρὸ
342 2471 437 2525 τοῦ
469 2470 624 2542 ἡλίου
655 2469 899 2539 διαμένει
934 2468 1000 2523 τὸ
1028 2469 1202 2540 δνομα
1238 2467 1427 2522 αὑτοῦ.
1459 2468 1587 2520 Δότε
1618 2468 1777 2534 δόξαν

195 2562 428 2633 ὀνόματι
460 2561 648 2615 αὐτοῦ.
672 2555 829 2615 Οὗτοι
858 2560 916 2613 ἐν
949 2560 1160 2637 ἅρμασι
1190 2560 1283 2612 κει)⁵
1305 2554 1449 2615 οὗτοι
1481 2560 1540 2612 ἐν
1567 2559 1775 2622 ἵπποις,

196 2656 361 2723 ἡμεῖς
415 2653 475 2706 δὲ
529 2654 588 2708 ἐν
652 2652 878 2722 ὀνόματι
934 2650 1145 2721 Κυρίου
1205 2648 1341 2704 Θεοῦ
1396 2649 1555 2721 ἡμῶν
1605 2666 1778 2721 μεγα-

196 2743 604 2816 λυνθησόμεθα.
641 2763 657 2793 ι
725 2742 850 2805 Πῶς
904 2737 997 2795 οῦν
1041 2740 1267 2805 ἐλαϐεν,
1316 2742 1454 2810 ὅπερ
1501 2740 1640 2811 ἔχων
1691 2743 1779 2795 ἀεὶ

200 2838 454 2909 φαίνεται
475 2852 492 2903 ;

778 2950 967 3015 Λύσις
1002 2948 1193 3017 ἑτέρα.

278 3092 340 3145 Et
370 3106 389 3142 ι
417 3090 476 3143 ἐν
506 3087 649 3158 ἀρχῇ
675 3079 743 3157 ἦν
771 3086 801 3137 6
821 3084 1014 3153 Λόγος,
1048 3083 1144 3137 καὶ
1166 3082 1299 3145 Θεὸς
1322 3076 1392 3154 ἦν
1415 3083 1444 3135 ό
1473 3083 1666 3151 Λόγος,
1686 3081 1781 3136 καὶ

202 3178 273 3254 ἦν
316 3182 377 3234 ἐν
422 3178 565 3251 ἀρχῇ
602 3176 738 3246 πρὸς
774 3174 866 3228 τὸν
900 3173 1056 3238 Θεὸν,
1092 3191 1111 3225 ι
1165 3170 1395 3251 ὓστερον
1441 3170 1498 3223 δὲ
1540 3170 1629 3225 διὰ
1679 3170 1780 3243 τὴν

206 3271 480 3345 ἡμετέραν
502 3267 777 3340 σωτηρίαν
794 3265 1161 3319 ἐταπείνωσεν
1189 3263 1403 3325 ἑαυτὸν,
1425 3263 1515 3316 διά
1542 3279 1600 3315 τε
1622 3262 1780 3315 τοῦτο

208 3360 477 3432 ὑψοῦσθαι
505 3358 725 3427 λέγεται
750 3396 765 3421 ,
798 3356 915 3419 πῶς
957 3356 1058 3408 οὐκ
1089 3353 1243 3408 ἔσται
1274 3353 1437 3407 παντί
1466 3370 1542 3423 τῳ
1585 3352 1776 3420 σαφὲς,

207 3455 401 3522 ὅτιπερ
437 3451 498 3504 οὐ
534 3448 666 3521 περὶ
694 3447 796 3518 τὴν
824 3447 919 3500 τοῦ
945 3447 1120 3514 Λόγου
1151 3444 1313 3513 φύσιν
1341 3443 1501 3496 τοῦτο
1532 3442 1776 3510 γίνεσθαι
1803 3436 1846 3493 C

214 3545 523 3617 συμὸαινει,
547 3543 665 3599 ἀλλ’
699 3544 778 3607 εἰς
805 3541 868 3595 τὸ
896 3544 996 3613 τὴς
1014 3538 1432 3613 ἀνθρωπότητος
1462 3536 1779 3606 μυστήριον;

210 3633 283 3711 Ὦ
303 3638 411 3709 γὰρ
432 3636 664 3707 ἁρμόσει
692 3633 755 3687 τὸ
790 3633 1070 3698 ταπεινὸν,
1105 3630 1279 3702 τούτῳ
1312 3628 1485 3683 καὶτὸ
1519 3626 1783 3697 ὑψοῦσθαι

211 3728 441 3802 πρέπειν
478 3724 783 3780 ἀκολουθεῖ.
821 3722 1088 3777 Ταπεινὸν
1115 3721 1171 3776 δὲ
1197 3722 1386 3792 χρῆμα
1432 3721 1466 3788 ἡ
1503 3717 1784 3788 ἀνθρωπό-

208 3838 308 3893 της
329 3858 343 3884 ,
378 3817 505 3890 περὶ
534 3816 707 3886 αὐτὴν
756 3814 863 3885 ἄρα
897 3813 993 3868 καὶ
1036 3814 1097 3868 τὸ
1128 3811 1394 3884 ὑψοῦσθαι
1439 3809 1781 3879 νοηθήσεται.

212 3912 288 3966 Οὐ
319 3910 585 3980 πρότερον
613 3906 672 3960 δὲ
702 3907 830 3977 περὶ
862 3905 955 3960 τοῦ
982 3904 1115 3958 Θεοῦ
1144 3904 1318 3972 Λόγου
1348 3900 1589 3955 τοιοῦτόν
1618 3917 1670 3952 τι
1699 3899 1787 3951 λέ⁴

208 4020 413 4073 ⁴γουσαν
430 4000 735 4073 εὑρήσομεν
752 3999 851 4070 τὴν
879 3998 1126 4070 Γραφὴν,
1146 3998 1195 4050 εἰ
1227 3997 1325 4066 μὴ,
1356 4014 1373 4045 ι
1396 3994 1540 4066 Σὰρξ
1569 3992 1785 4060 γέγονε,

213 4097 310 4151 καὶ
346 4096 659 4166 ἐσκήνωσεν
695 4095 752 4146 ἐν
786 4093 939 4162 ἡμῖν.
985 4109 1003 4141 ι
1032 4091 1095 4142 Ei
1124 4088 1304 4142 τοίνυν
1337 4088 1463 4158 περὶ
1489 4086 1586 4157 τὴν
1612 4085 1784 4157 πρόσ-

210 4186 374 4257 ληψιν
396 4184 500 4253 τῆς
528 4180 727 4253 σαρκὸς
751 4182 786 4251 ἡ
821 4180 1150 4241 ταπείνωσις
1176 4176 1503 4247 γεγενῆσθαι
1531 4176 1746 4243 λέγεται
1769 4211 1785 4237 ,

209 4275 278 4328 δι’
304 4273 475 4343 αὐτὴν
513 4270 666 4324 ἔσται
700 4271 795 4323 καὶ
830 4268 960 4339 περὶ
980 4268 1151 4338 αὐτὴν
1172 4270 1205 4338 ἡ
1240 4266 1463 4336 ὒψωσις.

707 4401 913 4463 ΑΛΛΟ,
949 4401 1037 4466 εἰς
1068 4400 1135 4453 τὸ
1162 4400 1327 4453 αὑτό.

297 4539 358 4595 '0
372 4538 585 4601 Παῦλος
608 4536 936 4591 ἐπιστέλλων
954 4537 1141 4607 φησὶν,
1162 4537 1245 4589 ὅτι
1264 4553 1283 4585 ‹
1308 4532 1623 4606 Πρόδρομος
1650 4532 1788 4602 ὑπὲρ

211 4631 374 4704 ἡμῶν
400 4628 651 4701 είσὴλθεν
689 4627 917 4700 Ἰησοῦς,
941 4630 1041 4684 οὐκ
1065 4629 1146 4690 εἰς
1167 4626 1438 4680 ἀντίτυπα
1468 4624 1578 4677 τῶν
1604 4623 1790 4694 ἀληθι-

2152 2157 2510 2233 Auctoritates
2544 2182 2680 2249 quod
2720 2177 2896 2233 Filius
2933 2180 3000 2233 sit
3038 2178 3200 2234 Deus.

1960 2307 1979 2339 ι
2005 2287 2165 2355 Deus,
2187 2288 2240 2343 in
2264 2290 2480 2344 nomine
2503 2300 2594 2343 tuo
2609 2289 2815 2343 salvum
2837 2304 2920 2343 me
2935 2289 3018 2345 fac
3036 2291 3112 2356 ⁸¹;
3136 2309 3155 2342 ι
3176 2298 3252 2354 et,
3277 2309 3295 2341 σ
3316 2290 3457 2345 Ado-

1886 2388 2007 2432 rent
2047 2393 2242 2433 nomen
2261 2390 2434 2442 tuum,
2461 2380 2711 2443 Domine,
2743 2395 2998 2449 magnum
3023 2382 3094 2437 ⁸¹.
3115 2383 3259 2437 Ante
3289 2381 3457 2436 solent

1884 2478 2162 2539 permanet
2181 2483 2374 2524 nomen
2395 2469 2514 2537 ejus
2536 2468 2602 2522 ³³.
2634 2468 2763 2523 Date
2779 2470 3000 2540 gleriam
3020 2473 3221 2526 nomini
3251 2472 3369 2540 ejus
3390 2471 3457 2525 “.

1888 2558 1950 2614 lli
1986 2560 2039 2613 in
2068 2560 2318 2615 curribus
2349 2570 2405 2614 et
2433 2560 2487 2614 hi
2520 2562 2572 2613 in
2598 2561 2775 2630 equis,
2816 2576 2915 2615 nos
2946 2570 3125 2616 autem
3164 2562 3216 2617 in
3246 2565 3463 2619 nomine

1887 2649 2097 2704 Domini
2135 2651 2226 2707 Dei
2278 2653 2446 2706 nostri
2501 2652 2965 2721 niagniiicabimur
2996 2654 3063 2707 ⁵⁸.
3109 2673 3128 2705 ι
3178 2655 3459 2721 Quomodo

1888 2742 2050 2811 igitur
2078 2743 2286 2812 accepit
2320 2742 2462 2812 quod
2496 2759 2712 2813 semper
2752 2744 3005 2800 habuisse
3039 2748 3321 2802 cernitur?

2443 2926 2448 2932 ’
2486 2944 2607 2997 Alia
2650 2945 2865 2999 solutio.

1959 3079 2014 3134 Si
2038 3095 2057 3130 ‹
2081 3079 2315 3135 Verbum
2336 3090 2452 3135 erat
2468 3082 2521 3136 in
2542 3081 2830 3152 principio,
2846 3092 2899 3137 et
2914 3082 3053 3138 Deus
3073 3096 3192 3140 erat
3208 3085 3461 3153 Verbum,

1887 3181 1941 3226 et
1966 3181 2080 3226 erat
2132 3172 2187 3227 in
2236 3173 2504 3244 principio
2549 3176 2689 3243 apud
2730 3176 2895 3230 Deum
2923 3176 3030 3240 ³⁶,›
3084 3179 3289 3235 ultimis
3337 3196 3466 3237 vero

1891 3263 2220 3334 temporibus
2248 3275 2468 3335 propter
2496 3275 2737 3321 nostram
2769 3266 2995 3322 salutem
3026 3267 3334 3324 humiliavit
3374 3285 3464 3326 se-

1890 3356 2063 3425 ipsum
2089 3355 2161 3422 ",
2186 3366 2348 3424 atque
2370 3356 2575 3411 idcirco
2595 3357 2914 3413 humiliatus
2944 3372 3061 3414 esse
3082 3360 3279 3416 dicitur
3312 3382 3324 3416 :
3357 3376 3465 3432 quo

1886 3456 2041 3517 pacto
2075 3462 2180 3501 non
2210 3447 2565 3505 fueritcuivis
2597 3448 2964 3515 manifestum,
2998 3468 3104 3508 non
3127 3453 3270 3508 circa
3303 3453 3463 3509 Verbi

1888 3546 2158 3605 naturam,
2183 3541 2277 3595 sed
2312 3543 2456 3594 circa
2482 3542 2836 3594 humanitatis
2872 3546 3189 3611 mysterlum
3236 3545 3339 3596 hoc
3370 3561 3463 3599 ac-

1885 3631 2119 3686 cidisse?
2187 3630 2321 3686 Nam
2382 3632 2468 3686 cui
2537 3632 2812 3687 humilitas
2862 3634 3131 3702 congruit,
3188 3634 3237 3688 ei
3300 3637 3463 3690 etiam

1885 3722 2113 3778 exaltari
2159 3724 2446 3779 conveniet
2494 3742 2508 3779 :
2556 3726 2705 3794 atqui
2757 3725 3066 3779 humanitas
3111 3726 3330 3780 humilis
3378 3743 3464 3782 res

1884 3825 1970 3871 est
1992 3834 2005 3870 :
2027 3814 2153 3870 huic
2176 3816 2339 3885 igitur
2366 3816 2622 3872 exaltatio
2654 3815 2938 3870 tribuenda
2967 3824 3068 3870 est.
3103 3815 3286 3885 Neque
3320 3818 3463 3871 enim

1886 3918 2099 3958 sacram
2142 3903 2479 3973 Scripturam
2526 3906 2675 3974 prius
2725 3906 2830 3959 tale
2865 3905 3139 3975 quidpiam
3184 3910 3250 3961 de
3293 3907 3466 3963 Verbo

1888 3995 2090 4050 dixisse
2105 3996 2594 4065 comperies,quam
2615 4000 2943 4065 quatenus,'t
2966 3997 3104 4052 Caro
3129 3995 3331 4052 factum
3358 4009 3462 4061 est.

1886 4095 1940 4142 et
1969 4086 2236 4141 habitavit
2269 4086 2320 4141 in
2353 4086 2506 4141 nobis
2528 4087 2594 4140 ⁸⁸.
2628 4106 2645 4138 ι
2668 4087 2725 4140 Si
2761 4102 2888 4156 ergo
2921 4088 3213 4142 secundum
3250 4104 3464 4145 assunt-

1889 4181 2125 4250 ptionem
2140 4179 2324 4235 carnis
2350 4179 2654 4252 humiljatio
2680 4178 2821 4234 facta
2846 4194 2967 4235 esse
2992 4180 3212 4245 dicitur,
3244 4195 3466 4252 propter

1890 4275 2027 4331 hanc
2052 4284 2107 4330 et
2126 4275 2270 4330 circa
2306 4276 2447 4329 hanc
2476 4242 2641 4329 efiam
2672 4274 2930 4329 exultatio
2953 4273 3094 4329 facta
3128 4276 3309 4329 fuerit.

2416 4407 2651 4473 ALIUD,
2691 4410 2746 4463 in
2781 4409 2939 4465 idem.

1960 4544 2157 4599 Paulus
2185 4545 2253 4597 ad
2281 4542 2538 4599 Hebraeos
2563 4543 2828 4609 scribens,
2853 4544 2927 4599 ita
2961 4544 3039 4599 ait
3065 4563 3080 4599 :
3114 4562 3134 4596 ι
3159 4544 3471 4603 Praecursor

1889 4651 1986 4707 pro
2008 4637 2170 4692 nobis
2196 4635 2440 4691 introivit
2494 4635 2673 4702 Jesus,
2708 4649 2815 4690 non
2860 4635 2912 4690 in
2954 4635 3283 4706 exemplaria
3315 4652 3472 4694 vero-

200 4725 359 4789 -νῶν,
398 4721 516 4775 ἀλλ’
547 4721 627 4785 εἰς
665 4720 827 4773 αὐτὸν
852 4719 944 4773 τὸν
971 4717 1231 4789 οὐρανὸν,
1263 4717 1357 4769 νῦν
1391 4714 1781 4786 ἐμφανισθῆναι

1895 4745 2038 4794 rum,
2064 4730 2159 4785 sed
2188 4730 2242 4784 in
2272 4730 2447 4800 ipsum
2485 4728 2706 4793 caelum,
2740 4736 2799 4781 ut
2832 4738 3092 4798 appareat
3120 4742 3265 4786 nunc
3298 4731 3470 4786 vultui

217 4816 293 4887 τῷ
322 4813 601 4887 προσώπῳ
634 4811 730 4865 τοῦ
757 4809 892 4863 Θεοῦ
926 4809 1066 4880 ὑπὲρ
1096 4807 1275 4879 ἡμῶν.
1311 4825 1329 4857 ι
1359 4806 1569 4878 ’Ὠσπερ
1611 4801 1703 4858 οῦν
1732 4807 1781 4859 ἐν

1898 4819 1989 4873 Dei
2019 4790 2117 4888 pro
2150 4790 2307 4874 nobis
2335 4819 2403 4872 ".
2443 4839 2463 4870 ι
2496 4790 2955 4885 Quemadmodum
2981 4819 3141 4889 igitur
3171 4835 3386 4891 semper
3418 4823 3471 4875 in

216 4910 326 4970 τοῖς
359 4906 614 4978 οὐρανοῖς
642 4902 739 4957 καὶ
775 4905 832 4956 ἐν
860 4900 1140 4971 προσώπῳ
1164 4899 1259 4953 τοῦ
1290 4898 1501 4970 Πατρὺς
1529 4897 1789 4968 ὑπάρχων

222 5000 322 5064 ist,
346 4996 441 5051 νῦν
478 4997 621 5066 ὑπὲρ
650 4994 810 5065 ἡμῶν
840 4994 1148 5064 εἰσέρχεται
1180 4991 1279 5062 μὲν
1311 4992 1392 5055 είς
1418 4990 1508 5043 τὸν
1536 4988 1788 5061 οὐρανὸν,

220 5089 577 5159 ἐμφανίζεται
606 5087 663 5141 δὲ
688 5085 766 5156 τῷ
794 5086 989 5157 Πατρί·
1017 5085 1159 5139 οὕτω
1193 5084 1355 5137 πάλιν
1394 5084 1489 5136 καὶ
1515 5082 1611 5137 νῦν
1650 5081 1791 5152 ὑπὲρ

215 5178 374 5250 ἡμῶν
392 5177 623 5248 ὑψοῦται
646 5178 741 5231 καὶ
758 5176 1063 5244 δοξάζεται,
1086 5178 1180 5230 καὶ
1194 5176 1461 5247 λαμϐάνει
1488 5194 1505 5227 ι
1536 5175 1598 5228 τὸ
1616 5174 1790 5245 ὄνομα

217 5268 279 5320 τὸ
306 5268 446 5338 ὑπὲρ
482 5269 591 5322 πᾶν
631 5268 822 5339 ὅνομα’
849 5287 869 5320 ι
905 5268 970 5320 ἵν’
999 5268 1271 5339 ῶσπερ,ἐν
1301 5267 1447 5338 αὐτῷ
1474 5267 1567 5321 καὶ
1591 5267 1672 5329 εἰς
1698 5265 1789 5320 τὸν

218 5358 446 5429 οὐρανὸν
495 5359 854 5430 εἰσερχόμεθα
902 5361 996 5414 καὶ
1033 5360 1443 5432 ἐμφανιξόμεθα
1474 5359 1550 5430 τῷ
1592 5360 1790 5430 Πατρὶ,

218 5449 359 5505 οὕτω
386 5451 626 5521 πάλιν⁴ἐν
656 5452 804 5523 αὐτῷ
827 5452 1193 5524 δοξαζόμενα,
1226 5455 1321 5505 καὶ
1352 5451 1669 5522 ὑψούμενοι,
1697 5454 1792 5505 καὶ

219 5543 334 5596 υἱοῦ
363 5543 498 5597 Θεοῦ
526 5546 976 5615 χρηματίζωμεν.

1893 4914 2067 4977 ctelis,
2113 4922 2168 4969 et
2209 4929 2391 4970 coram
2436 4914 2575 4969 facie
2620 4914 2799 4969 Patris
2841 4917 3135 4981 exsistens,
3181 4930 3327 4970 nunc
3375 4930 3473 4984 pro

1895 5005 2049 5061 nohis
2085 5006 2402 5075 ingreditur,
2453 5017 2509 5060 et
2559 5015 2780 5075 apparet
2813 5020 2997 5060 coram
3036 5005 3199 5059 Patre
3238 5021 3253 5058 :
3286 5006 3358 5059 ita
3394 5005 3473 5056 vi-

1894 5096 2077 5152 cissim
2111 5112 2251 5152 nunc
2275 5096 2544 5151 exaltatur
2570 5111 2666 5167 pro
2693 5095 2846 5152 nobis
2869 5106 2922 5150 et
2943 5096 3297 5166 gloriﬁcatur,
3326 5094 3473 5149 acci-

1897 5174 2081 5257 pitque
2114 5205 2135 5240 ι
2161 5202 2354 5243 nomen
2380 5188 2523 5256 quod
2553 5196 2637 5244 est
2656 5192 2823 5255 super‘
2838 5202 2999 5241 omne
3029 5199 3222 5241 nomen
3246 5187 3326 5242 σοι
3362 5204 3380 5237 ι
3414 5194 3470 5240 ιιι

1894 5280 2348 5350 quemadmodum
2378 5280 2434 5334 in
2466 5280 2583 5349 ipso
2604 5283 2767 5335 etiam
2801 5281 2852 5334 in
2888 5279 3081 5333 coelum
3118 5280 3468 5350 ingredimur,

1896 5380 1951 5426 et
1973 5385 2292 5439 apparemus
2315 5385 2494 5424 coram
2518 5370 2703 5433 Patre,
2740 5372 2812 5424 ita
2844 5372 3006 5425 etiam
3038 5371 3090 5423 in
3123 5372 3236 5439 ipso
3265 5371 3468 5441 gloriﬁ-

1897 5465 2000 5518 cati
2030 5474 2083 5518 et
2111 5464 2351 5525 exaltati,
2387 5464 2477 5516 ﬁlii
2513 5465 2603 5518 Dei
2644 5480 2858 5533 quoque
2891 5479 3146 5519 vocemur
3170 5466 3211 5495 “'

290 5724 333 5754 ⁸⁵⁸
373 5725 513 5786 Psal.
542 5748 660 5791 un.
695 5732 750 5787 5.
826 5732 871 5764 ⁸³
908 5728 1046 5783 Psal.
1090 5741 1283 5787 tum,
1313 5724 1403 5779 2|.
1480 5726 1525 5756 ⁸³
1556 5724 1697 5780 Psal.
1730 5744 1781 5781 ιι

1888 5724 1942 5779 2.
2022 5724 2067 5756 ⁸⁸
2107 5723 2246 5778 Psal.
2285 5741 2431 5789 Lxxt,
2465 5724 2551 5778 l7.
2630 5725 2675 5757 ⁸⁵
2711 5723 2851 5778 i’sal.
2882 5742 2991 5790 xm,
3029 5726 3081 5780 8.
3162 5727 3206 5760 ⁵⁸
3240 5726 3393 5782 Joan.
3427 5742 3465 5791 ι,

250 5797 301 5862 1,
329 5794 384 5855 Ξ,
463 5800 507 5832 ⁵⁷
540 5801 861 5879 Philipptlt,
893 5799 942 5853 7.
1024 5798 1068 5829 ⁸⁸
1107 5796 1261 5849 Joatt.
1299 5814 1337 5863 ι,
1372 5797 1455 5849 Η.
1534 5796 1577 5827 '9
1618 5795 1781 5851 llelir.

1883 5795 2013 5859 ,ει
2089 5796 2134 5825 ⁶⁰
2167 5793 2395 5864 Philipp.
2432 5811 2489 5864 ιι,
2521 5798 2575 5849 ‘J.
2654 5796 2692 5828 ⁶¹
2738 5795 2754 5848 l
2790 5795 2947 5850 Joan.
2985 5813 3062 5859 ιιι,
3098 5798 3146 5851 l.

500 5894 771 5955 Ριτιιθι.
806 5894 921 5953 Gn.
958 5892 1055 5952 LX
1072 5893 1125 5954 Χ
1140 5888 1204 5951 Υ.

3048 5887 3109 5949 il
