4124 6542
630 373 730 433 531

1307 480 1542 538 ALIUD.

701 599 1016 660 Servatoris
1056 595 1228 655 nostri
1266 595 1319 652 in
1346 597 1555 653 caelum
1604 592 2029 662 assumptionem
2075 589 2228 646 Psal-

629 694 790 750 mista
821 686 1534 760 declarans‘per‘Spiritum,
1573 685 1644 739 ita
1673 685 1749 738 ait
1777 700 1847 740 ζ’(
1879 681 2089 737 Tollite
2109 694 2227 751 por-

631 781 735 851 tas,
749 782 1299 855 principes,vestras,
1314 783 1376 832 'et
1394 774 1703 839 elevamini,
1728 782 1899 844 portae
1915 772 2222 839 mternales,

629 886 685 933 et
710 874 961 931 introibit
985 887 1085 929 rex
1125 869 1313 942 gloria:
1338 869 1405 922 “.
1440 886 1459 919 ι
1503 865 1605 922 Hic
1635 867 1781 922 enim
1817 865 2022 921 sanctis
2054 862 2225 920 caelo-

631 982 755 1023 rum
805 964 1099 1020 virtutibus
1153 960 1392 1032 Spiritus
1453 957 1724 1027 imperat,
1778 965 1838 1011 ut
1894 954 2225 1026 ingredienti

630 1058 848 1113 Christo
881 1064 1066 1126 portas
1099 1052 1368 1123 aperiant.
1414 1048 1577 1118 Atqui
1606 1058 1725 1103 erat
1753 1048 1918 1103 etiam
1962 1056 2089 1102 ante
2133 1061 2224 1103 as-

631 1148 1001 1217 sumptionem
1064 1145 1209 1199 intra
1262 1153 1473 1215 portas,
1529 1149 1585 1197 et
1628 1139 1682 1195 in
1731 1139 2029 1207 cwlis,'ut
2058 1139 2224 1195 Deus.

637 1241 802 1312 196
833 1239 971 1307 Quid
1003 1238 1171 1309 igitur
1188 1250 1329 1306 opus
1361 1234 1461 1290 fuit
1490 1232 1759 1303 ejusmodi
1806 1232 2063 1287 mandato
2086 1228 2225 1302 ‘Spi-

634 1332 814 1387 ritus?
843 1331 952 1387 Aut
972 1328 1243 1401 quomodo
1273 1326 1367 1399 qui
1408 1327 1554 1381 intus
1598 1334 1703 1389 est,
1738 1322 1963 1378 introire
1986 1319 2227 1376 dicitur?

635 1420 1104 1490 Quemadmodum
1159 1419 1328 1491 igitur
1369 1431 1474 1472 non
1509 1423 1777 1485 quatenus
1803 1422 1885 1469 est
1911 1412 2090 1476 ’Deus,
2128 1410 2224 1466 sed

632 1522 903 1582 quatenus
938 1511 1121 1575 homo,
1173 1515 1397 1578 propter
1439 1520 1537 1561 nos
1585 1513 1643 1560 et
1686 1518 1790 1573 pro
1834 1503 1991 1558 nobis
2030 1512 2226 1571 portas

632 1602 893 1658 cmlorum
928 1600 1249 1671 ingreditur,
1282 1612 1382 1652 nos
1419 1597 1472 1651 in
1500 1610 1596 1651 eas
1629 1608 1725 1665 per
1754 1610 1813 1651 se
1850 1593 2222 1658 iutroduceus,

629 1706 861 1762 eamque
902 1700 1124 1763 propter
1171 1704 1270 1745 nos
1315 1689 1458 1743 viam
1508 1686 1835 1742 instauravit
1884 1706 1896 1740 :
1936 1685 2008 1740 ita
2057 1685 2223 1740 etiam

1625 362 1682 420 S.
1725 360 2004 421 CYIIILLI
2045 357 2517 417 ALEXANDRINI
2554 360 2878 420 ARCHIEP.

2230 518 2231 521 γ
2248 479 2296 537 A

2335 796 2353 830 ι
2380 780 2586 849 Ἀρατε
2619 778 2817 842 πύλας,
2850 780 2899 831 oi
2930 778 3224 849 ἄρχοντες,
3254 776 3430 847 ὑμῶν,
3466 776 3565 830 καὶ
3606 773 3933 843 ὲπὰρθητε,

2328 870 2743 934 πύλαιαίὼνιοι,
2759 870 2851 924 καὶ
2874 869 3238 923 εἰσελεύσεται
3254 870 3283 922 ὁ
3300 867 3569 930 Βασιλεὺς
3582 866 3700 935 τῆς
3716 865 3901 932 δόξης.
3915 886 3935 915 ›

2340 962 2608 1017 Ἐνταῦθα
2636 962 2746 1032 γὰρ
2774 964 2892 1025 ταῖς
2920 963 2978 1014 ὲν
3006 962 3121 1023 τοῖς
3140 960 3390 1031 οὐρανοῖς
3410 958 3604 1026 ἁγίαις
3624 954 3937 1023 δυνάμεσι-ο

2327 1053 2607 1107 ἐπιτάττει
2630 1052 2691 1105 τὸ
2706 1052 2929 1121 Πνεῦμα
2957 1051 3055 1115 τὰς
3072 1050 3245 1114 πύλας
3273 1049 3513 1117 ἀνοίγειν
3542 1047 3935 1118 είσερχομέιιῳ

2326 1146 2570 1218 Χριστῷ.
2587 1145 2727 1199 Ἀλλ’
2743 1141 2812 1218 ἦν
2833 1145 2929 1199 καὶ
2955 1146 3063 1218 πρὸ
3081 1144 3181 1215 τῆς
3208 1142 3529 1214 ἀναλήψεως
3559 1142 3708 1194 εἵσω
3735 1157 3805 1193 τε
3830 1140 3935 1191 τίεν

2326 1239 2511 1293 πυλῶν
2538 1239 2633 1294 καὶ¹
2653 1238 2711 1291 ὲν
2743 1241 2857 1301 τοῖς
2884 1238 3136 1310 οὐρανοῖς
3163 1237 3239 1300 ὡς
3262 1236 3415 1299 Θεός.
3445 1233 3512 1289 Τί
3536 1229 3644 1288 οὖν
3678 1233 3803 1286 ἔδει
3833 1233 3929 1285 τείν

2325 1331 2583 1386 τοιούτων
2610 1328 2707 1383 τοῦ
2754 1329 3076 1401 Πνεύματος
3124 1326 3602 1399 προσταγμάτων;
3637 1326 3719 1378 Ἦ
3752 1325 3873 1388 πῶς
3905 1328 3928 1375 ὁ

2327 1422 2474 1476 ἔνδον
2502 1420 2579 1476 ὢν
2625 1421 2973 1492 είσέρχεσθαι
3012 1420 3263 1488 λέγεταις
3301 1419 3512 1489 Ὠσπερ
3544 1412 3653 1471 οὖν
3693 1417 3761 1469 οὐ
3806 1415 3925 1470 καίιέ

2326 1514 2459 1578 Θεός
2488 1512 2833 1580 ὲστιν,“ἀλλὰ
2865 1512 3002 1566 καθὸ
3029 1512 3337 1583 ἄνθρωπος,
3371 1510 3438 1563 δι’
3470 1511 3633 1580 ἡμᾶς
3665 1509 3772 1563 καὶ
3798 1510 3925 1577 ὑπὲρ

2326 1602 2485 1674 ἡμῶν
2504 1602 2621 1665 ’τὰς
2659 1600 3043 1673 τῶν¹οὺρανῶν
3075 1600 3386 1670 εἰσέρχεται
3417 1596 3598 1659 πύλας
3622 1638 3641 1663 ,
3687 1596 3845 1664 ἡμᾶς

2326 1696 2522 1759 αὐταῖς
2567 1694 2806 1763 εἰσάγων
2856 1691 2925 1745 δι’
2971 1690 3188 1754 ἑαυτοῦ,
3249 1689 3343 1742 καὶ
3389 1686 3605 1756 ταύτην
3660 1685 3736 1739 δι’
3789 1686 3923 1754 ἠμί-ς

632 1800 753 1840 cum
784 1784 859 1839 sit
892 1783 1211 1847 altissimus,
1246 1782 1521 1836 exaltatur
1544 1789 1768 1850 propter
1796 1792 1917 1842 nos,
1950 1785 2009 1831 ut
2038 1776 2221 1841 homo,

2329 1784 2635 1840 ὲνεκαίνισε
2673 1784 2773 1855 τὴν
2808 1782 2960 1836 ὀδόν*
2994 1771 3139 1836 ὀῦτω
3180 1779 3281 1834 ⁴καὶ
3320 1776 3564 1847 ἶῦψιστος
3608 1776 3919 1845 cunmm

632 1886 693 1931 ut
740 1890 839 1931 nos
885 1874 1188 1931 exaltemur
1240 1873 1294 1928 in
1342 1872 1461 1943 ipso
1516 1879 1763 1943 gestante
1810 1868 2221 1925 similitudinem

2331 1876 2564 1948 ὑψοῦται
2591 1877 2661 1931 δι’
2685 1876 2855 1947 ἡμᾶς,
2872 1874 2951 1939 ὼς
2976 1873 3288 1945 ἄνθρωπος,
3317 1871 3385 1924 ἵν’
3404 1871 3589 1941 ἡμεῖς·
3610 1867 3919 1938 ὖψώθῶμηθι

634 1968 836 2036 nostri,
872 1977 1039 2037 utque
1091 1967 1167 2024 ita
1227 1965 1551 2022 reiormaret
1609 1976 1710 2019 nos
1756 1961 1811 2017 in
1859 1961 2102 2032 seipsum
2157 1959 2227 2015 ad

633 2061 927 2133 imaginem
944 2058 1245 2130 Creatoris,
1266 2059 1575 2115 instaurans
1592 2063 1865 2124 naturam,
1885 2053 2229 2125 pristinoque

633 2154 797 2209 statui
830 2152 1148 2209 restituens.

636 2354 1017 2411 Annotationes
1051 2362 1253 2424 anquot
1299 2353 1366 2424 tie
1409 2353 1788 2424 incarnatione
1836 2350 2017 2406 eodem
2037 2348 2228 2424 _perti-

708 2437 904 2480 nentes.
952 2424 1015 2478 In
1058 2417 1216 2491 mw,
1248 2440 1271 2474 ‹
1304 2421 1461 2493 Dedit
1500 2422 1603 2493 illi,
1640 2440 1661 2475 ι
1698 2430 1829 2493 etc..
1870 2428 1919 2473 et
1952 2435 1995 2493 _t
2024 2417 2227 2493 διερριπ-

702 2495 950 2549 exultavit
975 2495 1169 2557 ipsum,
1201 2487 1225 2546 ὶ
1260 2491 1469 2562 aliaque
1497 2488 1757 2561 ejusmodi
1782 2506 1899 2561 qua:
1926 2489 1991 2544 de
2013 2487 2226 2543 Christo

705 2565 954 2619 dicuntur
984 2564 1051 2618 ⁸³.

719 2675 958 2732 Verbum
987 2675 1079 2732 Dei
1097 2676 1415 2747 semperjest
1438 2672 1763 2731 altissimum
1790 2683 1850 2729 ut
1883 2671 2046 2742 Deus;
2073 2672 2226 2729 exal-

635 2776 785 2824 tatur
820 2778 998 2823 autem
1030 2777 1091 2823 ut
1121 2767 1283 2823 homo
1315 2784 1331 2823 :
1366 2778 1600 2837 cumque
1632 2764 1705 2821 sit
1750 2759 1966 2819 nullius
1986 2762 2225 2833 indigus,

636 2873 696 2916 ut
738 2860 903 2928 Deus,
959 2859 1161 2915 dicitur
1209 2858 1484 2930 accipere,
1534 2867 1596 2913 ut
1647 2859 1844 2924 homo;
1897 2854 2227 2911 adorabatur

632 2966 871 3022 semper,
905 2960 963 3006 ut
1008 2949 1151 3007 Deus
1202 2969 1216 3006 :
1264 2964 1411 3006 nunc
1458 2949 1833 3005 adorationem
1883 2946 2129 3017 suscipit,
2165 2954 2226 3000 ut

637 3046 819 3101 homo.
864 3042 922 3098 Si
964 3052 1024 3097 ut
1066 3042 1229 3097 homo
1261 3049 1509 3096 mortuus
1545 3048 1652 3106 est,
1712 3037 1817 3093 hoc
1868 3046 2049 3093 tamen
2090 3034 2224 3092 nihil

2328 1971 2388 2023 ὲν
2438 1968 2590 2040 αὐτῷ
2638 1966 2893 2039 φοροῦντι
2948 1965 3049 2037 τὴν
3099 1964 3236 2037 πρὸς
3279 1964 3427 2035 ἡμᾶς
3467 1962 3773 2031 ὁμοίωσιν,
3838 1962 3921 2011 καὶ

2326 2058 2500 2123 οὕτως
2530 2054 2907 2128 ἀναμορφώσῃ
2952 2055 3090 2127 πρὸς
3136 2053 3330 2107 ἑαυτὸν
3366 2053 3445 2116 εἰς
3474 2052 3537 2104 τὸ
3579 2050 3715 2104 κατ’
3745 2050 3919 2103 εἰκόνι

2327 2150 2424 2207 τοῦ
2466 2150 2789 2216 κτίσαντος,
2826 2147 3195 2213 ἀνακαινίζων
3219 2146 3320 2217 τὴν
3350 2144 3511 2215 φύσιν
3540 2144 3752 2215 ὥσπερ
3772 2137 3842 2213 ἦν
3869 2142 3918 2206 εξ

2328 2247 2527 2318 ἀρχῆς.

2326 2355 2730 2428 Σχόλια,ᾲπερὶ
2759 2353 3122 2428 σαρκώσεως
3149 2352 3253 2428 τὸν
3272 2352 3460 2428 αὐτὸν
3484 2350 3733 2428 ἔχοντα
3744 2347 3913 2428 χοῦν.

2398 2420 2503 2493 Εις
2530 2420 2639 2491 τό,
2669 2420 2715 2478 ⁷ι
2768 2420 3124 2493 Ἐᾖαρίσατο
3167 2422 3408 2492 animi.”
3461 2421 3584 2493 κοί,
3641 2437 3661 2470 ι
3716 2420 3916 2493 ’ξετερι

2396 2490 2648 2568 rip-owe?
2702 2490 2923 2568 αὐζῶνθῖ
2969 2512 2988 2546 ι
3041 2493 3138 2547 καί
3198 2493 3318 2549 ὅσα
3368 2490 3628 2547 τοιαῦτα
3681 2490 3915 2558 λέγεται

2398 2565 2531 2637 περὶ
2563 2565 2846 2637 Χριστοῦ.

2400 2682 2664 2754 ’Υψιστος
2690 2683 2719 2735 ὁ
2748 2679 2842 2734 τοῦ
2870 2678 3006 2733 Θεοῦ
3035 2679 3209 2747 Λόγος
3232 2677 3342 2741 ἀεὶ,
3378 2676 3514 2731 καθὸ
3541 2675 3717 2740 Θεόςο
3763 2674 3916 2744 ὑψοῦ-

2325 2792 2417 2833 τάι
2446 2778 2503 2832 δὲ
2548 2776 2624 2840 ὡς
2650 2775 2936 2846 ἄνθρωπος
2954 2788 2969 2802 ο
2999 2770 3256 2843 ἀνενδεὴς
3286 2770 3363 2824 ὢν
3391 2769 3467 2834 ὠς
3494 2769 3650 2834 Θεὸς,
3701 2768 3909 2838 λαμίᾶ·

2326 2884 2439 2921 νειν
2474 2866 2551 2931 ὡς
2583 2865 2871 2937 ἄνθρωπος
2890 2863 3139 2930 λέγεταιο
3172 2863 3563 2933 προσεκυνεῖτο
3593 2860 3759 2932 παρὰ
3791 2862 3915 2912 τεάν-

2326 2975 2435 3012 των
2483 2957 2561 3019 ὡς
2602 2956 2735 3018 Θεὸς
2755 2995 2770 3018 ,
2803 2954 3017 3026 δέχεται
3047 2953 3142 3007 νῦν
3170 2952 3268 3024 τὴν
3300 2951 3678 3023 προσκύνησιν
3724 2951 3813 3015 ὡς
3836 2952 3916 3004 ἄν·

2327 3047 2661 3123 θρωποςέΕί
2693 3047 2777 3111 ὡς
2792 3046 3081 3119 ἄνθρωπος
3103 3044 3366 3112 ἀπέθανε,
3400 3046 3495 3099 καὶ
3516 3044 3693 3114 ψόγον
3727 3045 3913 3098 οὐδένα

633 3136 886 3207 dignitati
933 3136 1029 3192 Dei
1062 3134 1226 3190 Verbi
1279 3134 1557 3201 detrahit;
1602 3133 1676 3187 ita
1725 3131 1893 3187 etiam
1948 3128 2094 3185 nulla
2140 3138 2221 3183 est

2326 3142 2405 3214 τῷ
2448 3140 2571 3212 Θεῷ
2600 3139 2758 3210 Λόγῳ
2782 3139 2949 3193 τοῦτο
2993 3137 3406 3210 προστρίϐεται,
3460 3137 3612 3191 οὐδὲν
3661 3137 3912 3208 ἀδικήσει

631 3226 988 3292 contumelia,
1020 3228 1067 3282 si
1100 3226 1315 3282 dicatur
1341 3224 1620 3296 accepisse
1661 3222 1864 3293 aliquid
1907 3241 1921 3277 :
1952 3221 2222 3292 quemad-

634 3318 855 3373 modum
905 3318 1049 3373 enim
1097 3317 1227 3373 illud
1279 3316 1601 3372 humanitati
1656 3314 1876 3377 accidit,
1934 3312 2007 3367 ita
2058 3313 2223 3367 etiam

635 3410 772 3464 hac.
812 3407 869 3464 Si
905 3424 1028 3463 cum
1057 3408 1377 3464 immortalis
1402 3406 1498 3473 sit,
1531 3415 1595 3461 ut
1626 3404 1789 3468 Deus,
1833 3411 2082 3457 mortuus
2102 3414 2224 3455 esse

638 3499 840 3555 dicitur
867 3508 926 3552 ut
956 3500 1150 3564 homo,
1178 3499 1476 3552 altissimus
1500 3511 1624 3552 cum
1650 3496 1754 3559 sit,
1780 3502 1851 3549 ut-
1869 3492 2013 3547 Deus
2032 3530 2048 3557 ,
2074 3489 2221 3547 exal-

644 3600 792 3649 tatus
816 3590 1037 3657 dicitur,
1067 3598 1126 3645 ut
1156 3590 1336 3654 homo.

753 3703 1030 3772 Quomodo
1058 3702 1217 3759 Jesus
1248 3702 1493 3757 Christus
1519 3701 1585 3755 sit
1610 3698 1875 3771 iit-gloria
1910 3695 2114 3753 Patris.

708 3818 844 3888 Quia
874 3834 971 3889 per
1002 3817 1358 3874 humanitatis
1400 3815 1827 3888 assumptionem
1860 3814 2003 3885 quod
2041 3809 2223 3884 perdi-

638 3920 752 3968 tum
784 3918 901 3966 erat
946 3919 1323 3980 recuperatum
1353 3917 1468 3976 est,
1500 3909 1643 3981 quod
1683 3907 1977 3965 contritum
2014 3905 2223 3960 instau-

637 4011 818 4061 ratum
845 4011 949 4067 est,
979 4002 1123 4073 quod
1163 4002 1385 4058 errabat
1424 4014 1749 4056 conversum
1780 4013 1845 4053 ac
1883 3996 2218 4053 reductum:

636 4107 760 4165 quas
779 4093 963 4149 omnia
996 4101 1245 4163 spectant
1271 4096 1337 4147 ad
1365 4091 1594 4163 gloriam
1610 4089 1728 4146 'Dei
1756 4103 1820 4145 ac
1840 4088 2040 4144 Patris.

1310 4203 1544 4261 ALIUD.
1564 4214 1617 4264 ο

711 4316 793 4387 Si,
819 4318 965 4375 Deus
989 4332 1112 4374 cum
1143 4327 1312 4381 esset,
1338 4317 1500 4373 homo
1525 4316 1700 4373 lactus
1726 4328 1831 4382 est,
1854 4326 2016 4388 atque
2045 4319 2147 4374 hoc
2166 4334 2223 4375 re

637 4410 756 4483 Ipsa
792 4410 979 4467 subire
1007 4409 1197 4475 voluit,
1225 4425 1384 4464 nemo
1420 4410 1725 4465 oll‘endatur
1758 4411 1803 4465 si
1831 4424 1950 4480 qua:
1973 4411 2222 4466 huntani-

2327 3234 2422 3289 καὶ
2447 3233 2509 3287 τὸ
2540 3231 2799 3300 λέγεσθαι
2822 3229 3039 3283 λαϐεῖν’
3075 3228 3267 3300 ὥσπερ
3296 3228 3407 3299 γὰρ
3437 3229 3617 3281 ὲκείνο
3650 3228 3790 3299 περὶ
3827 3228 3911 3293 τὴν

2325 3325 2725 3397 ἀνθρωπότητα
2786 3321 3030 3392 γέγονεν,
3076 3319 3221 3376 οὕτω
3248 3320 3345 3374 καὶ
3382 3318 3554 3373 ταῦτα
3585 3319 3822 3389 ὁμοίως.
3859 3318 3911 3371 εἰ

2324 3417 2594 3479 ἀθάνατος
2636 3414 2714 3470 ὢν
2760 3413 2916 3480 Θεὸς,
2949 3412 3164 3482 λέγεται
3205 3411 3459 3466 τεθνάναι
3488 3410 3565 3473 ὡς
3597 3408 3910 3480 ἄνθρωπος.

2326 3506 2591 3577 Ὕψιστος
2638 3503 2715 3559 ὢν
2767 3504 2843 3569 ὡς
2890 3503 3044 3569 Θεὸς,
3085 3500 3351 3573 ὐψοῦσθαι
3397 3498 3637 3569 λέγεται,
3692 3497 3773 3561 ὡς
3830 3498 3912 3551 ἄλο

2325 3597 2562 3670 θρωπος.

2362 3711 2496 3780 Πῶς
2530 3710 2774 3780 Ἰησοῦς
2801 3709 3059 3780 Χριστὸς
3089 3710 3177 3775 εἰς
3207 3707 3399 3773 δόξαν
3434 3705 3584 3762 Θεοῦ
3618 3706 3879 3774 Πατρός.

2397 3828 2518 3880 Ὅτι
2559 3825 2651 3880 διὰ
2701 3825 2803 3896 τῆς
2846 3823 3312 3894 ἑνανθρωπήσεως
3340 3820 3424 3873 ’τὸ
3482 3820 3768 3884 ἀπολωλὸς
3815 3822 3906 3874 ἁν-

2323 3919 2502 3992 εσὼθη
2525 3936 2539 3950 ο
2569 3918 2632 3971 τὸ
2662 3915 3120 3987 συντετριμμένον
3142 3912 3569 3984 κατεδεσμεύθη,
3589 3912 3664 3964 ’τὸ
3693 3912 3907 3965 amr.-

2326 4029 2488 4084 μενον
2538 4009 2889 4081 ἐπεστράφη⁸
2931 4005 3288 4062 συντεῖνει’δὲ
3312 4003 3790 4069 ταῦταέίςδόξαν
3817 4004 3903 4057 τοῦ

2322 4103 2458 4158 Θεοῦ
2495 4101 2843 4173 καὶἮατρός.

3005 4214 3208 4267 AAAO.

2390 4331 2455 4384 Et
2484 4329 2618 4393 Θεὸς
2639 4327 2717 4382 ὣν
2744 4329 2966 4397 γέγονεν
2987 4327 3293 4399 ἅνθρωπος,
3320 4327 3416 4380 καὶ
3438 4326 3585 4398 ἔργῳ
3612 4328 3778 4381 τοῦτο

2322 4420 2437 4473 θεῖν
2468 4418 2733 4491 ὑπέμεινε
2756 4460 2772 4486 ,
2805 4413 3244 4483 σκανδαλιζέσθω
3274 4418 3465 4490 μηδεὶς
3485 4458 3501 4483 ,
3531 4420 3579 4472 εί
3624 4422 3695 4472 τὰ
3716 4422 3786 4489 τῇ
3818 4423 3885 4473 ἀν

638 4505 738 4561 tati
782 4513 839 4561 et
873 4502 1059 4561 servili
1110 4502 1410 4559 conditioni
1449 4503 1796 4572 conveniunt,
1847 4503 2010 4561 etiam
2064 4504 2117 4559 in
2159 4518 2219 4559 se

2325 4510 2640 4585 θρωπότητι
2680 4510 2963 4582 πρέποντα
3014 4510 3109 4565 καὶ
3147 4509 3226 4581 τῷ
3264 4511 3504 4581 σχήματι
3543 4508 3620 4581 τῷ
3648 4511 3901 4579 οίκετικιῖ·

634 4597 908 4669 gestavit;
950 4612 1097 4664 nam,
1130 4606 1190 4651 ut
1225 4597 1410 4661 homo,
1440 4606 1494 4651 et
1520 4595 1766 4666 accipere
1794 4604 1850 4652 et
1879 4596 2109 4652 exaltari
2133 4595 2217 4651 di-

634 4692 796 4745 citur.
830 4689 931 4756 Qui
981 4703 1111 4744 vero
1153 4688 1541 4744 humanitatem
1594 4688 1763 4755 ipsam
1826 4688 2011 4751 subiit,
2068 4696 2217 4744 certe

636 4781 960 4852 reprehendi
990 4796 1098 4837 non
1133 4782 1323 4851 possit,
1360 4780 1406 4836 si
1445 4781 1610 4836 etiam
1642 4795 1705 4837 ca
1739 4795 1860 4850 quae
1889 4781 2213 4836 humanitati

634 4874 852 4945 propria
891 4880 1018 4929 sunt
1050 4874 1236 4928 subire
1264 4888 1370 4927 non
1409 4880 1620 4928 recuset
1656 4890 1671 4927 :
1718 4872 1993 4942 proprium
2034 4880 2213 4927 autem

636 4968 884 5022 humana:
923 4975 1133 5021 natura:
1171 4974 1253 5021 est
1290 4980 1319 5019 a
1347 4964 1459 5020 Deo
1484 4965 1752 5034 accipere,
1780 4964 1933 5034 juxta
1973 4962 2101 5018 illud
2132 4964 2215 5018 di-

632 5069 778 5115 ctum
811 5077 826 5114 :
871 5077 891 5111 ι
920 5058 1062 5127 Quid
1100 5060 1244 5113 enim
1281 5057 1447 5113 habes
1472 5057 1617 5127 quod
1650 5070 1755 5111 non
1794 5057 2046 5127 accepisti
2084 5056 2211 5127 ⁸⁵2.»

635 5152 857 5223 Accepit
893 5152 1060 5222 igitur
1090 5160 1149 5205 nt
1188 5151 1349 5206 homo
1395 5163 1491 5219 per
1523 5148 1776 5217 gratiam,
1812 5164 1932 5220 qua:
1974 5158 2032 5207 ut
2076 5149 2216 5205 Deus

635 5243 824 5301 habuit
845 5244 1187 5301 naturaliter.

1312 5354 1539 5411 ALIUD.

706 5468 764 5526 Si
794 5467 955 5525 Pater
984 5471 1163 5526 omnia
1188 5480 1447 5538 operatur
1464 5484 1560 5540 per
1587 5468 1898 5536 Filium‘“,
1928 5477 1984 5525 et
2010 5468 2215 5539 absque

638 5568 754 5639 ipso
784 5566 982 5621 factum
1028 5575 1113 5621 est
1151 5564 1287 5619 nihil
1330 5564 1402 5630 ",
1438 5564 1746 5619 necessario
1793 5561 2081 5618 dicendum
2128 5570 2213 5619 est

637 5662 811 5733 ipsum
834 5659 935 5717 sibi
968 5658 1072 5730 ipsi
1095 5657 1481 5713 exaltationem
1516 5656 1752 5723 dedisse,
1782 5655 2129 5727 gratiamque
2180 5670 2211 5711 a

2324 4605 2552 4676 φέρεται
2584 4604 2679 4658 καὶ
2708 4604 2795 4657 ἐπ’
2823 4602 2987 4657 αὐτοῦ
3009 4621 3023 4633 ·
3059 4603 3134 4668 ὡς
3166 4602 3277 4675 γὰρ
3308 4602 3597 4675 ἄνθρωπος
3639 4604 3737 4656 καὶ
3765 4604 3899 4673 λαμο

2321 4696 2511 4752 δάνειν
2541 4694 2635 4749 καὶ
2658 4693 2927 4763 ὑψοῦσθαι
2954 4694 3192 4763 λέγεται.
3209 4695 3266 4748 ’0
3292 4694 3349 4747 δὲ
3375 4695 3477 4766 τὴν
3509 4694 3901 4765 ἁνθρωπότητα

2324 4788 2495 4858 αὐτὴν
2529 4787 2829 4859 ὑπομείνας
2854 4824 2868 4850 ,
2900 4786 2999 4840 οὐκ
3042 4787 3110 4840 ἂν
3150 4786 3389 4855 εὐλόγως
3414 4785 3657 4856 ψὲγοιτο,
3705 4788 3803 4842 καὶ
3842 4790 3903 4839 τὰ

2323 4875 2424 4946 τῆς
2449 4875 2868 4947 ἀνθρωπότητος
2907 4875 3015 4930 ἴδια
3061 4876 3291 4948 φορέσαι
3337 4875 3412 4947 μὴ
3441 4877 3903 4948 παραιτούμενος,

2330 4968 2488 5022 Ἴδιον
2514 4968 2570 5022 δὲ
2598 4966 2888 5040 ἀνθρώπου
2920 4968 3140 5038 φύσεως
3160 4968 3223 5023 τὸ
3244 4968 3543 5039 λαμϐάνειν
3570 4968 3725 5039 παρὰ
3746 4970 3902 5032 Θεοῦ,

2318 5058 2463 5113 κατὰ
2497 5059 2556 5113 τὸ
2585 5058 2747 5131 ῥητὸν
2775 5060 2837 5112 τὸ
2864 5058 3041 5127 λέγον⁶
3076 5077 3095 5110 ι
3133 5058 3200 5112 Τί
3240 5058 3349 5129 γὰρ
3390 5058 3536 5131 ἔχεις
3573 5058 3608 5112 ὃ
3638 5059 3743 5114 οὐκ
3786 5060 3891 5113 ἔλα-

2320 5154 2446 5217 6ες;
2478 5172 2501 5205 ι
2541 5152 2780 5223 Εῑληφεν
2818 5152 2927 5224 ἄρα
2954 5152 3031 5216 ὡς
3053 5151 3341 5223 ἄνθρωπος
3365 5151 3510 5207 κατὰ
3531 5153 3696 5225 χάριν
3715 5194 3734 5222 ,
3763 5152 3905 5223 ᾇπερ

2320 5240 2466 5315 εἶχεν
2488 5245 2563 5309 ὡς
2588 5244 2723 5308 Θεὸς
2747 5244 3015 5315 φυσικῶς.

3001 5359 3208 5414 AAAO.

2389 5471 2452 5524 Εί
2499 5471 2676 5525 πάντα
2723 5469 2790 5524 δι’
2823 5468 2953 5523 Υίοῦ
2993 5471 3023 5524 ὁ
3061 5467 3251 5539 Πατὴρ
3281 5466 3579 5540 ἐργάζεται
3601 5509 3618 5537 ,
3648 5470 3818 5542 χωρίς
3842 5487 3901 5525 τε

2320 5562 2486 5617 αὑτοῦ
2518 5561 2747 5631 γέγονεν
2770 5560 2944 5624 οὐδὲν,
2972 5562 3268 5629 ἀναγκαῖον
3301 5562 3496 5628 εἰπεῖν,
3526 5561 3719 5635 ὅτιπερ
3742 5562 3902 5625 αὐτὸς

2318 5650 2389 5727 ἦν
2435 5654 2613 5727 ἑαυτῷ
2660 5653 2753 5708 καὶ
2794 5654 2855 5707 τὸ
2900 5651 3165 5723 ὑψοῦσθαι
3212 5651 3409 5721 διδοὺς,
3466 5652 3563 5707 καὶ
3604 5652 3705 5726 τὴν
3753 5651 3902 5724 παρὰ

706 5818 750 5851 ⁸⁸
776 5815 920 5874 Psal.
948 5830 1106 5878 xxnt,
1136 5814 1185 5866 7.
1266 5812 1310 5846 °'
1336 5810 1567 5881 Philipp.
1607 5825 1664 5877 ll,
1696 5810 1750 5865 9.
1828 5810 1882 5882 “_
1913 5808 1930 5864 I
1969 5810 2099 5866 Cor.
2141 5826 2214 5879 tv,
2247 5809 2299 5868 7.
2368 5809 2435 5843 ’θ’
2475 5810 2635 5867 Joan.
2675 5826 2726 5876 ν,
2762 5810 2847 5864 l7.
2926 5810 2973 5843 "
3010 5808 3168 5865 Joan.
3200 5824 3239 5874 ι,
3280 5810 3336 5867 ’5.

3672 5930 3739 5937 ...κ
