4124 6506
256 407 373 464 355

1641 396 2016 456 TIIESAURU
2027 395 2087 452 S.

3425 404 3532 458 356

260 527 486 599 Πατρός
513 526 678 600 χάριν
703 525 1135 597 διακονούμενος.
1182 525 1428 595 Ἐδέχετο
1461 525 1560 596 μὲν
1595 523 1700 596 γὰρ
1733 524 1849 575 θεο-

1954 519 2115 574 Patre
2140 516 2539 587 suppeditasse.
2571 514 2825 584 Suscepit
2858 515 3005 571 enim
3045 515 3297 574 deillcato
3335 518 3532 585 templo

262 619 600 691 ποιουμένου
640 619 737 674 τοῦ
788 618 1190 689 ἀναληφθέντος
1232 617 1382 682 ναοῦ,
1434 618 1528 670 καὶ
1573 611 1640 685 ἦν
1687 614 1847 684 φύσει

257 708 404 774 Θεὸς
445 712 620 779 Λόγος
651 711 727 768 ὢν
768 709 864 764 τοῦ
910 711 1153 782 Πατρός·
1204 709 1404 780 ύψοῦτο
1435 709 1491 762 δὲ
1519 709 1680 763 πάλιν
1712 707 1848 761 καθὸ

261 801 366 856 καὶ
392 801 681 873 ἄνθρωπος
705 801 967 871 γεγονὼς,
995 802 1092 857 καὶ
1123 805 1181 856 ὲν
1210 804 1276 874 τῇ
1316 801 1409 854 τοῦ
1437 800 1625 854 δούλου
1663 801 1844 870 μορφῇ

263 894 598 964 φαινόμενος
650 896 1068 965 προσεκυνεϊτο,
1116 895 1210 949 καὶ
1262 894 1430 948 πάλαι
1487 892 1647 946 τοῦτο
1707 891 1848 962 ἔχων

267 985 412 1054 μετά
436 986 666 1057 Πατρός.
703 987 897 1039 Ἔσται
935 986 1116 1040 τοίνυν
1158 987 1288 1057 περὶ
1323 987 1426 1056 τὴν
1453 982 1847 1054 άνθρωπότητα

265 1077 301 1147 ἢ
329 1076 492 1146 χάρις
531 1076 626 1128 καὶ
659 1078 694 1146 ἡ
727 1076 956 1145 ὕψωσις,
992 1078 1072 1141 είς
1115 1078 1308 1131 ἑαυτὸν
1337 1075 1713 1146 οἰκειουμένου
1749 1072 1844 1125 τοῦ

263 1165 404 1218 Θεοῦ
449 1165 624 1232 Λόγου
669 1165 740 1219 τά
773 1167 904 1238 περὶ
945 1169 1039 1220 τὸν
1070 1166 1202 1221 ἴδιον
1245 1166 1411 1220 αὐτοῦ
1457 1166 1584 1219 ναὸν
1612 1161 1849 1233 συμϐαί-

267 1271 446 1309 νοντα.
470 1256 544 1308 Ού
575 1255 686 1326 γὰρ
713 1257 799 1309 ἑτέ
809 1275 903 1328 ρου
930 1257 1097 1324 τινὸς,
1133 1257 1252 1314 ἁλλ’
1277 1257 1446 1312 αὐτοῦ
1471 1257 1531 1320 τὸ
1559 1255 1737 1324 σῶμα,
1768 1253 1848 1306 διὸ

263 1345 362 1399 καὶ
397 1346 474 1409 ὡς
507 1347 670 1410 αὐτὸς
709 1347 1035 1417 λελόγισται.
1071 1347 1168 1414 Εἷς
1192 1349 1301 1421 γὰρ
1336 1351 1366 1402 6
1410 1351 1647 1422 Χριστός
1693 1352 1757 1405 ἐκ
1787 1369 1848 1404 τε

264 1435 690 1508 ἁνθρωπότητος
737 1441 833 1493 καὶ
877 1440 1013 1494 Θεοῦ
1058 1441 1233 1510 Λόγου
1265 1442 1700 1514 κεκερασμένος,
1747 1445 1848 1498 οὐκ

265 1530 334 1583 ὲκ
375 1529 471 1583 τοῦ
519 1531 821 1602 τετράφθαι
865 1533 1002 1604 πρὸς
1045 1534 1184 1605 ὅπερ
1227 1535 1328 1588 οὑκ
1365 1530 1454 1609 ἦν,
1503 1535 1619 1590 ἁλλ’
1649 1538 1715 1590 ὲκ
1754 1536 1846 1590 τοῦ

265 1621 601 1692 προσλαϐεῖν
627 1623 718 1678 τὸν
745 1624 810 1677 ἐκ
839 1623 1120 1699 Παρθένου
1155 1626 1307 1682 ναόν.

955 1764 1159 1819 ΑΛΛΟ.

339 1893 545 1948 Ψάλλει
581 1912 683 1948 που
706 1895 890 1949 Δαϐίδ·
915 1915 932 1947 ι
956 1897 1014 1950 '0
1043 1897 1233 1968 θρόνος
1261 1914 1376 1961 σου,
1409 1898 1438 1951 6
1469 1897 1620 1960 Θεὸς,
1652 1899 1731 1961 εἰς
1758 1897 1849 1951 τὸν

267 1987 442 2041 αἰῶνα
465 1986 559 2041 τοῦ
599 1974 862 2052 αίῶνος.»
901 1984 1036 2042 Εἶτά
1082 2007 1215 2061 φησι
1248 2008 1262 2021 ο
1297 2008 1316 2041 ι
1345 1990 1445 2044 Διά
1475 1990 1633 2044 τοῦτο
1663 1991 1847 2061 ἔχρισέ

267 2097 329 2132 σε
361 2081 389 2132 6
416 2078 566 2143 Θεὸς,
593 2081 621 2133 6
659 2079 792 2144 Θεός
847 2098 962 2146 σου,
1008 2079 1188 2134 ἔλαιον
1236 2081 1629 2148 ἀγαλλιάσεως.
1669 2101 1686 2130 ι
1740 2083 1850 2134 Καὶ

263 2164 335 2240 ἦν
360 2171 389 2223 6
422 2170 597 2238 Λόγος
637 2170 734 2223 καὶ
780 2172 887 2241 πρὸ
947 2171 1049 2241 τῆς
1106 2171 1342 2242 χρίσεως
1381 2171 1681 2241 βασιλεύων
1713 2172 1851 2242 μετὰ

265 2259 501 2332 Πατρός.
528 2259 653 2324 Πῶς
690 2256 781 2314 οὖν
807 2263 886 2324 είς
912 2260 1136 2329 βασιλέα
1161 2261 1371 2332 χρίεται
1401 2261 1494 2314 καὶ
1516 2261 1799 2329 ἁγιάζεται
1822 2263 1851 2314 ό

268 2351 361 2404 ἀεὶ
426 2350 723 2420 βασιλεύων
774 2352 867 2404 καὶ
917 2351 1072 2420 ἆγιος
1105 2351 1215 2419 ῶν;
1273 2353 1484 2424 Ὥσπερ
1541 2354 1722 2406 τοίνυν
1766 2354 1852 2406 ἀεὶ

267 2439 430 2495 τοῦτο
449 2440 544 2506 ὢν,
568 2445 626 2496 ὲν
649 2443 898 2512 ἐσχάτοις
919 2445 1128 2513 καιροῖς
1152 2442 1591 2512 βεϐασιλευκέναι
1613 2444 1848 2512 λέγεται·

269 2527 416 2582 οὕτω
476 2531 569 2584 καὶ
597 2529 822 2600 ὕψιστος
884 2530 982 2592 ὢν,
1041 2531 1308 2599 ὑψοῦσθαι
1364 2532 1581 2601 λέγεται
1628 2532 1716 2585 διὰ
1756 2533 1855 2603 τὴν

269 2621 538 2692 ἐνσαρκον
576 2624 908 2693 οἰκονομίαν,
975 2623 1232 2694 ’Υψοῦται
1279 2624 1336 2678 δὲ
1378 2625 1472 2678 καὶ
1523 2624 1733 2695 χρίεται
1760 2626 1856 2678 καὶ

269 2712 557 2779 ἁγιάζεται
607 2715 678 2766 δι’
701 2716 874 2784 ἡμᾶς,
916 2717 1002 2769 ἵνα
1053 2716 1119 2770 δι’
1154 2715 1321 2769 αὐτοῦ
1359 2717 1524 2788 τρέχῃ
1563 2718 1747 2770 λοιπὸν
1776 2721 1855 2783 εἰς

266 2801 531 2872 πάνταςή
559 2802 740 2874 χάρις,
765 2804 840 2866 ὼς
858 2805 960 2874 ἤδη
990 2804 1205 2858 δοθεῖσα
1238 2808 1304 2876 τῇ
1337 2806 1518 2875 φύσει,
1545 2808 1638 2860 καὶ
1668 2807 1854 2860 λοιπὸν

267 2891 378 2962 ὅλῳ
405 2892 690 2963 σωζομένη
723 2893 804 2962 τῷ
835 2893 1004 2962 γένει.
1042 2894 1196 2958 ίᾘότω
1221 2897 1316 2949 καὶ
1354 2896 1384 2946 6
1436 2898 1629 2967 Σωτὴρ
1668 2897 1852 2964 ἔλεγεν

267 2982 328 3035 tv
358 2982 438 3053 τῷ
461 2984 603 3037 κατὰ
645 2984 897 3056 Ἰωάννην
923 2986 1262 3058 Εὑαγγελίῳ·
1299 3003 1319 3038 ι
1339 2987 1514 3059 ’Υπὲρ
1541 2988 1721 3042 αὐτῶν
1742 2988 1852 3056 ἐγὼ

269 3073 483 3142 ἁγιάζω
517 3074 771 3144 ἐμαυτὸν,
815 3076 902 3128 ἵνα
938 3070 1041 3130 ὦσι
1087 3077 1181 3129 καὶ
1232 3077 1386 3130 αὐτοὶ
1445 3079 1788 3149 ἡγιασμένοι.
1827 3097 1846 3130 ›

1950 611 2096 681 quod
2120 607 2436 678 assumpsit,
2467 616 2694 676 eratque
2725 615 2918 661 natura
2949 608 3095 663 Deus
3125 607 3360 663 Verbum
3388 609 3534 663 εκεῖ·-

1952 712 2102 758 stens
2128 699 2305 755 Patris
2336 717 2350 754 :
2387 698 2657 755 exaltatus
2700 709 2881 752 autem
2927 706 3034 762 est,
3065 707 3332 767 quatenus
3357 699 3535 752 factus

1950 794 2136 859 homo,
2180 801 2235 848 et
2279 793 2332 847 in
2372 791 2548 846 forma
2595 789 2738 844 servi
2789 789 2947 862 197
2974 803 3238 858 apparens
3275 792 3532 845 adoratus

1949 893 2057 948 est,
2082 884 2150 938 ab
2181 892 2386 938 aeterno
2413 882 2516 936 hoc
2542 880 2748 935 habens
2772 895 2894 934 cum
2921 878 3102 934 Patre.
3137 877 3324 932 Gratia
3354 879 3534 948 itaque

1949 984 2006 1030 et
2032 973 2291 1028 exaltatio
2321 973 2466 1029 circa
2501 971 2775 1026 hominem
2811 970 2952 1024 facta
2997 979 3102 1035 est,
3133 969 3425 1037 adoptante
3465 969 3532 1023 ad

1951 1067 2191 1136 seipsum
2229 1065 2371 1121 Filio
2400 1062 2583 1119 Verbo
2621 1076 2685 1117 ea
2729 1077 2850 1132 qua:
2885 1062 3084 1130 templo
3118 1076 3236 1126 suo,
3269 1060 3410 1130 quod
3443 1075 3533 1114 as~

1950 1167 2276 1229 sumpserat,
2316 1156 2687 1211 accedebant:
2720 1167 2896 1224 neque
2935 1155 3079 1207 enim
3104 1151 3325 1207 alterius
3352 1152 3536 1222 cujus-

1949 1251 2129 1320 piam,
2181 1249 2276 1304 sed
2336 1263 2494 1302 suum
2561 1259 2759 1315 corpus
2810 1253 2958 1310 erat;
3015 1243 3247 1312 ideoque
3300 1251 3361 1296 ut
3422 1242 3537 1310 ipse

1949 1350 2224 1397 censetur.
2255 1338 2407 1394 Unus
2434 1339 2581 1394 enim
2613 1335 2869 1394 Christus
2887 1350 2956 1393 ex
2979 1335 3317 1391 humanitate
3344 1342 3399 1388 et
3418 1333 3531 1387 Deo

1951 1431 2128 1486 Verbo
2155 1431 2348 1486 mistus
2383 1439 2489 1496 est,
2532 1444 2642 1486 non
2686 1444 2784 1500 per
2817 1427 3169 1484 mutationem
3206 1426 3260 1480 in
3302 1425 3356 1480 id
3395 1426 3536 1494 quod

1951 1541 2058 1582 non
2085 1535 2229 1592 erat,
2259 1525 2354 1581 sed
2385 1537 2481 1596 per
2508 1522 2933 1595 assumptionem
2964 1518 3148 1591 templi
3181 1533 3247 1576 ex
3292 1516 3534 1586 Virgine.

2638 1748 2866 1805 ALIUD.

1881 1876 1923 1931 Β
2025 1886 2192 1942 David
2235 1883 2435 1940 alicubi
2487 1883 2562 1938 ita
2615 1882 2764 1937 canit
2811 1901 2823 1935 :
2878 1899 2896 1934 ι
2924 1878 3092 1936 Sedes
3133 1888 3248 1945 tua,
3289 1879 3451 1946 Deus,
3486 1880 3538 1933 in

1953 1979 2210 2036 sacculum
2256 1975 2458 2031 saeculi.
2492 1993 2511 2026 ι
2540 1974 2743 2030 Deinde
2775 1974 2851 2028 ait
2879 1992 2890 2027 :
2927 1992 2946 2024 ι
2976 1973 3269 2042 Propterea
3301 1973 3452 2026 unxit
3487 1981 3538 2023 te

1953 2071 2117 2131 Deus,
2145 2065 2288 2123 Deus
2317 2076 2460 2128 tuus,
2487 2063 2607 2118 oleo
2632 2063 3016 2118 exsultationis
3041 2076 3150 2130 prae
3179 2060 3539 2131 participibus

1954 2163 2061 2216 tuis
2085 2160 2152 2215 ⁸⁸.
2186 2179 2206 2212 ι
2234 2159 2398 2228 Atqui
2440 2167 2561 2210 erat
2598 2155 2832 2211 Verbum
2862 2155 3026 2210 etiam
3060 2164 3186 2208 ante
3223 2153 3537 2208 unctionem

1952 2268 2188 2324 regnans
2215 2267 2336 2307 cum
2367 2251 2549 2306 Patre.
2575 2248 2855 2315 Quomodo
2886 2247 3053 2317 igitur
3080 2245 3134 2301 in
3158 2259 3346 2317 regem
3384 2245 3542 2315 ungi.

1952 2353 2041 2399 tur
2074 2353 2130 2399 et
2156 2342 2547 2403 sanctiﬁcatur,
2595 2341 2689 2410 qui
2730 2353 2946 2408 semper
2984 2346 3179 2409 regnat
3208 2345 3538 2406 sanctusque

1953 2434 2213 2490 exsistit?
2241 2429 2707 2498 Quemadmodum
2740 2431 2902 2498 igitur
2940 2445 3064 2483 cum
3104 2442 3318 2496 semper
3357 2429 3409 2483 id
3446 2426 3538 2492 sit,

1955 2522 2160 2577 ultimis
2214 2532 2390 2574 tamen
2438 2517 2773 2588 temporibus
2827 2531 3084 2586 regnasse
3138 2516 3338 2571 dicitur
3389 2533 3404 2570 :
3459 2516 3532 2571 ita

1956 2629 2078 2669 cum
2116 2612 2186 2666 sit
2218 2609 2537 2673 altissimus,
2568 2607 2838 2662 exaltatus
2879 2623 3001 2662 esse
3043 2608 3263 2671 dicitur,
3314 2613 3536 2677 propter

1956 2704 2408 2762 incarnationem.
2439 2700 2722 2756 Exaltatur
2738 2711 2942 2764 autem,
2967 2708 3021 2754 et
3048 2688 3290 2768 u'ngitur,
3321 2708 3378 2752 et
3402 2713 3532 2753 san-

1957 2797 2224 2851 c‘tillcatur
2254 2803 2476 2866 propter
2505 2809 2626 2858 nos,
2651 2800 2709 2847 ut
2737 2807 2836 2862 per
2863 2792 3036 2860 ipsum
3061 2790 3233 2861 gratia
3265 2792 3317 2845 in
3350 2804 3540 2845 omnes

1953 2890 2257 2952 derivetur,
2321 2897 2379 2942 ut
2425 2888 2536 2957 jam
2593 2893 2797 2940 natura:
2853 2883 3048 2938 collata
3103 2883 3309 2951 totique
3353 2883 3538 2951 generi

1953 2981 2166 3051 largita.
2196 2980 2290 3034 Sic
2321 2979 2462 3033 enim
2487 2976 2877 3045 Servaloripse
2911 2974 2965 3030 in
2997 2973 3288 3045 Evangelia
3316 2973 3542 3028 Joannis

1953 3071 2030 3125 ait
2060 3089 2075 3125 :
2114 3089 2130 3120 ι
2164 3069 2271 3124 Pro
2300 3071 2432 3139 ipsis
2475 3082 2574 3138 ego
2608 3066 2895 3123 sanctiﬂco
2924 3067 3213 3135 meipsum,
3245 3074 3304 3120 nt
3337 3067 3448 3120 sint
3489 3076 3540 3120 et

271 3166 416 3219 ’Ὅσα
437 3167 546 3236 γάρ
575 3168 632 3220 ὲν
650 3168 896 3239 Χριστῷ,
917 3169 1088 3223 ταῦτα
1117 3169 1211 3222 καὶ
1240 3173 1319 3233 είς
1349 3173 1516 3241 ἡμᾶς.
1537 3172 1649 3241 Οὐχ
1675 3170 1852 3241 ἐαυτῷ

1954 3162 2054 3232 ipsi
2080 3159 2398 3214 sanctiﬁcati
2427 3160 2492 3212 ⁸⁷.
2515 3177 2534 3208 ›
2560 3157 2907 3229 Quaecunque
2935 3159 3077 3212 enim
3099 3155 3312 3212 Christo
3335 3158 3539 3220 insunt,

268 3229 556 3335 δεχομένου
585 3264 678 3317 τὸν
703 3229 987 3337 ’ἁγιασμόν
1009 3268 1027 3337 (
1057 3267 1218 3332 αὐτὸς
1244 3229 1353 3339 γάρ
1370 3229 1450 3339 ’ἢν
1535 3229 1775 3336 ἁγίάζων
1795 3229 1846 3335 ).,

1954 3257 2142 3309 eadem
2167 3255 2217 3308 in
2239 3268 2338 3307 nos
2356 3253 2693 3306 derivanlur.
2712 3250 2920 3320 Quippe
2939 3249 3029 3319 qui
3057 3249 3540 3303 sanctiﬁcationem

270 3356 386 3410 ἀλλ’
420 3357 508 3410 ἵνα
527 3357 713 3412 τοῦτον
754 3361 820 3429 τῇ
878 3358 1035 3427 φύσει
1074 3358 1140 3412 δι’
1165 3360 1361 3414 ἑαυτοῦ
1393 3360 1702 3433 προξενίσῃ,
1735 3361 1851 3424 ὁδὸς

269 3447 460 3518 ὥσπερ
481 3448 577 3500 καὶ
598 3448 741 3520 ἁρχὴ
769 3449 876 3502 τῶν
893 3451 974 3513 είς
993 3453 1141 3521 ἡμᾶς
1178 3452 1398 3520 ἀγαθῶν
1428 3453 1733 3522 γινόμενος.
1760 3452 1851 3503 Διὸ

271 3538 334 3609 δὴ
361 3539 452 3592 καί
491 3557 708 3609 φησιν’(
733 3541 874 3609 Ἐγώ
897 3544 1010 3612 είμι
1041 3544 1073 3613 ἡ
1098 3543 1235 3606 όδόςο
1269 3563 1286 3593 ι
1311 3543 1378 3596 δι’
1407 3538 1476 3615 ἦς
1500 3543 1688 3611 ὥσπερ
1714 3543 1851 3613 πρὸς

271 3629 420 3697 ἡμᾶς
474 3630 508 3698 ἡ
540 3629 661 3684 Θεία
692 3630 1039 3700 καταϐέϐηκε
1101 3632 1292 3702 χάρις,
1335 3632 1544 3702 ὑψοῦσα
1572 3632 1669 3686 καὶ
1694 3630 1852 3700 ἁγιά-

273 3718 443 3784 ζουσα
471 3723 563 3774 καὶ
591 3722 908 3789 δοξάζουσα,
960 3726 1055 3778 καὶ
1108 3725 1429 3781 θεοποιοῦσα
1469 3726 1569 3797 τὴν
1600 3724 1762 3795 φύσιν
1794 3725 1851 3776 ἐν

273 3812 476 3883 πρώτῳ
507 3815 744 3886 Χριστῷ.

951 4033 1154 4086 ΑΛΛΟ.

346 4146 410 4199 Εἰ
448 4144 582 4208 Θεὸς
614 4145 689 4198 ὢν
726 4144 1011 4216 ἄνθρωπος
1038 4146 1254 4216 γέγονε,
1289 4147 1382 4201 καὶ
1418 4149 1520 4202 οὐκ
1570 4148 1856 4221 ἄνθρωπος

274 4235 350 4293 ὢν
403 4235 594 4306 γέγονε
649 4235 813 4302 Θεὸς,
876 4235 1087 4308 χρίεται
1143 4239 1200 4292 δὲ
1256 4239 1331 4303 ὠς
1386 4240 1712 4311 ἄνθρωπος,
1768 4242 1858 4296 ἴνα

274 4329 547 4402 δοξασθῇ,
615 4328 772 4400 δῆλον
838 4330 919 4385 ὅτι
980 4331 1109 4401 περὶ
1185 4329 1284 4400 τὴν
1355 4331 1755 4403 ἀνθρωπότητα
1823 4335 1856 4404 ἡ

276 4423 455 4494 χάρις,

969 4533 1171 4590 AAAO.

348 4644 411 4700 Εί
443 4646 603 4711 αὐτὸς
630 4645 706 4700 ὢν
722 4644 818 4700 τοῦ
845 4646 1162 4716 Πνεύματος
1190 4645 1443 4717 χορηγὸς,
1472 4647 1613 4701 κατὰ
1648 4647 1709 4700 τὸ
1733 4649 1863 4719 περὶ

277 4737 442 4792 αὑτοῦ
471 4739 783 4809 λεγόμενονο
827 4758 846 4788 ι
869 4738 1076 4791 Λάϐετε
1103 4737 1328 4808 Πνεῦμα
1361 4738 1568 4806 ἁγιονη
1606 4740 1666 4793 τὸ
1686 4741 1860 4794 Πνεῦ-

281 4847 358 4900 μα
380 4829 677 4900 λαμϐάνειν
697 4830 915 4898 λέγεται
944 4831 1072 4901 περὶ
1111 4831 1211 4902 τὴν
1241 4829 1656 4902 ἀνθρωπότητα,
1698 4834 1793 4887 καὶ
1827 4835 1860 4904 ἡ

281 4921 423 4986 δόσις
457 4923 553 4976 καὶ
582 4921 644 4975 τὺ
663 4921 963 4993 λαμϐάνειν
987 4921 1210 4991 ὁμοίως.

968 5052 1167 5110 ΑΛΛΟ.

349 5185 486 5258 φησι
539 5203 645 5240 που
672 5186 906 5258 Χριστὸς
938 5186 1014 5249 ὡς
1065 5184 1203 5255 πρὸς
1236 5185 1326 5238 τὸν
1370 5186 1589 5256 Πατέρα
1620 5187 1866 5255 διαλεγό-

284 5296 464 5352 μενοςο
500 5298 520 5332 ‹
561 5278 737 5352 ’Υπὲρ
769 5277 948 5333 αὐτῶν
980 5276 1090 5346 ἐγὼ
1118 5275 1331 5346 ἁγιάζω
1359 5278 1616 5348 ἐμαυτόν.
1656 5297 1676 5330 ι
1721 5280 1779 5331 '0
1809 5278 1867 5332 δὲ

280 5372 471 5427 ἑαυτὸν
497 5373 724 5442 ἁγιάσαι
753 5371 1071 5442 δυνάμενος,
1097 5371 1193 5425 καὶ⁸
1219 5370 1294 5442 μὴ
1332 5372 1466 5442 παρ’
1491 5371 1680 5443 ἑτέρου
1709 5370 1868 5424 τοῦτο

282 5465 482 5537 ζητῶν,
525 5464 717 5537 κύριος
741 5462 834 5517 τοῦ
868 5462 1113 5532 ἁγιάζειν
1141 5462 1309 5517 ἐστίν.
1359 5463 1425 5516 Et
1455 5462 1512 5516 δὲ
1568 5463 1669 5516 ούκ
1717 5462 1866 5515 ἔστιν

282 5557 340 5611 έν
363 5557 548 5629 χρείᾳ,
590 5557 723 5628 περ)⁸
779 5557 842 5610 τὸ
871 5555 1073 5628 χρῇζον
1117 5555 1148 5606 ὁ
1195 5555 1466 5626 ἁγιασμὸς
1498 5554 1861 5609 ἀποτελεῖται.

269 5649 606 5719 ’Ἅγιάζεται
632 5650 690 5704 δὲ
717 5651 754 5721 ἡ
785 5647 1073 5720 ἀνθρώπου
1101 5647 1283 5718 φύσις.
1329 5649 1440 5702 Καὶ
1471 5645 1629 5702 τοῦτο
1658 5643 1726 5720 ἦν
1759 5647 1869 5720 ἄρα

1887 4574 1940 4634 D

1953 3360 2060 3400 non
2119 3340 2330 3410 sibiipsi
2365 3341 2581 3410 accepit
2613 3339 2753 3409 (ipse
2794 3339 2939 3394 enim
2973 3348 3092 3393 erat
3127 3336 3539 3407 sanctiﬁcans),

1951 3433 2045 3488 sed
2073 3441 2133 3485 ut
2159 3446 2257 3501 per
2283 3444 2345 3486 se
2372 3444 2492 3485 eam
2523 3429 2774 3485 humanae
2807 3440 3012 3483 naturae
3035 3428 3359 3484 conciliaret
3397 3445 3410 3481 :
3456 3429 3539 3480 via

1951 3521 2349 3591 quodammodo
2382 3529 2438 3575 et
2485 3520 2814 3588 principium
2861 3522 3123 3572 honmum
3167 3534 3290 3588 qua:
3329 3519 3383 3572 in
3437 3532 3537 3572 nos

1950 3610 2480 3668 ﬂuxerunteﬂ'ectus.
2496 3609 2704 3666 Idcirco
2726 3611 2892 3665 etiam
2909 3609 3012 3666 ait:
3035 3628 3052 3661 ι
3076 3611 3187 3678 Ego
3200 3624 3319 3664 sum
3335 3611 3420 3664 via
3435 3610 3501 3676 ⁸⁸,
3516 3631 3534 3663 ι

1952 3718 2049 3774 per
2075 3718 2239 3774 quam
2270 3701 2452 3758 divina
2481 3701 2655 3771 gratia
2684 3701 3083 3770 quodammodo
3105 3700 3158 3753 in
3186 3714 3283 3752 nos
3307 3699 3535 3754 descen—

1953 3797 2056 3861 dit,
2102 3795 2349 3851 exaltans
2387 3802 2441 3850 et
2491 3793 2839 3849 sanctiﬁcans
2889 3803 2944 3848 et
2991 3791 3321 3862 glorificans,
3375 3802 3540 3860 atque

1955 3888 2091 3943 adeo
2122 3886 2384 3944 deiﬁcans
2409 3894 2660 3941 naturam
2695 3885 2986 3939 humanam
3016 3884 3068 3938 in
3100 3883 3275 3951 primo
3297 3882 3539 3938 Christo.

2642 4023 2870 4081 ALIUD.

2035 4140 2116 4207 Si,
2153 4141 2297 4196 Deus
2324 4154 2447 4195 cum
2478 4147 2646 4205 esset,
2679 4137 2854 4193 factus
2885 4147 2969 4193 est
3000 4138 3184 4204 homo,
3217 4153 3321 4194 non
3362 4149 3542 4197 autem

1959 4233 2119 4288 homo
2135 4232 2407 4288 exsistens
2427 4230 2604 4286 factus
2642 4239 2726 4285 est
2753 4229 2926 4295 Deus;
2954 4231 3175 4302 ungitur
3199 4239 3379 4286 autem
3405 4232 3545 4286 sicut

1959 4328 2142 4393 homo,
2173 4334 2234 4381 ut
2266 4324 2595 4395 gloriﬁcetur
2623 4341 2638 4379 :
2669 4322 3016 4393 perspicuum
3052 4333 3136 4379 est
3169 4323 3224 4379 in
3270 4322 3544 4383 hominem

1960 4417 2187 4487 gratiam
2215 4417 2474 4472 conferri.

2645 4531 2876 4590 ALIUD.

2042 4644 2122 4710 Si,
2168 4659 2291 4700 cum
2357 4645 2470 4713 ipse
2509 4644 2581 4698 sit
2637 4644 2861 4715 largitor
2914 4645 3170 4714 Spiritus,
3209 4644 3364 4716 juxta
3416 4645 3547 4705 illud

1969 4738 2034 4793 de
2068 4737 2184 4807 ipso
2211 4736 2416 4791 dictum
2446 4751 2461 4790 :
2499 4755 2516 4787 ι
2546 4738 2789 4808 Accipite
2820 4734 3080 4809 Spiritum
3114 4747 3358 4796 sanctum
3394 4740 3439 4770 "
3467 4758 3482 4794 :
3524 4759 3543 4794 ι

1967 4839 2115 4884 certe
2141 4830 2209 4884 de
2240 4829 2576 4884 humanitate
2596 4830 2792 4887 dicitur
2817 4839 2872 4885 et
2896 4830 3025 4885 dare
3056 4839 3112 4885 et
3148 4831 3396 4901 accipere
3427 4831 3551 4900 Spi.

1971 4921 2149 4975 ritum.

2645 5057 2874 5113 ALIUD.

2042 5190 2296 5244 Christus
2318 5190 2514 5250 alicubi
2542 5192 2608 5246 ad
2631 5191 2846 5246 Patrem
2876 5191 3121 5261 loquens,
3144 5191 3216 5247 ita
3248 5191 3323 5245 alt
3356 5213 3371 5247 :
3399 5209 3419 5247 ι
3446 5191 3554 5247 Pro

1974 5283 2111 5352 ipsis
2145 5295 2247 5351 ego
2298 5282 2580 5337 sanctitico
2621 5285 2905 5353 meipsum.
2942 5302 2962 5334 ι
2996 5282 3098 5349 Qui
3133 5297 3263 5338 vero
3310 5285 3551 5354 seipsum

1973 5373 2317 5429 sanetilicare
2370 5383 2567 5445 potest,
2600 5389 2776 5447 neque
2832 5377 2883 5430 id
2932 5375 3150 5432 aliunde
3198 5377 3356 5449 petit,
3408 5391 3554 5434 certe

1975 5465 2427 5520 sanctiﬁcationis
2457 5466 2629 5542 ipsius
2651 5467 2903 5523 dominus
2930 5477 3031 5528 est.
3071 5468 3142 5522 At
3170 5468 3216 5524 si
3246 5469 3410 5543 198
3440 5473 3556 5542 ipse

1974 5555 2408 5612 sanctificatione
2438 5572 2544 5611 non
2579 5567 2722 5629 eget,
2754 5559 3012 5632 indigenti
3045 5559 3228 5633 itaque
3257 5563 3556 5619 confertur.

1975 5645 2374 5704 Sanctiﬁcatur
2390 5658 2568 5704 autem
2602 5652 2835 5706 humana
2863 5660 3079 5712 natura.
3109 5651 3288 5725 Atque
3315 5655 3418 5710 hoc
3443 5665 3561 5710 erat

358 5829 403 5861 ‘°
437 5826 580 5886 Psal.
615 5841 761 5894 xuv,
792 5827 845 5892 7,
889 5827 942 5881 8.
1023 5826 1065 5859 ⁸⁷
1102 5823 1426 5898 ,ιοιιηζχγιῃ
1466 5823 1552 5879 l9.
1631 5824 1676 5860 ⁸⁸
1715 5823 1848 5880 Joan

1963 5840 2013 5892 v,
2041 5826 2095 5880 6.
2176 5827 2218 5860 ⁶⁹
2243 5825 2399 5884 Joan.
2443 5841 2534 5894 xx,
2562 5827 2653 5886 ἓξ.
