4124 6510
603 367 708 423 555

1603 362 1660 415 b.
1703 360 1975 415 LYIHLLI
2015 358 2491 437 ALEXANDRINI
2531 359 2848 417 ARCIIIEI'.

3820 361 3945 414 356

601 486 742 558 quod
766 489 986 554 propter
1018 494 1116 536 nos
1150 478 1203 535 ia
1232 477 1449 535 Christo
1480 477 1758 548 impletur,
1786 486 1843 533 ut
1873 493 1972 533 nos
1997 478 2050 532 in
2076 477 2173 549 ipst

2293 478 2359 531 δι’
2393 480 2426 550 ἡ
2437 480 2544 549 μᾶς
2568 480 2628 534 ὲν
2645 480 2868 551 Χριστῷ
2894 481 3291 553 πληρούμενον,
3314 483 3400 538 ἴνα
3420 481 3587 554 ἡμεῖς
3615 481 3695 546 ἀγ
3712 478 3945 531 adsmi-

600 589 747 635 sanet
759 579 1022 633 iheemur.

1274 686 1501 743 ALIUD.

984 824 1066 881 Ex
1094 824 1379 893 objections
1410 820 1794 877 hwreticorum.

673 962 946 1031 Scriptum
980 969 1087 1026 est,
1118 959 1372 1030 inquiunt
1413 977 1427 1012 :
1460 977 1480 1009 ι
1516 955 1757 1011 Dilexisti
1799 953 2093 1022 justitiam,
2131 967 2187 1011 et

605 1054 767 1109 odisti
815 1054 1191 1122 iniquitatem,
1242 1051 1447 1106 Idcirco
1490 1047 1648 1102 unxit
1703 1056 1755 1100 te
1809 1046 1993 1111 Deus,
2047 1046 2186 1102 Deus

603 1156 728 1202 tuus
756 1146 825 1199 ".
852 1164 871 1196 ι
906 1144 1021 1199 Non
1052 1144 1216 1214 igitur
1246 1144 1303 1197 in
1326 1142 1643 1196 universum
1667 1149 1894 1192 unctum
1917 1153 2041 1193 esse
2074 1139 2184 1193 Do-

601 1238 809 1292 minum
831 1236 1103 1299 dabimus,
1138 1235 1241 1289 nisi
1272 1233 1547 1289 dilexisset
1590 1230 1857 1301 justitiam
1900 1239 1955 1284 et
1983 1231 2185 1285 odisset

600 1328 964 1397 iniquitatem.
1003 1325 1117 1382 Vox
1150 1329 1298 1383 enim
1356 1324 1738 1390 Imc,idcirco,
1796 1336 1917 1391 qua:
1962 1337 2183 1376 causam

597 1422 885 1489 signiﬁcat,
938 1421 1169 1489 adjecta,
1214 1419 1523 1475 unctionem
1569 1426 1824 1485 tanquam
1882 1416 2181 1469 mercedem

596 1512 812 1567 virtutis
842 1525 964 1567 esse
989 1512 1248 1566 ostendit.
1279 1511 1335 1565 Si
1365 1524 1492 1565 vero
1524 1509 1729 1564 ideirco
1770 1508 2011 1576 ungitur,
2054 1507 2182 1576 quia

591 1602 857 1671 justitiam
891 1601 1077 1657 dilexit
1106 1609 1162 1655 et
1202 1600 1317 1655 odit
1362 1598 1728 1668 iniquitatem,
1768 1611 1898 1662 ergo
1938 1596 2182 1649 sanctiﬁ-

594 1694 862 1749 cationem
897 1693 1038 1748 dono
1082 1692 1302 1762 accipit.
1334 1689 1439 1757 Qui
1475 1703 1605 1743 vero
1656 1688 1964 1757 adjectioue
2002 1686 2181 1755 aliqua

592 1796 734 1853 eget,
772 1782 1123 1852 imperfectus
1158 1783 1229 1838 sit
1256 1789 1495 1849 oportet,
1536 1796 1708 1849 neque
1756 1779 1900 1832 Patri
1939 1778 2181 1848 perfecto

591 1878 807 1932 similis.

1106 2006 1313 2063 Salutio
1341 2006 1670 2075 objectionis.

667 2148 863 2216 Surge,
887 2143 981 2213 qui
1008 2143 1237 2208 dormis,
1257 2151 1309 2196 et
1333 2141 1601 2196 suscitare
1633 2155 1664 2195 e
1687 2139 1914 2194 mortuis
1937 2138 2182 2208 “,atque

589 2241 716 2297 audi
758 2238 1023 2302 vicissim,
1060 2236 1335 2291 haeretice.
1370 2234 1506 2301 Quia
1551 2234 1759 2303 inquit,
1811 2251 1831 2284 ι
1863 2231 2034 2288 Odisti
2079 2235 2183 2289 ini-

589 2335 875 2404 quitatem,
930 2338 986 2386 et
1037 2329 1273 2384 dilexisti
1320 2328 1614 2397 justitiam,
1667 2328 1871 2382 idcirco
1923 2329 2076 2381 unxit
2130 2338 2182 2382 te

591 2428 729 2482 Deus
756 2442 769 2479 :
808 2443 827 2475 ι
862 2437 969 2478 non
1001 2432 1060 2475 ut
1081 2420 1348 2489 quispiam
1393 2418 1537 2473 illam
1569 2420 1879 2473 unctionem
1910 2420 2179 2474 mercedis

588 2518 706 2572 loco
741 2512 1017 2583 accepisse
1043 2512 1368 2581 suspicetur,
1407 2510 1500 2565 sed
1546 2518 1607 2563 ut
1647 2510 1750 2564 hoc
1787 2520 1949 2579 pacto
1973 2509 2177 2564 dictum

589 2604 973 2674 intelligamus.
1001 2601 1219 2656 Primus
1241 2608 1426 2655 noster
1456 2612 1654 2668 parens
1685 2598 1854 2653 Adam
1896 2600 2179 2656 mutabilis

589 2698 690 2753 fuit
717 2706 946 2759 natura,
969 2694 1169 2764 quique
1191 2693 1463 2747 interdum
1488 2692 1703 2761 quidem
1726 2692 1995 2761 justitiam
2031 2705 2179 2745 ama-

590 2799 691 2853 ret,
737 2798 791 2842 et
824 2787 1162 2856 iniquitatem
1198 2786 1403 2841 odisset
1437 2802 1450 2838 :
1492 2784 1767 2839 interdum
1796 2799 1926 2838 vero
1962 2785 2012 2837 in
2043 2799 2176 2838 con-

588 2881 815 2935 trarium
842 2878 1084 2934 habitum
1111 2877 1429 2931 transiliret.
1448 2875 1584 2931 Cum
1611 2878 1754 2931 enim
1780 2876 1880 2930 hoc
1897 2877 2176 2946 proprium

588 2973 656 3027 sit
690 2979 899 3024 natura
932 2968 1211 3032 mutabili,
1254 2967 1513 3021 seductus
1553 2966 1656 3020 luit
1694 2981 1723 3019 a
1765 2966 1995 3021 diabolo.
2040 2966 2173 3020 Cum

586 3075 717 3116 vero
739 3061 806 3115 ad
832 3060 1135 3114 curandum
1166 3059 1310 3112 hunc
1342 3058 1591 3112 morbum
1628 3060 1992 3113 necessarium
2031 3070 2177 3113 esset

589 3165 649 3209 ut
692 3153 1031 3209 immutabile
1078 3152 1173 3208 Dei
1206 3150 1446 3209 Verbum
1476 3152 1711 3221 seipsum
1748 3166 1845 3220 pro
1876 3151 2032 3205 nobis
2060 3149 2176 3203 dia-

587 3243 711 3298 bolo
737 3251 1058 3312 opponeret,
1091 3250 1169 3307 ut,
1199 3242 1655 3311 quemadmodum
1687 3258 1781 3312 per
1811 3243 1953 3298 illius
1993 3253 2170 3298 muta-

588 3336 848 3389 bilitatem
903 3334 1028 3387 victi
1082 3348 1333 3399 eramus,
1400 3334 1473 3389 ita
1522 3349 1621 3403 per
1684 3335 2174 3390 immutabilitatem

587 3420 751 3477 Verbi
789 3423 1095 3478 vincamus.
1136 3424 1341 3479 Idcirco
1377 3425 1616 3494 ungitur,
1652 3435 1836 3496 utpote
1880 3440 2096 3495 semper
2122 3437 2177 3481 et

589 3513 1001 3569 immutabiliter
1066 3514 1334 3582 justitiam
1399 3516 1659 3582 diligens,
1724 3526 1779 3570 et
1834 3517 2173 3585 iniquitatem

587 3618 805 3660 exosam
839 3603 1065 3669 habens,
1111 3603 1313 3673 quique
1340 3605 1535 3659 mutari
1565 3614 1819 3675 nequeat.
1848 3605 1983 3661 Cum
2014 3608 2176 3677 igitur

588 3696 720 3751 dicit
764 3713 778 3749 :
827 3714 845 3746 ι
884 3695 1124 3751 Dilexisti
1176 3696 1442 3766 justitiam
1490 3706 1545 3751 et
1592 3698 1751 3753 odisti
1807 3697 2172 3768 iniquitatem,

588 3788 791 3844 idcirco
822 3791 979 3843 unxit
1003 3797 1054 3843 te
1088 3788 1245 3855 Deus,
1288 3806 1308 3839 ›
1345 3789 1418 3843 ita
1459 3789 1737 3860 intellige:
1777 3790 1910 3845 Cum
1950 3806 2017 3845 ex
2057 3806 2175 3846 om-

588 3879 749 3936 nibus
789 3881 990 3937 creatis
1025 3880 1340 3935 mutabilem
1387 3891 1633 3934 naturam
1680 3882 2005 3938 habentibus
2042 3884 2173 3938 nihil

587 3972 802 4028 diabolo
853 3972 1120 4027 obsistere
1179 3982 1394 4039 posset;
1449 3981 1501 4025 tu
1554 3986 1681 4026 vero
1729 3987 1793 4027 ex
1846 3973 2170 4028 immutabili

587 4064 747 4118 Patre
779 4062 1129 4118 immutabilis
1158 4062 1453 4126 exsisteus,
1487 4060 1627 4118 Deus
1665 4062 1920 4130 Verbum,
1955 4080 2173 4135 semper

582 4154 848 4225 justitiam
895 4153 1094 4224 diligis,
1144 4163 1199 4208 et
1245 4152 1587 4222 iniquitatem
1655 4154 1863 4219 odisti,
1919 4157 2073 4210 unxit
2121 4166 2173 4213 te

590 4248 756 4311 Deus,
786 4255 845 4299 ut
865 4245 917 4299 in
946 4254 1017 4309 te,
1046 4254 1099 4300 et
1119 4246 1335 4315 quidem
1361 4245 1557 4313 primo,
1589 4245 1826 4301 hominis
1859 4256 2048 4302 natura
2078 4247 2173 4301 ad-

586 4352 778 4394 versus
799 4354 919 4393 eum
948 4337 1136 4392 victrix
1164 4338 1437 4391 evaderet.

2200 3196 2245 3256 C

800 4550 1028 4620 ALIUD,
1077 4568 1141 4606 e1.
1169 4553 1348 4607 eodem
1385 4552 1690 4623 syllogismo
1720 4554 1948 4609 illatum.

658 4682 829 4739 Multa
849 4682 1214 4754 hujuscemodi
1234 4684 1285 4738 in
1302 4699 1453 4739 sacra
1472 4684 1753 4752 Scriptura
1776 4685 1842 4739 de
1865 4684 1974 4741 Deo
1991 4700 2052 4741 ac
2067 4686 2168 4740 Pa-

595 4786 678 4833 tre
695 4773 1124 4845 dicuntur,{quod
1154 4775 1315 4847 199
1336 4794 1355 4827 ι
1374 4775 1559 4831 Justus
1586 4778 1840 4833 Dominus
1858 4788 1911 4834 et
1928 4779 2168 4848 justitias

592 4868 784 4924 dilexit
825 4868 890 4922 τ’.
926 4887 943 4919 ι
979 4867 1042 4921 Ει
1086 4884 1278 4923 rursus
1322 4886 1335 4923 :
1383 4888 1400 4919 ι
1435 4868 1607 4923 Odisti
1647 4886 1837 4927 omnes
1882 4882 2168 4942 operantes

587 4959 923 5029 lttiqttilalellt
951 4959 1017 5013 ⁷³.
1045 4977 1063 5009 ι
1098 4957 1227 5014 Item
1257 4975 1269 5011 :
1305 4977 1323 5009 ι
1353 4957 1463 5026 Ego
1487 4957 1745 5014 Dominus
1765 4962 1855 5030 qui
1888 4961 2052 5031 diligo
2077 4962 2166 5031 ju-

582 5050 809 5111 stitiaut,
842 5056 893 5101 et
940 5047 1027 5101 odi
1078 5047 1297 5116 rapinas
1322 5061 1389 5101 ex
1434 5047 1720 5117 iniquitate
1753 5050 1820 5103 ⁷⁵.
1854 5070 1872 5103 ι
1908 5054 2071 5122 Atqui
2117 5054 2161 5107 si

582 5142 705 5207 quis
738 5141 883 5194 dicat
916 5157 929 5192 :
962 5139 1185 5211 Magnus
1216 5139 1473 5194 Dominus
1511 5149 1711 5205 noster,
1741 5143 1866 5213 quia
1894 5143 2161 5214 justitiam

593 5232 768 5304 diligit
812 5242 865 5287 et
891 5232 1003 5286 odit
1031 5232 1367 5302 iniquitatem
1397 5251 1410 5287 :
1444 5249 1511 5287 an
1554 5235 1741 5292 titulus
1775 5239 1880 5303 hic,
1912 5256 2156 5310 magnus,

591 5327 697 5382 erit
727 5324 836 5380 Deo
865 5340 927 5380 ac
955 5324 1099 5381 Patri
1134 5339 1341 5381 merces
1369 5326 1604 5396 virtutis,
1636 5330 1779 5399 quod
1807 5333 1919 5388 haec
1945 5333 2163 5406 quidem

583 5427 748 5482 amet,
770 5417 853 5473 illa
880 5432 1006 5472 vero
1022 5416 1195 5471 oderit
1213 5416 1407 5487 ?.Certe
1430 5423 1841 5492 nemojunquam
1862 5426 1995 5481 adeo
2014 5427 2127 5480 insa
2142 5453 2161 5463 -

584 5510 763 5565 nierit.
815 5509 1276 5575 Quemadmodum
1321 5511 1483 5580 igitur
1539 5513 1845 5583 hujusmodi
1904 5526 2047 5571 recte
2096 5532 2159 5571 ac

581 5600 667 5670 pic
692 5602 759 5657 de
790 5600 949 5657 Patre
981 5602 1232 5657 dicuntur
1269 5622 1281 5657 :
1324 5604 1395 5657 ita
1433 5610 1597 5660 etiam
1632 5605 1864 5666 rectede
1909 5607 2043 5661 Filio
2076 5609 2160 5662 in-

649 5776 699 5812 "
730 5778 872 5835 Psal.
900 5795 1040 5847 xuv,
1072 5782 1123 5836 8.
1204 5779 1243 5813 ¹¹
1282 5780 1479 5852 Ephes.
1506 5799 1557 5849 γ,
1592 5784 1675 5838 Η.
1754 5786 1798 5817 ⁷⁸
1829 5784 1971 5840 Psal.
2013 5802 2063 5852 ι,
2098 5788 2154 5843 8.

2302 5792 2443 5846 I’saI.
2477 5811 2528 5860 V,
2566 5796 2615 5849 7.

2293 586 2394 640 μεν
2426 574 2483 623 ἐν
2514 572 2681 641 αυτῷ.

2994 690 3197 743 ΔΛΛΟ.

2622 820 2715 885 Ὠς
2736 820 2807 886 ἐξ
2842 822 3202 889 ἀντιθέσεως
3232 823 3568 892 αἰρετικῶν.

2360 952 2698 1023 Γέγραπται,
2735 954 2920 1024 φασίν·
2957 973 2975 1005 ι
3034 955 3352 1025 Ἡγάπησας
3390 955 3809 1025 δικαιοσύνην,
3840 960 3938 1007 καὶ

2290 1043 2560 1114 ἐμίσησας
2588 1045 2842 1115 ἀνομίαν,
2867 1046 2953 1100 διά
2976 1047 3135 1099 τοῦτο
3158 1046 3340 1119 ἐχρισέ
3373 1064 3431 1101 σε
3460 1051 3487 1101 ὁ
3516 1048 3697 1111 Θεὸς,
3732 1050 3766 1100 ὁ
3788 1048 3933 1106 Θεὸς

2292 1151 2406 1188 σου.
2442 1152 2460 1185 ι
2495 1134 2608 1187 Οὐκ
2631 1135 2699 1188 ἂν
2726 1131 2819 1190 οὖν
2847 1138 2984 1201 ὅλως
3010 1138 3295 1208 κεκρίσθαι
3337 1139 3427 1192 τὸν
3482 1140 3713 1210 Κύριον
3740 1138 3926 1190 δώσο-

2292 1242 2412 1294 μεν,
2439 1226 2489 1277 εί
2519 1225 2594 1297 μὴ
2623 1225 2969 1298 δικαιοσύνην
2999 1230 3277 1311 ἠγάπησε,
3318 1231 3414 1283 καὶ⁹
3453 1231 3755 1300 ἐμίσησεν
3805 1231 3921 1283 ἀδι-

2290 1314 2433 1369 κίαν.
2452 1315 2510 1368 ὐ
2538 1316 2649 1388 γὰρ
2678 1316 2973 1386 σύνδεσμος
3004 1322 3031 1371 ὁ
3057 1319 3443 1389 αἰτιολογικὸς,
3478 1323 3791 1383 τουτέστι,
3818 1322 3919 1374 διὸ

2289 1406 2486 1471 τοῦτο,
2511 1407 2717 1476 μεταξὺ
2780 1409 3052 1478 κείμενος,
3097 1410 3289 1479 μισθὸν
3342 1410 3537 1482 ὥσπερ
3592 1412 3829 1481 ἀρετῆς
3856 1414 3919 1464 τὸ

2288 1496 2497 1568 χρίσμα
2547 1498 2801 1553 δεικνύει.
2859 1502 2918 1552 Εἰ
2950 1501 3007 1554 δὲ
3058 1501 3149 1555 διὰ
3192 1501 3352 1555 τοῦτο
3393 1504 3644 1576 χρίεται,
3696 1506 3797 1557 ὅτι
3837 1504 3907 1556 δι-

2288 1588 2583 1659 καιοσύνην
2607 1591 2817 1661 ἀγαπᾷ,
2856 1593 2949 1644 καὶ
2984 1593 3198 1646 ἀδικίαν
3234 1596 3404 1663 μισεῖ,
3441 1596 3625 1665 δῶρον
3658 1595 3793 1664 ἔχει
3819 1595 3913 1647 τὸν

2288 1678 2580 1747 ἁγιασμόν.
2622 1680 2678 1732 Ὀ
2706 1682 2762 1733 δὲ
2800 1682 3119 1753 προσθήκης
3145 1685 3289 1747 τινὸς
3312 1686 3549 1755 δεηθεὶς,
3590 1688 3817 1757 ἀτελὴς
3847 1688 3910 1740 ἂν

2288 1770 2396 1838 εἴη,
2433 1772 2524 1823 καὶ
2552 1772 2649 1839 ούχ
2684 1774 2868 1841 ὅμοιος
2908 1772 2983 1843 τῷ
3025 1774 3213 1845 τελείῳ
3250 1777 3444 1847 ιιατρί.

2777 1992 2936 2059 Πρὸς
2960 1990 3137 2047 τοῦτο
3175 1995 3375 2060 λύσις.

2382 2123 2607 2198 Εγειραι
2641 2130 2669 2180 ὁ
2704 2127 3010 2191 καθεύδων,
3040 2130 3133 2180 καὶ
3168 2128 3376 2182 ἀνάστα
3401 2131 3466 2184 ὲκ
3501 2131 3615 2183 τῶν
3650 2134 3902 2205 νεκρῶν,

2282 2222 2375 2274 καί
2414 2221 2622 2292 ἀκούσῃ
2646 2220 2823 2284 πάλιν,
2863 2220 3127 2291 αίρετικὲ.
3175 2221 3413 2292 Ἐπειδὴ,
3470 2226 3671 2294 φησὶν,
3710 2245 3729 2276 ι
3772 2228 3901 2295 ἐμέο

2284 2330 2454 2382 σησας
2482 2311 2717 2377 ἀδικίαν,
2749 2312 2846 2365 καὶ
2864 2312 3157 2381 ἠγάπησας
3179 2312 3554 2385 δικαιοσύνην,
3592 2318 3693 2370 διά
3725 2319 3895 2372 τοῦτο

2280 2405 2466 2477 ἔχρισέ
2503 2421 2561 2456 σε
2581 2406 2608 2457 6
2634 2404 2765 2466 Θεὸς
2784 2444 2799 2465 ,
2840 2424 2858 2455 ι
2889 2406 2988 2475 οὐχ
3014 2407 3098 2458 ἵνα
3124 2405 3317 2475 μισθὸν
3339 2407 3543 2478 ἀρετῆς
3578 2410 3643 2462 τὸ
3670 2413 3892 2481 χρίσμα

2278 2495 2524 2550 δεδόσθαι
2547 2513 2627 2560 τις
2647 2495 2910 2566 ὑπολάϐῃ,
2942 2495 3059 2548 ἀλλ’
3102 2497 3189 2549 ἵνα
3221 2497 3445 2550 τοιῶσδε
3486 2500 3790 2570 νοήσωμεν
3831 2504 3894 2556 τὸ

2279 2591 2588 2660 λεγόμενον.
2642 2591 2895 2661 Τρεπτῆς
2947 2591 3207 2661 ὑπάρχων
3241 2592 3458 2660 φύσεως
3504 2595 3533 2646 6
3564 2596 3890 2666 προπάτωρ

2292 2683 2479 2753 Ἀδὰμ,
2513 2683 2605 2735 καὶ
2634 2682 2894 2751 πεφυκὼς
2918 2682 3134 2737 ἔσθ’ὅτε
3166 2685 3297 2737 ποτὲ
3328 2686 3428 2755 μὲν
3463 2686 3564 2755 τὴν
3594 2686 3885 2741 δικαιοσύι

2278 2792 2376 2845 νην
2409 2777 2630 2848 ἀγαπᾷν
2666 2778 2759 2829 καὶ
2793 2780 2974 2846 μισεῖν
3020 2778 3120 2847 τὴν
3176 2778 3414 2844 ἀδικίαν,
3464 2780 3599 2833 ποτὲ
3626 2780 3690 2833 δὲ
3716 2782 3887 2835 πάλιν

2278 2870 2355 2930 εἰς
2384 2868 2481 2939 τὴν
2502 2870 2747 2921 ἐναντίαν
2776 2870 2887 2936 ἕξιν
2909 2870 3246 2942 μεταπηδᾷν,
3281 2872 3374 2925 καὶ
3403 2873 3626 2944 ἀγαπᾷν
3652 2875 3761 2944 μὲν
3784 2876 3885 2945 τὴν

2278 2960 2513 3022 ἀδικίαν,
2568 2964 2748 3029 μισεῖν
2782 2962 2839 3016 δὲ
2867 2964 2968 3032 τὴν
2999 2962 3350 3035 δικαιοσύνην
3395 2964 3591 3033 (τοῦτο
3622 2967 3741 3037 γὰρ
3773 2969 3883 3020 τῶν

2277 3051 2624 3121 τρεπομένην
2687 3052 2919 3123 ἐχόντων
2960 3056 3060 3125 τὴν
3111 3055 3274 3124 φύσιν
3319 3056 3507 3125 ἴδιον),
3541 3057 3878 3128 παρηνέχθη

2280 3142 2431 3213 παρὰ
2456 3142 2550 3196 τού
2572 3144 2843 3198 διαϐόλου.
2891 3145 3107 3216 Ἐπειδὴ
3133 3147 3190 3200 δὲ
3218 3148 3355 3218 πρὸς
3376 3148 3477 3218 τὴν
3506 3147 3603 3202 τοῦ
3625 3150 3879 3203 τοιούτου

2276 3237 2581 3306 νοσήματος
2616 3237 2765 3291 λύσιν
2792 3238 2899 3291 ἔδει
2938 3239 3028 3291 τὸν
3073 3240 3342 3311 ἄτρεπτον
3391 3240 3487 3295 τοῦ
3512 3240 3653 3295 Θεοῦ
3700 3244 3880 3313 Λόγον

2278 3330 2471 3383 ἑαυτὸν
2512 3330 2828 3401 ὑπὲρήμῶν
2861 3330 3159 3385 ἀντιθεῖναι
3190 3333 3268 3403 τῷ
3302 3335 3545 3406 πονηρῷ,
3586 3336 3878 3409 ἴν”ὦσπερ

2276 3421 2363 3473 διὰ
2383 3422 2481 3491 τῆς
2511 3422 2720 3474 ἐκείνου
2783 3425 2993 3493 τροπῆς
3027 3425 3397 3495 ὲνικήθημεν,
3457 3426 3603 3482 οὕτω
3651 3430 3749 3484 διὰ
3779 3432 3880 3501 τῆς

2277 3512 2537 3581 ἀτρεψίας
2576 3511 2670 3563 τοῦ
2704 3513 2877 3580 Λόγου
2911 3518 3308 3587 κρατήσωμεν·
3344 3517 3434 3571 διὰ
3464 3519 3628 3573 τοῦτο
3656 3522 3877 3592 χρίεται

2278 3600 2352 3664 ὡς
2380 3600 2468 3653 ἀεὶ
2493 3601 2589 3654 καῖ
2606 3600 3092 3674 [ἀ]παραλλάκτως
3133 3606 3484 3680 δικαιοσύνην
3502 3611 3766 3678 ἀγαπῶν,
3784 3616 3876 3666 καὶ

2280 3692 2451 3761 μισῶν
2485 3692 2722 3757 ἀδικίαν,
2771 3695 2863 3747 καὶ
2914 3698 3188 3766 τραπῆναι
3233 3699 3308 3769 μὴ
3346 3699 3671 3771 δυνάμενος.
3701 3704 3875 3758 Ὅταν

2276 3780 2368 3837 οὖν
2400 3784 2556 3856 λέγῃ,
2598 3787 2964 3857 «Ἥγάπησας
3013 3788 3393 3863 δικαιοσύνην,
3450 3794 3546 3847 καὶ
3598 3797 3874 3866 ἐμίσησας

2275 3876 2508 3939 ἀδικίαν,
2534 3877 2619 3930 διὰ
2646 3878 2803 3931 τοῦτο
2834 3878 3019 3949 ἔχρισὲ
3051 3898 3109 3933 σε
3133 3883 3160 3933 6
3202 3882 3365 3945 Θεὸς,
3406 3903 3423 3935 ι
3457 3886 3716 3957 τοιαύτην
3748 3892 3870 3943 τινὰ

2275 3967 2432 4037 δέχου
2465 3967 2701 4022 διάνοιαν
2719 3988 2731 3999 ·
2769 3969 2991 4042 Ἐπειδὴ
3013 3972 3231 4028 πάντων
3256 3975 3367 4028 τῶν
3396 3979 3641 4048 γενητῶν
3666 3998 3867 4050 epam.

2278 4061 2445 4130 μένην
2472 4062 2705 4131 ἐχόντων
2731 4064 2829 4134 τὴν
2856 4063 3019 4133 φύσιν
3050 4064 3201 4117 οὐδὲν
3231 4066 3462 4135 ἠδύνατο
3490 4071 3761 4141 μάχεσθαι
3792 4076 3870 4144 τῷ

2273 4150 2523 4222 διαϐόλῳ,
2574 4154 2638 4205 σὺ
2664 4153 2721 4206 δὲ
2781 4154 2840 4220 ὲξ
2871 4155 3144 4226 ἀτρέπτου
3198 4156 3413 4227 Πατρὸς
3462 4160 3737 4232 ἄτρεπτος
3765 4164 3863 4229 ὢν,

2273 4242 2404 4307 Θεὸς
2429 4245 2618 4313 Λόγος,
2650 4245 2740 4298 ἀεὶ
2766 4246 3114 4320 δικαιοσύνην
3144 4250 3390 4321 ἀγαπᾷς,
3427 4255 3525 4324 τήν
3569 4272 3626 4307 τε
3648 4257 3866 4313 ἀδικίαν

2277 4338 2472 4405 μισεῖς,
2498 4336 2683 4405 ἔχρισέ
2708 4354 2766 4390 σε
2798 4340 2826 4391 6
2854 4339 3008 4403 Θεὸς,
3061 4341 3147 4394 ἵνα
3178 4342 3235 4394 ὲν
3265 4345 3348 4397 σοὶ
3400 4346 3492 4398 καὶ
3529 4347 3734 4419 πρώτῳ
3766 4350 3864 4421 τὴν

2272 4426 2561 4497 ἀνθρώπου
2599 4428 2762 4497 φύσιν
2792 4432 2922 4501 παρ’
2953 4432 3093 4486 αὐτὰ
3126 4435 3365 4489 νικῶσαν
3398 4438 3681 4511 Θεάσηται.

2204 4565 2246 4619 D
2346 4563 2638 4623 ΛΛΛΟ,ἑκ
2667 4564 2771 4617 τοῦ
2792 4568 2979 4621 αὑτοῦ
3008 4572 3318 4641 συναχθὲν
3341 4578 3792 4648 συλλογισμοῦ.

2343 4698 2672 4770 Εύρίσκεται
2695 4700 2846 4772 παρά
2873 4704 2938 4773 τῇ
2965 4703 3087 4775 θείᾳ
3108 4705 3298 4779 Γραφῇ
3330 4709 3574 4780 περὶτοῦ
3606 4712 3746 4767 Θεοῦ
3768 4716 3859 4769 καὶ

2271 4788 2485 4859 Πατρὸς
2522 4790 2750 4859 κείμενα
2796 4791 3024 4847 τοιαῦτα
3066 4795 3261 4860 πολλὰ,
3293 4797 3377 4851 ὅτι
3410 4818 3430 4850 ι
3480 4800 3702 4865 Δίκαιος
3750 4804 3856 4856 Κύ-

2272 4898 2386 4951 ριος
2421 4880 2514 4934 καὶ
2542 4880 2892 4948 δικαιοσύνας
2910 4886 3190 4958 ἠγάπησε.
3219 4906 3237 4940 ›
3274 4888 3385 4943 Καὶ
3409 4891 3592 4944 πάλιν·
3634 4911 3653 4943 ι
3702 4894 3851 4963 Ἐμί-

2272 4989 2446 5043 σησας
2478 4974 2686 5037 πάντας
2710 4976 2838 5040 τοὺς
2874 4977 3277 5051 ἐργαζομένους
3306 4982 3405 5054 τὴν
3430 4984 3682 5055 ἀνομίαν.
3712 5006 3730 5037 ›
3753 4990 3854 5054 Καὶ

2274 5066 2456 5119 πάλιν·
2493 5084 2511 5116 ι
2551 5068 2692 5136 Ἑγώ
2712 5070 2827 5139 είμι
2878 5071 3083 5143 Κύριος
3135 5075 3164 5126 6
3212 5075 3443 5143 ἀγαπῶν
3475 5077 3851 5151 δικαιοσύνην,

2276 5162 2369 5209 καὶ
2393 5158 2567 5227 μισῶν
2600 5161 2941 5233 ἁρπάγματα
2988 5164 3046 5230 ἐξ
3088 5165 3325 5231 ἀδικίας.
3371 5186 3390 5219 ι
3432 5163 3543 5240 ’Δρ
3577 5166 3674 5223 οὗν
3693 5172 3745 5223 εί
3776 5189 3853 5235 τις

2276 5250 2371 5300 καὶ
2392 5249 2481 5303 διὰ
2505 5250 2678 5305 ταῦτα
2707 5252 2874 5323 λέγοι·
2904 5255 3096 5325 Μέγας
3125 5258 3156 5310 ὁ
3204 5258 3411 5331 Κύριος
3449 5260 3633 5331 ἡμῶν,
3662 5264 3744 5317 ὅτι
3762 5265 3853 5332 τὴν

2274 5339 2621 5415 δικαιοσύνην
2666 5347 2875 5419 ἀγαπᾷ,
2928 5353 3078 5419 μισεί
3130 5350 3188 5405 δὲ
3241 5352 3341 5424 τὴν
3384 5353 3621 5418 ἀδικίαν,
3672 5357 3854 5425 μισθὸς

2269 5433 2421 5487 ἕσται
2444 5434 2523 5505 τῷ
2552 5436 2673 5506 Θεῷ
2713 5439 2805 5491 καὶ
2833 5441 3007 5510 [Iatth
3036 5443 3098 5497 τὸ
3125 5443 3317 5513 μέγας
3340 5447 3437 5499 καλ⁸
3490 5448 3699 5518 ἀρετῆς
3733 5450 3852 5502 ἀντ-
3940 5510 3941 5513 η

2270 5524 2562 5592 ἀπόδοσις,
2612 5528 2693 5581 ὅτι
2752 5530 2876 5584 τάδε
2939 5533 3041 5602 μὲν
3074 5536 3295 5607 ἀγαπᾷ,
3331 5542 3478 5607 μισεῖ
3525 5540 3582 5592 δὲ
3633 5542 3849 5603 ὲκεῖνα;

2284 5612 2422 5666 Ἀλλ’
2450 5615 2550 5681 οὐκ
2591 5617 2655 5670 ἀν
2685 5636 2769 5682 τις
2800 5620 2943 5675 οὕτω
2988 5625 3184 5693 μανείη
3214 5627 3364 5681 ποτέ.
3400 5629 3614 5688 Ὠσπερ
3642 5626 3737 5685 οὖν
3762 5634 3848 5691 ἐπὶ

2700 5798 2744 5827 ⁷⁸
2778 5798 3033 5868 Isafut‘,
3066 5804 3119 5857 κ.
