4124 6516
296 402 404 456 337

1701 412 2144 471 'I‘HESAURUS.

3442 422 3445 427 ’
3472 421 3577 476 538

298 511 392 563 τοῦ
426 511 641 582 [ἰατρὸς
670 511 907 577 εὐσεϐῶς
953 516 1154 569 νοεῖται
1189 516 1259 569 τά
1312 517 1535 571 τοιῶσδε
1587 520 1855 592 λεγόμενα
1876 563 1891 586 ,

2001 526 2167 595 telligi
2208 535 2454 596 possunt.
2492 528 2629 583 Nam
2672 530 2852 601 imago
2880 532 3258 603 archetypum,
3292 537 3347 586 et
3384 532 3575 586 arche-

298 600 475 664 οὕτως
500 598 567 655 Ξιν
589 602 826 671 εὐλόγως
852 607 1149 677 ὲκληφθείη
1182 609 1277 662 καὶ
1317 610 1403 679 ἐφ’
1434 611 1584 665 Υἰοῦ.
1612 615 1755 684 Πρὸς
1785 616 1894 686 γὰρ

299 694 362 748 τὸ
388 693 698 763 ἀρχέτυπον
726 698 758 766 ἡ
800 697 986 763 εἰκὼν,
1010 698 1105 752 καὶ
1132 699 1267 768 πρὸς
1296 701 1395 771 τὴν
1429 703 1617 756 εἰκόνα
1649 704 1710 757 τὸ
1739 705 1897 776 ἀρχέ-

300 804 362 838 τὶ)
372 806 489 842 πᾶν.

306 903 412 967 Εἰς
452 905 515 956 τὸ
535 904 726 977 ῥητόν
756 904 860 977 tot}
897 907 1263 977 ᾈποστόλῡυ
1296 907 1362 961 τὸ
1389 910 1572 977 λέγον
1591 926 1605 941 ⁸
1650 931 1667 960 t
1692 912 1895 967 Ἐκάθ-

377 990 510 1028 ισεν
638 973 809 1050 δεξιᾷ
848 973 959 1041 τῆς
1012 973 1566 1050 μεὶαλωσύνῖης-έν
1595 982 1858 1050 ὑψηλοῖς
1877 1023 1893 1047 ’

380 1044 644 1110 τοσούτῳ
672 1045 954 1113 κρείττων
980 1046 1297 1114 γενόμενος
1323 1044 1441 1101 τῶν
1469 1044 1757 1120 ἀγγέλωκ.
1801 1072 1819 1103 ι

378 1156 440 1207 Ui
473 1156 571 1225 τῆς
589 1157 778 1221 οὐσίας
802 1158 895 1212 τοῦ
920 1158 1056 1212 Θεοῦ
1084 1160 1259 1228 Λόγου
1311 1161 1619 1231 τολμῶντες
1664 1182 1898 1234 κατηγο-

306 1247 441 1314 ρεῖν.
474 1247 567 1299 καὶ
600 1246 692 1301 τὸν
728 1247 857 1302 Υἰὸν
892 1252 1003 1314 τοῖς
1037 1255 1286 1321 γενητοῖς
1318 1254 1631 1308 συντάττειν
1667 1256 1897 1317 σπουδά-

306 1335 491 1401 ζοντές
517 1355 674 1407 φασι,
716 1340 1065 1412 σοφιζόμενοι
1088 1342 1186 1413 τὴν
1223 1342 1499 1415 ἀλήθειανι
1539 1347 1602 1398 Εἰ
1632 1348 1896 1419 κρείττων

304 1428 496 1495 γέγονε
529 1430 636 1484 τῶν
662 1431 911 1500 ἀγγέλων
959 1434 987 1487 6
1042 1432 1190 1497 Υἱὸς,
1222 1435 1332 1488 ἀπὸ
1390 1437 1600 1507 τροπῆς
1648 1438 1757 1508 ἄρα
1783 1439 1896 1510 ἔχει

278 1515 462 1575 ,τοῦτο
491 1521 589 1589 τῆς
624 1520 715 1574 ἐπὶ
749 1521 810 1575 τὸ
838 1520 1081 1592 ἄμεινον’
1111 1522 1138 1574 ὃ
1179 1522 1288 1594 γάρ
1325 1525 1427 1577 οὐκ
1458 1520 1524 1596 ἦν
1549 1526 1787 1594 ἐγένετο.
1825 1526 1898 1580 Τὸ

304 1608 442 1672 ὅλως
477 1611 894 1677 μεταποιεῖσθαι
928 1612 1245 1684 δυνάμενον,
1310 1616 1404 1669 καὶ
1460 1618 1568 1671 ἀπό
1619 1637 1763 1683 τινος
1816 1622 1896 1684 εἰς

304 1698 492 1769 ἕτερόν
542 1718 596 1754 τι
647 1704 1085 1777 παραφέρεσθαι,
1133 1707 1375 1778 τρεπτῆς
1417 1709 1484 1763 ἂν
1533 1711 1619 1781 εἴη
1658 1712 1892 1780 φύσεως.

304 1790 369 1843 Εἰ
398 1791 455 1846 δὲ
480 1796 741 1866 τρεπτῆς,
770 1795 930 1867 δῆλον
984 1798 1066 1852 ὅτι
1120 1798 1212 1852 καὶ
1240 1801 1476 1871 γενητῆς
1502 1845 1515 1869 ,
1573 1798 1643 1873 ἦς
1686 1804 1815 1859 ἴδιον
1859 1808 1890 1877 ἡ

303 1885 501 1953 τροπή.

788 2001 944 2068 Πρὸς
991 2002 1166 2057 τοῦτο
1206 2005 1410 2071 λύσις.

377 2109 600 2179 Πρῶτον
633 2112 730 2181 μὲν
760 2106 855 2165 οῦν
881 2114 1149 2184 προσήκει
1204 2116 1294 2170 τὸν
1351 2119 1431 2182 εἰς
1489 2118 1719 2192 ἔρευναν
1784 2123 1893 2177 τῶν

301 2203 463 2255 θείων
511 2202 854 2256 εἰσϐαἰνοντα
907 2205 1162 2275 Γραφῶν,
1212 2208 1303 2261 τὸν
1362 2211 1552 2281 καιρὸν
1607 2214 1890 2285 ἐπιτηρεῖν

305 2293 425 2346 καθ’
451 2294 510 2345 ὃν
539 2293 757 2361 λέγεται
803 2294 864 2347 τὸ
889 2297 1246 2368 δηλούμενον,
1310 2302 1404 2354 καὶ
1440 2303 1733 2371 πρόσωπον
1759 2308 1891 2378 παρ’

302 2381 386 2446 οὗ,
417 2384 450 2453 ἢ
485 2385 550 2437 δι’
588 2378 671 2447 οὗ,
707 2385 739 2455 ἣ
770 2386 899 2454 περὶ
938 2382 999 2441 οὗ
1040 2388 1277 2453 λέγεται·
1308 2391 1450 2444 οὕτω
1482 2395 1592 2464 γὰρ
1622 2394 1688 2447 ἂν
1718 2395 1892 2449 ἀπλα-

307 2476 404 2545 νὴς
438 2478 468 2544 η
501 2476 708 2529 διάνοια
736 2477 1032 2548 φυλαχθείη
1068 2483 1180 2543 τοῖς
1212 2481 1388 2551 ὀρθῶς
1427 2483 1673 2537 ἐθέλουσι
1726 2489 1888 2542 νοεῖν.

308 2566 635 2635 Γνωσόμεθα
667 2567 767 2637 μὲν
800 2563 893 2620 οὖν
934 2568 996 2621 τὸ
1033 2570 1140 2623 ἀπὸ
1186 2571 1280 2624 τοῦ
1334 2574 1528 2643 καιροῦ
1577 2578 1892 2647 χρήσιμον,

305 2656 415 2708 τῶν
442 2658 611 2725 ἁγίων
632 2659 949 2714 ἀποστόλων
997 2661 1288 2727 ἀκούοντες
1332 2664 1600 2733 λεγόντων
1634 2669 1856 2740 Χριστῷ
1877 2688 1891 2702 ο

310 2765 329 2797 t
369 2748 504 2800 Πότε
526 2749 699 2802 ταῦτα
728 2750 902 2813 ἔσται,
935 2753 1030 2804 καὶ
1059 2752 1111 2804 τί
1136 2754 1196 2806 τὸ
1222 2758 1447 2826 σημεῖον
1487 2759 1584 2827 τῆς
1610 2759 1709 2827 σῆς
1747 2777 1895 2831 παρ-

300 2839 521 2903 ουσίας;
563 2859 581 2891 ι
628 2842 721 2893 Ἐκ
745 2841 802 2895 δὲ
832 2842 1021 2913 τοῦμὴ
1045 2843 1243 2897 εἰδέναι
1265 2847 1478 2916 καιρὸν,
1504 2848 1895 2921 ἐζημιώθησαν

304 2932 358 2982 οἰ
388 2934 515 3001 περὶ
551 2932 840 3002 Ὑμέναιον
872 2935 966 2989 καὶ
1019 2935 1384 3008 Ἀλέξανδρον,
1411 2939 1729 3008 νομίσαντες
1760 2943 1891 2995 ἀνά-

308 3035 497 3072 στασιν
525 3020 625 3092 ῆδη
664 3023 970 3090 γεγονέναι,
1019 3026 1110 3078 καὶ
1159 3026 1316 3080 τοῦτο
1360 3028 1629 3097 λέγοντες.
1686 3032 1806 3084 Ὅτι
1836 3033 1893 3087 δὲ

307 3111 415 3163 τῶν
438 3110 745 3181 προσώπων
800 3114 1074 3184 ἀναγκαία
1117 3118 1210 3170 καὶ
1262 3119 1611 3191 ἐπωφελὴςή
1652 3122 1889 3189 γνῶσις,

1999 629 2157 690 typus
2189 621 2479 693 imaginem
2522 624 2709 680 refert.

1999 905 2069 960 In
2105 907 2306 961 dictum
2340 908 2474 961 illud
2519 908 2675 963 Pauli
2702 925 2720 963 :
2747 927 2770 960 ς
2797 907 2951 965 Sedet
2987 909 3041 962 in
3071 909 3285 962 dextera
3318 910 3576 973 magnitu-

2087 977 2227 1031 dinis
2254 978 2309 1031 iu
2332 979 2574 1044 excelsis,
2603 988 2751 1035 tanta
2775 978 2959 1035 melior
2981 978 3153 1046 [actus
3171 979 3388 1048 angelis
3412 981 3480 1035 ⁷⁸.
3515 999 3535 1030 ι

2070 1152 2172 1219 Qui
2201 1154 2494 1209 essentiam
2533 1154 2691 1211 Verbi
2742 1156 2841 1212 Dei
2892 1154 3218 1212 calumniari
3268 1155 3496 1219 audent,
3526 1166 3579 1215 et

1998 1241 2193 1298 Filium
2228 1245 2368 1301 inter
2391 1253 2677 1300 creaturas
2698 1245 2945 1315 redigere
2969 1255 3260 1313 conantur,
3294 1245 3579 1298 veritatem

2000 1334 2370 1392 adulterantes
2400 1338 2474 1390 ita
2509 1338 2702 1392 aiunt:
2735 1338 2791 1393 Si
2828 1338 2998 1393 Filius
3039 1337 3221 1394 factus
3262 1346 3349 1393 est
3391 1338 3581 1390 melior

2000 1425 2247 1497 angelis;
2274 1444 2406 1498 ergo
2440 1442 2507 1483 ex
2545 1430 2846 1485 mutatione
2879 1431 2933 1485 iu
2963 1429 3156 1485 melius
3212 1429 3263 1484 id
3292 1437 3578 1483 consecu-

2001 1525 2087 1572 tus
2115 1526 2199 1572 est
2231 1534 2243 1570 :
2278 1517 2451 1575 iactus
2477 1520 2622 1575 enim
2652 1530 2757 1586 est,
2790 1520 2934 1590 quod
2962 1536 3068 1577 non
3099 1530 3239 1575 erat.
3273 1519 3425 1586 Quod
3454 1533 3579 1573 vero

2001 1606 2053 1660 in
2100 1607 2415 1664 universum
2462 1611 2657 1663 mutari
2711 1619 2890 1680 potest
2943 1618 2998 1665 et
3056 1625 3120 1665 ex
3170 1624 3279 1663 uno
3336 1608 3389 1662 in
3434 1608 3581 1661 aliud

1999 1697 2305 1763 transferri,
2341 1700 2617 1756 mutabilis
2641 1709 2845 1755 natura:
2872 1700 2963 1767 sit,
3001 1714 3223 1756 necesse
3253 1710 3358 1754 est.
3394 1697 3451 1755 Si
3487 1712 3579 1752 re.-

2000 1803 2061 1844 ro
2112 1790 2386 1846 mutabilis
2429 1801 2636 1847 natura:
2693 1801 2796 1858 est,
2846 1793 2951 1848 erit
3009 1797 3173 1847 etiam
3216 1801 3437 1859 creata},
3492 1791 3577 1848 cui

1924 1891 1968 1946 Β
1995 1881 2213 1951 propria
2247 1890 2334 1938 est
2361 1884 2612 1939 mutatio.

2513 1992 2721 2049 Salutio
2746 1994 3076 2062 objectionit.

2065 2115 2306 2170 Primum
2334 2110 2552 2182 quidem
2590 2116 2808 2178 oportet
2859 2124 2981 2163 eum
3034 2109 3124 2177 qui
3179 2109 3245 2163 ad
3286 2106 3579 2177 investiga-

1997 2207 2195 2264 tionem
2227 2217 2505 2260 sacrarum
2558 2200 2966 2270 Scripturarum
3013 2198 3247 2264 accedit,
3282 2199 3579 2253 observare

1997 2308 2207 2367 tempus
2259 2310 2365 2365 quo
2394 2293 2599 2364 aliquid
2653 2293 2876 2358 dicitur,
2933 2301 2989 2346 et
3038 2306 3328 2362 personam
3359 2304 3386 2345 ο
3424 2306 3529 2361 qua
3561 2333 3577 2357 ,

1994 2402 2214 2463 propter
2245 2392 2395 2461 quid,
2431 2397 2486 2445 et
2518 2389 2585 2443 de
2615 2402 2722 2457 quo
2759 2387 2958 2443 dicitur
2982 2402 2999 2442 :
3024 2387 3098 2442 ita
3133 2387 3277 2441 enim
3308 2386 3405 2455 qui
3431 2393 3577 2438 recte

1997 2483 2203 2536 sentire
2250 2481 2455 2546 velint,
2500 2481 2639 2534 citra
2692 2477 2856 2532 ullum
2890 2481 3157 2533 errorem
3205 2492 3325 2547 quae
3375 2475 3577 2544 scripta

1997 2582 2125 2627 sunt
2156 2572 2481 2641 inlelligent.
2520 2570 2805 2640 Temporis
2837 2570 3022 2640 itaque
3055 2568 3345 2623 utilitatem
3379 2581 3578 2637 cogno-

1997 2678 2234 2728 scemus,
2264 2678 2387 2718 cum
2431 2664 2713 2720 audiemus
2758 2672 2981 2718 sanctos
3027 2659 3301 2732 apostolos
3326 2659 3392 2713 ad
3418 2658 3580 2713 Chri-

1997 2761 2139 2807 stum
2187 2752 2428 2807 dicentes
2471 2768 2485 2803 :
2521 2770 2539 2803 t
2589 2751 2814 2817 Quando
2847 2750 2963 2805 haec
3016 2758 3195 2815 erunt,
3243 2757 3298 2804 et
3329 2749 3471 2818 quod
3506 2749 3582 2802 si-

1996 2857 2160 2913 gnum
2188 2853 2273 2898 est
2320 2844 2397 2898 tui
2438 2844 2705 2899 adventus
2746 2842 2840 2897 7‘?
2878 2862 2896 2894 ι
2956 2840 3277 2913 Hymenaeus
3328 2842 3490 2895 etiam
3526 2850 3580 2893 et

1996 2935 2301 2991 Alexander
2336 2947 2556 3006 propter
2598 2935 2966 3004 ignorantiam
3006 2934 3266 3003 temporis
3302 2943 3579 2990 errarunt.

1996 3039 2303 3086 asserentes
2329 3030 2787 3085 resurrectionem
2815 3030 2926 3098 jam
2960 3029 3159 3085 factam
3198 3044 3320 3084 esse
3339 3028 3407 3083 ⁷⁷.
3428 3027 3578 3094 Quod

1994 3138 2127 3179 vero
2188 3139 2545 3194 personarum
2582 3125 2772 3180 notitia
2816 3124 3126 3179 necessaria
3179 3122 3441 3191 utilisque
3485 3122 3577 3179 sit.

308 3202 566 3272 εἰσόμεθα
584 3205 768 3268 πάλιν,
786 3206 914 3260 ὅταν
934 3208 964 3259 ὁ
978 3208 1243 3279 Εὐνοῦχος
1267 3211 1401 3281 λέγῃ
1419 3212 1559 3283 πρὸς
1585 3213 1851 3267 Φίλιππον
1872 3234 1884 3245 -

2000 3231 2056 3271 ett
2107 3231 2173 3270 eo
2219 3216 2607 3286 intelligemus,
2667 3231 2787 3270 cum
2825 3217 3108 3270 eunuchus
3154 3216 3219 3268 ad
3270 3212 3577 3281 Philippum

314 3312 337 3343 ι
370 3295 567 3364 Δέομαί
598 3313 713 3359 σου,
740 3298 869 3368 περὶ
889 3300 1033 3363 τίνος
1053 3303 1080 3354 6
1104 3304 1385 3373 προφήτης
1415 3303 1584 3373 λέγει,
1611 3308 1737 3376 περὶ
1762 3308 1889 3360 ἑαυ-

305 3387 458 3457 τοῦῆ
513 3388 640 3459 περί
679 3388 866 3461 ἑτέρου
913 3393 1095 3459 τινός;
1139 3414 1158 3446 ι
1195 3394 1331 3464 ἢὼς
1385 3398 1513 3449 ὅταν
1558 3399 1587 3450 6
1622 3400 1891 3470 μακάριος

309 3478 539 3542 Παῦλος,
566 3480 661 3533 τοῦ
691 3482 940 3554 Σωτῆρος
966 3485 1025 3537 τὸ
1056 3485 1345 3555 πρόσωπον
1384 3489 1731 3560 εἰσφέρεσθαι
1768 3491 1890 3561 βου-

307 3569 548 3639 λόμενος,
586 3572 740 3644 λέγῃ.
780 3595 797 3625 ε
847 3574 962 3644 Ἐφ’
990 3576 1049 3629 δν
1075 3576 1180 3650 γὰρ
1231 3577 1447 3646 λέγεται
1491 3581 1683 3644 ταῦτα,
1719 3582 1892 3653 φυλῆς

309 3662 503 3732 ἑτέρας
528 3664 853 3735 μετέσχηκε.
898 3667 1169 3739 Πρόδηλον
1199 3668 1326 3740 γάρ,
1355 3671 1436 3723 ὅτι
1462 3671 1521 3735 ἐξ
1563 3672 1731 3726 Ἰούδα
1757 3675 1891 3727 ἀνα-

308 3752 567 3805 τέταλκεν
601 3756 630 3805 6
662 3755 883 3826 Κύριος.
920 3776 938 3808 ι
998 3757 1121 3810 Ὅτι
1166 3759 1223 3811 δὲ
1266 3761 1358 3813 καὶ
1414 3761 1475 3814 τὸ
1524 3764 1756 3833 πρᾶγμα
1817 3762 1889 3834 μὴ

309 3847 523 3913 ἀγνοεῖν
560 3849 878 3915 ἀναγκαῖον,
901 3849 1150 3902 ἐντεῦθεν
1178 3850 1331 3905 ἔσται
1363 3855 1693 3922 καταφανές.
1722 3856 1892 3911 Ὅταν

310 3936 417 4009 γάρ
451 3938 500 3990 οἱ
528 3938 802 4008 προφῆται
823 3938 893 3993 τὰ
908 3941 1037 4010 περὶ
1055 3940 1157 3994 τοῦ.
1172 3943 1423 4015 Σωτῆρος
1449 3946 1889 4016 προκηρύττωσι,

311 4030 404 4081 καὶ
437 4030 465 4081 6
496 4030 595 4099 μὲν
621 4029 775 4101 λέγῃ·
803 4049 823 4081 ι
869 4031 999 4084 Ἰδοὺ
1034 4032 1067 4102 ἡ
1111 4033 1382 4103 παρθένος
1410 4039 1469 4090 ὲν
1492 4038 1694 4109 γαστρὶ
1717 4038 1885 4102 ἕξεσι

312 4119 537 4188 ἑτέρωθι
559 4120 614 4172 δὲ
653 4122 834 4183 πάλιν,
874 4140 892 4171 t
916 4122 1001 4184 Ὡς
1027 4123 1297 4193 πρόϐατον
1320 4126 1413 4178 ἐπὶ
1445 4127 1659 4198 σφαγὴν
1691 4128 1885 4198 ῆχθηοι

312 4210 405 4262 καὶ
440 4210 745 4280 μὴηκυρίως
767 4213 837 4265 τὰ
866 4213 1089 4268 τοιαῦτα
1116 4217 1302 4286 νοῆται
1332 4219 1460 4289 περὶ
1492 4220 1761 4289 Χριστοῦ,
1796 4238 1893 4293 μα-

313 4300 451 4371 κράν
490 4318 593 4353 που
647 4302 747 4374 τῆς
783 4303 1040 4375 ἀληθείας
1076 4306 1104 4357 6
1155 4306 1278 4371 νοῦς
1308 4310 1609 4379 οἰχήσεται,
1653 4314 1746 4365 καὶ
1783 4313 1892 4366 τῶν

311 4391 550 4443 εὐσεϐῶν
576 4394 1040 4462 έκπετασθήσεται
1056 4397 1362 4465 νοημάτων.
1396 4396 1696 4466 Ἀναγκαία
1718 4401 1893 4455 τοίνυν

309 4480 418 4533 τῶν
446 4481 749 4551 εἰρημένων
775 4482 807 4551 ὴ
837 4484 1181 4555 ὲπιτήρησις.
1225 4485 1695 4556 Ἐπιτηρηθέντων
1717 4490 1893 4543 τοίνυν

1997 3307 2110 3360 ait:
2147 3325 2165 3357 ι
2192 3305 2301 3361 Oro
2336 3315 2408 3371 te,
2444 3306 2511 3361 de
2536 3321 2645 3377 quo
2676 3306 2919 3375 loquitur
2949 3307 3214 3375 propheta
3245 3304 3269 3357 ?
3301 3306 3367 3357 de
3401 3305 3579 3374 seipSo

1998 3408 2091 3452 aut
2124 3398 2189 3453 de
2209 3398 2316 3454 alio
2343 3398 2524 3469 aliquo
2553 3398 2643 3453 ’8?
2682 3418 2700 3451 ι
2733 3399 2837 3452 Αιιι
2868 3399 3089 3467 quando
3136 3397 3333 3451 Paulus
3379 3397 3580 3450 Serva-

2000 3490 2131 3542 toris
2147 3487 2434 3557 personam
2461 3490 2682 3560 intelligi
2718 3489 2924 3552 volens,
2945 3489 3115 3543 dicit:
3149 3507 3166 3539 ι
3206 3486 3279 3541 De
3303 3504 3409 3556 quo
3433 3488 3576 3541 enim

1999 3579 2115 3633 haec
2158 3579 2439 3643 dicuntur,
2488 3578 2533 3631 is
2568 3579 2635 3633 de
2677 3578 2781 3631 alia
2827 3577 2967 3631 tribu
3003 3586 3101 3632 est.
3135 3576 3474 3631 Manifestum
3498 3590 3579 3632 εει

1998 3671 2139 3741 quod
2179 3687 2245 3725 ex
2276 3670 2410 3726 Jnda
2442 3679 2597 3726 ortus
2633 3679 2713 3725 est
2753 3670 3014 3724 Dominus
3045 3671 3113 3725 ".
3154 3689 3172 3720 ι
3207 3668 3360 3736 Quod
3399 3678 3579 3723 autem

2000 3776 2219 3817 necesse
2258 3763 2329 3815 sit
2364 3778 2475 3816 rom
2511 3762 2682 3832 ipsam
2710 3778 2815 3817 non
2850 3763 3124 3832 ignorare.
3176 3761 3301 3816 inde
3342 3769 3579 3816 constat.

2000 3853 2226 3919 Quando
2262 3854 2405 3907 enim
2462 3855 2739 3923 propheta:
2768 3892 2784 3917 ,
2821 3866 2941 3920 quae
2976 3852 3042 3905 ad
3080 3852 3357 3904 Christum
3413 3852 3579 3919 perti-

2002 3956 2151 4008 nent,
2214 3946 2536 4013 praedicunt,
2578 3955 2744 4015 atque
2782 3938 2884 3998 hic
2910 3944 3143 4012 quidem
3170 3943 3304 3997 dicit
3344 3959 3356 3994 :
3392 3961 3409 3993 t
3442 3942 3582 3997 Ecce

2003 4035 2167 4105 200
2214 4036 2365 4103 virgo
2415 4035 2467 4088 in
2516 4046 2673 4089 utero
2724 4033 2998 4102 concipiet
3040 4033 3121 4098 '°;
3176 4050 3194 4083 ι
3224 4032 3350 4087 alibi
3391 4047 3519 4086 vero
3567 4050 3579 4085 :

2007 4145 2025 4175 ι
2058 4125 2207 4179 Stcut
2235 4125 2352 4179 ovis
2403 4124 2595 4178 ductus
2635 4124 2701 4177 ad
2728 4122 3055 4178 occisionem
3093 4121 3161 4186 ⁸⁸,
3188 4140 3205 4172 ι
3238 4120 3339 4175 nisi
3368 4122 3583 4191 proprie

2002 4216 2117 4272 haec
2154 4217 2219 4271 de
2248 4215 2468 4271 Christo
2502 4214 2899 4284 intelligantur,
2954 4227 3151 4267 sensus
3210 4212 3365 4282 longe
3413 4227 3441 4264 a
3487 4228 3580 4263 νεα

2004 4309 2163 4363 ritate
2185 4308 2485 4372 aherrabit,
2536 4317 2590 4360 et
2629 4323 2658 4359 ιι
2693 4306 2795 4375 piis
2841 4305 3018 4375 cogita
3039 4303 3276 4357 tionibus
3310 4303 3578 4357 deﬂectet.

2001 4401 2317 4457 Necessaria
2349 4400 2514 4468 igitur
2543 4404 2625 4453 est
2649 4412 2836 4452 eorum
2879 4411 2998 4465 qua:
3040 4394 3295 4449 dicuntur
3335 4393 3583 4449 conside‘

2004 4495 2162 4549 ratio.
2198 4491 2403 4561 Siquis
2436 4505 2565 4561 ergo
2603 4497 2853 4544 accurate
2897 4488 3297 4542 animadvertat
3344 4498 3577 4556 tempus,

311 4573 555 4645 ἀκριϐῶς
586 4572 803 4646 καιροῦ,
865 4575 959 4628 καὶ
1002 4576 1336 4647 προσώπου,
1390 4580 1485 4634 κει)⁸
1537 4581 1893 4650 πράγματος,

2001 4599 2313 4653 personam,
2343 4590 2398 4635 et
2431 4596 2564 4647 rem,
2624 4582 2724 4635 hoc
2753 4596 2781 4633 a
2820 4579 2987 4634 Paulo
3032 4578 3238 4633 dictum
3277 4592 3401 4632 esse
3429 4593 3579 4632 com--

311 4665 663 4736 εὐρεθήσεται
711 4665 880 4718 ταῦτα
924 4666 1099 4735 λέγων
1145 4670 1172 4719 6
1224 4669 1454 4735 Παῦλος,
1500 4671 1579 4724 ὅτι
1642 4672 1707 4725 δι’
1747 4675 1895 4744 ἡμᾶς
1934 4652 1963 4687 ’

312 4756 731 4829 ὲνηνθρώπησεν
755 4758 783 4809 6
810 4756 904 4811 τοῦ
934 4758 1069 4812 Θεοῦ
1115 4760 1306 4828 Λόγος,
1339 4763 1425 4815 ὅτε
1468 4764 1574 4816 τῶν
1610 4766 1895 4837 ἁμαρτιῶν

312 4846 467 4916 ἡμῶν
497 4845 837 4917 καθαρισμὸν
859 4847 1223 4918 ποιησάμενος
1256 4850 1508 4904 ἐκάθισεν
1533 4855 1590 4905 ὲν
1618 4854 1765 4927 δεξιᾷ
1794 4858 1894 4928 τῆς

315 4938 705 5010 μεγαλωσύνης
731 4942 800 4992 ὲνο
848 4939 1092 5011 ὑψηλοῖς,
1124 4944 1241 4995 τότε
1269 4943 1531 5012 κρείττων
1558 4948 1749 5015 γέγονε
1786 4950 1893 5002 τῶν

311 5030 577 5097 ἀγγέλωνο
606 5032 667 5083 οὐ
695 5032 793 5101 τὴν
821 5033 982 5101 φύσιν
1017 5034 1095 5096 εἰς
1146 5034 1333 5107 ἕτερόν
1372 5055 1422 5090 τι
1477 5040 1820 5109 μεταϐαλὼν,
1858 5042 1892 5112 ἢ

310 5123 446 5190 ὅπερ
471 5123 568 5175 οὐκ
591 5123 665 5177 ὢν
692 5124 942 5193 φαίνεται
976 5126 1261 5197 πρότερον,
1291 5127 1517 5201 ὕστερον
1552 5132 1812 5201 γεγονώς·
1834 5134 1893 5186 οὐ

312 5210 420 5279 γάρ
446 5214 573 5283 περὶ
599 5214 695 5284 τῆς
727 5214 945 5283 φύσεως
964 5217 1058 5269 τοῦ
1096 5218 1225 5271 Υἰοῦ
1260 5220 1354 5273 νῦν
1381 5224 1408 5274 6
1450 5222 1608 5291 λόγος
1650 5226 1766 5277 ἐστὶ
1818 5225 1896 5295 τῷ

316 5304 531 5373 Παύλῳ,
564 5306 698 5359 ἀλλὰ
734 5309 865 5379 περὶ
907 5310 1233 5381 πράγματος
1266 5316 1560 5386 γενομένου
1614 5318 1671 5370 ὲν
1717 5318 1896 5390 καιρῷ

313 5396 410 5464 τῆς
443 5396 929 5469 ἐνανθρωπήσεως.
973 5402 1183 5455 Οὐκοῦν
1222 5405 1282 5456 οὐ
1339 5410 1405 5477 τῇ
1452 5408 1610 5476 φύσει
1662 5410 1773 5463 τῶν
1802 5411 1899 5479 ἀγ·-

314 5486 486 5553 γὲλων
512 5486 615 5559 τὴν
629 5489 723 5542 τοῦ
752 5490 880 5543 Υἰοῦ
917 5492 1076 5561 φύσιν
1097 5495 1481 5565 συγκρίνεσθαι
1505 5499 1695 5567 θέλων,
1717 5500 1899 5572 κρείτ·

315 5594 439 5630 τονα
487 5578 596 5631 τῶν
651 5580 900 5649 ἀγγέλων
959 5583 1122 5636 αὐτὴν
1154 5586 1481 5656 γεγενῆσθαί
1514 5607 1703 5662 φησιν,
1764 5592 1898 5647 ἀλλὰ

404 5736 447 5766 ’³
480 5736 639 5790 lleltt'.
676 5755 712 5796 t.
745 5740 798 5800 5,
834 5739 881 5791 4.

970 5742 1014 5769 ⁷⁸
1047 5740 1233 5813 Matth.
1268 5760 1411 5813 sxw,
1444 5749 1495 5805 5.

318 5806 362 5839 ⁸⁸
394 5803 500 5860 lsa.
540 5823 629 5872 \‘il,
671 5807 751 5861 li.

833 5810 873 5839 δι
913 5807 1014 5864 lsa.
1049 5827 1165 5878 LIII,
1202 5812 1253 5866 7.

1588 5754 1629 5781 ⁷ῖ
1657 5750 1699 5805 ll
1732 5752 1866 5808 Tim.
1906 5769 1967 5822 tt,
2014 5754 2096 5821 l7,
2140 5756 2227 5810 18.Δ

2001 4677 2194 4748 periet,
2224 4676 2459 4730 Verbum
2516 4673 2608 4729 Dei
2644 4683 2865 4743 propter
2918 4687 3016 4728 nos
3054 4673 3398 4726 ittcarnatum
3436 4686 3579 4734 esse,

2005 4768 2220 4837 quando
2267 4766 2507 4836 purgatis
2550 4766 2787 4835 peccatis
2833 4765 3034 4820 nostris
3084 4764 3225 4819 sedit
3266 4764 3318 4817 in
3360 4764 3582 4816 dextera

2004 4857 2305 4929 maiestatis
2337 4858 2388 4912 in
2416 4859 2687 4923 excelsis;
2742 4866 2868 4911 tunc
2911 4856 3102 4911 melior
3150 4855 3358 4926 angelis
3400 4854 3577 4908 factus

2002 4960 2085 5007 est
2118 4971 2131 5005 :
2171 4968 2276 5005 non
2320 4961 2511 5005 natura
2558 4952 2726 5019 ipsius
2755 4951 2807 5004 in
2847 4951 2991 5004 aliud
3019 4948 3299 5019 quidpiam
3350 4956 3592 5011 mutata,

2004 5052 2097 5098 aut
2125 5044 2267 5112 quod
2308 5052 2469 5098 antea
2508 5059 2613 5096 non
2645 5051 2763 5097 erat
2789 5085 2802 5108 ,
2848 5051 3034 5109 postea
3081 5040 3348 5104 etl‘ectus;
3400 5052 3576 5107 neque

2002 5137 2145 5191 enim
2172 5135 2370 5189 Paulus
2407 5150 2550 5189 nunc
2584 5136 2647 5187 de
2675 5143 2863 5188 natura
2902 5131 3026 5185 Filii
3073 5131 3336 5201 loquitur,
3392 5130 3487 5184 sed
3528 5133 3592 5185 du

2006 5241 2064 5282 re
2093 5242 2212 5296 quae
2240 5227 2379 5280 facta
2410 5235 2494 5279 est
2527 5234 2773 5294 tempore
2818 5222 3232 5277 incarnationis.
3259 5221 3378 5277 No'u
3415 5221 3581 5292 igitur

2005 5326 2255 5373 naturam
2286 5316 2410 5370 Filii
2470 5329 2590 5370 cum
2651 5323 2841 5368 natura
2890 5312 3203 5383 angelorum
3263 5326 3585 5382 comparare

2007 5408 2214 5473 volens,
2241 5406 2677 5478 praestantiorem
2719 5405 3123 5477 ipsuntangelis
3169 5404 3425 5461 effectum
3466 5417 3588 5462 esse

2008 5501 2105 5565 ait,
2137 5502 2233 5557 sed
2265 5514 2351 5556 res
2383 5509 2543 5570 atque
2595 5499 2840 5555 actiones
2890 5498 3031 5553 inter
3059 5513 3121 5553 se
3152 5505 3455 5568 comparat,
3498 5506 3585 5552 at-

2006 5608 2112 5664 que
2142 5594 2243 5649 hac
2273 5593 2481 5649 ratione
2511 5590 2946 5662 praestantiorem
2985 5589 3189 5645 factum
3217 5604 3338 5647 esse
3392 5588 3584 5649 Filium

2324 5754 2366 5784 ⁷⁸
2397 5755 2512 5809 Act.
2554 5768 2666 5816 \‘lii,
2700 5752 2789 5807 3i.
2877 5750 2921 5782 '9
2961 5748 3123 5806 llebr.
3174 5765 3268 5817 vn,
3320 5750 3380 5805 15
3408 5792 3423 5821 ,
3505 5748 3590 5806 Η.
