4124 6508
1637 382 2014 444 ε.’‹;γιιιι.ι.ι
2052 388 2531 451 ΑιιΕχΑΝυιιιΝι
2568 389 2876 448 ARCHIEP
2901 438 2921 462 ,

3810 392 3927 452 3w

602 508 859 567 ostendit.
894 506 991 565 Est
1021 520 1155 564 vero
1181 506 1274 563 hic
1327 504 1459 562 dicti
1508 518 1703 563 sensus
1761 525 1777 561 :
1824 505 2022 562 Paulus
2059 521 2184 562 eum

2288 509 2636 580 πραγμάτων
2700 511 2937 563 ποιεῖται
2995 506 3329 582 σύγκρισινσ
3374 510 3473 567 καὶ
3522 512 3682 568 κατὰ
3739 512 3923 567 τοῦτο

605 599 845 655 Hebraeis
862 600 1158 665 disserens,
1180 612 1487 669 magnaque
1518 596 1772 653 libertate
1798 598 2182 653 demonstrare

603 689 797 745 volens
845 688 1212 744 ministerium
1258 687 1461 743 Christi
1506 687 1858 757 praestantius
1908 687 2078 743 fuisse
2129 695 2185 743 et

603 782 990 851 prophetarum
1020 780 1282 836 missione
1325 788 1382 835 et
1405 778 1881 835 administratione
1921 779 2057 850 legis
2084 794 2185 850 per

601 875 825 945 angelos
869 875 1038 939 iacta,
1076 888 1144 929 ex
1184 872 1444 942 dignitate
1489 886 1853 941 personarum
1891 884 2181 944 compara-

606 968 806 1023 tionem
839 966 991 1031 facit,
1018 974 1074 1021 et
1102 965 1316 1037 inquit:
1354 982 1374 1016 ι
1408 963 1549 1021 Olim
1583 963 1726 1019 Deus
1749 964 1979 1034 loquens
2013 963 2179 1034 patri-

604 1059 706 1115 bus
747 1059 803 1115 in
860 1058 1165 1129 prophetis,
1210 1056 1525 1113 novissimis
1573 1057 1693 1113 istis
1740 1055 1929 1111 diebus
1971 1055 2184 1110 locutus

602 1162 688 1209 est
718 1151 957 1209 nobisin
1005 1150 1164 1215 Filio,
1190 1165 1349 1222 quem
1399 1149 1683 1206 constituit
1735 1148 2008 1204 haeredem
2057 1148 2182 1202 uni-

603 1260 907 1311 versorum,
945 1258 1042 1316 per
1074 1259 1234 1314 quem
1275 1242 1404 1299 fecit
1429 1252 1484 1297 et
1527 1242 1750 1299 saecula.
1807 1240 1909 1308 Qui
1950 1255 2075 1296 cum
2108 1242 2183 1296 sit

604 1338 859 1406 splendor
908 1336 1134 1407 gloriae,
1191 1345 1248 1390 et
1292 1335 1581 1389 character
1637 1331 1965 1387 substantia:
2013 1331 2133 1401 eius
2161 1370 2178 1396 ,

605 1439 935 1500 portansque
965 1429 1149 1484 omnia
1178 1426 1355 1483 Verbo
1386 1426 1602 1481 virtutis
1626 1440 1756 1489 suae,
1793 1424 2176 1494 purgationem

606 1528 948 1590 peccatorum
985 1519 1210 1583 faciens,
1239 1518 1392 1573 sedet
1434 1517 1502 1571 ad
1540 1517 1821 1571 dexteram
1876 1514 2182 1585 maiestatis

605 1616 658 1668 in
686 1612 914 1669 excelsis
944 1611 1014 1667 ".
1070 1630 1089 1663 ι
1138 1611 1273 1666 Cum
1324 1611 1487 1679 igitur
1534 1619 1735 1663 tantam
1777 1607 2004 1677 gloriam
2043 1607 2183 1663 Filio

602 1704 860 1769 ascribit,
892 1712 948 1758 et
994 1717 1114 1773 quae
1153 1710 1364 1756 natura:
1417 1700 1598 1755 Patris
1636 1699 1852 1768 propria
1907 1708 2036 1754 sunt
2080 1697 2181 1767 ipsi

524 1809 528 1813 ‘
601 1793 978 1847 accommodat
1018 1808 1034 1845 :
1069 1803 1199 1846 tunc
1233 1791 1384 1845 illum
1417 1798 1569 1844 tanto
1603 1790 2042 1858 praestantiorem
2084 1805 2183 1843 an-

2283 598 2569 669 κρείττονα
2610 598 2705 652 τὸν
2752 598 2881 653 Υίδν
2936 599 3189 668 γενέσθαι
3246 600 3430 671 φησίν.
3463 602 3675 655 Ἔσται
3709 600 3786 654 δὲ
3819 600 3922 653 τοῦ

2283 690 2576 762 λεγομένου
2600 691 2840 756 τοιοῦτος
2867 692 2897 745 6
2928 691 3072 758 νοῦς-
3107 691 3167 747 '0
3198 693 3408 759 Παῦλος
3447 693 3750 765 Ἑϐραίοις
3795 694 3921 747 δια-

2284 782 2576 854 λεγόμενος
2620 785 2714 838 καὶ
2768 783 2907 853 μετὰ
2957 783 3162 855 πολλῆς
3212 786 3536 858 παρρησίας
3592 784 3919 849 ἀποδεῖξαι

2285 846 2593 945 βουληθεὶς,
2641 876 2723 929 ὅτι
2768 846 3042 945 κρείττων
3060 846 3211 930 ἐστὶν
3267 846 3602 949 η’)ξρισ-έοῦ
3639 846 3920 931 διακοξέα
4036 846 4037 913 ξ

2285 966 2381 1019 καὶ
2411 966 2511 1035 τῆς
2542 964 2655 1019 τῶν
2675 954 2977 1036 προφητῶν
3026 965 3335 1038 ἀποστολῆς
3362 968 3457 1022 καὶ
3489 965 3589 1022 τοῦ
3625 969 3917 1038 διακονη-

2286 1055 2469 1118 θέντος
2488 1056 2557 1110 δι’
2581 1056 2831 1125 ἀγγέλων
2889 1057 3081 1128 νόμου,
3136 1058 3245 1112 άπὸ
3286 1060 3385 1129 τῆς
3421 1060 3535 1113 τῶν
3565 1060 3915 1131 προσώπων

2282 1148 2437 1215 ἀξίας
2468 1151 2704 1204 ποιεῖται
2730 1149 2832 1221 τὴν
2858 1149 3169 1221 σύγκρισιν,
3202 1150 3297 1205 καί
3327 1168 3483 1223 φησι·
3519 1169 3542 1202 ‹
3572 1150 3775 1206 Πάλαι
3808 1150 3912 1205 λα·

2282 1238 2456 1310 λήσας
2492 1239 2523 1292 6
2568 1238 2703 1303 Θεὸς
2748 1241 2865 1302 τοῖς
2900 1240 3176 1312 πατράσιν
3215 1240 3376 1312 ἡμῶν
3428 1243 3487 1295 ἑν
3518 1244 3644 1306 τοῖς
3670 1244 3906 1313 προς-ῆς

2283 1346 2424 1394 ταις,
2475 1329 2563 1383 ἐπ’
2617 1330 2853 1401 ἐσχάτου
2901 1330 3012 1385 τῶν
3077 1332 3301 1403 ἡμερῶν
3366 1335 3579 1389 τούτων
3615 1333 3906 1403 ἐλάλησεν

2284 1424 2418 1495 ἡμῖν
2444 1423 2504 1476 ὲν
2535 1422 2670 1494 Υίῷ,
2700 1423 2760 1477 δν
2817 1423 2981 1494 ἔθηκε
3032 1424 3371 1497 κληρονόμον
3423 1426 3680 1493 πάντων,
3741 1427 3816 1480 δι’
3842 1422 3903 1481 οὗ

2283 1516 2379 1568 καὶ
2417 1516 2642 1584 ἐποίησε
2675 1514 2803 1580 τοὺς
2859 1515 3081 1579 αἰῶνας.
3131 1517 3228 1579 ’ος
3266 1514 3343 1569 ὢν
3395 1516 3769 1587 ἀπαύγασμα
3801 1519 3902 1589 τῆς

2282 1605 2441 1678 δόξης
2468 1608 2564 1661 καὶ
2585 1608 2874 1679 χαρακτὴρ
2898 1608 3000 1678 τῆς
3019 1607 3369 1673 ὑποστάσεως
3391 1609 3585 1675 αὐτοῦ,
3614 1615 3818 1681 φέρων
3840 1628 3897 1665 τε

2282 1699 2352 1753 τὰ
2380 1698 2558 1751 πάντα
2602 1697 2684 1768 τῷ
2738 1700 2943 1769 ῥήματι
2988 1700 3087 1771 τῆς
3141 1700 3429 1771 δυνάμεως
3477 1701 3679 1767 αὐτοῦ,
3721 1703 3895 1756 καθα-

2289 1790 2481 1861 ρισμὸν
2500 1789 2611 1843 τῶν
2638 1789 2927 1861 ἁμαρτιῶν
2948 1792 3337 1862 ποιησάμενος,
3356 1792 3619 1846 ἐκάθισεν
3651 1794 3719 1847 ὲν
3747 1794 3897 1865 δεξιᾷ

601 1884 734 1951 gulis
760 1884 965 1938 factum
989 1898 1107 1939 esse
1135 1886 1232 1949 ait,
1252 1893 1456 1953 quanto
1478 1884 1643 1938 etiam
1682 1882 2031 1951 praestantius
2060 1897 2172 1953 pra:

2282 1880 2373 1935 τοῦ
2400 1880 2591 1952 θρόνου
2622 1881 2724 1952 τῆς
2756 1880 3148 1953 μεγαλωσύνης
3169 1884 3227 1936 ὲν
3260 1883 3507 1955 ὑψηλοῖς.
3534 1904 3554 1936 ι
3593 1883 3896 1954 Τοσαύτην

604 1978 713 2033 illis
743 1992 941 2033 nomen
970 1986 1055 2032 est
1083 1976 1331 2046 adeptus,
1366 1983 1562 2045 utpote
1590 1974 1782 2039 Filius,
1817 1983 1873 2029 et
1898 1976 2094 2040 haeres,
2126 1982 2182 2029 et

599 2068 877 2139 splendor,
907 2076 964 2122 et
997 2068 1305 2130 character,
1346 2077 1402 2122 et
1426 2067 1625 2138 imago,
1650 2076 1707 2122 et
1732 2067 1786 2121 in
1815 2066 2011 2121 eodem
2037 2064 2178 2121 solio

599 2162 819 2227 sedens,
850 2169 908 2215 et
945 2170 1181 2215 creator.
1213 2160 1379 2229 Atqui
1401 2158 1445 2213 si
1477 2172 1576 2228 per
1622 2158 1739 2213 haec
1782 2156 1954 2211 multo
1999 2154 2182 2211 excel-

603 2249 803 2305 lentior
824 2249 1032 2319 angelis
1081 2260 1357 2316 censetur,
1404 2247 1757 2303 excellentior
1804 2248 1972 2301 etiam
2010 2245 2181 2315 ipsius

602 2342 711 2397 erit
744 2341 1145 2398 administratio
1178 2355 1338 2410 quam
1364 2341 1599 2395 illorum.
1645 2338 1781 2394 Cum
1812 2353 1941 2393 vero
1980 2338 2177 2393 dicitur

604 2431 781 2487 lactus
807 2447 950 2496 esse,
978 2446 1086 2486 non
1121 2429 1265 2501 quod
1299 2443 1364 2484 ex
1410 2428 1579 2483 nihilo
1626 2428 1691 2481 ad
1732 2441 1853 2482 esse
1898 2427 2184 2481 traductus

603 2522 677 2577 sit
714 2522 1055 2592 signiﬁcatur
1081 2522 1239 2591 (erat
1267 2520 1412 2575 enim
1453 2516 1684 2572 Verbum
1708 2517 1761 2571 in
1786 2517 2052 2584 principio
2086 2516 2181 2585 ⁸³),

605 2628 781 2683 neque
830 2614 973 2683 quod
1009 2629 1039 2667 a
1082 2612 1290 2667 minore
1321 2612 1374 2666 in
1420 2611 1596 2681 majus
1631 2617 1869 2664 mutatus
1910 2610 1981 2664 sit
2034 2608 2184 2679 (per-

604 2705 781 2760 lectus
837 2706 981 2759 enim
1016 2713 1099 2758 est
1149 2704 1324 2758 Filius
1364 2718 1431 2757 ex
1476 2703 1719 2773 perfecto
1792 2700 2045 2770 Patre),
2086 2697 2181 2753 sed

604 2794 747 2861 quod
771 2793 937 2849 veluti
961 2809 1024 2849 ex
1047 2791 1453 2862 comparatione
1478 2792 1663 2862 gloriae
1692 2800 1746 2845 et
1764 2788 2049 2859 dignitatis
2070 2803 2185 2841 ma-

597 2887 687 2954 jus
709 2886 937 2957 et201
970 2887 1148 2942 minus
1168 2895 1447 2958 appareat.
1493 2883 1964 2953 Quemadmodum
1993 2881 2038 2935 si
2059 2880 2184 2949 quis

601 2977 877 3035 hominem
914 2994 1056 3050 equo
1089 2980 1356 3045 conferat,
1395 2979 1541 3034 dicat
1570 2979 1730 3031 abeo
1777 2975 1868 3044 qui
1896 2972 2184 3028 aestimarit

601 3070 877 3127 hominem
907 3072 1343 3143 praestantiorem
1385 3070 1610 3133 factum,
1665 3068 1793 3137 quia
1842 3068 1913 3121 sit
1954 3064 2184 3121 rationis

602 3166 894 3235 particeps.
943 3163 1079 3218 Nam
1112 3163 1256 3233 quod
1288 3162 1391 3216 hoc
1418 3159 1641 3214 verbum
1667 3159 1785 3226 ﬁeri
1836 3173 1939 3213 non
1968 3169 2185 3224 semper

606 3226 829 3312 natura;
865 3226 1221 3311 mutationem
1280 3251 1575 3320 signiﬁcet,
1622 3250 1968 3305 manifestum
2023 3226 2253 3301 fueritc

602 3367 670 3405 ex
708 3349 910 3403 Davide
940 3347 1155 3403 dicente
1183 3346 1251 3401 ad
1287 3345 1454 3400 Deum
1486 3363 1500 3398 :
1530 3360 1549 3394 ι
1583 3342 1707 3398 Fias
1738 3342 1866 3396 mihi
1919 3342 1972 3395 in
2018 3341 2185 3395 Deum

603 3451 976 3512 protectorem
1003 3440 1089 3507 “;
1118 3458 1137 3492 ι
1163 3448 1219 3494 et
1259 3453 1475 3493 rursum
1500 3452 1515 3491 :
1555 3455 1573 3488 ι
1598 3435 1799 3492 Factus
1813 3445 1893 3490 est
1918 3433 2053 3489 mihi
2077 3432 2186 3487 Do-

605 3534 787 3587 minus
811 3530 864 3585 in
887 3528 1119 3585 salutem
1143 3527 1227 3593 ⁸⁸ς
1264 3545 1284 3580 ι
1315 3536 1369 3582 et
1398 3544 1415 3580 ι
1454 3544 1472 3578 ι
1496 3525 1697 3581 Factus
1722 3535 1805 3581 est
1836 3525 1967 3579 mihi
1998 3523 2183 3577 Domi-

602 3639 708 3680 nus
741 3623 797 3678 in
847 3619 1115 3690 refugium
1156 3620 1226 3674 ⁸⁸.
1277 3639 1295 3673 ι
1350 3616 1861 3673 Administrationis
1906 3616 2073 3687 igitur
2124 3624 2181 3670 et

602 3714 812 3785 gloria,
847 3727 955 3770 non
978 3721 1191 3768 naturze
1230 3712 1285 3767 in
1327 3710 1466 3767 Filio
1520 3710 1587 3765 ad
1629 3707 1857 3781 angelos
1897 3721 2181 3779 compara-

604 3807 677 3862 tio
704 3806 783 3861 lit.

602 4011 861 4079 Exempla
892 4010 1081 4081 quibus
1112 4010 1416 4081 declaratur
1450 4021 1622 4081 vocem
1651 4006 1810 4067 hanc,
1848 4001 2109 4081 omeliar,
2156 4019 2176 4053 ι

673 4085 729 4137 in
762 4073 918 4135 sacra
950 4079 1225 4149 Scriptura
1256 4080 1417 4133 etiam
1449 4077 1514 4131 de
1542 4077 1607 4130 iis
1638 4090 1758 4146 qum
1779 4074 2008 4149 multum
2045 4073 2183 4126 inter

673 4170 729 4206 se
761 4151 981 4214 distant,
1016 4141 1106 4203 aut
1132 4150 1336 4203 ratione
1370 4157 1597 4210 naturai,
1626 4141 1720 4197 aut
1755 4141 2058 4214 dignitatis,
2090 4151 2179 4196 aut

672 4225 957 4276 secundum
993 4236 1293 4274 mensuram
1318 4218 1506 4289 gratiae
1548 4214 1820 4285 usurpari.

671 4338 944 4406 Quantum
981 4336 1048 4390 ad
1078 4332 1307 4406 gratiam
1347 4349 1361 4385 :
1404 4349 1424 4383 ι
1462 4329 1653 4386 Melior
1694 4335 1780 4384 est
1821 4325 1938 4383 dies
1989 4338 2095 4380 una
2124 4323 2180 4380 in

600 4430 760 4484 atriis
787 4429 895 4483 tuis
920 4442 1083 4498 super
1110 4425 1258 4481 mille
1280 4424 1360 4490 9";
1388 4443 1405 4477 ι
1447 4422 1581 4493 quid
1606 4421 1751 4477 enim
1787 4417 1997 4490 aequale
2024 4417 2182 4473 atriis

599 4523 916 4581 cmlestibus
950 4521 1180 4577 inveniri
1209 4518 1434 4591 potest?
1464 4515 1737 4584 Quantum
1787 4512 1854 4567 ad
1898 4510 2181 4567 dissimili-

563 4620 567 4625 '
600 4616 842 4672 tudinem
875 4624 1083 4669 natura;
1110 4630 1126 4671 :
1164 4632 1183 4665 ι
1219 4610 1467 4681 Accipite
1498 4607 1801 4665 doctrinam
1824 4643 1841 4670 ,
1867 4612 1923 4659 et
1945 4617 2052 4658 non
2087 4607 2219 4685 δι’-ς

596 4717 853 4779 gentnm;
888 4704 1079 4759 melior
1126 4703 1271 4760 enim
1324 4711 1410 4757 est
1453 4699 1718 4771 sapientia
1765 4708 1928 4767 quam
1972 4693 2181 4763 lapides

595 4796 752 4852 electi
784 4795 851 4849 ⁵⁸.
899 4814 918 4847 ι
958 4792 1129 4848 Isaias
1180 4794 1245 4846 de
1293 4790 1560 4847 eunuchis
1586 4789 1754 4846 Deum
1793 4788 2064 4843 dicentem
2098 4784 2181 4839 in-

595 4889 746 4944 ducit
776 4904 791 4941 :
825 4908 845 4939 ι
886 4887 1031 4941 Dabo
1067 4888 1150 4941 eis
1185 4900 1383 4940 nomen
1424 4892 1712 4951 :eternum,
1746 4881 1891 4953 quod
1934 4886 2019 4935 est
2071 4889 2184 4931 me-

598 4983 701 5035 lius
729 4995 893 5051 quam
928 4978 1023 5033 lilii
1066 4987 1125 5033 et
1168 4978 1295 5033 tiliae
1328 4977 1397 5031 ".
1432 4995 1449 5028 ι
1488 4974 1680 5030 Melius
1712 4974 1919 5042 itaque,
1969 4984 2078 5025 non
2113 4968 2181 5023 de

597 5071 787 5140 quavis
819 5069 1148 5135 dill'crentia,
1182 5068 1278 5123 sed
1323 5068 1389 5124 de
1426 5082 1620 5137 magna
1658 5074 1715 5121 et
1764 5058 2177 5134 incomparabili

602 5176 972 5234 Saepenumero
1005 5161 1323 5218 excellentia
1356 5161 1574 5216 dicitur.

905 5278 1143 5345 ALIUD,
1170 5279 1227 5334 in
1256 5277 1495 5335 eandem
1518 5277 1855 5333 sententiam.

668 5392 870 5450 Beatus
924 5393 1125 5449 Paulus
1173 5408 1331 5449 suum
1392 5391 1562 5461 ipsius
1613 5391 1819 5447 dictum
1874 5388 2177 5459 explicans,

597 5485 1145 5555 manil‘estissimeque
1166 5485 1459 5541 ostendens
1481 5483 1740 5553 quidnam
1759 5482 1833 5537 sit
1854 5480 1980 5547 hoc,
2012 5501 2031 5531 ι
2063 5480 2179 5535 Me-

599 5576 703 5632 lior
738 5576 917 5633 factus
968 5575 1172 5647 angelis
1198 5575 1284 5641 '°,
1338 5594 1356 5626 ι
1397 5574 1464 5629 ad
1507 5588 1571 5629 ea
1622 5586 1744 5642 quae
1786 5569 1928 5626 dixit
1960 5570 2128 5627 iniert
2163 5590 2175 5625 :

670 5756 715 5788 "
738 5753 903 5809 Hebr.
934 5769 973 5817 ι,
1000 5751 1114 5805 1-3.
1191 5751 1236 5781 ⁸³
1264 5748 1420 5804 Joan.
1444 5764 1479 5807 t.
1516 5751 1567 5801 l.
1645 5747 1691 5778 ⁸⁸
1713 5746 1857 5803 Psal.
1888 5763 2017 5811 xxx,
2054 5748 2108 5803 5.

2280 1972 2463 2026 τοίνυν
2481 1973 2728 2045 περιθεὶς
2751 1973 2829 2045 τῷ
2851 1973 2966 2045 Υίῷ
2986 1973 3085 2045 τὴν
3102 1974 3287 2040 δόξαν,
3318 1976 3413 2030 καὶ
3442 1976 3514 2031 τά
3538 1978 3651 2047 τῆς
3670 1978 3896 2046 φύσεως

2282 2062 2377 2117 τοῦ
2410 2064 2626 2136 Πατρὺς
2659 2064 2769 2118 ῐδια
2803 2064 3092 2136 προσάψας
3129 2065 3303 2138 αὐτῷ,
3346 2067 3469 2121 τότε
3514 2070 3662 2139 φησὶ
3703 2069 3895 2138 κρείτ-

2282 2170 2412 2210 τονα
2431 2154 2685 2223 γενέσθαι
2707 2155 2816 2209 τῶν
2844 2156 3117 2226 ἀγγέλων,
3137 2158 3249 2229 ὅσῳ
3270 2158 3365 2211 καὶ
3390 2158 3579 2230 μεῖζον
3606 2159 3729 2229 ἔχει
3760 2162 3894 2230 παρ’

2284 2248 2529 2313 ἐκείνους
2578 2248 2640 2303 τὸ
2691 2250 2884 2320 ὄνομα,
2945 2250 3022 2315 ὡς
3072 2250 3201 2314 Υἱὸς
3239 2250 3333 2304 καὶ
3388 2252 3768 2324 κληρονόμος,
3802 2252 3894 2306 καὶ

2285 2342 2650 2412 ἀπαύγασμα,
2674 2344 2766 2396 καὶ
2787 2343 3097 2415 χαρακτὴρ,
3121 2346 3217 2399 καὶ
3236 2343 3419 2410 εἰκὼν,
3440 2345 3535 2398 καὶ
3554 2346 3890 2416 ὁμόθρονος,

2284 2435 2378 2488 καὶ
2410 2438 2661 2505 ποιητής.
2694 2436 2757 2489 El
2787 2436 2844 2489 δὲ
2874 2436 3010 2489 πολὺ
3041 2437 3310 2506 κρείττων
3347 2439 3441 2491 καὶ
3467 2436 3892 2508 διαφορώτερτά

2283 2524 2393 2578 τῶν
2420 2525 2671 2593 ἀγγέλων
2700 2526 2789 2580 διὰ
2808 2526 2981 2581 ταῦτα
3026 2529 3249 2591 νοεῖται,
3282 2527 3553 2597 κρείττων
3575 2528 3697 2597 ἄρα
3727 2529 3827 2583 καὶ
3858 2530 3892 2598 ἡ

2284 2616 2449 2671 αὐτοῦ
2482 2618 2580 2687 τῆς
2611 2618 2835 2674 ἐκείνων
2864 2619 3163 2684 διακονίας.
3196 2620 3463 2691 Σημαίνοι
3488 2620 3533 2674 δ’
3562 2621 3629 2674 ἂν
3655 2622 3893 2683 εἰκότως

2284 2709 2473 2763 ἐνθάδε
2500 2711 2562 2763 τὸ
2595 2729 2614 2762 ι
2641 2710 2885 2780 γέγονεν,
2914 2732 2931 2763 ι
2961 2712 3022 2766 οὐ
3050 2713 3148 2781 τὴν
3186 2715 3251 2766 ὲκ
3284 2712 3377 2766 τοῦ
3405 2712 3479 2783 μὴ
3503 2712 3665 2777 ὄντος
3709 2716 3795 2777 είς
3832 2713 3891 2766 τὺ

2286 2795 2427 2854 εἷναι
2460 2802 2802 2874 παραγωγὴν
2830 2800 2931 2875 (ἦν
2954 2803 3065 2874 γάρ
3095 2805 3124 2857 6
3152 2805 3326 2872 Λόγος
3380 2806 3438 2857 ἐν
3480 2805 3665 2876 ἀρχῇ)
3693 2844 3711 2869 ,
3767 2805 3890 2858 οὐδὲ

2283 2892 2384 2963 τὴν
2405 2891 2465 2957 ἐξ
2486 2893 2767 2958 ἐλάττονος
2791 2894 2871 2959 εἷς
2893 2913 2947 2949 τι
2974 2896 3157 2967 μεῖξον
3177 2895 3478 2969 μεταϐολὴν
3504 2896 3757 2963 (τέλειος
3778 2897 3889 2966 γὰρ

2285 2987 2351 3038 ἐκ
2380 2985 2589 3039 τελείου
2618 2988 2832 3058 Πατρὸς
2864 2987 3113 3059 ὑπῆρχεν
3135 2991 3164 3043 6
3194 2989 3345 3059 Υἱὸς)
3372 3030 3386 3051 ,
3443 2988 3559 3043 ἀλλ’
3594 2988 3801 3058 ὥσπερ
3829 2990 3885 3041 ὲν

2287 3076 2571 3149 συγκρίσει
2596 3078 2757 3149 δόξης
2784 3080 2879 3133 καὶ
2927 3080 3238 3151 ἀξιώματος
3258 3081 3319 3134 τὸ
3356 3079 3540 3152 μεῖζον
3566 3082 3663 3134 καὶ
3702 3082 3884 3152 κρεῖτ-

2285 3186 2375 3222 τον
2408 3168 2596 3239 όφθέν.
2620 3170 2829 3242 Ὥσπερ
2856 3170 2924 3225 ἂν
2944 3170 2998 3224 εί
3023 3189 3107 3236 τις
3140 3172 3425 3244 ἄνθρωπος
3452 3173 3610 3243 ἵππῳ
3648 3172 3883 3241 συγκρί-

2288 3275 2451 3323 νοιτο,
2485 3259 2579 3312 καὶ⁸
2605 3258 2817 3327 λέγοιτο
2864 3260 3128 3332 κρείττων
3171 3261 3337 3316 αὐτοῦ
3358 3261 3693 3331 γεγενῆσθαι
3733 3262 3885 3330 παρὰ

2286 3354 2401 3415 τοῖς
2421 3350 2777 3422 δοκιμάζουσι
2831 3351 2919 3407 διὰ
2943 3353 3006 3406 τὸ
3055 3351 3194 3406 εἶναι
3243 3354 3484 3422 λογικόν.
3512 3354 3639 3406 Ὅτι
3668 3353 3788 3424 γὰρ
3825 3353 3884 3406 τὸ

2286 3444 2569 3513 γενέσθαι
2598 3445 2660 3498 οὐ
2683 3447 2901 3511 πάντως
2949 3447 3168 3515 φύσεως
3219 3445 3477 3518 σημαίνει
3534 3445 3880 3515 μεταΰολὴν,

2286 3533 2557 3604 πρόδηλον
2585 3533 2740 3588 ἔσται
2768 3534 2856 3589 διὰ
2875 3534 2971 3589 τοῦ
2999 3534 3246 3605 λέγοντος
3277 3536 3415 3606 πρὸς
3451 3535 3610 3599 Θεόν,
3658 3554 3680 3586 ι
3712 3536 3881 3589 Γενοῡ

2289 3642 2378 3695 μοι
2408 3626 2488 3687 εἰς
2513 3625 2648 3679 Θεὸν
2673 3626 3111 3697 ὐπερασπιστήνο
3142 3646 3161 3678 ι
3195 3627 3291 3680 καὶ
3333 3626 3519 3680 πάλιν·
3555 3646 3573 3677 ι
3628 3626 3883 3693 Ἐγένετό

2287 3732 2379 3787 μοι
2407 3714 2613 3786 Κύριος
2675 3719 2755 3780 είς
2792 3717 3137 3787 καταφυγήνσ
3171 3735 3190 3767 ι
3251 3714 3366 3780 καὶ,
3417 3734 3437 3767 ι
3483 3715 3741 3783 Ἐγένετό
3790 3733 3881 3787 μοι

2284 3805 2489 3878 Κύριος
2517 3808 2597 3871 είς
2648 3808 2942 3879 σωτηρίαν.
2981 3828 3000 3860 ι
3055 3809 3339 3872 Διακονίας
3386 3810 3494 3880 ἄρα
3537 3810 3634 3863 καὶ
3677 3808 3879 3879 δόξης,

2286 3897 2380 3952 καὶ
2407 3898 2467 3951 οὐ
2492 3898 2724 3969 φύσεως,
2754 3900 2831 3970 τῷ
2862 3899 2975 3970 Υίῷ
3002 3900 3137 3971 πρὸς
3175 3900 3441 3969 ἀγγέλους
3474 3902 3507 3971 ἡ
3536 3901 3856 3970 σύγκρισις.

2283 4009 2621 4078 Παράθεσις
2633 4009 2839 4078 ῥητῶν
2856 4012 3245 4080 σημαίνουσα
3273 4011 3363 4066 ὅτι
3388 4012 3506 4071 τὸ.‹
3527 4013 3873 4080 κρειττωνη

2354 4081 2393 4148 η
2428 4082 2558 4151 θεία
2592 4080 2804 4151 Γραφὴ
2844 4082 2945 4135 καὶ
2970 4081 3210 4136 ἐπὶτῶν
3238 4084 3399 4137 πολὺ
3425 4081 3874 4149 διεστηκότων,

2354 4150 2574 4222 ἢνκατὰ
2611 4150 2869 4217 τὸν-τῆς
2923 4154 3166 4220 φύσεως
3225 4155 3434 4222 λόγον,
3488 4152 3708 4216 ἣκατὰ
3761 4153 3877 4219 τὴν

2356 4221 2540 4287 ἀξίαν
2562 4222 2826 4290 τίθησιν,
2852 4222 2892 4291 ἢ
2923 4225 3076 4277 κατὰ
3104 4223 3171 4276 τὸ
3208 4221 3430 4292 μέτρον
3456 4222 3570 4293 τῆς
3604 4222 3871 4293 χάριτος.

2356 4338 2521 4392 Ὅσον
2579 4338 2660 4403 είς
2688 4338 2787 4410 τὴν
2833 4338 3023 4411 χάριν
3058 4357 3078 4391 ι
3116 4339 3404 4410 Κρείσσων
3437 4340 3626 4413 ἡμέρα
3678 4340 3779 4412 μία
3811 4343 3872 4393 ἐν

2282 4429 2404 4493 ταῖς
2435 4429 2627 4493 αὐλαῖς
2651 4446 2745 4482 σου
2787 4430 2929 4501 ὑπὲρ
2958 4429 3223 4501 χιλιάδας·
3251 4450 3270 4482 ι
3323 4432 3377 4484 τί
3413 4433 3524 4503 γάρ
3579 4432 3696 4485 ίσον
3723 4432 3872 4486 ἔσται

2284 4519 2393 4573 τῶν
2420 4519 2598 4575 αὐλῶν
2626 4521 2735 4575 τῶν
2765 4520 2942 4574 οὐσῶν
2964 4523 3023 4574 ὲν
3044 4524 3157 4585 τοῖς
3178 4522 3458 4592 οὐρανοϊς;
3487 4522 3583 4585 Et;
3619 4522 3874 4592 ἀνομοιό·

2285 4627 2426 4682 τητα
2454 4610 2690 4681 φύσεως·
2730 4629 2748 4662 ι
2786 4610 2997 4666 Λάϐετε
3030 4612 3268 4676 παιδίαν,
3297 4611 3390 4666 καὶ
3442 4612 3520 4683 μὴ
3568 4614 3869 4685 ἀργύριονο

2285 4703 2557 4775 κρείσσων
2576 4702 2687 4775 γὰρ
2714 4702 2878 4773 σοφία
2899 4701 3067 4758 λίθων
3096 4703 3389 4758 ἐκλεκτῶν.
3433 4723 3453 4757 ι
3489 4705 3722 4768 Ἡσαΐας
3748 4705 3873 4775 περὶ

2283 4794 2392 4847 τῶν
2447 4793 2720 4865 εὐνούχων
2780 4795 3027 4866 εἰσφέρει
3064 4795 3295 4865 λέγοντα
3356 4797 3509 4850 Θεόν·
3548 4816 3566 4848 ι
3600 4798 3869 4867 Κρεῖσσον

2285 4884 2419 4939 υίῶν
2441 4886 2535 4939 καὶ
2582 4885 2900 4957 θυγατέρων
2947 4887 3121 4958 ὄνομα
3163 4886 3385 4941 αἰώνιον
3424 4887 3584 4942 δώσω
3610 4890 3813 4953 αὐτοῖς.
3842 4909 3861 4941 ι

2285 4978 2497 5031 Οὐκοῦν
2530 4978 2591 5032 τὸ
2630 4981 2906 5050 κρεῖσσον,
2955 4981 3056 5034 οὐκ
3094 4981 3190 5034 ἐπὶ
3239 4981 3338 5053 τῆς
3377 4981 3652 5052 τυχούσης
3688 4985 3867 5052 διαιρο-

2290 5070 2409 5137 ρᾶς,
2442 5069 2579 5123 ἀλλὰ
2600 5070 2697 5123 καὶ
2724 5071 2819 5124 ἐπὶ
2843 5072 3088 5144 μεγάλης
3122 5073 3217 5126 καὶ
3250 5073 3585 5144 άσυγκρίτου
3612 5075 3866 5140 πολλάκις

2289 5161 2562 5233 ὑπεροχῆς
2588 5162 2861 5217 τάττεται.

2772 5276 2978 5341 ΑΛΛΟ,
3001 5277 3087 5343 είς
3112 5276 3181 5332 τὸ
3206 5279 3376 5333 αὑτό.

2367 5386 2838 5459 Ἐπεξηγούμενος
2888 5388 2991 5460 τὴν
3052 5390 3263 5445 οἰκείαν
3302 5391 3486 5465 φωνὴν
3532 5394 3563 5446 ό
3601 5394 3866 5465 μακάριος

2282 5477 2515 5542 Παῦλος,
2535 5480 2629 5532 καὶ
2660 5480 2973 5549 σαφέστατα
2994 5480 3348 5551 δεικνύων,τί
3368 5483 3488 5536 ἐστι
3508 5484 3591 5549 τδ,
3627 5506 3645 5537 ι
3678 5486 3865 5557 Κρείτ-
3946 5506 3950 5507 ⁷

2283 5587 2392 5624 των
2423 5571 2717 5641 γενόμενος
2744 5571 2853 5626 τῶν
2888 5573 3161 5643 ἀγγέλων,
3195 5594 3213 5626 ι
3264 5575 3520 5649 ἐπιφέρει
3582 5581 3697 5641 τοῖς
3731 5580 3865 5648 εἰρη-

2187 5747 2230 5780 ⁸⁸
2260 5747 2399 5824 l’sal.
2430 5768 2595 5819 CXVII,
2624 5754 2715 5811 τε.
2794 5754 2837 5785 ⁸⁸
2860 5752 3003 5810 Psal.
3032 5755 3297 5822 acunila.
3374 5757 3420 5789 "
3453 5755 3601 5814 Psal.
3634 5771 3861 5824 Lxxxttt,

598 5826 687 5882 il.
762 5824 808 5857 ⁸⁸
838 5822 1000 5879 Prov.
1027 5835 1144 5886 vm,
1176 5820 1261 5885 lt),
1302 5820 1384 5874 ll.
1461 5819 1507 5851 θ’
1542 5819 1646 5875 lsa.
1676 5834 1783 5887 ut,
1816 5819 1869 5873 5.
1948 5819 1994 5851 ⁹⁹
2025 5818 2188 5876 llcbr.
2221 5836 2259 5887 l,
2297 5821 2344 5873 4.
