4124 6516
269 400 371 463 εει

1687 399 2125 461 THESAUBUS.‘

3428 385 3537 441 543

272 520 480 590 μένοις·
509 517 828 592 «Τίνι-γὰρ
869 517 992 575 εἶπέ
1030 535 1161 574 ποτε
1186 520 1295 573 τῶν
1344 520 1609 588 ἀγγέλων·
1664 518 1883 573 ιςςίιθου⁴

2016 513 2115 569 Cui
2153 510 2299 566 enim
2346 523 2580 578 unquam
2606 505 3090 579 angelorum'dixit
3125 520 3139 557 :
3170 500 3312 557 Sede
3338 514 3369 554 a
3402 499 3537 556 dex-

272 612 340 666 εκ
368 612 564 677 δεξιῶν
590 630 731 684 μους
770 632 791 667 ι
828 617 922 667 καὶ
953 614 1035 666 ὅτι
1080 613 1210 683 περὶ
1228 612 1322 665 τοῦ
1358 610 1490 665 Υίοῦ
1516 612 1853 683 γέγραπται·

276 722 297 753 ι
327 704 439 757 Kal
463 703 999 776 προσκυνησάτωσαν
1025 701 1173 773 αὐτῷ
1197 703 1396 767 πάντες
1415 702 1635 772 ἄγγελοι
1658 703 1817 757 Θεοῦ.
1833 723 1852 754 ι

274 791 339 847 ΕΞ
378 795 437 849 δλ
462 798 491 849 ό
513 795 616 865 τῆς
652 795 995 866 συγκρίσεως
1022 794 1180 863 λόγος
1201 837 1215 860 ,
1254 794 1316 848 τὸ
1371 794 1469 866 μὲν
1505 795 1581 859 ὡς
1624 794 1859 863 συγκαθ-

277 885 536 955 εζόμενον
554 884 633 956 τῷ
645 886 820 957 [Iath
841 886 935 939 καὶ¹
953 885 1426 956 προσκυνούμενον
1445 885 1713 957 εἰσφέρει,
1730 887 1859 949 τοὺς

276 975 336 1029 δὲ
362 977 438 1040 ὡς
468 976 885 1049 παρεστηκότας
928 993 988 1029 τε
1021 977 1113 1031 καὶ
1147 980 1467 1048 προσκυνεῖν
1496 977 1858 1048 ἐπιτεταγμέ-

280 1085 426 1134 νους,
449 1067 549 1121 οὐκ
573 1067 666 1121 ἐπὶ
691 1068 788 1138 τῆς
814 1067 1004 1131 οὐσίας
1052 1067 1204 1121 ἔσται
1245 1070 1460 1133 πάντως
1502 1068 1585 1130 τὸ,
1625 1087 1643 1121 ι
1678 1068 1861 1140 κρείτ-

279 1175 408 1211 τωψ
448 1176 467 1209 ι
509 1158 626 1211 ἀλλ’
669 1158 728 1211 έν
754 1160 867 1221 τοῖς
904 1159 1035 1231 περὶ
1070 1158 1170 1231 τὴν
1209 1160 1399 1213 οὐσίαν
1439 1158 1718 1229 ἀξιώμασι
1765 1158 1861 1212 καὶ

279 1251 402 1311 ταῖς
426 1247 625 1319 ἔξωθεν
675 1248 777 1320 τῆς
812 1249 1030 1325 φύσεως
1062 1252 1271 1326 τιμαῖς..
1322 1248 1532 1305 Οὐκοῦν
1573 1249 1672 1318 οὐχ
1718 1247 1862 1302 ἕντι

278 1340 389 1393 τῶν
408 1341 654 1410 γενητῶν
678 1343 707 1395 ό
739 1341 893 1407 Υἱὸς,
924 1342 1041 1396 ἀλλ’
1058 1341 1257 1414 ’ἕτερόν
1279 1361 1330 1397 τι
1356 1342 1505 1412 παρὰ
1524 1341 1717 1405 ταῦτα,
1739 1358 1864 1403 τρυε

280 1430 453 1499 τέστι,
483 1431 655 1501 Λόγος
693 1431 822 1496 ῐδιος
851 1432 952 1487 τοῦ
976 1432 1209 1506 Πατρός.

780 1545 1093 1611 ΑΛΛΟ,εὶς
1119 1542 1182 1597 τὸ
1205 1544 1369 1598 αὐτό.

355 1655 491 1713 T61
530 1660 775 1730 γέγονεν,
795 1679 814 1712 ι
858 1661 1133 1730 ὃτεσμόνον
1161 1660 1253 1713 καὶ
1282 1659 1405 1713 καθ’
1438 1660 1599 1713 ἑαυτὸ
1623 1658 1865 1728 λέγεται,

284 1748 546 1824 σημαίνει
572 1751 758 1807 πολλά·
788 1752 883 1807 καὶ
913 1753 976 1806 οὐ
1005 1753 1225 1815 πάντως
1254 1750 1609 1814 ύποστὰσεώς
1630 1752 1749 1804 ὲστι
1775 1750 1869 1821 δη-

1966 607 2067 660 tris
2102 604 2236 659 meis
2259 603 2347 658 ἰθ
2378 622 2397 654 ι
2430 610 2486 656 et
2514 602 2659 670 quod
2690 602 2756 655 de
2801 599 2937 653 Filio
2976 597 3236 667 scriptum
3274 603 3357 648 est
3385 608 3401 646 :
3430 607 3449 643 ι
3470 590 3540 645 Et

1964 698 2192 753 adorent
2218 710 2341 751 eum
2373 708 2564 750 omnes
2592 690 2770 760 angeli
2803 689 2987 746 Dei".
3039 706 3059 741 ι
3109 687 3168 742 Si
3209 698 3340 741 vero
3383 697 3538 738 com-

1963 789 2266 860 parationis
2293 788 2433 841 ratio
2473 787 2588 841 haec
2612 792 2718 849 est,
2742 791 2802 837 ut
2842 782 2988 836 hunc
3027 779 3246 849 quidem
3292 774 3540 831 assiden-

1966 893 2074 938 tem
2105 880 2252 936 Patri
2274 889 2330 935 et
2364 881 2651 934 adoratum
2677 876 2923 940 inducat,
2960 871 3082 927 illos
3126 884 3257 925 vero
3301 870 3541 923 circum—

1964 984 2171 1031 stantes
2195 982 2250 1029 et
2276 973 2508 1027 adorare
2538 969 2724 1038 iussos
2753 986 2766 1022 :
2793 975 2943 1022 certe
2972 962 3127 1026 illud,
3181 978 3201 1013 ι
3238 959 3431 1014 melior
3454 998 3471 1023 ,
3516 974 3537 1010 ι

1966 1081 2076 1120 non
2117 1065 2183 1118 de
2207 1062 2450 1118 essentia
2481 1060 2693 1115 dicetur
2720 1096 2737 1123 ,
2787 1053 2883 1112 sed
2925 1053 2991 1109 de
3037 1048 3389 1118 dignitatibus
3422 1061 3544 1115 qua:

1966 1155 2285 1213 substantia:
2319 1153 2594 1217 accidunt,
2644 1152 2817 1221 deque
2850 1144 3176 1203 extrinsecis
3208 1151 3417 1196 natura:
3441 1139 3543 1194 lto-

1968 1248 2214 1304 noribus.
2248 1245 2372 1308 Non
2393 1254 2475 1299 est
2503 1244 2669 1314 igitur
2717 1254 2859 1294 unus
2893 1252 2962 1294 ex
2987 1234 3190 1291 creatis
3215 1231 3410 1296 Filius,
3450 1231 3545 1284 sed

1969 1339 2245 1395 diversum
2267 1336 2544 1406 quidpiam
2566 1331 2742 1397 abiis,
2773 1330 2875 1385 hoc
2895 1324 3282 1396 est,proprium
3310 1320 3544 1376 Verbum

1969 1429 2171 1486 Patris.

2501 1537 2733 1603 ALIUD,
2763 1535 3010 1590 inlidem.

2049 1672 2068 1705 ‹
2091 1653 2291 1708 Factus
2324 1660 2409 1707 est
2435 1692 2450 1717 ,
2497 1667 2518 1702 ι
2547 1650 2762 1718 quando
2785 1648 2981 1713 solum,
3005 1659 3072 1701 ac
3104 1658 3200 1715 per
3230 1656 3291 1697 se
3320 1638 3546 1702 dicitur,

1975 1750 2142 1803 multa
2187 1746 2498 1817 signiﬁcat;
2544 1759 2722 1814 neque
2761 1743 2813 1797 in
2862 1742 3181 1796 universum
3216 1731 3549 1807 bypostasim

285 1843 533 1911 λωτικδν,
591 1843 705 1898 ἀλλ’
732 1845 860 1929 όταν
888 1843 1037 1914 αύτῷ
1078 1859 1134 1895 τι
1168 1840 1526 1913 συνάπτηται,
1571 1841 1693 1894 τότε
1728 1858 1869 1911 γνω-

1985 1842 2198 1896 denotat
2252 1838 2392 1894 :sed
2441 1852 2564 1893 cum
2611 1836 2687 1890 illi
2736 1833 2942 1903 aliquid
2985 1828 3379 1902 coniungitur,
3434 1832 3549 1877 tum

291 1935 400 2004 ριεῖ
424 1933 525 2006 τήν
550 1933 668 1988 καθ’
688 1927 750 1988 οὗ
774 1935 1161 2005 κατηγορεῖται
1188 1932 1440 2003 δύναμιν⁸
1468 1926 1604 1999 οἷον,
1624 1932 1759 2004 φέρε
1782 1932 1865 1986 εί-

1985 1934 2086 2003 :jus
2108 1934 2176 1989 de
2205 1948 2312 2003 quo
2349 1931 2680 2002 praedicatur
2708 1930 2816 1983 vim
2848 1937 3015 1997 atque
3064 1925 3326 1979 virtutem
3369 1917 3551 1973 decla-

289 2025 436 2089 πεῖν,
471 2005 662 2093 γέγονέ
695 2041 779 2088 τις
804 2022 1013 2090 τέκτων
1045 2023 1078 2095 ἢ
1120 2023 1377 2089 λιθοξόος,
1421 2023 1481 2076 ού
1527 2024 1746 2087 παντως
1774 2023 1868 2079 ἄν-

1985 2037 2052 2082 rat
2082 2044 2097 2082 :
2128 2035 2206 2091 ut,
2235 2023 2466 2094 exempli
2503 2021 2701 2093 gratia,
2724 2020 2897 2075 factus
2929 2026 3013 2073 est
3039 2014 3234 2083 aliquis
3260 2012 3431 2075 faber,
3465 2005 3550 2061 vel

289 2117 515 2189 θρωπος
548 2116 636 2173 ἵνα
673 2117 768 2170 καὶ
802 2116 1031 2170 τέκτων⁶
1067 2114 1184 2170 ἀλλ’
1218 2114 1518 2186 ἐπειδήπερ
1555 2114 1864 2187 ἄνθρωπος,

1985 2119 2296 2174 statuarius:
2328 2114 2521 2169 nemin
2548 2112 2857 2167 universum
2886 2110 3047 2165 homo
3082 2115 3139 2160 ut
3164 2113 3219 2160 et
3248 2103 3432 2168 faber;
3456 2101 3552 2157 sed

290 2206 486 2277 γέγονε
513 2208 746 2271 τέκτων,
799 2210 901 2281 τῆς
943 2208 1139 2279 τέχνης
1158 2206 1234 2262 ὢν
1262 2207 1531 2273 δεκτικὸς,
1583 2210 1677 2262 καὶ
1725 2209 1870 2263 κατὰ

1985 2209 2365 2281 ιυειιιόωιοιηο
2394 2206 2567 2262 factus
2591 2212 2676 2260 est
2698 2202 2871 2268 faber,
2893 2202 3027 2256 artis
3053 2212 3221 2267 capax
3253 2195 3548 2259 exsistens,

295 2297 463 2405 μόνης
482 2298 673 2353 ἐνθάδε
694 2300 796 2405 της
822 2300 1135 2370 ἐπιστήμης
1165 2301 1406 2370 χωρήσει
1433 2299 1496 2351 τὸ
1531 2316 1551 2350 ι
1587 2298 1864 2368 γέγονεν,ι

1985 2303 2041 2358 ie
2066 2298 2460 2357 .sola'scientia
2501 2296 2703 2352 dicitur
2744 2294 2896 2358 illud,
2927 2293 3087 2362 202
3127 2307 3146 2342 ι
3173 2289 3345 2343 factus
3384 2294 3488 2349 est,
3528 2302 3548 2336 ι

2199 2399 2211 2405 -
2359 2389 2399 2405 ιγ
2452 2388 2613 2405 θηρᾷ-
2665 2384 2942 2405 ι--..--.--ξ
2997 2392 3079 2405 --.ι
3123 2383 3182 2405 -l-
3215 2378 3548 2405 .--ιιηηιῖηηη

292 2388 356 2440 ού
389 2387 609 2453 πάντως
634 2389 777 2444 κατὰ
800 2389 902 2459 τῆς
930 2388 1278 2451 ὑποστάσεως
1312 2387 1345 2459 ἢ
1400 2389 1502 2459 τῆς
1525 2389 1603 2453 είς
1635 2386 1873 2442 τὸεῖναι

1985 2405 2083 2446 non
2125 2399 2303 2445 autem
2341 2389 2408 2443 de
2452 2388 2617 2457 ipsius
2665 2384 2969 2456 hyposmsi,
2994 2392 3086 2436 aut
3119 2383 3184 2435 de
3215 2378 3553 2434 traductione

297 2481 658 2552 παραγωγῆς.
708 2480 919 2535 Ούκοῦν
966 2481 1015 2534 εί
1049 2479 1260 2548 λέγοιτο
1319 2480 1578 2550 Χριστὸς·
1613 2479 1876 2552 κρείττων

1985 2481 2042 2537 ad
2082 2494 2225 2536 esse.
2269 2477 2532 2545 Quocirca
2571 2476 2617 2530 si
2666 2475 2878 2529 dicatur
2922 2472 3171 2525 Christus
3214 2469 3389 2522 factus
3436 2477 3555 2520 esse

296 2569 626 2640 γεγενῆσθαι
674 2569 784 2624 τῶν
822 2569 1093 2639 ἀγγέλων,
1134 2568 1198 2623 ού
1248 2570 1378 2639 περὶ
1404 2569 1497 2623 τὸν
1532 2570 1631 2640 τῆς
1662 2568 1877 2639 φύσεως

1985 2569 2169 2625 melior
2195 2565 2419 2638 angelis,
2442 2563 2774 2633 comparatio
2804 2561 2919 2616 hac
2956 2559 3022 2613 ad
3053 2557 3315 2613 rationem
3350 2564 3555 2608 natura:

295 2656 456 2810 ξγον
514 2659 628 2730 ἔχει
673 2658 774 2732 τὴν
827 2659 1117 2733 σύγκρισιν
1136 2699 1150 2727 ,
1197 2658 1335 2714 ἀλλὰ
1386 2663 1522 2733 περὶ
1583 2660 1751 2733 τιμὴν
1782 2658 1881 2714 καὶ

337 2767 535 2821 ,νωμα.

1985 2660 2261 2718 referenda
2286 2672 2391 2715 non
2415 2665 2523 2724 est,
2549 2656 2643 2713 sed
2672 2655 2740 2710 ad
2775 2653 3038 2710 honorem
3063 2661 3118 2705 et
3146 2648 3481 2719 dignitatem.

337 2787 535 2814 δρυμοὶ-ο

754 2843 963 2909 ΛΛΛο,
1010 2845 1099 2911 εις
1139 2845 1209 2898 τὸ
1253 2845 1429 2899 αὐτό,
2508 2813 2999 2878 Αιῐυῡ.ίηίάετησ

374 2971 393 3006 ι
423 2952 677 3025 Τοσούτῳ
696 2954 963 3027 κρείττων
983 2955 1275 3026 γενόμενος
1295 2955 1405 3009 τῶν
1432 2954 1701 3024 ἀγγέλων.
1741 2972 1762 3008 ι
1808 2953 1883 3009 Τὸ

2058 2934 2285 2990 ιερΤειιιο
2314 2931 2490 2988 factus
2521 2941 2604 2988 est
2640 2930 2832 2987 melior
2860 2925 3091 2997 angelis.
3136 2944 3156 2977 ι
3185 2923 3241 2978 1η
3274 2921 3378 2977 hoc
3406 2920 3557 2975 dicto

304 3064 327 3098 ι
356 3045 580 3116 γέγονεν
616 3066 635 3099 ι
681 3049 730 3102 εἰ
772 3048 868 3101 καὶ
914 3048 1057 3102 κατὰ
1113 3013 1216 3118 τῆς
1271 3048 1457 3111 οὐσίας
1480 3013 1745 3102 ’τάττοιτο
1785 3045 1881 3100 τοῦ

1985 3027 2030 3084 si
2062 3042 2169 3082 vox
2204 3026 2323 3082 haec
2353 3045 2374 3079 ι
2413 3024 2588 3080 factus
2622 3030 2708 3078 est
2730 3063 2747 3088 ,
2809 3038 2828 3073 ι
2869 3019 2937 3074 ad
2983 3015 3273 3073 essentiam
3308 3013 3429 3069 Filii
3474 3026 3561 3066 re-

300 3136 452 3201 Υίοῢ,
483 3137 640 3192 οὐδὲν
664 3137 835 3210 αὐτὴν
857 3137 1106 3209 ἀδικήσει
1144 3138 1244 3210 τῆς
1297 3137 1497 3203 λέξεως
1534 3139 1567 3209 ή
1614 3136 1843 3209 δύναμις
1865 3179 1882 3204 ,

1985 3117 2194 3174 feratur
2220 3158 2236 3183 ,
2270 3116 2406 3172 nihil
2437 3115 2514 3171 illi
2547 3112 2748 3170 oﬂiciet
2783 3110 2947 3181 huius
2984 3109 3137 3164 vocis
3163 3108 3266 3173 vis,
3323 3119 3444 3173 qua:
3480 3102 3565 3157 in-

300 3229 611 3301 ἀδιαφόρως
634 3193 897 3299 κειμένης
931 3193 1361 3293 πολλάκιςικακὰ
1371 3193 1494 3282 ἶτῶν
1507 3193 1881 3299 γέννωμέινωνί

1987 3211 2306 3269 diﬁerenter
2345 3221 2721 3279 saepenumero
2754 3207 2820 3261 de
2870 3202 3071 3275 genitis
3111 3200 3350 3271 ponitur.
3399 3193 3560 3263 Atqui

315 3320 439 3375 Ἐπὶ
458 3323 557 3392 μὲν
584 3317 677 3375 οὖν
704 3321 812 3375 τῶν
840 3320 1011 3386 ὅντως
1039 3321 1339 3392 γινομένων
1384 3322 1479 3378 καὶ
1510 3321 1849 3391 ποιουμένων
1868 3362 1883 3388 ,

301 3417 407 3469 οὐκ
432 3415 497 3470 ἄν
520 3432 603 3479 τις
629 3413 897 3479 ἐπιδείξαι
940 3414 1001 3467 τὸ
1058 3412 1374 3483 γεννᾶσθαι,
1396 3413 1647 3484 κείμενον
1680 3412 1887 3484 κυρίως

304 3508 398 3563 καὶ
434 3507 577 3562 κατὰ
598 3506 780 3576 φύσιν·
807 3506 891 3559 ὅτι
922 3506 1027 3559 κᾶν
1070 3504 1406 3576 γεννώμενον
1445 3505 1721 3575 φαίνηται,
1772 3504 1889 3575 ἔχει

306 3599 413 3671 πρὸ
446 3598 641 3652 ἑαυτοῦ
663 3599 722 3651 τὸ
749 3598 1081 3669 πεποιῆσθαι
1127 3595 1279 3668 παρὰ
1304 3595 1398 3648 τοῦ
1427 3597 1735 3660 κτίσαντος.
1762 3591 1890 3650 Οἷον

304 3690 592 3761 ἄνθρωπος
627 3691 884 3759 γεννᾶται
925 3689 1058 3760 μὲν,
1114 3686 1407 3757 πεποίηται
1451 3687 1530 3751 δὲ,
1572 3688 1667 3740 καὶ
1698 3686 1890 3759 κύριον

306 3782 474 3837 αὐτοῦ
502 3782 658 3836 τοῦτο
691 3781 891 3851 μᾶλλον
918 3781 951 3851 ἦ
975 3780 1036 3833 τὸ
1056 3777 1326 3849 δεύτερον.
1358 3779 1421 3831 El
1452 3777 1509 3831 δὲ
1536 3778 1629 3830 καὶ
1650 3777 1892 3846 λέγοιντό

307 3894 451 3939 τινες
481 3874 571 3928 διὰ
598 3873 690 3927 τοῦ
717 3871 1033 3943 Πνεύματος
1059 3869 1438 3940 γεγεννῆσθαι,
1468 3868 1607 3923 ἀλλὰ
1628 3870 1723 3922 καὶ⁵
1744 3862 1891 3924 οὗτοι

312 3965 449 4038 πρὸς
486 3965 718 4035 μίμησιν
767 3962 859 4015 τοῦ
902 3961 1118 4032 ἀληθῶς
1169 3959 1522 4030 γεννηθέντος
1568 3961 1633 4012 ὲκ
1676 3960 1892 4031 Πατρός

309 4057 446 4112 Θεοῦ
478 4058 673 4124 Λόγου,
703 4055 799 4107 καὶ
823 4053 922 4107 οὐκ
955 4052 1062 4117 ἔξω
1110 4051 1204 4105 τοῦ
1231 4048 1561 4120 πεποιῆσθαι
1592 4051 1892 4121 τυγχάνου-

312 4167 416 4204 σιν·
443 4149 583 4203 ὧστε
622 4147 684 4200 τὸ
733 4146 832 4215 τῆς
883 4143 1187 4214 γεννήσεως
1232 4141 1404 4211 ὄνομα
1439 4140 1895 4213 καταχρηστικῶς

308 4243 377 4303 ἂν
407 4241 495 4311 εἴη
520 4314 523 4317 _
553 4239 752 4311 μᾶλλον
781 4237 814 4307 ἢ
850 4234 1094 4305 φυσικῶς
1146 4237 1203 4287 ὲν
1250 4236 1383 4308 τοῖς,
1414 4234 1681 4305 γενητοῖς.
1736 4231 1894 4291 Τδ.δὲ

312 4332 595 4405 γεννηθὲν,
620 4331 739 4399 ,κᾶν
769 4328 1028 4404 γενέσθαιΔ
1062 4326 1313 4397 λέγηται,
1335 4323 1807 4395 λούδὲνύπομένει
1834 4323 1895 4377 τὸ

317 4428 533 4505 ἢλάϐος,
567 4423 969 4499 ἀδιαφορούσης
1007 4422 1135 4493 περὶ
1162 4417 1317 4480 τοῦτο
1346 4418 1451 4488 τῆς
1481 4416 1628 4481 θείας
1653 4417 1892 4487 Γραφῆς.

315 4518 478 4588 Λέγει
508 4515 618 4587 γὰρ
641 4516 726 4575 ὅτι
755 4513 1003 4582 ἐγένοντο
1040 4508 1117 4579 τῷ
1161 4506 1280 4560 ’ἰὼᾶ
1303 4506 1414 4561 υίοὶ
1434 4504 1573 4558 ἑπτὰ
1610 4504 1707 4559 καὶ
1734 4504 1897 4573 θυγα-
1925 4530 1977 4588 D

314 4610 473 4680 τέρες
498 4610 669 4681 τρεῖς.
696 4606 807 4659 Καὶ
827 4604 1007 4658 πάλινο
1050 4620 1069 4652 ι
1092 4597 1199 4653 Ἦν
1242 4597 1495 4668 Ἀϐραὰμ
1536 4596 1729 4650 ἑκατὸν
1755 4596 1893 4650 έτῶν

314 4702 404 4754 ὅτε
430 4698 650 4766 ἐγένετο
695 4693 845 4763 αύτῷ
903 4690 1088 4745 Ἰσαὰκ
1133 4690 1162 4742 ό
1201 4687 1315 4749 υἱὸς
1361 4685 1547 4741 αὐτοῦ.
1589 4704 1608 4739 ι
1648 4685 1790 4740 Είδὲ
1832 4685 1895 4739 τὸ

314 4786 655 4859 γεννώμενον
714 4782 969 4852 γενέσθαι
1031 4779 1247 4848 λέγεται
1295 4778 1388 4830 καὶ
1436 4776 1523 4829 ἐπ’
1566 4775 1891 4848 ἀνθρώπων,

317 4879 679 4949 ἀδιαφορείτω
707 4894 790 4939 τις
817 4872 977 4928 τοῦτο
1027 4869 1242 4925 ἀκούων
1293 4868 1388 4922 καὶ
1427 4868 1557 4939 περὶ
1593 4867 1688 4922 τοῦ
1736 4867 1892 4922 Υἱοῦ.

333 4973 457 5026 Ἐπὶ
479 4972 535 5024 δὲ
569 4970 681 5023 τῶν
703 4965 949 5037 γενητῶν
974 4964 1075 5018 οὐκ
1132 4961 1486 5033 ἀδιαφορήσει
1521 4958 1610 5014 διὰ
1636 4959 1727 5014 τὸν
1756 4976 1893 5031 προ-

318 5062 541 5118 αποδεδο
546 5060 705 5132 μένον
717 5056 897 5127 λόγον.

1002 5256 1208 5312 AAAO.

523 5382 627 5446 Είς
654 5378 721 5433 τὸ
740 5375 924 5446 [αὐτὰ
947 5374 1028 5440 ὡς
1051 5373 1122 5426 ἐκ
1158 5368 1278 5425 τῶν
1299 5369 1374 5424 δι’
1397 5367 1694 5424 ἐναντίας.

392 5492 725 5563 Γέγραπται,
753 5490 906 5559 φησὶ,
928 5488 1056 5559 περὶ
1079 5485 1234 5550 Υίοῦ,
1271 5485 1354 5539 ὃτι
1396 5502 1415 5534 ι
1451 5480 1701 5551 Τοσούτῳ
1725 5478 1904 5550 κρείτ-

1988 3305 2055 3361 de
2086 3303 2153 3358 iis
2176 3318 2297 3373 quae
2325 3317 2384 3357 re
2413 3315 2538 3356 vera
2583 3298 2724 3353 facta
2770 3305 2921 3354 sunt.
2958 3307 3118 3349 nemo
3160 3299 3307 3346 certe
3348 3285 3565 3357 proprie

1988 3412 2054 3453 ac
2101 3395 2422 3452 naturaliter
2462 3392 2564 3448 dici
2616 3390 2866 3446 ostendet
2904 3384 3191 3458 generari;
3248 3382 3372 3452 quia
3407 3383 3568 3439 Itam-

1985 3489 2087 3545 etsi
2121 3496 2434 3558 generatum
2458 3486 2738 3551 appareat,
2772 3480 2933 3535 habet
2964 3487 3142 3531 tamen
3175 3482 3299 3527 ante
3326 3484 3387 3525 se
3417 3468 3562 3538 quod

1987 3577 2190 3634 factum
2225 3579 2296 3631 sit
2329 3590 2357 3629 a
2389 3575 2670 3629 Creatore.
2704 3565 3177 3638 Quemadmodum
3212 3564 3374 3617 homo
3398 3575 3566 3629 gene-

1988 3680 2142 3726 ratur
2169 3669 2406 3737 quidem,
2445 3666 2619 3720 factus
2649 3671 2826 3716 tamen
2855 3666 2940 3712 est
2971 3673 2985 3708 :
3020 3665 3183 3723 atque
3214 3653 3319 3707 hoc
3347 3650 3565 3721 quidem

1990 3760 2069 3815 illi
2110 3758 2280 3825 magis
2330 3752 2611 3825 proprium
2643 3759 2772 3814 est,
2824 3761 2989 3817 quam
3046 3742 3197 3798 illud.
3246 3740 3303 3794 Si
3328 3753 3456 3794 vero
3489 3737 3569 3792 di-

1991 3860 2187 3905 cantur
2238 3844 2480 3900 nonnulli
2526 3856 2625 3912 per
2675 3839 2936 3909 Spiritum
2992 3834 3160 3906 geniti
3187 3848 3307 3887 esse
3345 3831 3483 3885 :sed
3514 3838 3571 3885 et

1992 3940 2049 3995 lii
2082 3939 2148 3993 ad
2180 3936 2536 3992 imitationem
2575 3932 2763 3996 Verbi,
2803 3927 2945 3998 quod
2996 3939 3122 3980 vere
3163 3939 3228 3977 ex
3275 3922 3435 3976 Patre
3479 3934 3572 3989 ge-

1992 4033 2167 4089 nitum
2195 4036 2303 4094 est,
2346 4028 2419 4083 ita
2452 4034 2720 4081 vocantur
2753 4039 2767 4076 :
2801 4018 2925 4075 facti
2964 4028 3144 4072 tamen
3184 4028 3305 4070 esse
3334 4028 3439 4067 non
3478 4012 3572 4067 de-

1994 4123 2221 4187 sinunt;
2262 4119 2514 4189 quocirca
2556 4112 2922 4187 generationis
2957 4122 3151 4164 nomen
3201 4104 3425 4160 abusive
3470 4117 3571 4169 po-

1997 4217 2104 4271 tius
2132 4229 2292 4284 quam
2322 4210 2539 4281 proprie
2566 4209 2632 4262 de
2662 4208 2727 4261 iis
2755 4220 2873 4276 qum
2894 4202 3033 4258 facta
3075 4206 3225 4261 sunt,
3252 4202 3570 4266 usurpatur.

1994 4306 2245 4367 Genitnm
2276 4319 2431 4367 vero,
2474 4299 2690 4355 tametsi
2743 4299 2956 4354 dicatur
2990 4294 3192 4350 factum
3235 4304 3391 4355 esse,
3440 4287 3573 4343 nihil

1999 4399 2184 4455 damni
2222 4397 2347 4451 inde
2398 4393 2653 4465 percipit,
2687 4406 2811 4447 cum
2865 4402 3020 4443 sacra
3077 4386 3360 4454 Scriptura
3409 4379 3573 4436 indif-

1999 4490 2240 4546 ferenter
2278 4504 2343 4543 eo
2390 4483 2776 4544 utatur..Dicit
2819 4480 2964 4551 quod
3016 4477 3143 4532 facti
3174 4476 3284 4530 sint
3322 4473 3425 4529 Job
3478 4471 3573 4525 filii

2002 4592 2230 4652 septem,
2264 4589 2318 4634 et
2346 4578 2483 4636 filiae.
2503 4586 2612 4631 tres
2649 4572 2875 4631 ".ltem
2908 4586 2922 4623 :
2960 4589 2979 4622 ι
3017 4567 3438 4623 EratAbrabam
3485 4579 3578 4618 an-

2004 4665 2725 4736 norum.centumttutando
2778 4661 2955 4716 factus
3007 4668 3091 4713 est
3132 4658 3179 4712 ei
3244 4656 3393 4712 lsaac
3438 4653 3578 4706 filius

2004 4765 2122 4835 ejus
2150 4764 2219 4818 “.
2266 4781 2282 4813 ι
2323 4762 2378 4820 Si
2411 4774 2537 4814 vero
2567 4758 2707 4828 quod
2744 4763 3059 4826 generatum
3096 4761 3200 4813 est,
3230 4747 3430 4801 factum
3458 4759 3578 4798 esse

2002 4859 2199 4915 dicitur
2221 4856 2383 4912 etiam
2421 4852 2476 4907 in
2507 4850 2840 4912 hominibus,
2875 4844 3249 4901 indiﬂereuter
3283 4843 3384 4893 hoc
3408 4836 3573 4891 etiam

2002 4950 2257 5019 accipiat,
2301 4948 2345 5002 si
2385 4946 2508 5016 quis
2553 4948 2621 5000 de
2667 4942 2805 4997 Filio
2852 4940 2907 4995 id
2940 4937 3045 4992 dici
3090 4933 3347 4988 audierit.
3399 4930 3473 4984 De
3517 4931 3582 4984 iis

2010 5048 2188 5096 autem
2221 5055 2341 5109 qua:
2381 5038 2521 5092 facta
2572 5045 2720 5099 sunt,
2758 5048 2863 5086 non
2907 5030 3033 5084 item
3075 5023 3447 5080 indilferenter
3493 5036 3584 5080 ac-

2006 5133 2192 5206 cipiet,
2231 5133 2301 5188 ob
2332 5132 2595 5185 rationem
2621 5128 2734 5198 jam
2766 5126 2993 5180 dictam.

2673 5236 2908 5294 ALIUD.

2200 5358 2265 5412 In
2295 5358 2471 5423 idem,
2525 5369 2588 5409 ea:
2645 5350 2937 5422 objectione
2987 5343 3375 5400 hwrelicorum.

2077 5472 2349 5541 Scriptum
2373 5476 2479 5533 est,
2530 5465 2803 5537 inquiunt,
2841 5461 2910 5516 de
2943 5457 3100 5523 Filio,
3148 5455 3314 5525 quod,
3360 5471 3379 5504 ι
3431 5458 3580 5505 tanlo

322 5604 431 5640 των
458 5542 747 5656 γὲνόμενος
765 5542 1175 5649 ἓῶνᾎιγέέλων.
1218 5542 1236 5629 ἑ
1283 5576 1505 5647 Ἐπειδὴ
1551 5575 1611 5629 δὲ
1655 5542 1883 5642 sua...

2009 5564 2202 5619 melior
2230 5563 2406 5617 factus
2442 5561 2510 5615 sit
2541 5556 2768 5630 angelis.
2805 5574 2823 5607 ι
2870 5552 3004 5609 Cum
3054 5563 3185 5605 vero
3217 5542 3583 5617 comparatio-

2454 5654 2470 5656 _
2545 5653 2555 5656 -
2676 5650 2688 5656 -
2882 5648 2895 5656 .
3357 5636 3577 5656 LA---

324 5636 394 5731 ai
412 5636 744 5748 συγκρίσεις.
764 5673 851 5728 ἀεὶ
871 5636 1117 5742 γίνεσθαι
1147 5669 1277 5739 περὶ
1307 5668 1375 5721 τὰ
1398 5636 1618 5736 ὁμοειδῆ
1640 5636 1779 5735 (οὐδὲ
1800 5662 1883 5733 ys;

2020 5674 2114 5714 nes
2164 5671 2377 5727 semper
2445 5653 2559 5708 ficri
2612 5650 2823 5707 soleant
2882 5648 3025 5703 inter
3069 5659 3132 5699 ea
3180 5656 3300 5712 qure
3342 5636 3582 5710 ejusdem

388 5836 432 5867 "
462 5832 627 5892 ﬂeor.
660 5850 702 5904 ι,
736 5832 787 5887 5.
874 5831 918 5861 ⁹²
948 5830 1075 5887 ibid.
1122 5830 1172 5883 6.
1254 5827 1298 5858 ³³
1337 5824 1439 5881 Job
1470 5840 1506 5893 ι,
1543 5824 1596 5876 2.
1671 5824 1715 5855 οδ
1754 5821 1888 5879 Gen.
1928 5835 2040 5885 xm,
2075 5821 2128 5873 6.
