4124 6574
587 377 692 438 343

587 508 716 558 sunt
747 499 942 569 speciei
978 500 1174 568 (neque
1207 497 1352 551 enim
1383 496 1655 566 quispiam
1707 505 1857 552 recte
1888 494 2162 552 hominem

590 607 731 661 equo
758 588 1072 648 contulerit.
1111 598 1204 642 attt
1233 603 1389 642 ovem
1415 589 1560 654 cani,
1618 589 1712 643 sed
1747 587 2022 642 hominem
2059 585 2157 639 ho-

549 721 552 724 .
591 682 831 737 minibus
857 720 872 744 ,
911 689 966 734 et
1017 693 1169 735 ovem
1206 680 1293 734 ovi
1319 678 1363 750 ),
1417 681 1792 735 necessarium
1824 678 2050 734 omnino
2081 685 2164 729 est

549 813 552 817 λ
593 787 652 830 ιιι
682 776 884 830 factum
914 787 1033 828 esse
1071 773 1264 826 Filium
1313 771 1606 834 fateamur,
1652 787 1778 828 cum
1805 778 2161 840 comparetur

590 865 820 934 angelis,
844 878 1075 932 quorum
1109 873 1302 918 natura
1336 861 1479 918 facta
1505 872 1609 918 est.

1089 973 1300 1029 Salutio
1333 972 1656 1042 objectiom‘s.

571 1085 575 1094 ’
665 1090 851 1144 Solent
911 1090 1128 1157 quidem
1180 1087 1619 1156 comparationes
1663 1087 1805 1138 inter
1857 1100 1944 1140 res
1986 1085 2168 1152 specie

592 1180 976 1234 convenientes
1003 1177 1140 1231 ﬁeri.
1175 1174 1280 1230 Sed
1311 1190 1432 1229 cum
1463 1173 1728 1242 ejusmodi
1760 1174 1902 1227 inter
1930 1188 1987 1226 se
2019 1187 2165 1225 com-

592 1281 898 1340 parantur,
959 1283 1142 1323 vocent
1192 1265 1358 1330 illam,
1403 1284 1421 1316 ι
1478 1263 1669 1318 melior
1716 1284 1733 1314 ι
1781 1279 1888 1317 non
1937 1261 2170 1316 libenter

594 1377 769 1430 neque
805 1360 1024 1429 pmprie
1051 1357 1382 1420 admittunt;
1417 1355 1508 1409 sed
1540 1357 1713 1423 magis
1760 1364 1816 1407 et
1856 1354 2036 1406 minus
2070 1369 2166 1422 po-

595 1455 702 1510 tius
735 1455 814 1509 eis
846 1451 1122 1516 convenit,
1156 1458 1248 1504 aut
1275 1464 1386 1518 pm
1422 1448 1695 1502 interdum
1722 1446 1890 1500 etiam
1925 1446 2049 1515 plus
2099 1445 2168 1499 de

591 1548 672 1602 eis
715 1545 821 1600 dici
856 1560 870 1597 :
928 1544 1126 1612 quippe
1161 1557 1280 1611 qua:
1333 1539 1506 1609 magis
1550 1537 1827 1608 propriam
1877 1552 2168 1607 compara-

593 1641 789 1696 tionem
841 1638 1078 1694 ostendit
1123 1653 1136 1688 :
1187 1638 1255 1690 ita
1289 1633 1499 1703 'Joseph
1547 1634 1821 1689 formosus
1854 1632 1973 1702 plus
2006 1647 2168 1701 qnam

592 1734 788 1786 fratres
820 1733 902 1786 sui
935 1729 1132 1784 dicitur
1158 1729 1226 1780 ⁸⁵.
1258 1725 1424 1780 Stella
1455 1740 1586 1779 vero
1632 1739 1742 1777 non
1779 1723 1941 1794 203
1974 1723 2171 1778 dicitur

588 1825 781 1878 melior
816 1837 978 1891 quam
1010 1821 1117 1874 alia
1154 1819 1333 1881 Stella,
1363 1819 1456 1872 sed
1515 1815 1799 1875 excellere
1847 1815 2047 1886 gloria.
2088 1813 2167 1868 Ita

589 1917 851 1973 Servatur
878 1915 1096 1983 quando
1135 1912 1444 1969 hominibus
1494 1919 1551 1964 ut
1599 1910 1762 1964 homo
1791 1917 2164 1977 comparatur,

589 2022 698 2061 non
733 2005 934 2060 dicitur
989 2003 1184 2058 melior
1233 2001 1677 2070 pulchritudine,
1733 1999 1829 2054 sed
1897 1998 2169 2053 formosus

589 2112 702 2167 pra:
732 2097 856 2151 tiliis
887 2095 1165 2150 hominum
1191 2093 1259 2146 “.
1315 2092 1449 2150 Cum
1477 2107 1605 2145 vero
1635 2107 1756 2160 qua:
1785 2091 2016 2147 diversa:
2044 2105 2169 2161 spe-

587 2189 701 2244 ciei
725 2198 853 2242 sunt
897 2189 1038 2241 inter
1063 2202 1122 2240 se
1155 2193 1565 2254 comparantur,
1601 2191 1713 2237 tum
1751 2183 1922 2254 magis
1948 2183 2169 2252 proprie

589 2281 814 2344 dicitur,
853 2279 1066 2334 melius.
1126 2281 1300 2346 Atque
1329 2279 1399 2332 ita
1439 2278 1708 2346 scriptum
1758 2285 1843 2330 est
1886 2292 1950 2328 ει
1982 2275 2170 2330 Melior

591 2381 673 2426 est
704 2370 847 2425 enim
882 2370 1154 2437 sapientia
1175 2384 1337 2439 quam
1369 2370 1576 2438 lapides
1592 2369 1820 2438 pretiosi
1841 2369 1909 2424 ’°.
1946 2387 1966 2420 ι
2003 2369 2164 2435 ane-

593 2477 718 2516 nam
748 2461 892 2518 enim
926 2471 1009 2516 est
1043 2461 1274 2515 societas
1314 2468 1522 2513 natura:
1553 2459 1834 2526 sapientia‘
1857 2474 1980 2514 cum
2027 2460 2162 2528 lapi-

594 2556 754 2610 dihus
773 2554 804 2606 ?-
831 2552 886 2605 Si
933 2567 1070 2618 ergo
1117 2551 1459 2620 comparatio
1517 2565 1702 2604 rerum
1756 2551 1938 2619 specie
1972 2565 2170 2606 conve-

593 2645 860 2698 nientium
897 2643 1059 2699 aliain
1093 2643 1361 2696 rationem
1412 2641 1596 2705 habet,
1651 2639 1719 2695 de
1761 2643 1828 2696 iis
1877 2659 2006 2698 vero
2049 2657 2170 2713 qua:

592 2737 884 2792 secundum
947 2742 1194 2788 naturam
1256 2749 1407 2788 suam
1463 2733 1696 2789 diversa:
1747 2743 1872 2788 sunt
1926 2736 2169 2803 speciei.

592 2829 784 2883 melius
808 2828 1006 2882 dicitur
1032 2842 1053 2883 :,
1085 2837 1233 2881 certe
1275 2826 1443 2880 Filius
1465 2827 1674 2895 angelis
1689 2827 1887 2882 similis
1912 2842 2017 2880 non
2043 2829 2169 2890 erit,

594 2934 769 2989 neque
805 2917 978 2973 facws
1008 2927 1066 2972 ut
1099 2918 1197 2984 illi,
1231 2919 1326 2974 sed
1361 2917 1711 2990 hyperbolica
1759 2921 2168 2987 comparatione

593 3014 696 3066 hoc
748 3012 857 3066 ﬁet.
893 3014 1072 3081 Atque
1090 3027 1152 3065 ea
1200 3012 1313 3080 ipsa
1351 3012 1560 3068 ratione
1584 3027 1693 3082 qua
1727 3012 1926 3068 dicitur
1955 3012 2166 3076 melior,

589 3103 817 3159 diversae
847 3102 1026 3172 potius
1054 3118 1216 3170 quam
1245 3100 1488 3170 ejusdem
1523 3105 1724 3173 speciei
1754 3119 1878 3159 cum
1931 3104 2012 3158 eis
2039 3105 2166 3160 erit.

1120 3213 1354 3278 ALIUD,
1393 3214 1450 3268 in
1483 3215 1639 3269 idem.

663 3323 746 3390 Si,
774 3323 899 3392 quia
927 3337 1085 3377 sacra
1115 3323 1399 3393 Scriptura
1433 3325 1563 3380 dicit
1593 3344 1606 3381 :
1635 3343 1654 3378 σ
1679 3324 1853 3383 Tanto
1881 3327 2070 3382 melior
2097 3327 2174 3381 fa-

593 3423 715 3468 ctus
747 3415 983 3485 angelis,
1015 3435 1034 3468 ›
1075 3415 1315 3484 ejusdem
1347 3418 1545 3485 speciei
1581 3432 1704 3472 cum
1740 3419 1945 3492 angelis
1973 3429 2057 3475 est
2081 3418 2172 3473 Fi-

594 3506 721 3568 lius,
760 3517 947 3574 utpote
985 3507 1066 3562 eis
1113 3517 1486 3575 comparatus,
1517 3508 1734 3562 videant
1765 3524 1926 3577 quam
1963 3509 2176 3578 pericu-

595 3598 709 3653 l05a
743 3598 866 3652 inde
898 3607 1154 3666 sequatur
1200 3599 1611 3667 consequentia.
1640 3599 1790 3669 gQuid
1823 3601 1967 3655 enim
1998 3602 2177 3658 oberit

595 3687 884 3760 quominus
941 3688 1050 3743 Deo
1098 3689 1341 3744 assidere
1387 3689 1631 3760 angelos,
1680 3706 1895 3760 unaque
1941 3707 2062 3746 cum
2110 3707 2174 3746 eo

595 3795 824 3850 regnare
878 3780 1160 3844 dicamus,
1217 3780 1464 3847 nihilque
1523 3781 1873 3838 excellentius
1925 3783 1979 3836 in
2036 3781 2174 3837 Filio

591 3873 752 3942 tinam
788 3871 840 3926 in
892 3871 1105 3942 angelis
1149 3871 1313 3928 esse?
1341 3870 1476 3926 Nam
1518 3889 1640 3943 qua:
1681 3874 1924 3943 ejusdem
1975 3877 2171 3945 speciei

593 3972 740 4026 sntit,
776 3962 991 4017 tametsi
1033 3963 1326 4032 quamdam
1381 3963 1521 4018 inter
1566 3979 1624 4019 se
1666 3963 2028 4019 dilferentiam
2075 3968 2171 4020 ha-

593 4055 784 4119 heant,
816 4052 1058 4122 ejusdem
1095 4061 1274 4110 tamen
1308 4065 1434 4110 sunt
1485 4066 1714 4111 naturae.
1754 4056 1865 4111 llac
1898 4056 2041 4110 enim
2090 4073 2175 4110 ra-

597 4145 748 4198 tione
787 4146 949 4199 etiam
979 4144 1220 4214 ejusdem
1253 4145 1449 4215 speciei
1481 4147 1608 4204 sint.
1642 4147 1906 4214 Quocirca
1946 4163 2066 4202 cum
2109 4149 2175 4203 de

595 4232 805 4303 angelis
830 4232 1077 4288 dicatur:
1101 4251 1120 4285 ι
1149 4232 1378 4289 Faciens
1402 4235 1622 4306 angelos
1644 4251 1770 4290 suos
1799 4237 2022 4306 spiritus
2039 4237 2123 4304 1"';
2151 4258 2168 4290 ι

593 4327 661 4378 de
690 4323 825 4378 Filio
853 4333 1033 4378 autem
1066 4341 1079 4376 :
1114 4341 1132 4374 ‹
1162 4322 1331 4380 Sedes
1361 4334 1472 4392 tua,
1506 4325 1666 4391 Deus,
1703 4329 1755 4382 in
1781 4327 2036 4383 saeculum
2069 4343 2171 4384 sat:-

594 4416 698 4472 culi
725 4416 805 4483 9’;
837 4434 855 4467 ι
895 4423 950 4470 et
975 4415 1177 4486 angeli,
1201 4415 1357 4486 juxta
1390 4417 1604 4472 illorum
1651 4419 1982 4485 Opinionem,
2024 4421 2170 4490 ejus-

591 4507 713 4559 dem
743 4506 856 4560 sint
877 4506 1074 4574 speciei
1103 4520 1224 4561 cum
1255 4507 1412 4574 Filio,
1443 4509 1566 4577 quia
1599 4509 1851 4564 nimirum
1881 4512 2001 4567 ideo
2026 4513 2169 4581 quod

592 4598 792 4653 dicitur
823 4599 1038 4667 melior,
1075 4615 1197 4654 cum
1232 4599 1317 4656 eis
1358 4613 1747 4671 comparatur:
1781 4605 1916 4658 nihil
1946 4605 2172 4660 obstite-

592 4689 668 4742 rit
714 4689 1007 4757 quominus
1051 4691 1214 4745 etiam
1266 4692 1443 4762 angeli
1487 4693 1698 4762 possint
1750 4695 1992 4750 assidere
2029 4696 2170 4759 Deo;

591 4781 814 4834 tametsi
861 4794 1019 4836 nemo
1046 4796 1235 4837 eorum
1287 4797 1406 4838 eam
1443 4784 1757 4853 dignitatem
1798 4785 1868 4839 sit
1911 4787 2170 4856 adeptus;

592 4873 930 4943 frustraque,
975 4885 1032 4930 ut
1073 4875 1367 4930 verisimile
1413 4885 1520 4939 est,
1566 4875 1766 4930 Paulus
1804 4876 1982 4931 dicit:
2022 4897 2040 4929 ι
2073 4878 2171 4934 Cui

593 4963 737 5018 enim
802 4979 1038 5033 unquam
1089 4966 1406 5037 angelorum
1463 4968 1649 5022 dixit:
1696 4967 1833 5024 Sede
1881 4986 1912 5024 a
1969 4972 2174 5027 dextris

591 5057 729 5112 meis
761 5058 819 5110 '?
850 5077 874 5108 ιλ
911 5059 1019 5113 Aut
1083 5060 1354 5128 quomodo
1422 5059 1549 5115 illud
1608 5070 1858 5130 tanquam
1910 5065 2169 5120 eximium

595 5145 821 5216 largitur
851 5147 1015 5213 Filio,
1051 5150 1096 5204 si
1139 5149 1456 5219 angelorum
1499 5167 1714 5221 quoque
1759 5165 1952 5209 natura
1985 5155 2038 5211 id
2068 5157 2168 5212 sibi

593 5239 856 5306 vindicat,
902 5241 1169 5309 siquidem
1205 5239 1445 5309 ejusdem
1487 5251 1614 5297 sunt
1657 5259 1779 5300 cum
1816 5259 1880 5300 eo
1930 5247 2171 5317 speciei?

593 5328 788 5385 Omnia
826 5331 971 5385 enim
1009 5332 1168 5389 unius
1198 5341 1399 5392 natura:
1430 5335 1712 5401 attributa,
1762 5352 1883 5392 cum
1915 5338 2166 5394 omnibus

591 5418 828 5488 ejusdem
857 5424 1054 5490 speciei
1082 5434 1208 5480 sunt
1231 5429 1559 5481 communia.
1587 5426 1963 5496 Prmrogativa:
1986 5439 2165 5484 autem

593 5527 714 5582 qum
759 5512 1062 5582 adjectione
1110 5516 1288 5586 aliqua
1319 5518 1551 5586 cuipiam
1606 5519 1878 5582 accidunt,
1932 5521 1997 5574 ad
2034 5521 2163 5574 sul)-

589 5605 841 5659 stantiam
885 5621 990 5661 non
1035 5607 1325 5676 pertinent.
1379 5605 1623 5679 Exempli
1652 5609 1845 5682 gratia,
1898 5627 2002 5666 una
2046 5613 2166 5682 qni-

663 5787 708 5820 "
727 5785 859 5841 Gcn.
889 5800 1075 5853 xxxix,
1114 5785 1166 5840 6.
1247 5788 1292 5818 θ·
1317 5785 1460 5842 Psal.
1495 5802 1638 5850 XLIV,
1664 5787 1716 5843 '5.
1797 5790 1840 5821 ³⁷
1880 5787 2037 5847 Prov.
2080 5806 2168 5847 \‘tli

1592 381 1651 435 S.
1692 379 1966 436 CYRILLI
2003 375 2468 435 ALEXANDRINI
2510 377 2827 432 ARCHIEP.

3819 378 3937 432 ευ

2195 500 2239 554 Α
2267 493 2334 547 ἂν
2363 511 2448 557 τις
2470 495 2708 562 εὐλόγως
2737 496 2890 566 ἵππῳ
2917 495 3208 563 συγκρίναι
3239 495 3333 548 τὸν
3354 495 3683 566 ἄνθρωπον
3712 491 3757 561 ἢ
3796 495 3932 544 πισταὶ

2265 587 2325 640 τὸ
2354 587 2646 658 πρόϐατον,
2705 587 2820 640 ἀλλ’
2871 586 3157 658 ἄνθρωπον
3203 586 3308 656 μὲν
3351 583 3734 656 ἀνθρώποις,
3761 583 3839 636 τὸ
3872 585 3932 635 δε

2268 675 2539 746 πρόϐατον
2565 675 2646 746 τῷ
2685 675 2988 747 προϐάτῳ),
3018 675 3232 745 ἀνάγκη
3255 675 3408 729 πᾶσα
3451 672 3729 742 γενητὸν
3776 666 3928 725 εἶναι

2269 765 2646 837 συνομολογεῖν
2667 766 2761 820 τὸν
2789 766 2937 832 Υἱὺν,
2979 767 3038 830 ὃς
3074 765 3326 835 ἀγγέλοις
3371 762 3787 833 συγκρίνεται
3813 763 3932 822 τῡῖἶ

2268 857 2500 928 γενητὴν
2521 856 2702 928 ἔχουσι
2729 856 2829 929 τὴν
2857 857 3039 926 φύσιν.

2765 972 2922 1041 Πρὸς
2951 971 3130 1027 τοῦτο
3149 971 3350 1038 λύσις.

2337 1086 2553 1140 Φιλοῦσι
2577 1087 2674 1157 μὲν
2694 1081 3146 1157 ὁμολογουμένως
3195 1083 3252 1135 ὲν
3300 1080 3412 1144 τοῖς
3467 1072 3838 1148 ὀμοειδὲσιν
3867 1073 3922 1125 αἱ

2273 1179 2589 1251 συγκρίσεις
2643 1176 2909 1247 γίνεσθαι.
2958 1175 3098 1230 Ἀλλ’
3133 1174 3263 1228 ὅταν
3316 1171 3386 1226 τὰ
3438 1167 3707 1224 τοιαῦτα
3773 1167 3919 1234 πρὸς

2270 1273 2474 1344 ἄλληλα
2508 1271 2781 1344 κρίνηται,
2814 1269 2874 1323 τὸ
2925 1287 2943 1320 ι
2982 1266 3251 1339 κρείττων
3289 1283 3308 1316 ›
3365 1262 3658 1331 λέγεσθαι
3707 1260 3914 1329 μισεῖ,

2272 1369 2366 1421 καὶ
2395 1366 2493 1420 οὐκ
2525 1365 2742 1427 οἰκείως
2801 1361 3105 1425 ὲπιδέξεται
3159 1359 3259 1430 τὴν
3286 1357 3498 1429 φωνήνο
3546 1350 3834 1424 ἁρμόσει
3859 1349 3911 1402 δὲ

2271 1460 2358 1514 ἐπ’
2387 1457 2569 1512 αὐτῶν
2603 1457 2664 1510 τὸ
2699 1455 2900 1526 μᾶλλον
2922 1454 3021 1507 καὶ
3045 1451 3107 1505 τὸ
3133 1445 3317 1524 ἦττον,
3347 1448 3444 1504 καὶ
3483 1447 3551 1500 τὸ
3583 1443 3910 1512 διαφερόν-

2270 1565 2378 1612 τως
2407 1547 2684 1615 λέγεσθαι,
2713 1545 2805 1598 καὶ
2859 1544 2921 1596 τὸ
2965 1542 3128 1603 πλέον
3181 1540 3292 1594 ἐσθ’
3321 1540 3428 1593 ὅτε·
3459 1536 3498 1591 ἃ
3525 1535 3598 1606 δὴ
3667 1535 3780 1587 καὶ
3812 1551 3906 1585 κυ-

2275 1640 2538 1712 ριωτέραν
2597 1637 2831 1692 δεικνύει
2893 1637 2991 1707 τὴν
3040 1635 3360 1706 σύγκρισιν·
3413 1633 3610 1694 οὕτως
3689 1629 3901 1698 Ἰωσὴφ

2273 1733 2470 1804 ὡραῖος
2504 1730 2656 1801 παρὰ
2682 1730 2808 1792 τοὺς
2835 1726 3118 1798 ἀδελφούς.
3185 1725 3384 1796 Ἀστὴρ
3409 1723 3468 1776 δὲ
3510 1720 3708 1775 πάλιν
3740 1720 3900 1771 datio

2203 1850 2244 1904 Β
2275 1837 2367 1886 ρος
2405 1819 2464 1872 ού
2499 1816 2786 1887 κρείττων,
2819 1815 2954 1868 ἀλλὰ
3007 1813 3256 1885 διαφέρει
3290 1816 3346 1865 ὲν
3396 1812 3531 1882 δόξῃ
3562 1826 3578 1842 ·
3629 1808 3832 1904 οὕτως
3871 1810 3900 1859 ὁ

2273 1910 2484 1980 Σωτὴρ,
2523 1910 2613 1963 ὅτε
2635 1912 2747 1972 τοῖς
2765 1906 3072 1978 ἀνθρώποις
3125 1907 3202 1970 ὡς
3227 1905 3515 1976 ἄνθρωπος
3573 1902 3890 1971 συγκρίεε-

2270 2017 2382 2065 ται,
2417 2000 2480 2054 ού
2511 1998 2777 2071 κρείττων
2815 1997 3000 2052 κάλλει
3033 1997 3274 2065 λέγεται,
3300 1996 3414 2049 ἀλλ’
3447 1995 3675 2064 ὡραῖος
3737 1994 3890 2060 πειρεὶ

2267 2095 2398 2157 τοὺς
2431 2093 2582 2156 υἱοὺς
2603 2091 2716 2145 τῶν
2737 2088 3059 2162 ἀνθρώπων.
3087 2089 3217 2142 Ὅτε
3241 2087 3297 2141 δὲ
3324 2087 3390 2141 τὰ
3413 2088 3499 2139 έτε
3510 2085 3718 2156 ροειδῆ
3754 2085 3887 2155 ερὲς

2271 2183 2479 2255 ἄλληλα
2524 2183 2622 2254 τὴν
2663 2182 2949 2253 σύγκρισιν
2977 2180 3109 2250 ἔχει,
3168 2179 3290 2234 τότε
3327 2179 3557 2247 λέγεται
3586 2179 3655 2229 τὸ
3700 2177 3886 2246 κρεέτο

2271 2293 2363 2329 τον
2389 2271 2913 2345 ο.ίκειότερον.;οὓτω
2935 2271 3031 2326 καὶ
3046 2271 3379 2342 γέγραπται·
3402 2268 3759 2338 ιΚρείσσων
3783 2264 3884 2332 γὰρ

2274 2369 2435 2439 σοφία
2465 2367 2630 2422 λίθων
2661 2364 2988 2420 πολυτελῶν.
3025 2383 3044 2416 ι
3085 2364 3222 2417 Ποία
3249 2361 3308 2416 δὲ
3349 2359 3631 2421 κοινωνιίαῖ
3659 2357 3882 2427 φύσεως

2274 2462 2438 2533 σοφίᾳ
2477 2461 2572 2514 καὶ
2621 2459 2827 2525 λίθοις;
2859 2459 2925 2512 Εἰ
2979 2456 3158 2511 τοίνυν
3187 2456 3378 2525 ἓτερον
3410 2454 3514 2524 μὲν
3556 2451 3686 2520 ἔχει
3710 2449 3884 2503 τύπον

2273 2555 2331 2606 ἐν
2359 2555 2474 2616 τοῖς
2500 2551 2802 2623 ὁμοειδέσιν
2827 2552 2861 2618 ἠ
2890 2549 3202 2619 σύγκρισις,
3229 2547 3324 2600 ἐπὶ
3357 2545 3414 2601 δὲ
3443 2544 3557 2597 τῶν
3597 2543 3880 2613 ἀνομοίων

2273 2644 2416 2700 κατὰ
2435 2645 2533 2716 τὴν
2555 2641 2718 2713 φύσιν
2744 2641 2807 2694 τὸ
2828 2643 3076 2712 κρεῖττον
3099 2638 3380 2700 τάττεται,
3417 2636 3525 2688 οὐκ
3545 2634 3718 2687 ἔσται
3775 2637 3878 2692 mi;

2273 2736 2525 2805 ἀγγέλοις
2550 2736 2733 2805 ὅμοιος
2765 2733 2794 2785 6
2825 2731 2974 2795 Υἱὸς,
3007 2730 3128 2784 οὐδὲ
3163 2729 3391 2800 γενητὸς
3414 2727 3618 2798 ὥσπερ
3650 2729 3875 2783 ἐκεῖνοι,

2272 2828 2386 2882 ἀλλ’
2415 2827 2781 2900 ύπερϐολικὴν
2836 2825 2965 2896 ἔχει·
2995 2824 3096 2895 τὴν
3139 2821 3449 2892 σύγκρισιν.
3503 2821 3618 2872 Καὶ
3659 2819 3752 2871 διὰ
3788 2817 3875 2869 τοὶ

2272 2920 2527 2988 λέγεσθαι
2594 2918 2859 2990 κρείττων
2898 2957 2914 2982 ,
2979 2913 3281 2990 ὲτεροειδὴς
3336 2912 3485 2965 ἔσται
3565 2910 3778 2981 μᾶλλον

2271 3015 2396 3084 ὁμοε
2407 3013 2540 3084 ιδής.

2202 3183 2246 3242 C
2747 3208 2954 3272 AAAO,
2993 3209 3078 3272 εὶς
3119 3206 3182 3259 τὸ
3221 3205 3389 3258 αὑτό.

2348 3327 2412 3380 El
2444 3322 2531 3378 διὰ
2557 3323 2618 3377 τὸ
2642 3321 2822 3390 λέγειν
2846 3321 2946 3393 τὴν
2975 3319 3200 3390 Γραφὴν
3221 3359 3235 3384 ,
3269 3337 3286 3370 ι
3313 3317 3569 3388 Τοσούτῳ
3601 3317 3868 3388 κρείττων

2276 3417 2568 3486 γενόμενος
2596 3415 2706 3468 τῶν
2740 3413 3007 3484 ἀγγέλων,
3040 3430 3058 3464 ι
3094 3411 3343 3482 ὁμοειδὴς
3372 3410 3526 3464 ἔσται
3551 3414 3671 3473 τοῖς
3707 3412 3863 3480 ἀγγέ-

2274 3508 2388 3571 λοις
2435 3510 2464 3562 6
2513 3508 2639 3570 Υἱὸς
2678 3507 2751 3570 ὡς
2787 3505 2924 3576 πρὸς
2964 3504 3160 3567 αὐτοὺς
3206 3503 3342 3573 ἔχων
3395 3501 3496 3573 τὴν
3548 3504 3864 3572 σύγκρισιν,

2275 3599 2560 3671 δράτωσαν
2595 3601 2686 3651 ποῖ
2718 3615 2847 3651 ποτε
2883 3600 2912 3650 6
2940 3596 3096 3665 λόγος
3128 3597 3313 3660 αὐτοῖς
3353 3595 3863 3666 κινδυνεύσει.Ὥρα

2275 3691 2385 3762 γὰρ
2418 3690 2697 3762 ὁμολογεῖν
2729 3691 2822 3743 καὶ
2855 3688 3290 3760 συγκαθεσθῆναι
3342 3686 3604 3741 δύνασθαι
3637 3687 3719 3758 τῷ
3751 3687 3863 3757 Θεῷ

2273 3784 2400 3846 τοὺς
2427 3781 2691 3853 ἀγγέλους
2732 3783 2826 3834 καὶ¹
2874 3779 3292 3849 συμϐασιλεύειν
3329 3778 3475 3851 αύτῷ
3500 3797 3514 3809 ο
3547 3780 3648 3833 καὶ
3674 3779 3738 3832 τὸ
3767 3796 3857 3831 πε-

2279 3875 2456 3947 ριττὸν
2485 3873 2636 3926 οὐδὲν
2674 3874 2731 3924 ὲν
2771 3871 2885 3942 Υίῷ
2912 3874 3042 3943 παρ’
3079 3871 3341 3936 ἐκείνους.
3363 3872 3443 3926 Τὰ
3471 3871 3585 3942 γὰρ
3609 3872 3856 3942 ἀλλήλοις

2274 3963 2518 4034 ὁμοειδῆ,
2558 3962 2659 4016 κᾶν
2698 3963 2796 4035 ἔχῃ
2843 3962 2968 4015 τινὰ
3016 3964 3152 4034 πρὸς
3201 3963 3406 4034 ἄλληλα
3444 3964 3544 4033 τὴν
3572 3964 3852 4035 διαφορὰν,

2275 4055 2412 4109 ἀλλὰ
2435 4056 2534 4126 τῆς
2567 4056 2735 4126 αὐτῆς
2764 4056 2947 4127 ἔχεται
2975 4057 3209 4125 φύσεως.
3228 4055 3384 4110 υῦτω
3413 4056 3522 4125 γὰρ
3551 4055 3618 4108 ἂν
3656 4056 3736 4125 εἴη
3765 4056 3854 4107 καὶ

2273 4149 2512 4220 ὁμοειδῆ.
2543 4147 2749 4207 Οὐκοῦν
2791 4150 3095 4220 ἐπειδήπερ
3125 4149 3252 4219 περὶ
3291 4148 3392 4218 μὲν
3426 4147 3675 4216 ἀγγέλων
3708 4147 3854 4214 λέγε-

2272 4258 2395 4295 ται·
2456 4259 2473 4291 t
2497 4241 2554 4294 '0
2597 4241 2769 4293 ποιῶν
2814 4242 2939 4304 τοὺς
2989 4240 3253 4309 ἀγγέλους
3292 4236 3456 4292 αὑτοῦ
3493 4237 3795 4308 πνεύματα,
3827 4258 3844 4287 ι

2275 4329 2404 4398 περὶ
2451 4327 2510 4381 δὲ
2539 4327 2634 4381 τοῦ
2665 4328 2795 4380 Υἱοῦ
2817 4345 2828 4357 ·
2865 4347 2883 4380 ι
2906 4329 2966 4382 '0
3001 4329 3190 4400 θρόνος
3233 4346 3348 4394 σου,
3387 4331 3414 4382 6
3462 4327 3619 4392 Θεὸς,
3657 4332 3732 4391 εἷς
3761 4328 3847 4381 τὸν

2273 4419 2448 4474 αἰῶνα
2473 4418 2566 4472 τοῦ
2603 4418 2818 4485 αἰῶνος,
2853 4439 2871 4470 ι
2918 4421 3182 4490 ὁμοειδεῖς
3205 4420 3260 4474 δὲ
3285 4419 3505 4490 ἄγγελοι
3537 4421 3635 4472 καὶ
3671 4423 3698 4473 6
3726 4421 3845 4482 Υἱὸς

2205 4513 2397 4598 υκατ’
2431 4511 2690 4575 ἐκείνους,
2721 4511 2810 4564 διὰ
2857 4511 2918 4564 τὸ
2967 4513 3102 4582 πρὸς
3145 4514 3345 4576 αὐτοὺς
3390 4515 3448 4567 ἐν
3492 4512 3572 4584 τῷ
3604 4514 3844 4581 λέγεσθαι

2277 4601 2540 4672 κρείττων
2577 4599 2720 4672 ἔχειν
2769 4601 2870 4671 τὴν
2917 4600 3227 4673 σύγκρισιν’
3263 4601 3416 4655 οὐδὲν
3468 4601 3578 4673 ἄρα
3623 4601 3840 4655 κωλύσει

2277 4694 2369 4746 καὶ
2413 4691 2681 4762 ἀγγέλους
2724 4692 2983 4747 δύνασθαι
3038 4693 3470 4763 συγκαθεσθῆναι
3521 4694 3597 4764 τῷ
3639 4694 3765 4764 Θεῷ,
3793 4696 3839 4746 εξ

2257 4784 2372 4838 καὶ
2394 4786 2469 4855 μή
2497 4803 2579 4849 τις
2601 4786 2780 4839 αὐτῶν
2805 4784 3008 4857 ἠξιώθη
3035 4785 3129 4839 τοῦ
3156 4787 3502 4857 πράγματος.
3523 4787 3633 4839 Καὶ
3656 4787 3835 4856 μάτην,

2277 4877 2353 4940 ὡς
2379 4877 2548 4941 εἰκὸς,
2577 4879 2605 4930 6
2634 4878 2845 4941 Παῦλος
2875 4878 3024 4947 λέγει
3049 4895 3060 4908 υ
3097 4896 3114 4930 ι
3143 4877 3259 4931 Τίνι
3297 4879 3405 4948 γὰρ
3435 4873 3556 4931 εἶπέ
3590 4895 3711 4932 ποτε
3743 4879 3835 4931 τῶν

2276 4967 2525 5038 ἀγγέλων
2541 4985 2555 4998 ·
2580 4969 2764 5023 Κάθου
2787 4973 2851 5023 ὲκ
2873 4970 3061 5034 δεξιῶν
3093 4987 3225 5039 μου;
3254 4971 3354 5023 »Ἦ
3383 4971 3502 5033 πῶς
3526 4971 3679 5023 τοῦτο
3700 4971 3834 5024 δίδω-

2282 5078 2365 5116 σιν
2391 5061 2466 5124 ὡς
2489 5061 2766 5134 ἐξαίρετον
2787 5062 2866 5132 τῷ
2891 5062 3024 5133 Υίῷ,
3053 5062 3316 5133 ἑλκούσης
3341 5062 3473 5115 αὐτὸ
3504 5063 3637 5132 πρὸς
3658 5063 3831 5133 ἑαυτὴν

2280 5153 2374 5206 καὶ
2406 5153 2505 5225 τῆς
2537 5153 2644 5206 τῶν
2683 5155 2933 5223 ἀγγέλων
2967 5155 3204 5224 φύσεως,
3238 5156 3396 5226 εἴπερ
3429 5154 3568 5207 εἰσὶν
3596 5156 3830 5226 ὁμοειδεῖς

2274 5245 2410 5316 πρὸς
2443 5245 2638 5311 αύτὸν;
2671 5246 2842 5300 Κοινὰ
2884 5247 2993 5317 γὰρ
3035 5246 3206 5300 ἅπασι
3253 5250 3368 5311 τοῖς
3408 5249 3675 5319 ὁμοειδέσι
3697 5249 3756 5301 τὰ
3782 5249 3830 5300 ἐν

2273 5341 2339 5408 τῇ
2376 5337 2511 5409 αὐτῇ
2547 5337 2708 5406 φύσει
2741 5337 3078 5409 κείμενα.Τὰ
3099 5340 3155 5392 δὲ
3181 5341 3245 5394 ὲκ
3275 5341 3597 5412 προσθήκης
3625 5343 3827 5410 ἐπισυμ-

2275 5428 2530 5482 ϐαίνοντά
2549 5446 2661 5482 τισι
2689 5430 3160 5502 πλεονεκτήματα,
3187 5431 3288 5501 τῆς
3315 5432 3502 5496 οὐσίας
3550 5433 3647 5502 οὐχ
3683 5431 3821 5484 ἄπτε-
3910 5497 3915 5501 ρ

2273 5538 2381 5574 ται.
2417 5515 2542 5574 Οἷον
2578 5523 2676 5592 μία
2713 5523 2811 5593 μὲν
2837 5521 3145 5593 ἀνθρώποις
3181 5525 3213 5593 ἡ
3246 5524 3429 5592 φύσις,
3461 5521 3736 5577 πλουτοῦσι
3778 5522 3823 5575 δὲ

2271 5613 2332 5664 οὐ
2367 5612 2588 5678 πάντες,
2617 5605 2750 5668 οὔτε
2788 5615 2894 5687 μὴν
2922 5614 3298 5686 βασιλεύουσιο
3333 5615 3573 5670 δεκτικοὶ
3614 5615 3667 5668 δὲ
3698 5616 3820 5685 ὅμως

2181 5834 2194 5858 ,
2232 5793 2308 5848 19.
2392 5796 2436 5825 9“
2470 5793 2628 5849 llcht'.
2671 5813 2706 5864 ι,
2738 5797 2786 5849 7.
2868 5799 2911 5829 ’9
2955 5795 3096 5852 Psal.
3129 5813 3273 5865 attv,
3316 5798 3369 5852 7.
3451 5795 3714 5868 {Hebrln
3750 5799 3817 5853 15..
