4124 6538
122 381 306 459 διο

1607 394 2038 453 ΙῊΕΞΑΗΒΠΒ.

3366 397 3468 454 566
3495 429 3498 432 -

133 517 268 570 καὶ
304 515 548 570 τούτων
571 515 730 570 εἰσιν.
748 511 889 568 Ἀλλ’
907 512 1078 576 οὐδεὶς
1098 511 1385 581 ἐπιτρέπει
1408 513 1518 575 τοῖς
1544 512 1798 581 ἀγγὲλοις

1909 512 2024 568 dem
2050 521 2136 569 est
2168 512 2445 569 hominum
2488 523 2700 581 natura,
2741 523 2795 569 at
2827 530 2931 570 non
2962 527 3152 572 omnes
3181 520 3307 570 sunt
3332 528 3469 584 opu-

133 605 274 678 τὴν
317 607 482 661 Υἱοῦ
515 607 676 672 δόξαν
703 607 889 678 φορεῖν
909 623 922 636 ·
973 607 1005 658 6
1048 603 1146 672 μὲν
1188 603 1297 676 γὰρ
1326 603 1621 674 Δεσπότης,
1649 603 1714 656 τὰ
1741 603 1797 655 δὲ

137 697 365 752 δοῦλα
417 700 703 771 τυγχάνει.
751 699 862 767 Οὐχ
910 695 1176 769 ὁμογενὴς
1222 695 1332 769 ἄρα
1383 699 1498 760 τοῖς
1547 695 1799 765 ἀγγέλοις

144 793 374 856 ἐστὶν,
411 795 444 846 6
489 791 569 863 τῷ
609 791 786 861 Ila-rp!
839 784 1253 860 συμϐασιλεύων
1299 789 1396 843 καὶ
1447 787 1800 858 συγκαθήμε-

147 901 298 949 νος.

158 1085 420 1138 ΛΛΛο.
459 1085 585 1136 Ὅτι
623 1084 736 1151 οὐχ
775 1081 1048 1152 όμοφυὴς
1098 1080 1221 1147 τοῖς
1257 1079 1532 1150 ἀγγέλοις
1575 1081 1608 1131 ό
1645 1076 1797 1142 Υἱός.

255 1263 508 1332 Ποίημα
552 1262 646 1316 καὶ
694 1261 924 1335 ποιητὴς
952 1262 1052 1316 οὐκ
1084 1263 1149 1317 ἄν
1184 1279 1314 1315 ποτε
1340 1261 1442 1332 τῆς
1474 1259 1646 1330 αὐτῆς
1689 1254 1800 1312 εἷεν

163 1351 452 1420 φύσεως.
479 1351 709 1422 Ἕτερον
756 1350 866 1422 γάρ
917 1369 971 1404 τι
1017 1349 1078 1404 τὸ
1121 1349 1330 1413 ποιοῦν,
1366 1351 1461 1403 καὶ
1507 1348 1693 1420 ἕτερον
1743 1346 1801 1399 τὸ

167 1443 546 1514 ποιούμενόν
573 1446 741 1498 ἐστιν.
791 1445 855 1498 Εἰ
884 1443 993 1514 γὰρ
1031 1443 1109 1514 μὴ
1134 1440 1307 1506 οὕτως
1335 1441 1470 1513 ἔχει,
1500 1441 1554 1494 τί
1578 1440 1639 1493 τὸ
1667 1439 1804 1492 διαι-

171 1532 334 1604 ροῦν
364 1534 517 1588 κατὰ
540 1532 701 1602 φύσιν
730 1533 840 1588 τῶν
876 1531 1119 1603 γενητῶν
1148 1529 1238 1584 τὸν
1261 1529 1422 1597 Θεόν;
1458 1525 1801 1582 Ὀτειτοινυν

172 1627 392 1680 πάντα
435 1627 506 1679 δι’
535 1626 666 1681 Υἱοῦ
697 1629 724 1681 6
743 1626 876 1692 Θεὸς
907 1626 1002 1680 καὶ
1033 1623 1223 1696 Πατὴρ
1242 1621 1555 1694 ἐργάζεται,
1584 1619 1642 1673 ἒν
1670 1618 1727 1672 δέ
1749 1635 1802 1671 τι

176 1716 311 1770 τῶν
347 1716 579 1770 πάντων
613 1717 731 1770 ἐστὶ
759 1717 854 1770 καὶ
879 1719 912 1787 ή
947 1715 1052 1768 τῶν
1082 1713 1329 1784 ἀγγέλων
1363 1712 1546 1782 φύσις,
1580 1711 1802 1780 γέγονεν

181 1808 314 1880 ἄρα
351 1808 427 1863 δι’
457 1807 586 1862 Υῖοῢ
619 1809 714 1863 καὶ
749 1809 1064 1881 πεποίηται.
1100 1809 1212 1879 Ούχ
1248 1806 1517 1877 ὁμογενὴς
1561 1799 1654 1858 οὖν
1690 1804 1803 1866 τοῖς

185 1901 266 1954 δι’
305 1901 488 1954 αὐτοῦ
515 1901 828 1972 γενομένοις
856 1903 949 1956 καὶ
976 1901 1063 1954 διὰ
1087 1899 1278 1952 τούτου
1313 1899 1592 1967 φανεῖται·
1640 1895 1754 1950 ἀλλ’
1776 1895 1804 1947 6

194 1990 313 2062 μὲν
358 1992 589 2063 φορέσει
637 1992 732 2046 τοῦ
767 1989 1116 2062 Δημιουργοῦ
1148 1990 1244 2061 τὴν
1276 1989 1455 2054 ἀξίαν,
1498 1988 1566 2041 τὰ
1613 1987 1669 2040 δὲ
1705 1985 1803 2057 τὴν

191 2081 360 2137 κατὰ
407 2081 472 2137 τὸ
508 2083 840 2153 πεποιῆσθαι
891 2081 1155 2136 δουλείαν.
1191 2100 1210 2132 ι
1241 2079 1322 2133 Τὰ
1346 2077 1455 2152 γὰρ
1485 2077 1800 2150 σύμπαντα,

194 2176 370 2247 φησὶ,
401 2173 566 2229 δοῦλά
595 2192 710 2242 σου,
741 2193 760 2226 ι
791 2177 826 2244 ἡ
855 2173 978 2228 θεία
1003 2173 1214 2243 Γραφή.

245 2375 468 2430 ΔΑΜ).
490 2377 620 2428 Ὅτι
642 2376 756 2441 οὐχ
790 2375 1086 2444 ὁμογενὴς
1115 2373 1239 2438 τοῖς
1260 2373 1603 2444 ργγέλοιςό
1628 2372 1762 2437 Υἱὸς

285 2444 395 2499 διὰ
428 2445 495 2499 τὸ
525 2440 1112 2514 λέγεσθαίκρείττων
1131 2440 1330 2497 αὐτῶν
1350 2440 1730 2512 γεγενῆσθαι.

273 2555 412 2608 Πᾶν
433 2555 570 2625 ὅπερ
597 2555 664 2608 ἂν
693 2555 952 2626 φαίνηται
984 2553 1206 2623 γεγονὸς
1239 2552 1360 2606 κατ’
1381 2552 1590 2617 οὐσίαν,
1616 2553 1710 2606 κει)⁴
1730 2554 1809 2615 εἰς

207 2647 277 2699 τὸ
316 2648 395 2718 μὴ
427 2642 566 2702 εἶναι
592 2647 884 2716 καταλήξει
918 2645 1049 2698 ποτὲ
1069 2644 1396 2716 θελήσαντος
1427 2641 1524 2696 τοῦ
1542 2645 1808 2715 Δημιουρ-

211 2738 318 2808 γοῦ
341 2755 355 2768 ·
405 2740 501 2792 καὶ
547 2739 686 2808 ὅπερ
717 2739 784 2792 ἂν
822 2737 934 2807 ἔχοι
961 2736 1125 2805 φύσιν
1166 2735 1261 2790 τοῦ
1309 2735 1504 2789 παθεῖν
1533 2733 1805 2804 δεκτικὴν,

213 2829 407 2896 πάθοι,
431 2830 499 2883 ἂν
531 2831 580 2881 εἰ
614 2830 710 2882 καὶ
742 2829 818 2899 μή
866 2847 952 2882 πω
995 2827 1254 2882 πέπονθε.
1288 2827 1362 2880 Τὸ
1393 2827 1450 2880 δὲ
1483 2827 1714 2896 πάσχειν
1744 2828 1806 2878 οὐ

216 2924 484 2994 πεφυκὸς,
518 2923 619 2975 οὐκ
649 2922 716 2975 ἄν
741 2939 794 2974 τι
832 2920 994 2974 πάθοι
1030 2920 1184 2980 ποτὲ,
1219 2919 1314 2972 καὶ
1354 2918 1542 2989 ἔτερόν
1584 2935 1640 2969 τι
1666 2918 1809 2987 παρ’

218 3017 402 3072 ἐκείνὸ
435 3018 572 3071 ἐστι·
601 3016 695 3071 καὶ
738 3014 801 3068 τὺ
841 3015 929 3068 ἀεὶ
970 3013 1233 3076 ὡσαύτως
1275 3012 1356 3078 ὂν,
1389 3011 1511 3066 οὔτε
1542 3009 1638 3064 τοῦ
1669 3006 1806 3063 εἶναι

221 3106 450 3179 ἤρξατο,
475 3103 598 3159 οὔτε
631 3105 737 3175 μὴν
778 3098 886 3157 οἶδε
931 3103 1024 3157 τὸν
1056 3104 1149 3156 ἐπὶ
1191 3102 1336 3156 τέλει
1368 3102 1588 3173 δρόμον,
1617 3100 1806 3171 ὥσπερ

1902 601 2054 666 lenti,
2101 611 2198 658 aut
2230 617 2407 673 reges,
2438 603 2688 672 quamvis
2740 612 2919 660 tamen
2951 604 3115 658 etiam
3158 603 3469 657 earumdem

1903 706 2084 754 rerum
2132 694 2241 750 sint
2264 709 2515 764 capaces.
2547 695 2617 748 At
2651 708 2811 748 nemo
2845 692 3054 764 angelis
3083 693 3205 746 Filii
3241 692 3473 762 gloriam

1900 784 2108 842 deleret
2135 804 2149 841 :
2175 802 2302 842 nam
2327 787 2416 843 hic
2446 787 2732 852 Dominus,
2761 786 2834 840 illi
2862 800 2989 841 vero
3013 786 3151 841 servi
3181 797 3327 839 sunt.
3359 784 3498 841 Non.

1901 886 1985 931 est
2013 876 2175 945 igitur
2213 877 2456 944 ejusdem
2488 877 2703 948 generis
2736 891 2863 932 cum
2905 875 3111 946 angelis
3156 875 3350 943 Filius,
3381 877 3473 947 qui

1903 981 2007 1021 uua
2033 981 2156 1022 cum
2183 967 2348 1024 Patre
2381 976 2573 1037 regnat
2605 967 2764 1036 eique
2804 967 3034 1022 assidet.

1902 1080 2069 1152 εοη
2097 1081 2327 1138 ALIUD.
2361 1081 2516 1148 Quod
2557 1097 2662 1152 non
2706 1079 3053 1152 sitfejusdem
3105 1089 3313 1133 natum
3359 1094 3478 1133 cum

2476 1150 2678 1221 angelis
2711 1149 2910 1204 Filius.

1973 1266 2196 1322 Creator
2246 1274 2301 1321 et
2345 1275 2597 1322 creatura
2646 1277 2918 1334 nunquam
2977 1263 3220 1333 ejusdem
3274 1267 3482 1316 natura:

1903 1359 2125 1415 fuerint.
2160 1358 2326 1414 Aliud
2373 1358 2515 1414 enim
2545 1365 2631 1413 est
2664 1357 2716 1413 id
2761 1356 2906 1426 quod
2938 1364 3108 1421 creat,
3151 1353 3298 1408 aliud
3337 1356 3484 1422 quod

1903 1461 2142 1508 creatur.
2183 1449 2319 1505 Nam
2354 1449 2400 1504 si
2449 1463 2538 1504 res
2587 1449 2659 1503 ita
2698 1462 2758 1503 se
2787 1461 2892 1502 non
2939 1445 3188 1510 haberet,
3221 1442 3480 1513 quidnam

1907 1543 2265 1612 distingueret
2314 1541 2484 1595 Deum
2531 1539 2827 1595 secundum
2877 1546 3126 1592 naturam
3175 1550 3205 1588 a
3249 1532 3487 1589 creatis?

1905 1633 2040 1690 Cum
2076 1634 2240 1702 igitur
2263 1633 2401 1686 Deus
2424 1645 2488 1686 ac
2516 1630 2678 1685 Pater
2713 1628 2896 1684 omnia
2937 1643 3034 1699 per
3063 1625 3257 1682 Filium
3286 1638 3480 1694 Opere-

1908 1734 1995 1781 tur
2026 1744 2039 1780 :
2073 1740 2235 1780 unum
2272 1739 2399 1780 vero
2446 1738 2514 1777 ex
2559 1723 2814 1778 omnibus
2843 1728 2928 1776 est
2974 1719 3138 1775 etiam
3171 1717 3482 1788 angelorum

1909 1827 2101 1873 natura
2130 1834 2144 1870 :
2172 1818 2312 1872 facta
2352 1815 2534 1885 itaque
2581 1823 2666 1869 est
2695 1823 2750 1869 et.
2775 1823 2958 1870 creata
2990 1827 3088 1882 per
3121 1810 3339 1865 Filium.
3371 1807 3486 1862 Hac

1907 1909 2021 1978 ipsa
2049 1907 2211 1979 igitur
2240 1907 2446 1961 ratione
2485 1919 2587 1959 non
2613 1914 2699 1958 est
2737 1902 2982 1974 ejusdem
3020 1898 3235 1970 generis
3261 1911 3383 1952 cum
3417 1895 3486 1948 iis

1907 2015 2026 2068 quae
2055 2014 2148 2070 per
2175 1999 2348 2068 ipsum
2381 1997 2520 2051 facta
2549 2005 2700 2061 sunt;
2721 1993 2820 2049 sed
2848 1993 2937 2048 hic
2965 1990 3184 2062 quidem
3207 1984 3484 2043 Creatoris

1905 2090 2219 2162 dignitatem
2262 2088 2547 2152 obtinebit,
2573 2089 2654 2142 hae
2680 2101 2807 2141 vero
2845 2100 2909 2140 ea
2960 2081 3172 2137 ratione
3206 2093 3315 2148 qua
3345 2076 3486 2130 facta

1905 2191 2051 2247 sunt,
2083 2181 2335 2236 servilem
2383 2180 2772 2235 conditionem.
2813 2195 2831 2228 ι
2866 2175 3130 2230 Universa
3174 2170 3319 2226 enim
3365 2181 3484 2222 ser-

1905 2277 2058 2330 viunt
2099 2275 2214 2341 tibi,
2253 2294 2272 2326 ι
2309 2275 2486 2342 inquit
2517 2289 2672 2330 sacra
2719 2270 2998 2340 Scriptura
3023 2270 3066 2320 '.

1906 2388 2138 2444 ALIUD.
2188 2387 2342 2454 Quod
2376 2405 2479 2442 non
2514 2388 2594 2456 sit,
2624 2386 2860 2456 ejusdem
2884 2381 3089 2456 generis
3131 2373 3485 2456 cunt_angelis

1971 2456 2148 2510 Filius
2191 2448 2309 2510 ideo
2338 2457 2462 2525 quia
2497 2448 2680 2509 melio'r
2706 2454 2837 2519 ipsis
2867 2448 3041 2514 factus
3079 2465 3188 2503 esse
3219 2448 3440 2501 dicitur.
3478 2457 3482 2460 ’

1835 1861 1879 1916 Β

1981 2569 2253 2637 Quidquid
2313 2568 2606 2622 secundum
2665 2564 3020 2620 substantiam
3076 2576 3229 2614 suam
3283 2556 3486 2611 factum

1909 2671 2010 2725 εει,
2031 2670 2204 2730 Potest
2230 2660 2391 2713 etiam
2421 2657 2630 2711 volente
2653 2656 2914 2712 Ct'eatore
2940 2654 2991 2708 in
3020 2651 3246 2706 nihilum
3280 2647 3482 2716 redigi;

1909 2761 1965 2808 ει
1991 2752 2254 2822 quidquid
2283 2752 2448 2808 habet
2478 2758 2726 2804 naturam
2757 2745 3026 2818 passionis
3060 2756 3337 2813 capacem,
3371 2737 3487 2793 ﬁeri

1909 2853 2086 2914 potest
2142 2854 2198 2898 ut
2247 2845 2508 2913 patiatur,
2563 2841 2778 2896 tametsi
2835 2839 3070 2893 nondum
3128 2848 3346 2906 passum
3392 2829 3484 2886 sit.

1909 2935 2182 3005 Quidquid
2225 2945 2420 2990 natura
2463 2935 2541 2988 ita
2581 2942 2955 3002 comparatum
2988 2935 3094 2994 est,
3131 2935 3189 2982 ut
3220 2924 3330 2996 pati
3383 2936 3488 2975 non

1908 3028 2102 3098 possit,
2133 3036 2284 3082 certe
2308 3040 2584 3098 nunquam
2612 3023 2872 3094 patietur,
2904 3029 2959 3076 et
2997 3019 3274 3075 diversum
3301 3023 3386 3068 est
3421 3011 3491 3065 ab

1910 3117 2002 3173 illo
2030 3135 2045 3173 :
2071 3129 2129 3174 et
2166 3118 2310 3188 quod
2356 3131 2571 3187 semper
2599 3117 2789 3170 eodem
2842 3114 2999 3166 modo
3039 3109 3273 3171 exsistit,
3315 3116 3493 3172 neque

218 3199 294 3254 τὰ
323 3198 418 3252 τοῦ
461 3195 600 3251 εἶναι
633 3194 936 3268 ἀρξάμενα.
955 3193 1095 3248 Ἀλλ’
1128 3193 1230 3246 οὐκ
1275 3193 1344 3246 ἄν
1387 3209 1472 3255 τις
1513 3191 1656 3244 εἴποι
1685 3189 1805 3243 νοῦν

1914 3208 2210 3264 exsistendi
2258 3207 2473 3263 initium
2505 3205 2716 3270 habuit,
2747 3219 2922 3274 neque
2968 3202 3035 3256 ad
3089 3199 3366 3254 interitum
3400 3201 3494 3248 aut

225 3291 388 3362 ἔχων,
419 3290 486 3343 τὰ.
510 3288 780 3358 τοσαύτην
808 3286 1002 3358 ἔχοντα
1031 3286 1168 3356 πρὸς
1199 3283 1405 3354 ἄλληλα
1445 3282 1545 3353 τὴν
1576 3280 1808 3335 ἐναντιό-

224 3401 385 3457 τητα,
425 3383 518 3436 καὶ¹
561 3381 706 3434 οὕτω
749 3379 890 3434 κατὰ
921 3379 1084 3449 φύσιν
1123 3374 1468 3446 διεστηκότα,
1495 3372 1708 3443 ὁμοφυῆ
1747 3388 1807 3424 τε

228 3475 364 3534 εῖναι
404 3477 498 3532 καὶ
524 3475 626 3545 τῆς
653 3473 822 3544 αὐτῆς
855 3473 1123 3542 ὑπάρχειν
1167 3468 1376 3530 οὐσίας.
1411 3465 1474 3518 Εἰ
1505 3463 1683 3518 τοίνυν
1713 3463 1808 3515 ἐπὶ

239 3569 332 3640 μὲν
362 3565 470 3619 τῶν
497 3565 820 3635 ποιημάτων
844 3562 919 3625 ὡς
942 3557 1320 3628 ὑποκειμένων
1348 3556 1442 3609 καὶ
1459 3555 1634 3623 φθορᾷ
1655 3553 1808 3620 λέγε-

232 3679 352 3725 ται,
398 3677 416 3711 ι
448 3658 612 3711 Αὐτοὶ
659 3655 1009 3710 ἀπολοῦνται·
1043 3671 1064 3705 ι
1115 3651 1209 3705 ἐπὶ
1235 3651 1294 3704 δὲ
1319 3647 1417 3702 τοῦ
1450 3645 1616 3712 Υἱοῦ,
1651 3647 1722 3698 Σὺ
1750 3644 1807 3696 δὲ

233 3753 517 3825 διαμένεις·
549 3750 779 3803 κάκεῖνα
818 3747 916 3818 μὲν
963 3741 1432 3812 παλαιωθήσεται,
1460 3739 1536 3802 ὡς
1573 3737 1808 3808 γενητὴν

239 3846 421 3917 ἔχοντα
464 3843 563 3913 τὴν
611 3840 802 3910 φύσινο
835 3837 929 3891 τοῦ
964 3836 1022 3889 δὲ
1049 3834 1180 3888 Υἱοῦ
1215 3851 1234 3885 ι
1263 3832 1334 3886 τὰ
1377 3831 1470 3901 ἔτη
1505 3831 1606 3883 οὐκ
1631 3828 1808 3882 ἐκλεί-

237 3941 408 4010 ψουσιο
436 3958 456 3990 ›
501 3934 618 3998 πῶς
665 3931 908 4004 ὁμοφυὴς
955 3931 1109 3984 ἔσται
1161 3929 1272 3991 τοῖς
1317 3925 1572 3995 ἀγγέλοις
1601 3924 1630 3976 6
1658 3923 1805 3988 Υἱὸς,

241 4033 347 4094 τοῖς
386 4025 771 4099 πεποιημένοις
814 4025 842 4076 ὁ
895 4020 1145 4092 ποιητὴς,
1178 4020 1294 4082 τοῖς
1343 4013 1733 4085 γεγενημένοις
1780 4014 1810 4066 6

244 4122 509 4192 ἀγένητος,
555 4121 670 4180 τοῖς
713 4113 1006 4186 παρελθεῖν
1051 4109 1372 4181 δυναμένοις
1399 4111 1428 4162 ὁ
1457 4105 1713 4170 αἰώνιος;
1744 4105 1809 4156 Εἰ

243 4215 346 4286 γὰρ
374 4212 464 4266 καὶ
496 4209 764 4265 ἀθάνατόν
789 4224 843 4259 τι
883 4204 1071 4276 χρῆμα
1098 4205 1126 4255 6
1153 4200 1385 4269 ἄγγελός
1435 4201 1551 4253 ἐστι
1595 4197 1684 4251 διὰ
1709 4196 1808 4266 τὴν

247 4305 376 4360 οὓτω
405 4302 664 4373 κειμένην
692 4300 776 4352 ἐπ’
799 4295 948 4366 αὐτῷ
980 4294 1072 4348 τού
1109 4293 1436 4362 ποιήσαντος
1463 4289 1717 4361 βούλησιν
1747 4303 1807 4340 τε

249 4397 336 4453 καὶ
362 4395 534 4466 χάριν,
559 4392 672 4448 ἀλλ’
700 4389 930 4458 ἐπείπερ
950 4385 1122 4458 ἀρχὴν
1148 4383 1240 4436 τοῦ
1271 4379 1411 4436 εἶναι
1441 4382 1574 4451 ἔχει,
1596 4379 1779 4434 δύναιτ
1795 4378 1810 4400 ’

251 4490 312 4545 ἂν
340 4489 426 4542 καὶ
479 4486 560 4549 εἰς
601 4483 753 4545 τέλος
802 4478 998 4532 ἐλθεῖν.
1023 4476 1239 4538 Φύσεως
1272 4475 1330 4527 δὲ
1362 4473 1808 4542 πλεονεκτήματα

1838 4528 1883 4584 D

1911 3297 2072 3352 ﬁnem
2111 3311 2335 3368 vergere
2361 3306 2558 3367 potest,
2591 3292 3046 3366 quemadmodum
3084 3289 3172 3344 illa
3197 3303 3320 3358 qua:
3347 3287 3491 3340 exsi-

1910 3388 2084 3443 steudi
2114 3388 2324 3443 initium
2359 3389 2681 3443 habuerunt.
2732 3387 2894 3454 Atqui
2928 3398 3085 3438 nemo
3114 3397 3260 3435 sanae
3291 3378 3492 3433 mentis

1910 3477 2108 3532 dixerit
2146 3491 2208 3532 ea
2239 3494 2359 3546 quae
2410 3478 2544 3532 adeo
2570 3476 2842 3532 contraria
2870 3474 3011 3528 inter
3038 3489 3098 3527 se
3129 3482 3275 3534 sunt,
3299 3479 3355 3524 et
3380 3479 3493 3523 tan-

1911 3579 2094 3638 topere
2124 3579 2320 3624 natura
2347 3569 2630 3634 dissident,
2663 3566 2906 3637 ejusdem
2945 3575 3152 3620 naturae
3174 3572 3340 3632 atque
3366 3559 3494 3616 sub-

1909 3661 2124 3716 stantiae
2152 3675 2296 3716 esse.
2349 3659 2406 3715 Si
2453 3675 2583 3730 ergo
2631 3660 2698 3713 de
2738 3658 3026 3720 creaturis,
3072 3663 3257 3726 utpote
3297 3668 3493 3707 corru-

1908 3753 2080 3824 ptioni
2107 3752 2377 3819 obnoxiis,
2404 3752 2604 3806 dicitur
2635 3770 2648 3805 :
2690 3772 2707 3802 ‹
2738 3749 2855 3822 Ipsa
2881 3750 3170 3818 peribunt;
3206 3766 3224 3798 ›
3257 3747 3322 3802 de
3354 3745 3494 3799 Filio

1911 3855 2092 3902 autem
2137 3863 2152 3900 :
2202 3863 2220 3896 ‹
2274 3844 2356 3898 Tu
2384 3859 2518 3900 vero
2553 3858 2844 3915 permaues
2868 3882 2883 3906 ,
2925 3863 2942 3893 ι
2989 3851 3046 3896 et
3081 3860 3098 3891 ‹
3126 3839 3251 3910 ipsa
3280 3847 3492 3892 vetera-

1909 3947 2064 3992 seent
2090 3975 2106 4002 ,
2141 3955 2160 3988 ι
2220 3944 2411 4007 utpote
2456 3948 2697 3992 creatam
2738 3933 2997 3994 habentia
3042 3939 3333 3995 naturam;
3369 3926 3491 3981 Filii

1911 4044 2040 4084 vero
2065 4046 2084 4080 ι
2115 4027 2246 4086 anni
2283 4041 2392 4083 non
2427 4027 2678 4083 deﬁcient
2700 4027 2810 4082 3°":
2845 4046 2862 4078 ι
2901 4024 3169 4095 quomodo
3203 4019 3309 4076 erit
3355 4018 3496 4087 ejus-

1911 4119 2031 4174 dem
2069 4127 2278 4174 uaturaa
2319 4133 2442 4172 cum
2481 4117 2688 4188 angelis
2725 4115 2916 4181 Filius,
2942 4131 3062 4169 cum
3100 4109 3333 4166 conditis
3364 4123 3494 4162 con-

1912 4207 2072 4272 ditor,
2112 4221 2235 4261 cum
2283 4204 2486 4261 creatis
2522 4216 2759 4272 creator,
2813 4219 2937 4260 cum
2969 4200 3299 4256 transitoriis
3334 4203 3495 4252 aeter-

1911 4299 2049 4355 nus?
2075 4298 2208 4354 Nam
2237 4298 2340 4354 etsi
2383 4297 2606 4369 angelus
2652 4297 2961 4352 immortale
2988 4292 3243 4364 quiddam
3278 4289 3369 4354 sit,
3413 4285 3498 4341 id-

1911 4405 2016 4459 que
2049 4405 2115 4444 ex
2149 4389 2424 4446 voluntate
2452 4397 2508 4445 et
2536 4387 2800 4444 beneﬁcio
2831 4385 3128 4449 Creatoris,
3158 4397 3281 4439 cum
3311 4393 3496 4437 tamen

1914 4483 2205 4538 exsistendi
2249 4481 2574 4553 principium
2623 4482 2840 4545 habeat,
2888 4488 3067 4550 potest
3116 4475 3279 4530 etiam
3332 4471 3500 4526 ﬁnem

250 4583 353 4643 τοῖς
390 4574 599 4648 ἔχουσιν
638 4576 786 4627 ἐστιν
823 4570 1041 4641 ἰσχυρὰ,
1063 4568 1155 4622 καὶ
1186 4568 1308 4638 οὐχὶ
1356 4565 1434 4636 τῷ
1479 4563 1805 4632 πεποιηκότι

1911 4573 2117 4630 sortiri.
2145 4571 2433 4628 Naturales
2463 4573 2610 4628 enim
2639 4569 3036 4642 praerogativae,
3066 4581 3184 4630 qua:
3217 4560 3494 4618 nonnullis

252 4670 588 4741 Θεῷ.’Ὡσπερ
625 4662 718 4720 οὖν
747 4666 841 4719 καὶ
881 4663 943 4716 τὸ
993 4661 1104 4732 πῦρ
1151 4658 1442 4714 καυστικὸν
1491 4657 1588 4726 μέν
1639 4657 1808 4717 ἐστιν,

256 4761 357 4819 ἀλλ’
385 4762 441 4815 οὐ
473 4760 554 4831 τῷ
581 4759 730 4828 Θεῷ’
765 4756 908 4810 οὕτω
953 4754 1049 4807 καὶ
1090 4752 1320 4821 ἄγγελος
1370 4750 1634 4811 ἀθάνατος
1685 4749 1808 4817 μὲν,

257 4851 356 4904 ἀλλ’
379 4852 434 4904 οὐ
462 4848 540 4921 τῷ
564 4848 702 4917 Θεῷ.
734 4846 910 4908 Μόνος
934 4845 1044 4915 γὰρ
1069 4842 1232 4904 αὐτὸς
1277 4840 1482 4910 κυρίως
1519 4838 1807 4899 ἀθάνατος,

259 4943 479 5014 φυσικῶς
527 4941 688 5012 ἔχων,
741 4938 842 4991 ούκ
884 4937 992 4992 ἀπὸ
1037 4935 1280 5009 χάριτος,
1330 4933 1426 5004 τὴν
1465 4929 1808 5002 μὰσφά).ειαν,

260 5037 422 5106 ὥσπερ
447 5034 514 5088 τὰ
541 5032 744 5103 γενητά

262 5323 437 5386 ΔᾹΛΟ,
465 5319 614 5390 μετὰ
634 5316 1017 5390 ἀποδείξεως,
1036 5313 1402 5390 Δδτι-ἄγγελοι
1424 5327 1542 5378 μεν
1570 5308 1802 5373 δοῦλοι,

675 5388 987 5455 Δεσπότης
1024 5384 1094 5438 δὲ
1133 5387 1166 5438 ό
1210 5383 1363 5448 Υἱός.

326 5507 375 5559 Εἰ
397 5505 563 5568 οὐδεὶς
597 5503 820 5556 δύναται
846 5502 1062 5568 ἀφεῖναι
1091 5496 1384 5567 ἁμαρτίας,
1407 5496 1455 5548 εἰ
1487 5497 1561 5566 μὴ
1595 5495 1751 5565 μόνος
1777 5493 1805 5543 6

263 5596 390 5658 Θεὸς,
418 5593 608 5665 ἀφίησι
636 5593 692 5645 δὲ
719 5595 746 5644 ὁ
773 5592 916 5652 Υἱὸς,
949 5589 1080 5650 Θεὸς
1107 5588 1236 5656 ἄρα,
1267 5585 1360 5638 καὶ
1389 5586 1448 5637 ού
1489 5588 1601 5647 τοῖς
1652 5583 1806 5654 ποιή-

267 5702 400 5756 μασιν
445 5680 1057 5757 ἐναρεθμιος.⁹’Λγγελοι
1113 5679 1210 5750 μὲν
1256 5679 1364 5748 γὰρ
1417 5677 1802 5748 προσεύχονται

327 5828 342 5856 ⁸
373 5813 498 5880 Ρειιι.
525 5839 710 5892 cxvtu,
751 5821 836 5877 9|.
918 5823 983 5853 Μ
1019 5821 1158 5876 [‘sal.
1198 5821 1386 5890 (21,27,
1416 5820 1507 5875 “28.

1912 4665 2178 4720 creaturis
2209 4663 2416 4729 insunt,
2448 4662 2640 4718 valida:
2671 4671 2796 4716 sunt
2827 4679 2841 4714 :
2871 4658 3012 4730 apud
3044 4654 3212 4710 Deum
3241 4666 3372 4706 vero
3402 4652 3496 4719 qui

1911 4775 2005 4814 eas
2037 4758 2260 4824 creavit,
2304 4758 2439 4812 nihil
2470 4767 2616 4813 sunt.
2643 4753 3121 4826 {Quiamadmodum
3159 4747 3322 4819 igitur
3353 4745 3497 4814 ignis

1915 4849 2101 4903 ureudi
2139 4849 2246 4902 vim
2277 4849 2460 4912 habet,
2498 4847 2594 4901 sed
2624 4862 2729 4901 non
2771 4845 2920 4909 Deo;
2958 4843 3033 4896 ita
3065 4850 3120 4896 et
3145 4837 3367 4908 angelus
3395 4835 3498 4887 im-

1915 4941 2160 4995 mortalis
2190 4941 2407 5010 quidem
2449 4948 2558 5004 est,
2592 4940 2683 4994 sed
2726 4952 2830 4991 non
2868 4935 2998 4988 Deo.
3032 4931 3149 5002 Ipse
3176 4929 3318 4984 enim
3348 4925 3497 4981 solus

1917 5031 2132 5098 proprie
2172 5039 2256 5084 est
2303 5029 2648 5093 immortalis,
2698 5025 3036 5091 naturaliter,
3092 5036 3197 5074 non
3227 5032 3324 5086 per
3369 5028 3494 5084 gra-

1921 5120 2048 5172 tiam
2082 5131 2138 5174 ut
2161 5131 2436 5190 creatura,
2465 5120 2771 5174 ﬁrmitatem
2811 5118 2955 5173 illaut
2990 5124 3043 5170 et
3077 5107 3492 5183 perpetuitatem

1918 5209 1930 5261 i
1939 5227 1968 5262 ιι
2007 5225 2065 5262 se
2106 5212 2326 5266 habens.

1917 5318 2148 5388 ALIUD,
2177 5337 2308 5388 cunt
2330 5321 2794 5381 demonstratione,
2827 5319 2962 5387 quod
2995 5314 3166 5384 angeli
3196 5314 3297 5367 sint
3329 5310 3494 5376 servi,

2270 5387 2442 5446 Filius
2475 5407 2615 5455 vero,
2648 5389 2925 5442 Dominus.

1988 5500 2044 5556 Si
2080 5516 2238 5556 nemo
2269 5510 2444 5571 potest
2481 5503 2759 5556 remittere
2795 5508 3040 5570 peccata,
3077 5494 3236 5566 205
3267 5493 3366 5548 nisi
3397 5507 3488 5548 so-

1915 5590 1998 5643 lus
2041 5591 2198 5656 Deus,
2255 5592 2482 5646 remittit
2531 5609 2659 5647 vero
2712 5591 2880 5646 Filius
2915 5609 2928 5644 :
2961 5589 3104 5642 licus
3152 5589 3330 5656 itaque
3383 5594 3494 5648 est,

1913 5699 2088 5754 neque
2118 5685 2386 5741 creaturis
2421 5685 2879 5741 anuumerandus.
2916 5685 3104 5753 Augeli
3133 5683 3274 5740 enim
3307 5689 3496 5745 orant,
