4124 6514
692 359 798 415 3H

1710 364 1770 422 S.
1812 363 2092 422 CYRILIJ
2130 361 2602 422 ALEXANDBINI
2636 366 2957 427 ARCHIEP.

3890 373 3985 433 368

692 477 936 533 dicentes
977 493 993 532 :
1035 496 1053 529 ι
1101 475 1330 536 Domine
1382 480 1766 551 omnipotens,
1825 498 2108 554 usquequo
2155 497 2253 539 non

2365 480 2653 551 λέγοντες·
2712 504 2744 537 ι.
2766 485 2940 559 Κύριε
2975 488 3869 562 παντοκράτωρ,,ἒως;τίνος-οὖ
3919 494 3985 563 μὴ

692 565 969 623 misereris
1006 566 1335 636 Jerusalem,
1390 580 1447 625 et
1498 574 1711 628 urbium
1764 573 1990 630 Juda'?
2020 595 2039 629 ι
2095 576 2270 634 Filius

691 674 824 715 vero
854 674 976 714 cum
1009 670 1280 730 potestate
1311 663 1441 719 dicit
1469 683 1482 719 :
1519 682 1538 717 ι
1574 664 1763 733 Homo,
1796 666 2140 722 dimittuntur
2170 668 2266 724 tibi

689 761 911 817 peccata
945 761 1034 807 tua
1057 752 1101 809 '.
1131 772 1150 806 ι
1189 753 1306 810 Non
1334 765 1416 810 est
1446 756 1608 827 igitur
1638 756 1876 825 ejusdem
1901 759 2117 830 generis
2141 775 2264 815 cum

689 840 909 897 domino
932 858 1143 911 servus,
1188 859 1362 918 neque
1387 849 1435 903 ei
1460 846 1552 919 qui
1592 846 1817 920 largitur
1846 850 1891 906 is
1935 851 2027 922 qui
2050 852 2184 922 petit
2208 860 2268 908 ιιι

688 934 945 1003 accipiat.
1162 959 1164 962 ν
1993 935 1997 938 ⁴

688 1024 902 1082 ALIUD
928 1028 1048 1082 huic
1080 1029 1274 1097 simile,
1304 1032 1443 1101 quod
1466 1031 1643 1089 Filius
1667 1050 1771 1090 non
1799 1035 1868 1091 sit
1896 1052 2261 1094 annumeran-

1319 1102 1419 1155 dus
1445 1105 1625 1158 servis.

759 1206 905 1262 Deus
947 1210 1236 1279 prophetas
1281 1211 1465 1277 mittit,
1497 1214 1589 1283 qui
1627 1214 1848 1285 exigant
1896 1215 2134 1272 fructum
2179 1217 2261 1273 vi-

681 1313 826 1364 nem,
868 1299 983 1369 qui,
1019 1305 1554 1375 praeterquam-quod
1595 1305 1730 1361 nihil
1780 1320 2124 1379 acceperunt,
2178 1312 2263 1366 in-

684 1389 900 1445 terfecti
939 1403 1084 1449 sunt.
1137 1394 1415 1464 Servator,
1443 1409 1501 1452 ut
1532 1399 1815 1466 Dominus,
1845 1399 2025 1455 debita
2067 1402 2258 1457 remit—

684 1479 769 1543 tit,
803 1490 859 1535 et
891 1482 944 1535 in
974 1483 1109 1539 alios
1143 1485 1365 1544 colonos
1380 1489 1649 1545 transfert
1681 1491 1894 1547 vineam
1918 1493 1962 1559 ',
1996 1503 2056 1549 ut
2094 1494 2260 1551 herus

682 1577 737 1622 et
768 1569 1064 1640 Dominus;
1125 1577 1219 1631 sed
1278 1586 1335 1633 et
1384 1580 1563 1651 angeli
1614 1582 2072 1639 administrationi
2126 1584 2273 1655 legis-

687 1660 1003 1720 inserviisse
1034 1671 1463 1738 comperiantur,
1496 1682 1551 1727 et
1586 1674 1719 1729 nihil
1752 1689 1938 1731 eorum
1981 1692 2101 1747 quae
2135 1678 2265 1734 fecit

683 1752 873 1819 Filius,
902 1754 1120 1814 fecisse.
1160 1759 1274 1815 Non
1313 1772 1396 1817 est
1420 1764 1586 1835 igitur
1615 1766 1858 1836 ejusdem
1888 1770 2103 1839 generis
2130 1786 2253 1827 cum

683 1846 888 1915 angelis
932 1846 1138 1916 Filius,
1182 1852 1277 1908 sed
1313 1853 1573 1924 Magister
1600 1867 1656 1912 et
1690 1858 1973 1915 Dominus.

679 2018 925 2103 ALIUD...
953 2023 1647 2103 explicatiustquodillud,
1690 2052 1709 2086 t
1743 2034 1935 2090 Melior
1971 2039 2143 2103 factus
2178 2054 2257 2097 est

750 2092 952 2228 ﬁnget?
973 2092 1026 2157 ⁸,
1058 2112 1077 2145 ι
1098 2097 1182 2177 .ad
1212 2092 1569 2167 di/I'éretttiam
1608 2092 2139 2164 administrationum
2172 2092 2259 2167 ἓὲζ

778 2177 899 2215 ereti
943 2179 1029 2216 um
1063 2174 1155 2220 stt.

778 2174 1029 2216 erettaum
1063 2174 1155 2220 stt.

755 2268 957 2329 Paulus
975 2274 1042 2328 de
1079 2274 1216 2331 Filio
1248 2278 1420 2348 inquit
1449 2297 1463 2336 :
1501 2302 1520 2334 ι
1551 2283 1726 2339 Tanto
1751 2287 1938 2343 melior
1964 2288 2138 2347 factus
2168 2308 2261 2349 an-

684 2361 863 2430 gelis:
898 2382 918 2415 ι
956 2380 1060 2421 non
1116 2370 1260 2437 quod
1308 2369 1403 2425 Dei
1440 2371 1602 2428 Verbi
1643 2385 1894 2433 naturam
1940 2383 2258 2454 angelorum

686 2464 897 2510 natura:
926 2470 1244 2529 comparare
1282 2462 1428 2528 velit,
1465 2480 1639 2537 neque
1682 2470 1971 2529 dissimiles
2000 2477 2256 2534 substan-

680 2543 783 2598 tias
821 2546 1010 2602 eodem
1057 2551 1218 2606 modo
1263 2567 1329 2607 ac
1380 2557 1591 2612 ratione
1633 2560 1907 2619 examinet
1936 2565 2070 2635 (Deo
2111 2568 2255 2624 enim

677 2637 814 2691 nihil
853 2642 1180 2711 comparari,
1218 2653 1311 2699 aut
1338 2645 1577 2704 conferri
1616 2654 1841 2724 patest),
1884 2656 1979 2711 sed
2021 2658 2256 2715 admini-

677 2731 1002 2788 strationum
1029 2733 1367 2792 dill'ercntias
1396 2742 1671 2812 proponit,
1714 2754 1773 2798 ut
1803 2760 1870 2800 ex
1901 2748 2255 2807 administra-

677 2820 826 2875 tione
854 2838 976 2892 qua:
1022 2824 1218 2910 cuique
1254 2833 1542 2886 commissa
1598 2845 1705 2900 est,
1745 2838 1875 2906 quid
1918 2839 2148 2910 quisque
2184 2842 2257 2897 sit

675 2923 1053 2981 cognoscatur.
1090 2908 1242 2984 Ωιιοά
1290 2935 1418 2976 vero
1451 2940 1469 2974 ι
1504 2922 1696 2979 melior
1726 2945 1745 2978 ι
1796 2928 1863 2982 ad
1894 2908 2257 3000 comparatio-

676 3014 799 3055 nem
845 3005 1331 3065 administrationis
1397 3014 1713 3082 angelorum
1776 3018 2096 3078 referendus
2141 3024 2252 3090 sit,

674 3090 799 3146 inde
854 3096 1143 3152 manifeste
1194 3110 1450 3156 constat:
1493 3106 1834 3175 prepositum
1883 3121 1999 3165 erat
2048 3111 2249 3181 Paulo,

672 3186 961 3241 ostendere
989 3203 1109 3257 qua:
1149 3205 1245 3259 per
1277 3191 1557 3249 Christum
1601 3199 2252 3276 praedicabanturlegaj-

678 3275 779 3331 bus
804 3280 1087 3349 prteceptis
1115 3282 1270 3353 longe
1304 3289 1684 3355 praestantiora
1724 3306 1865 3349 esse.
1900 3293 2055 3351 Unde
2089 3275 2254 3368 igitur

675 3366 782 3421 hoc
809 3369 1188 3428 demonstrat?
1221 3376 1303 3430 Ad
1330 3377 1800 3439 administratores
1840 3399 1900 3440 se
1938 3366 2207 3443 convertit
2235 3408 2249 3445 :

672 3466 730 3511 et
775 3473 842 3513 ex
883 3474 1072 3516 eorum
1104 3462 1407 3522 ditl‘erentia
1451 3484 1513 3524 ea
1552 3486 1673 3541 quae
1704 3488 1802 3543 per
1850 3475 1995 3546 ipsos
2024 3479 2253 3535 admini-

671 3556 843 3603 strata
892 3560 1020 3605 sunt
1068 3554 1323 3613 aestimat.
1359 3557 1553 3630 Augeli
1602 3578 1733 3633 ergo
1762 3565 2145 3624 administrant
2179 3572 2252 3626 le-

672 3653 815 3709 gem,
849 3648 905 3695 et
940 3655 1038 3710 per
1061 3657 1155 3698 eos
1186 3650 1533 3716 pronuntiata
1559 3663 1682 3719 est;
1713 3653 1884 3713 Filius
1934 3672 2064 3714 vero
2095 3662 2246 3717 noti-

671 3730 803 3784 tiam
832 3743 1025 3787 eorum
1055 3749 1177 3804 quae
1200 3751 1297 3805 per
1314 3736 1664 3812 Evangelium
1694 3747 2087 3806 annuntiantur
2109 3767 2252 3823 prato

669 3825 836 3880 dicat.
867 3826 1037 3899 Atqui
1075 3829 1284 3896 melior,
1316 3832 1510 3904 inquit,
1544 3848 1627 3892 est
1647 3837 1818 3897 Filius
1846 3857 2007 3911 quam
2038 3848 2244 3918 angeli;

667 3929 936 3988 quatentts
980 3922 1333 3980 excellentior
1380 3928 1785 3989 administratio
1836 3934 1912 3991 illi
1958 3940 2250 3998 commissa

667 4021 776 4077 est,
802 4028 866 4067 ea
900 4013 1113 4070 ratione
1138 4017 1334 4073 melior
1362 4031 1466 4076 est.
1493 4022 1959 4084 Administrantur
1986 4032 2130 4089 enim
2162 4049 2250 4091 res

668 4119 885 4175 magna;
922 4121 950 4161 a
990 4109 1220 4178 magnis,
1268 4121 1320 4165 et
1353 4126 1535 4180 parva:
1573 4131 1602 4168 a
1638 4119 1841 4185 parvis.
1885 4121 2114 4191 Magnus
2152 4141 2250 4181 au-

669 4204 778 4251 tem
826 4206 911 4253 est
944 4198 1132 4266 Filius,
1177 4210 1445 4272 quatenus
1484 4215 1580 4267 est
1642 4208 1898 4277 splendor
1948 4222 2003 4268 et
2050 4215 2247 4271 chara-

668 4290 862 4355 cter',
907 4299 963 4344 et
1012 4302 1282 4361 quatenus
1323 4296 1374 4350 ei
1419 4297 1619 4351 dicitur
1661 4318 1675 4353 :
1721 4319 1741 4353 ι
1772 4301 1914 4358 Sede
1959 4320 1991 4359 a
2038 4306 2249 4366 dextris

667 4380 804 4435 meis
829 4381 904 4447 ";
945 4400 964 4434 ι
1009 4393 1278 4452 quatenus
1311 4388 1720 4460 primogenitus,
1761 4403 1818 4449 et
1854 4396 1922 4451 ab
1968 4397 2100 4466 ipsis
2142 4416 2241 4455 an-

664 4471 801 4542 gelis
832 4473 1116 4530 adoratur.
1146 4477 1336 4546 Angeli
1364 4494 1492 4534 vero
1516 4481 1647 4536 nihil
1676 4498 1867 4539 eorum
1899 4488 2115 4555 habent,
2147 4494 2240 4548 sed
2273 4498 2325 4559 ο

665 4573 727 4617 ιιι
781 4564 1015 4621 ministri
1066 4566 1457 4637 circumstant,
1490 4582 1548 4627 ut
1591 4575 1731 4629 servi
1782 4577 1947 4650 206
1990 4582 2241 4650 adorant,

664 4655 1141 4728 ministeriumque
1181 4676 1336 4715 suum
1365 4672 1623 4731 praestant
1663 4677 1883 4735 propter
1916 4686 2010 4726 eos
2038 4675 2129 4743 qui
2158 4691 2245 4730 sa—

663 4745 834 4802 lutem
868 4758 994 4803 sunt
1034 4753 1376 4807 consecuturi
1421 4755 1483 4809 “.
1527 4754 1703 4812 Tanto
1748 4758 1931 4828 itaque
1980 4774 2244 4830 prmstan-

663 4837 772 4893 tior
798 4848 882 4894 est
911 4840 1310 4898 administratio
1349 4843 1659 4909 Servatoris
1711 4863 1872 4918 quam
1908 4853 2241 4923 angelorum,

659 4936 864 4997 quanto
898 4945 1036 4986 unus
1073 4932 1291 5000 quidem
1330 4933 1385 4988 in
1441 4935 1568 5000 illis,
1621 4938 1774 4994 alteri
1820 4950 1998 4997 autem
2051 4945 2102 5000 in
2154 4948 2239 5003 his

659 5030 971 5076 versantur.
1019 5021 1168 5079 Hanc
1222 5025 1385 5096 igitur
1424 5029 1494 5082 ob
1544 5044 1761 5085 causam
1806 5032 2002 5090 Paulus
2055 5038 2240 5097 volens

657 5126 980 5181 comparare
1013 5113 1157 5170 inter
1185 5130 1247 5170 se
1279 5117 1443 5173 hasce
1470 5119 1989 5193 administrationes,
2019 5127 2192 5199 inquit
2221 5150 2237 5187 :

665 5219 684 5253 ι
722 5201 913 5261 Melior
935 5204 1112 5261 factus
1143 5207 1368 5277 angelis.
1400 5227 1418 5260 ι
1463 5209 1598 5265 Cum
1632 5227 1759 5269 vero
1794 5215 1861 5270 ad
1902 5219 2239 5277 substantia-

660 5310 781 5349 rum
816 5299 1280 5366 comparationem
1319 5305 1484 5371 venit,
1536 5305 1755 5376 inquit:
1792 5326 1811 5361 ι
1844 5309 2057 5377 Quanto
2085 5314 2241 5370 dide-

662 5389 875 5444 rentius
902 5389 1151 5447 Christus
1184 5392 1292 5448 illis
1339 5411 1537 5452 nomen
1574 5399 1799 5454 sortitus
1828 5404 1994 5456 est".
2036 5423 2055 5456 ι
2108 5405 2224 5461 Νοιι

655 5481 768 5549 jam
799 5482 876 5536 ait
915 5484 1122 5551 melius,
1153 5487 1249 5541 sed
1283 5488 1610 5558 diﬁ'erentius
1634 5508 1653 5545 :
1683 5495 1827 5563 quod
1860 5496 2075 5564 quidem
2119 5517 2236 5556 tua-

663 5588 823 5642 gnam
855 5574 1224 5633 diversitatem
1253 5579 1542 5650 signiﬁcat.

760 5714 1015 5799 12:393.},
1040 5717 1131 5799 1?.
1208 5719 1429 5779 “Matth.
1458 5725 1604 5791 tx,2.
1684 5725 1702 5757 ⁷
1731 5723 1915 5783 Matth.
1940 5745 2056 5799 xxi,
2077 5731 2267 5794 28-61.

672 5784 757 5838 Η.
841 5786 883 5815 ⁵⁸
907 5788 1034 5842 ibid.
1062 5785 1114 5842 4.

2367 572 2597 645 ἐλεήσῃς
2630 576 2729 647 τὴν
2766 577 3126 650 Ἰερουσαλὴμ
3168 583 3264 635 καὶ
3304 583 3404 647 τάς
3456 582 3658 645 πόλεις
3675 581 3933 645 ςἿοὺὃας
3962 602 3977 631 ι

2378 661 2438 714 '0
2484 662 2540 715 δὲ
2574 663 2700 727 Υίὸς
2746 663 3205 733 ὲξουσιαστικῶς·
3264 689 3283 723 ι
3315 671 3642 744 Ἄνθρωπε,
3693 670 3983 737 ἀφέωνταί

2368 769 2452 805 σοι
2482 754 2540 806 αί
2563 754 2852 828 ἁμαρτίαι.
2880 775 2899 810 ι
2934 760 3048 830 Οὐχ
3072 761 3334 831 ὁμογενὲς
3356 757 3451 818 οῦν
3481 763 3599 834 ἀρα
3622 761 3714 829 τῷ
3733 762 3979 831 ὃεσπότς

2365 838 2425 892 τὸ
2457 839 2675 907 δοῦλον,
2704 842 2827 897 οὐτε
2855 844 2938 918 τῷ
2967 846 3314 922 χαριζομένῳ
3341 851 3403 904 τὸ
3451 851 3654 905 αίτοῦν
3684 851 3790 904 ἵνα
3827 850 3975 920 λάῦξ.

2439 1023 2624 1079 ΑΛΛΟ
2652 1025 2840 1091 τούτῳ
2868 1026 3092 1155 ὅμοιοιὲ
3237 1034 3349 1088 οὐκ
3375 1033 3446 1088 ἐν
3474 1033 3607 1100 τοῖς
3640 1032 3921 1100 δούλοις

3220 1122 3271 1156 (⁵.

3220 1122 3271 1168 ς.

2445 1185 2796 1247 Ἀποστέλλει,
2820 1192 2946 1257 τούς
2979 1196 3266 1266 προφήτας
3292 1197 3321 1249 6
3347 1196 3480 1260 Θεὸς
3512 1196 3859 1266 ἀπαιτῆσαι
3885 1198 3967 1249 τοῦ

2359 1277 2683 1350 ἀμπελῶνος
2708 1283 2833 1346 τοὺς
2865 1288 3132 1357 καρπούς,
3165 1288 3217 1341 οῖ
3246 1289 3384 1359 πρὸς
3412 1288 3503 1361 τῷ
3520 1289 3676 1360 μηδὲ
3706 1289 3963 1343 δύνασθαι

2359 1366 2564 1436 λαϐεῖν,
2601 1372 2696 1424 καὶ
2716 1373 3006 1431 ἀπέθανον.
3025 1377 3085 1430 Ὀ
3108 1377 3299 1450 Σωτὴρ
3329 1378 3406 1442 ὡς
3430 1379 3741 1449 Δεσπότης
3764 1381 3864 1433 καὶ
3877 1383 3969 1443 τὶς

2357 1458 2579 1528 όφειλάς
2603 1463 2817 1534 ἀφίησι,
2835 1466 2929 1520 καὶ
2956 1468 3038 1532 είς
3063 1468 3284 1541 ἐτέρους
3309 1472 3599 1543 γεωργοὺς
3627 1472 3957 1541 μετατίθηττ

2357 1547 2449 1601 τὸν
2473 1549 2773 1621 ἀμπελῶνα
2803 1552 2879 1619 ὡς
2924 1556 3190 1628 δεσπότης
3238 1560 3331 1613 καὶ
3377 1561 3591 1631 Κύριος
3614 1576 3630 1589 ·
3677 1563 3965 1630 φαῖνον-,υ

2356 1640 2414 1694 δὲ
2456 1643 2553 1696 καὶ
2584 1646 2652 1715 τῇ
2685 1643 2778 1697 τοῦ
2818 1646 2981 1717 νόμου
3016 1649 3262 1723 διακονίᾳ
3304 1653 3789 1726 ὑπηρετήσαντες
3820 1658 3963 1723 ἀγγε-

2356 1733 2460 1800 λοι,
2496 1736 2591 1789 καὶ
2622 1738 2951 1809 ποιήσαντες
2986 1742 3141 1797 οὐδὲν
3164 1738 3239 1798 ὧν
3274 1746 3533 1817 ἐποίησεν
3563 1749 3596 1799 6
3624 1748 3821 1811 τά-
3842 1750 3961 1803 Οὑτ-

2289 1830 2332 1886 Β
2359 1823 2455 1878 οὖν
2482 1827 2580 1897 οὐχ
2610 1828 2880 1902 ὁμογενὴς
2905 1833 3160 1903 ἀγγέλοις
3185 1838 3354 1905 ἐστὶν,
3380 1839 3519 1894 ἀλλὰ
3546 1841 3863 1910 Δεσπότης
3887 1840 3963 1894 καὶ

2359 1918 2583 1990 Κύριος.

2358 2012 2541 2067 ΑΛΛυ
2562 2053 2578 2075 ,
2605 2013 3049 2093 ¹ιβίηπςημᾳτικῶς
3077 2019 3164 2093 ὅτι
3209 2020 3279 2075 τὸ
3314 2039 3334 2073 ι
3363 2023 3679 2093 Κρείττων
3734 2025 3959 2093 τεν-ἐμέο

2428 2098 2537 2149 νος
2558 2082 2676 2138 τῶν
2706 2082 3055 2164 ,ἀγγέλῳ-,ι
3099 2092 3213 2164 οὐκ
3253 2082 3480 2164 οὐσιῷν
3503 2082 3807 2164 εἰσφέρει

2429 2168 2653 2221 κρισιν,
2686 2156 2850 2211 ἀλλὰ
2876 2158 3123 2228 μᾶλλον
3151 2160 3493 2219 διακονιῶν.

2436 2284 2455 2318 ι
2486 2266 2737 2340 Τοσούτῳ
2783 2269 3051 2340 κρείττων
3096 2274 3388 2345 γενόμενος
3434 2277 3548 2331 τῶν
3611 2278 3951 2347 ἀγγέλων.»

2358 2356 2453 2411 ἐπὶ
2480 2358 2576 2413 τοῦ
2609 2359 2740 2414 Υἱοῦ
2775 2379 2940 2432 φησιν
2978 2365 3009 2418 ό
3047 2364 3282 2430 Παῦλος,
3316 2368 3379 2421 οὐ
3409 2371 3476 2440 τῇ
3511 2368 3695 2438 φύσει
3726 2371 3848 2424 τῶν
3875 2374 3954 2439 ἀγα

2356 2446 2533 2517 γέλων
2564 2449 2663 2521 τὴν
2692 2450 2788 2504 τοῦ
2818 2451 2954 2505 Θεοῦ
2971 2454 3147 2522 Λόγου
3179 2455 3570 2527 συγκρίνεσθαι
3612 2458 3830 2522 θέλων,
3850 2462 3952 2515 οὐδέ

2356 2540 2463 2595 τῶν
2487 2542 2757 2614 ἀνομοίων
2786 2545 2988 2599 οὐσιῶν
3012 2546 3190 2611 ὲξίσου
3224 2548 3551 2621 ποιούμενος
3576 2552 3695 2624 τὴν
3720 2553 3950 2618 eitum

2357 2633 2707 2705 (ἀσύγκριτον
2724 2636 2833 2708 γὰρ
2859 2638 3091 2709 πρᾶγμα
3118 2639 3369 2713 θεότητος
3391 2643 3487 2695 καὶ
3503 2643 3948 2715 ἀπαρὰσλητογ),

2355 2723 2492 2779 ἀλλά
2522 2726 2623 2797 τὴν
2662 2728 2755 2780 ὲπὶ
2781 2730 2900 2792 ταῖς
2926 2728 3225 2795 διακονίαις
3254 2732 3523 2805 εἰσφέρων
3550 2734 3862 2807 διαφορὰν,
3893 2739 3947 2790 ἶν’

2355 2813 2449 2884 ἀφ’
2483 2807 2558 2869 ὧν
2590 2816 2817 2881 ἕκαστος
2847 2818 3140 2888 ἐπιστεύθη
3168 2822 3263 2874 καὶ
3306 2822 3699 2895 ᾠκονόμησεν,
3738 2829 3808 2881 ἐκ
3844 2829 3947 2881 τούν

2353 2924 2462 2961 των
2486 2910 2635 2972 ὅστις
2667 2909 2753 2980 εἴη
2796 2909 3285 2982 γινώσκηται.”οτι
3311 2914 3375 2967 δὲ
3391 2915 3451 2968 τὸ
3482 2934 3502 2967 ι
3532 2918 3823 2989 κρείττων
3845 2940 3864 2971 ι
3885 2922 3945 2983 ὡς

2356 3000 2493 3071 πρὸς
2526 3001 2624 3072 τὴν
2646 3001 2754 3055 τῶν
2781 3002 3031 3071 ἀγγέλων
3055 3003 3333 3058 διακονίαν
3360 3004 3477 3077 ἔχει·
3499 3008 3607 3078 τὴν
3631 3008 3942 3081 σύγκρισιν,

2354 3092 2553 3160 γένοιτ’
2586 3092 2653 3147 ἂν
2697 3093 2909 3148 ἐνθένδε
2938 3098 3265 3166 καταφανέςο
3305 3098 3510 3163 Σκοπὸς
3537 3096 3613 3173 ἦν
3639 3104 3731 3173 τῷ
3762 3105 3941 3175 Παῦλε)

2281 3168 2325 3227 CI
2356 3184 2644 3257 κρείττονα
2671 3184 2777 3238 τῶν
2803 3186 3041 3255 νομικῶν
3069 3188 3419 3258 ὲνταλμάτων
3448 3168 3733 3259 ἐπιδεῖξαι
3776 3195 3847 3248 τὰ

2354 3276 2592 3345 Χριστοῦ
2642 3277 3041 3348 κηρυττόμενα.
3074 3278 3249 3333 Πόθεν
3276 3276 3374 3334 οὖν
3399 3285 3643 3337 ποιεῖται
3682 3287 3795 3351 τὰς
3823 3288 3940 3340 iter

2353 3368 2580 3435 δείξεις-ς
2624 3370 2747 3422 Ἐπὶ
2773 3370 2898 3434 τούς
2925 3371 3309 3436 διακονοῦντας
3336 3378 3523 3445 χωρεῖ,
3539 3378 3644 3431 xui.
3676 3382 3811 3443 ταῖς
3832 3381 3940 3433 τού-

2353 3472 2461 3509 των
2488 3457 2775 3528 διαφοραῖς
2798 3459 3078 3529 ἀναλόγως
3107 3460 3280 3532 ὁρίζει
3309 3464 3378 3517 τά
3410 3464 3501 3517 ὑπ’
3524 3467 3721 3520 αὐτῶν
3771 3468 3938 3522 διακο-

2354 3547 2611 3619 νούμενα.
2634 3550 2889 3618 Ἀγγελοι
2924 3553 3023 3622 μὲν
3050 3548 3143 3607 οῦν
3166 3553 3473 3608 διακονοῦσι
3502 3556 3601 3609 τὸν
3632 3558 3832 3627 νόμον,
3860 3561 3940 3613 καὶ

2353 3639 2595 3694 λαλεῖται
2645 3641 2713 3695 δι’
2748 3644 2930 3698 αὐτῶν
2951 3661 2966 3676 ’
2990 3646 3018 3698 ό
3049 3647 3105 3700 δὲ
3128 3648 3277 3713 Υἱὸς,
3306 3650 3405 3721 τὴν
3431 3649 3520 3704 διὰ
3547 3652 3666 3705 τῶν
3706 3653 3941 3723 Εὐαγγε·

2351 3731 2486 3787 λίων
2514 3733 2774 3805 κηρύττει
2804 3736 3026 3805 γνῶσιν.
3045 3738 3207 3794 Ἀλλά
3235 3741 3521 3812 κρείττων,
3553 3745 3755 3813 φησιν,
3782 3747 3814 3798 6
3836 3747 3940 3809 Υἱὸς

2351 3824 2461 3878 τῶν
2508 3826 2778 3895 ἀγγέλων·
2827 3828 2964 3885 καθὸ
3005 3831 3115 3885 τῶν
3159 3833 3460 3904 ἀμεινόνων
3494 3837 3749 3908 κατέστη
3772 3841 3940 3895 διάκο-
4048 3828 4049 3833 η

2352 3932 2463 3979 νος,
2492 3916 2634 3970 κατὰ
2661 3916 2822 3972 τοῦτο
2848 3920 3135 3991 κρείττων.
3168 3928 3506 3978 Διακονεῖται
3546 3927 3604 3980 δὲ
3633 3931 3709 3983 τά
3740 3932 3939 3999 μεγῶα

2350 4008 2440 4063 διὰ
2469 4010 2742 4079 μεγάλων,
2769 4014 2863 4065 καὶ
2893 4012 2964 4066 τὰ
2995 4015 3170 4086 μικρά
3200 4016 3290 4070 διὰ
3329 4017 3439 4070 τῶν
3472 4021 3717 4089 μικρῶν.
3762 4024 3937 4090 Μέγας

2350 4097 2407 4150 δὲ
2459 4100 2487 4152 ὁ
2535 4099 2853 4164 Υίδς,καθὸ
2904 4103 3247 4175 ἀπαύγασμα
3295 4109 3389 4161 καὶ
3437 4112 3764 4182 χαρακτὴρ,
3817 4114 3939 4165 καθὸ

2351 4189 2573 4244 ἀκούει·
2606 4210 2625 4243 ι
2658 4193 2846 4247 Κάθου
2876 4196 2940 4249 ὲκ
2969 4195 3157 4261 δεξιῶν
3198 4216 3322 4267 μου·
3358 4218 3376 4251 ι
3421 4200 3558 4254 καθὸ
3594 4206 3937 4274 πρωτότοκος

2351 4286 2447 4336 κα)⁸
2493 4284 2583 4337 ὐπ’
2615 4285 2796 4339 αὐτῶν
2828 4287 3077 4354 ἀγγέλων
3106 4292 3605 4362 προσκυνούμενος.
3646 4297 3716 4348 Οἱ
3756 4296 3814 4349 δὲ
3849 4300 3936 4367 ἀγ-

2351 4376 2524 4442 γελοι,
2548 4376 2753 4431 τούτων
2782 4378 2955 4441 οὐδὲν,
2993 4380 3109 4433 ἀλλ’
3136 4381 3184 4433 οί
3220 4382 3317 4450 μὲν
3345 4382 3422 4445 ὡς
3452 4383 3771 4455 λειτουργοὶ
3807 4405 3935 4457 παρ-

2350 4468 2670 4538 εστήκασιν,
2719 4468 2795 4531 ὡς
2840 4468 3016 4521 δοῦλοι
3067 4471 3486 4540 προσκυνοῦσιν,
3537 4474 3616 4538 ὼς
3668 4477 3932 4549 ὑπηρέται

2349 4559 2602 4630 τρέχουσι
2634 4559 2724 4613 διά
2747 4562 2872 4624 τοὺς
2906 4562 3198 4632 μέλλοντας
3241 4563 3602 4635 κληρονομεῖν
3635 4571 3928 4639 σωτηρίαν.

2350 4651 2631 4722 Κρείττων
2660 4652 2770 4724 ἀρα
2795 4652 2888 4705 τοῦ
2925 4653 3175 4723 Σωτῆρος
3200 4656 3232 4724 ἡ
3255 4654 3500 4709 διακονία
3527 4657 3633 4727 τῆς
3672 4659 3744 4711 δι’
3776 4662 3931 4729 ἀγγέ-

2348 4742 2477 4808 λων,
2507 4743 2727 4815 ὃσῳπερ
2757 4746 2786 4797 6
2815 4745 2914 4815 μὲν
2942 4746 2999 4797 ὲν
3026 4745 3257 4811 τούτοις,
3283 4746 3333 4798 οἱ
3364 4747 3421 4800 δὲ
3456 4749 3516 4800 ἐν
3558 4750 3811 4813 ἐκείνοις.
3838 4754 3926 4805 Διά

2348 4833 2554 4905 ταύτην
2586 4834 2874 4905 τοιγαροῦν
2907 4836 3003 4907 τὴν
3030 4837 3209 4890 αἰτίαν
3237 4840 3265 4890 6
3294 4836 3506 4902 Παῦλος
3532 4842 3634 4904 τὰς
3658 4841 3924 4906 διακονίας

2351 4928 2633 4997 συγκρῖναι
2656 4926 2901 4999 θελήσας,
2934 4928 3112 4995 λέγει⁹
3148 4949 3166 4981 ι
3198 4929 3479 5000 Κρείττων
3507 4932 3805 5001 γενόμενος
3824 4936 3922 4989 τῶν

2348 5018 2610 5087 ἀγγέλων.
2644 5021 2803 5073 »Ὅτε
2830 5019 2887 5073 δὲ
2921 5020 3015 5073 ἐπὶ
3054 5020 3152 5093 τὴν
3178 5020 3285 5074 τῶν
3313 5021 3513 5075 οὐσιῶν
3541 5022 3775 5093 ἔρχεται
3801 5027 3920 5095 σύγ-

2346 5130 2548 5184 κρισιν,
2583 5114 2764 5183 λέγει’
2802 5115 2984 5185 ι”υσῳ
3016 5114 3414 5186 διαφορώτερον
3443 5115 3577 5183 παρ’
3609 5117 3814 5183 αὐτοὺς
3837 5138 3919 5173 κε-

2350 5208 2760 5280 κληρονόμηκεν
2790 5207 2980 5278 ὄνομα.
3007 5226 3025 5258 ι
3048 5206 3265 5272 Οὐκέτι,
3288 5208 3595 5276 κρεῖττον,
3621 5213 3784 5274 ἀλλά.
3802 5213 3917 5265 δια-

2347 5298 2703 5370 φορώτερον,
2733 5298 2764 5353 6
2807 5299 2871 5356 δὴ
2920 5298 3016 5353 καὶ
3053 5298 3255 5371 πολλὴν
3284 5300 3530 5373 εἰσφέρει
3562 5304 3666 5376 τὴν
3700 5305 3917 5371 ἐξαλλα-

2347 5394 2471 5465 γήνη

2346 5731 2694 5805 'llcbr.r,6.
2782 5726 3040 5783 ’ibid.3.
3124 5724 3537 5791 ‘°l‘sal.(;tx,l.
3621 5723 3911 5792 “llcbr.t,
