4124 6540
112 402 268 463 349

1593 403 2046 464 THESAURUS.

3351 419 3459 475 550

98 528 517 603 Παρᾴθεσις
552 528 796 603 ῥητῶν,
814 526 947 603 περὶ
987 526 1445 603 ἁιςθρωξότητος
1479 527 1763 603 Χριστοῦ,

1870 526 2149 598 Appendix
2195 527 2458 603 dictarunt
2515 528 2611 603 de__
2636 528 2966 603 huntanitate
3018 531 3214 603 Christi
3235 549 3256 598 ;
3315 551 3457 603 pne-

190 599 340 657 aéai
384 599 569 667 λύσις
609 599 834 669 ἐφεξῆς
877 601 964 665 εἰς
1001 600 1091 665 τὸ,
1128 617 1147 651 ι
1176 599 1448 665 Τοσούτῳ
1478 600 1764 667 κρείττων

190 619 340 657 καί
384 619 569 667 λυσις
609 619 834 725 sesese
877 619 964 665 εις
1001 619 1091 665 το,

190 672 573 743 γενόμενος
608 671 729 724 τῶν
804 669 1050 740 γγέλων.
1081 687 1100 720 ι

197 786 370 842 Ὀτι
401 783 465 838 τὸ
498 802 517 836 ι
545 782 808 855 κρείττων
839 800 857 833 ι
907 780 1096 835 ἐνθάδε
1143 779 1450 851 τιθέμενον,
1485 779 1596 833 τῶν
1645 780 1764 833 δια-

108 874 414 930 κονικῶν
444 872 687 944 εἰσφέρει
718 872 818 943 τὴν
836 868 1145 941 σύγκρισιν,
1177 870 1523 940 γνωσόμεθα,
1544 867 1761 922 Παύλου

114 966 429 1036 λέγοντος
450 981 466 996 ο
502 983 521 1016 ι
552 964 613 1017 Ei
666 962 775 1033 γὰρ
825 961 855 1015 6
897 960 965 1015 δι’
998 960 1244 1030 ἀγγέλων
1290 960 1538 1031 λαληθεὶς
1583 960 1760 1029 λόγος,

130 1059 401 1125 ἐγένετο
433 1054 667 1125 βέϐαιος,
703 1055 798 1107 καὶ
842 1055 997 1107 πᾶσα
1035 1052 1349 1123 παράϐασις
1382 1052 1477 1106 καὶ
1506 1051 1761 1124 παρακοὴ

131 1150 371 1204 ἐλαϐεν
391 1147 594 1202 ἔνδικον
612 1144 1058 1217 μισθαποδοσίαν,
1079 1145 1195 1209 πῶς
1212 1146 1374 1216 ἡμεῖς
1387 1144 1763 1215 ἐκφευξόμεθα

131 1241 431 1311 τοιαύτης
456 1239 832 1310 ἀμελήσαντες
853 1237 1128 1308 σωτηρίας
1142 1275 1160 1301 ,
1185 1237 1309 1307 ἥτις
1327 1236 1504 1307 ἀρχὴν
1523 1234 1763 1290 λαϐοῦσα

130 1332 453 1385 λαλεῖσθαι
503 1330 593 1384 διά
630 1328 728 1383 τοῦ
761 1328 993 1401 Κυρίου,
1018 1328 1125 1382 ὑπὸ
1151 1328 1261 1383 τῶν
1291 1327 1642 1382 ἀκουσάντων
1680 1329 1763 1393 είς

128 1425 318 1493 ἡμᾶς
347 1420 675 1491 ὲϐεϐαιώθη;
708 1440 728 1473 ι
767 1420 879 1475 Καὶ
899 1420 1063 1474 πάλιν
1082 1436 1098 1451 ο
1134 1440 1152 1472 ι
1174 1419 1469 1489 Ἀθετήσας
1489 1436 1574 1483 τις
1597 1420 1765 1491 νόμον

129 1515 439 1581 Μωσέως,
456 1514 625 1585 χωρὶς
650 1512 948 1585 οἱκτιρμῶπ,
969 1512 1061 1567 ἐπὶ
1084 1512 1236 1566 δυσὶν
1264 1512 1295 1583 ἢ
1319 1511 1465 1582 τρισὶ
1492 1512 1762 1583 μάρτυσιν

132 1612 539 1683 ἀποθνήσκει.
570 1609 733 1682 Πόσῳ
769 1609 975 1664 δοκεῖτε
1004 1608 1248 1680 χείρονος
1279 1607 1644 1679 ἀξιωθήσεται
1674 1625 1760 1661 τι-

136 1703 391 1773 μωρίας
420 1705 449 1758 ὁ
475 1702 568 1756 τὸν
597 1701 724 1756 Υίὸν
750 1700 845 1754 τοῦ
878 1700 1013 1754 Θεοῦ
1044 1700 1436 1770 καταπατήσας
1461 1716 1476 1764 ;
1508 1718 1527 1751 ι
1564 1699 1761 1753 Καίτοι

68 1848 70 1857 ν
134 1794 199 1846 εί,
256 1793 475 1847 διὰτὸ
524 1792 811 1864 κρείττονα
841 1790 1093 1860 λέγεσθαι
1136 1790 1244 1843 τῶν
1280 1790 1529 1858 ἀγγέλων
1571 1789 1755 1853 αὑτὸν,

135 1880 314 1938 εἶναι
340 1884 425 1937 δεῖ
449 1882 666 1946 πάντως
710 1881 894 1944 αὐτοῖς
920 1880 1016 1935 καὶ
1041 1880 1258 1951 ὁμοφυῆ
1291 1878 1369 1949 (αἱ
1392 1879 1502 1951 γὰρ
1533 1880 1761 1951 συγκρί-

138 1993 211 2029 σε
223 1993 283 2039 ις
303 1975 523 2029 ἐπὶτῶν
550 1974 801 2046 ἀλλήλοις
817 1971 1216 2046 προσεοικότων
1234 1971 1447 2040 φιλοῦσι
1463 1971 1761 2043 γίνεσθαι),

68 2108 69 2127 ς
136 2066 203 2119 τί
240 2065 461 2137 μᾶλλον
492 2064 599 2118 ἔδει
633 2063 878 2135 χείρονος
916 2060 1199 2126 ἀξιοῦσθαι
1233 2061 1504 2133 τιμωρίας
1537 2061 1628 2115 τὸν
1662 2079 1765 2115 κα⁴

136 2156 519 2212 ταπατοῦντα
570 2157 664 2211 τὸν
708 2156 854 2217 Υἱὸν,
889 2156 948 2208 οὐ
998 2154 1256 2224 τοιαύτης
1308 2155 1629 2224 μετέχοντος
1669 2153 1764 2207 τοῦ

68 2296 71 2305 .
142 2248 620 2313 καταπατοῦντος
665 2249 791 2312 τοὺς
837 2246 1104 2315 ἀγγέλους
1142 2245 1232 2299 διά
1270 2246 1369 2315 τῆς
1398 2245 1765 2316 παραϐάσεως

137 2339 258 2392 τοῦ
290 2338 620 2408 λαληθέντος
645 2336 897 2408 νὸμουζδι*
917 2334 1131 2402 αὐτῶν;
1158 2334 1218 2388 '0
1237 2333 1345 2405 γὰρ
1366 2334 1446 2398 είς
1465 2336 1589 2398 τοὺς
1614 2335 1767 2397 ίσους

68 2500 69 2507 γ
148 2430 265 2484 καὶ
305 2430 571 2501 ὁμοειδεῖς
605 2426 924 2498 ἐξυϐρίζων,
953 2429 1052 2497 τῆς
1088 2427 1260 2498 αὐτῆς
1293 2427 1361 2480 ἂν
1386 2427 1613 2489 εἰκότως
1639 2443 1769 2497 μετ-

148 2520 293 2590 έχοι
322 2519 617 2591 τιμωρίας,
648 2518 745 2572 καὶ
773 2513 835 2572 οῦ
863 2517 972 2571 τῶν
1003 2516 1373 2587 ἀδικουμένων
1398 2517 1497 2569 οὐκ
1522 2515 1639 2569 ἔστι
1659 2516 1769 2569 διας

68 2666 71 2673 ,
149 2610 449 2681 (popina!
475 2610 585 2662 τῶν
615 2609 891 2663 κολάσεων
918 2608 1173 2678 ὁμοιότης
1189 2608 1424 2676 εὐλόγως
1441 2606 1506 2661 ἂν
1528 2607 1765 2676 γένοιτο.

68 2686 71 2695 λ
146 2701 311 2754 Νυνὶ
354 2699 412 2752 δὲ
454 2700 483 2751 ὁ
518 2700 619 2770 μὲν
658 2700 738 2762 είς
786 2698 875 2752 τὸν
909 2697 1036 2750 Υίδν
1078 2697 1491 2768 ἐξαμαρτάνων,
1524 2696 1770 2767 χείρονος

152 2790 542 2861 ἀξιωθήσεται
572 2789 846 2860 τιμωρίας
866 2805 878 2817 ο
910 2790 938 2841 ὁ
965 2789 1021 2841 δὲ
1049 2789 1130 2852 είς
1150 2787 1242 2841 τὸν
1273 2788 1365 2842 ὑπ’
1390 2788 1641 2857 ἀγγέλων
1670 2787 1770 2841 λα-

152 2879 413 2950 ληθέντα
471 2879 652 2948 νόμον,
683 2878 983 2938 ἐλάττονος.
1016 2877 1130 2945 Οὐχ
1180 2876 1447 2948 ὁμογενὴς
1498 2876 1607 2948 ἀρα
1655 2879 1769 2939 τοῖς

155 2971 430 3041 ἀγγέλοις
460 2972 689 3037 ἐκεῖνος,
714 2971 796 3034 είς
831 2969 890 3023 ὃν
923 2968 1019 3022 καὶ
1054 2963 1239 3038 μείζόν
1268 2969 1384 3021 ἐστι
1425 2968 1486 3022 τὸ
1518 2968 1769 3040 ἁμαρτά-

154 3080 280 3116 νειν
302 3079 316 3092 ·
346 3063 442 3117 καὶ
468 3061 531 3115 τὸ
562 3060 833 3132 τιμωρίας
870 3059 1089 3130 μέτρον,
1124 3056 1403 3127 ἀναλόγως
1432 3061 1498 3131 τῇ
1524 3060 1766 3131 ὑπεροχῇ

154 3152 259 3207 τοῦ
301 3153 642 3226 πατηθέντος
666 3152 963 3208 ὲκτίνεται.

865 3443 1072 3498 ΑΛΔΟ.

457 3557 558 3622 Ὠς
592 3556 664 3621 ἐξ
699 3555 1062 3623 ἀντιθέσεως
1098 3557 1187 3622 εις
1224 3554 1293 3609 τὸ
1329 3553 1498 3608 αὐτό.

234 3670 524 3741 Χείρονος,
557 3670 741 3738 φασὶν,
777 3667 1025 3733 ἀξιοῦται
1074 3678 1346 3738 τιμωρίας
1388 3669 1418 3717 6
1464 3662 1767 3734 ζιξαμαρτά-

166 3779 274 3815 νων
315 3761 395 3823 είς
420 3758 513 3812 τὸν
539 3758 688 3822 Υίὸν,
716 3758 791 3821 ὡς
819 3760 900 3821 είς
937 3757 1160 3828 μείζονα
1181 3757 1290 3810 τῶν
1317 3752 1767 3824 ἀγγέλων.Τοῦτο

166 3851 224 3903 δὲ
248 3849 418 3903 αὐτὸν
437 3849 499 3902 οὐ
522 3850 740 3912 πάντως
761 3848 865 3911 ἔξω
884 3849 985 3919 τῆς
1008 3850 1143 3920 πρὸς
1164 3848 1431 3917 ἀγγέλους
1450 3846 1769 3918 ὀμογενείας

171 3940 433 4009 γενέσθαι
461 3942 626 3993 ποιεῖ.
645 3939 951 4007 Ἀναλόγως
988 3940 1097 4012 γὰρ
1124 3942 1191 4011 τῇ
1222 3940 1437 4009 ἑκάστῳ
1462 3955 1769 4011 χρεωστου-

178 4033 325 4103 μένῃ
354 4033 485 4102 τιμῇ
509 4030 603 4085 καλ⁵
628 4031 661 4100 ή
686 4030 766 4093 είς
786 4030 948 4083 αὐτὸν
973 4028 1130 4101 ὕϐρις
1155 4031 1524 4101 ὲκμετρεῖται.
1544 4027 1768 4101 Ἐπειδὴ

174 4125 359 4178 τοίνυν
407 4122 674 4193 κρείττων
722 4122 916 4192 γέγονε
968 4122 1081 4175 τῶν
1128 4122 1377 4191 ἀγγέλων
1404 4124 1433 4176 ὁ
1470 4122 1619 4186 Υίὸς,
1654 4121 1769 4192 ἔχει

180 4216 495 4289 βαρυτέρως
518 4215 618 4287 τὴν
648 4214 921 4286 τιμωρίαν
946 4216 976 4268 ὁ
1005 4216 1085 4278 είς
1117 4214 1281 4267 αὑτὸν
1312 4214 1731 4284 ἐξαμαρτάνων.

418 4329 575 4396 Πρὸς
615 4327 803 4383 ταῦτα
840 4328 1022 4394 λύσις
1060 4327 1129 4381 ἐκ
1168 4327 1275 4381 τοῦ
1317 4327 1527 4381 αὐτοῦ.

261 4442 460 4511 Ἐχρῆν
488 4436 583 4495 οὖν
612 4439 707 4493 ἐπὶ
743 4442 809 4509 τῇ
861 4439 1171 4509 παραϐάσει
1215 4440 1323 4492 τῶν
1347 4438 1585 4510 νομικῶν
1618 4438 1768 4492 ἐντο-

181 4529 309 4594 λῶν,
351 4531 424 4603 μὴ
448 4530 727 4600 ἀναλόγως
757 4532 870 4591 τοῖς
900 4529 1334 4600 πλημμελήμασι
1361 4530 1460 4593 τὰς
1496 4529 1769 4599 τιμωρίας

184 4621 476 4693 ὁρίζεσθαι,
508 4621 646 4690 μηδὲ
681 4619 898 4685 πάντως
942 4619 1019 4688 τῷ
1074 4619 1297 4690 μεγέθει
1347 4619 1449 4690 τῆς
1493 4620 1770 4691 ἁμαρτίας

191 4713 612 4786 συμμετρεῖσθαι
653 4713 754 4785 τὴν
801 4712 1043 4774 κόλασιν,
1075 4711 1211 4766 άλλά
1253 4710 1454 4781 μᾶλλον
1493 4711 1770 4782 ὁρίζεσθαι

125 4867 137 4878 γ
190 4808 321 4879 πρὸς
343 4807 439 4879 τὴν
468 4806 625 4872 ἀξίαν
648 4803 743 4858 τοῦ
771 4804 1194 4875 διακονήσαντας
1229 4803 1398 4874 αὐτὴν
1421 4804 1677 4872 ἀγγέλου.
1705 4804 1768 4857 Ei

129 4884 141 4899 ’
187 4898 243 4953 δὲ
262 4898 413 4953 τοῦτο
449 4897 548 4968 μὲν
581 4898 681 4968 οὐχ
717 4895 938 4967 ὁρῶμεν
964 4896 1277 4965 γενόμενον,
1315 4889 1395 4958 εἷς
1435 4895 1491 4948 δὲ
1523 4898 1552 4949 ὁ
1580 4896 1767 4967 νόμος,

192 4990 390 5045 πολλῶν
421 4991 590 5045 ὄντων
614 4990 888 5059 ἀγγέλων,
916 4988 1011 5041 καὶ
1034 4987 1123 5041 διά
1149 4986 1260 5040 τῶν
1286 4986 1466 5040 αὐτῶν
1488 4986 1768 5058 τιμωριῶν

192 5083 360 5154 τρέχει
384 5082 451 5136 τά
474 5083 850 5154 ἁμαρτήματα
864 5097 878 5111 ⁸
903 5081 1003 5135 οὐκ
1024 5079 1133 5151 ἄρα
1153 5079 1352 5148 ἀληθὲς
1372 5080 1431 5133 τὸ
1452 5080 1765 5150 λεγόμενον,

194 5173 268 5226 ὅτι
308 5174 546 5245 χείρονος
593 5173 957 5245 ἀξιωθήσεται
1008 5173 1282 5245 τιμωρίας
1330 5175 1359 5227 ὁ
1403 5174 1484 5237 εἰς
1516 5174 1606 5228 τὸν
1642 5173 1768 5227 Υίὸν

196 5265 590 5338 ἐξαμαρτάνων,
623 5267 699 5331 ὡς
747 5268 826 5330 είς
874 5265 1163 5335 κρείττονα
1190 5263 1300 5319 τῶν
1329 5264 1599 5334 ἀγγέλων,
1638 5263 1768 5319 ἀλλ’

196 5355 265 5419 ὡς
305 5358 381 5422 είς
425 5359 696 5429 ἑτεροφυᾶ
742 5359 835 5411 καὶ
877 5358 1012 5411 πολὺ
1049 5356 1523 5429 παρηλλαγμένον.
1555 5357 1619 5409 Oi
1668 5358 1766 5427 μὲν

197 5448 296 5521 γάρ
315 5450 544 5521 γενητοὶ,
567 5450 596 5502 ὁ
622 5450 679 5503 δὲ
707 5450 839 5515 Θεὸς
867 5449 1143 5519 ἀληθινὸς,
1177 5449 1237 5501 οὐ
1264 5448 1374 5502 τῶν
1398 5447 1641 5519 γενητῶν
1662 5441 1763 5512 εἷς,

199 5540 307 5595 οὐδὲ
327 5542 459 5614 πρὸς
492 5542 632 5597 αὐτὰ
660 5542 757 5614 τὴν
790 5543 1079 5615 σύγκρισιν
1112 5542 1279 5614 ἔχων·
1312 5540 1427 5595 ἀλλ’
1453 5543 1672 5612 ὅσῳπερ
1701 5540 1767 5594 ἂν

203 5633 346 5698 αὐτὸς
378 5633 799 5709 ἀξιολογώτερος
830 5637 1098 5706 φαίνεται,
1133 5635 1376 5706 τοσούτῳ
1422 5636 1629 5706 μείζονι
1673 5637 1767 5689 καὶ

267 5810 303 5842 ¹³
329 5810 482 5871 llcbr.
521 5831 581 5878 ll.
613 5817 668 5877 3.
710 5817 763 5871 5.
845 5819 883 5847 "
918 5816 1059 5874 Ilcbt’
1121 5833 1171 5880 ι.
1201 5817 1292 5880 ‘28,
1320 5815 1407 5871 29.

1944 597 2330 673 terea__solutio
2382 598 2496 667 ejus
2555 598 2684 653 dicti
2717 615 2736 652 :
2772 617 2792 652 ι
2828 600 2997 656 Tanto
3044 597 3242 658 melibr
3280 597 3458 673 [nctus

1942 667 2164 737 angelis.
2198 686 2219 722 ι

1940 776 2097 845 Quod
2140 793 2245 835 vox
2288 797 2307 830 ι
2346 776 2559 844 melior,
2601 796 2620 830 ι
2646 792 2712 833 eo
2742 777 2862 835 loco
2887 781 3083 851 posita,
3114 784 3460 840 administra-

1872 871 2079 927 tionum
2131 870 2593 939 comparationem
2640 871 2927 940 signiﬁcet,
2973 873 3337 944 intelligemus
3390 891 3458 931 ex

1869 964 2039 1019 Paulo
2077 962 2335 1019 dicente:
2375 980 2396 1015 ι
2435 960 2491 1017 Si
2526 964 2671 1018 enim
2719 966 2811 1034 qui
2862 980 2959 1033 per
3006 964 3227 1033 angelos
3277 964 3458 1022 dictus

1870 1060 1958 1108 est
1983 1066 2190 1117 sermo,
2234 1050 2412 1107 factus
2451 1060 2539 1107 est
2569 1050 2780 1119 ﬁrmus,
2810 1064 2865 1109 et
2909 1054 2956 1111 si
2984 1054 3163 1108 omnis
3194 1058 3456 1122 praevari-

1870 1146 2015 1199 catio
2040 1156 2096 1199 et
2134 1144 2504 1201 inobedientia
2548 1148 2759 1215 accepit
2787 1147 2995 1217 justam
3033 1147 3452 1203 retributionem

1869 1235 2160 1302 mercedis,
2195 1237 2472 1307 quomodo
2511 1252 2611 1294 nos
2652 1236 2995 1308 eil‘ngiemus,
3030 1237 3076 1293 si
3112 1244 3320 1293 tantam
3358 1254 3458 1293 ne-

1869 1327 2197 1397 glexerimus
2241 1326 2473 1384 salutem
2541 1344 2682 1399 qua‘,
2724 1344 2847 1384 cum
2900 1329 3114 1384 initium
3161 1329 3461 1400 accepisset

1868 1417 2113 1473 enarrari
2159 1433 2255 1486 per
2305 1418 2617 1487 Dominum,
2671 1421 2740 1474 ab
2784 1421 2866 1476 eis
2905 1421 2998 1491 qui
3047 1419 3358 1486 audierunt,
3402 1419 3459 1475 in

1869 1522 1971 1563 uos
2012 1508 2334 1563 conﬁrmata
2367 1516 2452 1563 est
2476 1508 2562 1563 υἷ’
2595 1528 2613 1559 ι
2659 1510 2726 1564 Et
2761 1525 2991 1566 rursus:
3026 1528 3046 1561 ι
3078 1508 3290 1564 lrritam
3336 1507 3461 1577 quis

1870 1597 2078 1653 faciens
2116 1597 2288 1666 legem
2324 1596 2485 1665 Mosi,
2539 1599 2659 1653 sine
2709 1599 2814 1652 ulla
2851 1600 3202 1655 miseratione
3237 1600 3288 1654 in
3320 1600 3459 1655 duo-

1868 1690 1970 1746 bus
2015 1698 2110 1744 aut
2140 1692 2312 1745 tribus
2353 1691 2584 1747 testibus
2616 1692 2870 1745 moritur.
2898 1691 3114 1758 Quanto
3155 1691 3328 1759 magis
3361 1703 3461 1758 pn-

1871 1783 2000 1838 tatis
2043 1798 2168 1837 eum
2219 1782 2469 1852 graviora
2523 1784 2722 1837 mereri
2754 1782 3065 1853 .supplicia,
3120 1782 3213 1852 qui
3260 1780 3457 1835 Filimu

1796 1889 1839 1944 B
1869 1874 1961 1929 Dei
1996 1872 2400 1927 conculcaverit
2424 1872 2504 1926 “?
2535 1890 2555 1925 ι
2612 1872 2772 1941 Atqui
2824 1873 2894 1937 si,
2926 1872 3055 1942 quia
3099 1871 3216 1940 ipse
3262 1869 3461 1924 dicitur

1867 1964 2062 2020 melior
2100 1962 2328 2034 angelis,
2374 1964 2749 2019 necessarium
2795 1963 2952 2032 plane
2982 1972 3066 2017 est
3102 1964 3267 2017 etiam
3311 1962 3461 2030 ejus-

1865 2056 1986 2110 dem
2037 2070 2160 2110 cum
2210 2054 2345 2124 ipsis
2391 2064 2599 2109 naturae
2654 2070 2779 2110 esse
2808 2053 3269 2125 (comparationes
3312 2052 3459 2108 enim

1865 2146 2009 2203 inter
2040 2161 2126 2203 res
2165 2146 2405 2214 sibiipsis
2447 2146 2655 2201 similes
2684 2147 2799 2201 fieri
2827 2147 3051 2216 solent),
3088 2162 3188 2201 cur
3209 2147 3462 2214 graviore

1864 2240 2131 2310 supplicio
2162 2238 2302 2295 afﬁci
2351 2240 2595 2310 oportuit
2640 2255 2762 2294 eum
2798 2242 2887 2310 qui
2923 2239 3121 2294 Filium
3167 2238 3457 2294 conculca—

1868 2333 2026 2397 verit,
2057 2348 2182 2388 cum
2210 2331 2384 2387 levius
2414 2331 2738 2403 supplicium
2774 2341 3088 2386 mereantur
3109 2332 3200 2400 qtti
3232 2328 3461 2401 angelos

1867 2424 2335 2487 conculcaverint,
2382 2423 2821 2493 transgressione
2852 2423 2987 2489 legis
3018 2438 3115 2492 per
3149 2425 3298 2492 ipsos
3328 2438 3459 2492 pro-

1870 2513 2176 2567 nuntiatae?
2198 2512 2331 2566 Nam
2357 2512 2447 2581 qui
2470 2513 2708 2580 aequales
2723 2513 3079 2583 ejusdemque
3103 2513 3305 2582 speciei
3331 2527 3461 2567 cou-

1873 2601 2094 2657 tumelia
2141 2600 2331 2666 allicit,
2378 2603 2580 2659 merito
2606 2606 2857 2658 eamdem
2892 2619 3109 2674 pinnam
3144 2612 3459 2658 mereatur:

1869 2705 2106 2761 eumque
2157 2706 2348 2747 eorum
2411 2693 2505 2762 qui
2550 2693 2747 2764 injuria
2788 2693 2967 2750 aiiecti
3004 2704 3136 2751 sunt
3189 2693 3333 2748 nulla
3393 2694 3464 2748 sit

1870 2782 2203 2850 diﬂ‘erentia,
2242 2784 2511 2853 supplicia
2543 2800 2761 2856 quoque
2789 2785 3020 2857 :equalia
3062 2800 3185 2841 esse
3218 2794 3460 2856 oportet.

1868 2873 2138 2930 Caeterum
2174 2876 2265 2944 qui
2296 2875 2351 2930 iu
2391 2875 2590 2931 Filium
2639 2876 2930 2947 delinquit,
2964 2878 3217 2949 graviore
3247 2875 3461 2947 suppli-

1869 2964 1954 3020 cio
1980 2965 2248 3033 alﬁcitur;
2280 2967 2371 3036 qui
2417 2981 2549 3022 vero
2585 2967 2637 3022 in
2672 2966 2845 3038 legem
2883 2968 2952 3023 ab
2981 2967 3190 3039 angelis
3220 2982 3464 3037 pronun-

1871 3056 2079 3120 tiatam,
2128 3057 2351 3112 leviore.
2396 3055 2512 3112 Non
2558 3068 2642 3113 est
2681 3059 2842 3128 igitur
2872 3058 3043 3114 Filius
3089 3046 3331 3129 ejusdem
3365 3074 3463 3129 ge-

1871 3149 2021 3203 neris
2062 3163 2186 3202 cum
2222 3148 2449 3218 angelis,
2495 3165 2617 3204 cum
2648 3151 2868 3220 gravius
2903 3152 2974 3206 sit
3018 3151 3277 3206 delictum
3318 3150 3461 3220 quod

1787 3238 1832 3299 ο
1866 3235 1919 3291 in
1955 3236 2104 3290 illum
2152 3237 2514 3292 committitur
2543 3253 2706 3307 quam
2739 3241 2881 3309 quod
2923 3241 2974 3294 in
3009 3239 3133 3306 ltos,
3162 3249 3217 3294 et
3252 3238 3461 3310 suppli-

1869 3327 2015 3385 cium
2051 3329 2522 3398 proportionatum
2558 3329 2812 3399 gravitati
2847 3330 3029 3386 delicti
3061 3332 3354 3400 irrogetnr.

2541 3460 2780 3517 ALIUD.

2106 3567 2192 3624 Ea:
2222 3569 2515 3639 objections
2545 3572 2917 3627 hereticorum
2958 3574 3013 3626 in
3044 3574 3207 3628 idem.

1934 3681 2187 3746 Gravius,
2239 3683 2517 3753 inquiunt,
2566 3686 2791 3755 punitur
2829 3687 2921 3754 qui
2967 3688 3237 3758 delinquit
3272 3687 3325 3742 in
3368 3685 3461 3741 Fi-

1868 3773 2023 3840 llum,
2053 3777 2432 3836 ut,maximum
2462 3779 2802 3847 angelorum.
2829 3780 3097 3834 Cmterum
3122 3796 3227 3836 non
3258 3780 3464 3835 idcirco

1869 3866 2069 3920 desiuit
2100 3882 2225 3921 csse
2268 3867 2513 3936 ejusdem
2546 3873 2763 3938 generis
2798 3887 2919 3925 cum
2953 3872 3181 3940 angelis.
3216 3871 3349 3927 Nam
3393 3888 3461 3926 ex

1871 3955 2080 4009 honore
2134 3955 2226 4023 qui
2264 3956 2496 4025 singulis
2538 3958 2784 4025 debetur,
2834 3962 3161 4014 contumelia
3199 3962 3362 4015 etiam
3407 3963 3456 4015 ei

1870 4045 2031 4100 allata
2061 4049 2385 4103 aestimatur.
2414 4050 2548 4105 Cum
2578 4051 2745 4121 igitur
2778 4052 2955 4108 factus
2981 4055 3051 4106 sit
3074 4053 3242 4109 Filius
3267 4054 3461 4109 melior

1869 4138 2095 4206 angelis,
2128 4141 2291 4211 207
2320 4143 2539 4210 gravius
2583 4159 2797 4215 quoque
2850 4145 3176 4217 suppliciutn
3222 4150 3461 4203 sumitur

1872 4228 1938 4284 de
1961 4245 2026 4284 eo
2058 4234 2147 4300 qui
2178 4232 2231 4285 in
2264 4233 2439 4301 ipsum
2469 4245 2681 4302 peccat.

2215 4341 2426 4398 Salutio
2469 4344 2777 4414 objectionis
2804 4364 2868 4402 ea:
2902 4349 3105 4403 eodem.

1940 4452 2190 4521 Oportuit
2234 4452 2418 4524 itaque
2454 4455 2506 4509 in
2560 4459 2995 4528 transgressione
3024 4459 3277 4529 legalium
3316 4476 3458 4530 pra:-

1799 4552 2152 4643 Dceptorum
2205 4560 2309 4599 non
2348 4546 2580 4616 irrogari
2623 4563 2815 4616 poenas
2862 4552 3075 4607 delictis
3108 4552 3460 4623 proportione

1874 4636 2306 4706 respondentes;
2357 4654 2533 4709 neque
2582 4640 2807 4695 omnino
2855 4643 3178 4712 supplicium
3235 4654 3461 4714 peccato

1872 4728 2331 4793 commcnsurari,
2366 4730 2460 4785 sed
2503 4730 2681 4800 potius
2727 4746 2827 4800 pro
2855 4732 3117 4801 dignitate
3160 4734 3333 4805 angeli
3386 4734 3462 4789 le-

1871 4835 1991 4889 gem
2024 4820 2456 4876 administrantis
2494 4822 2598 4877 ltoc
2622 4822 2874 4879 delinire.
2909 4824 2977 4877 At
3003 4840 3133 4879 vero
3163 4824 3207 4879 si
3242 4840 3346 4879 nou
3387 4825 3458 4878 ita

1866 4911 2073 4966 factum
2101 4927 2221 4967 esse
2248 4915 2526 4969 cernimus
2555 4932 2568 4969 :
2602 4931 2707 4968 una
2740 4924 2921 4970 autem
2954 4925 3039 4973 est
3068 4917 3178 4982 lex,
3208 4932 3330 4970 cum
3360 4932 3460 4969 au-

1869 5005 1971 5075 geli
2003 5005 2111 5060 sint
2147 5006 2324 5070 multi,
2355 5016 2518 5074 atque
2544 5006 2733 5063 iisdem
2762 5010 2938 5077 pinnis
2969 5018 3191 5078 peccata
3226 5007 3460 5078 puniun-

1876 5106 2007 5151 tur:
2043 5113 2147 5151 uon
2202 5108 2284 5153 est
2337 5099 2503 5169 igitur
2536 5115 2721 5156 verum
2770 5102 2899 5156 illud
2946 5102 3174 5164 dictum,
3211 5101 3461 5169 graviore

1874 5188 2138 5258 supplicio
2167 5188 2393 5259 dignum
2439 5207 2561 5247 esse
2603 5193 2691 5261 qui
2725 5193 2777 5246 iu
2813 5193 3010 5246 Filium
3050 5192 3364 5262 deliquerit,
3402 5201 3460 5247 ut

1875 5277 1927 5330 in
1974 5277 2269 5332 maximum
2303 5281 2642 5349 angelorum,
2678 5282 2773 5336 sed
2808 5292 2864 5335 ttt
2899 5281 2952 5335 in
3000 5297 3067 5338 eo
3097 5284 3188 5352 qui
3234 5283 3458 5340 alterius

1874 5375 2078 5421 natura:
2127 5369 2392 5438 sitquam
2439 5370 2640 5439 angeli,
2699 5373 3036 5442 multmnque
3082 5373 3150 5428 ab
3176 5373 3255 5429 eis
3302 5372 3456 5428 diffe-

1873 5468 1979 5514 rat.
2034 5458 2169 5515 Nam
2216 5462 2396 5531 angeli
2450 5462 2619 5518 creati
2669 5474 2834 5528 sunt,
2867 5464 3038 5520 Filius
3066 5475 3249 5521 autem
3294 5480 3457 5521 verus

1876 5549 2036 5618 Deus,
2070 5568 2174 5605 non
2208 5569 2346 5610 untts
2381 5569 2446 5610 ex
2476 5555 2697 5622 creatis,
2738 5572 2916 5626 neque
2947 5556 3239 5629 quidquam
3275 5556 3454 5612 simil'e

1874 5654 1995 5693 (‘Ulll
2028 5641 2107 5697 cis
2136 5642 2380 5711 ltabcus;
2414 5644 2506 5701 scd
2544 5657 2751 5715 quanto
2778 5645 2892 5715 ipse
2925 5656 3008 5704 est
3033 5647 3248 5719 dignior
3285 5656 3451 5718 atque
