4124 6532
651 369 768 440 ssi

1652 373 1712 428 S.
1754 373 2034 432 CYRILLI
2077 376 2552 435 ALEXANDle
2593 381 2915 440 ARCHIEP.

3899 389 3992 442 35‘!

653 486 1040 554 excellentior,
1096 496 1248 544 tanto
1307 489 1497 560 majori
1558 491 1910 562 graviorique
1959 494 2232 566 supplicio

2353 498 2693 572 (αλεπωτέρᾳ
2713 503 2957 575 τιμωρίᾳ
2981 503 3286 559 ὑπεύθυνον
3301 504 3440 561 ὄντα
3462 503 3788 558 δεικνύων
3812 504 3915 557 τὸν
3930 509 3986 560 τὲ

651 580 944 635 obnoxium
972 596 1093 637 esse
1116 583 1398 639 declarans
1420 601 1542 640 eum
1574 587 1666 655 qui
1694 586 1948 642 mandata
1983 603 2085 644 sua
2114 587 2233 644 lue-

652 673 723 727 rit
763 681 1166 742 transgressus.

649 807 881 885 ALIUD,
925 812 1238 885 exiisdem,
1273 813 1411 882 quod
1446 814 1583 868 bona
1617 815 1684 869 sit
1723 815 2111 885 utilissimaque
2137 822 2236 874 ad-

723 881 1175 952 ministrationum
1217 885 1564 949 comparatio,
1602 885 1907 952 anqelorttm
1954 881 2156 942 scilicet
2185 901 2232 945 et

725 948 880 1027 Filii,
931 953 1031 1027 vim
1076 953 1214 1006 vocis
1253 948 1487 1027 cntelior
1515 948 1882 1024 temptamus.
1924 956 2042 1022 Quo
2081 970 2232 1027 pacto

721 1025 860 1076 enim
904 1021 1088 1076 melior
1123 1024 1324 1094 angelis
1363 1024 1454 1088 sit,
1482 1033 1531 1078 et
1565 1021 1790 1094 quanto,
1822 1043 1887 1081 ea:
1934 1021 2002 1083 iis
2035 1021 2234 1084 intelli-

723 1107 925 1161 gemas.

724 1224 1100 1296 Angelilegem
1120 1228 1439 1294 edixerunt;
1468 1231 1562 1286 sed
1599 1230 1680 1287 lex
1733 1231 1868 1286 nihil
1905 1232 2246 1303 perfecit”.-

649 1315 825 1373 Filius
867 1329 1045 1372 autem
1094 1321 1318 1389 perfecit
1361 1336 1498 1391 Opus
1532 1322 1733 1379 Patris.
1769 1323 2050 1384 Perfectus
2089 1326 2232 1384 enim

650 1421 734 1463 est
772 1409 822 1462 in
866 1409 1060 1477 pietate
1085 1410 1175 1479 qui
1209 1411 1380 1479 ipsius
1421 1413 1630 1484 legibus
1665 1414 1966 1471 instructus
1997 1426 2100 1472 est.
2126 1414 2234 1473 Be-

650 1501 836 1569 gnavit
854 1517 998 1557 mors
1015 1504 1177 1558 etiam
1198 1504 1329 1575 legis
1352 1513 1624 1576 tempore:
1649 1508 1903 1564 nimirum
1924 1509 2021 1565 «ab
2039 1511 2232 1576 Adam,

653 1592 858 1661 inquit,
892 1609 1062 1664 usque
1094 1594 1160 1649 ad
1182 1594 1368 1651 Mosen
1402 1595 1467 1651 “.
1499 1616 1518 1649 ›
1540 1598 1756 1655 Abolita
1781 1611 1962 1656 autem
1981 1611 2065 1656 est
2088 1618 2234 1657 mors

654 1699 741 1753 pet
819 1685 1138 1754 Christum;
1208 1704 1384 1758 neque
1433 1692 1579 1745 enim
1637 1693 1870 1761 amplius
1944 1693 1998 1748 in
2061 1693 2232 1748 Adam

655 1781 921 1835 morimur
955 1822 970 1845 ,
1023 1786 1116 1838 sed
1168 1783 1219 1837 in
1268 1785 1491 1840 Christo
1543 1785 1986 1841 vivilicamur".
2027 1789 2072 1841 A
2120 1788 2232 1841 Dan

2337 591 2506 646 αὐτοῦ
2539 593 2981 664 παραϐαίνοντα..

2335 817 2544 888 ΛΑΜ),
2565 817 2634 888 ἐκ
2659 817 2776 871 τῶν
2803 818 3034 888 αὐτῶν,
3063 819 3149 873 ὅτι
3187 820 3344 888 καλὴ
3371 821 3474 874 καὶ
3507 819 3975 888 κρησςιμωτάτξ

2410 886 2527 940 τῶν
2559 887 2880 942 διακονιῶν
2913 890 2950 954 ἡ
2983 886 3469 958 σύγκρισιςζτῆς
3498 886 3570 942 τὲ
3623 887 3778 940 τῶν
3819 889 3976 958 (ir-:21

2405 960 2535 1011 λων
2563 958 2661 1010 καί
2691 958 2797 1012 τοῦ
2836 959 2991 1022 Υίοῦ,
3025 957 3130 1013 τοῦ
3175 979 3193 1010 ι
3234 961 3524 1028 κρείττων
3553 979 3578 1010 ι
3625 958 3774 1028 τὴν
3809 957 3976 1010 δετε-

2399 1045 2510 1109 μιν
2537 1029 2972 1109 ἐριηηιεύουσᾳ.
3015 1027 3281 1109 uaga?
3305 1030 3608 1109 κρείττω
3638 1027 3791 1109 ςῶιῑ
3813 1029 3974 1097 ἀπ-έ.

2404 1103 2532 1152 λων
2563 1099 2696 1152 ἐστὶ
2723 1099 2823 1154 καί
2849 1100 3067 1164 πόσον,
3100 1099 3401 1164 ἐξαύτῶν
3424 1100 3864 1169 γνωσόμεθα.

2409 1231 2669 1302 ’Ἄγγελοι
2701 1233 2792 1287 τὸν
2826 1233 2989 1304 νόμον
3026 1235 3317 1306 ἐλάλησαν,
3345 1234 3463 1288 ἀλλ’
3499 1233 3684 1288 οὐδὲν
3725 1232 3967 1286 trahat.

2338 1323 2668 1394 σενόνόμος.
2685 1323 2744 1378 '0
2767 1324 2824 1378 δὲ
2835 1324 2963 1389 Υἱὸς
2988 1325 3272 1380 ἐτελείωσε
3293 1327 3354 1379 τὺ
3377 1325 3550 1393 ἔργον
3582 1323 3700 1377 τοῦ
3728 1325 3959 1395 Πατρός.

2336 1413 2555 1480 Τέλειος
2586 1416 2696 1488 γὰρ
2728 1417 2809 1480 είς
2837 1416 3116 1471 εὐσέϐειαν
3151 1418 3182 1470 6
3206 1420 3318 1480 τοῖς
3345 1416 3516 1471 αὑτοῦ
3543 1417 3771 1485 νόμοις
3814 1419 3958 1469 παιδ-

2337 1508 3144 1579 αγωγούμενος.Ἐ6ασίλευσεν
3183 1512 3212 1564 6
3245 1510 3478 1574 Θάνατος
3530 1509 3645 1562 καὶ
3702 1510 3862 1561 κατὰ
3889 1515 3958 1560 τις

2335 1599 2624 1672 τοῦδνόμου
2646 1602 2856 1674 καιρόνο
2882 1621 2903 1654 ι
2925 1603 3061 1656 Ἀπὸ
3077 1602 3188 1675 γὰρ
3229 1601 3422 1672 Ἀδὰμ,
3454 1601 3635 1673 φησὶ,
3676 1602 3790 1654 καὶ
3813 1602 3953 1671 μέχρι.

2337 1694 2600 1758 Μωσέως.
2630 1714 2649 1746 ι
2684 1695 2917 1748 Λέλυται
2945 1695 3004 1749 δὲ
3042 1695 3269 1759 θάνατος
3303 1695 3392 1747 διὰ
3433 1693 3711 1766 Χριστοῦ
3737 1711 3756 1724 ο
3790 1692 3953 1745 οὐκέτι

2337 1785 2447 1856 γὰρ
2497 1787 2555 1838 ἐν
2598 1786 2768 1856 Ἀδὰμ
2805 1787 3246 1858 ἀποθνήσκομεν,
3284 1786 3398 1839 ἀλλ’
3423 1787 3484 1839 ὲν
3521 1783 3789 1856 Χριστῷ
3838 1784 3950 1846 ζωι-

652 1874 721 1927 ad
765 1873 1030 1929 Bersabee
1082 1875 1273 1942 legalis
1343 1886 1610 1947 praecepta
1665 1878 1983 1932 denuntiata
2057 1890 2230 1945 sunt,

2353 1874 2812 1948 ποιούμεθα.Ἀπὺ
2853 1876 2960 1930 Δάν
3012 1877 3107 1930 καὶ
3151 1876 3257 1940 ἕως
3294 1876 3594 1948 Βηρσασεὲ
3631 1877 3722 1930 τὰ
3774 1877 3951 1944 venui

653 1974 878 2033 eratque
903 1965 955 2019 in
983 1965 1096 2019 sola
1125 1965 1306 2021 ludam
1336 1978 1494 2023 notus
1539 1968 1679 2022 Deus
1706 1968 1769 2000 "‘
1797 1985 1810 2022 :
1843 1984 1987 2023 nunc
2017 1984 2141 2024 vero
2175 1970 2229 2023 in

653 2071 870 2111 omnem
903 2067 1104 2113 terram
1144 2061 1312 2114 exivit
1340 2076 1504 2116 sonus
1535 2061 1651 2130 ejus
1676 2061 1742 2127 ¹⁸,
1775 2076 2075 2132 omnesque
2105 2062 2235 2117 edo-

655 2150 730 2204 cti
758 2159 885 2204 sunt
931 2165 960 2204 a
990 2149 1122 2216 Deo,
1159 2168 1262 2206 non
1308 2153 1376 2206 ab
1415 2152 1644 2222 angelis,
1681 2153 1775 2208 sed
1810 2168 1837 2207 a
1868 2152 1977 2209 Deo
2012 2151 2101 2206 ¹⁸⁶.
2141 2155 2232 2209 Dei

657 2240 802 2295 enim
832 2241 995 2295 etiam
1017 2241 1098 2296 lex
1113 2251 1212 2306 est,
1237 2245 1332 2298 sed
1361 2259 1457 2313 per
1471 2244 1695 2314 angelos
1722 2245 1933 2314 prolata
1963 2247 2006 2277 ”
2028 2261 2044 2312 ;
2067 2244 2236 2301 Filius

659 2341 838 2385 autem
873 2332 1044 2400 inquit
1071 2349 1083 2385 ε
1123 2333 1160 2402 «ξ
1187 2333 1296 2403 Ego
1318 2335 1433 2403 ipse
1465 2333 1692 2404 loquens
1716 2335 1905 2389 adsum
1933 2335 2017 2390 ιν.
2050 2337 2236 2406 »ἶρυο-

655 2421 823 2484 circa,
852 2419 1005 2489 juxta
1032 2420 1180 2474 Pauli
1209 2425 1561 2488 sententiam,
1590 2434 1791 2493 quanto
1815 2423 2235 2483 diﬂ‘erentiorcm

656 2516 848 2567 nactus
876 2522 958 2567 est
980 2514 1530 2580 administrationem,
1563 2527 1618 2572 et
1652 2528 1856 2584 quanto
1887 2519 2128 2576 melioris
2157 2529 2236 2574 te-

655 2606 908 2660 Stamenti
953 2621 1182 2676 sponsor
1222 2607 1399 2662 lactus
1429 2617 1512 2664 est
1537 2609 1606 2676 ³⁸,
1646 2619 1795 2666 tanto
1836 2611 1999 2666 etiam
2050 2613 2234 2668 excel-

656 2698 856 2754 lentior
879 2701 984 2754 erit
1008 2701 1216 2770 angelis
1248 2719 1261 2755 :
1295 2717 1401 2756 non
1437 2702 1646 2757 ratione
1666 2713 1876 2758 natura:
1903 2705 1984 2759 eis
2013 2721 2235 2776 compa-

658 2801 830 2856 ratus,
860 2793 954 2848 sed
991 2802 1140 2848 tanto
1174 2797 1422 2862 superior
1453 2806 1655 2865 quanto
1682 2795 1824 2852 Deus
1852 2799 2103 2854 essentia:
2146 2816 2233 2854 ra-

659 2886 803 2940 tione
821 2896 1001 2940 creata
1031 2887 1326 2941 antecellit.
1356 2886 1531 2944 Dictio
1561 2888 1745 2958 itaque
1768 2889 1903 2954 haec,
1925 2910 1944 2942 ι
1971 2891 2187 2956 melior,
2213 2911 2231 2943 ι

657 2981 724 3035 ad
774 2981 1302 3036 administrationem
1356 2981 1545 3047 relata,
1603 2992 1805 3053 quanto
1853 2997 1974 3036 eam
2023 2983 2237 3039 illorum

656 3074 1127 3128 administratione
1179 3075 1613 3143 pratsmntiorem
1665 3075 2073 3146 dignioremque
2118 3092 2240 3132 esse

655 3167 924 3231 ostendit,
965 3175 1115 3220 tanto
1148 3166 1317 3236 magis
1354 3164 1548 3219 Filium
1590 3182 1750 3235 supra
1794 3178 2032 3221 creatam
2082 3177 2242 3222 natu-

658 3273 773 3310 ram
811 3258 1042 3312 extollit.
1081 3257 1147 3310 Et
1192 3233 1397 3325 angelis
1427 3257 1642 3328 quidem
1658 3233 1838 3329 7208
1865 3269 1921 3312 ut
1957 3261 2133 3315 servis
2165 3262 2243 3314 in-
2272 3233 2314 3289 Ο

661 3348 915 3402 feriorcm
989 3348 1516 3404 administrationem
1584 3349 1818 3415 tribuit,
1862 3350 1999 3405 Filio
2065 3362 2245 3406 autem

660 3457 781 3496 eam
818 3458 938 3510 qua:
966 3441 1104 3497 Filio
1135 3451 1190 3495 et
1221 3442 1446 3497 Domino
1479 3454 1766 3514 congruat.
1798 3443 1933 3498 Nam
1972 3445 2024 3498 in
2059 3445 2248 3500 melio-

661 3535 832 3597 ribus,
879 3543 935 3586 ut
971 3533 1143 3603 inquit
1171 3533 1474 3603 Scriptura,
1509 3536 2026 3603 repromissionibus
2069 3537 2249 3592 sanci-

666 3635 754 3682 tus
788 3636 872 3681 est
897 3625 961 3679 ἰ.

664 3760 911 3826 ALIUD,
955 3762 1095 3832 quod
1145 3761 1333 3815 melior
1373 3763 1440 3815 sit
1499 3761 1595 3816 Dei
1647 3759 1800 3814 Verbi
1853 3764 2248 3819 administratio

731 3849 888 3903 quam
937 3832 1276 3901 angelorum,
1321 3832 1481 3885 etiam
1539 3833 1661 3884 (aliis
1706 3832 1878 3886 modis
1909 3847 1926 3885 :
1955 3843 2002 3886 et
2049 3845 2248 3903 quanto

733 3903 919 3958 melior
944 3913 1018 3956 est
1049 3903 1466 3968 administratio,
1497 3912 1640 3956 tanto
1675 3911 1722 3956 et
1757 3904 2248 3959 administratorem

738 3975 1007 4028 meliorem
1039 3989 1168 4028 esse.

737 4109 936 4164 Paulus
984 4109 1062 4163 ait
1109 4127 1124 4164 :
1177 4125 1197 4161 ι
1225 4107 1491 4174 Quoniam
1537 4107 1682 4177 quod
1737 4108 2074 4177 impossibile
2132 4120 2250 4166 erat

668 4202 794 4273 legi,
826 4202 880 4256 in
915 4215 1024 4270 quo
1057 4201 1436 4255 inﬁrmabatur
1479 4217 1575 4272 per
1611 4216 1852 4265 carnem,
1889 4201 2031 4256 Deus
2054 4199 2247 4256 Filium

668 4309 828 4349 suum
859 4294 1079 4349 mittens
1107 4293 1160 4346 in
1186 4292 1597 4348 similitudinem
1623 4293 1806 4347 carnis
1837 4292 2065 4362 peccati,
2102 4301 2157 4348 et
2185 4294 2252 4348 de

670 4395 896 4457 peccato
923 4385 1202 4440 damnavit
1234 4394 1512 4455 peccatum
1550 4385 1604 4439 in
1647 4399 1834 4449 carne,
1869 4392 1928 4437 ut
1972 4384 2249 4454 signiﬁca-

673 4482 748 4536 tio
787 4479 923 4551 legis
976 4479 1294 4548 impleretur
1329 4480 1381 4533 in
1433 4479 1610 4542 nobis,
1662 4477 1751 4547 qui
1801 4492 1904 4531 non
1955 4478 2250 4532 secundum

2340 1969 2743 2040 προστάγματα
2769 1969 3138 2041 διηγγέλλετο,
3169 1970 3266 2023 καλ⁸
3305 1965 3374 2040 ἦν
3423 1970 3481 2022 ὲν
3536 1969 3698 2040 μόνῃ
3730 1971 3809 2038 τῇ
3847 1969 3951 2020 ἰον-

2339 2063 2466 2135 δαίᾳ
2493 2063 2732 2131 γνωστὸς
2755 2065 2783 2117 6
2817 2063 2951 2127 Θεός
2972 2078 2988 2092 ⁶
3019 2064 3137 2117 νυνὶ
3164 2063 3222 2115 δὲ
3252 2063 3333 2128 είς
3362 2064 3551 2116 πᾶσαν
3591 2061 3714 2132 τὴν
3757 2063 3867 2130 γῆν

2339 2156 2505 2226 ἦλθεν
2528 2157 2556 2208 6
2585 2155 2824 2226 φθόγγος
2857 2155 3044 2221 αὐτοῦ,
3064 2156 3159 2210 καὶ
3187 2155 3446 2224 γεγόνασι
3475 2155 3710 2217 πάντες
3727 2153 3947 2206 διδακτά

2341 2249 2498 2314 Θεοῦ,
2538 2249 2638 2302 οὐκ
2670 2248 2937 2318 ἀγγέλων,
2966 2249 3100 2304 ἀλλά
3130 2247 3287 2302 Θεοῦ.
3321 2245 3455 2300 Θεοῦ
3505 2246 3624 2316 μὲν
3667 2246 3802 2317 γὰρ
3831 2249 3947 2297 κσὶέ

2343 2340 2526 2412 νόμος,
2564 2341 2699 2396 ἀλλὰ
2732 2342 2798 2395 δι’
2830 2343 3079 2412 ἀγγέλων
3099 2361 3112 2374 ·
3149 2344 3178 2396 6
3206 2344 3263 2396 δὲ
3295 2342 3423 2406 Υἱός
3475 2359 3662 2412 φησιν
3685 2359 3703 2371 ·
3748 2361 3770 2392 ι
3805 2342 3950 2402 Αὐτὸς

2342 2432 2369 2484 6
2399 2431 2574 2485 λαλῶν
2605 2432 2855 2504 πάρειμι.
2891 2453 2909 2485 ι
2969 2433 3178 2489 Οὐκοῦν
3211 2433 3374 2487 κατὰ
3418 2431 3520 2503 τὴν
3581 2433 3691 2485 τοῦ
3751 2435 3946 2486 Ila-ite.

2345 2523 2551 2592 φωνὴν,
2585 2523 2694 2594 ὅσῳ
2719 2522 3131 2594 διαφορωτέρας
3151 2520 3418 2593 τετύχηκε
3438 2521 3843 2592 λειτουργίας,
3879 2524 3945 2572 n‘:

2344 2611 2453 2682 ὅσῳ
2497 2614 2805 2683 κρείττονος
2849 2613 3116 2685 διαθήκης
3156 2611 3379 2680 γέγονεν
3427 2610 3668 2678 ἔγγυος,
3707 2611 3944 2662 cassita:

2345 2705 2599 2775 ὑπερέξει
2630 2707 2753 2768 τοὺς
2784 2706 3069 2776 ἀγγέλους,
3097 2705 3197 2776 οὐχ
3221 2705 3298 2768 ὡς
3328 2705 3462 2775 πρὸς
3490 2707 3715 2768 αὐτοὺς
3743 2721 3944 2773 συγκρι-

2346 2797 2566 2868 νόμενος
2586 2797 2727 2851 κατὰ
2740 2797 2837 2868 τὴν
2860 2797 3040 2866 φύσιν,
3061 2796 3196 2851 ἀλλά
3211 2795 3464 2848 τοσοῦτον
3478 2796 3940 2867 ὑπεραιρόμενκ,

2345 2889 2467 2943 ὅσον
2501 2889 2807 2960 ἀπῴκισται
2859 2890 2966 2942 τῶν
3013 2889 3258 2959 γενητῶν
3291 2891 3318 2940 ὀ
3351 2887 3482 2952 Θεὸς
3513 2889 3675 2942 κατὰ
3730 2889 3828 2941 τὸν
3869 2889 3944 2955 τῆς

2346 2984 2534 3046 οὐσίας
2568 2983 2743 3052 λόγον.
2775 2983 2848 3036 T6
2877 2984 2984 3054 ἄρα
3025 3003 3043 3034 ι
3073 2983 3336 3053 κρείττων
3363 3001 3379 3032 ι
3407 2982 3501 3034 ἐπὶ
3534 2981 3644 3051 τῆς
3683 2981 3943 3040 διακονίας

2349 3076 2670 3147 φερόμενον,
2699 3077 2821 3128 ὅσον
2863 3075 3032 3146 αὐτὴν
3064 3075 3164 3145 τῆς
3193 3073 3416 3127 ἐκείνων
3445 3072 3706 3126 δεικνύει
3743 3074 3942 3142 μείζοσι

2329 3169 2444 3243 καὶ
2492 3168 2849 3239 ὑψηλοτέραν,
2879 3167 3134 3220 τοσοῦτον
3179 3166 3385 3236 ἐξαίρει
3419 3166 3519 3234 τῆς
3561 3165 3686 3217 τῶν
3719 3163 3942 3234 Taygeti»-

2349 3260 2567 3329 φύσεως
2611 3259 2704 3312 τὸν
2731 3259 2875 3310 Υἰόν.
2904 3258 3014 3312 Καὶ
3059 3259 3172 3319 τοῖς
3210 3256 3307 3326 μὲν
3349 3256 3612 3324 ἀγγέλοις
3641 3257 3732 3318 ὠς
3762 3256 3942 3315 δούλοις

2347 3353 2611 3422 ἀπονέμει
2661 3351 2936 3405 διακονίαν
2988 3349 3088 3421 τὴν
3132 3348 3422 3402 ἐλάττονα·
3468 3346 3555 3416 τῷ
3601 3347 3664 3400 δὲ
3696 3346 3838 3416 Tit},

2349 3443 2463 3513 Υίῷ
2514 3443 2832 3512 πρέπουσαν
2880 3443 2976 3496 καὶ
3025 3438 3434 3510 Δεσπὸτῃ.Ἐπὶ
3479 3438 3597 3509 γὰρ
3654 3441 3940 3510 κρείττοπ,

2352 3535 2537 3605 φησὶν,
2574 3534 2930 3602 ἐπαγγελίαις
2964 3532 3408 3604 νενομοθέτηται.

2350 3757 2553 3821 ΛΑΜ),
2584 3758 2671 3810 ὅτι
2714 3759 2994 3826 κρείττων
3022 3759 3058 3826 ἡ
3107 3759 3211 3812 τοῦ
3251 3755 3398 3809 Θεοῦ
3431 3757 3638 3822 Λόγου
3681 3754 3939 3807 διακωηά

2425 3828 2532 3896 τῆς
2579 3828 2697 3881 τῶν
2745 3825 3038 3898 ἀγγέλων,
3073 3830 3170 3882 καὶ
3203 3829 3330 3880 καθ’
3359 3825 3617 3898 ἐτέρους
3655 3830 3936 3898 τρόξοιτ³

2421 3899 2546 3964 ὅσῳ
2578 3899 2647 3951 δὲ
2677 3896 2962 3966 κρείττων
2988 3898 3164 3967 αὕτη,
3210 3897 3480 3962 τοσούτῳ
3518 3896 3626 3949 καὶ
3680 3900 3714 3948 ό
3764 3896 3938 3948 διακε-

2420 3967 2623 4035 νήσας
2650 3969 2857 4023 αὐτόν.

2433 4104 2496 4159 Ὀ
2525 4104 2738 4168 nam;
2769 4120 2935 4175 φησιν
2954 4120 2968 4134 ο
3012 4104 3168 4157 «Ὅτι
3192 4104 3253 4157 τὸ
3281 4103 3548 4157 ἀδύνατον
3574 4101 3680 4155 τοῦ
3712 4101 3875 4172 νόμον
3892 4104 3935 4152 ἐν

2350 4190 2396 4265 ᾧ
2424 4196 2642 4268 ἠσθένει
2686 4196 2777 4251 διὰ
2816 4196 2920 4266 τῆς
2954 4199 3178 4269 σαρκὸς,
3224 4200 3253 4252 6
3302 4197 3436 4259 Θεὸς
3477 4195 3570 4248 τὸν
3603 4195 3804 4248 ἑαυτοῦ
3832 4196 3938 4248 Υἱὲ-ν

2353 4289 2596 4360 πέμψας,
2623 4292 2681 4344 έν
2726 4289 3031 4360 ὁμοιώματι
3083 4289 3284 4361 σαρκὸς
3333 4288 3633 4361 ἁμαρτίας,
3677 4289 3774 4341 καὶ
3827 4290 3936 4358 περὶ

2355 4381 2632 4452 ἁμαρτίας
2663 4381 2956 4452 κατέκρινε
2992 4381 3095 4450 τὴν
3123 4381 3402 4452 ἁμαρτίαν
3433 4382 3489 4432 ὲν
3519 4382 3587 4448 τῇ
3617 4381 3802 4446 σαρκί.
3836 4398 3852 4429 ι
3885 4379 3934 4431 ΕΞ

2353 4471 2409 4525 δὲ
2431 4471 2730 4542 ἠσθένησεν
2756 4475 2784 4525 6
2809 4473 2973 4543 νόμος
3004 4475 3335 4545 κατακρῖναι
3363 4472 3462 4543 τὴν
3488 4473 3768 4542 ἁμαρτίαν
3793 4472 3851 4523 ἐν
3877 4474 3932 4540 τῇ

668 4590 890 4630 carnem
938 4573 1296 4637 ambulamus,
1357 4570 1454 4626 sed
1499 4572 1796 4625 secundum
1835 4569 2099 4638 Spiritum
2128 4570 2192 4622 ”.
2229 4587 2245 4618 ι

2359 4564 2545 4633 σαρκὶ,
2583 4564 2875 4635 κατέκρινε
2903 4565 2962 4618 δὲ
2989 4566 3018 4617 6
3051 4566 3310 4636 Χριστὸς,
3329 4564 3593 4633 δεκτικὴν
3620 4564 3788 4632 αὐτὴν
3816 4565 3932 4616 ἀπο-

669 4670 823 4736 Quod
855 4669 898 4723 si
934 4667 1019 4722 lex
1058 4683 1161 4723 non
1193 4666 1367 4736 potuit
1392 4674 1673 4735 peccatum
1705 4663 1757 4716 in
1790 4678 1955 4718 carne
1986 4663 2250 4717 condem-

671 4775 822 4825 nare,
875 4757 1261 4813 condemnavit
1328 4766 1511 4810 autem
1577 4752 1863 4818 Christus;
1918 4755 2116 4822 quippe
2160 4752 2252 4822 qui

670 4869 892 4910 carnem
934 4850 1170 4923 Spiritus
1207 4849 1383 4905 sancti
1411 4861 1666 4917 capacem
1695 4842 1895 4908 ell'ecit,
1939 4843 2010 4896 ita
2042 4853 2099 4896 ut
2130 4857 2252 4911 pos-

670 4949 842 5002 simus
883 4944 1064 4998 dicere
1095 4961 1109 4997 :
1138 4940 1256 4996 .lam
1310 4955 1416 4994 non
1463 4951 1654 4992 sumus
1702 4937 1754 4988 in
1804 4949 2002 4997 carne,
2058 4934 2151 4988 sed
2198 4933 2250 4987 in

672 5038 877 5108 Spiritu
900 5037 945 5068 ”
974 5055 988 5090 :
1025 5035 1198 5089 factus
1235 5033 1398 5102 igitur
1432 5037 1516 5084 est
1547 5027 1710 5083 etiam
1752 5025 1852 5082 hac
1894 5028 2105 5082 ratione
2138 5041 2252 5081 me-

671 5133 771 5184 lior
798 5128 1006 5199 angelis
1033 5142 1129 5196 per
1153 5139 1289 5195 quos
1319 5123 1402 5178 lex
1433 5121 1579 5177 edita
1612 5128 1695 5176 est
1725 5137 1737 5173 :
1766 5129 1820 5175 et
1849 5134 2059 5174 rursum
2090 5135 2250 5172 mun-

671 5226 774 5276 dus
816 5221 915 5276 sub
943 5220 1059 5290 lege
1106 5217 1505 5273 condemnatus
1555 5222 1638 5268 est
1685 5222 1905 5282 propter
1942 5219 2252 5281 peccatum.

672 5310 909 5363 Advenit
960 5317 1140 5361 autem
1182 5303 1352 5360 Filius
1390 5319 1499 5358 non
1547 5313 1602 5357 ut
1652 5303 1940 5357 damnaret
1973 5301 2253 5365 mundum,

676 5401 773 5457 sed
803 5410 860 5454 ut
887 5400 1123 5456 salvaret
1151 5397 1409 5452 mundum
1432 5395 1502 5463 “,
1532 5409 1705 5464 neque
1729 5393 2048 5462 supplicium
2080 5401 2258 5446 sumat

677 5496 743 5549 de
778 5505 1022 5564 peccato,
1070 5493 1164 5546 sed
1200 5502 1256 5544 ut
1291 5498 1637 5559 peccatorum
1674 5486 2049 5539 remissionem
2079 5486 2257 5537 numi-

678 5590 782 5644 bus
810 5587 1095 5658 largiatur.
1133 5583 1322 5637 Melior
1355 5583 1521 5653 igitur
1551 5589 1635 5632 est
1663 5578 1753 5646 qui
1780 5576 2062 5645 justilicat,
2097 5593 2258 5646 quam

755 5705 798 5736 ¹¹³
826 5703 990 5758 Hebr.
1026 5716 1120 5760 VII,
1159 5698 1244 5751 19.
1318 5697 1359 5726 η’
1393 5697 1547 5748 Rom.
1589 5711 1640 5757 ν,
1675 5694 1758 5746 M.
1831 5693 1872 5721 ⁸⁷
1908 5694 1922 5746 l
1966 5693 2089 5746 Cor.
2135 5691 2215 5752 15,
2252 5691 2337 5743 τξίι,

689 5775 755 5809 ⁸⁸·
785 5774 918 5830 Juan
973 5774 1063 5832 v19,
1105 5769 1191 5822 43.
1279 5767 1318 5797 ’τ’
1360 5765 1478 5818 Gal.
1508 5781 1600 5826 Ill,
1649 5765 1735 5818 19.

658 5849 746 5910 -5,
774 5847 827 5901 4.
902 5845 946 5876 ’³
973 5843 1099 5898 ibid.
1131 5840 1182 5896 9.
1252 5838 1304 5890 3"
1341 5834 1470 5891 Joan

1819 5764 1880 5794 ’θ’
1925 5765 2025 5817 Isa.
2075 5777 2165 5825 ιιι,
2208 5763 2257 5812 li.

2339 5761 2380 5790 ²¹⁰
2417 5760 2574 5815 llt‘br.
2623 5777 2693 5816 "ll
2721 5803 2734 5822 ,
2777 5763 2846 5814 “3‘2

2358 4657 2538 4723 δείξας
2591 4656 2685 4709 τοῦ
2735 4657 2892 4726 ἁγίου
2948 4658 3287 4728 ῐΙνεύματος,
3335 4659 3411 4722 ὡς
3463 4658 3725 4710 δύνασθαι
3772 4658 3933 4724 λέγειν

2359 4750 2510 4818 ἡμᾶς
2529 4766 2542 4780 ⁸
2562 4750 2675 4802 Οὐκ
2699 4751 2864 4821 ἐσμὲν
2893 4752 2950 4803 έν
2979 4753 3165 4822 σαρκὶ,
3188 4751 3303 4804 ἀλλ’
3323 4753 3380 4803 ἐν
3409 4750 3713 4820 Πνεύματιο
3733 4750 3933 4818 γέγονεν

2360 4841 2469 4910 ἄρα
2496 4843 2588 4894 καὶ
2615 4841 2756 4894 κατά
2783 4840 2944 4895 τοῦτο
2974 4842 3241 4912 κρείττων
3263 4842 3534 4910 ἀγγέλων,
3560 4841 3628 4892 δι’
3646 4835 3721 4893 ὧν
3747 4842 3772 4892 6
3790 4842 3932 4907 νόμις

2361 4930 2668 5002 λελάληται·
2703 4934 2797 4987 καὶ
2836 4934 2996 4988 πάλιν
3035 4935 3063 4985 6
3095 4933 3297 5002 κόσμος
3345 4932 3451 4985 ὑπὸ
3501 4931 3602 5001 μὲν
3649 4930 3741 4983 τοῦ
3784 4931 3929 4997 νόμον

2360 5025 2714 5096 κατεκρίνετο
2745 5024 2831 5078 διὰ
2857 5027 2956 5097 τὴν
2977 5025 3273 5096 ἁμαρτίαν.
3294 5023 3489 5093 Ἐπεδή
3500 5039 3642 5092 μησε
3675 5022 3730 5072 δὲ
3752 5023 3778 5073 6
3799 5021 3927 5078 Υἱὶξ.

2359 5117 2458 5186 οὐχ
2489 5117 2575 5169 ἵνα
2607 5117 2769 5188 κρίνῃ
2800 5117 2894 5169 τὸν
2924 5117 3149 5187 κόσμον,
3174 5116 3287 5170 ἀλλ’
3314 5117 3398 5168 ἶνα
3432 5114 3581 5184 σώσῃ
3610 5114 3698 5165 τὸν
3726 5112 3926 5180 κόσμον.

2357 5207 2478 5260 οὐδὲ
2527 5208 2847 5279 ἀπαιτήσων
2886 5208 3008 5262 τινὰ
3037 5209 3331 5279 τιμωρίαν,
3366 5205 3480 5260 ἀλλ’
3512 5206 3600 5258 ἵνα
3629 5206 3760 5257 πᾶσι
3790 5204 3927 5272 καρίς

2363 5317 2545 5370 σηται.
2581 5301 2860 5372 Κρείττων
2896 5297 2989 5354 οὖν
3039 5303 3068 5353 6
3109 5299 3334 5354 δικαιῶν
3379 5297 3473 5354 τοῦ
3509 5297 3925 5367 κατακρίνοντος,

2363 5394 2630 5463 κρείττων
2665 5394 2760 5446 τοῦ
2793 5394 3150 5458 ἀπαιτοῦντος
3196 5397 3224 5447 ὀ
3269 5393 3648 5464 χαριζόμενος,
3689 5391 3926 5460 κρείττων

2361 5485 2455 5538 τοῦ
2495 5487 2570 5556 μὴ
2609 5485 2928 5556 ἰσχύσαντος
2958 5489 3284 5558 κατακρίναι
3333 5485 3432 5554 τὴν
3482 5484 3750 5554 ἁμαρτίαν
3791 5485 3843 5534 ἐν
3995 5513 3999 5516 -

2368 5578 2550 5646 σαρκὶ,
2597 5579 2626 5630 6
2671 5577 2765 5630 καὶ
2811 5578 2972 5632 τοῦτο
3018 5577 3310 5648 πληρώσας
3342 5574 3486 5640 Υἱός,
3516 5575 3790 5646 Κρείττων
3835 5575 3921 5643 ἄρα

2421 5692 2485 5720 ¹⁷’
2525 5691 2667 5744 l’sal.
2704 5709 2868 5751 ωιτν,
2898 5693 2956 5747 2.
3039 5693 3080 5723 ⁸⁸
3117 5691 3258 5744 l’sal.
3289 5706 3445 5747 xvm,
3479 5689 3550 5748 5;
3583 5688 3732 5741 llum.
3773 5691 3916 5751 1.18.

2946 5763 2987 5793 ιι
3025 5761 3166 5805 μοιμ-
3240 5777 3370 5830 vui,
3412 5763 3464 5812 ti.
3538 5761 3582 5791 “
3625 5758 3770 5814 Rom.
3807 5777 3916 5822 \’lll,
