4124 6518
110 370 267 429 553

1624 372 2064 431 1‘I'IESAURUS.

3327 379 3450 440 551-

109 484 316 539 κατὰ
356 483 516 539 τοῦτο
545 483 654 536 τῶν
686 482 935 552 ἀγγέλων
966 482 1072 535 τῶν
1111 483 1201 550 τὸν
1241 481 1440 553 ἀσθενῆ
1474 481 1564 534 καὶ
1597 499 1762 535 κατα-

1868 486 1955 554 qui
1989 487 2333 551 condemnat,
2390 487 2580 544 melior
2614 489 2704 559 qui
2737 490 2952 544 veniam
3005 490 3231 560 largitur
3269 503 3454 559 quam,

105 575 436 643 κρίνοντα
465 573 816 646 λαλησάντων
847 573 1029 642 νόμον.

1863 575 1954 643 qui
1991 590 2202 644 poenam
2245 577 2452 646 exigit;
2489 577 2680 631 melior
2707 588 2790 632 est
2837 594 2901 632 co
2945 580 3034 648 qui
3071 586 3348 647 peccatum
3381 576 3433 628 in

108 681 344 726 carne
390 672 754 726 condemnare
785 683 889 722 non
922 667 1115 736 potuit,
1147 665 1193 720 is
1228 667 1320 736 qui
1372 669 1474 722 hoc
1533 666 1784 736 praestitit
1823 666 2010 722 Filius.
2043 667 2229 723 Melior
2272 669 2449 738 itaque
2489 670 2589 723 hac
2661 671 2867 724 ratione
2913 680 2994 725 est
3028 685 3188 740 quam
3234 665 3452 747 angeli,

109 766 240 832 qui
297 767 638 822 imbecillam
669 774 723 820 et
753 764 1202 819 condetnnantem
1241 763 1408 833 legem
1455 764 1759 820 ediderunt.

165 880 423 944 ΑΛΛΟ,
448 880 536 934 ὅτι
564 880 700 945 τοῖς’
720 877 1053 949 ποιήμασιν
1085 878 1123 945 ἢ
1153 878 1278 944 τοῖς
1306 877 1584 949 ἀγγέλοις
1610 880 1723 946 οὐχ

710 947 984 1018 όμοφυὴς
1020 952 1052 1002 ό
1074 949 1224 1014 Υἱός.

221 1063 307 1118 Ei
343 1063 555 1136 ποίημά
582 1067 729 1120 ἐστιν
757 1067 786 1119 6
808 1065 955 1131 Υἱὸς,
977 1065 1072 1118 καὶ
1092 1066 1336 1136 όμοφυὴς
1355 1067 1465 1128 τοῖς
1486 1065 1759 1132 ἀγγέλοις,

124 1157 554 1211 καλείσθωσαν
577 1158 672 1210 καὶ
693 1157 851 1211 αὐτοὶ
871 1157 1022 1228 παρὰ
1046 1157 1139 1211 τοῦ
1161 1157 1374 1229 [ἰατρὸς
1401 1157 1591 1227 ὥσπερ
1613 1158 1758 1209 ἐκεῖ·

126 1265 240 1310 νος
279 1250 402 1302 υἱοὶ
421 1291 435 1313 ,
471 1249 504 1318 ἢ
527 1249 689 1314 αὐτὸς
719 1249 910 1320 ὥσπερ
936 1251 1132 1303 ἐκεῖνοι
1160 1249 1411 1318 ἄγγελος.
1431 1249 1570 1302 Ἀλλ’
1587 1248 1762 1302 οὐδενὶ

118 1336 261 1389 τῶν
318 1339 579 1407 ἀγγέλων
631 1336 753 1394 εἶπέ
799 1357 929 1394 ποτε
957 1359 968 1372 ·
1009 1359 1027 1391 ι
1059 1341 1184 1404 Υἱός
1220 1359 1319 1412 μου
1349 1337 1400 1394 εἷ
1431 1345 1516 1406 σὺ,
1547 1361 1564 1392 ι
1621 1341 1760 1396 κατὰ

118 1432 245 1502 τὴν
280 1433 397 1485 τοῦ
435 1433 650 1486 Παύλου
688 1435 898 1503 φωνήν·
936 1432 1059 1486 οὔτε
1094 1433 1199 1504 μὴν
1230 1434 1392 1496 αὐτὸς
1421 1433 1648 1501 ἄγγελος
1671 1449 1735 1486 κε

120 1521 248 1589 κλη
260 1522 448 1590 μένος
476 1523 726 1592 φαίνεται
756 1524 898 1576 κατὰ
921 1523 1198 1592 ἀλήθειαν.
1246 1523 1672 1588 Καθεζέσοωσαν
1703 1525 1746 1576 ἐκ

119 1612 310 1682 δεξιᾷ.
347 1613 452 1667 τοῦ
477 1615 690 1686 Πατρὸς
721 1614 910 1684 ὥσπερ
942 1615 1065 1677 Υἱός
1083 1630 1096 1642 ⁸
1129 1613 1243 1666 ἀλλ’
1259 1613 1434 1678 οὐδεὶς
1460 1614 1568 1666 τῶν
1597 1616 1762 1682 ἀγγέ-

1864 869 2108 938 ALIUD,
2157 873 2295 942 quod
2341 870 2388 924 F
2393 871 2514 925 ilius
2564 872 2767 942 mnsit
2809 871 3040 942 ejusdem
3075 881 3280 926 natura
3317 887 3436 927 cum

2339 943 2596 995 creaturis
2624 940 2700 994 vel
2730 941 2953 1011 angelis.

1938 1053 1994 1108 Si
2034 1053 2202 1109 Filius
2242 1063 2326 1109 est
2373 1064 2646 1119 creatura,
2700 1065 2753 1109 et
2786 1053 3025 1122 ejusdem
3064 1063 3270 1108 natura:
3315 1069 3437 1109 cum

1862 1145 2087 1213 angelis,
2117 1153 2379 1199 vocentur
2401 1146 2564 1198 etiam
2605 1144 2704 1212 ipsi
2739 1143 2946 1198 aPatre
2978 1143 3093 1209 lilii,
3129 1145 3268 1199 sicut
3312 1145 3437 1212 ille;

1867 1244 1958 1287 aut
1989 1228 2211 1289 vocetur
2239 1235 2374 1303 ipse,
2411 1234 2867 1303 quemadmodum
2907 1232 3007 1296 illi,
3047 1235 3288 1304 angelus.
3323 1236 3442 1290 (Sie-

1868 1334 2038 1377 terum
2095 1324 2296 1378 nemini
2350 1324 2663 1393 angelorum
2719 1339 2957 1393 unquam
3006 1325 3140 1380 dixit
3175 1343 3188 1379 :
3223 1343 3242 1376 ι
3273 1325 3443 1380 Filius

1866 1429 2017 1470 uicus
2042 1431 2100 1469 es
2142 1427 2218 1483 tu,
2250 1435 2270 1468 ›
2307 1425 2365 1471 ut
2387 1417 2463 1470 ait
2501 1416 2700 1472 Paulus
2721 1419 2802 1481 ὐς
2842 1433 3015 1486 neque
3052 1420 3438 1487 ipseuaquam

1868 1506 2089 1574 angelus
2140 1521 2325 1561 revera
2377 1509 2552 1562 dictus
2598 1519 2702 1564 cst.
2756 1509 2992 1564 Sedeaut
3035 1510 3196 1564 etiam
3247 1509 3323 1564 illi
3371 1511 3440 1565 ad

1866 1595 2137 1649 dexteram
2163 1594 2377 1662 Patris,
2420 1599 2559 1651 sicut
2587 1597 2777 1652 Filius.
2810 1598 2972 1667 Atqui
3013 1614 3169 1653 nemo
3203 1614 3439 1668 unquam

120 1665 256 1755 1m;
278 1665 660 1776 ’συγὲᾶὸζιτέιι
674 1665 761 1775 ’τῷ
774 1665 970 1776 Πατρὶ,
987 1665 1122 1758 ἆλλά
1152 1706 1350 1776 μᾶλλον
1367 1665 1760 1776 σξαρεστήκασι

1868 1687 2172 1755 angelorum
2216 1689 2420 1742 assedit
2453 1687 2635 1755 Patri;
2670 1690 2762 1744 sed
2803 1665 2983 1758 potius
3022 1665 3311 1745 astiterunt
3341 1691 3441 1745 mi-

120 1795 622 1867 λειτουργοῦντες
653 1797 819 1868 αὐτῷ.
854 1797 1180 1864 Λεγέτωσαν
1207 1795 1430 1865 ἄγγελοι
1452 1793 1761 1850 διατάττον-

125 1903 238 1950 re;
299 1887 507 1960 ὥσπερ
541 1889 569 1939 ὁ
597 1889 749 1952 Υἱός·
807 1909 823 1939 ι
846 1887 988 1956 Ἐγὼ
1032 1888 1090 1942 δὲ
1133 1888 1277 1956 λέγω
1304 1889 1431 1958 ὑμῖν
1457 1904 1469 1915 '
1503 1907 1520 1938 )
1558 1885 1670 1939 ἀλλ’
1701 1885 1761 1939 οὐ

123 1978 320 2033 τοῦτό
377 1999 566 2048 φασιν,
622 1981 758 2034 ἀλλὰ
811 1981 1042 2051 μᾶλλον
1091 2003 1106 2031 ι
1151 1980 1488 2050 Ἀπεστὰλην
1534 1979 1764 2049 λαλῆσαι

130 2070 297 2140 πρὸς
329 2073 420 2124 σέ.
458 2092 474 2121 ι
515 2072 624 2124 Kat
649 2074 698 2125 oi
735 2072 834 2142 μὲν
861 2072 1221 2135 διακονοῦσιν,
1252 2074 1281 2126 ὀ
1313 2072 1368 2124 δὲ
1400 2071 1760 2125 διακονεῖται⁶

136 2183 158 2210 ι
185 2164 351 2218 Ἰδοὺ
407 2165 534 2237 γὰρ,
567 2167 750 2235 φησὶν,
785 2167 1008 2235 ἄγγελοι
1051 2165 1439 2238 προσελθόντες
1486 2166 1764 2235 διηκόνουν

129 2254 338 2324 αὐτῷ.
384 2276 404 2307 ι
461 2257 570 2308 Καὶ
603 2257 631 2308 6
669 2256 767 2326 μὲν
797 2257 911 2309 ἔστι
939 2256 1289 2327 δημιουργὸς,
1315 2257 1365 2309 οἱ
1411 2255 1468 2309 δὲ
1509 2255 1765 2324 γεγόνασι

126 2347 210 2398 δι’
251 2347 468 2400 αὐτοῦ’
503 2348 595 2401 καὶ
624 2349 674 2400 oi
711 2347 808 2417 μὲν
852 2346 1267 2417 προσκυνοῦσιν,
1303 2348 1329 2396 6
1359 2345 1414 2398 δὲ
1443 2348 1765 2416 προσκυνεί-

134 2452 244 2489 ται
268 2452 285 2466 ·
339 2438 444 2490 καὶ
475 2438 524 2488 oi
559 2437 656 2506 μὲν
690 2435 914 2505 ἄγγελοι
941 2435 1041 2500 τὰς
1072 2435 1180 2488 τῶν
1210 2436 1455 2506 οὐρανῶν
1481 2435 1657 2499 πύλας
1685 2435 1768 2489 αῖ-

138 2543 280 2597 ρειν
337 2527 776 2600 προστάττονται
797 2544 810 2557 ·
837 2529 866 2581 6
903 2527 959 2580 δὲ
991 2526 1296 2597 εἰσέρχεται
1324 2527 1399 2590 ὡς
1425 2526 1628 2598 Κύριος
1658 2525 1768 2579 τῶν

134 2618 486 2689 δυνάμεων,
510 2619 585 2683 ὡς
616 2619 868 2688 βασιλεὺς
895 2620 998 2689 τῆς
1025 2618 1214 2689 δόξης·
1248 2617 1344 2672 καὶ
1395 2620 1442 2672 oi
1491 2619 1587 2689 μὲν
1623 2617 1770 2689 ζωῆς

141 2711 478 2780 μετέχουσι
524 2712 624 2781 τῆς
658 2712 809 2780 παρὰ
839 2710 994 2763 Θεοῡο
1027 2713 1054 2764 6
1083 2710 1141 2764 δὲ
1184 2713 1285 2781 τῆς
1315 2710 1458 2780 ζωῆς
1491 2713 1609 2764 ἐστι
1645 2728 1770 2781 χορν

143 2799 323 2873 ηγδς,
362 2800 535 2862 αὐτὸς
559 2798 673 2870 ζωὴ
697 2803 812 2862 τοῖς
839 2801 1004 2853 πᾶσιν
1030 2801 1310 2870 ὑπάρχων.
1343 2800 1454 2854 Καὶ
1479 2803 1508 2854 6
1536 2800 1636 2871 μέν
1660 2819 1768 2871 φη-

146 2905 243 2942 σιν
265 2905 282 2919 ο
328 2908 348 2941 ι
376 2887 524 2957 Ἐγὼ
571 2890 664 2941 καὶ
690 2889 718 2940 6
750 2888 939 2960 Πατὴρ
969 2888 1028 2942 ἓν
1057 2891 1244 2959 ἐσμεν,
1279 2909 1298 2940 ι
1332 2889 1428 2941 καὶ
1465 2909 1482 2940 ι
1506 2889 1564 2941 '0
1591 2890 1755 2960 ἑωρα-

147 2979 275 3042 κὼς
331 2980 464 3050 ἐμὲ,
501 2977 712 3048 ἑώρακε
760 2977 852 3030 τὸν
901 2978 1140 3048 Πατέρα,
1172 2997 1190 3028 ›
1231 2979 1356 3057 καὶ,
1395 2997 1412 3028 ι
1442 2978 1628 3032 Πάντα
1666 2979 1767 3032 ὅσα
1793 3001 1835 3057 C

152 3069 280 3138 ἔχει
337 3071 370 3121 6
413 3067 626 3138 Πατὴρ,
663 3067 774 3137 ἐμά
819 3068 955 3130 ἐστι,
990 3085 1008 3117 ι
1049 3068 1146 3120 καὶ
1185 3085 1201 3118 ι
1231 3053 1374 3133 Ἒγώ
1403 3069 1518 3137 εἰμι
1566 3067 1626 3120 τὸ
1651 3067 1767 3136 φῶς

146 3157 250 3212 τοῦ
290 3156 538 3227 κόσμου,
571 3177 589 3208 ι
641 3157 734 3209 καὶ
774 3157 956 3224 «Ἐγώ
1008 3159 1123 3226 ειμι
1177 3158 1210 3227 ή
1250 3155 1546 3220 ἀνάστασις
1598 3156 1692 3210 καὶ
1735 3158 1768 3228 ἡ

152 3252 302 3320 ζωη·
341 3271 362 3302 ι
399 3249 630 3318 ἄγγελοι
667 3249 724 3302 δὲ
749 3250 847 3312 τὰς
868 3247 1127 3313 τοιαύτας
1170 3249 1230 3302 οὐ
1265 3248 1504 3320 τολμῶσι
1537 3249 1769 3318 φθέγγε-

154 3343 287 3396 σθαι
322 3342 546 3412 φωνάς.
581 3340 699 3394 Κᾶν
729 3343 786 3394 ἐν
811 3340 890 3411 τῷ
913 3341 1139 3411 ὀνόματι
1170 3337 1263 3393 τοῦ
1295 3339 1426 3394 Υἱοῦ
1456 3340 1769 3411 προσευξώ-

157 3432 329 3503 μεθα,
359 3433 583 3502 ὅσαπερ
624 3431 692 3484 ἂν
729 3431 1063 3500 αἱτήσωμεν,
1093 3428 1378 3500 ληψόμεθα
1402 3447 1414 3459 ·
1448 3430 1509 3482 ὲν
1546 3429 1770 3499 ὀνόματι

151 3525 211 3578 δὲ
241 3525 360 3578 τῶν
391 3525 655 3592 ἀγγέλων
683 3523 782 3576 οὐκ
807 3521 872 3576 ἄν
904 3538 989 3585 τις
1015 3520 1395 3591 προσεύξαιτο.
1428 3520 1536 3574 Καὶ
1561 3520 1639 3590 τῷ
1669 3519 1767 3590 μὲν

159 3618 279 3690 Υἱῴ
316 3619 420 3670 σὺν
458 3617 536 3687 τῷ
565 3617 741 3687 Πατρὶ
770 3616 866 3669 καὶ
898 3615 1033 3685 μετὰ
1059 3615 1273 3685 Πατρὺς
1299 3616 1331 3684 ἡ
1357 3612 1513 3677 δόξαο
1547 3612 1766 3681 ἄγγελοι

156 3712 216 3764 δὲ
246 3714 310 3764 οὐ
345 3709 700 3774 δοξάζονται,
733 3708 868 3763 ἀλλά
920 3708 1118 3779 μᾶλλον
1164 3706 1445 3774 δοξάζουσι
1491 3705 1630 3776 μετὰ
1673 3704 1766 3758 τοῦ

166 3804 384 3876 Πατρδς
413 3804 520 3856 τὸν
547 3801 696 3855 Υἱόν.
725 3801 849 3864 Πῶς
873 3797 967 3855 οὗν
995 3800 1270 3871 τοσαύτης
1299 3800 1560 3870 κειμένης
1584 3799 1770 3868 διαφοο

165 3898 265 3966 ρᾶς
305 3893 529 3966 μεταξὺ
572 3892 680 3946 τῶν
725 3892 972 3961 ἀγγέλων
1009 3893 1103 3946 καὶ
1146 3891 1241 3946 τοῦ
1271 3891 1424 3954 Υἱοῦ,
1455 3891 1554 3962 τῆς
1599 3891 1770 3962 αὐτῆς

163 3986 352 4049 οὐσίας
404 3980 560 4038 εἶναι
611 3983 1050 4055 νομισθήσονται,
1100 3982 1314 4047 οὐδενὸς
1359 3983 1770 4055 συγχωροῦντος

165 4079 363 4146 λόγους
409 4076 727 4145 Ἀναλόγως
776 4077 884 4147 γὰρ
933 4079 999 4148 τῇ
1055 4077 1164 4130 τῶν
1217 4076 1523 4148 προσώπων
1556 4076 1684 4147 ἀξίᾳ.
1707 4076 1768 4129 τὸ

167 4171 268 4241 τῆς
299 4170 535 4240 φύσεως
566 4169 821 4241 διάφορον
847 4169 1218 4242 ὁρισθήσεται.

204 4284 411 4350 AAAO,
441 4283 544 4336 ὅτι
574 4283 672 4337 καὶ
702 4281 801 4336 ἐπὶ
831 4281 945 4405 τέρῆ
985 4283 1213 4349 Πατρός
1231 4315 1236 4320 -
1256 4282 1597 4351 εὑρίσκεται
1629 4282 1728 4348 τὸ,

797 4370 815 4402 ι
884 4369 1104 4405 revera.
1142 4373 1160 4404 »

797 4370 815 4402 ι
850 4369 1104 4422 εγενετο.
1142 4373 1160 4404 ι

255 4465 314 4520 ’0
344 4464 664 4536 Ψαλμῳδὸς
716 4463 866 4532 λέγει
889 4480 906 4497 ο
950 4484 968 4516 ι
1010 4465 1175 4520 Γενοῦ
1218 4468 1409 4536 μοιείς
1439 4466 1572 4520 Θεὸν
1595 4467 1765 4538 ὑπερ-

177 4559 474 4629 ιισιιτιστήν⁹
517 4576 538 4609 ›
585 4557 680 4611 καὶ
729 4555 928 4621 πάλιν,
969 4575 988 4607 ι
1033 4557 1280 4625 Ἐγένετό
1327 4574 1417 4629 μοι
1464 4561 1545 4622 εἰς
1590 4575 1767 4630 σωτη-

181 4648 320 4718 ρίαν.
365 4669 384 4702 ›
417 4650 492 4702 Ei
521 4647 577 4701 δὲ
607 4649 699 4702 ἐπὶ
723 4648 816 4702 τοῦ
853 4647 983 4701 Υἱοῢ
1007 4648 1100 4702 καὶ
1133 4648 1304 4702 ταῦτα
1327 4650 1599 4720 φήσουσιν
1621 4651 1768 4722 εξρῆο

184 4739 326 4802 σθαι,
379 4743 482 4795 καὶ
536 4739 763 4804 ἄκοντες
821 4738 970 4810 αὐτῷ
1027 4740 1464 4811 μαρτυρήσουσιν
1519 4742 1601 4795 ὅτι
1653 4745 1767 4806 τοῖς

186 4830 480 4899 κτίσμασιν
526 4832 626 4884 οὐκ
651 4831 798 4884 ἐστιν
828 4832 1094 4902 όμοφυὴς,
1141 4834 1168 4886 6
1201 4833 1326 4896 τοὺς
1359 4833 1547 4902 ἁγίους
1573 4833 1771 4889 διασώ-

189 4921 309 4986 ζων,
338 4925 638 4996 καταφυγή
663 4941 724 4976 τε
747 4926 932 4988 αὐτοῖς
959 4927 1054 4980 καὶ
1086 4925 1261 4998 σκέπη
1292 4927 1635 4998 φαινόμενος.
1659 4929 1769 4982 Kal.

188 5009 338 5064 τοῦτο
356 5013 468 5088 γὰρ
505 5012 660 5069 ἔσται
695 5015 843 5087 μόνῳ
874 5015 1085 5086 πρέπον
1111 5016 1250 5086 Θεῷ.

193 5210 395 5288 ΑΛᾼΟ,
416 5216 504 5288 εις
536 5213 626 5278 τὸ,
646 5233 675 5288 _¢
711 5215 983 5288 Τοσζούτφ
1003 5217 1285 5285 κρείττων
1308 5218 1627 5288 γενόμενος
1648 5218 1768 5271 τῶν

148 5308 152 5314 -
260 5280 545 5358 ἀγγέλων,
582 5302 600 5334 ι
634 5282 724 5358 ὅτι
765 5284 833 5339 τὸ
863 5303 884 5336 ι
927 5280 1266 5357 γενόμενος,
1306 5280 1326 5340 ἱ
1355 5280 1624 5342 οιῗκατᾶ
1652 5288 1765 5358 τῆς

263 5352 473 5417 οὐσίας
507 5353 783 5422 νοητέον.

267 5463 326 5516 El
366 5463 425 5518 τὸ
458 5484 477 5518 ι
512 5467 805 5538 γενόμενος
850 5487 869 5521 ι
908 5470 1125 5534 πάντως
1181 5471 1437 5542 σημαίνει
1472 5473 1617 5536 τινὸς
1665 5471 1764 5544 τὴν

200 5552 300 5607 ἀπὸ
326 5555 417 5609 τοῦ
447 5558 522 5630 μὴ
551 5559 704 5624 ὄντος
726 5562 806 5625 εἰς
835 5562 896 5614 τὸ
929 5558 1066 5617 εἶναι
1100 5563 1354 5634 πάροδον,
1396 5565 1488 5618 καὶ
1517 5565 1603 5618 ἀεὶ
1624 5565 1763 5619 κατὰ

1867 1778 2163 1832 nistrantcs
2191 1777 2261 1831 ei.
2302 1778 2560 1832 Dicentur
2586 1791 2717 1834 vero
2747 1781 2909 1835 etiam
2947 1781 3122 1849 angeli
3168 1773 3443 1850 imperati?

1867 1879 1968 1934 tes,
2010 1879 2070 1922 ut
2117 1869 2286 1926 Filius
2317 1887 2330 1924 :
2365 1890 2383 1922 ι
2415 1871 2526 1940 Ego
2575 1880 2756 1927 autem
2811 1871 2961 1927 vobis
2991 1873 3112 1928 dico
3146 1892 3158 1928 :
3192 1891 3210 1925 ι
3240 1875 3332 1929 sed
3377 1888 3443 1928 ne

1866 1961 1969 2014 hoc
2020 1960 2238 2029 quidem
2297 1963 2480 2016 dicere
2533 1977 2627 2017 eos
2689 1963 2992 2031 compcrias
3031 1981 3042 2015 :
3083 1962 3176 2017 sed
3225 1964 3442 2032 potius;

1870 2067 1889 2099 ι
1921 2047 2112 2104 Missus
2154 2066 2272 2105 sum
2306 2052 2448 2122 loqui
2484 2054 2550 2105 ad
2593 2063 2663 2104 te.
2705 2070 2725 2102 ι
2768 2051 2944 2120 Atque
2992 2054 3044 2106 hi
3074 2053 3290 2121 quidem
3341 2054 3441 2106 mi-

1865 2142 2122 2209 nistraut,
2166 2144 2292 2198 huic
2317 2159 2448 2198 vero
2505 2143 2885 2196 ministratur:
2917 2161 2935 2193 ι
2975 2143 3110 2197 Ecce
3160 2143 3327 2207 enim,
3361 2144 3442 2198 in-

1864 2235 2001 2302 quit,
2049 2235 2222 2306 angeli
2271 2235 2540 2306 progressi
2599 2234 2982 2289 ministrabant
3025 2236 3073 2288 ei
3099 2236 3168 2292 ³⁸.
3200 2254 3218 2286 ι
3265 2238 3442 2305 Azque

1866 2327 1956 2381 bie
1986 2328 2202 2396 quidem
2235 2337 2317 2382 est
2363 2327 2610 2388 Creator,
2652 2327 2702 2380 hi
2748 2342 2876 2382 vero
2925 2342 3017 2396 per
3052 2327 3225 2396 ipsum
3269 2327 3440 2382 creati

1867 2426 2026 2481 sunt;
2065 2416 2118 2470 hi
2149 2418 2398 2482 adorant,
2429 2417 2516 2470 ille
2545 2419 2837 2484 aduratur;
2868 2417 3041 2493 angeli
3073 2427 3257 2486 portas
3284 2418 3443 2471 coelo-

1868 2521 1988 2562 rum
2013 2508 2202 2563 tollere
2219 2508 2495 2576 iubentur,
2525 2509 2639 2577 ipse
2667 2525 2793 2564 vero
2824 2510 3124 2578 ingreditur
3163 2511 3232 2564 ιιι⁹
3258 2511 3442 2564 Domi-

1869 2615 1973 2657 nus
1998 2609 2348 2668 potestatum,
2382 2609 2440 2655 ut
2466 2617 2560 2654 rex
2584 2601 2769 2671 gloria:
2783 2602 2852 2632 "‘
2876 2618 2890 2666 ε
2914 2603 3086 2672 anguli
3128 2603 3292 2673 209
3321 2603 3446 2659 vita

1868 2695 2157 2764 participes
2193 2693 2328 2748 ﬁunt
2370 2708 2400 2746 a
2448 2692 2595 2748 Deo:
2626 2694 2713 2747 hic
2751 2709 2880 2750 vero
2904 2693 3029 2748 vitae
3072 2694 3299 2763 largitor
3335 2707 3447 2762 est,

1867 2785 2095 2853 ipsemet
2127 2784 2233 2838 vita
2263 2783 2518 2838 omnibus
2541 2785 2832 2840 exsistens.
2861 2783 2959 2838 llic
2986 2784 3118 2839 dicit
3149 2801 3163 2839 :
3205 2805 3223 2837 ι
3253 2785 3364 2858 Ego
3390 2798 3448 2842 et

1867 2877 2026 2934 Pater
2050 2893 2215 2934 unum
2237 2894 2425 2934 sumus
2446 2878 2523 2944 ";
2553 2897 2573 2930 ι
2608 2887 2663 2932 et
2690 2894 2705 2934 :
2739 2896 2757 2929 ι
2785 2877 2886 2944 Qui
2922 2880 3052 2934 vidit
3084 2895 3190 2945 me,
3225 2881 3359 2935 vidit
3391 2890 3448 2936 et

1868 2971 2087 3026 Patrem
2116 2973 2196 3039 ²⁸;
2229 2991 2248 3024 ι
2302 2982 2358 3027 et
2394 2990 2407 3026 :
2458 2991 2476 3024 ι
2505 2971 2695 3028 Omnia
2729 2987 2858 3042 quae
2905 2973 3072 3028 habet
3117 2973 3279 3028 Pater
3327 2991 3446 3030 mea

1869 3065 2089 3118 sunt".
2122 3085 2141 3116 ι
2179 3073 2253 3131 et,
2289 3082 2306 3115 ι
2337 3064 2450 3134 Ego
2478 3081 2595 3118 sum
2631 3066 2721 3118 lux
2767 3065 2950 3120 niuudi
2974 3066 3054 3130 ³¹⁵;
3089 3085 3108 3118 ι
3143 3076 3196 3122 et
3232 3081 3247 3120 :
3283 3085 3302 3118 ι
3336 3067 3449 3137 Ego

1868 3171 1986 3212 sum
2014 3156 2340 3212 resurrectio
2369 3166 2424 3211 et
2475 3157 2583 3210 vita
2611 3158 2688 3223 ³¹;
2721 3177 2740 3209 ι
2789 3158 2966 3226 angeli
2990 3167 3193 3224 autem,
3237 3158 3448 3228 ejusce-

1869 3249 2010 3304 modi
2061 3249 2242 3304 dicere
2289 3265 2396 3304 non
2443 3250 2661 3304 audent.
2703 3245 2972 3305 Prmterea
3027 3247 3072 3304 si
3120 3251 3172 3304 in
3230 3251 3448 3307 nomine

1869 3339 1992 3396 Filii
2037 3342 2398 3408 oraverimus,
2435 3355 2772 3412 quaecunque
2824 3344 3162 3412 petierimus,
3211 3343 3446 3414 accipie-

1870 3449 1990 3490 mus
2009 3434 2088 3501 ";
2126 3435 2176 3488 in
2212 3436 2430 3489 nomine
2461 3444 2642 3489 autem
2677 3435 3014 3505 angelorum,
3058 3451 3216 3490 nemo
3253 3451 3448 3509 orave-

1869 3527 1959 3580 rit.
1994 3526 2059 3580 Et
2084 3525 2223 3581 Filio
2246 3525 2465 3596 quidem
2497 3541 2602 3581 una
2639 3541 2758 3580 cum
2794 3525 2956 3582 Patre
2984 3528 3151 3596 gloria
3187 3529 3444 3592 debetur;

1872 3619 2078 3689 angelis
2106 3635 2238 3674 vero
2270 3619 2438 3689 gloria
2490 3633 2599 3674 non
2633 3619 2899 3683 defertur,
2939 3623 3030 3674 sed
3071 3621 3249 3689 potius
3288 3621 3448 3688 glori-

1876 3713 2039 3767 ﬁcant
2065 3711 2259 3766 Filium
2295 3727 2416 3765 cum
2457 3709 2639 3768 Patre.
2665 3710 2947 3777 Quomodo
2985 3712 3148 3782 igitur
3176 3727 3298 3766 cum
3329 3722 3448 3766 tan-

1874 3815 1985 3860 tum
2017 3805 2090 3859 sit
2125 3801 2416 3861 discrimen
2449 3803 2590 3858 inter
2615 3804 2834 3872 angelos
2865 3811 2921 3858 et
2957 3801 3176 3869 Filium,
3206 3803 3445 3874 ejusdem

1869 3897 2121 3952 essentiie
2166 3910 2289 3951 esse
2331 3896 2720 3960 censebantur,
2771 3910 2894 3950 cum
2926 3895 2976 3948 id
3007 3894 3150 3948 nulla
3196 3895 3334 3948 ratio
3362 3894 3447 3949 fe-

1870 3989 1991 4043 rat?
2021 3988 2240 4042 Nalura:
2274 3989 2418 4042 enim
2463 3985 2770 4042 dill'erentia
2812 4002 3163 4056 personarum
3201 3987 3446 4057 dignitati

1870 4081 2221 4150 proportione
2250 4080 2480 4150 quadam
2517 4079 2824 4148 respondet.

2082 4277 2313 4342 ALIUD,
2351 4281 2491 4349 quod
2524 4277 2682 4349 etiam
2707 4277 2771 4330 de
2809 4275 2971 4330 Patre
3000 4277 3228 4338 dicatur,

2465 4367 2483 4400 ι
2525 4348 2697 4417 factus
2725 4357 2822 4401 est.
2856 4366 2874 4398 ι

1945 4459 2229 4515 Psalmista
2252 4459 2427 4530 inquit
2457 4475 2472 4513 :
2507 4477 2526 4510 ι
2560 4458 2686 4512 Fias
2714 4458 2842 4513 mihi
2874 4459 2925 4512 in
2975 4458 3142 4514 Deum
3175 4465 3448 4528 protecto-

1876 4567 1988 4609 rem
2024 4553 2100 4620 ³³;
2132 4571 2151 4605 ι
2181 4561 2236 4608 et
2257 4567 2478 4607 rursmn
2516 4566 2528 4599 ε
2569 4569 2587 4602 ι
2640 4551 2837 4606 Factus
2870 4559 2954 4605 est
3017 4551 3144 4604 mihi
3204 4552 3257 4605 in
3301 4553 3447 4606 salu-

1873 4652 1982 4700 tem
2007 4643 2073 4697 ³⁷⁵.
2111 4665 2130 4696 ι
2166 4642 2318 4709 Quod
2347 4643 2392 4697 si
2433 4643 2498 4696 de
2526 4641 2664 4698 Filio
2711 4642 2823 4696 haec
2871 4642 3013 4695 dicta
3047 4657 3166 4696 esse
3224 4651 3449 4698 contem

1872 4736 2027 4799 dant,
2076 4734 2241 4790 etiam
2326 4734 2572 4790 nolentes
2649 4732 2990 4788 testabantur
3033 4733 3177 4802 quod
3261 4735 3308 4788 is
3353 4735 3446 4804 qui

1870 4837 2088 4883 sanctos
2139 4827 2376 4898 protegit
2429 4835 2497 4882 et
2525 4835 2830 4888 conservat,
2855 4842 2960 4881 non
2985 4827 3053 4881 sit
3076 4827 3316 4893 ejusdem
3349 4842 3446 4881 na-

1871 4931 2005 4978 tura
2039 4936 2161 4976 cum
2218 4920 2535 4985 creaturis;
2583 4936 2704 4975 cum
2753 4920 2884 4989 ipsis
2939 4919 3205 4987 refugium
3280 4927 3447 4986 atque

1871 5012 2113 5067 defensio
2146 5027 2266 5068 esse
2294 5022 2569 5069 cernatur.
2600 5011 2714 5067 Hoc
2737 5014 2887 5068 enim
2939 5013 3038 5066 soli
3111 5010 3220 5066 Deo
3247 5025 3446 5066 conve-

1871 5106 1973 5160 nit.

1871 5216 2101 5280 ALIUD,
2133 5218 2271 5285 quod
2301 5218 2354 5271 in
2379 5218 2473 5271 illo
2503 5218 2683 5282 dicto;
2745 5233 2766 5267 ι
2811 5214 2978 5269 Tanto
3041 5215 3229 5268 melior
3268 5214 3444 5283 factus

1939 5299 2015 5342 est
2042 5288 2262 5356 angelis,
2304 5305 2321 5338 ι
2357 5288 2565 5341 rerbum
2591 5304 2610 5338 ι
2651 5287 2823 5354 [actus
2857 5297 2933 5339 est
2977 5303 2994 5336 ι
3037 5301 3140 5340 non
3178 5286 3241 5340 dc
3268 5301 3443 5340 essen-

1935 5359 2008 5411 tia
2048 5357 2442 5426 intelligendum
2462 5366 2559 5410 est.

1940 5471 1995 5526 Si
2035 5490 2051 5524 ι
2101 5471 2286 5540 factus:
2313 5477 2393 5525 est
2424 5487 2442 5520 ι
2489 5484 2703 5538 semper
2740 5469 2962 5525 omnino
3018 5471 3286 5542 significat
3339 5471 3442 5528 ali-

1869 5565 1996 5634 quid
2025 5578 2054 5617 a
2085 5562 2253 5618 nihilo
2287 5562 2352 5617 ad
2389 5576 2508 5617 esse
2542 5561 2886 5627 translatum,
2919 5573 2970 5618 et
3002 5579 3217 5635 semper
3248 5581 3309 5622 ea
3337 5581 3443 5622 vox

257 5709 311 5789 β’
339 5710 492 5789 llelir.
524 5728 560 5777 l,
601 5714 655 5772 5.
733 5715 1112 5789 "_Mattlt._tv,
1155 5718 1242 5773 ll.
1321 5719 1388 5750 ‘°‘
1419 5718 1560 5774 Psal.
1596 5737 1752 5787 χχιιι,

1868 5722 1941 5776 l0.
2018 5721 2062 5752 ’⁷
2088 5720 2243 5773 Joan.
2276 5735 2330 5786 κ,
2364 5718 2452 5774 50.
2530 5719 2572 5750 ’⁸
2598 5717 2752 5774 Juan.
2785 5735 2896 5784 xw,
2923 5720 2976 5774 9.
3051 5723 3098 5753 ἐ’
3133 5721 3289 5778 Joan.
3323 5734 3435 5788 xvi,

359 5782 401 5812 3"
429 5781 582 5839 Joau.
621 5785 856 5852 “1512.
930 5787 971 5818 ³¹
1008 5779 1166 5842 Joan.
1213 5789 1408 5849 xi¢25.
1487 5791 1530 5824 ³¹
1559 5779 1765 5847 Junius

1899 5794 1986 5848 15.
2064 5793 2108 5823 ³³
2150 5779 2450 5855 Ρεειι.ἰικ,
2480 5790 2532 5845 5.
2609 5789 2654 5823 ³³
2687 5789 2828 5849 l’sal.
2861 5779 3029 5851 cxvii.
3073 5792 3136 5846 lli
