4124 6518
149 352 278 408 357
1591 348 2035 406 TIIESAURUS.
3341 343 3446 399 358

155 467 330 537 λέγει
354 484 369 500 ο
413 483 435 520 t
478 466 544 522 ’0
573 467 834 540 ἑωρακὼς
865 468 988 540 ἐμὲ,
1016 466 1229 539 ἑώρακε
1252 467 1346 523 τὸν
1379 467 1623 540 Πατέρα,
1663 487 1680 520 ι
1717 467 1770 519 τί

1814 472 1844 528 λ
1874 480 1933 518 ra
1974 478 2096 519 cum
2128 463 2216 527 sit,
2266 462 2396 519 dicit
2429 479 2443 517 :
2472 479 2490 515 ι
2524 461 2626 529 Qui
2662 462 2793 518 vidit
2823 477 2930 528 me,
2973 462 3108 518 vidit
3147 461 3385 524 Patrem,
3423 479 3442 511 ι

157 559 422 614 κωλύσει
453 560 550 614 καὶ
572 562 721 631 ἡμᾶς
750 563 817 632 τῇ
854 560 990 631 αὐτῇ
1033 560 1336 630 κεχρῆσθαι
1375 563 1551 631 φωνῇ,
1587 561 1635 613 εῐ
1672 577 1774 630 μη-

1877 556 2005 626 quid
2025 555 2204 609 obstat
2235 556 2525 624 quominus
2556 555 2718 610 ctiam
2770 570 2867 610 nos
2918 554 3106 610 eadem
3157 568 3286 608 voce
3326 564 3449 606 uta-

158 650 259 703 δὲν
293 652 498 722 ἕτερον
518 653 648 722 παρ’
674 653 823 721 ἡμᾶς
849 653 878 703 6
905 651 1053 714 Υίός,
1091 650 1227 703 καθὸ
1261 651 1474 721 ποίημα
1493 650 1588 704 καὶ
1615 650 1775 712 αὐτὸς

1878 663 2019 710 mur,
2044 647 2089 701 si
2128 647 2343 715 quidem
2385 647 2518 700 nihil
2545 646 2818 700 diversum
2846 656 2929 698 est
2975 662 3002 699 a
3057 647 3212 700 nobis
3257 654 3449 714 quate-

162 739 379 811 ὥσπερ
411 742 604 811 ἡμεῖς
641 739 802 791 Ἀλλὰ
831 739 990 792 τοῦτο
1028 738 1226 792 ἄτοπον
1246 755 1259 768 °
1297 741 1358 792 ού
1397 740 1506 810 γὰρ
1538 740 1596 792 ἐν
1621 739 1777 809 ποιή-

1877 755 1978 793 nus
2000 749 2053 794 et
2084 739 2197 808 ipse
2220 749 2464 794 creatura
2497 749 2577 793 est
2607 747 2664 791 ut
2696 737 2836 792 nos?
2872 735 2975 790 Sed
3017 738 3118 792 hoc
3155 738 3446 791 absurdum

165 843 322 897 ματι
348 828 446 882 τοῦ
472 830 547 900 μὴ
580 828 897 897 ποιηθέντος
920 830 954 898 ὴ
984 829 1264 900 ὁμοιότης.
1288 831 1402 883 Ούκ
1435 829 1544 901 ἄρα
1565 828 1776 900 ποίημα

1877 840 2000 885 est:
2038 845 2213 900 neque
2244 831 2388 885 enim
2414 830 2468 884 in
2503 845 2568 884 eo
2614 831 2754 898 quod
2787 836 3030 882 creatum
3088 828 3326 896 est,ejus
3361 827 3450 894 qui

164 919 199 972 6
233 919 376 986 Υίὸς
411 923 446 992 ἡ
481 919 576 975 τοῦ
605 920 818 991 Πατρὸς
850 920 1272 993 ἀπαράλλακτος
1306 921 1493 976 είκών.

1878 931 2097 976 creatus
2149 937 2255 975 non
2317 929 2399 975 est
2454 919 2745 973 similitudo
2802 917 3069 974 consistit.
3101 915 3217 970 Non
3248 926 3329 970 est
3354 917 3454 985 igi-

110 1042 126 1100 δ
1879 1021 1968 1066 tur
2030 1020 2279 1067 creatura
2344 1011 2534 1077 Filius,
2605 1011 2697 1080 qui
2758 1019 2841 1065 est
2895 1009 3207 1076 omnimoda
3274 1006 3456 1061 Patris

110 1110 121 1150 π
1879 1099 2080 1156 imago.

107 1110 121 1172 _i
1879 1110 2080 1172 imago.

105 1167 112 1175 ’
875 1205 1084 1261 ΑΛΛΟ.

1995 1167 2016 1172 ⁷
2545 1208 2777 1265 ALIUD.

253 1314 326 1368 Ei
362 1314 574 1386 ποίημα
622 1317 772 1371 ἔστιν
807 1319 834 1372 6
865 1319 1014 1384 Υἱὸς,
1061 1319 1211 1388 λέγει
1251 1322 1308 1376 δὲ
1354 1324 1657 1396 ἀληθεύων,
1695 1327 1779 1382 ὅτι

1951 1321 2008 1376 Si
2036 1308 2209 1377 Filius
2236 1333 2318 1377 est
2345 1332 2683 1387 creatura,et
2712 1336 2838 1377 vere
2860 1321 2990 1376 dicit
3015 1337 3029 1374 :
3059 1339 3076 1371 ι
3121 1318 3310 1375 Omnia
3337 1334 3457 1390 quin

184 1425 205 1458 ι
248 1407 441 1461 Πάντα
475 1410 576 1462 ὃσα
603 1409 716 1480 ἔχει
747 1413 775 1464 6
803 1411 1018 1483 Πατὴρ,
1061 1415 1173 1484 ὲμά
1214 1415 1384 1469 ἐστιν’
1423 1438 1440 1470 ι
1489 1418 1640 1472 οὐδὲν
1670 1421 1780 1491 ἄρα

1882 1413 2048 1468 habet
2079 1413 2238 1467 Pater
2283 1429 2397 1468 mea
2436 1425 2564 1468 sunt
2597 1416 2687 1466 “z
2738 1432 2756 1465 ι
2798 1412 2931 1466 nihil
2989 1413 3151 1481 igitur
3182 1426 3264 1467 est
3319 1428 3458 1482 prin—

176 1498 452 1567 περιττὸν
481 1502 539 1552 ὲν
559 1500 682 1570 Θεῷ
712 1501 1154 1573 καὶ-κτίσμασιν,
1187 1506 1236 1558 εί
1267 1507 1445 1560 πάντα
1486 1509 1780 1579 πρόσεστιν

1882 1505 2112 1559 stantius
2146 1503 2196 1557 in
2219 1505 2326 1558 Deo
2350 1520 2508 1574 quam
2541 1507 2591 1558 iu
2615 1505 2899 1567 creaturis,
2951 1504 2996 1556 si
3027 1503 3206 1557 omnia
3238 1503 3344 1557 illis
3377 1503 3461 1556 in-

174 1589 377 1653 αὐτοϊς
397 1592 517 1644 ὅσαι
539 1591 738 1662 καὶ-τῷ
779 1595 973 1665 Πατρί.
1020 1596 1082 1647 Ei
1121 1595 1176 1649 δὲ
1211 1598 1368 1652 τοῦτο
1392 1601 1591 1654 ἄτοπον
1623 1602 1778 1669 (πολὺ

1881 1605 2007 1652 sunt
2045 1612 2167 1665 quae
2199 1596 2367 1650 Patri.
2389 1596 2457 1650 At
2482 1597 2525 1650 si
2548 1597 2648 1650 hoc
2683 1597 2977 1650 absurdum
3002 1603 3086 1648 est
3116 1593 3281 1664 (Deus
3311 1594 3457 1648 enim

177 1682 300 1752 γὰρ
331 1683 394 1736 τὸ
423 1683 582 1737 Θεῖον
622 1685 732 1738 τῶν
758 1689 1080 1757 ποιημάτων
1127 1689 1481 1762 ἀπῴκισται).
1524 1693 1623 1747 οὐκ
1671 1694 1780 1765 ἄρα

1883 1685 2146 1741 immensa
2178 1685 2481 1740 differentia
2517 1703 2544 1739 a
2575 1686 2840 1740 creaturis
2869 1684 3076 1754 distat),
3111 1699 3215 1738 non
3245 1693 3330 1738 est
3359 1684 3461 1750 igi-

180 1771 410 1841 ποίημά
437 1774 584 1827 ἐστιν
605 1776 638 1827 6
664 1775 810 1840 Υἱὸς,
834 1770 878 1844 ᾦ
919 1780 1096 1832 πάντα
1128 1781 1386 1848 πρόσεστι
1425 1782 1674 1852 φυσικῶς
1708 1785 1780 1840 τὰ

1835 1813 1853 1866 ι
1885 1785 1972 1831 tur
1994 1788 2241 1832 creatura
2268 1777 2437 1832 Filius
2463 1778 2547 1831 cui
2587 1779 2765 1831 omnia
2799 1777 2983 1831 insunt
3001 1775 3319 1831 naturaliter
3342 1789 3463 1846 qua}

181 1862 288 1917 τοῦ
323 1865 536 1936 Πατρὸς
568 1866 675 1920 ὕδια
710 1868 807 1921 καὶ
835 1869 1104 1941 ἐξαίρετα.

1808 1862 1847 1868 ⁷
1880 1869 2025 1925 Patri
2051 1871 2269 1940 propria
2297 1870 2606 1940 eximiaque
2636 1870 2842 1924 insunt.

881 1985 1090 2038 AAAO.
2539 1983 2775 2040 ALIUD.

262 2091 328 2144 El
356 2092 571 2165 ποίημά
594 2095 742 2149 ἐστιν
767 2098 795 2150 6
821 2096 972 2162 Υἱὸς,
1003 2097 1078 2170 μὴ
1107 2100 1376 2157 καλείσθω
1404 2103 1592 2176 Πατὴρ
1611 2105 1777 2160 αὑτοῦ

1955 2092 2012 2149 Si
2036 2093 2205 2150 Filius
2226 2101 2309 2148 est
2339 2104 2609 2159 creatura,
2627 2108 2695 2148 ne
2714 2102 2933 2149 vocetur
2960 2094 3120 2150 Pater
3142 2095 3256 2162 ejus
3285 2094 3451 2160 Deus,

185 2183 220 2237 6
247 2183 405 2249 Θεὸς,
455 2185 594 2240 ἀλλὰ
641 2189 841 2259 μᾶλλον
889 2191 1122 2262 ποιητὴς
1170 2192 1204 2262 ἢ
1254 2193 1608 2267 δημιουργός.
1652 2197 1781 2263 Υἱὸς

1882 2187 1975 2243 sed
2017 2187 2197 2256 potius
2221 2194 2439 2240 creator
2467 2184 2782 2255 aut0pil'ex.
2816 2184 2984 2241 Filius
3041 2187 3182 2241 enim
3233 2188 3466 2241 ostendit.

195 2273 311 2344 γὰρ
340 2274 580 2328 δεικνύει
612 2278 844 2350 πατέρα,
869 2281 964 2333 καὶ⁸
995 2282 1206 2352 ποίημα
1224 2282 1315 2337 τὸν
1340 2283 1691 2356 δημιουργόν.
1718 2287 1782 2338 Ei

1883 2287 2117 2350 patrem,
2150 2285 2203 2331 et
2229 2287 2480 2330 creatura
2521 2286 2844 2330 creatorem.
2885 2275 2979 2330 Sin
3030 2288 3208 2332 autem
3243 2285 3467 2332 vocatur

191 2365 254 2417 δὲ
290 2366 481 2438 Πατὴρ
511 2367 756 2422 καλεῖται
779 2371 874 2424 καὶ
897 2370 1013 2424 ἐστι
1047 2373 1200 2437 Θεὸς,
1243 2375 1343 2427 οὐκ
1367 2377 1475 2446 ἆρα
1506 2377 1719 2448 ποίημα
1753 2378 1784 2430 6

1885 2377 1939 2422 et
1968 2379 2052 2422 est
2082 2367 2243 2432 Deus,
2275 2382 2381 2421 non
2410 2367 2597 2436 utique
2624 2378 2875 2422 creatura
2909 2377 2992 2423 est
3023 2369 3217 2434 Filius,
3248 2370 3340 2424 sed
3369 2385 3465 2441 ge-

196 2455 354 2521 Υἱὸς,
383 2457 522 2511 ἀλλὰ
562 2459 833 2531 γέννημα,
859 2460 958 2533 οὐχ
1003 2463 1078 2528 ὡς
1106 2465 1335 2538 ποιητὴν
1367 2467 1458 2520 τὸν
1485 2467 1638 2532 Θεὸν,
1669 2469 1784 2522 ἀλλ’

1887 2458 2089 2522 nimen,
2117 2457 2285 2512 Deum
2322 2472 2428 2512 non
2452 2467 2512 2512 ut
2536 2459 2823 2524 factorem,
2853 2460 2948 2515 sed
3003 2470 3060 2514 ut
3109 2460 3326 2515 Patrem
3376 2460 3469 2515 de-

198 2546 282 2608 ὠς
311 2549 534 2621 Πατέρα
554 2549 774 2621 δηλοῦν.

589 2549 774 2621 ηλοῦν.
1890 2558 2217 2604 monstrans.

888 2667 1101 2722 AAAO.
2575 2661 2808 2720 ALIUD.

277 2777 343 2830 Εί
381 2777 593 2848 ποίημά
622 2778 775 2833 ἐστιν
806 2782 835 2834 6
867 2781 1014 2846 Υίὸς,
1059 2781 1134 2854 μὴ
1173 2783 1445 2838 καλείσθω
1488 2786 1682 2856 Λόγος,
1712 2786 1789 2859 μὴ

1965 2777 2022 2834 Si
2057 2777 2226 2833 Filius
2246 2785 2333 2832 est
2358 2787 2632 2843 creatura,
2667 2795 2734 2834 ne
2762 2789 2983 2834 vocetur
3006 2779 3264 2843 Verbum,
3299 2793 3364 2835 ne
3384 2795 3473 2836 sa-

208 2867 395 2938 σοφία,
430 2868 506 2940 μὴ
538 2869 791 2940 δύναμις,
844 2873 920 2942 μὴ
952 2873 1316 2946 ἀπαύγασμα,
1349 2879 1381 2948 ἢ
1413 2877 1588 2932 ταῦτα
1635 2879 1792 2935 κοινὰ

1895 2871 2123 2944 pientia,
2156 2888 2223 2928 ne
2255 2873 2495 2943 potentia
2533 2872 2601 2941 “,
2627 2890 2698 2930 ne
2761 2875 3013 2944 splendor
3044 2875 3126 2927 “:
3181 2884 3276 2930 aut
3325 2887 3475 2931 certe

205 2957 304 3011 καὶ
327 2959 438 3022 τοῖς
466 2957 646 3022 ἄλλοις
674 2959 826 3014 ἔσται
853 2964 1172 3033 ποιήμασιν,
1199 2965 1355 3037 εἴπερ
1386 2966 1524 3028 ὅλως
1543 2968 1792 3042 κεχώρη-

1895 2965 2200 3019 communia
2229 2965 2344 3019 haec
2365 2973 2528 3020 erunt
2557 2966 2721 3021 etiam
2787 2982 2907 3021 cum
2941 2966 3061 3022 aliis
3107 2969 3404 3032 creaturis;
3431 2969 3476 3022 si

209 3068 304 3104 κεν
332 3051 472 3104 αὐτὰ
510 3055 696 3122 φορεῖν
739 3053 950 3124 ποίημα
980 3052 1058 3105 ὣν
1097 3054 1218 3108 καθ’
1259 3055 1402 3126 ὑμᾶς
1434 3060 1462 3110 6
1491 3055 1637 3122 Υἱός.
1671 3059 1792 3113 Κᾶν

1894 3054 2112 3124 quidem
2145 3055 2338 3110 horum
2371 3057 2612 3110 omnium
2638 3073 2894 3128 capacem
2925 3072 3048 3113 esse
3066 3057 3244 3112 dicitis
3275 3058 3474 3114 Filium

208 3142 321 3214 γάρ
341 3159 393 3194 τι
420 3140 584 3195 πλέον
613 3141 722 3194 τῶν
751 3143 926 3197 ἄλλων
967 3144 1128 3198 αὐτὸν
1154 3144 1297 3217 ἔχειν
1332 3148 1529 3220 λέγητε
1557 3151 1795 3222 ποιημᾶ-
1821 3160 1836 3218 1

1845 3157 1865 3218 ζ
1898 3146 1988 3216 qui
2023 3154 2229 3210 tamen,
2259 3161 2326 3200 ex
2349 3157 2529 3201 vestra
2557 3149 2848 3215 sententia,
2884 3159 2968 3204 est
3026 3159 3296 3204 creatura.
3340 3149 3473 3205 Nam

208 3249 339 3297 των,
367 3232 483 3285 ἀλλ’
514 3230 667 3286 ἔσται
694 3233 858 3286 πάλιν
891 3233 1044 3288 οὐδὲν
1067 3231 1229 3307 ἦττον
1252 3237 1486 3310 ποίημα.
1525 3240 1589 3294 El
1618 3241 1674 3295 δὲ
1701 3242 1795 3296 ἐπὶ

1898 3239 2111 3294 tametsi
2139 3254 2262 3293 eum
2284 3239 2487 3310 aliquid
2518 3240 2750 3311 amplius
2778 3256 2939 3312 quam
2996 3241 3235 3310 reliquas
3265 3252 3481 3296 creatu-

215 3325 313 3393 μὲν
346 3324 456 3376 τῶν
485 3323 661 3377 ἄλλων
691 3324 902 3389 οὐδενὸς
932 3326 1003 3380 τὰ
1030 3327 1259 3382 τοιαῦτα
1285 3330 1522 3400 λέγεται,
1555 3333 1702 3405 μόνῳ
1737 3333 1796 3388 δὲ

1897 3345 1986 3385 ras
2017 3331 2220 3386 habere
2283 3332 2574 3397 censeatis,
2621 3331 2974 3388 nihilominus
3045 3341 3226 3388 tamen
3315 3336 3476 3388 etiam

213 3416 445 3488 πρέπειν
487 3417 564 3487 τῷ
619 3417 734 3487 Υίῷ
789 3418 1207 3489 ἐπαληθεύεται,
1267 3424 1366 3478 οὐκ
1422 3426 1534 3497 ἄρα
1583 3426 1641 3480 ἓν
1684 3427 1794 3482 τῶν

1894 3429 2144 3477 creatura
2172 3430 2274 3479 est.
2302 3421 2366 3475 At
2403 3423 2549 3478 si'de
2580 3423 2729 3478 nulla
2771 3425 2876 3478 alia
2915 3433 3169 3479 creatura
3203 3423 3475 3492 ejusmodi

216 3509 534 3579 ποιημάτων
573 3510 747 3577 ἐστὶν,
781 3511 918 3566 ἀλλὰ
957 3514 1169 3585 καρπὸς
1197 3515 1297 3587 τῆς
1343 3517 1532 3583 οὐσίας
1555 3519 1650 3574 τοῦ
1678 3521 1794 3575 Πα-

1897 3510 2172 3578 dicuntur,
2203 3514 2298 3568 sed
2329 3514 2430 3568 soli
2468 3513 2605 3569 Filio
2646 3529 2775 3570 vere
2809 3516 3174 3570 conveniunt:
3231 3530 3338 3570 nou
3395 3526 3479 3571 est

213 3599 361 3671 τρός,
1897 3601 2061 3672 igitur
2093 3603 2261 3661 Filius
2285 3621 2424 3661 unus
2453 3621 2519 3660 ex
2546 3606 2836 3671 creaturis,
2866 3606 2960 3661 sed
2996 3607 3202 3662 fructus
3230 3610 3480 3663 essentia:

1898 3692 2097 3750 Patris.

901 3812 1112 3865 AAAO.
2572 3809 2804 3866 ALIUD.

287 3915 350 3972 Ei
373 3918 549 3973 πάντα
576 3919 643 3973 δι’
673 3919 802 3974 Υἱοῦ
832 3923 1160 3992 γεγενῆσθαί
1195 3930 1413 3999 φησινὴ
1443 3929 1562 3985 θεία
1583 3933 1796 4006 Γραφὴ,

1972 3920 2029 3975 Si
2061 3920 2339 3993 Scriptura
2363 3938 2516 3978 sacra
2553 3927 2734 3980 omnia
2788 3941 2885 3996 per
2926 3926 3120 3980 Filium
3172 3926 3312 3981 facta
3356 3940 3479 3980 esse

219 4009 427 4080 ποίημα
449 4010 507 4064 δέ
537 4028 620 4074 τις
641 4013 737 4065 καὶ
765 4013 862 4083 οὐχ
887 4014 1015 4067 Υίὸν
1045 4016 1299 4086 ὁμολογεῖ
1331 4019 1420 4072 τὸν
1450 4023 1641 4092 Λόγον,
1674 4027 1800 4080 Υἱὸν

1905 4011 2158 4077 aﬂirmat,
2203 4022 2258 4067 at
2286 4028 2379 4068 vos
2404 4013 2644 4068 Verbum
2680 4024 2983 4069 creaturam
3035 4030 3155 4070 esse
3193 4018 3473 4070 contendi-

220 4102 319 4154 οὐκ
344 4101 455 4172 ἔχει
485 4101 636 4166 Θεός.
673 4103 738 4156 El
774 4103 830 4156 δὲ
858 4105 1020 4190 τοῦτο
1046 4107 1264 4177 ἀληθὲς,
1305 4111 1420 4175 πῶς
1467 4114 1618 4169 ἔσται
1642 4135 1803 4190 ποιη-

1905 4106 1992 4167 tis,
2017 4118 2120 4158 non
2159 4103 2356 4159 Filium
2381 4122 2396 4159 :
2427 4106 2566 4160 Deus
2596 4122 2724 4175 ergo
2746 4107 2939 4161 Filium
2973 4122 3077 4160 non
3114 4107 3296 4162 habet.
3325 4107 3477 4174 Quod

221 4191 339 4262 τὴς,
387 4192 489 4245 οὐκ
541 4193 678 4262 ἔχων
717 4194 786 4246 δι’
835 4188 896 4248 οὗ
942 4195 1012 4250 τὰ
1057 4200 1235 4252 πάντα
1280 4201 1608 4272 έργάξεταις
1665 4188 1800 4262 Ἀλλ’

1903 4194 1948 4248 si
1967 4208 2153 4248 verum
2198 4204 2303 4262 est,
2347 4195 2619 4265 quomodo
2645 4197 2749 4250 erit
2782 4207 3017 4260 creator,
3061 4212 3185 4250 cum
3242 4212 3348 4251 non
3386 4197 3481 4251 ha-

224 4282 514 4353 ὲργάζεται
542 4284 637 4338 καὶ
666 4284 990 4358 δημιουργεῖ
1020 4289 1089 4343 τὰ
1116 4291 1294 4345 πάντα
1319 4292 1453 4357 Θεός
1477 4312 1490 4325 ·
1525 4296 1670 4350 ἔστιν
1694 4300 1803 4371 ἄρα

1906 4287 2030 4340 beat
2083 4300 2179 4354 per
2205 4301 2362 4354 quem
2433 4289 2614 4341 omnia
2675 4287 2864 4342 creat?
2919 4287 3080 4356 Atqui
3136 4297 3393 4356 operatur
3427 4298 3482 4343 et

224 4374 314 4427 καὶ
349 4377 378 4429 6
411 4374 541 4440 Υἱὸς
571 4377 640 4431 δι’
669 4371 730 4431 οὗ
755 4377 1047 4452 τὰοπάντα,
1080 4381 1140 4435 τὸ
1175 4379 1315 4438 εἶναι
1349 4385 1559 4458 ποίημα
1583 4388 1804 4460 διαφεύ-

1906 4386 2055 4430 creat
2097 4377 2278 4431 omnia
2305 4377 2488 4433 Deus:
2551 4389 2635 4432 est
2667 4392 2797 4448 ergo
2846 4385 2899 4433 et
2939 4377 3125 4442 Filius,
3173 4392 3268 4448 per
3319 4393 3479 4447 quem

225 4481 334 4536 γων
355 4467 432 4532 ὡς
454 4467 610 4533 Θεός.
1829 4502 1879 4563 D
1905 4465 2111 4531 omnia,
2139 4465 2350 4522 alienus
2373 4467 2442 4522 ab
2463 4482 2528 4523 eo
2557 4477 2616 4522 ut
2635 4468 2707 4522 sit
2729 4475 3002 4532 creatura,
3025 4467 3480 4538 quemadmodum

1907 4557 2068 4613 Deus.

905 4669 1110 4723 ΔΛΛΟ.
2157 4665 2167 4672 ’
2573 4672 2808 4730 ALIUD.

409 4779 507 4847 Ὠς
539 4780 608 4844 ἐξ
647 4781 1007 4848 ἀντιθέσεως
1060 4784 1180 4839 τῶν
1211 4785 1286 4840 δι’
1324 4788 1620 4853 ἐναντίας.

1467 4793 1620 4853 τίας,
2275 4783 2364 4839 Ea:
2394 4785 2684 4856 objections
2709 4786 3095 4840 ltwreticorum.

292 4916 572 4983 Βουλήσει,
620 4919 810 4987 φασὶν,
856 4920 885 4971 6
925 4919 1115 4992 Πατὴρ
1155 4921 1246 4976 τὸν
1295 4923 1421 4979 Υίὸν
1469 4925 1800 4999 ὑποστήσας,

1977 4920 2159 4986 Pater,
2197 4919 2475 4993 inquiunt,
2504 4921 2782 4977 voluntate
2810 4919 3008 4976 Filium
3043 4917 3482 4981 substituens,ita

224 5005 391 5070 οὕτως
441 5008 603 5060 αὐτὸν
648 5009 871 5080 ἐποίησε
903 5012 998 5064 καὶ
1043 5011 1396 5085 δημιουργόν.
1446 5017 1580 5072 Ἀπὸ
1607 5018 1664 5072 δὲ
1695 5023 1799 5091 τῆς

1906 5027 2121 5083 quoque
2144 5021 2200 5068 et
2227 5013 2402 5083 ipsum
2430 5023 2733 5071 creato-em
2761 5011 2963 5068 eﬂecit.
2991 5010 3070 5065 Ex
3092 5010 3325 5065 essentia
3353 5022 3483 5062 vero

223 5099 404 5161 οὐσίας
427 5098 520 5152 τοῦ
551 5099 762 5169 Πατρὸς
791 5100 852 5153 οὗ
879 5119 1059 5173 φαμεν
1098 5104 1365 5178 ὑπάρχειν
1395 5108 1578 5174 αὑτὸν,
1612 5111 1699 5164 ἵνα
1719 5113 1796 5183 μὴ

1907 5103 2084 5160 Patris
2132 5120 2257 5160 eum
2311 5107 2576 5163 exsistere
2630 5119 2908 5175 negamus,
2949 5117 2968 5183 ,ζ
2983 5116 3055 5158 ne
3111 5099 3281 5155 sectio
3331 5115 3481 5170 qttzc-

223 5193 356 5262 τομή
399 5209 484 5256 τις
513 5194 609 5247 καὶ
651 5195 920 5267 ἀπόρροια
973 5198 1157 5268 νοῆται
1200 5201 1331 5272 περὶ
1371 5201 1470 5272 τὴν
1521 5179 1800 5274 ἄφραστον

1907 5195 2030 5248 dam
2066 5203 2160 5250 aut
2208 5196 2406 5254 divisio
2462 5199 2515 5253 in
2564 5197 2654 5253 illa
2705 5179 2968 5252 ineﬂ‘abili
2996 5191 3235 5249 essentia
3270 5200 3482 5247 statua-

227 5279 437 5353 ἐκείνην
469 5283 676 5338 οὐσίαν.
1906 5292 2012 5343 tut.

706 5399 863 5466 Πρὸς
901 5401 1077 5455 τοῦτο
1114 5403 1317 5469 λύσις.
2307 5402 2334 5471 Ξ

2307 5402 2469 5473 212
2515 5400 2722 5458 Salutio
2753 5400 3083 5472 objectionis.

308 5509 443 5562 Ἀλλ’
468 5509 584 5563 ἔστι
611 5511 784 5566 ταῦτα
805 5513 970 5584 λῆρος
998 5516 1093 5567 καὶ
1118 5515 1353 5586 φλυαρία
1382 5517 1572 5589 πολλή.
1609 5520 1807 5592 ’Λπόρ-

1980 5514 2139 5572 Mem
2161 5532 2336 5587 nugae,
2367 5534 2625 5589 meraque
2649 5519 3002 5574 deliramenta
3036 5519 3150 5574 hmc
3177 5525 3322 5572 sunt.
3380 5516 3485 5572 Se-

231 5600 462 5671 ροιαΙμὲν
483 5600 593 5671 γὰρ
608 5600 703 5654 καὶ⁹
723 5600 884 5672 τομὴ,
916 5603 1009 5656 καὶ
1021 5603 1120 5655 ὅσα
1140 5602 1366 5657 τοιαῦτα
1387 5603 1556 5676 πάθη,
1579 5605 1806 5660 νοείσθω

1909 5608 2016 5667 ctio
2045 5611 2267 5667 enimet
2298 5611 2511 5680 divisio,
2562 5611 2788 5683 aliaeque
2843 5612 2895 5668 id
2936 5627 3106 5684 genus
3169 5607 3484 5667 affectiones

295 5777 339 5808 δ’
369 5775 528 5844 Joan,
555 5793 663 5846 xvi,
693 5779 779 5834 15.
859 5780 904 5811 ⁸⁸
938 5778 1102 5836 lCor.
1136 5797 1174 5849 i,
1209 5780 1300 5838 ‘24.
1379 5780 1424 5814 “
1448 5781 1610 5837 Hebr.
1648 5797 1688 5844 ι,
1713 5785 1766 5840 5.
