4124 6514
642 341 747 398 559
1663 335 1722 392 S.
1763 335 2039 391 CYRILLI
2083 335 2557 391 ALEXANDRINI
2596 335 2914 391 ABCHIEP.
3873 336 3973 389 δερ

643 453 962 525 corporibus
999 453 1327 515 tribuantur,
1359 448 1556 520 quibus
1581 440 1635 506 et
1662 436 1875 509 all‘éetio
1906 454 2018 510 sive
2042 454 2224 527 passio

2330 455 2459 526 περὶ
2491 454 2559 509 τά
2587 453 2835 526 σώματα,
2868 450 2949 517 οἷς
2974 454 3068 508 καὶ
3096 454 3158 507 τὸ
3184 455 3415 525 πάσχειν
3446 453 3668 506 οἰκεῖον
3690 466 3706 480 ·
3750 449 3787 501 ὁ
3823 449 3886 503 ἃ

644 546 855 615 propria
892 553 1014 609 est;
1068 544 1159 613 qui
1206 559 1335 600 vero
1394 558 1693 615 corporeus
1743 559 1849 598 non
1912 552 2013 612 est,
2048 543 2116 599 ab
2158 559 2223 599 eo

2328 541 2464 598 εἶναι
2495 546 2650 615 σῶμα
2690 544 2988 614 διαφυγὼν,
3031 545 3127 597 καὶ
3169 543 3236 596 τά
3268 545 3544 614 σωμάτων
3572 539 3957 608 διαφεύξετιε

643 636 805 688 ctiam
840 650 1116 704 corporea:
1166 635 1486 691 affectiones
1516 636 1706 691 alienae
1747 635 2093 707 sunt.Gignit
2122 636 2223 690 ita-

2328 634 2496 706 πάθη.
2545 636 2732 689 Τίκτει
2780 635 3066 706 τοιγαροῦν
3115 636 3428 706 άμερίστως
3478 633 3581 687 καὶ
3632 631 3952 693 ἀπα.θᾶςὲ

642 742 747 796 que
777 726 913 781 citra
940 726 1099 781 ullam
1125 727 1418 781 sectionem
1445 736 1539 781 aut
1577 727 1882 797 passionem
1911 728 1956 781 is
2004 728 2095 798 qui
2151 729 2225 782 in-

2328 726 2638 797 άσώματος.
2679 728 2837 780 Ποῖον
2878 728 2987 799 γὰρ
3032 728 3203 791 πάθος
3249 727 3375 797 περὶ
3408 726 3501 779 τὸν
3538 725 3721 795 ἥλιον
3762 725 3947 792 ὁρὶτες

643 834 936 889 corporeus
963 828 1064 873 est.
1103 817 1361 885 Quaenam
1393 819 1540 872 enim
1581 818 1766 887 passio
1818 819 1919 874 soli
1975 820 2223 874 accidere

2328 818 2626 889 γινόμενον,
2655 820 2740 873 ὅτε
2774 819 2952 872 τίκτει
2982 819 3039 872 τὸ
3078 820 3221 888 φῶς;
3256 821 3414 880 Ποίος
3458 815 3793 886 συμϐαίνει
3832 820 3941 884 περὶ

645 909 912 973 cernitur,
944 922 1066 962 cum
1100 925 1165 961 ex
1195 923 1252 962 se
1281 909 1455 978 gignit
1476 908 1658 964 lumen
1683 910 1707 962 ἱ)
1744 909 2001 976 Quaenam
2030 909 2223 965 divisio

2328 910 2386 964 τὸ
2414 910 2525 981 πῦρ
2558 910 2844 981 μερισμὸς,
2876 912 3005 965 ὅταν
3044 911 3309 984 ὲκπέμπῃ
3338 910 3427 964 τὸν
3468 912 3530 977 ἐξ
3562 908 3799 962 ἑαυτοῦ
3846 926 3935 975 φε-

647 1002 845 1056 ιδθοίιιίι
873 1002 1245 1070 igni,quando
1292 1002 1742 1058 illuminationem
1783 1018 1847 1058 ex
1884 1017 1943 1058 se
1983 1003 2225 1058 emittit?

2328 1002 2550 1072 τισμὸν;
2583 1002 2646 1055 Εἰ
2678 1001 2733 1053 δὲ
2761 1000 2932 1055 ταῦτα
2956 1003 3119 1071 γεννᾷ
3146 1002 3244 1071 μὲν
3267 1003 3620 1071 ἁμερίστως,
3654 1000 3931 1067 ὲκπέμξξ
4044 1002 4051 1039 ί

646 1093 717 1144 At
746 1093 790 1145 si
828 1092 939 1145 haee
964 1092 1186 1160 gignunt
1215 1093 1347 1145 citra
1406 1092 1571 1145 ullam
1631 1094 2053 1161 separationem,
2094 1107 2223 1163 pro-

2328 1094 2475 1147 δὲτὰ
2519 1094 2578 1160 ἐξ
2627 1094 2835 1146 ἑαυτῶν
2879 1093 3124 1156 ἀπαθῶς,
3163 1095 3280 1156 πῶς
3318 1094 3378 1145 οὐ
3422 1093 3621 1163 πολλῷ
3675 1092 3930 1160 pallori
4032 1086 4035 1097 “

647 1184 960 1250 ducuntque
986 1197 1045 1235 ca
1076 1197 1194 1250 qua:
1216 1183 1266 1235 in
1288 1182 1418 1251 ipsis
1439 1194 1566 1236 sunt
1592 1184 1794 1252 absque
1816 1183 1921 1238 ulla
1950 1186 2219 1253 passione,

2328 1185 2527 1238 τούτων
2587 1184 2815 1256 ποιητὴς
2865 1186 2963 1255 τῆς
3010 1176 3223 1237 ἑαυτοῦ
3262 1185 3474 1253 φύσεως
3538 1184 3840 1253 ἐκπέμψει
3880 1184 3925 1235 εὖ

648 1273 922 1341 quomodo
949 1286 1053 1325 non
1086 1272 1249 1327 multo
1277 1274 1444 1340 magis
1462 1274 1651 1327 horum
1675 1285 1889 1328 creator
1910 1289 1976 1331 ex
2000 1289 2096 1329 sua
2125 1289 2224 1329 na-

654 1375 774 1419 tura
813 1365 1435 1435 etnittetsplendorem?
1466 1366 1568 1418 Aut
1618 1366 1888 1434 quomodo
1943 1366 2225 1421 character

651 1457 718 1509 ab
748 1456 979 1524 imagine
994 1455 1320 1523 separetur?
1358 1455 1583 1524 Semper
1611 1458 1754 1509 enim
1791 1457 1903 1512 haec
1937 1456 2223 1524 conjuncta

649 1560 775 1605 sunt
802 1548 1070 1617 simulque
1114 1547 1398 1601 exsistunt.
1467 1547 1560 1600 Sin
1624 1563 1751 1601 vero
1803 1548 1959 1617 juxta
2005 1548 2221 1602 illorum

648 1640 976 1709 opinionem,
1009 1638 1158 1692 arida
1193 1653 1259 1693 ac
1314 1639 1518 1693 sterilis
1542 1649 1626 1692 est
1658 1638 1748 1693 Dei
1777 1650 1969 1693 natura
2007 1656 2021 1691 :
2074 1654 2226 1708 qus-

649 1748 773 1789 nam
799 1745 865 1785 ex
910 1732 1028 1800 ipso
1082 1732 1381 1800 procedens
1427 1731 1678 1786 voluntas
1727 1732 1911 1787 elIicax
1952 1742 2056 1796 est,
2103 1746 2222 1802 qua

650 1822 880 1888 Filium,
917 1830 976 1876 ut
1020 1822 1094 1875 illi
1125 1822 1326 1885 volunt,
1360 1823 1656 1887 substituit,
1706 1824 1942 1878 creatrix
1985 1823 2227 1892 quaedam

650 1915 941 1975 exsistens,
962 1922 1018 1966 et
1032 1927 1216 1966 eorum
1236 1914 1353 1982 qua:
1369 1930 1474 1969 non
1498 1916 1766 1969 exsistunt
1788 1912 2067 1968 effectrix?
2092 1911 2227 1968 Cum

653 2003 795 2056 cnim
817 2004 1119 2056 detrectant
1148 2001 1323 2067 fateri,
1352 2019 1414 2057 ex
1462 2004 1695 2057 essentia
1763 2002 1939 2057 Patris
1986 2003 2226 2074 genitum

652 2110 773 2149 esse
793 2110 986 2149 creans
1018 2094 1186 2165 ipsius
1214 2094 1470 2156 Verbum,
1504 2108 1531 2146 a
1568 2095 1794 2148 veritate
1825 2096 1875 2148 in
1906 2096 2045 2149 hunc
2071 2110 2224 2149 erro-

654 2203 770 2240 rem
805 2187 1077 2241 labuntur.
1118 2186 1210 2240 Est
1238 2185 1378 2239 enim
1413 2185 1581 2240 Filius
1612 2187 1730 2239 viva
1763 2197 1925 2254 atque
1973 2189 2231 2240 essentia-

654 2278 777 2332 liter
807 2278 1131 2334 inexsistens
1157 2278 1332 2331 Patris
1363 2277 1632 2340 voluntas,
1667 2287 1722 2332 ct
1773 2277 2008 2331 Verbum
2039 2278 2225 2347 ipsius,

656 2386 751 2439 per
780 2372 918 2440 quod
947 2369 1123 2425 omnia
1159 2379 1428 2439 operatur.

656 2502 959 2575 Observatr'o
988 2520 1054 2557 ea:
1073 2519 1226 2575 sacra
1267 2502 1563 2575 Scriptura,
1587 2505 1724 2572 quod
1751 2503 1909 2558 etiam
1931 2505 1998 2558 de
2040 2507 2106 2559 iis
2140 2507 2231 2575 qui

717 2572 1032 2626 naturaliter
1053 2574 1157 2640 ﬁlii
1185 2583 1327 2636 sunt,
1354 2591 1373 2623 ‹
1399 2574 1628 2642 genitum
1670 2590 1797 2641 esse,
1832 2592 1852 2625 ι
1902 2584 1949 2627 et
1978 2594 1995 2624 ‹
2030 2572 2230 2643 factum

710 2659 840 2708 esse,
878 2661 895 2691 ι
938 2644 1303 2711 indi/rarenter
1332 2644 1566 2697 dicatur.

726 2770 956 2831 Nomina
986 2775 1118 2830 nihil
1148 2773 1410 2837 alliciunt,
1455 2789 1577 2830 cum
1634 2790 1721 2830 res
1774 2776 1904 2844 ipsae
1969 2777 2126 2831 aliter
2173 2792 2231 2832 se

658 2867 880 2923 habent.
916 2866 1152 2922 Tametsi
1190 2867 1331 2921 enim
1377 2867 1443 2921 iis
1487 2866 1577 2936 qui
1612 2875 1807 2924 natura
1832 2868 1925 2923 lllii
1951 2877 2097 2934 sunt,
2126 2862 2233 2923 ser-

654 2960 843 3015 vitutis
878 2975 1067 3015 nomen
1116 2959 1552 3013 accommodetur
1577 3001 1592 3023 ,
1632 2960 1895 3015 naturalis
1939 2960 2232 3015 nobilitatis

658 3053 903 3123 dignitati
931 3052 1067 3105 nihil
1102 3052 1349 3122 derogat.
1387 3052 1563 3120 Atque
1590 3051 1662 3105 ita
1706 3052 1869 3106 etiam
1899 3053 1944 3107 si
1970 3053 2056 3120 qui
2084 3052 2232 3122 geni-

2323 1275 2698 1346 ἁπαύγασμα;
2728 1277 2863 1330 Πότε
2886 1278 3171 1348 χαρακτὴρ
3198 1277 3405 1338 εἰκόνος
3428 1277 3797 1345 χωρίζεται;
3833 1276 3923 1326 Ἀεὶ

2323 1367 2432 1437 γάρ
2466 1369 2599 1437 αὐτῇ
2649 1367 2973 1437 συμπέφυκέ
3010 1384 3068 1420 τε
3104 1367 3196 1418 καὶ
3229 1366 3556 1435 ἐνυπάρχει.
3596 1366 3672 1417 Εἰ
3724 1364 3785 1415 δὲ
3821 1366 3921 1416 κατ’

2322 1459 2563 1521 ἐκείνους
2591 1458 2729 1528 ξηρά
2760 1460 2853 1511 καὶ
2890 1458 3135 1526 ἄκαρπός
3165 1460 3313 1511 ἐστιν
3341 1460 3372 1527 ἡ
3405 1457 3501 1510 τοῦ
3547 1455 3727 1525 Θεοῦ]
3752 1456 3918 1523 φύσις,

2322 1549 2458 1618 τίςὴ
2505 1547 2565 1611 ἐξ
2592 1548 2756 1600 αὑτοῦ
2796 1547 3131 1619 προελθοῦσα
3167 1548 3419 1617 βούλησις
3454 1548 3741 1618 ἐνεργὴς,
3779 1548 3814 1615 ἦ
3846 1548 3916 1599 καί

2322 1641 2413 1695 τὸν
2445 1640 2569 1693 Υἱδν
2621 1641 2739 1693 κατ’
2771 1640 3011 1703 ἐκείνους
3064 1640 3362 1709 ὑπέστησε,
3400 1638 3805 1710 δημιουργική
3849 1655 3915 1700 τις

2326 1728 2461 1786 οὖσα
2488 1734 2581 1786 καὶ
2618 1733 2726 1786 τῶν
2765 1733 2869 1787 οὐκ
2912 1734 3080 1787 ὄντων
3126 1734 3424 1803 ποιητικῆς
3464 1732 3801 1800 Φεύγοντες
3830 1732 3915 1802 γὰρ

2330 1826 2389 1879 τὸ
2420 1826 2483 1878 ὲκ
2515 1826 2614 1894 τῆς
2640 1826 2828 1888 οὐσίας
2847 1823 2942 1879 τοῦ
2967 1824 3180 1896 Πατρὸς
3218 1824 3589 1895 γεγεννῆσθαι
3624 1824 3823 1891 λέγειν
3845 1825 3913 1876 ea

2331 1917 2660 1988 δημιουργὸν
2705 1917 2870 1970 αὑτοῦ
2909 1917 3101 1984 Λόγον,
3145 1918 3208 1968 ὲκ
3246 1917 3341 1985 τῆς
3373 1914 3650 1986 ἀληθείας
3688 1916 3776 1976 εἰς
3807 1915 3912 1967 αὖτέ

2332 2008 2763 2061 συνελαύνονται.
2798 2009 2952 2061 Ἔστι
3000 2008 3108 2079 γάρ
3138 2008 3263 2071 Υἱὸς
3293 2006 3325 2077 ὴ
3360 2007 3512 2071 ζῶσα
3550 2009 3659 2059 καὶ
3692 2006 3911 2067 ἐνοὺσιες

2330 2099 2423 2152 τοῦ
2456 2101 2667 2172 [ἰατρὸς
2706 2100 2982 2171 βούλησις,
3027 2101 3119 2155 καὶ
3148 2102 3176 2154 ό
3214 2101 3382 2169 Λόγος
3422 2101 3626 2164 αὐτοῦ,
3671 2101 3748 2152 δι’
3773 2092 3834 2153 οὗ
3862 2104 3911 2153 τὰ

2334 2194 2512 2247 πάντα
2543 2192 2860 2263 ἐργάζεται.

2345 2510 2724 2577 Ἐπιτ-ἠρησις
2755 2508 2872 2577 ἀπὸ
2906 2506 3015 2575 τῆς
3058 2508 3219 2577 θείας
3252 2504 3525 2577 Γραφῆς,
3556 2505 3655 2577 ὅτι
3704 2505 3807 2577 καὶ
3830 2505 3907 2577 est

2403 2578 2523 2632 τῶν
2545 2575 2731 2646 φύσει
2770 2576 2931 2640 υἱῶν,
2960 2578 3024 2629 τὸ
3057 2596 3074 2626 ι
3103 2575 3377 2644 ἐγένοντο
3407 2596 3425 2627 ι
3460 2576 3499 2642 ἣ
3530 2575 3639 2627 καὶ
3677 2595 3698 2626 ε
3737 2575 3906 2641 ἐποιή-

2404 2652 2604 2715 θησαν
2651 2666 2669 2698 ι
2712 2647 2896 2700 κεῖται
2925 2646 3274 2714 ἀδιαφόρως.

2402 2780 2567 2835 Οὐδὲν
2616 2783 2670 2833 αἱ
2705 2779 2874 2844 λέξεις
2925 2779 3222 2839 ἀδικοῦσιν,
3274 2779 3401 2832 ὅταν
3447 2778 3663 2845 ἑτέρως
3720 2778 3817 2847 ἔχῃ
3855 2780 3907 2829 τὶ

2332 2871 2653 2943 πράγματα.
2672 2871 2794 2923 Ἐπὶ
2822 2869 2930 2939 γὰρ
2952 2869 3062 2921 τῶν
3084 2865 3416 2937 φύσειςυίῶν,
3448 2866 3556 2918 κᾶν
3579 2866 3643 2917 τὸ
3681 2865 3789 2937 τῆς
3806 2863 3906 2916 δουο

2331 2966 2483 3028 λείας
2521 2964 2690 3034 ὄνομα
2730 2961 3012 3031 τάττηται,
3048 2960 3107 3013 οὐ
3157 2958 3503 3029 παραιτεῖται
3538 2958 3643 3026 τῆς
3690 2957 3907 3025 φυσικῆς

2336 3053 2614 3121 εὐγενείας
2647 3052 2708 3104 τὸ
2753 3050 2991 3120 ἀξίωμα.
3032 3049 3151 3103 Κᾶν
3199 3050 3227 3101 ὁ
3270 3047 3553 3118 γεννηθεὶς
3586 3046 3905 3115 πεποιῆσθαι

656 3152 746 3197 tus
768 3152 869 3207 est,
902 3142 1076 3196 factus
1108 3157 1228 3196 esse
1276 3143 1510 3209 dicatur,
1548 3144 1785 3211 quandiu
1852 3156 2033 3199 veram
2075 3157 2224 3199 suam

2329 3145 2576 3216 λέγηται,
2611 3143 2716 3206 ἕως
2752 3141 2817 3196 ἂν
2849 3141 2998 3211 αὑτῷ
3031 3138 3399 3211 περισὼζηται
3429 3138 3489 3190 τὸ
3521 3138 3903 3208 ἀληθές-τεῳ,

657 3234 919 3302 originem
954 3235 1175 3300 retinet,
1201 3250 1394 3289 nomen
1426 3235 1601 3305 ipsum
1628 3235 1678 3288 ei
1727 3235 1923 3290 damno
1968 3251 2088 3291 esse
2128 3250 2231 3292 non

658 3334 856 3393 potest.
881 3324 1141 3378 Naturam
1172 3327 1315 3379 enim
1374 3340 1480 3381 non
1546 3327 1763 3381 nomina
1811 3329 1865 3381 in
1922 3329 2233 3383 universum

662 3415 1010 3483 inquirimus.
1037 3415 1170 3469 Cum
1197 3418 1361 3484 igitur
1389 3420 1453 3471 de
1480 3417 1660 3487 genito
1685 3418 1780 3472 Dei
1813 3417 1990 3473 Verbo
2017 3421 2227 3485 dicitur,

660 3506 802 3574 quod
825 3505 898 3559 sit
915 3505 1087 3560 ﬁdelis
1110 3506 1157 3561 ei
1182 3507 1271 3574 qui
1302 3506 1426 3561 fecit
1448 3508 1720 3576 ipsum”,
1750 3524 1816 3563 ne
1840 3511 1961 3577 quis
1987 3512 2232 3580 proprie-

660 3606 824 3652 tatem
852 3597 1182 3652 exsistentiae
1201 3599 1370 3667 ipsius
1392 3600 1772 3665 calumnietur,
1811 3604 1902 3655 sed
1923 3611 2014 3655 aut
2037 3603 2232 3657 intelli-

660 3698 747 3758 gat
771 3689 978 3744 ratione
1017 3690 1414 3745 incarnationis
1441 3690 1668 3755 dictum,
1704 3701 1797 3745 aut
1847 3693 1984 3746 nihil
2033 3692 2227 3748 otlieiat

660 3782 870 3835 veritati
907 3798 1101 3837 nomen
1147 3783 1289 3850 quod
1320 3780 1687 3837 indill‘erenter
1723 3784 2002 3852 accipitur.
2044 3784 2233 3840 Betsa-

657 3871 756 3926 hee
810 3872 1153 3926 Salomonem
1218 3889 1431 3928 servum
1490 3874 1655 3929 David
1705 3877 1936 3942 vocavit,
1999 3878 2225 3932 dicens:

662 3981 681 4013 ι
712 3960 936 4016 Servum
972 3972 1120 4016 tuum
1151 3962 1490 4018 Salonionem
1522 3964 1587 4018 ⁸⁵.
1634 3982 1653 4016 ι
1675 3948 1863 4020 Patres
1882 3980 2095 4035 quoque
2126 3980 2229 4020 sae-

654 4068 974 4125 penumero_
994 4070 1089 4110 eos
1109 4056 1201 4124 qui
1229 4072 1292 4109 ex
1323 4056 1452 4125 ipsis
1490 4056 1652 4125 geniti
1685 4069 1809 4113 sunt
1837 4074 2023 4114 servos
2039 4067 2231 4115 vocant

654 4156 711 4201 et
736 4161 942 4213 servos,
980 4148 1137 4203 ﬁlios.
1160 4146 1422 4204 Caeterum
1461 4152 1675 4203 nomina
1707 4160 1955 4206 naturam
1984 4168 2090 4206 non
2129 4153 2230 4206 im-

656 4245 887 4301 mutant,
914 4238 1005 4291 sed
1032 4240 1208 4306 potius
1242 4248 1566 4306 petestatem
1602 4240 1813 4295 illorum
1842 4243 1931 4310 qui
1987 4244 2062 4297 ita
2112 4243 2229 4298 illos

655 4328 936 4398 appellare
961 4329 1278 4395 voluerunt,
1318 4334 1642 4404 signiﬁcant.
1672 4334 1824 4401 Quod
1856 4346 2034 4391 autem
2062 4339 2225 4391 etiam

654 4418 692 4473 ii
720 4419 812 4489 qui
839 4422 1010 4489 geniti
1038 4432 1184 4487 sunt,
1222 4441 1241 4474 ι
1282 4423 1406 4478 facti
1448 4444 1467 4476 ι
1519 4426 1791 4491 dicantur,
1838 4427 1962 4482 inde
1998 4428 2226 4482 manife-

2333 3236 2485 3289 οὐδὲν
2512 3236 2619 3289 άπὸ
2636 3235 2737 3305 τῆς
2762 3232 2961 3298 λέξεως
2990 3232 3248 3302 ὑπομένει
3293 3232 3352 3284 τὸ
3390 3231 3661 3300 ἀδίκημα.
3712 3231 3781 3282 Ἦ
3817 3231 3905 3298 γὰρ

2332 3328 2517 3395 φύσις,
2547 3326 2607 3377 οὐ
2646 3324 2865 3387 πάντως
2900 3325 2931 3395 ἡ
2977 3323 3123 3389 λέξις
3154 3321 3484 3387 ἐξετάζεται.
3518 3321 3703 3374 Ὅταν
3748 3322 3905 3374 τοίνυν

2333 3418 2427 3471 ἐπὶ
2456 3417 2548 3471 τοῦ
2582 3416 2932 3489 γεννηθέντος
2961 3414 3095 3469 Θεοῦ
3127 3415 3298 3484 Λόγου
3330 3415 3566 3484 φέρηται
3598 3415 3683 3476 τὸ,
3727 3415 3905 3467 ames.

2332 3510 2460 3564 ὄντα
2485 3509 2561 3580 τῷ
2596 3512 2883 3579 ποιήσαντι
2924 3508 3075 3570 αὐτὸ,
3104 3505 3176 3578 μὴ
3201 3505 3654 3575 συκοφαντείσοω
3682 3506 3749 3557 τὸ
3791 3505 3904 3573 γνή-

2336 3619 2447 3653 σιον
2470 3603 2566 3671 τῆς
2605 3600 2891 3671 ὑπάρξεως
2926 3598 3114 3660 αὑτοῦ,
3148 3598 3262 3649 ἀλλ’
3307 3598 3340 3667 ἢ
3388 3597 3617 3650 νοείσθω
3656 3600 3793 3668 περὶ
3832 3598 3904 3650 τὸν

2330 3693 2429 3762 τῆς
2486 3692 2947 3763 ὲνανθρωπήσεως
2990 3689 3166 3756 λόγον,
3213 3689 3247 3759 ἢ
3294 3688 3459 3758 μηδὲν
3513 3689 3780 3742 ἀδικείτω
3821 3690 3905 3759 τὴν

2331 3785 2594 3855 ἀλήθειαν
2616 3788 2675 3838 τὸ
2709 3784 2808 3853 τῆς
2835 3782 3035 3847 λέξεως
3063 3781 3375 3853 ἀδιάφορον.
3394 3780 3681 3850 Βηρσαϐεέ
3707 3782 3804 3833 τὸν
3824 3783 3904 3833 *ὼε

2330 3877 2545 3949 λομῶνα
2573 3876 2756 3929 δοῦλον
2780 3875 2964 3928 ἐκάλει
2990 3873 3083 3927 τοῦ
3110 3873 3291 3936 Δαὸὶδ,
3317 3873 3549 3939 λέγουσα
3572 3890 3583 3902 ’
3625 3893 3646 3925 ι
3680 3874 3786 3926 Τὸν
3808 3873 3903 3925 ὂοῦο

2330 3967 2419 4020 λὸν
2450 3984 2541 4020 σου
2577 3966 2886 4035 Σολομῶνα.
2932 3983 2950 4013 ι
2986 3964 3094 4016 Καὶ
3135 3964 3370 4033 πατέρες
3407 3962 3671 4026 πολλάκις
3697 3966 3827 4026 τοὺς
3851 3960 3904 4026 ἐξ

2330 4058 2538 4113 ἑαυτῶν
2585 4056 2940 4126 γεννηθέντας
2987 4052 3203 4117 δούλους
3246 4052 3606 4116 ἀποκαλοῦσι,
3649 4056 3743 4107 καὶ
3784 4056 3902 4116 τοὺς

2328 4150 2543 4213 οἰκέτας
2578 4150 2747 4213 υίούς.
2790 4149 2929 4202 Ἀλλ’
2965 4149 3063 4220 οὐχ
3091 4151 3146 4202 αἱ
3175 4148 3349 4213 λέξεις
3379 4146 3477 4216 τὴν
3520 4146 3688 4214 φύσιν
3711 4147 3902 4203 ἀλλάτ-

2328 4261 2504 4305 τουσι,
2530 4240 2734 4311 μᾶλλον
2754 4239 2810 4293 δὲ
2843 4240 2940 4309 τὴν
2965 4238 3213 4303 ἐξουσίαν
3252 4238 3359 4290 τῶν
3385 4237 3528 4290 οὕτω
3567 4236 3898 4307 βουλομένων

2330 4333 2624 4389 ἀποκαλεῖν
2640 4331 3089 4385 ἐπιδεικνύουσιν.
3117 4332 3237 4383 Ὅτι
3256 4329 3312 4382 δὲ
3334 4329 3426 4381 καὶ
3447 4330 3542 4381 ἐπὶ
3570 4328 3680 4383 τῶν
3708 4346 3898 4394 rem.

2333 4426 2508 4496 μένων
2536 4425 2849 4493 εὑρίσκεται
2878 4423 2938 4475 τὸ
2971 4442 2989 4473 ι
3028 4423 3271 4493 ἐποίησε,
3304 4440 3321 4472 ι
3346 4421 3503 4492 δῆλον
3532 4420 3799 4475 ἐντεῦθεν.
3840 4422 3896 4473 Ὀ

652 4519 794 4562 stum
818 4518 921 4563 est.
951 4510 1111 4580 213
1140 4511 1398 4567 Ezechias
1427 4515 1568 4567 enim
1603 4514 1672 4567 ita
1710 4516 1885 4583 inquit
1918 4534 1930 4570 :
1971 4535 1988 4566 ι
2023 4516 2102 4575 ΑΙ)
2136 4517 2225 4570 ho-

2333 4517 2428 4586 μὲν
2471 4516 2577 4584 γάρ
2618 4513 2864 4582 Ἐςεχίας
2910 4512 3102 4581 φησίν·
3137 4529 3155 4561 t
3204 4509 3334 4563 Ἀπὸ
3380 4510 3489 4579 γάρ
3535 4509 3633 4576 τῆς
3666 4510 3895 4578 σήμερον

652 4601 840 4655 dieruo
863 4600 951 4655 die
980 4602 1118 4657 ﬁlios
1146 4604 1338 4659 faciant
1372 4605 1439 4659 ⁵⁸.
1481 4625 1500 4658 ι
1563 4605 1628 4659 Ει
1683 4607 1748 4661 de
1796 4605 1896 4661 Job
1962 4610 2220 4675 scriptum

649 4702 735 4747 eat
771 4709 785 4744 :
850 4711 869 4744 ι
900 4692 1049 4748 Facti
1084 4705 1211 4750 sunt
1241 4699 1288 4751 ei
1323 4698 1414 4750 filii
1444 4707 1670 4767 septem,
1695 4708 1749 4752 et
1777 4698 1896 4753 ﬁlim
1954 4708 2061 4753 tres
2093 4700 2158 4753 ⁸⁷.
2202 4719 2219 4750 ι

652 4783 709 4839 Si
737 4800 864 4856 ergo
908 4787 961 4840 in
988 4786 1317 4856 hominibus,
1375 4805 1479 4842 non
1538 4789 1780 4845 absolute
1832 4792 2069 4856 nomina,
2130 4795 2224 4846 sed

650 4891 739 4930 res
775 4878 919 4947 ipsas
955 4877 1245 4947 intuentes,
1293 4896 1415 4949 qua:
1465 4882 1717 4937 dicuntur
1758 4882 2216 4952 interpretamur:

647 4967 915 5034 quomodo
941 4983 1047 5024 non
1105 4970 1316 5029 utiliter
1365 4971 1506 5025 idem
1566 4971 1621 5026 in
1676 4970 1821 5027 Filio
1864 4971 1956 5028 Dci
2008 4982 2214 5027 Statue-

646 5059 794 5112 tuus?

1353 5262 1580 5318 ALIUD.

710 5370 933 5437 Nomen,
962 5373 1129 5442 ﬁlius,
1159 5377 1563 5444 generationem
1589 5391 1655 5431 ex
1705 5385 1857 5445 patre
1926 5378 2216 5448 signiﬁcat,

2328 4603 2517 4657 παιδία
2550 4602 2783 4671 ποιήσω.
2816 4620 2835 4652 ι
2873 4601 3009 4672 Περὶ
3041 4600 3099 4653 δὲ
3132 4599 3226 4653 τοῦ
3271 4598 3389 4651 Ἰὼϐ
3440 4599 3768 4668 γέγραπται,
3816 4599 3892 4649 ὅτι

2334 4714 2350 4746 ε
2393 4693 2670 4762 Ἐγένοντο
2693 4691 2840 4761 αὐτῷ
2881 4692 2986 4743 υἱοὶ
3013 4690 3151 4743 ἑπτά
3178 4691 3273 4743 καὶ
3316 4689 3617 4759 θυγατέρες
3660 4691 3827 4759 τρεῖς.
3869 4706 3887 4739 ι

2326 4787 2389 4838 Εἰ
2418 4785 2596 4837 τοίνυν
2631 4785 2719 4836 ἐπ’
2748 4781 3053 4853 ἀνθρώπων
3084 4782 3145 4835 οὐ
3186 4784 3304 4844 ταῖς
3337 4780 3647 4850 ἀκριϐείαις
3669 4779 3775 4831 τῶν
3806 4778 3886 4830 λέ·

2323 4877 2479 4943 ξεων,
2506 4873 2642 4929 ἀλλά
2678 4876 2743 4944 τῇ
2777 4873 2937 4941 φύσει
2967 4873 3075 4927 τῶν
3111 4872 3449 4944 πραγμάτων
3480 4871 3775 4941 ἐνορῶντες
3797 4873 3886 4924 ὲκ-

2318 4968 2588 5038 δεχόμεθα
2636 4966 2698 5019 τὸ
2742 4965 3093 5036 λαλούμενονο
3134 4965 3254 5026 πῶς
3304 4966 3403 5017 οὐκ
3450 4962 3762 5030 ἀναγκαίως
3800 4963 3883 5013 τὸν

2325 5061 2489 5113 αὑτὸν
2538 5056 2923 5126 διακεισόμεθα
2976 5056 3176 5125 τρόπον
3223 5058 3314 5111 ἐπὶ
3365 5054 3460 5108 τοῦ
3507 5054 3653 5107 θείου
3699 5055 3882 5121 γεννή-

2324 5164 2493 5218 ματος
2511 5163 2525 5212 ;

3001 5262 3209 5315 ΑΛΛΟ.

2389 5378 2463 5431 Τὸ
2491 5378 2619 5443 υἱὸς
2651 5376 2820 5447 ὄνομα
2848 5377 2947 5447 τὴν
2976 5376 3040 5429 ὲκ
3076 5374 3281 5445 πατρὸς
3319 5371 3573 5443 σημαίνει
3599 5369 3872 5440 γέννησιν·

648 5472 895 5515 creatura
924 5478 1076 5530 vero,
1108 5467 1251 5535 quod
1314 5468 1552 5522 exterius
1620 5470 1971 5524 constitutum
2027 5481 2131 5526 est.
2160 5470 2216 5526 Si

2328 5472 2376 5525 τὸ
2407 5470 2463 5524 δὲ
2492 5470 2741 5539 ποίημα,
2775 5471 2835 5524 τὸ
2883 5469 3082 5536 ἔξωθεν
3141 5466 3549 5535 συνιστάμενον.
3592 5463 3655 5516 Εἰ
3709 5461 3875 5515 τοίνυν

642 5566 772 5623 ergo
794 5552 966 5609 Filius
995 5564 1101 5622 est,
1136 5571 1205 5621 ne
1234 5570 1453 5613 vocetur
1496 5569 1749 5615 creatura
1783 5576 1799 5616 :
1858 5563 1901 5616 si
1966 5575 2216 5619 creatura

721 5731 788 5766 δι’
820 5731 981 5788 Hebr.
1021 5748 1105 5798 Ill,
1134 5734 1187 5786 ἓ.
1262 5735 1304 5765 ’⁸⁵
1337 5733 1398 5788 Ill
1433 5735 1561 5803 Reg.
1594 5752 1632 5803 ι,
1667 5736 1753 5792 19.

2316 5563 2445 5626 Υίός
2472 5565 2609 5625 ἔστι,
2634 5561 2711 5632 μὴ
2744 5561 3016 5617 καλείσθω
3037 5560 3247 5629 ποίημα
3268 5575 3281 5590 ·
3322 5558 3370 5611 εί
3402 5554 3615 5627 ποίημά
3639 5556 3777 5623 ἐστι,
3807 5550 3875 5623 μὴ

1835 5739 1878 5769 ⁸ο
1908 5736 1972 5791 ιγ
2004 5737 2134 5805 Reg.
2164 5755 2277 5804 xn,
2301 5738 2353 5795 5.
2433 5739 2477 5772 ⁸⁷
2502 5737 2601 5797 Job
2634 5753 2674 5805 ι,
2705 5740 2760 5795 2.

4030 1436 4049 1763 ἒ

4014 2430 4051 3685 ξ

4048 4664 4051 4882 l
