4124 6502
228 1765 263 1792 ο

266 336 373 393 361

1694 337 2136 400 THESAURUS.

3436 357 3541 412 562

268 451 548 507 καλείσθω
580 452 930 523 ψευδώνυμος
962 454 1107 519 Υίός.
1156 455 1294 510 Ἀλλ’
1326 456 1452 521 Υίδς
1492 458 1737 515 καλεῖται
1766 462 1861 515 καὶ

1965 467 2068 525 est,
2129 475 2197 516 ne
2257 460 2393 518 falso
2453 469 2673 522 nomine
2737 477 2959 525 vocetur
3020 470 3206 525 Filius.
3269 469 3538 525 Caeterum

264 546 453 599 ἔστιν·
483 546 682 600 οὐκοῦν
713 546 774 599 οὐ
804 547 1035 618 ποίημα.

1963 549 2132 608 Filius
2155 564 2207 609 et
2240 566 2482 623 vocatur,
2511 566 2566 612 et
2598 570 2685 613 est
2715 576 2729 613 :
2769 577 2871 614 nou
2934 571 3018 616 est
3050 563 3211 630 igitur
3262 572 3537 616 creatura.

264 658 487 727 ΔΔΛΟ,
535 661 718 731 λόγος
754 661 1004 741 πιθανὸς
1039 660 1352 741 Bassaniam
1380 662 1470 718 ὅτι
1517 666 1589 719 οὐ
1634 666 1861 737 ποίημά

1965 663 2195 731 ALIUD,
2215 667 2510 721 verisimilis
2536 670 2873 741 ratiocinatio
2899 673 3173 725 ostendens
3199 672 3338 741 quod
3366 671 3540 729 Filius

864 730 1037 785 ἐστιν
1073 736 1106 785 ό
1147 733 1303 799 Υἱός.

349 841 553 912 Είρηκὲ
603 859 705 895 που
736 842 991 913 Σολομῶν
1014 846 1043 897 6
1073 843 1388 915 σοφώτατος
1412 887 1427 911 ,
1459 848 1542 901 ὅτι
1579 867 1595 900 ι
1629 848 1859 921 Σὺμπαν

269 934 340 987 τὸ
369 936 581 1006 ποίημα
610 934 727 997 ἄξει
751 936 780 988 6
813 934 947 999 Θεὸς
973 938 1054 1001 είς
1084 938 1285 1008 κρίσιν.
1317 958 1337 993 ι
1381 940 1444 995 Εί
1465 941 1645 995 τοίνυν
1672 942 1730 995 ἓν
1752 943 1861 996 τῶν

273 1028 602 1099 ποιημάτων
647 1028 798 1081 ἐστὶν
840 1029 870 1081 6
906 1029 1057 1093 Υἱὸς,
1103 1030 1405 1103 ἀχθήσεται
1440 1033 1537 1086 καὶ
1579 1035 1741 1099 αὐτὸς
1781 1037 1861 1100 είς

273 1121 480 1193 κρίσιν.
514 1121 623 1173 Καὶ
667 1120 786 1184 πῶς
811 1120 1099 1192 ἀληθεύσει
1145 1122 1319 1192 λέγων
1356 1126 1486 1196 περὶ
1525 1127 1743 1191 ἑαυτοῦ,
1777 1128 1859 1181 ὅτι

278 1230 299 1264 ι
351 1213 408 1267 Ὀ
438 1212 629 1284 Πατὴρ
677 1211 856 1285 κρίνει
904 1213 1117 1282 οὐδένα,
1148 1216 1286 1269 ἀλλὰ
1329 1219 1510 1271 πᾶσαν
1546 1218 1643 1290 τὴν
1678 1220 1860 1292 κρίσιν

269 1302 473 1357 δέδωκε
507 1304 587 1374 τῷ
626 1303 775 1375 Υίῷ;
816 1323 835 1357 ι
871 1305 943 1357 ’Ἡ
977 1304 1096 1368 πῶς
1123 1306 1152 1358 6
1176 1306 1376 1378 Δανιὴλ
1402 1309 1463 1362 οὐ
1488 1309 1751 1378 ψεύσεται
1773 1311 1860 1364 λέ-

269 1412 387 1464 γων
423 1397 508 1449 ὅτι
536 1396 691 1467 αὐτῷ
728 1396 946 1469 ὲδόθηή
985 1397 1203 1467 κρίσις;
1240 1400 1517 1471 Ἀληθεύει
1568 1403 1653 1456 δέ’
1698 1405 1861 1469 αὐτὸς

270 1490 383 1560 γάρ
409 1491 557 1543 ἐστιν
586 1490 616 1542 6
647 1490 939 1562 ἐρχόμενος
974 1494 1157 1561 κρῖναι
1210 1493 1421 1558 ζῶντας
1456 1497 1551 1549 καὶ
1604 1499 1855 1569 νεκρούς.

272 1582 485 1636 Οὐκοῦν
509 1582 568 1635 οὐ
596 1582 829 1653 ποίημα,
865 1583 985 1636 οὐδὲ
1010 1584 1117 1637 τῶν
1143 1586 1360 1639 πάντων
1392 1587 1471 1650 ἒν,
1501 1589 1589 1643 ἵνα
1622 1591 1696 1660 μὴ
1726 1592 1861 1661 ἄγη-

271 1690 370 1727 ται
400 1676 493 1727 καὶ
518 1673 681 1737 αὐτὸς
704 1674 783 1737 είς
816 1674 1017 1744 κρίσιν.

274 1878 483 1951 ΔΛΑΛΟ.
518 1878 956 1948 διηγηματικῶς
982 1883 1069 1947 είς
1106 1883 1192 1943 τὸ,
1243 1903 1260 1934 ι
1300 1884 1725 1951 Κατανοήσατε
1754 1886 1861 1939 τὸν

346 1949 697 2027 ἀπόσφαξον
729 1951 1132 2027 καὶ-ἀρχιερέα
1162 1951 1269 2020 τῆς
1308 1949 1631 2027 ρμρλογίὰς
1668 1956 1857 2027 ἡμῶν,

346 2021 569 2093 πιστόν
597 2020 741 2072 ὄντα
758 2020 867 2093 ᾲτῷ
896 2022 1217 2093 ποιήσαντι
1261 2020 1449 2077 αὐτόν
1468 2040 1480 2051 ·
1504 2020 1546 2077 ἰ
1582 2020 1861 2093 καὶὲξῆς

348 2090 388 2157 ἡ
417 2089 651 2144 διάνοια
679 2090 786 2145 τοῦ
804 2091 1017 2158 ῥητοῦ.

350 2205 426 2259 Οὐ
443 2205 540 2276 τὴν
559 2204 655 2258 τοῦ
681 2206 858 2273 Λόγου
886 2205 1048 2274 φύσιν
1070 2205 1434 2277 ἐξηγούμενος
1453 2210 1481 2260 6
1517 2210 1858 2277 ’Δπόστολος,

274 2296 506 2353 τοιαῦτα
550 2315 737 2369 φησιν,
775 2298 912 2351 ἀλλὰ
956 2299 1056 2369 τὴν
1090 2299 1228 2369 μετὰ
1283 2297 1486 2371 σαρκὸς
1527 2303 1859 2374 οἰκονομίαν.

278 2388 419 2440 Πότε
452 2389 555 2457 γὰρ
598 2386 825 2455 γέγονεν
861 2389 1154 2458 ἀρχιερεὺς
1200 2389 1300 2459 τῆς
1347 2391 1638 2460 ὁμολογίας
1670 2393 1861 2463 ήμῶν;

282 2479 420 2532 Πότε
463 2479 521 2531 δὲ
570 2478 898 2545 ἁπόστολος;
933 2480 1068 2532 Πότε
1115 2480 1174 2534 δὲ
1219 2482 1409 2545 πιστὸς
1452 2483 1530 2554 τῷ
1578 2485 1865 2553 ποιήσαντι

278 2570 476 2635 αὑτόν;
506 2566 583 2625 Ἦ
618 2571 707 2625 ὅτε
749 2570 816 2624 δι’
844 2573 992 2641 ἡμᾶς
1020 2573 1113 2625 καὶ
1146 2573 1287 2644 ὑπὲρ
1316 2573 1472 2644 ἡμῶν
1502 2575 1724 2644 γέγονεν
1767 2576 1863 2629 ἇν-

281 2656 521 2728 θρωπος,
566 2660 665 2713 καὶ
696 2662 837 2714 κατά
866 2660 965 2732 τὴν
1011 2661 1259 2716 Ἰωάννου
1292 2664 1497 2735 φωνὴν,
1535 2684 1553 2715 ι
1600 2666 1658 2719 Ὀ
1695 2667 1867 2734 Λόγος

208 2762 211 2763 ⁷
280 2753 418 2826 σὰρξ
462 2756 699 2823 ἐγένετο.
744 2775 762 2806 ι
804 2756 938 2809 Τότε
986 2756 1067 2826 τῷ
1107 2760 1393 2826 ποιήσαντι
1430 2757 1617 2821 αὑτὸν,
1664 2758 1740 2822 ὡς
1770 2759 1864 2813 ἄν·

280 2844 518 2916 θρωπος,
550 2847 647 2901 καὶ
674 2847 863 2912 πιστὸς
896 2848 1113 2916 ἐγένετο
1137 2848 1363 2919 πληρῶν
1398 2848 1564 2902 αὐτοῦ
1593 2852 1654 2903 τὸ
1681 2849 1862 2920 ἔργον,

280 2936 529 3007 καθάπερ
554 2937 716 3000 αὐτὸς
743 2938 897 3006 ἔλεγε
918 2954 933 2968 ·
962 2938 1083 2991 τότε
1129 2938 1355 3007 γέγονεν
1391 2938 1688 3003 ἀπόστολος
1721 2940 1866 3011 ὑπὲρ

280 3026 436 3097 ἡμῶν
456 3028 550 3081 καὶ
564 3028 629 3082 δι’
645 3030 790 3099 ἡμᾶς
810 3029 1156 3095 ἀποσταλείςο
1178 3030 1300 3084 τότε
1328 3031 1520 3100 γέγονε
1545 3032 1645 3103 τῆς
1669 3032 1861 3104 ὁμολο-

1890 1800 1932 1854 Β

2501 754 2605 792 ηοη
2627 740 2694 793 sit
2728 753 2989 800 creatura.

2032 844 2475 917 Sapientissimus
2502 851 2592 905 ille
2653 851 2908 910 Salomon
2965 855 3161 912 alicubi
3212 859 3285 913 ita
3316 860 3535 928 inquit:

1968 957 1987 989 ι
2022 938 2247 994 Omnem
2306 950 2606 996 creaturam
2639 944 2799 999 ducet
2828 945 2969 1001 Deus
3028 948 3094 1001 ad
3139 948 3400 1016 judicium
3435 950 3534 1002 ⁸⁸.»

1963 1027 2020 1083 Si
2041 1046 2172 1102 ergo
2198 1029 2369 1086 Filius
2392 1042 2476 1089 est
2501 1049 2663 1088 unum
2699 1035 2902 1105 aliquid
2939 1051 3002 1092 ex
3062 1039 3282 1104 creatis,
3311 1040 3541 1093 ducetur

1961 1120 2125 1174 etiam
2156 1120 2272 1189 ipse
2302 1121 2353 1174 in
2378 1120 2665 1189 judicium.
2698 1125 2860 1194 Atqui
2886 1126 3154 1195 quomodo
3208 1142 3335 1183 vere
3396 1129 3541 1183 dicet

1962 1207 2029 1260 de
2061 1208 2274 1276 seipse:
2303 1227 2321 1259 ι
2354 1210 2513 1264 Pater
2533 1226 2639 1265 non
2677 1212 2881 1282 judicat
2916 1231 3271 1287 quemquam,
3300 1219 3395 1273 sed
3429 1233 3541 1273 om-

1964 1314 2032 1353 ne
2055 1299 2317 1368 judicium
2342 1302 2488 1356 dedit
2512 1302 2648 1359 Filio
2676 1306 2756 1359 δοῖ
2786 1306 2930 1361 »Αυι
2953 1309 3224 1376 quomodo
3252 1325 3357 1364 non
3388 1325 3541 1365 men-

1964 1390 2131 1446 tietur
2183 1392 2372 1450 Daniel
2429 1397 2637 1465 dicens,
2689 1398 2832 1467 quod
2895 1400 2993 1469 ipsi
3030 1401 3214 1455 datum
3263 1411 3348 1456 est
3391 1401 3539 1470 judi-

1963 1482 2106 1536 cium
2134 1484 2228 1539 "‘l
2259 1486 2365 1542 Sed
2398 1502 2525 1543 vere
2568 1490 2698 1543 dicit
2744 1507 2757 1542 :
2798 1491 2913 1559 ipse
2965 1491 3111 1547 enim
3164 1500 3421 1547 venturus
3460 1504 3542 1547 est

1964 1576 2029 1629 ad
2052 1575 2403 1645 iudicandum
2434 1582 2583 1635 vivos
2609 1593 2663 1636 et
2703 1595 2942 1638 mortuos
2974 1584 3062 1639 '°'.
3089 1584 3205 1641 Non
3268 1595 3350 1641 est
3381 1586 3543 1657 igitur

1962 1677 2234 1736 creatura,
2255 1685 2428 1740 neque
2459 1688 2598 1726 unus
2627 1688 2693 1727 ex
2717 1676 2986 1741 omnibus,
3011 1691 3077 1731 ne
3102 1676 3354 1733 nimirum
3375 1679 3540 1734 etiam

1964 1758 2079 1828 ipse
2106 1760 2160 1814 in
2187 1760 2448 1829 judicium
2482 1765 2736 1820 ducatur.

1964 1872 2194 1941 ALIUD,
2216 1876 2526 1952 explicatius
2556 1879 2613 1952 in
2633 1878 2789 1944 illud,
2826 1899 2845 1951 ι
2883 1879 3220 1952 Considerate
3248 1886 3541 1952 apostolum

2032 1955 2081 1997 et
2111 1948 2412 2023 pontificem
2439 1948 2783 2023 confessionis
2818 1948 3015 2005 nostra:
3035 1950 3217 2006 Iesum
3250 1948 3539 2023 Christum,

2030 2018 2118 2081 qui
2137 2015 2404 2093 ﬁdelisest
2442 2019 2489 2070 ei
2504 2020 2593 2093 qui
2614 2020 2736 2093 fecit
2768 2022 2935 2089 ipsum
2972 2035 2992 2076 :
3021 2040 3040 2071 ι
3079 2034 3125 2076 et
3154 2023 3394 2093 deinceps
3421 2015 3541 2081 υενά

2022 2086 2278 2138 sententia
2304 2087 2463 2156 hujus
2490 2086 2641 2143 dicti.
2787 2086 2795 2089 ”
3056 2164 3065 2172 ⁸

2037 2197 2153 2252 Νοιι
2181 2210 2427 2254 naturam
2469 2200 2625 2257 Verbi
2659 2202 2939 2259 declarans
2974 2204 3171 2262 Pau.us
3229 2208 3342 2263 hazc
3380 2209 3538 2274 dixit,

1966 2289 2058 2342 sed
2084 2291 2224 2345 illius
2259 2294 2711 2350 incarnationem.
2775 2297 3000 2362 Quando
3027 2299 3171 2352 enim
3232 2299 3410 2355 factus
3455 2313 3543 2354 est.

1966 2383 2207 2449 pontifex
2258 2384 2623 2441 conlessionis
2666 2389 2904 2443 nostrae?
2955 2392 3173 2459 quando
3232 2392 3541 2462 apostolus?

1966 2472 2184 2541 quando
2219 2475 2393 2529 fidelis
2432 2478 2479 2530 ei
2531 2478 2621 2547 qui
2676 2480 2849 2547 ipsum
2895 2473 3061 2536 fecit?
3100 2481 3290 2538 Nonne
3325 2489 3543 2553 quando

1968 2576 2191 2630 propter
2250 2578 2351 2617 nos
2410 2574 2463 2619 et
2522 2581 2618 2635 pro
2670 2569 2822 2623 nobis
2872 2570 3046 2624 factus
3083 2583 3167 2625 est
3197 2574 3381 2641 homo,
3405 2585 3545 2628 etut

1966 2653 2203 2707 Joannes
2258 2656 2467 2722 scribit,
2507 2675 2527 2709 ι
2582 2658 2815 2713 Verbqu
2866 2676 2994 2716 caro
3031 2661 3230 2717 factum
3284 2664 3476 2719 est"?
3519 2684 3537 2716 ι

1968 2744 2120 2799 Tunc
2149 2746 2339 2802 factori
2366 2765 2485 2818 suo,
2520 2761 2579 2806 ut
2607 2754 2792 2819 homo,
2822 2753 2995 2809 ﬁdelis
3017 2754 3192 2809 factus
3220 2766 3325 2822 est,
3378 2762 3541 2827 perti-

1967 2838 2119 2892 ciens
2141 2854 2277 2906 opus
2302 2840 2465 2910 illius,
2505 2844 2647 2898 sicut
2676 2845 2791 2914 ipse
2832 2855 3060 2901 testatur
3081 2847 3146 2878 ⁵¹¹
3176 2863 3191 2900 :
3220 2856 3346 2902 tunc
3376 2849 3541 2903 etiam

1965 2933 2239 2999 apostolus
2261 2933 2553 3001 factusest,
2584 2952 2681 3007 pro
2704 2940 2859 2994 nobis
2884 2948 2938 2994 et
2958 2949 3178 3011 pmpter
3200 2957 3297 2998 nos
3316 2942 3538 2998 missus:

1969 3032 2093 3076 tunc
2116 3022 2290 3079 factus
2323 3036 2406 3080 est
2429 3030 2669 3096 pontifex
2693 3030 3053 3087 confessionis
3072 3043 3292 3099 nostrae,
3308 3034 3542 3090 oll‘erens

280 3123 407 3191 γίας
428 3122 585 3193 ἡμῶν
610 3123 920 3195 ἀρχιερεὺς,
949 3125 1277 3198 προσφέρων
1309 3126 1410 3195 τῆς
1434 3125 1673 3190 πίστεως
1702 3127 1859 3197 ἡμῶν

1965 3117 2364 3175 confessionem
2404 3122 2524 3177 ﬁdei
2572 3133 2772 3177 nostra:
2806 3123 2975 3191 Patri,
3021 3135 3077 3179 et
3120 3142 3316 3197 corpus
3359 3145 3539 3193 suum,

279 3215 379 3288 τὴν
415 3216 705 3287 ὁμολογίαν
735 3218 812 3288 τῷ
854 3219 1055 3290 Πατρὶ,
1082 3218 1178 3272 καὶ
1204 3219 1264 3272 τὸ
1292 3218 1422 3272 ίδιον
1468 3218 1649 3290 σῶμα,
1686 3220 1861 3273 καθά-

280 3326 387 3380 περ
416 3326 468 3362 τι
498 3308 644 3380 θῦμα
694 3311 987 3380 προσάγων
1038 3310 1292 3383 ἄμωμον,
1333 3313 1419 3365 ἴνα
1459 3311 1667 3376 πάντας
1715 3315 1863 3384 ἡμᾶς

279 3400 345 3455 δι’
392 3401 558 3454 αὑτοῦ
598 3401 891 3474 καθαρίσῃ.
923 3404 1021 3456 Ἂν
1067 3403 1249 3458 τοίνυν
1295 3404 1521 3475 λέγηται
1551 3408 1680 3476 περὶ
1734 3407 1861 3461 Υίοῦ

280 3493 362 3545 ὅτι
396 3492 586 3561 γέγονε
636 3493 848 3558 πιστὸς,
886 3496 967 3548 ὅτι
997 3495 1221 3564 γέγονεν
1270 3498 1589 3562 ἀπόστολος,
1641 3498 1863 3566 γέγονεν

282 3584 595 3655 ἀρχιερεὺς,
633 3587 709 3657 μὴ
743 3588 884 3642 κατὰ
931 3588 1031 3657 τῆς
1076 3590 1261 3653 οὐσίας
1294 3591 1458 3644 αὑτοῦ
1508 3592 1758 3663 φερέσθω
1803 3593 1865 3646 τὸ

282 3677 451 3748 ῥῆμα,
500 3679 639 3733 ἀλλὰ
684 3680 826 3734 κατὰ
870 3683 971 3752 τῆς
1012 3682 1122 3735 τῶν
1173 3683 1513 3755 πραγμάτων
1556 3687 1859 3757 ποιότητος.

294 3769 511 3840 Ἐπειδὴ
533 3771 869 3835 καὶΠαῦλος,
909 3773 1198 3844 ἄνθρωπος
1226 3776 1301 3828 ὢν
1324 3777 1417 3829 καὶ
1446 3776 1709 3847 ὑπάρχων
1734 3779 1858 3849 ἤδη,

282 3860 504 3928 γέγονεν
538 3862 855 3927 ἀπόστολος,
893 3865 989 3918 καὶ
1028 3868 1234 3937 Μωσῆς
1260 3867 1518 3932 ὡσαύτως
1548 3871 1739 3938 γέγονε
1770 3888 1861 3923 πι-

284 3952 405 4016 στὸς
435 3954 492 4007 ὲν
541 3954 649 4023 ὅλῳ
686 3955 764 4025 τῷ
813 3956 948 4027 οἴκῳ
980 3957 1168 4021 αὐτοῦ,
1214 3960 1307 4013 καὶ
1346 3960 1557 4030 Ἀαρὼν
1598 3961 1862 4025 ὡσαύτως

280 4045 501 4113 γέγονεν
535 4046 828 4117 ἀρχιερεὺς
872 4049 931 4100 ὲν
962 4049 1141 4120 ἑαυτῷ
1169 4052 1263 4104 καὶ
1304 4052 1470 4107 πάλαι
1499 4053 1590 4106 τὸν
1632 4055 1863 4126 Σωτῆρα

286 4136 526 4208 μορφῶν.
558 4138 768 4209 ὐνπερ
800 4142 910 4211 γὰρ
937 4142 1139 4213 τρόπον
1167 4145 1196 4196 6
1232 4143 1439 4216 Ἀαρὼν
1468 4146 1567 4198 οὐκ
1596 4146 1860 4218 ἐγεννήθη

285 4226 384 4296 μὲν
411 4228 723 4298 ἀρχιερεὺς,
758 4230 973 4295 πολλοῖς
999 4233 1056 4286 δὲ
1092 4233 1318 4304 ὕστερον
1348 4236 1560 4307 χρόνοις
1581 4237 1741 4292 τοῦτο
1772 4238 1863 4307 γέ-

279 4334 426 4385 γονε,
456 4318 548 4371 τὸν
578 4320 787 4392 ποδήρη
838 4324 1285 4396 περιϐαλόμενος,
1325 4328 1420 4381 καὶ
1451 4328 1551 4401 τὴν
1589 4330 1859 4400 ἐπωμίδα,

282 4411 376 4462 καὶ
403 4409 473 4463 τὰ
500 4410 634 4465 ἄλλα
665 4412 767 4483 τῆς
814 4414 1099 4486 ἱερατικῆς
1137 4416 1363 4488 ἐσθῆτος
1397 4420 1673 4490 σχήματα,
1717 4421 1861 4492 ἅπερ

280 4495 347 4570 ἦν
376 4501 514 4573 ἔργα
566 4506 876 4572 γυναικῶνο
929 4508 1020 4561 τὸν
1052 4510 1216 4563 αὐτὸν
1246 4512 1311 4581 δὴ
1367 4514 1569 4583 τρόπον
1616 4514 1709 4565 καὶ
1768 4514 1861 4567 ἐπὶ

282 4594 536 4665 Χριστοῦ.
572 4593 679 4650 Ἦν
724 4600 823 4669 μὲν
862 4601 971 4671 γὰρ
995 4601 1024 4652 ό
1060 4603 1232 4670 Λόγος
1264 4606 1322 4657 ὲν
1371 4607 1535 4677 ἀρχῇ,
1577 4604 1757 4677 πολλῴ
1802 4606 1859 4659 δὲ

283 4684 505 4758 ὕστερον
535 4690 711 4760 χρόνῳ
744 4692 967 4759 γέγονεν
989 4695 1130 4764 ὑπὲρ
1157 4697 1313 4766 ἡμῶν
1340 4698 1650 4768 ἀρχιερεὺς,
1675 4699 1863 4772 ὥσπερ

281 4778 402 4831 τινὰ
451 4780 663 4852 ποδήρη
698 4782 788 4835 τὸν
832 4785 895 4837 ὲκ
938 4788 1194 4853 γυναικὸς
1242 4789 1526 4860 ἄνθρωπον
1572 4793 1691 4863 ἦτοι
1739 4794 1863 4848 ναὸν

286 4872 571 4927 ἀναλαϐών
594 4891 607 4904 ·
644 4875 733 4930 ἴνα
776 4875 853 4946 τῷ
888 4878 1003 4949 ἰδίῳ
1039 4880 1230 4951 αἵματι
1281 4883 1553 4957 καθαρίσῃ
1591 4885 1684 4938 τὸν
1712 4886 1859 4951 λαὸν,

284 4964 475 5017 ἑαυτὸν
521 4971 906 5037 προσενεγκὼν
958 4972 1033 5035 ὡς
1086 4974 1257 5043 ἀμνὸν
1309 4976 1538 5046 ἄμωμον
1585 4978 1660 5048 τῷ
1707 4980 1859 5049 Θεῴ’

292 5074 307 5105 ι
347 5058 421 5109 Οὐ
454 5059 562 5128 γὰρ
600 5062 857 5133 ἐποίησεν
891 5066 1185 5135 ἁμαρτίαν,
1226 5069 1345 5121 οὐδὲ
1387 5071 1584 5142 εὑρέθη
1623 5072 1771 5136 δόλος
1807 5076 1864 5125 ἐν

284 5147 358 5217 τῷ
399 5150 626 5221 στόματι
658 5154 846 5208 αὑτοῦ.
890 5176 908 5209 ι

286 5264 410 5316 Ὀτι
441 5265 624 5341 οὑὸἐςν
644 5268 851 5341 ἕτερον
881 5275 1204 5340 σημαίνειν
1236 5278 1525 5340 ,βούλεται
1546 5279 1612 5332 τὸ
1653 5280 1861 5341 πιστὸς,

558 5338 596 5406 ἢ
640 5338 727 5392 ὅτι
765 5338 1018 5413 ἀληθινός
1056 5347 1155 5398 καὶ
1198 5338 1577 5412 ἀναλλοίωτος.

353 5450 550 5515 Πιστὸς
580 5456 608 5506 ὁ
643 5454 833 5527 Σωτὴρ
866 5459 1107 5513 καλεῖται
1130 5463 1373 5527 δικαίως,
1403 5465 1533 5533 μίαν
1561 5465 1700 5536 ὑπὲρ
1726 5467 1832 5518 πάν

1966 3208 2129 3264 veluti
2164 3212 2561 3269 immaculatum
2609 3218 2897 3285 quamdam
2975 3220 3204 3274 hostiam
3248 3222 3540 3286 adducens,

1966 3310 2024 3353 ut
2054 3316 2243 3357 omnes
2278 3319 2376 3359 nos
2407 3320 2503 3371 per
2534 3306 2710 3376 ipsum
2749 3311 3049 3363 mundaret.
3078 3309 3134 3364 Si
3164 3325 3294 3378 ergo
3354 3313 3419 3367 de
3455 3312 3545 3366 Fi-

1965 3389 2036 3444 lio
2062 3392 2282 3458 dicitur,
2311 3397 2455 3463 quod
2492 3394 2668 3451 factus
2711 3397 2785 3450 sit
2832 3398 3029 3466 fidelis,
3057 3402 3198 3467 quod
3233 3399 3410 3455 iactus
3472 3404 3545 3456 sit

1963 3484 2259 3549 apostolus,
2291 3485 2467 3540 factus
2484 3488 2723 3556 pontifex
2748 3506 2763 3555 ;
2792 3506 2898 3545 non
2926 3492 2993 3545 ad
3035 3494 3326 3547 essentiam
3374 3494 3545 3563 ipsius

1963 3576 2165 3631 dictum
2193 3577 2535 3634 referendum
2558 3592 2661 3648 est,
2698 3585 2791 3639 sed
2819 3587 2885 3639 ad
2917 3587 3230 3654 qualitatem
3263 3592 3430 3665 214
3454 3606 3543 3646 re-

1964 3682 2107 3721 rum.
2181 3666 2466 3740 Siquidem
2497 3679 2553 3726 et
2575 3671 2772 3729 Paulus
2802 3675 2963 3729 homo
2988 3690 3108 3731 cum
3140 3692 3303 3746 esset,
3343 3692 3397 3735 et
3430 3682 3541 3747 jam

1963 3762 2271 3827 exsisteret,
2306 3764 2478 3819 factus
2504 3773 2587 3819 est
2607 3767 2880 3833 apostolus
2909 3788 2922 3822 :
2953 3777 3008 3822 et
3030 3769 3206 3824 Moses
3230 3771 3416 3826 eadem
3451 3788 3543 3826 rn-

1966 3855 2112 3910 tione
2143 3855 2323 3910 factus
2351 3866 2433 3911 est
2466 3857 2659 3921 ﬁdelis,
2698 3860 2749 3912 in
2784 3870 2893 3915 tota
2933 3860 3094 3915 domo
3117 3864 3234 3931 ejus
3270 3863 3341 3915 δ’.
3367 3862 3543 3917 Simili

1966 3950 2127 4004 modo
2155 3950 2319 4004 etiam
2346 3952 2524 4005 Aaron
2573 3950 2747 4008 factus
2799 3963 2882 4007 est
2934 3952 3198 4022 pontifex,
3244 3954 3543 4009 Salvatoris

1967 4051 2150 4111 typum
2181 4041 2294 4112 jam
2343 4044 2472 4096 olim
2527 4042 2578 4096 in
2648 4057 2708 4099 se
2754 4043 3016 4100 referens.
3074 4045 3540 4112 Quemadmodum

1965 4134 2108 4185 enint
2143 4134 2324 4188 Aaron
2356 4149 2461 4187 non
2492 4142 2569 4188 est
2603 4145 2761 4190 natus
2790 4134 3152 4204 pontifex,sed
3192 4137 3374 4191 multis
3390 4149 3542 4208 post-

1964 4240 2027 4278 ea
2082 4225 2413 4293 temporibus
2459 4224 2512 4281 id
2544 4225 2715 4281 factus
2743 4238 2850 4295 est,
2889 4227 3111 4287 talarem
3140 4239 3345 4284 vestem
3385 4232 3542 4285 indu-

1966 4329 2076 4387 tus,
2104 4330 2153 4375 et
2181 4322 2644 4391 superhumeralc,
2676 4321 2991 4390 reliquaque
3036 4322 3361 4391 pontiﬁcalis
3384 4324 3542 4380 habi-

1968 4420 2053 4465 tus
2084 4423 2402 4466 ornamenta
2435 4428 2463 4466 a
2489 4412 2802 4468 mulieribus
2827 4414 3071 4469 confecta
3104 4434 3119 4471 :
3182 4418 3322 4471 idem
3384 4419 3544 4488 plane

1966 4505 2033 4559 de
2052 4504 2271 4559 Christo
2300 4505 2463 4559 etiam
2491 4508 2818 4559 censendum
2842 4516 2943 4561 est.
2983 4506 3109 4562 Erat
3132 4511 3274 4563 enim
3307 4511 3541 4567 Verbqu

1967 4601 2018 4655 iu
2048 4601 2317 4672 principio
2352 4617 2368 4656 :
2420 4599 2604 4654 multis
2630 4614 2760 4654 vero
2784 4608 2971 4669 postea
2992 4602 3324 4669 temporibus
3370 4603 3544 4658 tactus

1964 4706 2045 4750 est
2079 4709 2177 4762 pro
2201 4693 2357 4747 nobis
2385 4690 2646 4762 pontifex,
2672 4691 2942 4745 hominem
2973 4706 3041 4745 ex
3097 4694 3324 4749 muliere
3377 4695 3540 4751 veluti

1969 4790 2192 4844 talarem
2220 4796 2424 4842 vestem
2455 4788 2569 4841 sive
2608 4785 2862 4856 templum
2896 4800 3202 4852 assumens,
3237 4798 3293 4842 ut
3323 4790 3544 4857 proprio

1965 4898 2063 4938 suo
2093 4881 2354 4947 sanguine
2384 4879 2633 4948 populum
2667 4878 2977 4942 mandaret,
3005 4889 3062 4932 ut
3084 4879 3320 4946 seipsum
3376 4882 3540 4933 veluti

1964 4991 2160 5047 agnum
2209 4974 2613 5029 immaculatum
2681 4971 2789 5025 Deo
2828 4970 3090 5027 offerret:
3129 4991 3148 5023 ι
3187 4970 3374 5039 Neque
3397 4975 3540 5026 enim

1969 5070 2096 5123 fecit
2149 5078 2451 5136 peccatum,
2507 5080 2679 5133 neque
2726 5064 2978 5117 inventus
3037 5073 3118 5116 est
3145 5063 3298 5117 dolus
3336 5065 3386 5117 iu
3451 5081 3553 5118 ore

1965 5161 2079 5227 ejus
2109 5161 2172 5214 ⁸³.
2219 5179 2238 5211 ι

1968 5276 2119 5340 Quod
2154 5273 2322 5327 ﬁdelis
2356 5271 2486 5325 nihil
2511 5271 2657 5324 aliud
2688 5272 2937 5393 signi/fleet
2968 5286 3125 5338 quum
3184 5285 3340 5326 verus
3394 5282 3551 5341 atque

2570 5343 2845 5393 iuttnntabt
2874 5342 2936 5393 is.

2570 5342 2936 5394 immutabilis.

2039 5462 2296 5515 Servator
2328 5467 2509 5513 noster
2547 5458 2740 5511 merito
2764 5468 2987 5512 vocatur
3020 5459 3210 5521 ﬁdelis,
3235 5460 3432 5529 quippe
3456 5460 3546 5527 qui

282 5559 388 5595 των
439 5542 629 5599 θυσίαν
679 5549 1079 5618 προσενεγκὼν,
1124 5554 1223 5622 τὴν
1279 5556 1448 5626 αὐτὴν
1500 5556 1586 5609 ἀεὶ
1626 5557 1719 5610 καὶ
1766 5558 1861 5610 οὐκ

1969 5569 2127 5607 unam
2162 5567 2256 5621 pro
2280 5550 2534 5606 omnibus
2566 5549 2798 5603 hostiam
2824 5550 3035 5613 obtulit,
3063 5567 3182 5620 ιιιιτῐι
3215 5566 3429 5619 semper
3455 5566 3547 5601 en-

355 5706 401 5737 “
429 5708 603 5763 Eccle.
638 5727 735 5772 XII.
767 5714 851 5766 Η.
931 5714 975 5747 "9
1010 5715 1163 5768 .lnan.
1189 5735 1243 5780 ν,
1277 5719 1365 5771 '22.

283 5780 334 5831 ἆ.
410 5781 453 5810 ⁸⁸
486 5783 643 5837 Nutu.
690 5801 785 5843 xu.
823 5786 877 5839 7.
954 5785 1202 5839 ⁸³1Ρι³ΙΓ
1253 5805 1309 5849 ιι,
1342 5791 1435 5845 ‘22“2.

600 5879 875 5937 I’ATROL.
926 5880 1044 5939 Gn.
1102 5883 1319 5941 LXXV
1338 5931 1350 5943 .

1449 5722 1492 5753 "°
1523 5721 1768 5783 Damni.
1807 5724 1868 5777 15
1921 5722 1997 5777 Η.
2082 5716 2213 5771 50'1"
2238 5716 2376 5771 Tim.
2413 5714 2550 5781 tv,l.

2631 5714 2669 5743 δ’
2709 5711 2859 5767 Joan.
2892 5729 2929 5779 ι,
2966 5713 3046 5765 Η.
3123 5711 3375 5765 51'Joan.
3409 5723 3545 5771 xvn,

3155 5874 3222 5931 12
