4124 6516
584 314 689 369 365

1577 310 1638 366 S.
1677 307 1956 367 CYRILLI
1995 306 2467 367 ALEXANDRINI
2506 307 2826 366 ARCHIEP.

3787 306 3917 360 364

581 430 709 485 dem
741 435 846 493 est,
881 439 1056 495 neque
1075 439 1324 496 unquam
1359 432 1620 480 mutatur.
1648 442 1671 477 ι
1709 425 1887 481 Semel
1908 426 2052 480 enim
2077 441 2160 496 prc

2275 425 2696 512 ἀλλαττομένην.
2730 444 2753 477 ι
2793 423 2978 488 "And
3009 424 3117 497 γὰρ
3151 425 3438 480 ἀποθανὼν
3478 424 3630 496 ὑπὲρ
3693 424 3914 494 ἡμῶν,

594 519 752 574 nobis
779 527 1052 583 mortuus,
1083 531 1192 572 non
1228 517 1432 572 videbit
1458 517 1688 587 amplius
1706 518 2020 572 mortem“.
2053 537 2071 568 ι
2103 518 2168 571 Ει

585 622 804 663 rursum
839 605 1134 676 Apostolus
1161 605 1230 660 ad
1255 607 1567 662 Corinthios
1593 607 1855 670 scribens,
1887 607 1996 661 ait:
2035 626 2052 658 ι
2077 607 2167 660 Fi-

583 699 718 752 delis
748 697 912 762 Deus,
944 711 1041 766 per
1063 712 1226 766 quem
1251 699 1424 754 vocati
1460 700 1594 754 estis
1623 699 1676 753 in
1706 699 2015 754 societatem
2043 697 2165 752 Filii

579 790 697 859 ejus
725 789 793 843 ⁵⁸.
831 807 850 841 ι
897 788 1159 844 Similiter
1185 799 1242 844 et
1274 789 1468 845 Petrus
1499 807 1512 843 :
1551 809 1570 841 ι
1593 789 1729 845 .ldeo
1757 790 1792 844 ii
1823 790 1914 860 qui
1947 790 2168 859 patiun-

581 891 690 944 tur,
717 878 860 933 fideli
891 877 1138 933 Creatori
1184 879 1568 933 commendent
1621 879 1831 934 animas
1886 894 2012 932 suas
2037 878 2104 933 ⁵⁸.
2139 896 2158 930 ο

580 967 781 1022 Paulus
823 968 990 1022 etiam
1055 969 1120 1022 ad
1171 966 1736 1024 Thessalonicenses:
1775 987 1794 1020 ι
1836 968 2037 1023 Fidelis
2084 978 2168 1023 est

580 1064 671 1131 qui
697 1076 794 1115 nos
822 1061 1055 1128 vocavit,
1078 1060 1167 1131 qui
1195 1070 1248 1116 et
1294 1061 1457 1116 faciet
1484 1062 1551 1116 ⁸⁷.
1591 1081 1610 1114 ι
1646 1062 1711 1116 Et
1745 1063 1809 1116 ad
1842 1061 2012 1116 alios:
2056 1079 2074 1112 ι
2107 1060 2163 1116 Si

579 1152 844 1208 increduli
875 1152 1154 1219 fuerimus,
1176 1153 1263 1208 ille
1290 1153 1464 1209 fidelis
1493 1152 1940 1224 permanet.Nam
1968 1164 2167 1208 semet-

579 1245 756 1315 ipsum
797 1246 1066 1314 abnegare
1087 1259 1194 1300 non
1222 1253 1401 1315 potest
1458 1245 1524 1300 ⁵⁸.
1568 1263 1587 1297 ι
1617 1245 1819 1302 Fidelis
1869 1246 2035 1316 igitur
2083 1253 2166 1300 est

579 1337 844 1403 Christus,
933 1338 1057 1408 quia
1127 1346 1183 1392 et
1252 1337 1413 1392 homo
1487 1335 1666 1393 factus
1758 1337 1961 1391 mansit
2023 1335 2162 1390 idem

579 1445 752 1500 usque
803 1446 967 1495 nunc,
1036 1440 1092 1485 et
1143 1429 1194 1484 in
1237 1429 1432 1484 saecula
1465 1447 1480 1482 :
1516 1441 1677 1499 atque
1732 1430 1805 1482 ita
1853 1429 2069 1498 quidem
2100 1426 2164 1480 fi-

577 1521 713 1578 delis
749 1530 853 1589 est,
882 1523 1018 1577 sicut
1039 1530 1094 1578 et
1121 1518 1286 1578 Pater
1320 1521 1494 1578 fidelis
1512 1521 1720 1576 dicitur
1755 1520 1810 1575 iu
1829 1534 1988 1576 sacra
2015 1519 2162 1574 Scri-

573 1623 749 1682 ptura.

572 1743 643 1802 In
669 1745 829 1812 illud,
863 1764 881 1798 ι
924 1745 1182 1801 Firmiter
1203 1747 1370 1817 igitur
1392 1748 1522 1800 sciat
1551 1748 1722 1801 omnis
1745 1747 1928 1800 domus
1963 1744 2154 1814 Israel,

639 1817 767 1886 quia
803 1817 1091 1871 Dominum
1123 1818 1290 1885 ipsum
1321 1827 1368 1870 et
1411 1817 1677 1872 Christum
1699 1818 1828 1886 fecit
1846 1818 1988 1874 Deus
2017 1820 2154 1872 hunc
2183 1828 2228 1884 Β

645 1885 853 1956 Iesum,
885 1903 1037 1959 quem
1064 1887 1406 1956 cruciﬁxistis
1432 1887 1500 1942 “9.
1539 1891 1576 1956 »ε

641 2085 876 2143 Necesse
901 2100 1093 2144 rursus
1124 2093 1228 2152 est,
1257 2093 1316 2140 ut
1350 2085 1437 2140 hic
1473 2099 1719 2150 vernum,
1751 2103 1772 2137 ι
1811 2085 1970 2152 fecit,
2002 2107 2020 2139 ι
2049 2103 2158 2143 non

573 2180 641 2234 ad
692 2179 986 2235 essentiam
1015 2176 1178 2232 Verbi
1227 2176 1542 2232 referatur:
1604 2191 1780 2246 neque
1827 2179 2159 2234 exsistentiae

573 2273 695 2328 Filii
731 2279 952 2342 propter
990 2270 1094 2325 hoc
1134 2284 1330 2324 nomen
1372 2269 1652 2325 insultare.
1681 2269 1816 2325 Nam
1851 2273 1898 2326 si
1934 2273 2156 2327 verbum

582 2385 599 2415 ι
635 2364 786 2430 fecit,
827 2382 846 2414 ι
886 2362 1209 2416 naturaliter
1232 2361 1480 2430 accipere
1505 2362 1660 2426 velis,
1683 2371 1829 2418 recte
1869 2365 1933 2417 de
1962 2363 2160 2432 templo

574 2472 641 2511 ex
683 2455 850 2510 Maria
884 2454 1026 2510 facto
1059 2452 1406 2521 interpretari
1451 2453 1696 2520 poteris;
1745 2453 1792 2506 si
1845 2467 1975 2507 vero
2035 2465 2160 2522 apte

573 2559 736 2619 atque
770 2548 843 2602 ita
897 2556 958 2600 ut
1013 2553 1252 2613 oportet,
1315 2542 1450 2596 nihil
1492 2545 1559 2598 ad
1613 2543 1870 2598 Verbum.
1917 2545 2156 2615 Exempli

574 2641 744 2712 gratia
785 2657 800 2694 :
847 2637 946 2703 Qui
981 2636 1108 2691 olim
1142 2649 1345 2705 pauper
1370 2644 1509 2699 erat,
1536 2634 1709 2688 factus
1747 2648 1828 2690 εει
1853 2637 2030 2701 dives;
2068 2645 2161 2690 aut

573 2733 666 2803 qui
702 2731 770 2786 ab
802 2729 957 2784 initio
983 2728 1243 2798 propheta
1274 2741 1380 2780 non
1407 2736 1548 2792 erat,
1579 2726 1631 2779 in
1660 2727 1980 2797 prophetam
2000 2744 2028 2780 ιι
2051 2727 2161 2783 Deo

572 2825 779 2881 electus
813 2832 922 2878 est.
946 2819 1080 2874 Nam
1107 2820 1158 2874 in
1190 2819 1495 2888 huiusmodi
1529 2819 1916 2883 locationibus,
1938 2839 1958 2872 ι
1989 2821 2160 2876 factus

573 2927 657 2975 est
685 2936 704 2970 ι
741 2933 844 2972 non
876 2914 1200 2986 principium
1228 2911 1390 2982 215
1418 2911 1714 2968 exsistendi
1751 2911 2040 2980 significat,
2067 2913 2158 2966 sed

575 3008 968 3065 traductionem
999 3005 1053 3059 in
1085 3003 1231 3058 aliud
1255 3019 1417 3072 quam
1469 3012 1607 3056 erat.
1661 3001 1944 3068 Quomodo
1999 3005 2162 3071 igitur

574 3102 713 3155 Deus
735 3097 919 3153 Jesum
975 3095 1165 3150 fecerit
1217 3093 1501 3148 Dominum
1545 3094 1630 3161 pie
1659 3096 2004 3162 quaerendum
2056 3104 2158 3149 est.

2270 518 2371 571 οὐκ
2401 519 2590 588 ὄψεται
2622 517 2852 572 θάνατον
2874 519 2938 573 ἐκ
2963 519 3240 592 δευτέρου.
3267 537 3288 570 ι
3321 519 3432 572 Καὶ
3453 517 3683 570 πάλινὸ
3727 516 3886 567 ’Δτώ

2270 611 2457 674 στολος
2505 611 2834 664 ἐπιστέλλων
2864 613 2975 664 τισὶ
3013 611 3196 680 λέγει’
3236 630 3255 662 ι
3297 611 3495 673 Πιστὸς
3537 609 3569 661 6
3616 609 3802 671 Θεὸς,
3834 608 3896 659 δι

2268 692 2329 753 οῦ
2361 698 2629 768 ἐκλήθητε
2665 701 2746 764 είς
2777 697 3063 753 κοινωνίαν
3086 700 3179 753 τοῦ
3215 699 3346 753 Υίοῦ
3376 698 3568 753 αὑτοῦ.
3609 718 3631 750 ι
3670 697 3915 767 Πέτρος

2268 787 2471 857 ὁμοίως
2493 803 2505 815 °
2543 788 2740 840 «Ὥστε
2774 789 2867 840 καὶ
2897 791 2946 841 ot
2988 789 3293 858 πάσχοντες
3324 788 3502 858 πιστῷ
3517 787 3751 857 κτίστῃ
3790 804 3911 838 πα-

2267 877 2674 949 ρατιθέσθωσαν
2719 879 2819 944 τὰς
2865 879 3044 950 ψυχὰς
3091 879 3294 934 αὐτῶν.
3345 899 3366 932 ι
3413 880 3473 933 ’0
3535 879 3910 939 ’Δπόστολος

2267 970 2754 1023 Θεσσαλονικεῦσιο
2809 988 2828 1022 ι
2877 971 3073 1035 Πιστὸς
3122 975 3151 1025 6
3207 973 3387 1026 καλῶν
3439 973 3620 1042 ἡμᾶς,
3679 971 3760 1034 ὃς
3803 972 3909 1023 καὶ

2267 1062 2506 1132 ποιήσει.
2549 1082 2567 1114 ι
2605 1063 2714 1115 Καὶ
2731 1063 2936 1133 ὁμοίως
2963 1063 3098 1133 πρὸς
3119 1064 3371 1133 ἑτέρως’
3408 1083 3425 1114 ι
3463 1064 3528 1115 Et
3561 1062 3903 1131 ἀπιστήσο-

2269 1170 2390 1223 μεν,
2421 1153 2630 1216 ἐκεῖνος
2675 1153 2866 1215 πιστὸς
2898 1152 3072 1221 μένει.
3107 1172 3126 1205 ι
3173 1151 3541 1223 Ἀρνήσασθαι
3590 1151 3719 1219 γὰρ
3761 1151 3901 1202 ἑαυ-

2265 1243 2358 1298 τὸν
2385 1243 2445 1295 ού
2471 1242 2717 1297 δύναται.
2750 1241 2948 1303 Πιστὸς
2972 1238 3064 1296 οὖν
3083 1245 3110 1295 6
3135 1243 3391 1314 Χριστὸς,
3418 1243 3502 1295 ὅτι
3527 1242 3633 1294 καὶ
3656 1241 3901 1312 ἅνθρω-

2266 1351 2368 1397 πος
2397 1332 2658 1403 γεγονὼς,
2679 1333 2892 1404 ἔμεινεν
2918 1334 2945 1384 6
2969 1332 3151 1397 αὐτὸς,
3177 1333 3324 1402 χθὲς,
3353 1332 3446 1386 καὶ
3469 1333 3769 1401 σήμερον,
3797 1332 3897 1382 καὶ

2265 1425 2344 1488 είς
2373 1426 2499 1488 τοὺς
2530 1425 2732 1489 αἰῶνας
2759 1442 2770 1455 ·
2808 1427 2902 1479 καὶ
2934 1425 3122 1488 πιστὸς
3147 1425 3341 1489 οὕτως,
3373 1428 3448 1488 ὡς
3477 1426 3578 1477 καὶ
3604 1425 3638 1476 6
3677 1425 3894 1493 Πατὴρ

2263 1513 2404 1572 εἶναι
2431 1518 2649 1587 λέγεται
2673 1519 2864 1582 πιστὸς
2905 1518 3056 1589 παρὰ
3077 1520 3196 1580 ταῖς
3226 1517 3398 1581 θείαις
3437 1517 3729 1589 Γραφαῖς.

2264 1740 2368 1804 El;
2407 1737 2496 1803 τὸ,
2555 1756 2574 1790 ι
2618 1737 2926 1808 Ἆσφαλῶς
2974 1732 3088 1792 οὖν
3134 1740 3470 1806 γινωσκέτω
3513 1736 3646 1802 πᾶς
3707 1725 3930 1802 οἶκος-⁸

2341 1809 2603 1878 Ἰσραὴλ,
2655 1809 2745 1863 ὅτι
2794 1809 2892 1862 καὶ
2950 1810 3171 1875 Κύριον
3219 1808 3406 1878 αὑτὸν
3455 1808 3556 1862 καὶ
3595 1810 3884 1875 Χριστὸν

2326 1877 2618 1947 ἐποίησεν
2673 1883 2705 1933 ὀ
2755 1880 2901 1945 Θεὸς
2952 1878 3166 1932 τοῦτον
3232 1877 3514 1946 Ἰησοῦν,
3568 1878 3654 1931 ὃν
3706 1878 3882 1946 ὑμεῖς

2323 1949 2768 2017 ἐσταυρώσατε.
2807 1969 2825 2001 ι

2328 2083 2450 2155 Χρὴ
2490 2083 2652 2137 πάλιν
2677 2083 2865 2138 ἐνθάδε
2884 2083 2968 2150 τὸ,
3007 2103 3025 2135 ι
3063 2084 3310 2157 ἐποίησε,
3359 2103 3377 2137 ι
3415 2085 3490 2156 μὴ
3518 2085 3604 2145 εἰς
3640 2085 3757 2154 τὴν
3789 2087 3879 2137 σύ-

2259 2175 2383 2229 σίαν
2431 2175 2727 2246 ἀναφέρειν
2753 2176 2846 2227 τοῦ
2886 2175 3083 2245 Λόγου,
3126 2176 3259 2246 μηδὲ
3298 2175 3399 2246 τῆς
3440 2174 3757 2246 ὑπάρξεως
3782 2175 3876 2228 τοῦ

2258 2267 2388 2322 Υἱοῦ
2450 2267 2538 2321 διὰ
2591 2268 2692 2339 τὴν
2747 2267 2890 2332 λέξιν
2955 2267 3487 2338 καταθρασύνεσθαι.
3568 2268 3746 2320 Ἀλλὰ
3793 2269 3874 2328 τὺ,

2266 2379 2283 2412 ι
2319 2360 2597 2431 ἐποίησεν,
2635 2378 2654 2413 ι
2681 2359 2855 2430 εἰμὲν
2893 2359 3138 2429 φυσικῶς
3166 2359 3394 2423 ἐθέλοις,
3427 2359 3646 2432 ἐπιλήψῃ
3685 2361 3876 2422 καλῶς

2260 2451 2352 2504 ἐπὶ
2383 2450 2476 2504 τοῦ
2508 2453 2572 2503 ἐκ
2599 2452 2818 2522 Μαρίας
2853 2451 3170 2522 ποιηθέντος
3212 2452 3346 2505 ναοῦ
3366 2467 3382 2484 ·
3417 2455 3466 2505 εί
3497 2452 3557 2504 δὲ
3593 2471 3876 2523 πραγμα-

2259 2543 2425 2606 τικῶς
2458 2542 2639 2605 πάλιν,
2663 2543 2815 2595 οὐδὲν
2839 2543 2973 2612 πρὸς
3003 2543 3096 2596 τὸν
3117 2543 3310 2613 Λόγον,
3339 2540 3449 2597 οἷον
3489 2545 3627 2616 φέρε
3657 2549 3871 2598 εξπείν·

2262 2633 2438 2702 Πένης
2467 2650 2551 2696 τις
2599 2633 2767 2686 πάλαι
2811 2635 3118 2704 τυγχάνων,
3167 2637 3468 2706 χρημάτων
3518 2639 3729 2705 γέγονε
3773 2639 3872 2690 κύ-

2263 2741 2412 2795 ριος·
2446 2726 2476 2794 ἢ
2533 2728 2822 2798 προφήτης
2847 2727 2947 2780 ούκ
2990 2728 3066 2781 ὢν
3103 2727 3162 2792 ἐξ
3190 2729 3388 2799 ἀρχῆς,
3441 2733 3522 2794 είς
3565 2734 3871 2803 προφήτην

2262 2816 2646 2888 προεχειρίσθη
2684 2819 2833 2888 παρὰ
2871 2817 3028 2872 Θεοῦ.
3077 2820 3218 2873 Ἀλλ’
3250 2822 3308 2874 ἐν
3349 2824 3461 2886 τοῖς
3496 2823 3784 2887 τοιούτοις
3811 2827 3870 2878 τὸ

2269 2927 2287 2960 ι
2328 2908 2565 2976 ἐγένετο,
2598 2927 2616 2958 ι
2645 2910 2704 2960 οὐ
2733 2909 2831 2980 τὴν
2863 2909 3038 2980 ἀρχὴν
3067 2910 3161 2964 τοῦ
3204 2906 3344 2966 εἶναι
3406 2915 3690 2984 σημαίνει,

2263 3001 2344 3063 είς
2371 2999 2526 3053 ποῖόν
2571 3017 2624 3052 τι
2654 3002 2886 3071 πρᾶγμα
2919 3003 3015 3055 καὶ
3049 3004 3159 3057 ἀπὸ
3201 3006 3350 3068 τίνος
3394 3007 3580 3078 ἐτέρου
3620 3010 3864 3080 μετέστη

2262 3092 2324 3146 τὸ
2351 3093 2772 3164 σημαινόμενον.
2807 3094 2932 3158 Πῶς
2979 3091 3072 3148 οῦν
3101 3095 3307 3168 Κύριον
3355 3099 3582 3169 ἐποίησε
3623 3102 3720 3154 τὸν
3763 3103 3867 3169 Ἰη-

571 3190 704 3245 Cum
742 3189 928 3251 itaque
957 3186 1097 3240 Deus
1123 3183 1358 3238 Verbum
1393 3184 1664 3237 exsistens
1693 3192 1855 3251 atque
1915 3185 2158 3238 omnium

2264 3183 2391 3238 σοῦν
2423 3185 2452 3237 6
2483 3184 2636 3250 Θεὸς,
2664 3185 2783 3248 πῶς
2815 3185 2870 3238 δέ
2906 3187 3162 3256 Χριστὸν,
3197 3189 3493 3257 ἀναγκαῖον
3539 3191 3730 3262 ζητεῖν
3771 3195 3864 3246 εύ-

582 3282 865 3341 ltominus,
908 3293 1004 3348 per
1060 3275 1490 3330 incarnationem
1525 3273 1700 3329 factus
1748 3285 1835 3329 est
1888 3276 1939 3329 in
1991 3275 2162 3330 forma

573 3373 718 3427 servi
750 3372 818 3434 5°,
856 3369 1076 3436 uugitur
1111 3367 1327 3435 quidem
1371 3377 1672 3435 unctusque
1699 3381 1823 3422 esse
1857 3368 2054 3422 dicitur
2092 3369 2161 3433 “,

575 3472 796 3532 propter
822 3461 874 3514 id
905 3458 1048 3528 quod
1079 3456 1281 3510 homini
1307 3459 1583 3510 convenit.
1650 3456 1982 3512 Conscendit
2033 3473 2164 3512 vero

573 3567 768 3608 rursus
791 3553 842 3606 in
867 3547 1254 3605 dominationis
1272 3557 1621 3616 potestatem,
1653 3563 1710 3603 ut
1734 3549 1916 3616 homo,
1948 3552 2160 3605 tametsi

577 3641 941 3704 Dominussit,
979 3640 1234 3695 nimirum
1268 3648 1325 3693 ut
1391 3638 1548 3694 Deus.
1617 3638 1958 3695 lncarnatum
2014 3641 2161 3696 enim

573 3744 659 3790 est
681 3733 774 3788 Dei
810 3731 1068 3798 Verbum,
1101 3746 1209 3789 non
1241 3741 1300 3786 ut
1322 3730 1547 3786 liberam
1593 3729 1685 3785 Dei
1723 3743 1969 3786 naturam
2019 3733 2159 3788 servi

577 3825 751 3879 forma
777 3822 1054 3886 obrueret,
1085 3835 1261 3889 neque
1294 3829 1352 3873 ut
1374 3835 1469 3875 sua
1496 3830 1690 3874 natura
1747 3837 1811 3876 ac
1856 3823 2160 3892 proprieta-

576 3917 718 3991 tibus
743 3913 971 3984 abjectis
997 3912 1066 3966 ab
1103 3911 1354 3966 humana:
1394 3921 1603 3966 natura:
1629 3913 2050 3982 proprietatibus
2069 3929 2161 3968 su-

573 4017 877 4080 peraretur,
907 4005 1000 4060 sed
1038 4014 1096 4058 ut
1126 4004 1385 4059 servilem
1410 4016 1649 4060 nostram
1683 4005 2051 4061 conditionem
2091 4007 2158 4061 ad

573 4099 791 4156 Domini
822 4099 1050 4169 gloriam
1073 4096 1381 4160 extolleret,
1403 4106 1456 4150 et
1488 4096 1946 4165 contemptibilem
1997 4108 2157 4152 natu-

577 4208 692 4246 ram
743 4201 986 4246 nostram
1024 4190 1090 4242 ad
1129 4204 1281 4244 suam
1315 4188 1653 4242 nobilitatem
1688 4189 2016 4244 traduceret.
2041 4190 2158 4256 Quo

572 4291 734 4351 pacto
757 4281 902 4335 enim
932 4294 1194 4335 vocamur
1222 4279 1418 4334 fratres
1441 4279 1642 4335 Christi
1675 4279 1740 4344 ⁶¹,
1769 4282 2036 4350 quomodo
2063 4297 2156 4350 ap-

575 4373 841 4442 pciumur
865 4370 961 4425 filii
985 4370 1050 4436 ⁸³,
1081 4370 1125 4425 si
1151 4369 1388 4423 Verbum
1416 4368 1506 4423 Dei
1558 4368 1759 4424 factum
1790 4369 1923 4423 nihil
1949 4386 2045 4424 nos
2065 4368 2156 4437 ju-

573 4467 689 4520 vit?
718 4465 853 4519 Cum
881 4479 1008 4519 vero
1036 4479 1246 4518 sacram
1279 4463 1622 4533 Scripturam
1651 4463 1920 4517 dicentem
1940 4463 2146 4528 audies,

572 4560 717 4629 quod
747 4559 886 4612 Deus
918 4560 1089 4625 ipsum
1128 4557 1317 4610 fecerit
1346 4555 1632 4610 Dominum
1685 4565 1740 4609 et
1784 4567 2044 4621 unctum,
2097 4567 2151 4610 et

575 4653 666 4706 Dei
731 4651 1144 4718 appellationem
1171 4651 1236 4701 ad
1277 4647 1453 4702 Patris
1492 4664 1778 4717 personam
1835 4648 2041 4701 refers:
2080 4648 2152 4700 fa-

574 4745 706 4798 teris
745 4743 909 4797 elium
959 4743 1028 4795 ita
1073 4741 1404 4796 voluntatem
1445 4740 1560 4794 Filii
1589 4742 1849 4795 accedere
1875 4742 1938 4794 ad
1985 4742 2151 4795 bene-

569 4838 822 4906 placitum
849 4836 1045 4891 Patris.
1077 4836 1439 4890 EtUominum
1468 4836 1641 4904 ipsum
1666 4849 1784 4888 esse
1800 4835 1957 4887 scivit
1989 4835 2150 4888 etiam

569 4945 693 4985 cum
731 4929 904 4983 factus
928 4937 1010 4983 est
1042 4929 1096 4982 in
1132 4927 1308 4982 forma
1340 4927 1515 4990 servi;
1547 4940 1723 4994 neque
1769 4935 1945 4980 tamen
1997 4942 2150 4994 repe-

502 5038 513 5046 κ
572 5023 679 5076 ries
704 5020 899 5076 Filium
931 5022 999 5076 ab
1035 5022 1134 5075 hac
1159 5019 1478 5088 operatione
1511 5019 1816 5072 exclusum.
1850 5016 1980 5072 Nam
2036 5034 2155 5088 qua:

569 5112 730 5167 Pater
754 5124 1008 5182 operatur
1025 5122 1150 5165 sunt
1174 5110 1394 5166 omnino
1415 5123 1578 5177 opera
1609 5107 1757 5173 Filii;
1797 5119 1850 5162 et
1882 5125 2000 5179 quae
2031 5125 2154 5179 per-

569 5206 681 5258 ficit
709 5204 896 5268 Filius,
934 5207 1122 5258 eadem
1157 5213 1213 5258 et
1240 5203 1403 5256 Pater
1427 5209 1701 5270 operatur.
1744 5202 1945 5256 Idcirco
1981 5203 2155 5272 inquit

571 5296 866 5351 Servator:
914 5316 932 5349 ι
976 5297 1086 5365 Ego
1111 5313 1139 5349 a
1172 5311 1256 5350 me
1279 5294 1408 5349 nihil
1445 5293 1618 5361 facio;
1648 5295 1742 5350 sed
1773 5295 1928 5350 Pater
1951 5297 2040 5365 qui
2100 5297 2151 5348 in

569 5403 656 5442 me
682 5400 882 5453 manet,
912 5389 1025 5457 ipse
1039 5402 1202 5456 opera
1227 5385 1353 5441 facit
1371 5385 1434 5440 “.
1460 5387 1589 5462 {Fit
1618 5389 1799 5456 itaque
1824 5388 2079 5440 Dominus
2100 5397 2153 5440 et

569 5490 782 5548 unctus,
806 5495 927 5535 cum
955 5482 1114 5536 homo
1139 5478 1311 5535 factus
1341 5489 1446 5545 est,
1470 5489 1631 5549 atque
1681 5481 1750 5533 ob
1815 5479 1866 5531 id
1927 5490 2151 5532 vocatus

638 5658 684 5691 "‘
711 5657 866 5714 Rom.
902 5675 979 5723 vr,
1008 5660 1096 5714 10.
1172 5660 1216 5691 ⁵⁵
1259 5659 1430 5712 lCor.
1462 5675 1500 5722 ι,
1535 5657 1588 5712 9.
1667 5657 1750 5712 ⁸⁸1
1780 5658 1926 5711 Ρειι.
1965 5673 2040 5722 tv,
2085 5654 2172 5711 i9.

1325 5730 1366 5759 ³³
1402 5729 1530 5782 Luc.
1567 5728 1750 5791 tv.18;
1782 5729 1904 5783 Act.
1932 5743 2005 5793 tv,
2049 5727 2140 5780 27.
2220 5729 2264 5761 δ’
2299 5729 2456 5786 Joan.
2497 5747 2586 5796 xx,
2617 5731 2706 5786 i7.
2784 5733 2828 5763 ⁸³
2860 5731 3057 5787 IJoan.
3088 5750 3168 5797 ιιι,
3195 5735 3246 5787 1.

568 5728 659 5784 56.
758 5731 804 5764 ⁶⁰
831 5730 1063 5800 Philipp.
1092 5746 1153 5796 ιι,
1178 5730 1228 5784 θ.

2267 3277 2461 3342 σεὸὦς.
2532 3279 2752 3349 Ἐπειδὴ
2801 3279 2910 3350 γὰρ
2967 3281 3100 3345 Θεὸς
3150 3284 3323 3351 Λόγος
3371 3284 3447 3338 ὢν
3504 3291 3600 3340 καὶ
3638 3292 3862 3344 πάντων

2264 3370 2524 3440 ὑπάρχων
2547 3371 2848 3442 Δεσπότης,
2886 3373 3315 3446 ἐνανθρωπήσας
3339 3378 3563 3446 γέγονεν
3587 3383 3646 3434 ἐν
3668 3387 3736 3453 τῇ
3761 3384 3860 3436 τοῦ

2261 3461 2446 3515 δούλου
2486 3467 2689 3535 μορφῇ,
2726 3464 2938 3535 χρίεται
2984 3467 3158 3538 μὲν,ἢ
3197 3471 3485 3540 κεκρίσθαι
3526 3471 3751 3541 λέγεται
3771 3477 3863 3530 διὰ

2260 3553 2325 3606 τὸ
2349 3553 2624 3626 ἀνθρώπῳ
2663 3555 2892 3626 πρέπον.
2939 3557 3246 3613 Ἀναϐαίνει
3277 3560 3334 3614 δὲ
3377 3565 3458 3626 είς
3491 3563 3593 3635 τὴν
3622 3567 3726 3636 τῆς
3759 3585 3854 3621 κυ-

2262 3645 2509 3717 ριότητος
2550 3647 2799 3711 ἐξουσίαν
2842 3649 3003 3703 πάλιν
3039 3651 3118 3714 ὡς
3157 3651 3463 3724 ἄνθρωπος,
3506 3656 3690 3710 καίτοι
3737 3661 3853 3714 K6-

2261 3749 2375 3802 ριος
2397 3731 2472 3786 ὢν
2497 3733 2571 3798 ὡς
2593 3733 2745 3799 Θεός.
2796 3737 3138 3809 Ἐπεδήμησε
3169 3740 3278 3812 γὰρ
3304 3743 3332 3795 6
3351 3743 3444 3796 τοῦ
3480 3744 3620 3799 Θεοῦ
3650 3749 3847 3816 Λόγος,

2258 3824 2356 3894 ούχ
2381 3825 2468 3880 ἵνα
2499 3826 2599 3897 τὴν
2622 3827 2915 3900 ἐλευθέραν
2939 3831 3032 3884 τοῦ
3062 3832 3197 3884 Θεοῦ
3241 3833 3403 3902 φύσιν
3434 3840 3500 3908 τῇ
3534 3840 3632 3892 τοῦ
3659 3841 3845 3895 δούλει

2258 3915 2554 3990 καταχώσῃ
2607 3923 2790 3992 μορφῇ
2817 3961 2831 3986 ,
2864 3922 2985 3975 οὐδὲ
3033 3923 3120 3977 ἵνα
3151 3925 3211 4007 1::0
3257 3928 3459 3981 οἰκεῖον
3507 3931 3694 3998 ἀφεὶς,
3740 3939 3852 3997 τοῖς

2256 4007 2356 4090 τῇς
2404 4009 2825 4082 ἁνθρωπὸτητος
2869 4013 3120 4084 ίδιώμασι
3170 4018 3455 4090 κρατηθῇο
3497 4021 3617 4074 ἀλλ’
3654 4025 3744 4076 ἵνα
3792 4027 3850 4079 τὸ

2255 4097 2440 4152 δοῦλον
2467 4103 2545 4163 εἰς
2585 4101 2682 4174 τὴν
2709 4106 2806 4174 τῆς
2841 4106 3165 4178 κυριότητος
3193 4109 3485 4184 ἀναρπάσῃ
3525 4115 3718 4185 τιμὴν,
3758 4121 3847 4172 καὶ

2256 4190 2336 4252 είς
2356 4191 2451 4262 τὴν
2475 4194 2680 4246 οἰκείαν
2712 4195 2990 4263 εὐγένειαν
3039 4203 3421 4274 μετασκευάσῃ
3464 4204 3528 4257 τὸ
3557 4207 3845 4278 ἠτιμωμέ-

2256 4298 2366 4361 νον.
2414 4284 2566 4337 Ἐπεὶ
2601 4286 2718 4349 πῶς
2748 4287 2968 4357 ἀδελφοὶ
3011 4289 3325 4361 καλούμεθα
3353 4295 3615 4365 Χριστοῦ,
3647 4299 3766 4363 7.13;
3790 4302 3843 4353 δὲ

2257 4374 2364 4427 υίοὶ
2387 4375 2824 4448 χρηματίζομεν,
2856 4379 2904 4431 εί
2931 4380 3098 4449 μηδὲν
3129 4382 3276 4452 ἡμᾶς
3313 4383 3599 4454 ὠφέλησεν
3632 4389 3841 4460 ἄνθρω-

2257 4482 2356 4529 πος
2401 4467 2639 4535 γεγονὼς
2683 4471 2710 4521 6
2758 4469 2852 4522 τοῦ
2886 4469 3020 4524 Θεοῦ
3059 4471 3262 4540 Λόγος;
3311 4475 3436 4529 Ἐὰν
3480 4477 3539 4531 δὲ
3580 4479 3840 4553 λεγούσης

2256 4557 2498 4628 ἀκούσῃς
2524 4559 2624 4629 τῆς
2651 4559 2800 4624 θείας
2829 4561 3051 4634 Γραφῆς
3083 4565 3165 4617 ὅτι
3196 4567 3289 4619 καὶ
3316 4567 3521 4638 Κύριον
3559 4572 3722 4625 αὑτὸν
3749 4579 3837 4628 καὶ

2257 4650 2490 4722 Χριστὸν
2515 4652 2765 4722 ἐποίησεν
2792 4655 2820 4706 6
2841 4655 2994 4718 Θεὸς,
3028 4655 3118 4708 καὶ
3148 4657 3246 4727 τὴν
3270 4657 3364 4710 τοῦ
3395 4659 3530 4713 Θεοῦ
3567 4680 3835 4736 προσηγο-

2260 4740 2381 4811 ρίαν
2419 4743 2499 4804 εἰς
2530 4743 2590 4793 τὸ
2612 4742 2704 4795 τοῦ
2731 4744 2942 4814 Πατρὸς
2973 4746 3263 4816 πρόσωπον
3283 4749 3584 4822 ἀναφέρῃς,
3617 4771 3835 4823 συνομο-

2259 4831 2438 4899 λογεῖς
2491 4833 2588 4902 μὲν
2635 4836 2728 4886 καὶ
2779 4834 2951 4899 οὕτως
2984 4837 3066 4889 ὅτι
3101 4834 3223 4900 ’τοῖς
3256 4838 3521 4910 θελήμασι
3576 4844 3673 4896 τοῦ
3712 4846 3831 4899 Υίοῦ

2259 4924 2566 4979 συνευδοκεῖ
2598 4929 2690 4980 καὶ
2722 4931 2749 4980 6
2784 4929 2992 4999 Πατήρ.
3021 4930 3131 4983 Καὶ
3169 4930 3371 5002 Κύριον
3399 4928 3538 4985 οἶδεν
3565 4937 3724 4989 αὑτὸν
3747 4940 3830 4990 καὶ

2257 5019 2346 5070 ὅτε
2374 5019 2599 5086 γέγονεν
2643 5021 2700 5071 ἐν
2735 5023 2800 5091 τῇ
2851 5021 2946 5073 τοῦ
2987 5020 3174 5074 δούλου
3224 5027 3441 5094 μορφῇζ·
3488 5026 3589 5078 οὐκ
3638 5026 3738 5092 ἔξω
3775 5029 3827 5081 δὲ

2256 5111 2406 5181 ὅμως
2440 5111 2560 5163 οῦδὲ
2599 5111 2694 5163 τοῦ
2735 5112 2906 5164 ταῦτα
2938 5116 3110 5165 ποιεῖν
3146 5114 3175 5164 6
3208 5114 3327 5177 Υἱὸς
3355 5116 3731 5188 εὑρεθήσεται.
3767 5124 3827 5172 Ἀ

2254 5201 2364 5272 γὰρ
2396 5199 2460 5253 ἂν
2482 5201 2782 5272 ἐργάζηται
2813 5205 2840 5255 6
2865 5204 3077 5274 Πατὴρ,
3105 5204 3277 5258 ταῦτα
3293 5207 3511 5272 πάντως
3531 5210 3678 5262 ἐστὶν
3700 5211 3824 5280 ἔργα

2255 5293 2346 5346 τοῦ
2380 5293 2534 5358 Υίοῦ,
2563 5295 2660 5349 καὶ
2684 5297 2827 5367 ἅπερ
2856 5296 2920 5351 ἂν
2941 5300 2969 5351 6
2996 5297 3122 5361 Υἱὸς
3147 5300 3390 5371 ἐπιτελῇ,
3420 5302 3595 5355 ταῦτα
3624 5304 3825 5366 πάντως

2254 5385 2282 5437 6
2342 5386 2532 5460 Πατὴρ
2589 5389 2900 5458 ἐργάζεται.
2963 5392 3062 5443 Διὰ
3118 5389 3276 5446 τοῦτό
3331 5397 3557 5463 φησινό
3612 5397 3820 5466 Σωτήρ·

2261 5495 2280 5528 ι
2335 5477 2454 5530 Ἀπ’
2513 5479 2750 5548 ἐμαυτοῦ
2808 5481 2948 5534 ποιῶ
2999 5481 3186 5537 οὐδέν*
3221 5485 3250 5536 6
3286 5483 3341 5536 δὲ
3377 5485 3566 5558 Πατὴρ
3613 5488 3670 5540 ἐν
3715 5488 3820 5556 ἐμοὶ

2270 5659 2316 5690 ⁸⁷
2349 5660 2366 5712 l
2394 5657 2589 5714 Thess.
2628 5675 2681 5722 ν,
2709 5661 2801 5715 ‘25.

2910 5662 2954 5733 f"
2982 5660 3024 5714 il
3057 5663 3197 5717 Tim.
3235 5680 3297 5730 ιι,
3331 5665 3420 5720 15.
3542 5667 3589 5698 ⁸⁹
3619 5666 3734 5722 Act.
3760 5683 3810 5733 ιι,

3326 5735 3369 5767 ⁸⁸
3398 5734 3561 5792 Joan.
3592 5753 3701 5806 xiv,
3741 5740 3810 5794 ιο.
