4124 6510
310 343 417 400 365

1694 331 2139 391 THESAURUS.

3461 329 3568 386 566

314 467 518 537 μένων,
571 463 718 518 ποιεῖ
754 461 822 517 τὰ
859 461 995 533 ἔργα
1041 460 1224 524 αὐτός.
1270 478 1290 513 ι
1333 460 1544 514 Γίνεται
1574 458 1752 513 τοίνυν
1784 458 1897 512 Κύ-

2013 470 2208 520 servus,
2236 454 2415 510 dictus
2442 455 2605 510 etiam
2637 464 2724 510 est
2760 453 2936 510 Jesus.
2961 450 3144 522 Neque
3179 450 3322 507 enim
3365 451 3569 521 absque

313 575 430 630 ριος
480 558 576 612 καὶ
623 557 879 628 Χριστὸς,
915 557 1004 609 ὅτε
1041 557 1137 609 καὶ
1175 554 1460 627 ἅνθρωπος
1489 553 1748 623 γεγονὼς,
1803 554 1897 608 καὶ

312 650 403 702 διὰ
441 648 604 702 τοῦτο
640 647 985 719 χρηματίσας
1023 645 1235 711 δοῦλος,
1277 645 1483 718 ἐκλήθη
1524 645 1620 700 καὶ
1668 645 1896 717 Ἰησοῦς.

313 742 390 794 Ού
434 740 544 811 γὰρ
573 740 1018 811 ἀπαρατηρήτως
1044 739 1073 791 6
1112 738 1265 808 ἆγιος
1299 737 1404 809 ἔφη
1439 738 1684 809 μαθητής
1703 754 1716 768 ·
1743 757 1760 789 ι
1787 736 1900 792 Κύ-

315 850 431 905 ριον
489 832 655 886 αὑτὸν
679 832 776 884 καὶ
828 830 1067 901 Χριστὸν
1115 830 1371 902 ἐποίησεν
1418 833 1447 883 6
1497 828 1647 893 Θεόςο
1698 849 1717 882 ι
1764 827 1899 883 ἀλλὰ

316 923 680 996 προσέθηκεν,
701 923 784 976 ὅτι
811 941 830 973 ι
861 921 1060 975 Τοῦτον
1088 921 1180 975 τὸν
1208 919 1414 993 Ἰησοῦν
1443 920 1502 974 ὃν
1523 921 1680 990 ὑμεῖς
1705 921 1893 972 ἐσταυ-

323 1017 554 1088 ρώσατε.
595 1033 614 1065 ι
658 1012 779 1085 Χρὴ
820 1012 878 1066 δὲ
913 1012 1075 1066 πάλιν
1111 1014 1190 1076 είς
1229 1011 1328 1082 τὴν
1363 1011 1470 1064 τῶν
1499 1011 1898 1082 γεγραμμένων

319 1107 605 1178 ἀκρίϐειαν
627 1107 850 1176 ὲφορᾷν.
879 1106 952 1158 Ού
982 1104 1092 1176 γὰρ
1119 1100 1271 1157 εἶπεν
1293 1105 1375 1157 ὅτι
1400 1103 1698 1175 πεποίηκεν
1723 1101 1900 1172 ἑαυτῷ

318 1195 490 1262 Λόγον
524 1195 557 1265 ἥ
599 1193 748 1257 Υίὺν,
791 1194 928 1248 ἀλλὰ
960 1193 1166 1264 Κύριον
1199 1194 1296 1248 καὶ
1343 1195 1599 1264 Χριστὸν,
1629 1195 1765 1262 ὅπερ
1801 1192 1904 1246 ούκ

317 1287 492 1356 ἀρχὴν
544 1285 801 1356 σημαίνει
848 1284 944 1338 τοῦ
987 1281 1147 1346 εἶναι.
1195 1285 1331 1339 ἀλλὰ
1353 1285 1454 1355 τὴν
1496 1285 1603 1339 ἀπό
1639 1302 1782 1349 τινος
1820 1285 1900 1347 εἰς

317 1379 503 1448 ἕτερόν
550 1396 603 1431 τι
645 1379 999 1449 μετάστασιν.
1038 1379 1225 1442 Ὅπως
1274 1378 1330 1430 δὲ
1382 1377 1571 1447 γέγονε
1629 1377 1833 1447 Κύριος
1864 1376 1898 1446 ἢ

317 1470 573 1540 Χριστος,
609 1471 667 1523 ἐν
695 1472 808 1534 τοῖς
845 1470 1098 1540 ἀνωτέρω
1131 1470 1474 1541 προείρηται.

851 1582 1078 1646 Ἄλλως
1113 1579 1180 1633 τὸ
1213 1580 1382 1632 αὐτό.

387 1692 592 1764 Κύριον
628 1693 799 1746 ἀὑτὸν
841 1693 934 1746 καὶ
977 1693 1211 1764 Χριστὸν
1242 1692 1497 1762 ἐποίησεν
1537 1693 1566 1744 6
1596 1691 1761 1756 Θεὸς,
1803 1692 1903 1746 οὐκ

1973 553 1977 558 “
2001 563 2195 619 magna
2219 547 2429 602 ratione
2461 555 2686 601 sanctus
2704 547 2998 616 discipulus
3025 545 3342 614 simpliciter
3369 545 3506 598 dixit
3550 560 3565 598 :

2007 659 2025 688 ι
2064 639 2347 693 Dominum
2403 639 2579 708 ipsum
2641 647 2695 692 et
2736 649 2955 692 unctum
3008 640 3132 694 fecit.
3172 639 3340 704 Deus;
3406 657 3424 689 ι
3474 639 3569 695 sed

1999 733 2228 801 adjecit,
2266 752 2284 784 ι
2340 733 2485 786 hunc
2544 729 2750 792 Jesum,
2803 746 2960 798 quem
3002 746 3096 785 vos
3145 731 3510 786 cruciﬁxistis.
3544 748 3564 780 ι

1999 819 2225 890 Oportet
2249 829 2426 876 autem
2463 829 2520 873 ut
2544 835 2732 875 rursus
2763 834 2823 874 ea
2853 835 2971 889 qua:
3012 820 3210 888 scripta
3248 831 3373 874 sunt
3407 836 3570 874 accu-

2003 923 2118 967 rate
2155 913 2528 981 inspiciamus.
2571 911 2687 966 Non
2746 911 2888 965 enim
2943 911 3123 964 dixit:
3175 912 3321 966 Fecit
3361 912 3570 980 sibiipsi

2000 1005 2326 1067 Filium.aut
2354 1003 2608 1068 Verbum,
2635 1003 2728 1058 sed
2759 1002 3039 1057 Dominum
3065 1013 3117 1057 et
3139 1015 3392 1058 unctum:
3427 1003 3572 1072 quod

2001 1097 2218 1166 quidem
2261 1111 2365 1151 non
2419 1096 2740 1166 principium
2793 1096 3089 1150 exsistendi
3151 1096 3440 1166 signiﬁcat,
3475 1099 3571 1152 sed

2005 1189 2394 1244 traductionem
2443 1203 2509 1242 ex
2546 1203 2652 1242 uno
2698 1188 2751 1241 in
2799 1188 2966 1242 aliud.
3035 1187 3319 1254 Quomodo
3392 1198 3572 1242 autem

2005 1278 2178 1334 factus
2227 1280 2300 1333 sit
2363 1278 2623 1334 Dominus
2692 1289 2746 1334 et
2799 1290 3012 1344 unctus,
3064 1280 3310 1349 superius
3371 1279 3572 1335 dictum

2000 1379 2106 1425 est.

2608 1575 2757 1630 Idem
2795 1577 2968 1630 aliter.

2079 1691 2218 1746 Deus
2264 1693 2436 1762 ipsum
2480 1692 2608 1746 fecit
2648 1693 2931 1748 Dominum
2975 1703 3028 1748 et
3072 1705 3321 1758 unctum,
3365 1711 3468 1749 non
3512 1710 3576 1749 ex

316 1787 426 1840 ἀπὸ
457 1786 545 1839 τοῦ
585 1786 658 1857 μὴ
691 1786 841 1850 δντος
874 1787 953 1849 εἰς
981 1785 1043 1838 τὸ
1081 1781 1221 1838 εἶναι
1253 1785 1549 1856 παράγωνο
1583 1780 1650 1856 ἦν
1679 1783 1788 1856 γὰρ
1814 1784 1902 1837 ἀεὶ

2013 1794 2110 1835 non
2147 1781 2440 1836 exsistente
2474 1781 2539 1835 ad
2576 1795 2698 1836 esse
2734 1784 3020 1837 traducens
3060 1801 3072 1836 :
3109 1795 3227 1836 erat
3261 1785 3404 1837 enim
3440 1801 3580 1838 sem-

318 1875 414 1928 καὶ
448 1875 554 1946 πρὸ
578 1878 677 1946 τῆς
705 1874 1037 1946 σαρκώσεως
1077 1876 1105 1926 6
1143 1872 1236 1926 τοῦ
1267 1872 1402 1926 Θεοῦ
1448 1873 1641 1942 Λόγος,
1671 1875 1764 1926 καὶ
1802 1874 1902 1926 ούκ

315 1966 382 2018 ἄν
414 1982 500 2028 τις
531 1961 590 2018 εὖ
633 1963 848 2035 φρονῶν
882 1964 944 2017 τὸ
993 1983 1011 2014 ει
1045 1964 1300 2033 ἐποίησεν
1330 1982 1348 2013 ι
1398 1961 1587 2016 ἐνθάδε
1627 1961 1770 2014 κατὰ
1805 1963 1903 2031 τῆς

317 2055 504 2120 οὐσίας
540 2056 792 2123 ὲκλάϐοι,
837 2056 924 2108 ἵνα
966 2056 1044 2126 μὴ
1091 2054 1308 2108 ἀσεϐεῖν
1349 2053 1752 2122 ἀναγκάζηται·
1783 2053 1902 2105 τότε

319 2149 538 2220 πρῶτον
584 2149 760 2211 διδοὺς
805 2147 1047 2218 ὑπάρξαι
1093 2147 1184 2198 τὸν
1237 2143 1331 2198 τοῦ
1389 2145 1522 2198 Θεοῦ
1577 2140 1771 2213 Λόγον,
1815 2147 1902 2198 ὅτε

318 2241 544 2308 γέγονεν
590 2239 877 2310 ἄνθρωπος
898 2256 912 2269 ·
948 2239 1084 2291 ἀλλὰ
1115 2237 1176 2290 τὸ
1215 2257 1231 2288 ι
1263 2237 1536 2306 ἐποίησεν,
1570 2256 1587 2289 ι
1620 2238 1742 2290 ἀντὶ
1783 2236 1901 2300 τοῦ,

322 2331 592 2395 ἀπέδειξε,
616 2331 854 2400 νοητέον.
882 2329 1036 2383 Οῦτω
1052 2331 1145 2382 καὶ
1173 2329 1334 2391 αὐτὸς
1359 2331 1386 2381 6
1414 2329 1615 2399 Πέτρος
1639 2331 1752 2390 τοῖς
1783 2329 1908 2380 Ἰου-

322 2423 493 2484 δαίοις
526 2423 1045 2493 προσδιαλεγόμενος
1077 2421 1343 2490 ἔφασκεν·
1386 2441 1402 2471 ι
1445 2418 1650 2490 Ἰησοῦν
1678 2419 1767 2471 τὸν
1794 2420 1906 2472 Να-

325 2511 559 2582 ζωραῖον
607 2512 772 2584 ἄνδρα
835 2512 1288 2582 ἀποδεδειγμένον
1335 2513 1442 2564 ἀπὸ
1492 2511 1586 2564 τοῦ
1645 2511 1779 2563 Θεοῦ
1831 2514 1909 2574 είς

322 2606 470 2674 ὑμᾶς
494 2605 756 2676 δυνάμεσι
784 2606 878 2658 καὶ
901 2605 1094 2676 τέρασι
1121 2605 1217 2658 καὶ
1245 2604 1517 2676 σημείοις,
1551 2602 1732 2666 καθὼς
1755 2603 1910 2656 αὐτοὶ

321 2698 520 2750 οἴδατε.
549 2717 567 2747 ι
604 2697 814 2750 υύκοῦν
845 2697 932 2750 διὰ
961 2697 1070 2749 τῶν
1113 2696 1290 2768 ἔργων
1316 2694 1574 2748 δεικνύων
1607 2695 1911 2765 ἐνυπάρχον

323 2788 472 2859 αὐτῷ
509 2789 601 2840 τοῦ
648 2789 862 2858 Πατρδς
909 2787 970 2841 τὸ
1001 2787 1249 2857 ἀξίωμα,
1300 2785 1506 2855 Κύριος
1545 2785 1754 2852 γίνεται
1803 2782 1910 2834 τῶν

324 2879 729 2933 πιστευσάντων
779 2881 859 2940 εἰς
907 2879 1105 2931 αὐτόν’
1155 2877 1541 2932 ἀναδείκνυται
1593 2875 1650 2929 δὲ
1695 2875 1775 2927 ὅτι
1815 2873 1911 2925 καὶ

324 2971 485 3034 αὐτός
515 2973 662 3024 ἐστιν
690 2973 718 3024 6
753 2971 1004 3041 Χριστός.
1030 2970 1130 3023 Διὰ
1163 2969 1270 3038 γὰρ
1305 2969 1463 3022 τοῦτο
1493 2969 1606 3030 τοῖς
1640 2967 1912 3028 Ἰουδαίοις

324 3060 641 3114 ἀπειθοῦσιν
693 3060 884 3130 ἔλεγε·
926 3079 942 3111 ι
977 3059 1094 3112 Κᾶν
1130 3060 1254 3129 ἐμοὶ
1295 3060 1370 3129 μὴ
1422 3058 1754 3127 πιστεύητε,
1799 3061 1912 3119 τοῖς

327 3155 508 3228 ἔργοις
551 3171 652 3225 μου
688 3154 1054 3215 πιστεύσατε,
1097 3152 1184 3203 ’ίνα
1228 3149 1402 3217 γνῶτε
1451 3150 1533 3202 ὅτι
1569 3148 1680 3216 ἐγὼ
1726 3150 1783 3201 ὲν
1830 3147 1908 3217 τῷ

327 3247 530 3318 Πατρὶ,
565 3247 659 3298 καὶ
696 3247 724 3297 6
760 3245 950 3314 Πατὴρ
995 3247 1052 3294 ὲν
1086 3242 1208 3312 ὲμοί
1231 3259 1242 3269 ·
1275 3259 1294 3292 ι
1329 3241 1424 3294 καὶ
1455 3240 1650 3294 πάλινο
1689 3259 1707 3290 ‹
1741 3240 1803 3292 El
1847 3240 1907 3292 ού

328 3336 466 3390 ποιῶ
495 3335 562 3388 τά
600 3335 738 3405 ἔργα
764 3333 869 3386 τοῦ
905 3333 1120 3402 Πατρός
1167 3346 1290 3401 μου,
1323 3330 1398 3400 μὴ
1429 3329 1713 3382 πιστεύετέ
1748 3345 1855 3398 μοι.
1885 3347 1902 3378 ι

328 3428 392 3482 Εἰ
421 3428 480 3480 δὲ
508 3427 595 3479 διὰ
641 3426 735 3478 τοῦ
773 3423 1034 3477 δύνασθαι
1069 3425 1242 3475 ποιεῖν
1281 3420 1350 3473 τά
1387 3420 1524 3490 ἔργα
1572 3419 1666 3472 τοῦ
1695 3418 1910 3492 Πατρδς

330 3523 420 3575 καὶ
460 3520 604 3590 ἔχειν
651 3521 707 3572 ὲν
749 3515 927 3586 ἑαυτῷ
960 3517 1050 3569 τὸν
1084 3516 1326 3587 Πατέρα,
1359 3511 1498 3566 εἶναί
1527 3530 1585 3565 τε
1619 3512 1818 3583 ὁμοίως
1853 3513 1910 3563 ἐν

332 3613 527 3683 Πατρὶ,
561 3611 693 3674 Θεὸς
719 3611 794 3664 ῶν
832 3608 1084 3678 ἀληθινὸς
1131 3607 1538 3665 ἀναδείκνυται,
1579 3604 1718 3658 κατὰ
1753 3603 1910 3656 τοῦτο

331 3705 520 3771 γέγονε
551 3704 660 3754 τῶν
692 3704 770 3763 ε’ἱς
817 3701 977 3752 αὑτὸν
1016 3697 1426 3750 πιστευσάντων
1472 3695 1693 3765 Κύριος,
1737 3695 1910 3762 ἐφάνη

331 3797 389 3849 δὲ
432 3797 527 3848 καὶ
574 3794 736 3857 αὐτὸς
783 3792 858 3844 ῶν
889 3794 918 3844 6
947 3789 1213 3859 Χριστός·
1246 3790 1296 3842 εἰ
1339 3787 1396 3839 δὲ
1439 3786 1589 3857 παρὰ
1634 3784 1768 3837 Θεοῦ
1811 3787 1914 3836 πεέ

333 3887 593 3956 ποιῆσθαι
643 3883 848 3954 Κύριος
907 3882 1158 3949 λέγεται,
1210 3879 1498 3932 καὶτοῦτο
1546 3877 1659 3947 ἔχει
1711 3875 1908 3937 καλῶς.

345 3977 870 4046 Ἐπιγινωσκόμενος
904 3973 1013 4043 γὰρ
1039 3973 1127 4028 διὰ
1148 3973 1257 4026 τῶν
1287 3970 1464 4040 ἔργων
1489 3969 1708 4040 γνήσιόν
1736 3986 1794 4021 τε
1822 3969 1915 4020 καὶ

333 4067 585 4137 ἀληθινὸν
633 4065 726 4117 τοῦ
781 4063 917 4117 Θεοῦ
969 4064 1249 4133 γέννημα,
1299 4059 1542 4132 κυριεύει
1598 4059 1706 4112 τῶν
1759 4060 1914 4112 ἀπει-

335 4158 572 4212 θούντων
619 4158 819 4220 πάλαι,
868 4155 946 4226 τῷ
994 4171 1052 4207 τε
1083 4155 1266 4224 οἰκείῳ
1299 4152 1568 4223 ἀξιώματι
1618 4151 1711 4204 κςιὶ⁵
1751 4153 1816 4221 τῇ
1853 4152 1916 4202 ὲκ

340 4249 550 4322 Πατρδς
588 4249 836 4318 εὐγενείᾳ⁵
884 4246 1327 4318 μαρτυρούμενος
1380 4243 1455 4307 ὡς
1505 4242 1656 4306 Θεός.
1699 4241 1915 4311 Ἐπειδὴ

337 4344 446 4414 γὰρ
489 4342 624 4405 ὅλως
658 4340 904 4409 ἐγνώσθη
941 4339 1074 4392 Θεοῦ
1123 4337 1383 4406 ὑπάρχων
1418 4334 1564 4398 Υἱὸς,
1602 4332 1789 4400 γέγονε
1822 4331 1918 4384 καὶ

341 4435 562 4504 Κύριος,
588 4435 650 4486 ού
683 4433 805 4485 τότε
837 4431 1053 4501 πρῶτον
1088 4429 1182 4482 τοῦ
1209 4424 1346 4481 εἶναι
1379 4426 1581 4496 Κύριος
1614 4423 1917 4492 ἀρξάμενος

341 4519 428 4596 (ἦν
456 4526 563 4595 γάρ
587 4526 674 4578 ἀεὶ
699 4525 793 4578 καὶ
820 4524 952 4586 Θεὸς
982 4524 1077 4575 καὶ
1102 4521 1348 4592 Κύριος),
1377 4518 1488 4570 ἀλλ’
1511 4518 1599 4570 ὅτε
1629 4516 1779 4584 παρὰ
1807 4515 1920 4574 τοῖς

340 4617 762 4671 πεπιστευκόσιν
790 4615 1060 4686 ἐγνώσθη,
1085 4614 1204 4666 τότε
1233 4611 1471 4679 γεγονὼς
1497 4609 1592 4662 καὶ
1618 4609 1701 4660 ἐπ’
1725 4606 1919 4667 αὐτοὺς

343 4694 568 4778 Κύριος.

354 4799 674 4864 Ἀπόδειξις
716 4798 834 4853 ἀπὸ
880 4799 989 4865 τῆς
1027 4797 1191 4860 θείας
1225 4795 1492 4864 Γρίιςρῆς,
1540 4795 1627 4848 ὅτι
1663 4799 1694 4849 ό
1733 4795 1920 4866 Λόγος

675 4868 754 4936 ἦν
782 4869 872 4922 ἀεὶ
907 4871 1120 4935 Κύριος
1149 4867 1244 4918 καὶ
1271 4867 1605 4931 ﬁat/vdeo“

441 4986 484 5036 0
537 4982 791 5053 ’Λϐραὰμ
853 4981 1014 5035 αὑτὸν
1065 4980 1427 5053 προσεκύνει,
1467 4981 1670 5052 Κύριον
1713 4984 1920 5035 ἀποκα-

343 5074 470 5128 λῶν.
506 5073 568 5128 Ὀ
600 5075 806 5144 Μωσῆς
849 5072 1049 5142 ὁμοίως
1083 5071 1248 5142 φησί’
1287 5093 1303 5124 ι
1336 5074 1443 5126 Καὶ
1489 5073 1695 5144 Κύριος
1736 5073 1922 5144 ἔϐρεξε

345 5164 498 5236 παρὰ
544 5165 752 5235 Κυρίου
802 5165 913 5229 πῦρ
964 5165 1057 5218 καὶ
1104 5164 1246 5218 θεῖον
1291 5165 1383 5216 ἐπὶ
1429 5165 1639 5233 Σόδομα
1686 5166 1778 5217 καὶ
1823 5163 1920 5216 Γό-

347 5259 544 5330 μορρα.
573 5276 591 5308 ι
638 5258 696 5310 '0
724 5256 1026 5327 Ψαλμῳδὸς
1072 5257 1262 5310 πάλιν·
1304 5276 1322 5307 ι
1358 5253 1522 5312 Εἶπεν
1551 5260 1580 5310 6
1613 5257 1815 5330 Κύριος
1845 5259 1923 5330 τῷ

345 5349 535 5420 Κυρίῳ
568 5365 699 5420 μου·
731 5347 915 5402 Κάθου
942 5349 1007 5402 ἐκ
1036 5348 1227 5414 δεξιῶν
1259 5365 1382 5418 μου.
1409 5367 1427 5400 ι
1462 5350 1573 5403 Καὶ
1597 5349 1756 5404 πάλιν
1777 5367 1790 5380 ·
1825 5368 1843 5400 ι
1867 5353 1923 5404 Ὀ

347 5437 534 5507 θρόνος
568 5455 684 5502 σου,
714 5437 742 5489 6
775 5437 926 5500 Θεὸς,
972 5438 1052 5499 είς
1092 5437 1182 5490 τὸν
1227 5437 1397 5489 αίῶνα
1438 5437 1531 5490 τοῦ
1577 5437 1791 5500 αἰῶνος.
1824 5437 1924 5490 Διὰ

347 5527 506 5581 τοῦτο
551 5527 737 5598 ἔχρισέ
772 5545 832 5580 σε
857 5543 871 5559 ·
923 5527 1116 5590 ὸάϐδος
1172 5527 1464 5599 εὐθύτητος
1502 5530 1535 5598 ἡ
1587 5528 1781 5599 ῥάϐδος
1821 5527 1921 5597 τῆς

2007 1887 2120 1941 per,
2154 1871 2318 1926 etiam
2353 1883 2480 1926 ante
2513 1871 2940 1927 incarnalionem
2977 1873 3069 1928 Dei
3105 1872 3370 1935 Verbum,
3408 1891 3580 1944 neque

2005 1964 2288 2032 quisquam
2325 1975 2468 2018 reete
2497 1964 2745 2018 sentiens
2774 1965 2998 2019 verbum
3035 1966 3184 2029 illud,
3223 1983 3240 2016 ι
3279 1965 3425 2032 fecit,
3463 1985 3482 2016 ι
3515 1984 3580 2019 eo

2006 2053 2122 2108 loco
2157 2054 2223 2108 de
2257 2055 2490 2109 essentia
2526 2056 2690 2127 216
2721 2057 3132 2125 interpretetur,
3165 2072 3232 2112 ne
3266 2057 3488 2126 impium
3525 2073 3584 2114 se

2005 2145 2279 2211 declaret,
2305 2145 2396 2216 qui
2428 2157 2538 2200 tum
2567 2149 2799 2216 primum
2826 2147 3059 2203 Verbum
3085 2149 3181 2203 Dei
3209 2165 3328 2204 esse
3351 2151 3584 2219 coepisse

2006 2238 2187 2302 dicat,
2217 2239 2437 2307 quando
2484 2237 2688 2293 factum
2720 2248 2802 2294 est
2849 2239 3008 2294 homo
3041 2259 3054 2295 :
3088 2241 3182 2295 sed
3220 2259 3239 2292 ι
3277 2241 3404 2294 fecit
3437 2258 3456 2291 ι
3491 2255 3585 2294 ac-

2007 2330 2313 2397 cipiendum
2355 2341 2442 2384 est
2489 2347 2585 2399 pro
2631 2331 2949 2399 declaravit,
2991 2332 3074 2386 vel
3114 2335 3369 2388 ostendit.
3413 2333 3486 2386 lta
3530 2343 3586 2388 et

2008 2419 2200 2474 Petrus
2231 2435 2352 2474 cum
2382 2421 2582 2476 Judazis
2614 2423 2889 2477 disserens
2914 2425 3052 2478 dixit
3085 2443 3098 2477 :
3138 2443 3156 2475 ι
3192 2424 3375 2479 Jesum
3409 2424 3584 2479 Naza-

2011 2527 2228 2576 renmn,
2261 2514 2352 2582 qui
2389 2513 2693 2569 declaratus
2726 2525 2809 2569 est
2839 2516 2920 2569 vir
2947 2531 2975 2568 a
3015 2516 3123 2570 Deo
3159 2517 3212 2570 in
3245 2533 3340 2572 vos
3371 2519 3586 2571 virtuti-

2011 2602 2131 2665 bus,
2166 2614 2218 2656 et
2253 2605 2530 2673 prodigiis,
2566 2607 2798 2673 etsignis
2831 2623 2950 2676 qua:
2986 2607 3134 2674 l'ecit,
3167 2609 3308 2662 sicut
3343 2609 3442 2678 ipsi
3478 2610 3588 2665 sci-

2013 2695 2164 2748 tis".
2201 2713 2217 2743 ι
2253 2695 2514 2760 Quocirca
2546 2713 2666 2749 cum
2698 2711 2790 2766 per
2815 2713 2974 2767 Opera
3005 2699 3238 2753 ostendit
3267 2701 3585 2769 dignitatem

2013 2784 2189 2839 Patris
2228 2789 2328 2842 sibi
2371 2790 2818 2855 iuexsistentem,
2858 2790 3117 2844 Dominus
3157 2792 3212 2844 lit
3253 2792 3586 2846 credentium

2015 2878 2066 2931 in
2100 2878 2272 2946 ipsum
2303 2898 2314 2932 :
2345 2882 2646 2934 ostenditur
2673 2897 2802 2935 vero
2831 2885 2970 2948 quod
3003 2884 3115 2950 ipse
3143 2883 3304 2936 etiam
3334 2883 3404 2936 sit
3429 2882 3588 2936 Chri-

2013 2981 2147 3023 Slus.
2174 2968 2308 3022 Nam
2339 2971 2540 3026 idcirco
2565 2972 2764 3027 Jndzeis
2790 2975 3081 3028 incredulis
3107 2974 3242 3028 dixit
3268 2993 3282 3029 :
3315 2994 3332 3026 ι
3367 2974 3587 3029 Etiamsi

2016 3062 2144 3113 mihi
2179 3078 2281 3115 non
2314 3065 2571 3127 credatis,
2601 3067 2854 3132 operibus
2883 3067 3017 3120 meis
3047 3067 3273 3132 credite,
3304 3076 3361 3120 ut
3391 3081 3591 3138 cogno-

2016 3153 2181 3204 scatis
2209 3154 2333 3220 quia
2362 3170 2458 3222 ego
2490 3154 2540 3206 in
2575 3154 2750 3216 Patre,
2776 3166 2830 3209 et
2859 3156 3084 3210 Paterin
3107 3173 3192 3211 me
3221 3169 3302 3212 est
3325 3159 3512 3225 ⁶⁶·⁶⁷;‹
3537 3171 3590 3216 et

2018 3259 2228 3298 rursum
2267 3266 2278 3300 :
2321 3265 2338 3294 ι
2379 3246 2436 3297 Si
2472 3261 2571 3311 ego
2606 3262 2709 3299 non
2744 3245 2884 3301 facio
2915 3265 3078 3318 opera
3117 3249 3289 3305 l’atris
3323 3253 3449 3319 mei,
3483 3271 3588 3308 non

2017 3335 2250 3387 credatis
2282 3337 2409 3388 mihi
2433 3335 2497 3389 “.
2537 3355 2554 3387 ι
2590 3335 2644 3389 Si
2680 3353 2828 3407 ergo,
2859 3339 2982 3406 quia
3015 3348 3190 3407 potest
3224 3339 3399 3395 facere
3424 3324 3586 3410 opera

2020 3424 2214 3486 Patris.
2243 3437 2296 3478 et
2325 3427 2446 3494 quia
2479 3427 2637 3479 habet
2667 3428 2717 3480 in
2750 3444 2807 3481 se
2839 3428 3072 3491 Patrem,
3105 3431 3323 3500 ipseque
3351 3432 3588 3488 vicissim

2016 3525 2100 3568 est
2134 3517 2184 3568 in
2225 3516 2412 3581 l’atrc,
2447 3533 2608 3570 verus
2647 3521 2784 3573 Deus
2817 3535 2937 3573 esse
2971 3521 3276 3576 declaratur
3313 3542 3326 3575 :
3366 3526 3467 3579 hac
3500 3541 3588 3580 ra-

2022 3607 2164 3659 tione
2199 3607 2369 3661 factus
2401 3617 2482 3662 est
2515 3609 2769 3662 Dominus
2803 3611 3134 3666 credentium
3173 3615 3222 3666 in
3260 3615 3463 3682 ipsum,
3495 3619 3588 3670 dc-

2019 3698 2362 3766 claratusque
2397 3708 2478 3752 est
2512 3701 2673 3753 etiam
2714 3702 2827 3768 ipse
2863 3717 2981 3755 esse
3013 3701 3290 3770 Christus;
3325 3707 3369 3760 si
3404 3721 3529 3760 vero
3564 3727 3591 3758 ιο

2023 3788 2130 3841 Deo
2174 3789 2347 3843 factus
2389 3806 2508 3844 esse
2549 3784 2804 3845 Dominus
2844 3793 3062 3856 dicitur,
3104 3796 3265 3848 etiam
3308 3796 3410 3849 hoc
3448 3811 3596 3850 recte

2023 3880 2207 3935 habet.
2237 3880 2495 3950 Cognitus
2530 3883 2672 3934 enim
2711 3897 2806 3950 per
2833 3896 2996 3951 opera
3032 3898 3150 3938 esse
3186 3901 3344 3939 verus
3383 3887 3472 3940 Dei
3508 3888 3596 3942 Fi-

2023 3969 2148 4031 lius,
2189 3970 2496 4023 dominatur
2533 3971 2582 4022 in
2628 3985 2722 4024 eos
2763 3972 2853 4040 qui
2897 3972 3023 4024 olim
3073 3989 3175 4026 non
3221 3975 3591 4038 crediderunt,

2024 4063 2239 4130 propria
2272 4076 2366 4116 sua
2398 4061 2688 4131 dignitate,
2718 4071 2769 4116 ct
2803 4062 2976 4115 Patris
3005 4061 3282 4117 nobilitate
3313 4064 3410 4133 ipsi
3443 4067 3595 4118 testi-

2025 4153 2263 4206 monium
2301 4153 2616 4220 perbibente
2651 4165 2705 4206 ut
2743 4154 2868 4207 Deo.
2899 4153 3032 4208 Cum
3070 4155 3213 4208 enim
3251 4157 3469 4209 oiitnino
3505 4174 3595 4210 co-

2024 4247 2204 4314 gnitus
2251 4247 2323 4300 sit
2369 4259 2490 4299 esse
2536 4244 2703 4299 Filius
2747 4246 2870 4310 Dei,
2939 4245 3111 4298 lactus
3157 4246 3316 4300 etiam
3364 4257 3447 4301 est
3495 4249 3598 4302 llo-

2027 4340 2202 4391 minus
2239 4354 2252 4392 ε
2290 4354 2392 4391 non
2430 4337 2572 4406 quod
2614 4346 2739 4391 tunc
2782 4338 3012 4407 primum
3048 4338 3344 4394 exsistendi
3383 4339 3595 4392 initium

1952 4467 1994 4522 Β
2024 4430 2292 4498 ain-operit
2327 4441 2566 4499 (smuper
2593 4430 2736 4484 enim
2770 4440 2888 4483 erat
2921 4441 2969 4484 et
3011 4430 3170 4496 Deus,
3203 4441 3258 4484 et
3293 4433 3595 4499 Dominus).

2025 4524 2118 4575 sed
2155 4521 2373 4591 quando
2406 4536 2434 4574 a
2468 4522 2814 4576 credentibus
2847 4523 3096 4590 cognitus
3129 4531 3245 4585 est,
3279 4532 3389 4576 tum
3425 4521 3598 4577 factus

2025 4628 2106 4682 est
2140 4617 2219 4668 eis
2251 4615 2526 4667 Dominus.

2028 4793 2418 4846 Demonstratio
2450 4808 2514 4844 ea:
2545 4808 2696 4844 snt-ru
2729 4791 3024 4860 Scriptura,
3059 4793 3197 4859 quod
3231 4791 3452 4845 Verbum
3485 4805 3598 4846 erat

2456 4878 2653 4929 semper
2685 4863 2938 4914 Dominus
2972 4874 3018 4914 et
3057 4878 3164 4914 rex.

2100 4979 2370 5031 Abraham
2405 4978 2579 5044 ipsum
2615 4976 2896 5036 adorabat,
2920 4973 3205 5026 Dominum
3239 4971 3511 5041 appellans
3531 4977 3598 5026 κε’.

2033 5068 2205 5122 Moses
2237 5068 2488 5120 sin-uiliter
2521 5083 2533 5116 :
2560 5087 2576 5112 ο
2607 5065 2668 5116 Et
2691 5064 2947 5117 Dominus
2962 5064 3092 5129 pluit
3113 5079 3137 5115 τι
3158 5061 3598 5130 Dominuignem,

2030 5171 2082 5213 ct
2107 5161 2330 5228 sulphur
2353 5173 2515 5224 super
2539 5156 2826 5209 Smlomam
2850 5165 2902 5208 et
2925 5153 3283 5208 Gomorrham
3304 5153 3368 5206 ⁷ο.
3405 5173 3422 5204 δ
3453 5151 3599 5208 Psal-

2032 5253 2190 5303 mista
2225 5249 2387 5300 etiam
2425 5263 2439 5298 :
2478 5263 2497 5295 ι
2536 5245 2682 5297 Dixit
2715 5245 2968 5297 Dominus
3005 5242 3229 5294 Domino
3263 5258 3380 5296 meo
3412 5261 3426 5296 :
3461 5241 3600 5298 Sede

2032 5355 2060 5393 a
2106 5339 2311 5392 dextris
2355 5337 2576 5390 meis“.
2631 5353 2649 5383 ι
2698 5334 2760 5385 Et
2801 5347 2989 5387 rursus
3031 5350 3045 5386 :
3093 5350 3111 5383 ι
3163 5334 3365 5388 Solium
3413 5345 3597 5399 tuum,

2033 5431 2190 5488 Deus.
2220 5429 2272 5482 in
2305 5427 2560 5480 saeculum
2590 5425 2790 5480 srecnli.
2818 5424 3107 5492 Propterea
3145 5427 3296 5480 unxit
3327 5435 3377 5480 te
3408 5448 3418 5479 :
3449 5423 3598 5492 virga

2032 5523 2388 5585 rectimdinis,
2409 5520 2554 5588 virga
2577 5519 2723 5590 regni
2743 5518 2817 5571 tui
2835 5519 2900 5571 ⁷³.
2934 5537 2950 5567 ι
2977 5517 3040 5572 Et
3062 5532 3284 5572 rursus:
3310 5536 3326 5566 ι
3353 5515 3596 5587 Regnum

425 5683 469 5716 “
503 5681 624 5737 Aet.
669 5699 729 5746 Il,
757 5683 847 5736 22.
925 5681 1041 5715 "-57
1083 5683 1239 5740 Joan.
1279 5701 1334 5739 ι.
1369 5686 1456 5738 58.
1538 5685 1582 5715 ⁸⁸
1610 5685 1735 5740 ibid.
1781 5687 1868 5740 57.

2029 5684 2166 5738 Gen.
2202 5698 2307 5736 xrn
2338 5680 2498 5751 2,;‘5.
2574 5678 2619 5708 ⁷⁰
2649 5676 2786 5732 Gen.
2821 5692 2934 5743 xix,
2959 5675 3051 5730 ‘24.
3130 5678 3171 5708 τί
3206 5675 3352 5732 Psal.
3387 5688 3494 5739 cu,
3538 5672 3592 5726 Ι.

353 5755 398 5787 ’⁸
441 5753 582 5810 Psal.
620 5768 762 5819 aur,
791 5752 845 5818 7,
873 5753 924 5806 8.
