4124 6654
499 329 595 384 567

1481 328 1536 381 S.
1581 324 1854 381 CYRILLI
1897 320 2371 378 ALEXANDRINI
2410 320 2733 376 ARClllEP.

3684 327 3827 382 368

495 460 675 511 tuum,
726 458 947 516 regnum
994 442 1232 499 omnium
1281 442 1596 497 saeculorum
1628 443 1694 497 ⁷³.
1753 461 1771 493 ι
1823 442 1879 496 Si
1935 455 2061 512 ergo

2179 438 2444 502 Βασιλείας
2476 457 2591 493 σου.
2623 458 2640 490 ι
2678 438 2787 492 Καὶ
2822 438 3011 493 πάλιν·
3053 458 3069 489 ι
3115 440 3175 492 Ἡ
3214 440 3459 509 βασιλεία
3497 462 3626 509 σου,
3687 445 3826 513 βα-

496 537 653 589 etiam
695 546 820 590 ante
860 532 1292 589 incarnationem
1323 532 1559 588 Verbum
1599 533 1690 587 Dei
1728 540 1847 587 crat
1884 547 1977 587 rex
2013 540 2067 587 et

495 624 785 689 Dominus,
824 622 1095 693 quomodo
1137 638 1242 677 non
1288 621 1333 677 is
1379 621 1725 691 blasphemus
1765 622 2067 677 censendus

493 717 560 769 sit
600 716 691 785 qui
726 715 927 770 factum
957 729 1081 772 esse
1121 714 1189 770 de
1245 715 1481 770 essentia
1515 714 1935 785 interpretetur?
1965 714 2063 769 Fa-

494 820 609 863 ctus
634 811 778 864 enim
809 817 894 864 est
919 812 1103 863 noster
1128 807 1417 874 Dominus,
1449 822 1572 861 cum
1604 806 1750 861 illum
1782 806 1945 861 talem
1973 821 2066 860 co-

493 903 801 972 gnovimus,
822 901 1063 970 quando,
1094 899 1347 955 omnibus
1376 899 1532 955 nobis
1560 898 1820 970 sanguine
1848 913 1949 953 suo
1979 912 2067 952 re-

492 993 748 1062 demptis,
777 991 1085 1048 declaratus
1111 1001 1197 1049 est
1224 991 1473 1047 Christus
1500 1000 1554 1046 et
1587 990 1864 1045 Dominus.

618 1190 782 1261 217
815 1189 965 1246 Idem
993 1190 1172 1259 aliter,
1201 1191 1436 1262 exemplo
1468 1210 1500 1247 ιι
1530 1194 1680 1247 nobis
1706 1203 1934 1264 sumpto.

567 1368 625 1425 Si
667 1369 735 1423 de
778 1368 993 1424 homine
1032 1366 1212 1437 aliquo
1252 1369 1521 1423 diceretur
1562 1368 1803 1423 :Factus
1843 1380 1928 1424 est
1969 1371 2070 1427 iste

498 1459 660 1528 hujus
680 1460 1038 1530 possessionis
1070 1458 1321 1513 dominus
1356 1477 1371 1514 :
1405 1459 1529 1528 quis
1558 1459 1693 1514 adeo
1715 1459 1920 1515 delirus
1949 1460 2068 1516 fne~

497 1551 588 1617 rit,
618 1559 673 1604 ttt
702 1560 810 1603 tum
840 1549 1198 1605 substantiam
1230 1549 1372 1604 illius
1399 1549 1596 1605 factam
1624 1565 1745 1606 esse
1773 1551 2068 1617 existimet,

2171 528 2345 582 σιλεία
2375 529 2591 582 πάντων
2620 528 2729 582 τῶν
2756 528 2988 583 αἰώνων.
3014 550 3032 581 ›
3076 532 3135 583 Εἰ
3180 532 3357 586 τοίνυν
3395 535 3494 587 καὶ
3527 535 3646 604 πρὸ
3690 537 3825 603 τῆς

2172 620 2502 692 σαρκώσεως
2546 620 2801 691 βασιλεύς
2845 638 2906 673 τε
2949 621 3043 674 καὶ
3081 621 3283 693 Κύριος
3313 620 3382 695 ἦν
3415 625 3446 678 ὁ
3484 621 3599 680 τοῦ
3637 626 3821 678 Θεοῦ

2170 715 2372 783 Λόγος,
2412 713 2528 777 πῶς
2560 713 2660 767 οὐκ
2689 714 2753 768 ἄν
2794 730 2878 777 τις
2915 713 3099 784 ἔνοχος
3136 717 3221 787 εἴη
3260 719 3372 780 τοῖς
3410 720 3513 788 τῆς
3559 717 3821 787 δυσφηο

2173 807 2300 877 μίας
2331 807 2669 878 ἐγκλήμασι,
2706 806 2848 859 κατὰ
2885 806 2983 877 τῆς
3027 808 3215 871 οὐσίας
3257 809 3420 864 αὐτοῦ
3464 810 3675 880 φέρων
3738 810 3822 865 τὸ

2171 897 2500 968 πεποιῆσθαι
2525 913 2539 961 ;
2569 896 2764 964 Γέγονε
2798 896 2909 966 γάρ
2952 898 3109 967 ἡμῶν
3139 896 3339 969 Κύριος
3374 900 3486 953 τῶν
3514 902 3819 967 ﬁnem-

2170 989 2345 1043 κάτων
2388 989 2480 1042 τὸν
2514 988 2724 1042 ἑαυτῶν
2755 987 3055 1059 Δεσπότην,
3092 991 3181 1043 ὅτε
3223 989 3301 1060 τῷ
3340 991 3530 1061 οἰκείῳ
3570 991 3814 1060 αἵματι

2172 1082 2380 1144 πάντας
2411 1081 2707 1151 ἀγοράσας,
2732 1080 3013 1153 ἀνεδείχθη
3046 1082 3278 1152 Χριστὸς
3306 1084 3400 1136 καὶ
3432 1084 3691 1155 Κύριος.

2175 1190 2409 1255 ’Ἄλλως
2470 1191 2537 1242 τὸ
2583 1189 2759 1254 αὐτὸ,
2807 1189 3040 1263 statim
3097 1194 3224 1247 καθ’
3281 1192 3438 1263 ἡμᾶς
3494 1196 3670 1263 ἕχον
3734 1195 3809 1249 τὸ

2791 1260 3141 1331 ὑπόδειγμα.

2256 1369 2320 1423 Εἰ
2369 1370 2456 1423 ἐπ’
2501 1370 2794 1442 ἀνθρώπου
2852 1371 3066 1439 λέγοιτο
3127 1374 3327 1445 ’τυχόν⁸
3376 1377 3623 1446 Γέγονεν
3701 1378 3799 1432 ὅδε

2172 1461 2329 1516 τοῦδε
2362 1462 2457 1515 τοῦ
2507 1464 2789 1534 κτήματος
2833 1465 3055 1534 κύριος,
3099 1466 3182 1529 τίς
3220 1466 3395 1532 οὕτως
3429 1470 3499 1523 ἂν
3540 1472 3639 1540 εἴη
3686 1471 3801 1540 λιι-

2177 1552 2304 1622 ρῶν,
2335 1553 2411 1615 ὡς
2436 1554 2557 1606 τότε
2587 1553 2685 1622 τὴν
2711 1554 2900 1608 οὐσίαν
2926 1555 3092 1609 αὐτοῦ
3127 1559 3459 1630 πεποιῆσθαι
3493 1560 3798 1631 νομίζει-ι,

496 1642 712 1712 quando
741 1640 1048 1695 declaratus
1075 1649 1159 1695 est
1186 1640 1417 1710 alicujus
1448 1641 1524 1695 rei
1554 1642 1842 1695 dominus?
1871 1642 2071 1698 Factus

2179 1644 2262 1696 ὅτε
2294 1644 2388 1698 καὶ
2416 1643 2604 1715 κύριος
2634 1646 2850 1717 ἐδείχθη
2882 1646 3063 1711 τινός;
3107 1649 3306 1717 Γέγονε
3333 1651 3443 1723 γὰρ
3469 1653 3579 1705 οὐκ
3608 1652 3799 1718 αὐτὸς

494 1735 637 1789 enim
673 1742 757 1789 est
796 1748 900 1787 non
939 1734 1081 1802 quod
1127 1741 1241 1787 tum
1286 1731 1583 1786 exsistendi
1625 1732 1839 1787 initium
1882 1743 2073 1789 nactus

2179 1734 2254 1798 εἰς
2283 1734 2540 1789 σύστασιν
2564 1735 2658 1789 τοῦ
2685 1733 2825 1791 εἰναι
2851 1738 2970 1791 τότε
3002 1740 3300 1810 προελθὼν,
3332 1742 3446 1795 ἀλλ’
3470 1741 3567 1812 ὑφ’
3590 1746 3801 1815 ἑαυτῷ

495 1828 586 1891 sit,
614 1827 705 1881 sed
734 1824 879 1894 quod
911 1796 1114 1894 aliquid
1146 1823 1198 1877 in
1232 1838 1385 1878 suam
1419 1832 1741 1892 potestatem
1775 1824 2070 1880 reduxerit.

2179 1796 2658 1897 τιίποιησάμενος.
2709 1825 2868 1881 Οὕτω
2915 1846 3005 1899 μοι
3049 1796 3166 1883 νόει
3216 1796 3314 1886 καί.
3356 1834 3450 1886 ἐπὶ

494 1918 571 1972 lta
609 1919 772 1972 etiam
814 1918 880 1971 de
916 1916 1133 1971 Christo
1168 1916 1514 1986 cogitandum
1554 1924 1656 1971 est.
1696 1915 2074 1972 Serviehamus

493 2010 622 2063 olim
661 2007 811 2062 falsis
845 2007 970 2071 diis,
1005 2015 1062 2062 et
1096 2006 1432 2074 corruptioni
1469 2006 1690 2060 obnoxii
1727 2021 1982 2072 eramus;
2019 2017 2075 2061 at

498 2100 589 2154 Dei
609 2096 845 2152 Verbum
873 2111 940 2151 ex
967 2095 1305 2166 beneplacito
1331 2094 1509 2151 Patris
1538 2094 1737 2150 factum
1768 2107 1852 2151 est
1881 2098 2072 2163 homo,

496 2199 554 2245 nt
593 2190 751 2244 nobis
782 2188 848 2241 ab
880 2200 1068 2242 errore
1104 2186 1351 2242 abductis
1387 2185 1483 2240 fiat
1516 2187 1755 2241 omnium
1793 2187 2071 2242 Dominus.

500 2280 665 2336 Unxit
695 2293 823 2333 vero
854 2278 1027 2348 ipsmn
1060 2276 1242 2341 Pater,
1276 2286 1329 2333 ut
1364 2294 1460 2349 per
1487 2279 1663 2348 ipsum
1696 2278 1774 2333 vis
1808 2294 1872 2334 ac
1903 2282 2076 2334 virtus

497 2372 752 2453 tgpgentis
795 2372 958 2425 etiam
1005 2370 1057 2424 in
1104 2385 1203 2425 nos
1247 2371 1576 2438 perveniret.
1621 2368 1754 2423 Nam
1802 2372 1856 2424 in
1902 2371 2077 2439 primo

495 2464 712 2518 Christo
743 2474 950 2517 natura:
982 2471 1182 2517 nostrae
1212 2461 1351 2517 bona
1384 2462 1683 2517 instaurata
1712 2472 1857 2530 sunt,
1891 2462 2075 2517 factae-

495 2570 602 2624 que
627 2563 751 2610 sunt
777 2553 931 2609 nobis
960 2552 1213 2623 primitiae.
1242 2554 1549 2607 divinorum
1580 2555 1845 2607 donorum
1879 2554 1931 2607 in
1962 2553 2077 2623 ipso

496 2660 550 2705 et
586 2664 681 2720 per
712 2649 918 2719 ipsum,
951 2657 1011 2703 ut
1048 2647 1101 2702 in
1144 2648 1363 2703 homine
1391 2660 1447 2703 et
1482 2663 1512 2702 a
1553 2647 1663 2704 Deo
1694 2663 1709 2702 :
1745 2648 1888 2703 Deus
1932 2646 2077 2703 enim

496 2752 615 2798 erat
642 2743 696 2797 in
727 2756 915 2798 carne.

1105 2850 1254 2906 Idem
1286 2850 1464 2906 aliter.

564 2970 763 3025 Beatus
799 2967 964 3023 David
1001 2966 1195 3021 alicubi
1239 2967 1312 3020 ita
1354 2965 1533 3035 psallit
1575 2982 1589 3019 :
1630 2983 1650 3018 ι
1692 2964 1820 3020 Fias
1856 2966 1985 3021 mihi
2026 2966 2079 3020 in

498 3063 664 3120 Deum
699 3068 1056 3132 protectorem
1079 3061 1203 3123 τις»
1229 3069 1285 3113 et
1320 3073 1534 3113 rursum
1571 3076 1585 3113 :
1626 3075 1647 3110 ι
1686 3058 1754 3113 Et
1793 3059 1971 3114 factus
1996 3068 2081 3114 est

2188 1912 2570 1983 Ἐδουλεύομεν
2600 1914 2768 1969 πάλαι
2800 1918 2914 1981 τοῖς
2951 1919 3026 1989 μὴ
3056 1915 3176 1973 οὖσι
3215 1920 3387 1985 θεοῖς·
3420 1924 3799 1995 ὑπεκεῳεθα

2174 2006 2241 2076 τῇ
2281 2006 2490 2076 φθορᾷ·
2525 2005 2677 2059 ἀλλὰ
2706 2007 2931 2076 γέγονεν
2974 2010 3261 2081 ἄνθρωπος
3289 2014 3317 2065 ὁ
3352 2014 3444 2067 τοῦ
3486 2014 3634 2069 Θεοῦ
3675 2019 3796 2070 Δό-

2176 2112 2269 2165 γος
2303 2097 2693 2167 εὐδοκήσαντος
2719 2099 2814 2153 τοῦ
2848 2102 3081 2173 Πατρὸς,
3118 2104 3207 2158 ἵνα
3242 2105 3340 2177 τῆς
3373 2107 3590 2177 πλάνης
3626 2111 3796 2180 ἡμᾶς

2176 2187 2495 2253 ἀπαλλάξας
2536 2190 2763 2260 γένηται
2806 2192 3023 2247 πάντων
3057 2194 3281 2264 Κύριος.
3310 2197 3533 2269 Ἔχρισε
3562 2200 3630 2253 δὲ
3676 2203 3791 2253 σύ-

2175 2275 2267 2330 τὸν
2297 2280 2326 2331 ὁ
2358 2278 2571 2350 Πατὴρ,
2616 2280 2705 2333 ἵνα
2750 2280 2820 2333 δι’
2856 2281 3018 2335 αὐτοῦ
3060 2283 3243 2355 φθάσῃ
3284 2286 3379 2339 καὶ
3422 2288 3505 2349 εἰς
3543 2289 3708 2358 ἡμᾶς
3753 2292 3791 2359 ἡ

2176 2368 2272 2422 τοῦ
2303 2369 2589 2439 χρίσαντος
2612 2370 2861 2442 δύναμις.
2884 2372 3081 2441 Γέγονε
3104 2375 3211 2446 γάρ
3232 2377 3290 2430 ὲν
3315 2379 3517 2451 πρώτῳ
3543 2381 3791 2451 Χριστῷ

2176 2460 2248 2513 τὰ
2293 2461 2392 2531 τῆς
2436 2460 2651 2529 φύσεως
2676 2463 2831 2533 ἡμῶν
2862 2463 3066 2532 ἀγαθὰ,
3096 2466 3191 2520 καὶ
3216 2468 3443 2539 ἀπαρχὴ
3468 2470 3581 2522 τῶν
3612 2471 3789 2524 θείων

2178 2553 2311 2621 ἡμῖν
2334 2553 2689 2623 χαρισμάτων
2713 2554 2770 2607 ὲν
2799 2554 2948 2625 αὐτῷ
2982 2556 3073 2609 καὶ
3098 2557 3165 2609 δι’
3197 2557 3362 2612 αὑτοῦ
3388 2560 3464 2625 ώς
3489 2560 3791 2634 ἀνθρώπῳ

2179 2644 2277 2697 καὶ
2313 2644 2462 2715 παρά
2494 2644 2663 2698 Θεοῦο
2695 2646 2828 2710 Θεὸς
2860 2649 2969 2721 γάρ
2998 2644 3063 2720 ἦν
3094 2650 3152 2703 ὲν
3187 2654 3373 2721 σαρκί.

2708 2846 2936 2912 Ἄλλως
2975 2850 3040 2901 τὸ
3077 2850 3245 2904 αὑτό.

2252 2955 2460 3010 arens;
2497 2971 2601 3009 που
2640 2956 2733 3009 καί
2773 2974 2941 3028 φησιν
2983 2960 3011 3011 ὁ
3065 2960 3338 3030 μακάριος
3381 2964 3583 3018 Δαϐίδ·
3624 2987 3643 3017 c
3680 2967 3782 3020 Γεο

2183 3048 2276 3102 νοῦ
2319 3065 2410 3119 μοι
2442 3050 2522 3112 εἰς
2547 3048 2680 3103 Θεὸν
2708 3050 3125 3121 ὑπερασπιστήν
3149 3068 3162 3082 ο
3194 3071 3212 3105 ι
3248 3055 3342 3107 καὶ
3377 3056 3538 3109 πάλιν
3560 3074 3577 3089 °
3614 3079 3631 3109 ι
3667 3062 3783 3113 Καὶ

498 3130 758 3213 Dominus
803 3152 1065 3224 refugium
1110 3151 1332 3223 pauperi
1357 3151 1428 3206 ⁷⁵.
1473 3170 1492 3203 ι
1543 3150 1811 3207 Caeterum
1860 3150 1913 3205 in
1957 3150 2077 3219 his,

2182 3141 2400 3211 ἐγένετο
2427 3141 2632 3213 Κύριος
2660 3145 2948 3215 καταφυγὴ
2979 3146 3058 3215 τῷ
3090 3146 3302 3217 πένητι.
3333 3166 3352 3200 ι
3392 3150 3532 3202 Ἀλλ’
3568 3154 3629 3204 ὲν
3660 3155 3784 3207 τού-

498 3262 657 3303 nemo
672 3255 818 3303 certe
829 3244 1208 3301 dixeritDeum
1225 3255 1337 3297 tum
1350 3243 1581 3312 cmpisse
1591 3244 1857 3298 exsistere
1868 3242 2083 3312 quando

499 3338 673 3394 [actus
708 3346 792 3392 est
826 3336 1095 3406 refugium
1136 3334 1379 3404 pauperi.
1424 3334 1649 3404 Semper
1681 3334 1825 3389 enim
1865 3335 1969 3390 hoc
2002 3335 2085 3405 ip-

498 3446 618 3487 sum
646 3428 943 3494 exsistens,
968 3442 1291 3497 semperque
1316 3440 1549 3482 servans
1571 3440 1879 3496 Oppressus,
1909 3426 2085 3481 factus

498 3530 587 3579 est
618 3519 810 3575 Davidi
846 3519 899 3573 iu
942 3517 1109 3573 Deum
1148 3528 1550 3587 protectorem,
1586 3526 1641 3571 et
1678 3518 1900 3586 pauperi
1936 3516 2083 3572 refu-

500 3612 673 3684 gium.
709 3609 1172 3677 Quemadmodum
1211 3609 1376 3680 igitur
1410 3609 1462 3664 id
1499 3609 1644 3679 quod
1679 3622 1897 3678 semper
1928 3617 2081 3673 erat,

503 3706 608 3759 hoc
636 3703 811 3771 ipsum
843 3715 1031 3755 rursus
1058 3699 1119 3755 lit
1149 3701 1379 3770 petenti,
1406 3708 1462 3755 et
1487 3699 1668 3755 oranti
1700 3716 1715 3753 :
1746 3700 1818 3753 ita
1846 3708 1901 3754 et
1927 3698 2085 3755 Chri-

502 3807 622 3851 stus
655 3809 776 3851 cum
812 3808 1029 3862 semper
1060 3794 1134 3849 sit
1168 3793 1428 3849 Dominus
1459 3801 1514 3849 et
1551 3807 1671 3857 rex,
1705 3800 1887 3861 utpote
1922 3792 2081 3859 Deus,

503 3888 678 3942 factus
718 3894 801 3941 est
839 3886 1003 3941 etiam
1048 3887 1100 3941 in
1145 3887 1303 3941 nobis
1349 3886 1634 3953 Dominus,
1671 3885 1886 3954 quando
1930 3888 2084 3939 dcte-

503 3988 710 4033 stantes
736 3977 1073 4050 tyrannidem
1103 3977 1302 4033 diaboli
1329 3994 1435 4048 qua
1466 3993 1564 4034 nos
1588 3978 1948 4047 opprimebat,
1974 3978 2084 4032 cla-

504 4074 768 4127 mavimus
795 4073 862 4127 ad
890 4071 1109 4127 Patrem
1141 4089 1155 4125 :
1191 4090 1209 4123 ι
1245 4071 1446 4126 Emitte
1475 4070 1655 4127 lumen
1686 4082 1837 4127 tuum
1865 4082 1919 4127 et
1944 4073 2084 4126 veri-

503 4173 673 4219 tatem
714 4174 861 4218 tuam
885 4164 955 4218 ⁷⁸.
1004 4182 1025 4217 ι
1068 4163 1180 4219 Deo
1214 4172 1397 4218 autem
1434 4177 1591 4218 sacra
1633 4162 1915 4232 Scriptura
1948 4178 2086 4232 opus

503 4254 773 4310 attribuit.
808 4253 1002 4310 Omnia
1035 4254 1180 4309 enim
1216 4269 1337 4324 qua:
1371 4254 1665 4309 humanam
1700 4265 1947 4310 naturam
1986 4272 2083 4311 cx-

502 4347 728 4413 cedunt,
759 4359 923 4418 opera
956 4346 1051 4401 Dei
1083 4346 1277 4401 merito
1303 4353 1587 4401 vocantur.

798 4472 1374 4570 ASSERTIO
1446 4475 1775 4563 XXII.

507 4624 573 4679 In
603 4623 761 4698 illud,
791 4642 810 4675 ι
845 4622 920 4676 De
948 4624 1033 4675 die
1061 4631 1109 4676 et
1128 4623 1271 4698 liora
1298 4622 1396 4698 illa
1421 4639 1569 4698 nemo
1600 4627 1761 4698 novit,
1791 4642 1882 4698 nec
1911 4627 2087 4698 angeli

622 4695 893 4759 calorum,
926 4709 1086 4762 neque
1117 4690 1317 4755 Filius,
1347 4695 1447 4746 nisi
1481 4693 1646 4749 Pater
1667 4696 1812 4749 solus
1835 4696 1904 4749 ".
1942 4716 1961 4748 ι

968 4867 1203 4939 Objectio
1235 4870 1626 4925 hmreticorttm.

575 4984 646 5040 At
685 4982 988 5054 quomodo,
1026 4983 1314 5053 inquiunt,
1350 4985 1458 5039 erit
1497 4983 1693 5040 similis
1733 4983 1904 5040 Filius
1942 4984 2088 5043 Patri

2117 4469 2165 4524 D

2183 3250 2317 3297 τοις,
2357 3233 2457 3287 οὐκ
2498 3233 2563 3287 ἄν
2600 3250 2687 3297 τις
2734 3233 2880 3287 εἴποι
2921 3236 3044 3288 τότε
3093 3238 3230 3307 πρὸς
3258 3239 3445 3293 οὐσίαν
3474 3242 3782 3313 κεκλῆσθαι

2183 3323 2275 3377 τὸν
2311 3324 2467 3388 Θεὸν,
2496 3324 2583 3376 ὅτε
2615 3323 2694 3394 τῷ
2724 3325 2916 3396 πένητι
2948 3326 3137 3395 γέγονε
3172 3333 3483 3403 καταφυγή.
3520 3333 3635 3386 Ἀεὶ
3667 3336 3781 3406 γὰρ

2184 3416 2260 3469 ὢν
2294 3414 2453 3469 τοῦτο
2487 3416 2582 3470 καὶ
2614 3415 2803 3480 σώζων
2850 3418 2977 3481 τοὺς
3011 3418 3422 3491 ἀδικουμένους,
3466 3426 3663 3493 γέγονε
3696 3430 3779 3495 τῷ

2187 3505 2289 3576 μὲν
2316 3506 2481 3559 Δαὸἰδ
2513 3511 2594 3569 εἰς
2629 3505 2762 3559 Θεὸν
2797 3507 3235 3582 ὑπερασπιστὴν,
3260 3512 3339 3582 τῷ
3370 3512 3425 3565 δὲ
3460 3514 3652 3586 πένητι
3685 3534 3779 3570 κα-

2182 3599 2425 3668 ταφυγή.
2453 3597 2666 3669 Ὥσπερ
2690 3594 2785 3652 οὖν
2811 3599 2948 3670 ὅπερ
2972 3596 3041 3671 ἦν
3064 3602 3172 3666 ἀεὶ,
3198 3603 3357 3658 τοῦτο
3380 3604 3590 3674 γίνεται
3618 3612 3776 3662 πάλιν

2183 3689 2261 3759 τῷ
2304 3688 2548 3743 αἰτοῦντι
2595 3691 2691 3744 καὶ
2742 3693 3202 3763 προσευχομένῳο
3246 3695 3389 3749 οὕτω
3432 3699 3525 3749 καὶ
3561 3702 3589 3752 ὁ
3637 3702 3775 3769 Npt-

2186 3782 2344 3845 στὸς,
2387 3780 2592 3850 Κύριος
2632 3780 2706 3834 ὣν
2736 3783 2822 3835 ἀεὶ
2866 3785 2960 3835 καὶ
2992 3783 3246 3853 βασιλεὺς
3286 3787 3363 3849 Co;
3396 3788 3554 3850 Θεὸς,
3586 3791 3773 3857 γέγονε

2183 3876 2280 3929 καὶ
2323 3877 2380 3928 ὲν
2416 3878 2546 3945 ἡμῖν
2595 3876 2830 3946 Κύριος,
2871 3878 2960 3930 ὅτε
2998 3879 3092 3931 τοῦ
3129 3881 3445 3949 συνέχοντος
3484 3886 3630 3954 ἡμᾶς
3660 3887 3769 3938 δικ-

2186 3967 2344 4020 6όλου
2388 3968 2488 4036 τὴν
2528 3968 2820 4038 τυραννίδα
2870 3971 3235 4041 μισήσαντες,
3276 3972 3590 4044 ὲδοὴσαμεν
3640 3981 3766 4046 πρὸς

2184 4059 2277 4112 τὸν
2324 4059 2581 4129 Πατέρα·
2620 4079 2639 4111 ‹
2686 4060 3100 4124 Ἐξαπόστειλον
3150 4063 3215 4116 τὸ
3246 4063 3363 4132 φῶς
3410 4083 3507 4119 σου
3552 4071 3645 4121 καὶ
3677 4072 3765 4139 τὴν

2186 4150 2445 4221 ἀλήθειάν
2480 4167 2595 4205 σου.
2629 4171 2649 4201 ι
2683 4151 2802 4222 Θεῷ
2829 4152 2887 4207 δὲ
2915 4153 2977 4205 τὸ
3022 4154 3183 4224 ἔργον
3230 4157 3551 4228 ἀνατίθησιν
3585 4162 3615 4230 ἡ
3657 4162 3762 4214 θεία

2187 4244 2401 4314 Γραφή.
2447 4243 2633 4297 Πάντα
2667 4243 2776 4315 γάρ
2814 4247 2915 4299 ὅσα
2948 4247 3048 4316 τὴν
3083 4246 3369 4317 ἀνθρώπου
3418 4250 3583 4318 φύσιν
3619 4253 3761 4316 ἐξά).-

2186 4334 2358 4400 λεται,
2384 4335 2557 4390 ταῦτα
2586 4335 2814 4401 δικαίως
2844 4337 2980 4408 ἔργα
3012 4338 3257 4393 καλεῖται
3288 4341 3452 4394 Θεοῦ-

2674 4460 3041 4546 ΛΟΓΟΣ
3116 4460 3304 4546 KB’.

2197 4621 2302 4684 Εἰς
2332 4620 2419 4679 τὸ,
2461 4639 2481 4670 ο
2521 4620 2662 4688 Περὶ
2716 4618 2827 4687 τῆς
2886 4618 3113 4688 ἡμέρας
3166 4620 3404 4685 ἐκείνης
3451 4620 3547 4675 καὶ
3590 4620 3760 4688 ὥρης,

2259 4690 2459 4756 οὐδεὶς
2500 4686 2685 4757 οἶδεν,
2734 4686 2877 4743 οὐδὲ
2916 4686 2972 4743 οἱ
3001 4686 3249 4758 ’ἄγγελοι
3306 4690 3423 4742 τῶν
3482 4686 3760 4757 οὐρανῶν,

2258 4759 2400 4813 οὐδὲ
2427 4763 2460 4814 ὁ
2506 4760 2659 4827 Υἱὸς,
2688 4762 2740 4813 εἰ
2763 4760 2850 4828 μὴ
2875 4763 2908 4814 ό
2943 4759 3145 4827 Πατὴρ
3171 4764 3376 4829 μόνος.
3400 4781 3418 4809 ›

2465 4872 2786 4938 Ἁντίθεσις
2812 4873 2881 4925 ἐκ
2911 4870 3031 4925 τῶν
3061 4872 3508 4941 Χριστομάχων.

2263 4984 2372 5038 Καὶ
2404 4984 2543 5048 πῶς,
2582 4986 2769 5054 φασὶν,
2810 4985 2962 5038 ἔσται
3010 4988 3129 5040 κατ’
3158 4986 3345 5039 οὐσίαν
3376 4988 3560 5056 ὅμοιος
3593 4989 3620 5039 ὁ
3652 4987 3759 5049 Υἱὶς

504 5075 801 5131 secundum
847 5075 1167 5141 essentiam,
1206 5090 1329 5132 cum
1377 5077 1522 5131 dicat
1565 5076 1732 5146 218
1776 5092 1835 5131 se
1879 5080 2077 5133 nescire

2188 5075 2266 5146 τῷ
2301 5076 2499 5146 Πατρί,
2527 5076 2701 5144 λέγων
2733 5078 2808 5146 μὴ
2837 5076 3037 5131 εἰδέναι
3072 5077 3172 5147 τὴν
3206 5078 3420 5148 ἡμέραν
3455 5077 3555 5145 τῆς
3597 5094 3760 5129 συντε-

503 5165 646 5219 diem
683 5164 1173 5220 consummationis
1210 5163 1393 5220 saeculi
1429 5178 1444 5218 :
1483 5179 1643 5235 quem
1687 5164 1888 5235 alioqui
1932 5167 2077 5223 Patet

2187 5167 2338 5231 λείας
2382 5167 2478 5220 τοῦ
2528 5167 2755 5231 αἰῶνος*
2800 5168 2980 5221 καίτοι
3022 5167 3117 5220 τοῦ
3164 5168 3375 5238 ΙΙατρὸς
3425 5168 3653 5231 εἰδότος,
3694 5166 3759 5227 ὣς

506 5256 677 5321 ιιονίι,
704 5267 762 5311 ut
792 5256 908 5327 ipse
938 5257 1172 5313 fatetur?
1198 5256 1389 5327 Magna
1417 5258 1564 5313 enim
1596 5258 1650 5314 in
1680 5259 1782 5315 hoc
1811 5260 2090 5316 dissimili-

506 5349 636 5403 tudo
661 5349 926 5416 cernitur,
957 5359 1013 5405 et
1043 5349 1307 5406 naturalis
1338 5351 1582 5420 quaedam
1613 5352 2001 5425 discrepantia.

1002 5460 1213 5517 Salutio
1251 5462 1582 5533 objectiom’s.

578 5571 636 5626 Si
667 5572 779 5642 ipse
806 5582 890 5630 est
916 5577 1168 5632 conditor
1191 5577 1533 5643 smculorum,
1563 5589 1615 5632 ct
1645 5589 1971 5646 temporum,
2003 5589 2087 5632 at-

578 5732 624 5763 "
661 5730 798 5786 Psal.
830 5748 1009 5801 CXLIV,
1053 5735 1139 5787 15.
1217 5738 1262 5766 ⁷⁵
1293 5735 1435 5790 Psal.
1476 5751 1606 5800 xvtt,
1646 5735 1729 5786 l9.

1812 5737 1856 5767 ⁷³
1895 5736 2033 5791 Psal.
2072 5753 2145 5805 ix,
2178 5738 2260 5791 10.
2343 5741 2387 5770 ⁷⁸
2422 5740 2568 5794 l’sal.
2607 5756 2738 5805 xui,
2780 5743 2830 5795 3.

2190 5276 2357 5329 φησιν
2399 5259 2595 5325 αὐτός;
2630 5258 2773 5312 Πολὺ
2809 5260 2919 5331 γάρ
2957 5262 3016 5314 ἐν
3059 5259 3235 5330 τούτῳ
3273 5260 3335 5313 τὸ
3374 5260 3625 5331 ἀνόμοιον
3652 5258 3757 5329 φαί-

2191 5368 2364 5415 νεται,
2392 5353 2486 5404 καί
2518 5353 2723 5422 φυσική
2756 5368 2839 5413 τις
2873 5351 3177 5414 διάστασις.

2688 5466 2846 5533 Πρὸς
2875 5465 3050 5519 τοῦτο
3084 5466 3283 5529 λύσις.

2272 5580 2329 5630 Εἰ
2361 5578 2519 5640 αὐτὸς
2542 5579 2656 5632 ἐστι
2679 5580 2906 5649 ποιητὴς
2927 5578 3156 5641 αἰώνων,
3180 5579 3271 5629 καὶ
3297 5577 3521 5647 χρόνων,
3551 5580 3637 5631 καὶ
3658 5594 3754 5631 και·

2914 5744 2955 5772 ⁷⁷
2994 5740 3182 5796 Matth.
3214 5760 3360 5807 μιν,
3395 5746 3481 5802 56.
