4124 6502
310 433 419 493 3G9

1730 450 2169 510 TllES.\UllUS.
3493 448 3601 507 570

314 552 596 667 ρῶν,’ἔστι
629 554 685 609 δὲ
724 554 915 667 οὕτως,
950 559 1063 623 πῶς
1101 559 1176 625 ὡς
1207 560 1337 632 μίαν
1371 563 1584 637 ἡμέραν
1624 569 1718 622 καὶ
1755 568 1913 641 ὥραν.

2014 586 2114 640 que
2151 571 2255 626 hoc
2290 582 2417 625 vere
2456 566 2526 622 ita
2568 573 2652 622 est
2691 583 2705 620 :
2741 566 3012 636 quomodo
3054 580 3219 621 unum
3258 564 3399 620 diem
3438 572 3601 633 atque

312 645 592 716 ἀγνοήσας
632 646 761 717 παρ’
794 648 922 718 ὑμῖν
958 649 1236 722 κρίνεται;
1282 653 1407 718 Πῶς
1450 654 1509 710 δὲ
1546 655 1691 728 ἅπερ
1735 658 1900 723 αὐτὸς

2014 664 2197 718 horam
2242 661 2499 732 ignorare
2531 657 2685 713 vobis
2724 658 3013 712 censetur?
3051 657 3333 724 Quomodo
3371 655 3497 710 item
3537 667 3601 710 ea

314 737 563 808 ἐποίησε,
606 738 680 808 μὴ
718 738 917 794 εἰδέναι
957 740 1216 810 δύναται;
1251 744 1406 798 Ἔστι
1434 745 1613 800 τοίνυν
1648 748 1899 813 ἐξετάσαι

2014 768 2128 824 quae
2163 752 2324 816 fecit,
2362 749 2577 806 nescire
2611 748 2828 818 potest?
2860 746 3237 817 lnvestiganda
3274 745 3438 817 igitur
3469 755 3600 800 sunt

314 827 388 882 τὰ
433 829 887 931 εἰρημένα-παρ’Δ
913 833 1081 888 αὐτοῦ
1134 835 1273 906 πρὸς
1318 837 1445 900 τοὺς
1478 838 1746 910 μαθητάς.
1792 839 1902 894 Καὶ

2014 860 2125 913 qua;
2162 846 2231 899 ah
2267 844 2385 913 ipso
2422 837 2707 910 discipulis
2747 838 2892 893 dicta
2932 844 3078 892 sunt.
3121 836 3162 890 E
3201 836 3398 904 quibus
3444 834 3602 890 facile

321 919 507 989 σαφῶς
534 919 676 1026 έστιν
705 920 964 976 ἐντεῦθεν.
984 923 1132 991 ίδείν,
1153 926 1345 997 ὅτιπερ
1368 921 1506 981 οἶδεν
1535 930 1629 982 καὶ
1646 928 1745 999 τὴν
1772 929 1903 1000 ἠμέ-

2014 934 2280 993 constabit
2303 935 2476 1004 ipsum
2501 940 2558 987 et
2578 931 2720 986 diem
2747 938 2802 984 et
2830 929 3021 984 horam
3046 927 3287 993 novisse,
3310 935 3367 981 ut
3394 927 3596 993 Deum;

324 1028 422 1118 ραν
465 1009 703 1118 καὶὶτὴν
747 1010 898 1082 ὤραν
939 1015 1017 1079 ὡς
1052 1015 1222 1082 Θεὸς,
1270 1017 1376 1073 κᾶν
1422 1019 1802 1075 ἀποδεικνύων
1846 1023 1904 1076 ἐν

2014 1027 2251 1093 tametsi,
2293 1024 2683 1082 humanitatem
2718 1035 2874 1078 suam
2907 1020 3221 1085 ostendens,
3254 1018 3506 1087 ignorare
3542 1031 3602 1072 se

322 1102 498 1171 ἐαυτῷ
534 1102 595 1155 τὸ
634 1102 997 1174 ἀνθρώπινον,
1045 1108 1120 1179 μὴ
1164 1109 1363 1164 εἰδέναι
1407 1110 1562 1185 λέγῃ,
1602 1114 1665 1166 Εἰ
1696 1113 1805 1185 γάρ
1837 1113 1907 1166 τὰ

2014 1122 2175 1176 dicat.
2249 1118 2307 1175 Si
2348 1118 2493 1175 enim
2557 1114 2737 1172 omnia
2804 1127 2926 1184 quae
2990 1121 3119 1166 ante
3156 1110 3301 1166 diem
3340 1108 3490 1164 illum
3546 1118 3601 1163 et

321 1192 550 1263 ἐσόμενα
580 1194 756 1248 πάντα
788 1195 896 1267 πρὸ
921 1199 1021 1269 τῆς
1050 1200 1264 1270 ἡμέρας
1310 1202 1413 1255 καὶ
1436 1204 1538 1274 τῆς
1572 1203 1723 1275 ὧρας
1765 1206 1908 1259 ἐκεί-

319 1301 416 1355 νης
454 1284 721 1355 διηγεῖται
766 1289 975 1358 σαφῶς,
1015 1291 1119 1345 καί
1147 1312 1349 1364 φησιν·
1389 1296 1581 1350 Ἔσται
1620 1297 1720 1366 μὲν
1751 1297 1904 1364 τόδε,

320 1380 658 1451 συμϐήσεται
695 1381 753 1436 δὲ
791 1384 990 1448 ἐκεῖνο,
1030 1381 1151 1439 εἶτα
1192 1387 1254 1439 τὸ
1292 1387 1444 1450 τέλος
1468 1404 1484 1420 ο
1526 1387 1688 1457 δῆλον
1715 1389 1798 1443 ὅτι
1839 1389 1909 1444 τὰ

318 1472 423 1542 πρὸ
450 1472 621 1542 αὐτῆς
650 1472 843 1542 εἰδὼς,
892 1476 987 1529 καὶ
1032 1476 1205 1549 αὐτὴν
1253 1478 1568 1532 ἐπίσταται.
1603 1480 1761 1534 Μετά
1800 1479 1912 1550 γὰρ

317 1562 385 1616 τὰ
407 1563 672 1635 εἰρημένα
698 1569 831 1638 παρ’
851 1567 1039 1632 αὐτοῦ,
1067 1568 1302 1638 τίθησιν,
1324 1570 1406 1623 ὅτι
1428 1569 1534 1625 «Τὸ
1552 1570 1703 1635 τέλος
1728 1572 1863 1627 ἐστί.
1886 1591 1909 1624 ι

318 1651 483 1717 Τέλος
511 1653 568 1707 δὲ
597 1654 652 1707 τί
687 1653 754 1708 ἂν
784 1655 971 1727 ἕτερον
997 1657 1080 1728 εἴη
1109 1656 1142 1727 ἢ
1175 1657 1390 1720 πάντως
1417 1658 1453 1727 ἡ
1471 1658 1675 1728 ἐσχάτη
1702 1658 1908 1731 ἡμέρα,

319 1745 386 1816 ἢν
414 1746 628 1813 ἀγνοεῖν
660 1746 873 1818 ἔφησεν
904 1750 1286 1821 οἰκονομικῶς,
1317 1750 1620 1815 ἀποσώξων
1650 1752 1816 1806 πάλιν
1843 1755 1909 1825 τῇ

317 1839 704 1912 ἀνθρωπότητι
734 1842 834 1914 τὴν
860 1844 999 1915 αὐτῇ
1032 1842 1349 1915 πρέπουσαν
1370 1863 1391 1912 ;
1416 1844 1570 1911 τάξιν
1602 1845 1915 1917 ’Λνθρωπόρ

316 1948 478 2002 τητος
504 1933 626 2005 γὰρ.
645 1934 774 1989 ἴδιον
801 1936 864 1990 τὸ
900 1936 977 2007 μὴ
1010 1936 1213 1991 εἰδέναι
1242 1936 1311 1990 τά
1341 1936 1626 2007 μέλλοντα.

764 2156 973 2224 ΛΛΛΟ,
1004 2154 1462 2228 διηγηματικῶς.

400 2264 491 2318 Ἑν
517 2268 637 2330 ταῖς
664 2265 758 2321 τοῦ
794 2268 1051 2340 Σωτῆρος
1094 2271 1301 2338 φωναῖς
1335 2270 1549 2342 ἀνάγκη
1582 2269 1673 2323 τὸν
1722 2270 1912 2341 χρόνον

318 2355 691 2423 ἐξετάζεσθαι,
724 2358 846 2412 καθ’
886 2359 945 2413 δν
975 2361 1189 2431 εἴρηται
1230 2362 1359 2430 παρ’
1391 2360 1555 2413 αὑτοῦ
1580 2378 1593 2391 ·
1631 2360 1773 2414 οὕτω
1805 2361 1913 2432 γὰρ

318 2443 381 2497 τὸ
409 2446 713 2501 πλανᾶσθαι
740 2448 1162 2519 διαφευξόμεθα.
1206 2448 1267 2503 Εἰ
1301 2452 1399 2521 μὲν
1440 2448 1534 2506 οὖν
1566 2453 1673 2524 πρὸ
1700 2453 1798 2524 τῆς
1826 2455 1913 2506 ὲν-

319 2536 732 2610 ανθρωπήσεως
758 2539 787 2592 ὁ
814 2538 921 2593 τοῦ
940 2540 1076 2593 Θεοῦ
1108 2541 1282 2611 Λόγος
1325 2543 1637 2613 εὑρίσκεταί
1676 2561 1781 2597 που
1818 2562 1915 2599 τα·

319 2630 506 2685 πεινόν
526 2649 577 2685 τι
604 2635 732 2704 περὶ
754 2634 951 2688 ἑαυτοῦ
974 2636 1236 2707 λαλήσας,
1262 2638 1517 2692 ἁπτέσθω
1542 2640 1638 2709 τῆς
1661 2640 1914 2711 θεότητος

316 2719 509 2785 αὑτοῦ,
538 2723 631 2775 καὶ
661 2724 915 2795 φερέσθω
956 2727 1079 2779 κατ’
1108 2726 1326 2797 ἐκείνης
1356 2728 1426 2781 τά
1466 2730 1705 2800 ῥήματα.
1752 2730 1819 2783 El
1856 2731 1913 2784 δὲ

313 2810 405 2865 ὅτε
438 2810 631 2879 γέγονε
666 2812 837 2884 σάρξ,
861 2815 1230 2886 ἀνθρωπίναις
1264 2820 1539 2889 ἐχρήσατο
1580 2824 1809 2890 φωναῖς,
1842 2821 1917 2873 ἵν’

314 2901 485 2967 ὅπως
529 2905 723 2959 ἑαυτὸν
768 2908 860 2960 καὶ
910 2908 1197 2980 ἄνθρωπον
1244 2910 1375 2965 δντα
1421 2912 1602 2984 δείξῃ,
1648 2914 1767 2977 πῶς
1811 2915 1911 2968 οὐκ

318 2993 613 3048 ἀκόλουθον
642 2998 725 3059 εἰς
766 2997 864 3067 τὴν
895 2997 1295 3071 ἀνθρωπότητα
1327 3001 1516 3073 φέρειν
1547 3003 1615 3057 τὰ
1642 3004 1919 3076 ἀνθρωπίὲν

316 3102 425 3149 τως
456 3088 720 3159 εἰρημένα
748 3106 762 3155 ;
792 3088 964 3143 Τοῦτο
990 3092 1097 3164 γάρ
1140 3094 1297 3147 ἐστιν
1315 3095 1676 3165 ἀποδέχεσθαι
1705 3098 1804 3167 τῆς
1831 3098 1911 3150 oi-

320 3179 578 3249 κονομίας
602 3179 693 3234 τὺν
721 3182 943 3251 τρόπον.
980 3182 1041 3236 Εἰ
1074 3183 1173 3255 μέν
1202 3185 1313 3256 γὰρ
1354 3187 1415 3239 οὑ
1446 3187 1671 3254 γέγονεν
1703 3186 1912 3256 ἀνθρω-

2011 1215 2201 1268 boram
2227 1217 2489 1267 eventura
2513 1217 2727 1274 essent,
2746 1204 3033 1263 manifeste
3062 1202 3320 1275 explicat,
3348 1210 3402 1258 et
3425 1200 3599 1256 dicit:

2012 1306 2128 1362 Hoc
2160 1305 2376 1376 quidem
2407 1303 2532 1368 erit,
2565 1299 2694 1356 illud
2722 1312 2859 1355 vero
2885 1296 3127 1361 accidet,
3166 1303 3222 1350 et
3259 1302 3370 1347 tum
3403 1290 3505 1347 erit
3539 1290 3601 1344 il-

2013 1396 2125 1459 nis,
2159 1393 2505 1449 manifestum
2537 1399 2622 1448 est
2655 1392 2819 1461 quod,
2857 1390 2902 1444 si
2936 1403 3055 1459 qua:
3090 1386 3229 1442 diem
3265 1384 3413 1439 illum
3447 1389 3602 1436 ante-

2014 1501 2231 1541 cessura
2271 1493 2457 1550 erant,
2498 1490 2714 1548 nosset,
2754 1481 2927 1550 ipsum
2973 1479 3138 1534 etiam
3180 1477 3321 1532 diem
3362 1471 3598 1529 noverit.

2013 1575 2148 1629 Nam
2180 1584 2301 1644 post
2330 1573 2418 1628 illa
2449 1587 2568 1641 qua:
2597 1570 2666 1626 ab
2692 1571 2810 1639 ipso
2840 1568 3101 1639 praedicta
3121 1574 3267 1632 sunt,
3295 1560 3600 1630 subiungit,

2021 1684 2040 1717 ι
2081 1665 2233 1719 Tunc
2265 1664 2373 1719 erit
2407 1662 2597 1718 linis”
2634 1679 2648 1716 :
2694 1680 2715 1712 ι
2753 1660 2879 1715 linis
2912 1668 3129 1722 autem,
3162 1657 3417 1727 quidnam
3455 1653 3598 1706 aliud

2014 1758 2088 1812 sit
2123 1771 2286 1828 quam
2326 1755 2442 1826 ipse
2480 1752 2702 1809 ultimus
2738 1752 2885 1816 dies,
2926 1764 3087 1820 quem
3129 1749 3383 1819 ignorare
3419 1760 3479 1800 se
3517 1757 3602 1797 re-

2017 1858 2211 1919 spectu
2234 1847 2622 1904 incarnationis
2652 1845 2835 1909 dixit,
2854 1843 3100 1900 ordinem
3130 1849 3193 1896 et
3215 1840 3472 1895 decorum
3502 1835 3601 1888 hu-

1942 1933 2260 1996 Bmanitati
2311 1937 2641 1994 conveniens
2700 1934 2975 1992 servans?
3030 1929 3410 1987 Humanitatis
3446 1925 3599 1981 enim

2014 2031 2294 2103 proprium
2322 2038 2403 2086 est
2430 2029 2610 2084 futura
2641 2028 2914 2089 ignorare.

2532 2160 2762 2227 ALIUD,
2802 2160 3086 2214 narrative.

2085 2277 2141 2331 ιιι
2173 2277 2246 2332 iis
2271 2291 2389 2345 qum
2420 2290 2451 2329 a
2483 2275 2776 2330 Servatore
2810 2282 3001 2328 nostro
3033 2269 3175 2322 dicta
3208 2272 3358 2331 sunt,
3388 2267 3609 2332 oportet

2016 2368 2304 2437 diligenter
2326 2368 2756 2422 animadvertere
2780 2379 2887 2433 quo
2915 2360 3154 2432 quidque
3181 2368 3425 2427 tempore
3449 2353 3601 2409 dixe-

2018 2461 2123 2526 rit;
2142 2459 2212 2514 ita
2241 2457 2384 2513 enim
2412 2456 2574 2512 facile
2596 2468 2838 2511 errorem
2863 2450 3209 2507 evitabimus.
3235 2447 3294 2502 Si
3319 2459 3450 2514 ergo
3476 2450 3604 2499 ante

2016 2549 2442 2605 incarnationem
2489 2544 2723 2601 Verbum
2772 2542 2867 2597 Dei
2916 2540 3122 2596 humile
3170 2535 3373 2605 aliquid
3423 2534 3492 2589 de
3542 2546 3603 2587 sc

2017 2642 2221 2697 dixisse
2272 2640 2566 2709 reperitur,
2617 2634 2955 2691 divinitatem
3004 2630 3125 2701 ejus
3174 2626 3494 2697 objurgent,
3545 2632 3603 2679 et

2015 2742 2203 2790 contra
2233 2746 2352 2787 eam
2406 2730 2609 2784 dictum
2666 2726 3135 2794 interpretentur..
3173 2718 3271 2775 Sin
3297 2731 3430 2774 vero
3476 2728 3601 2772 cum
3650 2728 3661 2733 ‘

2017 2824 2189 2879 [actus
2214 2831 2299 2877 est
2325 2835 2472 2882 caro,
2501 2819 2738 2873 humano
2764 2828 2916 2870 more
2942 2811 3155 2866 locutus
3180 2816 3286 2875 est,
3311 2815 3377 2862 ut
3390 2819 3518 2861 vere
3543 2818 3604 2860 se

2018 2913 2289 2969 hominem
2327 2924 2450 2964 esse
2487 2907 2774 2968 ostendat,
2803 2917 2913 2972 quo
2946 2910 3111 2972 pacto
3134 2913 3243 2955 non
3272 2898 3351 2953 sit.
3372 2908 3604 2952 consen-

2017 3013 2234 3060 taneum
2265 3001 2332 3055 ad
2363 2998 2754 3056 humanitatem
2811 2993 3021 3050 referre
3041 3005 3161 3062 qua:
3188 2992 3428 3047 humano
3452 3000 3604 3043 more

1966 3116 1970 3119 ·
2016 3094 2171 3149 dixit.
2207 3093 2320 3148 lloc
2350 3091 2495 3146 enim
2528 3098 2615 3144 est
2644 3102 2767 3144 sese
2795 3080 3254 3142 administrationi
3287 3094 3451 3150 quam
3483 3092 3604 3133 sus-

2016 3184 2198 3254 cepit,
2249 3183 2365 3238 sive
2425 3177 2829 3242 incarnationi,
2878 3172 3313 3230 accommodare.
3363 3168 3498 3223 Nam
3554 3168 3603 3221 si

322 3286 440 3336 πος,
481 3271 711 3326 λαλείτω
740 3273 924 3327 πάντα
957 3274 1034 3337 ῶς
1066 3274 1229 3339 Θεός·
1266 3277 1317 3329 εἰ
1345 3277 1400 3330 δὲ
1440 3277 1666 3345 γέγονεν
1704 3276 1917 3347 ἄνθρω-

2022 3283 2186 3335 homo
2221 3277 2401 3332 factus
2433 3290 2537 3330 non
2579 3281 2693 3335 est,
2734 3270 2986 3340 loquatur
3021 3264 3204 3322 omnia
3242 3270 3304 3317 ut
3341 3260 3529 3325 Deus;
3556 3256 3602 3313 si

321 3377 440 3425 πος,
467 3364 856 3434 συγχωρείσθω
895 3364 1076 3418 λαλεῖν
1103 3364 1287 3429 καθὼς
1311 3364 1618 3435 ἄνθρωπος,
1641 3366 1794 3421 οὐδὲν
1818 3366 1914 3420 αὐ·

322 3452 411 3506 τὸν
449 3451 742 3523 ἀδικούσης
783 3455 862 3516 είς
895 3453 988 3507 τόν
1035 3454 1135 3525 τῆς
1166 3453 1421 3524 θεότητος
1450 3456 1608 3525 λόγον
1644 3457 1745 3527 τῆς
1790 3454 1913 3510 καθ’

324 3543 469 3612 ἡμᾶς
496 3545 826 3614 οἰκονομίας.
855 3544 1025 3598 Τοῦτο
1054 3546 1166 3616 γὰρ
1191 3545 1345 3599 ἔσται
1374 3547 1437 3600 τὸ
1466 3548 1619 3618 παρά
1642 3547 1737 3600 τοῦ
1766 3546 1915 3601 Παύ-

324 3634 416 3688 λου
445 3636 767 3706 είρημένονο
798 3655 817 3687 ι
851 3635 1356 3707 Αἰχμαλωτίζοντες
1380 3639 1488 3692 πᾶν
1516 3637 1695 3709 νόημα
1718 3638 1799 3701 είς
1816 3636 1915 3708 τὴν

325 3726 570 3797 ὑπακοὴν
615 3727 709 3780 τοῦ
760 3728 1019 3798 Χριστοῦ.
1047 3745 1068 3779 ι
1104 3728 1265 3783 Ἰδιον
1302 3728 1403 3799 μὲν
1448 3723 1542 3783 οὖν
1573 3729 1668 3782 τοῦ
1713 3728 1918 3799 Λόγου,

327 3817 461 3872 καθὸ
501 3818 672 3887 Λόγος
696 3819 833 3884 ἐστὶ,
864 3819 927 3872 τὸ
954 3819 1156 3873 είδέναι
1183 3818 1295 3873 τῶν
1327 3821 1458 3891 παρ’
1484 3820 1649 3873 αὐτοῦ
1679 3838 1914 3892 πεποιη-

330 3910 506 3981 μένων
534 3912 633 3982 τὴν
663 3911 837 3983 ἀρχὴν
866 3912 961 3970 καὶ
992 3912 1060 3967 τὰ
1091 3912 1251 3983 τέλη·
1281 3912 1340 3966 ἓν
1372 3912 1430 3966 δὲ
1458 3913 1566 3967 τῶν
1595 3914 1917 3985 ποιημάτων

323 4003 355 4055 ὁ
381 4000 592 4073 χρόνος,
623 4004 720 4057 καὶ
745 4005 773 4057 ὁ
805 4004 1038 4074 ποιήσας
1070 4002 1235 4056 αὐτὸν
1281 3998 1391 4057 οἶδέ
1429 4022 1530 4057 που
1569 4005 1786 4069 πάντως
1822 4005 1917 4060 καὶ

330 4094 491 4166 μέχρι
519 4095 664 4161 τίνος
690 4096 838 4167 αὑτῷ
866 4096 927 4150 τὸ
956 4095 1278 4151 συνεστάναι
1307 4095 1626 4169 δεδώρηται.

1034 4230 1243 4284 ΑΛΛΟ*

396 4346 559 4415 Λέγει
596 4362 701 4398 που
732 4344 868 4415 πρὸς
895 4343 986 4398 τὸν
1012 4342 1210 4396 ἑαυτοῦ
1244 4342 1463 4414 Πατέρα
1501 4342 1914 4413 διαλεγόμενοςο

334 4458 357 4492 ι
386 4439 589 4511 Πάτερ,
629 4436 885 4507 ἐλήλυθεν
917 4438 952 4507 ὴ
984 4436 1136 4508 ὥρα,
1182 4435 1403 4501 δόξασόν
1447 4452 1542 4488 σου
1592 4434 1685 4488 τὸν
1717 4433 1869 4488 Υἱόν.
1892 4452 1912 4486 ι

2022 3386 2152 3426 vero
2183 3371 2358 3426 lactus
2384 3378 2467 3424 est
2498 3367 2690 3431 homo,
2719 3357 3065 3420 concedatur!
3090 3356 3256 3412 etiam
3281 3352 3331 3408 ei
3376 3360 3435 3406 ut
3464 3350 3605 3405 sicut

2021 3463 2185 3519 homo
2212 3462 2486 3531 loquatur,
2509 3474 2632 3514 cum
2661 3452 2959 3512 iucarnatio
2988 3466 3093 3519 qua
3122 3448 3276 3503 nobis
3303 3443 3497 3501 similis
3524 3441 3604 3495 fa-

2021 3562 2143 3612 ctus
2171 3563 2284 3619 est,
2323 3550 2453 3605 nihil
2488 3549 2605 3620 ejus
2639 3544 2905 3601 divinitati
2941 3541 3163 3597 uilici-at.
3196 3537 3311 3592 lloc
3344 3534 3489 3591 enim
3520 3541 3605 3588 est

2022 3649 2164 3719 quod
2198 3662 2227 3701 a
2260 3645 2425 3701 Paulo
2452 3644 2654 3698 dictum
2684 3647 2769 3693 est
2796 3655 2810 3692 :
2848 3653 2882 3688 ι.
2905 3633 3253 3702 Captivantes
3277 3640 3492 3684 omnem
3523 3623 3610 3680 in-

2024 3716 2292 3795 tellectum
2325 3738 2380 3791 in
2409 3732 2771 3790 obedientiam
2802 3726 3004 3784 Christi
3019 3724 3087 3778 τ’.
3128 3742 3163 3775 ι.
3183 3718 3471 3790 Proprium
3503 3716 3603 3770 ita~

2022 3848 2130 3903 que
2160 3839 2245 3885 est
2270 3829 2468 3893 Verbo,
2507 3832 2773 3894 quatenus
2798 3817 3035 3876 Verbum
3072 3823 3195 3881 est,
3218 3825 3383 3867 nosse
3415 3823 3611 3862 eorum

2023 3938 2143 3993 quae
2177 3922 2246 3976 ab
2282 3921 2399 3990 ipso
2429 3916 2646 3973 condita
2681 3920 2808 3969 sunt
2843 3906 3109 3981 principia
3142 3913 3200 3960 et
3237 3903 3407 3969 lines;
3435 3913 3611 3954 unum

2023 3989 2157 4070 vero
2194 3989 2382 4069 eorum
2422 4024 2543 4079 qua:
2584 4005 2801 4062 condita
2838 4009 2967 4057 sunt
3004 4010 3089 4056 est
3137 4006 3378 4066 tempus,
3418 4000 3474 4047 et
3510 3989 3615 4060 qui

2024 4112 2239 4174 tempus
2265 4100 2505 4159 condidit
2522 4139 2539 4166 ,
2564 4095 2715 4155 novit
2743 4092 2985 4165 quandiu
3011 4089 3143 4147 illud
3167 4088 3239 4144 sit
3260 4087 3617 4143 duraturum-

2699 4226 2933 4285 ALIUD.

2098 4349 2356 4406 Servator
2385 4345 2583 4402 alicubi
2616 4344 2683 4400 ad
2718 4342 2935 4398 Patrem
2971 4352 3128 4395 suum
3162 4336 3237 4391 ita
3271 4334 3349 4389 ait
3385 4352 3399 4389 :
3436 4329 3607 4402 219

2031 4460 2050 4493 ι
2084 4441 2265 4507 Pater,
2289 4440 2437 4495 venit
2461 4439 2615 4503 hora,
2638 4435 2879 4507 glo‘riiica
2904 4432 3099 4489 Filium
3128 4426 3447 4484 tuum“.»Si
3474 4441 3604 4495 ergo

327 4533 392 4585 El
433 4531 613 4584 τοίνυν
657 4526 797 4583 οἶδεν
842 4525 1087 4598 ἀκριϐῶς
1132 4526 1233 4597 τὴν
1271 4525 1443 4597 ὤραν,
1486 4525 1555 4597 ἢν
1598 4524 1917 4597 ἐληλυθέναι

2025 4542 2215 4589 exacte
2241 4531 2389 4587 novit
2416 4530 2628 4595 horam,
2657 4541 2817 4598 quam
2844 4524 3058 4581 venisse
3085 4521 3239 4587 dicit,
3264 4519 3390 4589 quid
3420 4518 3603 4572 obstat

327 4625 498 4694 λέγει,
524 4623 576 4677 τί
606 4622 669 4676 τὸ
696 4619 905 4676 κωλύον
926 4619 1121 4675 εἰδέναι
1150 4618 1430 4689 κάκείνην,
1455 4618 1615 4689 ἢνὼς
1630 4616 1916 4689 ἄνθρωπος

2018 4624 2308 4697 quominus
2330 4629 2387 4678 et
2410 4621 2555 4676 illam
2582 4621 2751 4686 norit,
2775 4624 3034 4689 quam,ut
3058 4615 3247 4678 homo,
3267 4614 3516 4682 ignorare
3540 4622 3599 4663 se

327 4718 543 4785 ἀγνοεῖν
587 4714 689 4786 μέν
721 4731 857 4784 φησι
903 4711 993 4767 διὰ
1038 4710 1098 4765 τὸ
1137 4714 1205 4782 τῇ
1252 4709 1633 4781 ἀνθρωπότητι
1680 4708 1912 4780 πρέπον,

2021 4717 2221 4786 inquit,
2250 4714 2399 4785 fquod
2439 4713 2491 4768 id
2528 4711 2848 4767 humanitati
2887 4706 3199 4773 conveniat,
3240 4702 3383 4758 norit
3420 4710 3599 4756 autem

327 4804 436 4863 οἶδε
466 4808 524 4861 δὲ
556 4807 776 4870 πάντως
809 4806 884 4869 ῶς
916 4803 1087 4869 Θεός;
1122 4803 1242 4874 Χρὴ
1288 4801 1343 4856 δὲ
1370 4802 1432 4855 οὐ
1466 4802 1556 4857 διὰ
1585 4800 1685 4872 τὴν
1726 4800 1913 4855 τοιαύ-

2022 4806 2244 4863 omnino
2285 4815 2344 4860 ut
2390 4802 2575 4861 Deus?
2602 4805 2671 4859 At
2714 4817 2820 4858 non
2865 4808 3080 4871 oportet
3118 4798 3188 4852 ob
3232 4797 3370 4850 hanc
3410 4806 3599 4847 vocem

329 4917 431 4972 την
464 4899 650 4971 φωνὴν
678 4898 1006 4969 κατηγορεῖν
1036 4894 1129 4949 τοῦ
1158 4893 1293 4948 Θεοῦ
1322 4894 1521 4962 Λόγου,
1553 4893 1647 4949 καὶ
1678 4893 1915 4963 ῥιψοκινο

2024 4899 2260 4955 Verbum
2287 4897 2382 4953 Dei
2409 4897 2685 4960 incusare,
2711 4902 2765 4950 et
2788 4891 3149 4964 ignorantiam
3177 4896 3379 4943 temere
3406 4883 3602 4938 illizob-

330 4993 505 5056 δύνως
546 4991 769 5060 ἄγνοιαν
796 4987 946 5059 αὐτῷ
980 4985 1317 5059 προσάπτειν
1361 4985 1515 5039 τινά’
1541 4983 1678 5039 ἀλλά
1714 4983 1915 5055 μᾶλλον

2014 4989 2220 5058 jicere;
2256 4989 2349 5044 sed
2390 4990 2573 5058 potius
2605 4986 2799 5041 mirari
2834 4998 3075 5039 amorem
3108 4996 3215 5050 quo
3247 4991 3374 5047 erga
3411 4977 3601 5028 humas-

332 5084 633 5156 θαυμάζειν
670 5081 837 5137 αὑτοῦ
864 5081 964 5152 τὴν
1007 5077 1435 5150 φιλανθρωπίαν,
1465 5078 1526 5132 οὐ
1570 5093 1916 5148 παραιτησα-

334 5177 497 5249 μένου
528 5176 618 5230 διά
658 5175 759 5247 τὴν
785 5176 864 5238 είς
894 5174 1041 5245 ἡμᾶς
1074 5171 1353 5241 ἀγάπησιν
1384 5170 1463 5233 εἰς
1490 5168 1758 5238 τοσαύτην
1788 5169 1916 5221 ἐαυ-

330 5269 422 5324 τὸν
460 5268 789 5323 ταπείνωσιν
834 5264 1186 5333 καταγαγεῖν,
1226 5262 1301 5326 ὡς
1347 5261 1524 5315 πάντα
1574 5259 1802 5331 φορέσαι
1847 5258 1916 5313 τὰ

331 5362 511 5432 ἡμῶν,
540 5353 616 5415 ὧν
644 5359 702 5413 ἐν
734 5356 971 5429 ὑπάρχει
998 5356 1094 5409 καὶ
1118 5355 1153 5424 ἡ
1181 5354 1393 5421 ἄγνοια.

1025 5471 1225 5525 ΛΛΛΟ.

418 5590 749 5663 Ἐρωτητέον
782 5590 907 5652 τοὺς
947 5584 1344 5658 χριστομάχους
1365 5624 1381 5647 ,
1426 5583 1548 5635 ὅτου
1582 5579 1647 5651 δὴ
1698 5579 1857 5650 χάριν
1886 5579 1914 5630 ὁ

334 5686 529 5758 Σωτὴρ
566 5683 830 5754 ἀγγέλους
877 5680 971 5735 καὶ
1017 5677 1143 5733 Υίὺν
1191 5675 1492 5747 ὀνομάσας,
1543 5670 1781 5743 οὐδαμοῦ
1816 5670 1910 5724 τοῦ

2023 5097 2150 5135 num
2181 5094 2349 5150 genus
2377 5077 2649 5149 ﬂagravit,
2676 5091 2783 5146 quo
2810 5074 3073 5145 impulsus
3100 5085 3207 5124 non
3240 5065 3509 5122 recusavit
3534 5067 3600 5118 ad

2024 5181 2227 5226 tantam
2258 5169 2612 5225 humilitatem
2640 5182 2762 5222 sese
2790 5164 3095 5227 demittere,
3122 5168 3179 5215 ut
3205 5158 3385 5214 omnia
3415 5166 3597 5212 nostra

2022 5263 2340 5329 susciperet,
2371 5274 2604 5330 quorum
2636 5259 2800 5314 etiam
2832 5269 3001 5311 unum
3030 5260 3116 5309 est
3144 5249 3468 5321 ignorantia.

2693 5459 2922 5517 ALIUD.

2093 5574 2459 5646 interrogandi
2513 5583 2640 5630 sunt
2696 5574 2879 5630 hostes
2934 5570 3179 5637 Christi,
3238 5568 3593 5640 quamobrem

2023 5669 2279 5726 Servatur
2308 5682 2432 5726 cum
2462 5666 2681 5740 angelos
2710 5674 2763 5724 ct
2794 5665 2995 5723 Filium
3018 5661 3334 5733 nominarit,
3362 5658 3599 5732 Spiritus

409 5862 453 5893 "‘
483 5862 668 5920 Matth.
700 5878 845 5926 μιν,
882 5860 962 5915 ιι.
1041 5858 1084 5888 τ’
1117 5856 1156 5911 11
1187 5855 1311 5912 Cor.
1348 5870 1404 5921 κ,
1446 5854 1495 5907 5.
1575 5854 1616 5883 ⁸ο
1652 5851 1804 5906 Joau.
1842 5866 1976 5917 xvu,
2012 5850 2058 5904 l.
