4124 6538
512 395 615 455 343

1516 398 1574 452 S.
1616 396 1889 453 CYRILLI
1927 393 2392 449 ALEXANDRINI
2434 394 2751 449 ARCHIEP.

3671 394 3777 449 διε

513 527 640 577 sunt
672 517 869 587 speciei
904 519 1100 586 (neque
1132 516 1277 570 enim
1309 514 1579 583 quispiam
1632 522 1781 569 recte
1812 512 2086 568 hominem

2198 510 2258 564 iv
2287 529 2371 574 τις
2395 512 2631 579 εὐλόγως
2661 513 2813 581 ἵππῳ
2841 509 3131 579 συγκρῖναι
3164 509 3256 562 τὸν
3278 508 3622 580 ἄνθρωπονῆ
3654 509 3776 562 κυνὶ

515 626 656 680 equo
684 607 999 667 contulerit.
1038 616 1130 660 aut
1160 621 1314 660 ovem
1341 607 1485 672 cani,
1543 607 1639 661 sed
1671 605 1946 660 hominem
1983 602 2081 656 lto-

483 738 487 741 τ
518 701 757 755 minibus
782 739 797 762 ,
838 708 893 753 et
943 712 1094 753 ovem
1131 698 1218 752 ovi
1246 696 1288 767 ),
1342 699 1715 752 necessarium
1748 695 1975 750 omnino
2005 702 2088 746 est

474 832 477 833 ν
519 805 578 848 ιιι
609 795 809 848 factum
840 806 958 846 esse
996 791 1189 845 Filium
1238 789 1530 852 fateamur,
1577 806 1702 845 cum
1730 796 2084 857 comparetur

516 883 744 952 angelis,
769 896 999 950 quorum
1033 891 1226 935 natura
1261 878 1403 934 facta
1429 890 1535 933 est.

1013 990 1224 1047 Salutio
1257 989 1581 1058 objectionir.

496 1103 500 1112 ’
589 1109 774 1162 Solent
834 1108 1051 1175 quidem
1105 1104 1544 1172 comparationes
1588 1103 1729 1155 inter
1782 1116 1867 1155 res
1910 1102 2092 1167 specie

516 1198 900 1252 convenientes
927 1195 1064 1249 ﬁeri.
1100 1192 1204 1247 Sed
1235 1207 1357 1246 cum
1387 1190 1652 1259 ejusmodi
1684 1190 1827 1243 inter
1854 1204 1911 1242 se
1943 1203 2089 1240 com-

517 1300 821 1358 parantur,
883 1301 1066 1340 vocem
1116 1283 1282 1346 illaut,
1327 1301 1345 1333 ι
1403 1280 1593 1334 melior
1641 1300 1657 1329 ι
1706 1294 1811 1332 non
1861 1277 2094 1331 libenter

518 1395 693 1448 neque
729 1378 948 1447 pr0prie
976 1374 1305 1437 admittunt;
1341 1371 1432 1425 sed
1465 1372 1637 1437 magis
1684 1380 1739 1422 et
1781 1370 1959 1421 llllllllS
1993 1384 2090 1437 po-

519 1473 626 1527 tius
658 1472 738 1526 eis
770 1468 1046 1533 convenit,
1080 1475 1173 1520 aut
1200 1481 1310 1534 prae
1346 1463 1618 1517 interdum
1646 1462 1813 1515 etiam
1850 1461 1973 1530 plus
2024 1461 2092 1514 de

515 1565 596 1620 eis
638 1563 794 1617 dici:
852 1561 1051 1628 quippe
1086 1573 1204 1626 qua:
1256 1555 1430 1624 magis
1474 1553 1750 1624 propriam
1802 1567 2092 1622 compara-

518 1659 714 1712 tionem
766 1654 1003 1710 ostendit
1049 1669 1061 1704 :
1111 1654 1180 1705 ita
1213 1649 1423 1718 ’Joscph
1470 1649 1744 1704 formosus
1777 1648 1896 1717 plus
1930 1663 2091 1717 quam

516 1750 713 1803 fratres
746 1749 826 1801 sui
860 1744 1056 1799 dicitur
1084 1745 1150 1795 ⁸⁵.
1183 1741 1347 1796 Stella
1380 1756 1510 1795 vero
1556 1755 1665 1793 non
1703 1739 1864 1810 203
1898 1739 2095 1794 dicitur

2190 604 2249 656 τὸ
2278 604 2571 675 πρόϐατον,
2630 603 2745 656 ἀλλ’
2796 602 3081 673 ἄνθρωπον
3129 601 3231 670 μὲν
3276 600 3604 671 ἀνθρώποις,
3625 599 3688 653 τὸ
3718 600 3775 653 δὲ

2193 692 2462 762 πρόϐατον
2490 692 2570 762 τῷ
2609 691 2912 762 προϐάτῳ),
2942 690 3158 760 ἀνάγκη
3180 690 3331 743 πᾶσα
3373 689 3599 759 γενητὸν
3636 682 3775 742 εἶναι

2193 783 2570 853 συνομολογεῖν
2592 782 2684 836 τὸν
2713 782 2860 846 Υἰὸν,
2902 782 2961 844 ὃς
2998 780 3250 849 ἀγγέλοις
3296 778 3645 850 συγκρίνεται
3667 779 3777 839 τοῖς

2193 874 2423 943 γενητὴν
2445 872 2626 943 ἔχουσι
2653 872 2752 943 τὴν
2780 873 2962 941 φύσιν.

2690 987 2846 1056 Πρὸς
2876 986 3053 1041 τοῦτο
3074 986 3275 1052 λύσις.

2261 1102 2477 1155 Φιλοῦσι
2500 1102 2597 1172 μὲν
2618 1096 3070 1171 ὁμολογουμένως
3120 1097 3177 1150 ὲν
3226 1094 3338 1158 τοῖς
3388 1088 3690 1163 ὁμοειδέσιν
3719 1088 3779 1141 αἱ

2196 1194 2513 1266 συγκρίσεις
2567 1191 2832 1262 γίνεσθαι.
2883 1189 3021 1244 Ἀλλ’
3058 1188 3188 1242 ὅταν
3243 1186 3311 1241 τὰ
3362 1182 3589 1239 τοιαῦτα
3640 1180 3779 1251 πρὸς

2194 1288 2398 1359 ἄλληλα
2432 1286 2704 1359 κρίνηται,
2738 1284 2797 1337 τὸ
2849 1302 2867 1335 ‹
2906 1280 3176 1353 κρείττων
3215 1298 3234 1331 ι
3290 1276 3548 1346 λέγεσθαι
3590 1275 3778 1345 μισεῖ,

2196 1384 2290 1436 καὶ
2318 1382 2417 1434 οὐκ
2449 1380 2665 1442 οἰκείως
2726 1375 3029 1439 ὲπιδὲξεται
3084 1374 3184 1445 τὴν
3212 1372 3418 1443 φωνήν·
3463 1366 3696 1440 ἁρμόσει
3720 1363 3781 1417 δὲ

2195 1475 2281 1529 ἐπ’
2311 1472 2492 1527 αὐτῶν
2527 1471 2587 1525 τὸ
2623 1470 2824 1541 μᾶλλον
2847 1469 2946 1522 καὶ
2971 1466 3031 1520 τὸ
3059 1460 3243 1538 ἦττον,
3274 1463 3369 1517 καὶ
3406 1461 3467 1515 τὸ
3493 1458 3780 1529 διαφερόν-

2194 1581 2301 1627 τως
2331 1562 2608 1630 λέγεσθαι,
2638 1560 2730 1613 καὶ
2783 1559 2845 1612 τὸ
2890 1557 3052 1617 πλέον
3106 1554 3217 1608 ἐσθ’
3247 1555 3354 1608 ὅτε·
3384 1551 3419 1605 ἃ
3444 1549 3508 1622 δὴ
3558 1550 3652 1603 καὶ
3682 1565 3782 1601 xu-

2198 1656 2461 1729 ριωτέραν
2520 1652 2755 1708 δεικνύει
2818 1651 2917 1722 τὴν
2965 1650 3287 1721 σύγκρισιν·
3339 1647 3517 1709 οὕτως
3577 1644 3780 1714 Ἰωσὴφ

2196 1749 2394 1819 ὡραῖος
2428 1745 2580 1816 παρά
2607 1745 2732 1808 τοὺς
2760 1740 3043 1812 ἀδελφούς.
3110 1740 3310 1810 Ἀστὴρ
3335 1738 3393 1791 δὲ
3431 1735 3593 1789 πάλιν
3622 1734 3782 1787 ἀστέ-

513 1840 707 1895 melior
741 1853 902 1907 quam
934 1836 1041 1890 alia
1078 1835 1257 1897 stella,
1286 1835 1380 1888 sed
1439 1832 1722 1889 excellere
1770 1832 1971 1902 gloria.
2013 1830 2091 1884 Ita

2199 1852 2291 1902 ρος
2328 1835 2389 1887 ού
2424 1832 2710 1902 κρείττων,
2744 1829 2879 1883 ἀλλά
2933 1828 3180 1900 διαφέρει
3216 1830 3271 1880 ὲν
3323 1826 3449 1897 δόξῃ
3477 1840 3492 1857 ο
3535 1823 3709 1885 οὕτως
3750 1824 3784 1875 ὁ

514 1934 776 1989 Servator
802 1931 1021 1998 quando
1059 1928 1368 1985 hominibus
1418 1936 1475 1981 ut
1522 1927 1685 1980 homo
1715 1934 2089 1993 comparatur,

514 2038 622 2078 non
657 2022 858 2077 dicitur
912 2020 1107 2075 melior
1157 2017 1601 2087 pulchritudine,
1656 2015 1753 2070 sed
1820 2015 2093 2069 formosus

514 2129 626 2184 prae
656 2114 780 2168 liliis
811 2112 1089 2166 hominum
1116 2110 1183 2163 “.
1239 2109 1372 2166 Cum
1402 2123 1529 2162 vero
1559 2123 1679 2177 quae
1710 2107 1939 2163 diversae
1968 2122 2092 2176 Spe.

512 2206 617 2262 eiei
650 2215 777 2260 sunt
821 2206 961 2258 inter
986 2219 1045 2257 se
1079 2210 1489 2271 comparantur,
1526 2209 1637 2253 tum
1676 2199 1845 2270 magis
1873 2199 2093 2267 proprie

513 2298 738 2361 dicitur,
777 2296 990 2351 melius.
1050 2298 1224 2363 Atque
1253 2296 1323 2348 ita
1363 2295 1631 2363 scriptum
1682 2302 1766 2346 est
1809 2308 1823 2344 :
1855 2310 1873 2342 r
1906 2290 2094 2346 Melior

515 2398 597 2444 est
628 2388 771 2443 enim
806 2387 1079 2454 sapientia
1100 2401 1261 2455 quam
1292 2387 1500 2454 lapides
1517 2385 1744 2454 pretiosi
1765 2384 1832 2439 ³⁸.
1870 2402 1889 2435 ι
1927 2384 2087 2451 Qum-

518 2494 641 2534 uam
672 2479 817 2535 enim
850 2487 933 2532 est
967 2478 1199 2531 societas
1238 2484 1447 2529 natura:
1478 2474 1757 2541 sapientia‘
1782 2490 1904 2529 cum
1951 2475 2086 2542 lapi-

519 2572 678 2627 dibus
698 2571 729 2622 ?'
756 2568 811 2622 Si
858 2584 995 2635 ergo
1043 2566 1384 2636 comparatio
1442 2580 1627 2620 rerqu
1681 2566 1861 2634 specie
1897 2580 2094 2621 come-

518 2661 786 2714 uieutium
822 2660 984 2715 aliam
1018 2660 1287 2712 rationem
1337 2656 1521 2719 habet,
1576 2654 1643 2710 de
1686 2658 1753 2711 iis
1802 2673 1930 2713 vero
1973 2674 2094 2727 qua:

516 2754 809 2808 secundum
873 2759 1119 2805 naturam
1181 2764 1332 2803 suam
1388 2748 1620 2804 diversa:
1671 2758 1796 2803 sunt
1850 2751 2093 2818 speciei,

517 2845 710 2899 melius
733 2844 931 2898 dicitur
958 2858 974 2898 :
1010 2854 1158 2897 certe
1200 2842 1368 2896 Filius
1390 2843 1598 2910 angelis
1613 2842 1811 2897 similis
1835 2858 1941 2895 non
1967 2844 2093 2905 erit,

519 2950 695 3005 neque
731 2935 904 2990 factus
933 2943 991 2988 ut
1024 2934 1123 2999 illi,
1157 2934 1251 2989 sed
1286 2933 1636 3005 hyperbolica
1683 2936 2093 3003 comparatione

518 3031 623 3082 hoc
676 3028 783 3082 ﬁet.
820 3030 997 3096 Atque
1016 3043 1078 3081 ea
1125 3028 1238 3096 ipsa
1276 3028 1486 3083 ratione
1509 3043 1617 3097 qua
1651 3028 1851 3083 dicitur
1879 3027 2090 3091 melior,

516 3120 744 3175 diversa:
774 3118 951 3187 potius
980 3134 1141 3187 quam
1170 3116 1413 3186 ejusdem
1448 3120 1650 3189 speciei
1679 3135 1803 3175 cum
1855 3120 1936 3174 eis
1963 3121 2089 3175 erit.

1045 3229 1279 3294 ALIUD,
1318 3230 1374 3283 in
1409 3231 1564 3285 idem.

589 3340 670 3407 Si,
700 3340 824 3409 quia
852 3354 1009 3394 sacra
1040 3339 1322 3409 Scriptura
1357 3340 1488 3395 dicit
1518 3359 1530 3397 :
1560 3359 1579 3393 ο
1604 3340 1777 3398 Tanto
1805 3343 1993 3397 melior
2021 3343 2099 3396 fa-

518 3440 639 3486 ctus
672 3431 907 3501 angelis,
940 3451 958 3484 ι
1000 3431 1239 3500 ejusdem
1272 3433 1470 3501 speciei
1506 3448 1629 3487 cum
1664 3435 1870 3507 angelis
1897 3444 1981 3490 est
2005 3433 2096 3488 Fi—

520 3524 645 3585 lius,
685 3533 871 3590 utpote
909 3524 991 3578 eis
1037 3533 1411 3591 comparatus,
1442 3524 1657 3578 videant
1689 3540 1851 3592 quam
1889 3524 2100 3593 pericu-

522 3616 633 3670 losa
668 3615 790 3669 inde
822 3623 1078 3682 sequatur
1125 3615 1536 3683 consequentia.
1566 3615 1714 3685 gQuid
1748 3617 1892 3670 enim
1923 3618 2102 3673 oberit

521 3705 808 3777 quominus
866 3705 974 3759 Deo
1023 3705 1266 3760 assidere
1312 3705 1555 3776 angelos,
1606 3722 1820 3775 unaque
1866 3722 1987 3761 cum
2035 3724 2098 3761 eo

521 3811 749 3866 regnare
804 3796 1085 3861 dicamus,
1143 3796 1389 3863 nihilque
1449 3796 1799 3853 excellentius
1850 3799 1904 3852 in
1961 3797 2098 3853 Filio

518 3892 678 3959 quam
714 3888 766 3942 in
819 3887 1031 3957 angelis
1076 3888 1239 3944 esse?
1268 3887 1402 3942 Nam
1444 3905 1566 3959 qua:
1608 3890 1848 3959 ejusdem
1900 3892 2095 3961 speciei

519 3989 667 4043 smn,
702 3978 919 4034 tametsi
961 3980 1252 4047 quamdam
1307 3980 1447 4033 inter
1492 3996 1549 4035 se
1592 3978 1953 4035 dili‘ercntiam
2000 3984 2095 4036 ha-

520 4072 710 4135 beant,
742 4069 985 4139 ejusdem
1022 4078 1200 4126 tamen
1235 4082 1361 4127 sunt
1410 4082 1640 4126 naturae.
1679 4071 1791 4126 llac
1824 4072 1966 4126 enim
2015 4088 2100 4126 ra-

523 4163 673 4216 tione
712 4164 875 4216 etiam
905 4161 1146 4231 ejusdem
1180 4162 1375 4232 speciei
1407 4162 1534 4218 sint.
1568 4163 1832 4228 Quocirca
1871 4178 1992 4217 cum
2035 4164 2099 4218 de

521 4250 729 4320 angelis
755 4250 968 4305 dicatur
989 4267 1003 4304 :
1027 4268 1046 4301 ι
1076 4248 1304 4305 Facieus
1328 4251 1548 4321 angelos
1570 4266 1695 4305 suos
1725 4252 1948 4321 spiritus
1965 4253 2011 4284 ’⁸
2033 4270 2049 4319 ;
2075 4274 2094 4305 ι

519 4345 586 4396 de
615 4341 750 4395 Filio
778 4351 959 4395 autem
992 4358 1005 4393 :
1041 4357 1059 4391 ι
1088 4338 1257 4396 Sedes
1287 4350 1397 4406 tua,
1432 4340 1592 4406 Deus,
1629 4344 1680 4396 in
1706 4343 1961 4398 saeculum
1995 4359 2096 4400 sae-

520 4433 624 4490 culi
651 4433 731 4501 ”;
762 4452 780 4485 r
820 4440 876 4487 et
901 4431 1103 4502 angeli,
1128 4432 1282 4502 juxta
1316 4432 1529 4487 illorum
1577 4434 1907 4499 opinionem,
1950 4437 2096 4506 ejus-

2197 1926 2409 1995 Σωτὴρ,
2447 1926 2536 1978 ὅτε
2558 1927 2671 1987 τοῖς
2690 1920 2997 1993 ἀνθρώποις
3051 1922 3127 1984 ὡς
3152 1919 3437 1991 ἄνθρωπος
3488 1917 3777 1986 συγκρίνε·

2194 2033 2305 2081 ται,
2342 2016 2403 2069 ού
2435 2013 2701 2086 κρείττων
2740 2012 2925 2067 κάλλει
2957 2012 3199 2080 λέγεται,
3226 2010 3340 2064 ἀλλ’
3372 2008 3573 2078 ὡραῖος
3624 2005 3781 2076 παρά

2192 2110 2321 2172 τοὺς
2356 2108 2506 2171 υἱοὺς
2528 2106 2638 2160 τῶν
2662 2103 2984 2176 ἀνθρώπων.
3012 2104 3142 2156 Ὅτε
3166 2102 3221 2155 δὲ
3250 2102 3315 2155 τὰ
3339 2102 3424 2153 ὲτε
3435 2099 3610 2171 ροειδῆ
3640 2098 3780 2169 πρὸς

2196 2199 2403 2270 ἄλληλα
2448 2199 2546 2269 τὴν
2588 2196 2873 2268 σύγκρισιν
2902 2195 3034 2264 ἔχει,
3093 2194 3215 2248 τότε
3254 2193 3475 2261 λέγεται
3499 2192 3562 2244 τὸ
3598 2191 3783 2261 κρεῖτ-

2196 2308 2287 2343 τον
2314 2286 2837 2360 οίκειότερον.ξοὓτω
2860 2286 2956 2341 καὶ
2971 2285 3304 2356 γέγραπται·
3329 2282 3647 2353 «Κρείσσων
3669 2278 3789 2348 γὰρ,

2199 2384 2360 2453 σοφία
2389 2382 2554 2436 λίθων
2585 2379 2912 2434 πολυτελῶν.
2950 2397 2969 2430 ι
3010 2379 3147 2431 Ποία
3175 2376 3232 2431 δὲ
3275 2374 3540 2429 κοινωνία⁹
3566 2371 3783 2442 φύσεως

2198 2476 2362 2547 σοφίᾳ
2401 2476 2496 2529 καὶ
2546 2473 2751 2540 λίθοις;
2785 2474 2849 2527 El
2904 2470 3082 2525 τοίνυν
3113 2470 3302 2540 ἕτερον
3336 2468 3438 2538 μὲν
3478 2466 3591 2535 ἔχει
3611 2463 3791 2517 τύπον

2197 2570 2255 2621 ἐν
2284 2569 2397 2631 τοῖς
2424 2565 2725 2638 ὁμοειδέσιν
2752 2567 2785 2633 ἠ
2815 2564 3127 2633 σύγκρισις,
3155 2562 3249 2614 ἐπὶ
3282 2560 3347 2614 δὲ
3370 2558 3480 2611 τῶν
3512 2556 3785 2627 ἀνομοίων

2196 2659 2341 2715 κατὰ
2359 2660 2457 2731 τὴν
2480 2657 2642 2728 φύσιν
2669 2656 2731 2709 τὸ
2752 2657 3000 2727 κρεῖττον
3024 2652 3305 2714 τάττεται,
3343 2651 3447 2702 οὐκ
3468 2649 3622 2701 ἔσται
3672 2649 3786 2707 τοῖς

2197 2750 2449 2820 ἀγγέλοις
2474 2751 2657 2819 ὅμοιος
2689 2748 2719 2800 ὁ
2750 2746 2898 2810 Υἱὸς,
2932 2745 3053 2798 οὐδὲ
3089 2744 3316 2815 γενητὸς
3339 2742 3531 2812 ὥσπερ
3561 2742 3785 2798 ἐκεῖνοι,

2197 2843 2311 2897 ἀλλ’
2340 2841 2705 2914 ύπερόολικὴν
2761 2840 2875 2910 ἔχει
2921 2839 3021 2909 τὴν
3065 2836 3375 2906 σύγκρισιν.
3428 2835 3533 2887 Καὶ
3571 2833 3658 2885 διὰ
3691 2831 3789 2883 toi

2196 2934 2451 3003 λέγεσθαι
2519 2933 2783 3004 κρείττων
2823 2971 2838 2996 ,
2904 2928 3206 3001 ὲτεροειδὴς
3262 2926 3411 2980 ἔσται
3486 2924 3682 2995 μᾶλλον

2195 3028 2464 3099 ὁμοειδής.

2672 3222 2878 3287 ΑΛΛΟ,
2918 3224 3003 3286 εὶς
3044 3221 3107 3274 τὸ
3147 3220 3316 3273 αὑτό.

2272 3342 2335 3395 ΕΞ
2368 3338 2455 3393 διὰ
2481 3339 2542 3392 τὸ
2567 3337 2747 3405 λέγειν
2771 3335 2871 3408 τὴν
2901 3334 3126 3406 Γραφὴν
3147 3373 3161 3399 ,
3195 3353 3213 3385 ‹
3240 3333 3491 3404 Τοσούτῳ
3522 3332 3791 3403 κρείττων

2200 3432 2492 3501 γενόμενος
2521 3430 2630 3484 τῶν
2665 3429 2932 3499 ἀγγέλων,
2965 3446 2984 3479 ›
3020 3427 3271 3498 ὁμοειδὴς
3300 3426 3451 3480 ἔσται
3475 3429 3588 3489 τοῖς
3621 3426 3787 3495 ἀγγέο

2199 3524 2312 3586 λοις
2360 3526 2388 3577 ὁ
2437 3524 2563 3585 Υίὸς
2603 3523 2676 3585 ὡς
2712 3520 2848 3592 πρὸς
2889 3520 3086 3583 αὐτοὺς
3132 3519 3270 3589 ἔχων
3323 3518 3423 3590 τὴν
3473 3519 3787 3588 σύγκρισιν,

2199 3615 2485 3686 ὁράτωσαν
2519 3616 2611 3666 ποῖ
2643 3631 2771 3666 ποτε
2808 3616 2836 3666 ὁ
2866 3612 3022 3681 λόγος
3055 3613 3240 3676 αὐτοῖς
3280 3611 3790 3680 κινδυνεύσει.”Ωρα

2200 3707 2309 3777 γὰρ
2342 3705 2622 3777 ὁμολογεῖν
2654 3707 2748 3758 καὶ
2780 3705 3217 3776 συγκαθεσθῆναι
3269 3703 3526 3757 δύνασθαι
3557 3702 3635 3773 τῷ
3667 3701 3795 3772 Θεῷ(

2198 3800 2324 3861 τοὺς
2352 3796 2616 3866 ἀγγέλους
2657 3798 2751 3850 καὶ
2799 3796 3219 3866 συμϐασιλεύειν
3256 3794 3401 3866 αὐτῷ
3426 3812 3438 3825 ο
3472 3795 3567 3848 καὶ
3594 3793 3655 3847 τὸ
3683 3810 3787 3845 πε-

2204 3890 2381 3963 ριττὸν
2410 3889 2560 3942 οὐδὲν
2600 3890 2657 3940 ὲν
2696 3888 2811 3958 Υίῷ
2838 3891 2968 3959 παρ’
3005 3888 3268 3950 ἐκείνους.
3289 3888 3369 3941 Τά
3398 3886 3509 3957 γὰρ
3532 3886 3787 3956 ἀλλήλοις

2200 3979 2444 4049 ὁμοειδῆ,
2483 3978 2585 4032 κᾶν
2624 3979 2722 4050 ἔχῃ
2769 3979 2894 4031 τινὰ
2942 3980 3077 4050 πρὸς
3127 3979 3332 4049 ἄλληλα
3371 3980 3468 4048 τὴν
3497 3978 3789 4049 διαφορὰν,

2201 4071 2337 4124 ἀλλά
2360 4072 2459 4141 τῆς
2492 4072 2661 4141 αὐτῆς
2690 4071 2872 4142 ἔχεται
2900 4072 3135 4141 φύσεως.
3154 4071 3310 4125 υύτω
3340 4071 3446 4140 γὰρ
3476 4070 3541 4123 ἂν
3577 4070 3661 4139 εἴη
3688 4070 3791 4121 καὶ

2199 4165 2438 4235 ὁμοειδῆ.
2470 4164 2675 4218 Οὐκοῦν
2718 4165 3021 4235 ἐπειδήπερ
3051 4165 3179 4234 περὶ
3218 4164 3318 4233 μὲν
3351 4161 3597 4231 ἀγγέλων
3633 4161 3789 4228 λέγε-

2197 4273 2320 4310 ται·
2382 4274 2398 4306 ι
2423 4256 2479 4309 '0
2524 4256 2695 4308 ποιῶν
2740 4257 2865 4319 τοὺς
2915 4255 3179 4324 ἀγγέλους
3219 4252 3382 4307 αὐτοῦ
3418 4252 3723 4323 πνεύματα,
3760 4272 3780 4303 ›

2200 4344 2328 4414 περὶ
2377 4343 2435 4396 δὲ
2465 4343 2559 4397 τοῦ
2591 4343 2754 4396 Υίοῦ·
2790 4362 2809 4395 ι
2833 4343 2891 4397 '0
2928 4344 3115 4415 Θρόνος
3159 4362 3275 4409 σου,
3313 4346 3341 4397 ὁ
3387 4343 3542 4409 Θεὸς,
3579 4346 3659 4406 είς
3692 4342 3786 4395 τὸν

2199 4435 2373 4489 αἰῶνα
2399 4434 2491 4487 τοῦ
2528 4434 2745 4500 αίῶνος,
2779 4454 2797 4486 ι
2844 4436 3109 4505 ὁμοειδεῖς
3132 4436 3187 4489 δὲ
3212 4436 3431 4506 ἄγγελοι
3463 4436 3557 4488 καὶ
3595 4437 3622 4488 ὁ
3654 4435 3784 4498 Υἱὸς

517 4525 639 4576 dem
669 4523 782 4577 sint
803 4523 1000 4591 speciei
1030 4536 1150 4576 cum
1181 4520 1338 4588 Filio,
1369 4524 1492 4592 quia
1525 4524 1776 4578 nimirum
1808 4526 1927 4581 ideo
1953 4528 2093 4596 quod

2202 4529 2322 4580 κατ’
2357 4526 2616 4591 ἐκείνους,
2647 4527 2736 4580 διὰ
2783 4527 2844 4580 τὸ
2893 4528 3029 4597 πρὸς
3072 4530 3272 4592 αὐτοὺς
3317 4531 3374 4583 ὲν
3417 4528 3495 4601 τῷ
3526 4529 3793 4596 λέγεσθαι

519 4616 718 4670 dicitur
750 4616 964 4683 melior,
1001 4630 1124 4669 cum
1159 4614 1243 4671 eis
1284 4628 1673 4686 comparatur:
1707 4619 1842 4672 nihil
1872 4620 2098 4675 obstite-

519 4706 593 4759 rit
640 4705 934 4773 quominus
978 4707 1141 4761 etiam
1192 4707 1369 4777 angeli
1413 4708 1623 4776 possint
1676 4710 1918 4765 assidere
1956 4712 2096 4775 Deo;

518 4797 740 4851 tametsi
787 4811 945 4851 nemo
973 4812 1161 4853 eorum
1213 4812 1331 4853 eam
1369 4799 1683 4868 dignitatem
1724 4801 1793 4855 sit
1836 4803 2095 4871 adeptus;

519 4890 856 4959 frustraque,
902 4900 958 4945 ut
1000 4890 1293 4945 verisimile
1339 4900 1445 4954 est,
1491 4891 1691 4946 Paulus
1729 4893 1862 4948 dicit
1895 4913 1907 4946 :
1947 4914 1965 4945 ‹
1999 4894 2097 4950 Cui

520 4980 663 5034 enim
729 4995 964 5048 unquam
1015 4982 1331 5052 angelorum
1388 4983 1574 5039 dixit:
1621 4983 1758 5040 Sede
1806 5002 1837 5040 a
1895 4988 2099 5042 dextris

518 5073 655 5129 meis
686 5074 802 5125 '?r.
838 5075 945 5128 Aut
1009 5076 1279 5144 quomodo
1348 5076 1474 5131 illud
1533 5087 1783 5146 tanquam
1836 5080 2095 5136 exiruium

520 5162 747 5233 largitur
778 5162 941 5230 Filio,
976 5166 1022 5219 si
1065 5165 1380 5235 angelorum
1425 5183 1640 5238 quoque
1684 5182 1878 5225 natura
1912 5171 1963 5226 id
1995 5172 2095 5227 sibi

518 5255 781 5322 vindicat,
828 5256 1095 5325 siquidem
1131 5257 1371 5325 ejusdem
1413 5269 1539 5313 sunt
1583 5276 1705 5315 cum
1743 5275 1806 5316 eo
1857 5262 2097 5331 speciei?

519 5346 713 5402 Omnia
752 5347 897 5401 enim
935 5348 1094 5403 unius
1124 5358 1325 5406 natura:
1356 5352 1639 5416 attributa,
1689 5368 1809 5407 cum
1842 5352 2093 5408 omnibus

517 5436 754 5504 ejusdem
783 5439 979 5505 speciei
1009 5450 1134 5494 sunt
1158 5444 1485 5495 communia.
1514 5442 1890 5512 Pracrogativa:
1913 5454 2091 5498 autem

520 5543 640 5597 quae
686 5527 989 5595 adjectionc
1037 5531 1215 5601 aliqua
1245 5533 1477 5601 cuipiam
1532 5536 1804 5599 accidunt,
1858 5536 1922 5590 ad
1960 5535 2089 5589 sub-

517 5620 767 5673 stantiam
812 5635 917 5675 uon
962 5624 1251 5691 pertinent.
1305 5622 1549 5694 Exempli
1578 5625 1779 5697 gratia,
1824 5642 1927 5681 una
1971 5627 2091 5697 qui-

591 5799 785 5855 "Gcn.
816 5815 1001 5869 xxxrx,
1041 5800 1092 5856 6.
1172 5804 1217 5834 9'
1243 5800 1385 5857 Psal.
1422 5817 1564 5866 κων,
1590 5803 1642 5857 5.

1722 5805 1765 5836 ³⁷
1806 5803 1963 5861 Prov.
2005 5822 2118 5873 \‘lll,
2156 5808 2234 5864 ιι).

2203 4616 2466 4687 κρείττων
2503 4615 2646 4687 ἔχειν
2695 4616 2795 4686 τὴν
2844 4616 3153 4688 σύγκρισινο
3189 4617 3342 4671 οὐδὲν
3395 4616 3502 4689 ἄρα
3546 4616 3784 4670 κωλύσει

2202 4709 2295 4760 καὶ
2339 4707 2607 4777 ἀγγέλους
2650 4707 2909 4762 δύνασθαι
2965 4709 3396 4779 συγκαθεσθῆναι
3445 4709 3520 4779 τῷ
3563 4708 3700 4778 Θεῷ,
3734 4711 3786 4761 εἰ

2203 4800 2297 4853 καὶ
2320 4802 2395 4871 μή
2423 4818 2505 4864 τις
2528 4802 2706 4854 αὐτῶν
2730 4800 2934 4872 ἠξιώθη
2961 4801 3055 4854 τοῦ
3082 4802 3427 4873 πράγματος.
3447 4802 3557 4855 Καὶ
3582 4802 3783 4872 μάτην,

2203 4892 2279 4955 ὼς
2305 4893 2473 4956 εἰκὸς,
2503 4895 2531 4945 ὁ
2560 4893 2771 4956 Παῦλος
2800 4893 2986 4962 λέγει’
3023 4912 3040 4945 ι
3069 4893 3186 4947 Τίνι
3224 4894 3331 4964 γὰρ
3362 4889 3480 4946 εἷπέ
3514 4910 3641 4947 ποτε
3676 4894 3785 4946 τῶν

2203 4982 2451 5053 ἀγγέλων
2467 5001 2480 5013 ·
2506 4985 2690 5038 Κάθου
2713 4989 2777 5039 ὲκ
2799 4985 2987 5049 δεξιῶν
3020 5002 3151 5054 μου;
3181 4986 3281 5038 »Ἦ
3310 4986 3427 5048 πῶς
3450 4986 3607 5039 τοῦτο
3631 4986 3787 5039 δίδω-

2208 5094 2291 5131 σιν
2317 5076 2392 5139 ὡς
2415 5077 2692 5149 ἐξαίρετον
2714 5077 2792 5147 τῷ
2816 5078 2949 5148 Υίῷ,
2979 5078 3243 5149 ἑλκούσης
3269 5077 3398 5131 αὐτὸ
3430 5077 3563 5147 πρὸς
3584 5078 3785 5148 ἑαυτὴν

2207 5168 2300 5220 καὶ
2332 5168 2431 5240 τῆς
2463 5168 2570 5221 τῶν
2610 5170 2858 5238 ἀγγέλων
2893 5170 3129 5240 φύσεως,
3165 5171 3322 5242 εἴπερ
3356 5170 3492 5222 εἰσὶν
3521 5171 3787 5241 ὁμοειδεῖς

2200 5260 2336 5331 πρὸς
2370 5260 2564 5326 αύτὸν;
2598 5262 2768 5315 Κοινὰ
2810 5263 2918 5333 γὰρ
2960 5262 3131 5316 ἅπασι
3180 5266 3293 5326 τοῖς
3335 5264 3697 5334 ὁμοειδέσιτά
3730 5264 3788 5315 ὲν

2199 5355 2264 5422 τῇ
2303 5351 2437 5422 αὐτῇ
2474 5352 2634 5421 φύσει
2667 5353 3003 5425 κείμενα.Τά
3025 5356 3081 5408 δὲ
3107 5357 3171 5409 ὲκ
3201 5357 3521 5427 προσθήκης
3551 5358 3786 5425 ἐπισυμ-

2202 5442 2456 5496 ϐαίνοντά
2476 5461 2587 5497 τισι
2615 5446 3085 5518 πλεονεκτήματα,
3113 5448 3214 5517 τῆς
3242 5447 3428 5510 οὐσίας
3476 5448 3573 5517 ούχ
3614 5446 3780 5499 ἅπτε-

2199 5551 2307 5587 ται.
2343 5530 2468 5589 Οἷον
2504 5537 2602 5606 μία
2640 5539 2736 5609 μὲν
2762 5537 3070 5610 ἀνθρώποις
3107 5542 3139 5609 ἡ
3172 5539 3354 5607 φύσις,
3388 5537 3680 5591 πλουτοῦσι
3728 5536 3783 5590 δὲ

2198 5627 2259 5678 οὐ
2294 5627 2515 5692 πάντες,
2543 5628 2670 5682 οὔτε
2715 5632 2819 5702 μὴν
2848 5630 3224 5701 βασιλεύουσισ
3258 5630 3498 5684 δεκτικοὶ
3540 5630 3596 5682 δὲ
3633 5630 3783 5699 ὅμως

2319 5811 2362 5839 ⁹⁴
2396 5808 2554 5864 llclu'.
2598 5828 2634 5878 t,
2666 5811 2711 5864 7.

2794 5814 2836 5843 ⁹⁹
2880 5811 3021 5867 Psal.
3054 5828 3197 5879 mv,
3240 5814 3293 5866 7.
3376 5809 3587 5883 {Hebri
3618 5829 3654 5880 ι,
3698 5813 3781 5869 15.
