4124 6542
329 380 466 459 διε

1727 395 2158 454 I‘IIESAUBUS.

3486 401 3610 462 δίδη

333 518 435 570 καὶ
461 514 668 569 τούτων
689 513 847 568 εἰσιν.
865 509 1006 566 Ἀλλ’
1025 511 1198 576 οὐδεὶς
1218 511 1504 582 ἐπιτρέπει
1527 514 1638 576 τοῖς
1664 513 1918 582 ἀγγέλοις

2025 513 2144 569 dem
2171 524 2256 570 est
2288 514 2565 570 hominum
2609 525 2820 584 natura,
2859 526 2915 572 at
2947 533 3050 574 non
3082 532 3272 576 omnes
3301 524 3426 572 sunt
3451 533 3589 588 opn-

333 607 438 678 τὴν
469 606 602 660 Υἱοῦ
634 605 792 670 δόξαν
820 607 1007 677 φορεῖν
1027 622 1040 636 ’
1091 607 1124 658 6
1168 604 1266 673 μὲν
1307 604 1418 676 γάρ
1445 604 1740 675 Δεσπότης,
1768 604 1834 657 τὰ
1860 603 1917 656 δὲ

333 698 502 753 δοῦλα
543 699 821 768 τυγχάνει.
869 698 981 766 Οὐχ
1029 697 1295 769 ὁμογενὴς
1341 695 1452 769 ἄρα
1502 700 1618 760 τοῖς
1666 697 1918 766 ἀγγέλοις

335 793 507 854 ἐστὶν,
537 792 566 844 6
606 789 686 861 τῷ
727 790 905 860 Πατρὶ
957 785 1372 860 συμϐασιλεύων
1419 789 1516 843 καὶ
1567 788 1920 858 συγκαθήμε·

335 900 448 948 νος.

334 1083 542 1136 ΑΛΛΟ.
577 1083 706 1135 ὀτι
743 1083 856 1151 οὐχ
895 1081 1167 1152 όμοφυὴς
1216 1081 1340 1148 τοῖς
1376 1080 1652 1150 ἀγγέλοις
1693 1081 1727 1132 ό
1765 1077 1916 1143 Υἱός.

409 1263 629 1332 Ποίημα
673 1261 766 1316 καὶ
815 1261 1043 1334 ποιητὴς
1071 1262 1170 1315 οὐκ
1203 1263 1267 1316 ἄν
1303 1279 1432 1315 ποτε
1459 1261 1561 1332 τῆς
1592 1260 1764 1331 αὐτῆς
1807 1255 1919 1313 εἷεν

337 1351 574 1420 φύσεως.
601 1351 829 1421 Ἕτερον
876 1350 986 1422 γάρ
1035 1368 1089 1403 τι
1135 1349 1196 1404 τὸ
1239 1350 1448 1414 ποιοῦν,
1485 1351 1579 1403 καὶ
1625 1349 1811 1420 ἕτερον
1862 1347 1920 1400 τὸ

338 1443 666 1513 ποιούμενον
693 1445 861 1497 ἐστιν.
910 1444 974 1496 El
1002 1443 1111 1514 γὰρ
1149 1443 1227 1514 μὴ
1252 1440 1425 1506 οὕτως
1453 1441 1588 1512 ἔχει,
1619 1441 1672 1494 τί
1696 1440 1757 1493 τὸ
1785 1439 1922 1493 διαι-

337 1531 470 1604 ροῦν
495 1533 636 1587 κατά
659 1531 820 1600 φύσιν
849 1533 959 1586 τῶν
994 1531 1237 1603 γενητῶν
1267 1529 1356 1584 τὸν
1379 1529 1541 1597 Θεόν;
1577 1526 1919 1582 Ὄτεετοίνυν

336 1626 517 1679 πάντα
555 1625 624 1678 δι’
654 1625 784 1680 Υἱοῦ
815 1627 842 1679 6
861 1625 994 1690 Θεὸς
1026 1625 1121 1679 καὶ
1151 1623 1341 1695 Πατὴρ
1360 1621 1674 1694 ἐργάζεται,
1703 1619 1760 1674 ἒν
1788 1619 1845 1673 δέ
1866 1636 1920 1672 τι

334 1715 448 1768 τῶν
478 1715 697 1769 πάντων
731 1716 849 1768 ἐστὶ
877 1716 1030 1786 καὶὴ
1065 1714 1170 1768 τῶν
1200 1713 1448 1783 ἀγγέλων
1483 1713 1664 1782 φύσις,
1699 1712 1921 1781 γέγονεν

336 1807 449 1879 ἄρα
480 1807 546 1862 δι’
576 1806 705 1861 Υἱοῢ
738 1808 832 1861 καὶ
867 1808 1182 1880 πεποίηται.
1219 1809 1331 1878 Οὐχ
1367 1806 1636 1877 ὁμογενὴς
1680 1801 1773 1859 οὖν
1809 1805 1920 1866 τοῖς

335 1862 407 1953 δί’
440 1899 607 1953 αὐτοῦ
634 1901 947 1971 γενομένοις
975 1862 1068 1954 καί
1094 1900 1182 1953 διὰ
1207 1862 1414 1952 τούτου.
1432 1862 1680 1968 φανεῖται
1697 1914 1712 1928 ο
1759 1896 1872 1950 ἀλλ’
1953 1862 1997 1917 Β

341 1990 446 2062 μὲν
485 1991 708 2062 φορέσει
755 1991 850 2044 τοῦ
886 1989 1236 2062 Δημιουργοῦ
1267 1990 1364 2061 τὴν
1395 1989 1574 2055 ἀξίαν,
1618 1989 1685 2042 τὰ
1732 1987 1788 2042 δὲ
1823 1986 1922 2058 τὴν

337 2081 486 2136 κατὰ
528 2081 591 2136 τὸ
626 2082 959 2153 πεποιῆσθαι
1011 2081 1274 2136 δουλείαν.
1311 2101 1329 2133 ι
1360 2080 1442 2134 Τὰ
1466 2079 1574 2153 γὰρ
1604 2078 1918 2150 σύμπαντα,

337 2176 495 2246 φησὶ,
523 2173 684 2228 δοῢλά
714 2191 830 2242 σου,
860 2194 880 2226 ι
911 2177 945 2244 ή
975 2173 1097 2228 θεία
1121 2173 1333 2243 Γραφή.

375 2375 583 2430 ΑΛΛυ.
606 2376 737 2429 Ὀτι
760 2377 873 2442 οὐχ
907 2375 1203 2445 ὁμογενὴς
1231 2374 1356 2440 τοῖς
1377 2375 1676 2445 ργτέλοις
1688 2375 1720 2426 ὁ
1745 2373 1878 2439 Υἱὸς

409 2445 511 2500 διὰ
544 2445 610 2499 τὸ
639 2446 925 2515 λέγεσθαι
939 2442 1228 2514 κρείττων
1247 2442 1447 2500 αὐτῶν
1466 2442 1846 2514 γεγενῆσθαι.

409 2556 527 2610 Πᾶν
548 2556 686 2626 ὅπερ
711 2556 779 2609 ἂν
808 2556 1066 2626 φαίνηται
1099 2556 1322 2625 γεγονὸς
1354 2555 1475 2609 κατ’
1497 2555 1705 2619 οὐσίαν,
1730 2555 1824 2609 καὶ
1845 2556 1924 2617 εἰς

335 2649 401 2702 τὸ
437 2650 512 2720 μὴ
542 2643 681 2704 εἶναι
707 2647 1000 2718 καταλήξει
1032 2647 1163 2700 ποτὲ
1183 2647 1511 2718 θελήσαντος
1542 2643 1638 2698 τοῦ
1656 2648 1923 2716 Δημιουρ-

335 2741 439 2810 γοῦ
461 2758 476 2771 ·
522 2742 617 2795 καὶ
663 2741 802 2811 ὅπερ
833 2739 900 2793 ἂν
938 2739 1050 2810 ἔχοι
1077 2739 1240 2808 φύσιν
1281 2738 1376 2794 τοῦ
1423 2737 1617 2792 παθεῖν
1647 2736 1920 2807 δεκτικὴν,

337 2831 525 2900 πάθοι,
549 2833 616 2886 ἂν
648 2833 696 2884 ει
730 2832 826 2885 καὶ
859 2832 934 2902 μή
982 2850 1069 2886 πω
1111 2830 1369 2885 πέπονθε.
1403 2830 1477 2884 Τὸ
1507 2830 1565 2883 δὲ
1598 2829 1828 2900 πάσχειν
1859 2831 1921 2882 ού

337 2927 602 2996 πεφυκὺς,
636 2926 736 2978 οὐκ
767 2925 832 2978 ἄν
858 2943 911 2977 τι
949 2924 1112 2977 πάθοι
1147 2923 1300 2984 ποτὲ,
1335 2923 1430 2974 καὶ
1470 2921 1657 2993 ἔτερόν
1700 2939 1755 2973 τι
1782 2921 1924 2992 παρ’

336 3020 520 3075 ἐκεῖνό
552 3022 688 3074 ἐστι·
717 3019 812 3074 καὶ
856 3017 918 3072 τὸ
959 3018 1046 3071 ἀεὶ
1088 3017 1350 3080 ὡσαύτως
1391 3016 1472 3082 ὃν,
1506 3015 1627 3070 οὔτε
1658 3014 1753 3068 τοῦ
1785 3010 1922 3068 εἶναι

336 3109 567 3182 ἢρξατο,
592 3107 715 3163 οὔτε
748 3108 854 3178 μὴν
896 3102 1004 3160 οἶδε
1049 3107 1142 3161 τὸν
1173 3109 1266 3160 ἐπὶ
1308 3107 1452 3160 τέλει
1485 3107 1704 3178 δρόμον,
1733 3105 1920 3176 ὥσπερ

2021 602 2174 668 lenti,
2222 612 2318 658 aut
2351 619 2527 675 reges,
2558 606 2810 674 quamvis
2860 615 3038 662 tamen
3071 607 3234 662 etiam
3278 607 3588 660 earumdem

2023 708 2204 754 rerum
2252 695 2362 752 sint
2384 710 2635 765 capaces.
2667 698 2737 751 At
2771 711 2931 751 nemo
2965 696 3174 767 angelis
3203 697 3325 752 Filii
3360 696 3592 766 gloriam

2020 786 2228 844 deferet.
2255 806 2269 842 :
2295 804 2421 845 nam
2447 790 2536 845 hic
2566 789 2851 854 Dominus,
2881 789 2954 843 illi
2981 803 3110 844 vero
3133 790 3270 844 servi
3301 801 3446 843 sunt.
3478 788 3616 845 Non.

2020 887 2105 933 est
2133 877 2295 947 igitur
2333 879 2576 946 ejusdem
2608 880 2823 950 generis
2856 894 2982 934 cum
3024 879 3231 950 angelis
3275 879 3470 947 Filius,
3501 881 3593 951 qui

2022 983 2126 1022 una
2153 983 2276 1024 cum
2303 968 2467 1025 Patre
2501 979 2692 1039 regnat
2725 970 2883 1038 eique
2923 971 3154 1026 assidet.

2021 1081 2188 1155 204
2215 1083 2446 1140 ALIUD.
2480 1082 2636 1149 Quod
2677 1099 2782 1155 non
2826 1083 3172 1155 sitfejusdem
3223 1093 3432 1138 natura
3479 1097 3598 1137 cum

2595 1153 2798 1224 angelis
2830 1152 3028 1207 Filius.

2091 1267 2315 1323 Creator
2364 1275 2420 1323 et
2463 1277 2715 1324 creatura
2765 1281 3037 1337 nunquam
3096 1266 3339 1336 ejusdem
3393 1273 3601 1320 natura:

2021 1360 2243 1416 fuerint.
2278 1359 2444 1415 Aliud
2491 1360 2634 1416 enim
2664 1368 2750 1415 est
2783 1359 2835 1415 id
2881 1359 3024 1428 quod
3056 1367 3227 1425 creat,
3270 1357 3417 1414 aliud
3455 1361 3602 1426 quod

2021 1463 2258 1508 creatur.
2300 1449 2437 1506 Nam
2472 1451 2518 1506 si
2567 1465 2656 1507 res
2705 1451 2777 1505 ita
2817 1465 2877 1506 se
2906 1465 3010 1505 non
3057 1448 3307 1514 haberet,
3340 1446 3598 1517 quidnam

2025 1544 2382 1613 distingueret
2433 1543 2602 1597 Deum
2649 1543 2944 1597 secundum
2995 1549 3244 1596 naturam
3293 1555 3323 1593 a
3367 1536 3605 1592 creatis?

2023 1633 2156 1690 Cum
2193 1635 2358 1704 igitur
2380 1635 2518 1688 Deus
2543 1648 2606 1689 ac
2634 1632 2796 1688 Pater
2831 1632 3014 1688 omnia
3054 1647 3152 1703 per
3180 1629 3374 1686 Filium
3403 1641 3598 1698 Opere-

2025 1735 2113 1782 tur
2144 1746 2157 1782 :
2191 1742 2354 1782 unum
2390 1741 2517 1781 vero
2564 1741 2632 1780 ex
2677 1726 2932 1781 omnibus
2961 1732 3046 1780 est
3091 1723 3254 1778 etiam
3288 1721 3600 1792 angelorum

2027 1828 2220 1874 natura
2248 1836 2262 1872 ε
2290 1819 2431 1873 facta
2471 1818 2653 1888 itaque
2699 1827 2785 1872 est
2813 1826 2868 1872 et
2893 1827 3076 1873 creata
3107 1831 3204 1885 per
3239 1813 3456 1868 Filium.
3487 1811 3602 1866 liae

2025 1909 2139 1980 ipsa
2167 1909 2330 1981 igitur
2357 1909 2565 1963 ratione
2602 1922 2706 1962 non
2732 1917 2818 1962 est
2855 1905 3100 1976 ejusdem
3137 1902 3352 1973 generis
3378 1915 3500 1956 cum
3533 1898 3604 1952 iis

2025 2015 2144 2070 qua:
2173 2016 2266 2071 per
2294 2001 2466 2070 ipsum
2499 1999 2640 2053 facta
2668 2007 2818 2064 sunt;
2839 1997 2936 2052 sed
2965 1996 3054 2051 hic
3083 1993 3301 2065 quidem
3325 1988 3601 2047 Creatoris

2024 2092 2336 2164 dignitatem
2380 2090 2666 2154 obtinebit,
2691 2091 2773 2144 hie
2799 2103 2926 2144 vero
2963 2103 3027 2142 ea
3077 2085 3290 2140 ratione
3323 2097 3432 2152 qua
3461 2079 3604 2134 facta

2023 2192 2169 2249 sunt,
2202 2183 2453 2238 servilem
2501 2183 2890 2238 conditionem.
2931 2198 2948 2231 ι
2983 2178 3248 2233 Universa
3291 2174 3436 2229 enim
3483 2185 3602 2227 ser-

2023 2279 2176 2332 viunt
2216 2277 2332 2343 tibi,
2371 2296 2390 2329 ι
2427 2277 2604 2345 inquit
2635 2291 2790 2332 sacra
2837 2273 3116 2343 Scriptura
3141 2273 3184 2322 ’.

2023 2389 2254 2446 ALIUD.
2305 2389 2459 2456 Quod
2493 2407 2596 2445 non
2631 2390 2698 2443 sit
2741 2388 2978 2458 ejusdem
3001 2384 3207 2458 generis
3249 2378 3602 2458 cum__a_ngelis

2087 2458 2264 2512 Filius
2308 2451 2426 2514 ideo
2454 2461 2578 2528 quia
2613 2451 2796 2511 melior
2822 2457 2954 2521 ipsis
2984 2451 3159 2514 ﬁzctus
3197 2469 3305 2506 esse
3337 2451 3557 2504 dicitur.

2095 2571 2368 2640 Quidquid
2427 2571 2722 2626 secundum
2781 2567 3136 2624 substantiam
3192 2579 3345 2618 suam
3400 2559 3603 2614 factum

2024 2673 2125 2728 est,
2146 2672 2319 2733 potest
2344 2663 2506 2716 etiam
2535 2659 2746 2714 volente
2768 2659 3029 2715 Creatore
3055 2658 3107 2711 in
3129 2641 3361 2709 nihilum
3396 2651 3598 2720 redigi;

2024 2765 2080 2810 ει
2107 2755 2368 2825 quidquid
2398 2755 2562 2810 habet
2592 2762 2842 2808 naturam
2873 2749 3141 2821 passionis
3175 2761 3452 2816 capacem,
3487 2741 3602 2797 lieri

2024 2857 2201 2917 potest
2257 2857 2314 2902 ut
2362 2848 2624 2916 patiatur,
2678 2844 2893 2900 tametsi
2951 2842 3186 2896 nondum
3245 2852 3462 2909 passum
3508 2834 3600 2890 sit.

2025 2938 2298 3008 Quidquid
2340 2948 2535 2994 natura
2577 2939 2656 2992 ita
2696 2945 3070 3004 comparatum
3103 2939 3210 2997 est,
3247 2939 3304 2985 ut.
3335 2928 3446 3000 pati
3499 2940 3603 2980 non

2024 3031 2218 3102 possit,
2249 3039 2399 3086 certe
2423 3043 2699 3100 nunquam
2727 3027 2986 3098 patietur,
3019 3033 3075 3080 et
3112 3023 3390 3078 diversum
3416 3026 3501 3073 est
3537 3015 3606 3069 ab

2025 3121 2118 3177 illo
2145 3139 2160 3177 :
2187 3132 2245 3178 et
2281 3122 2426 3192 quod
2471 3135 2686 3190 semper
2713 3121 2904 3173 eodem
2957 3118 3114 3170 modo
3154 3113 3388 3175 exsistit,
3430 3121 3608 3176 neque

336 3202 408 3256 τὰ
437 3201 534 3255 τοῦ
577 3199 716 3254 εἶναι
750 3199 1054 3272 ἀρξάμενα.
1073 3197 1212 3251 Ἀλλ’
1245 3198 1347 3251 οὐκ
1393 3197 1460 3250 ἄν
1503 3213 1588 3260 τις
1629 3196 1771 3249 εῖποι
1800 3194 1922 3248 νοῦν

2028 3211 2324 3268 exsistendi
2373 3211 2588 3266 initium
2621 3197 2831 3274 habuit,
2863 3222 3037 3278 neque
3084 3205 3151 3260 ad
3205 3203 3480 3259 interitum
3515 3206 3609 3252 aut

337 3293 503 3364 ἔχων,
534 3293 602 3346 τὰ
627 3292 896 3362 τοσαύτην
924 3289 1119 3360 ἔχοντα
1148 3289 1286 3359 πρὸς
1316 3287 1521 3358 ἄλληλα
1561 3285 1660 3357 τὴν
1691 3285 1922 3338 ἐναντιό-

333 3403 499 3458 τητα,
541 3386 635 3439 καὶ
678 3384 822 3437 οὕτω
865 3382 1006 3436 κατὰ
1037 3381 1200 3452 φύσιν
1240 3377 1583 3450 διεστηκότα,
1610 3376 1824 3447 ὁμοφυῆ
1861 3392 1922 3428 τε

337 3477 478 3536 εἶναι
519 3480 614 3534 καὶ
640 3477 742 3548 τῆς
769 3476 938 3547 αὐτῆς
971 3475 1239 3545 ὑπάρχειν
1283 3471 1492 3534 οὐσίας.
1527 3468 1589 3522 El
1621 3468 1798 3522 τοίνυν
1829 3468 1922 3519 ἐπὶ

347 3571 445 3643 μὲν
476 3568 586 3624 τῶν
614 3567 936 3639 ποιημάτων
959 3565 1034 3629 ὡς
1058 3561 1436 3632 ὑποκειμένων
1464 3559 1557 3613 καὶ
1574 3559 1749 3628 φθορᾷ
1771 3557 1922 3624 λέγε-

337 3682 432 3719 ται
451 3704 465 3728 ,
513 3681 533 3714 ι
565 3661 729 3715 Αὐτοὶ
776 3659 1126 3714 ἀπολοῦνται⁸
1159 3675 1180 3708 ι
1231 3654 1326 3708 ἐπὶ
1352 3654 1410 3708 δὲ
1436 3651 1534 3706 τοῦ
1565 3649 1696 3704 Υιοῦ
1715 3690 1731 3716 ,
1766 3651 1837 3703 Σὺ
1865 3648 1922 3701 δὲ

336 3757 633 3828 διαμένεις·
665 3754 895 3806 κάκεῖνα
934 3751 1032 3821 μὲν
1079 3745 1548 3815 παλαιωθήσεται,
1576 3743 1652 3806 ὡς
1689 3741 1923 3812 γενητὴν

342 3849 536 3920 ἔχοντα
580 3845 679 3916 τὴν
727 3843 918 3913 φύσιν⁹
951 3841 1045 3894 τοῦ
1081 3840 1138 3892 δὲ
1165 3838 1296 3892 Υἱοῦ
1331 3855 1350 3889 ι
1379 3835 1450 3890 τὰ
1493 3834 1587 3904 ἐτη
1620 3834 1721 3886 οὐκ
1745 3831 1922 3886 ἐκλεί-

338 3945 522 4012 ψουσιο
553 3961 571 3993 :
617 3937 734 4001 πῶς
780 3935 1024 4008 ὁμοψυὴς
1072 3934 1226 3988 ἔσται
1277 3933 1388 3994 τοῖς
1433 3928 1688 3998 ἀγγέλοις
1717 3928 1746 3980 6
1773 3926 1920 3991 Υἱὸς,

340 4036 456 4096 τοῖς
499 4029 887 4102 πεποιημένοις
929 4029 959 4080 6
1011 4023 1261 4096 ποιητὴς,
1294 4023 1410 4086 τοῖς
1459 4017 1847 4088 γεγενημένοις
1895 4017 1924 4069 6

341 4125 625 4195 ἀγένητος,
670 4123 785 4183 τοῖς
829 4117 1122 4190 παρελθεῖν
1167 4113 1488 4184 δυναμένοις
1515 4114 1544 4166 6
1573 4108 1828 4174 αἰώνιος;
1859 4107 1923 4160 Εἰ

340 4219 454 4288 γὰρ
485 4215 579 4269 καὶ
612 4212 880 4269 ἀθάνατόν
905 4227 959 4262 τι
1000 4208 1187 4279 χρῆμα
1215 4208 1242 4258 6
1269 4204 1500 4272 ἄγγελός
1550 4205 1666 4256 ἐστι
1709 4201 1798 4254 διὰ
1823 4199 1923 4269 τὴν

341 4307 486 4363 οὕτω
519 4305 780 4376 κειμένην
807 4303 892 4355 ἐπ’
915 4298 1064 4369 αὐτῷ
1095 4297 1188 4350 τοῦ
1225 4296 1551 4365 ποιήσαντος
1578 4292 1831 4364 βούλησίν
1861 4307 1921 4343 τε

340 4400 441 4456 καὶ⁹
469 4397 650 4468 χάριν,
674 4394 788 4449 ἀλλ’
815 4391 1046 4461 ἐπείπερ
1065 4388 1238 4460 ἀρχὴν
1264 4386 1356 4440 τοῦ
1387 4382 1527 4439 εἶναι
1556 4385 1688 4455 ἔχει,
1710 4383 1923 4438 δύναιτ’

2026 3302 2187 3356 linem
2226 3315 2450 3372 vergere
2476 3310 2674 3371 potest,
2707 3295 3162 3372 quemadmodum
3199 3293 3288 3348 illa
3314 3307 3435 3364 quae
3463 3291 3606 3345 exsi-

2025 3393 2199 3448 Stendi
2229 3392 2440 3448 initium
2473 3393 2797 3447 habuerunt.
2848 3391 3010 3459 Atqui
3043 3403 3202 3443 nemo
3230 3401 3376 3440 sanae
3406 3383 3607 3438 mentis

2025 3482 2223 3537 dixerit
2261 3496 2323 3537 ea
2355 3499 2475 3551 quae
2526 3482 2660 3538 adeo
2687 3481 2958 3536 contraria
2986 3480 3127 3534 inter
3155 3494 3214 3533 se
3245 3487 3391 3539 sunt,
3415 3483 3470 3528 et
3495 3484 3609 3528 tan.

2026 3584 2208 3643 tepere
2240 3584 2436 3629 natura
2463 3574 2747 3640 dissident,
2779 3572 3022 3642 ejusdem
3061 3581 3268 3625 naturae
3291 3577 3456 3636 atque
3482 3564 3610 3621 sub-

2025 3666 2238 3720 stantia:
2267 3680 2412 3720 esse.
2464 3665 2522 3720 Si
2570 3680 2699 3734 ergo
2748 3665 2814 3718 de
2854 3663 3142 3725 creaturis,
3188 3653 3373 3730 utpote
3412 3673 3608 3711 corru-

2023 3757 2194 3828 ptioni
2221 3757 2492 3823 obnoxiis,
2519 3757 2720 3811 dicitur
2751 3775 2764 3810 :
2806 3776 2823 3807 ‹
2854 3755 2970 3826 Ipsa
2997 3755 3286 3822 peribunt;
3321 3771 3338 3803 ›
3373 3751 3437 3806 de
3470 3749 3608 3804 Filio

2026 3859 2206 3905 autem
2251 3867 2266 3904 :
2316 3867 2334 3900 ι
2389 3848 2470 3903 Tu
2499 3863 2633 3904 vero
2668 3862 2959 3918 permanes
2983 3886 2998 3910 ,
3040 3867 3058 3897 ι
3104 3855 3161 3900 ει
3196 3864 3212 3895 ι
3241 3844 3362 3915 Ipsa
3395 3852 3607 3896 vetera-

2024 3950 2178 3996 scent
2204 3979 2220 4006 ,
2255 3959 2274 3992 ο
2334 3947 2525 4012 utpote
2570 3951 2812 3995 creatam
2853 3938 3112 3996 habentia
3156 3944 3448 4000 naturam;
3484 3931 3606 3986 Filii

2025 4047 2154 4088 vero
2179 4049 2198 4083 ι
2230 4032 2360 4090 anni
2397 4045 2505 4088 non
2541 4031 2792 4088 deﬁcient
2815 4031 2883 4062 3"
2911 4049 2925 4086 :
2959 4050 2976 4082 ι
3016 4028 3283 4099 quomodo
3317 4023 3423 4079 erit
3469 4023 3610 4090 ejus-

2025 4121 2146 4178 dem
2183 4131 2393 4178 natura:
2433 4137 2556 4176 cum
2594 4121 2802 4192 angelis
2841 4120 3030 4186 Filius,
3057 4135 3176 4173 cum
3214 4113 3447 4170 conditis
3479 4127 3608 4166 con-

2026 4209 2186 4275 ditor,
2227 4224 2350 4264 cum
2397 4209 2599 4264 creatis
2636 4220 2874 4276 creator,
2927 4223 3051 4264 cum
3083 4203 3414 4260 transitoriis
3449 4207 3610 4255 aeter-

2025 4303 2163 4358 nus?
2190 4301 2323 4356 Nam
2351 4301 2455 4357 etsi
2499 4301 2720 4373 angelus
2767 4300 3076 4356 immortale
3102 4296 3358 4368 quiddam
3393 4293 3484 4357 sit,
3529 4289 3613 4344 id-

2025 4409 2130 4464 que
2163 4409 2230 4448 ex
2263 4393 2540 4450 voluntate
2568 4402 2623 4450 et
2651 4391 2915 4448 beneﬁcio
2945 4389 3243 4453 Creatoris,
3273 4401 3396 4442 cum
3426 4396 3610 4440 tamen

342 4492 411 4546 ἂν
444 4491 540 4544 καὶ
595 4488 676 4550 εις
717 4485 868 4547 τέλος
918 4481 1113 4535 ἐλθεῖν.
1138 4478 1355 4542 Φύσεως
1388 4478 1446 4530 δὲ
1478 4477 1922 4547 πλεονεκτήματα

2028 4488 2320 4543 exsistendi
2364 4485 2689 4558 principium
2737 4487 2955 4549 habeat,
3003 4491 3182 4554 potest
3231 4478 3393 4534 etiam
3447 4475 3615 4530 linem

339 4585 456 4645 τοῖς
500 4577 714 4651 ἔχουσιν
753 4578 902 4630 ἐστιν
938 4571 1271 4644 ἱσχυρὰ,καὶ
1302 4571 1424 4641 οὐχὶ
1471 4568 1549 4639 τῷ
1594 4567 1921 4636 πεποιηκότι

339 4673 703 4744 Θεῷ.’Ὢσπερ
741 4665 833 4724 οὖν
863 4669 957 4722 καί
997 4666 1058 4719 τὸ
1108 4664 1220 4735 πῦρ
1267 4661 1556 4716 καυστικὸν
1605 4661 1702 4730 μέν
1753 4661 1923 4721 ἐστιν,

341 4765 460 4822 ἀλλ’
492 4766 555 4818 οὐ
589 4763 670 4834 τῷ
697 4763 846 4831 Θεῷ·
880 4759 1023 4814 οὕτω
1069 4757 1164 4810 καὶ
1205 4754 1434 4824 ἄγγελος
1485 4753 1749 4815 ἀθάνατος
1801 4752 1923 4822 μὲν,

342 4853 459 4908 ἀλλ’
487 4855 548 4906 οὐ
578 4852 656 4924 τῷ
680 4851 817 4921 Θεῷ.
850 4850 1025 4913 Μόνος
1049 4848 1158 4918 γὰρ
1184 4845 1348 4907 αὐτὸς
1392 4843 1597 4912 κυρίως
1635 4841 1922 4903 ἀθάνατος,

342 4945 595 5017 φυσικῶς
643 4944 803 5014 ἔχων,
857 4942 958 4994 οὐκ
999 4940 1106 4995 ἀπὸ
1151 4937 1395 5011 χάριτος,
1445 4934 1542 5005 τὴν
1581 4932 1922 5004 ﬂagitium,

342 5039 496 5093 ὥσπε
503 5053 536 5108 ρ
562 5036 630 5090 τὰ
657 5034 860 5105 γενητὰ

341 5325 550 5388 ΔΛΛΟ,
579 5321 729 5391 μετὰ
749 5318 1131 5391 ἀποδείξεως,
1152 5317 1252 5391 ’ὅτι
1276 5315 1518 5391 ᾰγῃλοι
1539 5329 1658 5382 μεν
1685 5311 1918 5377 δοῦλοι,

790 5389 1102 5456 Δεσπότης
1139 5387 1208 5442 δὲ
1248 5391 1280 5441 ό
1325 5387 1479 5451 Υἱός.

416 5508 478 5560 Εἰ
505 5506 678 5570 οὐδεὶς
713 5505 935 5558 δύναται
961 5504 1178 5570 ἀφεῖναι
1207 5499 1498 5570 ἁμαρτίας,
1522 5499 1570 5550 εἰ
1602 5499 1676 5570 μὴ
1710 5498 1866 5568 μόνος
1893 5497 1920 5548 ὁ

341 5597 496 5660 Θεὸς,
531 5595 723 5667 ἀφίησι
751 5595 808 5647 δὲ
834 5597 860 5646 6
887 5594 1032 5656 Υἱὸς,
1065 5592 1195 5654 Θεὸς
1223 5591 1350 5659 ἄρα,
1382 5588 1474 5642 καὶ
1503 5589 1562 5640 οὐ
1604 5591 1716 5650 τοῖς
1767 5587 1921 5658 ποιή-

343 5705 509 5758 μασιν
559 5683 1172 5759 ἐνοιρίθμιος.”Λγγελοι
1227 5683 1323 5754 μὲν
1370 5681 1479 5751 γὰρ
1532 5680 1916 5751 προσεύχονται

416 5830 435 5858 ²
473 5813 614 5882 I’sal.
641 5841 826 5894 cxvtu,
865 5825 951 5880 91.
1034 5827 1098 5856 3“
1133 5823 1271 5880 Psal.
1311 5840 1383 5894 Cl,
1409 5823 1500 5890 27,
1531 5823 1621 5879 ‘28..

2025 4577 2232 4634 sortiri.
2260 4576 2548 4632 Naturales
2577 4577 2724 4632 enim
2755 4572 3150 4646 praerogativa,
3180 4585 3299 4634 qua:
3332 4563 3609 4622 nonnullis

2027 4670 2293 4724 creaturis
2324 4668 2530 4734 insunt,
2562 4667 2754 4722 valida:
2785 4674 2911 4721 sunt
2941 4683 2955 4719 :
2985 4661 3127 4734 apud
3159 4659 3326 4714 Deum
3355 4669 3486 4710 vero
3517 4655 3610 4723 qui

2027 4779 2119 4819 eas
2151 4762 2374 4828 creavit,
2419 4762 2553 4816 nihil
2585 4771 2731 4817 sunt.
2758 4756 3236 4830 [Quemadmodum
3274 4751 3437 4822 igitur
3467 4747 3611 4817 ignis

2029 4853 2215 4906 nrendi
2254 4853 2361 4905 vim
2392 4853 2574 4915 habet,
2612 4851 2708 4904 sed
2739 4865 2843 4905 non
2885 4849 3034 4912 Deo;
3072 4847 3146 4899 ita
3179 4853 3234 4899 et
3259 4840 3481 4911 angelus
3509 4838 3612 4891 im-

2031 4944 2274 4998 mortalis
2305 4945 2522 5012 quidem
2563 4951 2672 5008 est,
2706 4944 2797 4998 sed
2841 4955 2944 4994 non
2982 4939 3112 4992 Deo.
3145 4933 3262 5004 Ipse
3290 4932 3433 4987 enim
3462 4929 3611 4986 solus

2032 5033 2246 5100 proprie
2287 5041 2370 5086 est.
2417 5033 2762 5096 immortalis,
2813 5029 3149 5095 naturaliter,
3206 5039 3311 5079 non
3342 5035 3438 5091 per
3483 5034 3608 5090 gra-

2037 5122 2164 5175 tiam
2197 5134 2253 5177 nt
2277 5134 2551 5192 creatura,
2579 5124 2886 5178 ﬁrmitatem
2925 5123 3069 5178 illam
3103 5128 3157 5174 et
3190 5112 3608 5188 perpetuitatem

2033 5212 2083 5266 in
2122 5227 2180 5265 se
2221 5215 2441 5269 habens.

2031 5321 2263 5391 ALIUD,
2291 5326 2908 5393 cuntdemonstralione,
2941 5325 3076 5393 quod
3109 5321 3279 5392 angeli
3310 5321 3412 5373 sint
3445 5315 3608 5380 servi,

2385 5391 2556 5449 Filius
2589 5409 2729 5471 vero,
2763 5391 3038 5448 Dominus.

2102 5504 2158 5558 Si
2194 5519 2353 5560 nemo
2383 5514 2558 5574 potest
2596 5506 2874 5560 remittere
2909 5514 3155 5574 peccata,
3191 5500 3351 5571 205
3382 5499 3482 5554 nisi
3513 5513 3604 5553 so-

2029 5594 2112 5647 lus
2155 5594 2314 5660 Deus,
2370 5596 2596 5650 remittit
2646 5612 2773 5650 vero
2827 5595 2994 5649 Filius
3029 5613 3041 5648 :
3075 5594 3218 5646 Deus
3265 5594 3446 5660 itaque
3499 5598 3610 5653 est,

2028 5702 2203 5756 neque
2234 5687 2500 5744 creaturis
2535 5688 2993 5744 annumeramlus.
3030 5687 3217 5756 Augcli
3247 5686 3388 5742 enim
3422 5693 3612 5750 orant,
