4124 6500
581 350 687 405 347
1598 354 1658 413 S.
1699 354 1980 413 CYRILIJ
2019 353 2136 410 AL!

2234 353 2490 413 tNDBlNi
2523 359 2844 418 ARCHIEP.
3733 364 3841 425 548

581 467 825 523 dicentes
867 484 882 523 :
925 487 943 520 ‹
990 465 1220 527 Domine
1273 470 1654 542 omnipotens,
1713 489 1996 545 usquequo
2043 488 2136 530 nor

2253 472 2541 542 λέγοντες·
2600 476 2827 550 «Κύριε
2862 479 3710 553 πωτοκράτωρ,,ἒως;τίνος,οὐ
3762 483 3857 554 μὴ.

581 556 858 614 misereris
896 557 1224 627 Jerusalem,
1279 571 1335 616 et
1387 565 1599 619 urbium
1653 563 1878 621 Juda'?
1908 586 1927 619 ι
1984 567 2136 625 Filiu:

2255 563 2485 637 ἐλεήσῃς
2517 567 2617 638 τήν
2654 568 3012 640 Ἰερουσαλὴμ
3056 572 3152 625 καὶ⁸
3192 573 3292 638 τὰς
3344 572 3776 638 πόλειςς⁹1ούδα;
3810 592 3864 626 ι.

580 663 713 705 vero
743 665 865 705 cum
899 661 1168 720 potestate
1199 654 1329 710 dicit
1358 674 1371 709 :
1407 673 1427 708 ι
1462 655 1651 724 Homo,
1685 658 2028 714 dimittuntur
2058 660 2134 715 tib

2266 653 2326 706 Ὀ
2372 653 2427 707 δὲ
2461 654 2587 718 Υίὸς
2633 654 3092 723 ὲξουσιαστικῶς·
3152 679 3171 713 ι
3202 661 3517 735 Ἄνθρωπε,
3562 660 3840 730 ἀφέωνταί

579 752 800 806 peccata
834 751 923 798 tua
946 742 990 799 ⁸.
1020 763 1038 797 ι
1078 743 1194 800 Non
1222 755 1305 801 est
1334 746 1497 818 igitur
1526 747 1764 816 ejusdem
1789 750 2005 821 generis
2029 766 2136 806 cun

2256 760 2340 797 σοι
2370 745 2428 797 αἱ
2450 746 2738 818 ἁμαρτίαι.
2767 766 2786 800 ι
2821 750 2934 821 Οὐχ
2958 751 3220 821 ὁμογενὲς
3244 747 3339 808 οὖν
3369 753 3480 825 ἀρα
3500 752 3579 822 τῷ
3598 753 3838 824 δεσπότῃ

578 831 797 887 domino
820 848 1030 902 servus,
1076 850 1250 909 neque
1275 840 1323 894 ei
1348 838 1439 909 qui
1480 837 1705 911 largitur
1734 841 1779 897 is
1823 842 1915 913 qui
1937 843 2071 913 petit
2095 855 2136 899 ut

2252 828 2313 883 τὸ
2344 830 2562 898 δοῦλον,
2591 832 2714 888 οὔτε
2742 835 2825 908 τῷ
2854 837 3201 912 χαριζομένῳ
3228 841 3291 894 τὸ
3339 841 3526 897 αίτοῦν
3553 844 3640 897 ἵνα
3672 842 3834 915 λάϐῃ.

577 924 831 994 accipiat.

576 1014 789 1072 ALIUD
815 1018 935 1072 huic
968 1020 1161 1087 simile,
1191 1023 1331 1091 quod
1354 1021 1531 1079 Filius
1555 1041 1659 1081 non
1687 1026 1756 1081 sit
1784 1042 2149 1084 annumeran-

1207 1093 1307 1146 dus
1332 1096 1514 1149 servis.

647 1195 792 1252 Deus
834 1200 1124 1270 prophetas
1169 1201 1353 1267 mittit,
1385 1204 1476 1273 qui
1514 1205 1735 1275 exigant
1783 1205 2021 1262 fructum
2066 1207 2148 1263 vi-

568 1303 712 1354 nem,
754 1289 870 1360 qui,
906 1304 1263 1363 praterquam
1288 1296 1441 1365 quod
1482 1295 1618 1351 nihil
1666 1310 2012 1368 acceperunt,
2065 1302 2149 1357 in-

570 1379 786 1435 terfecti
826 1393 972 1439 sunt.
1025 1384 1303 1454 Servator,
1332 1399 1389 1442 ut
1420 1388 1703 1456 Dominus,
1732 1389 1912 1445 debita
1954 1392 2145 1447 remit-

570 1468 656 1532 tit,
690 1480 745 1524 et
777 1471 830 1525 in
860 1472 996 1528 alios
1030 1475 1253 1533 colonos
1268 1479 1536 1535 transfert
1568 1480 1781 1537 vineam
1805 1482 1849 1549 ⁷,
1884 1494 1942 1540 ut
1980 1484 2147 1541 herus

568 1566 624 1611 et
655 1558 951 1629 Dominus;
1013 1565 1107 1620 sed
1166 1575 1223 1622 et
1271 1569 1449 1640 angeli
1501 1571 1958 1629 administrationi
2012 1574 2160 1645 legis-

574 1648 890 1708 inserviisse
922 1660 1350 1727 comperiuntur,
1384 1672 1438 1717 et
1472 1663 1606 1718 nihil
1638 1678 1825 1721 eorum
1867 1683 1987 1737 quae
2021 1669 2150 1724 fecit.

572 1740 760 1807 Filius,
790 1742 1008 1802 fecisse.
1048 1747 1162 1804 Non
1200 1762 1283 1807 est
1307 1753 1472 1824 igitur
1502 1756 1745 1826 ejusdem
1776 1760 1989 1829 generis
2016 1776 2138 1817 cura

570 1834 775 1903 angelis
820 1835 1025 1906 Filius,
1069 1841 1164 1897 sed
1200 1842 1459 1914 Magister
1487 1858 1542 1901 et
1577 1848 1859 1905 Dominus.

566 2006 811 2092 ALIUD,
839 2012 1342 2092 cyplicatiubuquod
1376 2022 1533 2087 illud.
1576 2042 1595 2076 ι
1629 2024 1822 2080 Melior
1857 2029 2028 2092 factus
2063 2044 2143 2087 est

636 2082 838 2218 ῗηῃείὲι
858 2082 911 2147 ⁸,
944 2102 963 2136 ι
984 2087 1068 2208 ,ρει
1099 2082 1455 2158 di/féreuliam
1494 2082 2025 2155 administrationum
2058 2082 2144 2158 ἱέὲ

664 2167 784 2205 areu
828 2169 914 2206 um
949 2171 993 2207 si
1026 2195 1041 2211 .

664 2167 914 2206 ereuaum
949 2167 1041 2211 8η.

640 2258 841 2319 Paulus
860 2264 927 2318 de
964 2264 1102 2321 Filio
1134 2268 1306 2339 inquit
1334 2288 1349 2327 :
1388 2292 1406 2324 ι
1438 2274 1612 2330 Tanto
1637 2277 1824 2333 melior
1850 2278 2024 2337 factus
2054 2298 2147 2340 an-

570 2351 748 2419 gelis:
783 2372 804 2405 ι
842 2369 946 2411 non
1002 2360 1145 2427 quod
1195 2360 1288 2416 Dei
1327 2361 1489 2419 Verbi
1529 2376 1779 2423 naturam
1826 2372 2143 2444 angelorum

572 2453 784 2499 natura:
812 2460 1130 2518 comparare
1169 2452 1314 2519 velit,
1351 2471 1526 2527 neque
1569 2460 1857 2519 dissimiles
1887 2467 2141 2523 substan-

566 2532 669 2587 tias
707 2536 896 2591 eodem
942 2540 1105 2595 modo
1150 2557 1215 2597 ac
1267 2547 1478 2602 ratione
1519 2551 1793 2609 examinet
1822 2555 1957 2624 (Deo
1998 2559 2141 2614 enim

564 2626 700 2680 nihil
739 2631 1067 2700 comparari,
1105 2643 1197 2688 aut
1225 2635 1463 2694 conferri
1503 2643 1727 2715 potest).
1771 2647 1865 2701 sed
1907 2648 2142 2704 admini-

564 2720 889 2777 strationum
915 2722 1253 2782 differentias
1283 2733 1557 2801 proponit,
1601 2744 1659 2788 ut
1688 2750 1755 2790 ex
1787 2738 2140 2796 administra-

564 2809 713 2864 tione
741 2826 862 2881 qua:
908 2813 1104 2900 cuique
1140 2823 1430 2876 commissa
1484 2834 1592 2890 est,
1631 2828 1761 2896 quid
1803 2828 2034 2900 quisque
2069 2832 2142 2887 sit

562 2912 939 2970 cognoscatur.
976 2896 1129 2973 Quod
1178 2925 1305 2965 vero
1337 2930 1356 2964 ι
1390 2912 1583 2969 melior
1612 2935 1632 2968 ι
1683 2918 1748 2972 ad
1780 2896 2142 2990 comparatio-

563 3004 686 3044 nem
732 2993 1217 3055 administrationis
1284 3004 1599 3071 angelorum
1662 3009 1981 3068 referendus
2026 3013 2137 3080 sit,

561 3078 685 3134 inde
742 3084 1029 3141 manifeste
1080 3099 1336 3146 constat:
1379 3096 1719 3164 propositum
1768 3111 1884 3155 erat
1932 3078 2134 3170 Paulo,

558 3175 848 3230 ostendere
876 3192 995 3246 quae
1035 3195 1131 3249 per
1163 3181 1443 3240 Christum
1486 3190 2137 3266 praedicabanturlegaj-

563 3264 665 3320 bus
690 3270 972 3339 praeceptis
1000 3272 1155 3344 longe
1190 3279 1569 3345 praestantiora
1608 3295 1750 3338 esse.
1785 3282 1940 3341 Unde
1973 3264 2139 3357 igitur

560 3356 667 3411 hoc
694 3359 1072 3419 demonstrat?
1105 3366 1187 3421 Ad
1214 3367 1685 3428 administratores
1726 3388 1786 3429 se
1824 3356 2092 3433 convertit
2120 3398 2134 3435 :

557 3457 615 3502 et
659 3464 726 3505 ex
768 3466 957 3509 eorum
987 3453 1291 3513 dill'ereutia
1335 3474 1398 3514 ea
1438 3475 1558 3531 qua:
1590 3478 1687 3532 per
1736 3464 1881 3535 ipsos
1909 3468 2138 3524 admini-

556 3547 727 3595 strata
776 3552 903 3597 sunt
952 3546 1207 3604 aestimat.
1243 3548 1438 3620 Angeli
1488 3567 1619 3622 ergo
1648 3554 2030 3613 administrant
2063 3561 2136 3615 le-

557 3644 700 3700 gem,
734 3640 790 3687 et
823 3648 921 3702 per
945 3648 1039 3690 eos
1070 3640 1418 3707 pronuntiata
1445 3652 1567 3709 est;
1599 3642 1770 3702 Filius
1819 3662 1949 3703 vero
1980 3652 2130 3707 noti-

556 3721 689 3775 tiam
718 3734 910 3777 eorum
940 3740 1062 3794 qua:
1085 3741 1182 3795 per
1200 3727 1550 3801 Evangelium
1580 3736 1972 3795 annuntiantur
1994 3757 2137 3813 pra:-

556 3816 722 3871 dicat.
753 3816 924 3889 Atqui
961 3818 1170 3885 melior,
1202 3822 1396 3893 inquit,
1431 3838 1513 3881 est
1533 3827 1703 3886 Filius
1732 3847 1892 3901 quant
1923 3837 2128 3907 angeli;

554 3919 823 3978 quatenus
866 3911 1219 3969 excellentior
1267 3917 1670 3979 administratio
1721 3924 1797 3981 illi
1843 3930 2134 3987 commissa

554 4011 662 4068 est,
689 4018 753 4057 ea
788 4004 999 4060 ratione
1025 4006 1220 4063 melior
1249 4020 1353 4065 est.
1380 4010 1844 4073 Administranlur
1871 4022 2014 4078 enim
2046 4039 2134 4080 res

556 4110 772 4167 magna:
809 4112 837 4152 a
876 4099 1106 4169 magnis,
1153 4111 1206 4155 et
1240 4115 1421 4170 parva:
1459 4120 1488 4157 a
1524 4108 1725 4174 parvis.
1770 4111 1999 4181 Magnus
2036 4131 2135 4171 au-

556 4196 664 4242 tem
712 4197 796 4243 est
829 4188 1017 4256 Filius,
1063 4201 1330 4261 quatenus
1368 4203 1464 4257 est
1526 4197 1783 4266 splendor
1832 4212 1887 4257 et
1935 4205 2131 4261 chara-

554 4281 748 4345 cter’,
793 4289 848 4334 et
897 4291 1167 4351 quatenus
1207 4286 1259 4340 ei
1304 4287 1503 4341 dicitur
1546 4306 1559 4342 :
1606 4308 1625 4342 ι
1657 4290 1798 4348 Sede
1844 4309 1875 4348 a
1923 4296 2133 4355 dextris

554 4370 690 4425 meis
715 4371 791 4436 “;
830 4389 849 4424 ι
894 4382 1164 4442 quatenus
1196 4378 1605 4450 primogenitus,
1646 4393 1702 4439 et
1738 4386 1806 4441 ab
1852 4387 1985 4455 ipsis
2028 4405 2126 4445 an-

551 4461 687 4532 gelis
719 4462 1002 4519 adoratur.
1032 4466 1221 4535 Angeli
1249 4483 1377 4524 vero
1401 4471 1531 4526 nihil
1560 4488 1752 4529 eorum
1784 4477 2001 4545 habent,
2032 4483 2125 4537 sed
2158 4488 2208 4549 ι)

553 4562 615 4607 ιιι
668 4554 902 4610 ministri
952 4555 1342 4626 circumstant,
1375 4572 1433 4617 ut
1474 4565 1616 4620 servi
1667 4567 1833 4639 206
1876 4572 2126 4639 adorant,

552 4645 1026 4718 ministeriumque
1066 4664 1221 4705 suum
1250 4662 1506 4722 praestant
1548 4667 1768 4724 propter
1800 4676 1895 4717 eos
1923 4665 2014 4732 qui
2043 4680 2129 4719 sa-

549 4736 719 4793 lutem
753 4748 880 4792 sunt
919 4743 1260 4797 consecuturi
1305 4744 1367 4799 “.
1412 4744 1587 4802 Tanto
1632 4747 1815 4818 itaque
1864 4764 2127 4820 praestau-

550 4827 658 4882 tior
684 4837 767 4884 est
797 4829 1195 4887 administratio
1234 4833 1543 4898 Servaloris
1594 4852 1756 4907 quam
1792 4842 2125 4911 angelorum,

547 4926 749 4986 quanto
784 4934 921 4975 unus
958 4920 1175 4989 quidem
1215 4923 1269 4978 in
1324 4924 1451 4989 illis,
1504 4927 1657 4983 alteri
1704 4939 1882 4986 autem
1934 4933 1987 4988 in
2038 4937 2123 4992 his

545 5018 856 5065 versantur.
904 5010 1053 5068 lianc
1106 5014 1269 5085 igitur
1308 5017 1378 5071 ob
1427 5032 1645 5073 causam
1689 5020 1887 5079 Paulus
1939 5027 2125 5086 volens

543 5114 866 5170 comparare
898 5102 1041 5158 inter
1070 5118 1131 5159 se
1163 5105 1326 5161 hasce
1354 5107 1873 5181 administrationes,
1904 5116 2078 5188 inquit
2106 5139 2121 5176 :

550 5208 570 5242 ι
608 5189 798 5249 Melior
820 5192 996 5248 factus
1028 5195 1252 5264 angelis.
1284 5214 1302 5247 ι
1347 5196 1483 5252 Cum
1516 5214 1644 5256 vero
1679 5203 1746 5257 ad
1787 5208 2124 5265 substantia-

545 5298 665 5337 rum
701 5286 1166 5353 comparationem
1204 5290 1369 5357 venit,
1421 5291 1640 5363 inquit:
1677 5314 1697 5348 ι
1729 5296 1942 5364 Quanto
1970 5302 2125 5359 dilic-

548 5377 760 5432 rentius
787 5376 1037 5434 Christus
1070 5379 1177 5435 illis
1224 5396 1422 5438 nomen
1460 5385 1684 5441 sortitus
1714 5391 1880 5443 est".
1922 5410 1941 5443 ι
1993 5394 2108 5449 Non

540 5469 653 5538 jam
684 5469 761 5523 ait
800 5471 1007 5538 melius,
1039 5473 1135 5527 sed
1168 5473 1495 5543 di/fcremius
1520 5495 1538 5532 :
1568 5483 1712 5550 quod
1745 5484 1961 5553 quidem
2004 5505 2121 5544 rna-

548 5576 708 5630 gnam
741 5561 1109 5619 diversitatem
1139 5565 1427 5636 signiﬁcat.

646 5702 900 5788 ’Ζιιςιιδιι
924 5705 1015 5788 ίξὶ.
1093 5706 1314 5766 “Matth.
1342 5713 1488 5781 tx,2.
1570 5713 1588 5746 ⁷
1617 5713 1800 5773 Matth.
1824 5734 1941 5788 xxI,
1962 5721 2152 5784 ‘28.“.

558 5771 642 5826 M.
726 5772 768 5802 "
792 5774 918 5830 ibid.
946 5773 998 5830 4.

2326 1014 2510 1070 ΔΛΛΟ
2540 1016 2727 1081 τούτῳ
2754 1016 2978 1144 Quom?
3124 1024 3236 1078 οὐκ
3263 1023 3334 1079 ἐν
3362 1024 3487 1091 τοῖς
3514 1024 3764 1093 δούλοις

3106 1112 3157 1146 c.

3106 1112 3157 1159 ς.

2332 1176 2682 1236 Ἀποστέλλει
2707 1181 2833 1247 τοὺς
2865 1186 3152 1257 προφήτας
3179 1188 3207 1240 6
3234 1185 3368 1251 Θεὸς
3399 1187 3704 1258 ἀπαιτῆσαι
3731 1188 3832 1243 τοῦ

2246 1268 2569 1341 ἀμπελῶνος
2594 1273 2719 1337 τοὺς
2751 1278 3018 1347 καρποῦς,
3051 1278 3103 1332 οἳ
3132 1279 3271 1349 πρὸς
3300 1279 3831 1353 τῷθμηδὲδύνασθαι

2246 1356 2451 1425 λαϐεῖν,
2488 1362 2582 1415 καὶ
2602 1364 2893 1422 ἀπέθανον.
2911 1367 2971 1420 Ὀ
2994 1368 3185 1440 Σωτήρ
3216 1368 3294 1433 ὡς
3318 1370 3597 1441 Δεσπότης
3617 1372 3711 1425 καὶ
3723 1372 3847 1436 τὰς·

2244 1449 2466 1518 ὀφειλάς
2489 1453 2703 1524 ἀφίησι.
2721 1456 2815 1510 καὶ
2843 1458 2925 1521 είς
2950 1458 3170 1531 ἑτέρους
3196 1462 3477 1533 γεωργοὺς
3502 1463 3834 1535 μετατίθησι

2244 1537 2335 1592 τὸν
2360 1539 2660 1611 ἀμπελῶνα
2689 1543 2765 1609 ὡς
2810 1546 3076 1618 δεσπότης
3125 1550 3218 1603 καὶ
3264 1551 3505 1622 Κύριος⁹
3544 1554 3846 1622 φαίνονταιι

2243 1630 2301 1684 δὲ
2342 1633 2439 1686 καὶ
2470 1636 2538 1705 τῇ
2571 1634 2665 1688 τοῦ
2704 1636 2867 1708 νόμου
2902 1640 3148 1714 διακονία
3190 1644 3638 1717 ὑπηρετήσαντες
3667 1647 3837 1717 ἀγγε-

2243 1723 2346 1790 λοι,
2382 1726 2477 1779 καὶ
2508 1728 2837 1800 ποιήσαντες
2871 1733 3027 1787 οὐδὲν
3050 1728 3125 1789 ὧν
3160 1737 3420 1808 ἐποίησεν
3445 1740 3473 1791 6
3494 1739 3669 1803 ζΥῐός..
3690 1740 3836 1794 Οὐκο

2175 1820 2217 1876 Β
2245 1814 2341 1868 οὖν
2368 1817 2467 1887 οὐχ
2497 1818 2766 1893 ὁμογενὴς
2791 1823 3046 1894 ἀγγέλοις
3071 1829 3240 1897 ἐστὶν,
3266 1828 3405 1885 ἀλλὰ
3431 1831 3710 1901 Δεσπότης
3737 1829 3841 1886 καῖ

2245 1908 2469 1981 Κύριος.

2244 2003 2427 2056 ΔΛΛΟ
2448 2043 2465 2065 ,
2490 2004 2935 2085 ῥιηπηιιᾳζικῶς
2963 2009 3051 2085 ὅτι
3095 2010 3165 2065 τὸ
3200 2030 3220 2064 ι
3250 2014 3543 2085 Κρειττων
3590 2014 3836 2085 γενόμε-

2314 2088 2422 2140 νος
2443 2072 2562 2128 τῶν
2583 2072 2941 2155 “.ἆ.γῆγρλωγ,ίι
2985 2082 3100 2155 οὐκ
3140 2072 3366 2155 οὐσιῶν
3388 2072 3653 2155 είσφέρὲι

2315 2158 2539 2212 κρισιν,
2572 2146 2736 2201 ἀλλὰ
2762 2148 3009 2218 μᾶλλον
3037 2151 3378 2211 διακονιῶν.

2321 2274 2340 2308 ι
2370 2256 2623 2330 Τοσούτῳ
2669 2260 2937 2330 κρείττων
2982 2264 3274 2336 γενόμενος
3320 2268 3431 2324 τῶν
3485 2268 3737 2339 ἀγγέλων
3757 2309 3774 2334 ,
3806 2288 3827 2322 ι

2243 2347 2338 2401 ἐπὶ
2365 2348 2462 2403 τοῦ
2495 2349 2625 2404 Υίοῦ
2661 2369 2826 2423 φησιν
2864 2356 2894 2409 6
2932 2355 3168 2421 Παῦλος,
3201 2359 3263 2412 οὐ
3294 2362 3363 2431 τῇ
3395 2359 3556 2428 φύσει
3585 2361 3697 2416 τῶν
3726 2363 3832 2430 ἀγα

2242 2437 2418 2507 γέλων
2449 2439 2548 2511 τὴν
2578 2440 2673 2495 τοῦ
2704 2442 2839 2496 Θεοῦ
2856 2444 3033 2512 Λόγου
3065 2446 3453 2517 συγκρίνεσθαι
3488 2449 3679 2515 θέλων,
3702 2451 3833 2506 οὐδὲ

2242 2530 2349 2585 τῶν
2372 2532 2643 2605 ἀνομοίων
2671 2535 2873 2589 οὐσιῶν
2898 2536 3076 2602 ὲξίσου
3110 2538 3434 2611 ποιούμενος
3458 2542 3557 2614 τὴν
3580 2543 3830 2608 ἐξέτασιν

2242 2623 2592 2696 (ἀσύγκριτον
2609 2626 2718 2698 γὰρ
2744 2629 2977 2699 πρᾶγμα
3003 2629 3255 2703 θεότητος
3277 2633 3373 2685 καὶ
3389 2634 3828 2705 ἀπαράσλητον),

2241 2712 2390 2798 ἀλλά
2407 2717 2508 2787 τὴν
2548 2718 2640 2771 ἐπὶ
2666 2721 2785 2782 ταῖς
2811 2719 3110 2785 διακονίαις
3139 2723 3406 2796 εἰσφέρων
3432 2725 3718 2798 διαφορὰν,
3752 2729 3829 2782 ἵν’

2241 2804 2335 2874 ἀφ’
2368 2797 2443 2859 ὧν
2475 2807 2703 2872 ἕκαστος
2731 2808 3025 2879 ἐπιστεύθη
3054 2812 3149 2865 καὶ
3191 2812 3563 2886 ᾠκονόμησεν,
3598 2819 3663 2871 ὲκ
3699 2819 3828 2872 τού,

2238 2914 2347 2950 των
2372 2899 2520 2962 ὅστις
2552 2900 2637 2970 εἴη
2681 2899 3170 2973 γινώσκηται.”οτι
3196 2904 3337 2959 δὲτὸ
3368 2925 3389 2958 ι
3416 2909 3678 2979 κρείττων
3702 2930 3720 2963 ι
3746 2911 3827 2976 ὡς

2240 2990 2378 3060 πρὸς
2411 2991 2509 3061 τὴν
2530 2991 2639 3045 τῶν
2667 2992 2916 3061 ἀγγέλων
2939 2993 3218 3049 διακονίαν
3245 2996 3362 3068 ἔχειν
3385 2998 3486 3070 τὴν
3509 2998 3825 3072 σύγκρισιν,

2240 3082 2438 3149 γένοιτ’
2471 3082 2538 3136 ἂν
2582 3083 2794 3138 ἐνθένδε
2823 3088 3150 3157 καταφανέςο
3190 3089 3396 3155 Σκοπὸς
3422 3087 3491 3163 ἦν
3515 3094 3592 3163 τῷ
3622 3094 3825 3165 Παύλῳ

2166 3157 2209 3217 C
2241 3174 2529 3246 κρείττονα
2556 3174 2662 3228 τῶν
2687 3176 2926 3245 νομικῶν
2954 3178 3304 3249 ὲνταλμάτων
3333 3157 3595 3250 ἐπιδεῖξαι
3635 3184 3706 3238 τὰ
3732 3157 3828 3239 διά

2239 3265 2477 3335 Χριστοῦ
2526 3267 2926 3338 κηρυττόμενα.
2958 3268 3133 3324 Πόθεν
3161 3268 3259 3325 οὖν
3284 3276 3519 3328 ποιεῖται
3553 3276 3652 3341 τὰς
3681 3277 3827 3331 ἀποι-

2237 3357 2465 3426 δείξεις;
2508 3360 2631 3412 Ἐπὶ
2657 3360 2783 3424 τοὺς
2810 3361 3194 3427 διακονοῦντας
3221 3368 3408 3437 χωρεῖ,
3425 3369 3519 3422 καὶ
3550 3371 3669 3433 ταῖς
3690 3370 3825 3423 τού-

2237 3462 2346 3499 των
2372 3447 2660 3518 διαφοραῖς
2683 3449 2963 3520 ἀναλόγως
2992 3451 3165 3523 ὁρίζει
3194 3454 3263 3507 τὰ
3296 3455 3387 3508 ὐπ’
3408 3456 3587 3511 αὐτῶν
3631 3457 3821 3511 διακορ-

2238 3537 2496 3609 νούμενα.
2518 3540 2774 3608 Ἄγγελοι
2809 3542 2907 3612 μὲν
2935 3539 3029 3597 οῦν
3051 3543 3359 3599 διακονοῦσι
3387 3546 3480 3600 τὸν
3508 3548 3691 3617 νόμον,
3722 3550 3825 3603 καὶ

2237 3629 2480 3685 λαλεῖται
2530 3631 2598 3685 δι’
2632 3634 2815 3688 αὐτῶν
2836 3651 2850 3665 ·
2874 3637 2903 3689 ό
2934 3636 2990 3690 δὲ
3013 3638 3161 3704 Υἱὸς,
3190 3640 3290 3712 τὴν
3316 3640 3405 3695 διὰ
3431 3642 3541 3695 τῶν
3576 3642 3826 3713 Εὐαγγε-

2236 3721 2369 3777 λίων
2399 3723 2659 3794 κηρύττει
2688 3726 2910 3795 γνῶσιν.
2930 3728 3093 3785 Ἀλλά
3121 3731 3405 3802 κρείττων,
3437 3735 3619 3803 φησὶν,
3644 3735 3673 3788 6
3695 3736 3825 3800 Υίὸς

2235 3813 2346 3868 τῶν
2392 3816 2663 3885 ἀγγέλωνο
2711 3818 2849 3874 καθὸ
2890 3821 3001 3875 τῶν
3044 3823 3345 3894 ἀμεινόνων
3379 3827 3615 3898 κατέστη
3637 3829 3826 3883 διάκο-

2235 3922 2347 3969 νος,
2376 3905 2518 3959 κατά
2545 3907 2707 3962 τοῦτο
2732 3910 3019 3981 κρείττων.
3054 3918 3390 3969 Διακονεῖται
3428 3917 3484 3970 δὲ
3509 3920 3579 3972 τὰ
3609 3920 3825 3988 μεγάλα

2234 3998 2323 4053 διὰ
2353 4000 2626 4069 μεγάλων,
2653 4004 2747 4056 καὶ
2778 4002 2848 4057 τὰ
2880 4006 3055 4076 μικρά
3085 4006 3175 4060 διὰ
3214 4007 3323 4061 τῶν
3356 4011 3587 4080 μικρῶν.
3630 4011 3823 4081 Μέγας

2234 4087 2291 4140 δὲ
2342 4090 2371 4141 6
2418 4089 2737 4154 Υίὸς,καθὸ
2788 4093 3132 4167 ἀπαύγασμα
3180 4099 3273 4152 καὶ
3321 4100 3631 4171 χαρακτὴρ,
3683 4102 3824 4155 καθὸ

2234 4179 2423 4234 ἀκούει
2443 4200 2457 4214 ·
2490 4200 2509 4234 ι
2543 4182 2731 4237 Κάθου
2760 4186 2824 4239 ὲκ
2854 4185 3042 4251 δεξιῶν
3083 4206 3207 4257 μου·
3242 4208 3261 4241 ι
3306 4191 3439 4245 καθὸ
3475 4186 3823 4264 πρωτότοκος

2235 4275 2331 4325 καὶ
2376 4274 2467 4327 ὐπ’
2499 4275 2680 4329 αὐτῶν
2712 4278 2961 4345 ἀγγέλων
2991 4281 3485 4353 προσκυνούμενος.
3524 4286 3587 4338 Οί
3627 4285 3683 4339 δὲ
3718 4286 3822 4356 ἀγ-

2235 4366 2408 4433 γελοι,
2432 4365 2637 4420 τούτων
2666 4368 2839 4431 οὐδὲν,
2877 4369 2993 4422 ἀλλ’
3020 4372 3069 4423 oi
3105 4373 3202 4441 μὲν
3230 4372 3306 4437 ὡς
3337 4373 3642 4445 λειτουργοὶ
3677 4394 3823 4447 παρ-

2234 4457 2554 4528 εστήκασιν,
2604 4457 2680 4520 ῶς
2724 4458 2900 4511 δοῦλοι
2951 4462 3370 4530 προσκυνοῦσιν,
3421 4464 3496 4529 ὠς
3545 4467 3819 4538 ὑπηρέται

2233 4549 2486 4620 τρέχουσι
2518 4548 2608 4603 διὰ
2631 4551 2756 4613 τοὺς
2790 4551 3083 4621 μέλλοντας
3126 4553 3482 4626 κληρονομεῖν
3515 4559 3815 4628 σωτηρίαν.

2234 4640 2515 4711 Κρείττων
2545 4641 2654 4713 ἀρα
2679 4642 2773 4695 τοῦ
2809 4643 3059 4714 Σωτῆρος
3084 4646 3117 4715 ἠ
3141 4644 3384 4699 διακονία
3412 4647 3513 4718 τῆς
3550 4648 3616 4701 δι’
3647 4650 3819 4719 ἀγγέ-

2231 4730 2361 4797 λων,
2391 4732 2611 4804 ὅσῳπερ
2642 4735 2670 4786 6
2700 4735 2798 4804 μὲν
2826 4736 2883 4787 ὲν
2910 4735 3142 4801 τούτοις,
3168 4737 3219 4789 oi
3249 4737 3306 4790 δὲ
3341 4740 3399 4791 ὲν
3440 4740 3685 4803 ἐκείνοις.
3711 4742 3814 4795 Διά

2231 4822 2437 4894 ταύτην
2469 4824 2759 4895 τοιγαροῦν
2791 4826 2886 4896 τὴν
2914 4827 3093 4879 αἰτίαν
3122 4830 3150 4881 6
3180 4827 3388 4892 Παῦλος
3416 4832 3513 4894 τὰς
3537 4830 3813 4897 διακονίας

2235 4917 2517 4987 συγκρῖναι
2540 4916 2786 4988 θελήσας,
2818 4918 2965 4985 λέγει
2983 4934 2995 4947 ·
3032 4939 3050 4970 ι
3082 4919 3363 4991 Κρείττων
3391 4923 3678 4991 γενόμενος
3698 4925 3812 4980 τῶν

2232 5008 2494 5077 ἀγγέλων.
2528 5011 2687 5063 »Ὅτε
2714 5009 2770 5062 δὲ
2805 5010 2899 5063 ἐπὶ
2938 5009 3036 5083 τὴν
3061 5011 3171 5064 τῶν
3198 5011 3395 5066 οὐσιῶν
3423 5012 3648 5083 ἔρχεται
3675 5015 3809 5085 σύγ-

2231 5119 2432 5173 κρισιν,
2466 5103 2613 5172 λέγει
2632 5120 2649 5136 ο
2686 5105 2868 5175 ι”υσῳ
2900 5104 3298 5176 διαφορώτερον
3326 5105 3459 5174 παρ’
3488 5106 3690 5173 αὐτοὺς
3715 5127 3810 5161 κε-

2234 5196 2644 5269 κληρονόμηκεν
2675 5196 2863 5267 ὄνομα.
2890 5215 2908 5248 ι
2931 5196 3150 5263 Οὐκέτι,
3172 5198 3446 5266 κρεῖττον
3461 5242 3477 5266 ,
3502 5202 3658 5264 ἀλλὰ,
3678 5202 3808 5255 δια-

2231 5287 2587 5358 φορώτερον,
2617 5288 2648 5341 ὃ
2691 5288 2755 5345 δὴ
2804 5288 2900 5343 καὶ
2937 5287 3139 5360 πολλὴν
3168 5290 3413 5363 εἰσφέρει
3444 5293 3543 5365 τὴν
3578 5293 3809 5359 ἐξαλλα-

2231 5382 2355 5453 γήν.

2230 5719 2578 5792 ’ίίεὺῐ.ῐ,ι.
2665 5715 2923 5771 ’ibid.3.
3007 5714 3419 5781 ‘°Psal.crx,l.
3503 5713 3809 5783 “cht’J,
