4124 6534
262 395 379 454 369

1686 392 2139 454 THESAURUS.

3443 410 3551 467 550

260 518 609 594 Παράθεσζις
643 515 888 594 ῥητῶςζ
904 514 1040 594 περὶ
1079 516 1538 594 ἀντθρωέότητος
1572 517 1855 594 Χριστοῦ,

1962 517 2241 588 Appendix
2287 518 2550 594 dictorum
2608 518 2703 594 de__
2728 519 3057 594 hantanyale
3109 522 3306 594 Christi
3326 540 3348 590 ;
3407 542 3549 594 prte-

335 587 439 645 zeal
477 590 661 655 λύσις
700 587 925 657 ἑφεξῆς
969 590 1057 654 εἰς
1094 588 1184 654 τὸ,
1221 607 1241 640 ι
1270 588 1541 654 Τοσούτῳ
1571 590 1857 657 κρείττων

335 607 439 645 και
477 607 661 655 λυσις
700 607 841 657 spec
892 609 925 655 ς
969 607 1057 654 εις
1094 607 1184 654 το,

334 661 665 730 γενόμενος
700 658 820 712 τῶν
849 607 1143 728 Ἆγιν-ἔλων.
1174 676 1193 710 ι

337 773 464 828 Ὀτι
493 772 556 826 τὸ
590 790 608 823 ι
636 770 901 843 κρείττων
932 789 951 821 ι
1000 769 1189 825 ἐνθάδε
1237 769 1542 840 τιθέμενον,
1577 768 1689 823 τῶν
1738 770 1857 823 δια-

262 864 504 917 κονικῶν
534 861 780 933 εἰσφέρει
811 860 911 933 τήν
930 857 1238 931 σύγκρισιν,
1271 860 1615 930 γνωσόμεθα,
1637 857 1853 912 Παύλου

261 955 519 1023 λέγοντος
541 969 556 985 ’
594 972 613 1005 ι
644 952 707 1006 Ei
759 951 868 1023 γάρ
918 951 948 1004 ὁ
990 950 1059 1003 δι’
1091 949 1338 1020 ἀγγέλων
1383 949 1631 1021 λαληθεὶς
1676 950 1853 1020 λόγος,

263 1046 492 1114 ἐγένετο
523 1043 762 1115 βέϐαιος,
797 1044 892 1097 καὶ
935 1045 1090 1097 πᾶσα
1127 1042 1441 1113 παράϐασις
1474 1042 1570 1096 καὶ
1598 1040 1854 1113 παρακοὴ

262 1137 463 1194 ἐλαϐεν
483 1137 689 1191 ἔνδικον
707 1135 1151 1208 μισθαποδοσίαν,
1171 1134 1287 1198 πῶς
1305 1136 1466 1206 ἡμεῖς
1479 1133 1855 1205 ἐκφευξόμεθα

262 1231 523 1300 τοιαύτης
549 1228 925 1300 ἀμελήσαντες
946 1226 1221 1298 σωτηρίας
1234 1265 1252 1291 ,
1277 1227 1401 1297 ήτις
1419 1225 1596 1297 ἀρχὴν
1615 1224 1855 1280 λαϐοῦσα

262 1321 547 1376 λαλεῖσθαι
597 1321 687 1374 διὰ
724 1318 822 1374 τοῦ
854 1319 1085 1391 Κυρίου,
1110 1318 1217 1371 ὑπὸ
1242 1318 1353 1372 τῶν
1383 1316 1734 1372 ἀκουσάντων
1772 1319 1854 1382 είς

262 1416 415 1485 ἡμᾶς
441 1410 768 1481 ὲϐεϐαιώθη;
802 1430 821 1463 ι
860 1410 970 1465 Καὶ
991 1409 1154 1464 πάλιν
1173 1425 1189 1441 υ
1225 1429 1244 1462 ι
1266 1408 1561 1479 Ἀθετήσας
1580 1426 1666 1473 τις
1688 1409 1855 1480 νόμον

262 1506 532 1571 Μωσέως,
550 1504 718 1575 χωρὶς
743 1502 1040 1575 οἰκτιρμῶν
1061 1502 1152 1556 ἐπὶ
1175 1501 1328 1555 δυσὶν
1356 1502 1387 1572 ἢ
1411 1501 1557 1571 τρισὶ
1584 1502 1853 1573 μάρτυσιν

261 1602 631 1673 ἀποθνήσκει.
662 1599 824 1671 Πόσῳ
861 1598 1067 1653 δοκεῖτε
1095 1597 1340 1669 χείρονος
1371 1597 1735 1669 ἀξιωθήσεται
1765 1615 1852 1651 τι·

264 1693 485 1763 μωρίας
513 1694 542 1746 ὁ
568 1692 659 1745 τὸν
688 1691 816 1745 Υίὸν
842 1689 937 1743 τοῦ
970 1690 1105 1743 Θεοῦ
1135 1690 1528 1759 καταπατήσας
1553 1705 1567 1753 ;
1600 1708 1619 1741 ι
1656 1688 1852 1743 Καίτοι

260 1785 314 1836 εἰ
364 1784 478 1837 διὰ⁴
506 1781 568 1836 τὸ
616 1781 903 1853 κρείττονα
932 1780 1185 1849 λέγεσθαι
1228 1779 1335 1832 τῶν
1372 1779 1620 1847 ἀγγέλων
1662 1779 1846 1843 αὑτὸν,

2036 597 2209 665 terea__
2231 588 2422 643 solutio
2474 588 2589 658 ejus
2648 589 2775 644 dicti
2810 606 2828 643 :
2865 608 2883 643 ι
2919 591 3089 646 Tanto
3136 588 3335 649 melior
3371 588 3550 665 [actus

2034 658 2256 727 angelis.
2290 677 2310 712 ι

2033 766 2189 835 Quod
2232 784 2337 825 vox
2380 787 2399 821 ι
2439 768 2652 834 melior,
2693 787 2712 821 ι
2738 782 2805 824 eo
2834 768 2954 825 loco
2979 772 3176 841 posita,
3206 776 3552 832 administra-

1964 861 2171 917 tionum
2223 861 2685 929 comparationem
2732 862 3019 930 signiﬁcet,
3065 864 3428 934 intelligemus
3481 882 3549 923 ex

1962 953 2131 1009 Paulo
2169 952 2427 1009 dicente:
2468 970 2488 1005 ι
2527 951 2582 1007 Si
2617 954 2763 1009 enim
2811 956 2904 1024 qui
2955 971 3051 1023 per
3098 956 3320 1024 angelos
3369 956 3550 1014 dictus

1962 1050 2050 1097 est
2075 1057 2282 1107 sermo,
2326 1041 2504 1097 factus
2543 1051 2631 1097 est
2660 1041 2871 1109 lirmns,
2903 1055 2957 1100 et
3001 1045 3048 1101 si
3076 1045 3255 1100 omnis
3286 1049 3548 1114 pracvari-

1962 1136 2107 1189 catio
2132 1146 2188 1190 et
2226 1134 2596 1191 inobedientia
2639 1137 2850 1206 accepit
2878 1138 3087 1208 justam
3126 1138 3543 1194 retributionem

1962 1225 2252 1292 mercedis,
2286 1228 2563 1297 quomodo
2602 1242 2703 1285 nos
2744 1226 3087 1299 ell‘ugiemus,
3122 1229 3168 1284 si
3204 1236 3411 1284 tantam
3450 1245 3549 1285 ne-

1961 1316 2289 1387 glexerimus
2333 1316 2564 1375 salutem
2632 1335 2773 1390 qua‘,
2815 1335 2938 1375 cum
2991 1320 3206 1375 initium
3253 1321 3552 1391 accepisset

1960 1407 2204 1463 enarrari
2250 1423 2346 1477 per
2396 1408 2708 1478 Dominum,
2762 1412 2831 1465 ab
2875 1412 2956 1467 eis
2996 1412 3089 1482 qui
3138 1410 3450 1478 audierunt,
3494 1410 3549 1466 in

1960 1512 2061 1553 nos
2103 1498 2425 1553 conﬁrmata
2458 1507 2543 1554 est
2567 1499 2653 1553 “‘3
2686 1519 2703 1549 ι
2750 1500 2816 1554 Ει
2852 1516 3082 1557 rursus:
3118 1519 3137 1553 ι
3170 1499 3381 1555 lrritam
3427 1499 3553 1568 quis

1960 1586 2170 1643 faciens
2207 1587 2379 1657 legem
2416 1587 2575 1655 Mosi,
2629 1590 2749 1644 sine
2799 1590 2904 1644 ulla
2942 1591 3293 1647 miseratione
3327 1591 3378 1644 in
3411 1591 3550 1645 duo-

1960 1680 2062 1736 bus
2106 1688 2201 1734 aut
2232 1682 2403 1736 tribus
2445 1682 2674 1737 testibus
2706 1683 2960 1737 moritur.
2988 1683 3204 1749 Quanto
3245 1682 3418 1751 magis
3452 1695 3552 1750 pu-

1963 1772 2092 1828 tatis
2134 1787 2259 1828 eunt
2310 1773 2561 1843 graviora
2614 1775 2812 1828 mereri
2846 1774 3155 1843 .supplicia,
3210 1773 3303 1842 qui
3350 1772 3548 1826 Filium

259 1870 412 1927 εἶναι
434 1873 518 1927 δεῖ
542 1871 759 1935 πάντως
802 1871 986 1933 αὐτοῖς
1012 1870 1108 1924 καὶ
1133 1869 1351 1939 ὁμοφυῆ
1383 1868 1461 1939 (αἱ
1484 1868 1594 1941 γὰρ
1625 1869 1853 1940 συγκρίο

1960 1864 2053 1919 Dei
2088 1862 2595 1918 conculcaverit"?
2626 1881 2646 1916 ι
2702 1863 2862 1931 Atqui
2914 1864 2985 1928 si,
3016 1863 3144 1933 quia
3188 1863 3306 1931 ipse
3352 1861 3551 1915 dicitur

262 1983 386 2028 σεις
401 1966 496 2018 ἐπὶ
508 1964 617 2017 τῶν
643 1962 894 2035 ἀλλήλοις
910 1961 1308 2035 προσεοικότων
1326 1978 1359 2030 φ
1370 1960 1539 2014 ιλοῦσι
1556 1961 1853 2033 γίνεσθαι),

257 2057 315 2110 τί
345 2054 554 2127 μᾶλλον
585 2053 692 2107 ἔδει
726 2052 971 2123 χείρονος
1009 2049 1291 2115 ἀξιοῦσθαι
1325 2051 1597 2122 τιμωρίας
1629 2050 1720 2104 τὸν
1755 2069 1857 2104 κα-

258 2145 613 2201 ταπατοῦντα
662 2146 757 2199 τὸν
800 2145 947 2207 Υίὸν,
982 2145 1041 2197 οὐ
1091 2143 1348 2214 τοιαύτης
1400 2144 1720 2214 μετέχοντος
1760 2143 1856 2196 τοῦ

261 2237 712 2301 καταπατοῦντος
758 2237 884 2300 τοὺς
929 2236 1195 2304 ἀγγέλους
1234 2235 1323 2289 διὰ
1361 2235 1460 2305 τῆς
1490 2234 1857 2307 παραϐάσεως

256 2329 358 2382 τοῦ
388 2328 711 2398 λαληθέντος
736 2326 989 2398 νόμουζδι⁸
1008 2324 1221 2392 αὐτῶνς
1249 2324 1308 2378 'O
1327 2322 1435 2395 γὰρ
1456 2324 1536 2388 είς
1556 2326 1679 2388 τοὺς
1705 2325 1857 2387 ἴσους

261 2421 361 2475 καὶ
396 2421 661 2491 ὁμοειδεῖς
694 2416 1014 2488 ἐξυϐρίζων,
1042 2419 1142 2488 τῆς
1178 2417 1350 2488 αὐτῆς
1383 2417 1450 2471 ἂν
1475 2417 1702 2479 εἰκότως
1728 2433 1858 2488 μετ-

261 2512 385 2581 έχοι
412 2510 705 2581 τιμωρίας,
737 2509 833 2562 καὶ
862 2503 923 2562 οῦ
952 2507 1061 2561 τῶν
1092 2507 1462 2578 ἀδικουμένων
1486 2508 1586 2560 οὐκ
1610 2506 1727 2561 ἔστι
1748 2507 1857 2560 διαο

260 2601 429 2672 φορὰ,
444 2600 538 2653 καὶ
564 2600 673 2653 τῶν
703 2599 979 2654 κολάσεων
1007 2598 1261 2669 ὁμοιότης
1277 2598 1511 2667 εὐλόγως
1528 2597 1594 2652 ἂν
1616 2598 1853 2667 γένοιτο.

258 2693 404 2747 Νυνὶ
444 2691 503 2743 δὲ
543 2692 572 2743 ὁ
608 2690 708 2761 μὲν
747 2691 827 2753 είς
874 2688 965 2743 τὸν
998 2688 1125 2741 Υίὸν
1166 2688 1580 2760 ἐξαμαρτάνων,
1613 2688 1858 2759 χείρονος

258 2782 633 2853 ἀξιωθήσεται
662 2780 936 2852 τιμωρίας
955 2797 968 2809 ·
1000 2781 1028 2833 ὁ
1054 2779 1110 2833 δὲ
1138 2781 1219 2844 εἰς
1240 2778 1331 2832 τὸν
1361 2779 1454 2833 ὑπ’
1479 2780 1729 2849 ἀγγέλων
1759 2778 1858 2833 λα-

259 2872 505 2943 ληθέντα
563 2872 743 2940 νόμον,
774 2870 1074 2930 ἐλάττονος.
1106 2869 1220 2938 Οὐχ
1269 2867 1536 2940 ὁμογενὴς
1587 2868 1697 2940 ἄρα
1745 2870 1858 2931 τοῖς

258 2964 521 3033 ἀγγέλοις
551 2965 781 3029 ἐκεῖνος,
806 2964 887 3026 είς
922 2962 982 3015 ὃν
1014 2960 1110 3015 καὶ
1145 2956 1329 3030 μεῖζόν
1358 2961 1473 3014 ἐστι
1515 2961 1577 3015 τὸ
1608 2961 1859 3033 ἁμαρτά-

256 3072 375 3108 νειν
395 3071 409 3085 ο
438 3055 532 3109 καὶ
559 3054 622 3107 τὸ
654 3053 925 3125 τιμωρίας
962 3051 1181 3123 μέτρον,
1216 3048 1493 3120 ἀναλόγως
1522 3053 1588 3123 τῇ
1615 3053 1857 3123 ὑπεροχῇ

257 3146 355 3200 τοῦ
394 3146 734 3218 πατηθέντος
757 3145 1055 3200 ὲκτίνεται.

955 3435 1162 3491 ΑΛΛΟ.

546 3550 648 3614 Ὠς
682 3548 754 3614 ἐξ
789 3548 1152 3616 ἀντιθέσεως
1188 3550 1277 3615 είς
1314 3546 1383 3601 τὸ
1419 3546 1588 3601 αὑτό.

332 3662 615 3733 Χείρονος,
647 3663 832 3730 φασὶν,
868 3660 1115 3726 ἀξιοῦται
1164 3671 1436 3730 τιμωρίας
1479 3661 1508 3710 ὁ
1553 3655 1858 3727 ἐξαμαρτάο

262 3771 370 3807 νων
400 3754 483 3815 είς
509 3752 603 3804 τὸν
629 3751 779 3815 Υίὸν,
806 3751 882 3815 ὡς
911 3753 991 3814 είς
1028 3750 1251 3821 μείζονα
1272 3749 1381 3802 τῶν
1407 3745 1858 3817 ἀγγέλων.Τοῦτο

261 3843 319 3895 δὲ
342 3842 507 3896 αὑτὸν
526 3842 589 3894 οὐ
612 3842 831 3904 πάντως
852 3841 956 3904 ἔξω
975 3842 1075 3911 τῆς
1099 3843 1235 3913 πρὸς
1254 3841 1521 3909 ἀγγέλους
1540 3838 1859 3911 ὀμογενείας

264 3934 523 4002 γενέσθαι
550 3935 716 3987 ποιεῖ.
736 3932 1042 4000 Ἀναλόγως
1079 3932 1188 4004 γὰρ
1214 3935 1282 4004 τῇ
1314 3932 1528 4001 ἑκάστῳ
1552 3948 1858 4003 χρεωστου-

268 4025 411 4095 μένῃ
440 4025 576 4094 τιμῇ
599 4023 694 4077 καὶ
718 4024 752 4093 ή
777 4023 857 4086 είς
877 4023 1038 4076 αὐτὸν
1064 4021 1221 4093 ὕϐρις
1245 4023 1614 4093 ὲκμετρεῖται.
1634 4019 1857 4092 Ἐπειδὴ

263 4117 447 4170 τοίνυν
497 4115 765 4185 κρείττων
813 4115 1007 4184 γέγονε
1059 4114 1172 4167 τῶν
1218 4114 1468 4183 ἀγγέλων
1495 4116 1523 4168 6
1562 4114 1709 4178 Υἱὸς,
1744 4113 1858 4184 ἔχει

266 4208 584 4281 βαρυτέρως
607 4207 708 4279 τὴν
738 4207 1011 4279 τιμωρίαν
1038 4208 1067 4260 ὁ
1095 4209 1175 4270 είς
1208 4207 1371 4259 αὐτὸν
1402 4206 1820 4277 ἐξαμαρτάνων.

508 4322 665 4388 Πρὸς
705 4319 895 4375 ταῦτα
931 4320 1112 4385 λύσις
1150 4319 1219 4373 ἐκ
1257 4319 1365 4374 τοῦ
1408 4319 1617 4374 αὑτοῦ.

349 4434 551 4504 Ἐχρῆν
579 4428 673 4487 οὖν
703 4432 797 4485 ἐπὶ
833 4435 900 4502 τῇ
951 4431 1262 4501 παραϐάσει
1306 4432 1414 4484 τῶν
1437 4430 1675 4502 νομικῶν
1708 4430 1858 4483 ἐντο-

261 4523 396 4586 λῶν,
438 4523 514 4595 μὴ
538 4522 818 4591 ἀναλόγως
847 4524 960 4583 τοῖς
990 4521 1425 4592 πλημμελήμασι
1451 4521 1550 4585 τὰς
1586 4521 1858 4591 τιμωρίας

262 4614 567 4687 ὁρίζεσθαι,
600 4613 737 4682 μηδὲ
771 4611 989 4676 πάντως
1032 4611 1108 4680 τῷ
1164 4611 1387 4682 μεγέθει
1438 4611 1539 4682 τῆς
1584 4613 1860 4683 ἁμαρτίας

267 4706 703 4779 συμμετρεῖσθαι
744 4705 844 4777 τὴν
890 4705 1133 4766 κόλασιν,
1166 4703 1301 4758 ἀλλά
1343 4702 1545 4774 μᾶλλον
1583 4703 1860 4775 ὁρίζεσθαι

191 4862 206 4874 ⁸
266 4800 405 4871 πρὸς
429 4799 529 4871 τὴν
560 4798 716 4864 ἀξίαν
738 4796 834 4850 τοῦ
861 4796 1284 4867 διακονήσαντος
1319 4795 1489 4866 αὐτὴν
1512 4796 1768 4864 ἀγγέλου.
1796 4797 1859 4850 El

197 4879 211 4893 ’
262 4892 321 4945 δὲ
343 4891 503 4945 τοῦτο
540 4889 639 4960 μὲν
671 4890 771 4960 οὐχ
807 4888 1028 4959 ὁρῶμεν
1054 4889 1367 4957 γενόμενον,
1405 4882 1486 4951 εἷς
1526 4888 1582 4941 δὲ
1614 4891 1643 4942 ὁ
1671 4888 1858 4960 νόμος,

264 4983 479 5038 πολλῶν
511 4983 680 5037 ὄντων
704 4982 978 5050 ἀγγέλων,
1006 4981 1101 5034 καὶ
1124 4979 1213 5033 διά
1240 4979 1350 5032 τῶν
1377 4979 1557 5033 αὐτῶν
1580 4979 1859 5051 τιμωριῶν

263 5076 447 5146 τρέχει
474 5074 541 5128 τὰ
566 5074 969 5145 ἁμαρτήματαο
993 5072 1094 5126 οὐκ
1115 5070 1224 5144 ἄρα
1243 5071 1443 5141 ἀληθὲς
1463 5072 1523 5126 τὸ
1545 5073 1856 5142 λεγόμενον,

264 5167 345 5220 ὃτι
390 5166 637 5238 χείρονος
684 5165 1048 5237 ἀξιωθήσεται
1099 5166 1373 5237 τιμωρίας
1421 5167 1450 5219 ὁ
1494 5167 1575 5229 εἰς
1606 5166 1697 5220 τὸν
1732 5165 1859 5219 Υίὸν

265 5259 681 5330 ἐξαμαρτάνων,
713 5258 790 5322 ὡς
838 5260 917 5322 εἰς
965 5257 1255 5327 κρείττονα
1281 5256 1392 5311 τῶν
1420 5256 1690 5326 ἀγγέλων,
1729 5256 1859 5311 ἀλλ’

263 5349 341 5412 ὡς
385 5350 469 5414 είς
515 5351 787 5420 ἑτεροφυᾶ
833 5351 927 5403 καὶ
968 5349 1104 5403 πολὺ
1141 5348 1613 5421 παρηλλαγμένον.
1646 5349 1710 5402 Οἱ
1758 5351 1857 5420 μὲν

265 5442 375 5513 γὰρ
396 5441 635 5512 γενητοὶ,
658 5442 687 5494 ὁ
713 5442 769 5495 δὲ
798 5441 931 5506 Θεὸς
958 5440 1235 5510 ἀληθινὸς,
1268 5442 1329 5494 οὐ
1356 5440 1464 5494 τῶν
1489 5439 1732 5511 γενητῶν
1752 5433 1853 5503 εἷς,

265 5532 387 5587 οὐδὲ
410 5534 551 5605 πρὸς
583 5534 724 5588 αὐτά
750 5534 849 5605 τὴν
882 5534 1172 5606 σύγκρισιν
1203 5533 1370 5605 ἔχων·
1403 5532 1517 5587 ἀλλ’
1543 5535 1762 5605 ὅσῳπερ
1791 5532 1857 5587 ἂν

270 5625 433 5690 αὐτὸς
467 5625 891 5699 ἀξιολογώτερος
922 5628 1189 5697 φαίνεται,
1225 5627 1466 5699 τοσούτῳ
1512 5628 1719 5699 μείζονι
1764 5630 1857 5682 καὶ

343 5803 384 5835 ¹³
414 5802 573 5861 llebr.
612 5822 671 5869 Il,
703 5808 758 5869 2,
800 5809 853 5863 5.
936 5810 974 5838 ”
1009 5808 1151 5865 "cbt‘
1213 5825 1263 5872 ι,
1293 5809 1384 5873 ‘28.
1411 5808 1498 5863 29.

1959 1954 2154 2010 melior
2192 1953 2420 2024 angelis,
2466 1955 2839 2009 necessarium
2885 1954 3042 2022 plane
3072 1963 3157 2009 est
3193 1955 3357 2008 etiam
3402 1953 3551 2021 ejus-

1957 2046 2078 2099 dem
2129 2060 2251 2100 cum
2302 2044 2437 2113 ipsis
2482 2055 2690 2100 natura:
2745 2060 2869 2101 esse
2899 2044 3359 2116 (comparationes
3402 2043 3549 2099 enim

1957 2136 2101 2193 inter
2131 2151 2218 2192 res
2256 2136 2496 2204 sibiipsis
2538 2136 2746 2192 similes
2775 2138 2890 2192 fieri
2917 2138 3142 2207 solent),
3179 2153 3279 2192 cur
3300 2138 3552 2205 graviore

1956 2229 2223 2300 supplicio
2253 2228 2394 2285 allici
2443 2230 2686 2300 oportuit
2731 2245 2853 2284 eum
2889 2233 2978 2300 qui
3014 2230 3211 2285 Filium
3258 2229 3548 2285 conculca-

1959 2322 2117 2387 verit,
2148 2337 2273 2378 cum
2301 2321 2475 2377 levius
2505 2321 2829 2393 supplicium
2865 2331 3179 2377 mereantur
3200 2322 3290 2391 qui
3324 2320 3551 2392 angelus

1957 2414 2425 2477 conculcaverint,
2473 2414 2911 2483 transgressione
2944 2414 3077 2480 legis
3108 2430 3206 2483 per
3240 2416 3388 2483 ipsos
3419 2429 3549 2483 pru-

1959 2504 2266 2558 nuntiatae?
2286 2503 2420 2557 Nam
2447 2503 2537 2572 qui
2560 2503 2798 2571 aequales
2813 2504 3169 2573 ejusdemque
3193 2504 3394 2573 speciei
3421 2518 3551 2558 con-

1961 2592 2183 2648 tumelia
2230 2591 2420 2657 allicit,
2467 2595 2670 2650 merito
2696 2596 2947 2650 eamdem
2981 2610 3198 2666 poenam
3233 2604 3548 2650 mereatur:

1957 2696 2194 2753 cumque
2246 2698 2437 2739 eorum
2500 2685 2593 2754 qui
2639 2685 2836 2756 injuria
2878 2685 3057 2741 allecti
3093 2695 3225 2742 sunt.
3278 2685 3421 2740 nulla
3481 2685 3552 2740 sit

1958 2774 2292 2842 dill‘erentia,
2331 2775 2599 2845 supplicia
2632 2791 2851 2847 quoque
2878 2777 3110 2848 :eqnalla
3151 2792 3273 2833 esse
3307 2785 3549 2847 oportet.

1958 2865 2227 2922 Caeterum
2263 2868 2354 2936 qui
2385 2868 2440 2922 in
2481 2867 2679 2923 Filium
2728 2868 3020 2939 delinquit,
3054 2869 3306 2941 graviore
3336 2867 3550 2939 suppli-

1959 2957 2044 3013 cio
2069 2956 2337 3025 adicitur;
2369 2958 2461 3028 qui
2507 2973 2638 3014 vero
2674 2959 2726 3013 in
2761 2958 2935 3030 legem
2972 2959 3041 3014 ab
3070 2959 3278 3029 angelis
3309 2973 3552 3029 pronun-

1961 3049 2169 3113 tiatam,
2218 3049 2441 3104 leviore.
2485 3048 2601 3104 Non
2647 3059 2731 3105 est
2770 3050 2931 3119 igitur
2960 3050 3132 3105 Filius
3178 3037 3419 3119 ejusdem
3453 3065 3551 3120 ge-

1962 3141 2111 3196 neris
2152 3156 2275 3195 cum
2312 3140 2539 3211 angelis,
2585 3156 2707 3196 cum
2737 3142 2957 3212 gravius
2993 3143 3064 3197 sit
3108 3142 3366 3197 delictum
3407 3141 3549 3211 quod

1878 3231 1922 3291 ο
1956 3228 2009 3283 in
2045 3229 2193 3282 illum
2242 3230 2604 3284 committitur
2633 3245 2795 3299 quam
2829 3232 2972 3300 quod
3013 3232 3064 3285 in
3098 3230 3223 3297 hos,
3252 3240 3307 3285 et
3341 3229 3550 3301 suppli-

1959 3319 2106 3377 cium
2141 3321 2612 3391 proportionatnm
2648 3321 2903 3392 gravitati
2937 3322 3119 3377 delicti
3151 3323 3444 3391 irrogetur.

2631 3451 2871 3509 ALIUD.

2197 3559 2283 3617 Ex
2312 3562 2606 3631 objectione
2635 3564 3007 3619 haereticorum
3048 3566 3104 3618 in
3136 3566 3297 3620 idem.

2025 3673 2278 3737 Gravius,
2330 3675 2607 3745 inquiunt,
2656 3678 2881 3747 pttnitur
2919 3678 3011 3745 qui
3057 3680 3327 3750 delinquit
3362 3679 3415 3734 in
3458 3677 3551 3733 Fi-

1959 3765 2114 3831 lium,
2144 3769 2522 3828 ut,maximum
2553 3771 2892 3839 angelorum.
2919 3772 3187 3826 Caeterum
3212 3788 3317 3828 non
3347 3772 3555 3827 idcirco

1959 3858 2159 3911 desinit
2190 3874 2315 3913 csse
2358 3859 2603 3927 ejusdem
2636 3865 2852 3930 generis
2887 3879 3008 3917 cum
3043 3864 3271 3932 angelis.
3305 3863 3438 3919 Nam
3482 3880 3550 3919 ex

1960 3947 2170 4001 ltonore
2224 3947 2316 4015 qui
2354 3948 2584 4017 singulis
2627 3950 2873 4018 debetur,
2923 3954 3251 4006 contumelia
3289 3954 3451 4007 etiam
3496 3955 3545 4007 ei

1960 4037 2121 4092 allata
2151 4041 2475 4095 aestimatur.
2503 4042 2637 4097 Cum
2667 4043 2835 4113 igitur
2867 4044 3044 4100 lactus
3070 4047 3139 4099 sit
3164 4045 3331 4100 Filius
3356 4046 3550 4101 melior

1959 4130 2185 4198 angelis,
2218 4132 2381 4203 207
2410 4135 2629 4202 gravius
2672 4151 2887 4206 quoque
2940 4138 3265 4209 supplicium
3312 4141 3551 4195 sumitur

1961 4220 2028 4276 de
2051 4237 2117 4276 eo
2148 4226 2238 4292 qui
2268 4224 2321 4277 in
2354 4225 2528 4293 ipsum
2558 4237 2770 4294 peccat.

2306 4333 2517 4389 Salutio
2559 4336 2867 4406 objectiom's
2894 4356 2959 4394 ea:
2992 4341 3196 4395 eodem.

2030 4444 2281 4513 Oportnit
2326 4444 2509 4516 itaque
2545 4447 2597 4501 in
2651 4451 3086 4520 transgressione
3116 4450 3368 4521 legalium
3406 4467 3547 4521 prte-

1888 4577 1937 4635 υ
1962 4545 2243 4604 ceptorutn
2296 4552 2400 4591 non
2439 4538 2670 4608 irrogari
2713 4555 2905 4608 poenas
2953 4544 3166 4599 delictis
3199 4545 3551 4615 proportione

1964 4629 2397 4699 respondentes;
2448 4645 2623 4701 neque
2672 4632 2897 4688 omnino
2945 4635 3269 4703 supplicium
3326 4646 3552 4705 peccata

1962 4721 2422 4784 contmcnsnrari,
2457 4721 2551 4776 sed
2594 4722 2772 4792 potius
2818 4738 2918 4791 pro
2945 4724 3208 4792 dignitate
3250 4725 3425 4796 angeli
3477 4726 3554 4780 le-

1962 4828 2082 4883 gem
2115 4812 2547 4867 adntinistrantis
2585 4814 2689 4868 hoc
2714 4814 2965 4870 delinire.
3000 4816 3068 4869 At
3094 4831 3224 4870 vero
3255 4816 3299 4870 si
3334 4832 3438 4870 non
3479 4817 3549 4870 ita

1958 4904 2164 4959 factum
2192 4920 2312 4960 esse
2340 4906 2617 4961 cernimus
2646 4924 2659 4960 ε
2693 4922 2799 4960 ttna
2831 4916 3012 4962 autem
3045 4917 3131 4964 est
3160 4908 3269 4973 lex,
3299 4924 3421 4962 cum
3452 4923 3552 4961 an-

1960 4997 2062 5067 geli
2094 4997 2201 5052 sint
2237 4997 2415 5061 multi,
2445 5008 2609 5065 atque
2635 4997 2824 5055 iisdem
2852 5002 3029 5069 pmnis
3059 5010 3281 5070 peccata
3317 5000 3550 5071 puniun-

1967 5098 2097 5143 tur:
2134 5105 2238 5143 non
2292 5100 2374 5145 est
2428 5091 2594 5160 igitur
2627 5107 2812 5148 verum
2862 5094 2990 5147 illud
3036 5095 3264 5156 dictum,
3301 5092 3551 5161 graviore

1965 5181 2228 5251 supplicio
2257 5180 2483 5251 dignum
2530 5199 2651 5239 esse
2694 5185 2781 5253 qui
2816 5185 2868 5237 in
2904 5185 3100 5238 Filium
3140 5185 3453 5253 deliquerit,
3492 5192 3551 5238 ut

1965 5269 2017 5323 in
2065 5268 2361 5324 maximum
2393 5272 2732 5341 angelorum,
2769 5274 2864 5328 sed
2898 5285 2955 5327 ut
2989 5274 3042 5327 in
3090 5289 3156 5330 eo
3187 5275 3277 5344 qui
3323 5274 3550 5330 alterius

1965 5367 2168 5413 natura:
2218 5361 2289 5415 sit
2320 5377 2482 5431 quam
2529 5363 2730 5432 angeli,
2790 5365 3126 5434 multumque
3172 5365 3240 5420 ab
3265 5364 3345 5420 eis
3392 5362 3547 5419 diffe-

1964 5460 2069 5507 rat.
2124 5450 2260 5507 Nam
2307 5454 2486 5523 angeli
2540 5455 2709 5511 creati
2759 5466 2924 5519 sunt,
2958 5456 3128 5511 Filius
3157 5466 3339 5512 autem
3384 5471 3548 5511 verus

1967 5541 2128 5610 Deus,
2162 5561 2265 5597 nun
2299 5561 2436 5601 unus
2472 5561 2537 5602 ex
2566 5547 2787 5614 creatis,
2829 5564 3006 5619 neque
3037 5548 3329 5621 quidquam
3365 5547 3545 5604 simil‘e

1965 5648 2087 5686 runt
2120 5633 2198 5689 eis
2227 5633 2471 5702 Italicus;
2505 5636 2597 5693 sed
2635 5649 2841 5707 quanto
2868 5638 2983 5707 ipse
3015 5647 3098 5695 cst
3124 5638 3338 5710 dignior
3375 5647 3543 5709 atquc
