  <div class='ocr_page' id='page_1' title='image "/cluster/home/n/w/nwhite01/storage/ocr_20150623/75/hvd.32044019207935/213.png"; bbox 0 0 4124 6528; ppageno 0'>
   <div class='ocr_carea' id='block_1_1' title="bbox 581 365 682 423">
    <p class='ocr_par' dir='ltr' id='par_1_1' title="bbox 581 365 682 423">
     <span class='ocr_line' id='line_1_1' title="bbox 581 365 682 423; baseline 0.01 -1"><span class='ocrx_word' id='word_1_1' title='bbox 581 365 682 423; x_wconf 69' lang='grc'><strong>361</strong></span> 
     </span>
    </p>
   </div>
   <div class='ocr_carea' id='block_1_2' title="bbox 1583 371 2845 442">
    <p class='ocr_par' dir='ltr' id='par_1_2' title="bbox 1583 371 2845 442">
     <span class='ocr_line' id='line_1_2' title="bbox 1583 371 2845 442; baseline 0.013 -16"><span class='ocrx_word' id='word_1_2' title='bbox 1583 371 1642 428; x_wconf 89' lang='lat' dir='ltr'><strong>S.</strong></span> <span class='ocrx_word' id='word_1_3' title='bbox 1685 373 1966 432; x_wconf 81' lang='lat' dir='ltr'><strong>CYRILLI</strong></span> <span class='ocrx_word' id='word_1_4' title='bbox 2008 377 2482 436; x_wconf 75' lang='lat' dir='ltr'><strong>ALEXANDle</strong></span> <span class='ocrx_word' id='word_1_5' title='bbox 2523 383 2845 442; x_wconf 74' lang='lat' dir='ltr'><strong>ARCHIEP.</strong></span> 
     </span>
    </p>
   </div>
   <div class='ocr_carea' id='block_1_3' title="bbox 3745 393 3864 449">
    <p class='ocr_par' dir='ltr' id='par_1_3' title="bbox 3745 393 3864 449">
     <span class='ocr_line' id='line_1_3' title="bbox 3745 393 3864 449; baseline -0.034 1"><span class='ocrx_word' id='word_1_6' title='bbox 3745 393 3864 449; x_wconf 69' lang='lat'><strong>35‘!</strong></span> 
     </span>
    </p>
   </div>
   <div class='ocr_carea' id='block_1_4' title="bbox 584 483 2169 576">
    <p class='ocr_par' dir='ltr' id='par_1_4' title="bbox 584 483 2162 566">
     <span class='ocr_line' id='line_1_4' title="bbox 584 483 2162 566; baseline 0.01 -28"><span class='ocrx_word' id='word_1_7' title='bbox 584 483 972 553; x_wconf 74' lang='lat' dir='ltr'><strong>excellentior,</strong></span> <span class='ocrx_word' id='word_1_8' title='bbox 1029 495 1182 544; x_wconf 91' lang='lat' dir='ltr'><strong>tanto</strong></span> <span class='ocrx_word' id='word_1_9' title='bbox 1240 489 1429 559; x_wconf 78' lang='lat' dir='ltr'><strong>majori</strong></span> <span class='ocrx_word' id='word_1_10' title='bbox 1489 491 1841 562; x_wconf 82' lang='lat' dir='ltr'><strong>graviorique</strong></span> <span class='ocrx_word' id='word_1_11' title='bbox 1890 495 2162 566; x_wconf 85' lang='lat' dir='ltr'><strong>supplicio</strong></span> 
     </span>
    </p>
   </div>
   <div class='ocr_carea' id='block_1_5' title="bbox 2271 483 3868 576">
    <p class='ocr_par' dir='ltr' id='par_1_5' title="bbox 2271 500 3868 576">
     <span class='ocr_line' id='line_1_5' title="bbox 2271 500 3868 576; baseline 0.009 -24"><span class='ocrx_word' id='word_1_12' title='bbox 2271 500 2623 574; x_wconf 73' lang='grc' dir='ltr'><strong>χαλεπωτέρᾳ</strong></span> <span class='ocrx_word' id='word_1_13' title='bbox 2643 505 2886 576; x_wconf 73' lang='grc' dir='ltr'>τιμωρίᾳ</span> <span class='ocrx_word' id='word_1_14' title='bbox 2910 504 3218 560; x_wconf 73' lang='grc' dir='ltr'>ὑπεύθυνον</span> <span class='ocrx_word' id='word_1_15' title='bbox 3232 505 3367 562; x_wconf 81' lang='grc' dir='ltr'>ὄντα</span> <span class='ocrx_word' id='word_1_16' title='bbox 3389 507 3652 563; x_wconf 73' lang='grc' dir='ltr'>δεικνύων</span> <span class='ocrx_word' id='word_1_17' title='bbox 3674 509 3765 564; x_wconf 76' lang='grc' dir='ltr'><strong>τὸν</strong></span> <span class='ocrx_word' id='word_1_18' title='bbox 3783 511 3868 566; x_wconf 74' lang='grc' dir='ltr'><strong>τὰ·</strong></span> 
     </span>
    </p>
   </div>
   <div class='ocr_carea' id='block_1_6' title="bbox 583 577 2163 654">
    <p class='ocr_par' dir='ltr' id='par_1_6' title="bbox 583 577 2163 654">
     <span class='ocr_line' id='line_1_6' title="bbox 583 577 2163 654; baseline 0.008 -22"><span class='ocrx_word' id='word_1_19' title='bbox 583 577 877 633; x_wconf 75' lang='lat' dir='ltr'><strong>obnoxium</strong></span> <span class='ocrx_word' id='word_1_20' title='bbox 903 595 1025 636; x_wconf 90' lang='lat' dir='ltr'><strong>esse</strong></span> <span class='ocrx_word' id='word_1_21' title='bbox 1048 582 1330 638; x_wconf 81' lang='lat' dir='ltr'><strong>declarans</strong></span> <span class='ocrx_word' id='word_1_22' title='bbox 1352 599 1474 640; x_wconf 88' lang='lat' dir='ltr'><strong>eum</strong></span> <span class='ocrx_word' id='word_1_23' title='bbox 1506 587 1596 654; x_wconf 86' lang='lat' dir='ltr'><strong>qui</strong></span> <span class='ocrx_word' id='word_1_24' title='bbox 1625 585 1878 642; x_wconf 85' lang='lat' dir='ltr'><strong>mandata</strong></span> <span class='ocrx_word' id='word_1_25' title='bbox 1914 603 2016 644; x_wconf 86' lang='lat' dir='ltr'><strong>sua</strong></span> <span class='ocrx_word' id='word_1_26' title='bbox 2043 588 2163 645; x_wconf 80' lang='lat' dir='ltr'><strong>fue-</strong></span> 
     </span>
    </p>
   </div>
   <div class='ocr_carea' id='block_1_7' title="bbox 584 670 1087 741">
    <p class='ocr_par' dir='ltr' id='par_1_7' title="bbox 584 670 1087 741">
     <span class='ocr_line' id='line_1_7' title="bbox 584 670 1087 741; baseline 0.008 -17"><span class='ocrx_word' id='word_1_27' title='bbox 584 670 654 725; x_wconf 91' lang='lat' dir='ltr'><strong>rit</strong></span> <span class='ocrx_word' id='word_1_28' title='bbox 695 679 1087 741; x_wconf 85' lang='lat' dir='ltr'><strong>transgressus.</strong></span> 
     </span>
    </p>
   </div>
   <div class='ocr_carea' id='block_1_8' title="bbox 581 805 2166 886">
    <p class='ocr_par' dir='ltr' id='par_1_8' title="bbox 581 805 2166 886">
     <span class='ocr_line' id='line_1_8' title="bbox 581 805 2166 886; baseline 0.01 -27"><span class='ocrx_word' id='word_1_29' title='bbox 581 805 812 886; x_wconf 67' lang='lat' dir='ltr'><strong>ALIUD,</strong></span> <span class='ocrx_word' id='word_1_30' title='bbox 855 811 1168 886; x_wconf 79' lang='lat' dir='ltr'><strong>ex_iisdem,</strong></span> <span class='ocrx_word' id='word_1_31' title='bbox 1203 813 1342 880; x_wconf 84' lang='lat' dir='ltr'><strong>quod</strong></span> <span class='ocrx_word' id='word_1_32' title='bbox 1376 813 1513 886; x_wconf 83' lang='lat' dir='ltr'><strong>bona</strong></span> <span class='ocrx_word' id='word_1_33' title='bbox 1547 815 1614 868; x_wconf 78' lang='lat' dir='ltr'><strong>sit</strong></span> <span class='ocrx_word' id='word_1_34' title='bbox 1653 816 2040 886; x_wconf 61' lang='lat' dir='ltr'><strong>utilissimam“</strong></span> <span class='ocrx_word' id='word_1_35' title='bbox 2067 822 2166 874; x_wconf 81' lang='lat' dir='ltr'><strong>ad-</strong></span> 
     </span>
    </p>
   </div>
   <div class='ocr_carea' id='block_1_9' title="bbox 653 879 2162 950">
    <p class='ocr_par' dir='ltr' id='par_1_9' title="bbox 653 879 2162 950">
     <span class='ocr_line' id='line_1_9' title="bbox 653 879 2162 950; baseline 0.011 -22"><span class='ocrx_word' id='word_1_36' title='bbox 653 879 1105 950; x_wconf 61' lang='lat' dir='ltr'><strong>ministrationum</strong></span> <span class='ocrx_word' id='word_1_37' title='bbox 1146 879 1494 948; x_wconf 78' lang='lat' dir='ltr'><strong>comparatio,</strong></span> <span class='ocrx_word' id='word_1_38' title='bbox 1531 884 1837 950; x_wconf 75' lang='lat' dir='ltr'><strong>angelorum</strong></span> <span class='ocrx_word' id='word_1_39' title='bbox 1884 879 2086 942; x_wconf 74' lang='lat' dir='ltr'><strong>scilicet</strong></span> <span class='ocrx_word' id='word_1_40' title='bbox 2115 901 2162 945; x_wconf 81' lang='lat' dir='ltr'><strong>et</strong></span> 
     </span>
    </p>
   </div>
   <div class='ocr_carea' id='block_1_10' title="bbox 655 945 2162 1026">
    <p class='ocr_par' dir='ltr' id='par_1_10' title="bbox 655 945 2162 1026">
     <span class='ocr_line' id='line_1_10' title="bbox 655 945 2162 1026; baseline 0.01 -27"><span class='ocrx_word' id='word_1_41' title='bbox 655 945 810 1026; x_wconf 78' lang='lat' dir='ltr'><strong>Filii,</strong></span> <span class='ocrx_word' id='word_1_42' title='bbox 859 951 960 1026; x_wconf 70' lang='lat' dir='ltr'><strong>vim</strong></span> <span class='ocrx_word' id='word_1_43' title='bbox 1005 952 1142 1004; x_wconf 82' lang='lat' dir='ltr'><strong>vocis</strong></span> <span class='ocrx_word' id='word_1_44' title='bbox 1181 945 1417 1026; x_wconf 52' lang='lat' dir='ltr'><strong>cnielior</strong></span> <span class='ocrx_word' id='word_1_45' title='bbox 1444 945 1812 1023; x_wconf 64' lang='grc' dir='ltr'>ιέσῳὶαηαιιε.</span> <span class='ocrx_word' id='word_1_46' title='bbox 1853 957 1972 1022; x_wconf 80' lang='lat' dir='ltr'><strong>Quo</strong></span> <span class='ocrx_word' id='word_1_47' title='bbox 2010 970 2162 1026; x_wconf 79' lang='lat' dir='ltr'><strong>pacto</strong></span> 
     </span>
    </p>
   </div>
   <div class='ocr_carea' id='block_1_11' title="bbox 650 1019 2162 1094">
    <p class='ocr_par' dir='ltr' id='par_1_11' title="bbox 650 1019 2162 1094">
     <span class='ocr_line' id='line_1_11' title="bbox 650 1019 2162 1094; baseline 0.007 -20"><span class='ocrx_word' id='word_1_48' title='bbox 650 1021 789 1074; x_wconf 79' lang='lat' dir='ltr'><strong>enim</strong></span> <span class='ocrx_word' id='word_1_49' title='bbox 833 1019 1017 1074; x_wconf 82' lang='lat' dir='ltr'><strong>melior</strong></span> <span class='ocrx_word' id='word_1_50' title='bbox 1051 1023 1252 1092; x_wconf 73' lang='lat' dir='ltr'><strong>angelis</strong></span> <span class='ocrx_word' id='word_1_51' title='bbox 1291 1023 1383 1087; x_wconf 72' lang='lat' dir='ltr'><strong>sit,</strong></span> <span class='ocrx_word' id='word_1_52' title='bbox 1411 1032 1460 1077; x_wconf 78' lang='lat' dir='ltr'><strong>et</strong></span> <span class='ocrx_word' id='word_1_53' title='bbox 1494 1019 1718 1094; x_wconf 78' lang='lat' dir='ltr'><strong>quanto,</strong></span> <span class='ocrx_word' id='word_1_54' title='bbox 1751 1042 1817 1080; x_wconf 79' lang='lat' dir='ltr'><strong>ea:</strong></span> <span class='ocrx_word' id='word_1_55' title='bbox 1859 1019 1930 1082; x_wconf 70' lang='lat' dir='ltr'><strong>iis</strong></span> <span class='ocrx_word' id='word_1_56' title='bbox 1963 1019 2162 1084; x_wconf 74' lang='lat' dir='ltr'><strong>intelli-</strong></span> 
     </span>
    </p>
   </div>
   <div class='ocr_carea' id='block_1_12' title="bbox 653 1104 853 1158">
    <p class='ocr_par' dir='ltr' id='par_1_12' title="bbox 653 1104 853 1158">
     <span class='ocr_line' id='line_1_12' title="bbox 653 1104 853 1158; baseline 0.01 -17"><span class='ocrx_word' id='word_1_57' title='bbox 653 1104 765 1158; x_wconf 85' lang='lat' dir='ltr'><strong>gem</strong></span> <span class='ocrx_word' id='word_1_58' title='bbox 774 1105 853 1143; x_wconf 84' lang='lat' dir='ltr'><strong>us.</strong></span> 
     </span>
    </p>
   </div>
   <div class='ocr_carea' id='block_1_13' title="bbox 651 1221 2174 1301">
    <p class='ocr_par' dir='ltr' id='par_1_13' title="bbox 651 1221 2174 1301">
     <span class='ocr_line' id='line_1_13' title="bbox 651 1221 2174 1301; baseline 0.011 -29"><span class='ocrx_word' id='word_1_59' title='bbox 651 1221 838 1287; x_wconf 82' lang='lat' dir='ltr'><strong>Angeli</strong></span> <span class='ocrx_word' id='word_1_60' title='bbox 858 1223 1029 1294; x_wconf 85' lang='lat' dir='ltr'><strong>legem</strong></span> <span class='ocrx_word' id='word_1_61' title='bbox 1048 1225 1368 1292; x_wconf 75' lang='lat' dir='ltr'><strong>edixerunt;</strong></span> <span class='ocrx_word' id='word_1_62' title='bbox 1396 1229 1490 1284; x_wconf 91' lang='lat' dir='ltr'><strong>sed</strong></span> <span class='ocrx_word' id='word_1_63' title='bbox 1527 1228 1608 1285; x_wconf 79' lang='lat' dir='ltr'><strong>lex</strong></span> <span class='ocrx_word' id='word_1_64' title='bbox 1662 1231 1796 1285; x_wconf 86' lang='lat' dir='ltr'><strong>nihil</strong></span> <span class='ocrx_word' id='word_1_65' title='bbox 1833 1232 2062 1301; x_wconf 82' lang='lat' dir='ltr'><strong>perfecit</strong></span> <span class='ocrx_word' id='word_1_66' title='bbox 2090 1233 2174 1288; x_wconf 80' lang='grc'><strong>³⁵.-</strong></span> 
     </span>
    </p>
   </div>
   <div class='ocr_carea' id='block_1_14' title="bbox 576 1311 2160 1388">
    <p class='ocr_par' dir='ltr' id='par_1_14' title="bbox 576 1311 2160 1388">
     <span class='ocr_line' id='line_1_14' title="bbox 576 1311 2160 1388; baseline 0.01 -22"><span class='ocrx_word' id='word_1_67' title='bbox 576 1311 752 1370; x_wconf 83' lang='lat' dir='ltr'><strong>Filius</strong></span> <span class='ocrx_word' id='word_1_68' title='bbox 794 1327 973 1370; x_wconf 87' lang='lat' dir='ltr'><strong>autem</strong></span> <span class='ocrx_word' id='word_1_69' title='bbox 1023 1318 1246 1387; x_wconf 74' lang='lat' dir='ltr'><strong>perfecit</strong></span> <span class='ocrx_word' id='word_1_70' title='bbox 1289 1334 1427 1388; x_wconf 91' lang='lat' dir='ltr'><strong>opus</strong></span> <span class='ocrx_word' id='word_1_71' title='bbox 1461 1319 1661 1377; x_wconf 89' lang='lat' dir='ltr'><strong>Patris.</strong></span> <span class='ocrx_word' id='word_1_72' title='bbox 1696 1322 1978 1382; x_wconf 77' lang='lat' dir='ltr'><strong>Perfectus</strong></span> <span class='ocrx_word' id='word_1_73' title='bbox 2017 1326 2160 1383; x_wconf 91' lang='lat' dir='ltr'><strong>enim</strong></span> 
     </span>
    </p>
   </div>
   <div class='ocr_carea' id='block_1_15' title="bbox 577 1407 2162 1481">
    <p class='ocr_par' dir='ltr' id='par_1_15' title="bbox 577 1407 2162 1481">
     <span class='ocr_line' id='line_1_15' title="bbox 577 1407 2162 1481; baseline 0.009 -23"><span class='ocrx_word' id='word_1_74' title='bbox 577 1417 662 1459; x_wconf 87' lang='lat' dir='ltr'><strong>est</strong></span> <span class='ocrx_word' id='word_1_75' title='bbox 699 1407 749 1459; x_wconf 92' lang='lat' dir='ltr'><strong>in</strong></span> <span class='ocrx_word' id='word_1_76' title='bbox 793 1407 989 1473; x_wconf 88' lang='lat' dir='ltr'><strong>pietate</strong></span> <span class='ocrx_word' id='word_1_77' title='bbox 1012 1408 1103 1476; x_wconf 85' lang='lat' dir='ltr'><strong>qui</strong></span> <span class='ocrx_word' id='word_1_78' title='bbox 1137 1408 1307 1477; x_wconf 89' lang='lat' dir='ltr'><strong>ipsius</strong></span> <span class='ocrx_word' id='word_1_79' title='bbox 1349 1411 1557 1481; x_wconf 80' lang='lat' dir='ltr'><strong>legibus</strong></span> <span class='ocrx_word' id='word_1_80' title='bbox 1591 1412 1893 1470; x_wconf 85' lang='lat' dir='ltr'><strong>instructus</strong></span> <span class='ocrx_word' id='word_1_81' title='bbox 1924 1425 2028 1471; x_wconf 87' lang='lat' dir='ltr'><strong>est.</strong></span> <span class='ocrx_word' id='word_1_82' title='bbox 2054 1414 2162 1472; x_wconf 74' lang='lat' dir='ltr'><strong>Re-</strong></span> 
     </span>
    </p>
   </div>
   <div class='ocr_carea' id='block_1_16' title="bbox 577 1499 2159 1576">
    <p class='ocr_par' dir='ltr' id='par_1_16' title="bbox 577 1499 2159 1576">
     <span class='ocr_line' id='line_1_16' title="bbox 577 1499 2159 1576; baseline 0.008 -26"><span class='ocrx_word' id='word_1_83' title='bbox 577 1499 764 1565; x_wconf 84' lang='lat' dir='ltr'><strong>gnavit</strong></span> <span class='ocrx_word' id='word_1_84' title='bbox 781 1513 925 1554; x_wconf 89' lang='lat' dir='ltr'><strong>mors</strong></span> <span class='ocrx_word' id='word_1_85' title='bbox 942 1501 1105 1554; x_wconf 88' lang='lat' dir='ltr'><strong>etiam</strong></span> <span class='ocrx_word' id='word_1_86' title='bbox 1126 1501 1257 1572; x_wconf 82' lang='lat' dir='ltr'><strong>legis</strong></span> <span class='ocrx_word' id='word_1_87' title='bbox 1280 1509 1550 1573; x_wconf 92' lang='lat' dir='ltr'><strong>tempore:</strong></span> <span class='ocrx_word' id='word_1_88' title='bbox 1575 1505 1831 1562; x_wconf 88' lang='lat' dir='ltr'><strong>nimirum</strong></span> <span class='ocrx_word' id='word_1_89' title='bbox 1851 1527 1869 1560; x_wconf 79' lang='grc' dir='ltr'><strong>ι</strong></span> <span class='ocrx_word' id='word_1_90' title='bbox 1883 1507 1949 1564; x_wconf 88' lang='lat' dir='ltr'><strong>ab</strong></span> <span class='ocrx_word' id='word_1_91' title='bbox 1967 1509 2159 1576; x_wconf 83' lang='lat' dir='ltr'><strong>Adam,</strong></span> 
     </span>
    </p>
   </div>
   <div class='ocr_carea' id='block_1_17' title="bbox 580 1589 2162 1660">
    <p class='ocr_par' dir='ltr' id='par_1_17' title="bbox 580 1589 2162 1660">
     <span class='ocr_line' id='line_1_17' title="bbox 580 1589 2162 1660; baseline 0.01 -20"><span class='ocrx_word' id='word_1_92' title='bbox 580 1589 786 1657; x_wconf 90' lang='lat' dir='ltr'><strong>inquit,</strong></span> <span class='ocrx_word' id='word_1_93' title='bbox 819 1605 990 1660; x_wconf 89' lang='lat' dir='ltr'><strong>usque</strong></span> <span class='ocrx_word' id='word_1_94' title='bbox 1022 1591 1088 1646; x_wconf 91' lang='lat' dir='ltr'><strong>ad</strong></span> <span class='ocrx_word' id='word_1_95' title='bbox 1110 1591 1295 1648; x_wconf 86' lang='lat' dir='ltr'><strong>Mosen</strong></span> <span class='ocrx_word' id='word_1_96' title='bbox 1329 1594 1394 1649; x_wconf 85' lang='grc'><strong>¹⁶.</strong></span> <span class='ocrx_word' id='word_1_97' title='bbox 1426 1613 1445 1647; x_wconf 77' lang='grc' dir='ltr'><strong>ι</strong></span> <span class='ocrx_word' id='word_1_98' title='bbox 1467 1596 1684 1654; x_wconf 84' lang='lat' dir='ltr'><strong>Abolita</strong></span> <span class='ocrx_word' id='word_1_99' title='bbox 1708 1609 1993 1655; x_wconf 83' lang='lat' dir='ltr'><strong>autemest</strong></span> <span class='ocrx_word' id='word_1_100' title='bbox 2016 1617 2162 1656; x_wconf 92' lang='lat' dir='ltr'><strong>mors</strong></span> 
     </span>
    </p>
   </div>
   <div class='ocr_carea' id='block_1_18' title="bbox 582 1681 2159 1760">
    <p class='ocr_par' dir='ltr' id='par_1_18' title="bbox 582 1681 2159 1760">
     <span class='ocr_line' id='line_1_18' title="bbox 582 1681 2159 1760; baseline 0.01 -28"><span class='ocrx_word' id='word_1_101' title='bbox 582 1693 668 1749; x_wconf 84' lang='lat' dir='ltr'><strong>pet</strong></span> <span class='ocrx_word' id='word_1_102' title='bbox 747 1681 1066 1750; x_wconf 83' lang='lat' dir='ltr'><strong>Christum;</strong></span> <span class='ocrx_word' id='word_1_103' title='bbox 1135 1701 1312 1756; x_wconf 89' lang='lat' dir='ltr'><strong>neque</strong></span> <span class='ocrx_word' id='word_1_104' title='bbox 1359 1689 1506 1743; x_wconf 91' lang='lat' dir='ltr'><strong>enim</strong></span> <span class='ocrx_word' id='word_1_105' title='bbox 1563 1692 1799 1760; x_wconf 87' lang='lat' dir='ltr'><strong>amplius</strong></span> <span class='ocrx_word' id='word_1_106' title='bbox 1872 1693 1925 1748; x_wconf 93' lang='lat' dir='ltr'><strong>in</strong></span> <span class='ocrx_word' id='word_1_107' title='bbox 1989 1693 2159 1748; x_wconf 86' lang='lat' dir='ltr'><strong>Adam</strong></span> 
     </span>
    </p>
   </div>
   <div class='ocr_carea' id='block_1_19' title="bbox 583 1777 2158 1841">
    <p class='ocr_par' dir='ltr' id='par_1_19' title="bbox 583 1777 2158 1841">
     <span class='ocr_line' id='line_1_19' title="bbox 583 1777 2158 1841; baseline 0.008 -13"><span class='ocrx_word' id='word_1_108' title='bbox 583 1777 849 1831; x_wconf 88' lang='lat' dir='ltr'><strong>morimur</strong></span> <span class='ocrx_word' id='word_1_109' title='bbox 883 1819 898 1841; x_wconf 88' lang='lat'><strong><em>.</em></strong></span> <span class='ocrx_word' id='word_1_110' title='bbox 950 1782 1044 1835; x_wconf 87' lang='lat' dir='ltr'><strong>sed</strong></span> <span class='ocrx_word' id='word_1_111' title='bbox 1095 1780 1146 1834; x_wconf 94' lang='lat' dir='ltr'><strong>in</strong></span> <span class='ocrx_word' id='word_1_112' title='bbox 1196 1783 1419 1837; x_wconf 78' lang='lat' dir='ltr'><strong>Christo</strong></span> <span class='ocrx_word' id='word_1_113' title='bbox 1471 1781 1914 1840; x_wconf 81' lang='lat' dir='ltr'><strong>vivilicamur&quot;.</strong></span> <span class='ocrx_word' id='word_1_114' title='bbox 1954 1787 2000 1840; x_wconf 86' lang='lat' dir='ltr'><strong>A</strong></span> <span class='ocrx_word' id='word_1_115' title='bbox 2047 1787 2158 1841; x_wconf 91' lang='lat' dir='ltr'><strong>Dan</strong></span> 
     </span>
    </p>
   </div>
   <div class='ocr_carea' id='block_1_20' title="bbox 2268 591 2911 665">
    <p class='ocr_par' dir='ltr' id='par_1_20' title="bbox 2268 591 2911 665">
     <span class='ocr_line' id='line_1_20' title="bbox 2268 591 2911 665; baseline 0.009 -19"><span class='ocrx_word' id='word_1_116' title='bbox 2268 591 2434 647; x_wconf 81' lang='grc' dir='ltr'>αὐτοῦ</span> <span class='ocrx_word' id='word_1_117' title='bbox 2468 595 2911 665; x_wconf 67' lang='grc' dir='ltr'>παραϐαίνοντα..</span> 
     </span>
    </p>
   </div>
   <div class='ocr_carea' id='block_1_21' title="bbox 2264 817 3854 892">
    <p class='ocr_par' dir='ltr' id='par_1_21' title="bbox 2264 817 3854 892">
     <span class='ocr_line' id='line_1_21' title="bbox 2264 817 3854 892; baseline 0.004 -23"><span class='ocrx_word' id='word_1_118' title='bbox 2264 817 2473 892; x_wconf 51' lang='grc' dir='ltr'><strong>ΑΛᾼΟ,</strong></span> <span class='ocrx_word' id='word_1_119' title='bbox 2495 818 2563 892; x_wconf 55' lang='lat' dir='ltr'><strong>ex</strong></span> <span class='ocrx_word' id='word_1_120' title='bbox 2587 818 2704 872; x_wconf 75' lang='grc' dir='ltr'><em>τῶν</em></span> <span class='ocrx_word' id='word_1_121' title='bbox 2732 819 2962 892; x_wconf 72' lang='grc' dir='ltr'><strong>ςιὺτῷν“,</strong></span> <span class='ocrx_word' id='word_1_122' title='bbox 2991 820 3078 874; x_wconf 85' lang='grc' dir='ltr'><strong>ὅτι</strong></span> <span class='ocrx_word' id='word_1_123' title='bbox 3115 822 3274 888; x_wconf 75' lang='grc' dir='ltr'>καλὴ</span> <span class='ocrx_word' id='word_1_124' title='bbox 3301 822 3400 892; x_wconf 77' lang='grc' dir='ltr'><strong>καί</strong></span> <span class='ocrx_word' id='word_1_125' title='bbox 3432 822 3854 892; x_wconf 77' lang='grc' dir='ltr'><strong>χρησιμωτάτη</strong></span> 
     </span>
    </p>
   </div>
   <div class='ocr_carea' id='block_1_22' title="bbox 2339 886 3858 962">
    <p class='ocr_par' dir='ltr' id='par_1_22' title="bbox 2339 886 3858 962">
     <span class='ocr_line' id='line_1_22' title="bbox 2339 886 3858 962; baseline 0.005 -24"><span class='ocrx_word' id='word_1_126' title='bbox 2339 886 2456 962; x_wconf 67' lang='grc' dir='ltr'><em>τῶν</em></span> <span class='ocrx_word' id='word_1_127' title='bbox 2488 887 2808 962; x_wconf 55' lang='grc' dir='ltr'>διακονέῶν</span> <span class='ocrx_word' id='word_1_128' title='bbox 2842 891 2885 962; x_wconf 68' lang='grc' dir='ltr'><strong>ἠ</strong></span> <span class='ocrx_word' id='word_1_129' title='bbox 2912 886 3395 962; x_wconf 45' lang='grc' dir='ltr'>σύγκρισιςζτῆς</span> <span class='ocrx_word' id='word_1_130' title='bbox 3423 886 3484 946; x_wconf 71' lang='grc' dir='ltr'><strong>τὲ</strong></span> <span class='ocrx_word' id='word_1_131' title='bbox 3528 886 3649 945; x_wconf 53' lang='lat' dir='ltr'><strong>ita}</strong></span> <span class='ocrx_word' id='word_1_132' title='bbox 3682 886 3858 962; x_wconf 59' lang='grc' dir='ltr'>ἀγγέλ</span> 
     </span>
    </p>
   </div>
   <div class='ocr_carea' id='block_1_23' title="bbox 2334 959 3858 1029">
    <p class='ocr_par' dir='ltr' id='par_1_23' title="bbox 2334 959 3858 1029">
     <span class='ocr_line' id='line_1_23' title="bbox 2334 959 3858 1029; baseline 0.003 -17"><span class='ocrx_word' id='word_1_133' title='bbox 2334 960 2464 1012; x_wconf 78' lang='grc' dir='ltr'><strong>λων</strong></span> <span class='ocrx_word' id='word_1_134' title='bbox 2492 959 2588 1012; x_wconf 78' lang='grc' dir='ltr'><strong>καί</strong></span> <span class='ocrx_word' id='word_1_135' title='bbox 2620 959 2726 1014; x_wconf 82' lang='grc' dir='ltr'><strong>τοῦ</strong></span> <span class='ocrx_word' id='word_1_136' title='bbox 2765 960 2920 1023; x_wconf 80' lang='grc' dir='ltr'>Υίοῦ,</span> <span class='ocrx_word' id='word_1_137' title='bbox 2953 959 3058 1014; x_wconf 83' lang='grc' dir='ltr'><strong>τοῦ</strong></span> <span class='ocrx_word' id='word_1_138' title='bbox 3103 980 3121 1011; x_wconf 72' lang='grc' dir='ltr'><strong>ι</strong></span> <span class='ocrx_word' id='word_1_139' title='bbox 3163 963 3448 1029; x_wconf 76' lang='grc' dir='ltr'><strong>κρείττων</strong></span> <span class='ocrx_word' id='word_1_140' title='bbox 3472 983 3490 1014; x_wconf 74' lang='grc' dir='ltr'><strong>ι</strong></span> <span class='ocrx_word' id='word_1_141' title='bbox 3529 962 3645 1028; x_wconf 74' lang='grc' dir='ltr'><strong>τὴν</strong></span> <span class='ocrx_word' id='word_1_142' title='bbox 3676 959 3858 1017; x_wconf 50' lang='lat' dir='ltr'><strong>aera.</strong></span> 
     </span>
    </p>
   </div>
   <div class='ocr_carea' id='block_1_24' title="bbox 2299 1029 3858 1110">
    <p class='ocr_par' dir='ltr' id='par_1_24' title="bbox 2299 1029 3858 1110">
     <span class='ocr_line' id='line_1_24' title="bbox 2299 1029 3858 1110; baseline 0.004 -29"><span class='ocrx_word' id='word_1_143' title='bbox 2299 1089 2303 1094; x_wconf 28' lang='grc' dir='ltr'><strong><em>η</em></strong></span> <span class='ocrx_word' id='word_1_144' title='bbox 2329 1045 2440 1110; x_wconf 57' lang='grc' dir='ltr'>μιν</span> <span class='ocrx_word' id='word_1_145' title='bbox 2466 1029 2901 1110; x_wconf 51' lang='grc' dir='ltr'>ἑρηνεύσυσα.</span> <span class='ocrx_word' id='word_1_146' title='bbox 2943 1029 3210 1110; x_wconf 36' lang='grc' dir='ltr'><strong>Πῶςκγὰρ</strong></span> <span class='ocrx_word' id='word_1_147' title='bbox 3234 1032 3515 1110; x_wconf 71' lang='grc' dir='ltr'>κρείττων</span> <span class='ocrx_word' id='word_1_148' title='bbox 3541 1031 3661 1110; x_wconf 50' lang='lat' dir='ltr'><strong>edin</strong></span> <span class='ocrx_word' id='word_1_149' title='bbox 3680 1033 3858 1103; x_wconf 67' lang='grc' dir='ltr'>ἀγγέο</span> 
     </span>
    </p>
   </div>
   <div class='ocr_carea' id='block_1_25' title="bbox 2333 1099 3726 1174">
    <p class='ocr_par' dir='ltr' id='par_1_25' title="bbox 2333 1099 3726 1174">
     <span class='ocr_line' id='line_1_25' title="bbox 2333 1099 3726 1174; baseline 0.004 -22"><span class='ocrx_word' id='word_1_150' title='bbox 2333 1102 2461 1152; x_wconf 74' lang='grc' dir='ltr'><strong>λων</strong></span> <span class='ocrx_word' id='word_1_151' title='bbox 2491 1099 2624 1153; x_wconf 83' lang='grc' dir='ltr'>ἐστί</span> <span class='ocrx_word' id='word_1_152' title='bbox 2651 1099 2751 1154; x_wconf 78' lang='grc' dir='ltr'><strong>καί</strong></span> <span class='ocrx_word' id='word_1_153' title='bbox 2777 1100 2995 1164; x_wconf 81' lang='grc' dir='ltr'>πόσον,</span> <span class='ocrx_word' id='word_1_154' title='bbox 3027 1099 3330 1165; x_wconf 72' lang='grc' dir='ltr'><strong>ἐξαύτῶν</strong></span> <span class='ocrx_word' id='word_1_155' title='bbox 3353 1104 3726 1174; x_wconf 70' lang='grc' dir='ltr'>γνωσόμεθα.</span> 
     </span>
    </p>
   </div>
   <div class='ocr_carea' id='block_1_26' title="bbox 2338 1232 3859 1308">
    <p class='ocr_par' dir='ltr' id='par_1_26' title="bbox 2338 1232 3859 1308">
     <span class='ocr_line' id='line_1_26' title="bbox 2338 1232 3859 1308; baseline 0.003 -22"><span class='ocrx_word' id='word_1_156' title='bbox 2338 1232 2596 1302; x_wconf 75' lang='grc' dir='ltr'>Ἄγγελοι</span> <span class='ocrx_word' id='word_1_157' title='bbox 2628 1233 2719 1288; x_wconf 79' lang='grc' dir='ltr'><strong>τὸν</strong></span> <span class='ocrx_word' id='word_1_158' title='bbox 2754 1234 2917 1306; x_wconf 84' lang='grc' dir='ltr'>νόμον</span> <span class='ocrx_word' id='word_1_159' title='bbox 2954 1235 3246 1308; x_wconf 77' lang='grc' dir='ltr'><strong>ἐλάλησαν,</strong></span> <span class='ocrx_word' id='word_1_160' title='bbox 3275 1236 3389 1290; x_wconf 76' lang='grc' dir='ltr'>ἀλλ’</span> <span class='ocrx_word' id='word_1_161' title='bbox 3422 1237 3576 1291; x_wconf 78' lang='grc' dir='ltr'>οὐδὲν</span> <span class='ocrx_word' id='word_1_162' title='bbox 3613 1237 3859 1292; x_wconf 76' lang='grc' dir='ltr'>ἐτελείωο</span> 
     </span>
    </p>
   </div>
   <div class='ocr_carea' id='block_1_27' title="bbox 2266 1323 3852 1401">
    <p class='ocr_par' dir='ltr' id='par_1_27' title="bbox 2266 1323 3852 1401">
     <span class='ocr_line' id='line_1_27' title="bbox 2266 1323 3852 1401; baseline 0.003 -25"><span class='ocrx_word' id='word_1_163' title='bbox 2266 1326 2400 1378; x_wconf 88' lang='grc' dir='ltr'><strong>σενὸ</strong></span> <span class='ocrx_word' id='word_1_164' title='bbox 2415 1323 2596 1394; x_wconf 85' lang='grc' dir='ltr'>νόμος.</span> <span class='ocrx_word' id='word_1_165' title='bbox 2613 1324 2672 1379; x_wconf 83' lang='grc' dir='ltr'>Ὀ</span> <span class='ocrx_word' id='word_1_166' title='bbox 2695 1325 2750 1378; x_wconf 82' lang='grc' dir='ltr'>δὲ</span> <span class='ocrx_word' id='word_1_167' title='bbox 2763 1325 2890 1390; x_wconf 89' lang='grc' dir='ltr'>Υίὸς</span> <span class='ocrx_word' id='word_1_168' title='bbox 2915 1327 3200 1382; x_wconf 76' lang='grc' dir='ltr'>ἐτελείωσε</span> <span class='ocrx_word' id='word_1_169' title='bbox 3221 1327 3284 1381; x_wconf 82' lang='grc' dir='ltr'><strong>τὸ</strong></span> <span class='ocrx_word' id='word_1_170' title='bbox 3306 1328 3470 1395; x_wconf 78' lang='grc' dir='ltr'>ἔργον</span> <span class='ocrx_word' id='word_1_171' title='bbox 3495 1328 3590 1382; x_wconf 80' lang='grc' dir='ltr'><strong>τοῦ</strong></span> <span class='ocrx_word' id='word_1_172' title='bbox 3615 1330 3852 1401; x_wconf 77' lang='grc' dir='ltr'><strong>Πατρός.</strong></span> 
     </span>
    </p>
   </div>
   <div class='ocr_carea' id='block_1_28' title="bbox 2264 1413 3854 1490">
    <p class='ocr_par' dir='ltr' id='par_1_28' title="bbox 2264 1413 3854 1490">
     <span class='ocr_line' id='line_1_28' title="bbox 2264 1413 3854 1490; baseline 0.004 -22"><span class='ocrx_word' id='word_1_173' title='bbox 2264 1413 2482 1480; x_wconf 75' lang='grc' dir='ltr'><strong>Τέλειος</strong></span> <span class='ocrx_word' id='word_1_174' title='bbox 2513 1417 2622 1488; x_wconf 76' lang='grc' dir='ltr'>γὰρ</span> <span class='ocrx_word' id='word_1_175' title='bbox 2655 1418 2736 1481; x_wconf 88' lang='grc' dir='ltr'><strong>είς</strong></span> <span class='ocrx_word' id='word_1_176' title='bbox 2764 1417 3044 1473; x_wconf 74' lang='grc' dir='ltr'>εὐσέϐειαν</span> <span class='ocrx_word' id='word_1_177' title='bbox 3079 1420 3109 1472; x_wconf 99' lang='lat'><strong>6</strong></span> <span class='ocrx_word' id='word_1_178' title='bbox 3133 1422 3246 1482; x_wconf 83' lang='grc' dir='ltr'>τοῖς</span> <span class='ocrx_word' id='word_1_179' title='bbox 3273 1419 3438 1473; x_wconf 69' lang='grc' dir='ltr'>αὐτοῦ</span> <span class='ocrx_word' id='word_1_180' title='bbox 3463 1421 3650 1490; x_wconf 83' lang='grc' dir='ltr'>νόμοις</span> <span class='ocrx_word' id='word_1_181' title='bbox 3687 1422 3854 1474; x_wconf 82' lang='grc' dir='ltr'>παιδ-</span> 
     </span>
    </p>
   </div>
   <div class='ocr_carea' id='block_1_29' title="bbox 2264 1508 3857 1580">
    <p class='ocr_par' dir='ltr' id='par_1_29' title="bbox 2264 1508 3857 1580">
     <span class='ocr_line' id='line_1_29' title="bbox 2264 1508 3857 1580; baseline 0.003 -18"><span class='ocrx_word' id='word_1_182' title='bbox 2264 1508 3072 1580; x_wconf 81' lang='grc' dir='ltr'>αγωγούμενος.⁹Ε6ασίλευσεν</span> <span class='ocrx_word' id='word_1_183' title='bbox 3110 1513 3139 1565; x_wconf 90' lang='lat'><strong>6</strong></span> <span class='ocrx_word' id='word_1_184' title='bbox 3173 1512 3404 1577; x_wconf 78' lang='grc' dir='ltr'><strong>Θάνατος</strong></span> <span class='ocrx_word' id='word_1_185' title='bbox 3451 1512 3546 1566; x_wconf 74' lang='grc' dir='ltr'><strong>καὶ</strong></span> <span class='ocrx_word' id='word_1_186' title='bbox 3592 1513 3734 1566; x_wconf 82' lang='grc' dir='ltr'><strong>κατά</strong></span> <span class='ocrx_word' id='word_1_187' title='bbox 3763 1517 3857 1566; x_wconf 76' lang='grc' dir='ltr'><strong>τὸν</strong></span> 
     </span>
    </p>
   </div>
   <div class='ocr_carea' id='block_1_30' title="bbox 2263 1599 3858 1677">
    <p class='ocr_par' dir='ltr' id='par_1_30' title="bbox 2263 1599 3858 1677">
     <span class='ocr_line' id='line_1_30' title="bbox 2263 1599 3858 1677; baseline 0.002 -23"><span class='ocrx_word' id='word_1_188' title='bbox 2263 1599 2550 1672; x_wconf 63' lang='grc' dir='ltr'>τοῦινόμου</span> <span class='ocrx_word' id='word_1_189' title='bbox 2573 1603 2784 1674; x_wconf 87' lang='grc' dir='ltr'>καιρόν·</span> <span class='ocrx_word' id='word_1_190' title='bbox 2809 1622 2830 1655; x_wconf 73' lang='grc' dir='ltr'><strong>ι</strong></span> <span class='ocrx_word' id='word_1_191' title='bbox 2852 1604 2988 1658; x_wconf 82' lang='grc' dir='ltr'><strong>Ἀπὸ</strong></span> <span class='ocrx_word' id='word_1_192' title='bbox 3003 1604 3114 1677; x_wconf 85' lang='grc' dir='ltr'>γὰρ</span> <span class='ocrx_word' id='word_1_193' title='bbox 3155 1603 3349 1675; x_wconf 83' lang='grc' dir='ltr'>Ἀδὰμ,</span> <span class='ocrx_word' id='word_1_194' title='bbox 3382 1605 3538 1676; x_wconf 82' lang='grc' dir='ltr'>φησὶ,</span> <span class='ocrx_word' id='word_1_195' title='bbox 3570 1606 3668 1659; x_wconf 72' lang='grc' dir='ltr'>καὶ</span> <span class='ocrx_word' id='word_1_196' title='bbox 3689 1605 3858 1677; x_wconf 71' lang='grc' dir='ltr'>μέχρι</span> 
     </span>
    </p>
   </div>
   <div class='ocr_carea' id='block_1_31' title="bbox 2264 1693 3857 1769">
    <p class='ocr_par' dir='ltr' id='par_1_31' title="bbox 2264 1693 3857 1769">
     <span class='ocr_line' id='line_1_31' title="bbox 2264 1693 3857 1769; baseline 0.002 -22"><span class='ocrx_word' id='word_1_197' title='bbox 2264 1693 2527 1759; x_wconf 85' lang='grc' dir='ltr'>Μωσέως.</span> <span class='ocrx_word' id='word_1_198' title='bbox 2557 1715 2576 1746; x_wconf 73' lang='grc' dir='ltr'><strong>ι</strong></span> <span class='ocrx_word' id='word_1_199' title='bbox 2611 1696 2844 1750; x_wconf 90' lang='grc' dir='ltr'>Λέλυται</span> <span class='ocrx_word' id='word_1_200' title='bbox 2872 1697 2930 1751; x_wconf 85' lang='grc' dir='ltr'>δὲ</span> <span class='ocrx_word' id='word_1_201' title='bbox 2969 1697 3196 1762; x_wconf 75' lang='grc' dir='ltr'><strong>Θάνατος</strong></span> <span class='ocrx_word' id='word_1_202' title='bbox 3229 1697 3320 1750; x_wconf 79' lang='grc' dir='ltr'>διὰ</span> <span class='ocrx_word' id='word_1_203' title='bbox 3360 1697 3599 1769; x_wconf 77' lang='grc' dir='ltr'><strong>Χριστοῦ</strong></span> <span class='ocrx_word' id='word_1_204' title='bbox 3622 1715 3637 1728; x_wconf 76' lang='grc' dir='ltr'><strong>ο</strong></span> <span class='ocrx_word' id='word_1_205' title='bbox 3669 1696 3857 1750; x_wconf 79' lang='grc' dir='ltr'>οὐκέτι</span> 
     </span>
    </p>
   </div>
   <div class='ocr_carea' id='block_1_32' title="bbox 2263 1785 3858 1860">
    <p class='ocr_par' dir='ltr' id='par_1_32' title="bbox 2263 1785 3858 1860">
     <span class='ocr_line' id='line_1_32' title="bbox 2263 1785 3858 1860; baseline 0.003 -23"><span class='ocrx_word' id='word_1_206' title='bbox 2263 1785 2373 1856; x_wconf 87' lang='grc' dir='ltr'>γὰρ</span> <span class='ocrx_word' id='word_1_207' title='bbox 2423 1787 2482 1839; x_wconf 83' lang='grc' dir='ltr'><strong>ὲν</strong></span> <span class='ocrx_word' id='word_1_208' title='bbox 2524 1787 2694 1858; x_wconf 82' lang='grc' dir='ltr'>Ἀδάμ</span> <span class='ocrx_word' id='word_1_209' title='bbox 2731 1788 3172 1860; x_wconf 75' lang='grc' dir='ltr'><strong>ἀποθνήσκομεν,</strong></span> <span class='ocrx_word' id='word_1_210' title='bbox 3211 1789 3326 1842; x_wconf 87' lang='grc' dir='ltr'>ἀλλ’</span> <span class='ocrx_word' id='word_1_211' title='bbox 3351 1790 3411 1843; x_wconf 83' lang='grc' dir='ltr'>ὲν</span> <span class='ocrx_word' id='word_1_212' title='bbox 3443 1788 3667 1860; x_wconf 82' lang='grc' dir='ltr'><strong>Χριστῷ</strong></span> <span class='ocrx_word' id='word_1_213' title='bbox 3715 1787 3858 1852; x_wconf 77' lang='grc' dir='ltr'>ζωο-</span> 
     </span>
    </p>
   </div>
   <div class='ocr_carea' id='block_1_33' title="bbox 579 1868 2169 1950">
    <p class='ocr_par' dir='ltr' id='par_1_33' title="bbox 579 1868 2156 1945">
     <span class='ocr_line' id='line_1_33' title="bbox 579 1868 2156 1945; baseline 0.01 -25"><span class='ocrx_word' id='word_1_214' title='bbox 579 1869 648 1922; x_wconf 89' lang='lat' dir='ltr'><strong>ad</strong></span> <span class='ocrx_word' id='word_1_215' title='bbox 691 1868 956 1926; x_wconf 83' lang='lat' dir='ltr'><strong>Bersabee</strong></span> <span class='ocrx_word' id='word_1_216' title='bbox 1009 1871 1199 1938; x_wconf 80' lang='lat' dir='ltr'><strong>legalia</strong></span> <span class='ocrx_word' id='word_1_217' title='bbox 1270 1884 1536 1945; x_wconf 71' lang='lat' dir='ltr'><strong>praecepta</strong></span> <span class='ocrx_word' id='word_1_218' title='bbox 1593 1876 1911 1932; x_wconf 89' lang='lat' dir='ltr'><strong>denuntiata</strong></span> <span class='ocrx_word' id='word_1_219' title='bbox 1985 1889 2156 1944; x_wconf 91' lang='lat' dir='ltr'><strong>sunt,</strong></span> 
     </span>
    </p>
   </div>
   <div class='ocr_carea' id='block_1_34' title="bbox 2271 1868 3861 1950">
    <p class='ocr_par' dir='ltr' id='par_1_34' title="bbox 2271 1874 3861 1950">
     <span class='ocr_line' id='line_1_34' title="bbox 2271 1874 3861 1950; baseline 0.004 -22"><span class='ocrx_word' id='word_1_220' title='bbox 2271 1874 2583 1948; x_wconf 74' lang='grc' dir='ltr'>ποιούμεθα.</span> <span class='ocrx_word' id='word_1_221' title='bbox 2605 1877 2738 1930; x_wconf 83' lang='grc' dir='ltr'><strong>Ἀπὸ</strong></span> <span class='ocrx_word' id='word_1_222' title='bbox 2778 1877 2887 1932; x_wconf 89' lang='grc' dir='ltr'><strong>Δὰν</strong></span> <span class='ocrx_word' id='word_1_223' title='bbox 2938 1879 3033 1932; x_wconf 73' lang='grc' dir='ltr'><strong>καὶ</strong></span> <span class='ocrx_word' id='word_1_224' title='bbox 3077 1879 3183 1942; x_wconf 82' lang='grc' dir='ltr'>ἓως</span> <span class='ocrx_word' id='word_1_225' title='bbox 3220 1879 3507 1950; x_wconf 69' lang='grc' dir='ltr'>Βηρσαϐεέ</span> <span class='ocrx_word' id='word_1_226' title='bbox 3539 1880 3609 1934; x_wconf 75' lang='grc' dir='ltr'>τὰ</span> <span class='ocrx_word' id='word_1_227' title='bbox 3654 1879 3861 1950; x_wconf 85' lang='grc' dir='ltr'>νομικά</span> 
     </span>
    </p>
   </div>
   <div class='ocr_carea' id='block_1_35' title="bbox 579 1961 2156 2029">
    <p class='ocr_par' dir='ltr' id='par_1_35' title="bbox 579 1961 2156 2029">
     <span class='ocr_line' id='line_1_35' title="bbox 579 1961 2156 2029; baseline 0.006 -16"><span class='ocrx_word' id='word_1_228' title='bbox 579 1970 804 2029; x_wconf 86' lang='lat' dir='ltr'><strong>eratque</strong></span> <span class='ocrx_word' id='word_1_229' title='bbox 829 1961 881 2015; x_wconf 91' lang='lat' dir='ltr'><strong>in</strong></span> <span class='ocrx_word' id='word_1_230' title='bbox 909 1962 1022 2016; x_wconf 88' lang='lat' dir='ltr'><strong>sola</strong></span> <span class='ocrx_word' id='word_1_231' title='bbox 1050 1962 1233 2018; x_wconf 66' lang='lat' dir='ltr'><strong>.ludtea</strong></span> <span class='ocrx_word' id='word_1_232' title='bbox 1263 1974 1420 2020; x_wconf 92' lang='lat' dir='ltr'><strong>notus</strong></span> <span class='ocrx_word' id='word_1_233' title='bbox 1467 1966 1606 2021; x_wconf 88' lang='lat' dir='ltr'><strong>Deus</strong></span> <span class='ocrx_word' id='word_1_234' title='bbox 1633 1966 1697 1997; x_wconf 78' lang='lat'><strong>&quot;‘</strong></span> <span class='ocrx_word' id='word_1_235' title='bbox 1725 1985 1738 2020; x_wconf 93' lang='lat'><strong>:</strong></span> <span class='ocrx_word' id='word_1_236' title='bbox 1771 1982 1914 2022; x_wconf 91' lang='lat' dir='ltr'><strong>nunc</strong></span> <span class='ocrx_word' id='word_1_237' title='bbox 1943 1983 2067 2023; x_wconf 89' lang='lat' dir='ltr'><strong>vero</strong></span> <span class='ocrx_word' id='word_1_238' title='bbox 2101 1969 2156 2022; x_wconf 92' lang='lat' dir='ltr'><strong>in</strong></span> 
     </span>
    </p>
   </div>
   <div class='ocr_carea' id='block_1_36' title="bbox 579 2058 2160 2131">
    <p class='ocr_par' dir='ltr' id='par_1_36' title="bbox 579 2058 2160 2131">
     <span class='ocr_line' id='line_1_36' title="bbox 579 2058 2160 2131; baseline 0.006 -24"><span class='ocrx_word' id='word_1_239' title='bbox 579 2065 795 2108; x_wconf 91' lang='lat' dir='ltr'><strong>omnem</strong></span> <span class='ocrx_word' id='word_1_240' title='bbox 828 2063 1028 2110; x_wconf 90' lang='lat' dir='ltr'><strong>terram</strong></span> <span class='ocrx_word' id='word_1_241' title='bbox 1069 2058 1238 2112; x_wconf 79' lang='lat' dir='ltr'><strong>exivit</strong></span> <span class='ocrx_word' id='word_1_242' title='bbox 1267 2073 1432 2114; x_wconf 89' lang='lat' dir='ltr'><strong>sonus</strong></span> <span class='ocrx_word' id='word_1_243' title='bbox 1462 2059 1578 2128; x_wconf 87' lang='lat' dir='ltr'><strong>ejus</strong></span> <span class='ocrx_word' id='word_1_244' title='bbox 1603 2059 1668 2126; x_wconf 73' lang='lat'><strong>&quot;,</strong></span> <span class='ocrx_word' id='word_1_245' title='bbox 1702 2074 2001 2131; x_wconf 87' lang='lat' dir='ltr'><strong>omnesque</strong></span> <span class='ocrx_word' id='word_1_246' title='bbox 2032 2061 2160 2116; x_wconf 87' lang='lat' dir='ltr'><strong>edo-</strong></span> 
     </span>
    </p>
   </div>
   <div class='ocr_carea' id='block_1_37' title="bbox 581 2146 2157 2220">
    <p class='ocr_par' dir='ltr' id='par_1_37' title="bbox 581 2146 2157 2220">
     <span class='ocr_line' id='line_1_37' title="bbox 581 2146 2157 2220; baseline 0.006 -20"><span class='ocrx_word' id='word_1_247' title='bbox 581 2147 656 2200; x_wconf 87' lang='lat' dir='ltr'><strong>cti</strong></span> <span class='ocrx_word' id='word_1_248' title='bbox 684 2156 810 2200; x_wconf 89' lang='lat' dir='ltr'><strong>sunt</strong></span> <span class='ocrx_word' id='word_1_249' title='bbox 856 2162 884 2200; x_wconf 88' lang='lat' dir='ltr'><strong>a</strong></span> <span class='ocrx_word' id='word_1_250' title='bbox 916 2146 1047 2213; x_wconf 86' lang='lat' dir='ltr'><strong>Deo,</strong></span> <span class='ocrx_word' id='word_1_251' title='bbox 1083 2165 1188 2204; x_wconf 93' lang='lat' dir='ltr'><strong>non</strong></span> <span class='ocrx_word' id='word_1_252' title='bbox 1235 2150 1302 2204; x_wconf 91' lang='lat' dir='ltr'><strong>ab</strong></span> <span class='ocrx_word' id='word_1_253' title='bbox 1342 2150 1570 2220; x_wconf 83' lang='lat' dir='ltr'><strong>angelis,</strong></span> <span class='ocrx_word' id='word_1_254' title='bbox 1606 2151 1700 2207; x_wconf 89' lang='lat' dir='ltr'><strong>sed</strong></span> <span class='ocrx_word' id='word_1_255' title='bbox 1736 2167 1763 2205; x_wconf 88' lang='lat' dir='ltr'><strong>a</strong></span> <span class='ocrx_word' id='word_1_256' title='bbox 1793 2151 1903 2207; x_wconf 89' lang='lat' dir='ltr'><strong>Deo</strong></span> <span class='ocrx_word' id='word_1_257' title='bbox 1938 2151 2026 2206; x_wconf 74' lang='grc'><strong>⁸³⁸.</strong></span> <span class='ocrx_word' id='word_1_258' title='bbox 2066 2155 2157 2209; x_wconf 88' lang='lat' dir='ltr'><strong>Dei</strong></span> 
     </span>
    </p>
   </div>
   <div class='ocr_carea' id='block_1_38' title="bbox 582 2237 2161 2312">
    <p class='ocr_par' dir='ltr' id='par_1_38' title="bbox 582 2237 2161 2312">
     <span class='ocr_line' id='line_1_38' title="bbox 582 2237 2161 2312; baseline 0.007 -22"><span class='ocrx_word' id='word_1_259' title='bbox 582 2237 727 2291; x_wconf 89' lang='lat' dir='ltr'><strong>enim</strong></span> <span class='ocrx_word' id='word_1_260' title='bbox 757 2238 920 2292; x_wconf 89' lang='lat' dir='ltr'><strong>etiam</strong></span> <span class='ocrx_word' id='word_1_261' title='bbox 941 2238 1023 2294; x_wconf 85' lang='lat' dir='ltr'><strong>lex</strong></span> <span class='ocrx_word' id='word_1_262' title='bbox 1039 2248 1139 2304; x_wconf 87' lang='lat' dir='ltr'><strong>est,</strong></span> <span class='ocrx_word' id='word_1_263' title='bbox 1163 2242 1258 2296; x_wconf 91' lang='lat' dir='ltr'><strong>sed</strong></span> <span class='ocrx_word' id='word_1_264' title='bbox 1287 2242 1620 2312; x_wconf 84' lang='lat' dir='ltr'><strong>perangelos</strong></span> <span class='ocrx_word' id='word_1_265' title='bbox 1647 2243 1858 2312; x_wconf 89' lang='lat' dir='ltr'><strong>prolata</strong></span> <span class='ocrx_word' id='word_1_266' title='bbox 1889 2245 1930 2277; x_wconf 79' lang='lat'>“</span> <span class='ocrx_word' id='word_1_267' title='bbox 1953 2261 1970 2311; x_wconf 88' lang='lat'><strong>;</strong></span> <span class='ocrx_word' id='word_1_268' title='bbox 1992 2243 2161 2301; x_wconf 83' lang='lat' dir='ltr'><strong>Filius</strong></span> 
     </span>
    </p>
   </div>
   <div class='ocr_carea' id='block_1_39' title="bbox 584 2329 2162 2405">
    <p class='ocr_par' dir='ltr' id='par_1_39' title="bbox 584 2329 2162 2405">
     <span class='ocr_line' id='line_1_39' title="bbox 584 2329 2162 2405; baseline 0.007 -25"><span class='ocrx_word' id='word_1_269' title='bbox 584 2338 762 2382; x_wconf 88' lang='lat' dir='ltr'><strong>autem</strong></span> <span class='ocrx_word' id='word_1_270' title='bbox 797 2329 970 2397; x_wconf 92' lang='lat' dir='ltr'><strong>inquit</strong></span> <span class='ocrx_word' id='word_1_271' title='bbox 997 2345 1009 2382; x_wconf 89' lang='lat'>:</span> <span class='ocrx_word' id='word_1_272' title='bbox 1049 2331 1086 2400; x_wconf 68' lang='grc' dir='ltr'><strong>«ξ</strong></span> <span class='ocrx_word' id='word_1_273' title='bbox 1113 2331 1222 2400; x_wconf 82' lang='lat' dir='ltr'><strong>Ego</strong></span> <span class='ocrx_word' id='word_1_274' title='bbox 1244 2331 1359 2401; x_wconf 89' lang='lat' dir='ltr'><strong>ipse</strong></span> <span class='ocrx_word' id='word_1_275' title='bbox 1391 2330 1617 2402; x_wconf 90' lang='lat' dir='ltr'><strong>loquens</strong></span> <span class='ocrx_word' id='word_1_276' title='bbox 1641 2333 1830 2388; x_wconf 86' lang='lat' dir='ltr'><strong>adsunt</strong></span> <span class='ocrx_word' id='word_1_277' title='bbox 1858 2334 1942 2389; x_wconf 82' lang='lat'><strong>“&#39;.</strong></span> <span class='ocrx_word' id='word_1_278' title='bbox 1975 2335 2162 2405; x_wconf 60' lang='grc' dir='ltr'>ηοω-</span> 
     </span>
    </p>
   </div>
   <div class='ocr_carea' id='block_1_40' title="bbox 580 2416 2160 2490">
    <p class='ocr_par' dir='ltr' id='par_1_40' title="bbox 580 2416 2160 2490">
     <span class='ocr_line' id='line_1_40' title="bbox 580 2416 2160 2490; baseline 0.007 -19"><span class='ocrx_word' id='word_1_279' title='bbox 580 2417 747 2480; x_wconf 85' lang='lat' dir='ltr'><strong>circa,</strong></span> <span class='ocrx_word' id='word_1_280' title='bbox 777 2416 931 2486; x_wconf 69' lang='lat' dir='ltr'><strong>juxta</strong></span> <span class='ocrx_word' id='word_1_281' title='bbox 957 2417 1105 2472; x_wconf 82' lang='lat' dir='ltr'><strong>Pauli</strong></span> <span class='ocrx_word' id='word_1_282' title='bbox 1135 2422 1485 2486; x_wconf 88' lang='lat' dir='ltr'><strong>sententiam,</strong></span> <span class='ocrx_word' id='word_1_283' title='bbox 1514 2433 1715 2490; x_wconf 87' lang='lat' dir='ltr'><strong>quanto</strong></span> <span class='ocrx_word' id='word_1_284' title='bbox 1740 2423 2160 2482; x_wconf 77' lang='lat' dir='ltr'><strong>dill&#39;erentiorem</strong></span> 
     </span>
    </p>
   </div>
   <div class='ocr_carea' id='block_1_41' title="bbox 581 2511 2161 2583">
    <p class='ocr_par' dir='ltr' id='par_1_41' title="bbox 581 2511 2161 2583">
     <span class='ocr_line' id='line_1_41' title="bbox 581 2511 2161 2583; baseline 0.008 -21"><span class='ocrx_word' id='word_1_285' title='bbox 581 2517 774 2563; x_wconf 89' lang='lat' dir='ltr'><strong>nactus</strong></span> <span class='ocrx_word' id='word_1_286' title='bbox 801 2519 883 2563; x_wconf 91' lang='lat' dir='ltr'><strong>est</strong></span> <span class='ocrx_word' id='word_1_287' title='bbox 906 2511 1454 2578; x_wconf 78' lang='lat' dir='ltr'><strong>administrationem,</strong></span> <span class='ocrx_word' id='word_1_288' title='bbox 1487 2525 1543 2570; x_wconf 92' lang='lat' dir='ltr'><strong>et</strong></span> <span class='ocrx_word' id='word_1_289' title='bbox 1577 2526 1781 2583; x_wconf 88' lang='lat' dir='ltr'><strong>quanto</strong></span> <span class='ocrx_word' id='word_1_290' title='bbox 1813 2519 2053 2575; x_wconf 87' lang='lat' dir='ltr'><strong>melioris</strong></span> <span class='ocrx_word' id='word_1_291' title='bbox 2081 2529 2161 2574; x_wconf 90' lang='lat' dir='ltr'><strong>te-</strong></span> 
     </span>
    </p>
   </div>
   <div class='ocr_carea' id='block_1_42' title="bbox 581 2602 2158 2675">
    <p class='ocr_par' dir='ltr' id='par_1_42' title="bbox 581 2602 2158 2675">
     <span class='ocr_line' id='line_1_42' title="bbox 581 2602 2158 2675; baseline 0.008 -20"><span class='ocrx_word' id='word_1_292' title='bbox 581 2602 833 2656; x_wconf 80' lang='lat' dir='ltr'><strong>Stamenti</strong></span> <span class='ocrx_word' id='word_1_293' title='bbox 878 2617 1106 2672; x_wconf 87' lang='lat' dir='ltr'><strong>sponsor</strong></span> <span class='ocrx_word' id='word_1_294' title='bbox 1147 2605 1322 2660; x_wconf 82' lang='lat' dir='ltr'><strong>factus</strong></span> <span class='ocrx_word' id='word_1_295' title='bbox 1352 2616 1437 2662; x_wconf 90' lang='lat' dir='ltr'><strong>est</strong></span> <span class='ocrx_word' id='word_1_296' title='bbox 1461 2607 1530 2675; x_wconf 77' lang='grc'><strong>’⁸,</strong></span> <span class='ocrx_word' id='word_1_297' title='bbox 1571 2617 1720 2665; x_wconf 88' lang='lat' dir='ltr'><strong>tanto</strong></span> <span class='ocrx_word' id='word_1_298' title='bbox 1761 2610 1925 2665; x_wconf 89' lang='lat' dir='ltr'><strong>etiam</strong></span> <span class='ocrx_word' id='word_1_299' title='bbox 1975 2613 2158 2669; x_wconf 61' lang='lat' dir='ltr'><strong>excclo</strong></span> 
     </span>
    </p>
   </div>
   <div class='ocr_carea' id='block_1_43' title="bbox 580 2693 2159 2776">
    <p class='ocr_par' dir='ltr' id='par_1_43' title="bbox 580 2693 2159 2776">
     <span class='ocr_line' id='line_1_43' title="bbox 580 2693 2159 2776; baseline 0.008 -28"><span class='ocrx_word' id='word_1_300' title='bbox 580 2693 781 2749; x_wconf 87' lang='lat' dir='ltr'><strong>lentior</strong></span> <span class='ocrx_word' id='word_1_301' title='bbox 803 2697 909 2750; x_wconf 89' lang='lat' dir='ltr'><strong>erit</strong></span> <span class='ocrx_word' id='word_1_302' title='bbox 933 2697 1141 2767; x_wconf 80' lang='lat' dir='ltr'><strong>angelis</strong></span> <span class='ocrx_word' id='word_1_303' title='bbox 1172 2715 1185 2752; x_wconf 93' lang='lat'>:</span> <span class='ocrx_word' id='word_1_304' title='bbox 1219 2714 1326 2753; x_wconf 93' lang='lat' dir='ltr'><strong>non</strong></span> <span class='ocrx_word' id='word_1_305' title='bbox 1361 2700 1571 2755; x_wconf 88' lang='lat' dir='ltr'><strong>ratione</strong></span> <span class='ocrx_word' id='word_1_306' title='bbox 1591 2712 1800 2757; x_wconf 80' lang='lat' dir='ltr'><strong>naturae</strong></span> <span class='ocrx_word' id='word_1_307' title='bbox 1828 2705 1909 2759; x_wconf 91' lang='lat' dir='ltr'><strong>eis</strong></span> <span class='ocrx_word' id='word_1_308' title='bbox 1939 2720 2159 2776; x_wconf 85' lang='lat' dir='ltr'><strong>compa-</strong></span> 
     </span>
    </p>
   </div>
   <div class='ocr_carea' id='block_1_44' title="bbox 583 2789 2157 2862">
    <p class='ocr_par' dir='ltr' id='par_1_44' title="bbox 583 2789 2157 2862">
     <span class='ocr_line' id='line_1_44' title="bbox 583 2789 2157 2862; baseline 0.009 -21"><span class='ocrx_word' id='word_1_309' title='bbox 583 2797 755 2852; x_wconf 89' lang='lat' dir='ltr'><strong>ratus,</strong></span> <span class='ocrx_word' id='word_1_310' title='bbox 784 2789 879 2844; x_wconf 87' lang='lat' dir='ltr'><strong>sed</strong></span> <span class='ocrx_word' id='word_1_311' title='bbox 915 2798 1064 2845; x_wconf 88' lang='lat' dir='ltr'><strong>tanto</strong></span> <span class='ocrx_word' id='word_1_312' title='bbox 1098 2794 1346 2860; x_wconf 84' lang='lat' dir='ltr'><strong>superior</strong></span> <span class='ocrx_word' id='word_1_313' title='bbox 1377 2805 1580 2862; x_wconf 88' lang='lat' dir='ltr'><strong>quanto</strong></span> <span class='ocrx_word' id='word_1_314' title='bbox 1606 2793 1749 2851; x_wconf 90' lang='lat' dir='ltr'><strong>Deus</strong></span> <span class='ocrx_word' id='word_1_315' title='bbox 1777 2799 2027 2854; x_wconf 72' lang='lat' dir='ltr'><strong>essentia:</strong></span> <span class='ocrx_word' id='word_1_316' title='bbox 2070 2817 2157 2855; x_wconf 90' lang='lat' dir='ltr'><strong>ra-</strong></span> 
     </span>
    </p>
   </div>
   <div class='ocr_carea' id='block_1_45' title="bbox 583 2881 2155 2956">
    <p class='ocr_par' dir='ltr' id='par_1_45' title="bbox 583 2881 2155 2956">
     <span class='ocr_line' id='line_1_45' title="bbox 583 2881 2155 2956; baseline 0.004 -20"><span class='ocrx_word' id='word_1_317' title='bbox 583 2881 728 2936; x_wconf 92' lang='lat' dir='ltr'><strong>tione</strong></span> <span class='ocrx_word' id='word_1_318' title='bbox 746 2892 926 2937; x_wconf 87' lang='lat' dir='ltr'><strong>creata</strong></span> <span class='ocrx_word' id='word_1_319' title='bbox 956 2885 1250 2938; x_wconf 85' lang='lat' dir='ltr'><strong>antecellit.</strong></span> <span class='ocrx_word' id='word_1_320' title='bbox 1281 2883 1456 2942; x_wconf 88' lang='lat' dir='ltr'><strong>Dictio</strong></span> <span class='ocrx_word' id='word_1_321' title='bbox 1486 2885 1670 2956; x_wconf 86' lang='lat' dir='ltr'><strong>itaque</strong></span> <span class='ocrx_word' id='word_1_322' title='bbox 1693 2887 1828 2954; x_wconf 64' lang='lat' dir='ltr'><strong>haec,</strong></span> <span class='ocrx_word' id='word_1_323' title='bbox 1851 2909 1869 2941; x_wconf 77' lang='grc' dir='ltr'><strong>ι</strong></span> <span class='ocrx_word' id='word_1_324' title='bbox 1897 2890 2111 2956; x_wconf 89' lang='lat' dir='ltr'><strong>melior,</strong></span> <span class='ocrx_word' id='word_1_325' title='bbox 2137 2912 2155 2943; x_wconf 75' lang='grc' dir='ltr'><strong>ι</strong></span> 
     </span>
    </p>
   </div>
   <div class='ocr_carea' id='block_1_46' title="bbox 582 2977 2161 3051">
    <p class='ocr_par' dir='ltr' id='par_1_46' title="bbox 582 2977 2161 3051">
     <span class='ocr_line' id='line_1_46' title="bbox 582 2977 2161 3051; baseline 0.006 -23"><span class='ocrx_word' id='word_1_326' title='bbox 582 2977 649 3029; x_wconf 87' lang='lat' dir='ltr'><strong>ad</strong></span> <span class='ocrx_word' id='word_1_327' title='bbox 699 2977 1225 3033; x_wconf 84' lang='lat' dir='ltr'><strong>administrationem</strong></span> <span class='ocrx_word' id='word_1_328' title='bbox 1280 2978 1468 3045; x_wconf 84' lang='lat' dir='ltr'><strong>relata,</strong></span> <span class='ocrx_word' id='word_1_329' title='bbox 1527 2990 1729 3051; x_wconf 88' lang='lat' dir='ltr'><strong>quanto</strong></span> <span class='ocrx_word' id='word_1_330' title='bbox 1778 2996 1898 3036; x_wconf 90' lang='lat' dir='ltr'><strong>eam</strong></span> <span class='ocrx_word' id='word_1_331' title='bbox 1947 2982 2161 3038; x_wconf 91' lang='lat' dir='ltr'><strong>illorum</strong></span> 
     </span>
    </p>
   </div>
   <div class='ocr_carea' id='block_1_47' title="bbox 581 3068 2163 3144">
    <p class='ocr_par' dir='ltr' id='par_1_47' title="bbox 581 3068 2163 3144">
     <span class='ocr_line' id='line_1_47' title="bbox 581 3068 2163 3144; baseline 0.006 -22"><span class='ocrx_word' id='word_1_332' title='bbox 581 3068 1051 3124; x_wconf 86' lang='lat' dir='ltr'><strong>administratione</strong></span> <span class='ocrx_word' id='word_1_333' title='bbox 1102 3072 1536 3140; x_wconf 64' lang='lat' dir='ltr'><strong>praestantiorem</strong></span> <span class='ocrx_word' id='word_1_334' title='bbox 1589 3073 1996 3144; x_wconf 84' lang='lat' dir='ltr'><strong>dignioremque</strong></span> <span class='ocrx_word' id='word_1_335' title='bbox 2041 3091 2163 3131; x_wconf 87' lang='lat' dir='ltr'><strong>esse</strong></span> 
     </span>
    </p>
   </div>
   <div class='ocr_carea' id='block_1_48' title="bbox 580 3162 2164 3234">
    <p class='ocr_par' dir='ltr' id='par_1_48' title="bbox 580 3162 2164 3234">
     <span class='ocr_line' id='line_1_48' title="bbox 580 3162 2164 3234; baseline 0.004 -19"><span class='ocrx_word' id='word_1_336' title='bbox 580 3162 849 3226; x_wconf 87' lang='lat' dir='ltr'><strong>ostendit,</strong></span> <span class='ocrx_word' id='word_1_337' title='bbox 889 3171 1038 3216; x_wconf 90' lang='lat' dir='ltr'><strong>tanto</strong></span> <span class='ocrx_word' id='word_1_338' title='bbox 1071 3164 1238 3234; x_wconf 85' lang='lat' dir='ltr'><strong>magis</strong></span> <span class='ocrx_word' id='word_1_339' title='bbox 1276 3162 1471 3218; x_wconf 87' lang='lat' dir='ltr'><strong>Filium</strong></span> <span class='ocrx_word' id='word_1_340' title='bbox 1512 3180 1674 3233; x_wconf 89' lang='lat' dir='ltr'><strong>supra</strong></span> <span class='ocrx_word' id='word_1_341' title='bbox 1717 3176 1955 3220; x_wconf 85' lang='lat' dir='ltr'><strong>creatam</strong></span> <span class='ocrx_word' id='word_1_342' title='bbox 2004 3177 2164 3221; x_wconf 85' lang='lat' dir='ltr'><strong>natu-</strong></span> 
     </span>
    </p>
   </div>
   <div class='ocr_carea' id='block_1_49' title="bbox 583 3229 2236 3328">
    <p class='ocr_par' dir='ltr' id='par_1_49' title="bbox 583 3229 2236 3328">
     <span class='ocr_line' id='line_1_49' title="bbox 583 3229 2236 3328; baseline 0.005 -22"><span class='ocrx_word' id='word_1_343' title='bbox 583 3268 698 3306; x_wconf 89' lang='lat' dir='ltr'><strong>ram</strong></span> <span class='ocrx_word' id='word_1_344' title='bbox 735 3254 964 3309; x_wconf 71' lang='lat' dir='ltr'><strong>extollit.</strong></span> <span class='ocrx_word' id='word_1_345' title='bbox 1003 3254 1068 3308; x_wconf 87' lang='lat' dir='ltr'><strong>Et</strong></span> <span class='ocrx_word' id='word_1_346' title='bbox 1112 3229 1318 3324; x_wconf 67' lang='lat' dir='ltr'><strong>angelis</strong></span> <span class='ocrx_word' id='word_1_347' title='bbox 1348 3229 1761 3328; x_wconf 45' lang='lat' dir='ltr'><strong>quidem-208</strong></span> <span class='ocrx_word' id='word_1_348' title='bbox 1788 3268 1844 3311; x_wconf 91' lang='lat' dir='ltr'><strong>ut</strong></span> <span class='ocrx_word' id='word_1_349' title='bbox 1881 3261 2056 3314; x_wconf 86' lang='lat' dir='ltr'><strong>servis</strong></span> <span class='ocrx_word' id='word_1_350' title='bbox 2087 3261 2165 3314; x_wconf 91' lang='lat' dir='ltr'><strong>iu-</strong></span> <span class='ocrx_word' id='word_1_351' title='bbox 2195 3229 2236 3289; x_wconf 63' lang='grc' dir='ltr'><strong>Ο</strong></span> 
     </span>
    </p>
   </div>
   <div class='ocr_carea' id='block_1_50' title="bbox 584 3343 2167 3413">
    <p class='ocr_par' dir='ltr' id='par_1_50' title="bbox 584 3343 2167 3413">
     <span class='ocr_line' id='line_1_50' title="bbox 584 3343 2167 3413; baseline 0.005 -15"><span class='ocrx_word' id='word_1_352' title='bbox 584 3343 837 3399; x_wconf 77' lang='lat' dir='ltr'><strong>feriorem</strong></span> <span class='ocrx_word' id='word_1_353' title='bbox 910 3345 1439 3402; x_wconf 84' lang='lat' dir='ltr'><strong>administrationem</strong></span> <span class='ocrx_word' id='word_1_354' title='bbox 1507 3347 1741 3413; x_wconf 85' lang='lat' dir='ltr'><strong>tribuit,</strong></span> <span class='ocrx_word' id='word_1_355' title='bbox 1784 3349 1922 3403; x_wconf 85' lang='lat' dir='ltr'><strong>Filio</strong></span> <span class='ocrx_word' id='word_1_356' title='bbox 1987 3361 2167 3406; x_wconf 88' lang='lat' dir='ltr'><strong>autem</strong></span> 
     </span>
    </p>
   </div>
   <div class='ocr_carea' id='block_1_51' title="bbox 583 3439 2170 3511">
    <p class='ocr_par' dir='ltr' id='par_1_51' title="bbox 583 3439 2170 3511">
     <span class='ocr_line' id='line_1_51' title="bbox 583 3439 2170 3511; baseline 0.003 -18"><span class='ocrx_word' id='word_1_357' title='bbox 583 3454 703 3493; x_wconf 87' lang='lat' dir='ltr'><strong>eam</strong></span> <span class='ocrx_word' id='word_1_358' title='bbox 740 3454 858 3508; x_wconf 67' lang='lat' dir='ltr'><strong>qua:</strong></span> <span class='ocrx_word' id='word_1_359' title='bbox 887 3439 1025 3495; x_wconf 84' lang='lat' dir='ltr'><strong>Filio</strong></span> <span class='ocrx_word' id='word_1_360' title='bbox 1055 3450 1110 3493; x_wconf 90' lang='lat' dir='ltr'><strong>et</strong></span> <span class='ocrx_word' id='word_1_361' title='bbox 1142 3440 1370 3494; x_wconf 87' lang='lat' dir='ltr'><strong>Domino</strong></span> <span class='ocrx_word' id='word_1_362' title='bbox 1403 3451 1688 3511; x_wconf 80' lang='lat' dir='ltr'><strong>congruat.</strong></span> <span class='ocrx_word' id='word_1_363' title='bbox 1720 3441 1855 3496; x_wconf 88' lang='lat' dir='ltr'><strong>Natu</strong></span> <span class='ocrx_word' id='word_1_364' title='bbox 1895 3443 1947 3496; x_wconf 89' lang='lat' dir='ltr'><strong>in</strong></span> <span class='ocrx_word' id='word_1_365' title='bbox 1982 3444 2170 3499; x_wconf 87' lang='lat' dir='ltr'><strong>melio-</strong></span> 
     </span>
    </p>
   </div>
   <div class='ocr_carea' id='block_1_52' title="bbox 584 3531 2170 3601">
    <p class='ocr_par' dir='ltr' id='par_1_52' title="bbox 584 3531 2170 3601">
     <span class='ocr_line' id='line_1_52' title="bbox 584 3531 2170 3601; baseline 0.003 -16"><span class='ocrx_word' id='word_1_366' title='bbox 584 3532 753 3595; x_wconf 88' lang='lat' dir='ltr'><strong>ribus,</strong></span> <span class='ocrx_word' id='word_1_367' title='bbox 799 3540 856 3584; x_wconf 91' lang='lat' dir='ltr'><strong>ut</strong></span> <span class='ocrx_word' id='word_1_368' title='bbox 891 3531 1064 3601; x_wconf 89' lang='lat' dir='ltr'><strong>inquit</strong></span> <span class='ocrx_word' id='word_1_369' title='bbox 1092 3531 1398 3601; x_wconf 85' lang='lat' dir='ltr'><strong>Scriptura,</strong></span> <span class='ocrx_word' id='word_1_370' title='bbox 1433 3533 1948 3600; x_wconf 90' lang='lat' dir='ltr'><strong>repromissionibus</strong></span> <span class='ocrx_word' id='word_1_371' title='bbox 1992 3537 2170 3590; x_wconf 82' lang='lat' dir='ltr'><strong>sanci-</strong></span> 
     </span>
    </p>
   </div>
   <div class='ocr_carea' id='block_1_53' title="bbox 587 3624 882 3679">
    <p class='ocr_par' dir='ltr' id='par_1_53' title="bbox 587 3624 882 3679">
     <span class='ocr_line' id='line_1_53' title="bbox 587 3624 882 3679; baseline -0.007 0"><span class='ocrx_word' id='word_1_372' title='bbox 587 3633 675 3679; x_wconf 89' lang='lat' dir='ltr'><strong>tus</strong></span> <span class='ocrx_word' id='word_1_373' title='bbox 709 3635 792 3679; x_wconf 87' lang='lat' dir='ltr'><strong>est</strong></span> <span class='ocrx_word' id='word_1_374' title='bbox 818 3624 882 3677; x_wconf 79' lang='lat'><strong>&quot;.</strong></span> 
     </span>
    </p>
   </div>
   <div class='ocr_carea' id='block_1_54' title="bbox 585 3757 2170 3828">
    <p class='ocr_par' dir='ltr' id='par_1_54' title="bbox 585 3757 2170 3828">
     <span class='ocr_line' id='line_1_54' title="bbox 585 3757 2170 3828; baseline 0.002 -13"><span class='ocrx_word' id='word_1_375' title='bbox 585 3758 833 3823; x_wconf 76' lang='lat' dir='ltr'><strong>ALIUD,</strong></span> <span class='ocrx_word' id='word_1_376' title='bbox 877 3759 1018 3828; x_wconf 82' lang='lat' dir='ltr'><strong>quod</strong></span> <span class='ocrx_word' id='word_1_377' title='bbox 1068 3759 1255 3812; x_wconf 85' lang='lat' dir='ltr'><strong>melior</strong></span> <span class='ocrx_word' id='word_1_378' title='bbox 1296 3761 1362 3812; x_wconf 82' lang='lat' dir='ltr'><strong>sit</strong></span> <span class='ocrx_word' id='word_1_379' title='bbox 1421 3759 1518 3813; x_wconf 87' lang='lat' dir='ltr'><strong>Dei</strong></span> <span class='ocrx_word' id='word_1_380' title='bbox 1569 3757 1723 3812; x_wconf 85' lang='lat' dir='ltr'><strong>Verbi</strong></span> <span class='ocrx_word' id='word_1_381' title='bbox 1775 3762 2170 3818; x_wconf 75' lang='lat' dir='ltr'><strong>arlrninistrnlio</strong></span> 
     </span>
    </p>
   </div>
   <div class='ocr_carea' id='block_1_55' title="bbox 654 3829 2170 3901">
    <p class='ocr_par' dir='ltr' id='par_1_55' title="bbox 654 3829 2170 3901">
     <span class='ocr_line' id='line_1_55' title="bbox 654 3829 2170 3901; baseline 0.003 -18"><span class='ocrx_word' id='word_1_382' title='bbox 654 3847 812 3901; x_wconf 86' lang='lat' dir='ltr'><strong>quam</strong></span> <span class='ocrx_word' id='word_1_383' title='bbox 859 3829 1199 3901; x_wconf 73' lang='lat' dir='ltr'><strong>angelorum,</strong></span> <span class='ocrx_word' id='word_1_384' title='bbox 1244 3829 1404 3882; x_wconf 84' lang='lat' dir='ltr'><strong>etiam</strong></span> <span class='ocrx_word' id='word_1_385' title='bbox 1462 3830 1584 3882; x_wconf 74' lang='lat' dir='ltr'><strong>aliis</strong></span> <span class='ocrx_word' id='word_1_386' title='bbox 1629 3830 1800 3883; x_wconf 74' lang='lat' dir='ltr'><strong>modis</strong></span> <span class='ocrx_word' id='word_1_387' title='bbox 1831 3845 1848 3883; x_wconf 92' lang='lat'><strong><em>:</em></strong></span> <span class='ocrx_word' id='word_1_388' title='bbox 1877 3842 1924 3884; x_wconf 85' lang='lat' dir='ltr'><strong>et</strong></span> <span class='ocrx_word' id='word_1_389' title='bbox 1971 3844 2170 3901; x_wconf 83' lang='lat' dir='ltr'><strong>quanto</strong></span> 
     </span>
    </p>
   </div>
   <div class='ocr_carea' id='block_1_56' title="bbox 656 3899 2170 3964">
    <p class='ocr_par' dir='ltr' id='par_1_56' title="bbox 656 3899 2170 3964">
     <span class='ocr_line' id='line_1_56' title="bbox 656 3899 2170 3964; baseline 0.002 -10"><span class='ocrx_word' id='word_1_390' title='bbox 656 3899 842 3954; x_wconf 84' lang='lat' dir='ltr'><strong>melior</strong></span> <span class='ocrx_word' id='word_1_391' title='bbox 869 3910 942 3953; x_wconf 76' lang='lat' dir='ltr'><strong>est</strong></span> <span class='ocrx_word' id='word_1_392' title='bbox 973 3900 1389 3964; x_wconf 79' lang='lat' dir='ltr'><strong>administratio,</strong></span> <span class='ocrx_word' id='word_1_393' title='bbox 1421 3909 1562 3952; x_wconf 81' lang='lat' dir='ltr'><strong>tanta</strong></span> <span class='ocrx_word' id='word_1_394' title='bbox 1597 3909 1644 3953; x_wconf 81' lang='lat' dir='ltr'><strong>et</strong></span> <span class='ocrx_word' id='word_1_395' title='bbox 1679 3899 2170 3958; x_wconf 76' lang='lat' dir='ltr'><strong>administratorem</strong></span> 
     </span>
    </p>
   </div>
   <div class='ocr_carea' id='block_1_57' title="bbox 661 3971 1091 4025">
    <p class='ocr_par' dir='ltr' id='par_1_57' title="bbox 661 3971 1091 4025">
     <span class='ocr_line' id='line_1_57' title="bbox 661 3971 1091 4025; baseline 0.005 -3"><span class='ocrx_word' id='word_1_396' title='bbox 661 3971 816 4025; x_wconf 85' lang='lat' dir='ltr'><strong>melio</strong></span> <span class='ocrx_word' id='word_1_397' title='bbox 825 3987 930 4023; x_wconf 85' lang='lat' dir='ltr'><strong>rem</strong></span> <span class='ocrx_word' id='word_1_398' title='bbox 962 3985 1091 4024; x_wconf 77' lang='lat' dir='ltr'><strong>esse.</strong></span> 
     </span>
    </p>
   </div>
   <div class='ocr_carea' id='block_1_58' title="bbox 659 4104 2172 4175">
    <p class='ocr_par' dir='ltr' id='par_1_58' title="bbox 659 4104 2172 4175">
     <span class='ocr_line' id='line_1_58' title="bbox 659 4104 2172 4175; baseline 0.003 -16"><span class='ocrx_word' id='word_1_399' title='bbox 659 4105 860 4160; x_wconf 89' lang='lat' dir='ltr'><strong>Paulus</strong></span> <span class='ocrx_word' id='word_1_400' title='bbox 907 4105 985 4159; x_wconf 90' lang='lat' dir='ltr'><strong>ait</strong></span> <span class='ocrx_word' id='word_1_401' title='bbox 1032 4123 1047 4160; x_wconf 88' lang='lat'>:</span> <span class='ocrx_word' id='word_1_402' title='bbox 1100 4122 1120 4157; x_wconf 78' lang='grc' dir='ltr'><strong>ι</strong></span> <span class='ocrx_word' id='word_1_403' title='bbox 1148 4104 1414 4172; x_wconf 86' lang='lat' dir='ltr'><strong>Quoniam</strong></span> <span class='ocrx_word' id='word_1_404' title='bbox 1459 4104 1604 4174; x_wconf 87' lang='lat' dir='ltr'><strong>quod</strong></span> <span class='ocrx_word' id='word_1_405' title='bbox 1659 4105 1996 4175; x_wconf 88' lang='lat' dir='ltr'><strong>impossibile</strong></span> <span class='ocrx_word' id='word_1_406' title='bbox 2053 4119 2172 4164; x_wconf 89' lang='lat' dir='ltr'><strong>erat</strong></span> 
     </span>
    </p>
   </div>
   <div class='ocr_carea' id='block_1_59' title="bbox 589 4197 2169 4269">
    <p class='ocr_par' dir='ltr' id='par_1_59' title="bbox 589 4197 2169 4269">
     <span class='ocr_line' id='line_1_59' title="bbox 589 4197 2169 4269; baseline -0.001 -15"><span class='ocrx_word' id='word_1_407' title='bbox 589 4199 716 4269; x_wconf 76' lang='lat' dir='ltr'><strong>legi,</strong></span> <span class='ocrx_word' id='word_1_408' title='bbox 748 4199 801 4252; x_wconf 89' lang='lat' dir='ltr'><strong>in</strong></span> <span class='ocrx_word' id='word_1_409' title='bbox 837 4211 945 4267; x_wconf 93' lang='lat' dir='ltr'><strong>quo</strong></span> <span class='ocrx_word' id='word_1_410' title='bbox 979 4197 1358 4252; x_wconf 81' lang='lat' dir='ltr'><strong>inﬁrmabatur</strong></span> <span class='ocrx_word' id='word_1_411' title='bbox 1401 4213 1497 4268; x_wconf 86' lang='lat' dir='ltr'><strong>per</strong></span> <span class='ocrx_word' id='word_1_412' title='bbox 1533 4213 1774 4264; x_wconf 87' lang='lat' dir='ltr'><strong>carnem,</strong></span> <span class='ocrx_word' id='word_1_413' title='bbox 1811 4199 1952 4254; x_wconf 87' lang='lat' dir='ltr'><strong>Deus</strong></span> <span class='ocrx_word' id='word_1_414' title='bbox 1975 4197 2169 4254; x_wconf 83' lang='lat' dir='ltr'><strong>Filium</strong></span> 
     </span>
    </p>
   </div>
   <div class='ocr_carea' id='block_1_60' title="bbox 589 4289 2173 4360">
    <p class='ocr_par' dir='ltr' id='par_1_60' title="bbox 589 4289 2173 4360">
     <span class='ocr_line' id='line_1_60' title="bbox 589 4289 2173 4360; baseline 0.001 -15"><span class='ocrx_word' id='word_1_415' title='bbox 589 4306 748 4345; x_wconf 85' lang='lat' dir='ltr'><strong>suum</strong></span> <span class='ocrx_word' id='word_1_416' title='bbox 780 4291 1000 4345; x_wconf 88' lang='lat' dir='ltr'><strong>mittens</strong></span> <span class='ocrx_word' id='word_1_417' title='bbox 1029 4289 1082 4344; x_wconf 90' lang='lat' dir='ltr'><strong>in</strong></span> <span class='ocrx_word' id='word_1_418' title='bbox 1107 4289 1518 4344; x_wconf 88' lang='lat' dir='ltr'><strong>similitudinem</strong></span> <span class='ocrx_word' id='word_1_419' title='bbox 1544 4290 1727 4344; x_wconf 87' lang='lat' dir='ltr'><strong>carnis</strong></span> <span class='ocrx_word' id='word_1_420' title='bbox 1757 4291 1987 4360; x_wconf 87' lang='lat' dir='ltr'><strong>peccati,</strong></span> <span class='ocrx_word' id='word_1_421' title='bbox 2023 4301 2078 4346; x_wconf 92' lang='lat' dir='ltr'><strong>et</strong></span> <span class='ocrx_word' id='word_1_422' title='bbox 2106 4293 2173 4346; x_wconf 90' lang='lat' dir='ltr'><strong>de</strong></span> 
     </span>
    </p>
   </div>
   <div class='ocr_carea' id='block_1_61' title="bbox 591 4381 2170 4454">
    <p class='ocr_par' dir='ltr' id='par_1_61' title="bbox 591 4381 2170 4454">
     <span class='ocr_line' id='line_1_61' title="bbox 591 4381 2170 4454; baseline -0.001 -16"><span class='ocrx_word' id='word_1_423' title='bbox 591 4393 817 4454; x_wconf 82' lang='lat' dir='ltr'><strong>peccato</strong></span> <span class='ocrx_word' id='word_1_424' title='bbox 844 4382 1118 4436; x_wconf 89' lang='lat' dir='ltr'><strong>damnavit</strong></span> <span class='ocrx_word' id='word_1_425' title='bbox 1155 4390 1434 4451; x_wconf 88' lang='lat' dir='ltr'><strong>peccatum</strong></span> <span class='ocrx_word' id='word_1_426' title='bbox 1471 4381 1525 4435; x_wconf 92' lang='lat' dir='ltr'><strong>in</strong></span> <span class='ocrx_word' id='word_1_427' title='bbox 1568 4397 1754 4448; x_wconf 88' lang='lat' dir='ltr'><strong>carne,</strong></span> <span class='ocrx_word' id='word_1_428' title='bbox 1790 4391 1848 4436; x_wconf 93' lang='lat' dir='ltr'><strong>ut</strong></span> <span class='ocrx_word' id='word_1_429' title='bbox 1893 4383 2170 4452; x_wconf 81' lang='lat' dir='ltr'><strong>signiﬁca-</strong></span> 
     </span>
    </p>
   </div>
   <div class='ocr_carea' id='block_1_62' title="bbox 594 4475 2171 4547">
    <p class='ocr_par' dir='ltr' id='par_1_62' title="bbox 594 4475 2171 4547">
     <span class='ocr_line' id='line_1_62' title="bbox 594 4475 2171 4547; baseline -0.003 -15"><span class='ocrx_word' id='word_1_430' title='bbox 594 4478 669 4533; x_wconf 91' lang='lat' dir='ltr'><strong>tio</strong></span> <span class='ocrx_word' id='word_1_431' title='bbox 707 4476 844 4547; x_wconf 80' lang='lat' dir='ltr'><strong>legis</strong></span> <span class='ocrx_word' id='word_1_432' title='bbox 897 4475 1215 4545; x_wconf 89' lang='lat' dir='ltr'><strong>impleretur</strong></span> <span class='ocrx_word' id='word_1_433' title='bbox 1251 4475 1302 4529; x_wconf 90' lang='lat' dir='ltr'><strong>in</strong></span> <span class='ocrx_word' id='word_1_434' title='bbox 1354 4475 1532 4539; x_wconf 91' lang='lat' dir='ltr'><strong>nobis,</strong></span> <span class='ocrx_word' id='word_1_435' title='bbox 1583 4475 1672 4544; x_wconf 89' lang='lat' dir='ltr'><strong>qui</strong></span> <span class='ocrx_word' id='word_1_436' title='bbox 1722 4490 1824 4529; x_wconf 87' lang='lat' dir='ltr'><strong>non</strong></span> <span class='ocrx_word' id='word_1_437' title='bbox 1875 4477 2171 4530; x_wconf 86' lang='lat' dir='ltr'><strong>secundum</strong></span> 
     </span>
    </p>
   </div>
   <div class='ocr_carea' id='block_1_63' title="bbox 2266 1967 3861 2043">
    <p class='ocr_par' dir='ltr' id='par_1_63' title="bbox 2266 1967 3861 2043">
     <span class='ocr_line' id='line_1_63' title="bbox 2266 1967 3861 2043; baseline 0.003 -22"><span class='ocrx_word' id='word_1_438' title='bbox 2266 1969 2668 2041; x_wconf 78' lang='grc' dir='ltr'><strong>προστάγματα</strong></span> <span class='ocrx_word' id='word_1_439' title='bbox 2695 1971 3064 2042; x_wconf 82' lang='grc' dir='ltr'><strong>διηγγέλλετο,</strong></span> <span class='ocrx_word' id='word_1_440' title='bbox 3095 1973 3192 2026; x_wconf 76' lang='grc' dir='ltr'>καὶ</span> <span class='ocrx_word' id='word_1_441' title='bbox 3231 1967 3301 2043; x_wconf 79' lang='grc' dir='ltr'>ἦν</span> <span class='ocrx_word' id='word_1_442' title='bbox 3350 1973 3408 2025; x_wconf 79' lang='grc' dir='ltr'>ὲν</span> <span class='ocrx_word' id='word_1_443' title='bbox 3457 1972 3592 2043; x_wconf 83' lang='grc' dir='ltr'>μόνῃ</span> <span class='ocrx_word' id='word_1_444' title='bbox 3618 1975 3686 2043; x_wconf 81' lang='grc' dir='ltr'>τῇ</span> <span class='ocrx_word' id='word_1_445' title='bbox 3726 1973 3861 2025; x_wconf 76' lang='grc' dir='ltr'><strong>Ἴου·</strong></span> 
     </span>
    </p>
   </div>
   <div class='ocr_carea' id='block_1_64' title="bbox 2265 2064 3865 2136">
    <p class='ocr_par' dir='ltr' id='par_1_64' title="bbox 2265 2064 3865 2136">
     <span class='ocr_line' id='line_1_64' title="bbox 2265 2064 3865 2136; baseline 0.001 -20"><span class='ocrx_word' id='word_1_446' title='bbox 2265 2064 2392 2135; x_wconf 74' lang='grc' dir='ltr'>δαία</span> <span class='ocrx_word' id='word_1_447' title='bbox 2419 2064 2658 2131; x_wconf 82' lang='grc' dir='ltr'>γνωστὸς</span> <span class='ocrx_word' id='word_1_448' title='bbox 2680 2067 2708 2118; x_wconf 90' lang='lat'><strong>6</strong></span> <span class='ocrx_word' id='word_1_449' title='bbox 2742 2064 2876 2129; x_wconf 86' lang='grc' dir='ltr'>Θεός</span> <span class='ocrx_word' id='word_1_450' title='bbox 2897 2080 2913 2094; x_wconf 76' lang='grc'><strong><em>⁸</em></strong></span> <span class='ocrx_word' id='word_1_451' title='bbox 2945 2065 3063 2120; x_wconf 71' lang='grc' dir='ltr'>νυνι</span> <span class='ocrx_word' id='word_1_452' title='bbox 3090 2065 3148 2118; x_wconf 79' lang='grc' dir='ltr'>δὲ</span> <span class='ocrx_word' id='word_1_453' title='bbox 3178 2065 3258 2130; x_wconf 87' lang='grc' dir='ltr'><strong>είς</strong></span> <span class='ocrx_word' id='word_1_454' title='bbox 3289 2066 3470 2120; x_wconf 81' lang='grc' dir='ltr'>πᾶσαν</span> <span class='ocrx_word' id='word_1_455' title='bbox 3505 2064 3605 2136; x_wconf 80' lang='grc' dir='ltr'>τὴν</span> <span class='ocrx_word' id='word_1_456' title='bbox 3641 2067 3746 2135; x_wconf 76' lang='grc' dir='ltr'><strong>γῆν</strong></span> <span class='ocrx_word' id='word_1_457' title='bbox 3779 2064 3865 2131; x_wconf 79' lang='grc' dir='ltr'><strong>ἑξ-</strong></span> 
     </span>
    </p>
   </div>
   <div class='ocr_carea' id='block_1_65' title="bbox 2265 2155 3861 2227">
    <p class='ocr_par' dir='ltr' id='par_1_65' title="bbox 2265 2155 3861 2227">
     <span class='ocr_line' id='line_1_65' title="bbox 2265 2155 3861 2227; baseline 0.001 -20"><span class='ocrx_word' id='word_1_458' title='bbox 2265 2156 2431 2226; x_wconf 83' lang='grc' dir='ltr'>ἦλθεν</span> <span class='ocrx_word' id='word_1_459' title='bbox 2453 2158 2481 2209; x_wconf 91' lang='lat'><strong>6</strong></span> <span class='ocrx_word' id='word_1_460' title='bbox 2511 2155 2749 2226; x_wconf 76' lang='grc' dir='ltr'>φθόγγος</span> <span class='ocrx_word' id='word_1_461' title='bbox 2781 2157 2970 2223; x_wconf 82' lang='grc' dir='ltr'>αὐτοῦ,</span> <span class='ocrx_word' id='word_1_462' title='bbox 2989 2159 3085 2212; x_wconf 76' lang='grc' dir='ltr'><strong>καὶ</strong></span> <span class='ocrx_word' id='word_1_463' title='bbox 3113 2158 3373 2227; x_wconf 86' lang='grc' dir='ltr'>γεγόνασι</span> <span class='ocrx_word' id='word_1_464' title='bbox 3400 2157 3602 2221; x_wconf 80' lang='grc' dir='ltr'>πάντες</span> <span class='ocrx_word' id='word_1_465' title='bbox 3618 2157 3861 2210; x_wconf 72' lang='grc' dir='ltr'>διδακτοὶ</span> 
     </span>
    </p>
   </div>
   <div class='ocr_carea' id='block_1_66' title="bbox 2266 2248 3862 2321">
    <p class='ocr_par' dir='ltr' id='par_1_66' title="bbox 2266 2248 3862 2321">
     <span class='ocr_line' id='line_1_66' title="bbox 2266 2248 3862 2321; baseline 0.001 -20"><span class='ocrx_word' id='word_1_466' title='bbox 2266 2248 2423 2314; x_wconf 81' lang='grc' dir='ltr'>Θεοῦ,</span> <span class='ocrx_word' id='word_1_467' title='bbox 2463 2250 2563 2303; x_wconf 83' lang='grc' dir='ltr'><strong>οὐκ</strong></span> <span class='ocrx_word' id='word_1_468' title='bbox 2595 2249 2862 2319; x_wconf 82' lang='grc' dir='ltr'>ἀγγέλων,</span> <span class='ocrx_word' id='word_1_469' title='bbox 2891 2251 3026 2305; x_wconf 78' lang='grc' dir='ltr'>ἀλλὰ</span> <span class='ocrx_word' id='word_1_470' title='bbox 3056 2249 3212 2305; x_wconf 75' lang='grc' dir='ltr'>Θεοῦ.</span> <span class='ocrx_word' id='word_1_471' title='bbox 3246 2248 3381 2303; x_wconf 80' lang='grc' dir='ltr'><strong>Θεοῦ</strong></span> <span class='ocrx_word' id='word_1_472' title='bbox 3429 2249 3533 2320; x_wconf 82' lang='grc' dir='ltr'>μὲν</span> <span class='ocrx_word' id='word_1_473' title='bbox 3572 2250 3682 2321; x_wconf 80' lang='grc' dir='ltr'>γὰρ</span> <span class='ocrx_word' id='word_1_474' title='bbox 3709 2251 3807 2302; x_wconf 66' lang='grc' dir='ltr'><strong>καὶ</strong></span> <span class='ocrx_word' id='word_1_475' title='bbox 3832 2251 3862 2302; x_wconf 89' lang='lat'><strong>6</strong></span> 
     </span>
    </p>
   </div>
   <div class='ocr_carea' id='block_1_67' title="bbox 2268 2339 3866 2416">
    <p class='ocr_par' dir='ltr' id='par_1_67' title="bbox 2268 2339 3866 2416">
     <span class='ocr_line' id='line_1_67' title="bbox 2268 2339 3866 2416; baseline 0.002 -23"><span class='ocrx_word' id='word_1_476' title='bbox 2268 2339 2450 2412; x_wconf 80' lang='grc' dir='ltr'>νόμος,</span> <span class='ocrx_word' id='word_1_477' title='bbox 2489 2341 2625 2397; x_wconf 88' lang='grc' dir='ltr'><strong>ἀλλά</strong></span> <span class='ocrx_word' id='word_1_478' title='bbox 2657 2343 2724 2396; x_wconf 86' lang='grc' dir='ltr'>δι’</span> <span class='ocrx_word' id='word_1_479' title='bbox 2756 2345 3004 2414; x_wconf 84' lang='grc' dir='ltr'>ἀγγέλων</span> <span class='ocrx_word' id='word_1_480' title='bbox 3024 2363 3037 2377; x_wconf 92' lang='grc'><strong>·</strong></span> <span class='ocrx_word' id='word_1_481' title='bbox 3075 2346 3103 2399; x_wconf 97' lang='lat'><strong>6</strong></span> <span class='ocrx_word' id='word_1_482' title='bbox 3131 2347 3187 2400; x_wconf 79' lang='grc' dir='ltr'>δὲ</span> <span class='ocrx_word' id='word_1_483' title='bbox 3221 2343 3350 2409; x_wconf 76' lang='grc' dir='ltr'>Υἱός</span> <span class='ocrx_word' id='word_1_484' title='bbox 3399 2362 3567 2416; x_wconf 83' lang='grc' dir='ltr'>φησιν</span> <span class='ocrx_word' id='word_1_485' title='bbox 3587 2361 3601 2376; x_wconf 87' lang='grc'><strong>·</strong></span> <span class='ocrx_word' id='word_1_486' title='bbox 3635 2364 3654 2396; x_wconf 75' lang='grc' dir='ltr'><strong>ι</strong></span> <span class='ocrx_word' id='word_1_487' title='bbox 3687 2344 3866 2407; x_wconf 81' lang='grc' dir='ltr'>Αὐτὸς</span> 
     </span>
    </p>
   </div>
   <div class='ocr_carea' id='block_1_68' title="bbox 2267 2431 3865 2507">
    <p class='ocr_par' dir='ltr' id='par_1_68' title="bbox 2267 2431 3865 2507">
     <span class='ocr_line' id='line_1_68' title="bbox 2267 2431 3865 2507; baseline 0.001 -23"><span class='ocrx_word' id='word_1_488' title='bbox 2267 2432 2294 2484; x_wconf 91' lang='lat'><strong>6</strong></span> <span class='ocrx_word' id='word_1_489' title='bbox 2323 2431 2498 2486; x_wconf 81' lang='grc' dir='ltr'>λαλῶν</span> <span class='ocrx_word' id='word_1_490' title='bbox 2530 2433 2779 2505; x_wconf 83' lang='grc' dir='ltr'>πάρειμι.</span> <span class='ocrx_word' id='word_1_491' title='bbox 2815 2455 2833 2486; x_wconf 78' lang='grc' dir='ltr'><strong>ι</strong></span> <span class='ocrx_word' id='word_1_492' title='bbox 2893 2435 3103 2491; x_wconf 76' lang='grc' dir='ltr'>Οὐκοῦν</span> <span class='ocrx_word' id='word_1_493' title='bbox 3135 2435 3300 2489; x_wconf 84' lang='grc' dir='ltr'><strong>⁴κατά</strong></span> <span class='ocrx_word' id='word_1_494' title='bbox 3345 2434 3444 2507; x_wconf 85' lang='grc' dir='ltr'>τὴν</span> <span class='ocrx_word' id='word_1_495' title='bbox 3496 2435 3592 2489; x_wconf 77' lang='grc' dir='ltr'>τοῦ</span> <span class='ocrx_word' id='word_1_496' title='bbox 3642 2437 3865 2489; x_wconf 78' lang='grc' dir='ltr'>Παύλου</span> 
     </span>
    </p>
   </div>
   <div class='ocr_carea' id='block_1_69' title="bbox 2269 2523 3866 2596">
    <p class='ocr_par' dir='ltr' id='par_1_69' title="bbox 2269 2523 3866 2596">
     <span class='ocr_line' id='line_1_69' title="bbox 2269 2523 3866 2596; baseline 0 -22"><span class='ocrx_word' id='word_1_497' title='bbox 2269 2524 2476 2593; x_wconf 74' lang='grc' dir='ltr'>φωνὴν,</span> <span class='ocrx_word' id='word_1_498' title='bbox 2510 2523 2619 2595; x_wconf 83' lang='grc' dir='ltr'><strong>ὅσῳ</strong></span> <span class='ocrx_word' id='word_1_499' title='bbox 2643 2524 3056 2596; x_wconf 78' lang='grc' dir='ltr'>διαφορωτέρας</span> <span class='ocrx_word' id='word_1_500' title='bbox 3076 2523 3343 2596; x_wconf 80' lang='grc' dir='ltr'><strong>τετύχηκε</strong></span> <span class='ocrx_word' id='word_1_501' title='bbox 3365 2524 3728 2596; x_wconf 81' lang='grc' dir='ltr'>λειτουργίας,</span> <span class='ocrx_word' id='word_1_502' title='bbox 3767 2525 3866 2576; x_wconf 77' lang='grc' dir='ltr'><strong>καὶ</strong></span> 
     </span>
    </p>
   </div>
   <div class='ocr_carea' id='block_1_70' title="bbox 2267 2611 3866 2686">
    <p class='ocr_par' dir='ltr' id='par_1_70' title="bbox 2267 2611 3866 2686">
     <span class='ocr_line' id='line_1_70' title="bbox 2267 2611 3866 2686; baseline -0.001 -21"><span class='ocrx_word' id='word_1_503' title='bbox 2267 2611 2377 2683; x_wconf 81' lang='grc' dir='ltr'><strong>ὅσῳ</strong></span> <span class='ocrx_word' id='word_1_504' title='bbox 2422 2613 2728 2684; x_wconf 87' lang='grc' dir='ltr'>κρείττονος</span> <span class='ocrx_word' id='word_1_505' title='bbox 2773 2614 3039 2686; x_wconf 83' lang='grc' dir='ltr'>διαθήκης</span> <span class='ocrx_word' id='word_1_506' title='bbox 3080 2613 3304 2682; x_wconf 82' lang='grc' dir='ltr'>γέγονεν</span> <span class='ocrx_word' id='word_1_507' title='bbox 3353 2614 3571 2681; x_wconf 71' lang='grc' dir='ltr'>ἔγγυος,</span> <span class='ocrx_word' id='word_1_508' title='bbox 3605 2613 3866 2666; x_wconf 73' lang='grc' dir='ltr'>τοσοῦτον</span> 
     </span>
    </p>
   </div>
   <div class='ocr_carea' id='block_1_71' title="bbox 2269 2706 3870 2778">
    <p class='ocr_par' dir='ltr' id='par_1_71' title="bbox 2269 2706 3870 2778">
     <span class='ocr_line' id='line_1_71' title="bbox 2269 2706 3870 2778; baseline 0 -19"><span class='ocrx_word' id='word_1_509' title='bbox 2269 2706 2524 2777; x_wconf 79' lang='grc' dir='ltr'>ὑπερέξει</span> <span class='ocrx_word' id='word_1_510' title='bbox 2554 2708 2678 2770; x_wconf 78' lang='grc' dir='ltr'>τοὺς</span> <span class='ocrx_word' id='word_1_511' title='bbox 2707 2707 2993 2777; x_wconf 80' lang='grc' dir='ltr'>ἀγγέλους,</span> <span class='ocrx_word' id='word_1_512' title='bbox 3021 2707 3121 2778; x_wconf 75' lang='grc' dir='ltr'>οὐχ</span> <span class='ocrx_word' id='word_1_513' title='bbox 3146 2707 3222 2770; x_wconf 84' lang='grc' dir='ltr'>ὼς</span> <span class='ocrx_word' id='word_1_514' title='bbox 3252 2707 3388 2778; x_wconf 79' lang='grc' dir='ltr'>πρὸς</span> <span class='ocrx_word' id='word_1_515' title='bbox 3415 2709 3612 2770; x_wconf 78' lang='grc' dir='ltr'>αὐτοὺς</span> <span class='ocrx_word' id='word_1_516' title='bbox 3637 2724 3870 2777; x_wconf 82' lang='grc' dir='ltr'>συγκρι-</span> 
     </span>
    </p>
   </div>
   <div class='ocr_carea' id='block_1_72' title="bbox 2269 2798 3864 2870">
    <p class='ocr_par' dir='ltr' id='par_1_72' title="bbox 2269 2798 3864 2870">
     <span class='ocr_line' id='line_1_72' title="bbox 2269 2798 3864 2870; baseline -0.001 -19"><span class='ocrx_word' id='word_1_517' title='bbox 2269 2799 2326 2852; x_wconf 82' lang='grc' dir='ltr'>νό</span> <span class='ocrx_word' id='word_1_518' title='bbox 2334 2816 2490 2869; x_wconf 87' lang='grc' dir='ltr'>μενος</span> <span class='ocrx_word' id='word_1_519' title='bbox 2509 2798 2651 2852; x_wconf 76' lang='grc' dir='ltr'>κατὰ</span> <span class='ocrx_word' id='word_1_520' title='bbox 2664 2798 2760 2869; x_wconf 82' lang='grc' dir='ltr'>τὴν</span> <span class='ocrx_word' id='word_1_521' title='bbox 2783 2798 2851 2868; x_wconf 66' lang='lat' dir='ltr'><strong>cpt}</strong></span> <span class='ocrx_word' id='word_1_522' title='bbox 2862 2816 2963 2864; x_wconf 92' lang='grc' dir='ltr'>σιν,</span> <span class='ocrx_word' id='word_1_523' title='bbox 2984 2799 3120 2853; x_wconf 71' lang='grc' dir='ltr'>ἀλλὰ</span> <span class='ocrx_word' id='word_1_524' title='bbox 3134 2798 3388 2851; x_wconf 72' lang='grc' dir='ltr'>τοσοῦτον</span> <span class='ocrx_word' id='word_1_525' title='bbox 3403 2798 3864 2870; x_wconf 81' lang='grc' dir='ltr'>ὑπεραιρόμενος,</span> 
     </span>
    </p>
   </div>
   <div class='ocr_carea' id='block_1_73' title="bbox 2269 2889 3872 2961">
    <p class='ocr_par' dir='ltr' id='par_1_73' title="bbox 2269 2889 3872 2961">
     <span class='ocr_line' id='line_1_73' title="bbox 2269 2889 3872 2961; baseline -0.001 -19"><span class='ocrx_word' id='word_1_526' title='bbox 2269 2890 2390 2944; x_wconf 82' lang='grc' dir='ltr'>ὅσον</span> <span class='ocrx_word' id='word_1_527' title='bbox 2423 2889 2731 2960; x_wconf 77' lang='grc' dir='ltr'>ἀπῴκισται</span> <span class='ocrx_word' id='word_1_528' title='bbox 2783 2891 2890 2944; x_wconf 85' lang='grc' dir='ltr'>τῶν</span> <span class='ocrx_word' id='word_1_529' title='bbox 2937 2891 3181 2961; x_wconf 83' lang='grc' dir='ltr'>γενητῶν</span> <span class='ocrx_word' id='word_1_530' title='bbox 3215 2893 3242 2943; x_wconf 83' lang='lat'><strong>6</strong></span> <span class='ocrx_word' id='word_1_531' title='bbox 3275 2890 3407 2955; x_wconf 71' lang='grc' dir='ltr'>Θεὸς</span> <span class='ocrx_word' id='word_1_532' title='bbox 3435 2891 3577 2945; x_wconf 79' lang='grc' dir='ltr'>κατὰ</span> <span class='ocrx_word' id='word_1_533' title='bbox 3625 2891 3719 2944; x_wconf 85' lang='grc' dir='ltr'><strong>τὸν</strong></span> <span class='ocrx_word' id='word_1_534' title='bbox 3763 2891 3872 2960; x_wconf 78' lang='grc' dir='ltr'>τῆς</span> 
     </span>
    </p>
   </div>
   <div class='ocr_carea' id='block_1_74' title="bbox 2269 2982 3872 3056">
    <p class='ocr_par' dir='ltr' id='par_1_74' title="bbox 2269 2982 3872 3056">
     <span class='ocr_line' id='line_1_74' title="bbox 2269 2982 3872 3056; baseline -0.001 -21"><span class='ocrx_word' id='word_1_535' title='bbox 2269 2984 2458 3047; x_wconf 81' lang='grc' dir='ltr'>οὐσίας</span> <span class='ocrx_word' id='word_1_536' title='bbox 2491 2983 2666 3053; x_wconf 84' lang='grc' dir='ltr'>λόγον.</span> <span class='ocrx_word' id='word_1_537' title='bbox 2698 2986 2740 3036; x_wconf 85' lang='grc' dir='ltr'>Τ</span> <span class='ocrx_word' id='word_1_538' title='bbox 2744 2985 2771 3038; x_wconf 82' lang='lat'><strong>6</strong></span> <span class='ocrx_word' id='word_1_539' title='bbox 2800 2985 2907 3055; x_wconf 84' lang='grc' dir='ltr'>ἄρα</span> <span class='ocrx_word' id='word_1_540' title='bbox 2948 3005 2965 3035; x_wconf 76' lang='grc' dir='ltr'><strong>ι</strong></span> <span class='ocrx_word' id='word_1_541' title='bbox 2997 2985 3260 3056; x_wconf 78' lang='grc' dir='ltr'>κρείττων</span> <span class='ocrx_word' id='word_1_542' title='bbox 3287 3002 3303 3034; x_wconf 81' lang='grc' dir='ltr'><strong>ι</strong></span> <span class='ocrx_word' id='word_1_543' title='bbox 3332 2985 3424 3037; x_wconf 76' lang='grc' dir='ltr'>ἐπὶ</span> <span class='ocrx_word' id='word_1_544' title='bbox 3453 2984 3551 3054; x_wconf 82' lang='grc' dir='ltr'>τῆς</span> <span class='ocrx_word' id='word_1_545' title='bbox 3584 2982 3872 3045; x_wconf 82' lang='grc' dir='ltr'>διακονίας</span> 
     </span>
    </p>
   </div>
   <div class='ocr_carea' id='block_1_75' title="bbox 2271 3074 3872 3148">
    <p class='ocr_par' dir='ltr' id='par_1_75' title="bbox 2271 3074 3872 3148">
     <span class='ocr_line' id='line_1_75' title="bbox 2271 3074 3872 3148; baseline 0.001 -22"><span class='ocrx_word' id='word_1_546' title='bbox 2271 3076 2593 3146; x_wconf 81' lang='grc' dir='ltr'>φερόμενον,</span> <span class='ocrx_word' id='word_1_547' title='bbox 2622 3078 2744 3130; x_wconf 83' lang='grc' dir='ltr'>ὅσον</span> <span class='ocrx_word' id='word_1_548' title='bbox 2787 3077 2955 3148; x_wconf 68' lang='grc' dir='ltr'>αὐτὴν</span> <span class='ocrx_word' id='word_1_549' title='bbox 2987 3077 3086 3147; x_wconf 85' lang='grc' dir='ltr'>τῆς</span> <span class='ocrx_word' id='word_1_550' title='bbox 3115 3075 3339 3129; x_wconf 78' lang='grc' dir='ltr'>ἐκείνων</span> <span class='ocrx_word' id='word_1_551' title='bbox 3369 3075 3603 3129; x_wconf 77' lang='grc' dir='ltr'>δεικνύει</span> <span class='ocrx_word' id='word_1_552' title='bbox 3638 3074 3872 3146; x_wconf 73' lang='grc' dir='ltr'>μείζονα</span> 
     </span>
    </p>
   </div>
   <div class='ocr_carea' id='block_1_76' title="bbox 2251 3165 3872 3242">
    <p class='ocr_par' dir='ltr' id='par_1_76' title="bbox 2251 3165 3872 3242">
     <span class='ocr_line' id='line_1_76' title="bbox 2251 3165 3872 3242; baseline -0.002 -21"><span class='ocrx_word' id='word_1_553' title='bbox 2251 3169 2366 3242; x_wconf 20' lang='grc' dir='ltr'>,καὶ</span> <span class='ocrx_word' id='word_1_554' title='bbox 2415 3168 2772 3239; x_wconf 63' lang='grc' dir='ltr'>ὑψηλοτέραν,</span> <span class='ocrx_word' id='word_1_555' title='bbox 2801 3169 3056 3222; x_wconf 78' lang='grc' dir='ltr'>τοσοῦτον</span> <span class='ocrx_word' id='word_1_556' title='bbox 3101 3168 3309 3238; x_wconf 79' lang='grc' dir='ltr'>ἐξαίρει</span> <span class='ocrx_word' id='word_1_557' title='bbox 3343 3169 3441 3238; x_wconf 77' lang='grc' dir='ltr'>τῆς</span> <span class='ocrx_word' id='word_1_558' title='bbox 3478 3167 3586 3220; x_wconf 80' lang='grc' dir='ltr'><strong>τῶν</strong></span> <span class='ocrx_word' id='word_1_559' title='bbox 3615 3165 3872 3237; x_wconf 77' lang='grc' dir='ltr'>γενητῶν</span> 
     </span>
    </p>
   </div>
   <div class='ocr_carea' id='block_1_77' title="bbox 2271 3256 3872 3329">
    <p class='ocr_par' dir='ltr' id='par_1_77' title="bbox 2271 3256 3872 3329">
     <span class='ocr_line' id='line_1_77' title="bbox 2271 3256 3872 3329; baseline -0.001 -17"><span class='ocrx_word' id='word_1_560' title='bbox 2271 3259 2489 3329; x_wconf 82' lang='grc' dir='ltr'>φύσεως</span> <span class='ocrx_word' id='word_1_561' title='bbox 2534 3259 2626 3312; x_wconf 84' lang='grc' dir='ltr'><strong>τὸν</strong></span> <span class='ocrx_word' id='word_1_562' title='bbox 2653 3259 2798 3312; x_wconf 82' lang='grc' dir='ltr'>Υἰόν.</span> <span class='ocrx_word' id='word_1_563' title='bbox 2827 3260 2936 3313; x_wconf 75' lang='grc' dir='ltr'>Καὶ</span> <span class='ocrx_word' id='word_1_564' title='bbox 2981 3261 3095 3321; x_wconf 83' lang='grc' dir='ltr'>τοῖς</span> <span class='ocrx_word' id='word_1_565' title='bbox 3132 3258 3230 3328; x_wconf 84' lang='grc' dir='ltr'><strong>μὲν</strong></span> <span class='ocrx_word' id='word_1_566' title='bbox 3271 3259 3525 3326; x_wconf 77' lang='grc' dir='ltr'>ἀγγέλοις</span> <span class='ocrx_word' id='word_1_567' title='bbox 3551 3258 3628 3322; x_wconf 82' lang='grc' dir='ltr'>ὡς</span> <span class='ocrx_word' id='word_1_568' title='bbox 3656 3256 3872 3321; x_wconf 79' lang='grc' dir='ltr'>δούλοις</span> 
     </span>
    </p>
   </div>
   <div class='ocr_carea' id='block_1_78' title="bbox 2269 3347 3874 3422">
    <p class='ocr_par' dir='ltr' id='par_1_78' title="bbox 2269 3347 3874 3422">
     <span class='ocr_line' id='line_1_78' title="bbox 2269 3347 3874 3422; baseline -0.004 -17"><span class='ocrx_word' id='word_1_569' title='bbox 2269 3353 2534 3422; x_wconf 80' lang='grc' dir='ltr'>ἀπονέμει</span> <span class='ocrx_word' id='word_1_570' title='bbox 2583 3352 2859 3406; x_wconf 78' lang='grc' dir='ltr'>διακονίαν</span> <span class='ocrx_word' id='word_1_571' title='bbox 2910 3351 3010 3422; x_wconf 80' lang='grc' dir='ltr'><strong>τὴν</strong></span> <span class='ocrx_word' id='word_1_572' title='bbox 3054 3350 3346 3404; x_wconf 76' lang='grc' dir='ltr'>ἐλάττοναο</span> <span class='ocrx_word' id='word_1_573' title='bbox 3390 3349 3473 3420; x_wconf 84' lang='grc' dir='ltr'><strong>τῷ</strong></span> <span class='ocrx_word' id='word_1_574' title='bbox 3513 3349 3570 3402; x_wconf 85' lang='grc' dir='ltr'>δὲ</span> <span class='ocrx_word' id='word_1_575' title='bbox 3597 3347 3734 3418; x_wconf 82' lang='grc' dir='ltr'>Υἱῷ,</span> <span class='ocrx_word' id='word_1_576' title='bbox 3764 3349 3874 3416; x_wconf 82' lang='grc' dir='ltr'>τὴν</span> 
     </span>
    </p>
   </div>
   <div class='ocr_carea' id='block_1_79' title="bbox 2271 3441 3872 3513">
    <p class='ocr_par' dir='ltr' id='par_1_79' title="bbox 2271 3441 3872 3513">
     <span class='ocr_line' id='line_1_79' title="bbox 2271 3441 3872 3513; baseline -0.001 -17"><span class='ocrx_word' id='word_1_577' title='bbox 2271 3443 2386 3513; x_wconf 83' lang='grc' dir='ltr'><strong>Υῑῷ</strong></span> <span class='ocrx_word' id='word_1_578' title='bbox 2436 3443 2754 3512; x_wconf 85' lang='grc' dir='ltr'>πρέπουσαν</span> <span class='ocrx_word' id='word_1_579' title='bbox 2802 3444 2898 3497; x_wconf 74' lang='grc' dir='ltr'><strong>καὶ</strong></span> <span class='ocrx_word' id='word_1_580' title='bbox 2947 3441 3357 3512; x_wconf 70' lang='grc' dir='ltr'>Δεσπὸτῃ.Ἐπὶ</span> <span class='ocrx_word' id='word_1_581' title='bbox 3401 3441 3510 3512; x_wconf 83' lang='grc' dir='ltr'>γὰρ</span> <span class='ocrx_word' id='word_1_582' title='bbox 3563 3442 3872 3513; x_wconf 80' lang='grc' dir='ltr'>κρείττοσι,</span> 
     </span>
    </p>
   </div>
   <div class='ocr_carea' id='block_1_80' title="bbox 2273 3534 3330 3606">
    <p class='ocr_par' dir='ltr' id='par_1_80' title="bbox 2273 3534 3330 3606">
     <span class='ocr_line' id='line_1_80' title="bbox 2273 3534 3330 3606; baseline -0.001 -19"><span class='ocrx_word' id='word_1_583' title='bbox 2273 3535 2458 3606; x_wconf 75' lang='grc' dir='ltr'>φησὶν,</span> <span class='ocrx_word' id='word_1_584' title='bbox 2497 3535 2852 3602; x_wconf 75' lang='grc' dir='ltr'>ἐπαγγελίαις</span> <span class='ocrx_word' id='word_1_585' title='bbox 2885 3534 3330 3605; x_wconf 76' lang='grc' dir='ltr'>νενομοθέτηται.</span> 
     </span>
    </p>
   </div>
   <div class='ocr_carea' id='block_1_81' title="bbox 2272 3757 3874 3827">
    <p class='ocr_par' dir='ltr' id='par_1_81' title="bbox 2272 3757 3874 3827">
     <span class='ocr_line' id='line_1_81' title="bbox 2272 3757 3874 3827; baseline -0.001 -17"><span class='ocrx_word' id='word_1_586' title='bbox 2272 3758 2474 3822; x_wconf 79' lang='grc' dir='ltr'>ΑΛΛΟ,</span> <span class='ocrx_word' id='word_1_587' title='bbox 2505 3759 2593 3811; x_wconf 86' lang='grc' dir='ltr'><strong>ὅτι</strong></span> <span class='ocrx_word' id='word_1_588' title='bbox 2635 3760 2915 3826; x_wconf 70' lang='grc' dir='ltr'>κρείττων</span> <span class='ocrx_word' id='word_1_589' title='bbox 2944 3760 2980 3827; x_wconf 74' lang='grc' dir='ltr'><strong><em>ἡ</em></strong></span> <span class='ocrx_word' id='word_1_590' title='bbox 3028 3760 3132 3814; x_wconf 84' lang='grc' dir='ltr'><strong>τοῦ</strong></span> <span class='ocrx_word' id='word_1_591' title='bbox 3173 3757 3320 3811; x_wconf 79' lang='grc' dir='ltr'>Θεοῦ</span> <span class='ocrx_word' id='word_1_592' title='bbox 3353 3760 3546 3825; x_wconf 65' lang='grc' dir='ltr'>Λόγου</span> <span class='ocrx_word' id='word_1_593' title='bbox 3587 3757 3874 3809; x_wconf 73' lang='grc' dir='ltr'>διακονία</span> 
     </span>
    </p>
   </div>
   <div class='ocr_carea' id='block_1_82' title="bbox 2346 3827 3869 3898">
    <p class='ocr_par' dir='ltr' id='par_1_82' title="bbox 2346 3827 3869 3898">
     <span class='ocr_line' id='line_1_82' title="bbox 2346 3827 3869 3898; baseline -0.001 -18"><span class='ocrx_word' id='word_1_594' title='bbox 2346 3827 2454 3894; x_wconf 81' lang='grc' dir='ltr'><strong>τῆς</strong></span> <span class='ocrx_word' id='word_1_595' title='bbox 2501 3828 2618 3881; x_wconf 74' lang='grc' dir='ltr'><strong>τῶν</strong></span> <span class='ocrx_word' id='word_1_596' title='bbox 2667 3828 2960 3898; x_wconf 77' lang='grc' dir='ltr'>ἀγγέλων,</span> <span class='ocrx_word' id='word_1_597' title='bbox 2994 3831 3092 3883; x_wconf 79' lang='grc' dir='ltr'>καὶ</span> <span class='ocrx_word' id='word_1_598' title='bbox 3123 3831 3252 3882; x_wconf 79' lang='grc' dir='ltr'>καθ’</span> <span class='ocrx_word' id='word_1_599' title='bbox 3281 3828 3520 3894; x_wconf 77' lang='grc' dir='ltr'>ἐτέρους</span> <span class='ocrx_word' id='word_1_600' title='bbox 3563 3830 3828 3898; x_wconf 57' lang='grc' dir='ltr'>τρόπους</span> <span class='ocrx_word' id='word_1_601' title='bbox 3851 3842 3869 3855; x_wconf 74' lang='grc' dir='ltr'><strong>ο</strong></span> 
     </span>
    </p>
   </div>
   <div class='ocr_carea' id='block_1_83' title="bbox 2343 3896 3874 3968">
    <p class='ocr_par' dir='ltr' id='par_1_83' title="bbox 2343 3896 3874 3968">
     <span class='ocr_line' id='line_1_83' title="bbox 2343 3896 3874 3968; baseline -0.002 -17"><span class='ocrx_word' id='word_1_602' title='bbox 2343 3898 2467 3968; x_wconf 76' lang='grc' dir='ltr'><strong>ὅσῳ</strong></span> <span class='ocrx_word' id='word_1_603' title='bbox 2499 3899 2568 3952; x_wconf 81' lang='grc' dir='ltr'>δὲ</span> <span class='ocrx_word' id='word_1_604' title='bbox 2599 3896 2883 3967; x_wconf 72' lang='grc' dir='ltr'>κρείττων</span> <span class='ocrx_word' id='word_1_605' title='bbox 2909 3899 3085 3968; x_wconf 83' lang='grc' dir='ltr'>αὕτη,</span> <span class='ocrx_word' id='word_1_606' title='bbox 3131 3899 3401 3964; x_wconf 82' lang='grc' dir='ltr'><strong>τοσούτῳ</strong></span> <span class='ocrx_word' id='word_1_607' title='bbox 3439 3898 3538 3951; x_wconf 83' lang='grc' dir='ltr'>καὶ</span> <span class='ocrx_word' id='word_1_608' title='bbox 3588 3901 3619 3950; x_wconf 85' lang='lat' dir='ltr'><strong>d</strong></span> <span class='ocrx_word' id='word_1_609' title='bbox 3666 3896 3874 3950; x_wconf 73' lang='grc' dir='ltr'>διακο-</span> 
     </span>
    </p>
   </div>
   <div class='ocr_carea' id='block_1_84' title="bbox 2342 3967 2778 4034">
    <p class='ocr_par' dir='ltr' id='par_1_84' title="bbox 2342 3967 2778 4034">
     <span class='ocr_line' id='line_1_84' title="bbox 2342 3967 2778 4034; baseline 0 -13"><span class='ocrx_word' id='word_1_610' title='bbox 2342 3967 2544 4034; x_wconf 73' lang='grc' dir='ltr'>νήσας</span> <span class='ocrx_word' id='word_1_611' title='bbox 2571 3969 2778 4023; x_wconf 69' lang='grc' dir='ltr'><strong>αὐτόν.</strong></span> 
     </span>
    </p>
   </div>
   <div class='ocr_carea' id='block_1_85' title="bbox 2355 4102 3874 4175">
    <p class='ocr_par' dir='ltr' id='par_1_85' title="bbox 2355 4102 3874 4175">
     <span class='ocr_line' id='line_1_85' title="bbox 2355 4102 3874 4175; baseline -0.003 -17"><span class='ocrx_word' id='word_1_612' title='bbox 2355 4103 2417 4158; x_wconf 88' lang='lat'><strong>&#39;0</strong></span> <span class='ocrx_word' id='word_1_613' title='bbox 2447 4104 2659 4168; x_wconf 82' lang='grc' dir='ltr'><strong>Παῦλός</strong></span> <span class='ocrx_word' id='word_1_614' title='bbox 2691 4120 2856 4175; x_wconf 78' lang='grc' dir='ltr'>φησιν</span> <span class='ocrx_word' id='word_1_615' title='bbox 2875 4121 2889 4135; x_wconf 75' lang='grc' dir='ltr'><strong>ο</strong></span> <span class='ocrx_word' id='word_1_616' title='bbox 2932 4105 3089 4158; x_wconf 78' lang='grc' dir='ltr'>ι”Οτι</span> <span class='ocrx_word' id='word_1_617' title='bbox 3113 4105 3173 4158; x_wconf 81' lang='grc' dir='ltr'><strong>τὸ</strong></span> <span class='ocrx_word' id='word_1_618' title='bbox 3201 4105 3466 4158; x_wconf 83' lang='grc' dir='ltr'>ἀδύνατον</span> <span class='ocrx_word' id='word_1_619' title='bbox 3493 4103 3589 4156; x_wconf 83' lang='grc' dir='ltr'>τοῦ</span> <span class='ocrx_word' id='word_1_620' title='bbox 3620 4102 3786 4173; x_wconf 82' lang='grc' dir='ltr'>νόμου</span> <span class='ocrx_word' id='word_1_621' title='bbox 3807 4103 3874 4154; x_wconf 74' lang='grc' dir='ltr'>ἐν</span> 
     </span>
    </p>
   </div>
   <div class='ocr_carea' id='block_1_86' title="bbox 2271 4189 3878 4269">
    <p class='ocr_par' dir='ltr' id='par_1_86' title="bbox 2271 4189 3878 4269">
     <span class='ocr_line' id='line_1_86' title="bbox 2271 4189 3878 4269; baseline 0.001 -21"><span class='ocrx_word' id='word_1_622' title='bbox 2271 4189 2317 4264; x_wconf 83' lang='grc' dir='ltr'>ᾧ</span> <span class='ocrx_word' id='word_1_623' title='bbox 2346 4195 2563 4267; x_wconf 74' lang='grc' dir='ltr'>ἠσθένει</span> <span class='ocrx_word' id='word_1_624' title='bbox 2607 4197 2697 4250; x_wconf 78' lang='grc' dir='ltr'><strong>διὰ</strong></span> <span class='ocrx_word' id='word_1_625' title='bbox 2737 4197 2840 4267; x_wconf 86' lang='grc' dir='ltr'>τῆς</span> <span class='ocrx_word' id='word_1_626' title='bbox 2875 4199 3098 4269; x_wconf 77' lang='grc' dir='ltr'>σαρκὸς,</span> <span class='ocrx_word' id='word_1_627' title='bbox 3144 4201 3173 4252; x_wconf 88' lang='lat'><strong>6</strong></span> <span class='ocrx_word' id='word_1_628' title='bbox 3222 4197 3356 4260; x_wconf 78' lang='grc' dir='ltr'>Θεὸς</span> <span class='ocrx_word' id='word_1_629' title='bbox 3397 4196 3488 4250; x_wconf 77' lang='grc' dir='ltr'><strong>τὸν</strong></span> <span class='ocrx_word' id='word_1_630' title='bbox 3521 4195 3711 4249; x_wconf 78' lang='grc' dir='ltr'>ἑαυτοῦ</span> <span class='ocrx_word' id='word_1_631' title='bbox 3739 4196 3878 4250; x_wconf 71' lang='grc' dir='ltr'>Υἱὺν</span> 
     </span>
    </p>
   </div>
   <div class='ocr_carea' id='block_1_87' title="bbox 2275 4289 3878 4362">
    <p class='ocr_par' dir='ltr' id='par_1_87' title="bbox 2275 4289 3878 4362">
     <span class='ocr_line' id='line_1_87' title="bbox 2275 4289 3878 4362; baseline 0 -21"><span class='ocrx_word' id='word_1_632' title='bbox 2275 4289 2499 4359; x_wconf 80' lang='grc' dir='ltr'>πέμψας</span> <span class='ocrx_word' id='word_1_633' title='bbox 2543 4291 2602 4343; x_wconf 87' lang='grc' dir='ltr'>ὲν</span> <span class='ocrx_word' id='word_1_634' title='bbox 2645 4289 2950 4361; x_wconf 81' lang='grc' dir='ltr'>ὁμοιώματι</span> <span class='ocrx_word' id='word_1_635' title='bbox 3003 4289 3204 4362; x_wconf 78' lang='grc' dir='ltr'>σαρκὸς</span> <span class='ocrx_word' id='word_1_636' title='bbox 3254 4289 3549 4362; x_wconf 77' lang='grc' dir='ltr'>ἁμαρτίας,</span> <span class='ocrx_word' id='word_1_637' title='bbox 3590 4289 3686 4343; x_wconf 73' lang='grc' dir='ltr'><strong>καὶ</strong></span> <span class='ocrx_word' id='word_1_638' title='bbox 3738 4291 3878 4360; x_wconf 70' lang='grc' dir='ltr'>περὶ</span> 
     </span>
    </p>
   </div>
   <div class='ocr_carea' id='block_1_88' title="bbox 2276 4380 3878 4452">
    <p class='ocr_par' dir='ltr' id='par_1_88' title="bbox 2276 4380 3878 4452">
     <span class='ocr_line' id='line_1_88' title="bbox 2276 4380 3878 4452; baseline 0.001 -19"><span class='ocrx_word' id='word_1_639' title='bbox 2276 4381 2552 4452; x_wconf 85' lang='grc' dir='ltr'>ἁμαρτίας</span> <span class='ocrx_word' id='word_1_640' title='bbox 2583 4380 2875 4452; x_wconf 85' lang='grc' dir='ltr'>κατέκρινε</span> <span class='ocrx_word' id='word_1_641' title='bbox 2911 4381 3014 4450; x_wconf 83' lang='grc' dir='ltr'>τὴν</span> <span class='ocrx_word' id='word_1_642' title='bbox 3043 4382 3322 4452; x_wconf 73' lang='grc' dir='ltr'>ἁμαρτίαν</span> <span class='ocrx_word' id='word_1_643' title='bbox 3353 4383 3409 4433; x_wconf 83' lang='grc' dir='ltr'><strong>ὲν</strong></span> <span class='ocrx_word' id='word_1_644' title='bbox 3440 4384 3504 4450; x_wconf 83' lang='grc' dir='ltr'>τῇ</span> <span class='ocrx_word' id='word_1_645' title='bbox 3534 4381 3715 4448; x_wconf 86' lang='grc' dir='ltr'>σαρκί.</span> <span class='ocrx_word' id='word_1_646' title='bbox 3750 4399 3768 4430; x_wconf 80' lang='grc' dir='ltr'><strong>ι</strong></span> <span class='ocrx_word' id='word_1_647' title='bbox 3804 4381 3878 4434; x_wconf 79' lang='grc' dir='ltr'><strong>ΕΞ</strong></span> 
     </span>
    </p>
   </div>
   <div class='ocr_carea' id='block_1_89' title="bbox 2274 4470 3874 4546">
    <p class='ocr_par' dir='ltr' id='par_1_89' title="bbox 2274 4470 3874 4546">
     <span class='ocr_line' id='line_1_89' title="bbox 2274 4470 3874 4546; baseline 0.001 -23"><span class='ocrx_word' id='word_1_648' title='bbox 2274 4471 2330 4524; x_wconf 74' lang='grc' dir='ltr'><strong>δὲ</strong></span> <span class='ocrx_word' id='word_1_649' title='bbox 2352 4470 2650 4542; x_wconf 82' lang='grc' dir='ltr'>ἠσθένησεν</span> <span class='ocrx_word' id='word_1_650' title='bbox 2675 4474 2703 4524; x_wconf 93' lang='lat'><strong>6</strong></span> <span class='ocrx_word' id='word_1_651' title='bbox 2728 4472 2893 4542; x_wconf 84' lang='grc' dir='ltr'>νόμος</span> <span class='ocrx_word' id='word_1_652' title='bbox 2924 4477 3254 4546; x_wconf 82' lang='grc' dir='ltr'>κατακρῖναι</span> <span class='ocrx_word' id='word_1_653' title='bbox 3283 4473 3381 4546; x_wconf 81' lang='grc' dir='ltr'>τὴν</span> <span class='ocrx_word' id='word_1_654' title='bbox 3408 4475 3684 4544; x_wconf 81' lang='grc' dir='ltr'>ἁμαρτίαν</span> <span class='ocrx_word' id='word_1_655' title='bbox 3710 4473 3768 4525; x_wconf 78' lang='grc' dir='ltr'><strong>ἐν</strong></span> <span class='ocrx_word' id='word_1_656' title='bbox 3796 4476 3874 4543; x_wconf 79' lang='grc' dir='ltr'>τῇ</span> 
     </span>
    </p>
   </div>
   <div class='ocr_carea' id='block_1_90' title="bbox 589 4563 2169 4636">
    <p class='ocr_par' dir='ltr' id='par_1_90' title="bbox 589 4566 2166 4636">
     <span class='ocr_line' id='line_1_90' title="bbox 589 4566 2166 4636; baseline -0.004 -10"><span class='ocrx_word' id='word_1_657' title='bbox 589 4586 811 4626; x_wconf 87' lang='lat' dir='ltr'><strong>carnem</strong></span> <span class='ocrx_word' id='word_1_658' title='bbox 859 4569 1218 4633; x_wconf 87' lang='lat' dir='ltr'><strong>ambulamus,</strong></span> <span class='ocrx_word' id='word_1_659' title='bbox 1278 4566 1374 4622; x_wconf 90' lang='lat' dir='ltr'><strong>sed</strong></span> <span class='ocrx_word' id='word_1_660' title='bbox 1419 4569 1716 4622; x_wconf 88' lang='lat' dir='ltr'><strong>secundum</strong></span> <span class='ocrx_word' id='word_1_661' title='bbox 1756 4567 2019 4636; x_wconf 89' lang='lat' dir='ltr'><strong>Spiritum</strong></span> <span class='ocrx_word' id='word_1_662' title='bbox 2048 4569 2113 4620; x_wconf 82' lang='grc'><strong>²¹.</strong></span> <span class='ocrx_word' id='word_1_663' title='bbox 2150 4586 2166 4618; x_wconf 81' lang='grc' dir='ltr'><strong>ι</strong></span> 
     </span>
    </p>
   </div>
   <div class='ocr_carea' id='block_1_91' title="bbox 2271 4563 3874 4636">
    <p class='ocr_par' dir='ltr' id='par_1_91' title="bbox 2280 4563 3874 4636">
     <span class='ocr_line' id='line_1_91' title="bbox 2280 4563 3874 4636; baseline 0.001 -22"><span class='ocrx_word' id='word_1_664' title='bbox 2280 4563 2466 4632; x_wconf 78' lang='grc' dir='ltr'>σαρκὶ,</span> <span class='ocrx_word' id='word_1_665' title='bbox 2503 4564 2794 4633; x_wconf 84' lang='grc' dir='ltr'>κατέκρινε</span> <span class='ocrx_word' id='word_1_666' title='bbox 2823 4565 2881 4617; x_wconf 84' lang='grc' dir='ltr'><strong>δὲ</strong></span> <span class='ocrx_word' id='word_1_667' title='bbox 2909 4566 2938 4617; x_wconf 90' lang='lat'><strong>6</strong></span> <span class='ocrx_word' id='word_1_668' title='bbox 2971 4566 3228 4636; x_wconf 84' lang='grc' dir='ltr'>Χριστὸς,</span> <span class='ocrx_word' id='word_1_669' title='bbox 3249 4566 3510 4636; x_wconf 80' lang='grc' dir='ltr'>δεκτικὴν</span> <span class='ocrx_word' id='word_1_670' title='bbox 3537 4565 3706 4634; x_wconf 79' lang='grc' dir='ltr'>αὐτὴν</span> <span class='ocrx_word' id='word_1_671' title='bbox 3733 4566 3874 4618; x_wconf 80' lang='grc' dir='ltr'>ἀπο-</span> 
     </span>
    </p>
   </div>
   <div class='ocr_carea' id='block_1_92' title="bbox 589 4661 2170 4733">
    <p class='ocr_par' dir='ltr' id='par_1_92' title="bbox 589 4661 2170 4733">
     <span class='ocr_line' id='line_1_92' title="bbox 589 4661 2170 4733; baseline -0.003 -16"><span class='ocrx_word' id='word_1_672' title='bbox 589 4665 743 4732; x_wconf 83' lang='lat' dir='ltr'><strong>Quod</strong></span> <span class='ocrx_word' id='word_1_673' title='bbox 776 4664 818 4720; x_wconf 91' lang='lat' dir='ltr'><strong>si</strong></span> <span class='ocrx_word' id='word_1_674' title='bbox 854 4663 940 4718; x_wconf 80' lang='lat' dir='ltr'><strong>lex</strong></span> <span class='ocrx_word' id='word_1_675' title='bbox 979 4679 1082 4719; x_wconf 92' lang='lat' dir='ltr'><strong>non</strong></span> <span class='ocrx_word' id='word_1_676' title='bbox 1114 4661 1288 4733; x_wconf 87' lang='lat' dir='ltr'><strong>potuit</strong></span> <span class='ocrx_word' id='word_1_677' title='bbox 1313 4671 1593 4732; x_wconf 85' lang='lat' dir='ltr'><strong>peccatum</strong></span> <span class='ocrx_word' id='word_1_678' title='bbox 1625 4661 1677 4714; x_wconf 93' lang='lat' dir='ltr'><strong>in</strong></span> <span class='ocrx_word' id='word_1_679' title='bbox 1710 4677 1875 4716; x_wconf 88' lang='lat' dir='ltr'><strong>carne</strong></span> <span class='ocrx_word' id='word_1_680' title='bbox 1906 4661 2170 4716; x_wconf 85' lang='lat' dir='ltr'><strong>condem-</strong></span> 
     </span>
    </p>
   </div>
   <div class='ocr_carea' id='block_1_93' title="bbox 591 4750 2171 4822">
    <p class='ocr_par' dir='ltr' id='par_1_93' title="bbox 591 4750 2171 4822">
     <span class='ocr_line' id='line_1_93' title="bbox 591 4750 2171 4822; baseline -0.003 -13"><span class='ocrx_word' id='word_1_681' title='bbox 591 4771 742 4822; x_wconf 89' lang='lat' dir='ltr'><strong>nare,</strong></span> <span class='ocrx_word' id='word_1_682' title='bbox 795 4755 1182 4810; x_wconf 84' lang='lat' dir='ltr'><strong>condemnavit</strong></span> <span class='ocrx_word' id='word_1_683' title='bbox 1248 4763 1431 4807; x_wconf 86' lang='lat' dir='ltr'><strong>autem</strong></span> <span class='ocrx_word' id='word_1_684' title='bbox 1497 4750 1783 4815; x_wconf 88' lang='lat' dir='ltr'><strong>Christus;</strong></span> <span class='ocrx_word' id='word_1_685' title='bbox 1837 4753 2036 4820; x_wconf 85' lang='lat' dir='ltr'><strong>quippe</strong></span> <span class='ocrx_word' id='word_1_686' title='bbox 2079 4751 2171 4820; x_wconf 88' lang='lat' dir='ltr'><strong>qui</strong></span> 
     </span>
    </p>
   </div>
   <div class='ocr_carea' id='block_1_94' title="bbox 591 4841 2172 4918">
    <p class='ocr_par' dir='ltr' id='par_1_94' title="bbox 591 4841 2172 4918">
     <span class='ocr_line' id='line_1_94' title="bbox 591 4841 2172 4918; baseline -0.008 -13"><span class='ocrx_word' id='word_1_687' title='bbox 591 4865 812 4906; x_wconf 87' lang='lat' dir='ltr'><strong>carnem</strong></span> <span class='ocrx_word' id='word_1_688' title='bbox 854 4846 1090 4918; x_wconf 92' lang='lat' dir='ltr'><strong>Spiritus</strong></span> <span class='ocrx_word' id='word_1_689' title='bbox 1128 4847 1302 4902; x_wconf 88' lang='lat' dir='ltr'><strong>sancti</strong></span> <span class='ocrx_word' id='word_1_690' title='bbox 1331 4859 1585 4915; x_wconf 89' lang='lat' dir='ltr'><strong>capacem</strong></span> <span class='ocrx_word' id='word_1_691' title='bbox 1614 4841 1815 4907; x_wconf 80' lang='lat' dir='ltr'><strong>eil‘ecit,</strong></span> <span class='ocrx_word' id='word_1_692' title='bbox 1858 4842 1929 4894; x_wconf 89' lang='lat' dir='ltr'><strong>ita</strong></span> <span class='ocrx_word' id='word_1_693' title='bbox 1961 4851 2019 4894; x_wconf 95' lang='lat' dir='ltr'><strong>ut</strong></span> <span class='ocrx_word' id='word_1_694' title='bbox 2049 4856 2172 4909; x_wconf 82' lang='lat' dir='ltr'><strong>pos-</strong></span> 
     </span>
    </p>
   </div>
   <div class='ocr_carea' id='block_1_95' title="bbox 591 4932 2170 4998">
    <p class='ocr_par' dir='ltr' id='par_1_95' title="bbox 591 4932 2170 4998">
     <span class='ocr_line' id='line_1_95' title="bbox 591 4932 2170 4998; baseline -0.008 0"><span class='ocrx_word' id='word_1_695' title='bbox 591 4944 762 4998; x_wconf 88' lang='lat' dir='ltr'><strong>simus</strong></span> <span class='ocrx_word' id='word_1_696' title='bbox 803 4940 984 4994; x_wconf 91' lang='lat' dir='ltr'><strong>dicere</strong></span> <span class='ocrx_word' id='word_1_697' title='bbox 1015 4957 1028 4993; x_wconf 92' lang='lat'>:</span> <span class='ocrx_word' id='word_1_698' title='bbox 1058 4936 1176 4992; x_wconf 87' lang='lat' dir='ltr'><strong>.lam</strong></span> <span class='ocrx_word' id='word_1_699' title='bbox 1230 4953 1335 4991; x_wconf 93' lang='lat' dir='ltr'><strong>non</strong></span> <span class='ocrx_word' id='word_1_700' title='bbox 1382 4950 1572 4991; x_wconf 84' lang='lat' dir='ltr'><strong>sumus</strong></span> <span class='ocrx_word' id='word_1_701' title='bbox 1621 4935 1673 4988; x_wconf 93' lang='lat' dir='ltr'><strong>in</strong></span> <span class='ocrx_word' id='word_1_702' title='bbox 1723 4948 1921 4996; x_wconf 82' lang='lat' dir='ltr'><strong>carne,</strong></span> <span class='ocrx_word' id='word_1_703' title='bbox 1977 4933 2070 4986; x_wconf 89' lang='lat' dir='ltr'><strong>sed</strong></span> <span class='ocrx_word' id='word_1_704' title='bbox 2117 4932 2170 4986; x_wconf 91' lang='lat' dir='ltr'><strong>in</strong></span> 
     </span>
    </p>
   </div>
   <div class='ocr_carea' id='block_1_96' title="bbox 592 5021 2171 5103">
    <p class='ocr_par' dir='ltr' id='par_1_96' title="bbox 592 5021 2171 5103">
     <span class='ocr_line' id='line_1_96' title="bbox 592 5021 2171 5103; baseline -0.006 -14"><span class='ocrx_word' id='word_1_705' title='bbox 592 5035 797 5103; x_wconf 86' lang='lat' dir='ltr'><strong>Spiritu</strong></span> <span class='ocrx_word' id='word_1_706' title='bbox 820 5033 865 5064; x_wconf 78' lang='lat'><strong>&quot;</strong></span> <span class='ocrx_word' id='word_1_707' title='bbox 893 5051 907 5086; x_wconf 85' lang='lat'><strong>:</strong></span> <span class='ocrx_word' id='word_1_708' title='bbox 943 5031 1117 5086; x_wconf 80' lang='lat' dir='ltr'><strong>factus</strong></span> <span class='ocrx_word' id='word_1_709' title='bbox 1154 5030 1317 5100; x_wconf 80' lang='lat' dir='ltr'><strong>igitur</strong></span> <span class='ocrx_word' id='word_1_710' title='bbox 1351 5036 1434 5082; x_wconf 90' lang='lat' dir='ltr'><strong>est</strong></span> <span class='ocrx_word' id='word_1_711' title='bbox 1465 5026 1629 5082; x_wconf 90' lang='lat' dir='ltr'><strong>etiam</strong></span> <span class='ocrx_word' id='word_1_712' title='bbox 1671 5021 1772 5081; x_wconf 85' lang='lat' dir='ltr'><strong>hac</strong></span> <span class='ocrx_word' id='word_1_713' title='bbox 1815 5026 2024 5080; x_wconf 88' lang='lat' dir='ltr'><strong>ratione</strong></span> <span class='ocrx_word' id='word_1_714' title='bbox 2057 5039 2171 5079; x_wconf 88' lang='lat' dir='ltr'><strong>me-</strong></span> 
     </span>
    </p>
   </div>
   <div class='ocr_carea' id='block_1_97' title="bbox 591 5119 2170 5195">
    <p class='ocr_par' dir='ltr' id='par_1_97' title="bbox 591 5119 2170 5195">
     <span class='ocr_line' id='line_1_97' title="bbox 591 5119 2170 5195; baseline -0.008 -15"><span class='ocrx_word' id='word_1_715' title='bbox 591 5129 690 5180; x_wconf 91' lang='lat' dir='ltr'><strong>lior</strong></span> <span class='ocrx_word' id='word_1_716' title='bbox 717 5123 924 5195; x_wconf 81' lang='lat' dir='ltr'><strong>angelis</strong></span> <span class='ocrx_word' id='word_1_717' title='bbox 952 5139 1047 5193; x_wconf 89' lang='lat' dir='ltr'><strong>per</strong></span> <span class='ocrx_word' id='word_1_718' title='bbox 1072 5137 1207 5192; x_wconf 92' lang='lat' dir='ltr'><strong>quos</strong></span> <span class='ocrx_word' id='word_1_719' title='bbox 1238 5121 1322 5175; x_wconf 79' lang='lat' dir='ltr'><strong>lex</strong></span> <span class='ocrx_word' id='word_1_720' title='bbox 1353 5119 1498 5175; x_wconf 83' lang='lat' dir='ltr'><strong>edita</strong></span> <span class='ocrx_word' id='word_1_721' title='bbox 1531 5127 1614 5173; x_wconf 87' lang='lat' dir='ltr'><strong>est</strong></span> <span class='ocrx_word' id='word_1_722' title='bbox 1643 5135 1656 5170; x_wconf 92' lang='lat'><strong>:</strong></span> <span class='ocrx_word' id='word_1_723' title='bbox 1685 5127 1738 5172; x_wconf 88' lang='lat' dir='ltr'><strong>et</strong></span> <span class='ocrx_word' id='word_1_724' title='bbox 1767 5132 1978 5171; x_wconf 86' lang='lat' dir='ltr'><strong>rursum</strong></span> <span class='ocrx_word' id='word_1_725' title='bbox 2009 5133 2170 5169; x_wconf 86' lang='lat' dir='ltr'><strong>llltltl-</strong></span> 
     </span>
    </p>
   </div>
   <div class='ocr_carea' id='block_1_98' title="bbox 589 5215 2171 5286">
    <p class='ocr_par' dir='ltr' id='par_1_98' title="bbox 589 5215 2171 5286">
     <span class='ocr_line' id='line_1_98' title="bbox 589 5215 2171 5286; baseline -0.006 -15"><span class='ocrx_word' id='word_1_726' title='bbox 589 5222 692 5273; x_wconf 86' lang='lat' dir='ltr'><strong>dus</strong></span> <span class='ocrx_word' id='word_1_727' title='bbox 734 5217 834 5272; x_wconf 91' lang='lat' dir='ltr'><strong>sub</strong></span> <span class='ocrx_word' id='word_1_728' title='bbox 862 5216 978 5286; x_wconf 81' lang='lat' dir='ltr'><strong>lege</strong></span> <span class='ocrx_word' id='word_1_729' title='bbox 1024 5215 1425 5271; x_wconf 88' lang='lat' dir='ltr'><strong>condemnatus</strong></span> <span class='ocrx_word' id='word_1_730' title='bbox 1474 5219 1557 5266; x_wconf 91' lang='lat' dir='ltr'><strong>est</strong></span> <span class='ocrx_word' id='word_1_731' title='bbox 1604 5219 1824 5279; x_wconf 88' lang='lat' dir='ltr'><strong>pr0pter</strong></span> <span class='ocrx_word' id='word_1_732' title='bbox 1862 5218 2171 5278; x_wconf 89' lang='lat' dir='ltr'><strong>peccatum.</strong></span> 
     </span>
    </p>
   </div>
   <div class='ocr_carea' id='block_1_99' title="bbox 590 5299 2172 5364">
    <p class='ocr_par' dir='ltr' id='par_1_99' title="bbox 590 5299 2172 5364">
     <span class='ocr_line' id='line_1_99' title="bbox 590 5299 2172 5364; baseline -0.004 -6"><span class='ocrx_word' id='word_1_733' title='bbox 590 5307 828 5359; x_wconf 81' lang='lat' dir='ltr'><strong>Advenit</strong></span> <span class='ocrx_word' id='word_1_734' title='bbox 879 5314 1059 5358; x_wconf 86' lang='lat' dir='ltr'><strong>autem</strong></span> <span class='ocrx_word' id='word_1_735' title='bbox 1101 5301 1270 5357; x_wconf 88' lang='lat' dir='ltr'><strong>Filius</strong></span> <span class='ocrx_word' id='word_1_736' title='bbox 1309 5317 1418 5355; x_wconf 92' lang='lat' dir='ltr'><strong>non</strong></span> <span class='ocrx_word' id='word_1_737' title='bbox 1466 5310 1521 5354; x_wconf 92' lang='lat' dir='ltr'><strong>ut</strong></span> <span class='ocrx_word' id='word_1_738' title='bbox 1571 5299 1859 5354; x_wconf 88' lang='lat' dir='ltr'><strong>damnaret</strong></span> <span class='ocrx_word' id='word_1_739' title='bbox 1893 5300 2172 5364; x_wconf 89' lang='lat' dir='ltr'><strong>mundum,</strong></span> 
     </span>
    </p>
   </div>
   <div class='ocr_carea' id='block_1_100' title="bbox 595 5391 2177 5461">
    <p class='ocr_par' dir='ltr' id='par_1_100' title="bbox 595 5391 2177 5461">
     <span class='ocr_line' id='line_1_100' title="bbox 595 5391 2177 5461; baseline -0.006 -8"><span class='ocrx_word' id='word_1_740' title='bbox 595 5398 691 5454; x_wconf 84' lang='lat' dir='ltr'><strong>sed</strong></span> <span class='ocrx_word' id='word_1_741' title='bbox 721 5406 778 5450; x_wconf 92' lang='lat' dir='ltr'><strong>ut</strong></span> <span class='ocrx_word' id='word_1_742' title='bbox 805 5397 1041 5452; x_wconf 79' lang='lat' dir='ltr'><strong>salvaret</strong></span> <span class='ocrx_word' id='word_1_743' title='bbox 1069 5394 1330 5448; x_wconf 89' lang='lat' dir='ltr'><strong>mundum</strong></span> <span class='ocrx_word' id='word_1_744' title='bbox 1352 5392 1422 5460; x_wconf 74' lang='lat'><strong>“,</strong></span> <span class='ocrx_word' id='word_1_745' title='bbox 1452 5406 1624 5461; x_wconf 89' lang='lat' dir='ltr'><strong>neque</strong></span> <span class='ocrx_word' id='word_1_746' title='bbox 1648 5391 1967 5461; x_wconf 88' lang='lat' dir='ltr'><strong>supplicium</strong></span> <span class='ocrx_word' id='word_1_747' title='bbox 1999 5400 2177 5444; x_wconf 84' lang='lat' dir='ltr'><strong>sumat</strong></span> 
     </span>
    </p>
   </div>
   <div class='ocr_carea' id='block_1_101' title="bbox 595 5483 2176 5560">
    <p class='ocr_par' dir='ltr' id='par_1_101' title="bbox 595 5483 2176 5560">
     <span class='ocr_line' id='line_1_101' title="bbox 595 5483 2176 5560; baseline -0.007 -15"><span class='ocrx_word' id='word_1_748' title='bbox 595 5492 661 5546; x_wconf 83' lang='lat' dir='ltr'><strong>tle</strong></span> <span class='ocrx_word' id='word_1_749' title='bbox 696 5502 940 5560; x_wconf 82' lang='lat' dir='ltr'><strong>peccato,</strong></span> <span class='ocrx_word' id='word_1_750' title='bbox 989 5490 1082 5544; x_wconf 86' lang='lat' dir='ltr'><strong>sed</strong></span> <span class='ocrx_word' id='word_1_751' title='bbox 1119 5499 1175 5540; x_wconf 91' lang='lat' dir='ltr'><strong>ut</strong></span> <span class='ocrx_word' id='word_1_752' title='bbox 1210 5495 1556 5556; x_wconf 83' lang='lat' dir='ltr'><strong>peccatorum</strong></span> <span class='ocrx_word' id='word_1_753' title='bbox 1593 5483 1969 5538; x_wconf 77' lang='lat' dir='ltr'><strong>remissionem</strong></span> <span class='ocrx_word' id='word_1_754' title='bbox 1999 5484 2176 5536; x_wconf 87' lang='lat' dir='ltr'><strong>omni-</strong></span> 
     </span>
    </p>
   </div>
   <div class='ocr_carea' id='block_1_102' title="bbox 596 5575 2177 5654">
    <p class='ocr_par' dir='ltr' id='par_1_102' title="bbox 596 5575 2177 5654">
     <span class='ocr_line' id='line_1_102' title="bbox 596 5575 2177 5654; baseline -0.009 -14"><span class='ocrx_word' id='word_1_755' title='bbox 596 5586 700 5640; x_wconf 82' lang='lat' dir='ltr'><strong>bus</strong></span> <span class='ocrx_word' id='word_1_756' title='bbox 729 5584 1012 5654; x_wconf 76' lang='lat' dir='ltr'><strong>largiatur.</strong></span> <span class='ocrx_word' id='word_1_757' title='bbox 1052 5580 1240 5634; x_wconf 82' lang='lat' dir='ltr'><strong>Melior</strong></span> <span class='ocrx_word' id='word_1_758' title='bbox 1274 5580 1440 5650; x_wconf 82' lang='lat' dir='ltr'><strong>igitur</strong></span> <span class='ocrx_word' id='word_1_759' title='bbox 1471 5587 1553 5630; x_wconf 84' lang='lat' dir='ltr'><strong>est</strong></span> <span class='ocrx_word' id='word_1_760' title='bbox 1581 5577 1671 5645; x_wconf 89' lang='lat' dir='ltr'><strong>qui</strong></span> <span class='ocrx_word' id='word_1_761' title='bbox 1698 5575 1980 5644; x_wconf 85' lang='lat' dir='ltr'><strong>justilicat,</strong></span> <span class='ocrx_word' id='word_1_762' title='bbox 2016 5591 2177 5644; x_wconf 81' lang='lat' dir='ltr'><strong>quam</strong></span> 
     </span>
    </p>
   </div>
   <div class='ocr_carea' id='block_1_103' title="bbox 673 5689 2256 5757">
    <p class='ocr_par' dir='ltr' id='par_1_103' title="bbox 673 5689 2256 5757">
     <span class='ocr_line' id='line_1_103' title="bbox 673 5689 2256 5757; baseline -0.008 -4"><span class='ocrx_word' id='word_1_763' title='bbox 673 5701 717 5731; x_wconf 81' lang='lat'><strong>“’</strong></span> <span class='ocrx_word' id='word_1_764' title='bbox 744 5699 908 5754; x_wconf 81' lang='lat' dir='ltr'><strong>Hebr.</strong></span> <span class='ocrx_word' id='word_1_765' title='bbox 944 5713 1038 5757; x_wconf 83' lang='lat' dir='ltr'><strong>vn.</strong></span> <span class='ocrx_word' id='word_1_766' title='bbox 1078 5695 1162 5749; x_wconf 82' lang='lat'><strong>19.</strong></span> <span class='ocrx_word' id='word_1_767' title='bbox 1236 5695 1277 5724; x_wconf 73' lang='grc' dir='ltr'>’δ</span> <span class='ocrx_word' id='word_1_768' title='bbox 1311 5695 1465 5746; x_wconf 71' lang='lat' dir='ltr'><strong>Ruunt.</strong></span> <span class='ocrx_word' id='word_1_769' title='bbox 1507 5709 1558 5756; x_wconf 81' lang='grc' dir='ltr'><strong>ν,</strong></span> <span class='ocrx_word' id='word_1_770' title='bbox 1593 5693 1675 5745; x_wconf 68' lang='grc'><strong>14.</strong></span> <span class='ocrx_word' id='word_1_771' title='bbox 1749 5692 1788 5721; x_wconf 80' lang='grc'><strong>’⁷</strong></span> <span class='ocrx_word' id='word_1_772' title='bbox 1826 5692 1840 5745; x_wconf 90' lang='lat' dir='ltr'><strong>l</strong></span> <span class='ocrx_word' id='word_1_773' title='bbox 1883 5691 2007 5744; x_wconf 86' lang='lat' dir='ltr'><strong>Cor.</strong></span> <span class='ocrx_word' id='word_1_774' title='bbox 2053 5689 2133 5750; x_wconf 68' lang='lat' dir='ltr'><strong>l3,</strong></span> <span class='ocrx_word' id='word_1_775' title='bbox 2170 5689 2256 5742; x_wconf 53' lang='grc' dir='ltr'>τε.</span> 
     </span>
    </p>
   </div>
   <div class='ocr_carea' id='block_1_104' title="bbox 2257 5759 2762 5820">
    <p class='ocr_par' dir='ltr' id='par_1_104' title="bbox 2257 5759 2762 5820">
     <span class='ocr_line' id='line_1_104' title="bbox 2257 5759 2762 5820; baseline 0.004 -8"><span class='ocrx_word' id='word_1_776' title='bbox 2257 5760 2298 5789; x_wconf 80' lang='grc'><strong>¹¹⁰</strong></span> <span class='ocrx_word' id='word_1_777' title='bbox 2335 5759 2490 5814; x_wconf 77' lang='lat' dir='ltr'><strong>Ilt&#39;bt‘.</strong></span> <span class='ocrx_word' id='word_1_778' title='bbox 2540 5777 2610 5815; x_wconf 77' lang='lat' dir='ltr'><strong>&quot;ll</strong></span> <span class='ocrx_word' id='word_1_779' title='bbox 2639 5803 2651 5820; x_wconf 83' lang='grc'><strong>,</strong></span> <span class='ocrx_word' id='word_1_780' title='bbox 2694 5763 2762 5814; x_wconf 66' lang='grc'><strong>⁸22</strong></span> 
     </span>
    </p>
   </div>
   <div class='ocr_carea' id='block_1_105' title="bbox 608 5762 2175 5843">
    <p class='ocr_par' dir='ltr' id='par_1_105' title="bbox 608 5762 2175 5843">
     <span class='ocr_line' id='line_1_105' title="bbox 608 5762 2175 5843; baseline -0.01 -16"><span class='ocrx_word' id='word_1_781' title='bbox 608 5770 673 5804; x_wconf 79' lang='grc'><strong>⁸⁸⁸</strong></span> <span class='ocrx_word' id='word_1_782' title='bbox 704 5769 837 5826; x_wconf 75' lang='lat' dir='ltr'><strong>Joau</strong></span> <span class='ocrx_word' id='word_1_783' title='bbox 891 5771 996 5843; x_wconf 67' lang='lat' dir='ltr'><strong>\&#39;I!,_</strong></span> <span class='ocrx_word' id='word_1_784' title='bbox 1181 5765 1236 5843; x_wconf 40' lang='lat'><strong>1&quot;</strong></span> <span class='ocrx_word' id='word_1_785' title='bbox 1267 5763 1396 5843; x_wconf 41' lang='lat' dir='ltr'><strong>.Gal.</strong></span> <span class='ocrx_word' id='word_1_786' title='bbox 1425 5779 1518 5823; x_wconf 83' lang='grc' dir='ltr'>ιιι,</span> <span class='ocrx_word' id='word_1_787' title='bbox 1735 5763 1796 5792; x_wconf 69' lang='grc' dir='ltr'><strong>’θ’</strong></span> <span class='ocrx_word' id='word_1_788' title='bbox 1842 5763 1942 5816; x_wconf 75' lang='lat' dir='ltr'><strong>lsa.</strong></span> <span class='ocrx_word' id='word_1_789' title='bbox 1992 5776 2083 5824; x_wconf 72' lang='lat' dir='ltr'><strong>tu,</strong></span> <span class='ocrx_word' id='word_1_790' title='bbox 2125 5762 2175 5812; x_wconf 79' lang='grc' dir='ltr'><strong>ϋ.</strong></span> 
     </span>
    </p>
   </div>
   <div class='ocr_carea' id='block_1_106' title="bbox 607 5833 1388 5907">
    <p class='ocr_par' dir='ltr' id='par_1_106' title="bbox 607 5833 1388 5907">
     <span class='ocr_line' id='line_1_106' title="bbox 607 5833 1388 5907; baseline -0.017 -7"><span class='ocrx_word' id='word_1_791' title='bbox 607 5844 664 5907; x_wconf 73' lang='lat'><strong>3,</strong></span> <span class='ocrx_word' id='word_1_792' title='bbox 693 5841 745 5896; x_wconf 67' lang='grc'><strong>4.</strong></span> <span class='ocrx_word' id='word_1_793' title='bbox 821 5840 864 5872; x_wconf 78' lang='grc'><strong>³³</strong></span> <span class='ocrx_word' id='word_1_794' title='bbox 892 5839 1018 5894; x_wconf 87' lang='lat' dir='ltr'><strong>ibid.</strong></span> <span class='ocrx_word' id='word_1_795' title='bbox 1047 5837 1099 5893; x_wconf 86' lang='lat'><strong>9.</strong></span> <span class='ocrx_word' id='word_1_796' title='bbox 1169 5836 1220 5888; x_wconf 64' lang='lat'><strong>3&quot;</strong></span> <span class='ocrx_word' id='word_1_797' title='bbox 1258 5833 1388 5889; x_wconf 82' lang='lat' dir='ltr'><strong>Joan</strong></span> 
     </span>
    </p>
   </div>
   <div class='ocr_carea' id='block_1_107' title="bbox 2279 4655 3878 4729">
    <p class='ocr_par' dir='ltr' id='par_1_107' title="bbox 2279 4655 3878 4729">
     <span class='ocr_line' id='line_1_107' title="bbox 2279 4655 3878 4729; baseline 0.001 -20"><span class='ocrx_word' id='word_1_798' title='bbox 2279 4655 2458 4721; x_wconf 79' lang='grc' dir='ltr'>δείξας</span> <span class='ocrx_word' id='word_1_799' title='bbox 2510 4655 2604 4708; x_wconf 83' lang='grc' dir='ltr'><strong>τοῦ</strong></span> <span class='ocrx_word' id='word_1_800' title='bbox 2654 4656 2811 4725; x_wconf 81' lang='grc' dir='ltr'>ἁγίου</span> <span class='ocrx_word' id='word_1_801' title='bbox 2867 4658 3206 4729; x_wconf 76' lang='grc' dir='ltr'>ΙΙνεύματος,</span> <span class='ocrx_word' id='word_1_802' title='bbox 3255 4660 3331 4723; x_wconf 80' lang='grc' dir='ltr'>ὡς</span> <span class='ocrx_word' id='word_1_803' title='bbox 3383 4660 3639 4712; x_wconf 78' lang='grc' dir='ltr'>δύνασθαι</span> <span class='ocrx_word' id='word_1_804' title='bbox 3690 4659 3878 4726; x_wconf 83' lang='grc' dir='ltr'>λέγειν</span> 
     </span>
    </p>
   </div>
   <div class='ocr_carea' id='block_1_108' title="bbox 2279 4749 3879 4823">
    <p class='ocr_par' dir='ltr' id='par_1_108' title="bbox 2279 4749 3879 4823">
     <span class='ocr_line' id='line_1_108' title="bbox 2279 4749 3879 4823; baseline 0.001 -23"><span class='ocrx_word' id='word_1_805' title='bbox 2279 4749 2429 4816; x_wconf 76' lang='grc' dir='ltr'>ἡμᾶς</span> <span class='ocrx_word' id='word_1_806' title='bbox 2448 4764 2461 4779; x_wconf 77' lang='grc'><em>’</em></span> <span class='ocrx_word' id='word_1_807' title='bbox 2481 4749 2594 4801; x_wconf 81' lang='grc' dir='ltr'>Οὐκ</span> <span class='ocrx_word' id='word_1_808' title='bbox 2618 4751 2784 4821; x_wconf 78' lang='grc' dir='ltr'>ἐσμὲν</span> <span class='ocrx_word' id='word_1_809' title='bbox 2813 4752 2869 4803; x_wconf 76' lang='grc' dir='ltr'>ἐν</span> <span class='ocrx_word' id='word_1_810' title='bbox 2898 4754 3084 4823; x_wconf 69' lang='grc' dir='ltr'>σαρκὶ,</span> <span class='ocrx_word' id='word_1_811' title='bbox 3107 4752 3222 4804; x_wconf 85' lang='grc' dir='ltr'>ἀλλ’</span> <span class='ocrx_word' id='word_1_812' title='bbox 3241 4754 3300 4805; x_wconf 81' lang='grc' dir='ltr'>ὲν</span> <span class='ocrx_word' id='word_1_813' title='bbox 3328 4752 3628 4823; x_wconf 73' lang='grc' dir='ltr'>Πνεύματιο</span> <span class='ocrx_word' id='word_1_814' title='bbox 3649 4751 3879 4821; x_wconf 81' lang='grc' dir='ltr'>γέγονεν</span> 
     </span>
    </p>
   </div>
   <div class='ocr_carea' id='block_1_109' title="bbox 2280 4837 3879 4913">
    <p class='ocr_par' dir='ltr' id='par_1_109' title="bbox 2280 4837 3879 4913">
     <span class='ocr_line' id='line_1_109' title="bbox 2280 4837 3879 4913; baseline 0.001 -21"><span class='ocrx_word' id='word_1_815' title='bbox 2280 4839 2388 4909; x_wconf 81' lang='grc' dir='ltr'>ἄρα</span> <span class='ocrx_word' id='word_1_816' title='bbox 2415 4841 2507 4893; x_wconf 75' lang='grc' dir='ltr'><strong>καὶ</strong></span> <span class='ocrx_word' id='word_1_817' title='bbox 2533 4841 2675 4895; x_wconf 75' lang='grc' dir='ltr'>κατὰ</span> <span class='ocrx_word' id='word_1_818' title='bbox 2702 4841 2862 4896; x_wconf 83' lang='grc' dir='ltr'>τοῦτο</span> <span class='ocrx_word' id='word_1_819' title='bbox 2893 4843 3159 4913; x_wconf 86' lang='grc' dir='ltr'>κρείττων</span> <span class='ocrx_word' id='word_1_820' title='bbox 3182 4844 3452 4912; x_wconf 87' lang='grc' dir='ltr'>ἀγγέλων,</span> <span class='ocrx_word' id='word_1_821' title='bbox 3479 4843 3545 4895; x_wconf 82' lang='grc' dir='ltr'>δι’</span> <span class='ocrx_word' id='word_1_822' title='bbox 3563 4837 3636 4895; x_wconf 80' lang='grc' dir='ltr'>ὧν</span> <span class='ocrx_word' id='word_1_823' title='bbox 3663 4844 3690 4893; x_wconf 84' lang='lat'><strong>6</strong></span> <span class='ocrx_word' id='word_1_824' title='bbox 3710 4843 3879 4909; x_wconf 72' lang='grc' dir='ltr'>νόμος</span> 
     </span>
    </p>
   </div>
   <div class='ocr_carea' id='block_1_110' title="bbox 2280 4929 3877 5004">
    <p class='ocr_par' dir='ltr' id='par_1_110' title="bbox 2280 4929 3877 5004">
     <span class='ocr_line' id='line_1_110' title="bbox 2280 4929 3877 5004; baseline 0.001 -23"><span class='ocrx_word' id='word_1_825' title='bbox 2280 4929 2587 5001; x_wconf 83' lang='grc' dir='ltr'>λελάληται·</span> <span class='ocrx_word' id='word_1_826' title='bbox 2621 4934 2716 4986; x_wconf 72' lang='grc' dir='ltr'>καὶ</span> <span class='ocrx_word' id='word_1_827' title='bbox 2755 4935 2914 4988; x_wconf 83' lang='grc' dir='ltr'>πάλιν</span> <span class='ocrx_word' id='word_1_828' title='bbox 2954 4936 2981 4986; x_wconf 90' lang='lat'><strong>6</strong></span> <span class='ocrx_word' id='word_1_829' title='bbox 3014 4935 3216 5003; x_wconf 81' lang='grc' dir='ltr'>κόσμος</span> <span class='ocrx_word' id='word_1_830' title='bbox 3264 4934 3369 4987; x_wconf 80' lang='grc' dir='ltr'>ὑπὸ</span> <span class='ocrx_word' id='word_1_831' title='bbox 3420 4934 3518 5004; x_wconf 77' lang='grc' dir='ltr'><strong>μὲν</strong></span> <span class='ocrx_word' id='word_1_832' title='bbox 3565 4931 3658 4986; x_wconf 74' lang='grc' dir='ltr'><strong>τοῦ</strong></span> <span class='ocrx_word' id='word_1_833' title='bbox 3704 4931 3877 4999; x_wconf 73' lang='grc' dir='ltr'>νόμου</span> 
     </span>
    </p>
   </div>
   <div class='ocr_carea' id='block_1_111' title="bbox 2279 5022 3875 5097">
    <p class='ocr_par' dir='ltr' id='par_1_111' title="bbox 2279 5022 3875 5097">
     <span class='ocr_line' id='line_1_111' title="bbox 2279 5022 3875 5097; baseline -0.002 -21"><span class='ocrx_word' id='word_1_834' title='bbox 2279 5024 2632 5094; x_wconf 87' lang='grc' dir='ltr'>κατεκρίνετο</span> <span class='ocrx_word' id='word_1_835' title='bbox 2663 5024 2750 5078; x_wconf 81' lang='grc' dir='ltr'><strong>διὰ</strong></span> <span class='ocrx_word' id='word_1_836' title='bbox 2775 5027 2875 5097; x_wconf 79' lang='grc' dir='ltr'><strong>τὴν</strong></span> <span class='ocrx_word' id='word_1_837' title='bbox 2895 5025 3192 5096; x_wconf 81' lang='grc' dir='ltr'>ἁμαρτίαν.</span> <span class='ocrx_word' id='word_1_838' title='bbox 3213 5024 3407 5096; x_wconf 82' lang='grc' dir='ltr'>Ἐπεδή</span> <span class='ocrx_word' id='word_1_839' title='bbox 3419 5041 3557 5095; x_wconf 85' lang='grc' dir='ltr'>μησε</span> <span class='ocrx_word' id='word_1_840' title='bbox 3591 5024 3648 5075; x_wconf 79' lang='grc' dir='ltr'>δὲ</span> <span class='ocrx_word' id='word_1_841' title='bbox 3669 5025 3698 5075; x_wconf 90' lang='lat'><strong>6</strong></span> <span class='ocrx_word' id='word_1_842' title='bbox 3721 5022 3875 5084; x_wconf 67' lang='grc' dir='ltr'>Υἱὸς,</span> 
     </span>
    </p>
   </div>
   <div class='ocr_carea' id='block_1_112' title="bbox 2278 5113 3874 5187">
    <p class='ocr_par' dir='ltr' id='par_1_112' title="bbox 2278 5113 3874 5187">
     <span class='ocr_line' id='line_1_112' title="bbox 2278 5113 3874 5187; baseline 0.004 -21"><span class='ocrx_word' id='word_1_843' title='bbox 2278 5115 2376 5184; x_wconf 83' lang='grc' dir='ltr'><strong>οὐχ</strong></span> <span class='ocrx_word' id='word_1_844' title='bbox 2408 5115 2494 5168; x_wconf 80' lang='grc' dir='ltr'><strong>ἵνα</strong></span> <span class='ocrx_word' id='word_1_845' title='bbox 2526 5115 2688 5187; x_wconf 79' lang='grc' dir='ltr'>κρίνῃ</span> <span class='ocrx_word' id='word_1_846' title='bbox 2718 5116 2812 5169; x_wconf 80' lang='grc' dir='ltr'><strong>τὸν</strong></span> <span class='ocrx_word' id='word_1_847' title='bbox 2842 5117 3067 5187; x_wconf 83' lang='grc' dir='ltr'>κόσμον,</span> <span class='ocrx_word' id='word_1_848' title='bbox 3093 5118 3205 5171; x_wconf 86' lang='grc' dir='ltr'>ἀλλ’</span> <span class='ocrx_word' id='word_1_849' title='bbox 3233 5119 3317 5170; x_wconf 82' lang='grc' dir='ltr'><strong>ἵνα</strong></span> <span class='ocrx_word' id='word_1_850' title='bbox 3350 5116 3499 5187; x_wconf 73' lang='grc' dir='ltr'>σώσῃ</span> <span class='ocrx_word' id='word_1_851' title='bbox 3528 5115 3616 5168; x_wconf 85' lang='grc' dir='ltr'><strong>τὸν</strong></span> <span class='ocrx_word' id='word_1_852' title='bbox 3645 5113 3874 5183; x_wconf 70' lang='grc' dir='ltr'>κόσμον,</span> 
     </span>
    </p>
   </div>
   <div class='ocr_carea' id='block_1_113' title="bbox 2275 5205 3878 5281">
    <p class='ocr_par' dir='ltr' id='par_1_113' title="bbox 2275 5205 3878 5281">
     <span class='ocr_line' id='line_1_113' title="bbox 2275 5205 3878 5281; baseline -0.001 -24"><span class='ocrx_word' id='word_1_853' title='bbox 2275 5206 2398 5258; x_wconf 78' lang='grc' dir='ltr'>οὐδὲ</span> <span class='ocrx_word' id='word_1_854' title='bbox 2445 5207 2766 5278; x_wconf 83' lang='grc' dir='ltr'>ἀπαιτήσων</span> <span class='ocrx_word' id='word_1_855' title='bbox 2804 5209 2926 5262; x_wconf 78' lang='grc' dir='ltr'>τινὰ</span> <span class='ocrx_word' id='word_1_856' title='bbox 2955 5210 3250 5281; x_wconf 83' lang='grc' dir='ltr'>τιμωρίαν,</span> <span class='ocrx_word' id='word_1_857' title='bbox 3285 5207 3398 5262; x_wconf 82' lang='grc' dir='ltr'>ἀλλ’</span> <span class='ocrx_word' id='word_1_858' title='bbox 3431 5208 3517 5260; x_wconf 84' lang='grc' dir='ltr'><strong>ἵνα</strong></span> <span class='ocrx_word' id='word_1_859' title='bbox 3546 5208 3679 5260; x_wconf 79' lang='grc' dir='ltr'>πᾶσι</span> <span class='ocrx_word' id='word_1_860' title='bbox 3713 5205 3878 5274; x_wconf 80' lang='grc' dir='ltr'>χαρί-</span> 
     </span>
    </p>
   </div>
   <div class='ocr_carea' id='block_1_114' title="bbox 2281 5297 3874 5370">
    <p class='ocr_par' dir='ltr' id='par_1_114' title="bbox 2281 5297 3874 5370">
     <span class='ocr_line' id='line_1_114' title="bbox 2281 5297 3874 5370; baseline -0.001 -20"><span class='ocrx_word' id='word_1_861' title='bbox 2281 5315 2463 5368; x_wconf 88' lang='grc' dir='ltr'>σηται.</span> <span class='ocrx_word' id='word_1_862' title='bbox 2500 5300 2779 5370; x_wconf 86' lang='grc' dir='ltr'>Κρείττων</span> <span class='ocrx_word' id='word_1_863' title='bbox 2814 5297 2907 5354; x_wconf 71' lang='grc' dir='ltr'><strong>οὖν</strong></span> <span class='ocrx_word' id='word_1_864' title='bbox 2957 5304 2985 5355; x_wconf 90' lang='lat'><strong>6</strong></span> <span class='ocrx_word' id='word_1_865' title='bbox 3026 5301 3252 5356; x_wconf 85' lang='grc' dir='ltr'>δικαιῶν</span> <span class='ocrx_word' id='word_1_866' title='bbox 3297 5299 3392 5355; x_wconf 80' lang='grc' dir='ltr'>τοῦ</span> <span class='ocrx_word' id='word_1_867' title='bbox 3428 5298 3874 5369; x_wconf 81' lang='grc' dir='ltr'>κατακρίνοντος,</span> 
     </span>
    </p>
   </div>
   <div class='ocr_carea' id='block_1_115' title="bbox 2282 5392 3876 5466">
    <p class='ocr_par' dir='ltr' id='par_1_115' title="bbox 2282 5392 3876 5466">
     <span class='ocr_line' id='line_1_115' title="bbox 2282 5392 3876 5466; baseline -0.002 -21"><span class='ocrx_word' id='word_1_868' title='bbox 2282 5393 2548 5462; x_wconf 82' lang='grc' dir='ltr'>κρείττων</span> <span class='ocrx_word' id='word_1_869' title='bbox 2583 5392 2678 5446; x_wconf 78' lang='grc' dir='ltr'>τοῦ</span> <span class='ocrx_word' id='word_1_870' title='bbox 2711 5395 3067 5458; x_wconf 80' lang='grc' dir='ltr'>ἀπαιτοῦντος</span> <span class='ocrx_word' id='word_1_871' title='bbox 3113 5398 3141 5448; x_wconf 88' lang='grc' dir='ltr'>ὀ</span> <span class='ocrx_word' id='word_1_872' title='bbox 3187 5394 3565 5466; x_wconf 77' lang='grc' dir='ltr'>χαριζόμενος,</span> <span class='ocrx_word' id='word_1_873' title='bbox 3607 5392 3876 5462; x_wconf 85' lang='grc' dir='ltr'>κρείττων</span> 
     </span>
    </p>
   </div>
   <div class='ocr_carea' id='block_1_116' title="bbox 2265 5483 3874 5559">
    <p class='ocr_par' dir='ltr' id='par_1_116' title="bbox 2265 5483 3874 5559">
     <span class='ocr_line' id='line_1_116' title="bbox 2265 5483 3874 5559; baseline -0.001 -24"><span class='ocrx_word' id='word_1_874' title='bbox 2265 5483 2374 5544; x_wconf 53' lang='grc' dir='ltr'>,τοῦ</span> <span class='ocrx_word' id='word_1_875' title='bbox 2413 5485 2488 5555; x_wconf 81' lang='grc' dir='ltr'><strong>μὴ</strong></span> <span class='ocrx_word' id='word_1_876' title='bbox 2527 5485 2846 5555; x_wconf 79' lang='grc' dir='ltr'>ἰσχύσαντος</span> <span class='ocrx_word' id='word_1_877' title='bbox 2875 5491 3201 5559; x_wconf 86' lang='grc' dir='ltr'>κατακρῖναι</span> <span class='ocrx_word' id='word_1_878' title='bbox 3251 5487 3350 5555; x_wconf 78' lang='grc' dir='ltr'>τὴν</span> <span class='ocrx_word' id='word_1_879' title='bbox 3399 5485 3672 5557; x_wconf 80' lang='grc' dir='ltr'>ἁμαρτίαν</span> <span class='ocrx_word' id='word_1_880' title='bbox 3715 5485 3772 5535; x_wconf 83' lang='grc' dir='ltr'><strong>ὲν</strong></span> <span class='ocrx_word' id='word_1_881' title='bbox 3807 5486 3874 5552; x_wconf 75' lang='grc' dir='ltr'>τῇ</span> 
     </span>
    </p>
   </div>
   <div class='ocr_carea' id='block_1_117' title="bbox 2286 5574 3874 5648">
    <p class='ocr_par' dir='ltr' id='par_1_117' title="bbox 2286 5574 3874 5648">
     <span class='ocr_line' id='line_1_117' title="bbox 2286 5574 3874 5648; baseline -0.001 -21"><span class='ocrx_word' id='word_1_882' title='bbox 2286 5577 2468 5644; x_wconf 72' lang='grc' dir='ltr'>σαρκὶ,</span> <span class='ocrx_word' id='word_1_883' title='bbox 2515 5578 2544 5628; x_wconf 94' lang='lat'><strong>6</strong></span> <span class='ocrx_word' id='word_1_884' title='bbox 2589 5577 2682 5630; x_wconf 77' lang='grc' dir='ltr'><strong>καὶ</strong></span> <span class='ocrx_word' id='word_1_885' title='bbox 2729 5577 2888 5632; x_wconf 74' lang='grc' dir='ltr'>τοῦτο</span> <span class='ocrx_word' id='word_1_886' title='bbox 2935 5577 3228 5648; x_wconf 83' lang='grc' dir='ltr'>πληρώσας</span> <span class='ocrx_word' id='word_1_887' title='bbox 3258 5576 3403 5641; x_wconf 79' lang='grc' dir='ltr'>Υἱός.</span> <span class='ocrx_word' id='word_1_888' title='bbox 3435 5576 3714 5648; x_wconf 85' lang='grc' dir='ltr'>Κρείττων</span> <span class='ocrx_word' id='word_1_889' title='bbox 3763 5574 3874 5643; x_wconf 77' lang='grc' dir='ltr'>ἄρα</span> 
     </span>
    </p>
   </div>
   <div class='ocr_carea' id='block_1_118' title="bbox 2339 5689 3869 5751">
    <p class='ocr_par' dir='ltr' id='par_1_118' title="bbox 2339 5689 3869 5751">
     <span class='ocr_line' id='line_1_118' title="bbox 2339 5689 3869 5751; baseline 0.003 -10"><span class='ocrx_word' id='word_1_890' title='bbox 2339 5691 2403 5719; x_wconf 86' lang='lat'><strong>”&#39;</strong></span> <span class='ocrx_word' id='word_1_891' title='bbox 2443 5690 2584 5743; x_wconf 73' lang='lat' dir='ltr'><strong>l’sal.</strong></span> <span class='ocrx_word' id='word_1_892' title='bbox 2622 5709 2785 5751; x_wconf 62' lang='grc' dir='ltr'>ωιτν,</span> <span class='ocrx_word' id='word_1_893' title='bbox 2816 5693 2872 5747; x_wconf 72' lang='grc'><strong>2.</strong></span> <span class='ocrx_word' id='word_1_894' title='bbox 2955 5693 2996 5723; x_wconf 77' lang='grc'>¹³</span> <span class='ocrx_word' id='word_1_895' title='bbox 3035 5692 3175 5745; x_wconf 74' lang='lat' dir='ltr'><strong>l‘sal.</strong></span> <span class='ocrx_word' id='word_1_896' title='bbox 3205 5707 3362 5748; x_wconf 74' lang='lat' dir='ltr'><strong>xvm.</strong></span> <span class='ocrx_word' id='word_1_897' title='bbox 3395 5690 3465 5750; x_wconf 65' lang='grc' dir='ltr'><strong>ὃς</strong></span> <span class='ocrx_word' id='word_1_898' title='bbox 3499 5690 3653 5742; x_wconf 81' lang='lat' dir='ltr'><strong>Rom.</strong></span> <span class='ocrx_word' id='word_1_899' title='bbox 3700 5689 3869 5751; x_wconf 75' lang='lat' dir='ltr'><strong>x,18.</strong></span> 
     </span>
    </p>
   </div>
   <div class='ocr_carea' id='block_1_119' title="bbox 2863 5759 3870 5833">
    <p class='ocr_par' dir='ltr' id='par_1_119' title="bbox 2863 5759 3870 5833">
     <span class='ocr_line' id='line_1_119' title="bbox 2863 5759 3870 5833; baseline 0.022 -40"><span class='ocrx_word' id='word_1_900' title='bbox 2863 5763 2903 5793; x_wconf 74' lang='grc' dir='ltr'><strong>ιι</strong></span> <span class='ocrx_word' id='word_1_901' title='bbox 2942 5761 3083 5805; x_wconf 69' lang='grc' dir='ltr'>ιιοιιιυ</span> <span class='ocrx_word' id='word_1_902' title='bbox 3157 5779 3286 5833; x_wconf 25' lang='lat' dir='ltr'><strong>Villi.</strong></span> <span class='ocrx_word' id='word_1_903' title='bbox 3328 5765 3380 5814; x_wconf 77' lang='lat' dir='ltr'><strong>ti.</strong></span> <span class='ocrx_word' id='word_1_904' title='bbox 3453 5763 3496 5792; x_wconf 81' lang='lat'>“</span> <span class='ocrx_word' id='word_1_905' title='bbox 3541 5759 3697 5816; x_wconf 78' lang='lat' dir='ltr'><strong>Rom.</strong></span> <span class='ocrx_word' id='word_1_906' title='bbox 3735 5776 3829 5814; x_wconf 80' lang='lat' dir='ltr'><strong>\‘lll</strong></span> <span class='ocrx_word' id='word_1_907' title='bbox 3856 5802 3870 5826; x_wconf 90' lang='lat'><strong>,</strong></span> 
     </span>
    </p>
   </div>
  </div>
