4124 6514
270 371 378 427 553

1712 370 2152 429 ‘l‘IIESAURUS.

3415 380 3539 440 τιὸι⁷

267 479 412 534 κατὰ
445 479 603 534 τοῦτο
632 478 741 530 τῶν
773 478 1021 547 ἀγγέλων
1053 479 1160 532 τῶν
1200 480 1289 547 τὸν
1330 478 1528 550 ἀσθενῆ
1562 479 1651 531 καὶ
1686 497 1850 532 κατα-

1955 484 2043 552 qui
2077 486 2422 550 condemnat,
2479 486 2668 543 melior
2703 489 2793 557 qui
2826 490 3040 545 veniam
3093 490 3319 559 largitur
3357 503 3520 559 quam

264 572 522 641 κρίνοντα
552 568 901 641 λαλησάντων
932 569 1117 639 νόμον.

1952 573 2043 641 qui
2078 588 2291 642 poenam
2334 576 2541 645 exigit;
2578 577 2768 631 melior
2796 588 2879 632 est
2924 593 2989 631 co
3033 580 3122 648 qni
3159 586 3435 647 peccatum
3468 576 3520 628 in

264 680 432 719 carne
478 666 841 720 condemnare
873 679 976 718 non
1010 664 1203 733 potuit,
1236 662 1281 717 is
1316 665 1408 734 qui
1461 666 1561 719 hoc
1622 664 1872 734 prmstitit
1911 664 2098 720 Filius.
2131 665 2317 721 Melior
2360 668 2537 738 itaque
2578 669 2677 723 hac
2750 670 2955 724 ratione
3001 681 3082 725 est
3116 686 3276 739 quam
3321 666 3523 739 angeli,

265 763 358 831 qui
398 761 725 816 imbecillam
756 770 811 816 et
840 760 1290 816 condemnantem
1329 761 1496 830 legem
1543 762 1847 817 ediderunt.

300 876 508 937 ΑΛΛΟ,
533 874 622 928 ὅτι
650 875 787 941 τοῖς-⁸
808 874 1141 947 ποιήμασιν
1173 875 1211 942 ἢ
1242 875 1365 941 τοῖς
1394 875 1671 947 ἀγγέλοις
1698 878 1810 945 οὐχ

799 944 1073 1014 ὁμοφυὴς
1109 949 1140 999 ό
1162 946 1311 1012 ΥΙός.

337 1060 402 1113 Ei
428 1059 643 1131 ποίημὰ
671 1063 818 1116 ἐστιν
847 1064 874 1115 6
897 1062 1042 1128 Υἱὸς,
1065 1062 1160 1114 καὶ
1180 1063 1424 1134 ὀμοφυὴς
1443 1064 1552 1125 τοῖς
1574 1063 1847 1131 ἀγγέλοις,

265 1153 642 1207 καλείσθωσαν
667 1154 760 1207 καὶ
784 1154 938 1208 αὐτοὶ
959 1154 1110 1224 παρὰ
1134 1153 1226 1207 τοῦ
1250 1155 1461 1225 Πατρός
1489 1155 1679 1224 ὥσπερ
1701 1156 1845 1207 ἐκεῖ·

264 1262 353 1307 νος
384 1246 489 1298 υἱοὶ
509 1287 523 1309 ,
560 1246 778 1315 ἢαὺτὸς
808 1245 997 1317 ὥσπερ
1023 1248 1219 1299 ἐκεῖνοι
1248 1246 1498 1315 ἄγγελος.
1518 1246 1657 1299 Ἀλλ’
1674 1246 1848 1299 οὐδενὶ

263 1334 373 1387 τῶν
417 1336 668 1404 ἀγγέλων
720 1333 841 1390 εἶπέ
887 1354 1016 1391 ποτε
1044 1356 1055 1367 ·
1096 1356 1114 1388 ι
1146 1338 1271 1401 Υἱός
1307 1355 1406 1408 μου
1437 1334 1487 1391 εἷ
1518 1342 1603 1402 σὺ,
1633 1358 1651 1389 ι
1708 1338 1847 1393 κατὰ

262 1431 362 1501 τὴν
390 1429 485 1482 τοῦ
523 1430 738 1483 Παύλου
777 1431 985 1499 φωνήν·
1023 1429 1146 1483 οὔτε
1182 1430 1286 1500 μὴν
1317 1431 1478 1493 αὐτὸς
1508 1431 1734 1499 ἄγγελος
1758 1448 1821 1483 κε

263 1520 536 1589 κλημένος
565 1520 812 1589 φαίνεται
843 1520 984 1572 κατὰ
1009 1520 1284 1588 ἀλήθειαν.
1333 1520 1759 1584 Καθεζέσθωσαν
1790 1523 1832 1573 ἐκ

261 1611 415 1680 δεξιᾷ
444 1610 539 1664 τοῦ
566 1612 777 1682 Harpe;
808 1611 997 1681 ὥσπερ
1028 1612 1152 1674 Υἱός
1170 1628 1183 1639 ·
1216 1611 1330 1663 ἀλλ’
1347 1611 1521 1676 οὐδεὶς
1547 1611 1655 1665 τῶν
1684 1614 1847 1680 ἀγγέ-

260 1701 373 1753 λων
404 1702 746 1772 συγκάθηται
770 1702 847 1772 τῷ
861 1702 1209 1773 namnam
1239 1703 1438 1773 μᾶλλον
1468 1704 1847 1773 παρεστήκασι

260 1794 708 1864 λειτουργοῦντες
739 1794 907 1864 αὐτῷ.
942 1795 1267 1861 Λεγέτωσαν
1296 1794 1519 1862 ἄγγελοι
1540 1791 1848 1847 διατάττον-

260 1901 357 1948 τες
405 1885 595 1957 ὥσπερ
628 1886 656 1936 6
684 1886 836 1948 Υἱός·
894 1905 910 1935 ι
933 1884 1076 1953 Ἐγὼ
1120 1885 1177 1939 δὲ
1221 1885 1365 1953 λέγω
1392 1886 1518 1956 ὑμῖν
1546 1902 1556 1913 ·
1592 1905 1608 1935 ›
1645 1883 1758 1936 ἀλλ’
1789 1884 1848 1937 οὐ

260 1976 423 2030 τοῦτό
469 1996 653 2045 φασιν,
710 1978 845 2031 ἀλλά
898 1978 1129 2047 μᾶλλον·
1179 1999 1193 2027 ι
1239 1978 1575 2047 Ἀπεστάλην
1622 1977 1851 2047 λαλῆσαι

263 2068 403 2138 πρὸς
429 2069 508 2120 σέ.
546 2088 563 2117 ι
603 2069 711 2120 Καὶ
737 2070 785 2121 οἱ
823 2068 921 2138 μὲν
949 2069 1309 2131 διακονοῦσιν,
1340 2071 1369 2121 6
1402 2068 1456 2121 δὲ
1488 2068 1846 2122 διακονεῖται’

269 2182 287 2208 ι
311 2162 447 2215 Ἰδοὺ
494 2162 622 2233 γὰρ,
655 2164 838 2232 φησιν,
873 2163 1095 2231 ἄγγελοι
1138 2161 1527 2235 προσελθόντες
1573 2162 1851 2232 διηκόνουν

262 2252 437 2321 αὐτῷ.
473 2273 491 2303 ι
549 2254 656 2305 Καὶ
690 2254 717 2304 ὁ
756 2253 853 2323 μὲν
883 2253 998 2306 ἐστι
1026 2252 1375 2323 δημιουργὸς,
1402 2254 1451 2305 οἱ
1498 2252 1555 2305 δὲ
1596 2252 1851 2321 γεγόνασι

261 2345 331 2397 δι’
366 2345 553 2397 αὐτοῦ·
588 2345 679 2398 καὶ
710 2346 759 2397 οἱ
795 2345 893 2414 μὲν
937 2343 1352 2414 προσκυνοῦσιν,
1388 2345 1415 2394 6
1445 2342 1501 2395 δὲ
1529 2345 1850 2413 προσκυνεί-

263 2451 356 2487 ται
376 2450 391 2463 ο
434 2435 527 2487 καὶ
559 2435 608 2486 οἱ
643 2434 740 2504 μὲν
775 2433 997 2502 ἄγγελοι
1026 2433 1125 2498 τὰς
1157 2433 1264 2486 τῶν
1294 2434 1540 2505 οὐρανῶν
1567 2433 1742 2497 πύλας
1770 2433 1853 2487 αἴ-

267 2542 387 2595 ρειν
434 2524 859 2597 προστάττονται
880 2542 893 2555 '
921 2528 949 2579 6
986 2526 1041 2578 δὲ
1075 2525 1380 2595 εἰσέρχεται
1408 2526 1482 2589 ὡς
1507 2525 1712 2597 Κύριος
1742 2524 1852 2578 τῶν

261 2617 569 2687 δυνάμεων,
594 2617 668 2681 ὡς
699 2617 951 2686 βασιλεὺς
978 2618 1081 2688 τῆς
1108 2617 1297 2688 δόξηςο
1331 2617 1427 2671 καὶ
1478 2619 1526 2671 οἱ
1574 2619 1670 2688 μὲν
1705 2617 1854 2688 ζωῆς

266 2709 563 2778 μετέχουσι
608 2710 708 2779 τῆς
741 2710 892 2779 παρὰ
921 2708 1077 2762 Θεοῦ·
1111 2712 1138 2763 6
1166 2709 1224 2763 δὲ
1268 2712 1367 2780 τῆς
1398 2710 1541 2779 ζωῆς
1575 2712 1692 2763 ἐστι
1728 2728 1853 2780 χορι

264 2799 423 2869 ηγὸς,
458 2799 620 2861 αὐτὸς
645 2798 757 2869 ζωὴ
781 2802 895 2862 τοῖς
923 2800 1088 2851 πᾶσιν
1114 2800 1393 2870 ὑπάρχων.
1426 2800 1537 2853 Kal.
1562 2803 1591 2854 6
1620 2801 1719 2871 μέν
1744 2819 1852 2871 φη-

265 2904 356 2940 σιν
376 2905 389 2918 ·
428 2907 446 2940 ι
470 2888 611 2956 Ἐγὼ
658 2890 749 2941 καὶ
775 2888 804 2940 ὁ
835 2889 1023 2959 Πατὴρ
1054 2888 1113 2941 ἓν
1142 2890 1328 2959 ἐσμεν,
1364 2909 1382 2940 ι
1417 2890 1512 2942 καὶ
1550 2909 1567 2941 ι
1590 2890 1648 2942 'O
1675 2890 1840 2961 ἑωρα-

264 2978 381 3042 κὼς
430 2980 551 3049 ἐμὲ,
587 2977 798 3049 ἑώρακε
845 2978 937 3030 τὸν
987 2979 1226 3048 Πατέρα,
1258 2998 1275 3029 ι
1316 2980 1441 3058 καὶ,
1481 2998 1497 3029 ι
1528 2979 1713 3033 Πάντα
1751 2980 1852 3033 ὅσα
1878 3002 1920 3058 c

268 3068 385 3137 ἔχει
436 3070 466 3121 6
502 3068 712 3138 Πατὴρ,
749 3067 859 3137 ἐμά
905 3069 1041 3132 ὲστι,
1077 3086 1094 3118 ι
1136 3069 1231 3121 καὶ
1270 3086 1287 3119 ι
1316 3054 1460 3134 (Ἐγώ
1489 3070 1603 3138 εἰμι
1652 3069 1711 3120 τὸ
1736 3068 1851 3137 φῶς

262 3157 361 3210 τοῦ
397 3156 623 3227 κόσμου,
657 3177 675 3207 ο
726 3158 820 3209 κα1⁷
859 3157 1041 3224 «Ἐγώ
1094 3159 1209 3227 ειμι
1263 3159 1294 3227 ή
1336 3156 1631 3221 ἀνάστασις
1683 3157 1776 3210 καὶ
1820 3159 1852 3228 ή

265 3252 405 3319 ζωη·
441 3270 460 3302 ι
493 3249 714 3318 ἄγγελοι
752 3248 808 3302 δὲ
833 3250 932 3312 τὰς
953 3248 1212 3313 τοιαύτας
1255 3250 1315 3302 οὐ
1350 3249 1589 3321 τολμῶσι
1621 3249 1853 3318 φθέγγε-

267 3342 395 3395 σθαι
426 3342 631 3410 φωνάς.
666 3340 783 3394 Κᾶν
813 3342 870 3394 ὲν
894 3340 974 3411 τῷ
998 3341 1222 3411 ὀνόματι
1254 3339 1347 3394 τοῦ
1378 3341 1509 3394 Υἱοῦ
1540 3340 1853 3411 προσευξώ-

270 3431 433 3501 μεθα,
462 3432 668 3502 ὅσαπερ
709 3430 775 3484 ἂν
813 3430 1147 3501 αἰτήσωμέν,
1178 3429 1462 3500 ληψόμεθα
1485 3447 1498 3459 ο
1531 3431 1592 3483 ὲν
1630 3430 1853 3500 ὀνόματι

265 3523 322 3576 δὲ
353 3524 463 3576 τῶν
491 3524 739 3591 ἀγγέλων
767 3523 866 3576 οὐκ
891 3522 956 3576 ἄν
988 3539 1073 3585 τις
1098 3521 1479 3591 προσεύξαιτο.
1512 3520 1620 3574 Καὶ
1646 3521 1723 3590 τῷ
1753 3520 1851 3591 μὲν

270 3617 387 3687 Υἱῴ
422 3617 517 3669 σὺν
543 3616 621 3686 τῷ
650 3617 825 3686 Πατρὶ
854 3616 950 3669 καὶ
982 3615 1117 3686 μετὰ
1143 3616 1357 3685 Πατρὸς
1383 3617 1414 3684 ή
1441 3613 1566 3678 δόξα
1584 3628 1597 3644 ο
1630 3613 1849 3681 ἄγγελοι

266 3710 326 3763 δὲ
356 3712 417 3763 οὐ
450 3708 785 3773 δοξάζονται,
818 3708 952 3763 ἀλλὰ
1004 3708 1202 3779 μᾶλλον
1248 3706 1529 3774 δοξάζουσι
1575 3706 1713 3777 μετὰ
1757 3706 1850 3758 τοῦ

272 3802 486 3874 [lat-po;
512 3803 604 3855 τὸν
632 3801 780 3854 Υἱόν.
809 3801 933 3865 Πῶς
958 3797 1051 3854 οὖν
1079 3801 1353 3871 τοσαύτης
1384 3800 1644 3870 κειμένης
1668 3801 1853 3869 διαφο-

269 3897 372 3965 ρᾶς
410 3893 613 3963 μεταξὺ
656 3892 764 3945 τῶν
810 3892 1056 3961 ἀγγέλων
1093 3893 1187 3946 καὶ
1231 3892 1324 3946 τοῦ
1356 3891 1508 3955 Υἱοῦ,
1539 3892 1638 3963 τῆς
1684 3892 1853 3962 αὐτῆς

265 3985 455 4047 οὗσίας
504 3978 644 4038 εἶναι
695 3983 1135 4054 νομισθήσονται,
1184 3983 1397 4046 οὐδενὸς
1444 3984 1853 4056 συγχωροῦντος

267 4078 465 4145 λόγου;
508 4076 811 4145 Ἀναλόγως
860 4076 968 4147 γὰρ
1018 4079 1083 4147 τῇ
1140 4077 1248 4130 τῶν
1301 4076 1606 4148 προσώπων
1640 4076 1767 4147 ἀξίᾳ.
1791 4077 1852 4130 τὸ

265 4170 369 4240 τῆς
401 4168 618 4238 φύσεως
649 4170 905 4240 διάφορον
931 4169 1302 4241 ὁρισθήσεται.

302 4283 508 4348 ΑΛΛΟ,
537 4284 627 4336 ὅτι
657 4283 754 4337 καὶ
785 4282 883 4335 ἐπὶ
916 4282 1022 4335 τοῦ
1070 4283 1296 4349 Πατρός
1315 4315 1319 4320 -
1340 4283 1680 4351 εὑρίσκεται
1713 4283 1811 4349 τὸ,

880 4370 899 4402 ι
934 4351 1189 4421 ἐγένετο.
1226 4374 1244 4404 ›

353 4464 412 4519 Ὀ
443 4463 747 4535 Ψαλμῳδὸς
798 4463 950 4532 λέγει
973 4480 990 4496 ·
1034 4484 1052 4515 ι
1095 4465 1258 4519 Γενοῦ
1302 4468 1492 4536 μοιεὶς
1522 4467 1654 4521 Θεὸν
1678 4467 1848 4538 ὑπερ-

265 4558 562 4627 ασπιστήν·
602 4575 622 4608 ι
668 4557 763 4611 καὶ
812 4556 1012 4621 πάλιν,
1053 4575 1072 4607 ι
1118 4556 1377 4625 Ἐγένετόη
1410 4574 1500 4629 μοι
1547 4561 1628 4623 εἰς
1673 4576 1850 4631 σωτη-

267 4647 416 4718 ρίαν.
462 4666 479 4701 ι
513 4648 576 4700 Ei
604 4647 660 4700 δὲ
691 4648 783 4701 ἐπὶ
806 4648 900 4702 τοῦ
936 4647 1066 4701 Υἱοῢ
1090 4648 1183 4701 καὶ
1216 4649 1387 4702 ταῦτα
1411 4650 1681 4721 φήσουσιν
1705 4651 1851 4723 εὶρῆο

266 4739 419 4807 σθαι,
474 4741 569 4793 καὶ
619 4738 846 4803 ἄκοντες
904 4738 1053 4810 αὐτῷ
1110 4741 1547 4811 μαρτυρήσουσιν
1602 4743 1685 4795 ὅτι
1736 4745 1850 4806 τοῖς

268 4830 568 4898 κτίσμασιν
609 4832 709 4883 οὐκ
734 4832 881 4884 ἐστιν
912 4832 1178 4902 όμοφυὴς,
1225 4835 1251 4885 6
1284 4833 1408 4896 τοὺς
1443 4834 1630 4902 ἁγίους
1656 4834 1854 4889 διασὼ-

267 4922 398 4985 ζων,
428 4925 721 4996 καταφυγή
746 4941 807 4976 τε
829 4926 1015 4988 αὐτοῖς
1043 4926 1138 4979 καὶ
1170 4926 1344 4998 σκέπη
1375 4927 1718 4998 φαινόμενος.
1742 4928 1852 4982 Kal.

265 5010 427 5064 τοῦτο
447 5012 559 5085 γὰρ
589 5012 742 5069 ἔσται
778 5015 926 5087 μόνῳ
958 5015 1169 5087 πρέπον
1194 5016 1332 5086 Θεῷ.

264 5211 479 5288 AAAU,
502 5215 589 5288 εἰς
621 5213 709 5278 τὸ,
729 5233 758 5288 _«
794 5215 1065 5288 Τοσζούτῳ
1086 5217 1368 5285 κρείττων
1392 5219 1710 5288 γενόμενος
1731 5220 1851 5272 τῶν

210 5316 213 5319 λ
337 5281 629 5358 ἀγγέλων,
666 5301 683 5334 ι
718 5282 807 5358 ὅτι
849 5285 916 5339 τὸ
947 5303 967 5336 ‹
1010 5281 1349 5356 γενόμενος,
1390 5281 1409 5339 ἱ
1439 5281 1706 5342 οὺ’κατᾶ
1736 5289 1847 5358 τῆς

338 5353 558 5415 οὐσίας
591 5354 866 5422 νσητέον.

342 5465 403 5517 El
447 5464 508 5519 τὸ
542 5484 560 5518 ι
596 5467 888 5538 γενόμενος
932 5487 951 5521 ›
990 5470 1208 5534 πάντως
1264 5472 1519 5541 σημαίνει
1555 5473 1700 5536 τινὸς
1749 5472 1847 5544 τὴν

262 5558 374 5610 ἀπὸ
403 5557 498 5610 τοῦ
529 5558 605 5629 μὴ
634 5558 786 5623 ὄντος
809 5562 888 5625 εἰς
917 5562 978 5613 τὸ
1011 5558 1148 5616 εἶναι
1183 5562 1436 5635 πάροδον,
1479 5565 1571 5617 καὶ
1600 5566 1685 5618 ἀεὶ
1708 5566 1845 5619 κατά

339 5714 384 5743 ’⁵
413 5713 573 5765 IIehr.
607 5729 642 5777 I,
684 5714 737 5771 5.
815 5715 862 5747 ’⁸
893 5715 1080 5770 Matth.
1124 5733 1194 5782 tv,
1238 5718 1324 5773 Il.

1952 867 2196 936 ALIUD,
2245 872 2383 940 quod
2428 869 2603 925 Filius
2653 887 2755 924 non
2791 872 2855 924 sit
2898 871 3128 939 ejusdem
3163 882 3367 927 natura
3405 891 3523 928 cum

2428 942 2684 995 creaturis
2713 940 2787 993 vel
2818 941 3041 1011 angelis.

2026 1052 2081 1107 Si
2122 1052 2290 1108 Filius
2330 1063 2414 1108 est
2461 1064 2734 1118 creatura,
2788 1064 2841 1108 et
2874 1054 3113 1121 ejusdem
3153 1063 3358 1109 naturae
3403 1070 3525 1110 cum

1950 1143 2174 1212 angelis,
2204 1153 2466 1198 vocentur
2489 1146 2651 1198 etiam
2694 1144 2791 1212 ipsi
2827 1143 3032 1198 aPatre
3066 1144 3180 1209 lilii,
3216 1146 3355 1199 sicut
3400 1146 3524 1213 ille;

1954 1243 2045 1285 aut
2076 1228 2298 1287 vocetur
2327 1234 2462 1302 ipse,
2498 1234 2954 1302 quemadmodum
2996 1233 3094 1296 illi,
3135 1235 3375 1304 angelus.
3410 1238 3529 1291 Cae-

1955 1332 2125 1375 terum
2183 1323 2382 1377 nemini
2438 1324 2750 1393 angelorum
2806 1339 3044 1393 unquam
3092 1326 3227 1379 dixit
3262 1343 3275 1379 :
3310 1344 3329 1376 ι
3361 1326 3529 1381 Filius

1953 1428 2104 1468 meus
2129 1429 2186 1467 es
2229 1426 2305 1481 tu,
2336 1434 2356 1466 ι
2394 1417 2549 1470 utait
2588 1417 2786 1472 Paulus
2808 1419 2888 1481 '5;
2929 1433 3101 1486 neque
3138 1420 3252 1487 ipse
3289 1435 3524 1488 unquam

1954 1505 2176 1573 angelus
2226 1520 2410 1560 revera
2463 1508 2638 1561 dictus
2684 1518 2788 1563 cst.
2842 1509 3078 1563 Sedeant
3122 1510 3282 1563 etiam
3334 1510 3408 1564 illi
3457 1513 3525 1566 ad

1953 1594 2223 1647 dexteram
2248 1593 2463 1661 Patris,
2506 1599 2644 1650 sicut
2673 1596 2863 1652 Filius.
2896 1598 3057 1667 Atqui
3098 1615 3254 1653 nemo
3289 1615 3525 1669 unquam

1949 1686 2259 1754 angelorum
2303 1688 2506 1742 assedit
2540 1686 2721 1754 Patri;
2755 1690 2848 1743 sed
2888 1690 3068 1758 potius
3108 1695 3395 1745 astiterunt
3427 1692 3527 1745 mi-

1954 1777 2249 1830 nistrantcs
2277 1777 2347 1830 ei.
2387 1778 2645 1832 Dicantur
2673 1792 2803 1833 vero
2833 1781 2994 1834 etiam
3032 1781 3207 1849 angeli
3253 1782 3528 1851 imperan-

1954 1877 2055 1933 tes,
2097 1877 2156 1921 ut
2203 1868 2373 1925 Filius
2403 1887 2415 1923 :
2452 1889 2469 1921 ι
2501 1870 2612 1940 Ego
2662 1880 2842 1927 autem
2896 1871 3046 1926 vobis
3076 1873 3197 1927 dico
3232 1892 3243 1928 :
3277 1892 3295 1925 ι
3326 1876 3417 1928 sed
3462 1889 3528 1928 ne

1953 1959 2056 2012 hoc
2107 1960 2325 2028 quidem
2383 1962 2565 2014 dicere
2618 1977 2713 2016 eos
2774 1963 3078 2030 comperias
3116 1980 3128 2015 :
3169 1962 3261 2017 sed
3312 1964 3527 2033 potius;

1957 2066 1975 2097 ι
2009 2046 2199 2103 Missus
2241 2065 2358 2104 smn
2393 2052 2534 2121 loqui
2570 2054 2635 2104 ad
2679 2063 2748 2104 te.
2791 2070 2811 2101 ι
2855 2052 3029 2120 Atque
3077 2054 3129 2106 hi
3160 2053 3376 2121 quidem
3427 2056 3527 2106 mi-

1952 2140 2209 2207 nistrant,
2253 2144 2379 2197 huic
2404 2158 2535 2197 vero
2591 2142 2970 2196 ministratur:
3002 2161 3021 2193 ι
3060 2143 3195 2197 Ecce
3246 2145 3413 2208 enim,
3447 2145 3528 2198 in-

1951 2233 2089 2301 quit,
2136 2234 2309 2304 angeli
2358 2235 2626 2304 progressi
2684 2234 3067 2288 ministrabant
3111 2236 3159 2289 ei
3185 2236 3254 2292 “.
3286 2255 3304 2287 ι
3351 2238 3528 2306 Atque

1952 2324 2042 2379 hic
2073 2326 2288 2394 quidem
2321 2336 2402 2381 est
2448 2327 2695 2387 Creator,
2737 2327 2787 2380 hi
2834 2342 2961 2383 vero
3010 2343 3102 2395 per
3137 2327 3311 2396 ipsum
3356 2328 3526 2382 creati

1952 2425 2111 2479 sunt;
2150 2416 2203 2469 hi
2234 2417 2482 2481 adorant,
2514 2416 2601 2469 ille
2629 2419 2922 2483 adorator;
2953 2418 3126 2486 angeli
3158 2428 3342 2487 portas
3370 2419 3529 2473 coale-

1953 2521 2073 2561 rum
2098 2507 2286 2562 tollere
2304 2508 2579 2576 iubentur,
2609 2510 2723 2577 ipse
2751 2525 2877 2564 vero
2909 2511 3208 2578 ingreditur
3248 2512 3316 2566 ut'
3344 2513 3528 2565 Domi-

1953 2615 2056 2656 nus
2082 2608 2432 2668 pctestatum,
2466 2610 2523 2655 ut
2550 2618 2644 2655 rex
2668 2602 2852 2671 gloriae
2868 2602 2935 2633 '°‘
2959 2619 2973 2667 ;
2998 2604 3170 2673 angeli
3212 2604 3376 2674 209
3406 2606 3530 2660 vita:

1953 2694 2241 2763 participes
2278 2693 2411 2748 ﬁunt
2454 2708 2484 2746 a
2532 2693 2678 2748 Deo:
2709 2694 2795 2747 hic
2834 2709 2963 2749 vero
2988 2694 3113 2748 vita:
3156 2695 3383 2763 largitor
3420 2709 3527 2764 est,

1951 2786 2180 2853 ipsemet
2211 2785 2317 2838 vita
2347 2784 2601 2839 omnibus
2625 2786 2914 2840 exsistens.
2944 2784 3042 2839 llic
3069 2785 3203 2840 dicit
3233 2803 3246 2839 :
3289 2806 3306 2838 ι
3337 2787 3448 2859 Ego
3474 2799 3533 2843 et

1952 2877 2111 2934 Pater
2135 2894 2300 2935 unum
2321 2895 2508 2934 sumus
2530 2879 2606 2945 ‘7;
2636 2898 2655 2931 ι
2691 2888 2746 2933 et
2774 2896 2788 2934 :
2823 2898 2840 2930 ι
2869 2879 2969 2945 Qui
3006 2881 3136 2934 vidit
3168 2896 3274 2947 me,
3309 2883 3443 2936 vidit
3475 2892 3532 2937 et

1954 2972 2171 3027 Patrem
2200 2974 2280 3040 ’3;
2313 2992 2332 3025 ›
2386 2983 2441 3028 et
2477 2991 2490 3026 :
2541 2992 2559 3025 ι
2588 2972 2778 3028 Omnia
2814 2988 2941 3043 qua!
2988 2974 3154 3028 habet
3200 2974 3362 3029 Pater
3411 2992 3530 3031 mea

1954 3074 2081 3119 sunt
2104 3066 2173 3117 '9.
2207 3086 2225 3116 ι
2264 3074 2337 3131 et,
2373 3083 2391 3115 ι
2422 3065 2534 3134 Ego
2561 3081 2678 3119 sum
2714 3067 2803 3119 lux
2850 3066 3032 3120 mundi
3056 3067 3137 3132 '°;
3172 3086 3190 3119 ι
3226 3078 3279 3123 et
3315 3082 3330 3121 :
3366 3086 3385 3119 ι
3419 3068 3532 3138 Ego

1952 3171 2070 3213 sum
2099 3156 2424 3212 resurrectio
2453 3167 2508 3211 et
2558 3158 2666 3210 vita
2694 3158 2771 3224 ³¹;
2805 3178 2822 3209 ι
2872 3159 3049 3227 angeli
3074 3168 3276 3225 autem,
3320 3160 3530 3230 ejusee-

1954 3250 2095 3304 modi
2146 3251 2326 3304 dicere
2374 3266 2479 3304 non
2527 3250 2745 3305 audent.
2787 3246 3055 3307 Praeterea
3111 3248 3155 3306 si
3204 3252 3255 3306 in
3313 3253 3531 3308 nomine

1952 3340 2076 3397 Filii
2122 3343 2482 3409 oraverimus,
2519 3356 2857 3413 quacunque
2908 3346 3246 3413 petierimus,
3295 3347 3530 3416 accipie-

1954 3436 2173 3501 mus";
2210 3436 2261 3489 in
2297 3437 2514 3490 nomine
2546 3445 2726 3491 autem
2762 3436 3098 3507 angelorum,
3143 3452 3299 3492 nemo
3338 3452 3531 3493 orave-

1954 3528 2043 3581 rit.
2079 3527 2143 3581 Et
2170 3526 2308 3582 Filio
2331 3527 2549 3597 quidem
2582 3544 2686 3583 una
2723 3543 2843 3582 cum
2879 3526 3040 3583 Patre
3068 3530 3235 3598 gloria
3271 3531 3528 3594 debetur;

1956 3621 2161 3690 angelis
2191 3636 2322 3675 vero
2355 3620 2521 3689 gloria
2576 3636 2683 3675 non
2717 3620 2983 3684 defertur,
3023 3624 3113 3675 sed
3155 3622 3332 3690 potius
3372 3623 3531 3689 glori-

1958 3714 2122 3767 ﬁcant
2148 3712 2344 3767 Filium
2380 3728 2500 3765 cum
2541 3710 2723 3769 Patre.
2749 3711 3030 3777 Quomodo
3069 3713 3232 3782 igitur
3260 3730 3382 3767 cum
3413 3724 3531 3767 tan-

1958 3817 2068 3861 tum
2100 3806 2173 3860 sit
2210 3804 2498 3861 discrimen
2532 3804 2673 3859 inter
2698 3804 2917 3873 angelos
2949 3813 3004 3858 et
3041 3803 3259 3870 Filium,
3290 3805 3528 3875 ejusdem

1953 3898 2204 3953 essentia:
2250 3911 2371 3952 esse
2413 3897 2802 3961 censebuntur,
2854 3911 2977 3950 cum
3010 3897 3059 3948 id
3090 3895 3231 3949 nulla
3278 3897 3416 3949 ratio
3445 3896 3529 3950 fe-

1954 3990 2074 4043 rat?
2105 3989 2322 4043 Naturze
2356 3990 2500 4043 enim
2546 3986 2852 4043 diﬂ'erentia
2895 4003 3246 4057 personarum
3283 3988 3529 4059 dignitati

1953 4082 2303 4150 proportione
2333 4076 2563 4151 quadam
2599 4081 2907 4149 respondet.

2166 4278 2396 4343 ALIUD,
2434 4282 2573 4349 quod
2607 4279 2765 4333 etiam
2790 4277 2853 4331 de
2892 4276 3053 4331 Patre
3084 4278 3310 4339 dicatur,

2548 4368 2565 4400 ι
2608 4348 2780 4417 factus
2808 4358 2905 4402 est.
2939 4367 2957 4398 ι

2028 4460 2311 4515 Psalmista
2336 4460 2509 4530 inquit
2540 4476 2554 4513 :
2589 4477 2609 4510 ι
2643 4459 2768 4513 Fias
2797 4459 2925 4513 mihi
2958 4460 3009 4513 in
3059 4459 3225 4514 Deum
3258 4468 3530 4529 protecto-

1960 4568 2071 4609 rem
2107 4554 2183 4620 ³³;
2216 4573 2234 4605 ι
2264 4562 2319 4608 et
2340 4568 2560 4608 rursum
2599 4567 2609 4599 :
2651 4571 2670 4603 ι
2722 4552 2920 4607 Factus
2953 4561 3037 4606 est
3100 4552 3227 4605 mihi
3288 4553 3340 4605 in
3384 4553 3529 4607 saluo

1956 4652 2065 4699 tem
2090 4644 2156 4697 ".
2194 4666 2212 4696 ι
2249 4642 2400 4710 Quod
2430 4644 2474 4697 si
2516 4643 2580 4697 de
2609 4641 2747 4698 Filio
2794 4643 2906 4697 hac
2954 4643 3096 4696 dicta
3130 4658 3249 4697 esse
3308 4652 3531 4699 contem

1956 4737 2110 4799 dant,
2159 4735 2324 4791 etiam
2409 4734 2654 4790 nolentes
2733 4733 3073 4788 testabuntur
3117 4734 3259 4803 quod
3344 4735 3390 4789 is
3436 4736 3529 4805 qui

1954 4838 2171 4884 sanctos
2223 4828 2458 4898 protegit
2512 4836 2579 4883 et
2608 4836 2913 4889 conservat,
2939 4843 3043 4882 non
3068 4829 3136 4882 sit
3159 4828 3398 4894 ejusdem
3432 4844 3529 4883 na-

1955 4931 2089 4978 tura
2123 4937 2245 4976 cum
2302 4921 2618 4987 creaturis;
2666 4937 2787 4976 cum
2836 4920 2967 4990 ipsis
3022 4920 3287 4989 refugium
3362 4929 3529 4988 atque

1954 5012 2196 5068 defensio
2229 5028 2348 5069 esse
2377 5023 2651 5070 cernatur.
2682 5012 2797 5069 Hoc
2820 5014 2969 5068 enim
3022 5014 3121 5067 soli
3192 5012 3302 5068 Deo
3329 5028 3527 5068 conve‘

1953 5107 2056 5161 nit.

1954 5218 2184 5281 ALIUD,
2216 5220 2353 5287 quod
2384 5220 2435 5272 in
2461 5220 2555 5272 illo
2585 5220 2764 5283 dicto;
2827 5235 2848 5269 ι
2894 5217 3059 5271 Tanto
3123 5217 3310 5270 melior
3350 5216 3526 5285 factus

2022 5301 2097 5344 est
2125 5290 2345 5357 angelis,
2386 5307 2404 5339 ι
2439 5290 2646 5341 ιιενὸιιηι
2674 5306 2691 5339 ι
2733 5290 2904 5355 factus
2939 5300 3015 5341 est
3059 5307 3075 5338 ι
3119 5304 3222 5341 ηοη
3261 5288 3324 5342 de
3350 5303 3525 5342 essen-

2017 5361 2090 5412 tia
2130 5358 2523 5427 intelligendum
2545 5368 2640 5411 est.

2022 5473 2078 5527 Si
2117 5491 2133 5525 ι
2185 5472 2367 5541 factus;
2395 5478 2475 5526 est
2507 5490 2525 5522 ι
2571 5485 2784 5540 semper
2822 5472 3043 5527 omnino
3100 5472 3369 5543 signiﬁcat
3422 5473 3524 5530 ali-

1952 5565 2078 5635 quid
2108 5580 2135 5618 a
2168 5564 2335 5620 nihilo
2370 5564 2435 5618 ad
2472 5578 2590 5619 esse
2624 5562 2968 5629 translatum,
3001 5576 3052 5620 ct
3085 5581 3300 5636 semper
3331 5583 3392 5623 ea
3421 5582 3527 5624 vox

1403 5719 1471 5750 ’°‘
1502 5719 1641 5773 Psal.
1678 5737 1834 5787 χχιιι,

1953 5723 2023 5777 lt).
2101 5722 2145 5752 ’⁷
2171 5721 2326 5774 Joan.
2359 5737 2413 5788 κ,
2448 5720 2534 5775 '50.
2612 5720 2654 5751 ’⁸
2681 5719 2834 5775 Joan.
2868 5737 2980 5785 xw,
3006 5722 3058 5776 9.
3134 5725 3180 5754 '9
3216 5722 3372 5779 Joan.
3406 5735 3518 5789 xvr,

268 5784 359 5846 15.
434 5785 478 5815 ³ο
508 5782 665 5839 Joan.
704 5798 818 5852 vttt,
850 5784 938 5843 12.
1012 5788 1051 5818 ³¹
1091 5784 1247 5843 Joan.
1295 5790 1490 5849 ςιφὲὃ.
1526 5860 1530 5861 ί
1569 5792 1611 5823 ³³
1642 5782 1940 5857 ,Ιυιιιιζκιῆ
1981 5795 2069 5848 15.

2148 5794 2191 5823 ³³
2233 5791 2373 5848 Psal.
2408 5807 2533 5855 \‘xx,
2563 5792 2614 5845 5.
2692 5791 2737 5823 ³³
2770 5790 2912 5851 l’sal.
2945 5808 3112 5852 cxvn.
3156 5793 3218 5847 I-i
