4124 6562
551 417 662 475 555

1593 398 1654 454 S.
1692 388 1969 450 CYRILLI
2008 379 2478 441 ALEXANDRINI
2518 376 2842 435 ARCHIEP.

3718 375 3833 433 356

553 539 624 596 de
649 532 949 594 substantia
975 526 1325 601 intelligenda
1350 532 1468 590 est;
1503 520 1829 593 quibusnam
1862 511 1999 568 dixit
2028 507 2127 601 Pa-
2160 532 2167 564 Α

2270 527 2329 597 ἧς
2358 526 2546 589 οὐσίας
2584 526 2619 596 ἡ
2662 524 2804 590 λέξις
2840 522 3120 590 τάττεται,
3147 520 3289 575 τίσιν
3325 519 3511 588 ἔλεγεν
3537 518 3567 572 6
3598 518 3788 589 Σωτήρ
3808 533 3831 548 ο

553 637 643 686 ter
673 643 689 679 :
722 644 740 677 ι
784 620 954 680 Fiatis
976 600 1352 677 misericordes
1372 615 1514 670 sicut
1534 611 1697 667 Pater
1734 613 1915 661 vester
1964 600 2129 655 ctele-

559 720 660 779 stis
691 716 1005 775 misericors
1039 722 1122 768 est
1150 710 1235 764 ιιι
1269 726 1287 762 ο
1340 707 1400 761 Si
1457 703 1603 760 enim
1655 706 1815 755 erant
1842 695 1954 766 jam
1981 692 2019 747 ii
2067 687 2134 742 ad

557 826 698 884 quos
730 825 910 866 sermo
940 807 1031 862 ille
1077 804 1297 860 habitus
1354 798 1478 863 fuit,
1539 790 1811 884 quomodo
1865 786 2133 884 haec-vox,

559 873 711 976 fieri,
743 916 961 973 semper
999 897 1271 969 signiticet
1316 882 1801 976 traductionemad
1837 877 1995 936 esse?
2034 873 2140 976 Ne:

558 963 666 1067 que
697 963 842 1050 enim
866 963 930 1045 uid
958 963 1101 1058 quod
1141 987 1252 1057 jam
1298 993 1400 1046 est,
1437 979 1531 1035 sed
1594 975 1753 1067 quod
1784 986 1916 1067 non‘
1942 976 2047 1067 est,
2072 963 2139 1019 ad

560 1059 684 1142 esse
715 1083 1039 1140 traducitur.
1069 1079 1127 1134 Si
1195 1084 1377 1132 autem
1404 1073 1548 1141 ﬁeri,
1573 1082 1698 1125 cum
1727 1066 1794 1119 de
1842 1062 2007 1117 rebus
2029 1059 2140 1128 jam

562 1175 951 1234 exsistentibus
970 1172 1191 1232 dicitur.
1250 1183 1356 1223 non
1414 1163 1628 1219 initium
1694 1156 1963 1228 quoddam
1999 1148 2144 1205 exsi-

564 1268 746 1326 stendi
778 1268 833 1322 in
861 1264 996 1336 ipsis
1022 1260 1313 1332 signiﬁcat,
1347 1256 1442 1311 sed
1468 1254 1647 1324 potius
1666 1238 2149 1336 mutationem_ali-

568 1359 726 1429 cujus
753 1359 808 1413 in
838 1331 1064 1424 aliquid,
1088 1331 1248 1407 nulla
1286 1354 1436 1403 certe
1482 1343 1624 1401 ratio
1656 1347 1815 1410 coget
1838 1335 1975 1391 utin
2008 1331 2147 1429 Filio

568 1420 685 1516 Dei,
750 1466 773 1501 ι
832 1420 1009 1503 factus
1051 1450 1153 1508 est,
1229 1458 1248 1493 ι
1318 1434 1614 1494 essentiam
1700 1428 1872 1500 ipsius
1941 1420 2152 1496 signiﬁ-

568 1549 675 1597 cet.

773 1681 940 1752 alo
1009 1631 1588 1732 ASSEBTIO
1664 1630 1931 1720 ΧΧΙ.

2240 638 2259 671 ι
2291 617 2512 671 Γίνεσθε
2557 618 2920 688 οἰκτίρμονες,
2962 613 3146 678 καθὼς
3188 613 3283 668 καὶ
3324 612 3353 665 6
3386 613 3577 683 Πατὴρ
3612 610 3765 682 ὑμῶν
3791 609 3819 643 ³

2235 709 2486 781 οὐράνιος
2517 708 2817 779 οἰκτίρμων
2846 705 3020 772 ἑστίν;
3060 723 3079 757 ι
3108 704 3173 758 Εἰ
3202 704 3300 775 μὲν
3323 698 3416 756 οῦν
3450 701 3696 771 ὑπῆρχον
3722 700 3829 769 ήδη

2237 800 2375 872 πρὸς
2399 799 2495 864 οὒς
2514 795 2583 872 ἦν
2609 802 2640 853 ο
2670 798 2847 867 λόγος,
2882 797 2998 861 πῶς
3031 795 3098 851 ἂν
3128 795 3383 867 σημαίνοι
3414 794 3630 855 πάντως
3658 791 3718 845 τὸ
3742 791 3838 861 τί-

2238 897 2453 949 νεσθαι
2482 892 2582 964 τὴν
2613 893 2696 955 είς
2721 890 2783 943 τὸ
2823 885 2965 942 εἶναι
2997 888 3267 957 πάροδον;
3307 887 3382 940 Οὐ
3418 886 3527 957 γάρ
3551 885 3616 938 ἂν
3651 884 3832 953 δήπου

2240 987 2302 1040 τὸ
2335 987 2435 1057 ἤδη
2470 985 2530 1038 ὃν
2552 985 2635 1048 είς
2669 983 2732 1037 τδ
2759 978 2900 1037 εἶναι
2929 981 3168 1052 φέροιτο,
3205 979 3342 1034 ἀλλά
3371 978 3433 1031 τὸ
3467 979 3541 1049 μὴ
3572 976 3653 1030 δν.
3678 974 3751 1029 ‘El
3773 974 3838 1027 δὲ

2243 1080 2389 1133 κατά
2414 1078 2523 1131 τῶν
2568 1076 2738 1130 ὄντων
2769 1074 2831 1128 τδ
2874 1075 3148 1144 γίνεσθαι
3192 1072 3470 1142 κείμενον,
3514 1069 3615 1122 οὐκ
3656 1068 3839 1137 ἀρχήν

2244 1187 2368 1224 τινα
2401 1168 2659 1240 σημαίνει
2688 1167 2789 1237 τῆς
2830 1166 3119 1238 ὑπάρξεως
3152 1163 3383 1226 τούτων,
3412 1160 3549 1216 ἀλλά
3580 1159 3681 1229 τὴν
3724 1156 3841 1210 ἀπό

2246 1277 2393 1324 τινος
2430 1260 2511 1323 εἰς
2554 1277 2608 1313 τι
2637 1257 2966 1330 μεταϐολὴν,
2991 1257 3167 1321 οὐδεὶς
3211 1255 3516 1325 ἀναγκάσει
3544 1251 3699 1318 λόγος
3740 1249 3841 1300 ἐπὶ

2248 1353 2343 1406 τοῦ
2372 1351 2503 1405 Υίοῦ
2546 1351 2641 1406 τοῦ
2671 1350 2831 1417 Θεοῦ,
2855 1350 2917 1403 τὸ
2947 1370 2966 1403 ι
3016 1349 3311 1420 γενόμενος
3346 1366 3365 1399 ›
3397 1346 3497 1418 τῆς
3545 1341 3843 1415 ὑπάρξεως

2251 1438 2392 1497 εῖναι
2428 1442 2784 1514 σημαντικόν.

2728 1631 3091 1718 ΛΟΓΟΣ
3164 1630 3319 1715 ΚΑ
3339 1685 3362 1711 .

572 1794 641 1849 1η
672 1794 869 1875 dictum
896 1791 1031 1845 illud
1050 1787 1326 1875 {postolis
1359 1805 1389 1875 ιΔ
1407 1775 2156 1875 αρε-ειριιέοιιιιξξ

2270 1792 2357 1857 Ξὶς
2378 1790 2471 1875 1τό
2502 1787 2874 1875 ,ρητὸνετοῦ
2912 1786 3312 1875 Ἀὶπορτόλοο-
3358 1802 3377 1837 ι
3413 1785 3851 1875 {magniﬁcare

636 1841 1313 1935 ροὲιιῆῑὶξὴξ’έᾷιὶῖὲέεῖοηξε
1363 1865 1556 1909 nostra:
1595 1841 1816 1935 Iesum,
1852 1847 1941 1918 qui
1984 1841 2155 1935 ξάίέξε

2270 1841 2986 1935 lioﬁ'ai‘o‘ézbgoradt
3028 1857 3328 1935 ἀρχιερέιζ
3366 1841 3851 1935 τῆςρμολογίιις

638 1909 1352 2003 Xi'éi'élti'fe'cii'ibtaﬁisi:
1384 1944 1402 1977 ι
1429 1939 1496 1979 ea:
1520 1909 2024 1991 quoinfert’ur'quo'd
2056 1909 2150 1965 Fi-

643 2005 746 2059 lius
780 2019 882 2056 non
911 2004 978 2055 sit
1013 2016 1164 2069 opus,
1198 2006 1288 2051 aut
1306 2004 1571 2050 creatura.

650 2182 707 2237 Si
739 2179 911 2235 Filius
939 2184 1024 2234 est
1073 2181 1349 2237 creatura,
1397 2181 1623 2225 necesse
1664 2173 1750 2221 est
1792 2159 1954 2217 fateri
1984 2160 2159 2230 ipsum

578 2275 743 2332 etiam
778 2286 899 2328 esse
922 2284 1089 2325 unum
1114 2266 1314 2330 aliquid
1341 2262 1407 2319 ἐχ
1433 2260 1688 2318 omnibus
1710 2297 1725 2323 ,
1754 2268 1933 2327 neque
1957 2252 2162 2307 habere

582 2365 802 2422 deitatis
832 2359 1268 2435 praerogativam,
1307 2354 1560 2409 nimirum
1596 2363 1809 2419 semper
1863 2344 2155 2401 exsistere.

582 2456 716 2514 Atsi
742 2457 847 2512 ltoc
875 2468 1065 2508 verum
1092 2458 1198 2516 est,
1234 2447 1415 2503 omnia
1442 2452 1622 2499 autem
1693 2440 1839 2495 facta
1883 2446 2011 2493 sunt
2066 2446 2164 2505 per

583 2549 806 2613 Filium,
843 2554 900 2601 et
921 2544 1040 2598 sine
1069 2541 1187 2611 ipso
1216 2538 1421 2593 factum
1447 2543 1531 2591 est
1574 2532 1712 2589 nihil
1751 2531 1989 2599 ";ergo
2022 2528 2164 2582 Ver-

584 2641 713 2697 bum
765 2638 1005 2709 seipsum
1036 2641 1206 2689 creat.
1231 2629 1342 2686 Sed
1396 2642 1506 2699 quo
1527 2634 1685 2698 pacto
1710 2622 1882 2696 possit
1917 2621 1972 2677 id
2022 2620 2165 2690 quod

586 2733 825 2791 nondum
853 2728 1087 2794 exsistit,
1116 2725 1356 2795 seipsum
1378 2721 1447 2777 ad
1471 2733 1595 2775 esse
1632 2713 1957 2772 traducere?
1987 2713 2059 2766 At
2118 2709 2167 2766 si

586 2828 694 2885 hoc
763 2821 1099 2895 impossibile
1151 2829 1279 2885 εει,
1314 2832 1422 2874 non
1480 2822 1564 2871 est
1626 2812 1794 2883 igitur
1821 2808 1995 2865 Filius
2025 2820 2167 2862 unus

587 2936 656 2977 ex
678 2918 958 2982 omnibus,
991 2928 1078 2981 ne,
1107 2913 1153 2970 si
1186 2909 1443 2966 omnibus
1465 2912 1878 2969 annumeretur,
1912 2914 2068 2956 suum
2090 2898 2172 2969 ip-

586 3012 701 3069 sius
730 3024 867 3081 opus
890 3021 1013 3064 esse
1054 3004 1318 3060 videatur.

1257 3112 1419 3171 ALlU
1431 3114 1497 3170 D.

665 3238 726 3295 Si
764 3237 942 3295 Filius
973 3243 1060 3293 est
1083 3240 1337 3290 creatura
1367 3248 1382 3286 :
1412 3237 1639 3285 vocatur
1663 3236 1843 3281 autem
1872 3232 1929 3278 et
1973 3230 2058 3277 est
2085 3234 2171 3276 sa-

592 3331 799 3405 pientia
818 3329 997 3386 Patris
1014 3328 1081 3394 ³⁸,
1103 3327 1197 3399 qui
1227 3324 1410 3382 omnia
1432 3323 1484 3378 in
1503 3320 1770 3391 sapientia
1794 3318 1925 3374 fecit
1941 3315 1985 3347 "
2008 3333 2023 3371 :
2044 3330 2174 3384 ergo

593 3422 860 3495 sapientia
885 3420 1120 3491 seipsam
1140 3418 1292 3475 fecit.
1314 3417 1386 3471 At
1412 3415 1457 3470 si
1487 3415 1591 3470 hoc
1619 3412 1911 3467 absurdum
1928 3417 2037 3474 est,
2068 3422 2173 3463 non

594 3522 681 3569 est
703 3527 833 3583 ergo
857 3520 1104 3567 creatura
1145 3506 1339 3570 Filius,
1389 3505 1492 3560 boc
1524 3510 1629 3569 est,
1665 3499 1931 3572 sapientia
1976 3495 2175 3562 Patris,

600 3618 670 3661 ne
690 3604 925 3675 seipsatn
949 3613 1165 3657 creasse
1196 3598 1427 3653 dicatur.

1278 3710 1507 3768 ALIUD.

669 3807 727 3864 Si
755 3806 925 3862 Filius
949 3814 1035 3862 est
1062 3804 1270 3870 factus;
1296 3813 1521 3860 vocatur
1549 3810 1729 3857 autem
1757 3809 1812 3857 et
1831 3807 1916 3857 est
1939 3799 2177 3870 potentia

600 3911 657 3958 et
707 3899 971 3970 sapientia
1009 3898 1100 3953 Dei
1124 3898 1221 3949 “z
1266 3896 1366 3951 fuit
1404 3910 1534 3966 ergo
1593 3903 1806 3963 tempus
1858 3890 2073 3963 aliquod
2100 3890 2177 3961 [in

601 4009 709 4065 quo
743 3993 882 4048 Deus
916 3991 1153 4062 potentia
1179 4000 1234 4046 et
1260 3989 1523 4060 sapientia
1552 3987 1725 4042 caruit
1750 4003 1767 4055 ;
1791 3986 2045 4041 nimirum
2073 3999 2179 4039 non

602 4086 897 4141 exsistente
917 4083 1074 4138 Filio.
1102 4083 1364 4138 Creatura
1395 4086 1539 4136 enim
1571 4096 1635 4135 ex
1659 4094 1723 4134 eo
1752 4078 1896 4148 quod
1949 4094 2054 4133 non
2100 4084 2185 4130 est

607 4179 687 4236 lit.
711 4180 781 4231 At
818 4176 976 4231 Pater
1011 4190 1223 4243 semper
1242 4184 1362 4229 erat
1420 4174 1637 4243 sapiens
1683 4180 1737 4226 et
1784 4181 1997 4241 potens.
2055 4168 2187 4223 Erat

607 4270 789 4341 itaque
809 4280 864 4325 et
899 4266 1071 4324 Filius
1110 4268 1199 4339 qui
1240 4268 1353 4322 lucc
1378 4266 1477 4337 ipsi
1515 4272 1618 4320 est.

1280 4376 1513 4435 ALIUD.

681 4476 738 4533 Si
776 4476 947 4534 Filius
968 4484 1051 4531 est
1083 4482 1355 4539 creatura,
1388 4486 1515 4526 vere
1544 4479 1723 4525 autem
1780 4468 1952 4523 dicit:
2003 4484 2023 4520 ι
2082 4464 2183 4534 Qui

606 4571 742 4627 vidit
778 4585 886 4634 tne,
914 4568 1050 4624 vidit
1076 4566 1291 4622 Patrem
1330 4579 1509 4620 meum
1541 4563 1642 4626 δι.»
1677 4563 1730 4617 in
1754 4568 2003 4616 creatura
2030 4573 2187 4629 appa-

607 4677 694 4722 ret
724 4665 905 4733 imago
945 4661 1145 4726 Patris,
1177 4656 1460 4729 archetypi
1487 4656 1602 4710 sive
1653 4652 1981 4723 exemplaris
2003 4652 2086 4707 sui
2116 4652 2191 4706 si-

611 4757 969 4814 tnilitudincm
992 4752 1257 4810 referens.
1292 4750 1445 4818 Quod
1476 4749 1523 4804 si
1575 4748 1652 4803 ita
1678 4756 1785 4813 est,
1818 4745 1963 4802 nulla
1995 4754 2079 4801 est
2103 4744 2191 4799 in-

612 4858 697 4902 ter
716 4856 1024 4902 creaturam
1048 4853 1105 4899 et
1136 4842 1307 4899 Deum
1328 4840 1673 4908 differentia;
1705 4839 1813 4894 imo
1860 4854 1993 4893 vero
2023 4838 2192 4895 etiam

614 4941 729 5011 ipse
758 4939 865 4994 erit
893 4947 1166 4994 creatura.
1195 4935 1361 5005 Atqui
1392 4934 1437 4990 si
1463 4941 1710 4989 creatura
1732 4948 1838 4988 non
1864 4942 1968 4998 est,
2026 4946 2195 5003 appa-

613 5043 889 5089 retautem
926 5040 1070 5085 totus
1091 5029 1146 5083 in
1173 5027 1341 5093 Filio;
1379 5042 1487 5082 non
1516 5034 1600 5081 est
1634 5040 1765 5097 ergo
1789 5033 2038 5082 creatura
2096 5022 2192 5080 Fi—

614 5123 719 5180 lius
744 5125 835 5195 qui
861 5134 944 5179 est
962 5124 1140 5192 imago
1170 5122 1374 5177 Patris.

1276 5233 1507 5292 ALIUD.

688 5334 748 5404 Si
772 5348 940 5404 Filius
967 5356 1052 5403 est
1077 5358 1348 5414 creatura,
1386 5365 1508 5404 cum
1544 5348 1709 5406 Pater
1734 5350 1911 5407 factus
1938 5366 2043 5407 non
2077 5351 2148 5407 sit
2176 5367 2191 5405 :

614 5440 748 5497 dicit
766 5454 895 5495 vero
922 5442 989 5496 de
1013 5441 1224 5511 seipse:
1264 5459 1284 5492 ι
1325 5442 1423 5508 Qui
1455 5442 1589 5496 vidit
1618 5458 1725 5507 me,
1758 5443 1891 5497 vidit
1917 5442 2189 5509 Patrem,»

615 5532 888 5603 quomodo
916 5532 972 5587 in
999 5548 1065 5588 co
1094 5534 1236 5603 quod
1276 5533 1435 5603 211
1507 5545 1747 5590 creatum
1813 5545 1918 5601 est,
1945 5536 1997 5591 id
2051 5536 2194 5605 quod

616 5636 862 5681 creatum
888 5641 993 5681 non
1022 5634 1106 5682 est
1123 5626 1437 5683 omnimodc
1463 5626 1783 5697 apparebit?
1804 5628 1867 5685 Et
1893 5629 1940 5683 si
1975 5637 2193 5685 creatu-

2326 1929 2496 1999 ἡμῶν
2536 1929 2789 1999 Ἰησοῦν,
2814 1928 3033 1981 πιστὸν
3061 1926 3208 1980 ὄντα
3245 1926 3338 1999 fit
3372 1926 3694 1999 ποιήσαντι
3737 1930 3853 1999 αὐτ

2326 1998 2467 2055 τόν·
2510 2018 2529 2052 ι
2568 1999 2635 2052 τὸ
2666 1998 2735 2051 δὲ
2762 1999 2997 2069 onward

2992 1999 3202 2068 ᾖμεν-ον,
3234 1995 3325 2050 ὅτι
3353 1997 3424 2050 οὐ
3449 1997 3679 2066 ποίημα
3703 1995 3855 2049 οὐδὲ

2328 2071 2550 2140 κτίσμα
2578 2072 2612 2124 ό
2640 2070 2789 2135 Υἱός.

2330 2188 2396 2242 El
2435 2186 2649 2257 ποίημά
2672 2186 2824 2239 ἐστιν
2851 2185 2881 2237 6
2909 2182 3062 2248 Υίὺς,
3092 2181 3154 2236 ἐν
3177 2198 3231 2235 τι
3258 2181 3355 2235 καὶ
3380 2179 3543 2234 αὑτὸν
3571 2175 3712 2234 εἶναι
3740 2177 3857 2231 τῶν

2262 2281 2482 2336 πάντων
2514 2279 2730 2348 ἀνάγκη
2764 2275 3218 2349 προσομολογεῖν,
3253 2274 3354 2327 οὐκ
3377 2272 3568 2343 ἔχοντα
3599 2270 3702 2341 τῆς
3726 2268 3858 2322 θεό-

2263 2387 2425 2443 τητος
2446 2368 2509 2423 τὸ
2539 2367 2838 2440 ἐξαίρετον,
2878 2366 2940 2420 τὸ
2964 2366 3072 2439 ράεὶ
3104 2360 3269 2430 εἶναι,
3309 2362 3475 2434 φημί.
3513 2363 3576 2416 El
3608 2362 3665 2415 δὲ
3689 2360 3860 2414 τοῦτο

2264 2463 2481 2536 ἀληθὲς,
2524 2463 2701 2518 πάντα
2727 2462 2786 2515 δὲ
2816 2461 3010 2531 γέγονε
3044 2459 3114 2514 δι’
3152 2457 3308 2521 Υίοῦ,
3338 2459 3434 2511 καὶ
3465 2456 3636 2527 χωρὶς
3680 2453 3859 2508 αὑτοῦ

2266 2553 2484 2623 ἐγένετο
2501 2551 2622 2605 οὐδὲ
2647 2550 2727 2614 ἓν,
2762 2549 2956 2603 ἑαυτὸν
2979 2549 3009 2602 6
3030 2548 3204 2616 Λόγος
3226 2545 3567 2616 δημιουργεῖ.
3600 2542 3713 2596 Καὶ
3736 2540 3862 2603 πῶς

2269 2645 2336 2700 ἂν
2363 2644 2632 2714 ἐνδέχοιτο
2658 2642 2825 2713 μήπω
2853 2640 2933 2707 ὃν,
2976 2638 3136 2692 ἑαυτὸ
3168 2636 3442 2710 παράγειν
3474 2636 3555 2697 εἰς
3578 2631 3641 2685 τὸ
3669 2626 3814 2684 εἶναι
3842 2646 3861 2695 ;

2269 2740 2332 2793 Ei
2353 2738 2409 2790 δὲ
2440 2736 2599 2789 τοῦτο
2629 2734 2911 2798 ἀδύνατον,
2941 2734 3043 2786 οὐκ
3082 2730 3191 2803 ἄρα
3225 2730 3283 2782 ἓν
3320 2728 3429 2782 τῶν
3464 2727 3683 2781 πάντων
3705 2724 3863 2777 ἐστὶν

2269 2832 2298 2883 ὁ
2326 2832 2477 2896 Υἱὸς,
2510 2830 2597 2885 ἵνα
2647 2828 2724 2901 μὴ
2766 2830 2878 2893 τοῖς
2921 2828 3056 2882 πᾶσι
3095 2823 3617 2897 συναριθμούμενος,
3657 2817 3866 2874 ἑαυτοῦ

2273 2922 2536 2996 φαίνηται
2566 2920 2799 2992 ποίημα.

2959 3122 3164 3178 AAAO.

2349 3237 2412 3289 El
2441 3234 2650 3307 ποίημά
2677 3236 2825 3288 ἐστιν
2853 3235 2881 3288 6
2902 3233 3051 3298 Υἱὸς,
3084 3231 3328 3287 καλεῖται
3353 3232 3411 3288 δὲ
3436 3232 3532 3287 καὶ
3555 3232 3674 3287 ἐστι
3695 3232 3891 3304 σοφίαΔ

2276 3329 2368 3383 τοῦ
2401 3328 2632 3399 [ἰατρὸς.
2660 3327 2720 3392 ὃς
2759 3327 2942 3381 πάντα
2985 3329 3044 3379 ὲν
3079 3326 3241 3398 σοφίᾳ
3278 3327 3556 3399 εποίησεν,
3602 3326 3805 3397 ἑαυτὴν
3832 3326 3871 3396 ἡ

2280 3422 2442 3491 σοφία
2466 3423 2626 3475 ποιεῖ.
2660 3420 2722 3473 El
2752 3420 2809 3473 δὲ
2849 3419 3008 3474 τοῦτο
3040 3421 3263 3484 ἄτοπον,
3293 3420 3395 3475 οὐκ
3431 3420 3549 3474 ἐστι
3591 3418 3809 3490 ποίημα
3839 3421 3873 3471 ὁ

2280 3515 2429 3578 Υἱὸς,
2457 3513 2755 3579 τουτέστιν,
2784 3513 2818 3585 η
2851 3513 3013 3584 σοφία
3044 3512 3139 3568 τοῦ
3176 3513 3407 3585 Πατρὸς,
3440 3513 3529 3567 ἵνα
3563 3512 3641 3584 μὴ
3664 3513 3875 3583 ἑαυτὴν

2281 3605 2607 3678 ἐργάζηται.

2965 3718 3168 3771 ΑΛΛΟ.

2352 3812 2415 3865 Εἰ
2444 3811 2672 3880 γέγονεν
2692 3811 2735 3878 ,ὁ
2764 3809 2914 3875 Υἱὸς,
2954 3810 3202 3863 καλεῖται
3247 3808 3306 3862 δὲ
3336 3809 3432 3863 καὶ
3469 3806 3584 3862 ἔστι
3616 3805 3753 3861 Θεοῦ
3775 3807 3879 3860 δύο

2282 3920 2450 3974 ναμις
2474 3902 2567 3975 καὶ
2590 3901 2727 3956 Θεοῦ
2783 3902 2966 3971 σοφία,
3007 3897 3076 3974 ἦν
3120 3901 3230 3972 ἄρα
3273 3902 3489 3971 χρόνος,
3532 3901 3593 3953 ἐν
3620 3894 3773 3972 ᾧπερ
3795 3897 3877 3970 ἦν

2283 3994 2486 4063 ἄσοφός
2514 4011 2577 4047 τε
2607 3995 2702 4048 καὶ
2738 3993 3001 4058 ἀδύνατος
3032 3994 3061 4045 6
3085 3992 3241 4057 Θεὸς,
3286 3993 3388 4046 οὐκ
3419 3992 3569 4055 ὄντος
3611 3991 3766 4045 Υἱοῦ.
3793 3990 3881 4045 Τὸ

2283 4087 2394 4157 γάρ
2420 4085 2636 4157 ποίημα
2663 4086 2881 4150 πάντως
2917 4087 2982 4140 ὲκ
3009 4085 3102 4140 τοῦ
3148 4086 3225 4159 μὴ
3248 4085 3401 4150 ὄντος
3429 4086 3662 4151 γίνεται.
3697 4084 3879 4153 Σοφὸς

2284 4180 2341 4233 δὲ
2367 4175 2436 4251 ἦν
2453 4179 2542 4232 ἀεὶ
2570 4180 2667 4232 καὶ
2710 4177 2937 4242 δυνατὸς
2968 4178 2998 4231 6
3024 4179 3234 4250 Πατήρ.
3266 4172 3376 4232 Ἦν
3402 4176 3512 4249 ἄρα
3538 4177 3632 4231 καὶ
3658 4174 3785 4241 Υίδς
3810 4175 3881 4239 ὃς

2284 4271 2461 4327 ταῦτά
2485 4272 2632 4325 ἐστιν
2657 4269 2827 4341 αὐτῷ.

2982 4387 3188 4442 ΑΛΛΟ.

2360 4480 2425 4533 El
2461 4478 2674 4551 ποίημά
2712 4480 2859 4533 ἐστιν
2883 4478 2913 4532 6
2941 4479 3092 4544 Υἱὸς,
3119 4479 3269 4549 λέγει
3300 4478 3359 4533 δὲ
3394 4477 3675 4552 ἀληθεύων
3696 4491 3712 4508 ·
3752 4497 3772 4531 ι
3811 4477 3881 4534 ’0

2293 4569 2555 4643 ἑωρακὼς
2588 4570 2713 4642 ἐμὲ,
2759 4570 2976 4642 ἑώρακε
3017 4570 3111 4624 τὸν
3156 4570 3399 4641 Πατέρω
3432 4590 3452 4623 ι
3504 4572 3563 4625 ὲν
3594 4572 3662 4641 τῇ
3697 4569 3883 4624 κτίσει

2292 4664 2541 4735 φαίνεται
2573 4662 2665 4717 τοῦ
2695 4663 2909 4737 Πατρὸς
2941 4664 2975 4734 ἡ
3025 4662 3210 4728 εἰκὼν,
3246 4662 3449 4734 ἔχουσα
3475 4662 3575 4735 τὴν
3616 4662 3885 4734 ὁμοίωσιν

2294 4756 2430 4829 πρὸς
2458 4756 2523 4809 τὸ
2548 4754 2878 4828 ἀρχέτυπον.
2909 4753 2974 4809 El
2998 4754 3056 4808 δὲ
3093 4753 3273 4817 τοῦτο,
3311 4754 3465 4809 οὐδὲν
3504 4756 3562 4809 ὲν
3589 4756 3659 4826 τῇ
3697 4753 3885 4808 κτίσει

2292 4850 2390 4905 καὶ
2424 4848 2503 4920 τῷ
2529 4847 2652 4919 Θεῷ
2680 4848 2744 4902 τὸ
2761 4847 3048 4919 διάφορον*
3076 4846 3228 4901 ἔσται
3252 4846 3310 4900 δὲ
3333 4845 3547 4918 ποίημα
3575 4846 3670 4900 καὶ
3690 4845 3881 4909 αὑτός.

2293 4942 2358 4996 Εἰ
2384 4940 2444 4995 δὲ
2470 4940 2574 4995 οὐκ
2597 4938 2715 4994 ἔστι
2753 4939 2985 5011 ποίημα,
3016 4939 3267 5009 φαίνεται
3290 4936 3347 4990 δὲ
3370 4936 3491 5000 ὅλος
3522 4938 3582 4990 ὲν
3614 4934 3751 5007 Υίῷ,
3778 4937 3889 4991 οὐκ

2294 5036 2406 5108 ἄρα
2434 5033 2650 5105 ποίημά
2668 5034 2816 5087 ἐστιν
2844 5035 2875 5087 6
2895 5032 3023 5096 Υἱὸς
3048 5034 3082 5103 ἡ
3106 5030 3273 5085 εἰκὼν
3290 5028 3385 5084 τοῦ
3412 5029 3647 5102 Πατρός.

2984 5234 3191 5289 ΔΛΔΟ.

2372 5355 2435 5409 Εἰ
2484 5350 2697 5423 ποίημά
2736 5349 2932 5403 ἐστινὸ
2962 5347 3111 5411 Υἱὸς,
3159 5345 3253 5401 τοῦ
3290 5344 3507 5417 Πατρὶις
3532 5344 3596 5399 οὐ
3630 5341 3890 5413 ποιηΟέν-

2301 5463 2413 5510 τος,
2442 5445 2591 5514 λέγει
2624 5443 2683 5498 δὲ
2723 5443 2852 5514 περὶ
2900 5437 3098 5495 ἑαυτοῦ
3119 5455 3133 5470 ο
3167 5456 3187 5490 ι
3243 5437 3305 5491 '0
3351 5436 3615 5509 ἑωρακὼς
3644 5434 3765 5506 ἐμὲ,
3791 5433 3887 5486 ἐώ-

2305 5555 2440 5612 ρακε
2467 5538 2559 5592 τὸν
2602 5535 2842 5606 Πατέρα·
2880 5552 2899 5584 ι
2945 5531 3065 5597 πῶς
3115 5533 3173 5586 έν
3215 5529 3293 5602 τῷ
3326 5529 3685 5600 πεποιημένῳ
3721 5527 3783 5580 τὸ
3815 5528 3891 5597 μὴ

2304 5627 2527 5699 ποιηθὲν
2560 5623 2997 5697 ἀπαραλλάκτως
3022 5623 3303 5694 φανεῖται;
3336 5620 3449 5675 Καὶ
3473 5620 3523 5672 εί
3551 5618 3765 5689 ποίημα
3793 5615 3891 5683 ὢν,

693 5781 740 5854 ’ξ
778 5781 906 5839 Luc.
947 5798 1022 5848 vt,
1064 5783 1154 5838 36.
1232 5781 1278 5815 ³⁸
1321 5781 1483 5840 llebr.
1521 5797 1603 5848 Ill,
1640 5782 1691 5851 l,
1726 5781 1783 5836 2.
1858 5782 1901 5817 ³⁷
1941 5781 2097 5841 Joan.
2141 5801 2167 5840 ιη

2346 5781 2391 5817 ³⁸
2423 5782 2441 5840 l
2470 5782 2594 5841 Cor.
2630 5796 2671 5850 ι,
2694 5780 2787 5838 24.
2864 5782 2909 5815 ³⁹
2937 5778 3082 5841 Psal.
3115 5794 3235 5848 cut,
3261 5777 3351 5834 24.
3428 5777 3475 5812 ’⁸⁸
3501 5776 3526 5832 1
3548 5774 3677 5833 Cor.
3719 5789 3762 5843 t,
3796 5771 3893 5828 Ξὸ.

623 5855 669 5891 δ’
703 5851 859 5909 Joan.
897 5870 1004 5922 xw,
1037 5854 1091 5909 9.
