4124 6500
225 1043 239 1150 l

263 353 381 408 357

1680 346 2052 404 TIIESAURU
2064 345 2124 400 S.

3429 339 3534 394 558

268 467 425 538 λέγει
449 483 463 499 ο
505 481 526 519 ι
569 465 634 520 '0
661 465 922 538 ἑωρακὼς
953 465 1076 537 ἐμὲ,
1105 464 1318 538 ἑώρακε
1342 466 1434 520 τὸν
1468 465 1712 537 Πατέρα,
1751 484 1770 517 ι
1806 465 1859 516 τί

1981 477 2022 516 'a
2063 475 2184 515 cum
2216 460 2304 524 sit,
2355 459 2486 516 dicit
2517 477 2532 514 :
2560 476 2579 511 ι
2613 458 2714 526 Qui
2750 459 2881 515 vidit
2912 473 3019 525 Ine,
3062 459 3198 515 vidit
3235 457 3474 520 Patrem,
3512 474 3532 507 ι

269 558 511 613 κωλύσει
542 558 638 612 καὶ
659 559 807 629 ἡμᾶς
837 561 904 629 τῇ
942 558 1080 629 αὐτῇ
1122 558 1426 628 κεχρῆσθαι
1465 561 1640 628 φωνῇ,
1676 559 1724 610 εί
1762 575 1864 628 μη-

269 650 363 704 δὲν
391 651 586 720 ἕτερον
605 650 735 719 παρ’
763 651 911 719 ἡμᾶς
937 650 966 702 ό
992 649 1144 712 Υἱὸς,
1181 648 1317 702 καθὸ
1350 648 1563 719 ποίημα
1582 648 1678 702 καὶ
1704 647 1865 709 αὐτὸς

273 739 469 809 ὥσπερ
500 739 693 809 ἡμεῖς
729 737 892 790 Ἀλλὰ
921 737 1081 790 τοῦτο
1118 736 1316 790 ἄτοπον
1336 753 1348 766 ⁶
1387 739 1448 790 οὐ
1487 737 1595 807 γὰρ
1628 737 1685 790 ἐν
1710 737 1867 806 ποιή-

275 844 415 896 ματι
439 825 535 880 τοῦ
561 827 637 898 μὴ
669 826 987 895 ποιηθέντος
1009 828 1044 896 ή
1074 827 1354 898 ὁμοιότης.
1378 829 1491 881 Οὐκ
1524 827 1633 899 ἄρα
1654 826 1865 898 ποίημα

273 919 304 971 ὁ
335 919 465 984 Υἱὸς
500 920 535 990 ἠ
570 917 666 973 τοῦ
695 920 909 990 Πατρός
941 918 1361 991 ἀπαράλλακτος
1396 919 1583 974 είκὼν.

938 1240 940 1243 -
966 1203 1174 1260 ΑΛΛΟ.

352 1314 419 1368 Ei
453 1313 667 1386 ποίημά
715 1316 864 1370 ἐστιν
897 1319 926 1371 ό
955 1317 1104 1383 Υἱὸς,
1151 1317 1300 1387 λέγει
1341 1320 1398 1374 δὲ
1443 1321 1746 1393 ἀληθεύων,
1785 1325 1869 1380 ὅτι

288 1425 307 1458 ι
347 1407 533 1461 Πάντα
567 1409 667 1462 ὃσα
695 1409 807 1478 ἔχει
838 1411 866 1463 ό
895 1411 1108 1482 Πατὴρ,
1151 1412 1262 1482 ἐμά
1304 1413 1473 1467 ἐστιν’
1513 1435 1530 1467 ι
1579 1416 1730 1470 οὐδὲν
1760 1419 1870 1488 ἄρα

282 1498 544 1567 περιττὸν
573 1501 631 1551 ὲν
651 1499 774 1569 Θεῷ
803 1500 1245 1571 καὶτκτίσμασιν,
1278 1505 1328 1556 εί
1357 1505 1535 1559 πάντα
1576 1507 1870 1577 πρόσεστιν

279 1589 469 1652 αὐτοῖς
489 1591 590 1643 ὅσα
629 1590 829 1660 καὶτῷ
869 1593 1064 1664 Πατρί.
1110 1594 1173 1645 Ei
1211 1593 1268 1646 δὲ
1303 1595 1459 1650 τοῦτο
1483 1599 1682 1652 ἄτοπον
1713 1599 1868 1667 (πολὺ

281 1683 394 1752 γὰρ
424 1683 486 1736 τὸ
515 1682 672 1736 Θεῖον
712 1684 823 1736 τῶν
849 1687 1172 1755 ποιημάτων
1218 1687 1572 1760 ἀπῴκισται).
1615 1691 1714 1744 οὐκ
1762 1691 1871 1762 ἄρα

1966 553 2094 623 quid
2114 552 2293 606 obstat
2323 553 2613 622 quominus
2644 553 2807 606 etiam
2859 567 2956 607 nos
3007 551 3194 607 eadem
3245 564 3375 604 voce
3415 560 3538 602 uta-

1967 659 2108 707 mur,
2133 644 2178 698 si
2217 644 2432 712 quidem
2475 645 2607 697 nihil
2633 644 2908 697 diversum
2935 652 3018 696 est
3063 659 3091 696 a
3146 642 3300 696 nobis
3346 650 3538 710 quate-

1967 751 2067 790 nus
2089 745 2142 791 et
2173 736 2286 805 ipse
2309 746 2554 791 creatura
2586 747 2666 790 est
2697 744 2754 788 ut
2785 734 2925 789 nos?
2961 733 3064 788 Sed
3105 735 3207 788 huc
3243 733 3537 788 absurdum

1967 837 2089 882 est:
2129 843 2303 896 neque
2333 828 2478 882 enim
2504 827 2557 881 in
2592 841 2656 881 eo
2703 828 2844 895 quod
2876 833 3119 880 creatum
3177 825 3416 892 est,ejns
3450 823 3540 890 qui

1967 927 2186 972 creatus
2239 933 2345 972 non
2407 927 2489 972 est
2544 916 2834 970 similitudo
2892 915 3159 971 consistit.
3191 912 3306 966 Non
3337 922 3418 966 est
3443 913 3544 981 igi-

1969 1018 2058 1063 tur
2120 1017 2369 1063 creatura
2435 1007 2624 1074 Filius,
2695 1009 2787 1077 qui
2848 1017 2931 1062 est
2986 1006 3296 1073 uruniinoda
3363 1003 3545 1057 Patris

1969 1095 2170 1168 imago.

2634 1205 2795 1261 ALIU
2809 1205 2866 1260 D.

2041 1317 2098 1373 Si
2126 1319 2299 1374 Filius
2325 1329 2408 1374 est
2434 1329 2772 1383 creatura,et
2801 1332 2927 1373 vere
2949 1317 3080 1372 dicit
3105 1333 3119 1370 :
3149 1335 3166 1367 ι
3211 1314 3400 1371 Omnia
3428 1330 3549 1386 qua!

1972 1410 2138 1465 habet
2168 1409 2328 1464 Pater
2373 1426 2487 1465 mea
2525 1421 2652 1465 sunt
2685 1412 2775 1462 "z
2827 1428 2845 1462 ι
2887 1409 3020 1463 nihil
3079 1409 3241 1478 igitur
3273 1421 3354 1462 est
3409 1424 3549 1477 prae-

1971 1502 2201 1556 stantius
2235 1501 2286 1554 in
2309 1502 2414 1554 Deo
2439 1517 2597 1571 quam
2630 1503 2680 1555 in
2703 1501 2988 1564 creaturis,
3040 1500 3085 1553 si
3117 1499 3295 1553 omnia
3328 1499 3434 1552 illis
3468 1498 3552 1552 iu-

1971 1603 2097 1649 sunt
2135 1609 2257 1662 qua:
2289 1593 2457 1648 Patri.
2479 1593 2546 1646 At
2571 1594 2614 1648 si
2637 1594 2737 1647 hoc
2771 1593 3066 1647 absurdum
3090 1600 3175 1644 est
3205 1590 3370 1660 (Deus
3401 1589 3548 1644 enim

1973 1682 2238 1738 immensa
2269 1683 2571 1737 diﬂ‘erentia
2606 1700 2634 1736 a
2664 1683 2928 1736 creaturis
2958 1681 3164 1751 distat),
3200 1696 3303 1735 non
3334 1689 3420 1735 est
3448 1681 3552 1746 igi-

282 1772 503 1841 ποίημά
529 1773 674 1826 ἐστιν
695 1775 728 1826 ό
756 1774 901 1837 Υἱὸς,
925 1768 970 1842 ᾧ
1011 1778 1188 1830 πάντα
1219 1779 1478 1846 πρόσεστι
1516 1780 1765 1850 φυσικῶς
1799 1782 1871 1837 τὰ

1981 1782 2063 1828 tur
2085 1785 2332 1830 creatura
2357 1774 2527 1829 Filius
2553 1776 2637 1828 cui
2677 1776 2854 1829 omnia
2888 1775 3072 1828 iusttnt
3090 1772 3408 1828 naturaliter
3431 1785 3553 1842 qua)

282 1863 383 1917 τοῦ
416 1865 628 1936 Πατρός
659 1865 768 1919 ἴδια
802 1866 899 1920 καὶ⁸
926 1867 1195 1939 ἐξαίρετα.

973 1983 1184 2036 ΑΛΛΟ.

359 2092 424 2144 Ei
451 2091 664 2164 ποίημά
686 2093 835 2148 ἐστιν
860 2096 888 2148 ὁ
914 2094 1066 2160 Υἱὸς,
1097 2095 1172 2168 μὴ
1202 2097 1470 2154 καλείσθω
1497 2101 1684 2174 Πατὴρ
1703 2102 1869 2158 αὑτοῦ

285 2184 317 2237 b
345 2183 500 2248 Θεὸς,
549 2184 686 2239 ἀλλὰ
733 2187 934 2257 μᾶλλον
982 2189 1216 2260 ποιητὴς
1264 2189 1296 2260 ἢ
1347 2191 1699 2264 δημιουργός.
1744 2195 1872 2260 Tib;

292 2273 407 2344 γὰρ
435 2274 672 2328 δεικνύει
703 2276 936 2348 πατέρα,
961 2279 1056 2331 καὶ
1087 2280 1299 2350 ποίημα
1316 2279 1407 2334 τὸν
1433 2281 1782 2354 δημιουργόν.
1809 2284 1872 2336 Ei

286 2366 350 2418 δὲ
385 2366 574 2438 Πατὴρ
603 2367 846 2422 καλεῖται
870 2370 965 2423 καὶ
988 2369 1104 2423 ἐστι
1137 2371 1291 2436 θεὸς,
1334 2373 1435 2426 οὐκ
1459 2375 1566 2444 ἄρα
1597 2375 1809 2445 ποίημα
1844 2376 1874 2428 ό

289 2457 444 2522 Υἱὸς,
474 2457 613 2512 ἀλλὰ
652 2460 922 2532 γέννημα,
949 2459 1048 2533 οὑχ
1093 2463 1168 2527 ὡς
1196 2464 1425 2536 ποιητὴν
1457 2465 1548 2518 τὸν
1576 2465 1728 2530 Θεὸν,
1759 2467 1874 2520 ἀλλ’

291 2548 374 2610 ὡς
401 2549 624 2622 Πατέρα
644 2549 863 2622 δηλοῦν.

979 2667 1190 2722 ΑΛΛΟ.

369 2779 435 2832 Ei
473 2779 684 2850 ποίημά
712 2779 866 2835 ἐστιν
897 2782 926 2836 ό
958 2781 1104 2847 Υἱὸς,
1149 2781 1226 2854 μὴ
1264 2783 1535 2838 καλείσθω
1578 2785 1772 2856 Λόγος,
1803 2785 1879 2858 μὴ

297 2869 488 2939 σοφία,
523 2870 599 2942 μὴ
631 2871 884 2943 δύναμις,
937 2874 1012 2943 μὴ
1043 2874 1408 2947 ἀπαύγασμα,
1440 2879 1473 2948 ἢ
1504 2877 1680 2932 ταῦτα
1726 2879 1882 2934 κοινὰ

293 2959 395 3012 καὶ
419 2961 532 3024 τοῖς
560 2960 738 3024 ἄλλοις
766 2962 920 3016 ἔσται
945 2965 1265 3034 ποιήμασιν,
1291 2967 1448 3038 είπερ
1478 2967 1615 3029 ὅλως
1634 2968 1884 3042 κεχώρη-

295 3070 396 3106 κεν
425 3053 566 3106 αὐτὰ
603 3057 790 3124 φορεῖν
833 3055 1043 3125 ποίημα
1074 3053 1150 3107 ὢν
1190 3055 1311 3109 καθ’
1351 3057 1495 3127 ὑμᾶς
1527 3061 1555 3110 ὁ
1584 3057 1729 3122 Υἱός.
1763 3060 1884 3113 Κᾶν

1971 1865 2116 1922 Patri
2143 1867 2360 1936 propria
2388 1867 2696 1937 eximiaque
2725 1867 2932 1920 insunt.

2629 1979 2865 2037 ALIUD.

2047 2088 2104 2145 Si
2128 2090 2296 2146 Filius
2318 2099 2400 2145 est
2430 2100 2700 2155 creatura,
2717 2104 2786 2144 ne
2805 2099 3024 2146 vocetur
3051 2091 3211 2146 Pater
3232 2091 3346 2158 ejus
3375 2091 3542 2156 Deus,

1973 2183 2067 2240 sed
2109 2183 2288 2253 potius
2313 2190 2530 2237 creator
2559 2190 2650 2235 aut
2672 2180 2873 2251 Opifex.
2907 2180 3075 2237 Filius
3132 2183 3273 2237 enim
3323 2183 3557 2236 ostendit

1974 2283 2208 2346 patrem,
2241 2281 2294 2327 et
2321 2283 2572 2327 creatura
2612 2282 2934 2327 creatorem.
2976 2271 3070 2327 Sin
3121 2283 3300 2327 autem
3334 2281 3558 2327 vocatur

1975 2374 2030 2419 et
2059 2376 2142 2420 est
2173 2364 2334 2429 Dens,
2367 2379 2472 2418 non
2501 2364 2688 2432 utique
2715 2374 2965 2418 creatura
2999 2374 3083 2419 est
3113 2365 3307 2429 Filius,
3339 2365 3430 2419 sed
3459 2380 3556 2436 ge-

1977 2456 2179 2520 nimen,
2207 2455 2374 2510 Deum
2412 2469 2518 2510 non
2543 2464 2602 2509 ut
2626 2455 2913 2520 faetorem,
2943 2457 3038 2512 sed
3093 2466 3150 2510 ut
3199 2456 3416 2510 Patrem
3466 2455 3560 2510 de-

1979 2555 2308 2602 monstrans.

2665 2659 2897 2718 ALIUD.

2055 2776 2112 2833 Si
2147 2776 2315 2832 Filius
2336 2783 2423 2830 est
2448 2785 2722 2840 creatura,
2757 2793 2824 2832 ne
2851 2787 3072 2832 vocetur
3095 2775 3354 2840 Verbum,
3389 2790 3455 2831 ne
3474 2791 3564 2832 sa-

1985 2871 2214 2943 pientia,
2246 2886 2313 2926 ne
2346 2871 2586 2941 potentia
2624 2870 2692 2939 “,
2718 2887 2788 2927 ne
2851 2873 3103 2941 splendor
3134 2873 3216 2924 διε
3271 2881 3367 2926 aut
3415 2882 3566 2927 certe

1985 2963 2290 3019 communia
2320 2963 2434 3018 haec
2456 2971 2618 3018 erunt
2647 2964 2812 3018 etiam
2877 2979 2997 3018 cum
3031 2963 3151 3019 aliis
3196 2965 3493 3027 creaturis;
3521 2965 3566 3018 si

1986 3054 2204 3124 quidem
2236 3054 2428 3110 horum
2462 3054 2702 3108 omnium
2729 3069 2984 3125 capacem
3016 3069 3138 3110 esse
3156 3053 3334 3109 dicitis
3364 3054 3564 3109 Filiqu

295 3143 414 3215 γάρ
434 3161 488 3196 τι
513 3143 678 3197 πλέον
707 3143 815 3196 τῶν
844 3145 1019 3198 ἄλλων
1061 3146 1221 3199 αὐτὸν
1247 3145 1390 3218 ἔχειν
1426 3149 1622 3221 λέγητε
1649 3151 1881 3222 ποιημά-

1990 3145 2080 3215 qui
2115 3154 2320 3209 tamen,
2350 3159 2418 3199 ex
2441 3155 2620 3199 vestra
2649 3145 2939 3212 sententia,
2975 3155 3059 3200 est
3117 3155 3386 3200 creatura.
3429 3145 3563 3200 Nam

293 3251 432 3298 των,
461 3233 578 3286 ἀλλ’
607 3233 760 3287 ἐσται
788 3234 952 3287 πάλιν
984 3235 1137 3289 οὐδὲν
1159 3232 1322 3308 ἦττον
1345 3238 1578 3311 ποίημα.
1617 3240 1682 3294 Ei
1711 3241 1767 3295 δὲ
1793 3241 1887 3295 ἐπὶ

301 3326 405 3395 μὲν
439 3326 550 3378 τῶν
579 3325 754 3379 ἄλλων
784 3326 995 3390 οὐδενὸς
1025 3327 1095 3380 τὰ
1122 3328 1352 3383 τοιαῦτα
1378 3331 1615 3400 λέγεται,
1647 3333 1794 3405 μόνῳ
1829 3333 1888 3388 δὲ

299 3419 539 3490 πρέπειν
581 3419 658 3489 τῷ
712 3418 827 3488 Υίῷ
882 3419 1299 3490 ἐπαληθεύεται,
1359 3425 1460 3478 οὐκ
1515 3426 1627 3497 ἄρα
1675 3426 1733 3480 ἓν
1777 3427 1887 3481 τῶν

301 3512 628 3581 ποιημάτων
666 3512 840 3578 ἐστὶν,
873 3512 1011 3566 άλλά
1050 3515 1261 3586 καρπὸς
1290 3517 1389 3588 τῆς
1435 3518 1626 3583 οὐσίας
1649 3518 1744 3573 τοῦ
1771 3520 1887 3574 Πα-

297 3601 455 3673 τρόςο

995 3813 1205 3867 ΑΛΛΟ.

378 3918 444 3974 Ei
468 3921 644 3975 πάντα
669 3921 736 3975 δι’
766 3921 896 3976 Υίοῦ
926 3924 1254 3994 γεγενῆσθαί
1289 3930 1508 3999 φησινή
1537 3929 1656 3985 Θεία
1677 3933 1889 4006 Γραφὴ,

304 4012 521 4082 ποίημα
543 4013 602 4066 δέ
631 4031 714 4077 τις
735 4015 830 4067 καὶ
859 4015 957 4085 οὐχ
981 4016 1109 4069 Tibv
1139 4017 1393 4087 ὁμολογεῖ
1425 4019 1514 4073 τὸν
1543 4023 1735 4092 Λόγον,
1768 4027 1894 4080 Tibv

303 4105 411 4157 οὐκ
437 4103 549 4174 ἔχει
579 4103 730 4168 Θεός.
767 4105 832 4159 Ei
869 4105 925 4158 δὲ
953 4106 1114 4160 τοῦτο
1140 4109 1357 4179 ἀληθὲς,
1398 4111 1514 4176 πῶς
1562 4114 1714 4170 ἔσται
1737 4135 1896 4190 ποιη-

303 4194 431 4265 τὴς,
481 4194 583 4247 οὐκ
634 4195 771 4265 ἔχων
811 4197 880 4248 δι’
930 4190 992 4249 οὗ
1037 4196 1106 4250 τὰ
1151 4201 1329 4253 πάντα
1373 4202 1703 4272 ἐργάζεται;
1759 4209 1894 4262 Ἀλλ’

1989 3238 2203 3293 tametsi
2231 3253 2353 3292 eum
2376 3237 2578 3308 aliquid
2609 3238 2842 3308 amplius
2870 3253 3031 3309 quam
3087 3237 3325 3306 reliquas
3355 3247 3572 3292 creatu-

1988 3345 2079 3385 ras
2109 3331 2312 3385 habere
2376 3330 2666 3395 censeatis,
2714 3329 3066 3384 nihilominus
3137 3338 3317 3385 tamen
3406 3331 3568 3384 etiam

1986 3429 2237 3475 creatura
2265 3428 2368 3477 est.
2395 3420 2459 3474 At
2496 3421 2642 3476 si'de
2673 3420 2822 3476 nulla
2863 3422 2968 3476 alia
3008 3430 3262 3476 creatura
3295 3419 3568 3488 ejusmodi

1990 3509 2266 3576 dicuntur,
2297 3513 2392 3567 sed
2423 3513 2524 3566 soli
2562 3512 2698 3567 Filio
2739 3527 2867 3567 vere
2902 3512 3267 3568 conveniunt:
3323 3526 3430 3566 n0n
3487 3522 3572 3567 est

1989 3600 2154 3671 igitur
2187 3601 2354 3660 Filius
2379 3619 2518 3659 unus
2547 3619 2612 3658 ex
2639 3603 2929 3668 creaturis,
2960 3603 3054 3658 sed
3089 3603 3295 3658 fructus
3322 3606 3572 3659 essentne

1991 3691 2191 3749 Patris.

2663 3806 2897 3862 ALIUD.

2065 3919 2123 3975 Si
2155 3919 2432 3992 Scriptura
2457 3936 2608 3976 sacra
2645 3924 2827 3977 omnia
2881 3937 2977 3993 per
3018 3922 3212 3977 Filium
3265 3922 3406 3978 facta
3449 3936 3572 3976 esse

1998 4011 2252 4076 aliirmat,
2296 4021 2352 4066 at
2379 4027 2472 4066 vos
2496 4011 2736 4066 Verbum
2773 4021 3076 4066 creaturam
3128 4026 3248 4067 esse
3287 4013 3567 4066 contendi-

1999 4107 2086 4168 tis,
2109 4118 2213 4158 non
2252 4102 2449 4158 Filium
2475 4120 2490 4158 :
2520 4105 2658 4158 Deus
2688 4120 2816 4173 ergo
2839 4103 3032 4159 Filium
3066 4119 3171 4157 non
3207 4104 3388 4159 habet.
3417 4103 3572 4170 Quod

1997 4194 2042 4248 si
2061 4208 2246 4247 verum
2292 4203 2397 4260 est,
2441 4193 2712 4264 quomodo
2738 4194 2842 4248 erit
2875 4205 3111 4258 creator,
3155 4209 3280 4247 cum
3337 4208 3441 4247 non
3480 4193 3576 4246 ha-

306 4285 608 4355 ἐργάζεται
637 4286 731 4340 καὶ
759 4286 1085 4360 δημιουργεῖ
1115 4289 1183 4344 τὰ
1211 4291 1388 4345 πάντα
1413 4293 1547 4357 Θεός
1571 4312 1584 4325 °
1619 4295 1764 4349 ἔστιν
1789 4299 1881 4370 ἄρα

2001 4286 2124 4339 beat
2177 4299 2272 4353 per
2299 4300 2456 4353 quem
2526 4288 2708 4340 omnia
2768 4285 2957 4341 creat?
3012 4284 3175 4353 Atqui
3231 4292 3487 4353 operatur
3521 4293 3576 4338 et

305 4377 406 4430 καὶ
442 4379 472 4431 ὁ
507 4376 636 4442 Tib;
666 4380 734 4433 δι’
763 4373 824 4433 οὗ
849 4379 1141 4453 τὰοπάντα,
1174 4382 1234 4436 τὸ
1270 4379 1410 4438 εἶναι
1443 4385 1654 4458 ποίημα
1678 4388 1899 4459 διαφεύ-

306 4485 428 4538 γων
449 4469 527 4534 ὡς
549 4469 705 4535 Θεός.

1000 4670 1204 4724 ΔΛΛΟ.

505 4781 603 4849 Ὠς
635 4781 704 4846 ἐξ
742 4783 1102 4849 ἀντιθέσεως
1155 4785 1275 4840 τῶν
1305 4787 1381 4841 δι’
1418 4789 1715 4854 ἐναντίας.

383 4918 667 4985 Βουλήσει,
714 4921 906 4990 φασὶν,
952 4921 981 4973 ό
1021 4920 1210 4994 Πατὴρ
1250 4922 1341 4978 τὸν
1389 4925 1515 4979 Υίὺν
1564 4925 1895 4998 ὑποστήσας,

305 5008 486 5073 οὕτως
538 5011 699 5063 αὐτὸν
744 5012 966 5082 ἐποίησε
999 5013 1094 5066 καὶ
1139 5013 1491 5086 δημιουργόν.
1541 5017 1676 5071 Ἀπὸ
1704 5018 1760 5072 δὲ
1792 5023 1895 5090 τῆς

305 5102 500 5164 οὐσίας
523 5101 617 5154 τοῦ
647 5102 858 5171 Πατρὺς
886 5102 947 5155 οὗ
975 5121 1155 5174 φαμεν
1194 5105 1460 5178 ὑπάρχειν
1491 5107 1675 5173 αὑτὸν,
1708 5111 1795 5164 ἵνα
1815 5112 1892 5182 μὴ

303 5196 451 5265 τομή
495 5211 581 5258 τις
611 5195 706 5248 καὶ
748 5197 1016 5269 ἀπόρροια
1068 5199 1252 5269 νοῆται
1295 5201 1426 5271 περὶ
1466 5200 1566 5272 τὴν
1617 5201 1896 5274 ἄφραστον

310 5283 534 5355 ἐκείνην
566 5285 774 5340 οὐσίαν.

804 5400 959 5467 Πρὸς
997 5402 1173 5456 τοῦτο
1211 5404 1414 5470 λύσις.

401 5511 540 5565 Ἀλλ’
565 5510 681 5565 ἐστι
709 5512 881 5566 ταῦτα
903 5513 1067 5585 λῆρος
1095 5516 1189 5568 καὶ
1215 5515 1450 5588 φλυαρία
1479 5517 1670 5590 πολλή.
1707 5520 1903 5593 Ἀπόῤ-

316 5602 560 5674 ῥοιαιμὲν
580 5601 690 5673 γὰρ
705 5602 800 5656 καὶ
821 5601 980 5674 τομὴ,
1013 5603 1106 5657 καὶ
1118 5604 1217 5656 ὅσα
1236 5603 1464 5657 τοιαῦτα
1485 5603 1654 5676 πάθη,
1677 5605 1901 5660 νοείσθω

390 5779 436 5812 ιι
467 5778 625 5847 Joan,
653 5796 760 5849 xvi,
791 5781 877 5837 ιδ.
956 5782 1000 5814 σε
1035 5781 1198 5837 lCor.
1233 5799 1271 5851 I,
1306 5782 1397 5839 ει.
1476 5781 1522 5815 ιι
1547 5783 1708 5839 Hebr.
1745 5798 1785 5844 ι,
1810 5784 1862 5840 5.

2001 4385 2148 4429 creat
2190 4376 2373 4429 omnia
2399 4376 2583 4431 Deus:
2644 4387 2728 4431 est
2761 4391 2890 4446 ergo
2940 4383 2994 4431 et
3034 4374 3220 4438 Filius,
3267 4388 3362 4444 per
3413 4388 3574 4442 quem

1924 4501 1974 4562 ι)
2000 4463 2204 4530 omnia,
2233 4463 2445 4521 alienus
2467 4465 2536 4520 ab
2558 4480 2623 4521 eo
2651 4475 2710 4520 ut
2730 4466 2801 4520 sit
2823 4473 3096 4529 creatura,
3120 4462 3575 4534 quemadmodqu

2003 4555 2162 4610 Deus.

2669 4670 2903 4728 ALIUD.

2371 4781 2459 4837 Ex
2489 4782 2779 4853 objections
2805 4783 3191 4837 hwreticorum.

2073 4919 2255 4986 Pater,
2293 4918 2572 4991 inquiunt,
2600 4918 2878 4975 voluntate
2906 4917 3104 4974 Filium
3137 4912 3578 4975 substituens,ita

2001 5026 2217 5082 quoque
2239 5019 2294 5066 et
2322 5011 2499 5081 ipsum
2526 5020 2829 5068 creatorem
2857 5008 3059 5065 effecit.
3087 5007 3165 5062 Ex
3187 5006 3419 5062 essentia
3447 5018 3579 5056 vero

2003 5103 2180 5159 Patris
2227 5119 2352 5159 eum
2406 5105 2673 5160 exsistere
2727 5117 3004 5172 negamus,
3045 5113 3150 5163 ,ne
3205 5095 3375 5151 sectio
3426 5110 3577 5164 qnzc-

2003 5194 2126 5248 dam
2161 5202 2255 5249 aut
2303 5195 2501 5252 divisio
2559 5197 2612 5250 in
2662 5195 2750 5250 illa
2801 5177 3062 5250 ineli'abili
3091 5187 3329 5245 essentia
3365 5195 3579 5243 statua-

2003 5292 2108 5342 ιω.

2403 5400 2566 5470 212
2612 5398 2819 5455 Salutio
2849 5397 3178 5468 objectionis.

2075 5513 2234 5570 Mers:
2257 5530 2432 5586 nugas,
2464 5531 2722 5586 meraque
2747 5515 3097 5571 deliramenta
3131 5515 3246 5571 haze
3272 5521 3418 5569 sunt.
3477 5513 3583 5568 Se-

2005 5607 2112 5666 Ctio
2141 5608 2363 5666 enimet
2395 5609 2610 5677 divisio,
2661 5608 2886 5680 aliaeque
2940 5608 2992 5665 id
3032 5623 3202 5680 genus
3266 5603 3583 5662 aﬂ‘ectiones
