  <div class='ocr_page' id='page_1' title='image "/cluster/home/n/w/nwhite01/storage/ocr_20150623/75/hvd.32044019207935/217.png"; bbox 0 0 4124 6504; ppageno 0'>
   <div class='ocr_carea' id='block_1_1' title="bbox 580 360 685 416">
    <p class='ocr_par' dir='ltr' id='par_1_1' title="bbox 580 360 685 416">
     <span class='ocr_line' id='line_1_1' title="bbox 580 360 685 416; baseline -0.01 0"><span class='ocrx_word' id='word_1_1' title='bbox 580 360 685 416; x_wconf 81' lang='lat'><strong>559</strong></span> 
     </span>
    </p>
   </div>
   <div class='ocr_carea' id='block_1_2' title="bbox 1601 353 2852 411">
    <p class='ocr_par' dir='ltr' id='par_1_2' title="bbox 1601 353 2852 411">
     <span class='ocr_line' id='line_1_2' title="bbox 1601 353 2852 411; baseline 0.002 -3"><span class='ocrx_word' id='word_1_2' title='bbox 1601 354 1660 411; x_wconf 84' lang='lat' dir='ltr'><strong>S.</strong></span> <span class='ocrx_word' id='word_1_3' title='bbox 1701 354 1978 410; x_wconf 79' lang='lat' dir='ltr'><strong>CYRILLI</strong></span> <span class='ocrx_word' id='word_1_4' title='bbox 2022 354 2493 410; x_wconf 78' lang='lat' dir='ltr'><strong>ALEXANDRINI</strong></span> <span class='ocrx_word' id='word_1_5' title='bbox 2533 353 2852 410; x_wconf 81' lang='lat' dir='ltr'><strong>ARCHIEP.</strong></span> 
     </span>
    </p>
   </div>
   <div class='ocr_carea' id='block_1_3' title="bbox 3741 324 3891 412">
    <p class='ocr_par' dir='ltr' id='par_1_3' title="bbox 3741 324 3891 412">
     <span class='ocr_line' id='line_1_3' title="bbox 3741 324 3891 412; baseline 0 -83"><span class='ocrx_word' id='word_1_6' title='bbox 3741 358 3847 412; x_wconf 56' lang='lat'><strong>360</strong></span> <span class='ocrx_word' id='word_1_7' title='bbox 3888 324 3891 329; x_wconf 36' lang='grc' dir='ltr'><strong>λ</strong></span> 
     </span>
    </p>
   </div>
   <div class='ocr_carea' id='block_1_4' title="bbox 582 456 2162 545">
    <p class='ocr_par' dir='ltr' id='par_1_4' title="bbox 582 456 2162 545">
     <span class='ocr_line' id='line_1_4' title="bbox 582 456 2162 545; baseline 0.001 -19"><span class='ocrx_word' id='word_1_8' title='bbox 582 471 901 543; x_wconf 79' lang='lat' dir='ltr'><strong>corporibus</strong></span> <span class='ocrx_word' id='word_1_9' title='bbox 938 471 1266 533; x_wconf 76' lang='lat' dir='ltr'><strong>tribuantur,</strong></span> <span class='ocrx_word' id='word_1_10' title='bbox 1298 466 1494 539; x_wconf 83' lang='lat' dir='ltr'><strong>quibus</strong></span> <span class='ocrx_word' id='word_1_11' title='bbox 1519 478 1573 525; x_wconf 89' lang='lat' dir='ltr'><strong>ct</strong></span> <span class='ocrx_word' id='word_1_12' title='bbox 1600 456 1813 527; x_wconf 83' lang='lat' dir='ltr'><strong>all&#39;eetio</strong></span> <span class='ocrx_word' id='word_1_13' title='bbox 1844 473 1956 528; x_wconf 79' lang='lat' dir='ltr'><strong>sive</strong></span> <span class='ocrx_word' id='word_1_14' title='bbox 1980 473 2162 545; x_wconf 79' lang='lat' dir='ltr'><strong>passio</strong></span> 
     </span>
    </p>
   </div>
   <div class='ocr_carea' id='block_1_5' title="bbox 2264 456 3845 545">
    <p class='ocr_par' dir='ltr' id='par_1_5' title="bbox 2268 468 3845 545">
     <span class='ocr_line' id='line_1_5' title="bbox 2268 468 3845 545; baseline 0 -20"><span class='ocrx_word' id='word_1_15' title='bbox 2268 474 2396 545; x_wconf 77' lang='grc' dir='ltr'>περὶ</span> <span class='ocrx_word' id='word_1_16' title='bbox 2427 472 2497 528; x_wconf 90' lang='grc' dir='ltr'><strong>τά</strong></span> <span class='ocrx_word' id='word_1_17' title='bbox 2522 471 2772 544; x_wconf 82' lang='grc' dir='ltr'>σώματα,</span> <span class='ocrx_word' id='word_1_18' title='bbox 2806 468 2886 535; x_wconf 75' lang='grc' dir='ltr'>οἷς</span> <span class='ocrx_word' id='word_1_19' title='bbox 2911 472 3005 526; x_wconf 76' lang='grc' dir='ltr'><strong>καὶ</strong></span> <span class='ocrx_word' id='word_1_20' title='bbox 3033 472 3095 525; x_wconf 78' lang='grc' dir='ltr'>τὸ</span> <span class='ocrx_word' id='word_1_21' title='bbox 3121 473 3352 543; x_wconf 80' lang='grc' dir='ltr'><strong>πάσχειν</strong></span> <span class='ocrx_word' id='word_1_22' title='bbox 3382 472 3606 525; x_wconf 77' lang='grc' dir='ltr'>οἰκεῖον·</span> <span class='ocrx_word' id='word_1_23' title='bbox 3640 469 3669 523; x_wconf 99' lang='lat'><strong>6</strong></span> <span class='ocrx_word' id='word_1_24' title='bbox 3700 470 3758 525; x_wconf 74' lang='grc' dir='ltr'><strong>δὲ</strong></span> <span class='ocrx_word' id='word_1_25' title='bbox 3783 472 3845 525; x_wconf 84' lang='grc' dir='ltr'>τὺ</span> 
     </span>
    </p>
   </div>
   <div class='ocr_carea' id='block_1_6' title="bbox 582 562 2160 633">
    <p class='ocr_par' dir='ltr' id='par_1_6' title="bbox 582 562 2160 633">
     <span class='ocr_line' id='line_1_6' title="bbox 582 562 2160 633; baseline 0.001 -17"><span class='ocrx_word' id='word_1_26' title='bbox 582 564 793 633; x_wconf 88' lang='lat' dir='ltr'><strong>propria</strong></span> <span class='ocrx_word' id='word_1_27' title='bbox 830 571 953 627; x_wconf 90' lang='lat' dir='ltr'><strong>est;</strong></span> <span class='ocrx_word' id='word_1_28' title='bbox 1007 563 1099 631; x_wconf 90' lang='lat' dir='ltr'><strong>qui</strong></span> <span class='ocrx_word' id='word_1_29' title='bbox 1145 578 1273 619; x_wconf 88' lang='lat' dir='ltr'><strong>vero</strong></span> <span class='ocrx_word' id='word_1_30' title='bbox 1332 577 1631 633; x_wconf 86' lang='lat' dir='ltr'><strong>corporeus</strong></span> <span class='ocrx_word' id='word_1_31' title='bbox 1681 578 1787 617; x_wconf 91' lang='lat' dir='ltr'><strong>non</strong></span> <span class='ocrx_word' id='word_1_32' title='bbox 1850 571 1951 629; x_wconf 89' lang='lat' dir='ltr'><strong>est,</strong></span> <span class='ocrx_word' id='word_1_33' title='bbox 1986 562 2054 617; x_wconf 90' lang='lat' dir='ltr'><strong>ab</strong></span> <span class='ocrx_word' id='word_1_34' title='bbox 2095 577 2160 618; x_wconf 92' lang='lat' dir='ltr'><strong>eo</strong></span> 
     </span>
    </p>
   </div>
   <div class='ocr_carea' id='block_1_7' title="bbox 582 653 2161 725">
    <p class='ocr_par' dir='ltr' id='par_1_7' title="bbox 582 653 2161 725">
     <span class='ocr_line' id='line_1_7' title="bbox 582 653 2161 725; baseline 0.001 -19"><span class='ocrx_word' id='word_1_35' title='bbox 582 654 744 707; x_wconf 88' lang='lat' dir='ltr'><strong>ctiam</strong></span> <span class='ocrx_word' id='word_1_36' title='bbox 779 668 1055 723; x_wconf 87' lang='lat' dir='ltr'><strong>corporeae</strong></span> <span class='ocrx_word' id='word_1_37' title='bbox 1105 654 1425 710; x_wconf 81' lang='lat' dir='ltr'><strong>aﬂ&#39;ectiones</strong></span> <span class='ocrx_word' id='word_1_38' title='bbox 1454 654 1644 709; x_wconf 70' lang='lat' dir='ltr'><strong>alienae</strong></span> <span class='ocrx_word' id='word_1_39' title='bbox 1685 653 2031 725; x_wconf 84' lang='lat' dir='ltr'><strong>sunt.Gignit</strong></span> <span class='ocrx_word' id='word_1_40' title='bbox 2060 655 2161 709; x_wconf 85' lang='lat' dir='ltr'><strong>ita-</strong></span> 
     </span>
    </p>
   </div>
   <div class='ocr_carea' id='block_1_8' title="bbox 582 745 2162 817">
    <p class='ocr_par' dir='ltr' id='par_1_8' title="bbox 582 745 2162 817">
     <span class='ocr_line' id='line_1_8' title="bbox 582 745 2162 817; baseline 0.003 -20"><span class='ocrx_word' id='word_1_41' title='bbox 582 760 686 814; x_wconf 85' lang='lat' dir='ltr'><strong>que</strong></span> <span class='ocrx_word' id='word_1_42' title='bbox 716 745 852 799; x_wconf 88' lang='lat' dir='ltr'><strong>citra</strong></span> <span class='ocrx_word' id='word_1_43' title='bbox 879 745 1037 800; x_wconf 84' lang='lat' dir='ltr'><strong>ullam</strong></span> <span class='ocrx_word' id='word_1_44' title='bbox 1063 746 1356 800; x_wconf 87' lang='lat' dir='ltr'><strong>sectionem</strong></span> <span class='ocrx_word' id='word_1_45' title='bbox 1383 754 1477 799; x_wconf 84' lang='lat' dir='ltr'><strong>aut</strong></span> <span class='ocrx_word' id='word_1_46' title='bbox 1516 746 1820 817; x_wconf 82' lang='lat' dir='ltr'><strong>passionem</strong></span> <span class='ocrx_word' id='word_1_47' title='bbox 1849 746 1895 800; x_wconf 92' lang='lat' dir='ltr'><strong>is</strong></span> <span class='ocrx_word' id='word_1_48' title='bbox 1941 748 2033 816; x_wconf 90' lang='lat' dir='ltr'><strong>qui</strong></span> <span class='ocrx_word' id='word_1_49' title='bbox 2089 747 2162 801; x_wconf 86' lang='lat' dir='ltr'><strong>iu-</strong></span> 
     </span>
    </p>
   </div>
   <div class='ocr_carea' id='block_1_9' title="bbox 583 836 2161 907">
    <p class='ocr_par' dir='ltr' id='par_1_9' title="bbox 583 836 2161 907">
     <span class='ocr_line' id='line_1_9' title="bbox 583 836 2161 907; baseline 0.003 -18"><span class='ocrx_word' id='word_1_50' title='bbox 583 852 874 907; x_wconf 77' lang='lat' dir='ltr'><strong>corporeus</strong></span> <span class='ocrx_word' id='word_1_51' title='bbox 901 846 1002 891; x_wconf 89' lang='lat' dir='ltr'><strong>est.</strong></span> <span class='ocrx_word' id='word_1_52' title='bbox 1041 836 1299 903; x_wconf 82' lang='lat' dir='ltr'><strong>Quaenam</strong></span> <span class='ocrx_word' id='word_1_53' title='bbox 1332 838 1478 891; x_wconf 90' lang='lat' dir='ltr'><strong>enim</strong></span> <span class='ocrx_word' id='word_1_54' title='bbox 1520 837 1703 905; x_wconf 82' lang='lat' dir='ltr'><strong>passio</strong></span> <span class='ocrx_word' id='word_1_55' title='bbox 1756 837 1856 892; x_wconf 93' lang='lat' dir='ltr'><strong>soli</strong></span> <span class='ocrx_word' id='word_1_56' title='bbox 1913 839 2161 893; x_wconf 89' lang='lat' dir='ltr'><strong>accidere</strong></span> 
     </span>
    </p>
   </div>
   <div class='ocr_carea' id='block_1_10' title="bbox 584 927 2160 997">
    <p class='ocr_par' dir='ltr' id='par_1_10' title="bbox 584 927 2160 997">
     <span class='ocr_line' id='line_1_10' title="bbox 584 927 2160 997; baseline 0.003 -18"><span class='ocrx_word' id='word_1_57' title='bbox 584 928 850 991; x_wconf 85' lang='lat' dir='ltr'><strong>cernitur,</strong></span> <span class='ocrx_word' id='word_1_58' title='bbox 881 941 1003 981; x_wconf 90' lang='lat' dir='ltr'><strong>cum</strong></span> <span class='ocrx_word' id='word_1_59' title='bbox 1037 944 1103 979; x_wconf 80' lang='lat' dir='ltr'><strong>ex</strong></span> <span class='ocrx_word' id='word_1_60' title='bbox 1132 942 1190 981; x_wconf 88' lang='lat' dir='ltr'><strong>se</strong></span> <span class='ocrx_word' id='word_1_61' title='bbox 1220 928 1393 997; x_wconf 85' lang='lat' dir='ltr'><strong>gignit</strong></span> <span class='ocrx_word' id='word_1_62' title='bbox 1414 927 1596 981; x_wconf 89' lang='lat' dir='ltr'><strong>lumen</strong></span> <span class='ocrx_word' id='word_1_63' title='bbox 1621 928 1645 980; x_wconf 89' lang='lat'><strong>?</strong></span> <span class='ocrx_word' id='word_1_64' title='bbox 1682 927 1939 994; x_wconf 66' lang='lat' dir='ltr'><strong>Quaenam</strong></span> <span class='ocrx_word' id='word_1_65' title='bbox 1968 928 2160 983; x_wconf 84' lang='lat' dir='ltr'><strong>divisio</strong></span> 
     </span>
    </p>
   </div>
   <div class='ocr_carea' id='block_1_11' title="bbox 586 1020 2162 1089">
    <p class='ocr_par' dir='ltr' id='par_1_11' title="bbox 586 1020 2162 1089">
     <span class='ocr_line' id='line_1_11' title="bbox 586 1020 2162 1089; baseline 0.002 -18"><span class='ocrx_word' id='word_1_66' title='bbox 586 1021 782 1073; x_wconf 82' lang='lat' dir='ltr'><strong>accidit</strong></span> <span class='ocrx_word' id='word_1_67' title='bbox 810 1021 1182 1089; x_wconf 70' lang='lat' dir='ltr'><strong>igui,quando</strong></span> <span class='ocrx_word' id='word_1_68' title='bbox 1229 1020 1679 1076; x_wconf 89' lang='lat' dir='ltr'><strong>illuminationem</strong></span> <span class='ocrx_word' id='word_1_69' title='bbox 1721 1036 1784 1075; x_wconf 88' lang='lat' dir='ltr'><strong>ex</strong></span> <span class='ocrx_word' id='word_1_70' title='bbox 1822 1034 1880 1075; x_wconf 93' lang='lat' dir='ltr'><strong>se</strong></span> <span class='ocrx_word' id='word_1_71' title='bbox 1921 1021 2162 1075; x_wconf 88' lang='lat' dir='ltr'><strong>emittit?</strong></span> 
     </span>
    </p>
   </div>
   <div class='ocr_carea' id='block_1_12' title="bbox 585 1110 2160 1181">
    <p class='ocr_par' dir='ltr' id='par_1_12' title="bbox 585 1110 2160 1181">
     <span class='ocr_line' id='line_1_12' title="bbox 585 1110 2160 1181; baseline 0.003 -20"><span class='ocrx_word' id='word_1_72' title='bbox 585 1110 655 1162; x_wconf 84' lang='lat' dir='ltr'><strong>At</strong></span> <span class='ocrx_word' id='word_1_73' title='bbox 683 1111 727 1164; x_wconf 92' lang='lat' dir='ltr'><strong>si</strong></span> <span class='ocrx_word' id='word_1_74' title='bbox 765 1110 875 1164; x_wconf 65' lang='lat' dir='ltr'><strong>haec</strong></span> <span class='ocrx_word' id='word_1_75' title='bbox 901 1111 1122 1179; x_wconf 84' lang='lat' dir='ltr'><strong>gignunt</strong></span> <span class='ocrx_word' id='word_1_76' title='bbox 1153 1112 1284 1163; x_wconf 88' lang='lat' dir='ltr'><strong>citra</strong></span> <span class='ocrx_word' id='word_1_77' title='bbox 1343 1110 1507 1163; x_wconf 91' lang='lat' dir='ltr'><strong>ullam</strong></span> <span class='ocrx_word' id='word_1_78' title='bbox 1567 1111 1990 1179; x_wconf 81' lang='lat' dir='ltr'><strong>separationem,</strong></span> <span class='ocrx_word' id='word_1_79' title='bbox 2031 1126 2160 1181; x_wconf 86' lang='lat' dir='ltr'><strong>pro-</strong></span> 
     </span>
    </p>
   </div>
   <div class='ocr_carea' id='block_1_13' title="bbox 584 1200 2156 1271">
    <p class='ocr_par' dir='ltr' id='par_1_13' title="bbox 584 1200 2156 1271">
     <span class='ocr_line' id='line_1_13' title="bbox 584 1200 2156 1271; baseline 0.001 -17"><span class='ocrx_word' id='word_1_80' title='bbox 584 1202 897 1269; x_wconf 88' lang='lat' dir='ltr'><strong>ducuntque</strong></span> <span class='ocrx_word' id='word_1_81' title='bbox 923 1215 982 1254; x_wconf 91' lang='lat' dir='ltr'><strong>ea</strong></span> <span class='ocrx_word' id='word_1_82' title='bbox 1013 1216 1131 1268; x_wconf 64' lang='lat' dir='ltr'><strong>quac</strong></span> <span class='ocrx_word' id='word_1_83' title='bbox 1153 1201 1203 1252; x_wconf 94' lang='lat' dir='ltr'><strong>in</strong></span> <span class='ocrx_word' id='word_1_84' title='bbox 1225 1200 1355 1269; x_wconf 86' lang='lat' dir='ltr'><strong>ipsis</strong></span> <span class='ocrx_word' id='word_1_85' title='bbox 1376 1212 1503 1253; x_wconf 91' lang='lat' dir='ltr'><strong>sunt</strong></span> <span class='ocrx_word' id='word_1_86' title='bbox 1529 1201 1731 1269; x_wconf 89' lang='lat' dir='ltr'><strong>absque</strong></span> <span class='ocrx_word' id='word_1_87' title='bbox 1754 1201 1859 1255; x_wconf 89' lang='lat' dir='ltr'><strong>ulla</strong></span> <span class='ocrx_word' id='word_1_88' title='bbox 1888 1204 2156 1271; x_wconf 87' lang='lat' dir='ltr'><strong>passione,</strong></span> 
     </span>
    </p>
   </div>
   <div class='ocr_carea' id='block_1_14' title="bbox 586 1290 2161 1359">
    <p class='ocr_par' dir='ltr' id='par_1_14' title="bbox 586 1290 2161 1359">
     <span class='ocr_line' id='line_1_14' title="bbox 586 1290 2161 1359; baseline 0.001 -14"><span class='ocrx_word' id='word_1_89' title='bbox 586 1292 859 1359; x_wconf 88' lang='lat' dir='ltr'><strong>quomodo</strong></span> <span class='ocrx_word' id='word_1_90' title='bbox 886 1305 990 1343; x_wconf 92' lang='lat' dir='ltr'><strong>non</strong></span> <span class='ocrx_word' id='word_1_91' title='bbox 1022 1290 1187 1344; x_wconf 79' lang='lat' dir='ltr'><strong>multo</strong></span> <span class='ocrx_word' id='word_1_92' title='bbox 1213 1290 1381 1358; x_wconf 84' lang='lat' dir='ltr'><strong>magis</strong></span> <span class='ocrx_word' id='word_1_93' title='bbox 1399 1291 1588 1344; x_wconf 90' lang='lat' dir='ltr'><strong>horum</strong></span> <span class='ocrx_word' id='word_1_94' title='bbox 1612 1302 1827 1345; x_wconf 77' lang='lat' dir='ltr'><strong>creator</strong></span> <span class='ocrx_word' id='word_1_95' title='bbox 1847 1306 1913 1349; x_wconf 84' lang='lat' dir='ltr'><strong>ex</strong></span> <span class='ocrx_word' id='word_1_96' title='bbox 1938 1306 2033 1347; x_wconf 83' lang='lat' dir='ltr'><strong>sua</strong></span> <span class='ocrx_word' id='word_1_97' title='bbox 2063 1307 2161 1347; x_wconf 92' lang='lat' dir='ltr'><strong>na-</strong></span> 
     </span>
    </p>
   </div>
   <div class='ocr_carea' id='block_1_15' title="bbox 590 1382 2163 1452">
    <p class='ocr_par' dir='ltr' id='par_1_15' title="bbox 590 1382 2163 1452">
     <span class='ocr_line' id='line_1_15' title="bbox 590 1382 2163 1452; baseline 0.002 -17"><span class='ocrx_word' id='word_1_98' title='bbox 590 1394 711 1436; x_wconf 85' lang='lat' dir='ltr'><strong>tura</strong></span> <span class='ocrx_word' id='word_1_99' title='bbox 750 1382 1371 1452; x_wconf 79' lang='lat' dir='ltr'><strong>etnittetsplendorern?</strong></span> <span class='ocrx_word' id='word_1_100' title='bbox 1403 1384 1506 1436; x_wconf 82' lang='lat' dir='ltr'><strong>Aut</strong></span> <span class='ocrx_word' id='word_1_101' title='bbox 1555 1383 1825 1451; x_wconf 88' lang='lat' dir='ltr'><strong>quomodo</strong></span> <span class='ocrx_word' id='word_1_102' title='bbox 1881 1383 2163 1439; x_wconf 88' lang='lat' dir='ltr'><strong>character</strong></span> 
     </span>
    </p>
   </div>
   <div class='ocr_carea' id='block_1_16' title="bbox 588 1472 2159 1542">
    <p class='ocr_par' dir='ltr' id='par_1_16' title="bbox 588 1472 2159 1542">
     <span class='ocr_line' id='line_1_16' title="bbox 588 1472 2159 1542; baseline 0.001 -15"><span class='ocrx_word' id='word_1_103' title='bbox 588 1475 655 1527; x_wconf 88' lang='lat' dir='ltr'><strong>ab</strong></span> <span class='ocrx_word' id='word_1_104' title='bbox 685 1474 916 1542; x_wconf 76' lang='lat' dir='ltr'><strong>imagine</strong></span> <span class='ocrx_word' id='word_1_105' title='bbox 931 1472 1257 1541; x_wconf 83' lang='lat' dir='ltr'><strong>separetur?</strong></span> <span class='ocrx_word' id='word_1_106' title='bbox 1295 1472 1520 1541; x_wconf 86' lang='lat' dir='ltr'><strong>Semper</strong></span> <span class='ocrx_word' id='word_1_107' title='bbox 1548 1475 1692 1526; x_wconf 90' lang='lat' dir='ltr'><strong>enim</strong></span> <span class='ocrx_word' id='word_1_108' title='bbox 1728 1475 1840 1529; x_wconf 87' lang='lat' dir='ltr'><strong>haec</strong></span> <span class='ocrx_word' id='word_1_109' title='bbox 1874 1472 2159 1542; x_wconf 87' lang='lat' dir='ltr'><strong>conjuncta</strong></span> 
     </span>
    </p>
   </div>
   <div class='ocr_carea' id='block_1_17' title="bbox 586 1564 2157 1634">
    <p class='ocr_par' dir='ltr' id='par_1_17' title="bbox 586 1564 2157 1634">
     <span class='ocr_line' id='line_1_17' title="bbox 586 1564 2157 1634; baseline -0.002 -12"><span class='ocrx_word' id='word_1_110' title='bbox 586 1577 712 1623; x_wconf 87' lang='lat' dir='ltr'><strong>sunt</strong></span> <span class='ocrx_word' id='word_1_111' title='bbox 740 1565 1007 1634; x_wconf 85' lang='lat' dir='ltr'><strong>simulque</strong></span> <span class='ocrx_word' id='word_1_112' title='bbox 1051 1564 1336 1619; x_wconf 84' lang='lat' dir='ltr'><strong>exsistunt.</strong></span> <span class='ocrx_word' id='word_1_113' title='bbox 1404 1565 1498 1618; x_wconf 87' lang='lat' dir='ltr'><strong>Sin</strong></span> <span class='ocrx_word' id='word_1_114' title='bbox 1561 1580 1688 1619; x_wconf 88' lang='lat' dir='ltr'><strong>vero</strong></span> <span class='ocrx_word' id='word_1_115' title='bbox 1740 1565 1896 1634; x_wconf 81' lang='lat' dir='ltr'><strong>juxta</strong></span> <span class='ocrx_word' id='word_1_116' title='bbox 1943 1565 2157 1620; x_wconf 83' lang='lat' dir='ltr'><strong>illorum</strong></span> 
     </span>
    </p>
   </div>
   <div class='ocr_carea' id='block_1_18' title="bbox 585 1655 2163 1726">
    <p class='ocr_par' dir='ltr' id='par_1_18' title="bbox 585 1655 2163 1726">
     <span class='ocr_line' id='line_1_18' title="bbox 585 1655 2163 1726; baseline 0 -14"><span class='ocrx_word' id='word_1_117' title='bbox 585 1658 913 1726; x_wconf 88' lang='lat' dir='ltr'><strong>opinionem,</strong></span> <span class='ocrx_word' id='word_1_118' title='bbox 946 1655 1096 1709; x_wconf 85' lang='lat' dir='ltr'><strong>arida</strong></span> <span class='ocrx_word' id='word_1_119' title='bbox 1131 1670 1196 1711; x_wconf 89' lang='lat' dir='ltr'><strong>ac</strong></span> <span class='ocrx_word' id='word_1_120' title='bbox 1251 1656 1456 1710; x_wconf 75' lang='lat' dir='ltr'><strong>sterilis</strong></span> <span class='ocrx_word' id='word_1_121' title='bbox 1480 1666 1563 1709; x_wconf 87' lang='lat' dir='ltr'><strong>est</strong></span> <span class='ocrx_word' id='word_1_122' title='bbox 1594 1656 1685 1710; x_wconf 85' lang='lat' dir='ltr'><strong>Dei</strong></span> <span class='ocrx_word' id='word_1_123' title='bbox 1714 1668 1905 1710; x_wconf 89' lang='lat' dir='ltr'><strong>natura</strong></span> <span class='ocrx_word' id='word_1_124' title='bbox 1944 1673 1958 1708; x_wconf 88' lang='lat'><strong>:</strong></span> <span class='ocrx_word' id='word_1_125' title='bbox 2012 1671 2163 1725; x_wconf 75' lang='lat' dir='ltr'><strong>qua:-</strong></span> 
     </span>
    </p>
   </div>
   <div class='ocr_carea' id='block_1_19' title="bbox 587 1748 2159 1820">
    <p class='ocr_par' dir='ltr' id='par_1_19' title="bbox 587 1748 2159 1820">
     <span class='ocr_line' id='line_1_19' title="bbox 587 1748 2159 1820; baseline -0.001 -15"><span class='ocrx_word' id='word_1_126' title='bbox 587 1764 711 1805; x_wconf 89' lang='lat' dir='ltr'><strong>nam</strong></span> <span class='ocrx_word' id='word_1_127' title='bbox 738 1762 802 1803; x_wconf 76' lang='lat' dir='ltr'><strong>ex</strong></span> <span class='ocrx_word' id='word_1_128' title='bbox 849 1749 965 1817; x_wconf 92' lang='lat' dir='ltr'><strong>ipso</strong></span> <span class='ocrx_word' id='word_1_129' title='bbox 1020 1748 1318 1817; x_wconf 81' lang='lat' dir='ltr'><strong>procedens</strong></span> <span class='ocrx_word' id='word_1_130' title='bbox 1365 1748 1616 1804; x_wconf 85' lang='lat' dir='ltr'><strong>voluntas</strong></span> <span class='ocrx_word' id='word_1_131' title='bbox 1665 1750 1848 1804; x_wconf 79' lang='lat' dir='ltr'><strong>elﬁcax</strong></span> <span class='ocrx_word' id='word_1_132' title='bbox 1889 1760 1994 1814; x_wconf 89' lang='lat' dir='ltr'><strong>est,</strong></span> <span class='ocrx_word' id='word_1_133' title='bbox 2040 1764 2159 1820; x_wconf 71' lang='lat' dir='ltr'><strong>qua:</strong></span> 
     </span>
    </p>
   </div>
   <div class='ocr_carea' id='block_1_20' title="bbox 586 1839 2164 1909">
    <p class='ocr_par' dir='ltr' id='par_1_20' title="bbox 586 1839 2164 1909">
     <span class='ocr_line' id='line_1_20' title="bbox 586 1839 2164 1909; baseline 0.001 -16"><span class='ocrx_word' id='word_1_134' title='bbox 586 1839 817 1904; x_wconf 87' lang='lat' dir='ltr'><strong>Filium,</strong></span> <span class='ocrx_word' id='word_1_135' title='bbox 855 1848 912 1892; x_wconf 81' lang='grc' dir='ltr'><strong>ιιι</strong></span> <span class='ocrx_word' id='word_1_136' title='bbox 957 1839 1031 1892; x_wconf 91' lang='lat' dir='ltr'><strong>illi</strong></span> <span class='ocrx_word' id='word_1_137' title='bbox 1062 1840 1263 1903; x_wconf 78' lang='lat' dir='ltr'><strong>volunt,</strong></span> <span class='ocrx_word' id='word_1_138' title='bbox 1297 1841 1593 1905; x_wconf 83' lang='lat' dir='ltr'><strong>substituit,</strong></span> <span class='ocrx_word' id='word_1_139' title='bbox 1643 1841 1877 1895; x_wconf 84' lang='lat' dir='ltr'><strong>creatrix</strong></span> <span class='ocrx_word' id='word_1_140' title='bbox 1922 1840 2164 1909; x_wconf 60' lang='lat' dir='ltr'><strong>quaedam</strong></span> 
     </span>
    </p>
   </div>
   <div class='ocr_carea' id='block_1_21' title="bbox 587 1929 2164 1998">
    <p class='ocr_par' dir='ltr' id='par_1_21' title="bbox 587 1929 2164 1998">
     <span class='ocr_line' id='line_1_21' title="bbox 587 1929 2164 1998; baseline -0.001 -13"><span class='ocrx_word' id='word_1_141' title='bbox 587 1932 878 1992; x_wconf 77' lang='lat' dir='ltr'><strong>exsistens,</strong></span> <span class='ocrx_word' id='word_1_142' title='bbox 899 1939 1152 1983; x_wconf 87' lang='lat' dir='ltr'><strong>eteorum</strong></span> <span class='ocrx_word' id='word_1_143' title='bbox 1172 1931 1290 1998; x_wconf 77' lang='lat' dir='ltr'><strong>quae</strong></span> <span class='ocrx_word' id='word_1_144' title='bbox 1306 1947 1412 1986; x_wconf 88' lang='lat' dir='ltr'><strong>non</strong></span> <span class='ocrx_word' id='word_1_145' title='bbox 1435 1933 1703 1986; x_wconf 78' lang='lat' dir='ltr'><strong>exsistunt</strong></span> <span class='ocrx_word' id='word_1_146' title='bbox 1725 1929 2004 1985; x_wconf 81' lang='lat' dir='ltr'><strong>ell&#39;ectrix?</strong></span> <span class='ocrx_word' id='word_1_147' title='bbox 2030 1929 2164 1985; x_wconf 91' lang='lat' dir='ltr'><strong>Cum</strong></span> 
     </span>
    </p>
   </div>
   <div class='ocr_carea' id='block_1_22' title="bbox 590 2018 2163 2091">
    <p class='ocr_par' dir='ltr' id='par_1_22' title="bbox 590 2018 2163 2091">
     <span class='ocr_line' id='line_1_22' title="bbox 590 2018 2163 2091; baseline 0.001 -19"><span class='ocrx_word' id='word_1_148' title='bbox 590 2020 732 2072; x_wconf 82' lang='lat' dir='ltr'><strong>enim</strong></span> <span class='ocrx_word' id='word_1_149' title='bbox 754 2020 1055 2073; x_wconf 86' lang='lat' dir='ltr'><strong>detrectant</strong></span> <span class='ocrx_word' id='word_1_150' title='bbox 1085 2018 1260 2084; x_wconf 83' lang='lat' dir='ltr'><strong>lateri,</strong></span> <span class='ocrx_word' id='word_1_151' title='bbox 1290 2036 1352 2073; x_wconf 76' lang='lat' dir='ltr'><strong>ex</strong></span> <span class='ocrx_word' id='word_1_152' title='bbox 1399 2021 1632 2073; x_wconf 86' lang='lat' dir='ltr'><strong>essentia</strong></span> <span class='ocrx_word' id='word_1_153' title='bbox 1700 2020 1877 2073; x_wconf 84' lang='lat' dir='ltr'><strong>Patris</strong></span> <span class='ocrx_word' id='word_1_154' title='bbox 1923 2021 2163 2091; x_wconf 87' lang='lat' dir='ltr'><strong>genitum</strong></span> 
     </span>
    </p>
   </div>
   <div class='ocr_carea' id='block_1_23' title="bbox 589 2111 2162 2182">
    <p class='ocr_par' dir='ltr' id='par_1_23' title="bbox 589 2111 2162 2182">
     <span class='ocr_line' id='line_1_23' title="bbox 589 2111 2162 2182; baseline 0.001 -17"><span class='ocrx_word' id='word_1_155' title='bbox 589 2127 709 2165; x_wconf 81' lang='lat' dir='ltr'><strong>esse</strong></span> <span class='ocrx_word' id='word_1_156' title='bbox 730 2126 922 2166; x_wconf 90' lang='lat' dir='ltr'><strong>creans</strong></span> <span class='ocrx_word' id='word_1_157' title='bbox 955 2112 1123 2182; x_wconf 89' lang='lat' dir='ltr'><strong>ipsius</strong></span> <span class='ocrx_word' id='word_1_158' title='bbox 1151 2111 1407 2172; x_wconf 76' lang='lat' dir='ltr'><strong>Verbum,</strong></span> <span class='ocrx_word' id='word_1_159' title='bbox 1441 2124 1469 2163; x_wconf 89' lang='lat' dir='ltr'><strong>a</strong></span> <span class='ocrx_word' id='word_1_160' title='bbox 1506 2112 1731 2165; x_wconf 77' lang='lat' dir='ltr'><strong>veritate</strong></span> <span class='ocrx_word' id='word_1_161' title='bbox 1762 2113 1812 2165; x_wconf 92' lang='lat' dir='ltr'><strong>in</strong></span> <span class='ocrx_word' id='word_1_162' title='bbox 1844 2113 1981 2165; x_wconf 90' lang='lat' dir='ltr'><strong>hunc</strong></span> <span class='ocrx_word' id='word_1_163' title='bbox 2008 2128 2162 2167; x_wconf 84' lang='lat' dir='ltr'><strong>erro-</strong></span> 
     </span>
    </p>
   </div>
   <div class='ocr_carea' id='block_1_24' title="bbox 590 2202 2167 2271">
    <p class='ocr_par' dir='ltr' id='par_1_24' title="bbox 590 2202 2167 2271">
     <span class='ocr_line' id='line_1_24' title="bbox 590 2202 2167 2271; baseline 0 -15"><span class='ocrx_word' id='word_1_164' title='bbox 590 2220 706 2257; x_wconf 86' lang='lat' dir='ltr'><strong>rem</strong></span> <span class='ocrx_word' id='word_1_165' title='bbox 742 2204 1014 2258; x_wconf 87' lang='lat' dir='ltr'><strong>labuntur.</strong></span> <span class='ocrx_word' id='word_1_166' title='bbox 1054 2203 1147 2257; x_wconf 84' lang='lat' dir='ltr'><strong>Est</strong></span> <span class='ocrx_word' id='word_1_167' title='bbox 1176 2202 1316 2256; x_wconf 89' lang='lat' dir='ltr'><strong>cnim</strong></span> <span class='ocrx_word' id='word_1_168' title='bbox 1352 2202 1518 2257; x_wconf 84' lang='lat' dir='ltr'><strong>Filius</strong></span> <span class='ocrx_word' id='word_1_169' title='bbox 1549 2203 1667 2256; x_wconf 81' lang='lat' dir='ltr'><strong>viva</strong></span> <span class='ocrx_word' id='word_1_170' title='bbox 1700 2214 1862 2271; x_wconf 88' lang='lat' dir='ltr'><strong>atque</strong></span> <span class='ocrx_word' id='word_1_171' title='bbox 1910 2206 2167 2257; x_wconf 82' lang='lat' dir='ltr'><strong>essentia-</strong></span> 
     </span>
    </p>
   </div>
   <div class='ocr_carea' id='block_1_25' title="bbox 590 2294 2163 2364">
    <p class='ocr_par' dir='ltr' id='par_1_25' title="bbox 590 2294 2163 2364">
     <span class='ocr_line' id='line_1_25' title="bbox 590 2294 2163 2364; baseline 0.001 -17"><span class='ocrx_word' id='word_1_172' title='bbox 590 2294 713 2349; x_wconf 85' lang='lat' dir='ltr'><strong>liter</strong></span> <span class='ocrx_word' id='word_1_173' title='bbox 744 2295 1068 2351; x_wconf 78' lang='lat' dir='ltr'><strong>inexsistens</strong></span> <span class='ocrx_word' id='word_1_174' title='bbox 1095 2294 1270 2349; x_wconf 88' lang='lat' dir='ltr'><strong>Patris</strong></span> <span class='ocrx_word' id='word_1_175' title='bbox 1301 2294 1568 2357; x_wconf 77' lang='lat' dir='ltr'><strong>voluntas,</strong></span> <span class='ocrx_word' id='word_1_176' title='bbox 1604 2304 1659 2349; x_wconf 85' lang='lat' dir='ltr'><strong>et</strong></span> <span class='ocrx_word' id='word_1_177' title='bbox 1709 2294 1946 2348; x_wconf 81' lang='lat' dir='ltr'><strong>Verbum</strong></span> <span class='ocrx_word' id='word_1_178' title='bbox 1976 2296 2163 2364; x_wconf 88' lang='lat' dir='ltr'><strong>ipsius,</strong></span> 
     </span>
    </p>
   </div>
   <div class='ocr_carea' id='block_1_26' title="bbox 592 2386 1365 2458">
    <p class='ocr_par' dir='ltr' id='par_1_26' title="bbox 592 2386 1365 2458">
     <span class='ocr_line' id='line_1_26' title="bbox 592 2386 1365 2458; baseline -0.004 -17"><span class='ocrx_word' id='word_1_179' title='bbox 592 2403 687 2457; x_wconf 92' lang='lat' dir='ltr'><strong>per</strong></span> <span class='ocrx_word' id='word_1_180' title='bbox 716 2390 855 2458; x_wconf 85' lang='lat' dir='ltr'><strong>quod</strong></span> <span class='ocrx_word' id='word_1_181' title='bbox 884 2386 1061 2442; x_wconf 90' lang='lat' dir='ltr'><strong>omnia</strong></span> <span class='ocrx_word' id='word_1_182' title='bbox 1097 2396 1365 2456; x_wconf 82' lang='lat' dir='ltr'><strong>operatur.</strong></span> 
     </span>
    </p>
   </div>
   <div class='ocr_carea' id='block_1_27' title="bbox 593 2518 2168 2592">
    <p class='ocr_par' dir='ltr' id='par_1_27' title="bbox 593 2518 2168 2592">
     <span class='ocr_line' id='line_1_27' title="bbox 593 2518 2168 2592; baseline 0.004 -20"><span class='ocrx_word' id='word_1_183' title='bbox 593 2518 895 2592; x_wconf 68' lang='lat' dir='ltr'><strong>Observatio</strong></span> <span class='ocrx_word' id='word_1_184' title='bbox 925 2536 991 2573; x_wconf 81' lang='lat' dir='ltr'><strong>ea:</strong></span> <span class='ocrx_word' id='word_1_185' title='bbox 1010 2535 1163 2592; x_wconf 70' lang='lat' dir='ltr'><strong>saera</strong></span> <span class='ocrx_word' id='word_1_186' title='bbox 1203 2519 1500 2592; x_wconf 74' lang='lat' dir='ltr'><strong>Scriptura,</strong></span> <span class='ocrx_word' id='word_1_187' title='bbox 1523 2521 1660 2589; x_wconf 82' lang='lat' dir='ltr'><strong>quod</strong></span> <span class='ocrx_word' id='word_1_188' title='bbox 1688 2520 1845 2575; x_wconf 83' lang='lat' dir='ltr'><strong>etiam</strong></span> <span class='ocrx_word' id='word_1_189' title='bbox 1868 2522 1935 2575; x_wconf 81' lang='lat' dir='ltr'><strong>de</strong></span> <span class='ocrx_word' id='word_1_190' title='bbox 1976 2524 2043 2575; x_wconf 70' lang='lat' dir='ltr'><strong>iis</strong></span> <span class='ocrx_word' id='word_1_191' title='bbox 2077 2524 2168 2592; x_wconf 76' lang='lat' dir='ltr'><strong>qui</strong></span> 
     </span>
    </p>
   </div>
   <div class='ocr_carea' id='block_1_28' title="bbox 654 2588 2166 2659">
    <p class='ocr_par' dir='ltr' id='par_1_28' title="bbox 654 2588 2166 2659">
     <span class='ocr_line' id='line_1_28' title="bbox 654 2588 2166 2659; baseline 0.003 -18"><span class='ocrx_word' id='word_1_192' title='bbox 654 2588 968 2642; x_wconf 79' lang='lat' dir='ltr'><strong>naturaliter</strong></span> <span class='ocrx_word' id='word_1_193' title='bbox 989 2590 1093 2656; x_wconf 76' lang='lat' dir='ltr'><strong>ﬁlii</strong></span> <span class='ocrx_word' id='word_1_194' title='bbox 1121 2599 1263 2652; x_wconf 79' lang='lat' dir='ltr'><strong>sunt,</strong></span> <span class='ocrx_word' id='word_1_195' title='bbox 1290 2607 1309 2639; x_wconf 75' lang='grc' dir='ltr'><strong>ι</strong></span> <span class='ocrx_word' id='word_1_196' title='bbox 1336 2590 1564 2657; x_wconf 75' lang='lat' dir='ltr'><strong>genitum</strong></span> <span class='ocrx_word' id='word_1_197' title='bbox 1606 2606 1734 2657; x_wconf 74' lang='lat' dir='ltr'><strong>esse,</strong></span> <span class='ocrx_word' id='word_1_198' title='bbox 1770 2609 1789 2641; x_wconf 74' lang='grc' dir='ltr'><strong>ι</strong></span> <span class='ocrx_word' id='word_1_199' title='bbox 1839 2601 1886 2644; x_wconf 87' lang='lat' dir='ltr'><strong>et</strong></span> <span class='ocrx_word' id='word_1_200' title='bbox 1915 2610 1931 2640; x_wconf 77' lang='grc' dir='ltr'><strong>ι</strong></span> <span class='ocrx_word' id='word_1_201' title='bbox 1966 2588 2166 2659; x_wconf 74' lang='lat' dir='ltr'><strong>factum</strong></span> 
     </span>
    </p>
   </div>
   <div class='ocr_carea' id='block_1_29' title="bbox 647 2660 1502 2727">
    <p class='ocr_par' dir='ltr' id='par_1_29' title="bbox 647 2660 1502 2727">
     <span class='ocr_line' id='line_1_29' title="bbox 647 2660 1502 2727; baseline 0.002 -17"><span class='ocrx_word' id='word_1_202' title='bbox 647 2675 776 2724; x_wconf 75' lang='lat' dir='ltr'><strong>esse,</strong></span> <span class='ocrx_word' id='word_1_203' title='bbox 814 2677 831 2707; x_wconf 77' lang='grc' dir='ltr'><strong>ι</strong></span> <span class='ocrx_word' id='word_1_204' title='bbox 875 2660 1240 2727; x_wconf 71' lang='lat' dir='ltr'><strong>indifferenter</strong></span> <span class='ocrx_word' id='word_1_205' title='bbox 1268 2660 1502 2712; x_wconf 81' lang='lat' dir='ltr'><strong>dicatur.</strong></span> 
     </span>
    </p>
   </div>
   <div class='ocr_carea' id='block_1_30' title="bbox 661 2788 2167 2860">
    <p class='ocr_par' dir='ltr' id='par_1_30' title="bbox 661 2788 2167 2860">
     <span class='ocr_line' id='line_1_30' title="bbox 661 2788 2167 2860; baseline 0.003 -15"><span class='ocrx_word' id='word_1_206' title='bbox 661 2788 891 2847; x_wconf 77' lang='lat' dir='ltr'><strong>Nomina</strong></span> <span class='ocrx_word' id='word_1_207' title='bbox 921 2791 1054 2846; x_wconf 83' lang='lat' dir='ltr'><strong>nihil</strong></span> <span class='ocrx_word' id='word_1_208' title='bbox 1084 2789 1346 2853; x_wconf 78' lang='lat' dir='ltr'><strong>alliciunt.</strong></span> <span class='ocrx_word' id='word_1_209' title='bbox 1391 2805 1513 2846; x_wconf 90' lang='lat' dir='ltr'><strong>cum</strong></span> <span class='ocrx_word' id='word_1_210' title='bbox 1570 2806 1658 2846; x_wconf 89' lang='lat' dir='ltr'><strong>res</strong></span> <span class='ocrx_word' id='word_1_211' title='bbox 1710 2792 1840 2860; x_wconf 84' lang='lat' dir='ltr'><strong>ipsae</strong></span> <span class='ocrx_word' id='word_1_212' title='bbox 1905 2794 2063 2847; x_wconf 90' lang='lat' dir='ltr'><strong>aliter</strong></span> <span class='ocrx_word' id='word_1_213' title='bbox 2110 2808 2167 2849; x_wconf 91' lang='lat' dir='ltr'><strong>se</strong></span> 
     </span>
    </p>
   </div>
   <div class='ocr_carea' id='block_1_31' title="bbox 592 2878 2169 2951">
    <p class='ocr_par' dir='ltr' id='par_1_31' title="bbox 592 2878 2169 2951">
     <span class='ocr_line' id='line_1_31' title="bbox 592 2878 2169 2951; baseline 0.001 -14"><span class='ocrx_word' id='word_1_214' title='bbox 592 2883 815 2939; x_wconf 82' lang='lat' dir='ltr'><strong>habent.</strong></span> <span class='ocrx_word' id='word_1_215' title='bbox 851 2882 1088 2938; x_wconf 87' lang='lat' dir='ltr'><strong>Tametsi</strong></span> <span class='ocrx_word' id='word_1_216' title='bbox 1126 2883 1267 2937; x_wconf 91' lang='lat' dir='ltr'><strong>enim</strong></span> <span class='ocrx_word' id='word_1_217' title='bbox 1313 2883 1380 2936; x_wconf 90' lang='lat' dir='ltr'><strong>iis</strong></span> <span class='ocrx_word' id='word_1_218' title='bbox 1424 2881 1513 2951; x_wconf 87' lang='lat' dir='ltr'><strong>qui</strong></span> <span class='ocrx_word' id='word_1_219' title='bbox 1548 2892 1743 2941; x_wconf 88' lang='lat' dir='ltr'><strong>natura</strong></span> <span class='ocrx_word' id='word_1_220' title='bbox 1768 2884 1861 2939; x_wconf 90' lang='lat' dir='ltr'><strong>ﬁlii</strong></span> <span class='ocrx_word' id='word_1_221' title='bbox 1887 2894 2033 2951; x_wconf 88' lang='lat' dir='ltr'><strong>sunt,</strong></span> <span class='ocrx_word' id='word_1_222' title='bbox 2062 2878 2169 2939; x_wconf 86' lang='lat' dir='ltr'><strong>scr-</strong></span> 
     </span>
    </p>
   </div>
   <div class='ocr_carea' id='block_1_32' title="bbox 590 2974 2167 3039">
    <p class='ocr_par' dir='ltr' id='par_1_32' title="bbox 590 2974 2167 3039">
     <span class='ocr_line' id='line_1_32' title="bbox 590 2974 2167 3039; baseline 0.004 -12"><span class='ocrx_word' id='word_1_223' title='bbox 590 2976 778 3030; x_wconf 79' lang='lat' dir='ltr'><strong>vitulis</strong></span> <span class='ocrx_word' id='word_1_224' title='bbox 814 2990 1004 3030; x_wconf 91' lang='lat' dir='ltr'><strong>nomen</strong></span> <span class='ocrx_word' id='word_1_225' title='bbox 1053 2974 1488 3030; x_wconf 89' lang='lat' dir='ltr'><strong>accommodetur</strong></span> <span class='ocrx_word' id='word_1_226' title='bbox 1513 3017 1528 3039; x_wconf 90' lang='lat'><strong>,</strong></span> <span class='ocrx_word' id='word_1_227' title='bbox 1567 2975 1831 3031; x_wconf 85' lang='lat' dir='ltr'><strong>naturalis</strong></span> <span class='ocrx_word' id='word_1_228' title='bbox 1876 2977 2167 3033; x_wconf 89' lang='lat' dir='ltr'><strong>nobilitatis</strong></span> 
     </span>
    </p>
   </div>
   <div class='ocr_carea' id='block_1_33' title="bbox 594 3067 2168 3139">
    <p class='ocr_par' dir='ltr' id='par_1_33' title="bbox 594 3067 2168 3139">
     <span class='ocr_line' id='line_1_33' title="bbox 594 3067 2168 3139; baseline 0.001 -17"><span class='ocrx_word' id='word_1_229' title='bbox 594 3068 839 3138; x_wconf 82' lang='lat' dir='ltr'><strong>dignitati</strong></span> <span class='ocrx_word' id='word_1_230' title='bbox 867 3067 1003 3121; x_wconf 90' lang='lat' dir='ltr'><strong>nihil</strong></span> <span class='ocrx_word' id='word_1_231' title='bbox 1038 3067 1285 3138; x_wconf 81' lang='lat' dir='ltr'><strong>derogat.</strong></span> <span class='ocrx_word' id='word_1_232' title='bbox 1323 3067 1499 3135; x_wconf 83' lang='lat' dir='ltr'><strong>Atque</strong></span> <span class='ocrx_word' id='word_1_233' title='bbox 1526 3067 1599 3121; x_wconf 91' lang='lat' dir='ltr'><strong>ita</strong></span> <span class='ocrx_word' id='word_1_234' title='bbox 1642 3068 1805 3122; x_wconf 90' lang='lat' dir='ltr'><strong>etiam</strong></span> <span class='ocrx_word' id='word_1_235' title='bbox 1835 3069 1880 3123; x_wconf 89' lang='lat' dir='ltr'><strong>si</strong></span> <span class='ocrx_word' id='word_1_236' title='bbox 1906 3069 1992 3137; x_wconf 89' lang='lat' dir='ltr'><strong>qui</strong></span> <span class='ocrx_word' id='word_1_237' title='bbox 2020 3069 2168 3139; x_wconf 81' lang='lat' dir='ltr'><strong>geni-</strong></span> 
     </span>
    </p>
   </div>
   <div class='ocr_carea' id='block_1_34' title="bbox 2264 560 3844 633">
    <p class='ocr_par' dir='ltr' id='par_1_34' title="bbox 2264 560 3844 633">
     <span class='ocr_line' id='line_1_34' title="bbox 2264 560 3844 633; baseline -0.001 -18"><span class='ocrx_word' id='word_1_238' title='bbox 2264 560 2401 617; x_wconf 80' lang='grc' dir='ltr'>εἶναι</span> <span class='ocrx_word' id='word_1_239' title='bbox 2431 564 2587 633; x_wconf 86' lang='grc' dir='ltr'>σῶμα</span> <span class='ocrx_word' id='word_1_240' title='bbox 2627 562 2925 632; x_wconf 71' lang='grc' dir='ltr'>διαφυγὼν,</span> <span class='ocrx_word' id='word_1_241' title='bbox 2968 563 3064 615; x_wconf 70' lang='grc' dir='ltr'><strong>καὶ</strong></span> <span class='ocrx_word' id='word_1_242' title='bbox 3106 561 3174 615; x_wconf 75' lang='grc' dir='ltr'>τὰ</span> <span class='ocrx_word' id='word_1_243' title='bbox 3205 563 3474 633; x_wconf 86' lang='grc' dir='ltr'>σωμάτων</span> <span class='ocrx_word' id='word_1_244' title='bbox 3497 561 3844 629; x_wconf 71' lang='grc' dir='ltr'><strong>διαφεύξεται</strong></span> 
     </span>
    </p>
   </div>
   <div class='ocr_carea' id='block_1_35' title="bbox 2264 653 3847 724">
    <p class='ocr_par' dir='ltr' id='par_1_35' title="bbox 2264 653 3847 724">
     <span class='ocr_line' id='line_1_35' title="bbox 2264 653 3847 724; baseline -0.001 -17"><span class='ocrx_word' id='word_1_245' title='bbox 2264 653 2433 724; x_wconf 81' lang='grc' dir='ltr'>πάθη.</span> <span class='ocrx_word' id='word_1_246' title='bbox 2481 654 2670 707; x_wconf 86' lang='grc' dir='ltr'>Τίκτει</span> <span class='ocrx_word' id='word_1_247' title='bbox 2717 654 3003 724; x_wconf 77' lang='grc' dir='ltr'><strong>τοιγαροῦν</strong></span> <span class='ocrx_word' id='word_1_248' title='bbox 3052 654 3365 724; x_wconf 88' lang='grc' dir='ltr'>ἀμερίστως</span> <span class='ocrx_word' id='word_1_249' title='bbox 3414 653 3505 706; x_wconf 69' lang='grc' dir='ltr'><strong>καὶ</strong></span> <span class='ocrx_word' id='word_1_250' title='bbox 3548 653 3777 716; x_wconf 81' lang='grc' dir='ltr'>ἀπαθῶς</span> <span class='ocrx_word' id='word_1_251' title='bbox 3817 656 3847 705; x_wconf 85' lang='grc' dir='ltr'><strong>ὁ</strong></span> 
     </span>
    </p>
   </div>
   <div class='ocr_carea' id='block_1_36' title="bbox 2262 744 3845 817">
    <p class='ocr_par' dir='ltr' id='par_1_36' title="bbox 2262 744 3845 817">
     <span class='ocr_line' id='line_1_36' title="bbox 2262 744 3845 817; baseline 0 -20"><span class='ocrx_word' id='word_1_252' title='bbox 2262 745 2575 816; x_wconf 86' lang='grc' dir='ltr'>ἀσώματος.</span> <span class='ocrx_word' id='word_1_253' title='bbox 2616 747 2774 799; x_wconf 76' lang='grc' dir='ltr'>Ποῖον</span> <span class='ocrx_word' id='word_1_254' title='bbox 2815 745 2924 817; x_wconf 90' lang='grc' dir='ltr'><strong>γάρ</strong></span> <span class='ocrx_word' id='word_1_255' title='bbox 2969 746 3139 809; x_wconf 83' lang='grc' dir='ltr'>πάθος</span> <span class='ocrx_word' id='word_1_256' title='bbox 3187 745 3312 815; x_wconf 73' lang='grc' dir='ltr'>περὶ</span> <span class='ocrx_word' id='word_1_257' title='bbox 3347 744 3435 797; x_wconf 71' lang='grc' dir='ltr'>τὸν</span> <span class='ocrx_word' id='word_1_258' title='bbox 3471 745 3622 814; x_wconf 77' lang='grc' dir='ltr'>ἥλιον</span> <span class='ocrx_word' id='word_1_259' title='bbox 3653 746 3845 815; x_wconf 77' lang='grc' dir='ltr'>ὁρᾶται</span> 
     </span>
    </p>
   </div>
   <div class='ocr_carea' id='block_1_37' title="bbox 2262 835 3841 907">
    <p class='ocr_par' dir='ltr' id='par_1_37' title="bbox 2262 835 3841 907">
     <span class='ocr_line' id='line_1_37' title="bbox 2262 835 3841 907; baseline -0.002 -17"><span class='ocrx_word' id='word_1_260' title='bbox 2262 837 2563 907; x_wconf 88' lang='grc' dir='ltr'>γινόμενον,</span> <span class='ocrx_word' id='word_1_261' title='bbox 2592 838 2677 891; x_wconf 75' lang='grc' dir='ltr'><strong>ὅτε</strong></span> <span class='ocrx_word' id='word_1_262' title='bbox 2712 838 2889 891; x_wconf 88' lang='grc' dir='ltr'>τίκτει</span> <span class='ocrx_word' id='word_1_263' title='bbox 2918 837 2976 890; x_wconf 85' lang='grc' dir='ltr'><strong>τὸ</strong></span> <span class='ocrx_word' id='word_1_264' title='bbox 3014 838 3158 907; x_wconf 54' lang='grc' dir='ltr'>φῶς</span> <span class='ocrx_word' id='word_1_265' title='bbox 3193 840 3351 898; x_wconf 86' lang='grc' dir='ltr'>Ποῖος</span> <span class='ocrx_word' id='word_1_266' title='bbox 3394 835 3680 905; x_wconf 80' lang='grc' dir='ltr'>συμϐαίνει</span> <span class='ocrx_word' id='word_1_267' title='bbox 3715 839 3841 907; x_wconf 73' lang='grc' dir='ltr'>περὶ</span> 
     </span>
    </p>
   </div>
   <div class='ocr_carea' id='block_1_38' title="bbox 2261 928 3837 1002">
    <p class='ocr_par' dir='ltr' id='par_1_38' title="bbox 2261 928 3837 1002">
     <span class='ocr_line' id='line_1_38' title="bbox 2261 928 3837 1002; baseline 0 -21"><span class='ocrx_word' id='word_1_268' title='bbox 2261 928 2324 982; x_wconf 79' lang='grc' dir='ltr'>τὸ</span> <span class='ocrx_word' id='word_1_269' title='bbox 2352 929 2462 999; x_wconf 90' lang='grc' dir='ltr'><strong>πῦρ</strong></span> <span class='ocrx_word' id='word_1_270' title='bbox 2495 928 2781 999; x_wconf 72' lang='grc' dir='ltr'>μερισμὸς,</span> <span class='ocrx_word' id='word_1_271' title='bbox 2813 931 2942 983; x_wconf 85' lang='grc' dir='ltr'>ὅταν</span> <span class='ocrx_word' id='word_1_272' title='bbox 2981 930 3245 1002; x_wconf 81' lang='grc' dir='ltr'>ὲκπέμπῃ</span> <span class='ocrx_word' id='word_1_273' title='bbox 3276 928 3363 983; x_wconf 75' lang='grc' dir='ltr'><strong>τὸν</strong></span> <span class='ocrx_word' id='word_1_274' title='bbox 3404 930 3462 996; x_wconf 80' lang='grc' dir='ltr'>ἐξ</span> <span class='ocrx_word' id='word_1_275' title='bbox 3492 929 3687 982; x_wconf 77' lang='grc' dir='ltr'>ἑαυτοῦ</span> <span class='ocrx_word' id='word_1_276' title='bbox 3728 945 3837 997; x_wconf 80' lang='grc' dir='ltr'><strong>φω-</strong></span> 
     </span>
    </p>
   </div>
   <div class='ocr_carea' id='block_1_39' title="bbox 2262 1018 3839 1090">
    <p class='ocr_par' dir='ltr' id='par_1_39' title="bbox 2262 1018 3839 1090">
     <span class='ocr_line' id='line_1_39' title="bbox 2262 1018 3839 1090; baseline 0.001 -19"><span class='ocrx_word' id='word_1_277' title='bbox 2262 1021 2488 1089; x_wconf 85' lang='grc' dir='ltr'>τισμόν;</span> <span class='ocrx_word' id='word_1_278' title='bbox 2520 1020 2583 1073; x_wconf 83' lang='grc' dir='ltr'>Εί</span> <span class='ocrx_word' id='word_1_279' title='bbox 2615 1019 2671 1071; x_wconf 85' lang='grc' dir='ltr'>δὲ</span> <span class='ocrx_word' id='word_1_280' title='bbox 2698 1018 2868 1073; x_wconf 81' lang='grc' dir='ltr'>ταῦτα</span> <span class='ocrx_word' id='word_1_281' title='bbox 2893 1021 3056 1089; x_wconf 80' lang='grc' dir='ltr'>γεννᾷ</span> <span class='ocrx_word' id='word_1_282' title='bbox 3084 1020 3181 1089; x_wconf 77' lang='grc' dir='ltr'><strong>μὲν</strong></span> <span class='ocrx_word' id='word_1_283' title='bbox 3204 1022 3538 1090; x_wconf 79' lang='grc' dir='ltr'>ἁμερίστως,</span> <span class='ocrx_word' id='word_1_284' title='bbox 3564 1022 3839 1089; x_wconf 81' lang='grc' dir='ltr'>ἐκπέμπει</span> 
     </span>
    </p>
   </div>
   <div class='ocr_carea' id='block_1_40' title="bbox 2262 1112 3843 1182">
    <p class='ocr_par' dir='ltr' id='par_1_40' title="bbox 2262 1112 3843 1182">
     <span class='ocr_line' id='line_1_40' title="bbox 2262 1112 3843 1182; baseline 0.001 -19"><span class='ocrx_word' id='word_1_285' title='bbox 2262 1112 2412 1165; x_wconf 83' lang='grc' dir='ltr'>δὲτὰ</span> <span class='ocrx_word' id='word_1_286' title='bbox 2456 1112 2515 1179; x_wconf 81' lang='grc' dir='ltr'>ἐξ</span> <span class='ocrx_word' id='word_1_287' title='bbox 2564 1113 2771 1165; x_wconf 78' lang='grc' dir='ltr'><strong>ἑαυτῶν</strong></span> <span class='ocrx_word' id='word_1_288' title='bbox 2816 1112 3062 1175; x_wconf 82' lang='grc' dir='ltr'>ἀπαθῶς,</span> <span class='ocrx_word' id='word_1_289' title='bbox 3100 1114 3217 1174; x_wconf 86' lang='grc' dir='ltr'><strong>πῶς</strong></span> <span class='ocrx_word' id='word_1_290' title='bbox 3255 1113 3315 1163; x_wconf 75' lang='grc' dir='ltr'><strong>οὐ</strong></span> <span class='ocrx_word' id='word_1_291' title='bbox 3359 1112 3540 1182; x_wconf 86' lang='grc' dir='ltr'>πολλῷ</span> <span class='ocrx_word' id='word_1_292' title='bbox 3583 1113 3784 1181; x_wconf 86' lang='grc' dir='ltr'>μᾶλλον</span> <span class='ocrx_word' id='word_1_293' title='bbox 3810 1114 3843 1164; x_wconf 88' lang='lat'><strong>6</strong></span> 
     </span>
    </p>
   </div>
   <div class='ocr_carea' id='block_1_41' title="bbox 2260 1203 3843 1274">
    <p class='ocr_par' dir='ltr' id='par_1_41' title="bbox 2260 1203 3843 1274">
     <span class='ocr_line' id='line_1_41' title="bbox 2260 1203 3843 1274; baseline 0.001 -19"><span class='ocrx_word' id='word_1_294' title='bbox 2260 1203 2465 1256; x_wconf 79' lang='grc' dir='ltr'>τούτων</span> <span class='ocrx_word' id='word_1_295' title='bbox 2524 1203 2752 1274; x_wconf 82' lang='grc' dir='ltr'>ποιητὴς</span> <span class='ocrx_word' id='word_1_296' title='bbox 2802 1204 2899 1273; x_wconf 80' lang='grc' dir='ltr'>τῆς</span> <span class='ocrx_word' id='word_1_297' title='bbox 2946 1203 3139 1256; x_wconf 79' lang='grc' dir='ltr'>ἑαυτοῦ</span> <span class='ocrx_word' id='word_1_298' title='bbox 3198 1204 3410 1271; x_wconf 84' lang='grc' dir='ltr'>φύσεως</span> <span class='ocrx_word' id='word_1_299' title='bbox 3468 1204 3734 1273; x_wconf 72' lang='grc' dir='ltr'>ἐκπέμψει</span> <span class='ocrx_word' id='word_1_300' title='bbox 3778 1204 3843 1256; x_wconf 77' lang='grc' dir='ltr'>τὸ</span> 
     </span>
    </p>
   </div>
   <div class='ocr_carea' id='block_1_42' title="bbox 2261 1294 3844 1366">
    <p class='ocr_par' dir='ltr' id='par_1_42' title="bbox 2261 1294 3844 1366">
     <span class='ocr_line' id='line_1_42' title="bbox 2261 1294 3844 1366; baseline -0.001 -20"><span class='ocrx_word' id='word_1_301' title='bbox 2261 1294 2635 1365; x_wconf 75' lang='grc' dir='ltr'>ἀπαύγασμα;</span> <span class='ocrx_word' id='word_1_302' title='bbox 2665 1295 2799 1349; x_wconf 84' lang='grc' dir='ltr'><strong>Πότε</strong></span> <span class='ocrx_word' id='word_1_303' title='bbox 2822 1296 3107 1366; x_wconf 73' lang='grc' dir='ltr'>χαρακτὴρ</span> <span class='ocrx_word' id='word_1_304' title='bbox 3134 1296 3341 1357; x_wconf 69' lang='grc' dir='ltr'>εἰκόνος</span> <span class='ocrx_word' id='word_1_305' title='bbox 3365 1295 3694 1364; x_wconf 74' lang='grc' dir='ltr'>χωρίζεται;</span> <span class='ocrx_word' id='word_1_306' title='bbox 3729 1295 3844 1347; x_wconf 77' lang='lat' dir='ltr'><strong>‘As‘:</strong></span> 
     </span>
    </p>
   </div>
   <div class='ocr_carea' id='block_1_43' title="bbox 2261 1383 3842 1455">
    <p class='ocr_par' dir='ltr' id='par_1_43' title="bbox 2261 1383 3842 1455">
     <span class='ocr_line' id='line_1_43' title="bbox 2261 1383 3842 1455; baseline -0.001 -18"><span class='ocrx_word' id='word_1_307' title='bbox 2261 1385 2369 1455; x_wconf 78' lang='grc' dir='ltr'>γὰρ</span> <span class='ocrx_word' id='word_1_308' title='bbox 2403 1386 2537 1455; x_wconf 78' lang='grc' dir='ltr'>αὐτῇ</span> <span class='ocrx_word' id='word_1_309' title='bbox 2586 1385 2908 1454; x_wconf 81' lang='grc' dir='ltr'>συμπέφυκέ</span> <span class='ocrx_word' id='word_1_310' title='bbox 2948 1402 3005 1438; x_wconf 89' lang='grc' dir='ltr'><strong>τε</strong></span> <span class='ocrx_word' id='word_1_311' title='bbox 3040 1385 3133 1437; x_wconf 78' lang='grc' dir='ltr'>καὶ</span> <span class='ocrx_word' id='word_1_312' title='bbox 3166 1384 3485 1455; x_wconf 77' lang='grc' dir='ltr'><strong>ἐνυπάρχει.</strong></span> <span class='ocrx_word' id='word_1_313' title='bbox 3521 1385 3583 1437; x_wconf 79' lang='lat' dir='ltr'><strong>Ei</strong></span> <span class='ocrx_word' id='word_1_314' title='bbox 3627 1384 3684 1436; x_wconf 80' lang='grc' dir='ltr'><strong>δὲ</strong></span> <span class='ocrx_word' id='word_1_315' title='bbox 3718 1383 3842 1437; x_wconf 81' lang='grc' dir='ltr'>κατ’</span> 
     </span>
    </p>
   </div>
   <div class='ocr_carea' id='block_1_44' title="bbox 2260 1475 3842 1546">
    <p class='ocr_par' dir='ltr' id='par_1_44' title="bbox 2260 1475 3842 1546">
     <span class='ocr_line' id='line_1_44' title="bbox 2260 1475 3842 1546; baseline 0 -19"><span class='ocrx_word' id='word_1_316' title='bbox 2260 1477 2499 1538; x_wconf 78' lang='grc' dir='ltr'>ἐκείνους</span> <span class='ocrx_word' id='word_1_317' title='bbox 2528 1476 2666 1546; x_wconf 77' lang='grc' dir='ltr'><strong>ξηρά</strong></span> <span class='ocrx_word' id='word_1_318' title='bbox 2697 1478 2790 1529; x_wconf 81' lang='grc' dir='ltr'>καὶ</span> <span class='ocrx_word' id='word_1_319' title='bbox 2826 1476 3073 1545; x_wconf 76' lang='grc' dir='ltr'>ἄκαρπός</span> <span class='ocrx_word' id='word_1_320' title='bbox 3102 1479 3250 1529; x_wconf 77' lang='grc' dir='ltr'>ἐστιν</span> <span class='ocrx_word' id='word_1_321' title='bbox 3278 1479 3310 1545; x_wconf 78' lang='grc' dir='ltr'>ἡ</span> <span class='ocrx_word' id='word_1_322' title='bbox 3343 1476 3437 1529; x_wconf 91' lang='grc' dir='ltr'><strong>τοῦ</strong></span> <span class='ocrx_word' id='word_1_323' title='bbox 3477 1475 3630 1545; x_wconf 79' lang='grc' dir='ltr'>Θεοῦ]</span> <span class='ocrx_word' id='word_1_324' title='bbox 3654 1475 3842 1543; x_wconf 83' lang='grc' dir='ltr'>φύσις,</span> 
     </span>
    </p>
   </div>
   <div class='ocr_carea' id='block_1_45' title="bbox 2260 1565 3845 1637">
    <p class='ocr_par' dir='ltr' id='par_1_45' title="bbox 2260 1565 3845 1637">
     <span class='ocr_line' id='line_1_45' title="bbox 2260 1565 3845 1637; baseline -0.001 -18"><span class='ocrx_word' id='word_1_325' title='bbox 2260 1566 2395 1636; x_wconf 81' lang='grc' dir='ltr'>τίςὴ</span> <span class='ocrx_word' id='word_1_326' title='bbox 2442 1565 2502 1629; x_wconf 80' lang='grc' dir='ltr'>ἐξ</span> <span class='ocrx_word' id='word_1_327' title='bbox 2529 1565 2693 1618; x_wconf 80' lang='grc' dir='ltr'>αὑτοῦ</span> <span class='ocrx_word' id='word_1_328' title='bbox 2733 1566 3069 1637; x_wconf 79' lang='grc' dir='ltr'>προελθοῦσα</span> <span class='ocrx_word' id='word_1_329' title='bbox 3104 1566 3357 1635; x_wconf 78' lang='grc' dir='ltr'>βούλησις</span> <span class='ocrx_word' id='word_1_330' title='bbox 3388 1566 3642 1637; x_wconf 77' lang='grc' dir='ltr'>ἐνεργὴς,</span> <span class='ocrx_word' id='word_1_331' title='bbox 3680 1566 3714 1636; x_wconf 77' lang='grc' dir='ltr'><strong>ἢ</strong></span> <span class='ocrx_word' id='word_1_332' title='bbox 3749 1566 3845 1619; x_wconf 69' lang='grc' dir='ltr'><strong>καὶ</strong></span> 
     </span>
    </p>
   </div>
   <div class='ocr_carea' id='block_1_46' title="bbox 2259 1657 3843 1729">
    <p class='ocr_par' dir='ltr' id='par_1_46' title="bbox 2259 1657 3843 1729">
     <span class='ocr_line' id='line_1_46' title="bbox 2259 1657 3843 1729; baseline 0 -19"><span class='ocrx_word' id='word_1_333' title='bbox 2259 1658 2349 1711; x_wconf 72' lang='grc' dir='ltr'>τὸν</span> <span class='ocrx_word' id='word_1_334' title='bbox 2381 1658 2507 1710; x_wconf 75' lang='grc' dir='ltr'>Υἱδν</span> <span class='ocrx_word' id='word_1_335' title='bbox 2558 1659 2677 1710; x_wconf 81' lang='grc' dir='ltr'>κατ’</span> <span class='ocrx_word' id='word_1_336' title='bbox 2708 1658 2948 1721; x_wconf 79' lang='grc' dir='ltr'><strong>ἐκείνους</strong></span> <span class='ocrx_word' id='word_1_337' title='bbox 3000 1658 3299 1728; x_wconf 82' lang='grc' dir='ltr'>ὑπέστησε,</span> <span class='ocrx_word' id='word_1_338' title='bbox 3338 1657 3705 1729; x_wconf 79' lang='grc' dir='ltr'>δημιουργική</span> <span class='ocrx_word' id='word_1_339' title='bbox 3754 1674 3843 1720; x_wconf 83' lang='grc' dir='ltr'><strong>τις</strong></span> 
     </span>
    </p>
   </div>
   <div class='ocr_carea' id='block_1_47' title="bbox 2263 1746 3845 1822">
    <p class='ocr_par' dir='ltr' id='par_1_47' title="bbox 2263 1746 3845 1822">
     <span class='ocr_line' id='line_1_47' title="bbox 2263 1746 3845 1822; baseline 0.001 -20"><span class='ocrx_word' id='word_1_340' title='bbox 2263 1746 2397 1803; x_wconf 76' lang='grc' dir='ltr'>οὖσα</span> <span class='ocrx_word' id='word_1_341' title='bbox 2425 1752 2518 1804; x_wconf 78' lang='grc' dir='ltr'><strong>καὶ</strong></span> <span class='ocrx_word' id='word_1_342' title='bbox 2556 1751 2662 1804; x_wconf 82' lang='grc' dir='ltr'><strong>τῶν</strong></span> <span class='ocrx_word' id='word_1_343' title='bbox 2702 1751 2806 1804; x_wconf 78' lang='grc' dir='ltr'><strong>οὐκ</strong></span> <span class='ocrx_word' id='word_1_344' title='bbox 2850 1751 3016 1804; x_wconf 80' lang='grc' dir='ltr'>ὄντων</span> <span class='ocrx_word' id='word_1_345' title='bbox 3064 1751 3361 1821; x_wconf 81' lang='grc' dir='ltr'>ποιητική;</span> <span class='ocrx_word' id='word_1_346' title='bbox 3401 1750 3701 1819; x_wconf 76' lang='grc' dir='ltr'>Φεύγοντες</span> <span class='ocrx_word' id='word_1_347' title='bbox 3732 1750 3845 1822; x_wconf 84' lang='grc' dir='ltr'>γὰρ</span> 
     </span>
    </p>
   </div>
   <div class='ocr_carea' id='block_1_48' title="bbox 2267 1842 3844 1914">
    <p class='ocr_par' dir='ltr' id='par_1_48' title="bbox 2267 1842 3844 1914">
     <span class='ocr_line' id='line_1_48' title="bbox 2267 1842 3844 1914; baseline -0.002 -18"><span class='ocrx_word' id='word_1_348' title='bbox 2267 1844 2326 1896; x_wconf 87' lang='grc' dir='ltr'><strong>τὸ</strong></span> <span class='ocrx_word' id='word_1_349' title='bbox 2357 1844 2420 1895; x_wconf 84' lang='grc' dir='ltr'>ὲκ</span> <span class='ocrx_word' id='word_1_350' title='bbox 2452 1843 2551 1912; x_wconf 79' lang='grc' dir='ltr'>τῆς</span> <span class='ocrx_word' id='word_1_351' title='bbox 2577 1843 2764 1906; x_wconf 81' lang='grc' dir='ltr'>οὐσίας</span> <span class='ocrx_word' id='word_1_352' title='bbox 2784 1842 2879 1896; x_wconf 88' lang='grc' dir='ltr'><strong>τοῦ</strong></span> <span class='ocrx_word' id='word_1_353' title='bbox 2904 1842 3117 1914; x_wconf 71' lang='grc' dir='ltr'>Πατρός</span> <span class='ocrx_word' id='word_1_354' title='bbox 3155 1842 3514 1913; x_wconf 81' lang='grc' dir='ltr'>γεγεννῆσθαι</span> <span class='ocrx_word' id='word_1_355' title='bbox 3545 1842 3724 1910; x_wconf 73' lang='grc' dir='ltr'>λέγειν</span> <span class='ocrx_word' id='word_1_356' title='bbox 3752 1843 3844 1896; x_wconf 82' lang='grc' dir='ltr'>τὸν</span> 
     </span>
    </p>
   </div>
   <div class='ocr_carea' id='block_1_49' title="bbox 2268 1932 3844 2005">
    <p class='ocr_par' dir='ltr' id='par_1_49' title="bbox 2268 1932 3844 2005">
     <span class='ocr_line' id='line_1_49' title="bbox 2268 1932 3844 2005; baseline -0.002 -18"><span class='ocrx_word' id='word_1_357' title='bbox 2268 1934 2597 2005; x_wconf 83' lang='grc' dir='ltr'>δημιουργὸν</span> <span class='ocrx_word' id='word_1_358' title='bbox 2642 1934 2806 1988; x_wconf 78' lang='grc' dir='ltr'>αὑτοῦ</span> <span class='ocrx_word' id='word_1_359' title='bbox 2846 1934 3038 2001; x_wconf 81' lang='grc' dir='ltr'>Λόγον,</span> <span class='ocrx_word' id='word_1_360' title='bbox 3081 1936 3145 1986; x_wconf 82' lang='grc' dir='ltr'>ὲκ</span> <span class='ocrx_word' id='word_1_361' title='bbox 3182 1935 3278 2003; x_wconf 82' lang='grc' dir='ltr'>τῆς</span> <span class='ocrx_word' id='word_1_362' title='bbox 3310 1933 3568 2005; x_wconf 77' lang='grc' dir='ltr'>ἀληθείας</span> <span class='ocrx_word' id='word_1_363' title='bbox 3601 1935 3679 1995; x_wconf 87' lang='grc' dir='ltr'><strong>είς</strong></span> <span class='ocrx_word' id='word_1_364' title='bbox 3708 1932 3844 1987; x_wconf 64' lang='grc' dir='ltr'>αὐτὸ</span> 
     </span>
    </p>
   </div>
   <div class='ocr_carea' id='block_1_50' title="bbox 2269 2024 3844 2097">
    <p class='ocr_par' dir='ltr' id='par_1_50' title="bbox 2269 2024 3844 2097">
     <span class='ocr_line' id='line_1_50' title="bbox 2269 2024 3844 2097; baseline -0.001 -18"><span class='ocrx_word' id='word_1_365' title='bbox 2269 2025 2700 2079; x_wconf 81' lang='grc' dir='ltr'>συνελαύνονται.</span> <span class='ocrx_word' id='word_1_366' title='bbox 2734 2027 2889 2079; x_wconf 80' lang='grc' dir='ltr'>Ἔστι</span> <span class='ocrx_word' id='word_1_367' title='bbox 2937 2026 3044 2097; x_wconf 76' lang='grc' dir='ltr'><strong>γὰρ</strong></span> <span class='ocrx_word' id='word_1_368' title='bbox 3074 2026 3199 2090; x_wconf 84' lang='grc' dir='ltr'>Υἱὸς</span> <span class='ocrx_word' id='word_1_369' title='bbox 3229 2024 3262 2095; x_wconf 76' lang='grc' dir='ltr'><strong>ἡ</strong></span> <span class='ocrx_word' id='word_1_370' title='bbox 3297 2025 3447 2089; x_wconf 79' lang='grc' dir='ltr'>ζῶσα</span> <span class='ocrx_word' id='word_1_371' title='bbox 3482 2027 3575 2078; x_wconf 63' lang='grc' dir='ltr'><strong>κα)¹</strong></span> <span class='ocrx_word' id='word_1_372' title='bbox 3605 2024 3844 2088; x_wconf 80' lang='grc' dir='ltr'>ὲνούσιος</span> 
     </span>
    </p>
   </div>
   <div class='ocr_carea' id='block_1_51' title="bbox 2267 2110 3846 2189">
    <p class='ocr_par' dir='ltr' id='par_1_51' title="bbox 2267 2110 3846 2189">
     <span class='ocr_line' id='line_1_51' title="bbox 2267 2110 3846 2189; baseline 0.001 -19"><span class='ocrx_word' id='word_1_373' title='bbox 2267 2117 2360 2170; x_wconf 90' lang='grc' dir='ltr'><strong>τοῦ</strong></span> <span class='ocrx_word' id='word_1_374' title='bbox 2393 2119 2604 2189; x_wconf 71' lang='grc' dir='ltr'>Πατρδς</span> <span class='ocrx_word' id='word_1_375' title='bbox 2643 2117 2919 2189; x_wconf 79' lang='grc' dir='ltr'>βούλησις,</span> <span class='ocrx_word' id='word_1_376' title='bbox 2963 2118 3056 2173; x_wconf 72' lang='grc' dir='ltr'><strong>καὶ</strong></span> <span class='ocrx_word' id='word_1_377' title='bbox 3085 2121 3112 2172; x_wconf 87' lang='lat'><strong>6</strong></span> <span class='ocrx_word' id='word_1_378' title='bbox 3149 2119 3319 2187; x_wconf 81' lang='grc' dir='ltr'>Λόγος</span> <span class='ocrx_word' id='word_1_379' title='bbox 3360 2119 3546 2183; x_wconf 78' lang='grc' dir='ltr'>αὐτοῦ,</span> <span class='ocrx_word' id='word_1_380' title='bbox 3587 2119 3653 2172; x_wconf 86' lang='grc' dir='ltr'>δι’</span> <span class='ocrx_word' id='word_1_381' title='bbox 3678 2110 3741 2172; x_wconf 72' lang='grc' dir='ltr'><strong>οῦ</strong></span> <span class='ocrx_word' id='word_1_382' title='bbox 3773 2117 3846 2172; x_wconf 88' lang='grc' dir='ltr'><strong>τά</strong></span> 
     </span>
    </p>
   </div>
   <div class='ocr_carea' id='block_1_52' title="bbox 2271 2210 2796 2281">
    <p class='ocr_par' dir='ltr' id='par_1_52' title="bbox 2271 2210 2796 2281">
     <span class='ocr_line' id='line_1_52' title="bbox 2271 2210 2796 2281; baseline 0.015 -20"><span class='ocrx_word' id='word_1_383' title='bbox 2271 2211 2449 2265; x_wconf 81' lang='grc' dir='ltr'>πάντα</span> <span class='ocrx_word' id='word_1_384' title='bbox 2480 2210 2796 2281; x_wconf 76' lang='grc' dir='ltr'>ἐργάζεται.</span> 
     </span>
    </p>
   </div>
   <div class='ocr_carea' id='block_1_53' title="bbox 2282 2522 3850 2595">
    <p class='ocr_par' dir='ltr' id='par_1_53' title="bbox 2282 2522 3850 2595">
     <span class='ocr_line' id='line_1_53' title="bbox 2282 2522 3850 2595; baseline -0.001 -16"><span class='ocrx_word' id='word_1_385' title='bbox 2282 2526 2661 2595; x_wconf 70' lang='grc' dir='ltr'>Ἐπηήρησις</span> <span class='ocrx_word' id='word_1_386' title='bbox 2692 2525 2809 2595; x_wconf 74' lang='grc' dir='ltr'><strong>ἀπῤ</strong></span> <span class='ocrx_word' id='word_1_387' title='bbox 2843 2524 2951 2592; x_wconf 82' lang='grc' dir='ltr'>τῆς</span> <span class='ocrx_word' id='word_1_388' title='bbox 2994 2526 3155 2595; x_wconf 82' lang='grc' dir='ltr'>θείας</span> <span class='ocrx_word' id='word_1_389' title='bbox 3189 2523 3458 2593; x_wconf 69' lang='grc' dir='ltr'>Γραφῆς,</span> <span class='ocrx_word' id='word_1_390' title='bbox 3487 2522 3573 2595; x_wconf 64' lang='grc' dir='ltr'>ὅτι</span> <span class='ocrx_word' id='word_1_391' title='bbox 3616 2522 3715 2595; x_wconf 73' lang='grc' dir='ltr'><strong>καί</strong></span> <span class='ocrx_word' id='word_1_392' title='bbox 3741 2522 3850 2595; x_wconf 57' lang='grc' dir='ltr'><strong>ἐπὶ</strong></span> 
     </span>
    </p>
   </div>
   <div class='ocr_carea' id='block_1_54' title="bbox 2340 2591 3851 2663">
    <p class='ocr_par' dir='ltr' id='par_1_54' title="bbox 2340 2591 3851 2663">
     <span class='ocr_line' id='line_1_54' title="bbox 2340 2591 3851 2663; baseline -0.003 -13"><span class='ocrx_word' id='word_1_393' title='bbox 2340 2596 2459 2650; x_wconf 75' lang='grc' dir='ltr'>τῶν</span> <span class='ocrx_word' id='word_1_394' title='bbox 2479 2591 2667 2663; x_wconf 46' lang='grc' dir='ltr'>φύσει</span> <span class='ocrx_word' id='word_1_395' title='bbox 2706 2594 2868 2655; x_wconf 72' lang='grc' dir='ltr'>υἱῶν,</span> <span class='ocrx_word' id='word_1_396' title='bbox 2896 2591 2960 2647; x_wconf 75' lang='grc' dir='ltr'>τὸ</span> <span class='ocrx_word' id='word_1_397' title='bbox 2993 2613 3010 2645; x_wconf 82' lang='lat' dir='ltr'><strong>t</strong></span> <span class='ocrx_word' id='word_1_398' title='bbox 3038 2591 3362 2662; x_wconf 50' lang='grc' dir='ltr'>ἐγένοντό»</span> <span class='ocrx_word' id='word_1_399' title='bbox 3396 2596 3435 2661; x_wconf 76' lang='grc' dir='ltr'><strong>ἢ</strong></span> <span class='ocrx_word' id='word_1_400' title='bbox 3464 2594 3560 2646; x_wconf 68' lang='grc' dir='ltr'>καὶ</span> <span class='ocrx_word' id='word_1_401' title='bbox 3592 2613 3611 2644; x_wconf 80' lang='grc' dir='ltr'><strong>ι</strong></span> <span class='ocrx_word' id='word_1_402' title='bbox 3648 2591 3851 2660; x_wconf 74' lang='grc' dir='ltr'>ἐποιή-</span> 
     </span>
    </p>
   </div>
   <div class='ocr_carea' id='block_1_55' title="bbox 2340 2664 3210 2732">
    <p class='ocr_par' dir='ltr' id='par_1_55' title="bbox 2340 2664 3210 2732">
     <span class='ocr_line' id='line_1_55' title="bbox 2340 2664 3210 2732; baseline -0.006 -13"><span class='ocrx_word' id='word_1_403' title='bbox 2340 2670 2541 2732; x_wconf 80' lang='grc' dir='ltr'>θησαν</span> <span class='ocrx_word' id='word_1_404' title='bbox 2588 2683 2606 2716; x_wconf 85' lang='grc'>›</span> <span class='ocrx_word' id='word_1_405' title='bbox 2648 2664 2832 2718; x_wconf 82' lang='grc' dir='ltr'>κεῖται</span> <span class='ocrx_word' id='word_1_406' title='bbox 2862 2664 3210 2732; x_wconf 62' lang='grc' dir='ltr'>ἀδιαφόρως.</span> 
     </span>
    </p>
   </div>
   <div class='ocr_carea' id='block_1_56' title="bbox 2338 2795 3853 2866">
    <p class='ocr_par' dir='ltr' id='par_1_56' title="bbox 2338 2795 3853 2866">
     <span class='ocr_line' id='line_1_56' title="bbox 2338 2795 3853 2866; baseline -0.002 -15"><span class='ocrx_word' id='word_1_407' title='bbox 2338 2798 2504 2852; x_wconf 74' lang='grc' dir='ltr'>Οὐδὲν</span> <span class='ocrx_word' id='word_1_408' title='bbox 2552 2801 2607 2851; x_wconf 90' lang='grc' dir='ltr'>αἱ</span> <span class='ocrx_word' id='word_1_409' title='bbox 2642 2796 2810 2861; x_wconf 79' lang='grc' dir='ltr'>λέξεις</span> <span class='ocrx_word' id='word_1_410' title='bbox 2861 2797 3158 2857; x_wconf 89' lang='grc' dir='ltr'>ἀδικοῦσιν,</span> <span class='ocrx_word' id='word_1_411' title='bbox 3209 2798 3337 2850; x_wconf 84' lang='grc' dir='ltr'>ὅταν</span> <span class='ocrx_word' id='word_1_412' title='bbox 3383 2797 3582 2862; x_wconf 79' lang='grc' dir='ltr'>ἑτέρως</span> <span class='ocrx_word' id='word_1_413' title='bbox 3632 2795 3732 2866; x_wconf 78' lang='grc' dir='ltr'><strong>ἔχῃ</strong></span> <span class='ocrx_word' id='word_1_414' title='bbox 3776 2796 3853 2848; x_wconf 69' lang='grc' dir='ltr'>τὰ</span> 
     </span>
    </p>
   </div>
   <div class='ocr_carea' id='block_1_57' title="bbox 2268 2880 3850 2960">
    <p class='ocr_par' dir='ltr' id='par_1_57' title="bbox 2268 2880 3850 2960">
     <span class='ocr_line' id='line_1_57' title="bbox 2268 2880 3850 2960; baseline -0.005 -18"><span class='ocrx_word' id='word_1_415' title='bbox 2268 2888 2589 2960; x_wconf 77' lang='grc' dir='ltr'>πράγματα.</span> <span class='ocrx_word' id='word_1_416' title='bbox 2608 2888 2730 2941; x_wconf 78' lang='grc' dir='ltr'><strong>Ἐπὶ</strong></span> <span class='ocrx_word' id='word_1_417' title='bbox 2758 2886 2866 2957; x_wconf 87' lang='grc' dir='ltr'>γὰρ</span> <span class='ocrx_word' id='word_1_418' title='bbox 2888 2886 2997 2938; x_wconf 88' lang='grc' dir='ltr'><strong>τῶν</strong></span> <span class='ocrx_word' id='word_1_419' title='bbox 3020 2883 3353 2956; x_wconf 70' lang='grc' dir='ltr'>φύσειξυίῶν,</span> <span class='ocrx_word' id='word_1_420' title='bbox 3384 2884 3487 2937; x_wconf 74' lang='grc' dir='ltr'><strong>κᾶν</strong></span> <span class='ocrx_word' id='word_1_421' title='bbox 3508 2884 3566 2936; x_wconf 81' lang='grc' dir='ltr'><strong>τὸ</strong></span> <span class='ocrx_word' id='word_1_422' title='bbox 3598 2882 3699 2955; x_wconf 82' lang='grc' dir='ltr'><strong>τῆς</strong></span> <span class='ocrx_word' id='word_1_423' title='bbox 3719 2880 3850 2935; x_wconf 86' lang='grc' dir='ltr'>δου-</span> 
     </span>
    </p>
   </div>
   <div class='ocr_carea' id='block_1_58' title="bbox 2268 2974 3852 3051">
    <p class='ocr_par' dir='ltr' id='par_1_58' title="bbox 2268 2974 3852 3051">
     <span class='ocr_line' id='line_1_58' title="bbox 2268 2974 3852 3051; baseline -0.006 -16"><span class='ocrx_word' id='word_1_424' title='bbox 2268 2983 2419 3045; x_wconf 89' lang='grc' dir='ltr'>λείας</span> <span class='ocrx_word' id='word_1_425' title='bbox 2457 2981 2625 3051; x_wconf 80' lang='grc' dir='ltr'>ὄνομα</span> <span class='ocrx_word' id='word_1_426' title='bbox 2666 2978 2948 3048; x_wconf 85' lang='grc' dir='ltr'>τάττηται,</span> <span class='ocrx_word' id='word_1_427' title='bbox 2983 2978 3043 3031; x_wconf 77' lang='grc' dir='ltr'><strong>οὐ</strong></span> <span class='ocrx_word' id='word_1_428' title='bbox 3094 2978 3438 3047; x_wconf 81' lang='grc' dir='ltr'>παραιτεῖται</span> <span class='ocrx_word' id='word_1_429' title='bbox 3472 2976 3567 3045; x_wconf 75' lang='grc' dir='ltr'>τῆς</span> <span class='ocrx_word' id='word_1_430' title='bbox 3607 2974 3852 3043; x_wconf 79' lang='grc' dir='ltr'>φυσικῆς</span> 
     </span>
    </p>
   </div>
   <div class='ocr_carea' id='block_1_59' title="bbox 2272 3064 3851 3139">
    <p class='ocr_par' dir='ltr' id='par_1_59' title="bbox 2272 3064 3851 3139">
     <span class='ocr_line' id='line_1_59' title="bbox 2272 3064 3851 3139; baseline -0.006 -15"><span class='ocrx_word' id='word_1_431' title='bbox 2272 3070 2550 3139; x_wconf 73' lang='grc' dir='ltr'>εὐγενείας</span> <span class='ocrx_word' id='word_1_432' title='bbox 2583 3069 2644 3121; x_wconf 84' lang='grc' dir='ltr'><strong>τὸ</strong></span> <span class='ocrx_word' id='word_1_433' title='bbox 2689 3067 2927 3138; x_wconf 81' lang='grc' dir='ltr'>ἀξίωμα.</span> <span class='ocrx_word' id='word_1_434' title='bbox 2967 3066 3087 3120; x_wconf 75' lang='grc' dir='ltr'><strong>Κάν</strong></span> <span class='ocrx_word' id='word_1_435' title='bbox 3135 3068 3163 3119; x_wconf 87' lang='lat'><strong>6</strong></span> <span class='ocrx_word' id='word_1_436' title='bbox 3206 3066 3485 3137; x_wconf 77' lang='grc' dir='ltr'>γεννηθεὶς</span> <span class='ocrx_word' id='word_1_437' title='bbox 3516 3064 3851 3133; x_wconf 78' lang='grc' dir='ltr'>πεποιῆσθαι</span> 
     </span>
    </p>
   </div>
   <div class='ocr_carea' id='block_1_60' title="bbox 592 3155 2162 3233">
    <p class='ocr_par' dir='ltr' id='par_1_60' title="bbox 592 3158 2161 3228">
     <span class='ocr_line' id='line_1_60' title="bbox 592 3158 2161 3228; baseline 0.001 -15"><span class='ocrx_word' id='word_1_438' title='bbox 592 3168 682 3213; x_wconf 87' lang='lat' dir='ltr'><strong>tus</strong></span> <span class='ocrx_word' id='word_1_439' title='bbox 704 3168 805 3223; x_wconf 91' lang='lat' dir='ltr'><strong>est,</strong></span> <span class='ocrx_word' id='word_1_440' title='bbox 838 3158 1012 3212; x_wconf 81' lang='lat' dir='ltr'><strong>factus</strong></span> <span class='ocrx_word' id='word_1_441' title='bbox 1044 3173 1163 3212; x_wconf 90' lang='lat' dir='ltr'><strong>esse</strong></span> <span class='ocrx_word' id='word_1_442' title='bbox 1212 3159 1446 3225; x_wconf 85' lang='lat' dir='ltr'><strong>dicatur,</strong></span> <span class='ocrx_word' id='word_1_443' title='bbox 1485 3161 1721 3228; x_wconf 90' lang='lat' dir='ltr'><strong>quandiu</strong></span> <span class='ocrx_word' id='word_1_444' title='bbox 1788 3172 1968 3215; x_wconf 81' lang='lat' dir='ltr'><strong>veram</strong></span> <span class='ocrx_word' id='word_1_445' title='bbox 2011 3174 2161 3216; x_wconf 78' lang='lat' dir='ltr'><strong>suam</strong></span> 
     </span>
    </p>
   </div>
   <div class='ocr_carea' id='block_1_61' title="bbox 2264 3155 3847 3233">
    <p class='ocr_par' dir='ltr' id='par_1_61' title="bbox 2265 3155 3847 3233">
     <span class='ocr_line' id='line_1_61' title="bbox 2265 3155 3847 3233; baseline -0.004 -19"><span class='ocrx_word' id='word_1_446' title='bbox 2265 3162 2512 3233; x_wconf 78' lang='grc' dir='ltr'>λέγηται,</span> <span class='ocrx_word' id='word_1_447' title='bbox 2547 3160 2652 3223; x_wconf 77' lang='grc' dir='ltr'>ἓως</span> <span class='ocrx_word' id='word_1_448' title='bbox 2688 3158 2753 3214; x_wconf 81' lang='grc' dir='ltr'><strong>ἂν</strong></span> <span class='ocrx_word' id='word_1_449' title='bbox 2785 3158 2933 3229; x_wconf 78' lang='grc' dir='ltr'>αὑτῷ</span> <span class='ocrx_word' id='word_1_450' title='bbox 2967 3156 3334 3229; x_wconf 78' lang='grc' dir='ltr'>περισώζηται</span> <span class='ocrx_word' id='word_1_451' title='bbox 3366 3156 3425 3208; x_wconf 75' lang='grc' dir='ltr'><strong>τὸ</strong></span> <span class='ocrx_word' id='word_1_452' title='bbox 3458 3155 3847 3226; x_wconf 75' lang='grc' dir='ltr'>ἀληθέστερον,</span> 
     </span>
    </p>
   </div>
   <div class='ocr_carea' id='block_1_62' title="bbox 593 3250 2168 3322">
    <p class='ocr_par' dir='ltr' id='par_1_62' title="bbox 593 3250 2168 3322">
     <span class='ocr_line' id='line_1_62' title="bbox 593 3250 2168 3322; baseline 0.003 -19"><span class='ocrx_word' id='word_1_453' title='bbox 593 3250 854 3319; x_wconf 88' lang='lat' dir='ltr'><strong>originem</strong></span> <span class='ocrx_word' id='word_1_454' title='bbox 889 3251 1110 3316; x_wconf 84' lang='lat' dir='ltr'><strong>retinet,</strong></span> <span class='ocrx_word' id='word_1_455' title='bbox 1137 3266 1330 3306; x_wconf 84' lang='lat' dir='ltr'><strong>nomen</strong></span> <span class='ocrx_word' id='word_1_456' title='bbox 1362 3252 1537 3322; x_wconf 90' lang='lat' dir='ltr'><strong>ipsum</strong></span> <span class='ocrx_word' id='word_1_457' title='bbox 1564 3251 1631 3305; x_wconf 84' lang='lat' dir='ltr'><strong>ei</strong></span> <span class='ocrx_word' id='word_1_458' title='bbox 1663 3251 1858 3307; x_wconf 90' lang='lat' dir='ltr'><strong>damno</strong></span> <span class='ocrx_word' id='word_1_459' title='bbox 1904 3268 2023 3309; x_wconf 90' lang='lat' dir='ltr'><strong>esse</strong></span> <span class='ocrx_word' id='word_1_460' title='bbox 2063 3266 2168 3308; x_wconf 89' lang='lat' dir='ltr'><strong>non</strong></span> 
     </span>
    </p>
   </div>
   <div class='ocr_carea' id='block_1_63' title="bbox 594 3341 2169 3409">
    <p class='ocr_par' dir='ltr' id='par_1_63' title="bbox 594 3341 2169 3409">
     <span class='ocr_line' id='line_1_63' title="bbox 594 3341 2169 3409; baseline 0.004 -16"><span class='ocrx_word' id='word_1_461' title='bbox 594 3350 791 3409; x_wconf 85' lang='lat' dir='ltr'><strong>potest.</strong></span> <span class='ocrx_word' id='word_1_462' title='bbox 817 3341 1076 3395; x_wconf 90' lang='lat' dir='ltr'><strong>Naturam</strong></span> <span class='ocrx_word' id='word_1_463' title='bbox 1107 3344 1250 3396; x_wconf 91' lang='lat' dir='ltr'><strong>enim</strong></span> <span class='ocrx_word' id='word_1_464' title='bbox 1310 3356 1416 3398; x_wconf 92' lang='lat' dir='ltr'><strong>non</strong></span> <span class='ocrx_word' id='word_1_465' title='bbox 1482 3344 1699 3398; x_wconf 90' lang='lat' dir='ltr'><strong>nomina</strong></span> <span class='ocrx_word' id='word_1_466' title='bbox 1747 3346 1800 3398; x_wconf 92' lang='lat' dir='ltr'><strong>in</strong></span> <span class='ocrx_word' id='word_1_467' title='bbox 1856 3347 2169 3401; x_wconf 84' lang='lat' dir='ltr'><strong>universum</strong></span> 
     </span>
    </p>
   </div>
   <div class='ocr_carea' id='block_1_64' title="bbox 597 3431 2164 3504">
    <p class='ocr_par' dir='ltr' id='par_1_64' title="bbox 597 3431 2164 3504">
     <span class='ocr_line' id='line_1_64' title="bbox 597 3431 2164 3504; baseline 0.004 -19"><span class='ocrx_word' id='word_1_468' title='bbox 597 3431 945 3499; x_wconf 86' lang='lat' dir='ltr'><strong>inquirimus.</strong></span> <span class='ocrx_word' id='word_1_469' title='bbox 972 3431 1105 3486; x_wconf 86' lang='lat' dir='ltr'><strong>Cum</strong></span> <span class='ocrx_word' id='word_1_470' title='bbox 1132 3435 1295 3501; x_wconf 84' lang='lat' dir='ltr'><strong>igitur</strong></span> <span class='ocrx_word' id='word_1_471' title='bbox 1324 3436 1388 3488; x_wconf 87' lang='lat' dir='ltr'><strong>de</strong></span> <span class='ocrx_word' id='word_1_472' title='bbox 1414 3434 1595 3504; x_wconf 83' lang='lat' dir='ltr'><strong>genito</strong></span> <span class='ocrx_word' id='word_1_473' title='bbox 1620 3435 1715 3489; x_wconf 88' lang='lat' dir='ltr'><strong>Dei</strong></span> <span class='ocrx_word' id='word_1_474' title='bbox 1747 3434 1925 3491; x_wconf 82' lang='lat' dir='ltr'><strong>Verbo</strong></span> <span class='ocrx_word' id='word_1_475' title='bbox 1951 3438 2164 3502; x_wconf 89' lang='lat' dir='ltr'><strong>dicitur,</strong></span> 
     </span>
    </p>
   </div>
   <div class='ocr_carea' id='block_1_65' title="bbox 595 3522 2167 3597">
    <p class='ocr_par' dir='ltr' id='par_1_65' title="bbox 595 3522 2167 3597">
     <span class='ocr_line' id='line_1_65' title="bbox 595 3522 2167 3597; baseline 0.004 -22"><span class='ocrx_word' id='word_1_476' title='bbox 595 3522 737 3591; x_wconf 87' lang='lat' dir='ltr'><strong>quod</strong></span> <span class='ocrx_word' id='word_1_477' title='bbox 760 3522 832 3576; x_wconf 86' lang='lat' dir='ltr'><strong>sit</strong></span> <span class='ocrx_word' id='word_1_478' title='bbox 850 3522 1022 3577; x_wconf 91' lang='lat' dir='ltr'><strong>ﬁdelis</strong></span> <span class='ocrx_word' id='word_1_479' title='bbox 1044 3523 1092 3577; x_wconf 88' lang='lat' dir='ltr'><strong>ei</strong></span> <span class='ocrx_word' id='word_1_480' title='bbox 1117 3525 1205 3591; x_wconf 91' lang='lat' dir='ltr'><strong>qui</strong></span> <span class='ocrx_word' id='word_1_481' title='bbox 1237 3524 1361 3578; x_wconf 85' lang='lat' dir='ltr'><strong>l’ecit</strong></span> <span class='ocrx_word' id='word_1_482' title='bbox 1382 3525 1655 3593; x_wconf 75' lang='lat' dir='ltr'><strong>ipSum“&#39;,</strong></span> <span class='ocrx_word' id='word_1_483' title='bbox 1686 3541 1751 3579; x_wconf 90' lang='lat' dir='ltr'><strong>ne</strong></span> <span class='ocrx_word' id='word_1_484' title='bbox 1774 3528 1896 3595; x_wconf 87' lang='lat' dir='ltr'><strong>quis</strong></span> <span class='ocrx_word' id='word_1_485' title='bbox 1922 3530 2167 3597; x_wconf 86' lang='lat' dir='ltr'><strong>proprie-</strong></span> 
     </span>
    </p>
   </div>
   <div class='ocr_carea' id='block_1_66' title="bbox 594 3613 2168 3684">
    <p class='ocr_par' dir='ltr' id='par_1_66' title="bbox 594 3613 2168 3684">
     <span class='ocr_line' id='line_1_66' title="bbox 594 3613 2168 3684; baseline 0.004 -18"><span class='ocrx_word' id='word_1_486' title='bbox 594 3622 759 3668; x_wconf 88' lang='lat' dir='ltr'><strong>tatem</strong></span> <span class='ocrx_word' id='word_1_487' title='bbox 786 3613 1117 3668; x_wconf 82' lang='lat' dir='ltr'><strong>exsistentiae</strong></span> <span class='ocrx_word' id='word_1_488' title='bbox 1136 3616 1304 3684; x_wconf 85' lang='lat' dir='ltr'><strong>ipsius</strong></span> <span class='ocrx_word' id='word_1_489' title='bbox 1327 3616 1707 3682; x_wconf 89' lang='lat' dir='ltr'><strong>calumnietur,</strong></span> <span class='ocrx_word' id='word_1_490' title='bbox 1746 3621 1838 3673; x_wconf 89' lang='lat' dir='ltr'><strong>sed</strong></span> <span class='ocrx_word' id='word_1_491' title='bbox 1858 3628 1949 3672; x_wconf 91' lang='lat' dir='ltr'><strong>aut</strong></span> <span class='ocrx_word' id='word_1_492' title='bbox 1972 3620 2168 3674; x_wconf 89' lang='lat' dir='ltr'><strong>intelli-</strong></span> 
     </span>
    </p>
   </div>
   <div class='ocr_carea' id='block_1_67' title="bbox 595 3706 2161 3775">
    <p class='ocr_par' dir='ltr' id='par_1_67' title="bbox 595 3706 2161 3775">
     <span class='ocr_line' id='line_1_67' title="bbox 595 3706 2161 3775; baseline 0.004 -17"><span class='ocrx_word' id='word_1_493' title='bbox 595 3716 681 3775; x_wconf 84' lang='lat' dir='ltr'><strong>gat</strong></span> <span class='ocrx_word' id='word_1_494' title='bbox 706 3706 912 3761; x_wconf 86' lang='lat' dir='ltr'><strong>ratione</strong></span> <span class='ocrx_word' id='word_1_495' title='bbox 951 3708 1349 3761; x_wconf 88' lang='lat' dir='ltr'><strong>incarnationis</strong></span> <span class='ocrx_word' id='word_1_496' title='bbox 1376 3707 1603 3773; x_wconf 91' lang='lat' dir='ltr'><strong>dictum,</strong></span> <span class='ocrx_word' id='word_1_497' title='bbox 1639 3718 1733 3761; x_wconf 88' lang='lat' dir='ltr'><strong>aut</strong></span> <span class='ocrx_word' id='word_1_498' title='bbox 1782 3710 1920 3763; x_wconf 87' lang='lat' dir='ltr'><strong>nihil</strong></span> <span class='ocrx_word' id='word_1_499' title='bbox 1969 3709 2161 3765; x_wconf 81' lang='lat' dir='ltr'><strong>olliciat</strong></span> 
     </span>
    </p>
   </div>
   <div class='ocr_carea' id='block_1_68' title="bbox 595 3797 2168 3869">
    <p class='ocr_par' dir='ltr' id='par_1_68' title="bbox 595 3797 2168 3869">
     <span class='ocr_line' id='line_1_68' title="bbox 595 3797 2168 3869; baseline 0.003 -20"><span class='ocrx_word' id='word_1_500' title='bbox 595 3799 804 3852; x_wconf 81' lang='lat' dir='ltr'><strong>veritati</strong></span> <span class='ocrx_word' id='word_1_501' title='bbox 842 3814 1036 3853; x_wconf 90' lang='lat' dir='ltr'><strong>nomen</strong></span> <span class='ocrx_word' id='word_1_502' title='bbox 1082 3799 1225 3867; x_wconf 83' lang='lat' dir='ltr'><strong>quod</strong></span> <span class='ocrx_word' id='word_1_503' title='bbox 1255 3797 1623 3855; x_wconf 74' lang='lat' dir='ltr'><strong>indilferenter</strong></span> <span class='ocrx_word' id='word_1_504' title='bbox 1658 3801 1938 3869; x_wconf 89' lang='lat' dir='ltr'><strong>accipitur.</strong></span> <span class='ocrx_word' id='word_1_505' title='bbox 1980 3801 2168 3857; x_wconf 89' lang='lat' dir='ltr'><strong>Betsa-</strong></span> 
     </span>
    </p>
   </div>
   <div class='ocr_carea' id='block_1_69' title="bbox 592 3888 2161 3959">
    <p class='ocr_par' dir='ltr' id='par_1_69' title="bbox 592 3888 2161 3959">
     <span class='ocr_line' id='line_1_69' title="bbox 592 3888 2161 3959; baseline 0.005 -18"><span class='ocrx_word' id='word_1_506' title='bbox 592 3888 690 3943; x_wconf 84' lang='lat' dir='ltr'><strong>bee</strong></span> <span class='ocrx_word' id='word_1_507' title='bbox 744 3888 1087 3943; x_wconf 86' lang='lat' dir='ltr'><strong>Salomoncm</strong></span> <span class='ocrx_word' id='word_1_508' title='bbox 1154 3906 1367 3945; x_wconf 89' lang='lat' dir='ltr'><strong>servum</strong></span> <span class='ocrx_word' id='word_1_509' title='bbox 1426 3891 1590 3947; x_wconf 84' lang='lat' dir='ltr'><strong>David</strong></span> <span class='ocrx_word' id='word_1_510' title='bbox 1640 3893 1871 3959; x_wconf 84' lang='lat' dir='ltr'><strong>vocavit,</strong></span> <span class='ocrx_word' id='word_1_511' title='bbox 1934 3894 2161 3949; x_wconf 82' lang='lat' dir='ltr'><strong>dicens:</strong></span> 
     </span>
    </p>
   </div>
   <div class='ocr_carea' id='block_1_70' title="bbox 597 3964 2165 4053">
    <p class='ocr_par' dir='ltr' id='par_1_70' title="bbox 597 3964 2165 4053">
     <span class='ocr_line' id='line_1_70' title="bbox 597 3964 2165 4053; baseline 0.006 -24"><span class='ocrx_word' id='word_1_512' title='bbox 597 3997 615 4029; x_wconf 79' lang='grc' dir='ltr'><strong>ι</strong></span> <span class='ocrx_word' id='word_1_513' title='bbox 647 3976 871 4032; x_wconf 83' lang='lat' dir='ltr'><strong>Servum</strong></span> <span class='ocrx_word' id='word_1_514' title='bbox 907 3988 1055 4032; x_wconf 87' lang='lat' dir='ltr'><strong>tuum</strong></span> <span class='ocrx_word' id='word_1_515' title='bbox 1086 3978 1426 4035; x_wconf 84' lang='lat' dir='ltr'><strong>Salmnonem</strong></span> <span class='ocrx_word' id='word_1_516' title='bbox 1457 3981 1523 4034; x_wconf 76' lang='lat'><strong>&quot;.</strong></span> <span class='ocrx_word' id='word_1_517' title='bbox 1570 3999 1589 4032; x_wconf 84' lang='grc'><strong>›</strong></span> <span class='ocrx_word' id='word_1_518' title='bbox 1610 3964 1799 4037; x_wconf 83' lang='lat' dir='ltr'><strong>Patres</strong></span> <span class='ocrx_word' id='word_1_519' title='bbox 1817 3997 2031 4053; x_wconf 82' lang='lat' dir='ltr'><strong>quoque</strong></span> <span class='ocrx_word' id='word_1_520' title='bbox 2061 3998 2165 4038; x_wconf 69' lang='lat' dir='ltr'><strong>saa-</strong></span> 
     </span>
    </p>
   </div>
   <div class='ocr_carea' id='block_1_71' title="bbox 588 4072 2165 4143">
    <p class='ocr_par' dir='ltr' id='par_1_71' title="bbox 588 4072 2165 4143">
     <span class='ocr_line' id='line_1_71' title="bbox 588 4072 2165 4143; baseline 0.003 -19"><span class='ocrx_word' id='word_1_521' title='bbox 588 4084 908 4141; x_wconf 86' lang='lat' dir='ltr'><strong>penumero_</strong></span> <span class='ocrx_word' id='word_1_522' title='bbox 928 4086 1024 4127; x_wconf 86' lang='lat' dir='ltr'><strong>eos</strong></span> <span class='ocrx_word' id='word_1_523' title='bbox 1044 4072 1136 4141; x_wconf 89' lang='lat' dir='ltr'><strong>qui</strong></span> <span class='ocrx_word' id='word_1_524' title='bbox 1165 4088 1228 4126; x_wconf 81' lang='lat' dir='ltr'><strong>ex</strong></span> <span class='ocrx_word' id='word_1_525' title='bbox 1259 4073 1388 4143; x_wconf 83' lang='lat' dir='ltr'><strong>ipsis</strong></span> <span class='ocrx_word' id='word_1_526' title='bbox 1426 4073 1588 4141; x_wconf 80' lang='lat' dir='ltr'><strong>geniti</strong></span> <span class='ocrx_word' id='word_1_527' title='bbox 1620 4086 1745 4130; x_wconf 88' lang='lat' dir='ltr'><strong>sunt</strong></span> <span class='ocrx_word' id='word_1_528' title='bbox 1772 4090 1958 4131; x_wconf 80' lang='lat' dir='ltr'><strong>servos</strong></span> <span class='ocrx_word' id='word_1_529' title='bbox 1974 4085 2165 4132; x_wconf 88' lang='lat' dir='ltr'><strong>vocant</strong></span> 
     </span>
    </p>
   </div>
   <div class='ocr_carea' id='block_1_72' title="bbox 589 4164 2165 4230">
    <p class='ocr_par' dir='ltr' id='par_1_72' title="bbox 589 4164 2165 4230">
     <span class='ocr_line' id='line_1_72' title="bbox 589 4164 2165 4230; baseline 0.004 -12"><span class='ocrx_word' id='word_1_530' title='bbox 589 4172 645 4218; x_wconf 82' lang='lat' dir='ltr'><strong>et</strong></span> <span class='ocrx_word' id='word_1_531' title='bbox 671 4177 877 4230; x_wconf 82' lang='lat' dir='ltr'><strong>servos,</strong></span> <span class='ocrx_word' id='word_1_532' title='bbox 915 4164 1073 4220; x_wconf 88' lang='lat' dir='ltr'><strong>ﬁlios.</strong></span> <span class='ocrx_word' id='word_1_533' title='bbox 1096 4164 1359 4219; x_wconf 60' lang='lat' dir='ltr'><strong>Cmterum</strong></span> <span class='ocrx_word' id='word_1_534' title='bbox 1396 4168 1610 4220; x_wconf 87' lang='lat' dir='ltr'><strong>nomina</strong></span> <span class='ocrx_word' id='word_1_535' title='bbox 1642 4177 1890 4223; x_wconf 87' lang='lat' dir='ltr'><strong>naturam</strong></span> <span class='ocrx_word' id='word_1_536' title='bbox 1919 4186 2025 4223; x_wconf 91' lang='lat' dir='ltr'><strong>non</strong></span> <span class='ocrx_word' id='word_1_537' title='bbox 2064 4171 2165 4223; x_wconf 62' lang='lat' dir='ltr'><strong>imo</strong></span> 
     </span>
    </p>
   </div>
   <div class='ocr_carea' id='block_1_73' title="bbox 590 4255 2164 4327">
    <p class='ocr_par' dir='ltr' id='par_1_73' title="bbox 590 4255 2164 4327">
     <span class='ocr_line' id='line_1_73' title="bbox 590 4255 2164 4327; baseline 0.006 -22"><span class='ocrx_word' id='word_1_538' title='bbox 590 4262 821 4317; x_wconf 81' lang='lat' dir='ltr'><strong>mutant,</strong></span> <span class='ocrx_word' id='word_1_539' title='bbox 848 4255 940 4308; x_wconf 89' lang='lat' dir='ltr'><strong>sed</strong></span> <span class='ocrx_word' id='word_1_540' title='bbox 967 4256 1143 4323; x_wconf 85' lang='lat' dir='ltr'><strong>potius</strong></span> <span class='ocrx_word' id='word_1_541' title='bbox 1177 4264 1501 4323; x_wconf 82' lang='lat' dir='ltr'><strong>putestatem</strong></span> <span class='ocrx_word' id='word_1_542' title='bbox 1537 4256 1747 4311; x_wconf 90' lang='lat' dir='ltr'><strong>illorum</strong></span> <span class='ocrx_word' id='word_1_543' title='bbox 1777 4260 1866 4327; x_wconf 91' lang='lat' dir='ltr'><strong>qui</strong></span> <span class='ocrx_word' id='word_1_544' title='bbox 1922 4261 1997 4314; x_wconf 92' lang='lat' dir='ltr'><strong>ita</strong></span> <span class='ocrx_word' id='word_1_545' title='bbox 2046 4260 2164 4315; x_wconf 91' lang='lat' dir='ltr'><strong>illos</strong></span> 
     </span>
    </p>
   </div>
   <div class='ocr_carea' id='block_1_74' title="bbox 589 4345 2159 4420">
    <p class='ocr_par' dir='ltr' id='par_1_74' title="bbox 589 4345 2159 4420">
     <span class='ocr_line' id='line_1_74' title="bbox 589 4345 2159 4420; baseline 0.006 -22"><span class='ocrx_word' id='word_1_546' title='bbox 589 4345 870 4414; x_wconf 87' lang='lat' dir='ltr'><strong>appellare</strong></span> <span class='ocrx_word' id='word_1_547' title='bbox 895 4346 1214 4411; x_wconf 82' lang='lat' dir='ltr'><strong>voluerunt,</strong></span> <span class='ocrx_word' id='word_1_548' title='bbox 1254 4350 1577 4420; x_wconf 85' lang='lat' dir='ltr'><strong>signiﬁcant.</strong></span> <span class='ocrx_word' id='word_1_549' title='bbox 1607 4351 1759 4418; x_wconf 86' lang='lat' dir='ltr'><strong>Quod</strong></span> <span class='ocrx_word' id='word_1_550' title='bbox 1790 4363 1969 4408; x_wconf 89' lang='lat' dir='ltr'><strong>autem</strong></span> <span class='ocrx_word' id='word_1_551' title='bbox 1996 4356 2159 4408; x_wconf 85' lang='lat' dir='ltr'><strong>etiam</strong></span> 
     </span>
    </p>
   </div>
   <div class='ocr_carea' id='block_1_75' title="bbox 588 4434 2160 4507">
    <p class='ocr_par' dir='ltr' id='par_1_75' title="bbox 588 4434 2160 4507">
     <span class='ocr_line' id='line_1_75' title="bbox 588 4434 2160 4507; baseline 0.006 -18"><span class='ocrx_word' id='word_1_552' title='bbox 588 4434 627 4490; x_wconf 92' lang='lat' dir='ltr'><strong>ii</strong></span> <span class='ocrx_word' id='word_1_553' title='bbox 655 4436 747 4505; x_wconf 89' lang='lat' dir='ltr'><strong>qui</strong></span> <span class='ocrx_word' id='word_1_554' title='bbox 774 4439 945 4506; x_wconf 75' lang='lat' dir='ltr'><strong>geniti</strong></span> <span class='ocrx_word' id='word_1_555' title='bbox 972 4448 1119 4503; x_wconf 91' lang='lat' dir='ltr'><strong>sunt,</strong></span> <span class='ocrx_word' id='word_1_556' title='bbox 1158 4458 1177 4490; x_wconf 76' lang='grc' dir='ltr'><strong>ι</strong></span> <span class='ocrx_word' id='word_1_557' title='bbox 1218 4440 1342 4494; x_wconf 82' lang='lat' dir='ltr'><strong>facti</strong></span> <span class='ocrx_word' id='word_1_558' title='bbox 1383 4460 1402 4492; x_wconf 77' lang='grc' dir='ltr'><strong>ι</strong></span> <span class='ocrx_word' id='word_1_559' title='bbox 1454 4442 1726 4507; x_wconf 85' lang='lat' dir='ltr'><strong>dicantur,</strong></span> <span class='ocrx_word' id='word_1_560' title='bbox 1772 4444 1897 4499; x_wconf 88' lang='lat' dir='ltr'><strong>inde</strong></span> <span class='ocrx_word' id='word_1_561' title='bbox 1933 4446 2160 4499; x_wconf 78' lang='lat' dir='ltr'><strong>manife-</strong></span> 
     </span>
    </p>
   </div>
   <div class='ocr_carea' id='block_1_76' title="bbox 2270 3247 3850 3322">
    <p class='ocr_par' dir='ltr' id='par_1_76' title="bbox 2270 3247 3850 3322">
     <span class='ocr_line' id='line_1_76' title="bbox 2270 3247 3850 3322; baseline -0.004 -16"><span class='ocrx_word' id='word_1_562' title='bbox 2270 3253 2421 3307; x_wconf 75' lang='grc' dir='ltr'>οὐδὲν</span> <span class='ocrx_word' id='word_1_563' title='bbox 2448 3252 2555 3305; x_wconf 79' lang='grc' dir='ltr'><strong>ἀπὸ</strong></span> <span class='ocrx_word' id='word_1_564' title='bbox 2572 3252 2673 3322; x_wconf 78' lang='grc' dir='ltr'><strong>τῆς</strong></span> <span class='ocrx_word' id='word_1_565' title='bbox 2698 3250 2897 3316; x_wconf 81' lang='grc' dir='ltr'>λέξεως</span> <span class='ocrx_word' id='word_1_566' title='bbox 2925 3250 3183 3320; x_wconf 82' lang='grc' dir='ltr'>ὑπομένει</span> <span class='ocrx_word' id='word_1_567' title='bbox 3229 3250 3288 3302; x_wconf 77' lang='grc' dir='ltr'><strong>τὸ</strong></span> <span class='ocrx_word' id='word_1_568' title='bbox 3326 3250 3585 3318; x_wconf 78' lang='grc' dir='ltr'>ἀδίκημα.</span> <span class='ocrx_word' id='word_1_569' title='bbox 3629 3249 3693 3299; x_wconf 85' lang='grc' dir='ltr'>Ἡ</span> <span class='ocrx_word' id='word_1_570' title='bbox 3733 3247 3850 3317; x_wconf 80' lang='grc' dir='ltr'>γὰρ</span> 
     </span>
    </p>
   </div>
   <div class='ocr_carea' id='block_1_77' title="bbox 2270 3339 3850 3412">
    <p class='ocr_par' dir='ltr' id='par_1_77' title="bbox 2270 3339 3850 3412">
     <span class='ocr_line' id='line_1_77' title="bbox 2270 3339 3850 3412; baseline -0.004 -16"><span class='ocrx_word' id='word_1_571' title='bbox 2270 3345 2453 3412; x_wconf 77' lang='grc' dir='ltr'>φύσις,</span> <span class='ocrx_word' id='word_1_572' title='bbox 2483 3344 2543 3395; x_wconf 76' lang='grc' dir='ltr'><strong>οὐ</strong></span> <span class='ocrx_word' id='word_1_573' title='bbox 2582 3343 2801 3406; x_wconf 86' lang='grc' dir='ltr'>πάντως</span> <span class='ocrx_word' id='word_1_574' title='bbox 2835 3342 2867 3412; x_wconf 79' lang='grc' dir='ltr'>ἡ</span> <span class='ocrx_word' id='word_1_575' title='bbox 2912 3340 3058 3407; x_wconf 75' lang='grc' dir='ltr'>λέξις</span> <span class='ocrx_word' id='word_1_576' title='bbox 3089 3339 3419 3404; x_wconf 75' lang='grc' dir='ltr'>ἐξετάζεται.</span> <span class='ocrx_word' id='word_1_577' title='bbox 3454 3340 3621 3391; x_wconf 82' lang='grc' dir='ltr'>Ὅταν</span> <span class='ocrx_word' id='word_1_578' title='bbox 3664 3339 3850 3391; x_wconf 85' lang='grc' dir='ltr'>τοίνυν</span> 
     </span>
    </p>
   </div>
   <div class='ocr_carea' id='block_1_78' title="bbox 2268 3431 3851 3506">
    <p class='ocr_par' dir='ltr' id='par_1_78' title="bbox 2268 3431 3851 3506">
     <span class='ocr_line' id='line_1_78' title="bbox 2268 3431 3851 3506; baseline -0.004 -17"><span class='ocrx_word' id='word_1_579' title='bbox 2268 3435 2363 3488; x_wconf 72' lang='grc' dir='ltr'>ἐπὶ</span> <span class='ocrx_word' id='word_1_580' title='bbox 2392 3434 2484 3489; x_wconf 89' lang='grc' dir='ltr'><strong>τοῦ</strong></span> <span class='ocrx_word' id='word_1_581' title='bbox 2518 3434 2867 3506; x_wconf 80' lang='grc' dir='ltr'>γεννηθέντος</span> <span class='ocrx_word' id='word_1_582' title='bbox 2896 3432 3030 3486; x_wconf 87' lang='grc' dir='ltr'>Θεοῦ</span> <span class='ocrx_word' id='word_1_583' title='bbox 3062 3433 3233 3501; x_wconf 86' lang='grc' dir='ltr'>Λόγου</span> <span class='ocrx_word' id='word_1_584' title='bbox 3266 3432 3499 3503; x_wconf 74' lang='grc' dir='ltr'>φέρηται</span> <span class='ocrx_word' id='word_1_585' title='bbox 3528 3432 3606 3494; x_wconf 78' lang='grc' dir='ltr'>τὸ,</span> <span class='ocrx_word' id='word_1_586' title='bbox 3645 3431 3851 3484; x_wconf 83' lang='grc' dir='ltr'>Πιστὸν</span> 
     </span>
    </p>
   </div>
   <div class='ocr_carea' id='block_1_79' title="bbox 2268 3522 3848 3597">
    <p class='ocr_par' dir='ltr' id='par_1_79' title="bbox 2268 3522 3848 3597">
     <span class='ocr_line' id='line_1_79' title="bbox 2268 3522 3848 3597; baseline -0.003 -18"><span class='ocrx_word' id='word_1_587' title='bbox 2268 3528 2396 3581; x_wconf 78' lang='grc' dir='ltr'>ὂντα</span> <span class='ocrx_word' id='word_1_588' title='bbox 2420 3526 2497 3597; x_wconf 78' lang='grc' dir='ltr'>τῷ</span> <span class='ocrx_word' id='word_1_589' title='bbox 2532 3529 2818 3597; x_wconf 76' lang='grc' dir='ltr'>ποιήσαντι</span> <span class='ocrx_word' id='word_1_590' title='bbox 2859 3525 3010 3588; x_wconf 77' lang='grc' dir='ltr'>αὐτὸ,</span> <span class='ocrx_word' id='word_1_591' title='bbox 3038 3523 3111 3595; x_wconf 82' lang='grc' dir='ltr'>μὴ</span> <span class='ocrx_word' id='word_1_592' title='bbox 3136 3523 3579 3593; x_wconf 76' lang='grc' dir='ltr'>συκοφαντείσθω</span> <span class='ocrx_word' id='word_1_593' title='bbox 3607 3523 3667 3575; x_wconf 81' lang='grc' dir='ltr'><strong>τὸ</strong></span> <span class='ocrx_word' id='word_1_594' title='bbox 3706 3522 3848 3592; x_wconf 81' lang='grc' dir='ltr'>γνή-</span> 
     </span>
    </p>
   </div>
   <div class='ocr_carea' id='block_1_80' title="bbox 2272 3615 3849 3689">
    <p class='ocr_par' dir='ltr' id='par_1_80' title="bbox 2272 3615 3849 3689">
     <span class='ocr_line' id='line_1_80' title="bbox 2272 3615 3849 3689; baseline -0.003 -19"><span class='ocrx_word' id='word_1_595' title='bbox 2272 3636 2382 3670; x_wconf 88' lang='grc' dir='ltr'>σιον</span> <span class='ocrx_word' id='word_1_596' title='bbox 2405 3620 2502 3689; x_wconf 80' lang='grc' dir='ltr'><strong>τῆς</strong></span> <span class='ocrx_word' id='word_1_597' title='bbox 2541 3617 2827 3688; x_wconf 82' lang='grc' dir='ltr'>ὑπάρξεως</span> <span class='ocrx_word' id='word_1_598' title='bbox 2861 3615 3048 3677; x_wconf 84' lang='grc' dir='ltr'>αὑτοῦ,</span> <span class='ocrx_word' id='word_1_599' title='bbox 3083 3616 3197 3668; x_wconf 81' lang='grc' dir='ltr'>ἀλλ’</span> <span class='ocrx_word' id='word_1_600' title='bbox 3242 3615 3275 3686; x_wconf 77' lang='grc' dir='ltr'>ἢ</span> <span class='ocrx_word' id='word_1_601' title='bbox 3323 3615 3546 3667; x_wconf 89' lang='grc' dir='ltr'>νοείσθω</span> <span class='ocrx_word' id='word_1_602' title='bbox 3582 3616 3711 3685; x_wconf 78' lang='grc' dir='ltr'>περὶ</span> <span class='ocrx_word' id='word_1_603' title='bbox 3750 3615 3849 3667; x_wconf 83' lang='grc' dir='ltr'><strong>τὸν</strong></span> 
     </span>
    </p>
   </div>
   <div class='ocr_carea' id='block_1_81' title="bbox 2266 3706 3849 3780">
    <p class='ocr_par' dir='ltr' id='par_1_81' title="bbox 2266 3706 3849 3780">
     <span class='ocr_line' id='line_1_81' title="bbox 2266 3706 3849 3780; baseline -0.002 -18"><span class='ocrx_word' id='word_1_604' title='bbox 2266 3710 2365 3779; x_wconf 77' lang='grc' dir='ltr'><strong>τῆς</strong></span> <span class='ocrx_word' id='word_1_605' title='bbox 2422 3709 2882 3780; x_wconf 77' lang='grc' dir='ltr'>ὲνανθρωπήσεως</span> <span class='ocrx_word' id='word_1_606' title='bbox 2924 3707 3100 3773; x_wconf 86' lang='grc' dir='ltr'>λόγον,</span> <span class='ocrx_word' id='word_1_607' title='bbox 3148 3707 3181 3777; x_wconf 79' lang='grc' dir='ltr'>ἢ</span> <span class='ocrx_word' id='word_1_608' title='bbox 3228 3706 3394 3776; x_wconf 82' lang='grc' dir='ltr'>μηδὲν</span> <span class='ocrx_word' id='word_1_609' title='bbox 3447 3707 3698 3759; x_wconf 85' lang='grc' dir='ltr'>ἀδικείτω</span> <span class='ocrx_word' id='word_1_610' title='bbox 3741 3706 3849 3777; x_wconf 82' lang='grc' dir='ltr'><strong>τὴν</strong></span> 
     </span>
    </p>
   </div>
   <div class='ocr_carea' id='block_1_82' title="bbox 2267 3798 3846 3872">
    <p class='ocr_par' dir='ltr' id='par_1_82' title="bbox 2267 3798 3846 3872">
     <span class='ocr_line' id='line_1_82' title="bbox 2267 3798 3846 3872; baseline -0.004 -17"><span class='ocrx_word' id='word_1_611' title='bbox 2267 3803 2529 3872; x_wconf 79' lang='grc' dir='ltr'>ἀλήθειαν</span> <span class='ocrx_word' id='word_1_612' title='bbox 2552 3805 2610 3855; x_wconf 79' lang='grc' dir='ltr'><strong>τὸ</strong></span> <span class='ocrx_word' id='word_1_613' title='bbox 2644 3801 2744 3870; x_wconf 82' lang='grc' dir='ltr'>τῆς</span> <span class='ocrx_word' id='word_1_614' title='bbox 2771 3800 2970 3864; x_wconf 79' lang='grc' dir='ltr'>λέξεως</span> <span class='ocrx_word' id='word_1_615' title='bbox 2998 3799 3309 3871; x_wconf 84' lang='grc' dir='ltr'>ἀδιάφορον.</span> <span class='ocrx_word' id='word_1_616' title='bbox 3330 3798 3607 3869; x_wconf 72' lang='grc' dir='ltr'>Βηρσαϐεέ</span> <span class='ocrx_word' id='word_1_617' title='bbox 3634 3799 3723 3851; x_wconf 86' lang='grc' dir='ltr'><strong>τὸν</strong></span> <span class='ocrx_word' id='word_1_618' title='bbox 3745 3799 3846 3850; x_wconf 86' lang='grc' dir='ltr'><strong>Σο-</strong></span> 
     </span>
    </p>
   </div>
   <div class='ocr_carea' id='block_1_83' title="bbox 2265 3889 3847 3966">
    <p class='ocr_par' dir='ltr' id='par_1_83' title="bbox 2265 3889 3847 3966">
     <span class='ocr_line' id='line_1_83' title="bbox 2265 3889 3847 3966; baseline -0.004 -18"><span class='ocrx_word' id='word_1_619' title='bbox 2265 3894 2481 3966; x_wconf 87' lang='grc' dir='ltr'>λομῶνα</span> <span class='ocrx_word' id='word_1_620' title='bbox 2509 3892 2691 3946; x_wconf 88' lang='grc' dir='ltr'>δοῦλον</span> <span class='ocrx_word' id='word_1_621' title='bbox 2716 3893 2898 3946; x_wconf 82' lang='grc' dir='ltr'>ἐκάλει</span> <span class='ocrx_word' id='word_1_622' title='bbox 2924 3890 3018 3944; x_wconf 86' lang='grc' dir='ltr'><strong>τοῦ</strong></span> <span class='ocrx_word' id='word_1_623' title='bbox 3046 3891 3225 3953; x_wconf 68' lang='grc' dir='ltr'>Δαόἱδ,</span> <span class='ocrx_word' id='word_1_624' title='bbox 3252 3892 3483 3958; x_wconf 83' lang='grc' dir='ltr'>λέγουσα</span> <span class='ocrx_word' id='word_1_625' title='bbox 3505 3907 3517 3921; x_wconf 74' lang='grc' dir='ltr'><strong><em>ο</em></strong></span> <span class='ocrx_word' id='word_1_626' title='bbox 3556 3911 3574 3943; x_wconf 74' lang='grc' dir='ltr'><strong>ι</strong></span> <span class='ocrx_word' id='word_1_627' title='bbox 3606 3891 3708 3944; x_wconf 81' lang='grc' dir='ltr'>Τὸν</span> <span class='ocrx_word' id='word_1_628' title='bbox 3729 3889 3847 3942; x_wconf 72' lang='grc' dir='ltr'>δοῦο</span> 
     </span>
    </p>
   </div>
   <div class='ocr_carea' id='block_1_84' title="bbox 2265 3977 3847 4053">
    <p class='ocr_par' dir='ltr' id='par_1_84' title="bbox 2265 3977 3847 4053">
     <span class='ocr_line' id='line_1_84' title="bbox 2265 3977 3847 4053; baseline -0.004 -16"><span class='ocrx_word' id='word_1_629' title='bbox 2265 3984 2354 4038; x_wconf 86' lang='grc' dir='ltr'><strong>λόν</strong></span> <span class='ocrx_word' id='word_1_630' title='bbox 2385 4002 2477 4037; x_wconf 87' lang='grc' dir='ltr'><strong>σου</strong></span> <span class='ocrx_word' id='word_1_631' title='bbox 2513 3983 2821 4053; x_wconf 85' lang='grc' dir='ltr'>Σολομῶνα.</span> <span class='ocrx_word' id='word_1_632' title='bbox 2866 4000 2884 4031; x_wconf 75' lang='grc' dir='ltr'><strong>ι</strong></span> <span class='ocrx_word' id='word_1_633' title='bbox 2920 3981 3028 4033; x_wconf 78' lang='grc' dir='ltr'>Καὶ</span> <span class='ocrx_word' id='word_1_634' title='bbox 3069 3982 3304 4051; x_wconf 77' lang='grc' dir='ltr'>πατέρες</span> <span class='ocrx_word' id='word_1_635' title='bbox 3340 3981 3597 4044; x_wconf 82' lang='grc' dir='ltr'>πολλάκις</span> <span class='ocrx_word' id='word_1_636' title='bbox 3624 3982 3750 4043; x_wconf 78' lang='grc' dir='ltr'>τοὺς</span> <span class='ocrx_word' id='word_1_637' title='bbox 3777 3977 3847 4044; x_wconf 77' lang='grc' dir='ltr'><strong>ἐξ</strong></span> 
     </span>
    </p>
   </div>
   <div class='ocr_carea' id='block_1_85' title="bbox 2265 4070 3845 4143">
    <p class='ocr_par' dir='ltr' id='par_1_85' title="bbox 2265 4070 3845 4143">
     <span class='ocr_line' id='line_1_85' title="bbox 2265 4070 3845 4143; baseline -0.004 -13"><span class='ocrx_word' id='word_1_638' title='bbox 2265 4076 2473 4130; x_wconf 79' lang='grc' dir='ltr'>ἑαυτῶν</span> <span class='ocrx_word' id='word_1_639' title='bbox 2520 4073 2875 4143; x_wconf 83' lang='grc' dir='ltr'>γεννηθέντας</span> <span class='ocrx_word' id='word_1_640' title='bbox 2921 4070 3139 4135; x_wconf 82' lang='grc' dir='ltr'>δούλους</span> <span class='ocrx_word' id='word_1_641' title='bbox 3181 4070 3537 4133; x_wconf 82' lang='grc' dir='ltr'>ἀποκαλοῦσι,</span> <span class='ocrx_word' id='word_1_642' title='bbox 3578 4073 3671 4125; x_wconf 78' lang='grc' dir='ltr'><strong>καὶ</strong></span> <span class='ocrx_word' id='word_1_643' title='bbox 3710 4071 3845 4134; x_wconf 81' lang='grc' dir='ltr'>τοὺς</span> 
     </span>
    </p>
   </div>
   <div class='ocr_carea' id='block_1_86' title="bbox 2263 4164 3844 4237">
    <p class='ocr_par' dir='ltr' id='par_1_86' title="bbox 2263 4164 3844 4237">
     <span class='ocr_line' id='line_1_86' title="bbox 2263 4164 3844 4237; baseline -0.004 -16"><span class='ocrx_word' id='word_1_644' title='bbox 2263 4167 2479 4230; x_wconf 80' lang='grc' dir='ltr'>οἰκέτας</span> <span class='ocrx_word' id='word_1_645' title='bbox 2512 4168 2682 4231; x_wconf 82' lang='grc' dir='ltr'>υἱούς.</span> <span class='ocrx_word' id='word_1_646' title='bbox 2725 4166 2864 4219; x_wconf 83' lang='grc' dir='ltr'>Ἀλλ’</span> <span class='ocrx_word' id='word_1_647' title='bbox 2900 4167 2998 4237; x_wconf 80' lang='grc' dir='ltr'><strong>οὐχ</strong></span> <span class='ocrx_word' id='word_1_648' title='bbox 3026 4169 3081 4220; x_wconf 81' lang='grc' dir='ltr'>αἱ</span> <span class='ocrx_word' id='word_1_649' title='bbox 3111 4166 3283 4231; x_wconf 82' lang='grc' dir='ltr'>λέξεις</span> <span class='ocrx_word' id='word_1_650' title='bbox 3312 4164 3410 4233; x_wconf 80' lang='grc' dir='ltr'><strong>τὴν</strong></span> <span class='ocrx_word' id='word_1_651' title='bbox 3453 4164 3616 4232; x_wconf 80' lang='grc' dir='ltr'>φύσιν</span> <span class='ocrx_word' id='word_1_652' title='bbox 3640 4164 3844 4221; x_wconf 80' lang='grc' dir='ltr'>ἀλλάτ-</span> 
     </span>
    </p>
   </div>
   <div class='ocr_carea' id='block_1_87' title="bbox 2264 4253 3842 4329">
    <p class='ocr_par' dir='ltr' id='par_1_87' title="bbox 2264 4253 3842 4329">
     <span class='ocr_line' id='line_1_87' title="bbox 2264 4253 3842 4329; baseline -0.006 -14"><span class='ocrx_word' id='word_1_653' title='bbox 2264 4278 2439 4323; x_wconf 87' lang='grc' dir='ltr'>τουσι,</span> <span class='ocrx_word' id='word_1_654' title='bbox 2464 4258 2669 4329; x_wconf 74' lang='grc' dir='ltr'>μᾶλλον</span> <span class='ocrx_word' id='word_1_655' title='bbox 2688 4256 2745 4311; x_wconf 79' lang='grc' dir='ltr'><strong>δὲ</strong></span> <span class='ocrx_word' id='word_1_656' title='bbox 2778 4258 2875 4327; x_wconf 84' lang='grc' dir='ltr'><strong>τὴν</strong></span> <span class='ocrx_word' id='word_1_657' title='bbox 2900 4256 3147 4321; x_wconf 67' lang='grc' dir='ltr'>ἐξουσίαν</span> <span class='ocrx_word' id='word_1_658' title='bbox 3186 4256 3294 4308; x_wconf 84' lang='grc' dir='ltr'><strong>τῶν</strong></span> <span class='ocrx_word' id='word_1_659' title='bbox 3319 4254 3460 4308; x_wconf 76' lang='grc' dir='ltr'>οὕτω</span> <span class='ocrx_word' id='word_1_660' title='bbox 3498 4253 3842 4325; x_wconf 79' lang='grc' dir='ltr'>βουλομένων</span> 
     </span>
    </p>
   </div>
   <div class='ocr_carea' id='block_1_88' title="bbox 2264 4346 3843 4412">
    <p class='ocr_par' dir='ltr' id='par_1_88' title="bbox 2264 4346 3843 4412">
     <span class='ocr_line' id='line_1_88' title="bbox 2264 4346 3843 4412; baseline -0.004 -6"><span class='ocrx_word' id='word_1_661' title='bbox 2264 4350 2559 4407; x_wconf 85' lang='grc' dir='ltr'>ἀποκαλεῖν</span> <span class='ocrx_word' id='word_1_662' title='bbox 2575 4349 3023 4402; x_wconf 74' lang='grc' dir='ltr'>ἐπιδεικνύουσιν.</span> <span class='ocrx_word' id='word_1_663' title='bbox 3052 4349 3172 4400; x_wconf 87' lang='grc' dir='ltr'><strong>Ὅτι</strong></span> <span class='ocrx_word' id='word_1_664' title='bbox 3190 4347 3246 4400; x_wconf 76' lang='grc' dir='ltr'>δὲ</span> <span class='ocrx_word' id='word_1_665' title='bbox 3268 4347 3360 4399; x_wconf 79' lang='grc' dir='ltr'>καὶ</span> <span class='ocrx_word' id='word_1_666' title='bbox 3380 4348 3474 4399; x_wconf 75' lang='grc' dir='ltr'><strong>ἐπὶ</strong></span> <span class='ocrx_word' id='word_1_667' title='bbox 3501 4346 3609 4401; x_wconf 82' lang='grc' dir='ltr'><strong>τῶν</strong></span> <span class='ocrx_word' id='word_1_668' title='bbox 3638 4363 3843 4412; x_wconf 79' lang='grc' dir='ltr'><strong>γιιννω⁹</strong></span> 
     </span>
    </p>
   </div>
   <div class='ocr_carea' id='block_1_89' title="bbox 2268 4438 3838 4514">
    <p class='ocr_par' dir='ltr' id='par_1_89' title="bbox 2268 4438 3838 4514">
     <span class='ocr_line' id='line_1_89' title="bbox 2268 4438 3838 4514; baseline -0.004 -17"><span class='ocrx_word' id='word_1_669' title='bbox 2268 4443 2443 4514; x_wconf 84' lang='grc' dir='ltr'>μένων</span> <span class='ocrx_word' id='word_1_670' title='bbox 2471 4442 2784 4511; x_wconf 82' lang='grc' dir='ltr'>εὑρίσκεται</span> <span class='ocrx_word' id='word_1_671' title='bbox 2812 4441 2873 4493; x_wconf 86' lang='grc' dir='ltr'>τὸ</span> <span class='ocrx_word' id='word_1_672' title='bbox 2906 4460 2923 4490; x_wconf 77' lang='grc' dir='ltr'><strong>ι</strong></span> <span class='ocrx_word' id='word_1_673' title='bbox 2964 4440 3205 4510; x_wconf 77' lang='grc' dir='ltr'>ἐποίησε,</span> <span class='ocrx_word' id='word_1_674' title='bbox 3238 4457 3256 4489; x_wconf 75' lang='grc' dir='ltr'><strong>ι</strong></span> <span class='ocrx_word' id='word_1_675' title='bbox 3279 4438 3731 4509; x_wconf 74' lang='grc' dir='ltr'>δῆλονέντεῦθεν.</span> <span class='ocrx_word' id='word_1_676' title='bbox 3773 4439 3838 4491; x_wconf 89' lang='lat'><strong>&#39;0</strong></span> 
     </span>
    </p>
   </div>
   <div class='ocr_carea' id='block_1_90' title="bbox 586 4522 2162 4603">
    <p class='ocr_par' dir='ltr' id='par_1_90' title="bbox 586 4527 2159 4601">
     <span class='ocr_line' id='line_1_90' title="bbox 586 4527 2159 4601; baseline 0.006 -22"><span class='ocrx_word' id='word_1_677' title='bbox 586 4536 729 4579; x_wconf 89' lang='lat' dir='ltr'><strong>stum</strong></span> <span class='ocrx_word' id='word_1_678' title='bbox 753 4535 855 4580; x_wconf 85' lang='lat' dir='ltr'><strong>est.</strong></span> <span class='ocrx_word' id='word_1_679' title='bbox 886 4527 1047 4596; x_wconf 78' lang='lat'><strong>213</strong></span> <span class='ocrx_word' id='word_1_680' title='bbox 1075 4527 1333 4582; x_wconf 86' lang='lat' dir='ltr'><strong>Ezechias</strong></span> <span class='ocrx_word' id='word_1_681' title='bbox 1362 4531 1503 4583; x_wconf 89' lang='lat' dir='ltr'><strong>enim</strong></span> <span class='ocrx_word' id='word_1_682' title='bbox 1538 4531 1606 4584; x_wconf 91' lang='lat' dir='ltr'><strong>ita</strong></span> <span class='ocrx_word' id='word_1_683' title='bbox 1645 4533 1820 4601; x_wconf 91' lang='lat' dir='ltr'><strong>inquit</strong></span> <span class='ocrx_word' id='word_1_684' title='bbox 1853 4552 1864 4587; x_wconf 92' lang='lat'>:</span> <span class='ocrx_word' id='word_1_685' title='bbox 1906 4553 1923 4583; x_wconf 74' lang='grc' dir='ltr'><strong>ι</strong></span> <span class='ocrx_word' id='word_1_686' title='bbox 1958 4534 2036 4588; x_wconf 83' lang='lat' dir='ltr'><strong>Ab</strong></span> <span class='ocrx_word' id='word_1_687' title='bbox 2070 4534 2159 4588; x_wconf 87' lang='lat' dir='ltr'><strong>ho-</strong></span> 
     </span>
    </p>
   </div>
   <div class='ocr_carea' id='block_1_91' title="bbox 2264 4522 3838 4603">
    <p class='ocr_par' dir='ltr' id='par_1_91' title="bbox 2268 4527 3838 4603">
     <span class='ocr_line' id='line_1_91' title="bbox 2268 4527 3838 4603; baseline -0.005 -16"><span class='ocrx_word' id='word_1_688' title='bbox 2268 4535 2363 4603; x_wconf 80' lang='grc' dir='ltr'><strong>μὲν</strong></span> <span class='ocrx_word' id='word_1_689' title='bbox 2406 4534 2513 4602; x_wconf 85' lang='grc' dir='ltr'><strong>γὰρ</strong></span> <span class='ocrx_word' id='word_1_690' title='bbox 2554 4530 2798 4599; x_wconf 77' lang='grc' dir='ltr'>Ἐζεκίας</span> <span class='ocrx_word' id='word_1_691' title='bbox 2845 4529 3035 4598; x_wconf 80' lang='grc' dir='ltr'>φησίν·</span> <span class='ocrx_word' id='word_1_692' title='bbox 3071 4547 3089 4578; x_wconf 75' lang='grc' dir='ltr'><strong>ι</strong></span> <span class='ocrx_word' id='word_1_693' title='bbox 3138 4527 3268 4580; x_wconf 80' lang='grc' dir='ltr'>’Λπὸ</span> <span class='ocrx_word' id='word_1_694' title='bbox 3314 4528 3423 4597; x_wconf 81' lang='grc' dir='ltr'><strong>γάρ</strong></span> <span class='ocrx_word' id='word_1_695' title='bbox 3468 4528 3565 4595; x_wconf 78' lang='grc' dir='ltr'>τῆς</span> <span class='ocrx_word' id='word_1_696' title='bbox 3598 4527 3838 4596; x_wconf 88' lang='grc' dir='ltr'>σήμερον</span> 
     </span>
    </p>
   </div>
   <div class='ocr_carea' id='block_1_92' title="bbox 586 4617 2155 4693">
    <p class='ocr_par' dir='ltr' id='par_1_92' title="bbox 586 4617 2155 4693">
     <span class='ocr_line' id='line_1_92' title="bbox 586 4617 2155 4693; baseline 0.006 -23"><span class='ocrx_word' id='word_1_697' title='bbox 586 4617 774 4672; x_wconf 89' lang='lat' dir='ltr'><strong>dierno</strong></span> <span class='ocrx_word' id='word_1_698' title='bbox 797 4617 885 4672; x_wconf 88' lang='lat' dir='ltr'><strong>die</strong></span> <span class='ocrx_word' id='word_1_699' title='bbox 914 4618 1053 4674; x_wconf 86' lang='lat' dir='ltr'><strong>ﬁlios</strong></span> <span class='ocrx_word' id='word_1_700' title='bbox 1082 4620 1273 4675; x_wconf 78' lang='lat' dir='ltr'><strong>faciam</strong></span> <span class='ocrx_word' id='word_1_701' title='bbox 1307 4621 1373 4675; x_wconf 66' lang='lat'><strong>“3.</strong></span> <span class='ocrx_word' id='word_1_702' title='bbox 1415 4642 1434 4674; x_wconf 69' lang='grc' dir='ltr'><strong>ι</strong></span> <span class='ocrx_word' id='word_1_703' title='bbox 1498 4622 1562 4676; x_wconf 79' lang='lat' dir='ltr'><strong>Et</strong></span> <span class='ocrx_word' id='word_1_704' title='bbox 1617 4625 1682 4679; x_wconf 85' lang='lat' dir='ltr'><strong>de</strong></span> <span class='ocrx_word' id='word_1_705' title='bbox 1730 4622 1829 4679; x_wconf 83' lang='lat' dir='ltr'><strong>Job</strong></span> <span class='ocrx_word' id='word_1_706' title='bbox 1897 4627 2155 4693; x_wconf 87' lang='lat' dir='ltr'><strong>scriptum</strong></span> 
     </span>
    </p>
   </div>
   <div class='ocr_carea' id='block_1_93' title="bbox 582 4709 2153 4784">
    <p class='ocr_par' dir='ltr' id='par_1_93' title="bbox 582 4709 2153 4784">
     <span class='ocr_line' id='line_1_93' title="bbox 582 4709 2153 4784; baseline 0.003 -21"><span class='ocrx_word' id='word_1_707' title='bbox 582 4718 669 4763; x_wconf 86' lang='lat' dir='ltr'><strong>est</strong></span> <span class='ocrx_word' id='word_1_708' title='bbox 705 4726 718 4761; x_wconf 91' lang='lat'><strong>:</strong></span> <span class='ocrx_word' id='word_1_709' title='bbox 784 4728 803 4761; x_wconf 72' lang='grc' dir='ltr'><strong>ι</strong></span> <span class='ocrx_word' id='word_1_710' title='bbox 834 4709 983 4765; x_wconf 87' lang='lat' dir='ltr'><strong>Facti</strong></span> <span class='ocrx_word' id='word_1_711' title='bbox 1019 4722 1146 4766; x_wconf 90' lang='lat' dir='ltr'><strong>sunt</strong></span> <span class='ocrx_word' id='word_1_712' title='bbox 1176 4715 1222 4767; x_wconf 90' lang='lat' dir='ltr'><strong>ei</strong></span> <span class='ocrx_word' id='word_1_713' title='bbox 1258 4713 1348 4767; x_wconf 90' lang='lat' dir='ltr'><strong>ﬁlii</strong></span> <span class='ocrx_word' id='word_1_714' title='bbox 1379 4724 1604 4784; x_wconf 87' lang='lat' dir='ltr'><strong>septem,</strong></span> <span class='ocrx_word' id='word_1_715' title='bbox 1629 4725 1683 4770; x_wconf 89' lang='lat' dir='ltr'><strong>et</strong></span> <span class='ocrx_word' id='word_1_716' title='bbox 1711 4715 1830 4770; x_wconf 68' lang='lat' dir='ltr'><strong>ﬁlia:</strong></span> <span class='ocrx_word' id='word_1_717' title='bbox 1889 4726 1995 4771; x_wconf 90' lang='lat' dir='ltr'><strong>tres</strong></span> <span class='ocrx_word' id='word_1_718' title='bbox 2027 4718 2092 4771; x_wconf 72' lang='grc'><strong>⁸⁷.</strong></span> <span class='ocrx_word' id='word_1_719' title='bbox 2136 4737 2153 4767; x_wconf 76' lang='grc' dir='ltr'><strong>ι</strong></span> 
     </span>
    </p>
   </div>
   <div class='ocr_carea' id='block_1_94' title="bbox 585 4801 2159 4873">
    <p class='ocr_par' dir='ltr' id='par_1_94' title="bbox 585 4801 2159 4873">
     <span class='ocr_line' id='line_1_94' title="bbox 585 4801 2159 4873; baseline 0.005 -18"><span class='ocrx_word' id='word_1_720' title='bbox 585 4801 642 4855; x_wconf 85' lang='lat' dir='ltr'><strong>Si</strong></span> <span class='ocrx_word' id='word_1_721' title='bbox 671 4816 798 4873; x_wconf 76' lang='lat' dir='ltr'><strong>ergo</strong></span> <span class='ocrx_word' id='word_1_722' title='bbox 842 4804 895 4856; x_wconf 91' lang='lat' dir='ltr'><strong>in</strong></span> <span class='ocrx_word' id='word_1_723' title='bbox 923 4802 1251 4872; x_wconf 85' lang='lat' dir='ltr'><strong>hominibus,</strong></span> <span class='ocrx_word' id='word_1_724' title='bbox 1309 4822 1413 4860; x_wconf 88' lang='lat' dir='ltr'><strong>non</strong></span> <span class='ocrx_word' id='word_1_725' title='bbox 1472 4807 1714 4862; x_wconf 83' lang='lat' dir='ltr'><strong>absolute</strong></span> <span class='ocrx_word' id='word_1_726' title='bbox 1767 4810 2003 4873; x_wconf 86' lang='lat' dir='ltr'><strong>nomina,</strong></span> <span class='ocrx_word' id='word_1_727' title='bbox 2064 4812 2159 4863; x_wconf 85' lang='lat' dir='ltr'><strong>sed</strong></span> 
     </span>
    </p>
   </div>
   <div class='ocr_carea' id='block_1_95' title="bbox 584 4894 2150 4969">
    <p class='ocr_par' dir='ltr' id='par_1_95' title="bbox 584 4894 2150 4969">
     <span class='ocr_line' id='line_1_95' title="bbox 584 4894 2150 4969; baseline 0.004 -23"><span class='ocrx_word' id='word_1_728' title='bbox 584 4907 673 4948; x_wconf 88' lang='lat' dir='ltr'><strong>res</strong></span> <span class='ocrx_word' id='word_1_729' title='bbox 709 4894 853 4963; x_wconf 79' lang='lat' dir='ltr'><strong>ipsas</strong></span> <span class='ocrx_word' id='word_1_730' title='bbox 889 4894 1179 4963; x_wconf 86' lang='lat' dir='ltr'><strong>intuentes,</strong></span> <span class='ocrx_word' id='word_1_731' title='bbox 1227 4913 1349 4966; x_wconf 67' lang='lat' dir='ltr'><strong>qua:</strong></span> <span class='ocrx_word' id='word_1_732' title='bbox 1399 4900 1651 4954; x_wconf 83' lang='lat' dir='ltr'><strong>dicuntur</strong></span> <span class='ocrx_word' id='word_1_733' title='bbox 1691 4900 2150 4969; x_wconf 86' lang='lat' dir='ltr'><strong>interpretamur:</strong></span> 
     </span>
    </p>
   </div>
   <div class='ocr_carea' id='block_1_96' title="bbox 581 4984 2148 5050">
    <p class='ocr_par' dir='ltr' id='par_1_96' title="bbox 581 4984 2148 5050">
     <span class='ocr_line' id='line_1_96' title="bbox 581 4984 2148 5050; baseline 0.007 -17"><span class='ocrx_word' id='word_1_734' title='bbox 581 4984 848 5050; x_wconf 76' lang='lat' dir='ltr'><strong>quomodo</strong></span> <span class='ocrx_word' id='word_1_735' title='bbox 875 5000 980 5040; x_wconf 90' lang='lat' dir='ltr'><strong>non</strong></span> <span class='ocrx_word' id='word_1_736' title='bbox 1039 4986 1249 5045; x_wconf 84' lang='lat' dir='ltr'><strong>utiliter</strong></span> <span class='ocrx_word' id='word_1_737' title='bbox 1299 4988 1440 5043; x_wconf 83' lang='lat' dir='ltr'><strong>idem</strong></span> <span class='ocrx_word' id='word_1_738' title='bbox 1500 4990 1555 5043; x_wconf 92' lang='lat' dir='ltr'><strong>in</strong></span> <span class='ocrx_word' id='word_1_739' title='bbox 1609 4988 1754 5044; x_wconf 66' lang='lat' dir='ltr'><strong>Filio</strong></span> <span class='ocrx_word' id='word_1_740' title='bbox 1798 4988 1890 5045; x_wconf 83' lang='lat' dir='ltr'><strong>Dei</strong></span> <span class='ocrx_word' id='word_1_741' title='bbox 1942 4999 2148 5044; x_wconf 84' lang='lat' dir='ltr'><strong>statue-</strong></span> 
     </span>
    </p>
   </div>
   <div class='ocr_carea' id='block_1_97' title="bbox 579 5076 728 5129">
    <p class='ocr_par' dir='ltr' id='par_1_97' title="bbox 579 5076 728 5129">
     <span class='ocr_line' id='line_1_97' title="bbox 579 5076 728 5129; baseline 0.027 -4"><span class='ocrx_word' id='word_1_742' title='bbox 579 5076 728 5129; x_wconf 73' lang='lat' dir='ltr'><strong>unus?</strong></span> 
     </span>
    </p>
   </div>
   <div class='ocr_carea' id='block_1_98' title="bbox 1287 5278 1514 5335">
    <p class='ocr_par' dir='ltr' id='par_1_98' title="bbox 1287 5278 1514 5335">
     <span class='ocr_line' id='line_1_98' title="bbox 1287 5278 1514 5335; baseline -0.004 -3"><span class='ocrx_word' id='word_1_743' title='bbox 1287 5278 1514 5335; x_wconf 81' lang='lat' dir='ltr'><strong>ALIUD.</strong></span> 
     </span>
    </p>
   </div>
   <div class='ocr_carea' id='block_1_99' title="bbox 642 5387 2150 5465">
    <p class='ocr_par' dir='ltr' id='par_1_99' title="bbox 642 5387 2150 5465">
     <span class='ocr_line' id='line_1_99' title="bbox 642 5387 2150 5465; baseline 0.007 -24"><span class='ocrx_word' id='word_1_744' title='bbox 642 5387 866 5454; x_wconf 86' lang='lat' dir='ltr'><strong>Nomen,</strong></span> <span class='ocrx_word' id='word_1_745' title='bbox 894 5390 1063 5459; x_wconf 76' lang='lat' dir='ltr'><strong>ﬁlius,</strong></span> <span class='ocrx_word' id='word_1_746' title='bbox 1094 5394 1498 5461; x_wconf 81' lang='lat' dir='ltr'><strong>generationem</strong></span> <span class='ocrx_word' id='word_1_747' title='bbox 1523 5407 1590 5447; x_wconf 82' lang='lat' dir='ltr'><strong>ex</strong></span> <span class='ocrx_word' id='word_1_748' title='bbox 1640 5402 1791 5462; x_wconf 88' lang='lat' dir='ltr'><strong>patre</strong></span> <span class='ocrx_word' id='word_1_749' title='bbox 1861 5394 2150 5465; x_wconf 89' lang='lat' dir='ltr'><strong>signiﬁcat,</strong></span> 
     </span>
    </p>
   </div>
   <div class='ocr_carea' id='block_1_100' title="bbox 2264 4616 3837 4689">
    <p class='ocr_par' dir='ltr' id='par_1_100' title="bbox 2264 4616 3837 4689">
     <span class='ocr_line' id='line_1_100' title="bbox 2264 4616 3837 4689; baseline -0.004 -14"><span class='ocrx_word' id='word_1_750' title='bbox 2264 4620 2452 4675; x_wconf 87' lang='grc' dir='ltr'>παιδία</span> <span class='ocrx_word' id='word_1_751' title='bbox 2486 4620 2718 4689; x_wconf 86' lang='grc' dir='ltr'>ποιήσω.</span> <span class='ocrx_word' id='word_1_752' title='bbox 2751 4637 2770 4670; x_wconf 71' lang='grc' dir='ltr'><strong>ι</strong></span> <span class='ocrx_word' id='word_1_753' title='bbox 2808 4619 2943 4689; x_wconf 76' lang='grc' dir='ltr'>Περὶ</span> <span class='ocrx_word' id='word_1_754' title='bbox 2975 4617 3033 4671; x_wconf 79' lang='grc' dir='ltr'><strong>δὲ</strong></span> <span class='ocrx_word' id='word_1_755' title='bbox 3066 4616 3160 4671; x_wconf 90' lang='grc' dir='ltr'><strong>τοῦ</strong></span> <span class='ocrx_word' id='word_1_756' title='bbox 3205 4616 3322 4670; x_wconf 83' lang='grc' dir='ltr'><strong>’1ὼὸ</strong></span> <span class='ocrx_word' id='word_1_757' title='bbox 3374 4618 3700 4687; x_wconf 84' lang='grc' dir='ltr'>γέγραπται,</span> <span class='ocrx_word' id='word_1_758' title='bbox 3750 4616 3837 4668; x_wconf 82' lang='grc' dir='ltr'><strong>ὅτι</strong></span> 
     </span>
    </p>
   </div>
   <div class='ocr_carea' id='block_1_101' title="bbox 2268 4706 3829 4779">
    <p class='ocr_par' dir='ltr' id='par_1_101' title="bbox 2268 4706 3829 4779">
     <span class='ocr_line' id='line_1_101' title="bbox 2268 4706 3829 4779; baseline -0.003 -16"><span class='ocrx_word' id='word_1_759' title='bbox 2268 4731 2286 4763; x_wconf 78' lang='grc' dir='ltr'><strong>ι</strong></span> <span class='ocrx_word' id='word_1_760' title='bbox 2328 4711 2605 4779; x_wconf 88' lang='grc' dir='ltr'>Ἐγένοντο</span> <span class='ocrx_word' id='word_1_761' title='bbox 2627 4709 2774 4778; x_wconf 83' lang='grc' dir='ltr'>αὐτῷ</span> <span class='ocrx_word' id='word_1_762' title='bbox 2815 4709 2920 4761; x_wconf 72' lang='grc' dir='ltr'>υἱοὶ</span> <span class='ocrx_word' id='word_1_763' title='bbox 2947 4707 3085 4760; x_wconf 79' lang='grc' dir='ltr'>ἑπτὰ</span> <span class='ocrx_word' id='word_1_764' title='bbox 3112 4709 3207 4760; x_wconf 75' lang='grc' dir='ltr'><strong>καὶ</strong></span> <span class='ocrx_word' id='word_1_765' title='bbox 3250 4706 3549 4777; x_wconf 85' lang='grc' dir='ltr'>θυγατέρες</span> <span class='ocrx_word' id='word_1_766' title='bbox 3592 4709 3762 4777; x_wconf 83' lang='grc' dir='ltr'>τρεῖς.</span> <span class='ocrx_word' id='word_1_767' title='bbox 3807 4725 3829 4758; x_wconf 70' lang='grc' dir='ltr'><strong>ι</strong></span> 
     </span>
    </p>
   </div>
   <div class='ocr_carea' id='block_1_102' title="bbox 2262 4796 3829 4871">
    <p class='ocr_par' dir='ltr' id='par_1_102' title="bbox 2262 4796 3829 4871">
     <span class='ocr_line' id='line_1_102' title="bbox 2262 4796 3829 4871; baseline -0.004 -16"><span class='ocrx_word' id='word_1_768' title='bbox 2262 4804 2323 4855; x_wconf 83' lang='grc' dir='ltr'><strong>Εἰ</strong></span> <span class='ocrx_word' id='word_1_769' title='bbox 2352 4802 2531 4854; x_wconf 89' lang='grc' dir='ltr'>τοίνυν</span> <span class='ocrx_word' id='word_1_770' title='bbox 2566 4802 2653 4853; x_wconf 77' lang='grc' dir='ltr'><strong>ἐπ’</strong></span> <span class='ocrx_word' id='word_1_771' title='bbox 2683 4799 2987 4871; x_wconf 85' lang='grc' dir='ltr'>ἀνθρώπων</span> <span class='ocrx_word' id='word_1_772' title='bbox 3018 4800 3078 4852; x_wconf 81' lang='grc' dir='ltr'><strong>οὐ</strong></span> <span class='ocrx_word' id='word_1_773' title='bbox 3120 4802 3237 4862; x_wconf 84' lang='grc' dir='ltr'>ταῖς</span> <span class='ocrx_word' id='word_1_774' title='bbox 3271 4798 3579 4868; x_wconf 78' lang='grc' dir='ltr'>ἀκριϐείαις</span> <span class='ocrx_word' id='word_1_775' title='bbox 3602 4797 3709 4849; x_wconf 87' lang='grc' dir='ltr'><strong>τῶν</strong></span> <span class='ocrx_word' id='word_1_776' title='bbox 3744 4796 3829 4849; x_wconf 89' lang='grc' dir='ltr'>λέ-</span> 
     </span>
    </p>
   </div>
   <div class='ocr_carea' id='block_1_103' title="bbox 2258 4889 3828 4961">
    <p class='ocr_par' dir='ltr' id='par_1_103' title="bbox 2258 4889 3828 4961">
     <span class='ocr_line' id='line_1_103' title="bbox 2258 4889 3828 4961; baseline -0.003 -16"><span class='ocrx_word' id='word_1_777' title='bbox 2258 4894 2414 4959; x_wconf 80' lang='grc' dir='ltr'>ξεων,</span> <span class='ocrx_word' id='word_1_778' title='bbox 2440 4890 2577 4945; x_wconf 88' lang='grc' dir='ltr'><strong>ἀλλά</strong></span> <span class='ocrx_word' id='word_1_779' title='bbox 2612 4894 2677 4961; x_wconf 82' lang='grc' dir='ltr'>τῇ</span> <span class='ocrx_word' id='word_1_780' title='bbox 2711 4891 2871 4959; x_wconf 80' lang='grc' dir='ltr'>φύσει</span> <span class='ocrx_word' id='word_1_781' title='bbox 2901 4890 3009 4945; x_wconf 85' lang='grc' dir='ltr'><strong>τῶν</strong></span> <span class='ocrx_word' id='word_1_782' title='bbox 3044 4890 3383 4961; x_wconf 81' lang='grc' dir='ltr'>πραγμάτων</span> <span class='ocrx_word' id='word_1_783' title='bbox 3415 4889 3709 4960; x_wconf 77' lang='grc' dir='ltr'>ἐνορῶντες</span> <span class='ocrx_word' id='word_1_784' title='bbox 3733 4891 3828 4943; x_wconf 75' lang='grc' dir='ltr'><strong>ἐκ·</strong></span> 
     </span>
    </p>
   </div>
   <div class='ocr_carea' id='block_1_104' title="bbox 2253 4981 3826 5055">
    <p class='ocr_par' dir='ltr' id='par_1_104' title="bbox 2253 4981 3826 5055">
     <span class='ocr_line' id='line_1_104' title="bbox 2253 4981 3826 5055; baseline -0.005 -17"><span class='ocrx_word' id='word_1_785' title='bbox 2253 4985 2523 5055; x_wconf 80' lang='grc' dir='ltr'>δεχόμεθα</span> <span class='ocrx_word' id='word_1_786' title='bbox 2571 4983 2633 5036; x_wconf 82' lang='grc' dir='ltr'>τὸ</span> <span class='ocrx_word' id='word_1_787' title='bbox 2676 4983 3027 5054; x_wconf 77' lang='grc' dir='ltr'>λαλούμενονο</span> <span class='ocrx_word' id='word_1_788' title='bbox 3069 4982 3187 5045; x_wconf 85' lang='grc' dir='ltr'><strong>πῶς</strong></span> <span class='ocrx_word' id='word_1_789' title='bbox 3238 4984 3337 5037; x_wconf 85' lang='grc' dir='ltr'><strong>οὐκ</strong></span> <span class='ocrx_word' id='word_1_790' title='bbox 3383 4981 3695 5049; x_wconf 81' lang='grc' dir='ltr'>ἀναγκαίως</span> <span class='ocrx_word' id='word_1_791' title='bbox 3737 4981 3826 5033; x_wconf 77' lang='grc' dir='ltr'><strong>τὸν</strong></span> 
     </span>
    </p>
   </div>
   <div class='ocr_carea' id='block_1_105' title="bbox 2260 5072 3827 5143">
    <p class='ocr_par' dir='ltr' id='par_1_105' title="bbox 2260 5072 3827 5143">
     <span class='ocr_line' id='line_1_105' title="bbox 2260 5072 3827 5143; baseline -0.004 -14"><span class='ocrx_word' id='word_1_792' title='bbox 2260 5078 2423 5130; x_wconf 78' lang='grc' dir='ltr'>αὑτὸν</span> <span class='ocrx_word' id='word_1_793' title='bbox 2472 5074 2856 5143; x_wconf 83' lang='grc' dir='ltr'>διακεισόμεθα</span> <span class='ocrx_word' id='word_1_794' title='bbox 2910 5074 3109 5143; x_wconf 85' lang='grc' dir='ltr'>τρόπον</span> <span class='ocrx_word' id='word_1_795' title='bbox 3156 5076 3248 5128; x_wconf 75' lang='grc' dir='ltr'>ἐπὶ</span> <span class='ocrx_word' id='word_1_796' title='bbox 3299 5072 3393 5127; x_wconf 85' lang='grc' dir='ltr'><strong>τοῦ</strong></span> <span class='ocrx_word' id='word_1_797' title='bbox 3442 5073 3586 5126; x_wconf 76' lang='grc' dir='ltr'>θείου</span> <span class='ocrx_word' id='word_1_798' title='bbox 3633 5073 3827 5141; x_wconf 74' lang='grc' dir='ltr'>γεννή-</span> 
     </span>
    </p>
   </div>
   <div class='ocr_carea' id='block_1_106' title="bbox 2260 5180 2460 5235">
    <p class='ocr_par' dir='ltr' id='par_1_106' title="bbox 2260 5180 2460 5235">
     <span class='ocr_line' id='line_1_106' title="bbox 2260 5180 2460 5235; baseline 0 -18"><span class='ocrx_word' id='word_1_799' title='bbox 2260 5181 2427 5235; x_wconf 72' lang='grc' dir='ltr'>ματος</span> <span class='ocrx_word' id='word_1_800' title='bbox 2446 5180 2460 5228; x_wconf 92' lang='grc'>;</span> 
     </span>
    </p>
   </div>
   <div class='ocr_carea' id='block_1_107' title="bbox 2935 5280 3142 5333">
    <p class='ocr_par' dir='ltr' id='par_1_107' title="bbox 2935 5280 3142 5333">
     <span class='ocr_line' id='line_1_107' title="bbox 2935 5280 3142 5333; baseline -0.01 0"><span class='ocrx_word' id='word_1_801' title='bbox 2935 5280 3142 5333; x_wconf 80' lang='grc' dir='ltr'>ΔΛΛΟ.</span> 
     </span>
    </p>
   </div>
   <div class='ocr_carea' id='block_1_108' title="bbox 2324 5388 3819 5464">
    <p class='ocr_par' dir='ltr' id='par_1_108' title="bbox 2324 5388 3819 5464">
     <span class='ocr_line' id='line_1_108' title="bbox 2324 5388 3819 5464; baseline -0.005 -16"><span class='ocrx_word' id='word_1_802' title='bbox 2324 5395 2397 5448; x_wconf 87' lang='grc' dir='ltr'>Τὸ</span> <span class='ocrx_word' id='word_1_803' title='bbox 2424 5395 2553 5460; x_wconf 77' lang='grc' dir='ltr'>υἱὸς</span> <span class='ocrx_word' id='word_1_804' title='bbox 2584 5394 2753 5464; x_wconf 76' lang='grc' dir='ltr'>ὄνομα</span> <span class='ocrx_word' id='word_1_805' title='bbox 2782 5394 2880 5464; x_wconf 81' lang='grc' dir='ltr'>τὴν</span> <span class='ocrx_word' id='word_1_806' title='bbox 2910 5394 2973 5446; x_wconf 81' lang='grc' dir='ltr'><strong>ἐκ</strong></span> <span class='ocrx_word' id='word_1_807' title='bbox 3009 5391 3213 5462; x_wconf 84' lang='grc' dir='ltr'>πατρὸς</span> <span class='ocrx_word' id='word_1_808' title='bbox 3252 5390 3507 5462; x_wconf 82' lang='grc' dir='ltr'>σημαίνει</span> <span class='ocrx_word' id='word_1_809' title='bbox 3533 5388 3785 5459; x_wconf 87' lang='grc' dir='ltr'>γέννησιν</span> <span class='ocrx_word' id='word_1_810' title='bbox 3805 5406 3819 5420; x_wconf 87' lang='grc'><strong>·</strong></span> 
     </span>
    </p>
   </div>
   <div class='ocr_carea' id='block_1_109' title="bbox 580 5479 2162 5557">
    <p class='ocr_par' dir='ltr' id='par_1_109' title="bbox 580 5484 2149 5551">
     <span class='ocr_line' id='line_1_109' title="bbox 580 5484 2149 5551; baseline 0.008 -21"><span class='ocrx_word' id='word_1_811' title='bbox 580 5489 829 5533; x_wconf 74' lang='lat' dir='ltr'><strong>creatura</strong></span> <span class='ocrx_word' id='word_1_812' title='bbox 858 5495 1010 5546; x_wconf 85' lang='lat' dir='ltr'><strong>vero,</strong></span> <span class='ocrx_word' id='word_1_813' title='bbox 1042 5484 1185 5551; x_wconf 88' lang='lat' dir='ltr'><strong>quod</strong></span> <span class='ocrx_word' id='word_1_814' title='bbox 1248 5484 1486 5537; x_wconf 82' lang='lat' dir='ltr'><strong>exterius</strong></span> <span class='ocrx_word' id='word_1_815' title='bbox 1554 5486 1905 5541; x_wconf 86' lang='lat' dir='ltr'><strong>constitutum</strong></span> <span class='ocrx_word' id='word_1_816' title='bbox 1961 5498 2066 5542; x_wconf 87' lang='lat' dir='ltr'><strong>est.</strong></span> <span class='ocrx_word' id='word_1_817' title='bbox 2095 5486 2149 5543; x_wconf 90' lang='lat' dir='ltr'><strong>Si</strong></span> 
     </span>
    </p>
   </div>
   <div class='ocr_carea' id='block_1_110' title="bbox 2264 5479 3824 5557">
    <p class='ocr_par' dir='ltr' id='par_1_110' title="bbox 2264 5479 3824 5557">
     <span class='ocr_line' id='line_1_110' title="bbox 2264 5479 3824 5557; baseline -0.004 -17"><span class='ocrx_word' id='word_1_818' title='bbox 2264 5488 2310 5541; x_wconf 78' lang='grc' dir='ltr'><strong>ιὸ</strong></span> <span class='ocrx_word' id='word_1_819' title='bbox 2341 5488 2397 5541; x_wconf 88' lang='grc' dir='ltr'>δὲ</span> <span class='ocrx_word' id='word_1_820' title='bbox 2425 5488 2674 5557; x_wconf 77' lang='grc' dir='ltr'>ποίημα,</span> <span class='ocrx_word' id='word_1_821' title='bbox 2708 5488 2769 5541; x_wconf 83' lang='grc' dir='ltr'><strong>τὸ</strong></span> <span class='ocrx_word' id='word_1_822' title='bbox 2816 5486 3015 5554; x_wconf 76' lang='grc' dir='ltr'>ἔξωθεν</span> <span class='ocrx_word' id='word_1_823' title='bbox 3074 5485 3482 5553; x_wconf 85' lang='grc' dir='ltr'>συνιστάμενον.</span> <span class='ocrx_word' id='word_1_824' title='bbox 3525 5482 3588 5535; x_wconf 86' lang='grc' dir='ltr'><strong>Εἰ</strong></span> <span class='ocrx_word' id='word_1_825' title='bbox 3641 5479 3824 5533; x_wconf 89' lang='grc' dir='ltr'>τοίνυν</span> 
     </span>
    </p>
   </div>
   <div class='ocr_carea' id='block_1_111' title="bbox 575 5569 2162 5650">
    <p class='ocr_par' dir='ltr' id='par_1_111' title="bbox 575 5569 2150 5640">
     <span class='ocr_line' id='line_1_111' title="bbox 575 5569 2150 5640; baseline 0.01 -19"><span class='ocrx_word' id='word_1_826' title='bbox 575 5584 705 5640; x_wconf 88' lang='lat' dir='ltr'><strong>ergo</strong></span> <span class='ocrx_word' id='word_1_827' title='bbox 728 5569 899 5626; x_wconf 86' lang='lat' dir='ltr'><strong>Filius</strong></span> <span class='ocrx_word' id='word_1_828' title='bbox 928 5581 1034 5639; x_wconf 87' lang='lat' dir='ltr'><strong>est,</strong></span> <span class='ocrx_word' id='word_1_829' title='bbox 1069 5587 1137 5639; x_wconf 85' lang='lat' dir='ltr'><strong>ne</strong></span> <span class='ocrx_word' id='word_1_830' title='bbox 1168 5586 1386 5630; x_wconf 74' lang='lat' dir='ltr'><strong>vocetur</strong></span> <span class='ocrx_word' id='word_1_831' title='bbox 1430 5586 1682 5631; x_wconf 88' lang='lat' dir='ltr'><strong>creatura</strong></span> <span class='ocrx_word' id='word_1_832' title='bbox 1716 5593 1733 5633; x_wconf 88' lang='lat'><strong>:</strong></span> <span class='ocrx_word' id='word_1_833' title='bbox 1791 5580 1835 5633; x_wconf 93' lang='lat' dir='ltr'><strong>si</strong></span> <span class='ocrx_word' id='word_1_834' title='bbox 1900 5592 2150 5636; x_wconf 86' lang='lat' dir='ltr'><strong>creatura</strong></span> 
     </span>
    </p>
   </div>
   <div class='ocr_carea' id='block_1_112' title="bbox 2264 5569 3824 5650">
    <p class='ocr_par' dir='ltr' id='par_1_112' title="bbox 2264 5570 3824 5650">
     <span class='ocr_line' id='line_1_112' title="bbox 2264 5570 3824 5650; baseline -0.004 -17"><span class='ocrx_word' id='word_1_835' title='bbox 2264 5580 2378 5643; x_wconf 76' lang='grc' dir='ltr'>ι’ίός</span> <span class='ocrx_word' id='word_1_836' title='bbox 2405 5581 2542 5643; x_wconf 75' lang='grc' dir='ltr'>ἐστι,</span> <span class='ocrx_word' id='word_1_837' title='bbox 2568 5578 2644 5650; x_wconf 83' lang='grc' dir='ltr'>μὴ</span> <span class='ocrx_word' id='word_1_838' title='bbox 2676 5578 2949 5635; x_wconf 84' lang='grc' dir='ltr'>καλείσθω</span> <span class='ocrx_word' id='word_1_839' title='bbox 2969 5578 3179 5648; x_wconf 82' lang='grc' dir='ltr'>ποίημα</span> <span class='ocrx_word' id='word_1_840' title='bbox 3200 5593 3213 5608; x_wconf 87' lang='grc'><strong>·</strong></span> <span class='ocrx_word' id='word_1_841' title='bbox 3254 5577 3303 5629; x_wconf 81' lang='grc' dir='ltr'><strong>εί</strong></span> <span class='ocrx_word' id='word_1_842' title='bbox 3335 5573 3547 5645; x_wconf 86' lang='grc' dir='ltr'>ποίημά</span> <span class='ocrx_word' id='word_1_843' title='bbox 3572 5574 3712 5641; x_wconf 77' lang='grc' dir='ltr'>ἐστι,</span> <span class='ocrx_word' id='word_1_844' title='bbox 3744 5570 3824 5643; x_wconf 78' lang='grc' dir='ltr'>μὴ</span> 
     </span>
    </p>
   </div>
   <div class='ocr_carea' id='block_1_113' title="bbox 655 5748 2162 5823">
    <p class='ocr_par' dir='ltr' id='par_1_113' title="bbox 655 5748 2162 5823">
     <span class='ocr_line' id='line_1_113' title="bbox 655 5748 2162 5823; baseline 0.015 -22"><span class='ocrx_word' id='word_1_845' title='bbox 655 5748 721 5782; x_wconf 55' lang='grc' dir='ltr'><strong>δι’</strong></span> <span class='ocrx_word' id='word_1_846' title='bbox 752 5748 913 5804; x_wconf 76' lang='lat' dir='ltr'><strong>iicbr.</strong></span> <span class='ocrx_word' id='word_1_847' title='bbox 954 5765 1037 5813; x_wconf 85' lang='grc' dir='ltr'>ιιι,</span> <span class='ocrx_word' id='word_1_848' title='bbox 1066 5751 1120 5803; x_wconf 74' lang='grc'><strong>2.</strong></span> <span class='ocrx_word' id='word_1_849' title='bbox 1194 5752 1237 5781; x_wconf 77' lang='grc'><strong>⁸⁵</strong></span> <span class='ocrx_word' id='word_1_850' title='bbox 1270 5751 1330 5806; x_wconf 94' lang='lat' dir='ltr'><strong>lll</strong></span> <span class='ocrx_word' id='word_1_851' title='bbox 1366 5752 1493 5821; x_wconf 74' lang='lat' dir='ltr'><strong>lieg.</strong></span> <span class='ocrx_word' id='word_1_852' title='bbox 1528 5770 1564 5821; x_wconf 90' lang='lat' dir='ltr'><strong>I,</strong></span> <span class='ocrx_word' id='word_1_853' title='bbox 1598 5755 1685 5810; x_wconf 80' lang='lat' dir='ltr'><strong>l9.</strong></span> <span class='ocrx_word' id='word_1_854' title='bbox 1768 5758 1811 5787; x_wconf 73' lang='grc'><strong>’⁵⁸</strong></span> <span class='ocrx_word' id='word_1_855' title='bbox 1841 5754 1904 5810; x_wconf 81' lang='grc' dir='ltr'><strong>ιν</strong></span> <span class='ocrx_word' id='word_1_856' title='bbox 1936 5755 2067 5823; x_wconf 58' lang='lat' dir='ltr'><strong>Reg.</strong></span> <span class='ocrx_word' id='word_1_857' title='bbox 2097 5773 2162 5812; x_wconf 71' lang='grc' dir='ltr'><strong>ΧΓ</strong></span> 
     </span>
    </p>
   </div>
   <div class='ocr_carea' id='block_1_114' title="bbox 2264 5748 2692 5823">
    <p class='ocr_par' dir='ltr' id='par_1_114' title="bbox 2264 5754 2692 5821">
     <span class='ocr_line' id='line_1_114' title="bbox 2264 5754 2692 5821; baseline -0.005 -9"><span class='ocrx_word' id='word_1_858' title='bbox 2264 5760 2287 5812; x_wconf 59' lang='grc' dir='ltr'><strong>ὲ.</strong></span> <span class='ocrx_word' id='word_1_859' title='bbox 2328 5776 2329 5779; x_wconf 45' lang='grc' dir='ltr'><strong>η</strong></span> <span class='ocrx_word' id='word_1_860' title='bbox 2366 5756 2409 5789; x_wconf 71' lang='grc'><strong>⁸⁷</strong></span> <span class='ocrx_word' id='word_1_861' title='bbox 2435 5754 2535 5813; x_wconf 78' lang='lat' dir='ltr'><strong>Job</strong></span> <span class='ocrx_word' id='word_1_862' title='bbox 2567 5771 2607 5821; x_wconf 87' lang='grc' dir='ltr'><strong>ι,</strong></span> <span class='ocrx_word' id='word_1_863' title='bbox 2638 5757 2692 5811; x_wconf 77' lang='lat'><strong>‘2.</strong></span> 
     </span>
    </p>
   </div>
  </div>
