4124 6508
351 341 452 399 561
1772 342 2214 404 TllESAURUS.
3512 360 3619 415 562

354 456 625 513 καλείσθω
657 456 1007 527 ψευδώνυμος
1038 458 1185 524 Υἱός.
1234 460 1372 515 Ἀλλ’
1404 461 1530 525 Υἱὸς
1570 462 1816 519 καλεῖται
1845 466 1939 519 καὶ
1967 495 1977 522 ι

2044 471 2146 528 est,
2207 480 2275 520 ne
2336 465 2471 521 falso
2531 473 2751 526 nomine
2815 481 3036 528 vocetur
3097 473 3283 529 Filius.
3346 472 3615 529 Caeterum

350 552 501 604 ἐστιν
520 567 531 581 ⁸
560 550 758 604 οὐκοῦν
788 550 849 603 ού
879 551 1113 623 ποίημα.

2044 554 2210 612 Filius
2232 568 2285 613 et
2318 570 2560 627 vocatur,
2589 570 2644 616 et
2677 574 2762 617 est
2793 580 2807 617 :
2846 581 2949 618 non
3011 574 3095 619 est
3127 566 3288 634 igitur
3340 576 3614 621 creatura.

350 663 563 730 ΔΔΛΟ,
611 665 795 734 λόγος
832 666 1082 742 πιθανὸς
1118 665 1430 742 δεικνύων,
1458 666 1549 722 ὅτι
1596 670 1669 724 οὐ
1713 671 1941 742 ποίημά

942 735 1116 790 ἐστιν
1152 740 1185 790 ό
1226 738 1381 803 Υἱός.

424 845 630 916 Είρηκέ
681 864 784 901 που
815 847 1069 917 Σολομῶν
1093 850 1122 902 ὁ
1151 848 1467 919 σοφώτατος
1490 891 1506 916 ,
1538 853 1621 905 ὃτι
1658 872 1674 904 ι
1707 853 1938 925 Σύμπαν

349 938 414 990 τὸ
442 940 660 1010 ποίημα
688 939 807 1003 ἄξει
830 941 859 993 6
893 940 1026 1005 Θεὸς
1052 943 1133 1006 είς
1162 942 1363 1013 κρίσιν.
1395 962 1415 997 ι
1460 945 1522 999 Et
1544 946 1724 1000 τοίνυν
1751 947 1809 999 ἒν
1832 947 1939 1000 τῶν

351 1033 681 1103 ποιημάτων
727 1033 877 1087 ἐστὶν
920 1035 949 1087 6
986 1034 1135 1098 Υίὸς,
1181 1035 1484 1107 ἀχθήσεται
1519 1037 1616 1090 καὶ
1657 1039 1820 1103 αὐτὸς
1859 1042 1940 1104 είς

350 1126 559 1197 κρίσιν.
593 1126 703 1179 Καὶ
747 1126 866 1190 πῶς
890 1126 1177 1197 ἀληθεύσει
1223 1127 1396 1196 λέγων
1434 1131 1564 1200 περὶ
1603 1131 1822 1195 ἑαυτοῦ,
1856 1132 1937 1185 ὅτι

357 1235 377 1269 ι
426 1218 486 1272 Ὀ
517 1218 710 1289 Πατὴρ
757 1217 935 1291 κρίνει
982 1218 1196 1287 οὐδένα,
1226 1220 1364 1274 ἀλλά
1408 1223 1589 1276 πᾶσαν
1625 1222 1721 1294 τὴν
1757 1224 1939 1295 κρίσιν

349 1308 555 1362 δέδωκε
588 1309 668 1380 τῷ
706 1308 854 1379 Titi);
894 1328 913 1362 ι
949 1310 1021 1362 Ἦ
1055 1309 1175 1373 πῶς
1201 1311 1230 1362 ό
1254 1310 1454 1382 Δανιὴλ
1480 1313 1541 1366 ού
1567 1313 1829 1383 ψεύσεται
1852 1315 1939 1369 λέ-

351 1418 467 1469 γων
502 1403 588 1455 ὅτι
616 1402 770 1473 αὐτῷ
808 1401 1025 1473 ὲδόθηή
1064 1402 1281 1472 κρίσις;
1318 1404 1595 1475 Ἀληθεύει
1647 1407 1731 1460 δέ’
1777 1410 1939 1473 αὐτὸς

352 1495 464 1566 γάρ
489 1497 637 1549 ἐστιν
666 1495 695 1547 6
725 1496 1018 1567 ἐρχόμενος
1053 1499 1235 1567 κρῖναι
1289 1497 1499 1562 ζῶντας
1535 1501 1630 1553 καί⁸
1683 1503 1934 1573 νεκρούς.

352 1588 566 1641 ούκοῦν
589 1588 648 1640 ού
674 1587 907 1657 ποίημα,
943 1588 1064 1641 οὐδὲ
1088 1589 1195 1641 τῶν
1222 1589 1439 1643 πάντων
1471 1591 1550 1654 ἓν,
1580 1593 1667 1647 ἵνα
1700 1595 1775 1665 μὴ
1805 1595 1940 1665 ἄγη-

350 1696 449 1733 ται
479 1682 573 1733 καὶ
597 1678 759 1742 αὐτὸς
782 1679 861 1742 είς
895 1680 1097 1749 κρίσιν.

2041 667 2273 735 ALIUD,
2294 671 2588 725 verisimilis
2615 674 2951 753 ratiocinatio
2977 676 3249 729 ostendens
3276 675 3415 744 quod
3442 675 3489 729 F
3492 679 3617 733 ilius

2580 758 2683 797 non
2706 754 2772 797 ιιι
2806 757 3068 803 creatura.

2111 849 2554 921 Sapientissimus
2580 855 2671 909 ille
2731 855 2986 913 Salomon
3043 859 3238 915 alicubi
3290 862 3363 916 ita
3393 863 3613 932 inquit:

2047 961 2065 993 ι
2101 942 2326 998 Omnem
2385 954 2684 1000 creaturam
2718 948 2877 1003 ducet
2907 949 3047 1005 Deus
3106 952 3172 1005 ad
3217 952 3477 1020 judicium
3513 953 3611 1006 ⁸⁸.»

2042 1031 2251 1106 Siergo
2276 1034 2447 1091 Filius
2470 1046 2555 1092 est
2580 1053 2742 1092 unum
2777 1039 2980 1109 aliquid
3017 1055 3081 1095 ex
3141 1042 3360 1108 creatis,
3390 1043 3618 1096 ducetur

2039 1123 2204 1178 etiam
2235 1124 2350 1193 ipse
2381 1125 2432 1179 in
2456 1124 2743 1194 judicium.
2776 1128 2938 1197 Atqui
2964 1129 3232 1198 quomodo
3286 1145 3413 1186 vere
3474 1133 3618 1187 dicet

2041 1211 2108 1264 de
2140 1213 2353 1280 seipso:
2381 1231 2399 1263 i
2432 1214 2592 1268 Pater
2611 1230 2717 1269 non
2755 1216 2959 1285 judicat
2993 1234 3349 1290 quemquam,
3378 1222 3472 1276 sed
3507 1237 3619 1276 om-

2042 1317 2111 1357 ne
2134 1302 2395 1372 judicium
2420 1305 2566 1361 dedit
2590 1306 2725 1363 Filio
2754 1310 2833 1362 ὀἳ
2864 1310 3008 1365 »Αιιι
3031 1312 3302 1380 quomodo
3330 1328 3435 1367 non
3467 1329 3619 1369 men-

2043 1394 2209 1450 tietur
2262 1397 2450 1455 Daniel
2507 1401 2714 1468 dicens,
2766 1402 2910 1471 quod
2972 1404 3071 1473 ipsi
3108 1404 3292 1458 datum
3341 1414 3426 1459 est
3469 1404 3617 1473 judi-

2041 1486 2184 1541 cium
2212 1488 2306 1543 ὀἳ
2337 1490 2443 1547 Sed
2475 1506 2602 1547 vere
2645 1494 2775 1548 dicit
2821 1511 2834 1546 :
2876 1495 2990 1563 ipse
3042 1495 3189 1550 enim
3241 1504 3499 1551 venturus
3538 1507 3620 1550 est

2042 1581 2107 1633 ad
2130 1580 2481 1650 judicandum
2512 1586 2661 1639 vivos
2686 1598 2741 1640 et
2780 1599 3019 1641 mortuos
3052 1588 3139 1643 '°‘.
3166 1587 3282 1645 Non
3345 1599 3427 1645 est
3459 1589 3621 1661 igitur

2040 1681 2312 1740 creatura,
2333 1689 2506 1744 neque
2537 1692 2676 1730 unus
2705 1692 2770 1731 ex
2794 1680 3063 1745 omnibus,
3088 1695 3154 1735 ne
3178 1680 3431 1736 nimirum
3452 1682 3618 1737 etiam

1970 1805 2012 1858 Β
2042 1762 2157 1832 ipse
2184 1764 2238 1819 in
2266 1764 2527 1833 judicium
2560 1769 2814 1858 ducatur.

353 1883 563 1942 AAAO.
598 1883 1036 1953 διηγηματικῶς
1063 1888 1149 1952 είς
1186 1887 1272 1947 τὸ.
1323 1908 1340 1938 ι
1380 1888 1806 1955 Κατανοήσατε
1834 1891 1941 1944 τὸν

424 1954 778 2031 ἀπόστονζον
809 1955 1213 2031 καὶ-ἀρχιερέα
1242 1955 1350 2025 τῆς
1389 1954 1711 2031 ὀμολογίας
1750 1960 1937 2031 ἡμῶν,

425 2025 650 2097 πιστόν
677 2025 947 2097 ὄντα-τῷ
976 2027 1297 2097 ποιήσαντι
1341 2025 1530 2081 αὐτόν
1549 2045 1561 2055 ·
1585 2025 1627 2081 ἰ
1663 2030 1759 2083 καὶ
1779 2025 1941 2097 ἓξῆς

427 2096 469 2162 ἡ
498 2094 731 2149 διάνοια
760 2095 866 2149 τοῦ
884 2096 1098 2163 ῥητοῦ.

2044 1876 2274 1945 ALIUD,
2295 1880 2605 1955 erplieatius
2636 1883 2691 1955 in
2712 1850 2868 1948 illud,
2904 1903 2922 1955 _i
2961 1882 3297 1941 Considerate
3325 1889 3618 1955 apostolum

2111 1959 2161 2002 et
2191 1953 2491 2026 pontificem
2518 1953 2861 2026 confessionis
2896 1953 3093 2008 nostra:
3112 1955 3295 2010 Iesum
3328 1953 3617 2026 Christum,

2110 2022 2198 2085 qui
2217 2019 2484 2096 ﬁdelis‘est
2522 2023 2568 2074 ei
2583 2024 2672 2096 qui
2695 2024 2814 2091 fecit
2846 2026 3014 2093 ipsum
3051 2040 3071 2080 :
3100 2044 3118 2075 ι
3158 2038 3204 2079 et
3232 2026 3473 2096 deinceps
3499 2019 3619 2084 aerii

2102 2091 2358 2142 sententia
2384 2090 2543 2160 hujus
2570 2090 2720 2147 dicti.
2865 2090 2875 2093 ⁷
3135 2168 3143 2176 ⁸

2117 2202 2233 2256 Non
2261 2214 2507 2258 naturam
2548 2204 2704 2261 Verbi
2739 2206 3018 2263 declarans
3053 2208 3250 2266 Pau.us
3308 2212 3422 2267 hinc
3459 2213 3617 2277 dixit,

2045 2294 2138 2346 sed
2163 2295 2303 2349 illius
2339 2298 2790 2353 incarnationem.
2854 2301 3080 2367 Quando
3106 2303 3249 2356 enim
3311 2302 3489 2359 factus
3535 2316 3621 2358 est

2046 2387 2286 2454 pontifex
2337 2389 2702 2445 confessionis
2745 2393 2983 2447 nostrae?
3034 2396 3251 2463 quando
3312 2396 3620 2465 apostolus?

2044 2478 2262 2546 quando
2296 2480 2471 2534 ﬁdelis
2510 2482 2558 2535 ei
2610 2482 2699 2551 qui
2755 2484 2928 2551 ipsum
2974 2478 3139 2540 fecit?
3178 2485 3368 2542 Nonne
3404 2493 3621 2557 quando

2045 2581 2269 2636 propter
2328 2584 2429 2622 nos
2488 2580 2541 2623 et
2600 2585 2696 2640 pro
2747 2574 2901 2627 nobis
2950 2574 3124 2628 factus
3161 2588 3245 2630 est
3275 2578 3459 2644 homo,
3483 2588 3538 2632 et
3564 2590 3623 2631 ut

2043 2658 2281 2712 Joannes
2335 2662 2544 2727 scribit,
2585 2680 2605 2714 ι
2662 2663 2893 2718 Verbum
2944 2680 3071 2720 caro
3109 2666 3307 2721 factum
3362 2668 3555 2723 est“?
3597 2688 3615 2719 ι

2046 2750 2197 2804 Tunc
2226 2751 2416 2807 factori
2443 2770 2563 2823 suo,
2599 2766 2657 2810 ut
2685 2758 2870 2824 homo,
2901 2758 3073 2813 ﬁdelis
3094 2759 3270 2814 factus
3298 2771 3403 2827 est,
3456 2766 3619 2831 perti-

2045 2844 2198 2899 ciens
2220 2859 2355 2912 opus
2381 2845 2543 2915 illius,
2584 2848 2726 2903 sicut
2755 2850 2869 2919 ipse
2910 2860 3138 2906 testatur
3159 2852 3224 2882 "'
3254 2867 3270 2905 :
3298 2861 3424 2907 tunc
3454 2852 3619 2907 etiam

428 2210 506 2265 Οὐ
523 2210 621 2282 τὴν
640 2209 736 2263 τοῦ
760 2211 938 2279 Λόγου
966 2209 1128 2280 φύσιν
1150 2210 1514 2282 ἐξηγούμενος
1534 2214 1561 2265 ὁ
1597 2214 1939 2281 ’Λπόστολος,

352 2302 585 2359 τοιαῦτά
630 2320 816 2374 φησιν,
854 2304 992 2357 ἀλλά
1036 2303 1137 2375 τὴν
1170 2304 1308 2374 μετά
1362 2301 1566 2376 σαρκὸς
1607 2308 1939 2379 οἰκονομίαν.

355 2394 497 2447 Πότε
530 2395 633 2463 γὰρ
677 2392 903 2461 γέγονεν
940 2395 1234 2465 ἀρχιερεὺς
1279 2394 1378 2465 τῆς
1426 2396 1717 2466 ὁμολογίας
1749 2397 1940 2468 marini;

356 2486 496 2538 Πότε
539 2485 597 2538 δὲ
648 2485 976 2552 ἀπόστολος;
1011 2486 1146 2539 Πότε
1193 2486 1252 2540 δὲ
1296 2488 1487 2551 πιστὸς
1530 2489 1608 2560 τῷ
1656 2490 1943 2559 ποιήσαντι

353 2577 554 2642 αύτόν;
583 2572 661 2631 Ἦ
694 2577 783 2631 ὅτε
826 2576 894 2630 δι’
922 2579 1069 2648 ἡμᾶς
1098 2579 1191 2631 καὶ
1224 2579 1365 2651 ὑπὲρ
1394 2579 1550 2651 ἡμῶν
1580 2581 1801 2649 γέγονεν
1844 2581 1940 2635 ἀν-

357 2665 599 2736 θρωπος,
643 2666 742 2720 καὶ
772 2668 915 2721 κατά
944 2667 1042 2738 τὴν
1089 2668 1337 2722 Ἰωάννου
1370 2670 1575 2741 φωνὴν,
1612 2690 1631 2722 ι
1678 2672 1735 2725 '0
1772 2673 1943 2740 Λόγος

356 2762 499 2835 σὰρξ
542 2764 778 2832 ἐγένετο.
823 2782 841 2813 ι
883 2763 1017 2817 Τότε
1065 2763 1146 2833 τῷ
1185 2766 1471 2833 ποιήσαντι
1508 2763 1695 2826 αὑτὸν,
1742 2763 1817 2828 ὡς
1848 2765 1942 2819 ἀν-

355 2853 599 2925 θρωπσς,
630 2856 726 2909 καὶ
754 2854 943 2919 πιστὸς
976 2855 1192 2924 ἐγένετο
1216 2855 1441 2927 πληρῶν
1477 2855 1643 2909 αὐτοῦ
1671 2858 1733 2909 τὸ
1760 2856 1941 2927 ἔργον,

354 2945 610 3016 καθάπερ
634 2946 796 3009 αὐτὸς
823 2946 977 3015 ἔλεγε
999 2963 1013 2976 ·
1043 2946 1163 2999 τότε
1209 2946 1435 3015 γέγονεν
1470 2946 1767 3010 ἀπόστολος
1801 2946 1946 3018 ὑπὲρ

2044 2938 2318 3006 apostolus
2340 2938 2631 3006 factusest,
2662 2956 2760 3011 pro
2782 2945 2937 2999 nobis
2962 2952 3016 2998 et
3035 2954 3255 3015 propter
3278 2961 3375 3002 nos
3394 2946 3615 3001 missus:

354 3035 517 3106 ἡμῶν
537 3038 630 3091 καὶ
644 3037 709 3091 δι’
726 3038 871 3108 ἡμᾶς
891 3037 1237 3103 ἀποσταλείς·
1258 3039 1381 3092 τότε
1409 3039 1601 3108 γέγονε
1625 3040 1725 3111 τῆς
1749 3040 1941 3111 ὁμολο-

2048 3038 2172 3082 tunc
2195 3028 2369 3085 factus
2402 3042 2484 3086 est
2508 3035 2747 3102 pontifex
2772 3035 3131 3092 confessionis
3150 3047 3370 3103 nostra,
3386 3038 3619 3093 oﬁ‘ercns

354 3132 488 3201 γίας
509 3132 666 3202 ἡμῶν
690 3132 1001 3203 ἀρχιερεὺς,
1029 3134 1357 3206 προσφέρων
1389 3134 1490 3203 τῆς
1514 3133 1753 3198 πίστεως
1782 3134 1939 3204 ἡμῶν
1965 3139 1977 3189 t

2044 3124 2443 3181 confessionem
2484 3128 2603 3182 ﬁdei
2651 3138 2852 3183 nostrae
2885 3127 3054 3196 Patri,
3099 3139 3154 3184 et
3197 3146 3393 3201 corpus
3436 3148 3617 3196 suum,

352 3225 457 3297 τὴν
496 3226 785 3296 ὁμολογίαν
815 3227 892 3297 τῷ
934 3227 1135 3298 Πατρὶ,
1162 3227 1258 3280 καὶ
1285 3227 1343 3280 τὸ
1372 3226 1502 3281 ῐδιον
1548 3226 1729 3298 σῶμα,
1766 3226 1941 3281 καθά-

2046 3216 2209 3271 veluti
2244 3219 2640 3274 iiumaculatam
2688 3223 2977 3291 quamdam
3054 3225 3283 3278 hostiam
3326 3226 3619 3289 adducens,

353 3336 467 3389 περ
498 3335 548 3371 τι
578 3317 724 3389 θύμα
773 3320 1067 3389 προσάγων
1117 3318 1372 3391 ἄμωμον,
1413 3321 1499 3373 ἵνα
1539 3320 1747 3383 πάντας
1795 3322 1943 3391 ἡμᾶς

2046 3317 2104 3359 ιιι
2133 3323 2323 3364 omnes
2359 3326 2457 3365 nos
2487 3326 2584 3378 per
2614 3312 2791 3382 ipsum
2829 3316 3128 3367 mundaret.
3157 3313 3213 3369 Si
3243 3329 3373 3382 ergo
3433 3317 3498 3371 de
3534 3316 3624 3370 Fi-

352 3409 424 3464 δι’
472 3410 637 3463 αὑτοῦ
678 3410 971 3483 καθαρίσῃ.
1003 3413 1101 3464 Ἂν
1147 3411 1329 3466 τοίνυν
1375 3413 1600 3483 λέγηται
1631 3415 1759 3483 περὶ
1814 3414 1941 3467 Υίοῦ

2046 3396 2116 3450 lio
2142 3399 2362 3465 dicitur,
2392 3402 2535 3470 quod
2573 3400 2749 3456 factus
2792 3402 2866 3456 sit
2912 3403 3109 3471 ﬁdelis,
3137 3406 3278 3472 quod
3312 3403 3489 3459 factus
3551 3408 3625 3459 sit

352 3502 442 3554 ὃτι
476 3501 665 3571 γέγονε
715 3502 927 3566 πιστὸς,
966 3505 1046 3557 ὅτι.
1077 3504 1301 3573 γέγονεν
1350 3505 1669 3569 ἀπόστολος,
1721 3505 1943 3574 γέγονεν

2044 3490 2340 3556 apostolos,
2372 3492 2547 3547 factus
2565 3493 2804 3562 pontifex
2830 3512 2844 3561 ;
2873 3510 2979 3550 non
3007 3497 3073 3549 ad
3116 3499 3406 3551 essentiam
3454 3498 3625 3566 ipsius

354 3593 674 3664 ἀρχιερεὺς,
713 3596 788 3666 μὴ
822 3596 964 3650 κατά
1010 3596 1110 3665 τῆς
1155 3599 1341 3661 οὐσίας
1373 3598 1538 3652 αὐτοῦ
1588 3599 1839 3670 φερέσθω
1884 3600 1945 3653 τὸ

2044 3583 2246 3637 dictum
2274 3583 2615 3641 referendum
2639 3598 2742 3654 est,
2779 3590 2872 3645 sed
2900 3592 2966 3644 ad
2998 3592 3310 3659 qualitatem
3344 3596 3509 3670 214
3534 3610 3623 3650 re-

354 3687 533 3757 ῥῆμα,
580 3688 718 3742 ἀλλά
765 3689 906 3743 κατὰ
950 3692 1051 3761 τῆς
1092 3690 1202 3743 τῶν
1253 3692 1594 3763 πραγμάτων
1637 3695 1940 3765 ποιότητος.

2045 3689 2189 3727 rum.
2263 3672 2546 3746 Siquidem
2578 3686 2633 3731 et
2656 3677 2852 3734 Paulus
2882 3680 3043 3735 homo
3068 3695 3188 3736 cum
3220 3696 3383 3749 esset,
3423 3696 3477 3739 et
3510 3685 3621 3751 jam

2044 3768 2351 3834 exsisteret,
2386 3770 2557 3824 factus
2585 3778 2667 3824 est
2688 3772 2959 3839 apostolus
2989 3793 3002 3827 :
3033 3783 3088 3827 et
3110 3774 3285 3829 Moses
3310 3775 3496 3830 eadem
3530 3792 3623 3829 ra-

2047 3862 2192 3917 tione
2224 3861 2402 3916 factus
2431 3871 2513 3916 est
2547 3862 2739 3927 ﬁdelis,
2778 3865 2829 3917 in
2864 3874 2972 3920 tota
3012 3865 3174 3919 domo
3196 3869 3313 3936 ejus
3349 3868 3419 3919 ι’.
3446 3866 3622 3921 Simili

2046 3957 2207 4010 modo
2235 3956 2398 4010 etiam
2426 3958 2603 4010 Aaron
2652 3956 2827 4013 factus
2879 3968 2961 4012 est
3014 3956 3277 4028 pontifex,
3323 3958 3622 4014 Salvatoris

2047 4058 2230 4117 typum
2261 4048 2374 4119 jam
2423 4049 2552 4102 olim
2607 4048 2658 4101 in
2728 4063 2787 4103 se
2833 4048 3096 4105 referens.
3154 4050 3619 4117 Quemadmodum

2045 4141 2189 4192 enim
2224 4141 2404 4195 Aaron
2437 4155 2541 4193 non
2572 4148 2650 4194 est
2684 4150 2841 4195 natus
2870 4139 3233 4209 pontifex,sed
3272 4141 3454 4195 multis
3470 4152 3623 4212 post-

2045 4247 2108 4285 ea
2162 4232 2494 4300 temporibus
2540 4230 2594 4287 id
2625 4230 2796 4286 factus
2824 4243 2931 4299 est,
2970 4232 3192 4291 talarem
3220 4244 3426 4288 vestem
3466 4235 3622 4289 indii-

2047 4336 2156 4393 tus,
2185 4337 2234 4381 et
2262 4327 2725 4397 superliumeralc,
2758 4326 3073 4395 reliquaque
3117 4326 3442 4396 pontiﬁcalis
3465 4328 3622 4383 habi-

2048 4428 2134 4472 tus
2165 4429 2483 4472 ornamenta
2516 4434 2545 4471 a
2571 4418 2884 4473 mulieribus
2909 4418 3153 4474 contecta
3185 4438 3200 4475 :
3263 4421 3403 4474 idem
3466 4422 3625 4491 plane

2046 4512 2114 4565 ile
2133 4510 2352 4565 Christo
2381 4511 2544 4565 etiam
2574 4514 2900 4565 censendum
2924 4520 3025 4566 est.
3064 4511 3191 4567 Erat
3214 4514 3355 4567 enim
3388 4514 3622 4570 Verbum

2048 4608 2099 4662 in
2129 4607 2398 4678 principio
2434 4624 2449 4663 :
2502 4604 2686 4659 multis
2712 4618 2842 4658 vero
2866 4613 3052 4673 postea
3074 4606 3406 4673 temporibus
3452 4606 3625 4661 factos

2046 4712 2127 4757 est
2160 4715 2258 4769 pro
2283 4699 2438 4753 nobis
2466 4696 2727 4768 pontifex,
2754 4696 3024 4750 hominem
3055 4710 3123 4750 ex
3180 4698 3406 4753 muliere
3460 4699 3622 4754 velini

2050 4797 2273 4851 talarem
2301 4802 2506 4848 vestem
2537 4794 2651 4847 sive
2690 4789 2945 4861 templum
2978 4804 3285 4856 assumens,
3319 4802 3375 4845 nt
3405 4794 3625 4861 proprio

2047 4904 2145 4945 suo
2175 4887 2437 4953 sanguine
2466 4884 2716 4954 populum
2749 4883 3060 4947 mandaret,
3087 4893 3145 4937 ut
3167 4884 3402 4951 seipsum
3458 4885 3621 4937 veluti

2046 4998 2242 5053 agnum
2291 4980 2695 5035 immaculatum
2763 4976 2871 5031 Deo
2910 4974 3173 5032 offerret:
3212 4996 3231 5027 ι
3269 4974 3456 5043 Neque
3479 4978 3622 5029 enim

2051 5077 2177 5129 fecit
2231 5085 2533 5143 peccatum,
2590 5085 2761 5138 neque
2808 5069 3060 5122 inventus
3119 5078 3199 5121 est
3227 5068 3379 5121 dolus
3417 5069 3468 5121 in
3532 5085 3635 5121 oro

2047 5167 2161 5235 ejus
2191 5167 2254 5220 ⁵³.
2301 5185 2319 5217 ι

369 3778 592 3849 Ἐπειδὴ
614 3780 708 3832 καὶ
721 3780 950 3844 Παῦλος,
990 3781 1278 3852 ἄνθρωπος
1307 3784 1382 3837 ὢν
1404 3786 1497 3837 καὶ
1527 3784 1790 3855 ὑπάρχων
1815 3786 1939 3857 ἤδη,

353 3870 585 3939 γέγονεν
618 3871 935 3936 ἀπόστολος,
974 3873 1071 3926 καὶ
1109 3876 1314 3946 Μωσῆς
1341 3876 1599 3939 ὡσαύτως
1628 3879 1819 3946 γέγονε
1850 3896 1942 3930 πι-

356 3962 486 4025 στὸς
516 3964 573 4016 ἐν
621 3963 729 4032 όλῳ
766 3964 845 4033 τῷ
894 3964 1029 4036 οἴκῳ
1061 3965 1249 4029 αὑτοῦ,
1294 3968 1387 4021 καὶ
1427 3967 1637 4038 Ἀαρὼν
1680 3969 1943 4032 ὡσαύτως

351 4054 581 4122 γέγονεν
615 4055 909 4125 ἀρχιερεὺς
954 4058 1013 4109 ὲν
1044 4058 1221 4128 ἑαυτῷ
1250 4060 1344 4112 καὶ
1384 4060 1551 4115 πάλαι
1580 4060 1671 4114 τὸν
1713 4062 1943 4134 Σωτῆρα

358 4145 606 4217 μορφῶν.
638 4147 848 4219 ὐνπερ
882 4151 991 4220 γὰρ
1018 4150 1220 4221 τρόπον
1248 4153 1277 4204 6
1313 4151 1520 4224 Ἀαρὼν
1550 4154 1649 4206 οὐκ
1677 4154 1941 4226 ἐγεννήθη

358 4234 464 4306 μὲν
493 4236 803 4308 ἀρχιερεὺς,
839 4239 1054 4303 πολλοῖς
1081 4240 1137 4294 δὲ
1173 4241 1399 4313 ὕστερον
1429 4244 1642 4315 χρόνοις
1663 4245 1822 4299 τοῦτο
1853 4245 1943 4315 γέ-

352 4343 508 4394 γονε,
536 4327 628 4381 τὸν
659 4329 869 4401 ποδήρη
918 4333 1366 4404 περιϐαλόμενος,
1407 4336 1501 4389 καὶ
1532 4335 1633 4409 τὴν
1670 4338 1940 4407 ἐπωμίδα,

355 4420 456 4471 καὶ
484 4418 555 4472 τὰ
582 4419 716 4473 ἄλλα
746 4421 848 4491 τῆς
895 4424 1180 4494 ἱερατικῆς
1219 4425 1444 4497 ἐσθῆτος
1478 4428 1755 4498 σχήματα,
1798 4428 1942 4499 ἅπερ

352 4504 428 4579 ἦν
456 4510 597 4581 ἔργα
648 4516 957 4581 γυναικῶν·
1010 4517 1101 4569 τὸν
1133 4518 1297 4571 αὑτὸν
1327 4520 1392 4590 δὴ
1448 4523 1650 4591 τρόπον
1697 4522 1791 4573 καὶ
1849 4522 1942 4574 ἐπὶ

354 4603 619 4675 Χριστοῦ.
653 4602 762 4659 Ἦν
806 4608 904 4677 μὲν
944 4608 1052 4679 γάρ
1077 4609 1105 4660 ό
1141 4612 1313 4678 Λόγος
1346 4614 1403 4665 ὲν
1452 4614 1616 4685 ἀρχῇ,
1658 4612 1838 4683 πολλῷ
1883 4612 1940 4666 δὲ

355 4694 588 4767 ὕστερον
618 4694 793 4769 χρόνῳ
825 4700 1048 4768 γέγονεν
1071 4703 1212 4772 ὑπὲρ
1239 4705 1395 4774 ἡμῶν
1421 4706 1731 4776 ἀρχιερεὺς,
1756 4706 1944 4779 ὥσπερ

352 4788 483 4840 τινὰ
533 4789 745 4861 ποδήρη
780 4791 870 4844 τὸν
914 4794 977 4845 ὲκ
1020 4796 1276 4861 γυναικὸς
1323 4797 1607 4868 ἄνθρωπον
1654 4800 1773 4870 ἦτοι
1820 4801 1945 4855 ναὸν

357 4881 654 4935 ἀναλαϐών
677 4899 690 4913 ·
727 4883 815 4939 ἵνα
858 4884 934 4955 τῷ
969 4886 1084 4957 ἰδίῳ
1121 4889 1312 4958 αἵματι
1363 4890 1634 4964 καθαρίσῃ
1672 4892 1766 4944 τὸν
1794 4893 1942 4959 λαὸν,

354 4974 557 5026 ἑαυτὸν
604 4980 989 5045 προσενεγκὼν
1040 4980 1115 5043 ὡς
1169 4982 1339 5051 ἀμνὸν
1392 4984 1620 5053 ἄμωμον
1667 4984 1742 5054 τῷ
1789 4987 1941 5057 Θεᾷν

364 5085 384 5115 ι
425 5067 501 5119 Ού
536 5068 645 5136 γάρ
684 5070 939 5141 ἐποίησεν
974 5073 1267 5142 ἁμαρτίαν,
1308 5076 1427 5129 οὐδὲ
1470 5078 1666 5149 εὑρέθη
1705 5079 1853 5143 δόλος
1889 5083 1946 5132 ἐν

355 5157 437 5227 τῷ
479 5158 709 5228 στόματι
740 5161 929 5216 αὑτοῦ.
972 5184 990 5217 ι

2050 5284 2201 5347 Quod
2236 5279 2404 5334 ﬁdelis
2438 5278 2568 5331 nihil
2593 5278 2739 5330 aliud
2769 5279 3019 5345 signi/iret
3050 5292 3207 5344 quam
3265 5290 3422 5330 verus
3477 5286 3633 5344 atque

357 5275 491 5326 Ὀτι
522 5274 707 5329 οὐδὲν
728 5276 933 5345 ἕτερον
964 5282 1287 5348 σημαίνειν
1320 5285 1608 5347 βούλεται
1629 5285 1695 5339 τὸ
1736 5288 1944 5349 πιστὸς,
2050 5284 2201 5347 Quod
2236 5279 2404 5334 fidelis
2438 5278 2568 5331 nihil
2593 5278 2739 5359 aliud
2769 5279 2999 5359 sigiii‘liee

642 5347 680 5400 ἢ
723 5347 810 5400 ὅτι
849 5349 1101 5400 ἀληθινὸς
1139 5354 1238 5400 καὶ
1281 5355 1659 5400 ἀναλλοίιιιτηε-
2652 5350 2999 5400 tintinnabulis

642 5347 680 5414 ἢ
723 5347 810 5400 ὅτι
849 5347 1101 5420 ἀληθινὸς
1139 5354 1238 5405 καὶ
1281 5355 1659 5419 ἀναλλοίωτος.

433 5460 633 5524 Πιστὸς
664 5463 692 5515 ὁ
727 5464 917 5535 Σωτὴρ
949 5466 1191 5520 καλεῖται
1213 5469 1456 5533 δικαίως,
1486 5471 1616 5541 μίαν
1643 5472 1783 5543 ὑπὲρ
1808 5474 1914 5525 πάν

2121 5469 2378 5522 Servalor
2410 5474 2591 5519 noster
2629 5464 2822 5517 merito
2846 5473 3069 5517 vociitur
3103 5464 3293 5525 ﬁdelis.
3318 5464 3514 5533 quippe
3539 5463 3629 5530 qui

357 5569 469 5605 των
520 5552 713 5607 θυσίαν
763 5556 1162 5625 προσενεγκὼν,
1208 5561 1306 5629 τὴν
1362 5562 1531 5633 αὐτὴν
1583 5563 1669 5616 ἀεὶ
1708 5564 1802 5616 καὶ
1848 5565 1949 5618 οὐκ

2052 5576 2210 5614 unam
2245 5574 2338 5627 pro
2362 5556 2616 5613 omnibus
2649 5556 2881 5609 hostiam
2906 5555 3119 5618 obtulit,
3146 5571 3266 5624 qum
3299 5570 3512 5623 semper
3539 5569 3631 5604 eu-

438 5716 483 5747 ⁶⁸
512 5717 687 5771 Ecclc.
722 5734 819 5780 xu,
851 5721 935 5773 Η.
1016 5721 1059 5754 ἰθ
1094 5722 1246 5775 .lnan.
1272 5741 1326 5787 ν,
1360 5726 1448 5778 9‘2.
1532 5729 1576 5759 ⁸ο
1607 5728 1737 5783 Dan.
1762 5745 1852 5787 vn.
1890 5731 1952 5783 15

2044 5729 2081 5783 ι,
2166 5722 2297 5777 Wall
2321 5722 2459 5777 Tim.
2496 5720 2634 5786 Iv,l.
2714 5720 2752 5748 ⁶¹
2792 5716 2943 5773 Joan.
2976 5734 3013 5783 ι,
3050 5716 3131 5769 Η.
3208 5717 3275 5745 δι’
3302 5714 3459 5768 Joan.
3493 5726 3628 5774 xvii,

493 5791 536 5819 ⁸¹
569 5792 727 5845 Num.
774 5809 869 5851 xtl.
907 5794 961 5847 Τ.
1039 5794 1083 5823 ⁸³
1115 5793 1129 5844 l
1164 5793 1286 5847 [’i-tr
1336 5812 1393 5856 ll,
1426 5798 1519 5853 ‘22.

683 5887 960 5946 ἶἈτιιοῐ..
1010 5888 1128 5947 Gn.
1185 5890 1433 5950 LXXV.

1532 5729 1576 5759 “°
1607 5728 1852 5790 Damni.
1890 5731 1952 5783 13
2004 5729 2081 5783 Η.
2166 5722 2297 5777 “'lll
2321 5722 2459 5777 Tim.
2496 5720 2634 5786 Iv,l.
2714 5720 2752 5748 ⁶¹
2792 5716 2943 5773 Joan.
2976 5734 3013 5783 ι,
3050 5716 3131 5769 Η.

360 5790 418 5841 ii.

3239 5876 3305 5935 12
