4124 6510
485 314 588 369 363

1479 316 1539 373 S.
1578 315 1856 374 CYRILLI
1896 317 2368 375 ALEXANDRINI
2405 319 2726 378 ARCHIEP.

3651 325 3760 380 564

482 430 608 486 dem
641 437 746 494 est,
780 442 957 498 neque
978 443 1226 500 unquam
1261 439 1520 487 mutatur.
1548 449 1571 484 ‹
1609 433 1787 488 Semel
1808 435 1952 489 enim
1975 450 2044 505 pri

2175 436 2594 508 άλλαττομένην.
2630 456 2651 490 ι
2692 435 2876 501 "Anci
2907 437 3016 511 γὰρ
3051 439 3338 496 ἀποθανὼν
3378 440 3520 514 ὑπὲρ
3572 443 3758 514 ἡμῶν.

494 520 652 575 nobis
679 529 952 586 mortuus,
985 535 1092 576 non
1129 521 1332 577 videbit
1358 524 1587 593 amplius
1606 526 1919 580 mortem“.
1952 546 1970 576 ›
2003 527 2067 580 Ει

484 625 546 664 ru
559 623 704 663 rsum
739 609 1033 678 Apostolus
1061 609 1129 664 ad
1155 611 1466 668 Corinthios
1492 614 1754 678 scribens,
1785 615 1894 670 ait:
1933 634 1950 666 ι
1977 615 2065 669 Fi-

481 700 617 753 delis
647 699 811 764 Deus,
842 714 940 769 per
962 715 1124 769 quem
1149 704 1321 758 vocati
1358 705 1574 760 estis-in
1604 707 1913 762 societatem
1941 706 2062 760 Filii

478 790 596 860 ejus
623 790 691 845 ³⁵.
729 809 748 843 ι
795 790 1056 847 Similiter
1083 803 1138 848 et
1171 794 1365 850 Petrus
1396 813 1410 849 :
1449 815 1467 848 ι
1491 796 1627 852 .ldeo
1655 797 1690 852 ii
1722 797 1812 868 qui
1844 799 2065 867 patiun-

479 891 589 944 tur,
614 880 757 934 fideli
787 878 1034 936 Creatori
1081 885 1465 940 commendent
1518 886 1728 941 animas
1783 902 1908 940 suas
1934 887 2001 942 ⁵³.
2037 905 2055 939 ι

476 967 678 1023 Paulus
719 970 886 1024 etiam
951 972 1016 1025 ad
1068 969 1632 1030 Thessalonicenses:
1672 994 1690 1026 ι
1733 976 1933 1031 Fidelis
1980 987 2064 1032 est

476 1064 690 1131 quinos
718 1064 950 1131 vocavit,
973 1063 1062 1134 qui
1091 1074 1144 1120 et
1190 1065 1354 1121 faciet
1381 1068 1448 1121 ⁸⁷.
1488 1086 1507 1120 ι
1541 1068 1607 1122 Ει
1639 1070 1705 1126 ad
1737 1068 1908 1124 alios:
1952 1087 1970 1120 ‹
2002 1069 2058 1124 Si

475 1153 738 1209 increduli
769 1154 1049 1222 fuerimus,
1070 1156 1158 1211 ille
1185 1158 1360 1214 ﬁdelis
1389 1159 1834 1229 permanet.Nam
1863 1172 2062 1216 seruet-

474 1245 650 1316 ipsum
691 1247 960 1317 abnegare
981 1262 1088 1303 non
1116 1257 1296 1319 potest
1353 1249 1418 1305 ⁵³.
1463 1269 1482 1302 ι
1513 1250 1714 1307 Fidelis
1763 1253 1930 1323 igitur
1977 1261 2060 1308 est

473 1337 737 1405 Christus,
827 1340 952 1410 quia
1022 1349 1077 1395 et
1145 1340 1308 1395 homo
1382 1339 1560 1398 factus
1653 1344 1855 1398 mansit
1917 1342 2056 1397 idem

473 1445 646 1500 usque
697 1448 861 1496 nunc,
930 1442 986 1487 et
1037 1433 1088 1486 in
1130 1433 1325 1488 saecula
1358 1451 1374 1486 :
1410 1445 1572 1503 atque
1625 1435 1698 1488 ita
1746 1435 1962 1504 quidem
1994 1433 2057 1487 li-

471 1522 606 1578 delis
643 1531 746 1589 est,
775 1524 912 1578 sicut
933 1532 988 1580 et
1015 1520 1179 1580 Pater
1214 1523 1387 1582 fidelis
1411 1525 1614 1581 dicitur
1648 1526 1702 1580 in
1722 1540 1880 1582 sacra
1909 1526 2055 1582 Scri-

466 1623 642 1682 ptura.

465 1742 536 1800 In
561 1745 739 1823 ίίίιιιίζ
755 1764 774 1798 ι
815 1746 1074 1823 Firmiter
1095 1749 1262 1820 igitur
1284 1752 1413 1823 sciat
1442 1754 1613 1806 omnis
1637 1754 1820 1807 domus
1853 1751 2045 1823 Israel,

532 1816 660 1893 quia
695 1816 982 1872 Dominum
1014 1816 1182 1893 ipsum
1212 1831 1267 1893 et,
1302 1821 1568 1893 Christum
1588 1825 1878 1893 fecitDetu
1908 1816 2045 1880 hunc
2074 1837 2118 1892 Β

536 1884 744 1956 Iesum,
776 1904 928 1960 quem
956 1884 1297 1959 cruciﬁxistis
1322 1891 1389 1946 '9.
1430 1896 1467 1962 »ξ

531 2085 766 2144 Necesse
791 2102 982 2146 rursus
1013 2097 1116 2156 est,
1147 2097 1205 2144 ut
1239 2089 1326 2145 hic
1361 2104 1608 2156 vernum,
1640 2109 1660 2143 ι
1699 2093 1860 2160 fecit,
1891 2115 1909 2146 ι
1937 2111 2046 2151 non

463 2180 530 2234 ad
581 2180 874 2235 essentiam
903 2178 1066 2235 Verbi
1115 2180 1430 2236 referatur:
1492 2197 1668 2252 neque
1715 2186 2048 2242 exsistentize

462 2273 582 2328 Filii
619 2281 840 2344 propter
877 2272 982 2328 hoc
1021 2288 1219 2328 nomen
1261 2274 1540 2330 insultare.
1569 2274 1704 2331 Nam
1739 2279 1786 2332 si
1822 2280 2044 2334 verbum

470 2384 486 2415 ι
521 2365 674 2431 fecit,
715 2383 732 2416 ι
774 2365 1096 2418 naturaliter
1119 2366 1368 2434 accipere
1393 2367 1547 2432 velis,
1571 2377 1717 2424 recte
1756 2371 1820 2424 de
1849 2371 2048 2440 templo

461 2472 528 2511 ex
571 2456 736 2511 Maria
770 2455 912 2512 facto
946 2456 1294 2524 interpretari
1338 2459 1583 2525 poteris;
1633 2459 1679 2512 si
1733 2473 1862 2513 vero
1923 2473 2047 2530 apte

461 2559 623 2619 atque
657 2549 729 2603 ita
784 2558 844 2601 ut
900 2556 1138 2615 oportet,
1203 2546 1336 2600 nihil
1379 2549 1446 2602 ad
1501 2549 1757 2605 Verbum.
1804 2551 2043 2622 Exempli

460 2641 631 2711 gratia
671 2657 687 2695 :
733 2638 833 2704 Qui
867 2638 995 2693 olim
1029 2652 1232 2708 pauper
1257 2647 1396 2704 erat,
1423 2638 1596 2694 factus
1633 2654 1714 2696 est
1739 2643 1916 2708 dives;
1955 2653 2047 2698 aut

459 2733 552 2803 qui
587 2731 656 2786 ab
687 2730 843 2785 initio
869 2730 1129 2800 propheta
1161 2745 1266 2784 non
1294 2740 1434 2796 erat,
1465 2731 1516 2784 in
1545 2733 1865 2802 pr0phetam
1885 2751 1912 2788 a
1936 2734 2046 2790 Deo

457 2825 664 2880 electus
698 2833 809 2878 est.
832 2821 966 2876 Nam
992 2822 1044 2876 in
1075 2822 1380 2892 hujusmodi
1414 2823 1800 2890 locutionibus,
1823 2846 1842 2879 ‹
1874 2828 2046 2884 factus

457 2927 543 2974 est
570 2935 590 2970 δ
626 2933 730 2972 non
762 2916 1084 2987 principium
1113 2914 1274 2985 215
1303 2915 1598 2971 exsisteudi
1635 2918 1924 2986 significat,
1951 2920 2042 2973 sed

460 3008 854 3064 traductionem
885 3007 937 3061 in
970 3006 1116 3061 aliud
1139 3023 1301 3076 quam
1353 3017 1491 3061 erat.
1545 3006 1828 3074 Quomodo
1883 3012 2046 3079 igitur

458 3101 598 3154 Dens
619 3097 803 3154 Jesum
861 3096 1050 3152 fecerit
1100 3096 1385 3151 Dominum
1428 3099 1513 3166 pie
1543 3103 1886 3167 quaerendum
1939 3112 2040 3157 est.

2168 529 2269 581 οὐκ
2300 516 2488 599 ὕψεταί
2521 528 2750 584 θάνατον
2773 533 2836 585 ἐκ
2861 532 3138 606 δευτέρου.
3167 551 3187 585 ι
3220 533 3330 586 Καὶ
3351 534 3560 588 πάλινὸ
3598 535 3731 587 ’Δπό

2168 621 2354 684 στολος
2403 623 2731 676 ἐπιστέλλων
2761 626 2873 677 τισὶ
2911 625 3094 693 λέγει·
3134 644 3153 676 ι
3195 627 3394 689 Πιστὸς
3434 626 3464 678 0
3509 627 3660 691 Θεὸς,
3685 627 3738 680 δι

2165 702 2227 763 06
2258 709 2526 780 ἐκλήθητε
2562 712 2643 775 είς
2674 711 2961 766 κοινωνίαν
2983 713 3076 766 τοῦ
3113 714 3244 768 Υίοῦ
3275 715 3462 770 αὐτοῦ.
3500 735 3519 768 ι
3549 717 3758 788 Πέτρος

2165 797 2368 867 ὁμοίως
2390 814 2402 826 “
2440 799 2636 852 «Ὥστε
2671 801 2763 853 καὶ
2793 803 2842 854 οί
2885 803 3191 872 πάσχοντες
3222 803 3400 875 πιστῷ
3413 804 3610 877 κτίστῃ
3644 823 3754 859 πα-

2164 889 2570 958 ρατιθέσθωσαν
2616 891 2714 956 τὰς
2761 893 2940 963 ψυχὰς
2989 894 3190 950 αὐτῶν.
3243 914 3264 947 ι
3312 897 3370 950 ’0
3430 898 3755 960 Ἀπόστολος

2163 980 2650 1035 Θεσσαλονικεῦσιο
2704 1001 2723 1034 t
2772 984 2969 1048 Πιστὸς
3017 989 3047 1039 0
3103 987 3285 1041 καλῶν
3336 990 3506 1058 ἡμᾶς,
3556 989 3616 1054 ὃς
3654 991 3754 1044 καὶ

2163 1072 2401 1142 ποιήσει.
2444 1093 2462 1124 ι
2499 1074 2609 1126 Καὶ⁸
2627 1076 2831 1146 ὁμοίως
2858 1075 2994 1146 πρὸς
3014 1078 3268 1148 ἐτέρους·
3305 1098 3322 1130 t
3360 1080 3424 1132 Εἰ
3453 1080 3750 1152 ἀπιστήσο-

2164 1179 2285 1232 μεν,
2316 1163 2524 1227 ἐκεῖνος
2569 1165 2760 1227 πιστὸς
2792 1165 2966 1234 μένει.
3001 1186 3020 1219 ι
3068 1167 3435 1238 Ἀρνήσασθαι
3478 1168 3586 1238 γὰρ
3618 1170 3749 1222 ἑαυ-

2160 1252 2252 1306 τὸν
2280 1253 2339 1305 ού
2365 1253 2612 1308 δύναται.
2645 1255 2842 1316 Πιστὸς
2867 1251 2958 1309 06v
2977 1259 3004 1309 0
3029 1257 3286 1328 Χριστὸς,
3314 1258 3397 1311 ὅτι
3421 1259 3514 1311 καὶ
3535 1259 3749 1331 ἄνθρω-

2160 1360 2262 1406 πος
2290 1343 2552 1413 γεγονὼς,
2572 1345 2785 1415 ἔμεινεν
2811 1347 2839 1397 0
2862 1345 3044 1410 αὐτὸς,
3071 1347 3217 1416 χθὲς,
3246 1348 3342 1401 καὶ
3363 1349 3624 1419 σήμερον,
3648 1350 3746 1402 καὶ

2158 1435 2238 1497 είς
2265 1436 2392 1499 τοὺς
2423 1436 2625 1501 αἰῶνας
2652 1454 2664 1467 ’
2701 1440 2795 1492 καὶ
2828 1439 3015 1502 πιστὸς
3040 1439 3235 1504 οὕτως,
3267 1444 3343 1504 ὡς
3371 1442 3467 1494 καὶ
3489 1443 3517 1494 0
3551 1443 3744 1513 Πατὴρ

2156 1522 2297 1581 εἶναι
2324 1528 2542 1598 λέγεται
2566 1531 2756 1596 πιστὸς
2798 1531 2948 1602 παρὰ
2970 1534 3088 1595 ταῖς
3119 1531 3291 1597 θείαις
3331 1533 3595 1605 Γραφαῖς.

2155 1749 2270 1822 Et;
2299 1747 2411 1822 τὸ,Δ
2446 1766 2465 1800 ι
2510 1750 2817 1822 Ἆμσφαλῶς
2866 1746 2980 1806 οὖν
3026 1755 3364 1820 γινωσκέτω
3403 1752 3521 1820 πᾶς
3575 1742 3800 1822 οἶκος.

2233 1818 2494 1892 Ἰσραὴλ,
2546 1818 2636 1874 ὅτι
2685 1822 2783 1875 καὶ
2840 1818 3063 1892 Κύριοῶ⁸
3110 1823 3297 1892 αὐτὸν
3347 1825 3444 1877 καὶ
3481 1818 3743 1892 Χριστὸί-

2217 1888 2508 1964 errem-Usi;
2564 1894 2596 1944 ὁ
2647 1892 2791 1958 Θεὸς
2842 1891 3057 1946 τοῦτον
3123 1891 3403 1960 Ἰησοῦν,
3456 1888 3537 1949 ὅγ’
3573 1895 3742 1964 ὑμεῖς

2214 1959 2658 2027 ἐσταυρώσατε.
2693 1982 2715 2013 -›

2217 2092 2339 2165 Χρὴ
2379 2093 2542 2148 πάλιν
2567 2095 2755 2149 ἐνθάδε
2773 2095 2857 2162 τὸ,
2897 2116 2914 2148 i
2952 2098 3199 2171 ἐποίησε,
3249 2119 3266 2152 ι
3305 2101 3380 2172 μὴ
3407 2102 3488 2162 εἰς
3518 2101 3617 2172 τὴν
3649 2104 3741 2156 ού-

2148 2184 2272 2238 σίαν
2319 2186 2616 2257 ἀναφέρειν
2641 2188 2735 2240 τοῦ
2775 2187 2972 2255 Λόγου,
3015 2191 3148 2260 μηδὲ
3187 2190 3288 2262 τῆς
3329 2191 3618 2263 ὑπάρξεως
3641 2193 3739 2246 τοῦ

2146 2276 2277 2330 Υίοῦ
2338 2277 2426 2331 διὰ
2480 2279 2580 2350 τὴν
2635 2279 2778 2345 λέξιν
2843 2281 3375 2352 καταθρασύνεσθαι.
3453 2285 3609 2338 Ἀλλὰ
3653 2287 3736 2348 τὸ,

2153 2387 2171 2421 ‹
2207 2369 2484 2441 ἐποίησεν,
2523 2389 2542 2424 ι
2568 2373 2618 2423 εί
2640 2371 2743 2442 μὲν
2781 2373 3025 2441 φυσικῶς
3053 2373 3282 2438 ἐθέλοις,
3315 2375 3526 2448 ἐπιλήψῃ
3558 2378 3741 2441 καλῶς

2147 2460 2238 2512 ἐπὶ
2270 2460 2362 2513 τοῦ
2395 2462 2459 2513 ὲκ
2486 2463 2704 2533 Μαρίας
2740 2463 3057 2535 ποιηθέντος
3100 2467 3232 2520 ναοῦ
3253 2483 3270 2500 ο
3304 2471 3354 2521 εί
3386 2469 3443 2522 δὲ
3475 2488 3741 2541 πραγμα-

2146 2552 2311 2615 τικῶς
2344 2552 2526 2616 πάλιν,
2549 2554 2701 2606 οῦδὲν
2725 2556 2860 2624 πρὸς
2889 2556 2982 2610 τὸν
3003 2557 3196 2627 Λόγον,
3225 2555 3336 2613 οἷον
3375 2561 3506 2632 φέρε
3534 2565 3735 2616 εἰπεῖν·

2148 2642 2324 2712 Πένης
2354 2660 2436 2706 τις
2485 2645 2652 2698 πάλαι
2697 2647 3004 2717 τυγχάνων,
3053 2651 3355 2720 χρημάτων
3405 2655 3596 2722 γέγονε
3635 2655 3738 2708 κύ-

2149 2750 2298 2804 ριος’
2331 2735 2362 2804 ἢ
2419 2739 2708 2809 προφήτης
2733 2739 2832 2793 οὐκ
2875 2741 2952 2794 ὢν
2989 2742 3048 2807 ἐξ
3076 2745 3274 2814 ἀρχῆς,
3327 2749 3408 2811 είς
3449 2751 3739 2820 προφήτην

2147 2826 2531 2899 προεχειρίσθη
2569 2831 2718 2900 παρὰ
2756 2831 2913 2886 Θεοῦ.
2963 2834 3102 2887 Ἀλλ’
3135 2837 3192 2890 ἐν
3234 2840 3348 2902 τοῖς
3381 2839 3647 2905 τοιούτοις
3673 2843 3736 2896 τὸ

2153 2935 2172 2968 ι
2213 2917 2449 2985 ἐγένετο,
2483 2937 2501 2968 ι
2529 2921 2588 2972 ού
2617 2920 2715 2992 τὴν
2747 2922 2922 2993 ἀρχὴν
2951 2924 3045 2978 τοῦ
3089 2921 3228 2981 εἶναι
3291 2931 3562 3000 σημαίνει,
3618 2933 3737 2986 ἀλλ’

2147 3009 2229 3072 είς
2256 3009 2410 3063 ποῖόν
2455 3027 2508 3063 τι
2538 3013 2769 3082 πρᾶγμα
2803 3016 2899 3068 καὶ
2933 3018 3043 3071 ἀπὸ
3085 3021 3233 3084 τίνος
3278 3023 3464 3094 ἐτέρου
3498 3026 3733 3098 μετέστη

2145 3101 2207 3155 τὸ
2234 3103 2655 3174 σημαινόμενον.
2690 3107 2814 3170 Πῶς
2862 3104 2956 3162 06v
2984 3109 3191 3182 Κύριον
3238 3114 3463 3186 ἐποίησε
3501 3118 3592 3171 τὸν
3631 3119 3737 3188 ’1η-

455 3190 588 3245 Cum
627 3189 812 3252 itaque
840 3187 980 3241 Deus
1006 3185 1240 3240 Verbum
1275 3189 1547 3243 exsistens
1575 3197 1737 3258 atque
1797 3193 2040 3246 omnium

2147 3192 2274 3247 006v
2307 3194 2336 3246 0
2365 3195 2519 3261 Θεὸς,
2547 3196 2666 3260 πῶς
2697 3197 2753 3250 δὲ
2789 3200 3044 3269 Χριστὸν,
3081 3183 3395 3273 ἀναγκαῖον
3421 3208 3602 3279 ζητεῖν
3639 3183 3733 3264 εὐ.-

465 3282 748 3342 liominus,
791 3295 886 3350 per
943 3279 1371 3332 incarnationem
1405 3277 1582 3335 factus
1630 3291 1716 3336 est
1770 3283 1820 3336 in
1873 3283 2043 3339 forma

455 3373 600 3427 servi
632 3372 700 3435 εο,
738 3370 958 3438 ungitur
992 3370 1208 3438 quidem
1252 3381 1554 3440 unctusque
1581 3387 1704 3428 esse
1738 3375 1935 3429 dicitur
1974 3377 2043 3441 “,

456 3473 678 3532 pr0pter
703 3463 755 3515 id
785 3460 929 3530 quod
960 3459 1162 3513 homini
1188 3463 1464 3515 convenit.
1531 3461 1864 3518 Conscendit
1915 3481 2045 3520 vero

454 3569 648 3608 rursus
671 3554 722 3608 in
747 3550 1134 3606 dominationis
1152 3561 1502 3620 potestatem,
1534 3569 1591 3608 ut
1614 3555 1798 3622 homo,
1829 3560 2041 3613 tametsi

457 3642 821 3706 Dan-tinussit,
859 3643 1114 3697 nimirum
1148 3651 1205 3696 ιιι
1270 3642 1429 3699 Deus.
1499 3643 1840 3701 lncarnatum
1895 3649 2041 3703 enim

453 3744 539 3789 est
561 3733 654 3789 Dei
690 3732 948 3800 Verbum,
980 3749 1088 3792 non
1121 3744 1179 3789 ut
1202 3734 1428 3790 liberam
1474 3734 1566 3790 Dei
1604 3747 1850 3792 naturain
1899 3741 2039 3795 servi

457 3825 631 3878 forma
658 3823 933 3888 obrueret,
965 3838 1140 3892 neque
1174 3832 1231 3877 ut
1253 3839 1348 3879 sua
1377 3834 1570 3879 natura
1627 3842 1691 3881 ac
1736 3830 2040 3898 proprieta-

455 3917 597 3970 tibus
623 3914 850 3985 abjectis
877 3914 945 3968 ab
981 3914 1232 3969 humanae
1273 3925 1482 3970 natura:
1508 3918 1928 3986 proprietatibus
1948 3936 2040 3976 su-

453 3989 756 4079 peraretur,
786 4007 879 4062 sed
916 4017 974 4060 ut
1004 4007 1264 4062 servilem
1289 4019 1528 4064 nostram
1563 4012 1929 4068 conditionem
1969 4015 2036 4070 ad

452 4100 668 4156 Domini
700 4099 927 4170 gloriam
951 4099 1259 4164 extolleret,
1282 4111 1335 4154 et
1367 4103 1824 4170 contemptibilem
1875 4116 2035 4160 natu-

455 4208 569 4247 ram
620 4202 863 4247 nostram
901 4193 967 4244 ad
1005 4207 1159 4246 suam
1193 4191 1530 4246 nobilitatem
1566 4194 1893 4252 traduceret.
1917 4197 2035 4264 Quo

449 4292 610 4352 pacto
634 4283 779 4336 enim
809 4296 1071 4337 vocamur
1098 4281 1296 4337 fratres
1319 4283 1520 4340 Christi
1552 4285 1617 4350 θ’,
1645 4289 1913 4356 quomodo
1940 4304 2033 4358 ap-

452 4373 718 4442 pelmnttr
742 4371 838 4426 filii
861 4372 928 4438 ⁸³,
959 4372 1002 4427 si
1029 4371 1265 4426 Verbum
1293 4371 1384 4426 Dei
1435 4373 1636 4428 factum
1666 4376 1798 4429 nihil
1825 4393 1921 4432 nos
1941 4376 2032 4445 ju-

449 4466 566 4520 vit?
594 4466 730 4519 Cum
758 4481 885 4520 vero
912 4480 1123 4520 sacram
1155 4465 1498 4536 Scriptorum
1527 4468 1795 4522 dicentem
1816 4470 2022 4535 audies,

448 4560 592 4629 quod
623 4559 762 4614 Deus
795 4560 964 4627 ipsum
1004 4560 1193 4613 fecerit
1222 4559 1507 4614 Dominum
1560 4570 1614 4615 et
1659 4574 1878 4617 unctum
1904 4603 1919 4628 ,
1972 4574 2026 4618 et
2058 4540 2101 4591 θ

449 4652 542 4706 Dei
605 4652 1020 4719 appellationem
1045 4653 1110 4704 ad
1151 4651 1328 4706 Patris
1367 4669 1652 4721 personam
1709 4655 1915 4708 refers:
1955 4655 2026 4708 fa-

449 4745 580 4798 teris
619 4744 783 4798 etiam
833 4745 903 4797 ita
948 4744 1277 4800 voluntatem
1318 4744 1434 4799 Filii
1463 4748 1722 4801 accedere
1748 4749 1812 4802 ad
1859 4749 2024 4803 bene-

443 4838 697 4907 placitttm
722 4838 919 4892 Patris.
952 4839 1013 4891 Et
1031 4838 1312 4892 Dominum
1341 4841 1514 4908 ipsum
1539 4855 1656 4894 esse
1672 4842 1829 4894 scivit
1862 4842 2023 4895 etiam

442 4946 566 4985 cum
603 4930 777 4984 factus
801 4938 884 4984 est
916 4930 969 4983 in
1005 4929 1180 4984 forma
1213 4932 1386 4995 servi;
1419 4946 1595 5000 neque
1641 4942 1817 4987 tamen
1869 4949 2022 5002 repe-

375 5036 378 5039 ·
445 5023 551 5076 ries
577 5021 772 5077 Filium
803 5024 872 5078 ab
907 5024 1008 5077 hac
1032 5023 1350 5092 operatione
1383 5024 1686 5080 exclusum.
1720 5024 1851 5079 Nam
1908 5041 2027 5096 qua:

441 5111 602 5167 Pater
626 5125 880 5183 operatur
897 5124 1022 5167 sunt
1047 5113 1265 5169 omnino
1287 5128 1450 5182 opera
1481 5113 1629 5180 Filii;
1668 5126 1721 5169 et
1752 5133 1871 5186 quae
1902 5133 2025 5187 per-

440 5206 551 5258 licit
582 5204 768 5269 Filius,
806 5209 994 5261 eadem
1029 5216 1084 5260 et
1112 5206 1274 5260 Pater
1297 5215 1572 5275 operatur.
1615 5209 1816 5264 Idcirco
1850 5211 2026 5280 inquit

441 5296 738 5352 Servator:
785 5317 803 5351 ι
848 5299 957 5367 Ego
981 5315 1009 5351 a
1042 5314 1126 5353 me
1149 5298 1278 5353 nihil
1315 5297 1490 5365 facio;
1520 5301 1614 5355 sed
1644 5301 1799 5356 Pater
1821 5305 1910 5372 qui
1970 5305 2021 5356 in

439 5403 526 5443 me
553 5401 753 5454 manet,
783 5390 896 5458 ipse
910 5404 1072 5458 opera
1097 5388 1223 5444 facit
1241 5389 1304 5444 “.
1330 5391 1460 5467 {Fit
1490 5393 1670 5461 itaque
1695 5394 1949 5449 Dominus
1969 5406 2023 5449 et

439 5491 652 5547 unctus,
677 5496 797 5535 cum
825 5483 984 5537 homo
1009 5480 1182 5537 factus
1211 5492 1316 5548 εει,
1341 5493 1502 5552 atque
1551 5485 1620 5538 ob
1685 5484 1736 5537 id
1796 5498 2020 5540 vocatus

507 5658 553 5690 "*
579 5658 734 5713 Rom.
772 5661 964 5724 v1.10.
1040 5662 1084 5693 ⁵⁵
1126 5661 1300 5716 ltlor.
1331 5678 1369 5727 ι,
1404 5661 1458 5716 9.
1535 5663 1619 5718 ⁵⁸1
1648 5663 1794 5718 Petr.
1835 5680 1909 5727 tv,
1954 5664 2040 5720 19.

438 5727 528 5783 56.
627 5730 673 5763 ⁶⁰
701 5730 931 5802 Philipp.
959 5748 1020 5798 ll,
1045 5732 1096 5786 6.

2149 3287 2344 3351 σεὸῶς.
2415 3289 2634 3361 Ἐπειδὴ
2683 3291 2792 3363 γὰρ
2849 3295 2982 3359 Θεὸς
3033 3299 3205 3367 Λόγος
3251 3300 3330 3354 ὣν
3387 3307 3479 3357 καὶ
3514 3308 3733 3362 πάντων

2146 3379 2406 3450 ὑπάρχων
2428 3383 2730 3454 Δεσπότης,
2768 3386 3196 3462 ἐνανθρωπήσας
3220 3394 3442 3462 γέγονεν
3465 3400 3522 3450 ἐν
3542 3403 3607 3470 τῇ
3632 3401 3732 3454 τοῦ

2142 3471 2328 3525 δούλου
2367 3478 2570 3546 μορφῇ,
2607 3475 2818 3547 χρίεται
2865 3481 3038 3552 μὲν,ἢ
3079 3486 3366 3556 κεχρίσθαι
3407 3488 3621 3558 λέγεται
3642 3494 3735 3548 διὰ

2140 3563 2206 3615 τὸ
2230 3564 2504 3636 ἀνθρώπῳ
2543 3567 2773 3637 πρέπον.
2820 3571 3127 3627 Ἀναδαίνει
3157 3575 3214 3630 δὲ
3258 3580 3338 3642 είς
3371 3579 3470 3652 τὴν
3499 3583 3596 3653 τῆς
3629 3602 3728 3638 κυ-

2142 3654 2389 3726 ριότητος
2430 3657 2679 3722 ἐξουσίαν
2722 3661 2883 3716 πάλιν
2919 3665 2998 3728 ὡς
3038 3666 3342 3739 ἄνθρωπος,
3385 3673 3562 3728 καίτοι
3607 3677 3727 3730 Κύ-

2141 3758 2255 3834 ριος
2276 3741 2352 3796 ὢν
2377 3742 2452 3808 ὡς
2473 3743 2625 3809 Θεός.
2676 3749 3019 3822 Ἐπεδήμησε
3049 3754 3157 3826 γὰρ
3183 3758 3211 3810 0
3231 3758 3324 3811 1:06
3359 3760 3495 3816 Θεοῦ
3525 3764 3722 3834 Λόγος,

2137 3833 2235 3904 οὐχ
2260 3835 2347 3889 ἵνα
2378 3837 2478 3907 τὴν
2501 3838 2794 3912 ἐλευθέραν
2818 3844 2912 3896 τοῦ
2941 3846 3077 3898 Θεοῦ
3121 3848 3282 3917 φύσιν
3313 3855 3377 3924 τῇ
3412 3856 3506 3909 τοῦ
3533 3833 3720 3913 δούλοι.

2137 3925 2432 4001 καταχώσῃ
2485 3935 2669 4002 μορφῇ
2696 3973 2710 3998 ,
2743 3935 2864 3988 ούδέ
2912 3937 3000 3991 ἵνα
3029 3939 3089 4015 τὸ
3135 3943 3336 3997 οἰκεῖον
3385 3947 3566 4015 ἀφεὶς,
3610 3956 3728 4015 τοῖς

2134 4016 2234 4100 τῇς
2282 4018 2703 4093 ἀνθρωπὸτητος
2747 4025 2998 4096 ίδιώμασι
3048 4007 3332 4106 κρατηθῇ·
3374 4007 3490 4092 ἀλλ’
3525 4007 3612 4094 ίνα
3662 4007 3726 4097 τὸ

2133 4106 2318 4161 δοῦλον
2343 4113 2422 4173 εἰς
2462 4112 2560 4184 τὴν
2586 4118 2684 4185 τῆς
2718 4119 3043 4191 κυριότητος
3071 4123 3361 4200 ἀναρπάσῃ
3401 4132 3587 4202 τιμὴν,
3627 4138 3724 4190 καὶ

2133 4199 2214 4262 είς
2232 4200 2328 4271 τὴν
2352 4204 2556 4256 οἰκείαν
2589 4206 2867 4275 εὐγένειαν
2916 4218 3298 4290 μετασκευάσῃ
3341 4221 3403 4273 τὸ
3432 4199 3721 4295 ἠτιμωμέ-

2132 4306 2242 4366 νον.
2291 4293 2442 4347 Ἐπεὶ
2477 4296 2594 4359 πῶς
2625 4299 2845 4369 ἀδελφοὶ
2887 4302 3201 4374 καλούμεθα
3229 4309 3488 4380 Χριστοῦ,
3518 4293 3635 4379 ira);
3660 4317 3720 4370 δὲ

2133 4383 2240 4437 υίοὶ
2263 4385 2700 4458 χρηματίξομεν,
2731 4391 2779 4443 εί
2807 4392 2974 4461 μηδὲν
3004 4396 3151 4465 ἡμᾶς
3189 4398 3473 4471 ὠφέλησεν
3503 4405 3718 4475 ἄνθρω-

2133 4491 2231 4538 πος
2276 4477 2515 4544 γεγονὼς
2558 4482 2585 4532 0
2634 4480 2727 4534 τοῦ
2762 4482 2895 4536 Θεοῦ
2935 4485 3136 4554 Λόγος;
3186 4490 3310 4544 Ἐὰν
3355 4493 3413 4546 δὲ
3452 4494 3718 4569 λεγούσης

2131 4566 2373 4638 ἀκούσῃς
2399 4569 2498 4640 τῆς
2527 4570 2674 4635 θείας
2705 4573 2925 4645 Γραφῆς
2957 4577 3039 4630 ὅτι
3070 4580 3164 4633 καὶ
3191 4582 3395 4652 Κύριον
3431 4587 3592 4641 αὐτὸν
3622 4566 3717 4644 καὶ

2131 4660 2364 4731 Χριστὸν
2389 4663 2639 4732 ἐποίησεν
2667 4667 2694 4717 ὁ
2715 4666 2868 4729 Θεὸς,
2902 4669 2992 4720 καὶ
3022 4671 3120 4741 τὴν
3144 4671 3238 4726 τοῦ
3271 4675 3403 4728 Θεοῦ
3439 4696 3715 4752 προσηγο-

2133 4749 2255 4820 ρίαν
2293 4754 2373 4814 εἰς
2404 4754 2464 4804 τὸ
2486 4753 2578 4807 τοῦ
2604 4755 2815 4826 Πατρὸς
2846 4759 3137 4829 πρόσωπον
3157 4764 3454 4837 ἀναφέρῃς,
3489 4749 3718 4840 συνομο-

2132 4840 2311 4918 λογεῖς
2365 4843 2462 4913 μὲν
2509 4847 2601 4898 καὶ
2652 4846 2824 4911 οὕτως
2857 4850 2939 4902 ὅτι
2985 4854 3096 4914 τοῖς
3129 4852 3394 4925 Θελὴμασι
3447 4860 3542 4912 τοῦ
3581 4861 3713 4916 Υἱοῦ

2131 4935 2439 4989 συνευδοκεῖ
2471 4939 2563 4991 καὶ
2595 4942 2622 4992 0
2657 4941 2864 5012 Πατήρ.
2893 4944 3003 4996 Καὶ
3041 4943 3244 5016 Κύριον
3272 4944 3411 5001 οἶδεν
3436 4952 3595 5006 αὑτὸν
3621 4956 3714 5008 καὶ

2128 5027 2217 5079 ὅτε
2246 5029 2472 5096 γέγονεν
2516 5032 2573 5082 ὲν
2608 5036 2672 5103 τῇ
2723 5034 2817 5085 τοῦ
2859 5034 3046 5088 δούλου
3096 5041 3313 5109 μορφῇ;⁶
3359 5041 3459 5094 οὐκ
3507 5042 3611 5108 ἔξω
3654 5046 3713 5099 δὲ

2127 5120 2277 5191 ὅμως
2312 5122 2433 5174 οὐδὲ
2472 5122 2566 5174 τοῦ
2607 5124 2778 5176 ταῦτα
2809 5130 2982 5179 ποιεῖν
3017 5127 3045 5179 0
3079 5129 3199 5192 Υίὸς
3226 5131 3604 5204 εὑρεθήσεται.
3646 5141 3713 5190 ’Ἀ

2126 5211 2236 5281 γὰρ
2267 5210 2332 5264 ἂν
2353 5212 2652 5284 ἐργάζηται
2683 5218 2711 5268 0
2736 5217 2947 5288 Πατὴρ,
2974 5218 3146 5273 ταῦτα
3164 5222 3382 5288 πάντως
3401 5226 3547 5280 ἐστὶν
3571 5227 3713 5298 ἔργα

2125 5303 2217 5356 τοῦ
2251 5304 2406 5368 Υίοῦ,
2435 5307 2530 5359 καὶ
2555 5308 2698 5378 ἅπερ
2727 5309 2791 5362 ἂν
2811 5313 2839 5364 0
2868 5311 2992 5375 Υἱὸς
3017 5314 3260 5385 ἐπιτελῇ,
3291 5317 3464 5371 ταῦτα
3493 5320 3713 5385 πάντως

2124 5394 2152 5447 0
2213 5397 2402 5471 Πατὴρ
2460 5400 2770 5469 ἐργάζεται.
2833 5405 2932 5457 Διὰ
2987 5404 3144 5460 τοῦτό
3201 5413 3426 5479 φησινὸ
3480 5413 3708 5484 Σωτήρ⁶

2131 5505 2150 5538 ι
2203 5488 2324 5540 Ἀπ’
2383 5490 2620 5559 ἐμαυτοῦ
2678 5493 2817 5546 ποιῶ
2868 5495 3053 5550 οὐδέν’
3089 5499 3117 5549 ὁ
3154 5497 3210 5550 δὲ
3245 5500 3435 5573 Πατὴρ
3481 5503 3538 5556 ἐν
3587 5506 3712 5574 ἐμοὶ

2139 5668 2184 5700 ⁸⁷
2217 5670 2234 5721 i
2263 5668 2457 5724 Thess.
2497 5686 2549 5735 ν,
2578 5672 2669 5727 25.

2778 5673 2822 5752 [τε
2850 5673 2891 5726 n
2924 5675 3164 5752 Tim._tt,
3199 5680 3294 5752 is:
3409 5683 3456 5714 ι’
3487 5682 3608 5740 Act.
3639 5701 3702 5752 ιι,

1193 5734 1235 5763 ⁶¹
1271 5733 1398 5786 Luc.
1434 5748 1503 5788 tv.
1531 5733 1619 5798 l8;
1649 5735 1772 5790 Act.
1800 5750 1873 5800 tv,
1917 5734 2008 5788 27.

2167 5738 2323 5796 Joan.
2364 5758 2454 5808 xx,
2486 5733 2574 5798 l'i.
2652 5745 2696 5775 ⁸³
2727 5742 2923 5799 lJoan.
2954 5762 3035 5811 ιιι,
3062 5749 3112 5801 1.
3150 5733 3164 5745 ’
3193 5733 3427 5808 θίίοιιη.
3458 5733 3702 5822 sivit-fi:
