4124 6530
371 341 476 398 565

1753 331 2198 391 THESAURUS.

3520 331 3628 389 566

375 465 576 534 μένων,
628 461 774 515 ποιεῖ
811 459 880 515 τά
916 459 1054 531 ἔργα
1101 459 1284 524 αὑτός.
1330 477 1349 512 ι
1392 459 1603 514 Γίνεται
1633 457 1812 513 τοίνυν
1844 457 1956 512 Κύ-

2071 471 2268 520 servus,
2295 455 2474 511 dictus
2501 455 2664 511 etiam
2696 465 2782 511 est
2819 455 2994 511 Iesus.
3020 436 3203 524 Neque
3238 452 3380 509 enim
3424 453 3628 523 absque

373 573 488 628 ριος
536 555 632 609 καὶ
679 555 937 626 Χριστὸς,
974 556 1064 608 ὅτε
1100 555 1197 609 καὶ
1235 554 1519 627 ἅνθρωπος
1547 553 1806 623 γεγονὼς,
1861 554 1956 609 καὶ

371 647 461 700 διὰ
499 646 662 700 τοῦτο
698 645 1044 718 χρηματίσας
1083 645 1294 710 δοῦλος,
1337 645 1541 717 ἐκλήθη
1583 645 1678 700 καὶ
1726 645 1954 716 Ἰησοῦς.

374 739 450 792 Ού
493 739 603 810 γὰρ
631 740 1078 810 ἀπαρατηρήτως
1104 739 1132 790 6
1171 737 1324 807 ἀγιος
1358 737 1462 809 ἔφη
1498 738 1776 810 μαθητής*
1801 758 1819 789 ι
1845 737 1959 792 Κύ-

375 849 493 904 ριον
549 831 714 885 αὐτὸν
739 832 835 884 καὶ⁸
887 829 1126 901 Χριστὸν
1174 830 1430 901 ἐποίησεν
1477 832 1506 882 6
1555 828 1706 893 Θεός·
1757 849 1776 882 ι
1823 828 1958 883 ἀλλά

375 922 741 994 προσέθηκεν,
761 923 843 975 ὅτι
871 941 889 973 ι
921 921 1120 974 Τοῦτον
1147 920 1238 974 τὸν
1267 919 1472 993 Ἰησοῦν
1501 920 1561 974 ὸν
1581 920 1739 989 ὑμεῖς
1763 920 1952 972 ὲσταυ·

378 1014 612 1085 ρώσατε.
655 1033 674 1064 ι
717 1012 839 1084 Χρὴ
879 1012 936 1066 δὲ
972 1012 1134 1066 πάλιν
1170 1013 1250 1076 είς
1288 1011 1386 1081 τὴν
1423 1011 1528 1064 τῶν
1558 1011 1957 1082 γεγραμμένων

373 1105 664 1176 ἀκρίϐειαν
687 1107 910 1176 ὲφορᾷν.
937 1106 1011 1157 Ού
1041 1103 1150 1175 γὰρ
1177 1100 1329 1157 εἶπεν
1351 1105 1434 1157 ὄτι
1459 1103 1755 1174 πεποίηκεν
1782 1102 1958 1172 ἑαυτῷ

373 1193 548 1261 Λόγον
582 1194 616 1264 ἦ
659 1193 808 1257 Υίὸν,
850 1193 986 1247 ἀλλά
1018 1193 1224 1263 Κύριον
1258 1194 1353 1247 καὶ
1401 1195 1657 1264 Χριστὸν,
1687 1195 1823 1262 ὅπερ
1859 1193 1962 1246 ούκ

373 1285 550 1355 ἀρχὴν
603 1285 860 1356 σημαίνει
907 1283 1003 1337 τοῦ
1045 1280 1205 1346 εἶναι.
1253 1284 1389 1338 ἀλλὰ
1412 1285 1512 1355 τὴν
1555 1285 1662 1338 ἀπό
1697 1302 1841 1349 τινος
1879 1284 1957 1347 είς

373 1377 563 1448 ἕτερόν
609 1395 662 1430 τι
704 1379 1058 1448 μετάστασιν.
1095 1378 1283 1441 Ὅπως
1332 1377 1389 1429 δὲ
1440 1377 1628 1446 γέγονε
1687 1377 1892 1447 Κύριος
1922 1376 1956 1446 ἢ

373 1469 632 1538 Χριστὸς,
667 1470 726 1522 ὲν
754 1471 866 1532 τοῖς
903 1469 1156 1540 ἀνωτέρω
1190 1469 1532 1540 προείρηται.

909 1581 1136 1645 Ἄλλως
1171 1579 1238 1632 τὸ
1271 1579 1440 1632 αὐτό.

446 1691 650 1762 Κύριον
694 1693 857 1745 αὑτὸν
899 1693 992 1745 καὶ
1035 1692 1270 1763 Χριστὸν
1301 1691 1556 1762 ἐποίησεν
1595 1692 1624 1744 6
1654 1691 1819 1756 Θεὸς,
1861 1692 1961 1746 ούκ

2031 552 2036 558 ’
2060 563 2254 618 magna
2279 547 2488 603 ratione
2521 557 2745 602 sanctus
2763 547 3056 617 discipulus
3083 547 3400 616 simpliciter
3427 547 3564 601 dixit
3609 563 3624 600 :

2066 659 2084 688 ‹
2122 639 2406 693 Dontintttn
2463 639 2638 708 ipsum
2699 648 2754 693 ct
2795 651 3014 693 unctum
3067 641 3190 696 fecit.
3230 641 3398 706 Deus;
3465 659 3482 691 ι
3533 640 3628 696 sed

2058 733 2287 801 adjecit,
2325 753 2344 784 ι
2400 733 2544 787 hunc
2603 730 2810 793 Jcsum.
2862 747 3019 799 quem
3060 747 3155 787 vos
3203 733 3569 788 erucilixistis.
3603 750 3623 782 ι

2058 819 2283 890 Oportet
2309 831 2486 876 autem
2523 829 2580 874 ιιι
2604 836 2790 876 rursus
2823 835 2882 875 ea
2913 836 3030 890 quae
3071 821 3269 891 scripta
3307 833 3431 876 sunt
3466 838 3629 877 accu-

2061 923 2177 967 rate
2215 913 2586 982 inspiciamus.
2631 912 2746 968 Non
2805 912 2947 966 enim
3003 912 3182 966 dixit:
3233 913 3380 968 Fecit
3419 914 3628 983 sibiipsi

2060 1005 2385 1068 Filiutn,aut
2412 1003 2667 1070 Verbum,
2693 1005 2787 1060 sed
2818 1003 3098 1058 Dominum
3125 1015 3176 1058 et
3198 1016 3414 1059 unctum
3439 1023 3450 1058 :
3485 1005 3630 1074 quod

2060 1098 2276 1166 quidem
2319 1113 2424 1152 non
2477 1098 2799 1167 principium
2851 1098 3148 1152 exsistendi
3210 1097 3498 1167 signiﬁcat,
3533 1101 3630 1154 sed

2063 1189 2453 1244 traductionem
2501 1205 2568 1244 ex
2604 1205 2711 1243 uno
2756 1190 2809 1243 iu
2857 1189 3024 1244 aliud.
3093 1189 3378 1255 Quomodo
3451 1200 3630 1244 autem

2062 1279 2236 1335 factus
2285 1281 2357 1334 sit
2421 1280 2681 1336 Dominus
2749 1291 2804 1335 et
2856 1292 3071 1346 unctus,
3122 1282 3369 1351 superius
3430 1282 3631 1338 dictmu

2059 1379 2163 1425 eSl.

2665 1577 2815 1632 Idem
2852 1579 3026 1632 aliter.

2137 1692 2276 1746 Deus
2321 1693 2492 1763 ipsum
2537 1693 2665 1748 fecit
2705 1694 2988 1750 Dominum
3031 1705 3084 1749 et
3128 1707 3378 1759 unctum.
3423 1714 3525 1751 non
3569 1713 3633 1752 cx

372 1786 485 1839 ἀπὸ
516 1785 604 1837 τοῦ
643 1785 717 1856 μὴ
749 1785 900 1849 δντος
933 1787 1011 1848 είς
1039 1785 1102 1837 τὸ
1139 1780 1280 1838 εἶναι
1312 1785 1608 1855 παράγωνο
1642 1780 1709 1855 ἢν
1738 1783 1846 1856 γὰρ
1872 1785 1961 1838 ἀεὶ

2071 1795 2168 1836 non
2205 1781 2498 1836 exsistente
2531 1783 2596 1836 ad
2633 1797 2755 1838 esse
2791 1785 3077 1839 traducens
3116 1803 3129 1838 :
3165 1796 3282 1838 erat
3317 1787 3461 1839 cnim
3497 1803 3637 1840 scun—

374 1874 473 1926 καὶ
507 1875 612 1944 πρὸ
637 1877 736 1945 τῆς
764 1873 1095 1945 σαρκώσεως
1135 1875 1164 1926 ὁ
1202 1871 1295 1926 τοῦ
1326 1872 1462 1926 Θεοῦ
1507 1874 1700 1942 Λόγος,
1730 1875 1823 1926 καὶ
1861 1875 1960 1927 οὐκ

372 1965 441 2017 ἄν
473 1981 560 2026 τις
590 1960 648 2016 εὖ
693 1963 907 2033 φρονῶν
941 1963 1002 2016 τὸ
1052 1983 1070 2014 ι
1103 1963 1358 2032 ἐποίησεν
1389 1981 1407 2013 ι
1457 1962 1646 2016 ἐνθάδε
1686 1961 1828 2014 κατὰ
1863 1963 1961 2031 τῆς

373 2055 564 2118 ούσίας
599 2055 850 2122 ἐκλάϐοι,
896 2055 983 2108 ἵνα
1025 2055 1103 2126 μὴ
1150 2054 1367 2107 ἀσεϐεῖν
1408 2053 1810 2122 ἀναγκάζηται·
1841 2053 1960 2106 τότε

375 2147 596 2218 πρῶτον
643 2147 819 2210 διδοὺς
865 2146 1106 2216 ὑπάρξαι
1151 2146 1243 2198 τὸν
1296 2144 1390 2198 τοῦ
1447 2144 1580 2198 Θεοῦ
1636 2140 1830 2213 Λόγον,
1873 2147 1960 2199 ὅτε

373 2239 602 2306 γέγονεν
649 2238 936 2309 ἄνθρωπος
957 2255 970 2268 °
1006 2238 1143 2291 ἀλλά
1174 2237 1234 2289 τὸ
1273 2257 1290 2288 ‹
1321 2237 1594 2306 ἐποίησεν,
1628 2255 1645 2289 ι
1679 2238 1800 2290 ἀντὶ
1841 2237 1959 2300 τοῦ,

376 2329 649 2394 ἀπέδειξε,
673 2330 912 2400 νοητέον.
939 2329 1093 2382 Οῦτω
1109 2331 1203 2382 καὶ
1231 2329 1390 2391 αὐτὸς
1417 2331 1443 2382 6
1472 2329 1672 2400 Πέτρος
1697 2331 1808 2391 τοῖς
1841 2330 1965 2381 ’1ου-

373 2422 548 2484 δαίοις
581 2423 1101 2493 προσδιαλεγόμενος
1134 2421 1400 2491 ἔφασκεν·
1442 2441 1458 2470 ι
1501 2419 1706 2491 Ἰησοῦν
1735 2419 1823 2472 τὸν
1851 2421 1962 2473 Nat-

374 2511 613 2583 ξωραῖον
661 2513 828 2584 ἄνδρα
890 2513 1342 2583 ἀποδεδειγμένον
1391 2513 1498 2566 ἀπὸ
1547 2511 1642 2565 τοῦ
1701 2513 1834 2565 Θεοῦ
1886 2516 1964 2576 εἰς

373 2607 524 2674 ὑμᾶς
548 2605 810 2676 δυνάμεσι
839 2607 933 2658 καὶ
957 2606 1149 2677 τέρασι
1176 2606 1272 2659 καὶ
1299 2605 1572 2676 σημείοις,
1605 2604 1786 2667 καθὼς
1810 2605 1965 2659 αὐτοὶ

373 2700 575 2752 οἴδατε.
605 2717 622 2748 ι
659 2698 868 2751 υύκοῦν
901 2698 988 2751 διὰ
1017 2697 1125 2749 τῶν
1169 2697 1345 2768 ἔργων
1371 2696 1630 2750 δεικνύων
1661 2697 1965 2767 ἐνυπάρχον

377 2790 528 2861 αύτῷ
565 2790 658 2843 τοῦ
705 2791 918 2860 Πατρὸς
965 2788 1026 2842 τὸ
1058 2788 1306 2858 ἀξίωμα,
1356 2786 1562 2857 Κύριος
1600 2786 1809 2854 γίνεται
1859 2784 1965 2836 τῶν

377 2883 785 2936 πιστευσάντων
836 2883 916 2943 εἰς
964 2881 1162 2933 αὐτόν·
1212 2879 1597 2934 ἀναδείκνυται
1649 2877 1707 2932 δὲ
1750 2877 1830 2930 ὅτι
1871 2875 1967 2928 καὶ

377 2974 542 3036 αὐτός
572 2975 720 3027 ἐστιν
747 2976 776 3027 6
810 2974 1060 3044 Χριστός.
1088 2972 1188 3026 Διά
1220 2971 1328 3041 γὰρ
1362 2971 1520 3024 τοῦτο
1550 2972 1662 3033 τοῖς
1697 2970 1968 3031 Ἰουδαίοις

377 3063 698 3117 ἀπειθοῦσιν
751 3063 941 3132 ἐλεγεο
983 3083 1000 3114 ι
1033 3062 1152 3116 Κᾶν
1187 3063 1312 3132 ἐμοὶ
1353 3063 1427 3132 μὴ
1479 3061 1811 3130 πιστεύητε,
1855 3064 1968 3122 τοῖς

379 3158 565 3230 ἔργοις
609 3173 709 3227 μου
744 3157 1072 3209 πιστεύσατε
1097 3195 1110 3218 ,
1154 3155 1241 3206 ’ίνα
1285 3153 1459 3220 γνῶτε
1507 3153 1590 3205 ὅτι
1626 3151 1736 3219 ἐγὼ
1783 3153 1839 3204 ὲν
1887 3151 1963 3220 τῷ

379 3249 588 3320 Πατρὶ,
621 3249 715 3301 καὶ
753 3249 781 3300 6
817 3248 1007 3317 Πατὴρ
1052 3250 1108 3298 ὲν
1143 3245 1299 3315 ἐμοί·
1332 3263 1350 3295 ι
1386 3244 1481 3297 καὶ
1512 3243 1706 3297 πάλιν·
1746 3262 1763 3294 ι
1798 3244 1859 3295 El
1902 3243 1962 3295 ού

380 3338 522 3392 ποιῶ
551 3337 618 3391 τὰ
657 3337 794 3408 ἔργα
819 3337 926 3389 τοῦ
961 3336 1176 3405 Πατρός
1222 3350 1346 3404 μου,
1379 3333 1454 3404 μὴ
1485 3333 1769 3386 πιστεύετέ
1803 3348 1911 3400 μοι.
1941 3350 1957 3381 ι

380 3431 447 3484 Et
477 3431 536 3484 δὲ
564 3429 652 3482 διὰ
697 3429 791 3481 τοῦ
829 3427 1090 3480 δύνασθαι
1124 3427 1297 3478 ποιεῖν
1337 3423 1406 3476 τά
1443 3423 1580 3492 ἔργα
1628 3422 1723 3475 τοῦ
1752 3421 1965 3494 Πατρὸς

383 3525 476 3577 καὶ
516 3523 660 3592 ἔχειν
707 3524 762 3574 ὲν
804 3518 983 3589 ὲαυτῷ
1016 3521 1106 3572 τὸν
1140 3519 1382 3590 Πατέρα,
1415 3513 1553 3569 εἷναί
1583 3533 1641 3568 τε
1675 3514 1874 3586 ὁμοίως
1909 3515 1966 3566 ὲν

385 3615 582 3686 Πατρὶ,
617 3613 748 3678 Θεὸς
775 3613 850 3666 ὢν
888 3611 1140 3681 ἀληθινὸς
1186 3609 1595 3668 ἀναδείκνυται,
1635 3607 1774 3660 κατὰ
1810 3606 1966 3658 τοῦτο

385 3707 576 3774 γέγονε
607 3706 716 3757 τῶν
748 3706 826 3766 ε’ἷς
873 3703 1033 3755 αὐτὸν
1072 3700 1482 3753 πιστευσάντων
1528 3697 1750 3768 Κύριος,
1794 3697 1965 3766 ἐφάνη

383 3799 444 3851 δὲ
487 3799 583 3850 καὶ
629 3797 792 3860 αὐτὸς
839 3795 914 3846 ὢν
945 3796 974 3846 ὁ
1003 3792 1268 3862 Χριστός’
1302 3793 1352 3845 εἰ
1394 3790 1452 3842 δὲ
1495 3789 1646 3860 ποιρά
1690 3787 1824 3839 Θεοῦ
1867 3790 1971 3838 πεο’

386 3889 648 3958 ποιῆσθαι
699 3886 905 3957 Κύριος
963 3884 1214 3952 λέγεται,
1266 3881 1554 3934 καὶτοῦτο
1602 3881 1715 3949 ἔχει
1766 3878 1964 3940 καλῶς.

399 3979 927 4048 Ἐπιγινωσκόμενος
960 3976 1069 4046 γὰρ
1095 3975 1184 4030 διὰ
1205 3976 1313 4029 τῶν
1343 3973 1520 4044 ἔργων
1544 3972 1764 4042 γνήσιόν
1792 3989 1849 4024 τε
1877 3971 1970 4023 καὶ

387 4070 640 4139 ἀληθινὸν
689 4068 782 4120 τοῦ
837 4065 974 4120 Θεοῦ
1025 4067 1306 4136 γέννημα,
1355 4063 1598 4134 κυριεύει
1653 4062 1762 4114 τῶν
1815 4063 1970 4114 ἀπει-

388 4161 627 4214 θούντων
675 4160 875 4222 πάλαι,
923 4158 1002 4228 τῷ
1050 4174 1108 4210 τε
1139 4157 1322 4227 οἰκείῳ
1355 4155 1624 4226 ἀξιώματι
1673 4155 1767 4206 καὶ
1807 4155 1872 4224 τῇ
1908 4155 1971 4206 ἐκ

391 4252 604 4324 Πατρὸς
643 4251 891 4321 εὐγενείᾳ
940 4249 1383 4320 μαρτυρούμενος
1435 4246 1510 4310 ὡς
1560 4245 1712 4308 Θεός.
1754 4244 1970 4314 Ἐπειδὴ

390 4347 499 4416 γὰρ
544 4345 679 4407 ὅλως
713 4342 959 4411 ἐγνώσθη
997 4341 1130 4395 Θεοῦ
1180 4340 1438 4409 ὑπάρχων
1473 4337 1620 4400 Υἱὸς,
1657 4335 1845 4403 γέγονε
1878 4334 1973 4387 καὶ

394 4437 617 4506 Κύριος,
643 4437 705 4488 ού
738 4435 860 4488 τότε
892 4433 1110 4504 πρῶτον
1144 4432 1238 4484 τοῦ
1265 4427 1401 4483 εἶναι
1433 4429 1636 4499 Κύριος
1669 4425 1972 4495 ἀρξάμενος
2007 4470 2050 4524 D

395 4521 482 4599 (ἦν
511 4529 618 4598 γὰρ
644 4529 729 4580 ἀεὶ
754 4527 848 4580 καὶ
875 4527 1008 4588 Θεὸς
1038 4527 1133 4578 καὶ
1157 4524 1403 4594 Κύριος),
1432 4521 1543 4574 ἀλλ’
1566 4521 1654 4572 ὅτε
1683 4519 1834 4587 παρὰ
1863 4518 1975 4578 τοῖς

393 4619 817 4674 πεπιστευκόσιν
845 4617 1116 4689 ἐγνώσθη,
1141 4617 1260 4668 τότε
1289 4613 1526 4682 γεγονὼς
1552 4612 1647 4665 καὶ
1673 4612 1756 4662 ἐπ’
1781 4610 1974 4670 αὐτοὺς

395 4712 623 4781 Κύριος.

408 4802 729 4867 Ἀπόδειξις
771 4800 889 4856 ἀπὸ
935 4801 1044 4867 τῆς
1083 4800 1246 4863 θείας
1280 4799 1546 4868 Γρίιερῆς,
1595 4798 1682 4851 ὅτι
1717 4802 1750 4852 ὀ
1789 4798 1976 4868 Λόγος

731 4871 810 4939 ἦν
837 4871 927 4925 ἀεὶ
962 4873 1175 4938 Κύριος
1204 4871 1299 4922 καὶ
1326 4870 1660 4934 βασιλεύω

495 4989 538 5039 0
593 4985 846 5056 ’Δϐραάμ
907 4984 1070 5038 αὑτὸν
1121 4983 1482 5056 προσεκύνει,
1521 4983 1725 5054 Κύριον
1769 4986 1976 5038 ἀποκα·

397 5077 526 5131 λῶν.
561 5076 624 5130 ’0
656 5078 861 5147 Μωσῆς
904 5075 1105 5145 ὁμοίως
1139 5075 1304 5144 φησί’
1342 5096 1359 5126 ι
1391 5077 1498 5128 Καὶ
1544 5075 1750 5146 Κύριος
1791 5075 1978 5146 ἔϐρεξε

399 5167 554 5239 παρά
600 5168 807 5238 Κυρίου
857 5168 968 5232 πῦρ
1019 5167 1113 5220 καὶ
1160 5167 1301 5221 θεῖον
1347 5169 1439 5219 ἐπὶ
1485 5167 1694 5236 Σόδομα
1741 5169 1834 5220 καὶ
1879 5167 1975 5218 Γό-

402 5262 601 5332 μορρα.
629 5279 647 5310 ι
693 5261 752 5313 '0
779 5259 1082 5330 Ψαλμῳδὸς
1128 5259 1318 5313 πάλινο
1360 5278 1378 5310 ι
1414 5257 1577 5314 Εἶπεν
1606 5263 1634 5313 6
1668 5261 1870 5332 Κύριος
1900 5262 1978 5332 τῷ

400 5352 592 5423 Κυρίῳ
624 5368 755 5423 μου·
786 5350 970 5406 Κάθου
998 5353 1062 5404 ὲκ
1092 5351 1282 5417 δεξιῶν
1314 5368 1437 5422 μου.
1465 5370 1482 5403 ι
1517 5352 1628 5406 Καὶ
1652 5352 1810 5407 πάλιν
1832 5369 1844 5383 ·
1880 5371 1898 5403 ι
1922 5356 1978 5406 Ὀ

402 5439 590 5509 θρόνος
624 5457 740 5504 σου,
769 5440 797 5491 6
830 5439 980 5504 Θεὸς,
1028 5441 1108 5502 είς
1147 5440 1238 5493 τὸν
1282 5439 1452 5492 αἰῶνα
1493 5440 1587 5492 τοῦ
1632 5440 1846 5503 αἰῶνος.
1880 5440 1979 5493 Διὰ

403 5530 560 5583 τοῦτο
606 5529 793 5600 ἐχρισέ
828 5547 888 5582 σε
913 5546 927 5561 ο
979 5530 1172 5593 ῥάϐδος
1227 5529 1519 5602 εὐθύτητος
1557 5533 1590 5602 ἡ
1643 5531 1836 5602 ῥάϐδος
1877 5530 1976 5600 τῆς

481 5685 524 5718 ⁸⁸
558 5683 680 5740 Act.
725 5701 785 5749 ll,
813 5685 902 5738 Ἡ.
979 5685 1096 5718 ί⁶·⁶⁷
1139 5685 1294 5743 Joan.
1335 5704 1389 5742 ι.
1425 5689 1511 5742 '58.

409 5758 453 5789 "
496 5756 638 5812 Psal.
677 5771 818 5822 λων,
847 5755 900 5821 7,
928 5755 978 5810 8.

1593 5688 1790 5742 “ibid.
1836 5689 1924 5742 57.
2005 5690 2046 5716 ⁸⁷

2064 1887 2178 1942 per,
2211 1873 2375 1926 etiam
2410 1885 2537 1928 ante
2570 1873 2997 1929 incarnationem
3034 1875 3126 1930 Dei
3161 1875 3426 1936 Verbum,
3464 1893 3637 1946 tit-quc.

2063 1965 2346 2032 quisquam
2382 1975 2526 2020 recte
2555 1966 2802 2020 sentiens
2831 1967 3055 2021 verbum
3091 1968 3242 2031 illud,
3279 1986 3296 2018 ι
3336 1968 3482 2034 fecit,
3520 1987 3538 2018 ι
3571 1986 3638 2021 eu

2063 2053 2180 2108 loco
2215 2055 2280 2110 de
2315 2057 2547 2110 essentia
2583 2057 2747 2128 216
2779 2059 3188 2127 interpretetur,
3222 2074 3289 2114 ne
3323 2059 3545 2128 impium
3581 2075 3640 2116 se

2063 2145 2301 2200 declaret
2321 2185 2337 2212 ,
2362 2147 2454 2217 qui
2486 2158 2595 2201 tum
2624 2150 2856 2218 primum
2883 2149 3116 2204 Verbum
3144 2151 3238 2204 Dei
3267 2167 3386 2206 esse
3409 2154 3640 2222 coepisse

2064 2238 2244 2301 dicat,
2275 2240 2494 2308 quando
2541 2238 2746 2294 factum
2778 2249 2860 2295 est
2906 2241 3066 2296 homo
3098 2261 3110 2296 :
3145 2243 3240 2296 sed
3278 2261 3296 2294 ι
3334 2242 3461 2296 fecit
3494 2261 3513 2294 ι
3547 2257 3641 2296 ac-

2064 2331 2370 2398 cipiendum
2412 2341 2498 2386 est
2546 2348 2642 2401 pro
2689 2333 3006 2400 declaravit,
3048 2334 3130 2388 vel
3171 2337 3426 2390 ostendit.
3471 2335 3542 2389 Ita
3587 2345 3642 2390 et

2064 2419 2256 2476 Petrus
2287 2437 2408 2476 cum
2438 2423 2639 2478 Judaeis
2671 2425 2945 2479 disserens
2976 2426 3108 2479 dixit
3142 2445 3155 2479 :
3195 2445 3213 2477 ι
3249 2426 3432 2481 Jesttm
3465 2426 3640 2481 Naza-

2066 2529 2284 2579 renum,
2317 2516 2407 2584 qui
2445 2516 2749 2570 declaratus
2782 2527 2866 2572 est
2896 2518 2976 2571 vir
3003 2533 3031 2570 a
3071 2518 3179 2572 Deo
3216 2519 3268 2572 in
3302 2535 3396 2573 vos
3428 2521 3642 2573 virtuti-

2067 2604 2186 2667 hus,
2221 2616 2272 2658 et
2308 2608 2586 2676 prodigiis,
2622 2609 2853 2676 etsignis
2886 2625 3006 2678 quze
3041 2609 3188 2676 fecit,
3222 2611 3364 2664 sicut
3400 2611 3498 2680 ipsi
3533 2613 3644 2668 scio

2068 2697 2220 2750 tis”.
2255 2716 2272 2746 ›
2308 2698 2570 2762 Quocirca
2601 2715 2721 2751 cum
2753 2714 2845 2768 per
2871 2715 3030 2769 opera
3059 2702 3294 2755 ostendit
3323 2702 3640 2771 dignitatem

2068 2787 2244 2842 Patris
2283 2791 2383 2844 sibi
2427 2793 2873 2857 iuexsisteutem,
2913 2792 3172 2846 Dominus
3212 2795 3268 2846 lit
3309 2794 3642 2848 credentium

2070 2881 2122 2934 iu
2156 2881 2327 2948 ipsum
2359 2900 2370 2935 :
2401 2884 2702 2936 ostenditur
2728 2899 2858 2937 vero
2887 2887 3026 2951 qttod
3059 2886 3170 2952 ipse
3198 2886 3360 2938 etiam
3389 2886 3459 2939 sit
3483 2885 3644 2939 Chri-

2069 2983 2202 3025 stus.
2231 2970 2363 3024 Nam
2394 2973 2595 3028 idcirco
2621 2973 2819 3029 Judzcis
2845 2977 3136 3030 incredulis
3162 2977 3336 3031 dixit:
3369 2996 3387 3028 ι
3422 2977 3642 3032 Etiamsi

2072 3065 2200 3116 mihi
2235 3081 2336 3118 non
2370 3067 2627 3130 credatis,
2657 3069 2908 3135 operibus
2939 3068 3072 3122 meis
3103 3069 3328 3135 credite,
3359 3078 3416 3123 ut
3445 3083 3646 3140 cogno-

2072 3156 2236 3207 scatis
2265 3157 2389 3222 quia
2418 3172 2514 3224 ego
2546 3157 2596 3209 in
2631 3157 2805 3218 Patre,
2831 3168 2885 3211 et
2913 3159 3140 3212 Pateriu
3163 3175 3247 3214 me
3275 3171 3357 3215 est
3380 3161 3494 3192 “'6'
3513 3180 3527 3228 ;
3549 3181 3566 3214 ‹
3592 3174 3646 3218 et

2074 3263 2284 3301 rursum
2322 3269 2334 3302 :
2377 3268 2395 3298 ι
2436 3249 2492 3300 Si
2529 3264 2627 3314 ego
2662 3265 2764 3302 non
2800 3248 2940 3305 facio
2971 3268 3134 3321 opera
3173 3251 3344 3307 Patris
3379 3256 3504 3322 mei,
3539 3273 3643 3310 non

2073 3337 2307 3390 credatis
2338 3340 2466 3391 mihi
2490 3338 2554 3392 ⁸⁸.
2593 3358 2610 3390 ι
2647 3339 2700 3392 Si
2736 3355 2884 3410 ergo,
2915 3341 3038 3409 quia
3071 3351 3246 3410 potest
3279 3342 3455 3398 facere
3480 3327 3642 3413 opera

2076 3428 2270 3488 Patris.
2299 3441 2352 3482 et
2382 3430 2503 3496 quia
2536 3429 2694 3482 habet
2723 3431 2773 3483 iu
2807 3447 2864 3484 se
2896 3431 3128 3494 Patrem,
3162 3434 3379 3503 ipseque
3407 3435 3644 3491 vicissim

2073 3527 2156 3571 est
2191 3521 2241 3572 in
2281 3519 2469 3585 Patre,
2503 3537 2664 3574 verus
2704 3525 2840 3576 Deus
2874 3538 2994 3578 esse
3028 3525 3333 3579 declaratur
3370 3545 3382 3578 :
3423 3529 3524 3582 hac
3557 3544 3644 3583 ra-

2078 3609 2220 3663 tione
2255 3611 2426 3664 factus
2457 3621 2538 3665 est
2573 3612 2826 3665 Dominus
2859 3615 3190 3668 credentium
3229 3619 3278 3669 iu
3316 3618 3519 3685 ipsum,
3552 3621 3644 3672 dc-

2075 3701 2418 3770 claratusque
2453 3711 2534 3755 est
2568 3704 2729 3755 etiam
2770 3705 2883 3771 ipse
2919 3720 3036 3758 esse
3069 3705 3346 3773 Christus;
3381 3711 3425 3763 si
3459 3724 3585 3764 vero
3620 3730 3646 3761 ιι

2080 3791 2186 3845 Deo
2231 3792 2402 3846 factus
2444 3809 2564 3847 esse
2605 3787 2860 3848 Dominus
2900 3795 3118 3860 dicitur,
3159 3799 3320 3852 etiam
3363 3799 3465 3852 hoc
3503 3814 3651 3854 recte

2079 3883 2262 3938 habet.
2293 3883 2550 3953 Cognitus
2585 3886 2728 3937 enim
2766 3899 2861 3952 per
2889 3899 3051 3954 opera
3087 3901 3205 3940 esse
3241 3903 3398 3942 verus
3438 3890 3526 3943 Dei
3563 3891 3650 3944 γε.

2079 3973 2203 4034 ltus,
2245 3973 2551 4026 dominatur
2588 3974 2638 4025 in
2683 3989 2777 4027 eos
2817 3975 2908 4043 qui
2952 3975 3078 4027 olim
3128 3993 3230 4029 nou
3276 3978 3645 4041 crediderunt,

2079 4066 2294 4134 propria
2327 4079 2421 4118 sua
2454 4063 2743 4134 dignitate,
2772 4075 2824 4118 et
2858 4065 3031 4118 Patris
3060 4064 3336 4120 nobilitate
3368 4067 3466 4136 ipsi
3498 4071 3650 4121 testi-

2081 4157 2318 4209 monium
2357 4156 2671 4223 perhibente
2706 4169 2760 4209 ut
2797 4157 2922 4210 Deo.
2954 4156 3087 4211 Cum
3125 4158 3268 4210 enim
3305 4159 3524 4212 omnino
3559 4176 3650 4212 cu-

2080 4250 2259 4316 gnitus
2307 4250 2378 4302 sit
2425 4262 2545 4302 esse
2592 4247 2758 4302 Filius
2803 4249 2926 4313 Dei,
2994 4247 3166 4301 factus
3212 4249 3372 4303 etiam
3419 4260 3502 4304 est
3551 4251 3653 4304 ltu-

2082 4343 2257 4394 minus
2295 4357 2307 4394 :
2346 4357 2448 4394 non
2486 4340 2627 4409 quod
2670 4349 2794 4394 tunc
2838 4341 3068 4410 primum
3104 4341 3400 4396 exsisteudi
3439 4341 3650 4395 initium

2080 4433 2347 4501 acceperit
2383 4444 2621 4502 (seraper
2649 4433 2792 4486 enim
2826 4443 2944 4486 erat
2976 4444 3025 4487 et
3067 4433 3225 4498 Deus,
3258 4444 3313 4486 et
3348 4435 3650 4503 Dominus).

2081 4527 2173 4578 sed
2211 4525 2428 4594 quando
2462 4539 2490 4577 a
2524 4525 2869 4579 credentibus
2903 4526 3152 4594 cognitus
3185 4534 3300 4588 est,
3334 4535 3444 4579 tum
3480 4524 3653 4580 factus

2081 4631 2162 4684 est
2195 4620 2274 4671 eis
2307 4619 2582 4670 Dominus.

2085 4796 2474 4848 Deummtmtio
2505 4811 2569 4847 ex
2601 4811 2752 4846 sacra
2785 4794 3080 4862 Scriptura.
3116 4795 3252 4862 quod
3286 4794 3506 4848 Verbum
3541 4807 3652 4849 erat

2512 4881 2709 4932 semper
2741 4865 2993 4918 Dominus
3028 4877 3073 4917 et
3112 4880 3219 4917 rex.

2156 4982 2426 5034 Abraham
2461 4981 2634 5048 ipsum
2671 4979 2951 5039 adorabat,
2975 4976 3260 5030 Dominum
3293 4974 3652 5044 appellans“.

2088 5071 2261 5124 Moses
2293 5071 2543 5123 similiter
2577 5085 2588 5120 :
2615 5089 2631 5114 ε
2663 5067 2722 5120 Et
2747 5064 3653 5132 DomiuuSpluitaDominoignem,

2085 5175 2138 5216 et
2162 5164 2385 5230 sulphur
2409 5177 2570 5226 super
2593 5159 2880 5211 Sodomam
2905 5167 2957 5211 et
2980 5157 3337 5211 Gomorrlmtn
3358 5155 3423 5208 '°.
3459 5175 3476 5206 ι
3507 5154 3654 5210 Psal-

2087 5256 2244 5306 mista
2281 5251 2442 5302 etiam
2480 5267 2494 5301 :
2533 5267 2552 5298 ι
2591 5248 2736 5300 Dixit
2770 5248 3021 5300 Dominus
3059 5245 3283 5297 Domino
3317 5261 3434 5298 meo
3466 5262 3480 5298 :
3516 5243 3656 5299 Sede.

2087 5358 2115 5395 a
2161 5342 2367 5395 dextris
2410 5340 2630 5392 meis“.
2685 5357 2703 5386 ›
2751 5337 2814 5388 Et
2855 5351 3042 5390 rursus
3085 5354 3098 5390 :
3147 5353 3165 5387 ι
3217 5337 3420 5390 Solium
3468 5346 3654 5400 tuum,

2088 5434 2245 5492 Deus,
2275 5432 2327 5484 iu
2360 5430 2614 5484 sacculum
2644 5428 2844 5483 saeculi.
2872 5428 3160 5495 Propterea
3198 5428 3351 5481 uttxit
3381 5437 3432 5482 te
3463 5449 3474 5482 :
3505 5426 3655 5495 virga

2087 5526 2444 5587 rectitudinis,
2463 5523 2608 5592 virga
2631 5523 2776 5593 regni
2797 5521 2871 5574 tui
2889 5523 2953 5574 7’.
2987 5539 3003 5570 ι
3030 5520 3093 5574 Et
3115 5535 3339 5575 rursus:
3365 5540 3382 5570 ι
3409 5518 3653 5591 Regnum

2085 5687 2221 5741 Gen.
2257 5701 2363 5739 xvu
2394 5683 2553 5754 2,;5.
2629 5682 2674 5712 ⁷ο
2704 5679 2839 5735 Gen.
2875 5695 2987 5746 xix,
3012 5679 3105 5734 24.
3185 5682 3226 5713 ⁷¹
3262 5678 3408 5735 Psal.
3442 5692 3550 5742 cu,
3594 5675 3648 5729 I.
