4124 6562
429 339 524 396 567

1411 338 1466 392 S.
1511 334 1785 391 CYRILLI
1827 329 2301 388 ALEXANDRINI
2338 329 2662 408 ARCIIIEI‘.

3578 337 3685 392 368

426 471 606 522 mum,
656 469 878 528 regnum
925 453 1164 510 omnium
1213 453 1526 508 saeculorum
1558 453 1625 508 ⁷³.
1684 472 1702 504 ι
1753 452 1810 506 Si
1865 465 1991 522 ergo

2110 448 2373 512 Βασιλείας
2405 466 2520 502 σου.
2553 467 2570 499 ι
2608 447 2717 501 Καὶ
2750 447 2942 501 πάλιν·
2982 467 3000 498 ι
3045 448 3106 501 ἸΙ
3144 448 3388 518 βασιλεία
3425 469 3541 518 σου,
3584 455 3686 523 βα-

427 547 584 600 etiam
626 557 751 602 ante
791 544 1223 601 incarnationem
1254 543 1489 599 Verbum
1530 543 1621 598 Dei
1659 551 1778 598 erat
1813 557 1907 597 rex
1943 550 1997 596 et

427 635 717 700 Dominus,
755 633 1027 704 quomodo
1068 648 1172 688 non
1218 633 1264 688 is
1308 632 1656 702 blasphemus
1696 631 1998 688 censendus

425 728 493 780 sit
532 727 623 797 qui
658 725 858 782 factum
889 740 1012 783 esse
1051 725 1119 781 de
1174 725 1411 781 essentia
1445 724 1866 796 interpretetur?
1895 723 1994 779 Fa-

425 831 541 874 ctus
565 822 710 875 enim
741 829 825 875 est
849 823 1034 874 noster
1057 818 1347 885 Dominus,
1380 834 1503 872 cum
1535 817 1682 872 illum
1712 816 1876 872 talem
1903 831 1997 871 co-

425 914 732 983 gnovimus,
752 911 993 981 quando,
1024 909 1278 967 omnibus
1307 910 1464 966 nobis
1492 908 1751 981 sanguine
1779 923 1880 964 suo
1910 923 1998 962 re-

424 1004 679 1074 demptis,
707 1003 1015 1059 declaratus
1041 1012 1127 1060 est
1155 1002 1404 1058 Christus
1431 1010 1486 1057 et
1518 1000 1796 1056 Dominus.

549 1201 712 1273 217
745 1200 895 1258 Idem
923 1201 1103 1270 aliter,
1133 1202 1368 1272 exemplo
1399 1221 1431 1258 a
1462 1204 1611 1258 nobis
1637 1214 1865 1274 sumpto.

497 1379 555 1436 Si
597 1379 665 1434 de
708 1379 924 1434 homine
963 1377 1143 1448 aliquo
1184 1379 1453 1434 diceretur
1493 1377 1734 1433 :Factus
1775 1388 1858 1434 est
1900 1381 2001 1437 iste

428 1469 590 1539 hujus
609 1470 969 1540 possessionis
1001 1469 1252 1523 dominus
1287 1487 1303 1524 :
1337 1468 1461 1538 quis
1489 1468 1624 1523 adeo
1647 1468 1851 1524 delirus
1880 1469 1999 1525 fue~

428 1562 518 1628 rit,
548 1571 604 1614 ut
632 1570 742 1614 tum
770 1559 1130 1615 substantiam
1161 1558 1303 1613 illius
1330 1558 1527 1614 factam
1555 1573 1677 1615 esse
1704 1559 1999 1626 existimet,

427 1652 643 1723 quando
672 1650 980 1705 declaratus
1008 1657 1091 1705 est
1118 1649 1348 1720 alicujus
1379 1651 1455 1704 rei
1485 1651 1773 1705 dominus?
1802 1650 2002 1707 Factus

2101 538 2275 592 σιλεία
2305 538 2521 592 πάντων
2550 536 2658 591 τῶν
2686 537 2917 592 αἰώνων.
2945 558 2961 590 ι
3005 540 3065 592 Εἰ
3111 540 3290 594 τοίνυν
3327 543 3423 596 καὶ
3451 543 3557 613 πρὸ
3585 547 3686 616 τῆς

2102 629 2432 702 σαρκώσεως
2476 629 2730 700 βασιλεὺς
2775 646 2835 682 τε
2878 630 2972 683 καὶ
3011 630 3214 701 Κύριος
3245 628 3313 703 ἦν
3347 633 3376 686 6
3413 630 3512 688 τοῦ
3545 634 3686 688 Θεοῦ

2100 724 2302 794 Λόγος,
2342 721 2458 787 πῶς
2490 722 2590 776 οὐκ
2619 723 2683 778 ἄν
2724 739 2808 786 τις
2845 722 3028 794 ἔνοχος
3066 725 3150 795 εἴη
3191 727 3303 789 τοῖς
3342 728 3442 797 τῆς
3479 726 3687 798 δυσφηο

2103 817 2231 888 μίας
2261 817 2599 888 ἐγκλήμασι,
2636 815 2778 869 κατά
2815 815 2913 886 τῆς
2956 815 3145 880 οὐσίας
3187 816 3352 872 αὐτοῦ
3393 818 3575 890 φέρων
3621 819 3689 874 τὸ

2101 907 2470 978 πεποιῆσθαις
2499 905 2694 974 Γέγονε
2728 905 2839 975 γὰρ
2881 906 3040 976 ἡμῶν
3069 905 3271 977 Κύριος
3305 908 3414 962 τῶν
3442 910 3686 977 ἐπεγνω-

2101 999 2276 1053 κότων
2318 998 2410 1052 τὸν
2445 997 2654 1052 ἑαυτῶν
2685 996 2986 1068 Δεσπότην,
3021 1000 3110 1052 ὅτε
3153 997 3232 1070 τῷ
3271 999 3456 1070 οἰκείῳ
3491 1000 3685 1070 αἵματι

2102 1092 2310 1155 πάντας
2341 1090 2638 1162 ἀγοράσας,
2662 1089 2943 1162 ἀνεδείχθη
2975 1091 3208 1162 Χριστὸς
3236 1093 3332 1146 καὶ
3365 1092 3588 1164 Κύριος.

2105 1201 2340 1265 Ἄλλως
2399 1200 2468 1252 τὸ
2513 1199 2690 1263 αὐτὸ,
2737 1199 2970 1273 ῥκῄςῶν
3026 1201 3154 1256 καθ’
3211 1200 3370 1272 ἡμᾶς
3423 1204 3570 1273 ἕχον
3621 1205 3687 1258 τὸ

2721 1269 3072 1340 ὑπόδειγμα.

2186 1378 2250 1432 El
2299 1379 2386 1432 ἐπ’
2431 1378 2724 1451 ἀνθρώπου
2781 1380 2996 1448 λέγοιτο
3057 1383 3257 1454 τυχόν⁸
3307 1385 3537 1454 Γέγονεν
3597 1387 3683 1442 ὅδε

2103 1470 2259 1525 τοῦδε
2291 1471 2387 1524 τοῦ
2437 1473 2718 1543 κτήματος
2763 1473 2984 1543 κύριος,
3029 1475 3111 1538 τίς
3150 1475 3326 1542 οὕτως
3360 1478 3427 1532 ἂν
3464 1481 3552 1550 εἴη
3586 1479 3686 1551 λη-

2108 1561 2234 1631 ρῶν,
2265 1562 2341 1625 ὡς
2367 1562 2488 1615 τότε
2518 1563 2616 1632 τὴν
2641 1563 2830 1617 οὐσίαν
2856 1564 3022 1618 αὐτοῦ
3057 1567 3389 1639 πεποιῆσθαι
3423 1569 3685 1641 νομίζειν,

2103 1653 2193 1706 ὅτε
2223 1654 2318 1707 καὶ
2347 1653 2535 1724 κύριος
2564 1655 2781 1727 ἐδείχθη
2812 1656 2994 1720 τινός;
3036 1657 3236 1726 Γέγονε
3263 1659 3374 1732 γὰρ
3401 1662 3501 1715 οὐκ
3529 1661 3687 1728 αὐτὸς

425 1745 568 1799 enim
604 1752 689 1798 est
727 1757 832 1797 non
871 1743 1014 1811 quod
1059 1751 1172 1796 tum
1217 1740 1514 1796 exsistendi
1555 1741 1770 1796 initium
1813 1753 2004 1799 nactus

2110 1743 2184 1806 είς
2213 1743 2472 1799 σύστασιν
2494 1744 2588 1799 τοῦ
2615 1741 2756 1800 εἶναι
2781 1747 2900 1800 τότε
2932 1749 3231 1819 προελθὼν,
3263 1751 3377 1805 ἀλλ’
3401 1750 3490 1822 ὑφ’
3511 1754 3690 1825 ἑαυτῷ

427 1838 518 1902 sit,
546 1836 638 1890 sed
666 1833 811 1904 quod
843 1805 1046 1904 aliquid
1078 1832 1130 1887 in
1163 1847 1316 1888 suam
1350 1842 1673 1902 potestatem
1707 1833 2001 1889 reduxerit.

2110 1805 2176 1888 τι
2200 1835 2589 1906 ποιησάμενος.
2639 1834 2798 1890 Οὕτω
2845 1855 2936 1908 μοι
2979 1805 3096 1893 νόει
3147 1805 3244 1895 καί.
3286 1843 3380 1895 ἐπὶ

426 1928 502 1982 Ita
540 1928 704 1983 etiam
745 1927 812 1981 de
847 1925 1065 1982 Christo
1099 1925 1445 1996 cogitandum
1485 1933 1587 1981 est.
1627 1924 2005 1982 Servicbamus

425 2020 554 2073 olim
593 2017 743 2072 falsis
776 2016 902 2081 diis,
937 2025 994 2072 et
1027 2015 1364 2085 corruptioui
1400 2015 1621 2070 obnoxii
1659 2030 1913 2082 eramus;
1950 2027 2007 2071 at

430 2110 520 2165 Dei
541 2106 777 2162 Verbum
804 2121 872 2162 ex
898 2105 1236 2176 beneplacilo
1261 2104 1440 2161 Patris
1469 2104 1669 2160 factum
1700 2115 1784 2161 est
1812 2107 2002 2173 homo,

429 2208 487 2256 ut
525 2200 683 2255 nobis
712 2198 780 2253 ab
811 2210 999 2253 errore
1034 2197 1282 2252 abductis
1317 2195 1414 2250 ﬁat
1447 2196 1686 2251 omnium
1724 2195 2002 2251 Dominus.

431 2290 596 2347 Unxit
627 2304 754 2344 vero
784 2289 958 2359 ipsum
991 2286 1173 2352 Pater,
1206 2297 1261 2343 ut
1295 2303 1391 2359 per
1418 2289 1594 2358 ipsum
1627 2288 1705 2342 vis
1739 2303 1803 2343 ac
1834 2291 2008 2342 virtus

429 2383 684 2464 tangentis
725 2383 889 2437 etiam
935 2381 988 2435 in
1035 2396 1135 2436 nos
1177 2381 1507 2449 perveniret.
1552 2377 1686 2433 Nam
1733 2381 1788 2433 in
1833 2380 2008 2448 primo

426 2475 643 2529 Christo
674 2485 881 2528 natura:
913 2481 1113 2528 nostrae
1144 2472 1282 2527 bona
1315 2472 1615 2526 instaurata
1643 2481 1790 2538 sunt,
1823 2470 2007 2526 factas-

427 2581 533 2635 que
559 2574 683 2621 sunt
707 2564 862 2620 nobis
891 2563 1145 2634 primitite
1172 2563 1480 2617 divinorum
1512 2564 1778 2617 donorum
1811 2563 1863 2616 in
1895 2562 2009 2633 ipso

427 2670 483 2715 et
518 2675 614 2730 per
643 2660 851 2729 ipsum,
882 2667 942 2713 ut
980 2658 1032 2712 in
1075 2657 1294 2713 homine
1323 2669 1379 2712 et
1413 2672 1444 2712 a
1485 2656 1594 2713 Deo
1625 2673 1640 2711 :
1676 2656 1819 2712 Deus
1864 2655 2010 2711 enim

428 2762 548 2808 erat
575 2753 629 2808 in
659 2766 846 2808 carne.

1037 2859 1186 2915 Idem
1218 2859 1396 2915 aliter.

497 2980 696 3036 Beatus
731 2976 896 3032 David
933 2975 1128 3030 alicubi
1171 2977 1244 3030 ita
1287 2974 1465 3044 psallit
1506 2991 1521 3028 :
1562 2992 1582 3027 ι
1623 2973 1752 3030 Fias
1787 2975 1917 3031 mihi
1957 2975 2010 3030 in

2119 1921 2500 1993 Ἐδουλεύομεν
2530 1923 2699 1978 πάλαι
2731 1927 2845 1990 τοῖς
2881 1928 2957 1998 μὴ
2986 1924 3106 1982 οὖσι
3145 1928 3318 1994 θεοῖς’
3352 1932 3690 2004 ὑπεκείμεθα

2105 2015 2172 2085 τῇ
2213 2015 2421 2085 φθορᾷ·
2455 2014 2609 2069 ἀλλὰ·
2637 2016 2862 2085 γέγονεν
2904 2018 3192 2090 ἄνθρωπος
3219 2023 3248 2074 ὁ
3282 2022 3376 2076 τοῦ
3415 2022 3548 2078 Θεοῦ
3587 2027 3688 2079 Λό-

2107 2121 2201 2174 γος
2234 2106 2624 2176 εὐδοκήσαντος
2649 2107 2744 2162 τοῦ
2778 2110 3012 2182 Πατρὸς,
3049 2113 3138 2168 ἵνα
3172 2114 3271 2185 τῆς
3303 2115 3511 2186 πλάνης
3543 2120 3690 2189 ἡμᾶς

2108 2196 2427 2262 ἀπαλλάξας
2467 2199 2694 2270 γένηται
2736 2200 2954 2256 πάντων
2987 2202 3212 2272 Κύριος.
3241 2205 3463 2278 Ἔχρισε
3489 2208 3546 2262 δὲ
3587 2211 3687 2262 σὺ·

2106 2283 2200 2340 τὸν
2229 2289 2257 2340 6
2289 2287 2502 2358 Πατὴρ,
2547 2289 2635 2342 ἵνα
2680 2289 2750 2342 δι’
2786 2289 2949 2345 αὐτοῦ
2991 2291 3174 2364 φθάσῃ
3215 2294 3311 2348 καὶ
3354 2296 3435 2358 εἰς
3473 2297 3618 2367 ἡμᾶς
3656 2300 3691 2368 ή

2107 2377 2204 2430 τοῦ
2234 2377 2520 2448 χρίσαντος
2543 2379 2792 2451 δύναμις.
2815 2381 3012 2450 Γέγονε
3035 2383 3142 2455 γάρ
3163 2385 3220 2439 ὲν
3245 2387 3446 2461 πρώτῳ
3470 2389 3693 2461 Χριστῷ

2109 2468 2180 2522 τὰ
2224 2469 2324 2540 τῆς
2367 2467 2582 2538 φύσεως
2607 2471 2762 2541 ἡμῶν
2793 2471 2997 2541 ἀγαθὰ,
3027 2475 3122 2529 καὶ
3147 2477 3374 2548 ἀπαρχὴ
3400 2478 3509 2532 τῶν
3533 2479 3694 2534 θείων

2111 2561 2242 2630 ἡμῖν
2265 2562 2621 2632 χαρισμάτων
2644 2563 2702 2616 ὲν
2730 2561 2878 2633 αὐτῷ
2912 2565 3004 2618 καὶ
3029 2565 3096 2618 δι’
3128 2566 3293 2621 αὐτοῦ
3320 2569 3396 2634 ώς
3421 2568 3697 2643 ἀνθρώπῳ

2112 2652 2208 2705 καὶ
2243 2653 2394 2724 παρά
2425 2653 2595 2707 Θεοῦο
2626 2654 2760 2719 Θεὸς
2792 2657 2900 2728 γάρ
2929 2653 2995 2729 ἦν
3024 2659 3083 2712 ὲν
3118 2663 3304 2730 σαρκί.

2640 2854 2868 2920 Ἄλλως
2905 2858 2971 2909 τὸ
3008 2858 3177 2911 αὑτό.

2183 2964 2392 3019 manu
2429 2979 2534 3018 που
2571 2964 2664 3017 καί
2704 2982 2873 3036 φησιν
2914 2967 2943 3020 6
2996 2967 3269 3038 μακάριος
3312 2971 3510 3026 Δαϐίδο
3550 2992 3568 3024 ι
3599 2974 3698 3027 Γει-

430 3074 597 3130 Deutn
631 3077 988 3142 protectorem
1012 3069 1136 3132 τις»
1162 3078 1217 3123 et
1252 3082 1466 3122 rursum
1503 3084 1518 3122 :
1558 3084 1578 3120 ι
1617 3067 1686 3122 Ει
1724 3068 1903 3124 factus
1927 3077 2008 3124 est

2115 3057 2208 3112 νοῦ
2250 3074 2342 3129 μοι
2373 3058 2454 3121 εἰς
2479 3056 2612 3112 Θεὸν
2639 3057 3055 3129 ὕπερασπιστήν
3080 3075 3093 3090 ο
3125 3078 3144 3112 ι
3178 3062 3273 3114 καὶ
3308 3063 3468 3117 πάλιν
3488 3081 3505 3096 ο
3540 3085 3558 3116 ι
3590 3068 3703 3120 Καὶ

429 3139 691 3224 Dominus
735 3161 998 3234 refugium
1042 3161 1265 3232 pauperi
1290 3160 1360 3215 ⁷⁵.
1405 3179 1424 3212 ι
1475 3159 1744 3216 Caeterum
1791 3159 1844 3214 in
1888 3159 2008 3228 his,

2114 3150 2331 3220 ἐγένετο
2359 3149 2564 3222 Κύριος
2591 3153 2880 3223 καταφυγὴ
2910 3153 2989 3223 τῷ
3021 3153 3233 3224 πένητι.
3264 3173 3283 3208 ι
3323 3157 3464 3210 Ἀλλ’
3497 3161 3555 3211 ὲν
3585 3160 3704 3213 τού·

430 3272 590 3314 nemo
604 3265 750 3314 certe
761 3254 932 3311 dixeri
943 3263 960 3307 t
972 3253 1140 3308 Deum
1157 3263 1268 3306 tum
1283 3252 1513 3322 cmpisse
1523 3252 1789 3307 exsistere
1799 3251 2015 3321 quando

431 3348 605 3405 factus
639 3357 724 3404 est
757 3345 1026 3416 refugium
1067 3343 1312 3413 pauperi.
1355 3343 1581 3413 Semper
1612 3343 1756 3398 enim
1797 3344 1900 3398 hoc
1934 3344 2017 3413 ip-

431 3457 550 3498 sum
578 3439 874 3505 exsistens,
899 3450 1223 3507 semperque
1247 3449 1480 3491 servans
1503 3449 1810 3504 oppressos,
1840 3434 2017 3490 factus

431 3541 520 3589 est
551 3531 741 3586 Davidi
775 3529 828 3584 in
872 3528 1040 3584 Deum
1079 3536 1482 3597 protectorem,
1518 3535 1573 3580 et
1609 3526 1832 3594 pauperi
1867 3525 2015 3580 refu-

433 3622 606 3694 gium.
640 3619 1103 3687 Quemadmodum
1141 3619 1308 3690 igitur
1341 3618 1394 3673 id
1431 3617 1576 3688 quod
1611 3631 1829 3686 semper
1861 3625 2014 3682 erat,

436 3716 540 3769 hoc
568 3713 742 3781 Ipsum
773 3725 961 3766 rursus
989 3709 1050 3765 ﬁt
1080 3711 1310 3780 petenti,
1337 3718 1394 3765 et
1420 3708 1602 3764 oranti
1633 3725 1648 3763 :
1678 3708 1751 3763 ita
1779 3717 1833 3763 et
1859 3707 2018 3764 Chri-

435 3817 554 3861 stus
587 3819 708 3860 eum
743 3818 961 3873 semper
991 3804 1066 3860 sit
1100 3803 1360 3859 Dominus
1392 3811 1447 3858 et
1483 3816 1605 3866 rex,
1637 3809 1821 3871 utpote
1855 3801 2014 3868 Deus,

436 3898 612 3952 factus
651 3905 734 3952 est
771 3896 935 3951 etiam
979 3897 1033 3952 in
1078 3897 1235 3952 nobis
1282 3896 1568 3962 Dominus,
1604 3894 1820 3964 quando
1863 3897 2016 3949 dete-

436 3997 643 4044 stantes
669 3987 1006 4060 tyrannidem
1037 3987 1235 4044 diaboli
1262 4003 1368 4058 qua
1399 4001 1497 4044 nos
1521 3987 1881 4058 opprimebat,
1907 3987 2017 4041 cla-

437 4084 702 4138 mavimus
729 4083 795 4138 ad
824 4081 1042 4138 Patrem
1074 4099 1089 4135 :
1124 4100 1143 4133 ι
1177 4080 1379 4137 Emitte
1407 4080 1588 4136 lumen
1620 4091 1770 4136 tuum
1797 4091 1852 4137 et
1877 4081 2017 4135 veri-

437 4183 608 4230 tatem
648 4184 794 4229 tuam
819 4175 888 4229 ".
937 4193 958 4228 ι
1001 4173 1114 4229 Deo
1147 4181 1330 4228 autem
1367 4187 1524 4228 sacra
1565 4171 1847 4242 Scriptura
1881 4187 2019 4242 opus

437 4264 706 4321 attribuit.
741 4263 935 4320 Omnia
968 4264 1114 4319 enim
1149 4279 1270 4334 qua:
1303 4263 1598 4319 humanam
1633 4275 1880 4320 naturam
1919 4281 2016 4320 ex-

435 4357 662 4423 cedunt,
692 4370 856 4428 opera
888 4356 984 4412 Dei
1016 4355 1210 4411 merito
1236 4363 1518 4410 vocantur.

732 4481 1307 4580 ASSERTIO
1377 4485 1707 4573 XXII.

441 4633 508 4688 In
537 4632 696 4706 illud,
725 4652 744 4685 ι
779 4632 854 4686 De
880 4633 967 4685 die
994 4641 1042 4686 et
1061 4632 1204 4706 _I_to_t_'a
1231 4631 1330 4706 illa,
1354 4647 1502 4706 nemo
1532 4636 1693 4706 nouit,
1723 4651 1815 4706 nec
1843 4635 2020 4706 angeli

556 4705 826 4768 calorum,
859 4719 1019 4771 neque
1049 4700 1250 4765 Filius,
1281 4703 1382 4755 nisi
1415 4701 1578 4757 Pater
1599 4705 1744 4758 solas
1767 4705 1836 4758 ’⁷.
1874 4724 1892 4757 ι

900 4875 1136 4948 Objectio
1168 4879 1559 4933 Itwreticorum.

507 4995 578 5050 At
618 4992 922 5064 quomodo,
959 4992 1248 5063 inquiunt,
1283 4993 1392 5048 erit
1431 4991 1626 5048 similis
1666 4991 1838 5049 Filius
1876 4993 2021 5052 Patri

2049 4477 2097 4532 D

2114 3259 2248 3305 τοις,
2289 3241 2389 3295 οὐκ
2429 3241 2494 3296 ἄν
2531 3259 2618 3305 τις
2665 3241 2811 3295 εἴποι
2852 3243 2976 3296 τότε
3025 3245 3161 3315 πρὸς
3189 3246 3377 3301 οὐσίαν
3405 3248 3704 3320 κεκλῆσθαι

2114 3331 2206 3386 τὸν
2243 3331 2399 3396 Θεὸν,
2427 3332 2515 3385 ὅτε
2547 3331 2626 3402 τῷ
2655 3333 2847 3404 πένητι
2879 3333 3069 3403 γέγονε
3103 3340 3414 3410 καταφυγή.
3450 3340 3562 3392 Ἀεὶ
3595 3342 3706 3413 γάρ

2115 3424 2192 3478 ὢν
2226 3422 2385 3478 τοῦτο
2418 3424 2514 3478 καὶ
2545 3423 2735 3488 σώζων
2781 3426 2909 3489 τοὺς
2942 3425 3354 3499 ἀδικουμένους,
3398 3433 3590 3501 γέγονε
3623 3435 3706 3503 τῷ

2119 3514 2221 3584 μὲν
2249 3513 2413 3568 Δαϐὶδ
2444 3519 2525 3577 εις
2559 3513 2694 3566 Θεὸν
2728 3515 3166 3589 ὑπερασπιστὴν,
3191 3519 3271 3589 τῷ
3300 3519 3356 3573 δὲ
3391 3521 3579 3594 πένητι
3614 3541 3707 3577 κα-

2115 3607 2358 3676 ταφυγὴ.
2384 3605 2598 3676 Ὥσπερ
2622 3602 2717 3660 οὖν
2742 3607 2879 3678 ὅπερ
2903 3603 2972 3679 ἦν
2995 3609 3103 3674 ἀεὶ,
3129 3610 3288 3665 τοῦτο
3311 3611 3520 3682 γίνεται
3545 3617 3707 3669 πάλιν

2115 3698 2194 3768 τῷ
2236 3697 2481 3751 αἰτοῦντι
2525 3699 2622 3752 καὶ
2674 3701 3134 3771 προσευχομένῳ·
3177 3702 3321 3757 οὕτω
3363 3705 3455 3757 καὶ
3490 3709 3518 3759 6
3565 3709 3709 3777 Χριο

2119 3790 2276 3854 στὸς,
2319 3789 2524 3859 Κύριος
2563 3789 2638 3842 ὢν
2667 3790 2754 3842 ἀεὶ
2797 3793 2892 3843 καὶ
2923 3792 3178 3862 βασιλεὺς
3219 3795 3295 3856 t'o;
3328 3795 3483 3858 Θεὸς,
3515 3798 3708 3866 γέγονε

2115 3885 2212 3938 καὶ
2255 3886 2312 3937 ὲν
2347 3886 2478 3954 ἡμῖν
2526 3884 2762 3954 Κύριος,
2802 3885 2892 3938 ὅτε
2929 3887 3024 3938 τοῦ
3061 3889 3376 3958 συνέχοντος
3415 3893 3558 3962 ἡμᾶς
3589 3895 3708 3946 δια-

2117 3976 2275 4028 ϐόλου
2319 3977 2420 4044 τὴν
2459 3977 2752 4046 τυραννίδα
2802 3979 3167 4049 μισήσαντες,
3208 3980 3518 4053 ἑϐοήσαμεν
3569 3987 3708 4054 πρὸς

2116 4068 2209 4121 τὸν
2257 4067 2514 4138 [Ιοιειτέρα⁸
2551 4087 2570 4119 ι
2617 4069 3032 4133 Ἐξαπόστειλον
3081 4071 3146 4124 τὸ
3178 4070 3296 4140 φώς
3342 4091 3437 4127 σου
3481 4077 3575 4129 καὶ
3607 4078 3707 4147 τὴν

2118 4158 2378 4229 ἀλήθειάν
2411 4175 2526 4214 σου.
2561 4179 2583 4210 ι
2615 4159 2734 4231 Θεῷ
2761 4161 2819 4215 δὲ
2847 4161 2909 4214 τὸ
2954 4162 3115 4233 ἔργον
3161 4164 3480 4238 ἀνατίθησιν
3513 4170 3545 4238 ἡ
3588 4169 3708 4222 θεία

2118 4252 2333 4323 Γραφή.
2380 4251 2565 4306 Πάντα
2598 4252 2709 4324 γὰρ
2746 4255 2847 4308 ὅσα
2879 4254 2980 4324 τὴν
3014 4254 3302 4325 ἀνθρώπου
3349 4257 3512 4326 φύσιν
3549 4260 3706 4324 ἐξά).-

2118 4343 2290 4409 λεται,
2315 4343 2489 4398 ταῦτα
2517 4343 2746 4410 δικαίως
2776 4345 2912 4417 ἔργα
2944 4347 3190 4402 καλεῖται
3221 4349 3384 4402 Θεοῦ·

2606 4469 2973 4555 ΛΟΓΟΣ
3048 4467 3237 4554 KB’.

2129 4629 2235 4693 Εἰς
2265 4628 2353 4688 τὸ.
2394 4646 2414 4680 σ
2453 4628 2595 4697 Περὶ
2648 4627 2760 4696 τῆς
2818 4626 3046 4697 ἡμέρας
3099 4628 3337 4694 ἐκείνης
3382 4628 3478 4683 καὶ
3521 4628 3708 4696 ὥρης,

2192 4697 2393 4765 οὐδεὶς
2433 4694 2618 4765 οἶδεν,
2666 4694 2809 4752 οὐδὲ
2847 4694 2905 4751 ω
2933 4694 3183 4766 ἄγγελοι
3239 4698 3357 4750 τῶν
3415 4694 3709 4766 cepa—nea“,

2191 4767 2334 4822 οὐδὲ
2360 4771 2393 4823 ό
2440 4769 2593 4836 Υἱὸς,
2621 4771 2673 4822 sl
2696 4768 2783 4837 μὴ
2807 4771 2841 4822 ό
2875 4767 3078 4835 Πατὴρ
3103 4772 3310 4837 μόνος.
3335 4788 3351 4818 ιι

2398 4881 2720 4946 Ἀντίθεσις
2745 4882 2814 4933 ἐκ
2843 4878 2964 4933 τῶν
2995 4880 3442 4950 Χριστομὰχων.

2195 4994 2305 5047 Καὶ
2337 4993 2477 5056 πῶς,
2515 4994 2702 5062 φασὶν,
2743 4993 2895 5046 ἔσται
2943 4996 3062 5048 κατ’
3091 4995 3278 5047 οὐσίαν
3309 4996 3493 5064 ὅμοιος
3526 4997 3552 5048 6
3587 4995 3714 5057 Υἱὸς

437 5085 735 5141 secundum
781 5085 1100 5151 essentiam,
1139 5099 1262 5141 cum
1310 5085 1455 5140 dicat
1498 5083 1665 5154 218
1708 5100 1768 5140 se
1813 5088 2008 5142 nescirt

2122 5083 2200 5156 τῷ
2234 5084 2432 5155 Πατρὶ,
2460 5084 2635 5152 λέγων
2666 5085 2742 5154 μὴ
2771 5085 2970 5138 εἰδέναι
3006 5085 3105 5156 τὴν
3138 5085 3353 5156 ἡμέραν
3388 5085 3488 5154 τῆς
3529 5102 3716 5138 συντε-

435 5175 579 5229 diem
616 5173 1106 5230 consummationis
1143 5172 1328 5229 saeculi
1361 5187 1377 5227 :
1416 5188 1577 5243 quem
1620 5172 1823 5244 alioqui
1865 5174 2008 5231 Patet

2121 5175 2271 5239 λείας
2314 5175 2411 5229 τοῦ
2461 5174 2689 5238 αἰῶνος·
2733 5175 2914 5229 καίτοι
2955 5175 3050 5228 τοῦ
3097 5175 3308 5245 Πατρὸς
3357 5175 3590 5240 εἰδότος,
3639 5174 3717 5237 ὦς

438 5266 610 5332 novit,
638 5277 696 5321 ut
726 5266 842 5336 ipse
871 5266 1106 5323 fatetur?
1130 5265 1322 5337 Magna
1350 5267 1498 5322 enim
1529 5266 1584 5322 in
1614 5267 1717 5323 hoc
1744 5267 2008 5323 dissimili

2124 5284 2290 5338 φησιν
2332 5267 2528 5333 αὑτός;
2563 5266 2707 5321 Πολὺ
2742 5267 2854 5339 γάρ
2891 5270 2950 5321 ὲν
2992 5266 3168 5338 τούτῳ
3206 5267 3268 5320 τὸ
3307 5267 3561 5339 ἀνόμοιον
3590 5266 3716 5337 φαίο

439 5359 570 5414 tudo
595 5359 860 5425 cernitur,
891 5369 947 5416 et
976 5359 1240 5416 naturalis
1270 5360 1516 5430 quaedam
1547 5360 1936 5432 discrepantia.

2125 5376 2298 5423 νεται,
2327 5359 2420 5412 καὶ
2451 5360 2657 5431 φυσική
2690 5376 2774 5422 τις
2807 5359 3110 5421 διάστασις.

937 5469 1146 5526 Solatia
1184 5471 1517 5542 objectiouis.

2622 5474 2779 5542 Πρὸς
2808 5473 2984 5527 τοῦτο
3016 5473 3216 5538 λύσις.

512 5581 571 5637 Si
601 5581 714 5651 ipse
741 5591 825 5639 est
851 5585 1101 5640 conditor
1124 5585 1468 5650 saeculorum,
1497 5596 1550 5640 et
1579 5596 1907 5654 temporum,
1938 5596 2008 5639 at-

2206 5587 2264 5638 ΕΞ
2295 5585 2453 5648 αὐτός
2476 5587 2590 5640 ἐστι
2612 5588 2839 5657 ποιητὴς
2860 5586 3090 5649 αἰώνων,
3113 5585 3204 5637 καὶ
3230 5584 3454 5655 χρόνων,
3484 5585 3576 5638 καὶ
3601 5601 3719 5638 καιο

512 5742 559 5773 "
596 5740 733 5794 Psal.
765 5755 944 5808 chtv,
987 5743 1072 5796 15.
1150 5745 1195 5775 ⁷⁵
1226 5743 1369 5799 Psal.
1410 5758 1540 5808 xvtt,
1580 5743 1663 5794 19.
1745 5745 1790 5776 ⁷³
1830 5744 1968 5799 Psal.
2005 5762 2008 5797 :

2115 5747 2195 5800 lO.
2277 5748 2322 5778 ⁷⁸
2356 5748 2502 5802 l’sal.
2540 5763 2672 5812 tht,
2713 5751 2764 5803 5.
2847 5751 2888 5780 ⁷⁷
2927 5747 3115 5804 Matth.
3147 5767 3293 5816 xxiv,
3327 5754 3414 5810 36.
