  <div class='ocr_page' id='page_1' title='image "/cluster/home/n/w/nwhite01/storage/ocr_20150623/75/hvd.32044019207935/222.png"; bbox 0 0 4124 6498; ppageno 0'>
   <div class='ocr_carea' id='block_1_1' title="bbox 337 429 444 489">
    <p class='ocr_par' dir='ltr' id='par_1_1' title="bbox 337 429 444 489">
     <span class='ocr_line' id='line_1_1' title="bbox 337 429 444 489; baseline -0.009 0"><span class='ocrx_word' id='word_1_1' title='bbox 337 429 444 489; x_wconf 79' lang='lat'><strong>369</strong></span> 
     </span>
    </p>
   </div>
   <div class='ocr_carea' id='block_1_2' title="bbox 1756 448 3626 509">
    <p class='ocr_par' dir='ltr' id='par_1_2' title="bbox 1756 448 3626 509">
     <span class='ocr_line' id='line_1_2' title="bbox 1756 448 3626 509; baseline 0.003 -5"><span class='ocrx_word' id='word_1_2' title='bbox 1756 448 2195 508; x_wconf 64' lang='lat' dir='ltr'><strong>TIIESAURUS.</strong></span> <span class='ocrx_word' id='word_1_3' title='bbox 3519 450 3626 509; x_wconf 74' lang='lat'><strong>370</strong></span> 
     </span>
    </p>
   </div>
   <div class='ocr_carea' id='block_1_3' title="bbox 341 547 1938 662">
    <p class='ocr_par' dir='ltr' id='par_1_3' title="bbox 341 547 1930 662">
     <span class='ocr_line' id='line_1_3' title="bbox 341 547 1930 662; baseline 0.013 -60"><span class='ocrx_word' id='word_1_4' title='bbox 341 547 618 662; x_wconf 49' lang='grc' dir='ltr'><strong>ρῶν,ξστι</strong></span> <span class='ocrx_word' id='word_1_5' title='bbox 652 548 707 603; x_wconf 80' lang='grc' dir='ltr'><strong>δὲ</strong></span> <span class='ocrx_word' id='word_1_6' title='bbox 746 549 939 662; x_wconf 60' lang='grc' dir='ltr'><strong>οὕτως,</strong></span> <span class='ocrx_word' id='word_1_7' title='bbox 974 554 1089 620; x_wconf 85' lang='grc' dir='ltr'><strong>πῶς</strong></span> <span class='ocrx_word' id='word_1_8' title='bbox 1127 556 1201 621; x_wconf 86' lang='grc' dir='ltr'><strong>ὡς</strong></span> <span class='ocrx_word' id='word_1_9' title='bbox 1233 556 1363 629; x_wconf 85' lang='grc' dir='ltr'><strong>μίαν</strong></span> <span class='ocrx_word' id='word_1_10' title='bbox 1397 560 1610 633; x_wconf 81' lang='grc' dir='ltr'><strong>ἡμέραν</strong></span> <span class='ocrx_word' id='word_1_11' title='bbox 1650 566 1744 619; x_wconf 76' lang='grc' dir='ltr'><strong>καὶ</strong></span> <span class='ocrx_word' id='word_1_12' title='bbox 1781 566 1930 639; x_wconf 83' lang='grc' dir='ltr'><strong>ὥραν</strong></span> 
     </span>
    </p>
   </div>
   <div class='ocr_carea' id='block_1_4' title="bbox 2037 547 3626 662">
    <p class='ocr_par' dir='ltr' id='par_1_4' title="bbox 2037 565 3626 638">
     <span class='ocr_line' id='line_1_4' title="bbox 2037 565 3626 638; baseline -0.002 -14"><span class='ocrx_word' id='word_1_13' title='bbox 2037 584 2140 638; x_wconf 89' lang='lat' dir='ltr'><strong>que</strong></span> <span class='ocrx_word' id='word_1_14' title='bbox 2177 570 2281 625; x_wconf 90' lang='lat' dir='ltr'><strong>hoc</strong></span> <span class='ocrx_word' id='word_1_15' title='bbox 2316 582 2442 624; x_wconf 88' lang='lat' dir='ltr'><strong>vere</strong></span> <span class='ocrx_word' id='word_1_16' title='bbox 2481 566 2552 621; x_wconf 90' lang='lat' dir='ltr'><strong>ita</strong></span> <span class='ocrx_word' id='word_1_17' title='bbox 2594 573 2677 622; x_wconf 90' lang='lat' dir='ltr'><strong>est</strong></span> <span class='ocrx_word' id='word_1_18' title='bbox 2716 583 2730 620; x_wconf 89' lang='lat'><strong>:</strong></span> <span class='ocrx_word' id='word_1_19' title='bbox 2766 566 3038 636; x_wconf 87' lang='lat' dir='ltr'><strong>quomodo</strong></span> <span class='ocrx_word' id='word_1_20' title='bbox 3080 580 3243 621; x_wconf 90' lang='lat' dir='ltr'><strong>unum</strong></span> <span class='ocrx_word' id='word_1_21' title='bbox 3283 565 3424 621; x_wconf 87' lang='lat' dir='ltr'><strong>diem</strong></span> <span class='ocrx_word' id='word_1_22' title='bbox 3464 573 3626 635; x_wconf 90' lang='lat' dir='ltr'><strong>atque</strong></span> 
     </span>
    </p>
   </div>
   <div class='ocr_carea' id='block_1_5' title="bbox 338 641 1938 731">
    <p class='ocr_par' dir='ltr' id='par_1_5' title="bbox 338 641 1925 725">
     <span class='ocr_line' id='line_1_5' title="bbox 338 641 1925 725; baseline 0.01 -30"><span class='ocrx_word' id='word_1_23' title='bbox 338 641 614 711; x_wconf 79' lang='grc' dir='ltr'><strong>ἀγνοήσας</strong></span> <span class='ocrx_word' id='word_1_24' title='bbox 654 642 784 712; x_wconf 85' lang='grc' dir='ltr'><strong>παρ’</strong></span> <span class='ocrx_word' id='word_1_25' title='bbox 818 644 946 714; x_wconf 83' lang='grc' dir='ltr'><strong>ὑμῖν</strong></span> <span class='ocrx_word' id='word_1_26' title='bbox 983 646 1262 719; x_wconf 83' lang='grc' dir='ltr'><strong>κρίνεται;</strong></span> <span class='ocrx_word' id='word_1_27' title='bbox 1309 650 1433 714; x_wconf 85' lang='grc' dir='ltr'><strong>Πῶς</strong></span> <span class='ocrx_word' id='word_1_28' title='bbox 1476 652 1535 707; x_wconf 79' lang='grc' dir='ltr'><strong>δὲ</strong></span> <span class='ocrx_word' id='word_1_29' title='bbox 1571 652 1716 725; x_wconf 79' lang='grc' dir='ltr'><strong>ἅπερ</strong></span> <span class='ocrx_word' id='word_1_30' title='bbox 1761 656 1925 721; x_wconf 82' lang='grc' dir='ltr'><strong>αὐτὸς</strong></span> 
     </span>
    </p>
   </div>
   <div class='ocr_carea' id='block_1_6' title="bbox 2037 641 3626 731">
    <p class='ocr_par' dir='ltr' id='par_1_6' title="bbox 2037 655 3626 731">
     <span class='ocr_line' id='line_1_6' title="bbox 2037 655 3626 731; baseline -0.004 -15"><span class='ocrx_word' id='word_1_31' title='bbox 2037 661 2223 716; x_wconf 85' lang='lat' dir='ltr'><strong>horam</strong></span> <span class='ocrx_word' id='word_1_32' title='bbox 2268 659 2525 731; x_wconf 77' lang='lat' dir='ltr'><strong>ignorare</strong></span> <span class='ocrx_word' id='word_1_33' title='bbox 2556 657 2710 713; x_wconf 80' lang='lat' dir='ltr'><strong>vobis</strong></span> <span class='ocrx_word' id='word_1_34' title='bbox 2749 658 3039 712; x_wconf 78' lang='lat' dir='ltr'><strong>censetur?</strong></span> <span class='ocrx_word' id='word_1_35' title='bbox 3076 658 3357 725; x_wconf 82' lang='lat' dir='ltr'><strong>Quomodo</strong></span> <span class='ocrx_word' id='word_1_36' title='bbox 3396 655 3523 711; x_wconf 97' lang='lat' dir='ltr'><strong>item</strong></span> <span class='ocrx_word' id='word_1_37' title='bbox 3562 669 3626 712; x_wconf 86' lang='lat' dir='ltr'><strong>ea</strong></span> 
     </span>
    </p>
   </div>
   <div class='ocr_carea' id='block_1_7' title="bbox 339 732 1938 822">
    <p class='ocr_par' dir='ltr' id='par_1_7' title="bbox 339 732 1925 811">
     <span class='ocr_line' id='line_1_7' title="bbox 339 732 1925 811; baseline 0.01 -26"><span class='ocrx_word' id='word_1_38' title='bbox 339 732 585 803; x_wconf 78' lang='grc' dir='ltr'><strong>ἐποίησε,</strong></span> <span class='ocrx_word' id='word_1_39' title='bbox 629 733 703 803; x_wconf 80' lang='grc' dir='ltr'><strong>μὴ</strong></span> <span class='ocrx_word' id='word_1_40' title='bbox 742 734 942 790; x_wconf 83' lang='grc' dir='ltr'><strong>εἰδέναι</strong></span> <span class='ocrx_word' id='word_1_41' title='bbox 982 737 1242 807; x_wconf 79' lang='grc' dir='ltr'><strong>δύναται;</strong></span> <span class='ocrx_word' id='word_1_42' title='bbox 1276 741 1431 795; x_wconf 82' lang='grc' dir='ltr'><strong>Ἐστι</strong></span> <span class='ocrx_word' id='word_1_43' title='bbox 1460 742 1638 797; x_wconf 83' lang='grc' dir='ltr'>τοίνυν</span> <span class='ocrx_word' id='word_1_44' title='bbox 1673 746 1925 811; x_wconf 74' lang='grc' dir='ltr'><strong>ἐξετάσαι</strong></span> 
     </span>
    </p>
   </div>
   <div class='ocr_carea' id='block_1_8' title="bbox 2037 732 3625 822">
    <p class='ocr_par' dir='ltr' id='par_1_8' title="bbox 2037 746 3625 822">
     <span class='ocr_line' id='line_1_8' title="bbox 2037 746 3625 822; baseline -0.003 -17"><span class='ocrx_word' id='word_1_45' title='bbox 2037 767 2153 822; x_wconf 76' lang='lat' dir='ltr'><strong>qua:</strong></span> <span class='ocrx_word' id='word_1_46' title='bbox 2189 751 2350 815; x_wconf 78' lang='lat' dir='ltr'><strong>fecit,</strong></span> <span class='ocrx_word' id='word_1_47' title='bbox 2386 749 2603 805; x_wconf 79' lang='lat' dir='ltr'><strong>nescire</strong></span> <span class='ocrx_word' id='word_1_48' title='bbox 2636 748 2853 818; x_wconf 78' lang='lat' dir='ltr'><strong>potest?</strong></span> <span class='ocrx_word' id='word_1_49' title='bbox 2884 746 3263 817; x_wconf 74' lang='lat' dir='ltr'><strong>Investiganda</strong></span> <span class='ocrx_word' id='word_1_50' title='bbox 3299 746 3463 818; x_wconf 73' lang='lat' dir='ltr'><strong>igitur</strong></span> <span class='ocrx_word' id='word_1_51' title='bbox 3494 756 3625 801; x_wconf 91' lang='lat' dir='ltr'><strong>sunt</strong></span> 
     </span>
    </p>
   </div>
   <div class='ocr_carea' id='block_1_9' title="bbox 337 823 1938 927">
    <p class='ocr_par' dir='ltr' id='par_1_9' title="bbox 337 823 1928 927">
     <span class='ocr_line' id='line_1_9' title="bbox 337 823 1928 927; baseline 0.009 -50"><span class='ocrx_word' id='word_1_52' title='bbox 337 823 409 877; x_wconf 83' lang='grc' dir='ltr'><strong>τὰ</strong></span> <span class='ocrx_word' id='word_1_53' title='bbox 453 824 912 927; x_wconf 47' lang='grc' dir='ltr'><strong>εἰρημένα-παρ’Δ</strong></span> <span class='ocrx_word' id='word_1_54' title='bbox 938 829 1107 885; x_wconf 78' lang='grc' dir='ltr'><strong>αὐτοῦ</strong></span> <span class='ocrx_word' id='word_1_55' title='bbox 1160 831 1299 902; x_wconf 78' lang='grc' dir='ltr'><strong>πρὸς</strong></span> <span class='ocrx_word' id='word_1_56' title='bbox 1344 834 1469 897; x_wconf 81' lang='grc' dir='ltr'><strong>τοὺς</strong></span> <span class='ocrx_word' id='word_1_57' title='bbox 1503 835 1771 907; x_wconf 84' lang='grc' dir='ltr'><strong>μαθητάς.</strong></span> <span class='ocrx_word' id='word_1_58' title='bbox 1818 837 1928 891; x_wconf 73' lang='grc' dir='ltr'><strong>Καὶ</strong></span> 
     </span>
    </p>
   </div>
   <div class='ocr_carea' id='block_1_10' title="bbox 2037 823 3627 927">
    <p class='ocr_par' dir='ltr' id='par_1_10' title="bbox 2037 836 3627 913">
     <span class='ocr_line' id='line_1_10' title="bbox 2037 836 3627 913; baseline -0.004 -16"><span class='ocrx_word' id='word_1_59' title='bbox 2037 858 2150 911; x_wconf 62' lang='lat' dir='ltr'><strong>qua:</strong></span> <span class='ocrx_word' id='word_1_60' title='bbox 2187 845 2256 898; x_wconf 91' lang='lat' dir='ltr'><strong>ah</strong></span> <span class='ocrx_word' id='word_1_61' title='bbox 2293 843 2411 913; x_wconf 90' lang='lat' dir='ltr'><strong>ipso</strong></span> <span class='ocrx_word' id='word_1_62' title='bbox 2448 838 2732 909; x_wconf 85' lang='lat' dir='ltr'><strong>discipulis</strong></span> <span class='ocrx_word' id='word_1_63' title='bbox 2772 838 2917 894; x_wconf 87' lang='lat' dir='ltr'><strong>dicta</strong></span> <span class='ocrx_word' id='word_1_64' title='bbox 2957 845 3103 893; x_wconf 91' lang='lat' dir='ltr'><strong>sunt.</strong></span> <span class='ocrx_word' id='word_1_65' title='bbox 3146 837 3187 890; x_wconf 88' lang='lat' dir='ltr'><strong>E</strong></span> <span class='ocrx_word' id='word_1_66' title='bbox 3226 837 3423 906; x_wconf 86' lang='lat' dir='ltr'><strong>quibus</strong></span> <span class='ocrx_word' id='word_1_67' title='bbox 3468 836 3627 891; x_wconf 82' lang='lat' dir='ltr'><strong>facile</strong></span> 
     </span>
    </p>
   </div>
   <div class='ocr_carea' id='block_1_11' title="bbox 342 914 1938 1024">
    <p class='ocr_par' dir='ltr' id='par_1_11' title="bbox 342 914 1929 1024">
     <span class='ocr_line' id='line_1_11' title="bbox 342 914 1929 1024; baseline 0.007 -55"><span class='ocrx_word' id='word_1_68' title='bbox 342 914 528 983; x_wconf 85' lang='grc' dir='ltr'>σαφῶς</span> <span class='ocrx_word' id='word_1_69' title='bbox 557 914 701 1024; x_wconf 49' lang='grc' dir='ltr'><strong>ἔστιν</strong></span> <span class='ocrx_word' id='word_1_70' title='bbox 730 917 989 973; x_wconf 73' lang='grc' dir='ltr'><strong>ἐντεῦθεν.</strong></span> <span class='ocrx_word' id='word_1_71' title='bbox 1009 920 1158 989; x_wconf 82' lang='grc' dir='ltr'><strong>ἰδεῖν,</strong></span> <span class='ocrx_word' id='word_1_72' title='bbox 1177 922 1370 994; x_wconf 80' lang='grc' dir='ltr'><strong>ὅτιπερ</strong></span> <span class='ocrx_word' id='word_1_73' title='bbox 1393 918 1531 978; x_wconf 80' lang='grc' dir='ltr'><strong>οῐδεν</strong></span> <span class='ocrx_word' id='word_1_74' title='bbox 1560 927 1654 979; x_wconf 70' lang='grc' dir='ltr'><strong>καὶ</strong></span> <span class='ocrx_word' id='word_1_75' title='bbox 1671 926 1769 997; x_wconf 84' lang='grc' dir='ltr'><strong>τὴν</strong></span> <span class='ocrx_word' id='word_1_76' title='bbox 1797 926 1929 998; x_wconf 85' lang='grc' dir='ltr'><strong>ἡμέ-</strong></span> 
     </span>
    </p>
   </div>
   <div class='ocr_carea' id='block_1_12' title="bbox 2037 914 3621 1024">
    <p class='ocr_par' dir='ltr' id='par_1_12' title="bbox 2037 928 3621 1003">
     <span class='ocr_line' id='line_1_12' title="bbox 2037 928 3621 1003; baseline -0.006 -12"><span class='ocrx_word' id='word_1_77' title='bbox 2037 934 2305 991; x_wconf 85' lang='lat' dir='ltr'><strong>constabit</strong></span> <span class='ocrx_word' id='word_1_78' title='bbox 2328 935 2501 1003; x_wconf 88' lang='lat' dir='ltr'><strong>ipsum</strong></span> <span class='ocrx_word' id='word_1_79' title='bbox 2525 940 2583 987; x_wconf 91' lang='lat' dir='ltr'><strong>et</strong></span> <span class='ocrx_word' id='word_1_80' title='bbox 2603 931 2745 986; x_wconf 84' lang='lat' dir='ltr'><strong>diem</strong></span> <span class='ocrx_word' id='word_1_81' title='bbox 2772 938 2827 985; x_wconf 90' lang='lat' dir='ltr'><strong>et</strong></span> <span class='ocrx_word' id='word_1_82' title='bbox 2855 929 3046 985; x_wconf 82' lang='lat' dir='ltr'><strong>horam</strong></span> <span class='ocrx_word' id='word_1_83' title='bbox 3071 928 3311 994; x_wconf 80' lang='lat' dir='ltr'><strong>novisse,</strong></span> <span class='ocrx_word' id='word_1_84' title='bbox 3334 936 3392 982; x_wconf 92' lang='lat' dir='ltr'><strong>ut</strong></span> <span class='ocrx_word' id='word_1_85' title='bbox 3418 928 3621 995; x_wconf 89' lang='lat' dir='ltr'><strong>Deum;</strong></span> 
     </span>
    </p>
   </div>
   <div class='ocr_carea' id='block_1_13' title="bbox 343 1004 1938 1115">
    <p class='ocr_par' dir='ltr' id='par_1_13' title="bbox 343 1004 1930 1109">
     <span class='ocr_line' id='line_1_13' title="bbox 343 1004 1930 1109; baseline 0.011 -53"><span class='ocrx_word' id='word_1_86' title='bbox 343 1022 442 1076; x_wconf 90' lang='grc' dir='ltr'><strong>ραν</strong></span> <span class='ocrx_word' id='word_1_87' title='bbox 487 1004 582 1109; x_wconf 65' lang='grc' dir='ltr'><strong>καὶ</strong></span> <span class='ocrx_word' id='word_1_88' title='bbox 629 1006 729 1097; x_wconf 79' lang='grc' dir='ltr'><strong>τὴν</strong></span> <span class='ocrx_word' id='word_1_89' title='bbox 772 1006 924 1079; x_wconf 85' lang='grc' dir='ltr'><strong>ὥραν</strong></span> <span class='ocrx_word' id='word_1_90' title='bbox 964 1010 1042 1075; x_wconf 88' lang='grc' dir='ltr'><strong>ὡς</strong></span> <span class='ocrx_word' id='word_1_91' title='bbox 1077 1012 1247 1078; x_wconf 83' lang='grc' dir='ltr'><strong>Θεὸς,</strong></span> <span class='ocrx_word' id='word_1_92' title='bbox 1295 1014 1401 1070; x_wconf 75' lang='grc' dir='ltr'><strong>κᾶν</strong></span> <span class='ocrx_word' id='word_1_93' title='bbox 1447 1016 1826 1073; x_wconf 83' lang='grc' dir='ltr'><strong>ἀποδεικνύων</strong></span> <span class='ocrx_word' id='word_1_94' title='bbox 1870 1020 1930 1074; x_wconf 81' lang='grc' dir='ltr'><strong>ὲν</strong></span> 
     </span>
    </p>
   </div>
   <div class='ocr_carea' id='block_1_14' title="bbox 2037 1004 3626 1115">
    <p class='ocr_par' dir='ltr' id='par_1_14' title="bbox 2037 1019 3626 1091">
     <span class='ocr_line' id='line_1_14' title="bbox 2037 1019 3626 1091; baseline -0.004 -10"><span class='ocrx_word' id='word_1_95' title='bbox 2037 1027 2276 1091; x_wconf 87' lang='lat' dir='ltr'><strong>tametsi,</strong></span> <span class='ocrx_word' id='word_1_96' title='bbox 2318 1024 2708 1081; x_wconf 83' lang='lat' dir='ltr'><strong>humanitatem</strong></span> <span class='ocrx_word' id='word_1_97' title='bbox 2743 1036 2898 1078; x_wconf 80' lang='lat' dir='ltr'><strong>suam</strong></span> <span class='ocrx_word' id='word_1_98' title='bbox 2931 1021 3246 1085; x_wconf 86' lang='lat' dir='ltr'><strong>ostendens,</strong></span> <span class='ocrx_word' id='word_1_99' title='bbox 3278 1019 3531 1088; x_wconf 79' lang='lat' dir='ltr'><strong>ignorare</strong></span> <span class='ocrx_word' id='word_1_100' title='bbox 3566 1032 3626 1074; x_wconf 88' lang='lat' dir='ltr'><strong>se</strong></span> 
     </span>
    </p>
   </div>
   <div class='ocr_carea' id='block_1_15' title="bbox 340 1098 1938 1184">
    <p class='ocr_par' dir='ltr' id='par_1_15' title="bbox 340 1098 1931 1183">
     <span class='ocr_line' id='line_1_15' title="bbox 340 1098 1931 1183; baseline 0.01 -34"><span class='ocrx_word' id='word_1_101' title='bbox 340 1098 522 1167; x_wconf 79' lang='grc' dir='ltr'><strong>ἐαυτῷ</strong></span> <span class='ocrx_word' id='word_1_102' title='bbox 558 1098 621 1151; x_wconf 85' lang='grc' dir='ltr'><strong>τὸ</strong></span> <span class='ocrx_word' id='word_1_103' title='bbox 660 1098 1021 1170; x_wconf 86' lang='grc' dir='ltr'><strong>ἀνθρώπινον,</strong></span> <span class='ocrx_word' id='word_1_104' title='bbox 1070 1105 1145 1174; x_wconf 81' lang='grc' dir='ltr'><strong>μὴ</strong></span> <span class='ocrx_word' id='word_1_105' title='bbox 1189 1106 1387 1161; x_wconf 78' lang='grc' dir='ltr'><strong>εἰδέναι</strong></span> <span class='ocrx_word' id='word_1_106' title='bbox 1432 1108 1586 1181; x_wconf 78' lang='grc' dir='ltr'><strong>λέγῃ,</strong></span> <span class='ocrx_word' id='word_1_107' title='bbox 1626 1111 1689 1163; x_wconf 87' lang='grc' dir='ltr'><strong>Εἰ</strong></span> <span class='ocrx_word' id='word_1_108' title='bbox 1719 1111 1830 1183; x_wconf 82' lang='grc' dir='ltr'><strong>γὰρ</strong></span> <span class='ocrx_word' id='word_1_109' title='bbox 1862 1111 1931 1164; x_wconf 76' lang='grc' dir='ltr'><strong>τὰ</strong></span> 
     </span>
    </p>
   </div>
   <div class='ocr_carea' id='block_1_16' title="bbox 2037 1098 3625 1184">
    <p class='ocr_par' dir='ltr' id='par_1_16' title="bbox 2037 1109 3625 1184">
     <span class='ocr_line' id='line_1_16' title="bbox 2037 1109 3625 1184; baseline -0.006 -10"><span class='ocrx_word' id='word_1_110' title='bbox 2037 1120 2200 1174; x_wconf 84' lang='lat' dir='ltr'><strong>dicat.</strong></span> <span class='ocrx_word' id='word_1_111' title='bbox 2273 1117 2331 1174; x_wconf 84' lang='lat' dir='ltr'><strong>Si</strong></span> <span class='ocrx_word' id='word_1_112' title='bbox 2373 1117 2517 1173; x_wconf 91' lang='lat' dir='ltr'><strong>enim</strong></span> <span class='ocrx_word' id='word_1_113' title='bbox 2582 1114 2761 1172; x_wconf 86' lang='lat' dir='ltr'><strong>omnia</strong></span> <span class='ocrx_word' id='word_1_114' title='bbox 2828 1127 2951 1184; x_wconf 68' lang='lat' dir='ltr'><strong>quae</strong></span> <span class='ocrx_word' id='word_1_115' title='bbox 3015 1122 3144 1167; x_wconf 86' lang='lat' dir='ltr'><strong>ante</strong></span> <span class='ocrx_word' id='word_1_116' title='bbox 3181 1111 3325 1167; x_wconf 92' lang='lat' dir='ltr'><strong>diem</strong></span> <span class='ocrx_word' id='word_1_117' title='bbox 3365 1109 3515 1165; x_wconf 91' lang='lat' dir='ltr'><strong>illum</strong></span> <span class='ocrx_word' id='word_1_118' title='bbox 3570 1119 3625 1165; x_wconf 86' lang='lat' dir='ltr'><strong>et</strong></span> 
     </span>
    </p>
   </div>
   <div class='ocr_carea' id='block_1_17' title="bbox 341 1187 1933 1272">
    <p class='ocr_par' dir='ltr' id='par_1_17' title="bbox 341 1187 1933 1272">
     <span class='ocr_line' id='line_1_17' title="bbox 341 1187 1933 1272; baseline 0.011 -32"><span class='ocrx_word' id='word_1_119' title='bbox 341 1187 575 1258; x_wconf 74' lang='grc' dir='ltr'><strong>ἐσόμενα</strong></span> <span class='ocrx_word' id='word_1_120' title='bbox 607 1190 781 1244; x_wconf 80' lang='grc' dir='ltr'><strong>πάντα</strong></span> <span class='ocrx_word' id='word_1_121' title='bbox 813 1191 920 1264; x_wconf 77' lang='grc' dir='ltr'><strong>πρὸ</strong></span> <span class='ocrx_word' id='word_1_122' title='bbox 946 1195 1045 1265; x_wconf 85' lang='grc' dir='ltr'><strong>τῆς</strong></span> <span class='ocrx_word' id='word_1_123' title='bbox 1074 1196 1288 1266; x_wconf 78' lang='grc' dir='ltr'><strong>ἡμέρας</strong></span> <span class='ocrx_word' id='word_1_124' title='bbox 1333 1199 1433 1252; x_wconf 69' lang='grc' dir='ltr'><strong>καὶ</strong></span> <span class='ocrx_word' id='word_1_125' title='bbox 1460 1200 1563 1271; x_wconf 80' lang='grc' dir='ltr'><strong>τῆς</strong></span> <span class='ocrx_word' id='word_1_126' title='bbox 1597 1201 1747 1272; x_wconf 83' lang='grc' dir='ltr'><strong>ὧρας</strong></span> <span class='ocrx_word' id='word_1_127' title='bbox 1790 1203 1933 1257; x_wconf 76' lang='grc' dir='ltr'><strong>ὲκεί-</strong></span> 
     </span>
    </p>
   </div>
   <div class='ocr_carea' id='block_1_18' title="bbox 340 1282 1929 1363">
    <p class='ocr_par' dir='ltr' id='par_1_18' title="bbox 340 1282 1929 1363">
     <span class='ocr_line' id='line_1_18' title="bbox 340 1282 1929 1363; baseline 0.012 -32"><span class='ocrx_word' id='word_1_128' title='bbox 340 1297 439 1352; x_wconf 85' lang='grc' dir='ltr'><strong>νης</strong></span> <span class='ocrx_word' id='word_1_129' title='bbox 478 1282 746 1352; x_wconf 87' lang='grc' dir='ltr'><strong>διηγεῖται</strong></span> <span class='ocrx_word' id='word_1_130' title='bbox 791 1285 999 1355; x_wconf 73' lang='grc' dir='ltr'><strong>σαφῶς,</strong></span> <span class='ocrx_word' id='word_1_131' title='bbox 1040 1288 1143 1341; x_wconf 85' lang='grc' dir='ltr'><strong>καί·</strong></span> <span class='ocrx_word' id='word_1_132' title='bbox 1171 1308 1373 1361; x_wconf 79' lang='grc' dir='ltr'><strong>φησιν’</strong></span> <span class='ocrx_word' id='word_1_133' title='bbox 1412 1293 1605 1347; x_wconf 83' lang='grc' dir='ltr'><strong>Ἔσται</strong></span> <span class='ocrx_word' id='word_1_134' title='bbox 1644 1295 1744 1363; x_wconf 83' lang='grc' dir='ltr'><strong>μὲν</strong></span> <span class='ocrx_word' id='word_1_135' title='bbox 1776 1295 1929 1361; x_wconf 87' lang='grc' dir='ltr'><strong>τόδε,</strong></span> 
     </span>
    </p>
   </div>
   <div class='ocr_carea' id='block_1_19' title="bbox 342 1376 1933 1455">
    <p class='ocr_par' dir='ltr' id='par_1_19' title="bbox 342 1376 1933 1455">
     <span class='ocr_line' id='line_1_19' title="bbox 342 1376 1933 1455; baseline 0.009 -28"><span class='ocrx_word' id='word_1_136' title='bbox 342 1376 683 1448; x_wconf 77' lang='grc' dir='ltr'><strong>συμϐήσεται</strong></span> <span class='ocrx_word' id='word_1_137' title='bbox 721 1378 779 1432; x_wconf 87' lang='grc' dir='ltr'><strong>δὲ</strong></span> <span class='ocrx_word' id='word_1_138' title='bbox 816 1380 1014 1444; x_wconf 80' lang='grc' dir='ltr'><strong>ἐκεῖνο,</strong></span> <span class='ocrx_word' id='word_1_139' title='bbox 1054 1376 1175 1435; x_wconf 75' lang='grc' dir='ltr'><strong>εἶτα</strong></span> <span class='ocrx_word' id='word_1_140' title='bbox 1217 1384 1278 1436; x_wconf 86' lang='grc' dir='ltr'><strong>τὸ</strong></span> <span class='ocrx_word' id='word_1_141' title='bbox 1316 1384 1469 1447; x_wconf 84' lang='grc' dir='ltr'><strong>τέλος</strong></span> <span class='ocrx_word' id='word_1_142' title='bbox 1493 1401 1508 1417; x_wconf 79' lang='grc' dir='ltr'><strong>ο</strong></span> <span class='ocrx_word' id='word_1_143' title='bbox 1551 1384 1712 1455; x_wconf 77' lang='grc' dir='ltr'><strong>δῆλον</strong></span> <span class='ocrx_word' id='word_1_144' title='bbox 1739 1386 1822 1442; x_wconf 77' lang='grc' dir='ltr'><strong>ὅτι</strong></span> <span class='ocrx_word' id='word_1_145' title='bbox 1863 1387 1933 1442; x_wconf 75' lang='grc' dir='ltr'><strong>τὰ</strong></span> 
     </span>
    </p>
   </div>
   <div class='ocr_carea' id='block_1_20' title="bbox 340 1468 1936 1548">
    <p class='ocr_par' dir='ltr' id='par_1_20' title="bbox 340 1468 1936 1548">
     <span class='ocr_line' id='line_1_20' title="bbox 340 1468 1936 1548; baseline 0.009 -29"><span class='ocrx_word' id='word_1_146' title='bbox 340 1468 448 1539; x_wconf 83' lang='grc' dir='ltr'><strong>πρὸ</strong></span> <span class='ocrx_word' id='word_1_147' title='bbox 474 1469 645 1539; x_wconf 83' lang='grc' dir='ltr'><strong>αὐτῆς</strong></span> <span class='ocrx_word' id='word_1_148' title='bbox 675 1469 867 1538; x_wconf 85' lang='grc' dir='ltr'><strong>εἰδὼς,</strong></span> <span class='ocrx_word' id='word_1_149' title='bbox 916 1472 1011 1525; x_wconf 79' lang='grc' dir='ltr'><strong>καὶ</strong></span> <span class='ocrx_word' id='word_1_150' title='bbox 1056 1473 1229 1545; x_wconf 80' lang='grc' dir='ltr'><strong>αὐτὴν</strong></span> <span class='ocrx_word' id='word_1_151' title='bbox 1277 1475 1593 1530; x_wconf 75' lang='grc' dir='ltr'><strong>ἐπίσταται.</strong></span> <span class='ocrx_word' id='word_1_152' title='bbox 1627 1477 1784 1532; x_wconf 87' lang='grc' dir='ltr'><strong>Μετά</strong></span> <span class='ocrx_word' id='word_1_153' title='bbox 1824 1477 1936 1548; x_wconf 84' lang='grc' dir='ltr'><strong>γὰρ</strong></span> 
     </span>
    </p>
   </div>
   <div class='ocr_carea' id='block_1_21' title="bbox 338 1560 1933 1635">
    <p class='ocr_par' dir='ltr' id='par_1_21' title="bbox 338 1560 1933 1635">
     <span class='ocr_line' id='line_1_21' title="bbox 338 1560 1933 1635; baseline 0.007 -24"><span class='ocrx_word' id='word_1_154' title='bbox 338 1560 410 1612; x_wconf 72' lang='grc' dir='ltr'><strong>τὰ</strong></span> <span class='ocrx_word' id='word_1_155' title='bbox 431 1560 696 1631; x_wconf 75' lang='grc' dir='ltr'><strong>εἰρημένα</strong></span> <span class='ocrx_word' id='word_1_156' title='bbox 723 1565 855 1634; x_wconf 87' lang='grc' dir='ltr'><strong>παρ’</strong></span> <span class='ocrx_word' id='word_1_157' title='bbox 875 1563 1063 1628; x_wconf 73' lang='grc' dir='ltr'><strong>αὑτοῦ,</strong></span> <span class='ocrx_word' id='word_1_158' title='bbox 1091 1565 1327 1635; x_wconf 81' lang='grc' dir='ltr'><strong>τίθησιν,</strong></span> <span class='ocrx_word' id='word_1_159' title='bbox 1348 1567 1431 1620; x_wconf 83' lang='grc' dir='ltr'><strong>ὅτι</strong></span> <span class='ocrx_word' id='word_1_160' title='bbox 1452 1587 1469 1619; x_wconf 81' lang='grc' dir='ltr'><strong>ι</strong></span> <span class='ocrx_word' id='word_1_161' title='bbox 1484 1566 1558 1621; x_wconf 80' lang='grc' dir='ltr'><strong>Τὸ</strong></span> <span class='ocrx_word' id='word_1_162' title='bbox 1576 1568 1727 1633; x_wconf 85' lang='grc' dir='ltr'><strong>τέλος</strong></span> <span class='ocrx_word' id='word_1_163' title='bbox 1752 1570 1886 1624; x_wconf 85' lang='grc' dir='ltr'><strong>ὲστί.</strong></span> <span class='ocrx_word' id='word_1_164' title='bbox 1909 1590 1933 1622; x_wconf 69' lang='grc' dir='ltr'><strong>ι</strong></span> 
     </span>
    </p>
   </div>
   <div class='ocr_carea' id='block_1_22' title="bbox 338 1648 1931 1728">
    <p class='ocr_par' dir='ltr' id='par_1_22' title="bbox 338 1648 1931 1728">
     <span class='ocr_line' id='line_1_22' title="bbox 338 1648 1931 1728; baseline 0.006 -28"><span class='ocrx_word' id='word_1_165' title='bbox 338 1648 508 1712; x_wconf 81' lang='grc' dir='ltr'><strong>Τέλος</strong></span> <span class='ocrx_word' id='word_1_166' title='bbox 534 1650 590 1703; x_wconf 82' lang='grc' dir='ltr'><strong>δὲ</strong></span> <span class='ocrx_word' id='word_1_167' title='bbox 621 1650 675 1703; x_wconf 88' lang='grc' dir='ltr'><strong>τί</strong></span> <span class='ocrx_word' id='word_1_168' title='bbox 710 1649 777 1704; x_wconf 86' lang='grc' dir='ltr'><strong>ἂν</strong></span> <span class='ocrx_word' id='word_1_169' title='bbox 807 1651 995 1723; x_wconf 77' lang='grc' dir='ltr'><strong>ἕτερον</strong></span> <span class='ocrx_word' id='word_1_170' title='bbox 1021 1653 1104 1725; x_wconf 74' lang='grc' dir='ltr'><strong>εἰη</strong></span> <span class='ocrx_word' id='word_1_171' title='bbox 1132 1652 1166 1724; x_wconf 80' lang='grc' dir='ltr'>ἢ</span> <span class='ocrx_word' id='word_1_172' title='bbox 1200 1654 1415 1718; x_wconf 85' lang='grc' dir='ltr'><strong>πάντως</strong></span> <span class='ocrx_word' id='word_1_173' title='bbox 1442 1655 1699 1726; x_wconf 79' lang='grc' dir='ltr'><strong>ήὲσχάτη</strong></span> <span class='ocrx_word' id='word_1_174' title='bbox 1726 1656 1931 1728; x_wconf 82' lang='grc' dir='ltr'><strong>ἡμέρα,</strong></span> 
     </span>
    </p>
   </div>
   <div class='ocr_carea' id='block_1_23' title="bbox 339 1741 1932 1824">
    <p class='ocr_par' dir='ltr' id='par_1_23' title="bbox 339 1741 1932 1824">
     <span class='ocr_line' id='line_1_23' title="bbox 339 1741 1932 1824; baseline 0.008 -32"><span class='ocrx_word' id='word_1_175' title='bbox 339 1741 410 1811; x_wconf 81' lang='grc' dir='ltr'><strong>ἥν</strong></span> <span class='ocrx_word' id='word_1_176' title='bbox 437 1742 652 1809; x_wconf 82' lang='grc' dir='ltr'><strong>ἀγνοεῖν</strong></span> <span class='ocrx_word' id='word_1_177' title='bbox 683 1743 900 1815; x_wconf 74' lang='grc' dir='ltr'><strong>ἔφησεν</strong></span> <span class='ocrx_word' id='word_1_178' title='bbox 928 1746 1309 1818; x_wconf 75' lang='grc' dir='ltr'><strong>οἰκονομικῶς,</strong></span> <span class='ocrx_word' id='word_1_179' title='bbox 1341 1747 1644 1812; x_wconf 74' lang='grc' dir='ltr'><strong>ἀποσώζων</strong></span> <span class='ocrx_word' id='word_1_180' title='bbox 1674 1750 1840 1804; x_wconf 82' lang='grc' dir='ltr'><strong>πάλιν</strong></span> <span class='ocrx_word' id='word_1_181' title='bbox 1866 1753 1932 1824; x_wconf 79' lang='grc' dir='ltr'><strong>τῇ</strong></span> 
     </span>
    </p>
   </div>
   <div class='ocr_carea' id='block_1_24' title="bbox 336 1835 1938 1915">
    <p class='ocr_par' dir='ltr' id='par_1_24' title="bbox 336 1835 1938 1915">
     <span class='ocr_line' id='line_1_24' title="bbox 336 1835 1938 1915; baseline 0.005 -28"><span class='ocrx_word' id='word_1_182' title='bbox 336 1835 728 1909; x_wconf 86' lang='grc' dir='ltr'><strong>ἀνθρωπότητι</strong></span> <span class='ocrx_word' id='word_1_183' title='bbox 757 1838 858 1911; x_wconf 78' lang='grc' dir='ltr'><strong>τὴν</strong></span> <span class='ocrx_word' id='word_1_184' title='bbox 884 1840 1023 1911; x_wconf 83' lang='grc' dir='ltr'><strong>αὑτῇ</strong></span> <span class='ocrx_word' id='word_1_185' title='bbox 1056 1839 1372 1911; x_wconf 82' lang='grc' dir='ltr'><strong>πρέπουσαν</strong></span> <span class='ocrx_word' id='word_1_186' title='bbox 1394 1860 1415 1909; x_wconf 82' lang='grc'>;</span> <span class='ocrx_word' id='word_1_187' title='bbox 1440 1841 1593 1909; x_wconf 77' lang='grc' dir='ltr'><strong>τάξιν</strong></span> <span class='ocrx_word' id='word_1_188' title='bbox 1625 1842 1938 1915; x_wconf 67' lang='grc' dir='ltr'><strong>Ἄνθρωπός-</strong></span> 
     </span>
    </p>
   </div>
   <div class='ocr_carea' id='block_1_25' title="bbox 335 1930 1649 2004">
    <p class='ocr_par' dir='ltr' id='par_1_25' title="bbox 335 1930 1649 2004">
     <span class='ocr_line' id='line_1_25' title="bbox 335 1930 1649 2004; baseline 0.005 -23"><span class='ocrx_word' id='word_1_189' title='bbox 335 1944 502 1999; x_wconf 86' lang='grc' dir='ltr'><strong>τητος</strong></span> <span class='ocrx_word' id='word_1_190' title='bbox 528 1930 647 2002; x_wconf 74' lang='grc' dir='ltr'><strong>γὰρ</strong></span> <span class='ocrx_word' id='word_1_191' title='bbox 669 1930 798 1986; x_wconf 68' lang='lat' dir='ltr'><strong>tam</strong></span> <span class='ocrx_word' id='word_1_192' title='bbox 826 1932 888 1986; x_wconf 83' lang='grc' dir='ltr'><strong>τὸ</strong></span> <span class='ocrx_word' id='word_1_193' title='bbox 924 1932 1001 2004; x_wconf 83' lang='grc' dir='ltr'><strong>μὴ</strong></span> <span class='ocrx_word' id='word_1_194' title='bbox 1034 1932 1237 1988; x_wconf 86' lang='grc' dir='ltr'><strong>εἰδέναι</strong></span> <span class='ocrx_word' id='word_1_195' title='bbox 1266 1933 1335 1987; x_wconf 81' lang='grc' dir='ltr'><strong>τὰ</strong></span> <span class='ocrx_word' id='word_1_196' title='bbox 1365 1934 1649 2004; x_wconf 87' lang='grc' dir='ltr'><strong>μέλλοντα.</strong></span> 
     </span>
    </p>
   </div>
   <div class='ocr_carea' id='block_1_26' title="bbox 788 2150 1484 2225">
    <p class='ocr_par' dir='ltr' id='par_1_26' title="bbox 788 2150 1484 2225">
     <span class='ocr_line' id='line_1_26' title="bbox 788 2150 1484 2225; baseline 0.003 -20"><span class='ocrx_word' id='word_1_197' title='bbox 788 2152 997 2221; x_wconf 74' lang='grc' dir='ltr'><strong>ΛΑΛΟ,</strong></span> <span class='ocrx_word' id='word_1_198' title='bbox 1027 2150 1484 2225; x_wconf 76' lang='grc' dir='ltr'><strong>διηγηματικῶς.</strong></span> 
     </span>
    </p>
   </div>
   <div class='ocr_carea' id='block_1_27' title="bbox 423 2260 1935 2339">
    <p class='ocr_par' dir='ltr' id='par_1_27' title="bbox 423 2260 1935 2339">
     <span class='ocr_line' id='line_1_27' title="bbox 423 2260 1935 2339; baseline 0.005 -25"><span class='ocrx_word' id='word_1_199' title='bbox 423 2260 513 2314; x_wconf 76' lang='grc' dir='ltr'>Ἑν</span> <span class='ocrx_word' id='word_1_200' title='bbox 539 2264 659 2327; x_wconf 86' lang='grc' dir='ltr'><strong>ταῖς</strong></span> <span class='ocrx_word' id='word_1_201' title='bbox 687 2262 780 2317; x_wconf 80' lang='grc' dir='ltr'><strong>τοῦ</strong></span> <span class='ocrx_word' id='word_1_202' title='bbox 817 2265 1073 2337; x_wconf 81' lang='grc' dir='ltr'><strong>Σωτῆρος</strong></span> <span class='ocrx_word' id='word_1_203' title='bbox 1115 2268 1323 2335; x_wconf 80' lang='grc' dir='ltr'><strong>φωναῖς</strong></span> <span class='ocrx_word' id='word_1_204' title='bbox 1357 2266 1570 2339; x_wconf 82' lang='grc' dir='ltr'><strong>ἀνάγκη</strong></span> <span class='ocrx_word' id='word_1_205' title='bbox 1604 2266 1696 2321; x_wconf 78' lang='grc' dir='ltr'><strong>τὸν</strong></span> <span class='ocrx_word' id='word_1_206' title='bbox 1744 2268 1935 2339; x_wconf 86' lang='grc' dir='ltr'><strong>χρόνον</strong></span> 
     </span>
    </p>
   </div>
   <div class='ocr_carea' id='block_1_28' title="bbox 334 2351 1934 2430">
    <p class='ocr_par' dir='ltr' id='par_1_28' title="bbox 334 2351 1934 2430">
     <span class='ocr_line' id='line_1_28' title="bbox 334 2351 1934 2430; baseline 0.005 -25"><span class='ocrx_word' id='word_1_207' title='bbox 334 2351 712 2419; x_wconf 74' lang='grc' dir='ltr'><strong>ἐξετάζεσθαι,</strong></span> <span class='ocrx_word' id='word_1_208' title='bbox 745 2355 866 2409; x_wconf 83' lang='grc' dir='ltr'><strong>καθ’</strong></span> <span class='ocrx_word' id='word_1_209' title='bbox 906 2356 965 2410; x_wconf 84' lang='grc' dir='ltr'><strong>ὃν</strong></span> <span class='ocrx_word' id='word_1_210' title='bbox 995 2358 1209 2429; x_wconf 72' lang='grc' dir='ltr'><strong>εἴρηται</strong></span> <span class='ocrx_word' id='word_1_211' title='bbox 1250 2360 1381 2427; x_wconf 81' lang='grc' dir='ltr'><strong>παρ’</strong></span> <span class='ocrx_word' id='word_1_212' title='bbox 1411 2357 1576 2411; x_wconf 76' lang='grc' dir='ltr'><strong>αὑτοῦ</strong></span> <span class='ocrx_word' id='word_1_213' title='bbox 1601 2375 1614 2389; x_wconf 88' lang='grc'>·</span> <span class='ocrx_word' id='word_1_214' title='bbox 1652 2358 1794 2412; x_wconf 74' lang='grc' dir='ltr'><strong>οὕτω</strong></span> <span class='ocrx_word' id='word_1_215' title='bbox 1826 2360 1934 2430; x_wconf 82' lang='grc' dir='ltr'><strong>γὰρ</strong></span> 
     </span>
    </p>
   </div>
   <div class='ocr_carea' id='block_1_29' title="bbox 332 2441 1933 2521">
    <p class='ocr_par' dir='ltr' id='par_1_29' title="bbox 332 2441 1933 2521">
     <span class='ocr_line' id='line_1_29' title="bbox 332 2441 1933 2521; baseline 0.005 -27"><span class='ocrx_word' id='word_1_216' title='bbox 332 2441 399 2494; x_wconf 81' lang='grc' dir='ltr'><strong>τὸ</strong></span> <span class='ocrx_word' id='word_1_217' title='bbox 427 2443 732 2498; x_wconf 80' lang='grc' dir='ltr'><strong>πλανᾶσθαι</strong></span> <span class='ocrx_word' id='word_1_218' title='bbox 760 2445 1181 2516; x_wconf 79' lang='grc' dir='ltr'><strong>διαφευξόμεθα.</strong></span> <span class='ocrx_word' id='word_1_219' title='bbox 1225 2445 1286 2501; x_wconf 86' lang='grc' dir='ltr'><strong>Εἰ</strong></span> <span class='ocrx_word' id='word_1_220' title='bbox 1319 2449 1419 2519; x_wconf 76' lang='grc' dir='ltr'><strong>μὲν</strong></span> <span class='ocrx_word' id='word_1_221' title='bbox 1460 2446 1553 2504; x_wconf 76' lang='grc' dir='ltr'><strong>οὖν</strong></span> <span class='ocrx_word' id='word_1_222' title='bbox 1585 2451 1693 2521; x_wconf 86' lang='grc' dir='ltr'><strong>πρὸ</strong></span> <span class='ocrx_word' id='word_1_223' title='bbox 1720 2451 1818 2521; x_wconf 85' lang='grc' dir='ltr'><strong>τῆς</strong></span> <span class='ocrx_word' id='word_1_224' title='bbox 1846 2453 1933 2504; x_wconf 79' lang='grc' dir='ltr'><strong>ὲν-</strong></span> 
     </span>
    </p>
   </div>
   <div class='ocr_carea' id='block_1_30' title="bbox 333 2533 1934 2611">
    <p class='ocr_par' dir='ltr' id='par_1_30' title="bbox 333 2533 1934 2611">
     <span class='ocr_line' id='line_1_30' title="bbox 333 2533 1934 2611; baseline 0.007 -25"><span class='ocrx_word' id='word_1_225' title='bbox 333 2533 751 2607; x_wconf 81' lang='grc' dir='ltr'><strong>ανθρωπήσεως</strong></span> <span class='ocrx_word' id='word_1_226' title='bbox 777 2537 806 2589; x_wconf 86' lang='grc' dir='ltr'><strong>ὁ</strong></span> <span class='ocrx_word' id='word_1_227' title='bbox 832 2536 939 2590; x_wconf 71' lang='grc' dir='ltr'><strong>τοῦ</strong></span> <span class='ocrx_word' id='word_1_228' title='bbox 957 2538 1094 2591; x_wconf 83' lang='grc' dir='ltr'><strong>Θεοῦ</strong></span> <span class='ocrx_word' id='word_1_229' title='bbox 1126 2539 1300 2608; x_wconf 88' lang='grc' dir='ltr'><strong>Λόγος</strong></span> <span class='ocrx_word' id='word_1_230' title='bbox 1343 2541 1656 2611; x_wconf 81' lang='grc' dir='ltr'><strong>εὑρίσκεταί</strong></span> <span class='ocrx_word' id='word_1_231' title='bbox 1695 2559 1800 2595; x_wconf 87' lang='grc' dir='ltr'><strong>που</strong></span> <span class='ocrx_word' id='word_1_232' title='bbox 1837 2560 1934 2597; x_wconf 83' lang='grc' dir='ltr'><strong>ταο</strong></span> 
     </span>
    </p>
   </div>
   <div class='ocr_carea' id='block_1_31' title="bbox 334 2628 1934 2709">
    <p class='ocr_par' dir='ltr' id='par_1_31' title="bbox 334 2628 1934 2709">
     <span class='ocr_line' id='line_1_31' title="bbox 334 2628 1934 2709; baseline 0.007 -28"><span class='ocrx_word' id='word_1_233' title='bbox 334 2628 524 2682; x_wconf 86' lang='grc' dir='ltr'><strong>πεινόν</strong></span> <span class='ocrx_word' id='word_1_234' title='bbox 544 2647 596 2683; x_wconf 88' lang='grc' dir='ltr'><strong>τι</strong></span> <span class='ocrx_word' id='word_1_235' title='bbox 623 2632 751 2702; x_wconf 76' lang='grc' dir='ltr'><strong>περὶ</strong></span> <span class='ocrx_word' id='word_1_236' title='bbox 774 2632 969 2686; x_wconf 80' lang='grc' dir='ltr'><strong>ἑαυτοῦ</strong></span> <span class='ocrx_word' id='word_1_237' title='bbox 992 2634 1253 2705; x_wconf 80' lang='grc' dir='ltr'><strong>λαλήσας,</strong></span> <span class='ocrx_word' id='word_1_238' title='bbox 1280 2636 1535 2690; x_wconf 78' lang='grc' dir='ltr'><strong>ἁπτέσθω</strong></span> <span class='ocrx_word' id='word_1_239' title='bbox 1560 2639 1657 2707; x_wconf 83' lang='grc' dir='ltr'><strong>τῆς</strong></span> <span class='ocrx_word' id='word_1_240' title='bbox 1681 2637 1934 2709; x_wconf 82' lang='grc' dir='ltr'><strong>θεότητος</strong></span> 
     </span>
    </p>
   </div>
   <div class='ocr_carea' id='block_1_32' title="bbox 332 2717 1933 2798">
    <p class='ocr_par' dir='ltr' id='par_1_32' title="bbox 332 2717 1933 2798">
     <span class='ocr_line' id='line_1_32' title="bbox 332 2717 1933 2798; baseline 0.008 -28"><span class='ocrx_word' id='word_1_241' title='bbox 332 2717 529 2784; x_wconf 79' lang='grc' dir='ltr'><strong>αὑτοῦ,</strong></span> <span class='ocrx_word' id='word_1_242' title='bbox 557 2721 651 2773; x_wconf 80' lang='grc' dir='ltr'><strong>καὶ</strong></span> <span class='ocrx_word' id='word_1_243' title='bbox 681 2722 934 2794; x_wconf 80' lang='grc' dir='ltr'><strong>φερέσθω</strong></span> <span class='ocrx_word' id='word_1_244' title='bbox 975 2725 1097 2777; x_wconf 81' lang='grc' dir='ltr'><strong>κατ’</strong></span> <span class='ocrx_word' id='word_1_245' title='bbox 1127 2724 1344 2796; x_wconf 78' lang='grc' dir='ltr'><strong>ἐκείνης</strong></span> <span class='ocrx_word' id='word_1_246' title='bbox 1375 2726 1445 2779; x_wconf 83' lang='grc' dir='ltr'><strong>τὰ</strong></span> <span class='ocrx_word' id='word_1_247' title='bbox 1486 2728 1725 2798; x_wconf 76' lang='grc' dir='ltr'><strong>ῥήματα.</strong></span> <span class='ocrx_word' id='word_1_248' title='bbox 1772 2728 1841 2781; x_wconf 82' lang='grc' dir='ltr'><strong>Εἰ</strong></span> <span class='ocrx_word' id='word_1_249' title='bbox 1876 2729 1933 2782; x_wconf 81' lang='grc' dir='ltr'><strong>δὲ</strong></span> 
     </span>
    </p>
   </div>
   <div class='ocr_carea' id='block_1_33' title="bbox 330 2809 1935 2889">
    <p class='ocr_par' dir='ltr' id='par_1_33' title="bbox 330 2809 1935 2889">
     <span class='ocr_line' id='line_1_33' title="bbox 330 2809 1935 2889; baseline 0.005 -25"><span class='ocrx_word' id='word_1_250' title='bbox 330 2809 426 2864; x_wconf 82' lang='grc' dir='ltr'><strong>ὅτε</strong></span> <span class='ocrx_word' id='word_1_251' title='bbox 459 2810 652 2879; x_wconf 88' lang='grc' dir='ltr'><strong>γέγονε</strong></span> <span class='ocrx_word' id='word_1_252' title='bbox 687 2811 857 2882; x_wconf 75' lang='grc' dir='ltr'><strong>σὰρξ,</strong></span> <span class='ocrx_word' id='word_1_253' title='bbox 881 2813 1251 2885; x_wconf 77' lang='grc' dir='ltr'><strong>ἀνθρωπίναις</strong></span> <span class='ocrx_word' id='word_1_254' title='bbox 1284 2818 1560 2889; x_wconf 78' lang='grc' dir='ltr'><strong>ἐχρήσατο</strong></span> <span class='ocrx_word' id='word_1_255' title='bbox 1601 2823 1830 2889; x_wconf 73' lang='grc' dir='ltr'><strong>φωναῖς,</strong></span> <span class='ocrx_word' id='word_1_256' title='bbox 1864 2820 1935 2872; x_wconf 81' lang='grc' dir='ltr'><strong>ἵν’</strong></span> 
     </span>
    </p>
   </div>
   <div class='ocr_carea' id='block_1_34' title="bbox 332 2901 1933 2983">
    <p class='ocr_par' dir='ltr' id='par_1_34' title="bbox 332 2901 1933 2983">
     <span class='ocr_line' id='line_1_34' title="bbox 332 2901 1933 2983; baseline 0.007 -28"><span class='ocrx_word' id='word_1_257' title='bbox 332 2901 507 2966; x_wconf 70' lang='grc' dir='ltr'><strong>ὅντως</strong></span> <span class='ocrx_word' id='word_1_258' title='bbox 551 2904 753 2958; x_wconf 76' lang='grc' dir='ltr'><strong>ἑαυτὸν</strong></span> <span class='ocrx_word' id='word_1_259' title='bbox 789 2907 882 2959; x_wconf 69' lang='grc' dir='ltr'><strong>καὶ</strong></span> <span class='ocrx_word' id='word_1_260' title='bbox 932 2906 1219 2979; x_wconf 74' lang='grc' dir='ltr'><strong>ἄνθρωπον</strong></span> <span class='ocrx_word' id='word_1_261' title='bbox 1266 2909 1397 2965; x_wconf 81' lang='grc' dir='ltr'><strong>ὅντα</strong></span> <span class='ocrx_word' id='word_1_262' title='bbox 1443 2912 1625 2983; x_wconf 81' lang='grc' dir='ltr'><strong>δείξῃ,</strong></span> <span class='ocrx_word' id='word_1_263' title='bbox 1671 2912 1789 2976; x_wconf 86' lang='grc' dir='ltr'><strong>πῶς</strong></span> <span class='ocrx_word' id='word_1_264' title='bbox 1833 2913 1933 2967; x_wconf 80' lang='grc' dir='ltr'><strong>οὐκ</strong></span> 
     </span>
    </p>
   </div>
   <div class='ocr_carea' id='block_1_35' title="bbox 335 2993 1935 3075">
    <p class='ocr_par' dir='ltr' id='par_1_35' title="bbox 335 2993 1935 3075">
     <span class='ocr_line' id='line_1_35' title="bbox 335 2993 1935 3075; baseline 0.006 -28"><span class='ocrx_word' id='word_1_265' title='bbox 335 2993 636 3047; x_wconf 86' lang='grc' dir='ltr'><strong>ἀκόλουθον</strong></span> <span class='ocrx_word' id='word_1_266' title='bbox 665 2997 747 3059; x_wconf 89' lang='grc' dir='ltr'><strong>εἰς</strong></span> <span class='ocrx_word' id='word_1_267' title='bbox 788 2997 887 3066; x_wconf 78' lang='grc' dir='ltr'><strong>τὴν</strong></span> <span class='ocrx_word' id='word_1_268' title='bbox 918 2996 1318 3070; x_wconf 86' lang='grc' dir='ltr'><strong>ἀνθρωπότητα</strong></span> <span class='ocrx_word' id='word_1_269' title='bbox 1350 3000 1539 3072; x_wconf 84' lang='grc' dir='ltr'><strong>φέρειν</strong></span> <span class='ocrx_word' id='word_1_270' title='bbox 1569 3003 1638 3057; x_wconf 76' lang='grc' dir='ltr'><strong>τὰ</strong></span> <span class='ocrx_word' id='word_1_271' title='bbox 1664 3002 1935 3075; x_wconf 66' lang='grc' dir='ltr'><strong>ἀνθρωπίὲ</strong></span> 
     </span>
    </p>
   </div>
   <div class='ocr_carea' id='block_1_36' title="bbox 333 3088 1932 3167">
    <p class='ocr_par' dir='ltr' id='par_1_36' title="bbox 333 3088 1932 3167">
     <span class='ocr_line' id='line_1_36' title="bbox 333 3088 1932 3167; baseline 0.008 -29"><span class='ocrx_word' id='word_1_272' title='bbox 333 3102 446 3149; x_wconf 78' lang='grc' dir='ltr'><strong>νως</strong></span> <span class='ocrx_word' id='word_1_273' title='bbox 477 3088 743 3158; x_wconf 80' lang='grc' dir='ltr'><strong>εἰρημένα</strong></span> <span class='ocrx_word' id='word_1_274' title='bbox 770 3106 785 3154; x_wconf 87' lang='grc'>;</span> <span class='ocrx_word' id='word_1_275' title='bbox 815 3088 987 3143; x_wconf 80' lang='grc' dir='ltr'><strong>Τοῦτο</strong></span> <span class='ocrx_word' id='word_1_276' title='bbox 1012 3091 1120 3164; x_wconf 89' lang='grc' dir='ltr'><strong>γάρ</strong></span> <span class='ocrx_word' id='word_1_277' title='bbox 1164 3093 1321 3147; x_wconf 72' lang='grc' dir='ltr'><strong>ἐστιν</strong></span> <span class='ocrx_word' id='word_1_278' title='bbox 1338 3094 1697 3164; x_wconf 84' lang='grc' dir='ltr'><strong>ἀποδέχεσθαι</strong></span> <span class='ocrx_word' id='word_1_279' title='bbox 1728 3097 1825 3167; x_wconf 84' lang='grc' dir='ltr'><strong>τῆς</strong></span> <span class='ocrx_word' id='word_1_280' title='bbox 1852 3098 1932 3150; x_wconf 86' lang='grc' dir='ltr'><strong>οἰ-</strong></span> 
     </span>
    </p>
   </div>
   <div class='ocr_carea' id='block_1_37' title="bbox 337 3178 1933 3257">
    <p class='ocr_par' dir='ltr' id='par_1_37' title="bbox 337 3178 1933 3257">
     <span class='ocr_line' id='line_1_37' title="bbox 337 3178 1933 3257; baseline 0.006 -26"><span class='ocrx_word' id='word_1_281' title='bbox 337 3178 601 3248; x_wconf 84' lang='grc' dir='ltr'><strong>κονομίας</strong></span> <span class='ocrx_word' id='word_1_282' title='bbox 625 3179 715 3234; x_wconf 83' lang='grc' dir='ltr'><strong>τὸν</strong></span> <span class='ocrx_word' id='word_1_283' title='bbox 744 3182 966 3251; x_wconf 87' lang='grc' dir='ltr'><strong>τρόπον.</strong></span> <span class='ocrx_word' id='word_1_284' title='bbox 1003 3182 1064 3236; x_wconf 87' lang='grc' dir='ltr'><strong>Εἰ</strong></span> <span class='ocrx_word' id='word_1_285' title='bbox 1097 3183 1196 3255; x_wconf 82' lang='grc' dir='ltr'><strong>μὲν</strong></span> <span class='ocrx_word' id='word_1_286' title='bbox 1225 3185 1335 3256; x_wconf 85' lang='grc' dir='ltr'><strong>γὰρ</strong></span> <span class='ocrx_word' id='word_1_287' title='bbox 1376 3187 1437 3239; x_wconf 84' lang='grc' dir='ltr'><strong>οὐ</strong></span> <span class='ocrx_word' id='word_1_288' title='bbox 1468 3187 1692 3255; x_wconf 84' lang='grc' dir='ltr'><strong>γέγονεν</strong></span> <span class='ocrx_word' id='word_1_289' title='bbox 1724 3186 1933 3257; x_wconf 73' lang='grc' dir='ltr'><strong>ἀνθρωο</strong></span> 
     </span>
    </p>
   </div>
   <div class='ocr_carea' id='block_1_38' title="bbox 2035 1201 3623 1276">
    <p class='ocr_par' dir='ltr' id='par_1_38' title="bbox 2035 1201 3623 1276">
     <span class='ocr_line' id='line_1_38' title="bbox 2035 1201 3623 1276; baseline -0.006 -10"><span class='ocrx_word' id='word_1_290' title='bbox 2035 1213 2225 1266; x_wconf 88' lang='lat' dir='ltr'><strong>horam</strong></span> <span class='ocrx_word' id='word_1_291' title='bbox 2251 1217 2514 1267; x_wconf 81' lang='lat' dir='ltr'><strong>eventura</strong></span> <span class='ocrx_word' id='word_1_292' title='bbox 2538 1217 2751 1275; x_wconf 80' lang='lat' dir='ltr'><strong>essent,</strong></span> <span class='ocrx_word' id='word_1_293' title='bbox 2771 1205 3057 1263; x_wconf 78' lang='lat' dir='ltr'><strong>manifeste</strong></span> <span class='ocrx_word' id='word_1_294' title='bbox 3086 1203 3344 1276; x_wconf 78' lang='lat' dir='ltr'><strong>explicat,</strong></span> <span class='ocrx_word' id='word_1_295' title='bbox 3372 1212 3426 1259; x_wconf 90' lang='lat' dir='ltr'><strong>et</strong></span> <span class='ocrx_word' id='word_1_296' title='bbox 3449 1201 3623 1258; x_wconf 89' lang='lat' dir='ltr'><strong>dicit:</strong></span> 
     </span>
    </p>
   </div>
   <div class='ocr_carea' id='block_1_39' title="bbox 2036 1291 3625 1375">
    <p class='ocr_par' dir='ltr' id='par_1_39' title="bbox 2036 1291 3625 1375">
     <span class='ocr_line' id='line_1_39' title="bbox 2036 1291 3625 1375; baseline -0.009 -15"><span class='ocrx_word' id='word_1_297' title='bbox 2036 1304 2151 1360; x_wconf 74' lang='lat' dir='ltr'><strong>Hoc</strong></span> <span class='ocrx_word' id='word_1_298' title='bbox 2184 1303 2400 1375; x_wconf 83' lang='lat' dir='ltr'><strong>quidem</strong></span> <span class='ocrx_word' id='word_1_299' title='bbox 2431 1302 2555 1367; x_wconf 82' lang='lat' dir='ltr'><strong>erit,</strong></span> <span class='ocrx_word' id='word_1_300' title='bbox 2589 1300 2718 1356; x_wconf 90' lang='lat' dir='ltr'><strong>illud</strong></span> <span class='ocrx_word' id='word_1_301' title='bbox 2746 1312 2881 1355; x_wconf 88' lang='lat' dir='ltr'><strong>vero</strong></span> <span class='ocrx_word' id='word_1_302' title='bbox 2908 1296 3151 1361; x_wconf 85' lang='lat' dir='ltr'><strong>accidet,</strong></span> <span class='ocrx_word' id='word_1_303' title='bbox 3190 1304 3247 1350; x_wconf 89' lang='lat' dir='ltr'><strong>et</strong></span> <span class='ocrx_word' id='word_1_304' title='bbox 3283 1303 3395 1348; x_wconf 92' lang='lat' dir='ltr'><strong>tum</strong></span> <span class='ocrx_word' id='word_1_305' title='bbox 3426 1292 3529 1348; x_wconf 88' lang='lat' dir='ltr'><strong>erit</strong></span> <span class='ocrx_word' id='word_1_306' title='bbox 3564 1291 3625 1346; x_wconf 81' lang='lat' dir='ltr'><strong>tl-</strong></span> 
     </span>
    </p>
   </div>
   <div class='ocr_carea' id='block_1_40' title="bbox 2037 1385 3626 1461">
    <p class='ocr_par' dir='ltr' id='par_1_40' title="bbox 2037 1385 3626 1461">
     <span class='ocr_line' id='line_1_40' title="bbox 2037 1385 3626 1461; baseline -0.009 -10"><span class='ocrx_word' id='word_1_307' title='bbox 2037 1394 2149 1458; x_wconf 90' lang='lat' dir='ltr'><strong>nis,</strong></span> <span class='ocrx_word' id='word_1_308' title='bbox 2183 1392 2529 1449; x_wconf 77' lang='lat' dir='ltr'><strong>manifestum</strong></span> <span class='ocrx_word' id='word_1_309' title='bbox 2560 1399 2645 1448; x_wconf 90' lang='lat' dir='ltr'><strong>est</strong></span> <span class='ocrx_word' id='word_1_310' title='bbox 2679 1392 2842 1461; x_wconf 86' lang='lat' dir='ltr'><strong>quod,</strong></span> <span class='ocrx_word' id='word_1_311' title='bbox 2880 1390 2925 1445; x_wconf 90' lang='lat' dir='ltr'><strong>si</strong></span> <span class='ocrx_word' id='word_1_312' title='bbox 2959 1404 3079 1459; x_wconf 79' lang='lat' dir='ltr'><strong>qua:</strong></span> <span class='ocrx_word' id='word_1_313' title='bbox 3113 1387 3253 1443; x_wconf 91' lang='lat' dir='ltr'><strong>diem</strong></span> <span class='ocrx_word' id='word_1_314' title='bbox 3289 1385 3437 1443; x_wconf 90' lang='lat' dir='ltr'><strong>illum</strong></span> <span class='ocrx_word' id='word_1_315' title='bbox 3471 1390 3626 1437; x_wconf 89' lang='lat' dir='ltr'><strong>ante-</strong></span> 
     </span>
    </p>
   </div>
   <div class='ocr_carea' id='block_1_41' title="bbox 2037 1472 3622 1551">
    <p class='ocr_par' dir='ltr' id='par_1_41' title="bbox 2037 1472 3622 1551">
     <span class='ocr_line' id='line_1_41' title="bbox 2037 1472 3622 1551; baseline -0.009 -12"><span class='ocrx_word' id='word_1_316' title='bbox 2037 1499 2253 1541; x_wconf 84' lang='lat' dir='ltr'><strong>cessura</strong></span> <span class='ocrx_word' id='word_1_317' title='bbox 2295 1493 2479 1550; x_wconf 83' lang='lat' dir='ltr'><strong>erant,</strong></span> <span class='ocrx_word' id='word_1_318' title='bbox 2521 1491 2737 1549; x_wconf 86' lang='lat' dir='ltr'><strong>nosset,</strong></span> <span class='ocrx_word' id='word_1_319' title='bbox 2777 1481 2950 1551; x_wconf 85' lang='lat' dir='ltr'><strong>ipsum</strong></span> <span class='ocrx_word' id='word_1_320' title='bbox 2996 1480 3161 1534; x_wconf 87' lang='lat' dir='ltr'><strong>etiam</strong></span> <span class='ocrx_word' id='word_1_321' title='bbox 3205 1477 3345 1533; x_wconf 93' lang='lat' dir='ltr'><strong>diem</strong></span> <span class='ocrx_word' id='word_1_322' title='bbox 3386 1472 3622 1529; x_wconf 91' lang='lat' dir='ltr'><strong>noverit.</strong></span> 
     </span>
    </p>
   </div>
   <div class='ocr_carea' id='block_1_42' title="bbox 2036 1561 3623 1643">
    <p class='ocr_par' dir='ltr' id='par_1_42' title="bbox 2036 1561 3623 1643">
     <span class='ocr_line' id='line_1_42' title="bbox 2036 1561 3623 1643; baseline -0.009 -15"><span class='ocrx_word' id='word_1_323' title='bbox 2036 1573 2170 1628; x_wconf 89' lang='lat' dir='ltr'><strong>Nam</strong></span> <span class='ocrx_word' id='word_1_324' title='bbox 2204 1583 2323 1643; x_wconf 87' lang='lat' dir='ltr'><strong>post</strong></span> <span class='ocrx_word' id='word_1_325' title='bbox 2353 1573 2441 1628; x_wconf 85' lang='lat' dir='ltr'><strong>illa</strong></span> <span class='ocrx_word' id='word_1_326' title='bbox 2471 1587 2591 1641; x_wconf 74' lang='lat' dir='ltr'><strong>qua:</strong></span> <span class='ocrx_word' id='word_1_327' title='bbox 2620 1571 2688 1626; x_wconf 90' lang='lat' dir='ltr'><strong>ab</strong></span> <span class='ocrx_word' id='word_1_328' title='bbox 2714 1571 2833 1639; x_wconf 91' lang='lat' dir='ltr'><strong>ipso</strong></span> <span class='ocrx_word' id='word_1_329' title='bbox 2863 1569 3123 1640; x_wconf 61' lang='lat' dir='ltr'><strong>praedicta</strong></span> <span class='ocrx_word' id='word_1_330' title='bbox 3144 1576 3290 1632; x_wconf 89' lang='lat' dir='ltr'><strong>sunt,</strong></span> <span class='ocrx_word' id='word_1_331' title='bbox 3319 1561 3623 1632; x_wconf 80' lang='lat' dir='ltr'><strong>subiungit,</strong></span> 
     </span>
    </p>
   </div>
   <div class='ocr_carea' id='block_1_43' title="bbox 2044 1654 3621 1728">
    <p class='ocr_par' dir='ltr' id='par_1_43' title="bbox 2044 1654 3621 1728">
     <span class='ocr_line' id='line_1_43' title="bbox 2044 1654 3621 1728; baseline -0.007 -12"><span class='ocrx_word' id='word_1_332' title='bbox 2044 1683 2063 1716; x_wconf 76' lang='grc' dir='ltr'><strong>ι</strong></span> <span class='ocrx_word' id='word_1_333' title='bbox 2104 1664 2256 1719; x_wconf 82' lang='lat' dir='ltr'><strong>Tunc</strong></span> <span class='ocrx_word' id='word_1_334' title='bbox 2288 1664 2395 1719; x_wconf 89' lang='lat' dir='ltr'><strong>erit</strong></span> <span class='ocrx_word' id='word_1_335' title='bbox 2430 1663 2551 1718; x_wconf 78' lang='lat' dir='ltr'><strong>linis</strong></span> <span class='ocrx_word' id='word_1_336' title='bbox 2571 1662 2619 1695; x_wconf 77' lang='grc'><strong>⁷⁸</strong></span> <span class='ocrx_word' id='word_1_337' title='bbox 2656 1679 2671 1717; x_wconf 88' lang='lat'><strong>:</strong></span> <span class='ocrx_word' id='word_1_338' title='bbox 2716 1680 2737 1712; x_wconf 72' lang='grc' dir='ltr'><strong>ι</strong></span> <span class='ocrx_word' id='word_1_339' title='bbox 2775 1661 2902 1715; x_wconf 84' lang='lat' dir='ltr'><strong>linis</strong></span> <span class='ocrx_word' id='word_1_340' title='bbox 2935 1669 3151 1722; x_wconf 88' lang='lat' dir='ltr'><strong>autem,</strong></span> <span class='ocrx_word' id='word_1_341' title='bbox 3185 1657 3440 1728; x_wconf 85' lang='lat' dir='ltr'><strong>quidnam</strong></span> <span class='ocrx_word' id='word_1_342' title='bbox 3478 1654 3621 1707; x_wconf 89' lang='lat' dir='ltr'><strong>aliud</strong></span> 
     </span>
    </p>
   </div>
   <div class='ocr_carea' id='block_1_44' title="bbox 2038 1750 3625 1826">
    <p class='ocr_par' dir='ltr' id='par_1_44' title="bbox 2038 1750 3625 1826">
     <span class='ocr_line' id='line_1_44' title="bbox 2038 1750 3625 1826; baseline -0.008 -15"><span class='ocrx_word' id='word_1_343' title='bbox 2038 1756 2111 1811; x_wconf 88' lang='lat' dir='ltr'><strong>sit</strong></span> <span class='ocrx_word' id='word_1_344' title='bbox 2146 1770 2308 1826; x_wconf 88' lang='lat' dir='ltr'><strong>quam</strong></span> <span class='ocrx_word' id='word_1_345' title='bbox 2348 1755 2465 1825; x_wconf 87' lang='lat' dir='ltr'><strong>ipse</strong></span> <span class='ocrx_word' id='word_1_346' title='bbox 2503 1753 2725 1809; x_wconf 91' lang='lat' dir='ltr'><strong>ultimus</strong></span> <span class='ocrx_word' id='word_1_347' title='bbox 2760 1752 2907 1817; x_wconf 82' lang='lat' dir='ltr'><strong>dies,</strong></span> <span class='ocrx_word' id='word_1_348' title='bbox 2949 1765 3109 1821; x_wconf 85' lang='lat' dir='ltr'><strong>quem</strong></span> <span class='ocrx_word' id='word_1_349' title='bbox 3152 1750 3405 1819; x_wconf 78' lang='lat' dir='ltr'><strong>ignorare</strong></span> <span class='ocrx_word' id='word_1_350' title='bbox 3442 1760 3502 1801; x_wconf 91' lang='lat' dir='ltr'><strong>se</strong></span> <span class='ocrx_word' id='word_1_351' title='bbox 3540 1759 3625 1799; x_wconf 91' lang='lat' dir='ltr'><strong>re-</strong></span> 
     </span>
    </p>
   </div>
   <div class='ocr_carea' id='block_1_45' title="bbox 2040 1836 3623 1918">
    <p class='ocr_par' dir='ltr' id='par_1_45' title="bbox 2040 1836 3623 1918">
     <span class='ocr_line' id='line_1_45' title="bbox 2040 1836 3623 1918; baseline -0.009 -15"><span class='ocrx_word' id='word_1_352' title='bbox 2040 1858 2231 1918; x_wconf 85' lang='lat' dir='ltr'><strong>spectu</strong></span> <span class='ocrx_word' id='word_1_353' title='bbox 2257 1848 2645 1904; x_wconf 84' lang='lat' dir='ltr'><strong>incarnationis</strong></span> <span class='ocrx_word' id='word_1_354' title='bbox 2675 1845 2858 1909; x_wconf 70' lang='lat' dir='ltr'><strong>dixit,</strong></span> <span class='ocrx_word' id='word_1_355' title='bbox 2877 1843 3122 1900; x_wconf 85' lang='lat' dir='ltr'><strong>ordinem</strong></span> <span class='ocrx_word' id='word_1_356' title='bbox 3153 1850 3215 1897; x_wconf 79' lang='lat' dir='ltr'><strong>et</strong></span> <span class='ocrx_word' id='word_1_357' title='bbox 3237 1840 3493 1896; x_wconf 79' lang='lat' dir='ltr'><strong>decorum</strong></span> <span class='ocrx_word' id='word_1_358' title='bbox 3525 1836 3623 1889; x_wconf 92' lang='lat' dir='ltr'><strong>hu-</strong></span> 
     </span>
    </p>
   </div>
   <div class='ocr_carea' id='block_1_46' title="bbox 1965 1926 3622 1994">
    <p class='ocr_par' dir='ltr' id='par_1_46' title="bbox 1965 1926 3622 1994">
     <span class='ocr_line' id='line_1_46' title="bbox 1965 1926 3622 1994; baseline -0.006 -5"><span class='ocrx_word' id='word_1_359' title='bbox 1965 1932 2282 1994; x_wconf 80' lang='lat' dir='ltr'><strong>Bmanitati</strong></span> <span class='ocrx_word' id='word_1_360' title='bbox 2334 1937 2663 1994; x_wconf 86' lang='lat' dir='ltr'><strong>conveniens</strong></span> <span class='ocrx_word' id='word_1_361' title='bbox 2722 1935 2997 1992; x_wconf 68' lang='lat' dir='ltr'><strong>servans?</strong></span> <span class='ocrx_word' id='word_1_362' title='bbox 3053 1930 3429 1987; x_wconf 82' lang='lat' dir='ltr'><strong>Humanitatis.</strong></span> <span class='ocrx_word' id='word_1_363' title='bbox 3469 1926 3622 1982; x_wconf 86' lang='lat' dir='ltr'><strong>cnim</strong></span> 
     </span>
    </p>
   </div>
   <div class='ocr_carea' id='block_1_47' title="bbox 2037 2028 2937 2102">
    <p class='ocr_par' dir='ltr' id='par_1_47' title="bbox 2037 2028 2937 2102">
     <span class='ocr_line' id='line_1_47' title="bbox 2037 2028 2937 2102; baseline -0.007 -16"><span class='ocrx_word' id='word_1_364' title='bbox 2037 2030 2317 2102; x_wconf 82' lang='lat' dir='ltr'><strong>proprium</strong></span> <span class='ocrx_word' id='word_1_365' title='bbox 2344 2038 2425 2086; x_wconf 85' lang='lat' dir='ltr'><strong>est</strong></span> <span class='ocrx_word' id='word_1_366' title='bbox 2452 2028 2632 2083; x_wconf 83' lang='lat' dir='ltr'><strong>futura</strong></span> <span class='ocrx_word' id='word_1_367' title='bbox 2664 2028 2937 2089; x_wconf 67' lang='lat' dir='ltr'><strong>ianorare.</strong></span> 
     </span>
    </p>
   </div>
   <div class='ocr_carea' id='block_1_48' title="bbox 2554 2160 3109 2228">
    <p class='ocr_par' dir='ltr' id='par_1_48' title="bbox 2554 2160 3109 2228">
     <span class='ocr_line' id='line_1_48' title="bbox 2554 2160 3109 2228; baseline -0.009 -12"><span class='ocrx_word' id='word_1_368' title='bbox 2554 2160 2785 2228; x_wconf 82' lang='lat' dir='ltr'><strong>ALIUD,</strong></span> <span class='ocrx_word' id='word_1_369' title='bbox 2824 2160 3109 2214; x_wconf 74' lang='lat' dir='ltr'><strong>narrutive.</strong></span> 
     </span>
    </p>
   </div>
   <div class='ocr_carea' id='block_1_49' title="bbox 2106 2269 3632 2345">
    <p class='ocr_par' dir='ltr' id='par_1_49' title="bbox 2106 2269 3632 2345">
     <span class='ocr_line' id='line_1_49' title="bbox 2106 2269 3632 2345; baseline -0.009 -15"><span class='ocrx_word' id='word_1_370' title='bbox 2106 2276 2163 2330; x_wconf 92' lang='lat' dir='ltr'><strong>ln</strong></span> <span class='ocrx_word' id='word_1_371' title='bbox 2195 2276 2265 2331; x_wconf 90' lang='lat' dir='ltr'><strong>iis</strong></span> <span class='ocrx_word' id='word_1_372' title='bbox 2292 2290 2411 2345; x_wconf 62' lang='lat' dir='ltr'><strong>qua?</strong></span> <span class='ocrx_word' id='word_1_373' title='bbox 2442 2290 2472 2329; x_wconf 87' lang='lat' dir='ltr'><strong>a</strong></span> <span class='ocrx_word' id='word_1_374' title='bbox 2505 2275 2798 2330; x_wconf 89' lang='lat' dir='ltr'><strong>Servatore</strong></span> <span class='ocrx_word' id='word_1_375' title='bbox 2833 2283 3024 2328; x_wconf 89' lang='lat' dir='ltr'><strong>nostro</strong></span> <span class='ocrx_word' id='word_1_376' title='bbox 3056 2269 3197 2323; x_wconf 89' lang='lat' dir='ltr'><strong>dicta</strong></span> <span class='ocrx_word' id='word_1_377' title='bbox 3230 2274 3380 2333; x_wconf 88' lang='lat' dir='ltr'><strong>sunt,</strong></span> <span class='ocrx_word' id='word_1_378' title='bbox 3410 2269 3632 2333; x_wconf 79' lang='lat' dir='ltr'><strong>oportet</strong></span> 
     </span>
    </p>
   </div>
   <div class='ocr_carea' id='block_1_50' title="bbox 2037 2354 3623 2437">
    <p class='ocr_par' dir='ltr' id='par_1_50' title="bbox 2037 2354 3623 2437">
     <span class='ocr_line' id='line_1_50' title="bbox 2037 2354 3623 2437; baseline -0.008 -16"><span class='ocrx_word' id='word_1_379' title='bbox 2037 2367 2325 2437; x_wconf 71' lang='lat' dir='ltr'><strong>diligenter</strong></span> <span class='ocrx_word' id='word_1_380' title='bbox 2346 2368 2779 2422; x_wconf 79' lang='lat' dir='ltr'><strong>animadvertere</strong></span> <span class='ocrx_word' id='word_1_381' title='bbox 2801 2380 2908 2435; x_wconf 94' lang='lat' dir='ltr'><strong>quo</strong></span> <span class='ocrx_word' id='word_1_382' title='bbox 2937 2360 3176 2433; x_wconf 91' lang='lat' dir='ltr'><strong>quidque</strong></span> <span class='ocrx_word' id='word_1_383' title='bbox 3202 2369 3446 2428; x_wconf 89' lang='lat' dir='ltr'><strong>tempore</strong></span> <span class='ocrx_word' id='word_1_384' title='bbox 3471 2354 3623 2410; x_wconf 84' lang='lat' dir='ltr'><strong>dixe-</strong></span> 
     </span>
    </p>
   </div>
   <div class='ocr_carea' id='block_1_51' title="bbox 2038 2448 3626 2525">
    <p class='ocr_par' dir='ltr' id='par_1_51' title="bbox 2038 2448 3626 2525">
     <span class='ocr_line' id='line_1_51' title="bbox 2038 2448 3626 2525; baseline -0.009 -12"><span class='ocrx_word' id='word_1_385' title='bbox 2038 2460 2145 2525; x_wconf 82' lang='lat' dir='ltr'><strong>rit;</strong></span> <span class='ocrx_word' id='word_1_386' title='bbox 2164 2459 2233 2513; x_wconf 84' lang='lat' dir='ltr'><strong>ita</strong></span> <span class='ocrx_word' id='word_1_387' title='bbox 2262 2457 2406 2512; x_wconf 88' lang='lat' dir='ltr'><strong>enim</strong></span> <span class='ocrx_word' id='word_1_388' title='bbox 2434 2455 2595 2512; x_wconf 79' lang='lat' dir='ltr'><strong>facile</strong></span> <span class='ocrx_word' id='word_1_389' title='bbox 2617 2468 2859 2511; x_wconf 83' lang='lat' dir='ltr'><strong>errorem</strong></span> <span class='ocrx_word' id='word_1_390' title='bbox 2885 2451 3231 2507; x_wconf 75' lang='lat' dir='ltr'><strong>evitabimus.</strong></span> <span class='ocrx_word' id='word_1_391' title='bbox 3257 2448 3316 2503; x_wconf 91' lang='lat' dir='ltr'><strong>Si</strong></span> <span class='ocrx_word' id='word_1_392' title='bbox 3341 2460 3473 2516; x_wconf 75' lang='lat' dir='ltr'><strong>ergo</strong></span> <span class='ocrx_word' id='word_1_393' title='bbox 3498 2452 3626 2500; x_wconf 80' lang='lat' dir='ltr'><strong>ante</strong></span> 
     </span>
    </p>
   </div>
   <div class='ocr_carea' id='block_1_52' title="bbox 2036 2536 3625 2607">
    <p class='ocr_par' dir='ltr' id='par_1_52' title="bbox 2036 2536 3625 2607">
     <span class='ocr_line' id='line_1_52' title="bbox 2036 2536 3625 2607; baseline -0.009 -4"><span class='ocrx_word' id='word_1_394' title='bbox 2036 2548 2463 2604; x_wconf 89' lang='lat' dir='ltr'><strong>incarnationem</strong></span> <span class='ocrx_word' id='word_1_395' title='bbox 2510 2543 2745 2602; x_wconf 63' lang='lat' dir='ltr'><strong>Verbum</strong></span> <span class='ocrx_word' id='word_1_396' title='bbox 2794 2542 2888 2598; x_wconf 88' lang='lat' dir='ltr'><strong>Dei</strong></span> <span class='ocrx_word' id='word_1_397' title='bbox 2938 2541 3159 2604; x_wconf 84' lang='lat' dir='ltr'><strong>humile</strong></span> <span class='ocrx_word' id='word_1_398' title='bbox 3191 2537 3395 2607; x_wconf 88' lang='lat' dir='ltr'><strong>aliquid</strong></span> <span class='ocrx_word' id='word_1_399' title='bbox 3445 2536 3513 2591; x_wconf 92' lang='lat' dir='ltr'><strong>de</strong></span> <span class='ocrx_word' id='word_1_400' title='bbox 3564 2548 3625 2589; x_wconf 86' lang='lat' dir='ltr'><strong>se</strong></span> 
     </span>
    </p>
   </div>
   <div class='ocr_carea' id='block_1_53' title="bbox 2036 2628 3624 2708">
    <p class='ocr_par' dir='ltr' id='par_1_53' title="bbox 2036 2628 3624 2708">
     <span class='ocr_line' id='line_1_53' title="bbox 2036 2628 3624 2708; baseline -0.009 -13"><span class='ocrx_word' id='word_1_401' title='bbox 2036 2640 2242 2695; x_wconf 80' lang='lat' dir='ltr'><strong>dixisse</strong></span> <span class='ocrx_word' id='word_1_402' title='bbox 2293 2639 2587 2708; x_wconf 87' lang='lat' dir='ltr'><strong>reperitur,</strong></span> <span class='ocrx_word' id='word_1_403' title='bbox 2637 2634 2976 2692; x_wconf 84' lang='lat' dir='ltr'><strong>divinitatem</strong></span> <span class='ocrx_word' id='word_1_404' title='bbox 3025 2632 3146 2702; x_wconf 80' lang='lat' dir='ltr'><strong>ejus</strong></span> <span class='ocrx_word' id='word_1_405' title='bbox 3195 2628 3515 2699; x_wconf 82' lang='lat' dir='ltr'><strong>objurgent,</strong></span> <span class='ocrx_word' id='word_1_406' title='bbox 3566 2634 3624 2682; x_wconf 88' lang='lat' dir='ltr'><strong>et</strong></span> 
     </span>
    </p>
   </div>
   <div class='ocr_carea' id='block_1_54' title="bbox 2036 2720 3683 2795">
    <p class='ocr_par' dir='ltr' id='par_1_54' title="bbox 2036 2720 3683 2795">
     <span class='ocr_line' id='line_1_54' title="bbox 2036 2720 3683 2795; baseline -0.012 -7"><span class='ocrx_word' id='word_1_407' title='bbox 2036 2740 2224 2788; x_wconf 87' lang='lat' dir='ltr'><strong>contra</strong></span> <span class='ocrx_word' id='word_1_408' title='bbox 2254 2744 2374 2785; x_wconf 90' lang='lat' dir='ltr'><strong>eam</strong></span> <span class='ocrx_word' id='word_1_409' title='bbox 2427 2730 2630 2784; x_wconf 88' lang='lat' dir='ltr'><strong>dictum</strong></span> <span class='ocrx_word' id='word_1_410' title='bbox 2686 2726 3155 2795; x_wconf 85' lang='lat' dir='ltr'><strong>interpretentur..</strong></span> <span class='ocrx_word' id='word_1_411' title='bbox 3194 2720 3293 2777; x_wconf 86' lang='lat' dir='ltr'><strong>Sin</strong></span> <span class='ocrx_word' id='word_1_412' title='bbox 3319 2733 3451 2775; x_wconf 86' lang='lat' dir='ltr'><strong>vero</strong></span> <span class='ocrx_word' id='word_1_413' title='bbox 3498 2730 3623 2774; x_wconf 81' lang='lat' dir='ltr'><strong>cum</strong></span> <span class='ocrx_word' id='word_1_414' title='bbox 3674 2730 3683 2735; x_wconf 69' lang='lat'><strong>‘</strong></span> 
     </span>
    </p>
   </div>
   <div class='ocr_carea' id='block_1_55' title="bbox 2038 2812 3625 2883">
    <p class='ocr_par' dir='ltr' id='par_1_55' title="bbox 2038 2812 3625 2883">
     <span class='ocr_line' id='line_1_55' title="bbox 2038 2812 3625 2883; baseline -0.011 -5"><span class='ocrx_word' id='word_1_415' title='bbox 2038 2822 2210 2878; x_wconf 79' lang='lat' dir='ltr'><strong>[actus</strong></span> <span class='ocrx_word' id='word_1_416' title='bbox 2236 2830 2320 2876; x_wconf 91' lang='lat' dir='ltr'><strong>est</strong></span> <span class='ocrx_word' id='word_1_417' title='bbox 2346 2834 2493 2883; x_wconf 79' lang='lat' dir='ltr'><strong>caro,</strong></span> <span class='ocrx_word' id='word_1_418' title='bbox 2522 2819 2936 2874; x_wconf 84' lang='lat' dir='ltr'><strong>humanomore</strong></span> <span class='ocrx_word' id='word_1_419' title='bbox 2963 2812 3176 2867; x_wconf 86' lang='lat' dir='ltr'><strong>locutus</strong></span> <span class='ocrx_word' id='word_1_420' title='bbox 3201 2818 3307 2876; x_wconf 90' lang='lat' dir='ltr'><strong>est,</strong></span> <span class='ocrx_word' id='word_1_421' title='bbox 3332 2816 3397 2863; x_wconf 92' lang='lat' dir='ltr'><strong>ut</strong></span> <span class='ocrx_word' id='word_1_422' title='bbox 3411 2820 3539 2862; x_wconf 87' lang='lat' dir='ltr'><strong>vere</strong></span> <span class='ocrx_word' id='word_1_423' title='bbox 3564 2819 3625 2861; x_wconf 84' lang='lat' dir='ltr'><strong>se</strong></span> 
     </span>
    </p>
   </div>
   <div class='ocr_carea' id='block_1_56' title="bbox 2040 2899 3624 2974">
    <p class='ocr_par' dir='ltr' id='par_1_56' title="bbox 2040 2899 3624 2974">
     <span class='ocr_line' id='line_1_56' title="bbox 2040 2899 3624 2974; baseline -0.011 -7"><span class='ocrx_word' id='word_1_424' title='bbox 2040 2912 2311 2968; x_wconf 82' lang='lat' dir='ltr'><strong>hominem</strong></span> <span class='ocrx_word' id='word_1_425' title='bbox 2349 2924 2471 2964; x_wconf 89' lang='lat' dir='ltr'><strong>esse</strong></span> <span class='ocrx_word' id='word_1_426' title='bbox 2508 2908 2758 2963; x_wconf 72' lang='lat' dir='ltr'><strong>ostendat</strong></span> <span class='ocrx_word' id='word_1_427' title='bbox 2777 2944 2794 2970; x_wconf 95' lang='lat'><strong>,</strong></span> <span class='ocrx_word' id='word_1_428' title='bbox 2823 2918 2934 2974; x_wconf 92' lang='lat' dir='ltr'><strong>quo</strong></span> <span class='ocrx_word' id='word_1_429' title='bbox 2966 2911 3131 2973; x_wconf 75' lang='lat' dir='ltr'><strong>pacto</strong></span> <span class='ocrx_word' id='word_1_430' title='bbox 3155 2914 3263 2956; x_wconf 87' lang='lat' dir='ltr'><strong>non</strong></span> <span class='ocrx_word' id='word_1_431' title='bbox 3293 2899 3372 2955; x_wconf 47' lang='lat' dir='ltr'><strong>sit.</strong></span> <span class='ocrx_word' id='word_1_432' title='bbox 3393 2909 3624 2953; x_wconf 89' lang='lat' dir='ltr'><strong>consen-</strong></span> 
     </span>
    </p>
   </div>
   <div class='ocr_carea' id='block_1_57' title="bbox 2039 2993 3625 3063">
    <p class='ocr_par' dir='ltr' id='par_1_57' title="bbox 2039 2993 3625 3063">
     <span class='ocr_line' id='line_1_57' title="bbox 2039 2993 3625 3063; baseline -0.01 -4"><span class='ocrx_word' id='word_1_433' title='bbox 2039 3012 2255 3059; x_wconf 83' lang='lat' dir='ltr'><strong>taneum</strong></span> <span class='ocrx_word' id='word_1_434' title='bbox 2286 3002 2352 3056; x_wconf 91' lang='lat' dir='ltr'><strong>ad</strong></span> <span class='ocrx_word' id='word_1_435' title='bbox 2383 3000 2774 3057; x_wconf 79' lang='lat' dir='ltr'><strong>humanitatem</strong></span> <span class='ocrx_word' id='word_1_436' title='bbox 2831 2995 3041 3052; x_wconf 77' lang='lat' dir='ltr'><strong>referre</strong></span> <span class='ocrx_word' id='word_1_437' title='bbox 3061 3007 3181 3063; x_wconf 74' lang='lat' dir='ltr'><strong>qua:</strong></span> <span class='ocrx_word' id='word_1_438' title='bbox 3208 2993 3448 3048; x_wconf 90' lang='lat' dir='ltr'><strong>humano</strong></span> <span class='ocrx_word' id='word_1_439' title='bbox 3473 3002 3625 3044; x_wconf 85' lang='lat' dir='ltr'><strong>more</strong></span> 
     </span>
    </p>
   </div>
   <div class='ocr_carea' id='block_1_58' title="bbox 1987 3082 3624 3152">
    <p class='ocr_par' dir='ltr' id='par_1_58' title="bbox 1987 3082 3624 3152">
     <span class='ocr_line' id='line_1_58' title="bbox 1987 3082 3624 3152; baseline -0.01 -2"><span class='ocrx_word' id='word_1_440' title='bbox 1987 3115 1991 3119; x_wconf 52' lang='grc' dir='ltr'><strong><em>υ</em></strong></span> <span class='ocrx_word' id='word_1_441' title='bbox 2037 3094 2192 3150; x_wconf 79' lang='lat' dir='ltr'><strong>dixit.</strong></span> <span class='ocrx_word' id='word_1_442' title='bbox 2228 3093 2340 3148; x_wconf 81' lang='lat' dir='ltr'><strong>[loc</strong></span> <span class='ocrx_word' id='word_1_443' title='bbox 2370 3092 2516 3147; x_wconf 88' lang='lat' dir='ltr'><strong>enim</strong></span> <span class='ocrx_word' id='word_1_444' title='bbox 2548 3100 2635 3146; x_wconf 90' lang='lat' dir='ltr'><strong>est</strong></span> <span class='ocrx_word' id='word_1_445' title='bbox 2664 3104 2787 3145; x_wconf 90' lang='lat' dir='ltr'><strong>sese</strong></span> <span class='ocrx_word' id='word_1_446' title='bbox 2815 3082 3273 3143; x_wconf 78' lang='lat' dir='ltr'><strong>administrationi</strong></span> <span class='ocrx_word' id='word_1_447' title='bbox 3307 3096 3471 3152; x_wconf 87' lang='lat' dir='ltr'><strong>quam</strong></span> <span class='ocrx_word' id='word_1_448' title='bbox 3503 3094 3624 3135; x_wconf 90' lang='lat' dir='ltr'><strong>sus-</strong></span> 
     </span>
    </p>
   </div>
   <div class='ocr_carea' id='block_1_59' title="bbox 2036 3169 3625 3255">
    <p class='ocr_par' dir='ltr' id='par_1_59' title="bbox 2036 3169 3625 3255">
     <span class='ocr_line' id='line_1_59' title="bbox 2036 3169 3625 3255; baseline -0.012 -14"><span class='ocrx_word' id='word_1_449' title='bbox 2036 3185 2219 3255; x_wconf 87' lang='lat' dir='ltr'><strong>cepit,</strong></span> <span class='ocrx_word' id='word_1_450' title='bbox 2269 3184 2385 3238; x_wconf 85' lang='lat' dir='ltr'><strong>sive</strong></span> <span class='ocrx_word' id='word_1_451' title='bbox 2445 3179 2851 3244; x_wconf 86' lang='lat' dir='ltr'><strong>incarnationi,</strong></span> <span class='ocrx_word' id='word_1_452' title='bbox 2898 3174 3332 3231; x_wconf 90' lang='lat' dir='ltr'><strong>accommodare.</strong></span> <span class='ocrx_word' id='word_1_453' title='bbox 3384 3170 3518 3225; x_wconf 87' lang='lat' dir='ltr'><strong>Nam</strong></span> <span class='ocrx_word' id='word_1_454' title='bbox 3575 3169 3625 3223; x_wconf 87' lang='lat' dir='ltr'><strong>si</strong></span> 
     </span>
    </p>
   </div>
   <div class='ocr_carea' id='block_1_60' title="bbox 339 3258 1938 3348">
    <p class='ocr_par' dir='ltr' id='par_1_60' title="bbox 339 3270 1937 3348">
     <span class='ocr_line' id='line_1_60' title="bbox 339 3270 1937 3348; baseline 0.005 -25"><span class='ocrx_word' id='word_1_455' title='bbox 339 3286 461 3335; x_wconf 80' lang='grc' dir='ltr'><strong>πος,</strong></span> <span class='ocrx_word' id='word_1_456' title='bbox 503 3270 735 3326; x_wconf 81' lang='grc' dir='ltr'><strong>λαλείτω</strong></span> <span class='ocrx_word' id='word_1_457' title='bbox 763 3273 947 3327; x_wconf 83' lang='grc' dir='ltr'><strong>πάντα</strong></span> <span class='ocrx_word' id='word_1_458' title='bbox 980 3274 1056 3337; x_wconf 81' lang='grc' dir='ltr'><strong>ὡς</strong></span> <span class='ocrx_word' id='word_1_459' title='bbox 1088 3275 1251 3339; x_wconf 80' lang='grc' dir='ltr'><strong>Θεός·</strong></span> <span class='ocrx_word' id='word_1_460' title='bbox 1288 3277 1338 3330; x_wconf 87' lang='grc' dir='ltr'><strong>εἰ</strong></span> <span class='ocrx_word' id='word_1_461' title='bbox 1366 3277 1421 3330; x_wconf 82' lang='grc' dir='ltr'><strong>δὲ</strong></span> <span class='ocrx_word' id='word_1_462' title='bbox 1461 3278 1687 3346; x_wconf 88' lang='grc' dir='ltr'><strong>γέγονεν</strong></span> <span class='ocrx_word' id='word_1_463' title='bbox 1724 3277 1937 3348; x_wconf 82' lang='grc' dir='ltr'><strong>ἀνθρω-</strong></span> 
     </span>
    </p>
   </div>
   <div class='ocr_carea' id='block_1_61' title="bbox 2037 3258 3623 3348">
    <p class='ocr_par' dir='ltr' id='par_1_61' title="bbox 2042 3258 3623 3341">
     <span class='ocr_line' id='line_1_61' title="bbox 2042 3258 3623 3341; baseline -0.015 -5"><span class='ocrx_word' id='word_1_464' title='bbox 2042 3284 2207 3336; x_wconf 88' lang='lat' dir='ltr'><strong>homo</strong></span> <span class='ocrx_word' id='word_1_465' title='bbox 2241 3278 2421 3334; x_wconf 82' lang='lat' dir='ltr'><strong>factus</strong></span> <span class='ocrx_word' id='word_1_466' title='bbox 2453 3291 2558 3331; x_wconf 93' lang='lat' dir='ltr'><strong>non</strong></span> <span class='ocrx_word' id='word_1_467' title='bbox 2600 3282 2715 3337; x_wconf 81' lang='lat' dir='ltr'><strong>est,</strong></span> <span class='ocrx_word' id='word_1_468' title='bbox 2755 3272 3006 3341; x_wconf 78' lang='lat' dir='ltr'><strong>loquatur</strong></span> <span class='ocrx_word' id='word_1_469' title='bbox 3042 3265 3224 3323; x_wconf 85' lang='lat' dir='ltr'><strong>omnia</strong></span> <span class='ocrx_word' id='word_1_470' title='bbox 3262 3272 3324 3318; x_wconf 90' lang='lat' dir='ltr'><strong>ut</strong></span> <span class='ocrx_word' id='word_1_471' title='bbox 3362 3262 3549 3327; x_wconf 66' lang='lat' dir='ltr'><strong>Deus;</strong></span> <span class='ocrx_word' id='word_1_472' title='bbox 3577 3258 3623 3315; x_wconf 88' lang='lat' dir='ltr'><strong>si</strong></span> 
     </span>
    </p>
   </div>
   <div class='ocr_carea' id='block_1_62' title="bbox 337 3364 1934 3437">
    <p class='ocr_par' dir='ltr' id='par_1_62' title="bbox 337 3364 1934 3437">
     <span class='ocr_line' id='line_1_62' title="bbox 337 3364 1934 3437; baseline 0.006 -25"><span class='ocrx_word' id='word_1_473' title='bbox 337 3378 461 3425; x_wconf 85' lang='grc' dir='ltr'><strong>πος,</strong></span> <span class='ocrx_word' id='word_1_474' title='bbox 488 3364 878 3434; x_wconf 80' lang='grc' dir='ltr'><strong>συγχωρεῖσθω</strong></span> <span class='ocrx_word' id='word_1_475' title='bbox 916 3364 1097 3418; x_wconf 82' lang='grc' dir='ltr'><strong>λαλεῖν</strong></span> <span class='ocrx_word' id='word_1_476' title='bbox 1124 3364 1308 3430; x_wconf 86' lang='grc' dir='ltr'><strong>καθὼς</strong></span> <span class='ocrx_word' id='word_1_477' title='bbox 1331 3366 1638 3437; x_wconf 79' lang='grc' dir='ltr'><strong>ἄνθρωπος,</strong></span> <span class='ocrx_word' id='word_1_478' title='bbox 1661 3368 1814 3423; x_wconf 84' lang='grc' dir='ltr'><strong>οὐδὲν</strong></span> <span class='ocrx_word' id='word_1_479' title='bbox 1838 3368 1934 3422; x_wconf 79' lang='grc' dir='ltr'><strong>αιί·</strong></span> 
     </span>
    </p>
   </div>
   <div class='ocr_carea' id='block_1_63' title="bbox 338 3451 1933 3529">
    <p class='ocr_par' dir='ltr' id='par_1_63' title="bbox 338 3451 1933 3529">
     <span class='ocr_line' id='line_1_63' title="bbox 338 3451 1933 3529; baseline 0.006 -28"><span class='ocrx_word' id='word_1_480' title='bbox 338 3451 431 3506; x_wconf 78' lang='grc' dir='ltr'><strong>τὸν</strong></span> <span class='ocrx_word' id='word_1_481' title='bbox 470 3451 763 3523; x_wconf 79' lang='grc' dir='ltr'><strong>ἀδικούσης</strong></span> <span class='ocrx_word' id='word_1_482' title='bbox 804 3456 883 3517; x_wconf 84' lang='grc' dir='ltr'><strong>εἰς</strong></span> <span class='ocrx_word' id='word_1_483' title='bbox 916 3454 1008 3507; x_wconf 83' lang='grc' dir='ltr'><strong>τόν</strong></span> <span class='ocrx_word' id='word_1_484' title='bbox 1056 3455 1156 3526; x_wconf 83' lang='grc' dir='ltr'><strong>τῆς</strong></span> <span class='ocrx_word' id='word_1_485' title='bbox 1186 3454 1441 3525; x_wconf 83' lang='grc' dir='ltr'><strong>θεότητος</strong></span> <span class='ocrx_word' id='word_1_486' title='bbox 1471 3458 1628 3527; x_wconf 89' lang='grc' dir='ltr'><strong>λόγον</strong></span> <span class='ocrx_word' id='word_1_487' title='bbox 1665 3459 1766 3529; x_wconf 85' lang='grc' dir='ltr'><strong>τῆς</strong></span> <span class='ocrx_word' id='word_1_488' title='bbox 1811 3456 1933 3512; x_wconf 85' lang='grc' dir='ltr'><strong>καθ’</strong></span> 
     </span>
    </p>
   </div>
   <div class='ocr_carea' id='block_1_64' title="bbox 340 3543 1936 3620">
    <p class='ocr_par' dir='ltr' id='par_1_64' title="bbox 340 3543 1936 3620">
     <span class='ocr_line' id='line_1_64' title="bbox 340 3543 1936 3620; baseline 0.005 -26"><span class='ocrx_word' id='word_1_489' title='bbox 340 3543 491 3612; x_wconf 76' lang='grc' dir='ltr'><strong>ἡμᾶς</strong></span> <span class='ocrx_word' id='word_1_490' title='bbox 517 3545 847 3615; x_wconf 85' lang='grc' dir='ltr'><strong>οἰκονομίας.</strong></span> <span class='ocrx_word' id='word_1_491' title='bbox 876 3545 1046 3598; x_wconf 83' lang='grc' dir='ltr'><strong>Τοῦτο</strong></span> <span class='ocrx_word' id='word_1_492' title='bbox 1074 3547 1187 3618; x_wconf 76' lang='grc' dir='ltr'><strong>γὰρ</strong></span> <span class='ocrx_word' id='word_1_493' title='bbox 1212 3546 1365 3601; x_wconf 75' lang='grc' dir='ltr'><strong>ἔσται</strong></span> <span class='ocrx_word' id='word_1_494' title='bbox 1395 3548 1457 3601; x_wconf 86' lang='grc' dir='ltr'><strong>τὸ</strong></span> <span class='ocrx_word' id='word_1_495' title='bbox 1487 3549 1639 3620; x_wconf 89' lang='grc' dir='ltr'><strong>παρά</strong></span> <span class='ocrx_word' id='word_1_496' title='bbox 1663 3549 1757 3601; x_wconf 79' lang='grc' dir='ltr'><strong>τοῦ</strong></span> <span class='ocrx_word' id='word_1_497' title='bbox 1788 3547 1936 3603; x_wconf 83' lang='grc' dir='ltr'><strong>Παύ-</strong></span> 
     </span>
    </p>
   </div>
   <div class='ocr_carea' id='block_1_65' title="bbox 341 3634 1939 3710">
    <p class='ocr_par' dir='ltr' id='par_1_65' title="bbox 341 3634 1939 3710">
     <span class='ocr_line' id='line_1_65' title="bbox 341 3634 1939 3710; baseline 0.003 -23"><span class='ocrx_word' id='word_1_498' title='bbox 341 3634 436 3687; x_wconf 88' lang='grc' dir='ltr'><strong>λου</strong></span> <span class='ocrx_word' id='word_1_499' title='bbox 466 3635 788 3706; x_wconf 86' lang='grc' dir='ltr'><strong>εἰρημένον·</strong></span> <span class='ocrx_word' id='word_1_500' title='bbox 819 3656 838 3687; x_wconf 86' lang='grc'><strong><em>‹</em></strong></span> <span class='ocrx_word' id='word_1_501' title='bbox 871 3637 1378 3707; x_wconf 81' lang='grc' dir='ltr'><strong>Αἰχμαλωτίζοντες</strong></span> <span class='ocrx_word' id='word_1_502' title='bbox 1401 3640 1510 3694; x_wconf 79' lang='grc' dir='ltr'><strong>πᾶν</strong></span> <span class='ocrx_word' id='word_1_503' title='bbox 1537 3639 1717 3710; x_wconf 88' lang='grc' dir='ltr'><strong>νόημα</strong></span> <span class='ocrx_word' id='word_1_504' title='bbox 1740 3640 1821 3702; x_wconf 89' lang='grc' dir='ltr'><strong>εἰς</strong></span> <span class='ocrx_word' id='word_1_505' title='bbox 1838 3638 1939 3709; x_wconf 86' lang='grc' dir='ltr'><strong>τὴν</strong></span> 
     </span>
    </p>
   </div>
   <div class='ocr_carea' id='block_1_66' title="bbox 342 3724 1941 3800">
    <p class='ocr_par' dir='ltr' id='par_1_66' title="bbox 342 3724 1941 3800">
     <span class='ocr_line' id='line_1_66' title="bbox 342 3724 1941 3800; baseline 0.003 -20"><span class='ocrx_word' id='word_1_506' title='bbox 342 3726 593 3797; x_wconf 76' lang='grc' dir='ltr'><strong>ὑπακοὴν</strong></span> <span class='ocrx_word' id='word_1_507' title='bbox 637 3726 731 3780; x_wconf 81' lang='grc' dir='ltr'><strong>τοῦ</strong></span> <span class='ocrx_word' id='word_1_508' title='bbox 782 3728 1040 3799; x_wconf 78' lang='grc' dir='ltr'><strong>Χριστοῦ.</strong></span> <span class='ocrx_word' id='word_1_509' title='bbox 1069 3746 1089 3780; x_wconf 73' lang='grc' dir='ltr'><strong>ι</strong></span> <span class='ocrx_word' id='word_1_510' title='bbox 1125 3729 1286 3783; x_wconf 84' lang='grc' dir='ltr'><strong>’ἰδιον</strong></span> <span class='ocrx_word' id='word_1_511' title='bbox 1323 3730 1424 3800; x_wconf 80' lang='grc' dir='ltr'><strong>μὲν</strong></span> <span class='ocrx_word' id='word_1_512' title='bbox 1469 3724 1563 3784; x_wconf 81' lang='grc' dir='ltr'><strong>οὖν</strong></span> <span class='ocrx_word' id='word_1_513' title='bbox 1595 3730 1690 3784; x_wconf 81' lang='grc' dir='ltr'><strong>τοῦ</strong></span> <span class='ocrx_word' id='word_1_514' title='bbox 1735 3731 1941 3800; x_wconf 83' lang='grc' dir='ltr'><strong>Λόγου,</strong></span> 
     </span>
    </p>
   </div>
   <div class='ocr_carea' id='block_1_67' title="bbox 345 3817 1936 3894">
    <p class='ocr_par' dir='ltr' id='par_1_67' title="bbox 345 3817 1936 3894">
     <span class='ocr_line' id='line_1_67' title="bbox 345 3817 1936 3894; baseline 0.003 -23"><span class='ocrx_word' id='word_1_515' title='bbox 345 3817 481 3871; x_wconf 83' lang='grc' dir='ltr'><strong>καθὸ</strong></span> <span class='ocrx_word' id='word_1_516' title='bbox 521 3818 693 3887; x_wconf 84' lang='grc' dir='ltr'><strong>Λόγος</strong></span> <span class='ocrx_word' id='word_1_517' title='bbox 718 3819 855 3884; x_wconf 76' lang='grc' dir='ltr'><strong>ἐστὶ,</strong></span> <span class='ocrx_word' id='word_1_518' title='bbox 886 3820 949 3872; x_wconf 85' lang='grc' dir='ltr'><strong>τὸ</strong></span> <span class='ocrx_word' id='word_1_519' title='bbox 976 3820 1177 3874; x_wconf 84' lang='grc' dir='ltr'><strong>εἰδέναι</strong></span> <span class='ocrx_word' id='word_1_520' title='bbox 1205 3820 1316 3874; x_wconf 85' lang='grc' dir='ltr'><strong>τῶν</strong></span> <span class='ocrx_word' id='word_1_521' title='bbox 1348 3823 1479 3892; x_wconf 90' lang='grc' dir='ltr'><strong>παρ’</strong></span> <span class='ocrx_word' id='word_1_522' title='bbox 1506 3821 1671 3875; x_wconf 81' lang='grc' dir='ltr'><strong>αὐτοῦ</strong></span> <span class='ocrx_word' id='word_1_523' title='bbox 1701 3839 1936 3894; x_wconf 87' lang='grc' dir='ltr'><strong>πεποιη-</strong></span> 
     </span>
    </p>
   </div>
   <div class='ocr_carea' id='block_1_68' title="bbox 348 3909 1939 3986">
    <p class='ocr_par' dir='ltr' id='par_1_68' title="bbox 348 3909 1939 3986">
     <span class='ocr_line' id='line_1_68' title="bbox 348 3909 1939 3986; baseline 0.006 -25"><span class='ocrx_word' id='word_1_524' title='bbox 348 3909 527 3981; x_wconf 80' lang='grc' dir='ltr'><strong>μένων</strong></span> <span class='ocrx_word' id='word_1_525' title='bbox 554 3911 655 3982; x_wconf 85' lang='grc' dir='ltr'><strong>τὴν</strong></span> <span class='ocrx_word' id='word_1_526' title='bbox 684 3911 859 3983; x_wconf 80' lang='grc' dir='ltr'><strong>ἀρχὴν</strong></span> <span class='ocrx_word' id='word_1_527' title='bbox 888 3913 983 3970; x_wconf 77' lang='grc' dir='ltr'><strong>καὶ</strong></span> <span class='ocrx_word' id='word_1_528' title='bbox 1014 3913 1082 3968; x_wconf 72' lang='grc' dir='ltr'><strong>τὰ</strong></span> <span class='ocrx_word' id='word_1_529' title='bbox 1112 3913 1273 3983; x_wconf 84' lang='grc' dir='ltr'><strong>τέλη·</strong></span> <span class='ocrx_word' id='word_1_530' title='bbox 1303 3913 1362 3966; x_wconf 84' lang='grc' dir='ltr'><strong>ἓν</strong></span> <span class='ocrx_word' id='word_1_531' title='bbox 1394 3913 1451 3967; x_wconf 85' lang='grc' dir='ltr'><strong>δὲ</strong></span> <span class='ocrx_word' id='word_1_532' title='bbox 1480 3915 1588 3968; x_wconf 84' lang='grc' dir='ltr'><strong>τῶν</strong></span> <span class='ocrx_word' id='word_1_533' title='bbox 1616 3915 1939 3986; x_wconf 74' lang='grc' dir='ltr'><strong>ποιημάτων</strong></span> 
     </span>
    </p>
   </div>
   <div class='ocr_carea' id='block_1_69' title="bbox 341 3999 1938 4075">
    <p class='ocr_par' dir='ltr' id='par_1_69' title="bbox 341 3999 1938 4075">
     <span class='ocr_line' id='line_1_69' title="bbox 341 3999 1938 4075; baseline 0.004 -22"><span class='ocrx_word' id='word_1_534' title='bbox 341 4002 372 4054; x_wconf 83' lang='grc' dir='ltr'><strong>ὁ</strong></span> <span class='ocrx_word' id='word_1_535' title='bbox 400 4001 614 4072; x_wconf 84' lang='grc' dir='ltr'><strong>χρόνος,</strong></span> <span class='ocrx_word' id='word_1_536' title='bbox 644 4004 741 4056; x_wconf 68' lang='grc' dir='ltr'><strong>καὶ</strong></span> <span class='ocrx_word' id='word_1_537' title='bbox 766 4005 795 4057; x_wconf 83' lang='grc' dir='ltr'><strong>ὁ</strong></span> <span class='ocrx_word' id='word_1_538' title='bbox 826 4004 1060 4075; x_wconf 84' lang='grc' dir='ltr'><strong>ποιήσας</strong></span> <span class='ocrx_word' id='word_1_539' title='bbox 1091 4003 1256 4057; x_wconf 77' lang='grc' dir='ltr'><strong>αὑτὸν</strong></span> <span class='ocrx_word' id='word_1_540' title='bbox 1303 3999 1412 4058; x_wconf 76' lang='grc' dir='ltr'><strong>οἶδέ</strong></span> <span class='ocrx_word' id='word_1_541' title='bbox 1450 4023 1551 4059; x_wconf 79' lang='grc' dir='ltr'><strong>που</strong></span> <span class='ocrx_word' id='word_1_542' title='bbox 1590 4006 1807 4071; x_wconf 86' lang='grc' dir='ltr'><strong>πάντως</strong></span> <span class='ocrx_word' id='word_1_543' title='bbox 1843 4007 1938 4061; x_wconf 74' lang='grc' dir='ltr'><strong>καὶ</strong></span> 
     </span>
    </p>
   </div>
   <div class='ocr_carea' id='block_1_70' title="bbox 348 4093 1647 4171">
    <p class='ocr_par' dir='ltr' id='par_1_70' title="bbox 348 4093 1647 4171">
     <span class='ocr_line' id='line_1_70' title="bbox 348 4093 1647 4171; baseline 0.005 -24"><span class='ocrx_word' id='word_1_544' title='bbox 348 4093 511 4166; x_wconf 71' lang='grc' dir='ltr'><strong>μέχρι</strong></span> <span class='ocrx_word' id='word_1_545' title='bbox 539 4095 685 4160; x_wconf 86' lang='grc' dir='ltr'><strong>τίνος</strong></span> <span class='ocrx_word' id='word_1_546' title='bbox 711 4096 859 4167; x_wconf 73' lang='grc' dir='ltr'><strong>αὐτῷ</strong></span> <span class='ocrx_word' id='word_1_547' title='bbox 887 4096 961 4150; x_wconf 46' lang='grc' dir='ltr'><strong>τὸν</strong></span> <span class='ocrx_word' id='word_1_548' title='bbox 978 4096 1299 4152; x_wconf 84' lang='grc' dir='ltr'><strong>συνεστάναι</strong></span> <span class='ocrx_word' id='word_1_549' title='bbox 1328 4097 1647 4171; x_wconf 81' lang='grc' dir='ltr'><strong>δεδώρηται.</strong></span> 
     </span>
    </p>
   </div>
   <div class='ocr_carea' id='block_1_71' title="bbox 1055 4232 1264 4286">
    <p class='ocr_par' dir='ltr' id='par_1_71' title="bbox 1055 4232 1264 4286">
     <span class='ocr_line' id='line_1_71' title="bbox 1055 4232 1264 4286; baseline 0.005 -1"><span class='ocrx_word' id='word_1_550' title='bbox 1055 4232 1264 4286; x_wconf 69' lang='grc' dir='ltr'><strong>ΑΛΛΟ*</strong></span> 
     </span>
    </p>
   </div>
   <div class='ocr_carea' id='block_1_72' title="bbox 415 4343 1935 4416">
    <p class='ocr_par' dir='ltr' id='par_1_72' title="bbox 415 4343 1935 4416">
     <span class='ocr_line' id='line_1_72' title="bbox 415 4343 1935 4416; baseline -0.001 -18"><span class='ocrx_word' id='word_1_551' title='bbox 415 4345 579 4414; x_wconf 87' lang='grc' dir='ltr'><strong>Λέγει</strong></span> <span class='ocrx_word' id='word_1_552' title='bbox 617 4361 721 4398; x_wconf 86' lang='grc' dir='ltr'><strong>που</strong></span> <span class='ocrx_word' id='word_1_553' title='bbox 753 4344 889 4416; x_wconf 82' lang='grc' dir='ltr'><strong>πρὸς</strong></span> <span class='ocrx_word' id='word_1_554' title='bbox 917 4343 1007 4399; x_wconf 85' lang='grc' dir='ltr'><strong>τὸν</strong></span> <span class='ocrx_word' id='word_1_555' title='bbox 1034 4344 1230 4398; x_wconf 75' lang='grc' dir='ltr'><strong>ἑαυτοῦ</strong></span> <span class='ocrx_word' id='word_1_556' title='bbox 1264 4344 1484 4416; x_wconf 85' lang='grc' dir='ltr'><strong>Πατέρα</strong></span> <span class='ocrx_word' id='word_1_557' title='bbox 1521 4344 1935 4415; x_wconf 86' lang='grc' dir='ltr'><strong>διαλεγόμενος·</strong></span> 
     </span>
    </p>
   </div>
   <div class='ocr_carea' id='block_1_73' title="bbox 353 4435 1932 4511">
    <p class='ocr_par' dir='ltr' id='par_1_73' title="bbox 353 4435 1932 4511">
     <span class='ocr_line' id='line_1_73' title="bbox 353 4435 1932 4511; baseline -0.001 -21"><span class='ocrx_word' id='word_1_558' title='bbox 353 4456 379 4490; x_wconf 70' lang='grc' dir='ltr'><strong>ι</strong></span> <span class='ocrx_word' id='word_1_559' title='bbox 406 4439 611 4511; x_wconf 81' lang='grc' dir='ltr'><strong>Πάτερ,</strong></span> <span class='ocrx_word' id='word_1_560' title='bbox 650 4437 906 4507; x_wconf 76' lang='grc' dir='ltr'><strong>ἐλήλυθεν</strong></span> <span class='ocrx_word' id='word_1_561' title='bbox 938 4439 973 4508; x_wconf 79' lang='grc' dir='ltr'>ἡ</span> <span class='ocrx_word' id='word_1_562' title='bbox 1005 4437 1157 4509; x_wconf 84' lang='grc' dir='ltr'><strong>ὥρα,</strong></span> <span class='ocrx_word' id='word_1_563' title='bbox 1202 4436 1423 4502; x_wconf 80' lang='grc' dir='ltr'><strong>δόξασόν</strong></span> <span class='ocrx_word' id='word_1_564' title='bbox 1467 4454 1563 4490; x_wconf 90' lang='grc' dir='ltr'><strong>σου</strong></span> <span class='ocrx_word' id='word_1_565' title='bbox 1613 4436 1706 4490; x_wconf 82' lang='grc' dir='ltr'><strong>τὸν</strong></span> <span class='ocrx_word' id='word_1_566' title='bbox 1738 4435 1891 4489; x_wconf 82' lang='grc' dir='ltr'><strong>Υἰόν.</strong></span> <span class='ocrx_word' id='word_1_567' title='bbox 1914 4454 1932 4488; x_wconf 76' lang='grc' dir='ltr'><strong>ι</strong></span> 
     </span>
    </p>
   </div>
   <div class='ocr_carea' id='block_1_74' title="bbox 346 4526 1941 4599">
    <p class='ocr_par' dir='ltr' id='par_1_74' title="bbox 346 4526 1941 4599">
     <span class='ocr_line' id='line_1_74' title="bbox 346 4526 1941 4599; baseline -0.003 -15"><span class='ocrx_word' id='word_1_568' title='bbox 346 4532 411 4584; x_wconf 79' lang='grc' dir='ltr'><strong>Εἰ</strong></span> <span class='ocrx_word' id='word_1_569' title='bbox 452 4531 635 4584; x_wconf 89' lang='grc' dir='ltr'><strong>τοίνυν</strong></span> <span class='ocrx_word' id='word_1_570' title='bbox 679 4526 818 4583; x_wconf 70' lang='grc' dir='ltr'><strong>οἶδεν</strong></span> <span class='ocrx_word' id='word_1_571' title='bbox 863 4526 1107 4599; x_wconf 75' lang='grc' dir='ltr'><strong>ἀκριϐῶς</strong></span> <span class='ocrx_word' id='word_1_572' title='bbox 1153 4527 1254 4599; x_wconf 84' lang='grc' dir='ltr'><strong>τὴν</strong></span> <span class='ocrx_word' id='word_1_573' title='bbox 1291 4527 1464 4598; x_wconf 87' lang='grc' dir='ltr'><strong>ὥραν,</strong></span> <span class='ocrx_word' id='word_1_574' title='bbox 1507 4527 1576 4599; x_wconf 80' lang='grc' dir='ltr'><strong>ἢν</strong></span> <span class='ocrx_word' id='word_1_575' title='bbox 1619 4526 1941 4598; x_wconf 73' lang='grc' dir='ltr'><strong>ἐληλυθέναι</strong></span> 
     </span>
    </p>
   </div>
   <div class='ocr_carea' id='block_1_75' title="bbox 2042 3351 3626 3433">
    <p class='ocr_par' dir='ltr' id='par_1_75' title="bbox 2042 3351 3626 3433">
     <span class='ocr_line' id='line_1_75' title="bbox 2042 3351 3626 3433; baseline -0.016 -5"><span class='ocrx_word' id='word_1_576' title='bbox 2042 3387 2173 3428; x_wconf 84' lang='lat' dir='ltr'><strong>vero</strong></span> <span class='ocrx_word' id='word_1_577' title='bbox 2204 3372 2379 3427; x_wconf 81' lang='lat' dir='ltr'><strong>lactus</strong></span> <span class='ocrx_word' id='word_1_578' title='bbox 2405 3379 2488 3425; x_wconf 87' lang='lat' dir='ltr'><strong>est</strong></span> <span class='ocrx_word' id='word_1_579' title='bbox 2518 3369 2711 3433; x_wconf 92' lang='lat' dir='ltr'><strong>homo,</strong></span> <span class='ocrx_word' id='word_1_580' title='bbox 2740 3358 3087 3422; x_wconf 72' lang='lat' dir='ltr'><strong>concedatur!</strong></span> <span class='ocrx_word' id='word_1_581' title='bbox 3111 3358 3277 3413; x_wconf 89' lang='lat' dir='ltr'><strong>etiam</strong></span> <span class='ocrx_word' id='word_1_582' title='bbox 3302 3354 3352 3410; x_wconf 88' lang='lat' dir='ltr'><strong>ei</strong></span> <span class='ocrx_word' id='word_1_583' title='bbox 3398 3361 3456 3407; x_wconf 93' lang='lat' dir='ltr'><strong>ut</strong></span> <span class='ocrx_word' id='word_1_584' title='bbox 3485 3351 3626 3406; x_wconf 90' lang='lat' dir='ltr'><strong>sicut</strong></span> 
     </span>
    </p>
   </div>
   <div class='ocr_carea' id='block_1_76' title="bbox 2042 3442 3625 3533">
    <p class='ocr_par' dir='ltr' id='par_1_76' title="bbox 2042 3442 3625 3533">
     <span class='ocr_line' id='line_1_76' title="bbox 2042 3442 3625 3533; baseline -0.016 -13"><span class='ocrx_word' id='word_1_585' title='bbox 2042 3464 2206 3521; x_wconf 84' lang='lat' dir='ltr'><strong>homo</strong></span> <span class='ocrx_word' id='word_1_586' title='bbox 2233 3463 2506 3533; x_wconf 83' lang='lat' dir='ltr'><strong>loquatur,</strong></span> <span class='ocrx_word' id='word_1_587' title='bbox 2530 3475 2654 3516; x_wconf 89' lang='lat' dir='ltr'><strong>cum</strong></span> <span class='ocrx_word' id='word_1_588' title='bbox 2683 3454 2981 3513; x_wconf 88' lang='lat' dir='ltr'><strong>iucarnatio</strong></span> <span class='ocrx_word' id='word_1_589' title='bbox 3010 3467 3115 3521; x_wconf 91' lang='lat' dir='ltr'><strong>qua</strong></span> <span class='ocrx_word' id='word_1_590' title='bbox 3144 3449 3297 3504; x_wconf 82' lang='lat' dir='ltr'><strong>nobis</strong></span> <span class='ocrx_word' id='word_1_591' title='bbox 3324 3444 3518 3502; x_wconf 86' lang='lat' dir='ltr'><strong>similis</strong></span> <span class='ocrx_word' id='word_1_592' title='bbox 3545 3442 3625 3496; x_wconf 81' lang='lat' dir='ltr'><strong>fa-</strong></span> 
     </span>
    </p>
   </div>
   <div class='ocr_carea' id='block_1_77' title="bbox 2043 3536 3626 3622">
    <p class='ocr_par' dir='ltr' id='par_1_77' title="bbox 2043 3536 3626 3622">
     <span class='ocr_line' id='line_1_77' title="bbox 2043 3536 3626 3622; baseline -0.016 -9"><span class='ocrx_word' id='word_1_593' title='bbox 2043 3564 2167 3614; x_wconf 90' lang='lat' dir='ltr'><strong>ctus</strong></span> <span class='ocrx_word' id='word_1_594' title='bbox 2194 3565 2306 3621; x_wconf 88' lang='lat' dir='ltr'><strong>est,</strong></span> <span class='ocrx_word' id='word_1_595' title='bbox 2344 3552 2475 3607; x_wconf 87' lang='lat' dir='ltr'><strong>nihil</strong></span> <span class='ocrx_word' id='word_1_596' title='bbox 2510 3551 2627 3622; x_wconf 83' lang='lat' dir='ltr'><strong>ejus</strong></span> <span class='ocrx_word' id='word_1_597' title='bbox 2661 3546 2927 3603; x_wconf 86' lang='lat' dir='ltr'><strong>divinitati</strong></span> <span class='ocrx_word' id='word_1_598' title='bbox 2962 3542 3185 3598; x_wconf 82' lang='lat' dir='ltr'><strong>olliciat.</strong></span> <span class='ocrx_word' id='word_1_599' title='bbox 3218 3538 3332 3593; x_wconf 86' lang='lat' dir='ltr'><strong>lloc</strong></span> <span class='ocrx_word' id='word_1_600' title='bbox 3365 3536 3510 3592; x_wconf 87' lang='lat' dir='ltr'><strong>enim</strong></span> <span class='ocrx_word' id='word_1_601' title='bbox 3541 3542 3626 3589; x_wconf 89' lang='lat' dir='ltr'><strong>est</strong></span> 
     </span>
    </p>
   </div>
   <div class='ocr_carea' id='block_1_78' title="bbox 2044 3624 3632 3720">
    <p class='ocr_par' dir='ltr' id='par_1_78' title="bbox 2044 3624 3632 3720">
     <span class='ocr_line' id='line_1_78' title="bbox 2044 3624 3632 3720; baseline -0.017 -14"><span class='ocrx_word' id='word_1_602' title='bbox 2044 3651 2187 3720; x_wconf 91' lang='lat' dir='ltr'><strong>quod</strong></span> <span class='ocrx_word' id='word_1_603' title='bbox 2220 3664 2249 3702; x_wconf 92' lang='lat' dir='ltr'><strong>a</strong></span> <span class='ocrx_word' id='word_1_604' title='bbox 2281 3647 2448 3703; x_wconf 87' lang='lat' dir='ltr'><strong>Paulo</strong></span> <span class='ocrx_word' id='word_1_605' title='bbox 2474 3645 2676 3700; x_wconf 87' lang='lat' dir='ltr'><strong>dictum</strong></span> <span class='ocrx_word' id='word_1_606' title='bbox 2706 3649 2791 3695; x_wconf 88' lang='lat' dir='ltr'><strong>est</strong></span> <span class='ocrx_word' id='word_1_607' title='bbox 2818 3657 2831 3693; x_wconf 90' lang='lat'><strong>:</strong></span> <span class='ocrx_word' id='word_1_608' title='bbox 2870 3654 2903 3689; x_wconf 68' lang='lat' dir='ltr'><strong>c</strong></span> <span class='ocrx_word' id='word_1_609' title='bbox 2926 3634 3274 3704; x_wconf 82' lang='lat' dir='ltr'><strong>Captivantes</strong></span> <span class='ocrx_word' id='word_1_610' title='bbox 3298 3641 3513 3686; x_wconf 85' lang='lat' dir='ltr'><strong>onmem</strong></span> <span class='ocrx_word' id='word_1_611' title='bbox 3544 3624 3632 3681; x_wconf 73' lang='grc' dir='ltr'><strong>ἰη-</strong></span> 
     </span>
    </p>
   </div>
   <div class='ocr_carea' id='block_1_79' title="bbox 2046 3718 3624 3797">
    <p class='ocr_par' dir='ltr' id='par_1_79' title="bbox 2046 3718 3624 3797">
     <span class='ocr_line' id='line_1_79' title="bbox 2046 3718 3624 3797; baseline -0.016 -2"><span class='ocrx_word' id='word_1_612' title='bbox 2046 3718 2314 3797; x_wconf 77' lang='lat' dir='ltr'><strong>tellectum</strong></span> <span class='ocrx_word' id='word_1_613' title='bbox 2346 3740 2402 3792; x_wconf 91' lang='lat' dir='ltr'><strong>in</strong></span> <span class='ocrx_word' id='word_1_614' title='bbox 2431 3733 2792 3792; x_wconf 86' lang='lat' dir='ltr'><strong>obedientiam</strong></span> <span class='ocrx_word' id='word_1_615' title='bbox 2823 3727 3025 3785; x_wconf 89' lang='lat' dir='ltr'><strong>Christi</strong></span> <span class='ocrx_word' id='word_1_616' title='bbox 3041 3726 3108 3780; x_wconf 79' lang='lat'><strong>”.</strong></span> <span class='ocrx_word' id='word_1_617' title='bbox 3150 3744 3185 3776; x_wconf 74' lang='grc' dir='ltr'><strong>ι.</strong></span> <span class='ocrx_word' id='word_1_618' title='bbox 3206 3718 3624 3791; x_wconf 84' lang='lat' dir='ltr'><strong>Propriumita-</strong></span> 
     </span>
    </p>
   </div>
   <div class='ocr_carea' id='block_1_80' title="bbox 2043 3819 3633 3905">
    <p class='ocr_par' dir='ltr' id='par_1_80' title="bbox 2043 3819 3633 3905">
     <span class='ocr_line' id='line_1_80' title="bbox 2043 3819 3633 3905; baseline -0.018 -17"><span class='ocrx_word' id='word_1_619' title='bbox 2043 3849 2152 3905; x_wconf 85' lang='lat' dir='ltr'><strong>que</strong></span> <span class='ocrx_word' id='word_1_620' title='bbox 2182 3840 2267 3887; x_wconf 87' lang='lat' dir='ltr'><strong>est</strong></span> <span class='ocrx_word' id='word_1_621' title='bbox 2292 3831 2489 3895; x_wconf 86' lang='lat' dir='ltr'><strong>Verbo,</strong></span> <span class='ocrx_word' id='word_1_622' title='bbox 2529 3834 2794 3896; x_wconf 88' lang='lat' dir='ltr'><strong>quatenus</strong></span> <span class='ocrx_word' id='word_1_623' title='bbox 2818 3819 3055 3877; x_wconf 76' lang='lat' dir='ltr'><strong>Verbum</strong></span> <span class='ocrx_word' id='word_1_624' title='bbox 3093 3825 3217 3882; x_wconf 55' lang='lat' dir='ltr'><strong>est,</strong></span> <span class='ocrx_word' id='word_1_625' title='bbox 3239 3826 3403 3868; x_wconf 91' lang='lat' dir='ltr'><strong>nosse</strong></span> <span class='ocrx_word' id='word_1_626' title='bbox 3436 3825 3633 3863; x_wconf 83' lang='lat' dir='ltr'><strong>eorum</strong></span> 
     </span>
    </p>
   </div>
   <div class='ocr_carea' id='block_1_81' title="bbox 2045 3905 3631 3995">
    <p class='ocr_par' dir='ltr' id='par_1_81' title="bbox 2045 3905 3631 3995">
     <span class='ocr_line' id='line_1_81' title="bbox 2045 3905 3631 3995; baseline -0.018 -14"><span class='ocrx_word' id='word_1_627' title='bbox 2045 3940 2164 3995; x_wconf 72' lang='lat' dir='ltr'><strong>qum</strong></span> <span class='ocrx_word' id='word_1_628' title='bbox 2199 3924 2268 3978; x_wconf 91' lang='lat' dir='ltr'><strong>ab</strong></span> <span class='ocrx_word' id='word_1_629' title='bbox 2303 3922 2421 3992; x_wconf 92' lang='lat' dir='ltr'><strong>ipso</strong></span> <span class='ocrx_word' id='word_1_630' title='bbox 2450 3918 2667 3974; x_wconf 87' lang='lat' dir='ltr'><strong>condita</strong></span> <span class='ocrx_word' id='word_1_631' title='bbox 2701 3921 2829 3970; x_wconf 87' lang='lat' dir='ltr'><strong>sunt</strong></span> <span class='ocrx_word' id='word_1_632' title='bbox 2864 3908 3129 3982; x_wconf 84' lang='lat' dir='ltr'><strong>principia</strong></span> <span class='ocrx_word' id='word_1_633' title='bbox 3163 3914 3220 3961; x_wconf 91' lang='lat' dir='ltr'><strong>et</strong></span> <span class='ocrx_word' id='word_1_634' title='bbox 3257 3905 3422 3970; x_wconf 81' lang='lat' dir='ltr'><strong>lines;</strong></span> <span class='ocrx_word' id='word_1_635' title='bbox 3455 3915 3631 3955; x_wconf 85' lang='lat' dir='ltr'><strong>unum.</strong></span> 
     </span>
    </p>
   </div>
   <div class='ocr_carea' id='block_1_82' title="bbox 2044 3990 3635 4081">
    <p class='ocr_par' dir='ltr' id='par_1_82' title="bbox 2044 3990 3635 4081">
     <span class='ocr_line' id='line_1_82' title="bbox 2044 3990 3635 4081; baseline -0.016 -10"><span class='ocrx_word' id='word_1_636' title='bbox 2044 3990 2178 4071; x_wconf 79' lang='lat' dir='ltr'><strong>vero</strong></span> <span class='ocrx_word' id='word_1_637' title='bbox 2216 3990 2403 4071; x_wconf 81' lang='lat' dir='ltr'><strong>eorum</strong></span> <span class='ocrx_word' id='word_1_638' title='bbox 2444 4026 2565 4081; x_wconf 84' lang='lat' dir='ltr'><strong>quae</strong></span> <span class='ocrx_word' id='word_1_639' title='bbox 2605 4006 2821 4064; x_wconf 76' lang='lat' dir='ltr'><strong>condita</strong></span> <span class='ocrx_word' id='word_1_640' title='bbox 2859 4011 2987 4058; x_wconf 84' lang='lat' dir='ltr'><strong>sunt</strong></span> <span class='ocrx_word' id='word_1_641' title='bbox 3024 4012 3109 4057; x_wconf 90' lang='lat' dir='ltr'><strong>est</strong></span> <span class='ocrx_word' id='word_1_642' title='bbox 3157 4007 3398 4067; x_wconf 87' lang='lat' dir='ltr'><strong>tempus,</strong></span> <span class='ocrx_word' id='word_1_643' title='bbox 3439 4003 3495 4049; x_wconf 87' lang='lat' dir='ltr'><strong>ct</strong></span> <span class='ocrx_word' id='word_1_644' title='bbox 3531 3990 3635 4062; x_wconf 73' lang='lat' dir='ltr'><strong>qui</strong></span> 
     </span>
    </p>
   </div>
   <div class='ocr_carea' id='block_1_83' title="bbox 2045 4089 3637 4177">
    <p class='ocr_par' dir='ltr' id='par_1_83' title="bbox 2045 4089 3637 4177">
     <span class='ocr_line' id='line_1_83' title="bbox 2045 4089 3637 4177; baseline -0.015 -15"><span class='ocrx_word' id='word_1_645' title='bbox 2045 4115 2260 4177; x_wconf 86' lang='lat' dir='ltr'><strong>tempus</strong></span> <span class='ocrx_word' id='word_1_646' title='bbox 2287 4102 2559 4167; x_wconf 84' lang='lat' dir='ltr'><strong>condidit,</strong></span> <span class='ocrx_word' id='word_1_647' title='bbox 2586 4096 2736 4155; x_wconf 89' lang='lat' dir='ltr'><strong>novit</strong></span> <span class='ocrx_word' id='word_1_648' title='bbox 2764 4093 3007 4167; x_wconf 86' lang='lat' dir='ltr'><strong>quandiu</strong></span> <span class='ocrx_word' id='word_1_649' title='bbox 3032 4090 3163 4148; x_wconf 90' lang='lat' dir='ltr'><strong>illud</strong></span> <span class='ocrx_word' id='word_1_650' title='bbox 3188 4090 3260 4146; x_wconf 87' lang='lat' dir='ltr'><strong>sit</strong></span> <span class='ocrx_word' id='word_1_651' title='bbox 3281 4089 3637 4145; x_wconf 58' lang='lat' dir='ltr'><strong>duraturum-</strong></span> 
     </span>
    </p>
   </div>
   <div class='ocr_carea' id='block_1_84' title="bbox 2720 4228 2955 4286">
    <p class='ocr_par' dir='ltr' id='par_1_84' title="bbox 2720 4228 2955 4286">
     <span class='ocr_line' id='line_1_84' title="bbox 2720 4228 2955 4286; baseline -0.013 0"><span class='ocrx_word' id='word_1_652' title='bbox 2720 4228 2955 4286; x_wconf 75' lang='lat' dir='ltr'><strong>ALIUD.</strong></span> 
     </span>
    </p>
   </div>
   <div class='ocr_carea' id='block_1_85' title="bbox 2119 4331 3629 4407">
    <p class='ocr_par' dir='ltr' id='par_1_85' title="bbox 2119 4331 3629 4407">
     <span class='ocr_line' id='line_1_85' title="bbox 2119 4331 3629 4407; baseline -0.011 -2"><span class='ocrx_word' id='word_1_653' title='bbox 2119 4351 2377 4407; x_wconf 89' lang='lat' dir='ltr'><strong>Servator</strong></span> <span class='ocrx_word' id='word_1_654' title='bbox 2406 4346 2603 4403; x_wconf 86' lang='lat' dir='ltr'><strong>alicubi</strong></span> <span class='ocrx_word' id='word_1_655' title='bbox 2638 4345 2705 4401; x_wconf 88' lang='lat' dir='ltr'><strong>ad</strong></span> <span class='ocrx_word' id='word_1_656' title='bbox 2739 4344 2957 4399; x_wconf 85' lang='lat' dir='ltr'><strong>Patrem</strong></span> <span class='ocrx_word' id='word_1_657' title='bbox 2993 4353 3149 4396; x_wconf 91' lang='lat' dir='ltr'><strong>suum</strong></span> <span class='ocrx_word' id='word_1_658' title='bbox 3183 4337 3259 4392; x_wconf 91' lang='lat' dir='ltr'><strong>ita</strong></span> <span class='ocrx_word' id='word_1_659' title='bbox 3293 4336 3371 4390; x_wconf 90' lang='lat' dir='ltr'><strong>ait</strong></span> <span class='ocrx_word' id='word_1_660' title='bbox 3407 4353 3421 4390; x_wconf 94' lang='lat'>:</span> <span class='ocrx_word' id='word_1_661' title='bbox 3457 4331 3629 4403; x_wconf 73' lang='lat'><strong>219</strong></span> 
     </span>
    </p>
   </div>
   <div class='ocr_carea' id='block_1_86' title="bbox 2052 4426 3626 4509">
    <p class='ocr_par' dir='ltr' id='par_1_86' title="bbox 2052 4426 3626 4509">
     <span class='ocr_line' id='line_1_86' title="bbox 2052 4426 3626 4509; baseline -0.011 -14"><span class='ocrx_word' id='word_1_662' title='bbox 2052 4461 2071 4495; x_wconf 75' lang='grc' dir='ltr'><strong>ι</strong></span> <span class='ocrx_word' id='word_1_663' title='bbox 2105 4442 2287 4509; x_wconf 83' lang='lat' dir='ltr'><strong>Pater,</strong></span> <span class='ocrx_word' id='word_1_664' title='bbox 2310 4441 2458 4497; x_wconf 89' lang='lat' dir='ltr'><strong>venit</strong></span> <span class='ocrx_word' id='word_1_665' title='bbox 2482 4440 2636 4505; x_wconf 89' lang='lat' dir='ltr'><strong>hora,</strong></span> <span class='ocrx_word' id='word_1_666' title='bbox 2659 4437 2901 4509; x_wconf 78' lang='lat' dir='ltr'><strong>gleriilca</strong></span> <span class='ocrx_word' id='word_1_667' title='bbox 2926 4433 3120 4490; x_wconf 77' lang='lat' dir='ltr'><strong>Filium</strong></span> <span class='ocrx_word' id='word_1_668' title='bbox 3149 4426 3469 4485; x_wconf 67' lang='lat' dir='ltr'><strong>tuum“.»Si</strong></span> <span class='ocrx_word' id='word_1_669' title='bbox 3495 4442 3626 4496; x_wconf 78' lang='lat' dir='ltr'><strong>ergo</strong></span> 
     </span>
    </p>
   </div>
   <div class='ocr_carea' id='block_1_87' title="bbox 2046 4519 3625 4599">
    <p class='ocr_par' dir='ltr' id='par_1_87' title="bbox 2046 4519 3625 4599">
     <span class='ocr_line' id='line_1_87' title="bbox 2046 4519 3625 4599; baseline -0.012 -9"><span class='ocrx_word' id='word_1_670' title='bbox 2046 4544 2235 4590; x_wconf 82' lang='lat' dir='ltr'><strong>exacte</strong></span> <span class='ocrx_word' id='word_1_671' title='bbox 2262 4532 2410 4589; x_wconf 86' lang='lat' dir='ltr'><strong>novit</strong></span> <span class='ocrx_word' id='word_1_672' title='bbox 2438 4532 2650 4596; x_wconf 90' lang='lat' dir='ltr'><strong>horam,</strong></span> <span class='ocrx_word' id='word_1_673' title='bbox 2678 4542 2838 4599; x_wconf 89' lang='lat' dir='ltr'><strong>quam</strong></span> <span class='ocrx_word' id='word_1_674' title='bbox 2866 4525 3080 4582; x_wconf 76' lang='lat' dir='ltr'><strong>venisse</strong></span> <span class='ocrx_word' id='word_1_675' title='bbox 3107 4522 3261 4589; x_wconf 88' lang='lat' dir='ltr'><strong>dicit,</strong></span> <span class='ocrx_word' id='word_1_676' title='bbox 3286 4520 3412 4591; x_wconf 90' lang='lat' dir='ltr'><strong>quid</strong></span> <span class='ocrx_word' id='word_1_677' title='bbox 3441 4519 3625 4573; x_wconf 81' lang='lat' dir='ltr'><strong>obstat</strong></span> 
     </span>
    </p>
   </div>
   <div class='ocr_carea' id='block_1_88' title="bbox 346 4615 1938 4698">
    <p class='ocr_par' dir='ltr' id='par_1_88' title="bbox 346 4618 1937 4693">
     <span class='ocr_line' id='line_1_88' title="bbox 346 4618 1937 4693; baseline -0.003 -17"><span class='ocrx_word' id='word_1_678' title='bbox 346 4624 519 4693; x_wconf 87' lang='grc' dir='ltr'><strong>λέγει,</strong></span> <span class='ocrx_word' id='word_1_679' title='bbox 544 4622 598 4676; x_wconf 84' lang='grc' dir='ltr'><strong>τί</strong></span> <span class='ocrx_word' id='word_1_680' title='bbox 627 4622 690 4676; x_wconf 80' lang='grc' dir='ltr'><strong>τὸ</strong></span> <span class='ocrx_word' id='word_1_681' title='bbox 718 4620 926 4676; x_wconf 81' lang='grc' dir='ltr'><strong>κωλύον</strong></span> <span class='ocrx_word' id='word_1_682' title='bbox 947 4620 1142 4676; x_wconf 85' lang='grc' dir='ltr'><strong>εἰδέναι</strong></span> <span class='ocrx_word' id='word_1_683' title='bbox 1171 4620 1451 4690; x_wconf 79' lang='grc' dir='ltr'><strong>κάκείνην,</strong></span> <span class='ocrx_word' id='word_1_684' title='bbox 1476 4619 1635 4690; x_wconf 73' lang='grc' dir='ltr'><strong>ἦνὼς</strong></span> <span class='ocrx_word' id='word_1_685' title='bbox 1650 4618 1937 4690; x_wconf 78' lang='grc' dir='ltr'><strong>ἄνθρωπος</strong></span> 
     </span>
    </p>
   </div>
   <div class='ocr_carea' id='block_1_89' title="bbox 2037 4615 3621 4698">
    <p class='ocr_par' dir='ltr' id='par_1_89' title="bbox 2040 4615 3621 4698">
     <span class='ocr_line' id='line_1_89' title="bbox 2040 4615 3621 4698; baseline -0.013 -16"><span class='ocrx_word' id='word_1_686' title='bbox 2040 4625 2329 4698; x_wconf 90' lang='lat' dir='ltr'><strong>quominus</strong></span> <span class='ocrx_word' id='word_1_687' title='bbox 2351 4631 2408 4679; x_wconf 88' lang='lat' dir='ltr'><strong>et</strong></span> <span class='ocrx_word' id='word_1_688' title='bbox 2432 4623 2577 4678; x_wconf 86' lang='lat' dir='ltr'><strong>illam</strong></span> <span class='ocrx_word' id='word_1_689' title='bbox 2603 4622 2781 4687; x_wconf 85' lang='lat' dir='ltr'><strong>norit,</strong></span> <span class='ocrx_word' id='word_1_690' title='bbox 2796 4626 3055 4690; x_wconf 90' lang='lat' dir='ltr'><strong>quam,ut</strong></span> <span class='ocrx_word' id='word_1_691' title='bbox 3079 4616 3264 4679; x_wconf 88' lang='lat' dir='ltr'><strong>homo,</strong></span> <span class='ocrx_word' id='word_1_692' title='bbox 3288 4615 3538 4683; x_wconf 79' lang='lat' dir='ltr'><strong>ignorare</strong></span> <span class='ocrx_word' id='word_1_693' title='bbox 3562 4622 3621 4663; x_wconf 90' lang='lat' dir='ltr'><strong>se</strong></span> 
     </span>
    </p>
   </div>
   <div class='ocr_carea' id='block_1_90' title="bbox 347 4710 1933 4786">
    <p class='ocr_par' dir='ltr' id='par_1_90' title="bbox 347 4710 1933 4786">
     <span class='ocr_line' id='line_1_90' title="bbox 347 4710 1933 4786; baseline -0.006 -15"><span class='ocrx_word' id='word_1_694' title='bbox 347 4717 564 4784; x_wconf 85' lang='grc' dir='ltr'><strong>ἀγνοεῖν</strong></span> <span class='ocrx_word' id='word_1_695' title='bbox 609 4714 710 4786; x_wconf 85' lang='grc' dir='ltr'><strong>μέν</strong></span> <span class='ocrx_word' id='word_1_696' title='bbox 742 4730 878 4784; x_wconf 85' lang='grc' dir='ltr'><strong>φησι</strong></span> <span class='ocrx_word' id='word_1_697' title='bbox 924 4712 1013 4767; x_wconf 77' lang='grc' dir='ltr'><strong>διὰ</strong></span> <span class='ocrx_word' id='word_1_698' title='bbox 1059 4711 1119 4765; x_wconf 85' lang='grc' dir='ltr'><strong>τὸ</strong></span> <span class='ocrx_word' id='word_1_699' title='bbox 1158 4714 1225 4783; x_wconf 82' lang='grc' dir='ltr'><strong>τῇ</strong></span> <span class='ocrx_word' id='word_1_700' title='bbox 1272 4710 1653 4781; x_wconf 88' lang='grc' dir='ltr'><strong>ἀνθρωπότητι</strong></span> <span class='ocrx_word' id='word_1_701' title='bbox 1700 4710 1933 4781; x_wconf 86' lang='grc' dir='ltr'><strong>πρέπον,</strong></span> 
     </span>
    </p>
   </div>
   <div class='ocr_carea' id='block_1_91' title="bbox 348 4801 1934 4875">
    <p class='ocr_par' dir='ltr' id='par_1_91' title="bbox 348 4801 1934 4875">
     <span class='ocr_line' id='line_1_91' title="bbox 348 4801 1934 4875; baseline -0.004 -14"><span class='ocrx_word' id='word_1_702' title='bbox 348 4803 455 4862; x_wconf 75' lang='grc' dir='ltr'><strong>οἶδε</strong></span> <span class='ocrx_word' id='word_1_703' title='bbox 485 4807 545 4860; x_wconf 83' lang='grc' dir='ltr'><strong>δὲ</strong></span> <span class='ocrx_word' id='word_1_704' title='bbox 577 4806 796 4869; x_wconf 87' lang='grc' dir='ltr'><strong>πάντως</strong></span> <span class='ocrx_word' id='word_1_705' title='bbox 829 4806 905 4869; x_wconf 84' lang='grc' dir='ltr'><strong>ὡς</strong></span> <span class='ocrx_word' id='word_1_706' title='bbox 936 4803 1108 4869; x_wconf 87' lang='grc' dir='ltr'><strong>Θεός;</strong></span> <span class='ocrx_word' id='word_1_707' title='bbox 1142 4804 1262 4875; x_wconf 83' lang='grc' dir='ltr'><strong>Χρὴ</strong></span> <span class='ocrx_word' id='word_1_708' title='bbox 1308 4802 1363 4857; x_wconf 82' lang='grc' dir='ltr'><strong>δὲ</strong></span> <span class='ocrx_word' id='word_1_709' title='bbox 1390 4802 1453 4856; x_wconf 85' lang='grc' dir='ltr'><strong>οὐ</strong></span> <span class='ocrx_word' id='word_1_710' title='bbox 1486 4802 1576 4858; x_wconf 80' lang='grc' dir='ltr'><strong>διὰ</strong></span> <span class='ocrx_word' id='word_1_711' title='bbox 1605 4801 1706 4873; x_wconf 85' lang='grc' dir='ltr'><strong>τὴν</strong></span> <span class='ocrx_word' id='word_1_712' title='bbox 1746 4802 1934 4856; x_wconf 87' lang='grc' dir='ltr'><strong>τοιαύ-</strong></span> 
     </span>
    </p>
   </div>
   <div class='ocr_carea' id='block_1_92' title="bbox 349 4893 1937 4971">
    <p class='ocr_par' dir='ltr' id='par_1_92' title="bbox 349 4893 1937 4971">
     <span class='ocr_line' id='line_1_92' title="bbox 349 4893 1937 4971; baseline -0.003 -19"><span class='ocrx_word' id='word_1_713' title='bbox 349 4916 449 4971; x_wconf 85' lang='grc' dir='ltr'><strong>την</strong></span> <span class='ocrx_word' id='word_1_714' title='bbox 484 4899 671 4970; x_wconf 80' lang='grc' dir='ltr'><strong>φωνὴν</strong></span> <span class='ocrx_word' id='word_1_715' title='bbox 700 4898 1026 4969; x_wconf 83' lang='grc' dir='ltr'><strong>κατηγορεῖν</strong></span> <span class='ocrx_word' id='word_1_716' title='bbox 1055 4895 1149 4949; x_wconf 78' lang='grc' dir='ltr'><strong>τοῦ</strong></span> <span class='ocrx_word' id='word_1_717' title='bbox 1179 4894 1313 4949; x_wconf 80' lang='grc' dir='ltr'>6εοῦ</span> <span class='ocrx_word' id='word_1_718' title='bbox 1343 4895 1542 4963; x_wconf 88' lang='grc' dir='ltr'><strong>Λόγου,</strong></span> <span class='ocrx_word' id='word_1_719' title='bbox 1574 4893 1668 4949; x_wconf 77' lang='grc' dir='ltr'><strong>καὶ</strong></span> <span class='ocrx_word' id='word_1_720' title='bbox 1698 4893 1937 4964; x_wconf 79' lang='grc' dir='ltr'><strong>ριψοκιν·</strong></span> 
     </span>
    </p>
   </div>
   <div class='ocr_carea' id='block_1_93' title="bbox 2042 4704 3621 4787">
    <p class='ocr_par' dir='ltr' id='par_1_93' title="bbox 2042 4704 3621 4787">
     <span class='ocr_line' id='line_1_93' title="bbox 2042 4704 3621 4787; baseline -0.013 -14"><span class='ocrx_word' id='word_1_721' title='bbox 2042 4718 2242 4787; x_wconf 90' lang='lat' dir='ltr'><strong>inquit,</strong></span> <span class='ocrx_word' id='word_1_722' title='bbox 2271 4716 2420 4787; x_wconf 62' lang='lat' dir='ltr'><strong>fquod</strong></span> <span class='ocrx_word' id='word_1_723' title='bbox 2460 4715 2512 4770; x_wconf 90' lang='lat' dir='ltr'><strong>id</strong></span> <span class='ocrx_word' id='word_1_724' title='bbox 2549 4712 2869 4768; x_wconf 88' lang='lat' dir='ltr'><strong>humanitati</strong></span> <span class='ocrx_word' id='word_1_725' title='bbox 2908 4707 3221 4774; x_wconf 89' lang='lat' dir='ltr'><strong>con-veniat,</strong></span> <span class='ocrx_word' id='word_1_726' title='bbox 3262 4704 3405 4759; x_wconf 86' lang='lat' dir='ltr'><strong>norit</strong></span> <span class='ocrx_word' id='word_1_727' title='bbox 3442 4712 3621 4756; x_wconf 89' lang='lat' dir='ltr'><strong>autem</strong></span> 
     </span>
    </p>
   </div>
   <div class='ocr_carea' id='block_1_94' title="bbox 2043 4798 3621 4872">
    <p class='ocr_par' dir='ltr' id='par_1_94' title="bbox 2043 4798 3621 4872">
     <span class='ocr_line' id='line_1_94' title="bbox 2043 4798 3621 4872; baseline -0.013 -7"><span class='ocrx_word' id='word_1_728' title='bbox 2043 4808 2265 4865; x_wconf 92' lang='lat' dir='ltr'><strong>omnino</strong></span> <span class='ocrx_word' id='word_1_729' title='bbox 2307 4816 2366 4861; x_wconf 92' lang='lat' dir='ltr'><strong>ut</strong></span> <span class='ocrx_word' id='word_1_730' title='bbox 2412 4803 2596 4863; x_wconf 74' lang='lat' dir='ltr'><strong>Deus?</strong></span> <span class='ocrx_word' id='word_1_731' title='bbox 2624 4806 2693 4860; x_wconf 82' lang='lat' dir='ltr'><strong>At</strong></span> <span class='ocrx_word' id='word_1_732' title='bbox 2736 4818 2841 4859; x_wconf 92' lang='lat' dir='ltr'><strong>non</strong></span> <span class='ocrx_word' id='word_1_733' title='bbox 2887 4809 3102 4872; x_wconf 90' lang='lat' dir='ltr'><strong>oportet</strong></span> <span class='ocrx_word' id='word_1_734' title='bbox 3139 4798 3210 4853; x_wconf 92' lang='lat' dir='ltr'><strong>ob</strong></span> <span class='ocrx_word' id='word_1_735' title='bbox 3253 4798 3391 4851; x_wconf 86' lang='lat' dir='ltr'><strong>hanc</strong></span> <span class='ocrx_word' id='word_1_736' title='bbox 3432 4807 3621 4847; x_wconf 87' lang='lat' dir='ltr'><strong>vocem</strong></span> 
     </span>
    </p>
   </div>
   <div class='ocr_carea' id='block_1_95' title="bbox 2046 4883 3623 4966">
    <p class='ocr_par' dir='ltr' id='par_1_95' title="bbox 2046 4883 3623 4966">
     <span class='ocr_line' id='line_1_95' title="bbox 2046 4883 3623 4966; baseline -0.012 -11"><span class='ocrx_word' id='word_1_737' title='bbox 2046 4900 2281 4957; x_wconf 79' lang='lat' dir='ltr'><strong>Verbum</strong></span> <span class='ocrx_word' id='word_1_738' title='bbox 2308 4899 2403 4954; x_wconf 90' lang='lat' dir='ltr'><strong>Dei</strong></span> <span class='ocrx_word' id='word_1_739' title='bbox 2430 4899 2707 4962; x_wconf 86' lang='lat' dir='ltr'><strong>incusare,</strong></span> <span class='ocrx_word' id='word_1_740' title='bbox 2733 4904 2787 4952; x_wconf 89' lang='lat' dir='ltr'><strong>et</strong></span> <span class='ocrx_word' id='word_1_741' title='bbox 2810 4892 3171 4966; x_wconf 82' lang='lat' dir='ltr'><strong>ignorantiam</strong></span> <span class='ocrx_word' id='word_1_742' title='bbox 3199 4898 3401 4944; x_wconf 91' lang='lat' dir='ltr'><strong>temere</strong></span> <span class='ocrx_word' id='word_1_743' title='bbox 3427 4883 3623 4939; x_wconf 78' lang='lat' dir='ltr'><strong>illi-.ob-</strong></span> 
     </span>
    </p>
   </div>
   <div class='ocr_carea' id='block_1_96' title="bbox 351 4979 1938 5060">
    <p class='ocr_par' dir='ltr' id='par_1_96' title="bbox 351 4984 1935 5060">
     <span class='ocr_line' id='line_1_96' title="bbox 351 4984 1935 5060; baseline -0.005 -14"><span class='ocrx_word' id='word_1_744' title='bbox 351 4992 525 5055; x_wconf 79' lang='grc' dir='ltr'><strong>δύνως</strong></span> <span class='ocrx_word' id='word_1_745' title='bbox 566 4990 789 5060; x_wconf 76' lang='grc' dir='ltr'><strong>ἄγνοιαν</strong></span> <span class='ocrx_word' id='word_1_746' title='bbox 815 4987 967 5059; x_wconf 82' lang='grc' dir='ltr'><strong>αὐτῷ</strong></span> <span class='ocrx_word' id='word_1_747' title='bbox 999 4986 1337 5059; x_wconf 87' lang='grc' dir='ltr'><strong>προσάπτειν</strong></span> <span class='ocrx_word' id='word_1_748' title='bbox 1382 4986 1536 5040; x_wconf 86' lang='grc' dir='ltr'><strong>τινά·</strong></span> <span class='ocrx_word' id='word_1_749' title='bbox 1562 4984 1699 5040; x_wconf 84' lang='grc' dir='ltr'><strong>ἀλλὰ</strong></span> <span class='ocrx_word' id='word_1_750' title='bbox 1735 4984 1935 5056; x_wconf 82' lang='grc' dir='ltr'><strong>μᾶλλον</strong></span> 
     </span>
    </p>
   </div>
   <div class='ocr_carea' id='block_1_97' title="bbox 2037 4979 3623 5060">
    <p class='ocr_par' dir='ltr' id='par_1_97' title="bbox 2037 4979 3623 5060">
     <span class='ocr_line' id='line_1_97' title="bbox 2037 4979 3623 5060; baseline -0.014 -12"><span class='ocrx_word' id='word_1_751' title='bbox 2037 4990 2242 5060; x_wconf 84' lang='lat' dir='ltr'><strong>jicere;</strong></span> <span class='ocrx_word' id='word_1_752' title='bbox 2277 4990 2370 5046; x_wconf 90' lang='lat' dir='ltr'><strong>sed</strong></span> <span class='ocrx_word' id='word_1_753' title='bbox 2411 4991 2595 5060; x_wconf 91' lang='lat' dir='ltr'><strong>potius</strong></span> <span class='ocrx_word' id='word_1_754' title='bbox 2626 4987 2820 5043; x_wconf 88' lang='lat' dir='ltr'><strong>mirari</strong></span> <span class='ocrx_word' id='word_1_755' title='bbox 2856 4999 3097 5041; x_wconf 86' lang='lat' dir='ltr'><strong>amorem</strong></span> <span class='ocrx_word' id='word_1_756' title='bbox 3130 4997 3236 5052; x_wconf 90' lang='lat' dir='ltr'><strong>quo</strong></span> <span class='ocrx_word' id='word_1_757' title='bbox 3268 4993 3395 5049; x_wconf 83' lang='lat' dir='ltr'><strong>erga</strong></span> <span class='ocrx_word' id='word_1_758' title='bbox 3432 4979 3623 5030; x_wconf 50' lang='lat' dir='ltr'><strong>humat-</strong></span> 
     </span>
    </p>
   </div>
   <div class='ocr_carea' id='block_1_98' title="bbox 352 5078 1937 5155">
    <p class='ocr_par' dir='ltr' id='par_1_98' title="bbox 352 5078 1937 5155">
     <span class='ocr_line' id='line_1_98' title="bbox 352 5078 1937 5155; baseline -0.006 -16"><span class='ocrx_word' id='word_1_759' title='bbox 352 5084 654 5155; x_wconf 75' lang='grc' dir='ltr'><strong>θαυμάζειν</strong></span> <span class='ocrx_word' id='word_1_760' title='bbox 690 5080 856 5136; x_wconf 81' lang='grc' dir='ltr'><strong>αὐτοῦ</strong></span> <span class='ocrx_word' id='word_1_761' title='bbox 884 5080 984 5152; x_wconf 82' lang='grc' dir='ltr'><strong>τὴν</strong></span> <span class='ocrx_word' id='word_1_762' title='bbox 1027 5078 1456 5150; x_wconf 81' lang='grc' dir='ltr'><strong>φιλανθρωπίαν,</strong></span> <span class='ocrx_word' id='word_1_763' title='bbox 1486 5078 1546 5133; x_wconf 85' lang='grc' dir='ltr'><strong>οὐ</strong></span> <span class='ocrx_word' id='word_1_764' title='bbox 1590 5094 1937 5149; x_wconf 87' lang='grc' dir='ltr'><strong>παραιτησα-</strong></span> 
     </span>
    </p>
   </div>
   <div class='ocr_carea' id='block_1_99' title="bbox 355 5169 1937 5247">
    <p class='ocr_par' dir='ltr' id='par_1_99' title="bbox 355 5169 1937 5247">
     <span class='ocr_line' id='line_1_99' title="bbox 355 5169 1937 5247; baseline -0.007 -15"><span class='ocrx_word' id='word_1_765' title='bbox 355 5177 517 5247; x_wconf 77' lang='grc' dir='ltr'><strong>μένου</strong></span> <span class='ocrx_word' id='word_1_766' title='bbox 548 5174 637 5229; x_wconf 80' lang='grc' dir='ltr'><strong>διὰ</strong></span> <span class='ocrx_word' id='word_1_767' title='bbox 678 5175 778 5247; x_wconf 83' lang='grc' dir='ltr'><strong>τὴν</strong></span> <span class='ocrx_word' id='word_1_768' title='bbox 804 5176 883 5238; x_wconf 86' lang='grc' dir='ltr'><strong>εἰς</strong></span> <span class='ocrx_word' id='word_1_769' title='bbox 913 5174 1061 5244; x_wconf 83' lang='grc' dir='ltr'><strong>ἡμᾶς</strong></span> <span class='ocrx_word' id='word_1_770' title='bbox 1094 5171 1374 5242; x_wconf 84' lang='grc' dir='ltr'><strong>ἀγάπησιν</strong></span> <span class='ocrx_word' id='word_1_771' title='bbox 1405 5171 1484 5234; x_wconf 85' lang='grc' dir='ltr'><strong>εἰς</strong></span> <span class='ocrx_word' id='word_1_772' title='bbox 1510 5169 1779 5239; x_wconf 84' lang='grc' dir='ltr'><strong>τοσαύτην</strong></span> <span class='ocrx_word' id='word_1_773' title='bbox 1809 5170 1937 5222; x_wconf 85' lang='grc' dir='ltr'><strong>έαυ-</strong></span> 
     </span>
    </p>
   </div>
   <div class='ocr_carea' id='block_1_100' title="bbox 352 5260 1937 5333">
    <p class='ocr_par' dir='ltr' id='par_1_100' title="bbox 352 5260 1937 5333">
     <span class='ocr_line' id='line_1_100' title="bbox 352 5260 1937 5333; baseline -0.004 -11"><span class='ocrx_word' id='word_1_774' title='bbox 352 5268 439 5322; x_wconf 73' lang='grc' dir='ltr'><strong>τὸν</strong></span> <span class='ocrx_word' id='word_1_775' title='bbox 478 5266 809 5321; x_wconf 83' lang='grc' dir='ltr'><strong>ταπείνωσιν</strong></span> <span class='ocrx_word' id='word_1_776' title='bbox 854 5265 1207 5333; x_wconf 86' lang='grc' dir='ltr'><strong>καταγαγεῖν,</strong></span> <span class='ocrx_word' id='word_1_777' title='bbox 1247 5263 1322 5326; x_wconf 85' lang='grc' dir='ltr'><strong>ὼς</strong></span> <span class='ocrx_word' id='word_1_778' title='bbox 1368 5262 1545 5316; x_wconf 83' lang='grc' dir='ltr'><strong>πάντα</strong></span> <span class='ocrx_word' id='word_1_779' title='bbox 1595 5261 1823 5332; x_wconf 72' lang='grc' dir='ltr'><strong>φορέσαι</strong></span> <span class='ocrx_word' id='word_1_780' title='bbox 1868 5260 1937 5315; x_wconf 79' lang='grc' dir='ltr'><strong>τὰ</strong></span> 
     </span>
    </p>
   </div>
   <div class='ocr_carea' id='block_1_101' title="bbox 353 5352 1414 5431">
    <p class='ocr_par' dir='ltr' id='par_1_101' title="bbox 353 5352 1414 5431">
     <span class='ocr_line' id='line_1_101' title="bbox 353 5352 1414 5431; baseline -0.008 -17"><span class='ocrx_word' id='word_1_781' title='bbox 353 5360 530 5431; x_wconf 83' lang='grc' dir='ltr'><strong>ἡμῶν,</strong></span> <span class='ocrx_word' id='word_1_782' title='bbox 559 5352 635 5413; x_wconf 85' lang='grc' dir='ltr'><strong>ὧν</strong></span> <span class='ocrx_word' id='word_1_783' title='bbox 664 5358 722 5412; x_wconf 75' lang='grc' dir='ltr'><strong>ἓν</strong></span> <span class='ocrx_word' id='word_1_784' title='bbox 754 5356 991 5429; x_wconf 78' lang='grc' dir='ltr'><strong>ὑπάρχει</strong></span> <span class='ocrx_word' id='word_1_785' title='bbox 1018 5356 1115 5409; x_wconf 71' lang='grc' dir='ltr'><strong>καὶ</strong></span> <span class='ocrx_word' id='word_1_786' title='bbox 1139 5356 1174 5424; x_wconf 86' lang='grc' dir='ltr'>ὴ</span> <span class='ocrx_word' id='word_1_787' title='bbox 1202 5354 1414 5422; x_wconf 73' lang='grc' dir='ltr'><strong>ἄγνοια.</strong></span> 
     </span>
    </p>
   </div>
   <div class='ocr_carea' id='block_1_102' title="bbox 1046 5471 1246 5525">
    <p class='ocr_par' dir='ltr' id='par_1_102' title="bbox 1046 5471 1246 5525">
     <span class='ocr_line' id='line_1_102' title="bbox 1046 5471 1246 5525; baseline -0.005 0"><span class='ocrx_word' id='word_1_788' title='bbox 1046 5471 1246 5525; x_wconf 80' lang='lat' dir='ltr'><strong>AAAO.</strong></span> 
     </span>
    </p>
   </div>
   <div class='ocr_carea' id='block_1_103' title="bbox 436 5580 1935 5662">
    <p class='ocr_par' dir='ltr' id='par_1_103' title="bbox 436 5580 1935 5662">
     <span class='ocr_line' id='line_1_103' title="bbox 436 5580 1935 5662; baseline -0.009 -17"><span class='ocrx_word' id='word_1_789' title='bbox 436 5589 768 5662; x_wconf 85' lang='grc' dir='ltr'><strong>Ἐρωτητέον</strong></span> <span class='ocrx_word' id='word_1_790' title='bbox 801 5589 927 5652; x_wconf 82' lang='grc' dir='ltr'><strong>τοὺς</strong></span> <span class='ocrx_word' id='word_1_791' title='bbox 967 5584 1365 5658; x_wconf 77' lang='grc' dir='ltr'><strong>χριστομάχους</strong></span> <span class='ocrx_word' id='word_1_792' title='bbox 1387 5625 1401 5648; x_wconf 96' lang='grc'><strong>,</strong></span> <span class='ocrx_word' id='word_1_793' title='bbox 1447 5584 1569 5636; x_wconf 81' lang='grc' dir='ltr'><strong>ὅτου</strong></span> <span class='ocrx_word' id='word_1_794' title='bbox 1604 5580 1668 5652; x_wconf 81' lang='grc' dir='ltr'><strong>δὴ</strong></span> <span class='ocrx_word' id='word_1_795' title='bbox 1719 5580 1878 5651; x_wconf 82' lang='grc' dir='ltr'><strong>χάριν</strong></span> <span class='ocrx_word' id='word_1_796' title='bbox 1908 5581 1935 5632; x_wconf 90' lang='grc' dir='ltr'>ὁ</span> 
     </span>
    </p>
   </div>
   <div class='ocr_carea' id='block_1_104' title="bbox 358 5671 1932 5757">
    <p class='ocr_par' dir='ltr' id='par_1_104' title="bbox 358 5671 1932 5757">
     <span class='ocr_line' id='line_1_104' title="bbox 358 5671 1932 5757; baseline -0.011 -17"><span class='ocrx_word' id='word_1_797' title='bbox 358 5684 547 5757; x_wconf 79' lang='grc' dir='ltr'><strong>Σωτὴρ</strong></span> <span class='ocrx_word' id='word_1_798' title='bbox 586 5682 850 5753; x_wconf 87' lang='grc' dir='ltr'><strong>ἀγγέλους</strong></span> <span class='ocrx_word' id='word_1_799' title='bbox 896 5680 991 5736; x_wconf 73' lang='grc' dir='ltr'><strong>καὶ</strong></span> <span class='ocrx_word' id='word_1_800' title='bbox 1036 5678 1163 5734; x_wconf 83' lang='grc' dir='ltr'><strong>Υἰὸν</strong></span> <span class='ocrx_word' id='word_1_801' title='bbox 1212 5676 1514 5747; x_wconf 85' lang='grc' dir='ltr'><strong>ὀνομάσας,</strong></span> <span class='ocrx_word' id='word_1_802' title='bbox 1564 5671 1803 5744; x_wconf 76' lang='grc' dir='ltr'><strong>οὐδαμοῦ</strong></span> <span class='ocrx_word' id='word_1_803' title='bbox 1838 5671 1932 5726; x_wconf 81' lang='grc' dir='ltr'><strong>τοῦ</strong></span> 
     </span>
    </p>
   </div>
   <div class='ocr_carea' id='block_1_105' title="bbox 2044 5065 3621 5152">
    <p class='ocr_par' dir='ltr' id='par_1_105' title="bbox 2044 5065 3621 5152">
     <span class='ocr_line' id='line_1_105' title="bbox 2044 5065 3621 5152; baseline -0.011 -15"><span class='ocrx_word' id='word_1_804' title='bbox 2044 5098 2172 5137; x_wconf 92' lang='lat' dir='ltr'><strong>num</strong></span> <span class='ocrx_word' id='word_1_805' title='bbox 2202 5095 2370 5152; x_wconf 78' lang='lat' dir='ltr'><strong>genus</strong></span> <span class='ocrx_word' id='word_1_806' title='bbox 2397 5079 2671 5150; x_wconf 80' lang='lat' dir='ltr'><strong>ﬂagravit,</strong></span> <span class='ocrx_word' id='word_1_807' title='bbox 2698 5092 2804 5148; x_wconf 83' lang='lat' dir='ltr'><strong>quo</strong></span> <span class='ocrx_word' id='word_1_808' title='bbox 2831 5075 3095 5146; x_wconf 88' lang='lat' dir='ltr'><strong>impulsus</strong></span> <span class='ocrx_word' id='word_1_809' title='bbox 3121 5087 3228 5126; x_wconf 90' lang='lat' dir='ltr'><strong>non</strong></span> <span class='ocrx_word' id='word_1_810' title='bbox 3260 5065 3530 5124; x_wconf 84' lang='lat' dir='ltr'><strong>recusavit</strong></span> <span class='ocrx_word' id='word_1_811' title='bbox 3555 5068 3621 5119; x_wconf 92' lang='lat' dir='ltr'><strong>ad</strong></span> 
     </span>
    </p>
   </div>
   <div class='ocr_carea' id='block_1_106' title="bbox 2046 5160 3619 5229">
    <p class='ocr_par' dir='ltr' id='par_1_106' title="bbox 2046 5160 3619 5229">
     <span class='ocr_line' id='line_1_106' title="bbox 2046 5160 3619 5229; baseline -0.011 -1"><span class='ocrx_word' id='word_1_812' title='bbox 2046 5183 2247 5228; x_wconf 90' lang='lat' dir='ltr'><strong>tantam</strong></span> <span class='ocrx_word' id='word_1_813' title='bbox 2278 5170 2634 5227; x_wconf 87' lang='lat' dir='ltr'><strong>humilitatem</strong></span> <span class='ocrx_word' id='word_1_814' title='bbox 2662 5183 2783 5224; x_wconf 88' lang='lat' dir='ltr'><strong>sese</strong></span> <span class='ocrx_word' id='word_1_815' title='bbox 2811 5166 3116 5229; x_wconf 88' lang='lat' dir='ltr'><strong>demittere,</strong></span> <span class='ocrx_word' id='word_1_816' title='bbox 3142 5170 3199 5216; x_wconf 95' lang='lat' dir='ltr'><strong>ut</strong></span> <span class='ocrx_word' id='word_1_817' title='bbox 3225 5160 3405 5216; x_wconf 87' lang='lat' dir='ltr'><strong>omnia</strong></span> <span class='ocrx_word' id='word_1_818' title='bbox 3436 5167 3619 5214; x_wconf 89' lang='lat' dir='ltr'><strong>nostra</strong></span> 
     </span>
    </p>
   </div>
   <div class='ocr_carea' id='block_1_107' title="bbox 2043 5250 3491 5332">
    <p class='ocr_par' dir='ltr' id='par_1_107' title="bbox 2043 5250 3491 5332">
     <span class='ocr_line' id='line_1_107' title="bbox 2043 5250 3491 5332; baseline -0.01 -12"><span class='ocrx_word' id='word_1_819' title='bbox 2043 5265 2360 5331; x_wconf 83' lang='lat' dir='ltr'><strong>susciperet,</strong></span> <span class='ocrx_word' id='word_1_820' title='bbox 2392 5276 2625 5332; x_wconf 83' lang='lat' dir='ltr'><strong>quorum</strong></span> <span class='ocrx_word' id='word_1_821' title='bbox 2657 5260 2820 5316; x_wconf 88' lang='lat' dir='ltr'><strong>etiam</strong></span> <span class='ocrx_word' id='word_1_822' title='bbox 2852 5271 3022 5312; x_wconf 90' lang='lat' dir='ltr'><strong>unum</strong></span> <span class='ocrx_word' id='word_1_823' title='bbox 3050 5262 3136 5310; x_wconf 90' lang='lat' dir='ltr'><strong>est</strong></span> <span class='ocrx_word' id='word_1_824' title='bbox 3164 5250 3491 5323; x_wconf 82' lang='lat' dir='ltr'><strong>ignorantia.</strong></span> 
     </span>
    </p>
   </div>
   <div class='ocr_carea' id='block_1_108' title="bbox 2713 5461 2942 5519">
    <p class='ocr_par' dir='ltr' id='par_1_108' title="bbox 2713 5461 2942 5519">
     <span class='ocr_line' id='line_1_108' title="bbox 2713 5461 2942 5519; baseline -0.013 0"><span class='ocrx_word' id='word_1_825' title='bbox 2713 5461 2942 5519; x_wconf 83' lang='lat' dir='ltr'><strong>ALIUD.</strong></span> 
     </span>
    </p>
   </div>
   <div class='ocr_carea' id='block_1_109' title="bbox 2115 5570 3615 5648">
    <p class='ocr_par' dir='ltr' id='par_1_109' title="bbox 2115 5570 3615 5648">
     <span class='ocr_line' id='line_1_109' title="bbox 2115 5570 3615 5648; baseline -0.005 -18"><span class='ocrx_word' id='word_1_826' title='bbox 2115 5575 2479 5648; x_wconf 66' lang='lat' dir='ltr'><strong>[interrogandi</strong></span> <span class='ocrx_word' id='word_1_827' title='bbox 2534 5584 2661 5632; x_wconf 92' lang='lat' dir='ltr'><strong>sunt</strong></span> <span class='ocrx_word' id='word_1_828' title='bbox 2717 5576 2900 5631; x_wconf 89' lang='lat' dir='ltr'><strong>hostes</strong></span> <span class='ocrx_word' id='word_1_829' title='bbox 2954 5572 3201 5638; x_wconf 84' lang='lat' dir='ltr'><strong>Christi,</strong></span> <span class='ocrx_word' id='word_1_830' title='bbox 3260 5570 3615 5642; x_wconf 87' lang='lat' dir='ltr'><strong>quamobrem</strong></span> 
     </span>
    </p>
   </div>
   <div class='ocr_carea' id='block_1_110' title="bbox 2045 5659 3621 5741">
    <p class='ocr_par' dir='ltr' id='par_1_110' title="bbox 2045 5659 3621 5741">
     <span class='ocr_line' id='line_1_110' title="bbox 2045 5659 3621 5741; baseline -0.007 -15"><span class='ocrx_word' id='word_1_831' title='bbox 2045 5670 2300 5727; x_wconf 87' lang='lat' dir='ltr'><strong>Servator</strong></span> <span class='ocrx_word' id='word_1_832' title='bbox 2329 5683 2453 5727; x_wconf 86' lang='lat' dir='ltr'><strong>cum</strong></span> <span class='ocrx_word' id='word_1_833' title='bbox 2483 5668 2702 5741; x_wconf 77' lang='lat' dir='ltr'><strong>angelos</strong></span> <span class='ocrx_word' id='word_1_834' title='bbox 2731 5675 2785 5724; x_wconf 89' lang='lat' dir='ltr'><strong>et</strong></span> <span class='ocrx_word' id='word_1_835' title='bbox 2815 5667 3017 5724; x_wconf 82' lang='lat' dir='ltr'><strong>Filium</strong></span> <span class='ocrx_word' id='word_1_836' title='bbox 3040 5663 3356 5734; x_wconf 75' lang='lat' dir='ltr'><strong>nominarit,</strong></span> <span class='ocrx_word' id='word_1_837' title='bbox 3384 5659 3621 5733; x_wconf 76' lang='lat' dir='ltr'><strong>Spiritus</strong></span> 
     </span>
    </p>
   </div>
   <div class='ocr_carea' id='block_1_111' title="bbox 429 5850 2080 5927">
    <p class='ocr_par' dir='ltr' id='par_1_111' title="bbox 429 5850 2080 5927">
     <span class='ocr_line' id='line_1_111' title="bbox 429 5850 2080 5927; baseline -0.008 -10"><span class='ocrx_word' id='word_1_838' title='bbox 429 5861 472 5891; x_wconf 73' lang='lat'><strong>&quot;’</strong></span> <span class='ocrx_word' id='word_1_839' title='bbox 502 5861 688 5919; x_wconf 75' lang='lat' dir='ltr'><strong>Matth.</strong></span> <span class='ocrx_word' id='word_1_840' title='bbox 719 5878 864 5927; x_wconf 66' lang='grc' dir='ltr'><strong>μιν,</strong></span> <span class='ocrx_word' id='word_1_841' title='bbox 901 5860 981 5916; x_wconf 62' lang='lat' dir='ltr'><strong>ll.</strong></span> <span class='ocrx_word' id='word_1_842' title='bbox 1060 5860 1104 5890; x_wconf 68' lang='grc' dir='ltr'><strong>τ’</strong></span> <span class='ocrx_word' id='word_1_843' title='bbox 1138 5857 1176 5912; x_wconf 94' lang='lat' dir='ltr'><strong>ll</strong></span> <span class='ocrx_word' id='word_1_844' title='bbox 1208 5856 1331 5913; x_wconf 88' lang='lat' dir='ltr'><strong>Cor.</strong></span> <span class='ocrx_word' id='word_1_845' title='bbox 1368 5872 1425 5923; x_wconf 67' lang='grc' dir='ltr'><strong>κ,</strong></span> <span class='ocrx_word' id='word_1_846' title='bbox 1468 5855 1516 5909; x_wconf 77' lang='grc'>5.</span> <span class='ocrx_word' id='word_1_847' title='bbox 1596 5855 1637 5884; x_wconf 74' lang='grc' dir='ltr'><strong>⁸ο</strong></span> <span class='ocrx_word' id='word_1_848' title='bbox 1672 5852 1825 5907; x_wconf 76' lang='lat' dir='ltr'><strong>Joan.</strong></span> <span class='ocrx_word' id='word_1_849' title='bbox 1864 5867 1997 5917; x_wconf 83' lang='lat' dir='ltr'><strong>xvn,</strong></span> <span class='ocrx_word' id='word_1_850' title='bbox 2034 5850 2080 5905; x_wconf 82' lang='lat' dir='ltr'><strong>l.</strong></span> 
     </span>
    </p>
   </div>
  </div>
