4124 6538
446 485 544 541 571

1455 474 1513 526 S.
1556 470 1823 523 ιλὶιιιιιιι
1862 464 2327 523 ALEXANDBINI
2366 464 2686 522 ARCIIIEP.

3584 467 3694 523 372

442 599 768 654 mentionem
816 607 1084 664 nusquam
1153 590 1385 646 fecerit?
1446 588 1559 644 Non
1627 589 1773 643 enim
1823 587 2003 643 dixit:

2128 585 2426 657 πνεύματος
2454 586 2745 656 ἐποιήσατο
2778 582 3031 653 μνήμην;
3061 582 3136 636 υύ
3164 582 3272 654 γὰρ
3297 583 3513 654 εἴρηκεν
3534 600 3547 614 ·
3578 586 3694 639 Οὐκ

443 689 557 743 Non
623 688 773 741 novit
829 684 1086 754 Spiritus,
1108 683 1226 749 sed,
1257 701 1274 733 ι
1312 681 1429 737 Non
1458 690 1656 736 norunt
1681 680 1880 751 angeli,
1913 694 2009 735 ne-

442 794 547 848 que
595 780 744 833 ttovit
780 778 978 843 Filius;
1017 785 1221 845 iatque
1263 776 1364 828 hoc
1405 774 1618 842 quidem
1655 772 2007 842 simpliciter:

444 886 549 924 non
583 871 725 924 enim
751 869 967 938 adjecit,
1005 868 1119 921 Dei.
1155 866 1496 921 Manifestum
1541 868 1704 935 igitur
1732 874 1815 919 est
1867 862 2009 932 quod

443 958 664 1027 angelos
695 956 973 1026 ignorasse
1003 955 1220 1019 dixerit,
1260 964 1315 1007 ut
1361 964 1660 1013 creaturas.
1693 953 1829 1008 Cum
1883 966 2011 1006 vero

445 1049 726 1119 discipulis
758 1050 811 1103 id
833 1049 1017 1103 dicere
1056 1046 1341 1112 nollet,ob
1368 1044 1691 1100 ineffabilem
1723 1045 2008 1112 quamdam

448 1140 643 1194 divina:
662 1138 1150 1194 administrationis
1173 1146 1226 1191 et
1258 1136 1471 1191 consilii
1503 1135 1804 1189 rationem:
1830 1152 1847 1184 ι
1878 1131 2013 1199 Quis

448 1232 589 1283 enim
636 1230 786 1284 novit
834 1241 1066 1284 mentem
1112 1226 1345 1290 Domini,
1381 1236 1473 1281 aut
1504 1228 1627 1296 quis
1672 1223 2013 1279 consiliarius

447 1321 563 1387 ejus
608 1320 707 1376 fuit
734 1321 825 1375 ειι
862 1339 880 1371 ι
930 1334 997 1374 ne
1046 1321 1315 1374 videretur
1359 1317 1478 1373 illus
1513 1318 1614 1372 hoc
1642 1316 1839 1387 {celare
1876 1315 2012 1369 velle

446 1425 619 1480 eoque
645 1413 858 1466 nomine
887 1411 1004 1466 illos
1022 1425 1254 1466 tumore
1279 1409 1512 1474 allicere,
1546 1408 1704 1471 dixit,
1727 1423 1794 1462 ne
1816 1405 2009 1461 Filium

447 1502 663 1572 quidem
699 1504 799 1556 hoc
832 1517 1030 1567 nosse;
1061 1501 1296 1554 humano
1332 1513 1480 1553 more
1510 1500 1575 1554 de
1601 1514 1661 1553 se
1686 1498 1930 1566 loquens,
1956 1503 2013 1549 ut

450 1595 609 1665 homo
632 1611 646 1647 :
673 1601 729 1646 et
752 1592 991 1645 omnium
1023 1590 1239 1644 interim
1271 1589 1519 1643 notitiam
1548 1588 1651 1642 sibi
1682 1601 1926 1650 servans,
1956 1595 2016 1640 ut

451 1684 608 1736 Deus.
638 1683 845 1737 Idcirco
893 1681 1037 1735 enim
1080 1698 1187 1736 non
1234 1681 1400 1744 dixit,
1439 1679 1703 1749 Spiritum
1737 1679 2009 1749 ignorare.

446 1773 579 1828 Nam
608 1774 652 1828 si
680 1775 901 1843 spiritus
934 1775 1113 1828 omnia
1140 1783 1435 1834 scrutatur,
1458 1774 1622 1826 etiam
1655 1772 1866 1826 occulta
1896 1771 2015 1837 Dei,

2111 673 2218 730 οἶδε
2246 677 2307 730 τὸ
2343 676 2588 747 Πνεῦμα,
2631 675 2745 729 ἀλλ’
2779 695 2797 727 ‹
2824 674 2939 728 Οὐκ
2987 675 3165 728 ἴσασιν
3195 676 3245 728 oi
3290 674 3542 743 ἄγγελοι.
3583 677 3697 728 οὐδ’

2111 763 2249 821 οἶδεν
2294 770 2322 820 6
2372 768 2531 831 Υἱόςσ
2566 786 2583 819 ι
2640 766 2734 820 καὶ
2780 765 2936 820 τοῦτο
2982 765 3398 837 ἀπολελυμένως
3424 784 3438 797 ·
3478 767 3538 819 ού
3586 767 3696 839 γάρ

2114 858 2487 930 προστέθεικε,
2518 858 2611 911 τοῦ
2642 857 2799 911 Θεοῦ.
2832 857 3001 925 Δῆλον
3030 854 3124 909 οῦν
3157 857 3238 910 ὅτι
3273 858 3542 926 ἀγγέλους
3589 858 3693 928 μὲν

2113 950 2312 1021 ἔφησεν
2355 952 2568 1018 ἀγνοεῖν
2598 950 2673 1013 ὡς
2701 948 2994 1019 κτίσματα.
3042 949 3231 1002 Εἰπεῖν
3265 950 3321 1001 δὲ
3367 952 3479 1012 τοῖς
3515 950 3695 1021 μαθη-

2111 1045 2231 1106 ταῖς
2255 1043 2317 1096 ού
2346 1041 2598 1112 θελήσας,
2626 1042 2715 1095 διά
2744 1058 2869 1094 τινα
2911 1042 3069 1108 λόγον
3097 1042 3411 1111 οἰκονομίας
3451 1042 3698 1112 ἀπόρῤηέ

2112 1150 2223 1186 τον’
2264 1153 2281 1185 ι
2310 1132 2406 1196 Τίς
2426 1133 2534 1203 γὰρ
2573 1133 2712 1201 ἔγνω
2744 1131 2869 1185 νοῦν
2913 1131 3141 1202 Κυρίου,
3185 1133 3217 1201 ἦ
3264 1132 3349 1195 τίς
3395 1131 3703 1202 σύμϐουλος

2114 1223 2277 1277 αὑτοῦ
2322 1225 2569 1292 ὲγένετο;
2604 1243 2621 1275 ι
2655 1225 2743 1278 ἴνα
2780 1224 2855 1295 μὴ
2891 1224 3150 1295 φαίνηται
3181 1223 3439 1293 κρύπτων
3469 1224 3697 1288 αὐτοὺς,

2114 1317 2208 1370 καὶ
2237 1316 2325 1370 διὰ
2353 1316 2512 1369 τοῦτο
2538 1316 2779 1387 λυπήσῃ,
2821 1316 2917 1369 καὶ
2957 1316 3050 1369 τὸν
3087 1316 3214 1369 Υἰὸν
3270 1316 3440 1385 ἔφησε
3502 1317 3576 1387 μὴ
3623 1319 3703 1370 εἰ·-

2113 1408 2278 1469 δέναι,
2298 1407 2779 1478 ἀνθρωπινώτερον
2806 1409 2901 1476 μὲν
2925 1424 2991 1460 πε
3001 1408 3053 1478 pi.
3074 1406 3269 1460 ἑαυτοῦ
3294 1408 3491 1475 λέγων,
3512 1408 3702 1480 ὥσπερ

2116 1499 2244 1569 περί
2269 1497 2556 1567 ἀνθρώπου
2577 1516 2589 1529 ·
2625 1498 2908 1567 φυλάττων
2932 1498 2988 1551 δὲ
3015 1497 3193 1569 ἑαυτῷ
3219 1499 3279 1551 τὸ
3307 1500 3507 1554 εἰδέναι
3539 1501 3702 1557 πάλιν

2117 1590 2294 1644 πάντα
2315 1589 2389 1653 ὡς
2414 1589 2569 1652 Θεός.
2594 1589 2691 1643 Διὰ
2718 1590 2826 1660 γὰρ
2851 1589 3006 1643 τοῦτο
3036 1590 3154 1643 οὐδὲ
3179 1591 3241 1643 τὸ
3261 1591 3485 1663 Πνεῦμα
3502 1592 3703 1663 ἔφησεν

2117 1683 2357 1750 ἀγνοεῖν.
2390 1683 2454 1734 Εἰ
2490 1682 2598 1753 γὰρ
2627 1682 2689 1735 τὸ
2740 1680 2967 1751 Πνεῦμα
3011 1682 3188 1736 πάντα
3225 1683 3450 1754 ἐρευνᾷ,
3495 1684 3588 1737 καὶ
3635 1685 3705 1738 τὰ

2120 1773 2255 1844 βάθη
2288 1774 2383 1827 τοῦ
2412 1773 2569 1837 Θεοῦ,
2598 1774 2742 1827 καθὰ
2778 1774 3105 1844 γέγραπται,
3128 1770 3235 1828 οἶδε
3263 1774 3500 1845 δηλονότι
3525 1775 3704 1830 πάντα

446 1876 505 1920 ιιι
532 1866 790 1934 scriptum
823 1874 907 1921 est
932 1865 1022 1930 ⁸³⁵,
1054 1866 1201 1920 novit
1231 1865 1473 1935 proiecto
1490 1863 1876 1932 omniaquaein
1901 1864 2016 1933 ipso

2128 1865 2185 1918 τὰ
2230 1866 2286 1917 ὲν
2314 1865 2481 1934 αὐτῷ.
2524 1866 2635 1920 Καὶ
2665 1866 2798 1919 εἰτὸ
2826 1865 3050 1937 Πνεῦμα
3085 1864 3147 1919 τὺ
3190 1866 3365 1920 πάντα
3398 1866 3563 1931 εἰδὸς,
3609 1870 3706 1922 καὶ

445 1967 589 2012 sunt.
633 1957 783 2025 Quod
829 1958 875 2013 si
913 1956 1148 2027 Spiritus
1183 1957 1272 2027 qui
1331 1956 1513 2011 omnia
1555 1955 1680 2019 scit,
1727 1955 2016 2023 omniaque

2128 1957 2186 2011 τὰ
2218 1958 2396 2011 πάντα
2424 1956 2886 2028 περιεργάζεσθαι
2918 1956 3236 2026 δυνάμενον,
3266 1956 3420 2024 παρά
3452 1955 3545 2009 τοῦ
3574 1956 3704 2009 Υἱοῦ

446 2048 723 2119 inquirere
768 2058 971 2118 potest,
1003 2063 1032 2102 a
1070 2047 1207 2103 Filio
1238 2049 1436 2118 accipit
1470 2064 1483 2099 :
1529 2064 1548 2097 ι
1589 2046 1681 2100 Ille
1723 2046 1891 2109 enim,
1929 2046 2015 2098 in-

448 2137 667 2206 quit,de
695 2153 815 2192 meo
837 2137 1144 2209 accipiet”,
1176 2158 1193 2191 ι
1216 2138 1485 2207 quomodo
1513 2136 1682 2190 Filius
1708 2136 2018 2190 censebitur

450 2230 722 2299 ignorare,
746 2231 836 2300 qui
868 2229 1091 2301 Spiritui
1128 2234 1308 2286 omnia
1341 2230 1534 2287 scienti
1561 2229 1913 2299 suppeditat?

1117 2344 1345 2399 ALIUD.

523 2458 579 2514 Si
634 2456 794 2514 I’ater
836 2458 1015 2511 omnia
1058 2466 1315 2525 operatur
1355 2470 1451 2525 per
1489 2455 1708 2521 Filium,
1738 2465 1797 2509 ut
1852 2456 2027 2525 inquit

2120 2046 2407 2118 λαμϐάνει·
2449 2064 2470 2099 ι
2505 2047 2713 2100 Ἐκεῖνο
2753 2045 2884 2118 γὰρ,
2925 2046 3109 2117 φησὶν,
3139 2044 3197 2110 ἐξ
3229 2046 3362 2115 ἐμοῦ
3393 2045 3618 2116 λήψεται
3640 2064 3653 2076 ο
3679 2065 3699 2098 ι

2122 2138 2241 2203 πῶς
2275 2140 2303 2190 6
2336 2138 2507 2207 Λόγος
2532 2138 2738 2207 ἀγνοεῖ,
2763 2138 2792 2190 ὁ
2818 2137 2911 2193 τοῦ
2943 2137 3123 2193 πάντα
3150 2136 3350 2201 εἰδότος
3389 2137 3707 2209 Πνεύματος

2125 2230 2359 2302 χορηγός
2378 2245 2394 2297 ;

2816 2346 3019 2400 ΑΛΛΟ.

2196 2460 2259 2513 Εἰ
2292 2459 2468 2514 πάντα
2499 2459 2564 2512 δι’
2592 2457 2722 2512 Υιοῦ
2753 2461 2782 2511 6
2812 2458 3002 2529 Πατὴρ
3029 2457 3340 2527 ἐργάζεται,
3373 2455 3516 2509 καθά
3543 2472 3709 2526 φησιν

452 2550 758 2619 Scriptura,
791 2559 846 2604 et
879 2549 996 2603 sine
1026 2549 1142 2617 ipso
1174 2546 1372 2601 factum
1401 2556 1485 2600 est
1512 2546 1679 2612 nihil;
1704 2562 1865 2599 unum
1896 2560 2024 2600 vero

2128 2552 2159 2619 ἡ
2191 2550 2403 2623 Γραφήο
2431 2551 2600 2621 χωρὶς
2629 2550 2737 2622 γὰρ
2762 2549 2929 2605 αὑτοῦ
2958 2548 3175 2620 ἐγένετο
3196 2545 3315 2604 οὐδὲ
3337 2544 3417 2603 ἓν·
3443 2546 3499 2605 ἒν
3521 2547 3577 2603 δε
3599 2548 3715 2602 τῶν

450 2642 691 2696 omnium
719 2641 881 2695 etiam
913 2653 995 2694 est
1026 2638 1312 2709 prmlinitio
1339 2638 1444 2693 diei
1473 2648 1529 2692 et
1559 2638 1707 2692 hora:
1735 2652 1842 2708 quo
1870 2652 2024 2692 mun-

2128 2644 2344 2696 πάντων
2368 2644 2488 2697 ἐστὶ
2535 2643 2632 2697 καὶ
2672 2643 2733 2697 τὸ
2763 2644 3051 2715 ὁρισθῆναι
3083 2646 3183 2715 τὴν
3228 2643 3441 2714 ἡμέραν⁸
3471 2643 3564 2696 καὶ
3609 2642 3712 2707 τὴν

450 2736 555 2790 dus
585 2734 808 2790 ﬁniatur
837 2752 858 2788 :-
884 2744 1032 2789 certe
1064 2733 1225 2787 etiam
1260 2734 1360 2786 hoc
1391 2731 1710 2799 praefinitum
1734 2739 1819 2784 est
1843 2737 1897 2783 et
1917 2744 2013 2783 ex-

2128 2732 2263 2803 ὧραν
2288 2732 2407 2786 καθ’
2429 2733 2539 2805 ἡνὸ
2564 2732 2767 2802 κόσμος
2788 2733 2899 2798 ἕξει
2934 2732 2996 2785 τὸ
3033 2733 3202 2796 τέλος*
3239 2732 3470 2804 ὥρισται
3504 2732 3711 2802 δηλον-

453 2841 699 2895 pressum
749 2841 845 2892 per
873 2825 1092 2879 Filium.
1124 2824 1274 2891 Quod
1308 2838 1435 2876 vero
1465 2821 1789 2890 pra'tinitum
1820 2828 1906 2875 est
1930 2834 2024 2887 per

2128 2829 2210 2881 ὁτι
2257 2830 2349 2881 καὶ
2388 2827 2696 2880 τετύπωται
2722 2824 2998 2879 καὶτοῦτο
3029 2824 3094 2878 δι’
3122 2823 3274 2877 Υἱοῦ.
3307 2824 3381 2877 Τὸ
3407 2823 3462 2877 δὲ
3493 2822 3717 2893 ὁρισθὲν

455 2919 626 2980 illum,
661 2916 929 2986 quomodo
959 2917 1207 2986 ignorare
1236 2915 1435 2985 queat?
1470 2914 1628 2967 Novit
1684 2913 1867 2982 itaque
1910 2912 2019 2965 hoc

2128 2921 2194 2974 δι’
2240 2920 2428 2982 αὐτοῦ,
2476 2920 2595 2983 πῶς
2631 2920 2850 2987 ἀγνοεῖν
2889 2915 3147 2983 δύναται;
3193 2916 3401 2970 Οὐκοῦν
3450 2910 3588 2968 οἶδεν
3632 2914 3716 2976 ὡς

455 3016 511 3060 ιιι
541 3005 702 3069 Deus,
739 3007 951 3061 tametsi
997 3008 1207 3062 nescire
1244 3022 1302 3061 se
1342 3008 1488 3060 dicat
1523 3015 1795 3073 quatenus
1844 3003 2024 3059 factus

2130 3012 2292 3075 Θεὸς,
2333 3011 2435 3064 κᾶν
2463 3013 2675 3079 ἀγνοεῖν
2704 3011 2873 3082 λέγῃ,
2919 3009 3054 3064 καθὸ
3099 3008 3289 3079 γέγονε
3320 3008 3475 3080 σὰρξ,
3505 3006 3600 3061 καὶ
3640 3005 3718 3059 τᾶι

453 3107 537 3152 est
568 3112 732 3161 caro,
757 3105 811 3151 et
837 3111 960 3166 quae
988 3097 1195 3151 homini
1230 3096 1561 3150 conveniunt
1590 3095 1813 3150 sentiat.

1126 3232 1355 3287 ALIUD.

527 3346 586 3400 Si
625 3360 805 3401 omuta
851 3360 973 3415 quae
1015 3345 1179 3399 habet
1230 3344 1409 3411 Pater,
1450 3355 1576 3399 sunt
1632 3344 1772 3407 Filii,
1809 3354 1867 3400 ιιι
1917 3344 2031 3415 ipse

457 3446 741 3491 testatur:
789 3446 846 3491 at
873 3438 1032 3492 Pater
1076 3437 1320 3490 ultimum
1359 3437 1503 3488 illum
1553 3437 1691 3490 diem
1738 3435 1792 3490 et
1840 3437 2030 3491 horam

456 3531 607 3587 novit
631 3544 645 3585 :
667 3540 816 3585 certe
848 3529 1011 3584 etiam
1048 3528 1218 3585 Filius
1247 3529 1409 3584 norit.
1439 3530 1519 3583 lta
1548 3529 1690 3583 enim
1721 3543 1846 3584 vere
1876 3529 2029 3585 dixe-

459 3623 568 3678 rit:
604 3641 623 3676 ι
659 3622 850 3678 Omnia
880 3637 999 3691 quae
1041 3622 1201 3675 habet
1227 3620 1411 3684 Pater,
1449 3637 1567 3675 mea
1598 3629 1726 3675 sunt
1764 3622 1831 3677 ”.
1868 3641 1886 3673 ι

1028 3826 1192 3896 220
1226 3825 1455 3881 ALIUD.

528 3938 584 3994 Si
610 3952 738 3994 vere
768 3936 897 3993 dicit
923 3955 936 3992 :
967 3956 987 3989 ι
1018 3936 1129 4006 Ego
1160 3937 1211 3990 in
1246 3937 1431 4003 Patre,
1457 3950 1511 3992 et
1533 3937 1691 3993 Pater
1716 3939 1767 3993 in
1800 3955 1885 3994 me
1907 3941 1986 4004 3";
2011 3958 2028 3991 ι

458 4043 513 4086 et
539 4031 696 4086 Pater
724 4030 973 4084 ultimum
1011 4030 1159 4083 illum
1194 4030 1337 4085 diem
1362 4040 1415 4085 et
1438 4031 1624 4085 horam
1662 4032 1851 4086 novit:
1888 4032 2037 4088 novit

462 4110 712 4190 profecto
739 4130 795 4176 et
819 4121 1011 4185 Filius,
1053 4122 1144 4190 qui
1177 4122 1231 4175 in
1276 4122 1437 4177 Patre
1472 4123 1708 4187 exsistit,
1745 4124 2036 4195 omniaque

462 4218 516 4269 in
571 4217 687 4284 ipso
734 4215 903 4278 novit,
936 4223 992 4269 et
1041 4214 1254 4270 Patrem
1304 4215 1395 4285 qui
1436 4218 1617 4271 omnia
1672 4218 1821 4272 novit
1867 4218 1918 4270 iu
1979 4232 2037 4273 se

461 4306 644 4362 habeL

1116 4423 1347 4480 ALIUD.

2134 3104 2403 3174 ἀνθρώπῳ
2430 3103 2708 3175 πρέποντα
2738 3106 2929 3174 φρονῇ.

2810 3236 3011 3291 ΔΑΜ).

2203 3352 2265 3404 Ei
2295 3352 2473 3405 πάντα
2499 3350 2598 3403 ὅσα
2631 3349 2743 3419 ἔχει
2787 3351 2817 3403 6
2850 3349 3039 3420 Πατὴρ
3080 3348 3172 3403 τοῦ
3207 3345 3338 3401 Υἱοῦ
3378 3348 3526 3408 ἐστι,
3571 3342 3717 3396 καθά

2134 3461 2295 3512 φησιν
2321 3443 2503 3505 αὐτὸς,
2532 3442 2644 3513 ἔχει
2673 3442 2729 3496 δὲ
2753 3445 2781 3497 ὁ
2810 3442 3002 3513 Πατὴρ
3027 3430 3124 3512 τὴν
3153 3438 3355 3509 γνῶσιν
3379 3438 3478 3507 τῆς
3502 3435 3717 3506 ἡμέρας

2133 3537 2226 3591 καὶ
2267 3536 2363 3607 τῆς
2409 3536 2559 3607 ὥρας
2600 3538 2847 3606 ἐκείνης,
2889 3534 3001 3605 ἔχει
3040 3533 3281 3604 δηλονότι
3313 3531 3519 3599 ταύτην
3565 3527 3659 3581 καὶ
3687 3528 3719 3578 6

2136 3631 2281 3693 Υἱός.
2323 3630 2477 3683 Οῦτω
2517 3630 2626 3701 γὰρ
2655 3627 2947 3699 ἀληθεύσει
2977 3627 3178 3695 λέγων’
3215 3644 3232 3676 ι
3260 3624 3444 3678 Πάντα
3475 3624 3577 3676 ὅσα
3602 3621 3721 3690 ἔχει.

2133 3723 2161 3773 6
2192 3718 2401 3791 Πατὴρ,
2435 3720 2545 3789 ἐμά
2571 3722 2734 3773 ἐστιν.
2763 3738 2781 3769 ι

2838 3831 3041 3885 ΑΛΛΟ.

2206 3946 2267 4001 Εἰ
2301 3946 2558 4017 ἀληθεύει
2600 3945 2795 4012 λέγων*
2835 3963 2853 3996 ι
2896 3944 3038 4012 Ἐγὼ
3087 3944 3146 3995 ὲν
3184 3941 3262 4013 τῷ
3308 3942 3516 4012 Πατρί,
3564 3939 3656 3992 καὶ
3690 3940 3719 3990 6

2136 4039 2324 4110 Πατὴρ
2348 4040 2405 4092 ὲν
2434 4039 2578 4110 ἐμοὶ,
2614 4057 2632 4090 ι
2665 4035 2771 4091 οἶδε
2804 4037 2858 4090 δὲ
2886 4038 2984 4107 τὴν
3014 4035 3229 4107 ἡμέραν
3260 4034 3475 4104 ἐκείνην
3500 4033 3591 4085 καὶ
3620 4031 3719 4100 τὴν

2136 4132 2286 4200 ὥραν
2315 4133 2343 4183 6
2381 4131 2592 4201 Πατὴρ,
2625 4125 2731 4182 οἶδε
2771 4128 3010 4197 δηλονότι
3052 4127 3147 4180 καὶ
3188 4128 3216 4179 6
3250 4125 3407 4189 Υἱὸς,
3445 4125 3502 4176 ἐν
3546 4122 3721 4192 Πατρέ

2135 4240 2197 4276 τε
2227 4221 2302 4274 ὢν
2332 4222 2427 4275 καὶ
2460 4222 2638 4275 πάντα
2671 4220 2954 4289 γινώσκων
2979 4217 3048 4271 τὰ
3072 4219 3128 4271 ὲν
3156 4215 3324 4286 αὐτῷ,
3355 4215 3451 4268 καὶ
3487 4216 3624 4284 ἔχων
3659 4214 3721 4265 ἐν

2140 4314 2317 4368 ἑαυτῶ
2344 4314 2435 4367 τὸν
2467 4313 2645 4367 εἰδότα
2679 4313 2921 4381 Πατέρα.

2827 4428 3029 4481 AAAO.

532 4538 703 4605 Filius
733 4538 931 4593 dicitur
968 4548 1021 4593 et
1055 4514 1149 4594 est.
1179 4538 1490 4594 omnimoda
1539 4540 1713 4593 Patris
1756 4540 1932 4611 imago
1966 4541 2024 4594 ⁸⁵.

2215 4546 2389 4599 Εἰκὼν
2436 4545 2852 4616 ἀπαράλλακτος
2890 4542 2985 4595 τοῦ
3030 4540 3240 4611 Πατρός
3282 4542 3310 4593 6
3338 4537 3465 4600 Υἱὸς
3504 4535 3722 4603 λέγεται

466 4633 523 4688 Si
557 4648 685 4688 vero
720 4632 877 4687 Pater
910 4633 1059 4686 novit
1092 4632 1232 4687 diem
1277 4632 1427 4686 illum
1470 4640 1527 4687 et
1566 4632 1752 4687 horam
1780 4647 1794 4693 ;
1825 4634 2039 4700 ignorat

463 4732 645 4778 autem
700 4722 873 4778 Filius
913 4740 928 4778 :
975 4723 1247 4793 quomodo
1298 4723 1349 4776 id
1391 4723 1533 4791 quod
1583 4722 1795 4792 ignorat
1841 4721 2043 4776 referet

461 4818 826 4871 characterem
856 4815 970 4884 eius
989 4816 1079 4885 qui
1112 4815 1305 4870 novit?
1342 4815 1501 4884 Atqui
1534 4824 1619 4870 est
1652 4815 1875 4869 omnino
1900 4813 2038 4866 ima-

461 4923 529 4975 go
563 4907 760 4973 Patris,
810 4907 937 4961 licet
972 4908 1208 4962 maxime
1253 4908 1436 4961 hostes
1468 4906 1667 4961 Christi
1724 4905 1922 4961 nolint.
1947 4903 2037 4958 Si-

463 4998 607 5051 milis
641 4998 822 5066 itaquc
845 5007 926 5052 est
950 5002 1117 5051 etiam
1156 4998 1254 5050 hac
1297 4997 1348 5050 in
1383 5006 1537 5064 parte
1582 4994 1726 5048 Patri
1755 5011 1768 5058 ;
1796 5003 1851 5048 et
1896 4994 2038 5048 sicut

464 5088 615 5143 novit
650 5087 761 5153 ille,
791 5089 940 5142 novit
974 5097 1027 5145 et
1050 5088 1188 5157 ipse.

1124 5222 1351 5280 ALIUD.

536 5339 637 5407 Qui
663 5339 791 5395 dicit
823 5340 1045 5403 Filium,
1081 5350 1349 5409 quatenus
1378 5346 1461 5395 est
1494 5337 1753 5405 Verbum,
1790 5339 2040 5409 ignorare

462 5433 607 5488 diem
635 5432 783 5487 illum
816 5444 870 5487 et
902 5434 1111 5496 horam,
1147 5432 1538 5501 blasphemiam
1565 5433 1769 5485 evitare
1806 5447 1913 5485 non
1948 5446 2044 5500 po-

465 5536 594 5580 test.
622 5526 677 5580 Si
706 5527 848 5581 enim
881 5526 1031 5580 novit
1063 5525 1303 5592 Patrem,
1339 5526 1479 5580 sicut
1514 5525 1742 5592 ipsemet
1767 5534 2035 5577 testatur:

464 5619 592 5687 quid
618 5620 795 5673 obstat
829 5619 1120 5687 quominus
1145 5619 1307 5673 etiam
1338 5623 1498 5673 tinem
1537 5617 1828 5672 creatinuis
1857 5616 2043 5669 norit?

467 5711 524 5764 Si
567 5725 697 5766 vero
736 5711 973 5766 dixerint
1025 5712 1258 5781 amplius
1293 5725 1416 5766 esse
1455 5709 1613 5764 tinem
1661 5717 2039 5763 creaturarum

2144 4639 2239 4692 καὶ
2267 4638 2432 4695 ἔστιν.
2473 4639 2532 4690 Εἰ
2559 4637 2616 4691 δὲ
2647 4633 2787 4691 οἶδεν
2820 4638 2849 4688 6
2889 4634 3080 4705 Πατὴρ
3106 4632 3203 4703 τὴν
3242 4630 3453 4701 ἡμέραν
3491 4627 3585 4681 καὶ
3621 4626 3729 4695 τὴν

2145 4730 2315 4801 ὥραν,
2353 4730 2537 4798 ἁγνοεῖ
2561 4730 2616 4782 δὲ
2644 4731 2673 4782 6
2704 4729 2855 4792 Υἱὸς,
2893 4727 3009 4791 πῶς
3032 4726 3093 4780 τὸ
3119 4723 3348 4793 ἀγνοοῦν
3389 4721 3591 4783 εἰδότος
3622 4735 3724 4787 φο-

2149 4823 2292 4894 ρέσει
2329 4822 2423 4875 τὸν
2470 4822 2832 4893 χαρακτῆρα;
2886 4820 3026 4874 Ἀλλ’
3071 4820 3219 4871 ἐστιν
3267 4816 3432 4869 εἰκὼν
3470 4813 3564 4866 τοῦ
3610 4813 3727 4864 Πα-

2144 4914 2293 4985 τρὸς,
2320 4913 2423 4966 κᾶν
2447 4914 2496 4965 οἱ
2526 4914 2879 4984 χριστομάχοι
2914 4912 2987 4982 μὴ
3020 4910 3335 4981 βούλωνται.
3369 4908 3584 4960 Ἔοικεν
3614 4904 3722 4974 ἄρα

2146 5008 2239 5061 καὶ
2271 5006 2409 5060 κατὰ
2438 5005 2596 5060 τοῦτο
2627 5006 2705 5076 τῷ
2739 5006 2932 5077 Πατρὶ,
2962 5005 3057 5058 καὶ
3089 5003 3277 5057 ὥσπεο
3317 4995 3457 5054 οἶδεν
3487 4999 3724 5059 ἐκεῖνος,

2144 5100 2288 5154 οῦτω
2320 5100 2413 5153 καὶ
2447 5099 2628 5163 αὑτός.

2832 5235 3033 5292 ΑΛΑΟ.

2228 5351 2288 5403 '0
2327 5350 2400 5421 μὴ
2441 5350 2638 5403 εἰδέναι
2680 5350 2852 5418 λέγων
2882 5350 2975 5403 τὸν
3018 5349 3166 5412 Υἱὸν,
3205 5346 3340 5401 καθὸ
3372 5344 3541 5411 Λόγος
3574 5339 3730 5399 ἐστὶν

2149 5442 2247 5513 τὴν
2276 5443 2489 5514 ἡμέραν
2528 5444 2623 5496 καὶ
2653 5444 2752 5513 τὴν
2783 5444 2933 5515 ὥραν
2966 5442 3202 5512 ἐκείνην,
3226 5441 3327 5493 οὐκ
3355 5438 3460 5504 ἔξω
3484 5434 3593 5489 τῶν
3620 5431 3729 5485 ἀπὸ

2148 5534 2247 5601 τῆς
2291 5534 2641 5605 βλασφημίας
2690 5536 3054 5607 ἐγκλημάτων
3100 5534 3474 5605 εὑρεθήσεται.
3508 5528 3571 5580 Εἰ
3619 5524 3729 5594 γὰρ

2147 5623 2253 5679 οἶδε
2294 5627 2385 5680 τὸν
2417 5629 2656 5699 Πατέρα,
2694 5630 2836 5683 καθά
2882 5646 3046 5698 φησιν
3091 5626 3273 5690 αὐτὸς,
3318 5622 3371 5677 τί
3404 5620 3604 5675 κωλύει
3633 5615 3728 5671 καὶ

2145 5718 2207 5771 τὸ
2254 5720 2406 5784 τέλος
2454 5722 2650 5776 εἰδέναι
2696 5723 2799 5793 τῆς
2854 5722 3119 5787 κτίσεως;
3165 5723 3228 5775 Εἰ
3271 5720 3369 5791 μὲν
3412 5712 3505 5770 οὖν
3542 5711 3729 5784 μεῖξον

544 5824 585 5899 '_'
620 5823 721 5899 Isa.
754 5839 841 5889 χι,
864 5825 940 5899 If.»
963 5842 977 5890 ;
1003 5823 1161 5881 Rom.
1194 5838 1273 5888 ιι,
1300 5822 1391 5878 ⁸54.
1469 5823 1533 5854 ⁸¹⁴
1566 5821 1584 5877 I
1622 5824 1750 5879 Cor.
1788 5838 1850 5887 ιι,
1899 5824 1982 5879 l0.

2149 5827 2306 5887 Joan.
2338 5848 2451 5899 xvr,
2502 5834 2586 5888 I4.
2664 5834 2710 5865 ⁸⁸
2738 5831 2894 5889 Joan.
2940 5848 3024 5887 xvt
3082 5832 3166 5885 I5.
3213 5831 3260 5863 υ
3296 5829 3451 5885 Joan.
3485 5845 3596 5894 xiv,
3636 5826 3721 5880 Η.

468 5892 513 5926 ε’
543 5893 752 5952 Coloss.
788 5910 827 5954 ι.
859 5895 943 5950 15.
