4124 6502
339 390 445 483 επ

1762 396 2198 454 THESAURUS.

3492 395 3596 448 37a

340 509 523 582 ἐροῦσι
557 508 652 563 τοῦ
698 515 995 579 γινώσκειν
1022 512 1129 566 τὸν·
1149 513 1369 585 Πατέρα
1396 514 1457 567 τὸ
1496 512 1696 568 εἰδέναι
1724 515 1786 567 τὸ
1826 515 1923 585 τῆς

2051 532 2210 582 ιοεεε,
2254 528 2414 586 quam
2467 513 2710 576 Patrem,
2746 509 3101 567 removebunt
3154 524 3183 562 a
3230 522 3291 565 se
3341 506 3595 577 blasphe-

341 600 571 665 κτίσεως
603 602 779 670 τέλος,
814 604 1133 659 ἀποίσονται
1176 606 1277 675 τῆς
1311 606 1669 676 βλασφημίας
1696 606 1797 673 τὴν
1829 608 1923 659 κό-

340 694 512 748 λασιν.
555 696 620 747 Εἰ
656 695 712 747 δὲ
742 695 918 765 πάσης
966 695 1220 764 γνώσεως
1255 698 1715 768 ὑπεραναόέϐηκε
1748 698 1810 750 τὸ
1838 714 1924 765 γι-

339 782 569 837 νώσκειν
595 785 685 839 τὸν
718 786 952 858 Πατέρα,
984 786 1102 851 πῶς
1129 790 1157 842 6
1180 788 1239 841 τὸ
1268 787 1447 848 μεῖζον
1476 788 1631 853 εἰδὼς
1671 790 1927 861 ἀγνοήσει

339 877 401 930 τὸ
429 876 647 931 ἔλαττον
670 896 683 931 :

781 993 988 1058 AAAO,
1024 993 1477 1065 διηγηματικῶς.

414 1101 529 1154 Οὐκ
566 1100 777 1169 ἀγνοῶν
802 1104 830 1156 6
868 1103 1060 1172 Λόγος,
1156 1105 1331 1174 Λόγος
1360 1106 1480 1158 ἐστὶ
1512 1107 1606 1159 καὶ
1638 1105 1804 1174 σοφία
1834 1104 1929 1158 τοῦ

343 1195 582 1264 Πατρὺς,
606 1195 688 1258 τὸ,
718 1198 834 1248 Οὐκ
856 1190 992 1261 οἴδα,
1018 1198 1203 1265 φησιν,
1233 1198 1370 1252 ἀλλά
1398 1199 1659 1252 δεικνύων
1678 1200 1734 1251 ἐν
1752 1198 1931 1269 ἐαυτῷ

342 1287 438 1338 καὶ
482 1286 543 1338 τὸ
574 1286 930 1357 ἀνθρώπινον,
972 1281 1015 1355 ᾧ
1051 1289 1287 1359 μάλιστα
1332 1289 1532 1361 πρέπει
1576 1289 1637 1341 τὸ
1682 1290 1928 1357 ἀγνοεῖν·

343 1376 476 1429 ίδιον
507 1376 621 1447 γὰρ
649 1378 1072 1449 ἀνθρωπότητος
1108 1380 1269 1433 τοῦτό
1306 1397 1390 1449 γε.
1434 1380 1651 1449 Ἐπειδὴ
1686 1379 1795 1449 γὰρ
1833 1380 1934 1450 τὴν

342 1468 505 1538 ἡμῶν
551 1469 907 1539 περιεϐάλετο
952 1471 1148 1543 σάρκα,
1195 1470 1282 1524 διὰ
1312 1471 1473 1525 τοῦτο
1506 1472 1600 1526 καὶ
1647 1475 1744 1541 τὴν
1778 1471 1935 1542 ἡμῶν

343 1558 569 1625 ἄγνοιαν
610 1558 753 1627 ἔχειν
788 1560 1202 1630 ἐσχηματίζετο.
1236 1562 1355 1614 ’Ὀτι
1400 1561 1508 1631 γὰρ
1542 1563 1606 1632 τῇ
1646 1560 1931 1630 ἀνθρωπό-

343 1666 475 1721 τητι
512 1651 606 1703 καὶ
633 1652 693 1704 οὐ
724 1654 789 1723 τῇ
825 1653 1002 1723 οἰκείᾳ
1034 1652 1194 1722 φύσει
1221 1652 1282 1705 τὸ
1314 1654 1531 1721 ἀγνοεῖν
1568 1652 1933 1724 περιτίθησιν,

346 1741 601 1795 ἐντεῦθεν
643 1741 819 1807 ἔξεστι
866 1743 1080 1814 μαθεῖν.
1127 1744 1475 1815 Παραγαγὼν
1514 1746 1622 1816 γὰρ
1654 1746 1733 1807 είς
1772 1744 1936 1814 μέσον

345 1832 449 1905 τὴν
480 1833 721 1904 ἱστορίαν
749 1832 860 1886 τῶν
892 1834 1034 1887 κατά
1070 1834 1195 1896 τοὺς
1225 1833 1449 1904 χρόνους
1478 1833 1573 1886 τοῦ
1613 1834 1737 1885 Νῶε
1778 1849 1939 1901 γεγο-
1971 1864 2013 1919 Β

345 1926 519 1979 νότων
559 1924 886 1996 ἀνθρώπων,
937 1926 1031 1979 καὶ
1073 1925 1345 1995 εἰρηκώς·
1393 1945 1411 1976 ι
1446 1925 1693 1991 Ἤσθιον,
1731 1924 1936 1987 ἔπινον,

345 2017 614 2088 ἐγάμουν,
642 2016 986 2088 ἐγαμίζοντο,
1014 2017 1120 2081 ἓως
1148 2013 1314 2087 ἦλθεν
1343 2020 1371 2071 ὁ
1405 2015 1809 2086 κατακλυσμὸς,
1846 2016 1941 2069 καὶ

345 2105 487 2182 ἦρεν
530 2109 798 2174 ἅπαντας,
825 2129 843 2161 ι
880 2111 1158 2181 ἐπήγαγεν
1189 2110 1350 2175 εὐθύς
1369 2127 1385 2143 ο
1439 2128 1457 2161 r
1488 2111 1817 2181 Γρηγορεῖτε
1848 2104 1941 2162 οῦν

345 2204 446 2256 καὶ
488 2204 670 2274 ὑμεῖς.
709 2204 791 2256 ὃτι
820 2203 922 2256 οὐκ
959 2204 1136 2257 οἴδατε
1172 2204 1303 2275 ποίᾳ
1334 2204 1453 2276 ὥρᾳ
1484 2206 1513 2257 6
1542 2203 1748 2274 Κύριος
1790 2201 1943 2272 ὕμῶν

347 2290 607 2363 ἔρχεταιο
640 2311 658 2343 ι
709 2292 804 2345 καὶ
850 2292 1045 2345 πάλινο
1086 2314 1104 2346 ι
1136 2286 1213 2365 τῌ
1246 2295 1306 2346 οὐ
1346 2292 1550 2346 δοκεῖτε
1592 2292 1732 2363 ὥρᾳ,
1757 2292 1785 2344 6
1816 2290 1944 2353 Υἱὸς

248 2394 255 2401 “
348 2385 448 2438 τοῦ
478 2385 766 2457 ἀνθρώπου
796 2385 1033 2456 ἔρχεται.
1060 2405 1080 2439 ι
1120 2386 1337 2457 Ἐχρῆν,
1368 2385 1425 2438 δὲ
1454 2385 1612 2456 εἴπερ
1631 2384 1794 2446 αὐτὸς
1819 2379 1886 2453 ἦν
1916 2384 1944 2436 6

349 2477 589 2544 ἀγνοῶν,
651 2476 786 2530 καθὸ
839 2478 1011 2545 Λόγος
1056 2478 1223 2544 ἐστὶν,
1270 2478 1446 2530 ἐκεῖνο
1481 2476 1681 2543 μᾶλλον
1734 2476 1941 2527 εἰπεῖν·

350 2567 470 2619 Οὐκ
498 2561 621 2620 οῖδα
654 2567 785 2637 ποίᾳ
821 2567 1005 2638 ἡμέρᾳ
1038 2566 1291 2638 ἔρχομαι,
1343 2567 1439 2621 καὶ
1549 2567 1609 2619 οὐ
1644 2564 1785 2619 δοκῶ
1827 2563 1947 2635 ὥρᾳ

352 2656 775 2727 πεμφθὴσομαι.
832 2658 1051 2728 Ἐπειδὴ
1096 2658 1152 2711 δὲ
1186 2662 1298 2721 τοῖς
1345 2656 1745 2728 ἀκροωμένοις,
1776 2656 1837 2708 τὸ
1871 2653 1947 2725 μὴ

353 2749 556 2803 εἰδέναι
578 2750 670 2802 τὸν
706 2750 899 2820 καιρὸν
928 2751 960 2821 ἢ
993 2750 1089 2819 τὴν
1123 2751 1339 2823 ἡμέραν
1366 2751 1466 2820 τῆς
1510 2748 1816 2818 παρουσίας
1849 2748 1949 2800 αὺ-

354 2839 451 2892 τοῦ
496 2841 868 2911 περιτέθεικε,
914 2841 1074 2910 δῆλός
1126 2844 1274 2895 ἐστιν
1318 2842 1482 2903 αὐτὸς
1535 2840 1633 2910 μὲν
1674 2839 1830 2903 εἰδὼς
1874 2837 1949 2902 ὼς

356 2928 551 2995 Λόγος.
590 2930 829 2996 Ἀγνοεῖν
869 2929 925 2982 δὲ
958 2930 1154 2998 λέγων,
1185 2930 1321 2984 καθὸ
1354 2929 1461 2983 τῶν
1506 2926 1726 2997 ἀγνοεῖν
1775 2944 1951 2995 πεφυ-

359 3019 562 3084 κότων,
623 3019 869 3089 δηλονότι
933 3020 1259 3093 ἀνθρώπων,
1310 3020 1419 3091 τὴν
1463 3020 1723 3090 ὁμοίωσιν
1769 3017 1949 3071 ἐνεδύ-

363 3130 523 3167 σατο.

1052 3224 1255 3279 ΑΛΛΟ.

434 3336 507 3390 Εἴ
526 3336 590 3390 ἐκ
616 3337 714 3407 τῆς
751 3336 958 3401 εἰκόνος
1011 3338 1110 3408 τῆς
1159 3337 1302 3391 κατὰ
1349 3338 1441 3391 τὸν
1492 3338 1618 3392 Νῶε
1666 3340 1952 3411 σημαίνειν

363 3427 615 3499 βούλεται
640 3428 739 3498 τῆς
769 3427 1025 3498 δευτέρας
1077 3428 1242 3481 αὑτοῦ
1290 3430 1587 3501 παρουσίας
1609 3431 1698 3483 τὸν
1726 3431 1916 3502 καιρὸν
1934 3468 1950 3495 ,

360 3520 453 3572 ὅτε
482 3519 680 3591 κρίνων
714 3517 993 3571 ἐλεύσεται
1042 3518 1142 3589 τὴν
1185 3519 1535 3590 οἰκουμένην,
1598 3520 1848 3587 φαίνεται
1897 3519 1953 3571 δὲ

362 3612 459 3665 τοῦ
490 3609 872 3681 κατακλυσμοῦ
924 3611 1023 3683 τὴν
1066 3610 1283 3683 ἡμέραν
1342 3611 1441 3664 οὐκ
1474 3613 1746 3682 ἀγνοήσας
1794 3612 1955 3684 (οὕτω

362 3704 474 3775 γὰρ
502 3704 670 3773 εφησε
698 3703 775 3774 τῷ
796 3703 942 3757 Νῶε·
974 3722 993 3754 ‹
1022 3702 1265 3766 Είσελθε,
1303 3704 1367 3756 σὺ
1398 3704 1491 3757 καὶ
1519 3705 1568 3757 οί
1599 3706 1701 3757 υἱοί
1724 3722 1842 3769 σου,
1876 3706 1956 3769 εἰς

362 3796 463 3867 τὴν
511 3795 775 3849 κιϐωτόν
831 3794 912 3847 ἔτι
963 3795 1073 3865 γὰρ
1123 3794 1346 3864 ἡμερῶν
1383 3795 1556 3859 ἑπτὰ,
1607 3794 1717 3864 ἐγὼ
1765 3795 1957 3864 ἐπάγω

365 3886 522 3940 ὑετὸν
543 3886 632 3938 ἐπὶ
661 3884 760 3956 τὴν
790 3884 938 3955 γῆν)’
966 3903 983 3935 ι
1018 3880 1155 3937 οἶδεν
1182 3883 1290 3954 ἄρα
1320 3885 1418 3953 τῆς
1438 3883 1630 3937 ἑαυτοῦ
1657 3884 1957 3955 παρουσίας

364 3979 468 4049 τήν
490 3996 550 4031 τε
579 3978 729 4049 ὥραν
753 3977 849 4030 καὶ
869 3978 968 4046 τὴν
991 3976 1229 4048 ἡμέραν,
1258 3976 1344 4028 ἵνα
1366 3974 1603 4045 σώζηται
1632 3974 1741 4028 τῶν
1777 3991 1955 4045 πραγ-

370 4072 559 4142 μάτων
591 4072 625 4141 ἡ
664 4069 939 4141 ὁμοιότης,
971 4068 1064 4121 καὶ
1111 4069 1226 4138 ἡίέν
1261 4067 1489 4131 ἐκείνοις
1534 4065 1720 4134 είκὼν,
1752 4065 1957 4137 ταύτην

370 4164 636 4235 σημαίνῃ.

368 4275 577 4335 ΔΛΛΟ,
606 4272 694 4325 ἐτι
723 4274 810 4337 εὶς
843 4271 908 4325 τὸ
948 4272 1117 4325 αὐτόν
1143 4288 1161 4322 r
1180 4270 1347 4339 ΑΠερίλ
1372 4270 1441 4323 δὲ
1466 4270 1575 4338 τῆς
1614 4269 1840 4339 ἡμέρας
1860 4269 1959 4339 καί

447 4343 603 4421 ὥρας
624 4341 1116 4421 symacom};
1142 4337 1322 4421 dissic,
1341 4341 1485 4421 pars
1505 4337 1561 4393 οι
1574 4337 1816 4421 ἄγγελοι
1830 4338 1961 4421 ’τῶν

441 4409 738 4482 οὗρανῶν,
767 4411 911 4466 οὐδὲ
938 4415 969 4465 d
1004 4411 1158 4478 Υἱὸς,
1213 4414 1267 4465 εὶ
1281 4410 1367 4480 μὴ
1386 4411 1577 4480 μόνος
1615 4413 1647 4463 ό
1681 4409 1903 4478 Πατήρ.
1934 4428 1953 4460 ι

445 4523 616 4575 Ὅταν
642 4522 675 4591 ἡ
700 4520 822 4573 θεία
842 4520 977 4591 λέγῃ
1006 4518 1199 4593 Γραφὴ
1230 4519 1358 4590 περὶ
1391 4515 1486 4570 τοῦ
1518 4516 1770 4587 Σωτῆρος
1802 4515 1960 4587 ἡμῶν

372 4614 635 4688 Χριστοῦ,
653 4615 733 4667 ὅτι
756 4614 851 4667 καὶ
871 4613 1145 4683 ἐπείνησε,
1174 4613 1268 4666 καὶ
1292 4610 1530 4680 ἐδίψησε,
1556 4611 1651 4664 καὶ
1677 4610 1963 4665 ἐκοπίασεν

375 4708 566 4777 ἐκοτῆς
617 4706 947 4775 ὁδοιπορίας,
984 4704 1080 4757 καὶ
1132 4704 1427 4757 ἐκάθευδεν
1473 4701 1729 4756 είσελθὼν
1779 4703 1859 4765 είς
1900 4703 1963 4755 τὸ

379 4798 610 4866 σκάφος,
644 4795 696 4849 τί
729 4795 837 4867 ἄρα
871 4796 1190 4864 ποιὴσουσιν
1242 4796 1289 4847 οί
1323 4795 1678 4865 χριστομάχοι
1703 4812 1717 4861 ;
1747 4795 1965 4865 Τολμὴ-

380 4904 564 4941 σουσιν
602 4886 711 4958 ἄρα
738 4886 918 4956 λέγειν
947 4887 1040 4939 καὶ
1071 4885 1249 4940 ταῦτα
1285 4886 1574 4956 ὑπομεῖναι
1603 4886 1692 4939 τὸν
1721 4885 1811 4938 τοῦ
1830 4884 1965 4938 Θεοῦ

378 4980 573 5049 Λόγον,
596 4980 630 5051 ἢ
657 4979 830 5034 ταῦτα
858 4980 957 5051 μὲν
992 4979 1067 5042 ὼς
1088 4979 1186 5050 τῆς
1216 4978 1634 5050 ἀνθρωπότητος
1662 4976 1771 5031 ἴδια
1803 4993 1971 5047 προσ-

380 5072 581 5143 ἀψουσι
614 5075 681 5143 τῇ
717 5073 902 5143 σαρκὶ,
963 5070 1067 5135 ἔξω
1089 5071 1145 5124 δὲ
1172 5069 1351 5123 αὐτῶν
1377 5070 1807 5141 ὁμολογήσουσιν
1828 5063 1967 5121 εἶναι

378 5164 471 5218 τὸν
499 5163 591 5217 τοῦ
624 5164 760 5218 Θεοῦ
793 5158 1042 5236 Λόγον,
1066 5162 1239 5233 Λόγος
1268 5163 1450 5228 ἐστίν;
1482 5164 1693 5236 ’Ὠσπερ
1715 5158 1806 5217 οὖν
1835 5180 1967 5230 συγ-

382 5256 695 5328 κεχώρηκεν
724 5257 911 5310 ἐαυτὸν
936 5257 1011 5320 ὥς
1037 5255 1323 5327 ἄνθρωπον
1368 5254 1658 5326 γενόμενον
1712 5254 1848 5325 μετὰ
1872 5254 1968 5306 ἀν-

382 5345 615 5419 θρώπων
654 5347 750 5400 καὶ
783 5349 973 5418 πεινῇν
996 5346 1090 5399 καὶ
1113 5344 1295 5418 διψῇν,
1330 5346 1424 5398 καὶ
1453 5345 1522 5399 τά
1552 5344 1686 5398 ἄλλα
1714 5344 1965 5414 πάσχειν,

383 5438 526 5509 ἅπερ
551 5437 766 5511 εἴρηται
791 5439 921 5509 περὶ
950 5438 1136 5503 αὑτοῦ,
1190 5439 1285 5491 τὸν
1315 5436 1478 5490 αὐτὸν
1510 5436 1575 5507 δὴ
1603 5435 1803 5507 τρόπον
1833 5433 1967 5487 ἀκό-

382 5528 573 5583 λουθον
614 5530 689 5602 μὴ
744 5530 1217 5597 σκανδαλίζεσθαι,
1245 5527 1351 5583 κᾶν
1394 5527 1470 5592 ὡς
1499 5526 1787 5597 ἄνθρωπος
1832 5524 1966 5595 λέγῃ

2027 608 2211 662 iniam.
2257 607 2327 661 At
2353 606 2397 661 si
2431 604 2576 659 omni
2613 602 2803 658 notitia
2847 602 3098 670 superius
3144 598 3601 670 praestantiusque

2027 710 2115 756 est
2148 713 2309 753 nosse
2345 696 2560 751 Patrem
2591 712 2611 748 ε
2637 691 2909 764 quomodo
2936 692 2982 746 is
3012 692 3103 760 qui
3144 694 3287 761 quod
3317 689 3490 760 majus
3516 696 3602 743 εει

2032 791 2204 857 novit,
2234 789 2502 859 ignorabit
2526 786 2578 841 id
2606 784 2748 855 quod
2778 783 2956 838 minus
2981 783 3106 839 est?

2519 982 2743 1049 ALIUD,
2783 980 3114 1051 explicatius.

2102 1101 2219 1158 Non
2251 1098 2394 1170 quod
2422 1100 2636 1167 ignoret
2659 1095 2917 1158 Verbum,
2954 1101 3223 1162 quatenus
3260 1089 3494 1143 Verbum
3523 1095 3606 1141 est

2033 1201 2087 1247 et
2117 1190 2378 1260 sapientia
2413 1188 2591 1242 Patris
2632 1186 2701 1250 ⁸⁸,
2734 1186 2860 1240 dicit
2902 1200 2960 1238 se
2989 1181 3221 1243 nescire,
3271 1179 3364 1233 sed
3415 1179 3605 1231 huma-

2034 1299 2159 1339 nam
2185 1297 2431 1336 naturam
2461 1282 2515 1334 in
2541 1294 2598 1334 se
2621 1278 2934 1337 ostendens.
2959 1275 3043 1329 cui
3067 1273 3333 1344 praecipue
3355 1267 3610 1324 convenit

2035 1376 2323 1445 ignorare:
2352 1370 2702 1425 humanitatis
2732 1368 2873 1423 enim
2907 1368 3008 1420 hoc
3041 1365 3313 1433 prOprium
3344 1370 3445 1417 est.
3473 1360 3606 1414 Cum

2036 1469 2179 1522 enim
2210 1479 2431 1520 carnem
2480 1474 2719 1517 nostram
2767 1459 3083 1526 assumpsit,
3120 1455 3321 1510 idcirco
3362 1453 3526 1506 etiam
3557 1452 3608 1505 iu

2037 1574 2161 1614 eum
2210 1566 2263 1611 ut
2316 1557 2368 1609 in
2414 1570 2511 1609 nos
2559 1551 2860 1619 ignorantia
2897 1551 3093 1604 cadere
3134 1548 3247 1601 visa
3297 1552 3379 1600 est
3414 1562 3428 1600 :
3470 1544 3610 1611 quod

2039 1659 2217 1704 autem
2252 1663 2357 1701 non
2408 1646 2639 1716 propriae
2691 1653 2901 1697 natura:
2954 1656 3085 1703 suae,
3141 1641 3240 1692 sed
3289 1634 3619 1690 humanitati

2040 1740 2399 1811 ignorantiam
2449 1738 2703 1799 ascribat,
2757 1735 2883 1788 inde
2928 1731 3180 1800 cognosci
3234 1738 3430 1798 potest.
3477 1726 3627 1779 Cum

2041 1832 2186 1887 enim
2232 1832 2285 1883 in
2337 1828 2572 1882 medium
2624 1826 2938 1879 adduxisset
2968 1821 3249 1877 historiam
3301 1830 3488 1874 eorum
3522 1818 3621 1884 qui

2044 1922 2376 1992 temporibus
2424 1917 2535 1972 Noe
2581 1918 2854 1979 vixerunt,
2892 1924 2943 1967 et
2981 1913 3209 1966 dixisset
3243 1929 3257 1964 :
3293 1928 3311 1961 ι
3350 1906 3630 1962 (Ζοηιειίο-ρ

2043 2016 2176 2068 bant
2204 2021 2259 2065 et
2289 2010 2544 2064 bibebant
2570 2051 2589 2075 ,
2618 2007 2893 2061 nubebant
2924 2006 3075 2069 viris,
3104 2011 3159 2057 et
3186 1999 3450 2055 ducebant
3478 2011 3616 2050 uxo-

2047 2119 2166 2167 res,
2214 2103 2385 2157 donec
2430 2100 2577 2154 venit
2620 2098 2907 2160 diluvium,
2952 2104 3004 2148 et
3047 2091 3271 2147 abstulit
3313 2102 3541 2152 omnes;
3592 2106 3613 2138 ι

2045 2193 2272 2262 subjecit
2308 2193 2526 2247 statim:
2570 2210 2588 2242 ι
2628 2189 2856 2260 Vigilate
2892 2188 3057 2257 igitur
3090 2194 3147 2239 et
3186 2199 3304 2249 vos,
3356 2185 3480 2251 quia
3529 2193 3626 2234 rte-

2047 2286 2201 2340 scitis
2231 2300 2336 2355 qua
2357 2284 2487 2338 hora
2513 2282 2686 2336 Filius
2716 2281 2950 2335 hominis
2980 2278 3192 2340 veniet;
3226 2296 3244 2328 ι
3281 2282 3332 2329 et
3362 2288 3573 2326 rursum
3602 2288 3617 2323 :

2054 2397 2071 2429 ι
2105 2377 2217 2443 Qua
2266 2391 2369 2429 non
2422 2375 2624 2445 putatis
2678 2373 2808 2426 hora
2858 2370 3024 2425 Filius
3070 2367 3306 2421 hominis
3355 2365 3555 2417 veniet.
3595 2379 3615 2413 ι

2047 2467 2346 2537 Oportebat
2403 2475 2608 2529 autem,
2671 2464 2718 2518 si
2767 2464 2880 2532 ipse
2928 2471 3192 2529 quatenus
3245 2465 3328 2510 est
3389 2454 3618 2510 Verbum

2049 2559 2352 2630 ignorabat,
2392 2558 2571 2611 dicere
2622 2555 2798 2625 potius
2828 2571 2842 2607 :
2876 2551 3071 2606 Nescio
3105 2565 3209 2620 qua
3243 2548 3331 2601 die
3365 2555 3622 2599 venturus

2048 2650 2149 2704 sim
2178 2666 2190 2702 :
2229 2658 2284 2703 et
2312 2662 2417 2717 qua
2462 2647 2683 2700 minime
2709 2642 3070 2710 exspectarim
3105 2640 3233 2693 hora
3261 2637 3465 2689 mittar.
3486 2634 3619 2689 Cum

2052 2754 2179 2794 vero
2204 2738 2540 2793 auditoribus
2575 2733 2934 2805 ignorantiam
2961 2730 3222 2799 temporis
3244 2726 3487 2782 sive‘diei
3517 2739 3622 2792 qua

2050 2847 2311 2893 venturus
2334 2840 2500 2896 esset,
2521 2828 2783 2892 ascribat,
2810 2822 3153 2878 manifestum
3190 2830 3276 2873 est
3313 2819 3486 2889 ipsum
3505 2814 3625 2883 qui-

2052 2930 2172 2985 dem
2206 2927 2256 2981 id
2286 2925 2448 2990 scire,
2477 2932 2536 2976 ut
2569 2919 2828 2973 Verbum.
2867 2914 3121 2985 lgnorare
3155 2922 3334 2965 autem
3382 2924 3442 2965 se
3470 2907 3622 2972 dicit,

2051 3030 2318 3090 quatenus
2350 3014 2682 3078 hominibus,
2711 3010 2764 3063 in
2810 3022 2947 3075 quos
2994 3004 3299 3075 ignorantia
3353 3000 3522 3057 cadit-
3549 2998 3626 3053 εἰτ-

2054 3111 2201 3167 milis
2230 3110 2407 3163 factus
2434 3114 2535 3160 est.

2627 3213 2786 3283 221
2816 3208 3047 3266 ALIUD.

2127 3335 2185 3390 Si
2216 3349 2284 3388 ex
2313 3330 2550 3402 imagine
2577 3327 2712 3392 Noe,
2746 3323 2969 3381 secundi
3007 3320 3268 3376 adventus
3300 3318 3384 3371 sui
3418 3324 3636 3384 tempus

2053 3427 2365 3500 signiﬁcare
2417 3423 2553 3488 vult,
2600 3419 2817 3489 quando
2859 3426 3123 3470 venturus
3166 3423 3248 3467 est
3289 3411 3354 3464 ad
3385 3407 3632 3478 judican-

2055 3499 2179 3576 dum
2211 3518 2407 3572 orbem.
2431 3524 2730 3577 terrarum,
2748 3516 3070 3576 constatque
3103 3520 3225 3559 eum
3269 3500 3457 3556 diluvii
3489 3499 3630 3552 diem

2056 3623 2167 3663 non
2194 3607 2471 3675 ignorasse
2495 3620 2510 3656 :
2534 3602 2607 3655 ita
2635 3600 2779 3653 enim
2811 3598 2877 3652 ad
2902 3596 3012 3651 Noe
3040 3593 3246 3662 inquit:
3273 3610 3292 3642 ι
3324 3589 3631 3659 Ingredere,

2058 3706 2111 3752 tu
2139 3706 2192 3751 et
2225 3695 2316 3749 lilii
2351 3693 2447 3757 tui,
2483 3693 2537 3747 in
2566 3705 2746 3745 arcam
2777 3705 2792 3743 ε
2825 3702 2924 3757 ego
2951 3686 3096 3740 enim
3127 3693 3246 3752 post
3282 3680 3398 3735 dies
3427 3688 3633 3747 septem

2058 3791 2308 3845 inducam
2336 3786 2568 3857 pluviam
2599 3784 2653 3837 in
2673 3792 2875 3837 terram
2893 3779 2972 3833 ⁸⁸ε
3000 3797 3019 3830 ι
3056 3777 3204 3831 novit
3235 3776 3419 3843 itaque
3443 3772 3633 3825 horam

2058 3892 2113 3938 et
2146 3881 2286 3936 diem
2319 3880 2402 3935 sui
2429 3880 2714 3942 adventus,
2763 3884 2823 3928 ut
2854 3887 3036 3927 rerum
3075 3868 3377 3925 similitudo
3411 3877 3633 3918 conser-

2058 3986 2239 4039 vetur,
2282 3981 2338 4028 et
2373 3981 2531 4041 typus
2578 3968 2696 4025 sive
2740 3968 2917 4035 imago
2951 3977 3073 4034 quae
3115 3963 3169 4017 in
3206 3959 3314 4016 illis
3340 3965 3445 4025 est,
3496 3956 3639 4010 hane

2059 4064 2345 4126 signiticet.

2059 4262 2273 4321 ALIUD
2303 4262 2356 4316 in
2398 4262 2533 4314 iaem
2562 4271 2582 4311 :
2621 4277 2639 4309 ι
2674 4256 2749 4310 De
2780 4256 2865 4309 die
2910 4253 3004 4307 illa
3050 4261 3099 4308 et
3126 4252 3273 4321 [mra
3303 4267 3451 4306 nemo
3476 4250 3640 4321 nouit,

2132 4350 2296 4458 ἳὶειῐιιε
2341 4330 2514 4400 angeli
2568 4328 2841 4391 caelorum,
2890 4339 3054 4395 neque
3106 4320 3306 4388 Filius,
3358 4322 3444 4377 sed
3495 4320 3645 4375 solus.

2180 4422 2212 4458 α
2236 4420 2311 4459 er.
2344 4421 2375 4454 »ν

1999 4545 2043 4599 D
2137 4516 2271 4572 Cum
2306 4527 2461 4569 saera
2507 4510 2787 4580 Scriptura
2834 4508 2980 4563 dicat
3005 4506 3355 4563 Servatorem
3394 4510 3641 4557 nostrum

2071 4606 2350 4663 Christum
2407 4603 2687 4667 esuriisse,
2745 4600 2966 4666 sitiisse,
2997 4597 3343 4667 defatigatum
3379 4593 3545 4648 fuisse
3574 4606 3644 4646 ex

2072 4702 2285 4765 itinere,
2305 4707 2359 4753 et
2374 4711 2561 4752 navem
2580 4695 2879 4764 ingressum
2893 4690 3253 4746 obdormiisse
3273 4685 3363 4751 3",
3378 4686 3505 4755 quid
3528 4694 3641 4738 sta-

2071 4799 2223 4845 tuent
2275 4790 2458 4843 hostes
2487 4783 2738 4841 Christi?
2772 4781 3131 4836 Audebuntne
3181 4778 3362 4832 dicere
3408 4774 3644 4829 Verbum

2070 4882 2161 4939 Dei
2197 4884 2312 4937 lure
2356 4892 2669 4950 perpessum
2715 4874 2901 4939 fuisse,
2950 4883 3044 4928 aut
3080 4874 3191 4927 haec
3233 4883 3291 4925 ut
3324 4868 3644 4924 humanitati

2072 4975 2287 5046 propria
2318 4971 2469 5026 carni
2512 4969 2811 5031 ascribent,
2846 4965 3082 5020 Verbum
3116 4972 3295 5017 autem
3338 4960 3430 5014 Dei
3458 4966 3645 5027 quate-

2073 5084 2177 5123 nus
2232 5063 2471 5120 Verbum
2518 5072 2604 5117 est
2650 5061 2717 5115 iis
2772 5059 2936 5114 rebus
2984 5056 3277 5112 obnoxium
3331 5067 3441 5107 non
3491 5053 3649 5107 esse?

2073 5156 2537 5225 Quemadmodum
2590 5152 2754 5223 igitur
2791 5151 2892 5205 hoc
2931 5149 2985 5202 in
3024 5162 3082 5201 se
3114 5146 3344 5214 recepit,
3393 5149 3453 5198 ut
3486 5144 3647 5198 homo

2073 5250 2248 5304 factus
2289 5260 2392 5300 una
2435 5240 2908 5299 cumhomiuibus
2952 5235 3212 5301 esuriret,
3246 5245 3409 5305 atque
3442 5232 3645 5298 sitiret,

2074 5341 2390 5410 reliquaque
2435 5341 2733 5404 pateretur,
2758 5329 2973 5400 ηοω-οε
3017 5328 3137 5398 ipso
3168 5327 3313 5382 dicta
3357 5334 3525 5380 sunt:
3559 5337 3651 5379 ea-

2075 5432 2196 5485 dem
2227 5428 2388 5497 plane
2420 5424 2636 5479 ratione
2666 5436 2775 5477 non
2806 5427 2890 5475 est
2922 5419 3067 5489 quod
3096 5431 3257 5488 quem
3291 5412 3548 5479 offendat,
3581 5414 3649 5478 si,

2077 5532 2137 5576 ut
2168 5522 2351 5587 homo,
2385 5531 2491 5572 una
2532 5530 2656 5572 cum
2711 5511 3019 5568 hominibus
3069 5512 3350 5581 ignorasse
3404 5508 3650 5564 dicatur:

459 5711 550 5764 "1
579 5710 703 5765 Cor.
738 5727 775 5776 ι,
807 5710 898 5765 ει.
975 5709 1020 5743 ³⁷
1048 5708 1237 5766 Matth.
1283 5721 1436 5777 xxtv,
1464 5707 1567 5773 '58,
1590 5704 1691 5770 42,
1711 5704 1801 5760 44.
1878 5704 1924 5736 ⁸⁸

2051 5718 2095 5758 ri.
2134 5717 2236 5769 vn,
2276 5701 2383 5755 1-4.
2455 5697 2519 5730 ⁸⁸’
2563 5697 2748 5753 Matth.
2796 5709 2869 5762 iv,
2899 5693 2956 5763 ες
2995 5691 3150 5748 Joan.
3196 5705 3306 5756 χιι,
3341 5687 3443 5754 28ς
3493 5682 3653 5743 Joan.

387 5794 463 5847 Iv,
491 5782 547 5850 6;
579 5780 768 5839 Matth.
792 5795 890 5848 vn,
922 5780 1016 5848 εδ,
1038 5780 1128 5836 24.
