4124 6538
455 427 566 484 575

1479 423 1536 476 S.
1578 420 1848 478 CYBILLI
1887 415 2356 474 ALEXANDRINI
2396 419 2719 478 ARCIIIEP.

3601 419 3712 476 376

457 536 705 594 eamdem
765 536 933 590 enim.
965 534 1241 591 nobiscum
1288 545 1508 589 carnem
1569 532 1819 605 gestavit.
1863 529 2027 587 Novit

2131 533 2252 602 μετ’
2279 532 2583 604 ἀνθρώπων
2615 533 2852 604 ἀγνοεῖν,
2895 533 2978 586 ὅτι
3000 530 3100 602 τήν
3129 530 3298 603 αὐτὴν
3327 531 3458 602 ἡμῖν
3481 529 3709 602 ἐφόρεσε

457 627 602 682 enim
641 633 701 681 ut
747 625 1015 696 sapientia
1059 634 1114 681 et
1144 622 1381 680 Verbum
1413 623 1467 678 in
1513 621 1677 678 Patre
1717 621 2021 687 cxsistens;

459 718 712 786 ignorare
741 732 871 772 vero
917 731 977 772 se
1007 715 1138 771 dicit
1168 723 1390 785 propter
1421 728 1520 768 nos
1543 725 1599 768 et
1641 711 1944 778 nobiscum,
1967 718 2030 766 ut

457 809 638 863 homo.

455 918 687 986 ALIUD,
735 936 837 988 quo
883 919 1180 974 ostenditur
1225 917 1499 988 manifeste
1559 917 1892 988 Servalorem
1927 934 2025 971 no-

526 990 660 1042 visse
704 986 966 1060 qna'dam,
1011 990 1099 1060 sed
1140 989 1344 1042 ratione
1389 986 1779 1041 incarnationis
1807 987 2025 1056 ignora-

527 1061 722 1112 tionem
747 1075 857 1127 prce
882 1074 936 1112 se
964 1059 1166 1112 tulisse.

525 1166 781 1221 Servatur
812 1167 1009 1222 alicubi
1053 1169 1119 1221 ad
1149 1167 1442 1232 discipulos
1489 1182 1615 1221 suos
1642 1167 1716 1221 ait
1750 1185 1762 1221 :
1795 1186 1814 1219 ι
1852 1168 2024 1222 Laza-

457 1273 550 1312 rus
580 1259 786 1313 arnicus
822 1271 1006 1313 noster
1047 1258 1339 1314 obdormiit
1365 1259 1434 1322 θ’,
1479 1277 1500 1311 ›
1537 1275 1658 1312 cum
1691 1259 1893 1328 alioqui
1932 1274 2024 1313 ne-

458 1345 546 1404 mo
575 1350 674 1406 hoc
708 1351 756 1406 ei
793 1351 1120 1416 nuntiasset,
1160 1350 1254 1404 sed
1299 1358 1356 1404 ut
1394 1349 1535 1404 Deus
1583 1351 1673 1418 qui
1715 1351 1896 1404 omnia
1929 1364 2022 1406 co-

457 1443 604 1510 guita
649 1439 828 1495 habet.
872 1441 1075 1496 Deinde
1118 1440 1279 1511 longo
1325 1440 1518 1496 itinere
1571 1455 1692 1494 cum
1745 1440 2024 1510 discipulis

455 1532 750 1601 profectus,
785 1535 932 1588 venit
964 1535 1029 1590 ad
1079 1548 1299 1589 sorores
1329 1533 1519 1588 Lazari
1570 1534 1679 1602 jam
1722 1535 1939 1604 sepulti,
1968 1543 2025 1591 et

455 1623 664 1691 rogavit
695 1639 710 1676 :
745 1639 763 1673 ι
802 1623 904 1678 Ubi
931 1621 1188 1692 posuistis
1214 1636 1339 1678 eum
1366 1621 1458 1675 9'?
1490 1641 1510 1675 ι
1539 1622 1712 1690 Quem
1750 1631 2022 1677 mortuum

456 1728 576 1768 esse
597 1714 822 1778 sciebat,
855 1717 1126 1784 quomodo
1157 1713 1440 1784 ignorabat
1470 1713 1644 1770 locum
1675 1714 1728 1768 in
1754 1729 1860 1783 quo
1891 1728 2022 1768 con-

457 1803 605 1859 ditus
632 1803 793 1858 erat?
813 1805 905 1859 sed
929 1815 1085 1859 norat
1119 1807 1382 1874 profecto.
1414 1805 1720 1861 Verisimile
1749 1806 1890 1859 enim
1917 1821 2021 1860 non

2130 622 2328 696 σάρκα.
2352 622 2474 678 Οἷδε
2507 625 2607 696 μὲν
2643 624 2751 695 γάρ
2775 623 2851 687 ὡς
2875 623 3038 692 σοφία
3064 623 3160 676 καὶ
3191 622 3365 690 Λὸγος
3400 621 3477 675 ὢν
3507 621 3566 674 ἐν
3593 622 3709 674 Πα-

2123 715 2238 785 τρί’
2277 716 2354 786 μὴ
2374 714 2570 770 εἰδέναι
2594 715 2654 768 δέ
2704 730 2838 786 φησι
2871 713 2938 766 δι’
2972 713 3122 784 ἡμᾶς
3162 711 3260 766 καὶ
3288 710 3406 783 μεθ’
3427 710 3584 782 ἡμῶν
3634 708 3710 773 ὥς

2129 801 2227 858 ἀνθ
2235 819 2439 875 ρωπος.
3343 843 3360 848 ,.

2129 921 2334 984 ΔΔΛΟ,
2379 919 2454 973 δι’
2500 915 2573 976 οὗ
2616 903 2921 973 ὄείκνὺται
2980 916 3192 986 σαφῶς
3222 919 3256 971 δ
3303 914 3507 986 Σωτὴρ
3535 913 3709 986 είδὼς

2193 983 2328 1058 μέν
2355 1007 2508 1058 τινα.
2551 989 2883 1057 οἰκονομίας
2948 986 3017 1040 δὲ
3057 983 3237 1057 χάριν
3280 984 3525 1056 ἀγνοεῖν
3552 983 3708 1039 αὐτὰ

2200 1057 2733 1129 σχηματιζὸμενος.

2196 1168 2360 1237 Λέγει
2405 1186 2510 1222 που
2541 1169 2678 1240 πρὸς
2734 1168 2860 1231 τοὺς
2918 1166 3113 1221 ἑαυτοῦ
3150 1165 3399 1238 μαθητάς
3425 1165 3456 1218 6
3490 1164 3710 1236 Σοινιεήρ⁸

2132 1277 2150 1310 r
2180 1258 2427 1330 Λάζαρος
2447 1262 2476 1314 6
2517 1259 2667 1328 φίλος
2695 1259 2857 1330 ἡμῶν
2887 1257 3231 1329 κεκοίμηται,
3271 1274 3291 1308 ›
3334 1255 3514 1310 καίτοι
3545 1255 3706 1325 μηδε-

2125 1348 2213 1410 νὸς
2238 1346 2670 1415 ἀπαγγείλαντος
2693 1345 2840 1417 αὺτῷ
2893 1347 3022 1417 περὶ
3067 1344 3284 1408 τούτου,
3331 1344 3447 1398 ἀλλ’
3469 1343 3545 1408 ὡς
3572 1343 3709 1407 Θεὸς

2125 1436 2196 1490 τά
2229 1437 2406 1491 πάντα
2439 1436 2740 1506 γινώσκων.
2777 1431 2909 1490 Εἶτα
2961 1433 3186 1506 μακρὰν
3213 1434 3410 1497 ἐλάσας
3445 1433 3562 1487 ὁδὸν
3591 1433 3710 1503 ἅμα

2124 1527 2238 1590 τοῖς
2271 1525 2560 1596 μαθηταῖς,
2589 1524 2809 1596 ἔρχεται
2838 1523 2973 1597 πρὸς
2996 1522 3096 1586 τὰς
3119 1522 3214 1577 τοῦ
3247 1518 3706 1591 μνημονευθέντος

2126 1616 2378 1687 ἀδελφὰς,
2411 1616 2505 1670 καὶ
2538 1615 2761 1688 ἠρώτα·
2817 1635 2836 1667 ο
2871 1615 2980 1668 Ποῦ
3035 1611 3320 1666 τεθείκατε
3369 1609 3553 1664 αὐτόν.
3587 1627 3608 1660 ›
3644 1608 3710 1662 '0

2126 1707 2282 1774 εἰδὼς
2315 1709 2397 1762 ὅτι
2418 1707 2766 1779 κεκοίμηται,
2798 1706 2915 1771 πῶς
2943 1707 3043 1759 οὐκ
3073 1702 3186 1758 οἶδε
3235 1702 3325 1756 τὸν
3372 1701 3537 1755 τόπον
3571 1699 3707 1753 ὅπου

2127 1801 2303 1854 ἔκειτο
2331 1799 2393 1852 τὸ
2420 1799 2576 1869 σῶμα
2600 1815 2615 1864 ;
2649 1799 2762 1851 ἀλλ’
2795 1793 2955 1852 οἵδεν.
3000 1795 3291 1848 Ἀπίθανον
3320 1792 3428 1863 γάρ
3447 1790 3508 1844 τὸ
3532 1792 3711 1844 ἐκεῖνο

453 1905 560 1958 eSI,
597 1894 769 1965 ipsum
801 1895 932 1949 illud
978 1896 1224 1961 scivisse,
1254 1897 1357 1951 hoc
1401 1897 1718 1952 nescivisse.
1753 1896 2024 1964 Quemad-

2131 1891 2230 1962 μὲν
2258 1889 2477 1954 εἰδέναι,
2500 1867 2659 1943 τοῦτο
2687 1889 2745 1942 δὲ
2777 1889 3012 1957 ἀγνοεῖν.
3045 1885 3256 1956 Ὥσπερ
3284 1877 3376 1936 οὗν
3397 1878 3710 1950 οἰκονομίας

455 1985 674 2039 modum
719 1986 884 2056 igitur
930 1986 1190 2056 singulari
1236 1986 1469 2056 quodam
1516 1987 1743 2042 consilio
1781 1987 1918 2042 dixit
1963 2002 2022 2042 sc

458 2075 669 2130 nescire
697 2075 786 2130 ubi
807 2076 1014 2147 iaceret
1041 2075 1279 2131 Lazarus
1304 2094 1318 2142 ;
1355 2077 1427 2131 ita
1458 2078 1621 2132 etiam
1643 2078 1708 2132 de
1732 2077 1821 2132 die
1847 2087 1901 2132 et
1930 2077 2025 2132 ho.

456 2181 540 2226 ra.
578 2166 791 2220 tametsi
828 2168 972 2220 dicat
1014 2182 1072 2221 se
1104 2169 1373 2236 ignorare,
1405 2169 1654 2225 utilitatis
1685 2180 1740 2225 et
1771 2171 1894 2226 boni
1923 2170 2024 2224 ali-

455 2258 610 2326 cujus
633 2272 794 2312 causa
827 2257 877 2312 id
905 2256 1036 2313 facit
1064 2275 1078 2313 :
1113 2259 1275 2328 222
1311 2261 1456 2314 novit
1486 2261 1631 2314 enim
1663 2271 1720 2314 ut
1756 2259 1918 2317 Deus.

627 2365 858 2433 ALIUD,
894 2367 963 2420 ad
995 2369 1232 2441 eamdem
1261 2371 1571 2423 sententiam
1594 2372 1882 2440 pertinens.

529 2479 662 2535 Cum
695 2481 747 2535 in
779 2481 1020 2550 partibus
1041 2480 1300 2536 Caesarea
1323 2482 1549 2552 Philippi
1573 2493 1718 2538 esset
1745 2482 2022 2546 Servatur,

456 2573 810 2643 interrogavit
845 2572 1175 2641 discipulos:
1214 2592 1232 2625 ι
1273 2574 1443 2640 Quem
1497 2575 1680 2629 dicunt
1733 2590 1817 2630 me
1853 2575 2026 2630 homi-

458 2679 553 2716 nes
579 2676 701 2717 esse
741 2661 937 2716 Filium
988 2663 1338 2724 hominis"?
1365 2681 1384 2714 ι
1423 2662 1666 2734 Cumque
1704 2663 1899 2720 Petrus
1942 2681 2026 2718 re-

456 2753 763 2820 spondisset
787 2760 840 2805 et
862 2751 1131 2805 dixisset:
1165 2769 1185 2802 t
1219 2751 1297 2806 Tu
1323 2765 1382 2805 es
1414 2750 1686 2816 Christus,
1727 2751 1894 2807 Filius
1930 2752 2024 2808 Dei

458 2843 724 2904 viventis;
759 2860 780 2894 ι
813 2841 996 2895 statim
1034 2842 1146 2910 ipse
1190 2841 1389 2907 intulit,
1428 2859 1446 2892 ε
1487 2839 1691 2896 Beatus
1731 2856 1811 2906 es,
1837 2841 2024 2896 Simon

459 2931 721 3001 Bai-jona,
764 2931 890 3001 quia
937 2931 1100 2986 Pater
1155 2931 1413 2986 revelavit
1468 2931 1587 2994 tibi.
1629 2932 1720 3001 qui
1767 2931 1818 2985 in
1873 2931 2028 2987 cmlis

456 3034 542 3079 est
570 3025 636 3077 ".
669 3041 690 3076 ι
722 3022 891 3078 Nemo
917 3023 1060 3078 enim
1102 3023 1256 3078 novit
1285 3022 1480 3076 Filium
1518 3023 1619 3077 nisi
1665 3023 1846 3084 Pater.
1872 3022 2024 3091 juxta

460 3114 630 3184 ipsius
662 3113 968 3170 Servatoris
992 3127 1176 3168 vocem
1207 3114 1273 3166 N.
1305 3113 1374 3167 At
1420 3114 1462 3167 si
1493 3113 1654 3168 Pater
1699 3130 1793 3182 per
1830 3115 2023 3169 Filium

2123 1982 2266 2046 τινος
2291 1981 2475 2035 ἕνεκεν
2500 1980 2560 2035 τὸ
2590 1980 2665 2052 μὴ
2692 1979 2890 2034 εἰδέναι
2911 1977 3021 2031 ποῦ
3048 1979 3227 2029 κεῖται
3274 1971 3522 2044 Λάζαρος
3572 1970 3709 2039 ἔφα-

2127 2091 2276 2139 σκεν,
2304 2072 2448 2126 οὕτω
2483 2073 2576 2126 καὶ
2605 2073 2734 2144 περὶ
2769 2071 2870 2142 τῆς
2890 2069 3103 2142 ἡμέρας
3127 2069 3221 2122 καὶ
3262 2067 3361 2136 τῆς
3387 2065 3535 2135 ὥρας
3554 2103 3570 2128 ,
3605 2061 3712 2116 κᾶν

2124 2167 2259 2240 λέγῃ
2293 2165 2368 2237 μὴ
2391 2165 2609 2229 εἰδέναι,
2647 2161 2918 2235 χρήσιμόν
2939 2178 2996 2214 τι
3016 2160 3109 2214 καὶ
3135 2157 3338 2228 ἀγαθὸν
3370 2153 3668 2225 οἰκονομῶν
3690 2193 3714 2220 ,

2122 2256 2282 2311 τοῦτο
2304 2257 2468 2308 ποιεῖ’
2491 2249 2601 2308 οἵδε
2630 2253 2740 2324 γὰρ
2772 2253 2847 2316 ὡς
2873 2250 3027 2315 Θεός.

2379 2370 2583 2435 ΑΛΛΟ,
2613 2369 2730 2436 τὴν
2746 2367 2945 2436 αὐτὴν
2988 2368 3135 2437 ἕχον
3161 2362 3450 2419 διάνοιαν.

2195 2479 2330 2550 Περὶ
2358 2477 2428 2532 τά
2463 2477 2604 2548 μέρη
2639 2475 2976 2546 Καισαρείας
3033 2475 3135 2546 τῆς
3159 2473 3428 2527 Φιλίππω
3467 2467 3716 2540 γεγονὼς

2124 2572 2154 2625 6
2183 2569 2394 2641 Σωτὴρ,
2428 2567 2616 2640 ἠρώτα
2663 2568 2792 2631 τοὺς
2840 2565 3039 2620 ἑαυτοῦ
3099 2563 3368 2636 μαθητάς
3429 2583 3447 2614 t
3476 2562 3610 2614 Τίνα
3641 2577 3713 2632 με

2125 2662 2373 2730 λέγουσιν
2421 2661 2471 2714 οἱ
2524 2659 2802 2731 ἄνθρωποι
2865 2658 2962 2712 τδνι
2989 2658 3116 2711 Υίδν
3167 2655 3262 2709 τοῦ
3308 2654 3640 2726 ἀνθρώπους
3684 2669 3706 2703 ι

2138 2753 2603 2825 Ἀποκριναμένου
2652 2751 2708 2805 δὲ
2738 2751 2945 2821 Πέτρου
2976 2752 3071 2804 καὶ
3097 2749 3405 2822 εἰρηκότος,
3445 2767 3463 2799 t
3497 2748 3568 2800 Σὺ
3603 2740 3654 2801 εἴ
3685 2747 3716 2800 6

2125 2845 2359 2918 Χριστὸς
2387 2847 2416 2898 6
2448 2845 2576 2908 Υἱὸς
2600 2843 2697 2897 τοῦ
2717 2842 2859 2896 Θεοῦ
2884 2842 2978 2896 τοῦ
3009 2842 3231 2907 ζῶντος,
3267 2860 3287 2894 ι
3312 2841 3592 2912 ἐπήγαγεν
3621 2839 3712 2892 eti-

2127 2937 2345 3002 θὺς,ὃτι
2388 2955 2406 2987 t
2436 2935 2724 3006 Μακάριος
2757 2929 2828 3000 εἴ,
2864 2935 3048 3004 Σίμων
3075 2933 3191 3006 Bap
3230 2933 3405 2996 Ἰωνᾶ,
3438 2933 3519 2984 ὅτι
3545 2931 3573 2982 6
3599 2929 3712 2983 Παρ-

2124 3029 2230 3100 τὴρ
2261 3027 2582 3096 ἀπεκάλυψὲ
2616 3043 2698 3080 σοι
2723 3029 2751 3080 ὁ
2776 3029 2835 3080 ἐν
2862 3029 2976 3090 τοῖς
2996 3027 3266 3098 οὐρανοῖς.
3306 3044 3325 3076 ι
3370 3022 3558 3085 Οὐδεὶς
3598 3020 3713 3091 γὰρ

2127 3113 2236 3172 οἶδε
2258 3118 2351 3171 τὸν
2374 3118 2500 3171 Υἱδν
2523 3118 2570 3170 εί
2598 3116 2673 3188 μὴ
2700 3119 2728 3170 6
2757 3117 2968 3187 Πατὴρ,
3000 3115 3140 3170 κατὰ
3155 3117 3254 3187 τὴν
3279 3114 3442 3169 αὐτοῦ
3477 3112 3571 3167 τοῦ
3598 3113 3713 3165 Σω-

458 3206 639 3260 omnia
675 3215 950 3274 operatur.
993 3219 1156 3257 unum
1195 3218 1322 3258 vero
1353 3219 1418 3258 ex
1463 3204 1717 3270 operibus
1759 3214 1844 3259 est
1872 3220 2026 3260 reve—

2131 3207 2295 3278 τῆρος
2323 3207 2528 3277 φωνήν.
2567 3207 2631 3259 El
2662 3207 2718 3260 δὲ
2745 3207 2813 3260 δι’
2853 3205 2984 3260 Υἱοῦ
3031 3207 3210 3262 πάντα
3257 3205 3446 3276 Πατὴρ
3476 3203 3708 3277 ἐργάζε-

461 3299 610 3364 latio,
639 3297 816 3366 ipsum
842 3293 1075 3350 Verbum
1101 3294 1262 3350 Petro
1295 3294 1497 3349 revelat
1519 3310 1637 3364 quae
1660 3294 1839 3351 Patris
1868 3304 2028 3363 sunt;

460 3391 730 3460 quomodo
764 3399 943 3444 autem
977 3389 1021 3443 is
1065 3387 1154 3457 qui
1200 3388 1425 3451 revelat,
1478 3398 1733 3457 tanquam
1778 3390 2032 3458 ignorans

461 3485 781 3551 interrogat,
807 3494 1095 3549 quemnam
1142 3481 1318 3548 ipsum
1349 3480 1599 3534 homines
1649 3495 1772 3535 esse
1800 3481 2036 3536 dicant?

461 3571 624 3626 Certo
652 3570 816 3640 igitur
840 3586 905 3624 ac
943 3569 1204 3640 singulari
1242 3570 1469 3625 consilio
1501 3571 1772 3626 interdum
1813 3572 2032 3642 ignora-

467 3662 662 3717 tionem
697 3661 936 3716 simulat.
968 3661 1158 3716 Sciens
1191 3662 1336 3716 enim
1364 3663 1492 3733 quid
1523 3661 1774 3733 discipuli
1803 3680 2030 3734 respon-

463 3750 576 3806 suri
606 3761 810 3815 essent,
841 3752 1137 3822 interrogat
1166 3771 1180 3807 :
1216 3763 1274 3807 ut
1310 3764 1535 3826 accepta
1577 3769 1764 3810 eorum
1807 3771 2031 3827 respou-

463 3841 615 3897 sione
645 3840 804 3896 tidem
833 3842 1088 3898 stabiliat.

953 4017 1194 4085 ALIUD,
1222 4022 1535 4075 enarrative.

535 4133 722 4197 Filius,
751 4142 1019 4202 quatenus
1070 4141 1155 4186 est
1204 4130 1438 4185 Verbum
1480 4144 1536 4189 ct
1588 4134 1873 4204 sapientia,
1927 4155 2030 4193 non

464 4224 676 4293 ignorat
710 4223 850 4276 diem
878 4230 931 4275 et
969 4221 1158 4292 horam
1192 4223 1276 4277 sui
1309 4226 1571 4280 adventus
1601 4243 1615 4280 :
1655 4228 1747 4281 sed
1783 4244 1850 4284 ne
1897 4244 2034 4285 mm-

465 4329 644 4369 roretn
683 4312 960 4380 discipulis
995 4313 1242 4378 incutiat,
1282 4314 1468 4370 nolens
1498 4330 1688 4370 eorum
1734 4317 2033 4388 interroga-

469 4407 597 4460 Iioni
629 4407 976 4474 respondere,
1005 4407 1142 4460 dixit
1172 4422 1230 4462 se
1257 4408 1488 4475 nescire,
1520 4419 1580 4464 ut
1608 4410 1809 4477 homo;
1836 4413 2032 4482 quippe

465 4497 555 4565 qui
598 4497 650 4552 id
705 4497 885 4552 dicere
931 4497 1110 4564 potuit
1145 4509 1414 4568 quatenus
1451 4515 1578 4555 caro
1617 4502 1788 4557 factus
1824 4512 1926 4569 est,
1973 4513 2031 4556 ut

465 4590 724 4657 scriptum
758 4599 842 4643 est
871 4590 939 4654 ⁸⁸,
970 4589 1260 4658 carnisque
1286 4590 1630 4648 inﬁrmitates
1662 4595 1906 4662 proprias
1927 4595 2031 4650 sibi

469 4678 612 4732 fecit.
639 4678 790 4744 Quod
813 4680 957 4733 enim
993 4681 1094 4735 hac
1130 4680 1198 4736 de
1221 4697 1380 4737 causa
1420 4698 1478 4738 se
1514 4685 1726 4740 nescire
1762 4685 1918 4752 dixit,
1948 4687 2031 4740 iu-

466 4770 531 4823 dc
559 4771 808 4840 c0guosci
842 4782 1036 4841 potest.
1067 4771 1199 4828 Nam
1227 4784 1510 4846 postquam
1539 4790 1568 4830 e
1593 4777 1822 4832 mortuis
1852 4792 2030 4833 resur-

468 4862 627 4929 rexit,
653 4879 775 4918 cum
809 4862 919 4933 jam
952 4867 1002 4918 iu
1043 4866 1208 4921 oculos
1234 4882 1563 4922 ascensurus
1591 4877 1757 4932 esset,
1803 4869 2035 4924 interro-

467 4956 718 5026 gantibus
746 4974 869 5012 eum
901 4959 1198 5026 discipulis,
1231 4959 1448 5028 quando
1479 4960 1602 5013 linis
1625 4958 1860 5021 futurus.
1887 4960 2033 5030 ipse-

465 5064 568 5117 que
600 5047 792 5104 iterum
829 5060 1085 5105 venturus
1121 5059 1285 5116 esset,
1315 5048 1566 5106 acerbius
1615 5050 1693 5105 eis
1733 5053 2032 5122 respondit,

467 5139 692 5196 dicens:
726 5158 744 5191 ι
776 5139 888 5194 Non
915 5150 998 5196 est
1033 5151 1272 5198 vestrum
1306 5156 1532 5197 noscere
1565 5151 1806 5212 tempora
1833 5153 1888 5197 et
1917 5162 2035 5200 tuo-

467 5241 671 5295 tncnta,
699 5246 817 5299 qua:
848 5231 1008 5286 Pater
1050 5231 1228 5301 posuit
1269 5232 1323 5284 in
1365 5246 1460 5287 sua
1497 5241 1763 5301 potestate
1788 5233 1857 5288 νδ.
1903 5253 1920 5285 ι
1963 5235 2033 5290 At

467 5319 510 5372 si
545 5318 674 5374 illud
722 5322 938 5389 penitus
974 5321 1301 5391 ignorasset,
1332 5324 1618 5391 oportebat
1660 5324 1839 5379 dicere
1869 5343 1881 5380 :
1915 5325 2034 5379 Dixi

467 5410 620 5464 vobis
651 5425 739 5466 tne
767 5413 1000 5478 nescire,
1033 5422 1088 5467 et
1111 5414 1312 5469 nescio.
1346 5413 1416 5468 At
1443 5429 1568 5470 vero
1607 5417 1760 5485 quasi
1791 5433 1894 5471 non
1945 5433 2033 5470 rc-

467 5511 554 5556 cte
592 5503 992 5574 interrogantes
1030 5507 1393 5577 reprehendit,
1440 5518 1494 5563 et
1525 5520 1780 5576 tanquam
1829 5509 2034 5578 majora

465 5610 627 5663 quam
655 5611 753 5665 par
778 5597 848 5652 sit
877 5598 1218 5668 inquirentcs
1251 5600 1445 5670 rejicit.
1475 5600 1818 5656 Manifestum
1851 5600 2034 5670 itaque

534 5752 580 5786 "
607 5752 762 5808 Joan.
798 5771 873 5820 ιι,
911 5756 994 5812 tl.
1074 5759 1118 5790 9°
1159 5759 1289 5814 ibid.
1313 5759 1402 5814 3i.
1479 5760 1520 5790 9'
1557 5757 1746 5814 Matth.
1786 5773 1898 5822 xvr,
1933 5758 2017 5814 15.

458 5821 517 5903 ,⁸⁵
554 5823 672 5879 Act.
713 5840 752 5892 ι,
789 5824 842 5877 ’7.

2133 3318 2243 3364 ται,
2266 3299 2324 3354 ἓν
2357 3299 2413 3354 δὲ
2434 3299 2544 3353 τῶν.
2570 3299 2750 3371 ἔργων
2771 3300 2863 3354 καὶ
2899 3301 2932 3370 ἡ
2968 3300 3333 3371 ἀποκάλυψις,
3358 3300 3518 3364 αὐτὸς
3547 3300 3577 3352 6
3601 3298 3709 3354 A6-

2131 3405 2228 3456 γος
2257 3386 2607 3457 ἀποκαλύψας
2668 3386 2747 3458 τῷ
2794 3388 2989 3459 Πέτρῳ
3015 3388 3266 3456 φαίνεται
3296 3389 3366 3442 τὰ
3409 3387 3563 3458 παρά
3613 3384 3714 3440 τοῦ

2133 3479 2369 3550 Πατρός·
2397 3478 2515 3542 πῶς
2570 3474 2661 3532 οὖν
2690 3480 2718 3533 6
2754 3479 3112 3549 ἀποκαλύψας
3141 3479 3216 3544 ὡς
3248 3480 3457 3548 ἀγνοῶν
3500 3479 3712 3549 ἐρωτᾷ,

2131 3570 2253 3624 τίνα
2281 3569 2532 3638 λέγουσιν
2560 3571 2613 3624 oi:
2634 3569 2941 3642 ἄνθρωποις
2964 3571 3176 3626 Οὐκοῦν
3199 3573 3472 3642 οἰκονομεῖ
3494 3589 3548 3625 τι
3582 3570 3710 3624 πολε

2132 3661 2291 3724 λάκις
2332 3661 2434 3730 τῆς
2457 3662 2680 3730 ἀγνοίας
2716 3662 2778 3715 τὸ
2815 3665 3018 3734 σχῆμα.
3052 3663 3223 3727 Εἰδὼς
3250 3662 3358 3734 γάρ
3385 3665 3521 3733 ὅπερ
3553 3661 3715 3733 ἔμελ-

2131 3754 2224 3807 λον
2254 3755 2400 3826 ἐρεῖν
2430 3755 2483 3807 οἱ·
2512 3753 2771 3824 μαθηταὶ,
2798 3755 3068 3825 προσάγει
3100 3754 3200 3825 τὴν
3237 3753 3449 3818 πεῦσιν,
3483 3754 3550 3807 ἶν’
3573 3753 3713 3806 ἀπο-

2131 3843 2424 3913 δεξάμενος
2481 3842 2661 3896 αὐτῶν
2713 3842 2812 3913 τὴν
2878 3842 3209 3913 ἀπόκρισιν,
3283 3840 3557 3915 ϐεϐαιώσῃ
3612 3841 3715 3911 τὴν

2134 3932 2337 3987 πίστιν.

2552 4020 2738 4074 ΑΛΛΟ
2759 4058 2773 4084 ,
2823 4019 3278 4090 διηγηματικῶς.

2203 4137 2317 4190 Οὐκ
2339 4135 2526 4202 ἀγνοεῖ
2552 4134 2650 4206 τὴν
2683 4135 2899 4205 ἡμέραν
2931 4135 3025 4189 καὶ
3057 4135 3156 4206 τὴν
3193 4135 3344 4207 ὥραν
3389 4135 3486 4207 τῆς
3515 4135 3719 4191 ἑαυτοῦ.

2135 4229 2436 4299 παρουσίας
2472 4229 2501 4280 6
2526 4227 2673 4293 Υἱὸς,
2773 4226 2946 4296 Λόγος
2979 4227 3098 4280 ἐστὶ
3126 4228 3221 4281 καὶ
3254 4226 3416 4297 σοφία
3441 4266 3456 4289 ,
3484 4226 3599 4280 ἀλλ’
3625 4227 3716 4280 ἶνα

2136 4322 2210 4392 μὴ
2266 4319 2450 4390 λύπην
2480 4318 2680 4392 ἐντέκῃ
2738 4320 2853 4382 τοῖς
2887 4317 3176 4389 μαθηταῖς,
3243 4319 3320 4382 ὠς
3369 4319 3432 4372 οὐ
3479 4317 3712 4388 θελήσας

2132 4410 2531 4482 ἀποκρίνεσθαι
2555 4413 2622 4481 τῇ
2659 4412 2788 4481 παρ’
2814 4409 2994 4463 αὐτῶν
3035 4409 3462 4481 προσενεχθείσῃ
3497 4409 3718 4473 πεύσει,

2136 4504 2218 4569 τὸ,
2253 4503 2367 4557 Οὐκ
2393 4498 2532 4567 οἶδα,
2557 4501 2724 4573 φησὶν
2755 4501 2830 4564 ὡς
2844 4500 3147 4570 ἄνθρωπος,
3165 4500 3415 4568 ἐξουσίαν
3447 4501 3585 4572 ἔχων
3618 4501 3717 4555 καὶ

2137 4593 2259 4658 τοῦ,
2295 4595 2471 4647 εἰπεῖν
2499 4591 2608 4658 διὰ,
2640 4593 2700 4645 τὸ
2725 4591 2977 4661 γενέσθαι
3017 4591 3174 4663 σὰρξ,
3205 4593 3341 4646 καθὸ
3378 4595 3710 4665 γέγραπται,

2139 4687 2232 4742 καὶ¹
2251 4684 2349 4746 τάς
2378 4682 2478 4753 τῆς
2523 4681 2722 4754 σαρκὸς
2770 4680 3054 4745 ἀσθενείας
3103 4681 3556 4752 ίδιοποιήσασθαι.
3591 4683 3714 4735 Ὅτι

2143 4775 2250 4851 γρρ
2277 4772 2478 4844 ταύτης
2499 4773 2660 4826 ἕνεκα
2684 4772 2784 4842 τῆς
2810 4770 2988 4835 αἰτίας
3014 4771 3075 4824 τὸ
3098 4771 3173 4842 μὴ
3201 4773 3398 4827 εἰδέναι
3423 4773 3608 4843 φησὶν,
3629 4773 3715 4826 ἐνσ-

2139 4865 2330 4920 τεῦθεν
2355 4863 2633 4936 εἰσόμεθα.
2663 4864 2815 4918 Μετὰ
2843 4862 2952 4934 γὰρ
2982 4863 3044 4916 τὸ
3079 4863 3143 4916 ἐκ
3163 4863 3370 4934 νεκρῶν
3395 4864 3712 4933 ἀναστῆναι,

2147 4957 2355 5028 μέλλων
2387 4973 2446 5009 τε
2484 4955 2583 5026 ἤδη
2618 4953 2803 5008 λοιπὸν
2827 4952 3137 5008 ἀναϐαίνειν
3159 4953 3239 5016 είς
3276 4952 3560 5023 οὐρανοὺς,
3586 4952 3720 5022 ἐρω-

2141 5048 2422 5118 τησάντων
2445 5045 2606 5100 αὑτὸν
2635 5045 2740 5099 τῶν
2785 5043 3063 5115 μαθητῶν,
3109 5045 3240 5100 πότε
3264 5044 3326 5098 τὸ
3353 5044 3505 5107 τέλος
3529 5044 3718 5110 ἔσται,

2142 5142 2236 5194 καὶ
2266 5140 2397 5194 πότε
2439 5138 2599 5192 πάλιν
2626 5141 3087 5210 παραγενήσεται,
3126 5135 3455 5208 δριμύτερον
3485 5133 3716 5206 ἁπεκρίο

2139 5249 2268 5285 νατο
2292 5231 2486 5299 λέγων·
2523 5248 2542 5280 t
2575 5228 2687 5298 Οὐχ
2715 5227 2868 5298 ὑμῶν
2895 5228 3013 5282 ἐστι
3033 5228 3236 5296 γνῶναι
3279 5227 3505 5300 χρόνους
3532 5226 3565 5296 ἢ
3597 5242 3720 5279 και-

2141 5325 2288 5396 ροῦς,
2318 5323 2410 5387 οὓς
2431 5325 2458 5376 6
2491 5322 2678 5393 Πατὴρ
2706 5320 2858 5374 ἔθετο
2887 5321 2946 5372 ἐν
2976 5322 3042 5392 τῇ
3081 5320 3187 5392 ἰδίᾳ
3235 5318 3476 5390 ἐξουσίᾳ.
3510 5338 3528 5371 ι
3573 5317 3718 5372 Ἀλλ’

2136 5417 2294 5488 εἰπερ
2317 5416 2523 5484 ἠγνόει,
2556 5413 2740 5482 σαφῶς
2759 5411 2920 5468 αὑτὸν
2945 5413 3113 5486 ἐχρῆν
3142 5413 3341 5483 λέγειν·
3366 5407 3534 5467 Εἶπον
3559 5413 3714 5484 ὑμῖν,

2136 5510 2235 5563 οὐκ
2257 5505 2399 5562 οἶδα.
2430 5507 2569 5561 Νυνὶ
2588 5507 2644 5560 δὲ
2676 5507 2750 5570 ὡς
2784 5508 2885 5562 οὐκ
2921 5507 3157 5577 εὐλόγως
3203 5507 3524 5578 ἐρωτῶντας
3572 5505 3716 5575 ἐλέγ-

2139 5618 2254 5671 χει,
2312 5600 2406 5653 καὶ
2448 5599 2521 5663 ώς
2559 5599 2778 5670 μείζονα
2829 5600 2863 5669 ἢ
2920 5599 3041 5653 καθ’
3089 5598 3313 5662 ἑαυτοὺς
3362 5597 3715 5664 ἐξετάζοντας

2133 5760 2175 5792 υ
2203 5758 2332 5815 ibid.
2372 5757 2569 5826 16,17.
2685 5758 2734 5791 οι
2765 5756 2955 5813 Matth.
2990 5773 3065 5828 χι,
3090 5757 3183 5812 2'1.
3263 5756 3327 5827 ,οι
3354 5754 3512 5813 toan.
3554 5771 3590 5819 ι,
3629 5752 3713 5808 tt.
