4124 6522
263 421 373 477 377

1681 406 2128 467 THESAURUS.

3435 411 3542 471 378

263 538 591 612 ἀποτρέπει.
612 537 779 608 Δῆλον
807 531 901 590 οὖν
930 537 1077 589 ἐστιν
1093 533 1175 587 ὅτι
1199 531 1294 587 καὶ
1313 533 1459 597 τότε,
1480 531 1657 585 καίτοι
1678 532 1855 585 πάντα

1959 541 2042 587 est
2088 530 2252 587 etiam
2308 538 2437 586 tunc
2488 530 2690 602 ipsum,
2752 533 2967 590 tametsi
3021 533 3205 589 omnia
3246 545 3430 590 nosset
3481 546 3541 591 ut

263 630 423 694 εἰδὼς
458 629 535 693 ὡς
564 628 718 694 Θεὸς,
743 628 832 682 διὰ
878 626 941 679 τὸ
990 619 1130 678 εἶναι
1178 624 1279 696 τὴν
1312 622 1514 692 γνῶσιν
1557 622 1699 695 ὑπὲρ
1724 623 1851 686 τοὺς

266 721 542 793 μαθητὰς,
567 718 925 790 ἀνθρωπίνως
947 716 1153 786 ἔφασκε
1186 715 1260 787 μὴ
1279 714 1477 768 εἰδέναι
1506 714 1605 785 τὴν
1631 714 1851 785 ἡμέραν

236 812 241 819 ’
265 811 406 883 μηδὲ
433 813 535 882 τὴν
563 810 710 864 ὦοαν
742 808 980 879 ἐκείνην.

954 922 1161 976 ΑΛΛΟ.

343 1034 516 1088 ’Ὅταν
545 1033 868 1106 εὑρίσκηται
899 1032 929 1084 ό
979 1031 1113 1095 Θεὸς
1167 1032 1227 1085 ἐν
1270 1032 1369 1102 μὲν
1414 1030 1491 1102 τῷ
1540 1029 1853 1103 παραδείσῳ

269 1123 446 1192 λέγων
472 1123 608 1193 πρὸς
621 1123 713 1176 τὸν
750 1121 942 1192 Ἀδάμ·
972 1139 990 1173 ι
1017 1120 1127 1174 Ποῦ
1148 1116 1229 1187 εἷς
1270 1140 1289 1173 ι
1324 1122 1461 1193 πρὸς
1482 1122 1541 1176 δὲ
1568 1121 1660 1174 τὸν
1689 1122 1849 1175 Κάῖν·

274 1234 293 1265 σ
330 1214 442 1268 Ποῦ
470 1213 687 1267 Ἀὗελό
711 1212 940 1282 ἀδελφός
983 1229 1113 1278 σου;
1151 1231 1170 1265 t
1210 1212 1262 1266 τί
1309 1213 1418 1285 ἄρα
1446 1213 1541 1267 καὶ
1572 1211 1702 1282 περὶ
1725 1212 1853 1264 τού-

266 1323 366 1358 του
398 1305 570 1374 φατέ;
600 1307 698 1359 Ἂν
725 1304 824 1375 μὲν
845 1304 953 1375 γὰρ
982 1305 1283 1374 ἀγνοοῦντα
1305 1304 1576 1358 ποιεῖσθαι
1600 1305 1699 1376 τὴν
1727 1301 1856 1375 ἐρώ-

266 1414 427 1465 τησιν
482 1396 704 1467 λέγητε,
745 1396 998 1467 φανερῶς
1049 1395 1461 1467 δυσφημοῦντες
1509 1395 1853 1467 εὑρίσκεσθε.

267 1486 333 1536 ΕΞ
363 1485 419 1538 δὲ
447 1485 651 1556 τρόπον
680 1485 996 1556 οἰκονομίας
1037 1484 1353 1555 εἰσάγεσθαι
1396 1503 1519 1537 τινα
1557 1484 1645 1538 διὰ
1698 1484 1855 1538 τοῦτο

264 1575 493 1642 δώσετε,
531 1577 608 1647 μὴ
637 1576 932 1643 ξενίζεσθε,
981 1577 1085 1631 κᾶν
1128 1580 1157 1632 6
1187 1577 1281 1630 τοῦ
1313 1575 1451 1630 Θεοῦ
1473 1577 1666 1646 Λόγος,
1700 1577 1768 1630 δι’
1791 1570 1854 1631 οὗ

265 1666 366 1718 καὶ
382 1664 508 1718 τότε
547 1665 645 1736 τὴν
672 1663 941 1736 ἐρώτησιν
993 1666 1129 1736 πρός
1160 1683 1220 1719 τε
1263 1665 1437 1736 Ἀδὰμ
1458 1666 1551 1719 καὶ
1598 1666 1693 1720 τὸν
1713 1667 1854 1721 Κάῖν

263 1757 506 1809 ἐποιεῖτο
551 1757 702 1823 Θεὸς,
757 1756 1056 1827 οἰκονομῶν
1099 1774 1153 1810 τι
1208 1758 1480 1829 χρήσιμον
1543 1757 1621 1829 μὴ
1652 1757 1851 1811 εἰδέναι

1954 622 2120 689 Deus,
2164 624 2398 678 humano
2431 631 2608 677 tamen
2639 638 2791 679 more
2818 625 3021 680 dixisse
3047 628 3189 695 quod
3213 624 3355 681 diem
3390 625 3537 680 illum

1952 725 2009 769 et
2034 716 2225 770 horam
2248 714 2549 785 ignoraret,
2586 715 2714 786 quia
2756 715 3147 785 discipulorum
3182 727 3400 786 captum
3424 715 3542 787 ejus

1955 805 2031 861 rei
2062 805 2256 861 notitia
2290 805 2605 875 superabat.

2627 915 2859 974 ALIUD.

2021 1029 2156 1084 Cum
2211 1030 2520 1086 inveniatur
2586 1030 2728 1085 Deus
2806 1030 2859 1084 in
2928 1027 3181 1098 paradiso
3228 1028 3414 1084 dicens
3465 1030 3535 1085 ad

1955 1121 2264 1176 Adamnm:
2301 1139 2320 1172 ι
2355 1122 2460 1180 Ubi
2488 1137 2548 1178 es
2573 1122 2656 1175 ⁸θῖ
2690 1141 2708 1174 t
2737 1130 2793 1176 et
2818 1122 2886 1175 ad
2919 1120 3051 1175 Cain
3081 1136 3095 1174 :
3134 1139 3152 1172 ι
3198 1118 3423 1175 Ubinam
3454 1130 3538 1176 est

1954 1212 2091 1267 Abel
2119 1212 2283 1269 frater
2310 1214 2537 1269 tuus"?
2569 1234 2587 1266 ι
2616 1212 2746 1282 quid
2784 1212 2886 1267 hac
2917 1211 2983 1266 dc
3014 1226 3071 1266 re
3096 1212 3334 1266 statuitis
3357 1212 3380 1264 ?
3402 1211 3535 1267 Nam

1956 1304 2001 1358 si
2039 1305 2202 1358 Deum
2230 1305 2571 1375 ignorantem
2596 1306 2697 1360 hoc
2719 1304 3090 1372 interrogasse
3116 1303 3332 1369 dicatis,
3363 1304 3537 1358 mani-

1956 1396 2151 1449 festam
2181 1395 2572 1466 blasphemiam
2599 1397 2705 1465 22
2718 1395 2769 1466 3
2792 1396 3099 1450 incnrretis.
3146 1393 3200 1450 Si
3221 1406 3401 1452 autent
3423 1397 3537 1451 sin-

1954 1488 2126 1559 gulari
2161 1491 2390 1546 consilio
2430 1490 2533 1547 hoc
2579 1492 2651 1545 ita
2684 1489 3130 1544 administratum
3160 1489 3401 1546 fatemini
3430 1510 3443 1546 :
3470 1505 3538 1545 ne

1957 1580 2107 1634 vobis
2149 1579 2393 1636 insolens
2416 1596 2481 1636 ac
2521 1581 2718 1634 mirum
2756 1580 3041 1645 videatur,
3066 1581 3111 1635 si
3155 1579 3390 1636 Verbum
3416 1580 3535 1645 Dei,

1956 1684 2053 1738 per
2077 1685 2235 1739 quem
2279 1671 2442 1725 etiant
2474 1681 2608 1726 tunc
2647 1671 3007 1738 interrogatio
3040 1672 3130 1725 Dei
3175 1671 3241 1726 ad
3270 1671 3534 1726 Adamum

1957 1768 2007 1814 et
2037 1759 2168 1814 Cain
2205 1760 2350 1815 facta
2384 1771 2491 1825 est,
2526 1763 2671 1817 bono
2707 1760 2936 1829 ntilique
2983 1761 3213 1817 consilio
3242 1761 3444 1817 dixerit
3476 1778 3537 1817 se

262 1847 399 1919 λέγῃ
428 1849 531 1920 τὴν
565 1849 780 1920 ἡμέραν
804 1850 879 1914 ὡς
918 1848 1224 1920 ἄνθρωπος,
1277 1850 1453 1903 καίτοι
1486 1850 1665 1904 πάντα
1700 1849 1855 1915 εἰδὼς

1960 1851 2173 1906 nescire
2234 1851 2386 1906 illum
2443 1853 2585 1907 diem
2631 1864 2689 1907 ut
2723 1852 2909 1918 homo,
2933 1852 3145 1907 tametsi
3181 1854 3363 1908 omnia
3395 1854 3538 1909 norit

262 1940 341 2004 ὡς
370 1941 536 2011 σοφία
561 1942 654 1994 τοῦ
684 1941 919 2012 Πατρός.

260 2054 474 2126 ΔΛᾼΟ,
502 2053 580 2126 δι’
615 2049 686 2126 οὗ
715 2053 1023 2108 δείκνυται
1067 2055 1278 2126 σαφῶς
1315 2055 1701 2126 οἰκονομικῶς
1729 2055 1862 2111 ἔσθ’

352 2123 455 2176 ὅτε
476 2123 591 2192 τὴν
613 2124 863 2194 ἄγνοιαν
904 2123 1413 2195 σχηματιζόμενος
1462 2130 1496 2182 ὁ
1513 2123 1765 2195 ’Σωτήρ

332 2237 471 2290 ’Ὅτε
496 2237 641 2291 κατά
663 2238 763 2308 τὴν
792 2238 998 2309 ἔρημον
1026 2240 1055 2292 6
1105 2240 1293 2310 Σωτὴρ
1344 2240 1678 2311 ἀποτρέφειν
1705 2234 1860 2292 ἐϐού-

260 2330 386 2381 λετο
407 2330 538 2392 τοὺς
563 2329 1035 2402 ἀκολουθήσαντας
1058 2331 1228 2403 αὐτῷ,
1245 2331 1393 2400 λέγει
1414 2332 1550 2403 πρὸς
1569 2331 1854 2385 Φίλιππον·

267 2439 286 2472 ι
300 2421 512 2483 Πόσους
525 2420 727 2492 ἄρτους
744 2422 897 2493 ἔχετε
922 2440 969 2489 ;t
998 2425 1094 2477 καὶ
1114 2422 1231 2478 ἔστι
1262 2425 1362 2494 μὲν
1380 2424 1456 2487 ὡς
1476 2422 1799 2493 ἀγνοοῦντος
1819 2423 1852 2493 ἠ

259 2510 563 2583 ἐρώτησις.
619 2513 1071 2585 Διαμαρτύρεται
1122 2513 1180 2567 δὲ
1230 2514 1579 2585 παραχρῆμα
1632 2514 1856 2582 λέγωνό

257 2605 659 2676 εὐαγγελιστής
683 2621 698 2636 ο
729 2623 748 2656 ι
781 2604 952 2659 Τοῦτο
969 2603 1029 2660 δὲ
1049 2606 1206 2675 ἔλεγε
1237 2606 1517 2677 πειράζων
1548 2606 1641 2660 τὸν
1668 2605 1855 2659 Φίλιπ-

259 2710 385 2748 πον
420 2695 586 2758 αὐτὸς
614 2695 722 2767 γὰρ
764 2696 881 2768 ᾔδει
929 2697 984 2750 τί
1035 2696 1231 2769 ἔμελλε
1277 2699 1470 2751 ποιεῖν.
1516 2714 1534 2748 ι
1582 2698 1645 2751 Εἰ
1674 2698 1853 2751 τοίνυν

256 2789 400 2859 ὅπερ
429 2788 623 2858 ἔμελλε
659 2791 833 2843 ποιεῖν
858 2790 1241 2859 ἐπιστάμενος,
1290 2790 1365 2853 ὠς
1410 2788 1622 2858 ἀγνοῶν
1642 2790 1851 2861 ἐρωτᾷ,

256 2878 311 2933 τί
341 2879 543 2933 κωλύει
572 2882 666 2934 καὶ
689 2880 785 2934 νῦν
803 2880 1076 2953 χρησίμου
1136 2881 1279 2944 τινὸς
1334 2881 1499 2935 ἕνεκα
1546 2884 1853 2952 συγχωρεῖν

258 2973 431 3045 αὐτῷ,
463 2972 537 3043 μὴ
576 2973 772 3027 εἰδέναι
803 2973 982 3043 λέγειν
1013 2973 1113 3045 τὴν
1135 2974 1349 3045 ἡμέραν
1402 2976 1498 3027 καὶ
1533 2975 1632 3045 τὴν
1660 2972 1848 3045 ὦραν;

259 3064 373 3117 Καὶ
405 3066 467 3118 οὑ
498 3064 825 3134 ψευδόμενος
861 3064 1018 3118 τοῦτό
1068 3082 1254 3137 φησιν·
1302 3066 1458 3129 εἰδὼς
1482 3066 1590 3137 γὰρ
1618 3065 1693 3129 ὡς
1719 3064 1851 3128 Θεὸς

259 3156 461 3224 Λόγος,
514 3156 738 3212 δυναται
789 3157 865 3220 ὡς
920 3157 1209 3228 ἄνθρωπος
1263 3159 1515 3228 ἀγνοεῖν,
1573 3158 1658 3212 ἵνα
1710 3157 1852 3212 κατά

259 3221 442 3305 πάντα
467 3252 580 3315 τοῖς
607 3251 855 3320 ἀδελφοῖς
884 3221 1147 3324 όμοιῶθῇ,
1191 3221 1342 3307 *κατά
1382 3253 1480 3324 τὴν
1502 3221 1605 3306 ’τοῦ
1636 3251 1852 3306 Παύλου
1880 3221 1924 3282 c‘

259 3342 472 3411 φωνήν.

261 3452 506 3526 Ἕξιεζς
533 3451 622 3517 τὸν
662 3452 856 3526 [Περὶ
883 3453 951 3526 ίέὲ
991 3453 1100 3523 τῆς
1150 3453 1375 3524 ἡμέρας
1411 3457 1508 3510 καὶ
1551 3457 1671 3526 τῆς
1699 3455 1857 3525 ὥρας

331 3522 577 3595 ἐκείῙ-ης
611 3521 811 3595 οὐδεὶς
864 3521 1057 3595 οἶδεν,
1100 3521 1239 3595 οὔτε
1260 3521 1318 3578 οὶ
1343 3521 1584 3595 ἄγγελοι
1612 3521 1853 3580 Itonos;

321 3591 553 3661 ρανῶν,
582 3592 718 3646 οὔτε
746 3596 779 3647 ό
805 3594 955 3661 Υἱός,
980 3597 1032 3648 εἰ
1051 3593 1138 3663 μὴ
1171 3597 1204 3649 ό
1227 3591 1440 3664 Πατὴρ
1464 3599 1674 3665 μόνος.
1719 3612 1736 3648 t

546 3709 844 3777 Πρότασις
869 3709 950 3775 ὡς
974 3709 1041 3762 ἐκ
1083 3708 1203 3763 τῶν
1236 3710 1567 3779 αΙρετικῶν.

332 3819 542 3886 Πάντα,
573 3821 757 3889 φασὶν,
790 3817 931 3875 οἶδεν
962 3823 990 3876 6
1015 3823 1229 3895 Πατὴρ,
1254 3823 1314 3877 οὐ
1350 3825 1525 3878 πάντα
1545 3824 1602 3877 δὲ
1622 3825 1651 3877 ό
1685 3826 1814 3889 Υἱὸς
1839 3868 1854 3894 ,

261 3914 409 3965 κατὰ
439 3910 539 3981 τὴν
572 3913 739 3966 αὑτοῦ
796 3915 1005 3984 φωνήν
1066 3914 1239 3988 ταύτῃ
1281 3913 1391 3985 γὰρ
1451 3914 1689 3985 μάλιστα
1719 3916 1856 3987 πρὸς

258 4003 543 4067 ἀπόδειξιν
565 4003 801 4075 χρῆσθαι
831 4004 1016 4060 καλόν.
1070 4006 1133 4059 El
1167 4006 1345 4059 τοίνυν
1397 4001 1505 4059 οἶδε
1543 4006 1642 4076 μὲν
1681 4006 1710 4058 6
1744 4008 1856 4059 Πα-

260 4093 371 4163 τὴρ
396 4092 498 4162 τὴν
561 4092 707 4163 ὤραν
754 4092 990 4165 ἐκείνην,
1022 4094 1208 4162 ἀγνοεί
1232 4094 1289 4147 δὲ
1329 4096 1359 4147 ό
1392 4095 1539 4159 Υἱὸς,
1593 4095 1711 4159 πῶς
1757 4095 1856 4165 τῆς

259 4187 440 4256 αὐτῆς
497 4187 651 4240 ἔσται
693 4186 908 4258 φύσεως
956 4187 1036 4258 τῷ
1096 4187 1273 4243 πάντα
1329 4188 1491 4244 εἰδότι
1523 4190 1553 4243 ό
1601 4187 1677 4261 μὴ
1734 4206 1854 4243 τοι·

258 4295 423 4342 ουτος
438 4295 453 4344 ;

759 4391 915 4459 Πρὸς
950 4392 1126 4446 τοῦτο
1171 4394 1372 4461 λύσις.

337 4506 404 4559 El
434 4505 511 4577 μὴ
549 4506 725 4560 πάντα
750 4501 891 4561 οῐδεν
929 4509 958 4560 6
997 4508 1144 4573 Υἱὸς,
1197 4508 1320 4561 καθ’
1358 4509 1525 4579 ὑμᾶς,
1556 4503 1601 4563 ὦ
1635 4527 1854 4581 χριστο-

1965 1954 2022 1997 ιιι
2046 1943 2307 2015 sapientia
2341 1944 2548 2000 Patris.

1964 2055 2190 2121 ALIUD,
2218 2074 2321 2125 quo
2374 2060 2666 2112 ostenditur
2718 2058 2971 2113 Servator
3001 2061 3263 2129 singulari
3315 2061 3537 2115 consilio

2208 2129 2471 2183 interdum
2496 2129 2852 2198 ignorantiam
2878 2147 2985 2198 prce
3006 2147 3060 2185 se
3086 2130 3288 2185 tulisse.

2031 2236 2170 2292 Cum
2220 2236 2479 2295 Servatur
2531 2240 2583 2293 in
2618 2240 2837 2295 deserto
2871 2241 3057 2294 turbas
3092 2240 3267 2309 ipsum
3321 2250 3539 2293 secutas

1957 2342 2182 2398 pascere
2198 2329 2381 2392 vellet.
2405 2338 2558 2400 rogat
2584 2330 2895 2401 Philippum
2928 2348 2943 2385 :
2972 2349 2990 2383 ι
3014 2332 3157 2398 Quot
3183 2346 3351 2401 panes
3373 2332 3537 2386 habe-

1961 2417 2073 2474 tis?
2107 2436 2127 2471 ι
2150 2433 2272 2488 quae
2310 2419 2532 2488 quidem
2573 2430 2658 2476 est
2704 2419 3065 2488 interrogatio
3113 2420 3435 2491 ignorantis.
3473 2422 3540 2477 At

1954 2509 2286 2580 evangelista
2353 2510 2536 2565 statim
2585 2510 2822 2580 adjicit:
2877 2531 2897 2563 ι
2948 2511 3059 2567 lloe
3101 2511 3276 2579 dixit,
3326 2522 3540 2569 teutaus

1958 2596 2297 2668 Philippum;
2320 2600 2530 2655 sciebat
2551 2601 2693 2655 enim
2720 2601 2836 2669 ipse
2850 2601 2976 2671 quid
3004 2601 3247 2657 facturus
3270 2611 3413 2658 esset
3432 2604 3533 2659 ".t

1958 2687 2017 2745 Si
2064 2704 2195 2761 ergo
2233 2691 2416 2747 sciens
2460 2692 2591 2762 quid
2640 2691 2881 2748 facturus
2926 2703 3091 2759 esset,
3138 2693 3437 2761 interrogat
3481 2706 3539 2750 ut

1955 2783 2218 2853 ignorans
2243 2801 2256 2837 :
2282 2785 2410 2853 quid
2448 2785 2675 2853 impedit
2709 2786 3004 2855 quominus
3043 2785 3209 2841 etiam
3252 2802 3394 2843 nunc
3429 2789 3538 2842 uti-

1956 2873 2126 2930 litatis
2154 2874 2383 2944 alicujus
2414 2891 2577 2931 causa
2612 2892 2723 2947 prae
2753 2892 2811 2932 se
2841 2876 2979 2933 ferat
2998 2892 3056 2933 se
3084 2881 3293 2934 nescire
3318 2880 3458 2935 diem
3486 2891 3541 2935 et

1958 2966 2167 3022 horam.
2218 2967 2406 3039 Neque
2465 2969 2608 3025 enim
2658 2969 2793 3025 false
2820 2970 2922 3025 hoc
2959 2969 3133 3025 dicit:
3171 2971 3349 3026 sciens
3370 2972 3537 3036 enim,

1955 3066 2015 3111 ut
2059 3057 2203 3115 Deus
2232 3058 2492 3126 Verbum,
2528 3070 2706 3131 potest
2748 3072 2806 3116 ttt
2847 3061 3010 3117 homo
3043 3062 3322 3131 ignorare,
3352 3073 3409 3116 ut
3441 3076 3538 3130 per

1956 3150 2139 3205 omnia
2176 3150 2438 3209 fratribus
2472 3152 2566 3209 fiat
2594 3154 2810 3220 similis,
2846 3164 2903 3210 ut
2932 3154 3135 3211 Paulus
3166 3154 3403 3225 loquitur
3432 3155 3498 3209 θ’.

1956 3452 2139 3507 Adhuc
2176 3452 2229 3505 in
2262 3452 2440 3507 idem:
2477 3474 2495 3505 ι
2534 3452 2608 3508 De
2637 3454 2722 3509 die
2768 3454 2863 3508 illa
2913 3463 2962 3508 et
2997 3454 3129 3506 liora
3175 3467 3325 3506 nemo
3359 3452 3539 3514 novit;

2027 3539 2193 3645 Ἰςᾶιιιὲῗ
2252 3525 2425 3643 angeli
2476 3528 2744 3588 cwlorum,
2794 3541 2957 3593 neque
3007 3520 3209 3590 Filius,
3258 3523 3348 3576 sed
3398 3522 3542 3576 solus

2415 3705 2653 3775 Objectio
2682 3705 3073 3760 qureticorum.

2028 3817 2245 3882 Omnia,
2300 3817 2571 3888 inquiunt,
2628 3818 2778 3873 novit
2819 3818 3003 3886 Pater,
3056 3819 3153 3874 sed
3206 3833 3311 3872 non
3354 3819 3541 3873 omnia

1959 3909 2147 3971 Filius,
2204 3918 2263 3964 ut
2317 3910 2552 3980 ipsemet
2598 3912 2711 3966 ait:
2772 3926 2895 3965 nam
2946 3910 3117 3980 ipsius
3169 3909 3545 3964 testimonium

1956 4000 2221 4069 optimum
2251 4000 2431 4056 estad
2477 4002 2581 4056 hoc
2623 4001 3126 4056 demonstrandum.
3161 3999 3216 4053 Si
3253 4014 3383 4069 ergo
3434 3998 3538 4052 Pa-

1959 4102 2043 4147 ter
2071 4093 2221 4147 novit
2268 4092 2414 4147 illam
2445 4094 2659 4159 horam,
2691 4093 2909 4163 ignorat
2943 4102 3124 4146 autem
3167 4091 3358 4157 Filius,
3391 4106 3533 4160 quo-

1965 4182 2126 4238 modo
2152 4185 2258 4238 erit
2290 4184 2531 4253 ejusdem
2569 4194 2780 4238 natura:
2810 4198 2932 4239 cum
2969 4197 3036 4240 eo
3066 4183 3164 4253 qui
3207 4182 3389 4239 omnia
3437 4197 3535 4237 no-

1958 4274 2053 4339 vit,
2086 4275 2131 4331 is
2162 4277 2251 4345 qui
2281 4277 2487 4348 aliquid
2517 4275 2768 4346 ignorat?

2457 4387 2666 4442 Salutio
2710 4386 2772 4442 ob
2776 4385 3040 4456 iectionis.

2034 4502 2114 4566 Si,
2161 4502 2314 4572 juxta
2373 4511 2633 4564 vestram,
2693 4501 2877 4555 hostes
2923 4498 3150 4567 Christi,
3201 4498 3544 4570 Opinionem,

264 4600 463 4671 μάχαι,
490 4597 783 4668 ψεύδεσθαι
812 4598 991 4667 λέγειν
1049 4599 1265 4671 ἀνάγκη
1311 4600 1411 4665 τὰς
1437 4601 1588 4665 θείας
1612 4602 1854 4674 Γραφάς,

1963 4594 2133 4649 Filius
2175 4609 2279 4647 non
2332 4592 2515 4647 omnia
2567 4591 2755 4659 novit,
2796 4606 3021 4646 necesse
3078 4600 3160 4648 est
3215 4601 3275 4646 ut
3326 4607 3544 4647 sacram

261 4690 493 4748 καὶτῶν
515 4690 687 4759 ἁγίων
744 4691 1254 4762 καταθρασὺνεσθαι
1309 4693 1576 4763 λεγόντων
1606 4713 1671 4748 πε
1683 4696 1735 4768 pl.
1763 4696 1859 4749 αὐ-

262 4781 385 4834 τοῦ’
422 4781 549 4834 [Ὀ
593 4779 751 4846 εἰδὼς
771 4781 840 4835 τά
863 4781 1048 4837 πάντα.
1098 4784 1228 4852 πρὶν
1280 4786 1547 4853 γενέσεως
1598 4787 1798 4841 αὐτῶν.
1830 4806 1851 4839 3

263 4874 381 4928 Καὶ
406 4873 518 4945 γὰρ
545 4874 605 4926 ὲν
653 4876 769 4937 τοῖς
825 4874 1016 4930 πᾶσιν
1037 4875 1155 4928 ἐστὶ
1185 4876 1277 4929 καὶ
1307 4878 1340 4948 ἡ
1398 4878 1495 4949 τῆς
1544 4878 1856 4943 συντελείας

263 4965 473 5037 ἡμέρα·
505 4964 660 5020 οὐδὲν
683 4966 791 5038 γὰρ
828 4966 934 5032 ἔξω
975 4968 1191 5021 κεῖσθαι
1223 4967 1286 5021 τὸ
1311 4970 1510 5023 πάντα
1554 4973 1852 5041 συγχωρεῖ.

265 5059 331 5111 El
351 5057 409 5110 δὲ
434 5056 643 5129 ταύτην
671 5058 858 5126 ἀγνοεί
878 5060 906 5112 6
927 5059 1075 5123 Υἱὸς,
1095 5059 1211 5124 πῶς
1232 5056 1340 5114 οἶδε
1362 5062 1430 5115 τὰ
1450 5060 1627 5115 πάντα
1649 5079 1663 5128 ;
1696 5062 1853 5115 Ἀλλά

264 5148 351 5201 δεῖ
372 5149 590 5213 πάντως
608 5148 708 5212 τὰς
740 5150 850 5203 τῶν
879 5150 1052 5219 ἁγίων
1090 5151 1310 5222 ἀληθεῖς
1343 5147 1481 5206 εἶναι
1504 5152 1709 5221 φωνάς.
1747 5154 1859 5207 Καὶ

263 5234 376 5291 οἶδε
406 5238 477 5292 τὰ
504 5239 684 5293 πάντα
711 5241 740 5293 6
771 5241 918 5305 Υἱός.
954 5242 1017 5295 Εἰ
1036 5241 1080 5296 δ’
1108 5244 1166 5296 ὲν
1190 5245 1303 5306 τοῖς
1326 5245 1491 5297 πᾶσιν
1521 5244 1731 5315 ἀνάγκη
1759 5247 1857 5299 καὶ

262 5331 327 5383 τὸ
375 5329 529 5395 τέλος
568 5335 731 5396 νοεῖν,
774 5333 1002 5401 μάταιον
1051 5334 1207 5405 ἡμῶν
1252 5336 1625 5407 ἀναπέφανται
1676 5338 1738 5392 τὸ
1768 5338 1857 5391 σό-

261 5439 471 5492 φισμα.
511 5425 799 5495 Οἰκονομεί
817 5425 924 5497 γάρ
956 5443 1036 5480 τοι
1072 5427 1327 5497 Χριστὸς,
1357 5430 1432 5500 μὴ
1461 5430 1661 5485 εἰδέναι
1683 5430 1857 5499 λέγων

260 5512 369 5583 τὴν
399 5512 551 5585 ὥραν
580 5516 817 5585 ἐκείνην,
845 5516 937 5569 καὶ
969 5518 1069 5572 οὐκ
1095 5518 1312 5590 ἀληθῶς
1336 5522 1537 5589 ἀγνοεῖ.

350 5840 394 5869 ⁹⁶⁴
436 5837 571 5894 Gen.
603 5855 683 5907 ιιι,
711 5842 760 5896 9.
839 5842 883 5874 ³⁷
907 5842 1040 5898 Gen.
1084 5858 1156 5908 tv,
1200 5845 1249 5899 9.
1332 5846 1373 5875 ³⁸
1407 5845 1575 5903 Marc.
1613 5865 1684 5917 γι,
1721 5844 1854 5917 58,1

1958 5876 1983 5910 ι,
2026 5868 2098 5918 γι,
2135 5853 2186 5917 εἳ,
2220 5851 2269 5903 6.

1964 4686 2303 4755 Scripturam
2342 4683 2559 4740 mentiri
2602 4682 2846 4739 dicamus
2872 4722 2888 4750 ,
2945 4685 3261 4755 sanctisque
3299 4684 3542 4756 refrage-

1963 4794 2086 4834 tuur
2123 4777 2467 4833 dicentibus:
2506 4796 2524 4828 ι
2564 4776 2665 4843 Qui
2714 4777 2863 4832 novit
2910 4777 3095 4832 omnia
3148 4788 3275 4833 ante
3309 4793 3542 4848 genera-

1960 4872 2161 4926 tionem
2209 4870 2452 4939 ipsoruut
2495 4869 2534 4922 ³.
2575 4887 2593 4919 t
2631 4867 2862 4924 Nomine
2907 4869 3051 4923 enim
3086 4870 3344 4933 omnium,
3371 4869 3542 4924 etiam

1959 4961 2077 5017 dies
2107 4960 2593 5017 consummationis
2637 4960 2990 5014 continetur:
3041 4974 3167 5014 nam
3217 4974 3340 5014 cum
3394 4959 3535 5013 dici-

1964 5068 2081 5106 mus
2115 5054 2329 5116 omnia,
2365 5051 2497 5106 nihil
2537 5052 2898 5107 cxcludimus.
2949 5051 3006 5106 Si
3044 5066 3176 5106 vero
3213 5052 3355 5105 diem
3400 5052 3541 5106 hanc

1962 5144 2176 5213 ignorat
2235 5144 2426 5208 Filius,
2476 5144 2747 5214 quomodo
2794 5145 2947 5199 novit
2995 5143 3228 5199 omnia?
3264 5143 3538 5198 Caeterum

1963 5249 2183 5291 necesse
2205 5236 2426 5291 omnino
2459 5247 2518 5291 ut
2547 5236 2724 5291 sancti
2771 5252 2900 5292 vera
2937 5235 3303 5306 prmdicarint.
3342 5234 3411 5290 Et
3445 5234 3538 5290 Fi-

1961 5328 2064 5383 lius
2094 5328 2276 5381 omnia
2328 5328 2497 5382 novit.
2547 5326 2604 5382 Si
2639 5342 2768 5382 vero
2799 5326 2853 5381 iu
2889 5326 3146 5381 omnibus
3186 5341 3411 5383 necesse
3455 5335 3542 5383 est

1960 5419 2123 5473 etiam
2152 5420 2309 5472 linem
2344 5419 2726 5486 comprehendi
2751 5436 2765 5473 :
2795 5433 2989 5474 vanum
3021 5427 3168 5474 certe
3189 5427 3276 5474 est
3296 5427 3543 5475 vestrum

1961 5521 2345 5567 commentum.
2399 5509 2651 5567 Christus
2679 5510 2822 5565 enim
2858 5509 3405 5593 singulariaconsilio
3438 5508 3541 5565 hoc

1958 5603 2108 5669 facit,
2141 5604 2283 5671 quod
2313 5617 2371 5657 se
2415 5603 2604 5658 horam
2638 5603 2785 5658 illam
2830 5604 3040 5660 nescire
3073 5594 3228 5670 dicit,
3295 5617 3424 5659 vere
3459 5611 3539 5656 ta-

1957 5711 2079 5749 men
2111 5710 2215 5750 non
2251 5694 2484 5765 ignorat.

2353 5852 2394 5880 9“
2426 5848 2586 5905 llcbr.
2623 5864 2685 5916 tt,
2718 5848 2801 5906 17.
2887 5851 2900 5883 ⁸
2934 5849 3071 5908 Dan.
3111 5865 3230 5918 xm,
3264 5842 3353 5903 42.

2062 6064 2093 6083 κ
