4124 6560
629 402 735 465 579

1179 518 1344 591 224
1381 519 1614 577 ALIUD.

703 628 760 683 Si
793 626 993 684 Paulus
1040 643 1169 686 vere
1196 632 1264 687 de
1295 631 1431 687 Filio
1458 633 1659 704 dicitr,
1693 635 1835 704 quod
1861 636 2042 691 omnia
2095 638 2204 693 sint

628 724 771 774 nuda
823 732 989 792 atque
1037 737 1221 793 aperta
1272 726 1323 779 in
1353 738 1642 795 conspectu
1676 728 1811 794 ejus,
1862 744 2025 783 unum
2072 745 2202 785 vero

628 814 875 867 omnium
904 824 990 869 est
1015 816 1178 870 etiam
1211 816 1341 871 hora
1368 817 1478 881 illa,
1505 820 1774 887 quomodo
1806 819 1951 873 illam
1988 819 2201 889 ignorat

628 903 674 956 is
726 903 780 956 in
839 904 990 975 cujus
1039 916 1330 976 conspectu
1388 917 1516 962 sunt
1575 909 1757 963 omnia
1828 910 1969 965 nuda
2036 919 2199 980 atque

629 1002 841 1063 aperta.

1288 1110 1516 1167 ALIUD.

695 1218 755 1274 Si
782 1220 918 1274 citra
950 1219 1340 1289 blasphemiam
1389 1222 1715 1278 existimatis
1759 1224 1864 1280 dici
1912 1241 2071 1296 posse
2100 1229 2191 1283 Fi-

623 1309 754 1363 lium
788 1311 988 1379 aliquid
1021 1326 1207 1365 eorum
1259 1328 1379 1379 qua:
1411 1315 1992 1387 exsistuntignorare;
2026 1320 2098 1375 ita
2133 1336 2191 1376 se

624 1415 730 1466 res,
755 1403 1049 1454 secundum
1080 1416 1196 1466 vos,
1229 1403 1424 1458 habeat
1452 1423 1465 1459 :
1496 1405 1590 1459 sed
1616 1407 1891 1463 videamus
1916 1424 1983 1464 an
2008 1421 2189 1467 vestra

618 1504 717 1544 vos
754 1490 900 1545 fallat
946 1491 1161 1559 opinio,
1201 1503 1367 1562 atque
1409 1508 1473 1548 ex
1520 1496 1632 1564 ipsa
1683 1513 1741 1552 re
1783 1501 2188 1558 consideremus

594 1596 780 1650 quam
808 1583 1173 1639 imbecillibus
1208 1587 1531 1652 rationibus,
1564 1588 1731 1643 veluti
1767 1592 2063 1648 arundineo
2092 1593 2186 1648 ba-

616 1674 761 1739 culo,
808 1676 1137 1732 innitamini.
1199 1678 1382 1734 Solam
1436 1682 1581 1735 illam
1636 1684 1775 1737 diem
1830 1684 2083 1753 ignorare
2126 1706 2185 1745 se

616 1766 754 1818 dixit
785 1764 957 1823 Filius
988 1786 1000 1821 :
1035 1784 1164 1839 ergo
1210 1771 1256 1824 si
1308 1772 1478 1826 solam
1526 1775 1663 1829 hanc
1705 1774 1994 1846 ignoravit,
2036 1780 2185 1835 novit

1621 409 1682 466 S.
1721 408 1993 465 CYRILLI
2028 409 2496 468 ALEXANDRINI
2536 408 2855 466 ARCIIIEP.

2230 530 2277 586 A

3779 412 3887 469 580

3001 524 3203 578 ΛΑΜ.
3270 522 3271 525 “

2376 636 2439 689 Εἰ
2458 636 2713 707 ἀληθεύει
2743 635 2918 704 λέγων
2937 636 2965 689 6
2991 634 3224 700 Παῦλος,
3253 635 3338 688 ὅτι
3365 635 3543 691 πάντα
3576 639 3757 709 γυμνά
3788 641 3885 694 καὶ⁵

2300 727 2769 798 τετραχηλισμένα
2825 725 3056 782 ἐνώπιον
3113 726 3277 779 αὐτοῦ
3336 728 3475 791 ἐστι,
3511 730 3641 797 περί
3688 730 3744 783 δὲ
3788 730 3883 785 τοῦ

2300 818 2429 872 Υἱοῦ
2448 819 2688 889 δηλονότι
2719 819 2900 889 φησὶν,
2926 818 2983 870 ἓν
3028 819 3085 871 δὲ
3121 818 3228 872 τῶν
3278 819 3495 873 πάντων
3536 822 3629 874 καὶ
3684 824 3716 891 ἡ
3766 822 3883 893 ὥρα

2298 909 2503 978 ἐκείνη,
2533 908 2651 972 πῶς
2680 909 2865 977 ἀγνοεῖ
2885 908 3089 979 ταύτην
3119 910 3146 962 6
3193 910 3251 962 ἐν
3308 909 3607 981 ὀφθαλμοῖς
3627 910 3765 983 ἔχων
3815 914 3883 966 τὰ

2299 996 2474 1051 πάντα
2494 997 2961 1069 τετραχηλισμένα
2982 1014 2996 1063 ;
3060 1020 3063 1023 ν

2993 1108 3193 1163 AAAO.

2363 1218 2427 1270 Εἰ
2458 1218 2538 1289 μὴ
2552 1218 2833 1290 δύσφημον
2860 1215 2997 1272 εῖναι
3028 1219 3312 1273 πιστεύετε
3351 1221 3413 1274 τὸ
3456 1222 3637 1291 λέγειν
3680 1225 3880 1296 ἠγνοη-

2295 1307 2446 1362 κέναι
2479 1327 2532 1362 τι
2553 1310 2659 1363 τῶν
2686 1310 2853 1363 ὄντων
2880 1310 2970 1363 τὸν
2998 1310 3145 1373 Υἰδν,
3182 1311 3372 1381 ἐχέτω,
3414 1314 3536 1366 καθ’
3571 1314 3743 1384 ὑμᾶς,
3782 1315 3879 1368 καὶ

2292 1398 2485 1462 οὕτως.
2528 1400 2667 1452 Ἀλλ’
2698 1400 2927 1470 εἰδῶμεν
2984 1401 3032 1452 εἰ
3076 1401 3149 1469 μὴ
3192 1400 3494 1470 σφάλλεσθε
3534 1402 3602 1454 τὰ
3648 1402 3877 1456 τοιαῦτα

2293 1491 2616 1562 φρονοῦντες
2670 1493 2799 1562 περὶ
2852 1491 3035 1545 αὐτοῦ’
3073 1493 3130 1559 ἐξ
3178 1494 3342 1546 αὐτοῦ
3400 1493 3751 1564 θεωρήσομεν
3780 1494 3875 1548 τοῦ

2292 1584 2637 1653 πράγματος,
2668 1585 2715 1636 εἰ
2749 1584 2821 1654 μὴ
2851 1584 3209 1654 σαθροτάταις
3238 1584 3462 1648 ἐννοίαις
3498 1586 3869 1656 ἐπερείδεσθε,

2292 1673 2597 1743 καλαμίνην
2626 1673 2814 1744 ὥσπερ
2843 1675 3053 1737 ἑαυτοῖς
3097 1674 3390 1738 ὑποθέντες
3424 1676 3521 1746 τὴν
3547 1674 3872 1745 βακτηρίαν.

2288 1763 2474 1835 Μόνην
2496 1764 2664 1834 ἔφησε
2716 1764 2812 1835 τὴν
2848 1766 3065 1837 ἡμέραν
3114 1766 3331 1836 ἐκείνην
3382 1766 3594 1834 ἀγνοεῖν
3645 1768 3673 1819 6
3718 1766 3871 1830 Υἱός·

613 1865 765 1911 certe
795 1860 930 1914 alias
956 1878 970 1925 ;
1013 1862 1162 1929 atqui
1199 1863 1250 1915 in
1280 1862 1363 1917 his
1390 1865 1553 1918 etiam
1579 1867 1683 1920 erit
1710 1883 1827 1937 quae
1871 1868 2014 1923 illam
2046 1888 2173 1940 prte-

2282 1855 2478 1909 οὐκοῦν
2503 1860 2550 1910 εἰ
2583 1858 2748 1927 μόνην
2783 1857 2996 1927 ἐκείνην
3040 1858 3240 1926 ἀγνοεῖ,
3276 1853 3385 1910 οἶδε
3444 1857 3542 1920 τὰς
3573 1856 3759 1920 ἄλλας·
3814 1860 3875 1913 ἐν

613 1949 800 2004 cessit.
845 1950 915 2004 At
960 1952 1005 2005 si
1047 1966 1165 2006 eam
1200 1968 1318 2020 quae
1368 1957 1643 2023 praecessit
1696 1959 1861 2024 novit,
1910 1961 2173 2029 quomodo

2290 1948 2346 2001 δὲ
2373 1948 2596 2011 ταύταις
2627 1950 2719 2002 καὶ
2742 1950 2775 2019 ἡ
2803 1949 2907 2020 πρὸ
2935 1950 3103 2018 αὐτῆς
3126 1949 3388 2001 κείσεται.
3448 1948 3556 2001 Καὶ
3587 1948 3704 2012 πῶς
3732 1950 3763 2002 6
3792 1950 3874 2002 ei-

612 2054 722 2095 non
765 2042 973 2096 noverit
1013 2044 1159 2113 quod
1206 2045 1350 2099 illam
1380 2063 1539 2116 quam
1577 2049 1748 2113 novit,
1778 2050 1866 2103 illa
1894 2067 2079 2121 quam,
2122 2062 2173 2108 ul

2287 2038 2393 2102 δὼς
2416 2040 2514 2109 τὴν
2545 2039 2651 2110 πρὸ
2677 2039 2868 2109 αὐτῆς,
2912 2040 3011 2093 οὐκ
3055 2034 3195 2092 οἶδεν
3219 2040 3301 2093 ὅτι
3361 2036 3480 2109 μεθ’
3509 2038 3576 2109 ἣν
3604 2035 3742 2092 οἶδεν
3778 2040 3874 2093 εὐε-

610 2146 712 2188 vos
742 2132 949 2197 dicitis,
987 2150 1093 2189 non
1139 2137 1311 2199 novit,
1347 2148 1624 2207 sequatur.
1652 2139 1881 2196 Perinde
1907 2145 2049 2198 enim
2079 2147 2173 2202 hoc

2289 2126 2385 2191 θὺς
2409 2130 2441 2199 ἡ
2468 2129 2802 2198 ἁγνοουμένη
2832 2128 2952 2182 καθ’
2977 2129 3121 2198 ὑμᾶς
3151 2127 3445 2193 εἰσϐαίνει;
3488 2128 3716 2198 Ὅμοιον
3756 2130 3871 2200 γὰρ

2287 2219 2477 2291 ὥσπερ
2504 2220 2558 2273 ετ
2601 2238 2687 2283 τις
2727 2220 2872 2288 λέγοι
2925 2220 2999 2292 μὴ
3047 2220 3246 2274 εἰδέναι
3280 2220 3376 2273 τὸν
3423 2220 3554 2273 δέκα
3600 2220 3870 2291 ἀριθμὸν,

2287 2312 2444 2366 ποίαν
2476 2312 2589 2382 ἔχει
2618 2312 2713 2383 τὴν
2740 2311 2909 2376 θέσιν,
2940 2312 3066 2375 τοὺς
3101 2311 3309 2375 εἰδότας
3329 2312 3420 2364 τὸν
3444 2311 3626 2367 ἐννέα.
3662 2311 3873 2383 Πρόδηπ·

2284 2400 2374 2455 λον
2395 2402 2501 2473 γὰρ
2527 2403 2609 2454 ὅτι
2645 2401 2783 2471 μετὰ
2808 2401 2897 2455 τὸν
2932 2401 3090 2455 ἐννέα
3138 2404 3167 2454 6
3192 2401 3323 2454 δέκα
3357 2402 3598 2455 κείσεται
3626 2402 3867 2467 πάντως.

2283 2494 2347 2547 Εἰ
2372 2494 2550 2547 τοίνυν
2568 2490 2674 2547 οἵδε
2700 2494 2799 2565 τὴν
2834 2493 2940 2564 πρὸ
2993 2493 3184 2564 αὐτῆς,
3221 2492 3338 2557 πῶς
3383 2493 3485 2546 οὐκ
3516 2492 3723 2548 εἴσεται
3774 2495 3871 2548 καὶ

2281 2587 2483 2657 αὑτήν;
2508 2586 2631 2649 Πῶς
2656 2588 2683 2639 6
2701 2585 2936 2639 τοσαῦτα
2959 2588 3159 2656 σημεῖα
3192 2584 3300 2655 πρὸ
3319 2583 3413 2637 τοῦ
3434 2585 3622 2645 τέλους
3646 2584 3871 2640 ἔσεσθαι

2280 2678 2471 2747 λέγων,
2503 2677 2602 2731 οὐκ
2626 2674 2766 2731 οἶδεν
2791 2679 2872 2731 ὅτι
2898 2677 3034 2747 μετά
3076 2676 3144 2731 τὰ
3174 2680 3375 2747 σημεῖα
3407 2676 3469 2730 τὸ
3493 2676 3647 2740 τέλος
3673 2695 3689 2743 ;
3715 2678 3869 2730 Παν-

2280 2769 2505 2839 ταχόθεν
2532 2768 2821 2838 τοιγαροῦν
2852 2769 3066 2837 ἀνόητοι
3092 2767 3463 2838 δειχθήσεσθε,
3487 2767 3586 2837 τῆς
3611 2768 3872 2837 ἀληθείας

2278 2859 2583 2931 τολμῶντες
2604 2859 3056 2929 καταψεύδεσθαι.
3082 2854 3204 2912 Οἷδε
3228 2859 3433 2932 γὰρ.τά
3470 2861 3690 2915 πάνταό
3712 2862 3869 2927 Υἱὸς,

2279 2948 2381 3004 κᾶν
2408 2949 2763 3021 οἰκονομικῶς
2782 2950 2996 3019 ἀγνοεῖν
3024 2967 3077 3002 τι
3104 2949 3259 3022 λέγῃ.

613 2230 699 2275 est
724 2237 788 2276 ac
819 2223 864 2276 si
891 2224 1013 2292 quis
1038 2223 1205 2291 dicat,
1226 2226 1456 2294 aliquem
1482 2228 1733 2296 ignorare
1750 2230 1961 2300 qualem
1984 2233 2179 2288 delini-

614 2314 817 2367 tionem
856 2315 1053 2369 habeat
1077 2331 1338 2373 numerus
1366 2320 1643 2385 denarius,
1671 2322 1764 2390 qui
1790 2324 1934 2377 norit
1961 2340 2175 2384 novem.

610 2403 954 2461 Manifestum
981 2407 1121 2460 enim
1158 2419 1242 2461 est
1276 2410 1457 2464 statim
1493 2421 1615 2480 post
1655 2427 1843 2468 novem
1889 2416 2042 2485 sequi
2083 2418 2176 2472 de-

607 2511 746 2550 cem.
779 2496 833 2550 Si
862 2512 992 2567 ergo
1024 2499 1161 2553 diem
1204 2501 1353 2554 novit
1376 2517 1495 2570 quae
1519 2505 1865 2559 novissimam
1899 2509 2172 2577 przecedit,

605 2601 711 2653 quo
740 2595 898 2654 pacto
929 2588 1094 2655 ipsam
1130 2588 1294 2643 etiam
1327 2594 1681 2647 novissimam
1715 2610 1818 2648 non
1851 2597 2035 2651 norit?
2066 2600 2176 2653 Aut

604 2676 899 2745 quomodo,
931 2679 1021 2747 qui
1066 2687 1213 2733 tanta
1259 2682 1411 2750 signa
1443 2682 1604 2737 ﬁnem
1640 2700 1976 2754 praecessura
2015 2690 2174 2755 dixit,

603 2768 811 2823 nesciat
838 2778 954 2837 post
986 2770 1077 2824 illa
1105 2771 1259 2840 signa
1290 2774 1436 2827 edita
1473 2776 1632 2829 linem
1668 2776 1950 2833 futurum?
1984 2781 2174 2836 Unde-

603 2874 818 2928 quaque
853 2860 1018 2930 igitur
1048 2872 1232 2916 vestra
1271 2866 1484 2921 inscitia
1513 2882 1573 2921 se
1604 2869 1804 2937 prodit,
1830 2870 1920 2940 qui
1957 2873 2173 2928 veritati

604 2965 907 3021 repugnare
931 2968 1037 3007 non
1062 2956 1349 3013 veremini.
1377 2956 1574 3012 Omnia
1612 2961 1757 3013 enim
1807 2962 1955 3037 novit
1982 2961 2170 3032 Filius,

603 3042 820 3098 tametsi
849 3042 1113 3114 singulari
1142 3046 1371 3104 consilio
1404 3048 1655 3118 ignorare
1686 3065 1747 3106 se
1789 3052 1954 3109 dicat.

875 3174 1449 3269 ASSEBTIO
1518 3182 1895 3271 XXIII.

600 3324 669 3384 In
697 3326 852 3389 illud,
887 3344 907 3377 ι
945 3323 1112 3380 Pater
1157 3336 1296 3380 amat
1354 3326 1579 3393 Filium,
1625 3341 1674 3383 et
1717 3334 1896 3385 omnia
1928 3333 2073 3387 dedit
2116 3334 2174 3389 in

673 3413 833 3450 manu
860 3396 973 3464 ejus
1002 3396 1041 3450 ³.
1081 3415 1099 3447 ι
1124 3397 1191 3449 Et
1223 3399 1277 3450 in
1312 3397 1486 3452 illud:
1522 3418 1539 3450 t
1572 3398 1767 3454 Omnia
1811 3403 1938 3455 mihi
1972 3406 2173 3458 tradita

671 3477 788 3538 sunt
821 3483 852 3519 a
882 3465 1042 3538 Patre
1066 3465 1106 3518 δ.
1132 3486 1150 3517 ι
1186 3466 1250 3518 Et
1292 3468 1348 3538 in
1388 3467 1560 3522 illud:
1598 3486 1616 3538 ι
1656 3468 1777 3523 Non
1806 3488 2017 3538 possum
2041 3492 2071 3526 a
2092 3489 2174 3527 me

672 3535 850 3608 facere
876 3536 1159 3608 quidquam
1184 3551 1202 3608 ς
1228 3537 1318 3608 sed
1346 3538 1478 3591 sicut
1510 3535 1892 3608 audio,judico
1912 3544 1972 3608 ';
1996 3560 2017 3595 ι
2048 3544 2173 3598 etin

668 3607 776 3661 alia
799 3605 944 3660 dicta
981 3607 1063 3659 his
1085 3606 1302 3659 simiIia.

1056 3782 1292 3852 Objectio
1322 3784 1711 3841 hereticorum.

666 3918 776 3974 Sed
807 3916 1100 3985 quomodo,
1136 3917 1406 3986 inquiunt,
1448 3920 1620 3986 possit
1660 3921 1830 3977 Filius
1870 3924 2167 3980 secundum

596 4008 887 4064 essentiam
920 4006 1112 4061 similis
1140 4022 1260 4062 esse
1290 4007 1462 4073 Patri,
1492 4009 1587 4079 qui
1625 4011 1759 4066 dicit
1795 4026 1854 4067 se
1885 4015 2168 4083 accepisse

596 4098 780 4154 omnia
810 4113 840 4151 a
874 4097 1081 4151 Patre?
1109 4096 1243 4152 Nam
1271 4100 1362 4168 qui
1391 4100 1576 4168 habet,
1610 4117 1712 4155 non
1749 4105 1963 4172 accipit.
2005 4107 2165 4179 225

596 4192 727 4245 Cum
751 4204 883 4246 vero
905 4199 1163 4260 appareat
1188 4205 1310 4245 cum
1335 4192 1632 4262 accepisse,
1658 4203 1714 4248 ut
1744 4195 1975 4264 ipsemet
1996 4209 2165 4253 testa-

595 4288 685 4335 tur
716 4322 734 4349 ,
788 4280 1134 4337 manifestum
1190 4291 1272 4337 est
1319 4297 1443 4338 eum
1528 4283 1665 4339 nihil
1711 4285 1913 4344 habere
1965 4306 2031 4346 ex
2079 4304 2168 4345 se—

592 4372 735 4443 ipso.

1081 4482 1291 4539 Salutio
1324 4483 1657 4555 abjectionis.

2199 3218 2247 3280 C

2750 3155 3115 3245 ΛΟΓΟΣ
3190 3148 3383 3243 ΚΓ.

2273 3316 2376 3383 Εἰς
2406 3315 2494 3382 τὸ,
2533 3335 2552 3367 ‹
2602 3318 2657 3369 '0
2694 3317 2895 3384 Πατὴρ
2917 3314 3121 3385 ἀγαπᾷ
3157 3315 3265 3369 τὸν
3308 3315 3469 3378 Υιὸν,
3521 3314 3619 3370 καὶ
3662 3328 3870 3373 παν-τα

2346 3386 2605 3445 δέδωκεν
2666 3386 2735 3440 ἐν
2788 3386 2863 3455 τῇ
2920 3387 3071 3455 χειρί
3127 3385 3353 3455 αὑτοῦ.
3385 3405 3402 3437 ι
3470 3387 3575 3439 Καὶ
3627 3389 3716 3455 εἰς
3754 3388 3866 3452 τὸ,

2352 3475 2371 3507 ι
2401 3456 2602 3510 Πάντα
2634 3473 2734 3525 μοι
2772 3454 3068 3523 παρεδόθη
3116 3456 3234 3525 ὑπὸ
3262 3454 3368 3508 τοῦ
3401 3457 3631 3522 Πατρός
3663 3474 3809 3524 μου.
3842 3476 3861 3508 ι

2343 3526 2455 3579 Καὶ
2484 3528 2571 3591 εἰς
2604 3526 2690 3589 τὸ,
2723 3546 2745 3595 «ν
2772 3529 2858 3579 Οὐ
2871 3526 3125 3595 δύναμαι
3134 3524 3250 3595 ἐγὼ
3268 3526 3368 3579 ἀπ’
3385 3525 3646 3593 ἐμαυτοῦ
3668 3526 3870 3579 ποιεῖν

2344 3587 2561 3649 οὐδέν(
2602 3587 2764 3648 ἀλλὰ
2816 3587 3271 3661 καθὼιίάκὸῦω,
3328 3587 3528 3663 κρίνω*
3564 3615 3582 3647 ι
3617 3595 3716 3649 καὶ
3743 3596 3867 3649 ὅσα

2339 3666 2573 3732 τούτοις
2605 3664 2776 3734 ὅμοιά
2800 3666 2927 3718 ἐστι
2955 3664 3135 3735 ῥητά.

2599 3778 2917 3843 Ἆντίθεσις
2942 3776 3010 3830 ἐκ
3047 3774 3167 3830 τῶν
3209 3775 3541 3844 αἰρετικῶν.

2342 3910 2452 3964 Καὶ
2485 3910 2603 3974 πῶς
2623 3910 2689 3964 ἂν
2713 3909 2950 3975 δύναιτο,
2982 3909 3136 3978 φασὶ,
3189 3909 3309 3963 κατ’
3336 3908 3524 3961 οὐσίαν
3550 3908 3736 3977 ὅμοιος
3772 3901 3858 3958 εἴ.

2268 4019 2356 4057 ναι
2383 4001 2462 4072 τῷ
2503 4002 2679 4073 Πατρὶ
2705 4004 2733 4054 6
2756 4000 2904 4065 Υἰδς,
2932 4003 2959 4054 6
2986 4000 3159 4068 λέγων
3194 4000 3473 4070 εἰληφέναι
3508 3998 3686 4053 πάντα
3705 3996 3864 4069 παρὰ

2267 4092 2362 4147 τοῦ
2399 4094 2611 4164 Πατρός
2635 4134 2649 4157 ,
2690 4094 2869 4163 Ἒχων
2910 4092 3040 4162 γὰρ,
3068 4092 3172 4145 οὐκ
3228 4092 3295 4145 ἂν
3352 4090 3591 4155 ἐδέξατο.
3637 4088 3858 4161 Ἐπειδὴ

2267 4186 2325 4239 δὲ
2354 4184 2604 4255 φαίνεται
2631 4182 2834 4251 λαϐὼν,
2860 4184 2936 4248 ὡς
2961 4182 3124 4249 αὑτός
3154 4199 3308 4254 φησι,
3344 4181 3503 4253 δῆλός
3527 4182 3674 4234 ἐστιν
3701 4178 3863 4235 οὐδὲν

2268 4275 2408 4347 ἔχων
2436 4275 2496 4341 ἐξ
2522 4273 2739 4331 ἑαυτοῦ.

2760 4493 2918 4560 Πρὸς
2954 4492 3132 4547 τοῦτο
3160 4492 3360 4558 λύσις.

665 4597 798 4653 Cum
847 4596 1013 4667 igitur
1057 4598 1243 4653 audies
1295 4599 1565 4654 dicentem
1620 4598 1820 4654 Filium
1851 4600 1873 4632 "
1908 4616 1923 4655 :
1958 4617 1977 4651 ι
2034 4600 2162 4656 0m-

2310 4607 2507 4662 ηὍταν
2553 4599 2647 4659 οὖν
2699 4604 2938 4676 ἀκούσῃς
2987 4603 3239 4673 λέγοντος
3280 4603 3375 4657 τοῦ
3408 4601 3563 4667 Υἰοῦ,
3596 4620 3615 4654 ι
3654 4602 3857 4656 Πάντα-

592 4689 683 4744 nia
711 4703 830 4759 quae
858 4689 1021 4743 habet
1052 4689 1213 4743 Pater
1245 4705 1366 4745 mea
1405 4701 1551 4754 sunt,
1584 4701 1637 4745 et
1682 4691 1863 4746 omnia
1898 4706 2014 4746 mea
2037 4702 2164 4746 sunt

591 4781 791 4846 Patris,
819 4799 835 4833 ι
868 4781 995 4849 quid
1036 4782 1208 4845 dices,
1246 4783 1546 4837 liaeretice?
1595 4782 1650 4836 Si
1703 4783 1846 4836 enim
1887 4797 1955 4836 ex
1987 4790 2163 4837 vestra

592 4874 851 4944 opinione
884 4873 1053 4929 Filius
1093 4874 1231 4928 nihil
1265 4875 1424 4929 habet
1452 4890 1515 4929 ex
1563 4875 1774 4942 seipso,
1824 4873 1959 4928 nihil
1993 4875 2159 4928 etiam

589 4982 657 5022 ex
691 4967 867 5036 seipso
905 4968 1129 5021 habebit
1153 4967 1346 5033 Pater;
1373 4976 1427 5020 et
1455 4966 1499 5020 si
1529 4965 1689 5019 Pater
1717 4966 1899 5021 omnia
1931 4976 2154 5020 natura-

590 5057 716 5113 liter
768 5059 951 5123 habet,
1006 5058 1228 5113 habebit
1280 5061 1381 5113 hoc
1436 5068 1490 5111 et
1538 5056 1729 5112 Filius.
1779 5056 2158 5111 Necessarium

590 5150 759 5221 igitur
781 5146 1003 5221 prcrsus
1024 5159 1129 5217 est,
1158 5159 1215 5204 ut
1248 5150 1339 5220 qui
1368 5150 1556 5204 dicunt
1582 5148 1777 5204 Filium
1810 5148 1941 5203 nihil
1975 5163 2156 5218 posse,

589 5244 734 5299 idem
768 5258 984 5314 quoque
1033 5242 1182 5297 Patri
1238 5243 1498 5311 tribuant,
1553 5245 1811 5299 nimirum
1853 5252 1912 5298 ut
1964 5243 2160 5298 habeat

589 5351 709 5406 qua:
730 5334 899 5391 Filius
928 5354 943 5403 ;
995 5346 1089 5392 aut
1126 5336 1171 5391 si
1224 5338 1325 5391 hoc
1357 5336 1737 5392 detestandum
1773 5344 1876 5401 est,
1937 5349 2160 5391 necesse

588 5434 674 5482 est
706 5424 863 5480 fateri
898 5425 1095 5481 Filium
1142 5427 1420 5497 possidere
1448 5427 1626 5482 omnia
1648 5442 1767 5495 qua;
1813 5425 1998 5480 Pater.
2026 5425 2157 5479 Om-

592 5517 683 5571 nia
736 5518 878 5570 enim
934 5532 1032 5572 sua
1066 5517 1243 5572 Patris
1270 5532 1391 5573 esse
1444 5518 1602 5586 dixit,
1649 5528 1704 5573 et
1747 5519 1863 5588 ipse
1913 5518 2155 5574 vicissim

593 5607 798 5665 habere
823 5611 1004 5664 omnia
1034 5625 1155 5680 qua:
1186 5610 1363 5665 Patris
1392 5619 1540 5665 sunt.

2263 4700 2362 4753 ὅσα
2394 4698 2506 4768 ἔχει
2532 4700 2559 4751 6
2589 4697 2798 4768 Πατὴρ,
2826 4698 2935 4767 ἐμά
2969 4698 3104 4759 ἐστι,
3128 4716 3145 4746 ι
3179 4696 3275 4749 καὶ
3308 4695 3376 4749 τά
3419 4694 3528 4766 ἐμὰ
3550 4694 3727 4748 πάντα
3753 4695 3855 4748 τοῦ

2265 4790 2478 4859 Πατρός
2510 4790 2649 4852 ἐστι,
2677 4789 2730 4841 τί
2758 4787 2865 4859 ἄρα
2892 4788 3160 4858 ποιήσεις,
3214 4785 3459 4856 αἱρετικέ
3482 4805 3497 4852 ;
3524 4786 3588 4839 Εἰ
3622 4786 3728 4855 γὰρ
3760 4786 3854 4838 οὺ-

2264 4880 2352 4934 δέν
2382 4880 2514 4951 ἔχει,
2536 4880 2657 4934 καθ’
2681 4881 2844 4950 ὑμᾶς,
2872 4880 2900 4931 6
2935 4878 3061 4941 Υἱὸς
3091 4879 3149 4945 ἐξ
3174 4879 3387 4941 ἐαυτοῦ,
3424 4877 3537 4948 ἔχει
3569 4877 3727 4930 τοῦτο
3752 4879 3852 4931 καὶ

2262 4973 2290 5025 6
2330 4973 2542 5042 Πατήρ·
2585 4972 2680 5024 καὶ
2702 4972 2751 5024 εἰ
2783 4971 2961 5025 πάντα
2991 4969 3103 5041 ἔχει
3160 4968 3401 5038 φυσικῶς
3426 4970 3454 5020 ὁ
3488 4968 3698 5039 Πατὴρ,
3735 4967 3849 5037 ἔχει

2263 5063 2422 5118 τοῦτο
2449 5064 2540 5116 καὶ
2574 5065 2601 5117 6
2623 5062 2769 5126 Υἱός.
2826 5062 3067 5133 Ἀνάγκη
3092 5060 3290 5125 τοίνυν,
3333 5060 3366 5130 ἢ
3402 5059 3462 5113 τὺ
3504 5060 3669 5130 μηδὲν
3701 5058 3855 5129 ἔχειν

2264 5153 2524 5210 δύνασθαι
2548 5154 2812 5223 λέγοντας
2852 5153 2945 5207 τὸν
2974 5153 3121 5216 Υἱδν,
3189 5150 3492 5222 περιθεῖναι
3541 5148 3699 5203 τοῦτο
3750 5152 3849 5203 καὶ

2262 5246 2341 5318 τῷ
2369 5248 2566 5318 Πατρὶ,
2597 5246 2665 5300 ἵν’
2698 5246 2834 5316 ἔχων
2860 5244 3116 5317 φαίνηται
3150 5242 3220 5297 τὰ
3237 5242 3330 5296 τοῦ
3362 5241 3516 5295 Υἰοῦ·
3550 5242 3583 5311 ἢ
3614 5243 3664 5294 εἰ
3684 5240 3850 5294 τοῦτο

2265 5338 2548 5409 φευκτέον,
2575 5338 2787 5409 ἀνάγκη
2821 5336 3201 5406 συνομολογεῖν
3254 5332 3553 5404 κεκτῆσθαι
3582 5332 3673 5385 τὸν
3716 5331 3849 5386 Υἰδν

2264 5432 2364 5485 ὅσα
2411 5430 2506 5484 καὶ
2556 5432 2584 5482 6
2615 5429 2825 5499 Πατήρ.
2876 5427 2983 5480 Τοῦ
3027 5426 3238 5497 Πατρὸς
3286 5425 3394 5496 γὰρ
3453 5423 3652 5494 ἔφησεν
3702 5418 3846 5476 εἶναι

2265 5520 2443 5573 πάντα
2491 5519 2559 5573 τὰ
2610 5517 2801 5573 ἐαυτοῦ
2833 5557 2848 5584 ,
2914 5518 3007 5571 καὶ
3072 5516 3233 5581 αὐτὸς
3294 5515 3440 5587 ἔχειν
3513 5514 3692 5568 πάντα
3748 5512 3848 5566 τοῦ

2265 5609 2499 5681 Πατρός.

664 5787 685 5817 ²
725 5783 887 5839 llcbr.
917 5799 989 5853 tv,
1026 5785 1110 5839 15.
1190 5786 1209 5818 ³
1232 5784 1386 5841 Joan.
1416 5800 1496 5853 ιιι,
1528 5783 1617 5839 35.
1695 5782 1866 5838 ‘Luc.
1898 5800 1952 5850 χ,
2140 5783 2161 5816 ⁸

2278 5800 2348 5840 ιιι.
2392 5785 2553 5851 v,30.
2632 5786 2651 5818 ⁸
2680 5783 2832 5841 Joan.
2876 5783 3094 5851 xvt,l5.
