4124 6530
267 442 374 501 531

698 563 903 630 ΔΛΛΟ,
956 561 1411 634 διηγηματικῶς.

344 676 422 730 Οὐ
453 674 543 730 διὰ
584 674 646 728 τὸ
683 675 756 746 μὴ
809 675 956 745 ἔχειν
1014 676 1043 729 6
1099 675 1248 741 Υἱὸς,
1304 676 1587 746 εἰληφέναι
1635 677 1854 747 λέγεται

270 766 430 837 παρὰ
452 765 548 819 τοῦ
568 766 798 838 Πατρός.
831 765 988 836 Ἔχει
1014 766 1122 835 γὰρ
1148 767 1413 835 φυσικῶς,
1444 768 1575 831 ἴδιος
1595 768 1670 821 ὢν
1690 768 1854 823 αὑτοῦ

268 859 445 925 Λόγος
480 859 575 913 καὶ
601 858 964 929 ἀπαύγασμα,
998 860 1175 913 πάντα
1203 860 1272 913 τὰ
1304 860 1495 925 αὐτοῦ,
1538 861 1661 930 δίχα
1694 860 1854 930 μόνου

269 951 368 1004 τοῦ
396 947 536 1004 εἶναι
568 953 663 1005 καὶ
710 951 965 1019 λέγεσθαι
1013 952 1222 1023 Πατήρ.
1252 953 1416 1021 Λέγει
1462 954 1519 1006 δὲ
1576 952 1856 1022 εἰληφέναι

275 1043 427 1113 παρὰ
447 1042 543 1096 τοῦ
582 1043 815 1113 Πατρὸς,
854 1044 1200 1113 προαναιρῶν
1242 1044 1319 1107 ὡς
1344 1044 1476 1107 Θεὸς
1507 1044 1607 1106 τὰς
1636 1043 1746 1096 τῶν
1772 1045 1857 1095 αἱ-

280 1138 509 1209 ρετικῶν
539 1138 806 1200 ὑπονοίας.
839 1135 953 1189 ’Ίνα
980 1135 1087 1207 γὰρ
1130 1137 1203 1207 μή
1242 1154 1325 1199 τις
1361 1137 1451 1190 τὸν
1476 1136 1604 1189 Υἰὸν
1638 1135 1856 1206 θεωρῶν

277 1233 452 1285 πάντα
496 1232 563 1285 τὰ
612 1232 706 1286 τοῦ
758 1230 968 1301 Πατρδς
1004 1230 1195 1298 ἔχοντα
1237 1231 1302 1282 ὲκ
1345 1230 1443 1298 τῆς
1490 1229 1689 1297 πολλῆς
1735 1228 1855 1280 λίαν

274 1322 590 1392 ὁμοιότητος
618 1324 709 1375 καί⁸
743 1321 1166 1392 άπαραλλάκτου
1196 1319 1522 1390 ταυτότητος
1544 1319 1742 1388 νομίσῃ
1765 1319 1854 1371 τὸν

274 1412 436 1464 αὑτὸν
467 1410 604 1465 εἶναι
641 1412 855 1481 Πατέρα
886 1412 979 1465 καὶ
1011 1411 1155 1476 Υἰὸν,
1210 1411 1303 1464 καὶ
1326 1411 1406 1473 εἰς
1435 1412 1532 1481 τὴν
1567 1410 1854 1464 Σαϐελλίου

275 1503 487 1570 πλάνην
526 1503 752 1576 ἐκπέσῃ,
812 1503 1130 1571 ἀναγκαίως
1187 1503 1465 1573 εἰληφέναι
1518 1504 1653 1572 φησί
1705 1502 1856 1574 παρὰ

271 1594 513 1663 Πατρδς,
547 1593 790 1661 φυσικῶς
848 1592 1005 1646 τοῦτο
1038 1593 1193 1663 ἔχων
1230 1594 1292 1648 ἵν’
1317 1596 1345 1647 6
1384 1594 1544 1661 λόγος
1584 1594 1854 1664 εἰσφέρων

268 1688 367 1739 ἕνα
398 1687 498 1756 μὲν
540 1687 628 1739 τὸν
677 1686 904 1749 διδόντα,
948 1685 1197 1756 δεύτερον
1229 1686 1285 1738 δὲ
1324 1686 1414 1739 τὸν
1438 1685 1743 1756 δεχόμενον,
1798 1688 1854 1739 ἐν

272 1776 605 1841 ἰδιαζούσαις
635 1777 962 1831 ὑποστάσεσι
984 1777 1149 1830 δυάδα
1173 1776 1392 1848 δεικνύῃ
1431 1778 1490 1829 οὐ
1529 1778 1707 1847 μόνοις
1735 1778 1854 1830 όνό-

270 1886 407 1937 μασι
439 1868 909 1938 διαστελλομένην.
937 1868 1094 1930 Ἴδιος
1140 1868 1197 1922 δὲ
1227 1867 1303 1921 ὢν
1340 1868 1434 1921 τοῦ
1470 1869 1680 1937 Πατρὸς
1704 1872 1731 1922 ό
1754 1869 1855 1922 Λό-

1688 441 2128 502 THESAURUS.

3428 449 3537 508 582

2476 565 2711 632 ALIUD,
2745 568 3035 623 narrative.

2042 677 2156 735 Non
2198 679 2322 735 ideo
2353 678 2555 733 dicitur
2579 678 2750 733 Filius
2783 694 2810 731 a
2850 678 3011 733 Patre
3058 678 3359 748 accepisse,
3386 674 3532 746 quod

1958 780 2117 849 antea
2140 787 2247 825 non
2273 770 2547 825 habuerit.
2570 770 2743 825 Habet
2768 770 2911 824 enim
2943 760 3281 833 naturaliter,
3308 764 3428 821 cum
3461 767 3528 816 sit

1957 863 2230 932 proprium
2262 860 2378 927 ejus
2413 860 2642 915 Verbum
2672 871 2726 912 et
2753 858 3037 927 splendor,
3066 858 3247 911 omnia
3273 871 3391 925 qua:
3424 852 3529 907 Pa-

1958 953 2092 1006 tris:
2122 960 2349 1020 excepto
2367 965 2435 1005 eo
2451 951 2591 1018 quod
2609 964 2783 1018 neque
2802 948 2895 1013 sit,
2916 946 3326 1015 neque‘dicatur
3344 944 3525 997 Pater.

1957 1043 2098 1097 Dicit
2129 1051 2307 1096 autem
2333 1056 2391 1095 se
2415 1041 2693 1110 accepisse
2726 1056 2756 1093 a
2806 1039 2987 1103 Patre,
3037 1050 3428 1106 praeoccupans
3472 1043 3527 1088 et

1958 1132 2168 1197 tollens,
2197 1141 2257 1185 ut
2282 1133 2443 1196 Deus,
2471 1131 2846 1185 haereticorum
2880 1129 3267 1195 suspicionem.
3299 1125 3431 1179 Nam
3461 1138 3527 1179 ne

1956 1225 2264 1294 quispiam,
2294 1224 2491 1277 Filium
2523 1222 3190 1290 contemplanshabeyntem
3206 1217 3381 1270 omnia
3408 1230 3527 1284 qua:

1955 1316 2136 1379 Pater,
2165 1316 2439 1369 existimet
2469 1317 2538 1369 ob
2569 1330 2833 1369 summam
2863 1315 2998 1367 hanc
3035 1310 3447 1366 similitudinem
3473 1315 3528 1360 et

1954 1407 2321 1460 omnimodam
2356 1407 2696 1461 identitatem
2732 1406 2906 1475 ipsum
2950 1418 3078 1459 esse
3112 1402 3327 1455 Patrem
3361 1392 3527 1453 simul

1954 1506 2007 1551 et
2043 1495 2259 1561 Filium,
2306 1504 2359 1549 et
2404 1495 2456 1549 iu
2508 1494 2725 1549 Sabellii
2764 1508 3005 1547 errorem
3056 1490 3280 1552 incidat,
3320 1487 3527 1541 utiliter

1954 1587 2239 1641 admodum
2269 1601 2327 1639 se
2357 1602 2384 1638 a
2413 1585 2570 1639 Patre
2600 1584 2874 1652 accepisse
2920 1582 3053 1636 dicit
3077 1619 3092 1642 ,
3142 1596 3263 1633 cum
3303 1587 3526 1632 natura-

1956 1678 2078 1733 liter
2115 1678 2164 1731 id
2202 1678 2413 1741 haheat,
2444 1685 2502 1730 ut
2536 1677 2673 1731 ratio
2697 1676 2809 1743 ipsa
2846 1674 3086 1727 inferens
3115 1686 3281 1726 unum
3305 1670 3521 1740 quidem

1954 1782 2074 1822 esse
2106 1767 2196 1837 qui
2221 1767 2335 1829 dat,
2361 1766 2593 1819 alterum
2630 1765 2718 1833 qui
2760 1764 3016 1832 suscipit,
3045 1760 3363 1816 dualitatem
3400 1773 3525 1829 per:

1955 1872 2212 1913 sonarum
2248 1856 2535 1911 manifeste
2583 1855 2838 1909 ostendat
2891 1871 2997 1908 non
3048 1853 3179 1907 solis
3214 1851 3527 1905 nominibus

266 1975 385 2024 γος,
420 1960 517 2011 καὶ
547 1961 611 2011 ἐκ
642 1958 741 2027 τῆς
773 1957 961 2020 οὐσίας
998 1956 1163 2011 αὑτοῦ
1200 1954 1498 2027 προελθὼν,
1542 1956 1721 2010 πάντα
1756 1957 1852 2023 μὲν

1958 1950 2286 2004 distinctam.
2329 1949 2462 2003 Cum
2488 1963 2617 2003 vero
2643 1946 2710 2000 sit
2736 1949 3012 2015 proprium
3047 1945 3224 1999 Patris
3254 1941 3521 2006 Verbum,

266 2047 335 2100 τὰ
364 2048 460 2102 τοῦ
491 2048 700 2118 [ἰατρὸς
734 2047 915 2109 ἀῐδίως
941 2046 1074 2117 ἔχει.
1114 2049 1249 2117 Παρ’
1278 2046 1443 2099 αὐτοῦ
1479 2047 1535 2099 δέ
1572 2064 1737 2115 φησιν
1773 2049 1851 2100 εἰ-

267 2138 503 2207 ληφέναι
535 2139 621 2192 διὰ
651 2139 712 2191 τὸ
740 2138 797 2204 ἐξ
833 2138 997 2191 αὑτοῦ
1026 2138 1308 2191 προελθεῖν
1355 2136 1601 2207 φυσικῶς
1622 2136 1761 2208 ἔχων
1786 2138 1853 2192 τὰ

269 2230 448 2285 πάντα
482 2231 751 2300 προσόντα
778 2229 947 2300 αὐτῷ.

958 2430 1160 2484 ΑΛΛΟ.

337 2539 510 2593 Οὐδὲν
537 2540 616 2601 εἰς
644 2539 733 2592 τὸν
764 2538 1019 2609 θεότητος
1048 2539 1206 2605 λόγον
1232 2539 1325 2592 τὸν
1358 2538 1486 2591 Υἰὸν
1516 2538 1764 2607 ἀδικήσει
1791 2537 1852 2590 τὸ

265 2630 480 2699 λέγειν·
553 2648 571 2680 r
604 2630 790 2684 Πάντα
833 2649 922 2701 μοι
980 2630 1252 2700 παρεδόθη
1303 2630 1456 2701 παρὰ
1492 2628 1584 2683 τοῦ
1641 2630 1853 2701 Πατρός

269 2740 397 2791 μου*
432 2743 451 2775 ι
492 2722 624 2775 ἀλλὰ
663 2722 859 2793 μᾶλλον
887 2722 1228 2775 ἀποδεικνύει
1272 2721 1457 2790 σαφῶς
1499 2720 1640 2774 κατὰ
1692 2720 1851 2790 φύσιν

265 2816 399 2868 ὄντα
432 2815 580 2868 Υἰόν.
627 2816 690 2868 Εἰ
727 2815 835 2885 γὰρ
868 2818 1044 2869 πάντα
1074 2814 1222 2885 αὑτῷ
1259 2813 1557 2884 παρεδόθη.
1596 2815 1656 2867 ὲν
1688 2813 1745 2867 δὲ
1773 2813 1852 2884 τῷ

267 2907 470 2961 πάντα
516 2910 692 2962 εἰπεῖν
747 2907 899 2960 οὐδὲν
931 2907 1146 2976 ἀφῆκεν
1167 2908 1341 2968 ἐκτός
1369 2905 1471 2958 οὐκ
1494 2905 1603 2975 ἄρα
1626 2900 1705 2969 εἷς
1734 2906 1851 2958 ἐστι

266 2995 380 3047 τῶν
404 2997 643 3057 πάντων.
681 2998 822 3069 άπερ
859 2997 955 3050 καί.
1008 2990 1288 3067 εἰληφέναι
1325 2997 1511 3066 φησὶν,
1565 2996 1680 3049 ἀλλ’
1715 2996 1849 3050 ἰδιά-

267 3087 473 3150 ζουσαν
509 3090 574 3140 ἐκ
604 3089 815 3159 [ἰατρὸς
837 3088 935 3160 τὴν
953 3089 1206 3158 γέννησιν
1229 3087 1360 3157 ἔχει.
1388 3087 1516 3152 Υἰὸς
1543 3086 1601 3140 δὲ
1621 3088 1696 3141 ὢν
1712 3088 1853 3142 κατὰ

267 3179 456 3246 φύσιν,
489 3180 602 3250 ἔχει
650 3181 865 3245 πάντως
898 3180 966 3235 τὰ
1001 3179 1095 3233 τοῦ
1131 3181 1493 3250 γεννήσαντος
1530 3179 1657 3233 ἴδια.
1690 3181 1851 3234 Ἰδιον

263 3270 322 3323 δὲ
354 3271 451 3323 τοῦ
490 3273 852 3343 γεννήσαντος
881 3274 941 3326 τὸ
974 3273 1152 3327 πάντα
1186 3271 1352 3343 ἔχειν·
1392 3272 1493 3326 οὐκ
1533 3272 1640 3344 ἄρα
1668 3271 1852 3344 ἐνδεής

262 3382 412 3429 τινος
443 3367 472 3418 6
498 3366 647 3430 Υἰός.
1266 3394 1269 3397 ι

973 3485 1177 3539 ᾹΛΛΟ.

339 3618 405 3671 Εἰ
441 3619 619 3674 πάντα
642 3618 791 3690 αὐτῷ
818 3618 1114 3691 παρεδόθη,
1146 3618 1291 3673 καθά
1322 3635 1488 3689 φησιν
1542 3617 1727 3683 αὐτὸς,
1758 3635 1854 3671 και

263 3710 477 3764 δέδοται
532 3713 591 3764 ἐν
639 3713 705 3782 τῇ
754 3712 899 3780 χειρί
934 3710 1122 3775 αὐτοῦ,
1161 3710 1284 3765 οὔτε
1336 3710 1443 3764 τῶν
1499 3710 1719 3764 πάντων
1772 3707 1853 3774 εἷς

266 3804 447 3867 ἔσται,
468 3803 603 3856 ἀλλὰ
626 3805 721 3856 καί.
755 3804 915 3873 μόνος
938 3806 1186 3873 φανεῖται
1227 3801 1585 3873 κληρονόμος,
1606 3801 1681 3865 ὡς
1703 3801 1849 3865 Υἰός.

266 3896 329 3948 Εἰ
361 3895 472 3965 γὰρ
497 3889 576 3958 εἷς
610 3894 685 3947 ῶν
716 3895 809 3948 καὶ
840 3895 1002 3957 αὐτὸς
1030 3894 1139 3947 τῶν
1169 3895 1385 3949 πάντων
1415 3892 1698 3963 ἐτύγχανε,
1724 3910 1853 3946 κατ-

265 3987 559 4055 ηριθμεῖτο
586 3986 652 4040 ἂν
681 3988 738 4039 ἐν
757 3989 869 4049 τοῖς
892 3988 1048 4051 πᾶσι,
1076 3987 1169 4040 καὶ
1188 3986 1288 4040 οὐκ
1306 3986 1372 4039 ἂν
1394 3981 1463 4056 ἦν
1497 3984 1847 4057 κληρονόμος.

279 4076 503 4144 Ἐπειδὴ
534 4076 591 4129 δὲ
626 4075 877 4143 φαίνεται
933 4075 1113 4128 πάντα
1166 4073 1348 4128 λαϐὼν
1397 4073 1641 4143 φυσικῶς
1667 4090 1725 4125 τε
1757 4074 1851 4127 καὶ

265 4167 575 4230 οὖσιωδῶς,
604 4167 846 4237 δηλονότι
879 4166 1270 4237 διατρεχούσης
1295 4168 1375 4227 εἰς
1407 4165 1573 4220 αὐτὸν
1620 4164 1721 4235 τῆς
1755 4163 1849 4217 τοῦ

265 4260 633 4330 γεννήσαντος
682 4260 857 4330 ἀρχῆς
890 4276 947 4312 τε
1007 4258 1101 4314 καὶ
1139 4259 1479 4330 κυριότητος,
1542 4256 1699 4319 ἄλλος
1735 4256 1850 4309 ἐστὶ

264 4349 377 4402 τῶν
409 4349 629 4403 πάντων
676 4350 735 4415 ἐξ
785 4349 1029 4422 ἀνάγκης
1051 4391 1065 4415 ,
1122 4351 1214 4405 καὶ
1252 4349 1412 4421 μόνος
1445 4349 1575 4413 ἴδιος
1603 4347 1698 4402 τοῦ
1734 4349 1847 4401 Πα-

264 4440 395 4513 τρὸς
421 4441 569 4506 Υἰός.

710 4556 914 4619 AAAO,
958 4556 1414 4626 διηγηματικῶς.

337 4665 668 4737 Εὑρίσκεταί
706 4685 810 4720 που
843 4668 1016 4735 λέγων
1041 4671 1069 4723 6
1115 4670 1326 4740 Σωτήρ·
1372 4689 1398 4720 ιΔ
1429 4670 1638 4740 Ὥσπερ
1669 4672 1697 4723 6
1733 4671 1845 4723 Πα-
1882 4705 1926 4760 D

264 4755 371 4827 τὴρ
404 4756 521 4827 ἔχει
558 4757 701 4828 ζωὴν
736 4759 794 4810 ὲν
841 4757 1036 4828 ἑαυτῷ,
1091 4757 1233 4811 οὓτω
1272 4759 1368 4812 καὶ
1398 4759 1476 4830 τῷ
1507 4760 1622 4830 Υἰῷ
1649 4760 1846 4814 δέδωκε

267 4847 413 4919 ζωὴν
437 4847 583 4917 ἔχειν
623 4851 679 4902 ὲν
732 4849 929 4920 ἑαυτῷ·
957 4870 974 4901 ι
1006 4851 1142 4921 ὅπερ
1175 4851 1468 4905 ἀκόλουθον
1518 4851 1659 4905 οὕτω
1683 4857 1844 4907 νοεῖν.

208 4969 215 4975 -
268 4938 365 4991 Διὰ
392 4940 493 5009 μὲν
523 4941 629 5011 γὰρ
658 4940 750 4995 τοῦ
801 4941 1004 5009 λέγειν,
1046 4960 1064 4993 ι
1098 4941 1331 5005 Δέδωκε,
1360 4961 1378 4993 ›
1412 4943 1473 4996 τὸ
1514 4946 1580 4996 ἐκ
1631 4944 1846 5016 Πατρὸς

267 5024 413 5096 ἔχειν
442 5028 689 5096 φυσικῶς
725 5030 998 5100 σημαίνει,
1041 5030 1135 5084 καί.
1170 5030 1288 5083 καθ’
1329 5031 1625 5086 ὑπόστασιν
1662 5032 1848 5103 ἕτερον

268 5118 465 5171 ἑαυτὸν
501 5119 636 5191 πρὸς
662 5120 753 5172 τὸν
802 5120 1074 5173 δεδωκότα
1111 5120 1364 5175 δεικνύειο
1404 5123 1589 5190 ἕτερον
1621 5123 1678 5175 δὲ
1701 5122 1849 5192 λέγω

271 5211 435 5280 μόνον
461 5210 539 5281 τῷ
560 5212 796 5283 ἀριθμῷ.
829 5213 925 5266 Διὰ
945 5214 1001 5267 δὲ
1033 5212 1125 5267 τοῦ
1147 5213 1347 5282 λέγειν,
1385 5233 1403 5267 ι
1430 5216 1643 5286 Ὥσπερ
1676 5215 1788 5285 ἔχει
1818 5218 1847 5268 ό

267 5303 482 5373 Πατὴρ,
519 5302 692 5366 οὕτως
718 5303 828 5374 ἔχει
858 5305 952 5357 καὶ
980 5305 1009 5357 6
1038 5306 1183 5371 Υἱὸς,
1235 5326 1252 5358 ι
1288 5307 1448 5377 δῆλός
1483 5308 1628 5360 ἐστιν
1671 5308 1846 5359 ἐκεῖνο

266 5391 556 5461 διδάσκων,
587 5395 669 5447 ὅτι
691 5394 877 5466 ὥσπερ
909 5396 1092 5459 ἀϊδίως
1116 5397 1228 5469 ἔχει
1280 5400 1308 5452 6
1340 5397 1528 5470 Πατὴρ
1572 5400 1629 5451 ὲν
1670 5397 1847 5468 ἐαυτῷ

265 5485 367 5556 τὴν
400 5486 569 5555 ζωὴν.
605 5486 745 5540 οὕτω
771 5489 864 5541 καὶ
885 5490 912 5540 6
944 5488 1071 5551 Υἱὸς
1097 5491 1279 5555 ἁῖδίως
1309 5489 1423 5561 ἔχει.
1448 5490 1592 5562 ςυὴν
1627 5492 1684 5543 ὲν
1714 5492 1842 5543 ἐαυ-

1955 2051 2007 2097 et
2034 2057 2097 2095 ex
2141 2042 2377 2096 essentia
2431 2040 2599 2107 ipsius
2640 2039 2931 2107 procedat,
2976 2045 3124 2091 certe
3173 2033 3354 2090 omnia
3406 2045 3526 2101 qua:

1954 2131 2132 2185 Patris
2163 2134 2406 2195 suul,ab
2454 2142 2657 2185 mterno
2699 2131 2884 2185 habet.
2932 2129 3071 2183 Dicit
3122 2136 3301 2181 autem
3350 2140 3408 2179 se
3457 2124 3525 2177 ab

1955 2222 2046 2276 illo
2067 2222 2363 2287 accepisse,
2400 2220 2526 2288 quia
2562 2234 2629 2273 ex
2666 2218 2781 2287 ipso
2822 2215 3102 2287 procedit;
3150 2230 3273 2268 cum
3321 2207 3526 2280 alioqui

1953 2310 2274 2364 naturaliter
2300 2310 2497 2363 habeat
2526 2307 2706 2363 omnia
2739 2321 2857 2375 qua:
2880 2304 3025 2359 Patri
3052 2304 3259 2359 insunt.

2620 2418 2851 2474 ALIUD.

2020 2559 2165 2615 Nihil
2195 2560 2349 2627 plane
2377 2557 2643 2612 divinitati
2676 2556 2795 2610 Filii
2828 2555 3039 2610 ofﬁcere
3062 2563 3260 2625 potest,
3298 2552 3482 2606 dicere
3504 2566 3524 2606 :

1958 2673 1976 2705 ι
2018 2654 2209 2708 Omnia
2233 2654 2360 2707 mihi
2390 2652 2586 2707 tradita
2624 2659 2746 2704 sunt
2772 2665 2799 2702 a
2830 2649 2990 2702 Patre
3020 2661 3139 2700 meo
3177 2660 3189 2700 :
3234 2665 3252 2697 ι
3307 2646 3400 2699 sed
3431 2659 3526 2713 po-

1956 2746 2060 2800 tius
2085 2746 2326 2799 declarat
2360 2744 2533 2812 ipsum
2555 2742 2879 2795 naturaliter
2910 2740 3105 2793 Filium
3134 2753 3274 2793 esse.
3299 2736 3354 2791 Si
3380 2738 3523 2791 enim

1952 2836 2132 2889 omnia
2165 2835 2239 2889 illi
2270 2835 2466 2888 tradita
2503 2843 2649 2897 sunt,
2710 2842 2763 2889 et
2813 2849 2936 2888 cum
2989 2832 3221 2887 dicimus
3251 2869 3267 2893 ,
3322 2831 3523 2891 omnia,

1952 2928 2084 2982 nihil
2121 2928 2459 2983 excludimus
2486 2945 2499 2993 ;
2552 2935 2697 2980 certe
2730 2942 2835 2979 non
2870 2925 2975 2979 erit
3004 2926 3116 2991 ipse
3146 2939 3286 2977 unus
3318 2937 3383 2976 ex
3415 2937 3528 2976 om-

1954 3016 2113 3071 nibus
2136 3032 2256 3085 qute
2290 3008 2358 3071 se'
2383 3017 2658 3081 accepisse
2689 3016 2839 3075 dicit,
2873 3015 2965 3068 sed
3001 3013 3312 3067 distinctam
3350 3025 3379 3064 a
3417 3009 3522 3064 Pa-

1956 3116 2037 3161 tre
2060 3108 2465 3176 geuerationem
2500 3108 2680 3161 habet.
2712 3105 2882 3160 Filius
2908 3119 3037 3157 vero
3062 3101 3381 3156 naturaliter
3400 3115 3525 3155 cum

1956 3199 2046 3263 sit,
2081 3199 2242 3253 habet
2267 3199 2447 3251 omnia
2485 3213 2606 3266 qum
2647 3197 2926 3252 Genitoris
2952 3193 3337 3263 suntpropria.
3386 3192 3528 3247 Pro-

1911 3346 1921 3366 .
1957 3288 2131 3357 prium
2158 3298 2335 3343 autem
2370 3289 2643 3343 Genitoris
2668 3296 2751 3342 est
2792 3287 2971 3341 omnia
3014 3287 3212 3341 habere
3255 3304 3268 3340 :
3311 3299 3417 3338 non
3445 3290 3529 3338 est

1958 3378 2119 3449 igitur
2147 3378 2316 3433 Filius
2346 3378 2576 3448 alicujus
2601 3379 2675 3431 rei
2705 3378 2936 3447 indigus.

2635 3491 2861 3547 ALIUD.

2028 3629 2085 3685 Si
2111 3630 2292 3685 omnia
2319 3628 2369 3683 ei
2397 3627 2591 3681 tradita
2638 3636 2784 3692 sunt,
2837 3627 2977 3681 sicut
3016 3627 3130 3693 ipse
3163 3633 3410 3688 testatur,
3447 3622 3531 3676 ci-

1956 3724 2135 3792 quein
2160 3736 2350 3776 manus
2379 3721 2523 3785 data,
2576 3734 2680 3772 non
2734 3728 2816 3773 est
2865 3734 3004 3771 unus
3040 3717 3204 3787 226
3249 3715 3525 3776 omnium;

1955 3813 2048 3867 sed
2077 3811 2223 3866 solus
2272 3819 2356 3865 est
2398 3810 2590 3871 haeres,
2627 3820 2683 3861 ut
2721 3808 2907 3861 Filius.
2957 3807 3090 3860 Nam
3135 3807 3179 3860 si
3208 3807 3322 3873 ipse
3373 3818 3516 3857 unus

1954 3905 2193 3959 omnium
2228 3903 2542 3966 exsisteret,
2581 3910 2732 3955 certe
2753 3901 3007 3954 omnibus
3034 3906 3489 3953 anuumeraretur
3508 3933 3524 3959 ,

1957 4012 2132 4066 neque
2193 4006 2338 4050 esset
2382 3995 2577 4048 haeres.
2647 3992 2778 4048 Cum
2826 4008 2956 4047 vero
2999 3992 3178 4046 omnia
3233 3989 3525 4057 acceperit,

1956 4088 2289 4143 naturaliter
2320 4098 2482 4156 atque
2504 4085 2890 4147 essentialiter,
2926 4092 3220 4153 propagato
3266 4080 3526 4135 nimirum

1955 4180 2008 4234 in
2030 4179 2202 4249 ipsum
2233 4177 2509 4233 Genitoris
2532 4178 2612 4232 sui
2636 4176 2861 4244 imperio
2891 4186 2948 4230 et
2975 4174 3351 4229 dominatione
3384 4188 3397 4223 :
3431 4185 3527 4226 ne-

1953 4271 2195 4326 cessario
2223 4272 2472 4326 diversus
2496 4278 2579 4325 est
2600 4269 2670 4324 ab
2701 4269 2977 4335 omnibus,
3005 4274 3061 4323 et
3095 4267 3244 4323 solus
3269 4264 3527 4336 proprius

1955 4364 2130 4420 Patris
2158 4363 2349 4420 Filius.

2451 4558 2680 4625 ALIUD,
2719 4559 3007 4615 narratire.

2034 4676 2291 4731 Servatur
2358 4673 2551 4727 alicubi
2614 4672 2809 4741 inquit,
2874 4689 2893 4722 ‹
2968 4670 3120 4725 Sicut
3167 4669 3326 4724 Pater
3370 4669 3531 4724 habet

1960 4770 2123 4823 vitam
2158 4768 2211 4821 in
2254 4766 2454 4835 seipso,
2493 4766 2572 4820 sic
2616 4764 2760 4818 dedit
2785 4776 2841 4818 et
2863 4762 3000 4817 Filio
3041 4762 3249 4818 habere
3284 4763 3447 4816 vitam
3476 4762 3528 4816 in

1954 4856 2167 4925 seipso"
2194 4871 2208 4908 :
2238 4873 2256 4906 ι
2291 4854 2431 4922 quod
2458 4855 2537 4908 sic
2564 4852 2785 4922 intelligi
2820 4868 2916 4921 par
2939 4863 3040 4907 est.
3085 4852 3217 4907 Nam
3239 4868 3356 4906 cum
3379 4852 3528 4917 dicit,

1960 4965 1979 4998 ι
2023 4947 2189 5011 dedit,
2220 4965 2238 4997 ι
2283 4946 2424 5014 quod
2460 4960 2523 4999 ex
2563 4943 2726 4998 Patre
2765 4945 3083 4999 naturaliter
3125 4944 3323 4998 habeat
3366 4944 3531 5012 signi-

1959 5038 2105 5100 ficat,
2139 5049 2192 5092 et
2240 5038 2580 5108 hypostatice
2632 5038 2701 5090 ab
2741 5051 2804 5090 eo
2850 5036 2941 5105 qui
2978 5034 3125 5089 dedit
3160 5035 3322 5087 alium
3366 5048 3525 5085 esse:

1956 5127 2142 5193 alium,
2198 5127 2438 5195 inquam,
2482 5140 2710 5179 numero
2765 5124 2958 5179 solum.
3012 5123 3143 5177 Cum
3199 5138 3327 5177 vero
3380 5121 3531 5182 dicit,

1960 5238 1977 5266 ι
2003 5217 2154 5272 Sicut
2191 5217 2350 5271 habet
2381 5216 2565 5279 Pater,
2588 5216 2659 5269 ita
2684 5216 2845 5270 habet
2877 5224 2929 5269 et
2952 5214 3119 5269 Filius
3151 5230 3165 5265 :
3195 5233 3212 5264 ι
3248 5210 3534 5266 manifeste

1956 5309 2060 5365 hoc
2091 5308 2382 5377 significat,
2422 5307 2585 5376 quod,
2619 5304 3068 5376 quemadmOdum
3097 5306 3257 5360 Pater
3287 5303 3449 5359 habet
3480 5303 3531 5357 iu

1949 5414 2018 5454 se
2052 5400 2212 5451 vitam
2249 5398 2316 5452 ab
2343 5407 2567 5463 aeterno,
2603 5398 2675 5451 ita
2703 5405 2754 5451 et
2784 5396 2954 5451 Filius
2995 5398 3161 5451 vitam
3216 5397 3285 5449 ab
3325 5405 3534 5449 aeterno

1957 5491 2009 5543 in
2042 5505 2101 5545 se
2154 5489 2338 5545 habet.
2374 5487 2430 5542 Si
2486 5489 2608 5557 quis
2642 5490 2807 5559 igitur
2855 5488 3016 5543 audet
3067 5488 3270 5553 dicere,
3323 5498 3533 5555 tempus

272 5577 368 5646 τῷ.
398 5579 463 5631 Εἰ
502 5579 602 5648 μὲν
653 5575 743 5634 οὖν
767 5581 942 5653 τολμᾷ
988 5600 1070 5647 τις
1115 5582 1293 5653 λέγειν
1348 5579 1489 5637 εἶναι
1526 5583 1717 5654 χρόνον
1767 5584 1852 5661 ὅτε

1956 5582 2174 5651 aliquod
2204 5579 2372 5636 fuisse
2416 5595 2524 5651 quo
2572 5582 2738 5635 Pater
2766 5580 2930 5634 vitam
2977 5580 3029 5635 in
3062 5596 3123 5636 se
3166 5597 3273 5636 non
3324 5578 3531 5642 habuit,

275 5666 423 5739 ζωὴν
457 5670 559 5723 οὐκ
588 5665 731 5742 εἶχεν
766 5674 795 5726 6
823 5673 1014 5746 Πατὴρ
1045 5675 1103 5730 ὲν
1159 5672 1359 5745 ἑαυτῷ,
1393 5675 1614 5747 κρατεῖν
1643 5673 1852 5745 ἀνάγκη

1955 5676 2060 5730 hoc
2090 5675 2266 5746 ipsum
2299 5674 2538 5730 etiamin
2566 5673 2703 5730 Filio
2733 5675 2909 5730 locum
2959 5674 3197 5729 habebit.
3245 5674 3313 5728 At
3354 5672 3400 5727 si
3429 5672 3534 5726 hoc

355 5851 371 5881 '
402 5848 557 5906 Joan.
593 5867 644 5917 ν,
671 5852 760 5907 25.
