4122 6502
360 424 502 482 “65

1717 420 1803 472 DI-Z
1844 419 2243 475 TIIINITATE.
2345 455 2348 459 ~

3452 398 3621 484 ἐιυς

358 537 435 598 ὧν
460 541 639 595 τοίνυν
666 540 757 607 ῐση
805 538 838 610 ἡ
878 537 1099 607 γνῶσις,
1129 537 1221 592 καὶ
1261 538 1567 610 ἠδύναμις,
1598 539 1691 592 καὶ
1734 541 1767 610 ἡ
1818 538 1937 609 βού-

2067 555 2145 602 as,
2174 543 2363 594 horum
2393 539 2642 595 videlicet
2667 556 2773 596 una
2808 553 2993 597 natura
3024 553 3129 608 est,
3191 542 3444 613 quidquid
3510 548 3622 600 bla-

361 633 536 706 λησις,
570 628 776 684 τούτων
808 628 1049 699 δηλονότι
1081 630 1174 682 καὶ
1217 630 1249 700 ἡ
1298 629 1455 698 φύσις
1501 628 1621 698 μία,
1654 628 1755 682 κᾶν
1799 631 1942 683 ἀναι-

366 724 662 798 σχυντῶσιν
700 722 751 775 οί
778 719 1211 792 δυσφημοῦντες.

435 858 533 912 II".
575 856 705 909 Ὅτι
746 855 1132 934 πολλᾳζόθεν
1170 853 1305 934 ξσζι
1331 854 1547 922 μαθεῖν
1587 856 1818 924 Πατρός
1845 856 1944 909 καί

864 922 1001 978 Υὶοῦ
1034 922 1149 991 τὴν
1178 925 1447 993 ίσότητα.

436 1061 558 1111 "(tu
602 1057 659 1110 δὲ
699 1057 768 1110 τά
814 1055 954 1109 αὐτὰ
983 1054 1205 1108 δύναται
1242 1054 1321 1125 τῷ
1351 1057 1526 1125 Πατρὶ
1555 1055 1649 1110 καὶ
1682 1054 1737 1127 [6
1768 1055 1943 1128 Υίδςῖ,

369 1152 561 1222 μαθεῖν
607 1149 754 1202 ἔστιν
785 1146 1055 1219 ἑτέρωθεν
1078 1162 1092 1177 ·
1124 1147 1254 1200 ποτὲ
1297 1147 1397 1217 μὲν
1429 1152 1561 1219 γὰρ,
1602 1149 1724 1219 ιξὈ
1750 1150 1942 1220 Πατήρ

369 1257 492 1311 μου,
521 1239 691 1307 λέγει,
719 1238 825 1297 ἕως
856 1236 981 1308 ἄρτι
1003 1237 1319 1308 ἐργάζεται,
1353 1240 1507 1306 κάγὼ
1536 1239 1841 1309 ἐργάζομαι
1870 1257 1883 1270 ·
1921 1257 1941 1291 ι

366 1330 497 1385 ποτὲ
520 1331 604 1384 δέ·
637 1349 656 1381 ι
692 1331 904 1403 Ὥσπερ
934 1332 962 1382 6
988 1329 1176 1400 Πατὴρ
1215 1330 1419 1399 ἐγείρει
1442 1332 1569 1396 τοὺς
1595 1331 1823 1403 νεκροὺς
1848 1332 1941 1384 καὶ

368 1423 641 1486 ζωοποιεῖ,
686 1396 830 1473 οῦτῶ
862 1396 959 1472 καὶ
979 1421 1008 1472 6
1037 1396 1161 1483 Υιδξ
1193 1396 1286 1482 οὓς
1326 1396 1468 1473 θέλει
1515 1396 1788 1486 ζωοποιεῖ.
1837 1440 1855 1473 ι
1881 1452 1949 1464 --

372 1534 390 1564 ι
416 1512 525 1577 Ui);
547 1512 691 1566 θέλει
718 1530 736 1563 ι
765 1509 936 1575 εἶπεν,
979 1512 1077 1581 ούχ
1098 1510 1191 1577 οὓς
1207 1511 1485 1566 κελεύεται
1507 1529 1521 1543 ο
1548 1511 1643 1578 οὓς
1677 1512 1944 1583 βούλεται,

365 1605 467 1673 οὐχ
492 1601 587 1666 οὓς
607 1602 1012 1674 προσ-τάσσεται
1032 1617 1047 1633 ’
1072 1601 1133 1654 τὸ
1171 1603 1269 1673 μὲν
1294 1602 1404 1674 γὰρ
1425 1603 1689 1671 δουλείας,
1711 1605 1773 1659 τδ
1787 1606 1843 1659 δὲ
1857 1606 1946 1659 δε-

370 1693 626 1756 σποτείας
653 1692 803 1750 ῐδιον.
832 1694 941 1748 Καὶ
975 1692 1137 1747 πάλιν
1162 1694 1428 1764 ἑτέρωθεν
1450 1710 1464 1724 ’
1489 1713 1507 1745 ι
1534 1695 1597 1747 Εί
1616 1695 1677 1748 οὐ
1712 1695 1851 1748 ποιῶ
1877 1696 1947 1750 τά

368 1787 510 1859 ἔργα
552 1784 647 1840 τοῦ
701 1784 916 1856 Πατρός
960 1801 1100 1855 μου,
1151 1784 1226 1854 μὴ
1281 1784 1567 1838 πιστεύετέ
1624 1802 1746 1856 μοι·
1798 1787 1847 1839 εί
1889 1787 1945 1840 δὲ

2047 631 2257 701 splietui
2291 632 2634 702 impudenter
2663 632 2869 688 dicunt.

2049 849 2185 905 XIII.
2224 850 2376 916 Quod
2405 852 2766 921 multipliciter
2819 854 3018 906 discere
3053 853 3168 905 licet
3199 854 3372 906 Putris
3397 874 3459 905 ση-
3497 854 3622 907 ("i’ii

2613 923 2989 992 a'qualitatem.

2116 1053 2274 1120 Quod
2301 1055 2633 1108 tantumdem
2668 1069 2733 1110 ac
2774 1054 2935 1109 Pater
2968 1052 3140 1108 Filius
3180 1058 3369 1123 possit,
3410 1059 3627 1110 uliom'e

2048 1144 2258 1201 discere
2282 1146 2426 1203 licet.
2455 1146 2611 1201 Nunc.
2634 1148 2776 1200 enim
2804 1165 2817 1201 :
2856 1164 2876 1197 ι
2914 1145 3077 1201 Pater
3106 1162 3283 1207 tuens.
3314 1148 3507 1218 inquit,
3538 1166 3627 1203 us-

2049 1250 2154 1307 que
2193 1238 2351 1293 modo
2402 1248 2679 1308 operatur,
2716 1248 2773 1293 et
2819 1252 2920 1307 ego
2963 1253 3161 1308 operor
3188 1239 3263 1302 ";
3308 1257 3329 1292 ι
3366 1254 3510 1295 nunc
3534 1257 3628 1293 an-

2053 1337 2192 1383 tem:
2230 1347 2249 1380 ¢
2283 1329 2450 1385 Sicuti
2475 1330 2634 1385 Pater
2654 1330 2880 1384 suscitat
2907 1339 3149 1385 mortuos
3164 1339 3219 1385 et
3247 1331 3503 1397 vivificat,
3558 1335 3626 1384 itu

2051 1428 2107 1475 et
2138 1420 2309 1475 Filius
2338 1435 2475 1489 quos
2505 1422 2619 1475 vult
2650 1421 2887 1475 viviﬁcat
2920 1424 2986 1475 ”.
3028 1440 3047 1474 ι
3088 1451 3159 1462 -—
3198 1439 3217 1474 ο
3249 1422 3394 1488 Quos
3455 1426 3570 1478 Vult
3608 1445 3624 1474 ι

2051 1511 2210 1578 dixit,
2246 1526 2350 1565 nou
2395 1527 2531 1581 quos
2551 1510 2810 1580 jubetur;
2855 1526 2998 1581 quos
3050 1513 3163 1580 ipse
3191 1511 3474 1577 deliberat,
3526 1530 3629 1568 non

2051 1614 2189 1669 quos
2212 1602 2536 1667 mandatur;
2576 1619 2809 1670 namque
2852 1603 2982 1657 illud
3031 1604 3315 1658 servitutis
3356 1614 3461 1670 est,
3532 1606 3631 1659 hoc

2053 1692 2456 1747 dominationis.
2490 1693 2552 1747 Et
2579 1709 2764 1748 rursus
2798 1694 2923 1749 alibi
2958 1712 2973 1750 :
3012 1712 3031 1746 ι
3064 1693 3119 1748 Si
3147 1711 3253 1749 non
3289 1695 3428 1751 facio
3467 1711 3630 1766 opera

2056 1781 2233 1839 Patris
2265 1786 2394 1848 mei,
2424 1785 2553 1838 mihi
2608 1801 2715 1841 non
2776 1787 3024 1841 credite:
3081 1786 3163 1841 sin
3206 1786 3369 1853 facio,
3420 1787 3631 1841 etiamsi

371 1880 531 1945 ποιῶ,
579 1878 684 1934 κᾶν
732 1877 857 1948 ἐμοὶ
902 1876 979 1949 μὴ
1032 1876 1223 1946 θέλητε
1264 1877 1562 1939 πιστεύειν.
1611 1881 1723 1941 τοῖς
1769 1877 1951 1947 ἔργοις

2060 1875 2187 1931 mihi
2221 1877 2444 1931 credere
2461 1877 2765 1938 nolueritis,
2799 1879 3056 1945 operibus
3086 1880 3310 1940 credite,
3337 1889 3389 1932 et
3442 1880 3633 1934 scitote

371 1974 677 2041 πιστεύετε,
709 1973 804 2026 καὶ
830 1970 1129 2040 γινώσκετε
1158 1972 1240 2023 ὃτι
1265 1973 1293 2024 6
1321 1970 1511 2043 Πατὴρ
1539 1973 1598 2024 έν
1627 1973 1770 2042 ἐμοὶ,
1796 1972 1951 2039 κάγὼ

368 2064 427 2116 ὲν
448 2063 619 2133 αὐτῷ.
658 2081 678 2115 ι
711 2062 904 2134 Ὁρᾶτε
944 2060 1105 2114 πάλιν
1134 2060 1428 2114 κάντεῦθεν
1455 2061 1667 2133 Πατρὸς
1693 2064 1787 2116 καὶ
1823 2062 1950 2116 Υίοῦ

368 2156 468 2228 την
500 2157 750 2226 ίσότητα·
787 2173 805 2207 t
851 2155 912 2209 Ὀ
940 2155 1127 2224 Πατὴρ
1154 2153 1284 2223 γάρ,
1313 2154 1497 2223 φησὶν,
1525 2155 1584 2207 ὲν
1614 2156 1759 2226 ἐμοὶ,
1798 2155 1952 2224 κάγὼ

371 2253 428 2303 ὲν
459 2248 627 2312 αὐτῷ.
670 2267 687 2300 ι
720 2247 844 2302 Ἐπὶ
857 2247 915 2301 δὲ
938 2247 1032 2300 τοῦ
1060 2246 1304 2317 μείζονος
1320 2247 1416 2300 καὶ
1445 2246 1539 2299 τοῦ
1567 2248 1781 2318 μείονος
1796 2249 1953 2302 τοῦ-το

372 2342 663 2412 εὑρεθῆναι
702 2340 989 2394 άδύνατον’
1034 2334 1145 2392 οἷόν
1183 2356 1238 2392 τι
1266 2338 1438 2407 λέγω’
1473 2340 1663 2394 Πᾶσαν
1690 2341 1826 2412 ὁμοῦ
1850 2342 1952 2412 τὴν

374 2434 553 2486 κτίσιν
582 2432 867 2504 ὁρωμένην
894 2448 955 2484 τε
978 2432 1072 2485 καὶ
1092 2428 1324 2501 ἀόρατον
1342 2431 1399 2484 ὲν
1422 2430 1601 2502 ἑαυτῷ
1625 2433 1955 2505 περιγράφει

371 2526 400 2577 6
423 2525 529 2578 τῶν
545 2525 684 2578 ὅλων
706 2523 859 2587 Θεὸς,
880 2522 1078 2593 μᾶλλον
1104 2522 1162 2575 δὲ
1188 2523 1245 2575 ὲν
1272 2525 1338 2593 τῇ
1370 2522 1515 2593 χειρὶ
1542 2523 1790 2594 κατέχει·
1816 2544 1835 2577 t
1869 2526 1957 2578 Ἑν

371 2616 481 2686 γὰρ
519 2618 588 2687 τῇ
626 2615 770 2684 χειρὶ⁸
796 2612 983 2675 αὑτοῦ,
1016 2613 1172 2682 φησὶ,
1200 2613 1265 2664 τὸ.
1291 2614 1501 2683 πέρατα
1529 2615 1624 2684 τῆς
1646 2614 1770 2685 γῆς.
1808 2635 1826 2669 ι
1847 2617 1959 2671 Kal

375 2707 568 2761 πάλιν·
619 2726 637 2759 t
691 2707 750 2759 '0
786 2706 1032 2775 κατέχων
1072 2704 1164 2757 τὸν
1202 2704 1368 2775 γύρον
1404 2705 1502 2777 τῆς
1530 2709 1654 2777 γῆς,
1693 2708 1787 2760 καὶ
1829 2708 1958 2771 τοὺς

374 2797 718 2861 ἐνοικοῦντας
741 2797 797 2849 ὲν
827 2796 963 2866 αὐτῇ
1001 2794 1135 2848 ὡσεὶ
1160 2795 1405 2868 ἀκρίδας.
1467 2815 1485 2849 ι
1532 2798 1640 2850 Καὶ
1685 2794 1919 2868 ἀλλαχοῦ
1942 2815 1955 2830 ·

381 2912 398 2943 ι
425 2890 520 2955 Τίς
548 2890 854 2961 ἐμέτρησεν
881 2891 946 2959 τῇ
968 2889 1111 2960 χειρὶ
1128 2888 1294 2941 αὐτοῦ
1324 2888 1383 2940 τὸ
1401 2887 1563 2958 ὕδωρ,
1583 2888 1679 2941 καὶ
1698 2889 1789 2942 τὸν
1803 2891 1862 2943 οὐ
1872 2907 1961 2961 ρα-

376 2983 464 3035 νδν
482 2982 752 3053 σπιθαμῇ,
780 2982 873 3035 καὶ
903 2983 1083 3034 πᾶσαν
1118 2980 1216 3053 τὴν
1250 2980 1354 3051 γῆν
1379 2980 1572 3051 δρακί;
1604 3001 1622 3033 ο
1653 2982 1842 3035 Πᾶσαν
1863 2982 1960 3053 μὲν

374 3069 488 3134 οῦν,
510 3072 583 3136 ὡς
601 3072 756 3142 ἔφην,
785 3072 883 3141 τὴν
909 3071 1086 3123 κτίσιν
1108 3071 1166 3124 ἐν
1189 3072 1253 3140 τῇ
1279 3071 1421 3139 χειρὶ
1450 3071 1671 3140 κατέχει
1700 3069 1808 3123 τῶν
1823 3071 1960 3124 ὅλων

374 3164 403 3214 6
432 3161 695 3232 ποιητήςο
730 3160 889 3212 αὐτὸν
932 3160 988 3213 δὲ
1022 3159 1128 3212 ὑπὸ
1165 3158 1265 3228 τῆς
1295 3159 1524 3223 κτίσεως
1559 3159 1959 3231 περιληφθῆναι

2054 1966 2195 2035 quod
2243 1965 2402 2021 Pater
2441 1968 2491 2020 iu
2534 1985 2619 2023 tne
2648 1971 2739 2028 sit.
2776 1978 2826 2021 et
2865 1983 2965 2036 ego
3017 1972 3069 2023 in
3124 1969 3219 2024 illo
3254 1971 3319 2023 ⁸³.
3361 1990 3379 2021 ι
3446 1970 3634 2024 Videte

2057 2057 2183 2112 hinc
2208 2060 2383 2113 denuo
2404 2058 2586 2115 Patris
2617 2076 2680 2115 ac
2702 2060 2820 2114 Filii
2872 2062 3239 2129 aaqnalitatem
3270 2079 3283 2116 :
3330 2076 3452 2116 nam
3482 2080 3500 2112 ι
3537 2063 3605 2116 Pa

2056 2156 2159 2216 ter,
2191 2149 2387 2220 inquit,
2424 2151 2475 2204 in
2504 2166 2589 2206 me
2610 2163 2716 2217 est,
2753 2161 2805 2206 et
2837 2168 2936 2223 ego
2963 2153 3014 2207 in
3046 2153 3139 2207 illo
3179 2153 3244 2207 “.
3284 2172 3302 2206 ι
3352 2155 3633 2209 ld'atnem

2058 2240 2109 2294 in
2141 2240 2345 2312 majore
2377 2257 2442 2299 ac
2480 2243 2690 2298 minore
2726 2245 2950 2315 reperiri
3000 2260 3225 2315 prorsus
3279 2261 3383 2301 non
3438 2255 3629 2315 potest.

2052 2332 2348 2402 'quuejam
2371 2336 2775 2392 demonstrabo.
2800 2337 3121 2394 Universam
3146 2338 3305 2394 simul
3327 2349 3631 2393 creaturam

2055 2424 2323 2480 visibilem
2359 2436 2518 2496 atque
2545 2427 2871 2484 invisibilem
2904 2431 2956 2484 in
2984 2445 3043 2485 se
3071 2431 3473 2486 circumscribit
3516 2433 3641 2486 uni-

2058 2517 2283 2573 versalis
2301 2518 2462 2583 Deus,
2483 2522 2566 2574 vel
2600 2521 2779 2590 potius
2804 2537 2964 2576 manu
2990 2539 3086 2578 sua
3120 2533 3260 2578 tenet
3286 2538 3300 2577 :
3329 2542 3348 2575 ι
3390 2522 3637 2587 Namque

2060 2610 2112 2663 in
2137 2611 2385 2668 manibus
2408 2610 2524 2680 ejus
2557 2622 2703 2679 sunt,
2740 2614 2936 2682 inquit,
2971 2629 3161 2670 omnes
3193 2616 3328 2671 lines
3351 2604 3566 2671 terrm“
3613 2637 3629 2667 ι

2060 2701 2124 2755 Ει
2156 2702 2376 2772 insuper
2416 2719 2430 2757 :
2496 2722 2515 2755 ι
2551 2704 2652 2771 Qui
2689 2706 2936 2761 continet
2967 2722 3158 2779 gyrum
3186 2716 3366 2771 teme,
3402 2709 3635 2764 incolas-

2060 2809 2166 2862 que
2186 2794 2304 2862 ejus
2335 2796 2477 2851 sicut
2510 2795 2744 2851 locustas
2776 2799 2843 2852 “.
2882 2816 2901 2850 ι
2936 2799 3002 2854 Et
3025 2800 3151 2855 alibi
3186 2817 3200 2853 :
3250 2818 3268 2850 ι
3302 2800 3434 2868 Quis
3482 2818 3636 2856 meu-

2061 2900 2154 2941 Sus
2212 2894 2295 2941 est
2324 2902 2486 2940 manu
2518 2902 2614 2943 sua
2647 2903 2837 2958 aquas,
2862 2902 2917 2943 et
2942 2891 3138 2945 caelum
3179 2892 3378 2960 palmo,
3408 2903 3461 2948 et
3519 2896 3639 2947 uui-

2063 2989 2270 3031 versam
2301 2985 2500 3033 terram
2549 2979 2750 3050 pugillo
2772 2981 2865 3034 '7?
2902 2999 2921 3032 ›
2976 2982 3297 3039 Universam
3336 2984 3541 3056 itaque,
3582 2996 3640 3041 ut

2062 3067 2191 3132 dixi,
2227 3077 2534 3123 creaturam
2569 3085 2729 3124 manu
2757 3073 2998 3128 continet
3019 3071 3349 3131 universalis
3377 3077 3635 3142 Creator;

2064 3157 2237 3228 ipsum
2269 3169 2449 3215 autem
2486 3175 2515 3214 a
2542 3172 2791 3217 creatura
2814 3165 3083 3219 contineri
3117 3167 3453 3239 impossibile
3502 3184 3583 3227 est
3621 3192 3634 3227 :

376 3251 637 3306 ἀδύνατον
660 3266 674 3281 ⁸
722 3249 919 3303 οὐκοῦν
947 3251 1230 3321 ἀμήχανον
1280 3250 1370 3303 ὑπ’
1409 3250 1657 3321 ἀλλήλων
1693 3251 1762 3304 τά
1799 3252 1955 3306 ἄνισα

2064 3264 2195 3318 ergo
2232 3249 2346 3305 fieri
2383 3252 2569 3321 nequit
2599 3262 2657 3307 ut
2700 3254 2983 3323 inmqualia
3030 3257 3260 3314 invicem
3308 3263 3637 3317 contineant.

379 3344 694 3416 χωρηθῆναι
717 3360 731 3374 ⁸
767 3346 816 3397 εί
858 3344 915 3397 δὲ
944 3342 1101 3396 τοῦτο
1125 3343 1341 3415 ἀληθὲς.
1368 3344 1558 3415 ὣσπερ
1597 3346 1692 3397 καὶ
1738 3345 1957 3415 ἀληθὲς,

378 3440 546 3509 χωρεῖ
583 3437 640 3491 δὲ
680 3438 708 3490 6
739 3436 867 3501 Υἱὸς
898 3436 990 3488 τὸν
1039 3435 1277 3509 Πατέρα,
1328 3436 1518 3508 ὥσπερ
1556 3440 1583 3490 6
1632 3437 1820 3510 Πατὴρ
1868 3436 1960 3490 τὸν

380 3528 529 3593 Υίδν,
552 3526 770 3599 εὔδηλον
795 3530 823 3581 6
851 3528 948 3597 τῆς
976 3528 1290 3597 ἀνισότητος
1316 3526 1472 3596 λόγος
1494 3528 1841 3599 ἐκδέόληται,
1863 3529 1960 3583 καὶ

381 3619 562 3689 ἰσότης
596 3621 654 3672 ὲν
684 3620 860 3687 Πατρὶ
894 3618 985 3672 καὶ
1018 3617 1131 3689 Υίῷ
1159 3617 1503 3690 γνωρίζεται.

450 3736 547 3787 1Δ’.
582 3731 923 3798 Ἀπόδειξις,
958 3732 1227 3855 ίσότὲξέοέν
1263 3727 1416 3785 εἶναι
1457 3730 1535 3797 τῷ
1562 3734 1741 3801 Πατρὶ
1783 3732 1890 3785 τὸν

1192 3820 1249 3855 ν.

1192 3820 1249 3857 ν.

449 3916 664 3986 Ταύτην
702 3915 758 3970 δὲ
796 3910 952 3979 αὖθις
991 3916 1142 3987 ἡμᾶς
1167 3914 1330 3980 αὐτὸς
1356 3916 1385 3968 6
1415 3916 1693 3986 Δεσπότης
1726 3917 1960 3986 Χριστος

379 4008 611 4080 ἀλλαχοῦ
649 4009 888 4063 διδάσκει
911 4006 1085 4077 λέγων
1103 4024 1117 4038 σ
1157 4028 1175 4059 ι
1199 4005 1339 4076 Ἐγὼ
1363 4008 1479 4078 ειμι
1508 4008 1542 4076 ἡ
1578 4006 1739 4077 θύρα.
1772 4006 1960 4067 Οὐδεὶς

379 4104 598 4173 ἔρχεται
629 4101 766 4172 πρὸς
799 4099 888 4153 τὸν
918 4098 1158 4169 Πατέρα,
1191 4100 1240 4151 εί
1275 4098 1351 4169 μὴ
1377 4098 1444 4151 δι’
1467 4096 1623 4168 ἐμοῦ.
1660 4117 1677 4149 ι
1712 4097 1817 4150 Καὶ
1844 4096 1961 4149 έτέ·

382 4193 582 4265 ρωθεν·
627 4211 644 4243 ι
677 4189 865 4253 Οὐδεὶς
896 4189 1119 4259 ἔρχεται
1148 4188 1285 4259 πρὸς
1314 4188 1405 4242 τὸν
1428 4188 1559 4240 Υίὸν
1598 4187 1722 4258 ἐμὲ,
1751 4186 1845 4240 ἐὰν
1886 4187 1959 4258 μὴ

377 4286 408 4337 6
435 4282 625 4350 Πατήρ
657 4295 757 4350 μου
789 4280 818 4331 6
848 4277 1098 4348 οὐράνιος
1133 4278 1314 4350 άγάγῃ
1344 4277 1525 4331 αὐτόν.
1549 4296 1566 4330 ι
1587 4277 1962 4348 Διδασκόμεθα

378 4376 436 4429 δὲ
469 4370 742 4435 ἐντεῦθεν,
775 4370 849 4433 ὡς
880 4369 1081 4440 ὁμοίως
1114 4369 1206 4422 καὶ
1243 4372 1271 4423 6
1314 4369 1436 4433 Υἱὸς
1467 4368 1547 4439 τῷ
1576 4370 1771 4441 Πατρὶ,
1801 4370 1898 4423 καὶ
1935 4371 1964 4423 6

381 4466 573 4538 Πατὴρ
606 4463 682 4535 τῷ
711 4463 826 4535 Υίῷ
861 4462 1131 4533 προσάγει
1162 4462 1289 4525 τοὺς
1315 4463 1673 4533 σωζομένους.
1705 4463 1814 4516 Ποῦ
1854 4463 1965 4517 τοί-

382 4576 478 4613 νυν
505 4560 539 4628 ἡ
566 4553 939 4627 δουλοπρεπὴς
968 4552 1075 4607 τῶν
1102 4552 1394 4625 αἱρετικῶν
1422 4553 1766 4625 λειτουργίας
1801 4552 1902 4607 ποῦ
1928 4554 1959 4625 ἡ

380 4653 445 4723 τῇ
474 4649 648 4704 κτίσει
685 4646 969 4718 πρέπουσα
1012 4643 1283 4705 διακονίας
1320 4642 1422 4697 ποῦ
1447 4644 1545 4714 τῆς
1570 4645 1850 4717 Πατρικῆς
1882 4645 1966 4698 δε-

383 4739 638 4802 σποτείας
685 4738 779 4791 καὶ
808 4735 987 4810 [Υίοῦ]
1023 4735 1267 4799 δουλείας
1315 4736 1606 4808 ἀνισότητα
1657 4736 1802 4808 Ιόοᾶ.
1838 4738 1968 4791 ἀλλ’

385 4828 636 4903 ἰσότητα]
686 4828 985 4893 δείκνυσιν;
1028 4825 1326 4898 Ἀκούομεν
1368 4825 1479 4897 γὰρ
1521 4826 1597 4891 ὠς
1638 4826 1731 4880 νῦν
1775 4828 1805 4881 6
1838 4828 1966 4891 Υἱὸς

383 4922 608 4994 ποδηγεῖ
643 4920 777 4992 πρὸς
808 4920 899 4974 τὸν
924 4919 1146 4993 Πατέρα
1167 4920 1294 4983 τοὺς
1316 4919 1592 4991 σωτηρίας
1616 4920 1959 4990 ἐφιεμένουςο

383 5014 478 5065 καὶ
510 5012 605 5065 νῦν
632 5014 661 5066 6
690 5011 879 5085 Πατὴρ
915 5011 1074 5065 τοῦτο
1107 5012 1271 5075 ποιεί,
1308 5011 1401 5064 καὶ
1439 5008 1517 5081 τῷ
1550 5008 1661 5079 Υίῷ
1695 5011 1961 5082 προσάγει

384 5103 483 5171 τῆς
520 5103 751 5166 πίστεως
789 5104 912 5166 τοὺς
950 5103 1268 5175 τροφίμους.

527 5216 626 5269 IE'.
649 5215 766 5267 Ὅτι
799 5216 908 5285 μία
944 5218 1173 5285 Πατρός
1211 5217 1310 5271 καί
1359 5218 1493 5272 Υἰοῦ
1534 5220 1571 5287 ἡ
1612 5221 1818 5289 φύσις.

456 5326 565 5381 Καὶ
598 5327 937 5399 μανθάνομεν
966 5328 1213 5383 ἐντεῦθεν
1250 5332 1459 5403 Πατρὸς
1489 5333 1582 5386 καὶ
1612 5333 1741 5387 Υίοῦ
1770 5335 1827 5388 τὸ
1856 5336 1961 5388 ἰσό-

382 5435 570 5490 τιμονο
604 5418 761 5472 τοῦτο
784 5419 841 5473 δὲ
874 5420 967 5473 καὶ
995 5422 1259 5492 ἑτέρωθεν
1281 5422 1396 5476 ἔστι
1429 5424 1640 5495 μαθεῖν,
1671 5426 1835 5480 αὐτοῦ
1860 5428 1952 5481 τοῦ

383 5510 591 5581 Κυρίου
620 5508 1001 5579 διαλεγομένου
1031 5512 1161 5582 πρὸς
1177 5515 1301 5576 τοὺς
1328 5514 1612 5571 Ἰουδαίους
1637 5518 1955 5583 ἀκούοντας·

383 5600 551 5653 πολλὰ
584 5600 693 5672 γὰρ
727 5598 1032 5665 διεξελθὼν,
1076 5601 1301 5673 ὕστερον
1328 5607 1571 5675 ἐπήγαγε
1593 5626 1604 5636 ·
1644 5628 1661 5657 ‹
1697 5608 1813 5661 Κᾶν
1847 5610 1958 5677 ἐγὼ

2064 3342 2215 3408 Quod
2239 3343 2281 3395 si
2321 3357 2505 3397 verum
2530 3354 2639 3409 est,
2667 3355 2725 3400 ut
2753 3362 2945 3417 reapse
2965 3358 3069 3411 cst,
3102 3349 3271 3403 Filius
3303 3364 3482 3406 autem
3512 3370 3642 3410 cou-

2066 3436 2200 3487 tinet
2237 3433 2473 3498 Putrem,
2507 3448 2562 3490 ut
2589 3437 2754 3493 Pater
2778 3437 2974 3494 Filium
3002 3457 3017 3495 :
3053 3440 3437 3512 iuaaqualitatis
3462 3462 3643 3500 assera

2062 3527 2135 3579 tio
2174 3527 2455 3582 evidenter
2483 3530 2809 3597 exploditur,
2848 3541 2904 3586 ct
2934 3534 3216 3603 aequalitas
3251 3536 3302 3590 in
3348 3536 3507 3593 Putre
3555 3537 3667 3594 Fil

2063 3617 2241 3687 lioque
2273 3622 2610 3690 agnoscitur.

2060 3730 2277 3802 692m
2340 3732 2477 3786 XIV.
2546 3734 2955 3817 Demonstro-tio
2991 3742 3131 3805 quod
3191 3745 3386 3800 honore
3437 3748 3500 3800 sit
3544 3763 3643 3817 pur

2662 3807 2811 3861 Patri
2842 3808 3035 3864 Filius.

2136 3912 2285 3969 Hanc
2325 3915 2481 3970 nobis
2514 3918 2719 3985 pariter
2747 3918 3271 3979 demonstrationem
3304 3925 3419 3996 ipse
3457 3928 3637 3983 Domi-

2067 4021 2167 4061 nus
2189 4007 2441 4063 Christus
2468 4008 2597 4064 alibi
2628 4010 2758 4065 facit
2777 4011 2999 4068 dicens:
3031 4031 3049 4065 t
3078 4012 3190 4085 Ego
3210 4030 3329 4071 sum
3349 4019 3549 4073 ostimn
3572 4021 3637 4073 δυ.

2064 4097 2235 4154 Nemo
2289 4100 2439 4154 venit
2497 4100 2563 4155 ad
2600 4100 2815 4157 Patrem
2852 4104 2956 4159 nisi
2995 4121 3092 4174 per
3134 4122 3220 4162 me
3248 4109 3316 4162 ".
3366 4128 3385 4162 ι
3434 4110 3497 4165 Ει
3534 4111 3643 4163 alio

2066 4192 2187 4248 loco
2217 4210 2230 4246 :
2269 4211 2288 4245 ‹
2327 4191 2498 4248 Nemo
2530 4195 2676 4250 venit
2706 4197 2774 4251 ad
2805 4212 2893 4253 me
2916 4197 3138 4263 Filium.
3164 4200 3268 4257 nisi
3299 4201 3462 4258 Pater
3489 4220 3642 4259 mens

2064 4282 2307 4340 caelestis
2362 4284 2656 4341 adduxerit
2712 4286 2862 4342 illum
2889 4288 2956 4346 ³⁸.
3001 4309 3021 4343 ι
3066 4289 3204 4348 Hinc
3251 4293 3512 4351 docemur
3553 4295 3644 4351 Fi-

2066 4376 2195 4430 lium
2229 4390 2385 4446 teque
2418 4378 2485 4433 ad
2522 4377 2737 4435 Patrem
2766 4420 2782 4445 ,
2814 4379 3143 4454 Patremque
3191 4386 3257 4440 ad
3298 4386 3496 4444 Filium
3532 4392 3637 4445 sal-

2068 4468 2274 4523 vandos
2308 4469 2596 4527 adducere.
2650 4469 2880 4527 Ubinam
2930 4489 3064 4544 ergo
3105 4477 3322 4532 servilis
3360 4478 3645 4537 lmretico-

2070 4580 2190 4618 rum
2222 4564 2487 4636 liturgia?
2515 4564 2747 4621 Ubinam
2773 4579 3041 4625 creaturae
3075 4573 3403 4630 conveniens
3428 4575 3646 4633 cultus?

2071 4656 2427 4723 Quandonam
2467 4666 2708 4727 paternae
2750 4659 3139 4718 damiuationis
3168 4674 3222 4718 et
3257 4665 3436 4721 Iilialis
3470 4670 3645 4724 servi-

2068 4748 2197 4803 tutis
2222 4747 2651 4817 iutequalitatem
2676 4750 3174 4809 demonstrabuut?
3198 4753 3463 4814 Audimus
3498 4759 3642 4814 enim

2067 4842 2226 4895 modo
2254 4856 2283 4895 a
2317 4841 2459 4897 Filio
2487 4842 2680 4899 deduci
2723 4844 2790 4899 ad
2833 4843 3054 4901 Patrem
3098 4847 3290 4904 salutis
3332 4853 3641 4913 studiosos;

2067 4932 2226 4986 modo
2246 4932 2299 4987 id
2329 4933 2503 5004 ipsum
2534 4952 2561 4987 ει
2593 4934 2750 4990 Putre
2781 4937 2919 5002 ﬁeri,
2953 4938 3005 4991 id
3033 4941 3203 4993 estad
3229 4938 3423 4996 Filium
3451 4942 3641 4998 deduci

2068 5022 2191 5076 iidei
2232 5024 2507 5079 alumnos.

2238 5220 2351 5275 XV.
2390 5222 2541 5288 Quod
2570 5240 2675 5279 una
2705 5238 2770 5279 stt
2812 5224 2990 5281 Patris
3016 5240 3062 5282 et
3094 5228 3222 5285 Filii
3256 5244 3473 5288 natura.

2141 5333 2275 5391 Hinc
2306 5351 2437 5407 ergo
2479 5337 2738 5395 discimus
2780 5356 2966 5411 parem
3014 5358 3134 5399 esse
3185 5345 3366 5403 Patris
3413 5347 3645 5420 Filiiquu

2070 5428 2353 5482 honorem.
2390 5428 2495 5484 Sed
2535 5431 2681 5486 enim
2714 5433 2933 5489 aliunde
2976 5438 3138 5489 etiam
3177 5437 3228 5491 id
3267 5438 3477 5494 discere
3521 5455 3641 5508 pos-

2068 5536 2275 5584 sumus,
2306 5521 2559 5593 loquente
2589 5524 2816 5580 Domino
2846 5528 2913 5581 ad
2939 5529 3217 5583 auditores
3237 5528 3475 5587 Judaaos.
3507 5531 3637 5587 Nam

2069 5614 2249 5668 inultis
2286 5614 2474 5680 dictis,
2522 5625 2798 5681 postremo
2849 5620 3158 5677 conclusit:
3203 5640 3222 5674 ς
3272 5624 3495 5681 Etiamsi
3540 5643 3641 5696 ego

450 5787 490 5873 ’.ί
528 5783 680 5839 Imm.
718 5799 767 5848 ν,
800 5783 884 5873 Γζ.
938 5787 1007 5873 I“
1045 5786 1171 5839 ibid.
1203 5784 1298 5871 2|.-
1370 5788 1417 5873 ’ξ
1451 5787 1603 5873 δίκη).
1635 5805 1686 5852 κ,
1722 5792 1808 5846 57.
1893 5794 1938 5825 ’⁷⁵

2065 5796 2216 5851 L38.
2295 5772 2762 5867 “psum.”
2840 5804 3237 5873 "Ismuﬂi.
3313 5810 3626 5867 "ibidJQ.

379 5856 423 5888 ⁸⁸
453 5853 606 5909 Joettl.
643 5870 694 5918 Χ,
721 5857 754 5907 9
854 5856 894 5887 ²⁹
928 5853 1082 5910 Joau.
1120 5871 1227 5921 xw,
1269 5857 1320 5907 l5.
1398 5857 1440 5887 ³ο
1475 5857 1628 5914 Joutt.
1668 5877 1738 5926 \‘l,
1777 5863 1863 5918 il.
