4122 6506
548 387 681 445 liii?

1540 381 1594 435 S.
1637 380 1907 435 CYRH.”
1946 381 2411 439 ALEXANDIHNI
2450 382 2771 439 ARClllEP.

3665 394 3807 450 “63

546 505 613 553 de
672 493 880 561 meipso
922 499 1113 554 testor,
1160 488 1529 542 testimonium
1571 504 1749 544 meum
1790 506 1973 546 verum
2018 503 2122 558 est,

2231 494 2357 563 περὶ
2404 493 2641 564 ἐμαυτοῦ
2696 495 2980 566 μαρτυρῶ,
3038 498 3071 567 ἡ
3125 498 3399 570 μαρτυρία
3446 517 3551 571 μου
3602 504 3811 577 ἀληθής

544 586 671 656 quia
704 583 849 638 solus
882 596 987 636 non
1018 595 1159 643 sum,
1202 580 1298 633 sed
1327 594 1429 649 ego
1472 590 1526 634 et
1555 581 1645 648 qui
1693 583 1843 634 misit
1887 596 1972 635 me
2018 581 2121 636 Pa-

549 688 649 731 ter.
700 672 757 727 in
791 680 970 726 vestra
1014 683 1233 739 quoque
1264 669 1380 737 lege
1428 669 1691 738 scriptum
1727 680 1838 739 est,
1891 670 2122 726 duorum

551 764 828 819 hominum
878 761 1272 822 testimonium,
1302 772 1487 812 verum
1524 758 1782 827 judicari.
1839 760 1978 814 Ecce
2021 774 2124 830 ego

546 859 613 908 de
638 869 722 907 me
752 862 952 915 testor,
982 864 1244 918 meusque
1279 848 1441 903 simul
1473 850 1538 903 de
1565 864 1670 916 me,
1704 849 1797 919 qui
1828 864 1916 905 me
1954 851 2122 916 misit,

553 948 710 1001 Pater
735 953 984 998 testatur.
1024 941 1282 995 Dicebant
1318 953 1449 1008 ergo
1481 940 1529 994 ei
1559 938 1730 994 δυόωὶ
1768 958 1781 994 :
1823 958 1842 991 ι
1887 938 2122 994 Ubinam

549 1050 633 1096 est
677 1038 837 1094 Pater
883 1035 1048 1091 tuus?
1092 1032 1396 1102 Respondit
1437 1032 1519 1087 eis
1564 1030 1722 1087 Jesus
1755 1050 1768 1085 :
1803 1031 1991 1101 Neque
2035 1048 2124 1087 me

555 1134 731 1195 scitis,
762 1144 937 1199 neque
962 1126 1179 1180 Patrem
1203 1139 1403 1179 meum.
1438 1121 1495 1177 Si
1526 1137 1614 1177 me
1645 1124 1880 1191 sciretis,
1905 1123 2123 1177 Patrem

550 1235 765 1293 quoque
800 1233 980 1273 meum
1007 1215 1224 1270 sciretis
1256 1213 1324 1266 ³¹.
1372 1231 1391 1266 ι
1436 1212 1625 1282 Papae!
1663 1222 1866 1282 quanta
1896 1223 1977 1268 est
2018 1214 2125 1267 hae-

551 1313 847 1368 reticorum
883 1305 1129 1362 insania!
1164 1313 1368 1373 quanto
1398 1302 1651 1359 laborant
1694 1314 1915 1373 stupore
1948 1305 2001 1359 hi
2031 1305 2122 1376 qui

549 1404 663 1458 Arii
715 1398 1073 1467 Eunomiiqne
1125 1396 1477 1463 blasphemia:
1520 1406 1647 1451 sunt
1685 1398 1964 1453 hmredes!
2015 1396 2123 1451 Sed

549 1506 743 1565 praeter
792 1490 1101 1553 insaniam,
1147 1489 1374 1543 multam
1416 1503 1629 1558 quoque
1672 1489 1856 1544 videre
1899 1490 2023 1544 licet
2072 1489 2122 1543 in

549 1583 681 1653 ipsis
712 1581 978 1650 vigentem
1020 1578 1412 1647 impudentiam
1446 1592 1461 1630 :
1500 1592 1623 1631 nam
1670 1580 1984 1633 missionem
2030 1592 2125 1633 sus

546 1676 721 1743 deque
750 1678 1201 1730 commemorant,
1231 1676 1287 1722 et
1322 1668 1625 1722 mittentem
1670 1669 1930 1738 majorem
1959 1669 2124 1724 misso

546 1779 668 1821 esse
692 1764 902 1817 dicunt.
935 1760 1113 1816 Tanta
1158 1760 1265 1815 illis
1296 1760 1440 1815 inest
1477 1760 1781 1831 ignorantia
1812 1760 2124 1831 Scriptura-

2231 588 2396 649 ἐστιν,
2428 586 2507 639 ὅτι
2537 586 2696 656 μόνος
2728 588 2828 640 οὐκ
2852 588 2988 658 εἰμὶ,
3020 588 3135 641 ἀλλ’
3167 589 3277 657 ἐγὼ
3308 592 3402 644 καὶ
3435 595 3464 646 6
3491 595 3711 665 πέμψας
3741 616 3809 667 με

2231 680 2420 751 Πατήρ
2443 698 2456 712 ·
2480 680 2574 733 καὶ
2600 681 2659 732 ὲν
2685 681 2763 750 τῷ
2794 680 2943 751 νόμῳ
2970 681 3027 734 δὲ
3050 681 3126 752 τῷ
3157 684 3404 755 ὑμετέρῳ
3426 690 3810 757 γεγραμμένον

2229 772 2397 834 ἐστὶν,
2436 771 2517 823 ὅτι
2552 771 2645 823 δύο
2684 770 2988 843 ἀνθρώπων
3022 774 3054 843 ἡ
3097 774 3369 846 μαρτυρία
3401 776 3607 847 ἀληθής
3640 782 3803 831 ἐστιν.

2242 862 2385 931 Έγὼ
2411 865 2526 934 είμι
2555 865 2583 915 6
2616 864 2914 935 μαρτυρῶν
2952 866 3081 935 περὶ
3123 867 3381 936 ἐμαυτοῦ,
3409 869 3505 921 καὶ
3545 875 3812 943 μαρτυρεί

2231 955 2359 1025 περὶ
2391 954 2524 1025 ἐμοῦ
2563 957 2591 1008 6
2622 955 2841 1025 πέμψας
2881 974 2949 1026 με
2980 957 3426 1028 Πατήρ.Ἐλεγον
3459 957 3551 1013 οὖν
3584 962 3730 1031 αὐτῷ
3756 965 3806 1015 οί

2242 1046 2663 1100 ’1ουδαῖοιοιιιοῦ
2692 1048 2840 1102 ἔστιν
2870 1050 2898 1101 6
2926 1050 3113 1121 Πατήρ
3146 1067 3271 1117 σου;
3302 1052 3597 1124 ’Δπεκρίθη
3627 1056 3808 1119 αὐτοῖς

2225 1139 2257 1190 6
2308 1138 2533 1208 Ἰησοῦς·
2565 1136 2701 1193 Οὔτε
2729 1140 2829 1211 ἐμὲ
2860 1141 3055 1205 οἴδατε,
3084 1141 3209 1194 οὔτε
3235 1142 3326 1195 τὸν
3357 1144 3572 1214 Πατέρα
3601 1164 3700 1214 μου
3720 1164 3733 1177 ν
3758 1148 3809 1200 εί

2227 1229 2330 1299 ἐμὲ
2363 1229 2560 1295 οἴδατε,
2593 1231 2687 1285 καὶ
2714 1232 2805 1285 τὸν
2835 1234 3054 1304 Πατέρα
3083 1234 3258 1305 ᾔδειτε
3287 1235 3352 1288 ἄν
3371 1252 3386 1266 ·
3416 1254 3435 1287 ι
3471 1237 3631 1306 βαϐαὶ⁵
3666 1240 3806 1309 πόση

2228 1320 2335 1373 τῶν
2368 1322 2661 1392 αίρετικῶν
2703 1325 2735 1392 ἡ
2778 1325 3162 1394 παραπληξίαι
3212 1325 3382 1395 πόσην
3416 1328 3659 1380 νοσοῦσιν
3703 1332 3808 1399 ἐμ-

2230 1411 2555 1483 ϐροντησίαν
2579 1414 2630 1466 οί
2654 1414 2753 1483 τῆς
2787 1416 2997 1486 Ἀρείου
3027 1418 3119 1468 καὶ
3167 1417 3432 1487 Εὐνομίου
3463 1418 3809 1491 βλασφημίας

2233 1504 2592 1576 κληρονόμοιι
2651 1506 2786 1578 πρὸς
2837 1510 3346 1581 τῇ.παραπληξίᾳ,
3403 1510 3602 1583 πολλὴν
3660 1516 3810 1567 ἔστιν

2234 1598 2362 1651 ἰδεῖν
2409 1600 2466 1650 ὲν
2511 1599 2697 1662 αὐτοῖς
2728 1599 3066 1654 ἐπανθοῦσαν
3105 1601 3519 1671 ἀναισχυντίανο
3556 1603 3653 1673 τῆς
3699 1605 3808 1678 γὰρ

2230 1690 2533 1761 ἀποστολῆς
2561 1690 2674 1744 ἄνω
2696 1691 2789 1743 καὶ
2817 1691 2968 1745 κάτω
2998 1692 3415 1762 μνημονεύουσι,
3447 1693 3540 1746 καὶ
3570 1694 3654 1747 τὸν
3675 1698 3810 1749 61:0-

2234 1783 2516 1837 στείλαντα
2548 1782 2639 1837 τοῦ
2671 1785 3065 1848 ἀποσταλέντος
3093 1785 3256 1853 φασιν
3287 1783 3424 1841 εἶναι
3453 1786 3773 1860 τιμιὼτερον
3792 1810 3807 1824 ο

550 1854 699 1908 rum!
752 1852 940 1923 Neque
972 1861 1228 1920 reputant
1266 1851 1409 1919 quod
1456 1851 1523 1904 ab
1562 1850 1752 1906 lsaaco
1796 1849 2031 1906 Jacobns
2074 1853 2124 1906 in

2231 1874 2498 1945 τοσαύτην
2524 1875 2739 1945 ἔχουσιν
2770 1875 3008 1945 ἀμαθίαν
3033 1849 3139 1928 τῶν
3168 1877 3394 1948 Γραφῶν
3415 1899 3432 1915 ο
3466 1849 3556 1935 καὶ
3577 1885 3639 1937 οὐ
3667 1849 3810 1953 λογίο

549 1946 994 2015 Mesopotamiam
1022 1945 1240 2008 missus,
1276 1958 1384 1998 non
1412 1942 1647 2011 idcirco,
1679 1944 1746 1998 ad
1783 1943 2003 2015 693m
2034 1960 2130 1997 na-

551 2050 727 2094 turam
762 2039 906 2108 quod
950 2036 1163 2102 attinet,
1202 2038 1382 2091 minor
1424 2046 1511 2091 est
1549 2038 1815 2096 mittente.
1857 2035 2036 2106 A‘Jque
2078 2045 2133 2090 et

546 2132 817 2203 Josephus
846 2133 1047 2186 missus
1087 2147 1115 2185 a
1158 2132 1362 2188 Jacoho
1406 2133 1506 2187 fuit
1541 2132 1608 2186 ad
1654 2131 1852 2185 fratres
1896 2145 2023 2184 suos
2055 2131 2134 2184 in-

552 2225 895 2297 spiciendos,
948 2239 1129 2293 neque
1177 2236 1357 2279 tamen
1402 2225 1689 2294 quisquam
1737 2222 1941 2275 dixerit
1988 2222 2131 2275 hunc

556 2320 727 2390 patris
773 2327 978 2372 natura:
1023 2332 1128 2373 non
1190 2316 1355 2372 fuisse
1406 2317 1761 2387 participem,
1814 2314 1939 2382 quia
1989 2315 2128 2383 patri

551 2412 937 2481 obtemperans
969 2409 1285 2465 missionem
1322 2409 1685 2478 peragendam
1720 2404 1983 2475 suscepit.

618 2649 726 2705 Sed
764 2648 917 2703 aiunt
953 2645 1226 2701 fortasse:
1266 2641 1492 2696 Etiamsi
1524 2650 1733 2695 natura:
1773 2639 1985 2693 ratione
2021 2652 2126 2691 nou

548 2743 767 2797 fuerunt
796 2739 848 2794 hi
880 2738 1162 2793 mittentes
1192 2733 1425 2803 majores
1450 2733 1652 2798 missis,
1677 2741 1734 2786 at
1763 2741 1985 2802 paterna
2023 2730 2130 2785 sal-

548 2846 656 2892 tem
692 2834 958 2903 dignitate
1003 2830 1294 2901 primatum
1362 2826 1585 2882 honoris
1641 2826 1917 2880 tenebant.
1963 2824 2126 2894 Atqui

550 2944 647 2983 nos
677 2925 1064 2996 comperimus,
1102 2936 1136 2976 ο
1165 2921 1340 2975 insani
1372 2920 1492 2991 (vos
1517 2919 1662 2973 enim
1702 2917 2021 2971 nominatim
2053 2916 2129 2968 al-

549 3018 790 3089 loquor),
821 3014 1055 3083 majores
1088 3026 1303 3082 quoque
1329 3027 1360 3064 a
1386 3011 1687 3064 minoribus
1723 3010 1936 3072 missos,
1954 3024 2128 3074 neque

551 3111 756 3166 idcirco
803 3105 1023 3176 proprio
1069 3102 1275 3156 honore
1322 3102 1519 3155 missos
1569 3099 1945 3167 spoliabimus.
1990 3094 2125 3149 Nam

2234 1965 2416 2030 ζονται
2444 1966 2520 2029 ὡς
2559 1966 2663 2020 61:6
2691 1967 2784 2020 :06
2826 1967 3013 2020 Ἰσαὰκ
3037 1969 3065 2019 6
3101 1968 3294 2022 Ἰακὼϐ
3328 1973 3407 2034 είς
3438 1972 3536 2043 τὴν
3561 1975 3809 2028 Μεσοπο-

2228 2058 2432 2129 ταμίαν
2465 2059 2895 2130 ἀπεσταλμένος,
2916 2061 2975 2111 οὐ
3011 2060 3116 2131 μὴν
3142 2060 3229 2113 διὰ
3252 2061 3408 2116 τοῦτο
3431 2065 3667 2119 ἐλάττων
3692 2068 3813 2120 ἐστὶ

2230 2151 2325 2205 τοῦ
2358 2153 2781 2215 ἀποστείλαντος
2811 2151 2953 2205 κατά
2992 2152 3084 2205 τὸν
3119 2151 3272 2220 λόγον
3297 2154 3397 2223 τῆς
3430 2157 3670 2224 φύσεως·
3698 2160 3810 2211 an-

2231 2244 2408 2307 αύτως
2434 2244 2492 2296 δὲ
2522 2245 2617 2297 καὶ
2653 2246 2851 2315 Ἰωσὴφ
2897 2248 3177 2317 ἀπεστάλη
3224 2249 3323 2318 μὲν
3352 2250 3457 2303 61:6
3491 2250 3584 2303 :06
3616 2253 3811 2305 Ἰακὼϐ

2230 2335 2627 2404 ἐπισκέψασθαι
2677 2337 2801 2400 τοὺς
2848 2337 3110 2405 ἀδελφοὺς
3157 2338 3345 2403 αὑτοῦ,
3380 2343 3472 2394 καὶ
3521 2343 3695 2405 οὐδεὶς
3740 2344 3812 2396 ἂν

2232 2428 2365 2499 φαίη
2406 2430 2505 2499 τῆς
2547 2429 2642 2481 τοῦ
2679 2430 2883 2499 πατρὸς
2930 2430 3144 2496 φύσεως
3195 2432 3268 2503 μὴ
3317 2434 3582 2504 μετέχειν,
3618 2437 3810 2507 ἐπειδὴ

2229 2520 2307 2591 τῷ
2339 2521 2506 2593 πατρὶ
2533 2521 2852 2590 πειθόμενος
2881 2521 2979 2591 τὴν
3002 2523 3299 2595 ἀποστολὴν
3333 2527 3671 2590 κατεδέξατο.

2314 2658 2477 2712 Ἀλλά
2505 2675 2668 2728 φασιν
2700 2657 2857 2721 ἴσως·
2891 2659 2951 2711 Ei
2986 2658 3061 2729 μὴ
3088 2659 3229 2712 κατὰ
3262 2660 3351 2712 τὸν
3379 2662 3534 2730 λόγον
3562 2665 3659 2733 τῆς
3701 2664 3803 2732 φύ-

2233 2765 2371 2811 σεως
2404 2749 2622 2818 μείζους
2651 2748 2881 2801 ἐνταῦθα
2913 2748 3018 2800 τῶν
3051 2750 3461 2804 ἀποσταλέντων
3483 2755 3529 2804 οἱ
3554 2754 3806 2807 ἀποστείυ

2231 2842 2441 2906 λαντες,
2479 2839 2620 2894 κατά
2666 2840 2727 2892 τὸ
2759 2840 3024 2911 πατρικὸν
3071 2841 3202 2908 γοῦν
3246 2842 3458 2913 ἀξίωμα
3497 2843 3674 2913 ἔχουσι
3708 2847 3807 2916 τῆς

2230 2931 2397 3002 τιμῆς
2445 2931 2515 2983 :6
2571 2932 2854 3000 πρεσϐεῖα.
2912 2931 3048 2984 Ἀλλ’
3083 2933 3430 3004 εὑρίσκομεν,
3484 2929 3527 2988 ὧ
3572 2937 3804 3007 ἀνόητοι,

2231 3022 2395 3092 φαίην
2444 3021 2510 3074 ἂν
2560 3021 2696 3091 πρὸς
2743 3022 2958 3084 αὐτοὺς,
2994 3022 3088 3075 καὶ
3132 3022 3257 3086 τοὺς
3305 3025 3521 3094 μείζους
3552 3026 3651 3077 ὑπό
3698 3028 3807 3077 τῶν

2230 3111 2526 3165 ἐλαττόνων
2571 3112 2998 3178 ἀποσταλέντας,
3028 3115 3122 3166 καὶ
3152 3115 3270 3185 οὐχί
3298 3115 3387 3169 διὰ
3415 3118 3571 3169 τοῦτο
3598 3119 3691 3186 τῆς
3723 3121 3801 3170 οἰ-

551 3202 749 3255 missns
778 3198 877 3251 fuit
904 3212 932 3249 a
972 3195 1177 3249 Davide
1217 3191 1483 3247 Jonathas
1507 3234 1522 3259 ,
1566 3192 1711 3257 regis
1754 3190 1895 3245 filius
1931 3206 1959 3243 a
1994 3204 2120 3257 pro-

2232 3204 2381 3265 κείας
2438 3203 2601 3274 τιμῆς
2654 3205 2779 3266 τοὺς
2823 3206 3227 3268 ἀποσταλέντας
3260 3206 3643 3277 γυμνώσομεν·
3697 3210 3807 3261 ἁπ-

549 3293 697 3359 fugo,
730 3297 1096 3359 conregnator
1131 3285 1302 3355 patris
1336 3283 1405 3337 ab
1435 3297 1500 3337 eo
1534 3285 1625 3351 qui
1658 3296 1723 3335 ne
1754 3282 1807 3335 in
1838 3297 2120 3337 servorum

547 3385 765 3455 quidem
803 3382 992 3435 ordine
1030 3389 1290 3446 apparere
1333 3374 1583 3428 audebat.
1632 3371 1899 3439 Quoniam
1946 3375 2126 3441 itaque

552 3478 643 3533 ille
676 3476 893 3544 quidem
928 3471 1115 3537 misit,
1149 3468 1237 3522 hic
1280 3477 1460 3519 autem
1504 3465 1701 3520 missus
1737 3477 1854 3531 est;
1888 3466 2001 3535 jam
2033 3468 2125 3537 qui

554 3570 755 3624 missus
808 3568 928 3630 fuit,
967 3580 1059 3618 rex
1113 3576 1216 3615 non
1274 3560 1401 3625 erit,
1435 3568 1494 3612 ut
1538 3574 1633 3614 vos
1686 3561 2125 3626 ratiocinamiui;

552 3675 729 3731 neque
760 3660 850 3729 qui
885 3657 1055 3715 misit.
1090 3654 1385 3724 profugus;
1422 3653 1517 3707 sed
1551 3653 1605 3705 in
1639 3653 1940 3706 mittentem
1966 3653 2125 3707 Davi-

552 3756 699 3818 dem,
729 3751 877 3805 missi
919 3749 1155 3819 dignitas
1200 3744 1456 3800 transiit:
1512 3744 1858 3814 vicissimque
1903 3745 1955 3798 in
1995 3746 2126 3799 mis-

551 3861 670 3901 sutn
697 3841 1006 3903 Jonatham,
1047 3838 1312 3892 mittentis
1342 3836 1641 3892 calamitas.
1692 3837 1900 3891 llevera
1947 3847 2125 3892 tamen

550 3940 693 3995 haud
727 3938 842 3992 haec
869 3934 942 3988 ita
977 3946 1034 3985 se
1074 3930 1295 3985 habent.
1336 3928 1445 3982 Sed
1478 3943 1579 3982 cur
1609 3928 1842 3981 humana
1882 3942 2126 3983 comme-

550 4025 871 4084 moramus?
919 4022 1298 4091 Comperimus
1350 4019 1496 4072 enim
1550 4017 1716 4073 Deum
1768 4019 2027 4082 missum,
2074 4031 2131 4074 et

550 4119 823 4174 hominem
864 4114 1192 4167 mittentem.
1220 4106 1355 4162 Nam
1392 4108 1482 4177 qui
1512 4123 1634 4162 cum
1661 4106 1863 4163 Jacobo
1899 4110 2128 4164 Iuctatus

548 4213 746 4271 fuerat.
786 4226 804 4260 t
842 4206 992 4260 Mitte
1022 4204 1354 4273 me,inquit,
1394 4216 1627 4270 namque
1660 4216 1855 4256 aurora
1896 4216 2129 4256 consur-

548 4307 644 4375 git.
686 4322 706 4354 ι
737 4303 832 4357 Cui
858 4298 1092 4355 Iacobus
1125 4297 1201 4350 ait
1236 4314 1249 4350 :
1286 4314 1304 4346 ι
1339 4293 1455 4348 Non
1493 4303 1546 4347 te
1577 4296 1864 4358 dimittam,
1898 4295 2002 4348 nisi
2035 4296 2129 4349 be-

551 4394 824 4450 netlixeris
853 4391 985 4445 tnihi
1017 4392 1083 4443 “.
1119 4407 1139 4441 ι
1173 4388 1313 4455 Quid
1345 4389 1545 4441 habent
1570 4386 1711 4456 quod
1742 4387 1825 4441 his
1852 4397 2127 4456 opponant

548 4489 818 4555 sapientes
864 4483 952 4536 isti
981 4490 1036 4535 et
1078 4479 1359 4533 artificiosi
1398 4478 1519 4532 fidei
1567 4478 1859 4531 doctores?
1894 4479 2124 4532 Aliunde

2230 3295 2426 3367 εστάλη
2458 3297 2564 3367 γὰρ
2600 3297 2705 3349 61:6
2734 3297 2828 3349 :06
2862 3299 3025 3351 Δαϐἱδ
3060 3299 3333 3364 Ἰωνάθας,
3363 3303 3390 3353 6
3416 3301 3508 3353 :06
3540 3300 3809 3371 βασιλέως

2231 3389 2345 3451 υίὸς
2370 3389 2474 3441 ὑπὸ
2502 3388 2593 3442 :06
2623 3390 2879 3457 φυγάδος,
2911 3392 2937 3442 6
2958 3389 3033 3460 τῷ
3070 3392 3236 3462 πατρὶ
3264 3391 3676 3461 συμϐασιλεύων
3703 3395 3807 3446 61:6

2229 3479 2323 3531 τοῦ
2355 3480 2488 3550 μηδὲ
2516 3482 2571 3533 ἐν
2592 3481 2801 3533 οἰκέτου
2826 3481 2975 3544 τάξει
3004 3482 3231 3550 τανῆναι
3256 3484 3563 3553 τολμῶντος
3586 3505 3597 3516 ·
3623 3487 3806 3556 ἐπειδὴ

2230 3569 2431 3635 τοίνυν,
2466 3570 2494 3620 6
2529 3569 2626 3639 μὲν
2657 3569 2990 3632 ἀπέστειλεν,
3018 3571 3044 3620 6
3075 3570 3129 3622 δὲ
3156 3572 3453 3640 ἀπεστάλη.
3492 3576 3674 3627 οὐκέτι
3711 3577 3806 3645 μὲν

2229 3661 2258 3711 6
2286 3658 2555 3729 πεμφθεὶς
2590 3658 2839 3728 βασιλεὺς
2870 3666 3007 3712 κατλ
3031 3661 3119 3712 τὸν
3146 3662 3407 3734 ὑμέτερον
3433 3666 3608 3732 λόγον,
3626 3667 3808 3721 οὐκέτι

2229 3749 2285 3801 δὲ
2312 3752 2339 3803 6
2366 3750 2691 3813 ἀποστείλας
2714 3751 2887 3819 φυγάς
2908 3769 2921 3782 '
2946 3750 3079 3803 ἀλλὰ
3108 3753 3447 3825 μεταϐέϐηκε
3477 3757 3575 3827 μὲν
3602 3760 3695 3811 ἐπὶ
3720 3761 3809 3811 τὸν

2233 3838 2627 3891 ἀποστείλαντα
2655 3839 2820 3890 Δαϐὶδ
2854 3840 2913 3890 :6
2942 3837 3035 3891 :06
3064 3858 3127 3891 πε
3139 3840 3405 3909 μφθέντος
3435 3845 3651 3915 ἀξίωμα
3672 3864 3685 3876 ·
3717 3864 3812 3915 με-

2230 3928 2503 3999 ταϐέϐηκε
2526 3928 2582 3982 δὲ
2607 3930 2697 3981 ἐπὶ
2716 3930 2807 3982 τὸν
2832 3931 3203 3983 ἀποσταλέντα
3228 3931 3373 4005 [cod.
3394 3938 3811 4012 ἀποστείλαντα]

2243 4020 2497 4072 Ἰωνάθαν
2525 4022 2556 4091 ἡ
2592 4019 2684 4073 :06
2716 4020 3029 4091 πέμψαντος
3055 4021 3348 4094 δυσκηρία·
3384 4026 3500 4079 ἀλλ’
3529 4030 3627 4098 οὐχ
3669 4029 3813 4084 οὕτω

2230 4113 2382 4166 ταῦτ’
2410 4113 2541 4182 ἔχει.
2565 4114 2671 4165 Καὶ
2693 4115 2744 4166 τί
2770 4114 2851 4166 δεῖ
2876 4113 3051 4183 λέγειν
3080 4117 3146 4168 τὰ
3162 4116 3505 4187 ἀνθρώπινα,
3542 4121 3805 4193 Εὐρίσκο-

2232 4222 2333 4275 μεν
2370 4205 2479 4277 γὰρ
2510 4205 2641 4258 Θεὸν
2670 4205 3061 4267 ἀποσταλέντα,
3100 4207 3191 4259 καὶ
3236 4208 3517 4280 ἄνθρωπον
3560 4214 3808 4266 ἀποστεί-

2229 4296 2397 4351 λαντα
2414 4316 2426 4328 ·
2463 4301 2491 4352 6
2510 4299 2618 4371 γὰρ
2637 4299 2714 4370 τῷ
2747 4299 2939 4352 Ἰακὼϐ
2972 4318 3035 4353 συ
3044 4302 3377 4371 μπαλαίσας,
3401 4304 3586 4373 φησίνο
3615 4324 3633 4356 t
3658 4306 3810 4359 Ἀπό-

2231 4389 2437 4445 στειλόν
2491 4407 2579 4462 με⁸
2615 4391 2779 4462 ἀνέϐη
2832 4392 2941 4463 γὰρ
2984 4394 3011 4444 6
3058 4393 3288 4465 ὄρθροςο
3341 4396 3477 4467 πρὸς
3521 4397 3579 4449 ὃν
3614 4398 3806 4450 Ἰακὼϐ

2230 4486 2364 4557 ἔφη·
2396 4487 2468 4539 O6
2508 4488 2580 4557 μή
2614 4503 2671 4539 σε
2699 4486 3001 4540 ἀποστείλω
3025 4487 3119 4540 ὲάν
3153 4490 3226 4559 μή
3274 4507 3340 4559 με
3383 4490 3704 4561 εὐλογήσῃςο
3752 4492 3806 4543 τί

550 4593 679 4631 vero
730 4589 798 4630 ex
870 4574 1171 4627 Dominicis
1236 4585 1452 4639 quoque
1508 4582 1900 4639 cognoscemus
1948 4570 2125 4624 verbis

2237 4579 2370 4649 πρὸς
2396 4578 2565 4631 ταῦτα
2591 4578 2768 4646 λέγειν
2801 4578 3012 4648 ἔχουσιν
3055 4580 3104 4631 oi
3147 4579 3303 4646 σοφοὶ
3332 4580 3428 4649 τῆς
3458 4579 3689 4642 πίστεως
3716 4597 3805 4632 τεο

550 4675 723 4740 ipsum
764 4682 981 4738 quoque
1016 4666 1317 4720 mittentem
1352 4660 1569 4717 Patrem
1618 4663 1784 4717 misso
1828 4678 1950 4716 cum
1988 4659 2124 4715 Filio

548 4760 992 4815 coexsistentem.
1035 4774 1057 4807 ι
1091 4757 1249 4811 Solus
1280 4754 1448 4820 enim,
1486 4753 1683 4823 inquit,
1720 4768 1824 4807 non
1852 4768 1995 4817 sum,
2029 4755 2124 4810 sed

547 4866 648 4921 ego
678 4860 735 4904 et
762 4850 854 4918 qui
894 4847 1043 4902 misit
1074 4860 1158 4901 me
1182 4842 1346 4899 Pater
1368 4842 1433 4898 ⁸³.
1476 4862 1493 4896 ι
1528 4843 1594 4896 Et
1623 4843 1733 4898 alio
1760 4842 1875 4899 loco
1904 4861 1915 4896 :
1952 4862 1971 4895 ί
2008 4844 2121 4899 Non

548 4943 767 5011 reliquit
804 4956 891 4996 me
927 4941 1101 4994 solum
1131 4936 1296 4992 Pater
1351 4951 1504 4991 meus
1524 4936 1589 4989 ³⁸.
1622 4954 1641 4989 ι
1672 4932 1740 4990 Ει
1771 4936 1897 4991 alibi
1925 4953 1939 4989 :
1975 4957 1992 4988 ι
2023 4935 2126 4989 Pa—

548 5047 630 5089 ter
675 5049 826 5088 meus
877 5035 928 5086 in
971 5048 1056 5086 me
1093 5042 1339 5089 manens,
1392 5029 1505 5098 ipse
1548 5042 1711 5097 opera
1749 5028 1880 5082 facit
1902 5028 1968 5081 ³⁵.
2008 5048 2027 5080 ι
2068 5029 2124 5081 Si

549 5144 679 5199 ergo
727 5130 780 5181 in
835 5128 951 5196 ipso
985 5136 1040 5180 et
1093 5140 1213 5177 cum
1264 5128 1379 5193 ipso
1415 5135 1536 5179 erat
1569 5124 1664 5194 qui
1707 5124 1874 5189 misit,
1906 5125 2123 5179 ubinam

547 5221 766 5276 vilitas?
794 5220 965 5274 Porro
991 5218 1083 5288 qui
1108 5219 1289 5273 omnia
1326 5217 1538 5285 implet,
1564 5233 1672 5286 quo
1710 5217 1791 5271 vel
1833 5217 1972 5271 unde
1997 5220 2126 5272 mis-

549 5329 643 5372 sus
670 5313 809 5369 fuit?
845 5313 975 5369 Nam
1015 5312 1201 5367 missio
1228 5311 1332 5366 loci
1380 5312 1731 5366 mutationem
1763 5310 1961 5364 innuit.
2002 5308 2121 5364 Jam

550 5410 595 5462 si
628 5410 806 5462 omnia
842 5407 1005 5462 Pater
1038 5405 1315 5476 Filiusque
1357 5404 1681 5468 continent,
1738 5417 1917 5472 neque
1962 5401 2126 5457 Pater

474 5532 478 5536 ο
549 5515 648 5553 ceu
679 5509 917 5552 remotus
953 5498 1151 5552 abillis
1199 5500 1268 5552 ad
1309 5512 1443 5567 quos
1480 5495 1657 5559 misit,
1698 5493 1892 5548 Filium
1942 5495 2122 5555 misit;

550 5606 724 5660 neque
750 5588 919 5642 Filius
950 5603 1017 5642 ex
1064 5589 1170 5643 alio
1218 5589 1271 5643 in
1318 5589 1481 5643 alium
1521 5585 1741 5658 mut
1781 5587 1995 5642 transiit
2040 5586 2124 5642 lo—

610 5789 663 5822 δι
692 5788 855 5844 Joan.
894 5805 1006 5854 riu,
1040 5789 1214 5844 ιιι-ιε),
1290 5788 1500 5863 “Gen.
1539 5801 1711 5854 mut,
1738 5789 1830 5848 26.
1907 5787 2131 5843 “Joau.
2179 5801 2292 5855 rm,
2340 5787 2420 5841 16.

2230 4669 2346 4741 χνο)
2359 4669 2503 4737 ὀγοι;
2544 4667 2752 4731 ’Ἄλλως
2777 4668 2831 4720 δὲ
2856 4669 2948 4721 καὶ
2978 4671 3040 4722 ὲκ
3066 4668 3172 4721 τῶν
3206 4669 3549 4721 Δεσποτικῶν
3578 4671 3805 4739 εὑρήσοσ

2235 4777 2334 4831 μεν
2368 4762 2625 4831 ῥημάτων
2659 4762 2750 4813 καὶ
2782 4760 2943 4815 αὑτὸν
2988 4761 3079 4813 τὸν
3134 4760 3425 4830 πέμψαντα
3468 4762 3685 4832 Πατέρα
3732 4762 3807 4831 τῷ

2232 4852 2532 4924 πεμφθέντι
2560 4853 2671 4924 Υίῷ
2696 4853 2940 4907 συνόντασ
2965 4854 3168 4916 «Mitto;
3193 4853 3319 4924 γὰρ,
3346 4854 3527 4923 φησὶν,
3546 4854 3644 4906 οὐκ
3670 4853 3802 4922 εἰμὶ,

2230 4946 2342 4999 ἀλλ’
2377 4944 2486 5014 ἐγὼ
2532 4945 2629 4998 καὶ
2676 4946 2705 4997 6
2753 4943 2973 5014 πέμψας
3008 4961 3073 5014 με
3106 4945 3324 5017 Πατήρ·
3359 4964 3376 4996 ι
3410 4946 3503 4998 καὶ
3530 4943 3761 5014 ἀλλαχοῦ
3789 4960 3801 4971 ’

2236 5057 2250 5085 ι
2284 5037 2395 5089 οὐκ
2428 5036 2605 5106 ἀφῆκέ
2637 5052 2703 5105 με
2733 5034 2894 5105 μόνον
2918 5036 2946 5087 6
2978 5035 3126 5105 Ila-ni.
3138 5052 3165 5106 ρ
3194 5051 3324 5104 μου·
3352 5054 3370 5085 ι
3406 5037 3499 5087 καὶ
3515 5035 3801 5095 ἑτέρωθενο

2236 5150 2252 5178 σ
2277 5129 2333 5183 ’0
2352 5130 2540 5199 Πατήρ
2561 5144 2659 5198 μου
2684 5129 2711 5181 6
2734 5129 2791 5180 ἐν
2812 5128 2933 5198 ἐμοὶ
2956 5128 3150 5198 μένων,
3170 5126 3332 5190 αὐτὸς
3358 5129 3503 5179 ποιεῖ
3528 5127 3596 5179 τὰ
3617 5126 3803 5195 ἔργα.»

2232 5223 2292 5275 Εἰ
2329 5222 2504 5274 τοίνυν
2536 5222 2593 5273 ἐν
2616 5219 2788 5290 αὐτῷ,
2824 5220 2916 5273 καὶ
2952 5220 3047 5273 σὺν
3083 5220 3233 5290 αὐτῷ
3268 5215 3336 5291 ἦν
3364 5222 3393 5272 6
3422 5220 3661 5288 πέμψαξ.
3710 5219 3807 5271 ποῦ

2230 5312 2323 5365 τοῦ
2360 5311 2699 5383 πεμφθέντος
2730 5313 2762 5383 ἡ
2789 5310 3065 5379 εὐτέλεια;
3096 5313 3125 5364 6
3156 5312 3211 5364 δὲ
3252 5313 3318 5366 :6
3358 5314 3533 5366 πάντα
3566 5310 3806 5380 πληρῶν,

2233 5402 2335 5455 1:06
2385 5404 2480 5456 καὶ
2517 5403 2678 5456 πόθεν
2718 5403 3034 5474 ἀπεστάλη;
3087 5406 3120 5475 η
3159 5403 3268 5474 γὰρ
3320 5402 3611 5471 ἀποστολὴ,
3640 5403 3808 5453 τόπου

2231 5494 2467 5564 ἀλλαγὴν
2497 5494 2789 5547 αἰνίττεται
2809 5510 2827 5526 ο
2862 5495 2909 5547 εί
2940 5495 2997 5547 δὲ
3026 5495 3095 5547 :6
3124 5496 3300 5546 πάντα
3334 5494 3523 5564 Πατὴρ
3562 5493 3654 5545 καὶ⁵
3686 5493 3812 5555 1³ης

2232 5589 2495 5659 περιέχει,
2522 5586 2643 5640 οὔτε
2673 5588 2702 5639 6
2726 5588 2912 5658 Πατὴρ
2937 5587 3011 5653 ὡς
3038 5588 3227 5659 πόρρω
3253 5587 3538 5656 τυγχάνων
3564 5585 3814 5649 ἐκείνων,

2497 5789 2541 5822 ³⁷⁵
2580 5787 2709 5843 ibid.
2744 5786 2834 5843 9.9.
2906 5787 2951 5819 ³⁸
2988 5785 3144 5841 Joau.
3186 5803 3293 5851 xw,
3325 5787 3411 5845 10.
