4122 6508
344 406 479 463 1169

1692 408 1776 461 DE
1814 406 2204 464 TliINITATE.

3443 401 3599 460 Ἠτο

338 520 477 592 πρὸς
506 516 603 583 οὓς
646 518 983 583 ἀπέστειλεν,
1019 519 1233 589 ἔπεμψε
1277 518 1368 571 τὸν
1398 518 1547 579 Υἱὸν,
1576 516 1697 570 οὔτε
1740 520 1769 571 6
1802 518 1927 580 Υἱὸς

2051 537 2173 574 rtnn.
2211 521 2468 589 Superest
2501 534 2631 590 ergo
2661 528 2718 574 ut
2759 519 3133 575 existimemus
3180 532 3469 591 assumpta:
3504 525 3602 576 hu-

341 609 401 674 ἐξ
427 610 615 680 ἑτέρου
654 612 734 674 εἰς
762 609 948 682 ἕτερον
981 611 1324 681 μεταϐέϐηκε
1362 611 1527 663 τόπον
1549 626 1562 640 ο
1593 609 1788 663 οὐκοῦν
1816 610 1925 661 λεί-

342 718 500 754 πεται
522 704 663 755 νοεῖν
687 701 789 771 τῆς
810 702 1213 774 ἀναληφθείσης
1231 702 1648 775 ἀνθρωπότητος
1675 702 1772 773 τὴν
1795 704 1926 756 ἀπο-

343 794 536 864 στολὴν
572 789 735 848 εἶναι.

427 926 567 979 Ἀλλ’
600 926 694 979 ἐπὶ
722 926 821 998 τὴν
845 926 1138 998 ἑρμηνείαν
1164 927 1273 982 τῶν
1296 928 1638 983 Δεσποτικῶν
1666 927 1929 1000 ῥημάτων

345 1020 678 1091 ἀναδραμεῖν
711 1020 952 1092 καιρός.«
977 1020 1064 1074 Ἐν
1097 1019 1174 1091 τῷ
1203 1021 1370 1093 νόμῳ,
1404 1020 1651 1093 φησὶ,τῷ
1679 1020 1929 1092 ὑμετέρῳ

346 1111 674 1181 γέγραπται,
703 1112 785 1165 ὅτι
831 1111 924 1164 δύο
972 1109 1276 1183 ἀνθρώπων
1324 1115 1357 1184 ή
1412 1115 1685 1187 μαρτυρία
1723 1114 1929 1186 ἀληθής

349 1205 547 1255 ἐστιν’(
573 1198 692 1256 εἶτα
720 1204 1032 1272 ὲπάγει.ὅτι
1066 1224 1083 1255 ι
1107 1205 1248 1273 Ἐγώ
1278 1208 1392 1277 είμι
1421 1208 1449 1259 6
1479 1206 1776 1279 μαρτυρῶν
1803 1207 1931 1279 περὶ

348 1286 603 1363 ἐμαυτοῦ.
640 1295 732 1349 καὶ
780 1299 1049 1367 μαρτυρεῖ
1082 1298 1210 1368 περὶ
1240 1297 1374 1368 ἐμοῦ
1407 1301 1436 1352 6
1465 1298 1689 1370 πέμψας
1720 1316 1786 1369 με
1816 1299 1931 1352 Πα-

347 1388 476 1458 τήρ.
516 1408 534 1439 ι
577 1386 1005 1457 Ἀποϐλέψαντες
1039 1389 1219 1442 τοίνυν
1267 1389 1367 1461 τὴν
1413 1390 1616 1455 εἰκόνα,
1648 1391 1933 1462 νοήσωμεν

349 1482 409 1535 τὸ
443 1481 784 1551 ἀρχέτυπον·
828 1499 847 1533 ι
874 1481 998 1545 Δύο,
1032 1482 1216 1553 φησὶν,
1252 1481 1556 1554 ἀνθρώπων
1584 1484 1618 1555 ἡ
1658 1483 1936 1556 μαρτυρία

349 1571 555 1644 ἀληθής
596 1573 745 1626 ἐστιν
768 1589 783 1603 °
826 1592 845 1624 ι
894 1573 1002 1627 τῶν
1034 1574 1090 1628 δὲ
1127 1574 1220 1628 δύο
1247 1574 1549 1646 ἀνθρώπων
1581 1576 1613 1646 ἡ
1641 1574 1802 1644 φύσις
1836 1576 1936 1647 μία

350 1663 593 1733 δηλονότι
621 1663 771 1736 παρά
808 1665 977 1719 πᾶσιν
1002 1664 1069 1719 ἂν
1091 1666 1437 1737 ὡμολόγηται
1457 1685 1470 1697 °
1501 1667 1696 1721 οὐκοῦν
1722 1666 1936 1737 Πατρὸς

354 1755 447 1809 καὶ
484 1753 614 1808 Υίοῦ
643 1758 674 1827 ἡ
704 1756 862 1809 οὐσία
888 1758 1007 1827 μία,
1036 1756 1133 1827 μία
1162 1756 1260 1828 [ita
1290 1758 1387 1828 μία
1416 1757 1525 1830 bis]
1557 1760 1621 1813 ὲκ
1665 1759 1763 1826 τῆς
1794 1758 1938 1811 εἰκό-

2034 612 2313 669 tuanitatis
2342 613 2510 668 fuisse
2527 612 2866 669 missionem.

2104 917 2215 974 Sed
2233 918 2344 989 jam
2376 928 2588 989 tempus
2610 927 2688 975 est
2718 920 2868 974 ut-ad
2893 918 3294 976 Dominicorum
3320 922 3606 975 verborum

2033 1012 2540 1080 interpretationem
2564 1013 2866 1068 veniamus.
2899 1031 2917 1063 ‹
2950 1012 3165 1076 Vestra,
3195 1015 3389 1083 inquit,
3415 1017 3466 1069 in
3497 1016 3610 1084 lege

2032 1104 2296 1174 scriptum
2342 1115 2446 1172 est,
2480 1105 2706 1159 duorum
2747 1106 3023 1160 hominum
3076 1106 3443 1160 testimonium
3490 1122 3611 1160 esse

2036 1209 2245 1247 verum.
2281 1212 2299 1245 ι
2327 1193 2531 1249 Deinde
2564 1194 2713 1249 addit
2742 1212 2756 1249 :
2788 1214 2807 1249 ι
2842 1194 2951 1264 Ego
2980 1210 3097 1249 sum
3126 1194 3216 1265 qui
3243 1196 3610 1250 testimonium

2034 1283 2295 1367 perlt‘ibeo
2320 1284 2387 1339 de
2430 1284 2656 1353 meipso,
2680 1295 2734 1341 et
2753 1285 3116 1341 testimonium
3142 1284 3390 1353 perhibet
3418 1286 3480 1339 de
3503 1300 3610 1350 me,

2035 1376 2125 1443 qui
2170 1376 2318 1430 misit
2358 1390 2461 1441 me,
2498 1373 2679 1430 Pater.
2714 1393 2733 1426 ι
2767 1374 2906 1444 Ergo
2947 1375 3235 1446 imaginem
3281 1386 3611 1444 spectantes,

2036 1468 2388 1538 archetypum
2431 1482 2845 1537 cognoscamus.
2888 1485 2905 1518 ι
2942 1467 3212 1533 Duorum,
3256 1466 3468 1537 inquit,
3513 1468 3612 1521 ho-

2039 1560 2241 1613 minum
2283 1574 2470 1614 verum
2510 1568 2594 1613 est
2644 1560 3061 1625 testimonium;
3105 1577 3124 1612 ι
3188 1558 3338 1628 atqui
3386 1560 3612 1613 duorum

2039 1651 2316 1706 hominum
2356 1665 2517 1705 unam
2549 1666 2670 1705 esse
2703 1661 2949 1705 naturam
2987 1651 3169 1705 cuncti
3207 1650 3477 1713 fatentur;
3514 1651 3617 1719 igi-

2040 1751 2127 1797 tur
2156 1741 2335 1797 Patris
2367 1750 2423 1797 et
2445 1741 2564 1796 Filii
2595 1751 2846 1796 naturam
2884 1758 3075 1803 unam,
3110 1757 3269 1796 unam
3316 1756 3509 1812 reapse
3550 1757 3619 1795 ex

352 1865 442 1909 νος
474 1846 797 1918 νοηθήσεταί
844 1865 903 1900 τε
954 1849 1047 1901 καὶ
1079 1848 1572 1920 όμολογηθήσεται·
1608 1848 1798 1918 ὥσπερ
1830 1849 1937 1919 γὰρ

2051 1836 2283 1906 imagine
2314 1850 2703 1905 cognoscemus
2744 1842 2797 1888 et
2822 1833 3222 1889 conﬁtebimur.
3266 1834 3421 1889 Sicut
3475 1833 3620 1891 enim

351 1940 469 1991 ἐκεῖ
498 1938 589 1991 δύο
612 1939 908 2011 ἄνθρωποι,
936 1940 1081 1994 οὕτω
1110 1941 1204 1994 καὶ
1230 1939 1465 1994 ἐνταῦθα
1492 1940 1622 2003 Θεὸς
1652 1942 1744 1994 καὶ
1778 1940 1933 2007 Θεὸς,

354 2029 544 2100 Πατὴρ
596 2030 690 2083 καὶ
720 2031 866 2095 Υἱὸς.
900 2033 994 2085 καὶ
1022 2033 1206 2096 αὐτοῖς
1248 2035 1361 2096 τοῖς
1389 2031 1616 2101 ὀνόμασι
1650 2030 1936 2102 δηλοῦντες

351 2119 451 2188 τῆς
493 2118 709 2187 φύσεως
736 2120 836 2191 τὴν
867 2122 1171 2194 ταυτότητά
1192 2139 1203 2151 ·
1232 2121 1354 2175 οὔτε
1378 2122 1485 2192 γὰρ
1513 2125 1539 2175 6
1564 2121 1781 2192 άληθῶς
1804 2122 1937 2187 Θεὸς

354 2210 544 2282 ἐτέρας
575 2211 639 2265 ἂν
668 2210 751 2282 εἴη
786 2212 1001 2282 φύσεως
1022 2217 1171 2286 παρά
1199 2214 1289 2268 τὸν
1319 2214 1585 2285 ἀληθινῶς
1618 2214 1750 2266 Θεόν
1769 2230 1782 2242 ’
1813 2212 1936 2267 οὔτε

352 2305 382 2356 6
431 2305 558 2369 Υίος
609 2306 766 2371 ἄλλος
822 2311 950 2381 παρ’
987 2310 1231 2374 ἐκεῖνον,
1285 2309 1421 2363 Θεοῦ
1475 2310 1738 2380 ὑπάρχων
1786 2309 1934 2373 Υἱός.

354 2398 573 2452 Τούτων
598 2399 931 2464 ἀκούσαντες
956 2402 1005 2454 oi
1033 2402 1580 2475 Ἰουδαίοιὴρώτησαν
1603 2402 1937 2455 αὐτόνοιιίοῦ

356 2492 503 2545 ἔστιν
545 2495 572 2545 ὁ
600 2495 791 2565 Πατήρ
842 2512 1011 2562 σουςι
1064 2495 1361 2567 Ἀπεκρίθη
1411 2497 1590 2549 τοίνυν
1617 2500 1644 2549 6
1691 2495 1935 2568 Ἰησοῦς⁸

364 2604 380 2636 ι
410 2585 545 2639 Οὔτε
600 2587 698 2658 ἐμὲ
746 2589 945 2651 οἴδατε,
990 2588 1113 2643 οὔτε
1148 2590 1238 2642 τὸν
1284 2589 1503 2661 Πατέρα
1557 2607 1690 2660 μου’
1745 2591 1795 2643 εἰ
1840 2590 1940 2661 ἐμὲ

358 2675 556 2746 ᾔδειτε.
598 2679 691 2731 καὶ
727 2678 818 2731 τὸν
858 2680 1078 2751 Πατέρα
1119 2696 1221 2750 μου
1260 2680 1439 2750 ᾔδειτε
1478 2680 1561 2735 ἄν.
1597 2700 1617 2734 ι

442 2905 635 2973 Ὁρᾶτε
662 2902 820 2956 πάλιν
840 2902 957 2965 πῶς
981 2902 1226 2956 ἐντεῦθεν
1249 2902 1309 2956 τὸ
1329 2902 1611 2973 ὁμοούσιον
1632 2904 1939 2961 δείκνυται*

362 2997 425 3051 Ei
451 2998 549 3068 ἐμὲ
583 2997 708 3069 γάρ,
736 2997 919 3066 φησὶν,
948 2996 1141 3067 ᾔδειτε,
1168 2996 1263 3050 καὶ
1287 2995 1378 3049 τὸν
1400 2997 1619 3068 Πατέρα
1644 3014 1745 3068 μου
1764 2998 1943 3069 ᾔδειτε

362 3088 426 3144 άν
447 3110 461 3120 ν
504 3090 567 3141 ὲκ
608 3088 664 3140 δὲ
694 3087 788 3140 τοῦ
821 3087 1161 3157 ὲτεροουσίου
1195 3087 1255 3141 τὸ
1285 3087 1622 3159 ἑτεροούσιον
1652 3090 1714 3143 οὐ
1744 3089 1945 3161 γνωρί-

2044 1928 2116 1982 ihi
2149 1928 2256 1982 duo
2284 1926 2555 1989 homines,
2581 1927 2654 1979 ita
2689 1935 2742 1979 et
2770 1925 2855 1979 hic
2908 1926 3045 1979 Deus
3075 1934 3129 1980 et
3160 1925 3332 1991 Deus,
3365 1924 3528 1979 Pater
3568 1933 3624 1979 et

2042 2019 2237 2082 Filius,
2267 2016 2359 2086 qui
2390 2015 2703 2071 nominibus
2731 2015 2844 2069 suis
2877 2015 3010 2082 ipsis
3036 2015 3281 2069 eamdem
3315 2028 3434 2069 esse
3466 2023 3623 2067 natu-

2044 2126 2160 2165 ram
2190 2108 2492 2163 declarant.
2527 2104 2716 2175 Neque
2741 2105 2883 2159 enim
2917 2104 3007 2174 qui
3038 2120 3196 2159 verus
3223 2104 3295 2159 sit
3328 2104 3486 2167 Deus,
3522 2120 3626 2169 na:

2048 2212 2165 2256 tura
2189 2199 2400 2255 din‘eret
2434 2214 2464 2253 a
2495 2212 2626 2253 vero
2662 2196 2810 2261 Deo;
2851 2210 3023 2263 neque
3062 2193 3234 2248 Filius
3282 2191 3528 2247 diversus
3556 2192 3624 2245 ab

2040 2295 2139 2351 illo
2176 2295 2303 2359 erit,
2336 2307 2458 2347 cum
2497 2290 2569 2345 sit
2603 2289 2697 2344 Dei
2726 2288 2915 2343 Filius.
2951 2286 3044 2341 llis
3080 2284 3302 2351 auditis,
3335 2282 3509 2339 Judaei
3543 2283 3625 2337 in-

2048 2392 2461 2455 terrogaverunt
2504 2398 2670 2437 eum:
2733 2399 2752 2432 ι
2788 2379 3014 2435 Ubinam
3064 2386 3149 2432 est
3190 2376 3353 2431 Pater
3398 2374 3567 2430 tuus?
3601 2392 3620 2424 ι

2047 2478 2343 2549 Respondit
2377 2479 2560 2548 itaque
2592 2474 2750 2530 Iesus
2781 2492 2796 2528 :
2831 2490 2849 2524 ι
2878 2470 3065 2541 Neque
3104 2485 3192 2524 me
3239 2468 3425 2535 scitis,
3453 2480 3627 2537 neque

2048 2570 2263 2625 Patrem
2322 2584 2549 2623 meum:
2604 2565 2650 2621 si
2715 2578 2802 2620 me
2858 2561 3093 2628 sciretis,
3147 2559 3629 2626 Patremquoque

2051 2680 2229 2720 Ineunt
2259 2661 2491 2717 sciretis.
2528 2679 2545 2711 ι

2121 2883 2316 2939 Videte
2365 2896 2556 2938 rursus
2602 2879 2875 2949 quomodo
2916 2877 3045 2933 hinc
3090 2874 3637 2932 consubstantialitas

2052 2978 2476 3032 demonstratur.
2514 2972 2570 3026 Si
2609 2986 2717 3036 me,
2749 2969 2946 3040 inquit,
2967 2968 3202 3031 sciretis,
3238 2965 3454 3021 Patrem
3496 2982 3632 3035 quo-

2051 3081 2160 3137 que
2196 3080 2372 3119 meum
2416 3060 2650 3117 sciretis.
2688 3062 2757 3115 At
2799 3074 2928 3115 vero
2974 3073 3040 3114 ex
3074 3072 3140 3114 eo
3172 3058 3313 3128 quod
3357 3057 3629 3111 diversum

363 3180 543 3244 ζεται·
577 3180 644 3234 τὰ
674 3180 782 3252 γὰρ
814 3150 1083 3249 ἀλλόφυλα
1124 3180 1218 3234 καὶ
1261 3150 1409 3247 ξένα,
1439 3180 1684 3246 ἀλλήλων
1708 3150 1808 3234 ούκ
1840 3150 1945 3235 ε’ίσὶ

2052 3166 2135 3214 est
2165 3165 2383 3222 natura,
2422 3154 2651 3209 alterum
2684 3153 2813 3207 item
2850 3150 3167 3206 naturaliter
3216 3151 3492 3205 diversum
3526 3162 3630 3202 non

361 3272 665 3343 δηλωτικά·
712 3271 782 3325 τά
824 3272 883 3328 δὲ
930 3270 1145 3341 φύσεως
1191 3272 1574 3336 κοινωνοῦντα,
1605 3272 1674 3325 δι’
1702 3272 1948 3344 ἀλλήλων

362 3361 725 3430 γινώσκεται·
757 3363 826 3415 δι’
856 3362 975 3425 ἑνὸς
1010 3364 1108 3433 μὲν
1145 3362 1458 3433 ἀνθρώπου,
1494 3366 1675 3418 πᾶσαν
1713 3363 1823 3418 τῶν
1860 3366 1952 3418 άν-

366 3450 601 3521 θρώπων
629 3450 728 3521 τὴν
760 3450 922 3519 φύσιν
952 3451 1079 3505 ἰδεῖν
1111 3451 1256 3504 ἔστι⁹
1294 3454 1388 3506 καὶ
1423 3453 1491 3505 δι’
1517 3452 1635 3516 ἑνὸς
1678 3453 1951 3523 προϐάτου

364 3542 474 3595 τῶν
505 3543 792 3611 προϐάτων
826 3542 972 3597 ἅπαν
999 3543 1061 3596 τὸ
1095 3544 1278 3612 γένος’
1310 3545 1371 3597 οὐ
1411 3544 1518 3615 μὴν
1549 3545 1637 3598 διὰ
1666 3546 1953 3618 προϐάτων

364 3632 493 3694 τοὺς
530 3633 773 3696 λέοντας,
800 3634 920 3686 οὐδὲ
950 3632 1039 3687 διὰ
1067 3632 1299 3687 λεόντων
1326 3634 1393 3687 τὰ
1428 3634 1698 3706 πρόϐατα,
1725 3635 1834 3689 οὐδ’
1862 3637 1958 3704 ἁγ-

367 3724 559 3794 γέλους
588 3725 677 3778 διὰ
712 3726 1034 3794 ἀνθρώπων,
1075 3727 1197 3779 οὐδὲ
1220 3726 1304 3780 διὰ
1332 3728 1578 3796 ἀγγέλων
1598 3727 1916 3800 ἀνθρώπους
1938 3746 1951 3758 ·

370 3816 507 3871 ζῶον
528 3818 635 3888 γὰρ
658 3818 888 3873 ἕκαστον
908 3820 1006 3888 τῆς
1034 3821 1241 3884 οἰκείας
1261 3820 1558 3891 δηλωτικόν
1580 3822 1694 3875 ἐστι
1720 3820 1955 3891 φύσεως.

370 3909 436 3964 Et
462 3909 640 3963 τοίνυν
665 3912 693 3963 6
726 3912 1018 3981 μονογενὴς
1038 3912 1208 3980 Λόγος
1230 3912 1325 3965 τοῦ
1348 3913 1482 3967 Θεοῦ
1509 3913 1736 3985 κτίσμα,
1775 3917 1867 3969 καὶ
1898 3914 1956 3981 ἐξ

369 4000 470 4053 οὐκ
496 4000 682 4067 ὄντων,
712 4001 806 4053 καὶ
859 4001 916 4067 ἐξ
960 4002 1153 4072 ἐτέρας
1197 4002 1343 4064 τινὸς
1384 4004 1677 4073 γεγένηται
1718 4004 1953 4072 φύσεως.

372 4091 489 4156 πῶς
518 4092 575 4143 ὲν
608 4091 758 4162 αὑτῴ
788 4092 878 4144 τὸν
910 4093 1129 4161 Πατέρα
1161 4093 1399 4147 δείκνυσι
1444 4094 1861 4164 πιστευόμενος;
1910 4097 1957 4147 εί

369 4181 427 4236 δὲ
457 4184 486 4235 6
515 4183 702 4253 Πατὴρ
738 4183 826 4236 διὰ
854 4182 946 4235 τοῦ
977 4183 1105 4237 Υίοῦ
1153 4182 1499 4253 γινώσκεται,
1529 4184 1622 4237 καὶ
1655 4186 1682 4237 6
1713 4185 1803 4239 τὸν
1830 4186 1956 4239 Υίὸν

371 4272 675 4343 γινώσκων,
711 4275 804 4326 καὶ
851 4274 943 4327 τὸν
993 4275 1209 4344 Πατέρα
1238 4274 1517 4344 γινώσκει,
1553 4276 1811 4348 πεδηθείη
1859 4276 1959 4348 μὲν

374 4368 524 4419 πᾶσα
564 4365 881 4435 βλάσφημος
911 4365 1149 4433 γλῶσσα.
1187 4368 1278 4419 καὶ
1308 4365 1385 4437 τῷ
1413 4367 1649 4439 λάρυγγι
1688 4370 1828 4422 κατά
1868 4369 1958 4423 τὸν

375 4457 662 4525 προφήτην
698 4453 983 4525 κολληθείη
1008 4471 1021 4484 θ
1061 4455 1220 4525 ἡμεῖς
1247 4455 1305 4507 δὲ
1334 4457 1383 4507 oi
1418 4456 1518 4526 τῆς
1545 4457 1774 4526 Τριάδος
1794 4474 1960 4529 προσ-

374 4546 605 4618 κυνηταὶ
639 4545 838 4617 ἀκριϐῆ
872 4544 964 4598 τοῦ
997 4546 1282 4617 όμοουσίου
1315 4545 1563 4602 ἐντεῦθεν
1613 4548 1713 4620 τὴν
1755 4550 1957 4618 γνῶσιν

375 4638 753 4708 λαμϐάνομεν·
801 4636 1138 4707 λογιζόμενοι
1180 4638 1256 4702 ὼς
1293 4639 1393 4692 οὑκ
1430 4640 1497 4693 ἂν
1526 4641 1728 4712 ἑτέρως
1756 4643 1814 4694 ὲν
1843 4641 1958 4712 Υἱῷ

378 4730 567 4801 Πατὴρ
593 4727 917 4799 ἐγνωρίσθη,
946 4730 994 4780 εί
1027 4728 1101 4800 μὴ
1126 4730 1226 4797 τῆς
1250 4730 1420 4801 αὐτῆς
1440 4731 1629 4795 οὐσίας
1662 4731 1953 4803 ἑτύγχανε’

377 4826 471 4878 καὶ
528 4821 942 4894 προσκυνοῦμεν
979 4823 1071 4876 τὸν
1124 4824 1353 4895 Σωτῆρα
1395 4825 1486 4880 τὸν
1536 4826 1825 4896 ἡμέτερον,
1858 4827 1958 4895 τῆς

379 4918 802 4987 προσκυνήσεως
844 4914 933 4968 τὸν
976 4913 1189 4986 καρπὸν
1218 4917 1600 4987 ἀναμένοντες,
1631 4909 1692 4970 οὗ
1723 4918 1958 4991 χορηγὸς

380 5008 539 5069 αὐτὸς
566 5008 593 5060 6
618 5007 803 5077 Πατὴρ
828 5006 1084 5075 τυγχάνει
1110 5007 1253 5061 κατὰ
1277 5008 1377 5079 τὴν
1398 5008 1491 5063 τοῦ
1518 5010 1723 5080 Κυρίου
1750 5012 1954 5082 φωνήν·

384 5116 404 5149 ι
429 5099 555 5151 Ἐάν
584 5116 666 5161 τις
690 5100 816 5168 γὰρ,
849 5098 1032 5168 φησὶν,
1056 5099 1179 5169 ἐμοὶ
1208 5100 1522 5174 διακονήσῃ,
1549 5102 1771 5173 τιμήσει
1794 5103 1957 5157 αὐτὸν

379 5189 409 5242 6
438 5190 624 5259 Πατήρ
652 5208 750 5260 μου
773 5210 785 5222 ·
817 5211 835 5241 ι
873 5191 965 5244 καὶ
1004 5193 1032 5244 6
1072 5191 1373 5262 θαυμάσιος
1404 5193 1459 5246 δὲ
1495 5194 1747 5265 Ἰωάννης
1777 5196 1805 5248 6
1835 5195 1955 5249 θεο-

381 5280 573 5347 λογῶν,
611 5301 628 5331 ι
653 5283 709 5335 '0
740 5283 1007 5336 πιστεύων
1038 5286 1117 5349 είς
1151 5284 1243 5338 τὸν
1268 5285 1415 5351 Υἱὸν,
1452 5286 1637 5355 φησὶν,
1667 5286 1781 5357 ἔχει
1813 5286 1956 5358 ζωὴν

382 5374 600 5429 αἰώνιον
621 5393 629 5404 ’
654 5378 681 5427 6
708 5374 764 5428 δὲ
794 5375 1034 5428 ἀπειθῶν
1062 5376 1138 5447 τῷ
1161 5377 1294 5448 Υἱῷ,
1323 5377 1421 5431 οὐκ
1447 5377 1637 5446 ὄψεται
1668 5376 1765 5449 τὴν
1789 5377 1956 5451 ζωὴν,

382 5467 495 5521 ἀλλ’
522 5467 553 5536 ὴ
588 5465 724 5538 ὀργὴ
758 5466 851 5518 τοῦ
880 5466 1014 5519 Θεοῦ
1053 5472 1203 5522 μενεῖ
1228 5470 1315 5523 ἐπ’
1340 5470 1522 5525 αὐτόν.
1550 5488 1569 5522 ι

1976 3232 2018 3288 C
2055 3246 2412 3317 dignoscitur.
2464 3244 2709 3311 Namque
2758 3241 2933 3295 aliena
2974 3239 3208 3295 invicem
3243 3248 3298 3293 et
3346 3248 3633 3302 extranea,

2058 3338 2291 3394 invicem
2321 3352 2425 3392 non
2457 3336 2831 3389 demonstrant
2865 3331 2998 3387 :sed
3027 3338 3232 3385 natum
3252 3328 3636 3384 communione

2056 3432 2375 3503 conjuncta,
2411 3444 2478 3484 ex
2509 3428 2775 3483 alterutro
2805 3433 3128 3481 noscuntur.
3159 3422 3236 3477 Ex
3266 3436 3373 3476 uno
3415 3419 3636 3476 homine

2058 3525 2366 3579 universam
2406 3521 2684 3576 hominum
2724 3528 2976 3573 naturam
3012 3529 3343 3586 cognoscere
3388 3513 3546 3578 licet;
3581 3519 3636 3566 et

2056 3638 2125 3678 ex
2156 3636 2258 3676 una
2291 3634 2412 3681 ove.
2443 3617 2755 3673 universum
2805 3614 2985 3668 ovium
3033 3626 3246 3682 genus:
3302 3626 3406 3664 non
3454 3615 3636 3662 tamen

2058 3731 2123 3771 ex
2157 3712 2350 3769 ovibus
2380 3711 2598 3774 leones,
2638 3721 2813 3777 neque
2851 3722 2919 3760 ex
2959 3704 3207 3759 leonibus
3249 3716 3420 3755 oves:
3465 3713 3641 3767 neque

2058 3805 2280 3876 angelos
2311 3818 2376 3857 ex
2418 3800 2749 3863 hominibus,
2791 3810 2970 3866 neque
2999 3810 3065 3850 ex
3100 3793 3305 3864 angelis
3341 3791 3588 3846 homines
3621 3808 3635 3843 :

2061 3911 2187 3952 nam
2219 3892 2643 3960 unumquodque
2674 3888 2871 3943 animal
2908 3886 3141 3956 proprias
3175 3894 3382 3939 natura:
3413 3882 3640 3936 demon-

2057 3987 2344 4044 strativum
2403 3994 2507 4038 est.
2568 3981 2625 4036 Si
2675 3996 2805 4049 ergo
2850 3978 3187 4049 unigenitum
3252 3976 3483 4029 Verbum
3542 3973 3643 4028 Dei

2058 4089 2311 4136 creatura
2333 4085 2437 4141 est,
2469 4084 2524 4130 et
2546 4089 2613 4127 ex
2639 4088 2743 4127 non
2777 4081 2933 4126 antea
2966 4069 3331 4132 exstantibus,
3357 4077 3413 4123 et
3443 4082 3507 4122 ex
3536 4065 3639 4119 alia

2058 4170 2294 4240 quadam
2337 4175 2530 4221 natura
2564 4172 2770 4227 natum,
2810 4163 3077 4232 quomodo
3104 4159 3324 4230 695m
3358 4160 3411 4212 in
3448 4172 3508 4213 se
3536 4157 3643 4211 Pan

2063 4275 2198 4317 trem
2231 4261 2608 4322 demonstrat,
2645 4257 2689 4312 si
2721 4257 2771 4312 ei
2803 4254 3102 4310 credatur?
3125 4252 3242 4307 .Iant
3276 4253 3321 4307 si
3353 4251 3514 4306 Pater
3547 4265 3647 4318 per

2064 4355 2258 4409 Filium
2284 4353 2617 4423 agnoscitur,
2648 4362 2698 4404 et
2731 4349 2822 4421 qui
2848 4348 3042 4402 Filium
3078 4346 3260 4411 novit,
3291 4346 3438 4399 novit
3461 4353 3514 4397 et
3541 4343 3643 4397 Pa-

2066 4459 2227 4511 trem,
2254 4445 2585 4514 impediatur
2610 4457 2742 4496 sanc
2772 4441 2976 4509 qumvis
3002 4438 3183 4507 lingua
3209 4436 3543 4506 blasphema,
3561 4445 3638 4497 et,

2065 4545 2125 4592 ut
2158 4537 2233 4591 ait
2267 4534 2560 4603 Propheta,
2598 4532 2847 4585 faucibus
2888 4530 3163 4584 adhaereat
3191 4526 3258 4581 ³⁸.
3302 4523 3411 4581 Nos
3460 4518 3638 4578 autem

2068 4627 2357 4684 Trinitatis
2383 4624 2699 4680 adoratores
2718 4630 3025 4677 accuratam
3062 4620 3188 4675 binc
3208 4616 3645 4673 consubstantia-

2069 4721 2238 4775 litatis
2269 4718 2544 4773 notionem
2571 4712 2972 4784 adipiscamur;
3004 4718 3344 4780 reputantes,
3391 4722 3496 4762 nou
3539 4705 3641 4759 aii-

2068 4824 2149 4867 ter
2179 4812 2372 4867 Filium
2424 4809 2478 4863 in
2515 4807 2680 4863 Patre
2713 4806 2829 4862 fore
2877 4803 3303 4874 agnoscendum,
3351 4799 3453 4854 nisi
3500 4800 3644 4869 ejus-

2066 4906 2188 4959 dem
2230 4910 2373 4957 esset
2421 4900 2776 4954 substantim:
2839 4898 3235 4963 adoremusque
3295 4892 3640 4945 Servatorem

2066 5006 2348 5060 nostrum,
2383 4992 2559 5048 cultus
2584 4990 2754 5045 nostri
2788 4988 3019 5042 fructum
3054 4983 3454 5055 praestolantes,
3489 4980 3643 5048 cujus

2064 5090 2223 5146 dator
2268 5086 2432 5142 Pater
2463 5094 2567 5149 est,
2608 5083 2904 5139 secundum
2959 5078 3167 5133 Domini
3213 5076 3463 5131 dictum:
3520 5091 3540 5126 ι
3583 5073 3642 5127 Si

2063 5184 2187 5252 quis
2219 5179 2385 5245 enim,
2417 5175 2612 5247 inquit,
2646 5175 2775 5229 mihi
2813 5169 3230 5235 ministraverit,
3265 5165 3644 5223 honoriﬁcabit

2065 5287 2189 5326 eum
2231 5268 2395 5324 Pater
2431 5281 2584 5321 meus
2606 5266 2672 5317 "’.
2714 5282 2732 5315 ι
2782 5261 3027 5331 itemque
3086 5257 3439 5313 admirandus
3480 5257 3646 5313 Joan-

2070 5378 2165 5418 nes
2209 5360 2491 5428 theologus
2524 5372 2539 5408 :
2570 5374 2589 5408 ι
2627 5355 2727 5422 Qui
2762 5352 2938 5409 credit
2983 5352 3035 5407 in
3062 5349 3257 5404 Filium
3282 5387 3298 5414 ,
3324 5348 3521 5418 inquit,
3551 5362 3647 5400 na-

2070 5453 2159 5507 bet
2194 5451 2359 5503 vitam
2397 5457 2695 5502 a-ternam:
2741 5442 2832 5513 qui
2872 5450 3051 5497 autem
3086 5439 3396 5495 incredulus
3435 5449 3511 5492 est
3554 5437 3643 5490 Fi-

2067 5541 2160 5602 lio,
2188 5538 2351 5591 vitam
2389 5550 2494 5590 non
2526 5532 2747 5601 videbit,
2797 5531 2891 5588 sed
2943 5531 3022 5587 ira
3066 5530 3158 5585 Dei
3209 5527 3446 5584 manebit
3482 5543 3655 5599 super.

2068 5635 2243 5701 ipsum
2272 5630 2334 5685 ³⁸.
2378 5649 2395 5682 ι

456 5837 500 5871 ³⁸
532 5836 671 5892 Psal.
702 5852 921 5899 L.\\X\‘l,
963 5836 1016 5890 6.
1093 5835 1133 5865 ³⁷
1162 5832 1315 5889 Joau.
1353 5850 1447 5902 xu,
1478 5834 1568 5890 ‘26.
1647 5835 1692 5867 ⁸⁸
1730 5833 1889 5890 Joau.
1922 5850 2002 5900 ιιι,
2032 5834 2121 5891 56.
