4122 6514
558 369 686 424 H71

1546 370 1603 427 S.
1642 369 1913 424 CYRIILI
1953 367 2424 424 ALEXANDIUNI
2466 370 2784 427 ARCHIEP.

3662 376 3806 433 H72

552 483 694 538 XVI.
736 482 888 548 Quod
929 484 1106 555 multis
1143 486 1269 539 iocis
1321 484 1774 555 Dominttsrunnm
1818 502 1927 537 esse
1970 504 2113 539 suum

2280 487 2395 554 υἷ’.
2419 490 2537 541 ’Ὁτι
2578 487 2891 555 πολλαχοῦ
2931 489 2963 538 ὁ
3003 487 3215 554 Κύριος
3246 487 3393 553 μίαν
3426 489 3613 543 αὑτοῦ
3648 492 3744 546 καί

900 564 947 607 et
982 552 1161 608 Patris
1190 555 1537 609 substantiam
1568 554 1764 607 docuit.

621 690 688 745 Ut
717 699 895 744 autem
928 690 1035 745 alio
1063 702 1280 760 quoque
1315 689 1628 746 testimonio
1652 688 2119 744 consubstantiali-

548 791 710 836 tatem
748 781 1207 849 demonstremus,
1247 784 1421 853 ipsum
1465 782 1751 837 audiamus
1792 780 2113 837 clamantem

548 872 835 928 Dominum
868 889 932 928 ac
957 874 1225 929 dicentem
1250 888 1355 928 non
1380 872 1635 943 aposwlis
1667 881 1900 939 tantum,
1927 888 2113 927 verum

546 965 705 1018 etiam
734 965 971 1021 Judzeis:
1006 985 1025 1018 ι
1055 965 1158 1033 Qui
1192 967 1367 1021 credit
1407 966 1460 1020 in
1509 980 1621 1031 me,
1653 979 1758 1020 non
1796 966 1851 1020 in
1884 980 1968 1021 me
1992 979 2113 1021 cre-

449 1061 452 1066 '
546 1056 647 1120 dit,
671 1057 765 1111 sed
795 1056 849 1110 in
878 1072 999 1111 eum
1032 1058 1123 1126 qui
1159 1058 1303 1111 misit
1333 1071 1436 1111 me.
1466 1056 1534 1109 Et
1565 1057 1655 1125 qui
1688 1056 1832 1112 videt
1862 1070 1966 1122 me,
1991 1071 2113 1113 eum

545 1143 635 1211 qui
676 1157 759 1197 me
788 1144 935 1199 misit
962 1144 1127 1199 videt.
1180 1144 1288 1213 Ego
1333 1145 1419 1199 lux
1467 1145 1522 1199 in
1569 1145 1825 1199 mundum
1878 1147 2026 1211 veni,
2056 1157 2116 1202 ut

543 1233 635 1299 qui
671 1233 721 1287 iu
756 1247 840 1288 me
870 1234 1070 1302 credit,
1110 1236 1163 1288 in
1203 1235 1443 1290 tenebris
1484 1250 1591 1290 non
1637 1248 1954 1306 permaneat
1982 1238 2049 1291 ".
2089 1256 2108 1290 ι

546 1323 602 1377 Si
633 1339 761 1393 ergo
794 1326 883 1395 qui
924 1326 1068 1379 videt
1091 1325 1308 1390 Filium,
1334 1327 1388 1381 in
1413 1328 1630 1383 Patrem
1659 1328 1852 1394 credit,
1887 1330 2111 1385 ubinam

546 1414 719 1483 majus
741 1424 793 1470 et
817 1416 994 1470 minus
1014 1417 1037 1469 ?
1056 1414 1299 1484 Namque
1322 1418 1373 1471 in
1399 1419 1605 1474 minore
1631 1420 1893 1474 minuitur
1914 1422 2109 1492 majus,

545 1519 721 1572 neque
746 1507 1075 1576 agnoscitur.
1111 1507 1165 1561 Si
1207 1508 1386 1577 itaque
1430 1507 1593 1564 Pater
1622 1510 1815 1580 major,
1844 1514 2113 1580 quomodo

547 1596 598 1649 iu
624 1596 761 1651 Filio
791 1597 1103 1667 speetatur?
1132 1596 1283 1662 Quod
1312 1597 1354 1651 si
1383 1608 1654 1669 spectatur
1698 1600 1750 1653 in
1782 1601 1949 1667 Filio,
1994 1612 2113 1656 tan-

544 1700 705 1753 quam
767 1685 821 1740 in
891 1686 1087 1756 aequali
1147 1687 1399 1743 videlicet
1462 1689 1801 1759 agnoscitur.
1863 1691 2113 1762 Namque

543 1775 769 1843 atqualia
835 1778 1063 1833 invicem
1134 1780 1556 1835 demonstrativa
1617 1792 1763 1837 sunt.
1826 1782 1897 1837 Et
1952 1784 2109 1853 paulo

544 1874 669 1935 post
707 1868 848 1924 idem
886 1868 1141 1926 Dominus
1180 1871 1255 1926 ait
1293 1872 1597 1942 apostolis:
1634 1892 1651 1923 ‹
1700 1874 1810 1943 Ego
1837 1891 1953 1931 sum
1995 1877 2108 1943 via,

544 1958 746 2014 veritas
803 1974 868 2015 ac
926 1961 1066 2027 vita;
1126 1976 1287 2017 nemo
1361 1965 1507 2018 venit
1569 1964 1636 2019 ad
1695 1966 1945 2033 Patrem,
2006 1968 2112 2023 nisi

546 2062 644 2116 per
686 2065 808 2117 me;
858 2052 903 2107 si
956 2053 1361 2122 cognosceretis
1413 2069 1519 2118 tne,
1575 2056 1758 2123 utique
1800 2068 1853 2112 et
1897 2057 2113 2114 Patrem

548 2156 728 2195 meum
781 2145 1214 2212 cognosceretis,
1269 2154 1323 2199 et
1388 2148 1580 2201 amodo
1623 2146 1735 2216 jam
1792 2152 2116 2218 cognoscitis

547 2246 691 2297 eum,
730 2248 960 2302 eumque
988 2235 1221 2294 vidistis.
1248 2236 1384 2292 Dicit
1408 2238 1456 2291 ei
1484 2237 1761 2309 Philippus
1803 2260 1817 2296 :
1867 2242 2114 2309 Domine,

548 2324 773 2379 ostende
804 2326 960 2381 nobis
995 2326 1209 2382 Patrem
1245 2339 1417 2394 tuum,
1446 2340 1501 2384 et
1530 2330 1723 2388 suﬂicit
1762 2333 1935 2389 nobis.
1976 2335 2117 2392 Dicit

546 2414 595 2467 ei
639 2412 796 2470 Iesus
831 2431 843 2465 :
878 2416 1055 2472 Tanto
1110 2429 1351 2490 tempore
1408 2422 1684 2478 vobiscum
1739 2440 1877 2488 sum,
1916 2436 1969 2480 et
2008 2442 2113 2482 non

548 2507 843 2575 cognovisti
873 2524 977 2572 me,
1002 2508 1279 2581 Philippe?
1300 2512 1399 2579 Qui
1430 2513 1574 2569 videt
1599 2530 1701 2578 me,
1724 2517 1942 2588 696m
1974 2520 2116 2576 videt

546 2607 601 2649 et
631 2596 846 2652 Patrem
891 2614 1110 2667 meum;
1166 2613 1221 2656 et
1270 2604 1537 2672 quomodo
1580 2615 1635 2660 tu
1691 2607 1848 2673 dicis,
1881 2608 2117 2667 Ostende

547 2688 704 2742 nobis
728 2689 1111 2746 PatremiNon
1140 2695 1315 2750 credis
1353 2696 1475 2765 quia
1502 2712 1602 2768 ego
1630 2700 1684 2754 in
1715 2700 1897 2767 Patre,
1932 2713 1985 2757 et
2015 2703 2118 2758 Pa-

548 2789 630 2833 ter
659 2780 711 2834 iu
748 2796 835 2836 me
858 2784 982 2838 est?
1021 2782 1195 2839 Verba
1248 2802 1368 2856 quas
1428 2803 1529 2861 ego
1576 2791 1786 2861 loquor,
1836 2808 1865 2846 a
1895 2807 2118 2851 memet-

549 2872 667 2941 ipso
695 2889 802 2928 non
830 2875 1057 2943 loquor;
1101 2878 1193 2933 sed
1224 2878 1382 2936 Pater
1407 2882 1497 2951 qui
1542 2882 1593 2937 iu
1645 2893 1731 2939 me
1761 2894 1972 2953 manet,
1995 2886 2118 2957 ipse

547 2978 709 3034 Opera
744 2965 893 3023 facit.
919 2967 1137 3026 Credite
1163 2973 1318 3038 mihi,
1346 2975 1473 3043 quia
1508 2991 1605 3044 ego
1632 2982 1683 3030 In
1720 2976 1898 3042 Patre,
1935 2989 1989 3034 et
2015 2981 2117 3034 Pa-

548 3070 630 3113 ter
671 3061 723 3113 in
770 3077 855 3116 me
886 3074 1009 3118 est:
1051 3064 1289 3134 alioquin
1345 3077 1566 3136 propter
1611 3083 1773 3138 opera
1819 3072 1935 3139 ipsa
1985 3073 2112 3126 mihi

546 3149 754 3206 credite
778 3153 842 3207 ⁸ο.
888 3174 906 3204 ι

617 3245 753 3310 Quid
779 3246 860 3301 his
891 3248 1071 3302 verbis
1112 3249 1354 3303 clarius?
1389 3250 1517 3320 quid
1562 3251 1664 3305 hac
1712 3252 1956 3307 doctrina
2003 3254 2117 3309 evi-

546 3335 804 3391 oeutius?
830 3338 935 3392 Sed
958 3340 1124 3404 enim,
1152 3349 1209 3394 ut
1251 3341 1487 3408 videtur,
1523 3341 1829 3398 Judteorum
1870 3345 2112 3401 velamen

548 3427 600 3480 iu
632 3426 1009 3483 haereticorum
1053 3440 1287 3485 mentem
1332 3433 1567 3487 transiit.
1627 3432 1744 3500 Quo
1783 3436 1842 3488 iit
1898 3445 1955 3488 ut
2004 3437 2116 3492 sole

546 3520 713 3573 etiam
757 3520 989 3575 clariora
1044 3535 1266 3578 cernere
1314 3523 1515 3588 nolint,
1565 3524 1922 3581 voluntariam
1963 3528 2116 3597 igne-

551 3610 737 3665 rantia:
772 3611 1021 3666 nebulam
1061 3612 1279 3669 sibimet
1302 3615 1656 3671 attrahentes.
1686 3615 1795 3672 Nos
1841 3632 1967 3672 vero
2011 3618 2115 3673 Do-

548 3702 750 3757 minum
786 3702 1050 3758 dicentem
1075 3705 1397 3761 audiamus:
1441 3725 1460 3758 ι
1494 3706 1550 3761 Si
1579 3710 1981 3777 cognosceretis
2004 3726 2110 3775 me,

548 3793 730 3862 utique
772 3802 827 3848 et
873 3793 1085 3849 Patrem
1132 3810 1310 3849 meum
1360 3800 1788 3867 cognosceretis.
1831 3811 1886 3854 et
1921 3804 2113 3857 amodo

546 3884 875 3953 c0gnoscitis
910 3901 1054 3950 eum,
1084 3886 1384 3957 {ipsumque
1417 3889 1649 3948 vidistis.
1700 3908 1719 3942 ι
1757 3889 1976 3946 Thomte
2013 3893 2115 3947 hoc

547 3977 644 4041 ait,
675 3991 704 4029 a
738 3992 847 4045 quo
874 3978 922 4031 ei
954 3978 1155 4032 dictum
1194 3977 1386 4044 fuerat,
1408 3978 1525 4046 Quo
1557 3981 1707 4035 vadis
1738 3982 2030 4046 nescimus,
2060 3993 2114 4038 et

545 4069 814 4136 quomodo
849 4086 1133 4139 possumus
1171 4071 1310 4125 viam
1351 4072 1528 4127 scire?
1567 4074 1839 4144 Docetque
1899 4090 2021 4131 eum
2058 4086 2113 4131 et

549 4160 784 4229 reliquos
822 4161 983 4215 simul
1028 4164 1322 4231 apostolos,
1358 4164 1628 4219 hominem
1658 4166 1750 4236 qui
1792 4166 1894 4221 sibi
1933 4168 2111 4223 credi-

2454 558 2559 610 τοῦ
2599 558 2827 626 Πατρὸς
2871 556 2983 623 τὴν
3019 558 3236 609 οὐσίαν
3272 558 3566 621 ἐδίδαξεν.

2297 691 2415 743 Ἵνα
2441 690 2498 743 δέ
2529 690 2622 743 καὶ
2645 690 2705 754 ἐξ
2730 690 2924 759 ἐτέρας
2952 689 3257 760 μαρτυρίας
3284 689 3344 742 τὸ
3371 690 3656 759 ὁμοούσιον
3684 694 3800 747 δεί-

2224 778 2422 850 ξωμεν,
2452 778 2618 833 αὐτοῦ
2669 778 2765 833 τοῦ
2814 779 3017 850 Κυρίου
3063 778 3385 849 ἀκούσωμεν
3435 780 3666 851 βοῶντος
3702 786 3805 839 καὶ

2221 870 2491 938 λέγοντος,
2521 870 2582 923 οὐ
2629 871 2744 934 τοῖς
2787 870 3106 933 ἀποστόλοις
3156 871 3334 940 μόνον,
3365 871 3503 925 άλλὰ
3544 874 3640 926 καὶ
3684 879 3801 939 τοῖς

2234 960 2538 1021 Ἰουδαίοιςο
2592 960 2690 1014 «Ὀ
2736 960 3004 1014 πιστεύων
3052 960 3133 1023 είς
3180 960 3388 1030 ἐμέ.ού
3436 962 3679 1017 πιστεύει
3714 967 3798 1028 είς

2221 1049 2341 1119 ἐμὲ,
2366 1049 2480 1103 ἀλλ’
2511 1050 2591 1112 είς
2634 1050 2726 1102 τὸν
2760 1049 3050 1120 πέμψαντά
3084 1066 3172 1119 με.
3210 1050 3321 1103 Καὶ
3349 1051 3378 1103 6
3407 1050 3629 1122 θεωρῶν
3667 1054 3798 1124 ἐμὲ,

2222 1138 2418 1208 θεωρεῖ
2448 1140 2548 1207 ,τὸν
2594 1140 2885 1210 πέμψαντά
2929 1157 2996 1211 με
3022 1157 3037 1172 ·
3069 1137 3180 1207 ἐγὼ
3207 1140 3320 1209 φῶς
3351 1143 3431 1203 είς
3465 1142 3557 1194 τὸν
3590 1143 3800 1215 κόσμον

2220 1228 2476 1299 ἐλήλυθα,
2507 1229 2593 1282 ἴνα
2625 1231 2653 1282 6
2684 1230 2951 1283 πιστεύων
2993 1232 3074 1293 είς
3118 1230 3219 1301 ἐμὲ
3264 1230 3324 1283 ἐν
3372 1233 3439 1301 τῇ
3489 1232 3678 1303 σκοτίᾳ
3714 1234 3794 1303 μὴ

2224 1321 2403 1391 μείνῃ.
2434 1340 2452 1370 ι
2492 1322 2555 1374 Εἰ
2585 1321 2764 1375 τοίνυν
2787 1324 2815 1375 6
2836 1321 3057 1393 θεωρῶν
3082 1322 3174 1375 τὸν
3198 1322 3322 1375 Υίὺν
3346 1323 3424 1385 είς
3451 1322 3544 1376 τὸν
3574 1323 3797 1395 Πατέρα

2221 1412 2466 1465 πιστεύει
2484 1424 2534 1477 ι,
2572 1412 2671 1465 ποῦ
2708 1413 2768 1466 τὸ
2803 1414 2984 1484 μεῖζον
3016 1414 3111 1467 καὶ
3137 1413 3198 1467 τὸ
3229 1413 3482 1481 ἔλαττονς
3514 1415 3572 1467 ἐν
3590 1414 3700 1487 γὰρ
3713 1415 3797 1487 τῷ

2219 1503 2461 1558 ἐλάττονι
2505 1503 2859 1575 σμικρύνεται
2887 1505 2949 1559 τὸ
2980 1505 3185 1576 μεῖζον,
3214 1506 3309 1559 καὶ
3340 1507 3402 1559 ού
3430 1505 3750 1578 γνωρίζεται
3772 1525 3791 1540 ο

2219 1598 2267 1648 εί
2300 1596 2357 1648 δὲ
2389 1597 2418 1649 6
2442 1596 2631 1671 Πατὴρ
2660 1595 2881 1666 μείζων,
2908 1596 3026 1661 πῶς
3052 1598 3109 1650 ἐν
3135 1596 3214 1668 τῷ
3245 1597 3360 1668 Υίῷ
3392 1597 3707 1669 θεωρεῖται;
3739 1602 3790 1653 εί

2216 1688 2273 1742 δὲ
2305 1688 2589 1758 θεωρεῖται
2613 1689 2671 1743 ἐν
2698 1687 2831 1758 Υίῷ,
2859 1689 2935 1752 ὡς
2961 1689 3020 1742 ἐν
3044 1690 3143 1759 ίσῳ
3168 1688 3409 1757 δηλονότι
3434 1689 3785 1761 γνωρίζεταιο

2217 1778 2489 1849 δηλωτικὰ
2520 1778 2630 1849 γάρ
2655 1779 2900 1849 ἀλλήλων
2935 1779 3006 1833 τά
3041 1778 3161 1833 (can
3193 1779 3287 1832 καὶ
3308 1779 3469 1833 πάλιν
3498 1782 3611 1849 μετ’
3633 1780 3790 1849 ὀλίγα

2216 1869 2375 1932 αὐτὸς
2408 1870 2437 1921 6
2468 1869 2669 1940 Κύριός
2700 1887 2832 1941 φησι
2859 1873 2971 1933 τοῖς
3006 1871 3359 1935 ἀποστόλοιςο
3392 1890 3411 1923 t
3436 1871 3575 1941 Ἐγώ
3612 1874 3728 1944 είμι
3753 1876 3788 1945 ἡ

2213 1962 2353 2025 ὁδὸς,
2384 1964 2478 2016 καὶ
2510 1963 2813 2035 ήάλήθεια,
2836 1964 2932 2017 καὶ
2961 1966 2995 2036 ή
3027 1964 3139 2035 ζωή
3159 1982 3173 1995 ⁸
3207 1966 3382 2028 οὐδεὶς
3410 1964 3627 2036 ἔρχεται
3649 1966 3789 2037 πρὸς

2213 2053 2305 2107 τὸν
2352 2054 2589 2124 Πατέρα,
2638 2056 2687 2108 εί
2732 2055 2807 2125 μὴ
2855 2055 2920 2108 δι’
2950 2056 3119 2126 ἐμοῦ’
3158 2057 3208 2109 εί
3242 2056 3527 2125 ἐγνώκειτέ
3573 2073 3661 2127 με,
3694 2056 3793 2110 καλ⁸

2212 2145 2304 2197 τὸν
2325 2146 2544 2216 Πατέρα
2568 2163 2668 2217 μου
2689 2144 2976 2215 ἐγνώκειτε
2998 2146 3084 2210 ἂν,
3107 2148 3200 2200 καλ⁵
3231 2149 3327 2201 ἀπ’
3342 2147 3465 2218 ἄρτι
3495 2146 3793 2216 γινώσκετε

2215 2238 2378 2292 αὑτὸν
2404 2241 2500 2291 καὶ
2531 2240 2811 2309 ἑωράκατε
2837 2238 3019 2292 αὐτόν.
3056 2238 3221 2307 Λέγει
3247 2238 3303 2292 δέ
3334 2238 3482 2309 αὐτῷ
3502 2237 3790 2301 Φίλιππος’

2215 2330 2411 2401 Κύριε,
2443 2330 2615 2396 δεῖξον
2637 2332 2769 2400 ἡμῖν
2796 2330 2886 2383 τὺν
2916 2329 3131 2401 Πατέρα
3162 2347 3278 2394 σου,
3304 2331 3400 2384 καὶ
3438 2332 3601 2401 ἀρκεῖ
3634 2331 3790 2399 ἡμῖν.

2215 2428 2376 2495 Λέγει
2405 2426 2554 2498 αὑτῷ
2594 2429 2623 2481 6
2659 2426 2863 2498 Ἰησοῦς
2885 2444 2898 2457 ·
2937 2427 3202 2481 Τοσοῦτον
3246 2428 3436 2500 χρόνον
3485 2429 3601 2498 μεθ’
3634 2428 3794 2499 ὑμῶν

2216 2519 2352 2588 είμι,
2380 2518 2475 2571 καὶ
2524 2516 2623 2569 οὐκ
2665 2516 2908 2584 ἔγνωκάς
2942 2534 3030 2586 με,
3059 2517 3293 2570 Φίλιππε
3321 2518 3434 2588 (1);
3475 2520 3503 2571 6
3527 2518 3794 2589 ἑωρακὼς

2215 2609 2335 2681 ἐμὲ,
2361 2610 2570 2679 ἑώρακε
2591 2610 2687 2662 καὶ
2713 2608 2803 2661 τὸν
2822 2608 3038 2677 Πατέρα
3063 2625 3164 2679 μου
3184 2624 3199 2637 ο
3230 2608 3327 2662 καὶ
3356 2608 3473 2673 πῶς
3496 2609 3559 2662 σὺ
3587 2609 3789 2676 λέγεις,

2215 2701 2396 2769 Δεῖξον
2425 2703 2554 2773 ἡμῖν
2586 2701 2678 2753 τὸν
2699 2700 2947 2770 Πατέρα;
2982 2698 3044 2752 ού
3078 2699 3355 2763 πιστεύεις
3376 2700 3458 2753 ὅτι
3486 2699 3595 2767 ἐγὼ
3625 2702 3682 2753 ἐν
3712 2699 3791 2769 τῷ

2216 2791 2411 2863 Πατρὶ,
2438 2791 2535 2846 καὶ
2559 2791 2589 2843 6
2611 2791 2799 2861 Πατὴρ
2828 2792 2884 2843 ἐν
2913 2790 3037 2861 ἐμοί
3067 2790 3219 2858 hort;
3249 2792 3330 2845 Τά
3356 2792 3574 2862 ῥήματα
3592 2791 3627 2846 ἃ
3645 2790 3793 2845 λαλῶ

2216 2883 2348 2955 ἐγὼ,
2380 2885 2474 2938 ἀπ’
2508 2881 2745 2953 ἐμαυτοῦ
2790 2882 2850 2936 ού
2897 2880 3080 2935 λαλῶ⁸
3126 2884 3156 2936 6
3198 2882 3255 2936 δέ
3301 2882 3490 2955 Πατὴρ
3516 2884 3544 2937 6
3573 2884 3629 2935 ἐν
3668 2883 3790 2952 ἐμοὶ

2219 2976 2416 3041 μένων,
2451 2972 2612 3037 αὐτὸς
2642 2976 2786 3027 ποιεῖ
2821 2972 2890 3026 τὰ
2922 2972 3060 3043 ἔργα
3081 2985 3093 2997 ·
3123 2973 3406 3026 πιστεύετέ
3449 2990 3537 3043 μοι
3566 2974 3648 3027 ὃτι
3678 2972 3791 3041 ἐγὼ

2216 3068 2273 3120 ἐν
2302 3066 2380 3135 τῷ
2408 3066 2604 3136 Πατρὶ,
2636 3065 2731 3118 καὶ
2763 3066 2792 3117 6
2825 3064 3013 3136 Πατὴρ
3045 3065 3103 3118 ἐν
3128 3065 3284 3135 ἐμοί·
3310 3066 3358 3119 εἰ
3389 3065 3446 3118 δέ
3474 3064 3569 3137 μὴ,
3607 3064 3696 3119 διὰ
3721 3064 3790 3117 τὰ

2141 3171 2185 3228 C
2218 3158 2352 3229 ἔργα
2385 3158 2526 3212 αὐτὰ
2565 3157 2849 3210 πιστεύετέ
2891 3174 3000 3227 μοι.
3032 3176 3051 3207 ι

2287 3248 2352 3300 Τί
2381 3248 2587 3300 τούτων
2612 3246 2722 3301 τῶν
2751 3248 3011 3319 ῥημάτιον
3037 3247 3404 3318 σαφέστερονς
3431 3247 3483 3299 τί
3510 3247 3609 3317 τῆς
3641 3247 3788 3300 διδα-

2217 3335 2445 3399 σκαλίας
2468 3336 2671 3406 ταύτης
2701 3335 3113 3407 φανερώτερον;
3171 3337 3330 3400 Ἀλλ’,
3364 3337 3440 3401 ὡς
3482 3336 3647 3402 έοικε,
3682 3337 3790 3390 τῶν

2228 3426 2496 3482 Ἰουδαίων
2518 3427 2580 3480 τὸ
2612 3428 2876 3499 κάλυμμα
2908 3431 2990 3492 είς
3028 3428 3126 3499 τὴν
3162 3428 3271 3483 τῶν
3298 3429 3590 3501 αίρετικῶν
3623 3446 3790 3500 μετα-

2215 3519 2415 3589 ϐέϐηκε
2443 3520 2709 3574 διάνοιαν
2740 3519 2821 3574 διὸ
2846 3520 2914 3573 τὰ
2953 3520 3048 3574 τοῦ
3096 3519 3250 3590 ἡλίου
3294 3520 3648 3592 φανερώτερα
3675 3536 3792 3572 συν-

2213 3609 2347 3681 ορᾷν
2397 3610 2499 3664 οὐκ
2544 3609 2827 3673 ἐθέλουσι,
2876 3612 2976 3682 τὴν
3036 3611 3360 3683 αὐθαίρετον
3412 3611 3642 3684 ὀμίχλην
3691 3613 3793 3682 τῆς

2214 3703 2439 3771 ἀγνοίας
2492 3703 2961 3775 ἐπισπασάμενοι·
3009 3706 3169 3775 ἡμεῖς
3214 3704 3273 3757 δὲ
3320 3706 3641 3774 ἀκούσωμεν
3696 3704 3791 3758 τοῦ

2213 3793 2420 3866 Κυρίου
2457 3794 2724 3863 λέγοντοςο
2765 3815 2783 3845 σ
2808 3797 2869 3849 El.
2896 3796 3182 3873 ἐγνώκειτέ
3214 3815 3304 3868 με,
3339 3797 3546 3852 καὶτὸν
3573 3797 3795 3868 Πατέρα

2216 3903 2320 3957 μου
2366 3886 2658 3956 ἐγνώκειτε
2702 3889 2799 3943 ἄν·
2840 3888 2934 3943 καὶ
2979 3889 3073 3942 ἀπ’
3102 3889 3228 3959 άρτι
3265 3889 3566 3957 γικώσκετε
3603 3890 3788 3953 αὑτὸν,

2214 3979 2310 4032 καὶ
2338 3978 2623 4049 ἑωράκατε
2654 3980 2869 4033 αὐτόν’»
2894 3980 2969 4050 τῷ
2996 3981 3165 4051 Θωμᾷ
3192 3979 3351 4033 τοῦτο
3371 3980 3520 4050 λέγει
3548 3981 3791 4052 εἰρηκότι

2213 4069 2383 4141 αὐτῷ,
2419 4070 2529 4123 Ποῦ
2571 4070 2802 4138 ὑπάγεις
2847 4071 2945 4125 οὐκ
2977 4072 3217 4143 οἴδαμεν,
3245 4074 3339 4126 καὶ
3365 4074 3464 4143 τὴν
3510 4073 3629 4127 ὁδὸν
3674 4073 3791 4137 πῶς

2212 4161 2411 4215 εἰδέναι
2437 4161 2742 4231 δυνάμεθα;
2774 4162 2867 4215 καὶ
2892 4162 3131 4216 διδάσκει
3163 4164 3347 4226 αὑτὸν,
3384 4168 3477 4217 καὶ
3513 4165 3640 4227 τοὺς
3679 4165 3789 4217 λοι-

547 4250 705 4313 derit.
757 4252 880 4305 dum
932 4253 1004 4307 ita
1039 4254 1213 4323 ipsum
1254 4256 1450 4309 mentis
1494 4256 1668 4312 oculis
1715 4257 1888 4321 videt,
1935 4257 2113 4314 Patris

2216 4252 2351 4316 ποὺς
2400 4252 2764 4318 ἀποστόλους,
2822 4255 2898 4317 ὡς
2952 4254 3101 4324 αύτῷ
3146 4255 3174 4307 6
3230 4254 3627 4319 πεπιστευκὼς,
3675 4258 3790 4318 τοῖς

545 4354 760 4409 quoque
793 4340 906 4396 ﬁeri
949 4352 1330 4411 spectatorem,
1370 4346 1624 4415 quoniam
1676 4345 1835 4401 Pater
1884 4347 1936 4400 in
1978 4346 2113 4403 Filio

2216 4344 2509 4415 ὀφθαλμοῖς
2557 4346 2654 4415 τῆς
2696 4346 2934 4409 διανοίας
2981 4346 3317 4417 θεασάμενος
3350 4347 3535 4410 αὐτὸν,
3568 4348 3659 4400 καὶ
3690 4346 3785 4398 τοῦ

547 4434 874 4500 agnoscitur.
925 4434 1051 4491 Haec
1096 4436 1375 4505 Philippus
1427 4452 1533 4491 non
1588 4438 1915 4509 intelligens,
1962 4450 2113 4512 rogat

2216 4436 2428 4507 Πατρὸς
2476 4437 2768 4508 γεγένηται
2799 4437 3019 4507 θεατὴς,
3051 4438 3127 4500 ὡς
3160 4438 3218 4491 ἐν
3260 4438 3411 4508 αύτῷ
3448 4436 3542 4491 τοῦ
3580 4438 3788 4508 Πατρὸς

548 4524 695 4577 illum
751 4526 980 4582 dicens:
1034 4543 1053 4577 ι
1087 4503 1321 4581 Ostende
1368 4527 1524 4582 nobis
1574 4503 1789 4583 Patrem
1843 4503 2113 4596 tuum,vet

2216 4503 2638 4593 γνωριζομένου.
2662 4503 2860 4579 ⁷Ταῦτα
2894 4503 3158 4585 Φίλιππος
3188 4524 3263 4594 μὴ
3308 4503 3511 4587 συνεὶς,
3538 4503 3789 4593 παρακα-

547 4617 743 4672 sulﬁcit
773 4619 965 4685 nobis;
1008 4637 1030 4672 ι
1076 4630 1355 4689 propterea
1396 4637 1499 4676 non
1553 4620 1819 4685 laudatur,
1864 4623 1988 4691 quia
2031 4639 2113 4677 se-

2220 4616 2302 4670 λεῖ
2332 4615 2495 4668 αὑτὸν
2519 4615 2693 4684 λέγων
2715 4633 2730 4647 ·
2765 4635 2783 4669 t
2814 4616 2995 4682 Δεῖξον
3020 4617 3150 4685 ἡμῖν
3188 4615 3278 4669 τὸν
3309 4616 3527 4685 Πατέρα
3556 4632 3672 4677 σου,
3697 4614 3790 4669 καὶ

546 4710 780 4762 cundum
830 4710 1110 4765 haereticos
1162 4713 1311 4766 visus
1348 4723 1434 4767 est
1486 4726 1677 4782 aptare
1710 4714 1879 4782 majus
1912 4714 2113 4782 aliquid

2220 4712 2381 4782 ἀρκεῖ
2426 4711 2560 4781 ἡμῖν
2581 4724 2595 4739 '
2625 4728 2646 4763 ι
2686 4710 2780 4763 καὶ
2824 4710 2923 4764 οὐκ
2953 4710 3272 4775 ἐπαινεῖται,
3295 4708 3372 4772 ὡς
3402 4709 3462 4762 τὸ
3494 4709 3632 4763 κατὰ
3664 4710 3789 4771 τοὺς

544 4817 802 4864 cernere;
830 4802 921 4855 sed
960 4803 1371 4870 reprehenditur
1407 4804 1605 4874 potius,
1635 4818 1731 4856 ceu
1773 4806 1863 4872 qui
1902 4805 1951 4858 in
1980 4803 2113 4859 Filio

2219 4801 2530 4873 αίρετικοῦς
2557 4800 2740 4871 μεῖζον
2764 4800 2889 4855 ίδεῖν
2915 4800 3260 4871 ἐπιθυμήσας
3278 4818 3293 4833 ο
3318 4800 3436 4853 ἀλλ’
3456 4799 3786 4868 ἐγκαλεῖται,

547 4888 759 4943 Patrem
789 4906 892 4944 nou
928 4891 1153 4948 viderat.
1188 4911 1206 4943 ι
1245 4891 1420 4945 Tanto
1445 4894 1610 4955 enim,
1639 4894 1836 4961 inquit,
1874 4905 2111 4964 tempore

2219 4896 2296 4960 ὡς
2346 4894 2423 4967 μὴ
2467 4894 2797 4966 θεασάμενος
2842 4896 2900 4948 ἐν
2924 4893 3039 4963 Υίῷ
3065 4892 3441 4963 τὸνἩατέραο
3481 4912 3500 4944 ι
3530 4891 3788 4945 Τοσοῦτον

546 4982 822 5037 vobiscum
852 4997 992 5049 sum,
1018 4998 1194 5052 neque
1220 4998 1306 5038 tne
1332 4983 1508 5039 adhuc
1532 4984 1749 5048 novisti,
1778 4983 2051 5053 Philippe?
2083 5004 2102 5038 ι

2216 4988 2343 5057 γὰρ,
2376 4987 2529 5058 φησὶ,
2562 4987 2753 5058 χρόνον
2785 4985 2902 5056 μεθ’
2931 4985 3084 5054 ὑμῶν
3129 4988 3265 5056 ειμι,
3294 4987 3388 5038 καὶ
3425 4984 3525 5037 οὐκ
3549 4982 3788 5049 ἔγνωκάς

544 5076 707 5145 Atqui
751 5090 856 5129 non
905 5076 1122 5145 ipsum,
1182 5076 1277 5129 sed
1334 5072 1551 5129 Patrem
1610 5075 1794 5131 videre
1837 5075 2113 5144 Philippus

2216 5097 2304 5150 με,
2338 5080 2602 5144 Φίλιππες
2630 5098 2648 5130 ι
2680 5079 2791 5133 Καὶ
2826 5077 2932 5150 μὴν
2954 5078 3054 5132 οὐκ
3084 5077 3265 5141 αὐτὸν,
3294 5076 3431 5129 ἀλλὰ
3460 5076 3548 5129 τὸν
3573 5074 3787 5142 Πατέρα

546 5166 788 5236 optabat.
829 5165 937 5221 Cur
973 5180 1103 5235 ergo
1136 5166 1549 5236 reprehenditur
1583 5168 1723 5235 quod
1770 5166 1961 5220 Filium
2006 5182 2110 5222 nou

546 5261 894 5329 cognoverit?
938 5258 1207 5314 Nimirum
1245 5258 1401 5314 Jesns
1437 5258 1538 5314 hac
1590 5260 1768 5314 addita
1817 5259 2111 5329 reprehen—

548 5354 731 5421 sione,
777 5369 996 5409 causam
1026 5355 1101 5409 rei
1138 5353 1411 5409 declarat:
1453 5373 1472 5406 ι
1509 5353 1642 5410 Nam
1673 5354 1761 5424 qui
1807 5370 1892 5409 me
1931 5353 2108 5418 novit,

502 5558 506 5562 λ
616 5531 840 5586 "Juan.
884 5546 987 5598 xu,
1024 5532 1112 5595 44.
1145 5532 1235 5587 45.
1313 5532 1358 5565 ⁸⁸
1385 5530 1539 5585 ιΙοεῠο
1582 5545 1694 5594 διν»
1733 5532 1887 5588 6'13-

2210 5173 2238 5224 6
2267 5171 2529 5233 Φίλιππος
2558 5171 2683 5226 ίδείν
2709 5170 3025 5241 ἐπεθύμησε
3046 5184 3061 5200 ο
3100 5167 3219 5231 πῶς
3251 5163 3343 5221 οὖν
3375 5167 3686 5235 ἐγκαλεῖται
3713 5166 3785 5227 ὡς

2210 5263 2311 5317 οὐκ
2346 5261 2602 5331 ἐγνωκὼς
2638 5263 2729 5316 τὸν
2757 5263 2921 5328 Υίόν;
2973 5262 3039 5332 τῇ
3088 5260 3351 5329 ἐπαγωγῇ
3387 5259 3479 5313 τοῦ
3510 5257 3785 5326 ἐγκλήμα-

2211 5371 2300 5418 τος
2331 5354 2430 5425 τὴν
2458 5353 2637 5408 αἰτίαν
2661 5352 2811 5424 δηλοῖ
2829 5369 2843 5383 ο
2892 5370 2910 5403 t
2933 5352 2990 5404 Ὀ
3020 5348 3281 5422 ἑωρακὼς
3304 5349 3435 5419 γὰρ,
3460 5348 3646 5418 φησὶν,
3668 5346 3786 5414 ἐμὲ.

2301 5545 2327 5574 ι
2355 5533 2440 5586 ἶσ.
2472 5532 2563 5586 τὸν
2592 5531 2813 5603 Πατέρα
2842 5531 3052 5601 θεωρεῖ.

614 5692 688 5761 (1)
733 5690 806 5762 Ita
830 5706 891 5745 se
907 5690 1067 5744 habet
1087 5690 1136 5744 in
1155 5689 1257 5743 hoc
1274 5690 1531 5743 codiceret
1553 5688 1671 5742 aliis
1698 5691 1916 5748 verbum
1940 5694 2189 5762 ἔγνωκας
2255 5690 2511 5761 singulari
2557 5704 2815 5755 numero;
2854 5698 2905 5742 et
2966 5697 3223 5757 prmterea
3291 5685 3369 5739 sic
3401 5684 3452 5737 iu
3484 5691 3667 5736 nostro
3698 5679 3778 5733 ἰι·

574 5760 914 5832 erpuugitur.
