4122 6542
503 375 643 430 H75

1498 376 1557 429 S.
1598 375 1877 433 CYRILLI
1918 369 2387 432 ALEXANDRINI
2425 372 2748 430 ABCHIEP.

3615 377 3747 433 ωε

500 485 684 540 XVIII’.
741 484 894 549 Quod
930 502 1035 537 uua
1087 495 1161 539 est
1218 485 1394 540 Patria
1441 503 1505 541 ac
1563 486 1717 543 Filii
1748 489 2068 546 dominatio.

2241 488 2351 541 ιη’.
2390 488 2516 542 Ὅτι
2543 488 2655 558 μία
2681 491 2915 557 Πατρος
2937 487 3038 543 καί
3084 489 3222 544 Υιοῦ
3266 501 3305 557 η
3333 489 3677 544 δεσποτεία.

570 598 775 654 Deinde
805 610 927 651 cum
961 596 1441 652 demonstravisset
1478 613 1539 653 se
1569 616 1678 655 non
1709 601 1881 656 solum
1908 600 2072 656 etari-

500 687 675 753 iit-ari,
707 703 894 741 verum
943 687 1108 743 etiam
1154 688 1393 743 vicissim
1435 689 1782 756 clariﬁcare,
1827 692 2068 749 addidit:

506 799 522 829 ι
561 777 896 832 Mauil‘estavi
928 793 1124 832 nomen
1156 784 1310 832 tuum
1334 779 1647 836 hominibus
1663 782 1731 835 ".
1770 800 1789 834 ι
1820 782 1887 837 Ει
1913 782 2074 850 paulo

501 875 642 936 post,
709 868 1085 922 haereticorum
1142 883 1236 922 ora
1273 870 1558 940 oppilans:
1624 889 1642 923 ι
1689 871 1826 937 Mea,
1876 872 2071 941 inquit,

499 960 679 1012 omnia
728 968 821 1012 tua
866 969 1035 1024 sunt,
1080 968 1136 1014 et
1174 968 1263 1014 tua
1313 976 1431 1016 mea
1477 962 1524 994 "‘
1565 964 1677 1032 (l);
1715 982 1735 1014 ι
1788 978 1893 1018 non
1941 978 2075 1018 sane

501 1062 843 1103 communem
876 1049 1125 1104 dividens
1150 1051 1597 1116 dominationem,
1646 1067 1822 1123 neque
1859 1055 1962 1109 alia
2006 1054 2074 1109 ad

2245 596 2381 654 Εἶτα
2402 600 2621 664 δεικνὺς
2652 601 2728 665 ὡς
2750 602 2814 655 οὐ
2848 602 3010 672 μόνον
3032 600 3335 670 δοξάζεται,
3370 602 3509 657 ἀλλὰ
3545 604 3639 658 καὶ
3664 604 3744 659 6o-

2177 692 2355 758 ξάζει,
2382 691 2702 763 ἐπήγαγεν·
2738 712 2758 745 ι
2795 691 3149 763 Ἐφανέρωσά
3182 708 3276 745 σου
3328 692 3392 746 τὸ
3426 693 3597 763 ϐνομα
3640 696 3751 755 τοῖς

2174 781 2505 853 ἀνθρώποις.
2539 801 2559 834 ι
2587 782 2698 835 Καὶ
2722 782 2838 853 μετ’
2860 781 3017 849 ὀλίγα
3042 782 3151 834 τῶν
3177 781 3468 852 αίρετικῶν
3503 780 3748 851 ἐμφράτ-

2172 889 2283 927 των
2314 873 2387 928 τὰ
2426 872 2698 944 στόματω
2748 874 2871 926 «Τὰ
2917 874 3043 944 ἐμά,
3076 873 3229 944 φησὶ,
3274 874 3453 928 πάντα
3497 873 3567 926 σά
3613 876 3749 936 ἐστι,

2178 966 2273 1020 καὶ
2295 964 2364 1019 τὰ
2399 966 2467 1019 σὰ
2490 965 2631 1036 ἐμά·
2664 984 2683 1017 ι
2720 965 2780 1019 οὐ
2822 964 2919 1035 τὴν
2947 964 3135 1034 κοινὴν
3162 963 3385 1033 διαιρῶν
3410 963 3755 1023 δεσποτείαν,

2176 1055 2297 1109 οὐδὲ
2318 1055 2482 1126 ἕτερα
2511 1055 2568 1109 δὲ
2597 1054 2668 1108 τὰ
2692 1054 2772 1125 τῷ
2799 1054 2973 1127 Πατρλ⁸
3002 1054 3329 1125 διαφέροντα
3370 1054 3538 1118 δεῖξαι
3571 1052 3750 1115 βουλό-

436 1182 437 1185 η
501 1153 562 1195 se
594 1148 860 1209 spectare,
896 1141 1000 1194 alia
1045 1143 1113 1195 ad
1160 1141 1402 1209 Patrem,
1435 1138 1807 1201 demonstrare
1848 1146 2071 1209 volens;

2184 1164 2341 1217 μενος
2363 1162 2376 1178 ·
2398 1146 2512 1200 ἀλλ’
2534 1146 2722 1217 ἐπειδὴ
2750 1148 2799 1200 οἱ
2824 1148 3005 1201 πᾶσαν
3028 1145 3348 1215 βλάσφημον
3366 1145 3550 1216 φωνὴν
3570 1145 3743 1212 ἀφιέν-

501 1230 595 1284 sed
626 1231 880 1300 quoniam
915 1233 949 1286 ii
978 1232 1071 1303 qui
1103 1233 1310 1289 nullum
1351 1244 1541 1290 contra
1575 1237 1924 1307 Uuigenitum
1957 1237 2075 1292 bla-

2184 1255 2268 1302 τες
2292 1237 2435 1292 κατὰ
2459 1237 2553 1291 τοῦ
2570 1237 2930 1305 Μονογενοῦς,
2953 1236 3115 1290 αὑτὸν
3147 1236 3246 1307 μὲν
3274 1236 3571 1307 λαμϐάνειν
3596 1235 3750 1304 φασὶ,

502 1323 761 1391 sphemia:
803 1337 974 1391 genus
1021 1326 1299 1389 omittunt,
1347 1326 1523 1397 ipsum
1565 1329 1782 1398 quidem
1832 1330 2079 1397 accipere

2184 1329 2268 1383 τὸν
2299 1329 2356 1381 δὲ
2382 1329 2601 1398 Πατέρα
2635 1327 2858 1389 διδόναι,
2891 1328 3169 1381 δείκνυσιν
3199 1328 3283 1380 ὅτι
3310 1328 3411 1396 τὴν
3443 1326 3613 1396 αὐτὴν
3641 1325 3750 1395 ἔχει

502 1414 674 1479 uiunt,
700 1416 792 1470 sed
808 1415 1024 1471 Patrem
1053 1419 1207 1485 dare,
1234 1422 1575 1476 demonstrat
1599 1422 1784 1491 utique
1805 1437 1864 1477 se
1890 1437 2075 1493 parent

2184 1420 2257 1490 τῷ
2286 1420 2461 1491 Πατρὶ
2488 1419 2600 1472 τῶν
2649 1418 2907 1473 ἁπάντων
2936 1417 3255 1472 δεσποτείαν
3273 1433 3289 1447 ·
3318 1433 3337 1468 ι
3372 1416 3456 1469 Τὰ
3476 1417 3585 1488 7&9
3620 1414 3751 1485 ἐμὰ,

502 1505 650 1561 Patri
704 1507 905 1563 habere
947 1524 1130 1565 rerum
1171 1512 1413 1566 omnium
1458 1512 1898 1569 dominationem.
1940 1514 2075 1570 Nam

2184 1511 2336 1584 φησι,
2363 1511 2541 1565 πάντα
2570 1510 2642 1564 σά
2670 1511 2809 1577 ἐστι,
2837 1509 2935 1563 καὶ
2954 1508 3022 1561 τὰ
3050 1507 3122 1561 σα
3156 1507 3300 1578 ἐμά’
3338 1526 3358 1559 ι
3392 1508 3451 1561 οὐ
3490 1508 3587 1579 τὴν
3616 1506 3749 1562 διαί-

509 1617 528 1650 ι
562 1598 698 1664 Mea,
729 1599 923 1669 inquit,
955 1602 1157 1667 omnia,
1195 1610 1282 1655 tua
1315 1611 1459 1668 sunt,
1491 1613 1545 1657 et
1588 1614 1674 1657 tua
1708 1620 1859 1670 mea;
1899 1624 1917 1656 ι
1954 1619 2079 1675 pro-

504 1686 645 1743 l'ecto
670 1698 779 1743 non
810 1690 1199 1747 dominationis
1224 1692 1570 1760 divisionem,
1610 1695 1704 1749 sed
1732 1695 2076 1751 communio-

504 1795 624 1835 nem
653 1797 755 1837 nos
778 1784 1005 1839 docens»
1484 1780 1498 1795 "

574 1873 679 1927 Sed
708 1874 851 1927 enim
880 1875 1057 1931 sentio
1086 1890 1173 1931 me
1207 1877 1351 1933 hunc
1390 1878 1458 1933 de
1504 1877 1608 1933 ﬁde
1646 1893 1955 1935 sermonem
1985 1880 2075 1933 diu

504 1965 860 2031 produxisse;
894 1980 1019 2021 cum
1055 1976 1237 2022 tamen
1284 1969 1439 2036 quasi
1476 1983 1583 2024 uno
1611 1970 1849 2039 capitulo
1884 1971 2078 2025 delini-

507 2058 709 2111 tionem
759 2056 881 2124 ejus
932 2071 1020 2111 me
1063 2058 1581 2129 comprehensurum
1633 2062 1732 2115 sub
1797 2061 1951 2116 initio
1998 2061 2077 2132 (ἓ)

505 2147 903 2214 promisissem.
959 2147 1093 2204 Nam
1147 2163 1269 2202 cum
1338 2164 1404 2203 ex
1464 2150 1774 2220 evangelica
1832 2151 2077 2206 doctrina

502 2241 985 2296 demonstrandam
1032 2246 1396 2310 suscepissem
1426 2241 1703 2313 Unigeniti
1733 2244 2074 2312 dignitatem,

510 2332 809 2401 longiorem
834 2333 1377 2403 quam’promiseram
1406 2333 1509 2388 l'eci
1547 2348 1882 2397 sermonem,
1909 2347 2079 2403 quan-

503 2437 665 2489 quam
708 2422 759 2476 in
798 2423 928 2490 ipsis
960 2432 1205 2479 textuum
1241 2425 1782 2494 interpretationibus
1824 2425 2077 2479 brevitati

503 2515 705 2568 studui.
755 2515 925 2584 Igitur
972 2515 1077 2586 piis
1125 2515 1455 2572 Christianis
1504 2517 1768 2587 ablegatis
1814 2517 1879 2571 ad
1934 2518 2080 2587 ipsos

504 2619 617 2662 tum
647 2608 1010 2679 evangelicos,
1038 2618 1149 2663 tum
1178 2609 1523 2679 propheticos
1555 2608 1743 2675 libros,
1776 2608 1866 2679 qui
1891 2622 2081 2664 omnes

506 2699 771 2769 theologia
802 2700 868 2753 de
901 2700 1036 2753 Filio
1071 2700 1403 2764 redundant,
1435 2714 1533 2771 ego
1561 2700 1778 2770 quidem
1817 2699 2079 2771 propositi

504 2790 571 2844 de
602 2788 868 2844 Trinitale
903 2790 1206 2859 argumenti
1236 2791 1431 2844 seriem
1457 2805 1780 2859 prosequar.

788 2900 955 2972 699
980 2918 1029 2954 m
1068 2899 1208 2953 XIX.
1241 2900 1317 2953 De
1347 2899 1550 2969 Spiritu
1584 2910 1787 2954 sancto.

577 3010 859 3067 Credimus
886 3020 1114 3082 ergo,ut
1134 3011 1246 3082 jam
1279 3010 1412 3079 dixi,
1433 3012 1485 3064 in
1516 3010 1682 3066 Deum
1715 3010 1928 3066 Patrem
1958 3011 2083 3066 abs-

508 3117 610 3171 que
658 3101 961 3171 principio,
1021 3109 1073 3157 et
1124 3102 1177 3156 in
1213 3101 1380 3155 Deum
1415 3112 1743 3155 comternum
1777 3102 2077 3156 naturalem

510 3192 725 3257 Filium,
767 3207 829 3246 ex
859 3190 1022 3246 Patre
1055 3191 1270 3260 quidem
1299 3189 1563 3259 genitum,
1614 3191 1710 3243 sed
1751 3200 1926 3245 tamen
1958 3208 2076 3245 cum

512 3283 674 3337 Patre
703 3296 919 3352 semper
966 3283 1343 3345 exsistentem,
1376 3280 1531 3351 juxta
1589 3283 1955 3351 evangelicum
1996 3283 2081 3336 di-

508 3389 695 3433 ctum:
753 3394 772 3428 ι
828 3375 889 3429 In
938 3374 1205 3444 principio
1268 3383 1383 3429 erat
1435 3372 1692 3428 Verbum.
1744 3393 1761 3424 ι
1800 3372 2083 3428 Credimus

511 3467 671 3521 etiam
726 3466 777 3521 iu
821 3464 1083 3535 Spiritum
1132 3471 1404 3527 sanctum,
1455 3471 1684 3524 rectum,
1723 3464 2082 3533 dirigentem,

514 3560 732 3621 bonum,
776 3556 1194 3621 consolatorem,
1252 3570 1318 3610 ex
1372 3557 1479 3609 Deo
1528 3555 1931 3625 procedentem,
1979 3573 2083 3611 non

513 3650 786 3721 genitum;
824 3662 965 3703 unus
997 3649 1142 3702 enim
1182 3659 1264 3701 est
1312 3647 1672 3717 Unigenitus;
1712 3662 1885 3715 neque
1930 3664 2084 3702 crea-

516 3754 650 3806 tum,
684 3754 949 3809 nusquam
979 3741 1122 3793 enim
1162 3739 1212 3793 in
1250 3739 1431 3793 divina
1470 3738 1750 3808 Scriptura
1786 3756 1907 3793 eum
1935 3756 2086 3795 com-

514 3832 751 3902 perimus
803 3829 879 3886 rei
920 3840 1118 3885 creatze
1167 3840 1601 3896 annumeratum,
1646 3830 1739 3884 sed
1789 3833 1842 3884 in
1895 3832 2083 3886 eodem

512 3937 632 3978 cum
668 3922 829 3978 Patre
858 3938 922 3978 ac
962 3922 1101 3976 Filio
1129 3923 1320 3979 ordine
1364 3925 1624 3992 positum.
1671 3924 1850 3994 ipsum
1900 3933 2081 3978 autem

512 4014 577 4070 de
636 4015 796 4071 Patre
854 4016 1242 4086 procedentem
1294 4016 1622 4079 audivimus,
1684 4030 1858 4086 neque
1905 4026 2083 4071 tamen

510 4109 778 4180 quomodo
827 4109 1087 4179 procedat
1124 4108 1339 4165 curiose
1383 4120 1716 4174 scrutamur,
1767 4108 1859 4164 sed
1902 4108 1986 4162 his
2020 4108 2085 4163 fi-

512 4201 668 4255 nibus
719 4201 956 4255 contenti
994 4216 1181 4257 sumus
1214 4216 1349 4272 quos
1380 4202 1535 4257 nobis
1570 4201 1801 4269 theologi
1831 4201 2085 4270 beatique

512 4292 610 4345 viri
642 4301 966 4347 statuerunt.

513 4401 629 4459 XX.
682 4402 836 4471 Quod
884 4404 937 4457 in
987 4404 1167 4475 eodem
1222 4404 1405 4456 ordine
1445 4420 1561 4457 cum
1625 4402 1786 4456 Patre
1838 4402 2085 4475 Filioque

1006 4474 1243 4542 Spiritus
1269 4475 1582 4527 collocatur.

583 4585 826 4654 Namque
867 4586 935 4641 ab
978 4584 1098 4657 ipso
1143 4584 1431 4641 Servatore
1474 4594 1659 4643 nostro
1697 4588 1823 4645 Jesu
1864 4588 2082 4648 Christo

511 4679 686 4735 edocti
721 4678 922 4733 luimus
951 4677 1407 4747 complementum
1436 4694 1558 4735 esse
1599 4680 1885 4738 Trinitatis
1911 4683 2083 4753 Spiri-

513 4781 624 4823 tum
655 4781 922 4823 sanctum.
956 4787 974 4820 ι
1008 4768 1213 4823 Enntes
1246 4768 1413 4835 enim,
1446 4770 1643 4840 inquit,
1678 4773 1867 4829 docete
1894 4790 2083 4832 omnes

509 4868 721 4928 gentes,
757 4858 1100 4928 baptizautes
1127 4871 1221 4913 eos
1253 4859 1304 4912 iu
1349 4861 1565 4914 nomine
1584 4860 1763 4917 Patris
1792 4873 1842 4917 et
1878 4864 1999 4920 Filii
2029 4876 2085 4922 et

511 4950 746 5019 Spiritus
780 4950 955 5005 sancti
978 4949 1043 5003 ⁸⁷.
1081 4969 1101 5002 ι
1132 4948 1304 5006 Porro
1326 4967 1484 5021 quem
1505 4968 1626 5008 cum
1652 4953 1814 5010 Patre
1838 4955 2084 5028 Filioque
2118 5000 2123 5005 .

507 5042 854 5106 conﬁtemur,
887 5043 936 5098 is
964 5042 1110 5097 omni
1144 5043 1221 5098 rei
1256 5054 1456 5099 creatae
1486 5046 1737 5115 superior
1766 5057 1869 5102 est.
1899 5049 2081 5117 Quare

507 5144 562 5187 et
593 5134 784 5190 beatus
817 5133 1019 5190 Paulus
1055 5150 1174 5188 cum
1225 5133 1391 5190 Patre
1424 5136 1595 5206 ipsum
1632 5136 1882 5208 Filioque
1908 5142 2084 5196 conti-

507 5238 670 5281 nuata
724 5227 870 5282 serie
913 5227 1211 5297 praedicat:
1254 5245 1274 5278 ι
1311 5226 1492 5283 Gratia
1525 5230 1692 5296 enim,
1730 5230 1929 5300 inquit,
1980 5234 2082 5289 Do-

509 5321 641 5374 mini
669 5320 840 5376 nostri
866 5319 995 5375 Iesu
1031 5317 1257 5383 Christi,
1287 5327 1342 5374 et
1371 5319 1610 5375 charitas
1656 5322 1747 5377 Dei
1790 5321 1990 5390 Patris,
2026 5334 2084 5381 et

586 5483 629 5519 υί
655 5480 809 5536 Joan.
838 5494 973 5544 xvu,
1007 5477 1061 5535 6.
1137 5480 1183 5512 “
1211 5480 1341 5536 ibid.
1373 5479 1459 5536 10.
1536 5480 1580 5513 υ
1609 5481 1798 5539 Matth.
1835 5500 2029 5553 xxvm,
2065 5487 2148 5543 l9.

578 5640 653 5709 (1)
693 5639 908 5694 Nicotas
948 5642 1335 5706 Aquileiensis,
1366 5658 1392 5693 a
1422 5641 1578 5695 nobis
1602 5642 1804 5706 editus,
1831 5645 1883 5697 iu
1908 5645 2074 5700 simili

506 5718 736 5766 tractatu
768 5712 845 5766 sic
873 5713 1103 5780 explicat
1129 5730 1140 5763 :
1175 5712 1304 5777 Quae
1327 5712 1425 5763 illa
1458 5713 1674 5765 omnia?
1703 5716 1879 5781 utique
1905 5716 2070 5768 virtu-

507 5798 627 5849 mu,
660 5781 829 5852 utique
851 5782 1155 5853 potentiam,
1183 5782 1481 5847 bonitatem,
1510 5782 1940 5852 iucorruptclmn,
1958 5785 2071 5851 glo-

2182 1622 2333 1676 ρεσιν
2359 1605 2459 1674 τῆς
2480 1601 2819 1670 δεσποτείας,
2854 1599 2991 1656 ἀλλὰ
3018 1598 3081 1653 τὸ
3116 1601 3297 1655 κοινὸν
3321 1604 3419 1671 τῆς
3439 1601 3751 1664 δεσποτείας

2182 1696 2473 1751 παιδεύων.

2265 1873 2424 1928 Ἀλλά
2451 1874 2559 1946 γὰρ
2584 1874 2677 1928 τὸν
2708 1873 2864 1942 λόγον
2901 1872 2982 1935 είς
3023 1871 3197 1942 μῆκος
3224 1869 3460 1935 ἐξέτεινα
3501 1870 3590 1923 τὸν
3625 1871 3757 1939 περὶ

2182 1969 2437 2030 πίστεως,
2464 1968 2520 2020 ὲν
2549 1963 2831 2035 κεφαλαίῳ
2873 1962 3160 2030 διεξελθεῖν
3201 1964 3329 2033 ὅρον
3347 1965 3405 2015 ὲν
3426 1963 3537 2025 τοῖς
3566 1977 3757 2031 προοι-

2184 2059 2328 2129 μίοις
2369 2055 2868 2125 ἐπαγγειλάμενος*
2901 2053 3069 2119 δεῖξαι
3097 2051 3207 2123 γὰρ
3241 2050 3521 2122 βουληθεὶς
3554 2053 3618 2105 ὲκ
3654 2051 3759 2116 τῆς

2180 2149 2542 2220 εὐαγγελικῆς
2584 2144 2939 2208 διδασκαλίας
2964 2144 3060 2198 τοῦ
3090 2141 3430 2212 Μονογενοῦς
3455 2142 3555 2213 τὴν
3576 2143 3756 2209 ἀξίαν,

2184 2242 2521 2315 μακρότερον
2550 2240 2647 2311 τῆς
2674 2238 3025 2308 ὑποσχέσεως
3058 2234 3406 2306 εἰργασάμην
3448 2234 3540 2288 τὸν
3564 2234 3721 2302 λόγον
3740 2252 3756 2265 ·

2183 2333 2276 2388 καὶ
2300 2332 2477 2386 ταῦτα
2511 2328 2878 2400 βραχυλογίας
2914 2329 2972 2382 ὲν
3022 2331 3141 2391 ταῖς
3174 2325 3495 2397 ἑρμηνείαις
3522 2342 3761 2395 πεφρον-

2179 2424 2368 2486 τικώς.
2397 2423 2492 2485 Εἰς
2519 2420 2689 2483 αὑτὰς
2708 2418 2888 2473 τοίνυν
2917 2417 3019 2481 τὰς
3042 2414 3402 2484 εὐαγγελικὰς
3424 2413 3636 2485 βίϐλους
3663 2415 3762 2468 καὶ

2181 2514 2527 2588 προφητικὰς
2554 2513 2682 2576 τοὺς
2708 2510 2951 2573 εὐσεϐεῖς
2977 2507 3200 2578 πέμψας
3219 2507 3444 2578 (μεσταὶ
3469 2508 3576 2578 7&9
3599 2503 3762 2562 αὗται

2179 2607 2278 2677 τῆς
2304 2602 2584 2671 θεολογίας
2603 2598 2700 2653 τοῦ
2734 2599 2914 2671 Υἱοῦ),
2940 2598 3033 2652 ἐπὶ
3075 2598 3174 2671 τὴν
3223 2596 3587 2669 προκειμένην
3627 2598 3759 2650 duo-

2181 2696 2402 2752 λουθίαν
2432 2693 2741 2764 βαδιοῦμαι.

2465 2894 2566 2947 ΙΘ’.
2611 2893 2749 2961 Περὶ
2771 2893 2879 2946 τοῦ
2908 2892 3079 2961 ἁγίου
3112 2896 3480 2963 Πνευματος.

2258 3007 2594 3080 Πιστεύομεν
2625 3009 2842 3072 τοίνυν,
2895 3009 2970 3072 ὡς
3021 3008 3176 3078 ἔφην,
3225 3008 3307 3071 είς
3362 3006 3493 3059 Θεδν
3546 3003 3762 3074 Πατέρα

2183 3102 2440 3176 ἄναρχον,
2465 3104 2560 3157 καὶ
2590 3104 2669 3166 είς
2699 3102 2829 3156 Θεὸν
2863 3101 3138 3155 συναῖδιον
3179 3101 3338 3171 φύσει
3367 3101 3515 3164 Υίὸν,
3546 3099 3609 3153 ὲκ
3647 3099 3761 3153 Ila-

2184 3197 2313 3269 τρὸς
2345 3197 2444 3268 μὲν
2474 3195 2824 3265 γεννηθέντα,
2850 3195 2937 3249 ἀεὶ
2959 3195 3017 3248 δὲ
3032 3194 3109 3265 τῷ
3143 3194 3314 3265 Πατρί
3352 3193 3595 3254 συνόντα,
3620 3192 3763 3246 κατᾶ

2184 3289 2279 3360 τὴν
2315 3289 2422 3341 τῶν
2441 3286 2788 3356 Εὑαγγελίων
2822 3287 3006 3357 φωνήν
3032 3300 3046 3315 ⁸
3081 3306 3099 3338 ι
3138 3286 3227 3339 Ἐν
3252 3286 3393 3356 ἀρχῇ
3421 3284 3549 3355 γὰρ,
3576 3285 3760 3353 φησὶν,

2183 3377 2298 3453 ἦνὸ
2326 3380 2520 3447 Λόγος.
2542 3398 2586 3431 ι»
2621 3378 2962 3449 Πιστεύομεν
2992 3378 3050 3431 δὲ
3096 3376 3190 3431 καὶ
3233 3378 3314 3438 είς
3359 3376 3419 3428 τὸ
3452 3374 3675 3444 Πνεῦμα
3704 3372 3764 3424 τὸ

2188 3471 2367 3539 ἅγιον,
2391 3471 2451 3523 τὸ
2478 3470 2653 3534 εὐθὲς,
2689 3469 2750 3522 τὸ
2783 3469 3129 3539 ἡγεμονικὸν,
3163 3467 3224 3520 τὸ
3253 3465 3476 3535 ἀγαθὸν,
3501 3464 3561 3516 τὸ
3588 3462 3765 3531 παρὰ·

2187 3563 2404 3633 κλητον,
2438 3562 2497 3615 τὸ
2530 3565 2593 3615 ὲκ
2626 3560 2761 3614 Θεοῦ
2792 3559 3077 3633 προελθὸν,
3115 3558 3176 3612 οὐ
3212 3555 3470 3627 γεννηθέν
3492 3572 3504 3584 ·
3544 3548 3624 3617 εἷς
3658 3555 3765 3624 7&9

2186 3657 2517 3726 Μονογενὴς·
2547 3653 2669 3707 οὔτε
2701 3654 2806 3725 μὴν
2842 3651 3082 3706 κτισθέν·
3127 3649 3362 3721 οὐδαμοῦ
3388 3648 3496 3719 γὰρ
3520 3648 3767 3719 εὑρίσκο-

2190 3766 2289 3820 μεν
2319 3749 2377 3800 ὲν
2419 3751 2487 3818 τῇ
2529 3746 2651 3817 θεία
2696 3746 2886 3816 Γραφῇ
2914 3746 2981 3816 τῇ
3032 3744 3210 3798 κτίσει
3242 3740 3767 3812 συναριθμούμενον,

2186 3840 2321 3893 ἀλλὰ
2347 3840 2523 3912 Πατρὶ
2549 3838 2644 3891 καὶ
2678 3837 2795 3908 Υίῷ
2842 3835 3301 3905 συνταττόμενον·
3336 3830 3767 3901 ἐκπορευόμενον

2185 3931 2241 3985 δὲ
2267 3930 2400 3985 αὐτὸ
2429 3932 2492 3983 ὲκ
2520 3929 2613 3982 τοῦ
2654 3929 2869 4000 Πατρὸς
2891 3927 3229 3997 ἠκούσαμεν,
3258 3926 3351 3979 καὶ
3384 3925 3445 3977 οὐ
3490 3922 3765 3993 πολυπρα-

2185 4020 2499 4092 γμονοῦμεν
2544 4019 2660 4081 πῶς
2713 4017 3094 4090 ἐκπορεύεται,
3120 4015 3258 4071 ἀλλὰ
3309 4015 3613 4085 στέργομεν
3652 4018 3767 4075 τοῖς

2186 4115 2423 4167 τεθεῖσιν
2454 4115 2585 4184 ἡμῖν
2615 4114 2761 4183 ὅροις
2791 4111 2896 4165 ὑπὸ
2921 4111 3029 4163 τῶν
3058 4110 3323 4178 θεολόγων
3352 4109 3445 4161 καὶ
3480 4106 3764 4179 μακαρίων

2186 4204 2420 4276 ἀνδρῶν.

2222 4398 2304 4454 K'.
2357 4401 2475 4454 Ὅτι
2536 4400 2720 4467 Πατρὶ
2769 4398 2867 4453 καί
2907 4396 3015 4463 ΥΙῴ
3065 4398 3131 4453 τὸ
3174 4398 3418 4468 Πνεῦμα
3471 4397 3721 4451 συντάτ-

2891 4486 3069 4523 τεται.

2274 4586 2660 4657 Ἐδιδάχθημεν
2699 4587 2806 4660 7&9
2836 4586 2926 4639 ὑπ’
2969 4584 3132 4638 αὑτοῦ
3185 4582 3279 4639 τοῦ
3327 4584 3579 4655 Σωτῆρος
3608 4581 3761 4652 ἡμῶν

2201 4678 2379 4749 Ἰησοῦ
2424 4679 2701 4750 Χριστοῦ,
2759 4681 2858 4751 τῆς
2913 4681 2957 4733 Τ
2964 4680 3145 4751 ριάδος
3199 4675 3658 4748 συμπληρωτικὸν
3703 4673 3762 4726 τὸ

2190 4775 2415 4846 Πνεῦμα
2452 4775 2512 4827 τὸ
2556 4775 2738 4841 ἆγιονο
2786 4790 2805 4823 ι
2842 4769 3208 4840 Πορευθέντες
3240 4768 3371 4838 γὰρ,
3406 4767 3562 4838 φησὶ,
3592 4763 3757 4835 μαθηο

2189 4868 2421 4923 τεῦσατε
2464 4866 2639 4921 πάντα
2666 4863 2737 4919 τὰ
2782 4862 2931 4933 ἔθνη,
2973 4861 3323 4933 βαπτίζοντες
3366 4859 3563 4921 αὐτοὺς
3595 4858 3672 4919 εἰς
3704 4855 3759 4907 τὶ

2188 4961 2359 5032 ὄνομα
2394 4958 2485 5012 τοῦ
2522 4957 2756 5027 Πατρὸς,
2782 4955 2875 5009 καὶ
2902 4953 3054 5019 Υίοῦ,
3088 4952 3299 5008 καὶτοῦ
3327 4952 3483 5020 άγίου
3518 4947 3762 5018 Πνεῦμαο

2188 5068 2308 5117 τος*
2346 5073 2365 5105 ι
2400 5050 2477 5123 τῷ
2504 5050 2561 5104 δὲ
2588 5048 2765 5121 Πατρὶ
2790 5048 2883 5101 καί
2908 5045 3025 5117 Υίῷ
3062 5044 3644 5118 συμμαρτυρούμενον,
3668 5042 3762 5108 si;

2190 5144 2419 5208 κτίσεώς
2453 5145 2571 5196 ἐστι
2602 5140 2785 5212 πάσης
2815 5138 3138 5210 ὑπέρτερον.
3173 5137 3264 5190 Διὸ
3295 5137 3391 5191 καὶ
3435 5137 3462 5188 ὁ
3500 5134 3762 5205 μακάριος

2190 5236 2400 5299 Παῦλος
2430 5235 2567 5307 μετὰ
2610 5232 2824 5303 Πατρὺς
2856 5231 2989 5286 αὐτὸ
3018 5231 3112 5285 atati.
3158 5229 3291 5283 Υίοῦ
3339 5227 3622 5299 κηρύττων
3655 5226 3765 5277 δια-

2188 5330 2359 5383 τελεῖ·
2414 5345 2433 5379 ι
2491 5328 2557 5380 Ἦ
2603 5326 2763 5396 χάρις
2812 5324 2958 5394 7&9,
3002 5322 3154 5391 φησὶ,
3206 5319 3303 5373 τοῦ
3353 5317 3559 5390 Κυρίου
3612 5316 3762 5386 ἡμῶν

2179 5649 2312 5701 riam
2354 5658 2399 5700 et
2441 5646 2807 5703 wternitatem,
2849 5643 2981 5694 sicut
3022 5640 3175 5691 habet
3224 5636 3400 5690 Pater.

2250 5720 2327 5789 (2)
2368 5716 2564 5772 Recolo
2605 5713 2827 5769 tertium
2864 5711 3184 5780 capitulum.
