4122 6516
376 376 515 432 1177

1716 385 1803 440 DE
1846 386 2242 444 TRINITATE.

3464 410 3622 470 ’1178

386 486 583 557 Ἰησοῦ,
628 485 723 540 καὶ
754 489 784 557 ἡ
818 488 1006 558 ἀγάπη
1034 489 1129 543 τοῦ
1166 489 1300 543 Θεοῦ
1344 491 1438 543 καὶ
1482 493 1693 564 Πατρὸς
1724 497 1822 566 (1),
1859 499 1935 551 κα¹

2056 503 2473 558 communicatio
2507 507 2678 563 sancti
2726 508 2960 579 Spiritus
3001 515 3071 568 sit
3099 534 3220 570 eum
3252 522 3500 576 munibus
3531 543 3624 579 vo-

373 582 405 648 ή
470 578 723 631 κοινωνία
782 580 874 633 τοῦ
942 580 1094 648 ἁγίου
1157 582 1473 652 Πνεύματος
1541 586 1678 654 μετὰ
1728 589 1945 641 πάντων

373 668 545 738 ὑμῶν.
592 689 610 719 ι

408 783 536 835 KA'.
596 782 922 851 Ἀπόδειξις
973 785 1083 855 τῆς
1134 788 1242 873 τοῦ
1293 794 1639 862 Ili-stipatae
1687 794 1908 848 δεσπο-

1069 873 1250 924 τείας.

442 963 551 1016 Καὶ
591 964 751 1019 πάλιν
775 983 789 997 ι
830 985 850 1018 ο
874 970 1177 1039 Διαιρέσεις
1219 972 1275 1026 δὲ
1319 976 1676 1044 χαρισμάτων
1710 977 1837 1039 etot,
1882 978 1944 1029 τὸ

372 1055 427 1108 δὲ
459 1057 590 1111 αύτὸ
618 1058 872 1129 Πνεῦμαο
898 1062 991 1113 καὶ
1018 1062 1311 1134 διαιρέσεις
1336 1065 1621 1120 διακονιῶν
1653 1070 1811 1131 είσιν,
1830 1070 1857 1121 6
1886 1070 1943 1122 δὲ

372 1150 532 1213 αὐτὸς
581 1150 810 1223 Κύριος’
852 1154 946 1206 καὶ
975 1154 1265 1227 διαιρέσεις
1300 1160 1687 1230 ἐνεργημάτων
1730 1162 1886 1226 εἰσὶν,
1914 1165 1944 1215 6

370 1239 425 1292 δέ
467 1241 629 1305 αὐτός
657 1243 772 1295 ἐστι
802 1243 933 1306 Θεὸς
963 1247 991 1297 6
1022 1247 1262 1317 ἐνεργῶν
1291 1248 1357 1302 τά
1403 1251 1579 1303 πάντα
1620 1253 1677 1303 ἐν
1708 1253 1864 1306 πᾶσι.
1916 1272 1935 1305 ι

369 1332 544 1386 Αὐτοῦ
573 1333 630 1387 δὲ
677 1334 964 1406 κηρύττων
986 1337 1084 1408 τὴν
1126 1338 1374 1403 ἐξουσίαν
1416 1343 1544 1396 ἐϐόα
1564 1360 1577 1373 ·
1623 1363 1641 1396 ι
1673 1344 1855 1398 Πάντα
1886 1345 1941 1398 δὲ

370 1426 539 1479 ταῦτα
573 1429 784 1495 ἐνεργεῖ
809 1429 870 1482 τὸ
902 1430 1032 1483 αὐτὸ
1076 1434 1167 1485 καὶ
1194 1433 1255 1485 τὸ
1298 1433 1356 1487 ἐν
1391 1435 1611 1507 Πνεῦμα
1637 1478 1652 1502 ,
1690 1436 1933 1507 διαιροῦν

374 1517 477 1587 ἰδίᾳ.
508 1520 741 1590 ἑκάστῳ,
778 1514 980 1581 καθὼς⁰
1012 1521 1259 1591 βούλεται
1296 1525 1538 1595 διανέμει
1576 1528 1652 1595 (2)
1696 1529 1804 1589 τοῖς
1848 1545 1939 1579 πι-

371 1607 619 1660 στεύουσι
643 1608 712 1661 τὰ
734 1607 901 1679 δῶρα.
924 1628 942 1659 ι
963 1611 1043 1661 Δι’
1073 1611 1238 1665 αὐτοῦ
1264 1613 1373 1683 γὰρ
1394 1612 1502 1665 τῶν
1529 1612 1940 1684 ἁμαρτημάτων

370 1698 634 1768 ἐλάὸομεν
660 1699 760 1771 τὴν
802 1700 1125 1772 ἀπαλλαγήν
1147 1718 1160 1733 ·
1191 1703 1258 1755 δι’
1302 1703 1467 1757 αὐτοῦ
1495 1704 1597 1774 τῆς
1630 1703 1941 1774 ἐλευθερίας

370 1792 708 1862 τυγχάνομεν
731 1811 744 1825 ·
776 1793 844 1847 δι’
867 1795 1033 1848 αὐτοῦ
1056 1795 1148 1849 τοῦ
1178 1796 1279 1865 τῆς
1306 1796 1577 1859 υἱοθεσίας
1602 1798 1941 1868 χαρίσματος

2056 591 2138 644 bis
2176 592 2236 645 ³⁸⁸.
2277 614 2295 645 ι

2127 787 2266 845 XXI.
2316 791 2724 850 Demonstrntur
2756 800 2989 868 Spiritus
3029 809 3200 859 sancti
3238 808 3545 865 dominatio.

2126 962 2336 1020 Rursus
2401 967 2643 1025 Paulus:
2692 990 2711 1023 ι
2783 973 3083 1031 Divisiones
3135 994 3263 1032 vero
3323 985 3617 1050 gratiarum

2051 1064 2196 1114 sunt.
2229 1055 2369 1109 idem
2398 1069 2578 1113 autem
2609 1060 2843 1130 Spiritus
2877 1082 2891 1118 :
2928 1074 2976 1117 et
3010 1065 3307 1124 divisiones
3341 1072 3619 1127 ministra-

2053 1144 2254 1199 tionum
2290 1158 2436 1212 sunt,
2486 1150 2626 1204 idem
2663 1164 2840 1207 autem
2878 1154 3038 1219 Deus,
3084 1159 3174 1226 qui
3222 1172 3478 1228 operatur
3505 1180 3621 1215 om-

2050 1237 2136 1290 nia
2192 1239 2243 1292 in
2310 1243 2563 1297 omnibus
2587 1244 2655 1299 δ’.
2691 1263 2711 1297 ι
2758 1246 3008 1310 Ejusdem
3066 1252 3227 1304 etiam
3293 1262 3619 1320 potestatem

2053 1328 2218 1398 700
2245 1347 2293 1382 m
2329 1334 2629 1400 praedicans
2653 1335 2918 1392 clamabat
2954 1357 2967 1393 :
3010 1360 3028 1393 ι
3068 1340 3189 1396 llzec
3218 1353 3394 1395 autem
3440 1348 3617 1398 omnia

2047 1429 2305 1486 operatur
2336 1439 2475 1479 unus
2509 1434 2673 1493 atque
2704 1428 2843 1482 idem
2890 1428 3149 1498 Spiritus,
3178 1432 3427 1487 dividens
3464 1450 3619 1501 sepa-

2048 1510 2207 1564 ratim
2248 1513 2485 1583 singulis
2514 1536 2529 1568 :
2562 1527 2720 1585 prout
2758 1519 2873 1574 vult
2904 1522 3178 1576 distribuit
3202 1523 3339 1576 dona
3362 1524 3431 1577 ".
3465 1543 3483 1575 ι
3520 1524 3622 1579 Per

2048 1599 2220 1669 ipsum
2253 1605 2456 1673 quippe
2491 1610 2799 1677 recepimus
2826 1625 3170 1681 peccatorum
3204 1616 3615 1681 remissionem;

2046 1706 2142 1761 per
2164 1694 2337 1763 ipsum
2368 1697 2676 1755 libertatem
2706 1705 3127 1773 consequimur;
3153 1720 3248 1773 per
3282 1708 3456 1774 ipsum
3485 1708 3619 1760 ado-

2048 1787 2246 1854 ptionis
2285 1792 2458 1858 gratia
2492 1793 2742 1848 fruimur.
2786 1813 2805 1846 ι
2846 1795 2960 1849 Nott
2996 1798 3137 1851 enim
3175 1801 3501 1868 accepimus,
3534 1801 3615 1853 in-

369 1860 744 1954 ἀπολαύομεν*
803 1905 820 1936 ι
862 1886 935 1939 Ού
968 1884 1078 1957 γὰρ
1124 1860 1388 1957 ἐλάδομεν
1430 1860 1690 1956 Πνεῦμα,
1719 1860 1935 1957 φησὶνὸ

2046 1877 2163 1943 quit
2198 1876 2419 1941 Paulus,
2448 1879 2713 1948 Spiritum
2752 1885 3030 1939 servitutis
3058 1886 3253 1940 iterum
3304 1860 3357 1941 in
3406 1889 3617 1952 timore,

370 1974 601 2038 Παῦλος,
635 1973 880 2038 δουλείας
935 1975 1096 2030 πάλιν
1136 1980 1216 2038 είς
1266 1977 1429 2046 φόϐον
1454 2018 1467 2038 ,
1509 1976 1625 2030 ἀλλ’
1675 1977 1940 2047 ἐλάϐομεν

372 2065 592 2136 Πνεῦμα
620 2066 909 2132 υἱοθεσίας,
932 2070 990 2121 ἐν
1009 2061 1053 2135 ᾧ
1084 2067 1376 2139 κράζομεν,
1422 2068 1590 2121 Ἀϐὃᾶ
1610 2072 1637 2122 6
1666 2070 1878 2138 Πατήρ.
1916 2087 1934 2119 ι

370 2158 475 2210 Καὶ
504 2158 769 2229 ἀλλαχοῦ’
826 2180 843 2211 ι
886 2162 945 2214 ὐ
978 2161 1086 2233 γὰρ
1138 2161 1301 2230 νόμος
1334 2159 1427 2212 τοῦ
1482 2159 1797 2229 Πνεύματος
1842 2161 1941 2229 τῆς

368 2246 510 2319 ζωῆς
552 2248 881 2320 ἐλευθέρωσέ
934 2267 999 2319 με
1032 2250 1142 2303 ἀπὸ
1193 2250 1284 2303 τοῦ
1320 2250 1485 2320 νόμου
1532 2251 1631 2321 τῆς
1666 2252 1940 2321 ἁμαρτίας

370 2338 460 2390 καὶ
482 2337 575 2391 τοῦ
598 2340 850 2393 θανάτου.
882 2361 901 2393 ι
935 2342 1043 2393 Καὶ
1082 2341 1346 2411 ἑτέρωθεν
1372 2357 1385 2371 ⁸
1411 2359 1428 2391 ι
1471 2341 1530 2393 Ὀ
1557 2341 1613 2394 δὲ
1642 2342 1845 2411 Κύριος
1877 2343 1939 2395 τὸ

367 2431 590 2503 Ιινεῦμά
624 2437 800 2486 ἐστιν·
839 2428 898 2487 οῦ
928 2435 984 2488 δέ
1016 2435 1075 2488 τὸ
1108 2434 1331 2504 Πνεῦμα
1355 2436 1592 2505 Κυρίου,
1630 2437 1747 2488 ἐκεῖ
1784 2435 1938 2489 ἐλευ-

366 2524 551 2596 θερία·
589 2544 606 2577 t
647 2527 707 2579 τὸ
729 2526 787 2579 δὲ
812 2528 937 2590 τοὺς
969 2528 1161 2591 ἄλλους
1194 2526 1533 2598 ἐλευθεροῦν.
1570 2529 1629 2581 ού
1661 2528 1934 2581 δουλεύει”

367 2616 483 2679 πῶς
514 2617 622 2687 γὰρ
653 2616 718 2670 ἂν
746 2620 858 2679 τοῖς
880 2618 1191 2688 ὁμοδούλοις
1220 2620 1471 2691 μεταδοίη
1496 2615 1577 2672 ὧν
1608 2620 1667 2672 ού
1702 2618 1936 2689 μετέχει,

394 2702 418 2727 τ
683 2711 695 2726 ο
883 2710 894 2723 ο
1032 2706 1058 2729 τ
1270 2711 1293 2721 ι-
1493 2713 1503 2727 ο
1874 2712 1887 2729 ο

364 2726 423 2761 ου
443 2712 622 2779 τυχεῖν
645 2726 743 2763 ουκ
779 2713 973 2780 ίσχυει,
1001 2728 1063 2765 ου
1087 2712 1391 2765 ἀπολαῦσαι
1414 2712 1664 2783 βουλεται
1707 2713 1826 2782 μὲν,
1859 2727 1935 2773 ως

366 2800 532 2865 είκὸς,
550 2800 609 2852 ού
632 2801 852 2854 δύναται
892 2801 947 2854 δέ
972 2820 984 2866 ;
1007 2801 1069 2855 Εί
1094 2803 1151 2856 δέ
1177 2804 1499 2873 μεταδίδωσι
1520 2806 1633 2866 τοῖς
1655 2802 1939 2856 πιστεύου-

366 2908 451 2943 σιν
500 2890 845 2961 ἐλευθερίας,
910 2894 1006 2946 καὶ
1072 2893 1345 2964 ἐλευθεροῖ
1387 2894 1514 2955 τοὺς
1553 2893 1933 2957 δουλεύοντας,

362 2983 424 3035 ού
454 2982 693 3035 δουλεύει
720 2984 985 3053 δηλονότι,
1018 2983 1152 3037 ἀλλά
1177 2983 1448 3048 δεσπόζει,
1478 2985 1573 3037 καὶ
1602 2983 1937 3047 δεσποτικῶς

362 3074 461 3143 τὴν
499 3074 809 3147 ἐλευθερίαν
841 3070 922 3137 οἷς
957 3075 1133 3128 ἐθέλει
1165 3075 1485 3146 χαρίζεται·
1513 3074 1595 3128 διὸ
1630 3074 1723 3127 καὶ
1768 3074 1796 3126 6
1833 3091 1937 3144 μα-

364 3167 551 3237 κάριος
591 3166 692 3235 ἔφη
725 3166 955 3229 Παῦλος,
988 3167 1069 3218 ὅτι
1100 3186 1116 3216 ι
1146 3167 1328 3219 Πάντα
1352 3166 1525 3218 ταῦτα
1548 3166 1762 3237 ἐνεργεῖ
1788 3164 1849 3217 τὸ
1878 3163 1935 3218 ἓν

365 3259 459 3309 καὶ
499 3258 560 3309 τὸ
610 3258 740 3310 αὐτὸ
791 3259 1034 3329 Πνεῦμα,
1077 3258 1318 3329 διαιροῦν
1368 3260 1475 3328 ίδίᾳ
1505 3259 1719 3328 ἑκάστῳ
1758 3257 1937 3321 καθὼς

366 3349 631 3416 βούλεται.
671 3369 689 3400 ι
726 3350 817 3403 Διὸ
850 3351 942 3403 καὶ
987 3354 1015 3403 6
1064 3352 1349 3420 προφήτης
1393 3351 1451 3402 ἐν
1478 3353 1542 3420 τῇ
1592 3348 1803 3419 Παλαιᾷ
1840 3348 1938 3419 τὴν

364 3444 611 3509 ἐξουσίαν
639 3443 803 3496 αὑτοῦ
850 3442 1133 3514 κηρύττων
1171 3442 1301 3494 ἐϐόα
1322 3458 1336 3472 υ
1374 3461 1391 3492 ι
1421 3441 1621 3511 Κύριος
1652 3441 1939 3495 ἀπέστειλέ

366 3553 455 3607 με,
490 3536 582 3588 καὶ
603 3535 664 3588 τὸ
696 3535 922 3605 Πνεῦμα
954 3534 1139 3587 αὑτοῦ.
1170 3553 1189 3585 ›
1218 3535 1326 3588 Καὶ
1349 3536 1377 3587 6
1402 3533 1535 3597 Θεὸς
1562 3534 1807 3602 ἐγκαλῶν
1828 3536 1941 3597 τοῖς

376 3628 663 3692 Ἰουδαίοις·
679 3646 697 3680 ι
721 3628 1060 3698 Ἑποιήσατο.
1081 3627 1234 3697 φησὶ,
1255 3626 1468 3697 βουλὴν,
1492 3627 1584 3679 καὶ
1606 3627 1668 3679 ού
1691 3626 1755 3679 δι’
1778 3624 1934 3697 ἐμοῦ,

363 3720 456 3769 καὶ
490 3716 757 3787 συνθήκας
777 3717 835 3770 ού
862 3716 951 3769 διὰ
980 3715 1074 3769 τοῦ
1105 3715 1419 3786 Πνεύματός
1452 3734 1553 3786 μου
1574 3734 1585 3746 ·
1621 3736 1639 3766 ι
1683 3717 1936 3769 κοινωνὸν

360 3808 460 3877 τῆς
498 3807 815 3870 δεσποτείας
867 3807 1081 3870 δεικνὺς
1124 3806 1184 3860 τὸ
1224 3806 1447 3877 Πνεῦμα
1485 3808 1544 3861 τὸ
1591 3809 1764 3876 ἆγιον.
1820 3807 1931 3861 Καὶ

364 3900 655 3972 ἑτέρωθεν
695 3919 713 3951 ι
736 3898 847 3963 Διὸ,
886 3900 1070 3971 φησὶν,
1099 3900 1209 3968 ἐγὼ
1250 3901 1371 3971 μεθ’
1398 3899 1552 3971 ὑμῶν
1581 3901 1717 3971 είμι,
1751 3900 1844 3953 καὶ
1877 3899 1936 3953 τὸ

364 3992 587 4062 Πνεῦμά
618 4010 717 4063 μου
746 3994 1047 4064 ἐφέστηκεν
1074 3994 1132 4046 ἐν
1166 3992 1316 4063 μέσῳ
1354 3993 1527 4062 ὑμῶν.
1556 4010 1573 4041 ι

554 4102 682 4154 KB’.
716 4101 844 4155 Ὀτι
871 4101 1232 4171 δημιουργὸς
1258 4104 1291 4155 ὁ
1320 4099 1734 4170 Παρὰκλητος.

430 4211 541 4265 Καὶ
574 4212 603 4265 6
634 4210 752 4264 Ἰὼϐ
787 4211 1115 4283 δημιουργὸν
1149 4212 1278 4266 αὐτὸ
1306 4214 1400 4266 καὶ
1436 4212 1756 4267 δεσποτικὸν
1786 4207 1926 4266 εἶναι

361 4302 667 4365 πιστεύων,
731 4302 844 4355 ἀλλ’
907 4303 1004 4373 οὐχ
1063 4302 1436 4373 ὑπουργικὸν,
1501 4302 1622 4356 ούδέ
1680 4300 1927 4372 ποίημαο

366 4421 381 4449 ι
410 4395 630 4469 Πνεῦμα
658 4394 818 4459 θεῖον,
845 4395 1027 4464 φησὶν,
1053 4394 1115 4447 τὸ
1150 4392 1377 4464 ποιῆσάν
1404 4411 1493 4464 με,
1526 4392 1673 4463 πνοὴ
1702 4392 1757 4445 δέ
1791 4409 1929 4446 παν-

2043 1967 2135 2021 sed
2167 1970 2475 2037 accepimus
2498 1974 2744 2039 spiritum
2776 1975 3081 2043 adoptionis
3122 1978 3172 2031 in
3209 1980 3367 2041 ﬁlios,
3421 1980 3472 2033 itt
3512 1993 3620 2049 quo

2041 2056 2354 2125 clamamus,
2384 2062 2534 2116 Abba
2567 2063 2727 2119 Pater
2751 2066 2819 2119 “.
2850 2085 2869 2118 ι
2910 2067 3101 2121 Etalio
3135 2069 3287 2121 loeo:
3320 2088 3340 2119 σ
3370 2069 3503 2122 Nam
3535 2070 3618 2124 lex

2040 2149 2265 2216 spiritus
2301 2151 2422 2207 vita;
2470 2152 2722 2209 liberavit
2776 2170 2863 2211 me
2905 2171 2933 2209 a
2984 2157 3101 2227 lege
3148 2160 3354 2228 peccati
3385 2170 3439 2211 et
3470 2174 3619 2212 mor-

2044 2240 2112 2292 tis
2132 2241 2197 2293 ".
2236 2258 2254 2292 ι
2296 2242 2360 2296 Et
2389 2244 2516 2298 alibi
2560 2262 2574 2300 :
2622 2264 2642 2297 ι
2682 2246 2941 2303 Dominus
2987 2259 3164 2303 autem
3212 2250 3448 2318 Spiritus
3488 2261 3567 2304 cst
3600 2270 3614 2306 :

2046 2331 2135 2385 ubi
2173 2342 2351 2386 autem
2390 2334 2625 2402 Spiritus
2667 2337 2903 2403 Domini,
2958 2339 3028 2392 ibi
3088 2340 3309 2394 libertas
3351 2339 3417 2393 ⁸³.
3456 2360 3474 2392 ι
3519 2342 3617 2407 Qui

2043 2431 2221 2475 autem
2252 2423 2388 2479 alios
2429 2426 2641 2493 liberat,
2691 2430 2736 2484 is
2776 2446 2879 2484 non
2940 2432 3129 2486 servit.
3172 2431 3274 2497 Qui
3318 2434 3462 2486 enim
3503 2433 3617 2487 neri

2041 2525 2223 2581 posset
2255 2524 2312 2568 ut
2347 2520 2626 2573 conservis
2654 2520 2803 2573 daret
2829 2537 2948 2590 qua:
2982 2524 3096 2590 ipse
3120 2538 3224 2576 non
3264 2524 3444 2585 habet,
3468 2524 3613 2593 quod

2041 2601 2154 2671 ipse
2210 2607 2466 2674 consequi
2516 2623 2622 2661 non
2668 2610 2835 2674 valet,
2874 2626 2982 2679 quo
3027 2611 3186 2665 vellet
3222 2614 3435 2681 quidem
3490 2615 3616 2677 frui,

2040 2693 2115 2747 uti
2162 2709 2259 2762 par
2286 2706 2393 2759 est,
2428 2714 2605 2767 neque
2643 2708 2822 2753 tamen
2870 2703 3091 2770 posset?
3136 2704 3289 2769 Quod
3339 2705 3383 2758 si
3432 2720 3618 2760 revera

2039 2787 2389 2841 credentibus
2419 2790 2725 2844 libertatem
2757 2794 3144 2858 communicat,
3172 2804 3226 2850 et
3260 2810 3442 2851 servos
3470 2797 3613 2851 libe-

2039 2885 2142 2939 rat,
2176 2893 2281 2932 non
2332 2880 2520 2948 utique
2558 2882 2672 2950 ipse
2723 2885 2911 2949 servit,
2955 2886 3049 2940 sed
3094 2888 3421 2954 dominatur,
3455 2889 3618 2944 liber-

2040 2972 2311 3034 tatemque
2357 2984 2454 3037 pro
2491 2986 2586 3024 sua
2630 2981 2897 3041 potestate
2938 2976 3137 3044 quibus
3189 2978 3302 3031 vult
3348 2978 3595 3048 largitur.

2040 3051 2221 3119 Quare
2254 3064 2309 3109 et
2339 3057 2529 3112 beatus
2558 3058 2754 3114 Paulus
2784 3062 2859 3115 ait
2888 3083 2899 3116 :
2932 3081 2953 3114 ι
2986 3063 3177 3119 Omnia
3201 3078 3457 3135 Operatur
3483 3085 3622 3123 unus

2048 3154 2211 3213 atque
2238 3146 2377 3201 idem
2410 3148 2664 3219 Spiritus,
2700 3153 2945 3207 dividens
2973 3156 3201 3226 singulis
3232 3168 3389 3226 prout
3423 3160 3554 3213 vult.
3596 3179 3616 3213 ι

2046 3236 2405 3302 Quamobrem
2448 3251 2503 3295 et
2538 3243 2801 3313 propheta
2831 3244 2883 3299 in
2917 3245 3113 3301 Vetere.
3144 3249 3490 3306 Testamento
3523 3270 3620 3323 po.

2042 3326 2270 3380 tentiam
2308 3328 2452 3384 illius
2479 3334 2778 3397 praedicans
2814 3336 3083 3391 clamabat
3116 3356 3130 3392 :
3166 3356 3184 3389 ι
3231 3340 3485 3395 Dominus
3520 3347 3588 3396 tni

2047 3416 2118 3470 sit
2147 3434 2230 3471 me
2260 3430 2316 3473 et
2343 3420 2579 3488 Spiritus
2610 3424 2725 3491 ejus
2752 3426 2820 3480 “.
2859 3445 2879 3480 ι
2914 3428 2981 3483 Et
3028 3428 3287 3486 Dominus
3325 3437 3618 3503 reprelteu.

2052 3507 2187 3562 dens
2221 3507 2472 3567 Judzeos:
2510 3533 2529 3565 c
2570 3514 2889 3581 Consilium,
2912 3519 3104 3590 inquit,
3134 3523 3275 3587 iniit,
3300 3532 3353 3577 et
3392 3540 3496 3579 nou
3522 3542 3617 3594 per

2040 3614 2163 3666 me;
2223 3610 2277 3655 et
2349 3606 2783 3673 conventiones,
2843 3611 2937 3665 sed
3012 3627 3116 3667 non
3186 3628 3282 3682 per
3356 3614 3614 3686 Spiritum

2054 3708 2232 3749 meum
2261 3696 2349 3762 ";
2382 3716 2400 3749 ο
2437 3700 2751 3770 participem
2792 3702 2865 3756 ita
2917 3705 3295 3762 demonstrans
3334 3712 3615 3777 potestatis

2038 3798 2289 3841 sanctum
2331 3788 2615 3858 Spiritum.
2663 3792 2729 3848 Et
2781 3795 3015 3864 denique
3052 3798 3224 3853 alibi:
3274 3818 3293 3851 ι
3350 3800 3491 3864 Ideo,
3530 3803 3613 3854 in-

2036 3880 2174 3946 quit,
2201 3895 2302 3950 ego
2339 3882 2618 3937 vobiscum
2654 3901 2796 3948 sum,
2831 3898 2882 3941 et
2919 3889 3156 3957 Spiritus
3206 3908 3357 3948 meus
3404 3893 3458 3947 in
3502 3911 3612 3948 me-

2036 3970 2124 4025 dio
2162 3981 2399 4026 vestrum
2434 3974 2588 4029 stetit
2620 3975 2690 4028 ⁸⁸.
2726 3995 2745 4027 ι

2284 4077 2450 4136 XXII.
2487 4080 2642 4147 Quod
2672 4083 2995 4141 Paraclctus
3030 4090 3100 4143 sit
3137 4050 3361 4149 creator.

2102 4191 2269 4247 Jobu’s
2299 4210 2513 4266 quoque
2537 4208 2841 4253 creatorem
2876 4200 3269 4276 Dominamque
3293 4208 3465 4277 ipsum
3496 4210 3609 4280 Sp.-

2034 4287 2195 4340 ritmn
2255 4290 2505 4353 credens,
2553 4308 2658 4345 non
2711 4294 3017 4349 ministrum
3066 4313 3238 4367 neque
3279 4313 3604 4370 creaturam,

2040 4396 2059 4429 ι
2091 4377 2329 4448 Spiritus
2362 4381 2600 4446 divinus,
2651 4383 2846 4454 inquit,
2880 4387 2971 4455 qui
3020 4386 3148 4441 fecit
3200 4407 3306 4453 me,
3343 4402 3397 4447 et
3434 4396 3607 4462 spira-

358 4487 685 4557 τοκράτορος
712 4487 745 4554 ἠ
764 4484 1086 4538 διδάσκουσά
1115 4500 1203 4554 με.
1246 4503 1263 4533 ι
1295 4484 1355 4537 El
1378 4483 1434 4537 δὲ
1456 4482 1557 4553 τὴν
1582 4482 1928 4553 ἀνθρωπίνην

2043 4486 2156 4525 men
2188 4473 2580 4542 omnipotentis
2622 4477 2767 4545 quod
2797 4478 2977 4533 erudit
3009 4496 3094 4535 me
3121 4481 3190 4536 ⁸⁷.
3229 4502 3247 4535 ι
3287 4483 3405 4538 Jam
3441 4488 3484 4540 si
3511 4488 3607 4541 ltu-

359 4544 519 4647 φύσιν
570 4544 987 4647 ἐδημιούργησε,
1026 4544 1126 4647 τὴν
1164 4575 1332 4645 αὐτὴν
1367 4544 1554 4628 οὐσίαν
1596 4544 1708 4645 ἔχει
1756 4544 1930 4647 Ila-cpt

2043 4579 2253 4618 manam
2288 4576 2538 4621 naturam
2570 4570 2800 4634 creavit,
2832 4573 3081 4644 sequitur
3122 4585 3179 4629 ut
3209 4575 3447 4642 ejusdem
3488 4595 3608 4633 cum

359 4670 451 4723 καὶ
484 4668 597 4738 Υίῴ
621 4684 634 4698 ’
670 4671 729 4720 ἐν
753 4668 860 4738 γὰρ
892 4670 957 4737 τῇ
998 4665 1091 4719 τοῦ
1122 4665 1410 4737 ἀνθρώπου
1457 4671 1673 4737 ποιήσει
1719 4662 1871 4719 εἶπεν
1899 4668 1929 4719 6

358 4761 489 4825 Θεὸς
507 4779 520 4792 ο
560 4781 577 4811 ι
611 4762 933 4831 Ποιήσωμεν
956 4759 1240 4830 ἄνθρωπον
1261 4760 1381 4812 κατ’
1416 4760 1599 4812 εἰκόνα
1624 4759 1923 4831 ἡμετέραν,

360 4852 451 4903 καὶ
479 4851 596 4905 καθ’
621 4851 896 4921 ὁμοίωσιν.
936 4845 1069 4902 »Ὧν
1091 4850 1146 4903 δὲ
1165 4853 1198 4920 ὴ
1233 4848 1396 4903 εἰκὼν
1435 4850 1553 4921 μία,
1578 4850 1780 4902 τούτων
1827 4850 1925 4920 δη-

363 4942 535 4996 λονότι
572 4943 667 4996 καὶ
697 4944 729 5014 ὴ
759 4942 915 4995 οὐσία
953 4941 1070 5012 μία.

525 5144 649 5197 Kl".
688 5144 817 5197 ’Ὅτι
848 5144 913 5195 ἐκ
949 5142 1098 5196 Θεοῦ
1131 5140 1197 5194 τὸ
1231 5140 1470 5208 Πνεῦμα
1500 5140 1563 5192 τὸ
1595 5140 1782 5208 ἅγιον.

431 5253 552 5306 Ὅτι
583 5254 639 5307 δὲ
674 5254 861 5317 οὐσίας
890 5254 1041 5319 θείας
1071 5255 1305 5326 ὑπάρχει
1332 5254 1393 5308 τὸ
1420 5253 1644 5323 Πνεῦμα
1668 5254 1727 5305 τὸ
1750 5254 1924 5321 ἃγιον,

428 5429 473 5461 ⁵⁸
498 5427 535 5481 II
561 5428 682 5482 Cor.
713 5444 829 5491 χιιι,
868 5430 951 5485 15.
1053 5429 1099 5461 δ’
1126 5427 1142 5481 I
1172 5429 1297 5484 Cor.
1340 5445 1438 5491 xu,
1469 5428 1583 5483 4-6.

432 5654 507 5723 (Ι)
551 5653 707 5707 \‘itles
740 5653 879 5721 apud
912 5653 1166 5723 Cyrillum
1208 5662 1352 5707 recte
1390 5652 1629 5723 additum
1667 5653 1758 5706 καὶ
1808 5654 1919 5707 Πα-

361 5721 509 5792 τρὸς,
539 5740 660 5792 qua:
692 5724 857 5777 dictio
906 5721 1061 5777 deest
1116 5724 1167 5773 itt
1217 5723 1400 5792 multis
1426 5721 1555 5775 Novi
1590 5722 1919 5777 Testamenti

359 5791 653 5859 codicibus,
692 5804 748 5849 et
780 5802 955 5847 tamen
986 5791 1291 5846 necessaria
1318 5793 1403 5847 hic
1435 5802 1516 5847 cst
1540 5794 1605 5845 ad
1641 5792 1921 5849 Trinitatis

1680 5430 1727 5461 ιο
1754 5430 1823 5461 ἰΙιῖ

428 5429 473 5461 ⁵⁸
498 5429 535 5481 Il
561 5429 682 5482 Cor.
713 5444 829 5491 χιιι,
868 5430 951 5485 15.
1053 5429 1099 5461 δ’
1126 5429 1142 5481 I
1172 5429 1297 5484 Cor.
1340 5445 1438 5491 xu,
1469 5429 1583 5483 ι-θ.
1680 5430 1727 5461 ⁵⁸
1754 5429 1882 5483 ibid.
1914 5429 1934 5482 I

358 5500 405 5531 ⁸⁵
439 5502 538 5554 Isa.
569 5514 753 5564 vattt,
787 5499 871 5553 I6.
941 5501 985 5532 ⁸⁸
1011 5500 1111 5553 Isa.
1137 5516 1265 5564 xxx,
1292 5498 1340 5554 1.
1421 5500 1466 5531 ⁸⁸
1491 5503 1624 5570 Agg.
1646 5515 1705 5565 Il,
1735 5502 1787 5554 6.
1862 5500 1935 5549 ⁵⁷.

2099 5429 2142 5460 ⁵¹
2185 5429 2330 5482 Rom

2074 5515 2244 5557 χχχιι.
2276 5498 2330 5552 8.

2036 4653 2198 4712 Patre
2229 4672 2290 4712 ac
2314 4656 2453 4713 Filio
2480 4659 2801 4715 substantia:
2854 4662 2949 4719 sit.
2988 4663 3230 4734 Namque
3275 4668 3327 4721 in
3375 4669 3609 4724 hominis

2036 4752 2321 4807 creatione
2346 4752 2483 4806 dixit
2511 4751 2694 4808 Deus:
2731 4773 2749 4806 ι
2774 4753 3063 4809 Faciamus
3086 4758 3297 4830 701m
3334 4759 3605 4816 heminem

2032 4842 2413 4914 ad,imaginem
2442 4854 2680 4899 nostram
2701 4863 2765 4902 ac
2789 4846 3195 4903 similitudinem
3227 4850 3295 4905 ⁸³.
3322 4871 3341 4904 ι
3377 4852 3613 4920 Quorum

2038 4945 2218 4990 autem
2247 4953 2350 4991 una
2394 4947 2476 4992 est
2507 4938 2708 5009 imago,
2744 4957 2928 4994 eorum
2965 4942 3213 4997 videlicet
3255 4958 3358 4997 uua
3405 4958 3617 5015 quoque

2036 5028 2334 5081 substantia
2369 5038 2470 5083 est.

2212 5139 2399 5193 XXIII.
2436 5140 2588 5205 Quod
2627 5156 2691 5194 ea:
2733 5140 2837 5195 Dco
2865 5144 2931 5194 sit
2969 5139 3199 5208 Spiritus
3234 5154 3469 5196 sanctus.

2109 5252 2263 5318 Quod
2314 5262 2496 5306 autem
2542 5252 2724 5306 divina
2770 5262 2981 5306 constet
3026 5252 3334 5307 substantia
3371 5251 3612 5322 Spiritus

2099 5429 2142 5460 ⁵¹
2185 5428 2342 5482 Rom.
2371 5444 2484 5489 vut.
2518 5429 2604 5482 15.
2706 5430 2750 5460 ⁵¹
2788 5430 2915 5482 ibid.
2947 5430 3001 5486 9..
3100 5432 3146 5462 ⁸³
3172 5430 3213 5484 II
3242 5430 3365 5486 Cor.
3398 5446 3481 5487 ιιι.
3520 5432 3605 5485 I7.

2436 5499 2482 5531 ⁸⁸
2507 5500 2642 5553 Gen.
2671 5516 2709 5564 ι,
2749 5501 2839 5553 26.

2030 5652 2241 5724 plenam
2284 5656 2768 5709 enumerationem.

2100 5724 2175 5792 (2)
2216 5722 2290 5777 Ita
2331 5725 2496 5800 codex
2528 5724 2794 5796 διανέμει,
2825 5726 2942 5784 siue
2973 5727 3081 5784 ulla
3109 5736 3267 5785 antea
3304 5730 3382 5785 vel
3424 5739 3604 5800 postea

2030 5793 2481 5863 iutcrpuuctiouc.
