4122 6538
522 412 659 469 H79

1504 415 1565 471 S.
1607 415 1885 472 CYRILLI
1922 411 2389 471 ALEXANDRINI
2425 415 2745 472 ARCHiEl‘.

3629 399 3770 455 “80

521 532 763 587 sanctus.
792 520 906 590 ipse
928 536 1026 577 nos
1060 522 1200 578 Deus
1223 522 1378 578 docet
1403 538 1499 594 per
1529 524 1735 582 Joelem
1768 531 2082 598 prophetam

2198 527 2349 590 ιύτδς
2372 527 2399 580 6
2425 526 2555 589 Θεὸς
2583 526 2731 595 ἡμᾶς
2768 520 3013 575 διδάσκει
3047 516 3135 570 διὰ
3163 513 3255 569 τοῦ
3281 513 3567 585 προφήτου
3590 512 3767 579 λέγων

520 616 705 667 dicens
731 632 745 668 :
776 632 796 666 ι
832 611 890 668 In
922 614 1233 669 novissimis
1258 613 1446 669 diebus
1471 615 1742 671 effundam
1790 620 1856 672 de
1883 619 2087 689 Spiritu

524 717 643 754 tneo
688 717 852 773 super
898 718 1112 757 omnem
1164 718 1381 759 carnem
1429 706 1496 758 δ’.
1544 724 1562 754 ι
1613 705 1777 762 Docet
1817 723 1946 763 vero
1993 726 2089 763 nos

521 793 772 849 tlbristus
800 793 1085 860 Dominus,
1121 795 1248 849 dum
1275 796 1352 849 ait
1378 796 1683 865 discipulis:
1715 798 1879 855 «Cum
1907 812 2086 856 autem

522 900 615 939 vos
642 887 983 950 tradiderint,
1011 902 1078 941 ne
1103 903 1248 942 cura:
1278 888 1428 944 vobis
1452 890 1521 944 sit
1550 893 1820 959 quomodo
1848 905 1938 947 aut
1959 895 2087 963 quid

522 975 839 1044 loquamini.
874 975 992 1030 Non
1027 978 1170 1033 enim
1216 993 1312 1033 vos
1335 982 1468 1037 estis
1496 982 1585 1051 qui
1638 982 1940 1053 loquimini.
1992 986 2086 1040 sed

523 1065 761 1133 Spirilns
803 1067 981 1123 Patris
1024 1071 1211 1130 vestri,
1260 1072 1351 1137 qui
1407 1072 1645 1140 loquitur
1692 1075 1745 1129 in
1782 1078 1931 1131 vobis
1966 1077 2029 1131 ⁶⁰.
2064 1096 2083 1129 ι

523 1155 837 1226 Rursusque
870 1159 1061 1213 Paulus
1087 1177 1101 1214 :
1127 1179 1145 1211 ‹
1182 1160 1286 1215 Vos
1306 1170 1482 1216 autem
1517 1163 1570 1217 in
1599 1180 1763 1220 carne
1796 1182 1899 1221 non
1933 1168 2085 1232 estis,

521 1249 615 1303 sed
643 1248 695 1301 in
731 1249 970 1318 Spiritu,
1007 1251 1050 1304 si
1100 1260 1277 1305 tamen
1312 1253 1546 1323 Spiritus
1583 1256 1674 1310 Dei
1718 1257 1772 1311 in
1807 1260 1960 1313 vobis
1994 1259 2090 1313 ba-

524 1337 658 1391 bitat
684 1338 750 1393 “.
794 1357 814 1391 t
855 1340 919 1393 Et
967 1341 1122 1409 paulo
1155 1353 1314 1411 post:
1350 1363 1369 1397 ι
1424 1345 1741 1415 Quicunque
1784 1350 1929 1404 enim
1969 1350 2089 1420 Spi-

524 1428 627 1483 ritu
661 1429 754 1484 Dei
795 1441 1048 1500 aguntur,
1090 1433 1143 1487 bi
1183 1441 1309 1488 suttt
1349 1434 1445 1489 lilii
1491 1436 1589 1491 Dei
1636 1438 1702 1492 “.
1748 1459 1767 1491 ι
1814 1439 1880 1493 Et
1917 1440 2086 1497 alibi:

531 1540 550 1571 ι
589 1520 753 1577 Nobis
801 1534 1009 1590 autem,
1061 1525 1257 1594 inquit,
1296 1528 1438 1583 Deus
1489 1530 1749 1585 revelavit
1789 1547 1886 1602 per
1918 1532 2089 1604 Spiri-

527 1622 636 1665 tum
672 1628 849 1667 suum.
902 1612 1138 1684 Spiritus
1174 1618 1320 1672 enim
1357 1622 1540 1676 omnia
1585 1632 1882 1689 scrutatur,
1925 1628 2088 1682 etiam

523 1701 790 1769 profunda
837 1704 953 1759 Dei.
987 1706 1121 1773 Quis
1155 1708 1299 1763 enim
1343 1710 1622 1767 hominum
1664 1714 1768 1769 scit
1806 1731 1926 1785 quae
1966 1730 2091 1775 sunt

523 1792 780 1859 hominis,
809 1796 910 1850 nisi
959 1798 1178 1866 spiritus
1224 1801 1458 1857 hominis
1482 1805 1573 1873 qui
1608 1805 1660 1859 in
1705 1806 1823 1875 ipso
1850 1810 1970 1863 est?
2011 1810 2087 1864 Ita

522 1894 578 1936 et
602 1898 721 1952 quae
754 1883 846 1939 Dei
871 1896 997 1941 sunt
1028 1904 1188 1943 nemo
1217 1891 1488 1959 cognovit,
1525 1895 1624 1949 nisi
1657 1894 1890 1964 Spiritus
1916 1901 2090 1968 quicx
2126 1880 2165 1933 Β

525 1972 636 2027 Deo
669 1984 753 2027 est
788 1975 853 2029 ⁸³.
903 1996 923 2029 ι
961 1977 1039 2031 Ex
1085 1980 1283 2047 quibus
1311 1984 1526 2049 egregie
1560 1995 1794 2052 constat,
1828 2004 1932 2043 non
1976 2005 2094 2044 esse

523 2070 842 2119 extraneum
908 2081 1087 2135 neque
1134 2070 1361 2125 diversa:
1404 2073 1738 2139 substantiae,
1778 2080 1870 2132 sed
1909 2095 2095 2150 reapse

526 2152 810 2218 praeditum
842 2152 1023 2207 divina
1055 2165 1246 2209 natura
1296 2172 1544 2215 sanctum
1578 2164 1856 2232 Spiritum.
1889 2168 2093 2233 Quant-

523 2242 711 2294 oln-em
754 2256 950 2298 arcana
987 2261 1201 2315 quoque
1236 2247 1330 2304 Dei
1383 2256 1552 2317 novit,
1585 2266 1639 2309 et
1692 2258 1953 2327 quidquid
2002 2260 2092 2315 Dei

523 2340 607 2385 est
637 2334 805 2399 novit,
841 2335 981 2389 sicut
1022 2340 1202 2393 anima
1254 2351 1436 2395 nostra
1477 2359 1598 2412 qure
1637 2357 1765 2401 sunt
1813 2350 2092 2417 suiipsius.

525 2424 679 2491 Quod
710 2427 753 2480 si
786 2427 908 2495 quis
950 2427 1090 2482 forte
1131 2431 1391 2486 vocabulo
1421 2439 1700 2492 scrutandi
1737 2439 2091 2508 ignorantiam

525 2516 769 2568 tlettutari
803 2526 978 2585 putat,
1015 2519 1155 2574 idem
1181 2523 1245 2575 de
1279 2523 1439 2578 Patre
1469 2541 1683 2595 quoque
1714 2531 1915 2584 dictum
1945 2547 2094 2587 COII-

525 2604 715 2670 periet.
751 2621 771 2656 ι
812 2604 944 2659 Nam
987 2608 1078 2673 qui
1103 2619 1405 2678 scrutatur,
1446 2613 1643 2683 inquit,
1679 2620 1863 2684 corda,
1896 2622 1987 2691 qui
2023 2623 2095 2677 sit

524 2710 717 2750 sensus
746 2696 982 2766 Spiritus
1010 2701 1163 2755 novit
1192 2702 1257 2758 “.
1294 2721 1313 2754 ›
1349 2703 1468 2759 Jam
1503 2708 1548 2761 si
1590 2710 1912 2767 universalis
1956 2715 2095 2770 Deus

525 2802 633 2840 non
686 2787 806 2842 ideo
835 2799 1111 2846 scrutatur
1139 2792 1265 2862 quia
1299 2796 1525 2860 nesciat,
1558 2799 1650 2852 sed
1695 2806 1955 2868 prteclare
1995 2821 2093 2861 no-

527 2878 600 2930 tit
657 2877 837 2932 omnia
899 2890 1190 2948 antequam
1237 2883 1401 2952 llant;
1453 2897 1675 2945 sanctus
1731 2906 1947 2963 quoque
1995 2894 2090 2950 Dei

527 2968 780 3039 Spiritus,
826 2969 969 3027 haud
1004 2984 1228 3045 propter
1265 2975 1628 3047 ignorantiam
1680 2983 1945 3050 profunda
1996 2986 2088 3042 Dei

524 3070 820 3117 scrutatur.
851 3062 987 3117 Nam
1014 3069 1286 3134 quomodo
1320 3070 1589 3139 ignoranti
1617 3086 1981 3142 congruerent
2008 3078 2090 3132 ci‘o

440 3174 447 3185 υ
526 3161 636 3205 tata
667 3154 866 3208 verba:
898 3156 1042 3225 quod
1073 3157 1231 3214 sicuti
1279 3162 1427 3216 novit
1461 3165 1687 3233 spiritus
1717 3166 1952 3223 hominis
1974 3185 2092 3239 qua:

523 3252 649 3296 sunt
679 3243 731 3298 in
761 3244 897 3314 ipso,
930 3247 1000 3302 ita
1030 3258 1084 3304 et
1113 3266 1177 3305 ea
1210 3265 1330 3320 qua:
1362 3264 1487 3309 sunt
1515 3255 1608 3310 Dei
1634 3271 1816 3325 nemo,
1848 3258 1951 3315 nisi
1980 3260 2095 3329 Spi-

532 3336 671 3389 ritus
702 3335 816 3402 Dei,
855 3341 1133 3408 cognoscit
1156 3341 1179 3394 ’ί
1201 3343 1538 3401 Adversatur
1575 3348 1720 3403 enitn
1772 3351 2093 3406 scrutatioui

528 3423 741 3495 702m
767 3429 1031 3497 scientia;
1058 3434 1237 3487 anima
1269 3450 1393 3490 vero
1419 3453 1504 3493 res
1530 3441 1778 3510 praprias
1806 3457 1913 3497 non
1941 3457 2096 3498 scru-

534 3528 697 3583 tatur,
721 3520 814 3574 sed
842 3522 1086 3591 apprime
1125 3525 1249 3580 scit.
1284 3525 1456 3596 Igitur
1494 3528 1732 3599 Spiritus
1756 3542 1977 3588 sanctus
2004 3551 2092 3590 ac-

527 3624 769 3665 curatam
803 3614 892 3668 Dei
928 3616 1170 3671 notitiam
1198 3619 1390 3675 habet:
1425 3632 1481 3676 et
1504 3621 1664 3678 sicuti
1700 3622 1911 3680 Patrem
1937 3643 2098 3682 nemo

529 3702 700 3770 novit,
735 3705 835 3761 nisi
873 3705 1069 3772 Filius,
1101 3724 1275 3781 neque
1296 3712 1512 3780 Filium,
1541 3715 1643 3769 nisi
1695 3716 1857 3773 Pater
1888 3718 1964 3785 “;
2002 3719 2094 3786 ita,

527 3795 627 3859 ait,
665 3811 823 3853 nemo
861 3801 1010 3854 novit
1032 3816 1151 3870 qua:
1174 3801 1266 3858 Dei
1298 3813 1447 3870 sunt,
1480 3806 1581 3860 nisi
1603 3807 1840 3877 Spiritus
1865 3810 1980 3865 Dei.
2018 3813 2095 3868 Ex

528 3886 688 3942 dictis
715 3888 876 3959 igitur
903 3901 1108 3947 natura:
1132 3898 1569 3951 communionem
1602 3900 1916 3957 edocemur.

601 3979 734 4045 Quia
784 3992 962 4037 tamen
1010 3995 1232 4039 cunctos
1279 3987 1624 4058 impudentiae
1686 3991 1821 4048 lines
1870 3999 2097 4066 egressi,

530 4072 642 4125 Arii
705 4081 866 4142 atque
922 4072 1171 4130 Eunomii
1224 4077 1572 4147 blasphemia
1621 4084 1888 4153 discipuli,
1925 4087 2098 4157 ipsum

528 4161 694 4217 Deum
742 4165 891 4218 aiunt
924 4179 1046 4221 esse
1092 4166 1350 4238 Spiritum
1384 4171 1499 4238 Dei,
1548 4180 1855 4235 necessario
1910 4183 2100 4241 beatus

529 4253 725 4308 Paulus
753 4269 1035 4322 personam
1071 4260 1303 4327 Spiritus
1335 4262 1667 4321 demonstrat
1705 4286 1718 4322 :
1759 4287 1778 4320 ι
1804 4269 1912 4327 Nos
1933 4276 2098 4341 enim,

530 4346 720 4414 inquit,
754 4347 894 4401 haud
957 4352 1142 4407 mundi
1200 4354 1450 4423 spiritum
1499 4362 1837 4430 accepimus,
1886 4369 1980 4422 sed
2010 4370 2100 4438 qui

528 4454 593 4491 ex
639 4437 747 4494 Deo
775 4449 852 4496 est
885 4438 1142 4513 Spiritum
1178 4464 1192 4500 :
1223 4454 1282 4500 ut
1309 4448 1544 4505 sciamus
1570 4466 1689 4522 quae
1714 4470 1743 4509 a
1774 4456 1881 4514 Deo
1908 4437 2101 4517 donata

2209 618 2364 688 Ἰωήλ
2381 636 2398 646 ι
2423 637 2443 668 ι
2465 618 2553 670 Ἐν
2583 619 2705 678 ταῖς
2738 615 2996 685 ἐσχάταις
3020 611 3277 681 ἡμέραις,
3313 606 3491 677 ἐκχεῶ
3534 604 3642 658 ἀπο
3668 603 3765 657 τοῦ

2199 708 2511 777 Πνεῦματός
2546 723 2647 776 μου
2678 706 2770 757 ἐπὶ
2806 705 2984 757 πᾶσαν
3007 701 3205 771 σάρκα.
3235 697 3524 750 »Διδάσκει
3543 693 3599 746 δὲ
3620 695 3767 763 ἡμᾶς

2195 800 2224 850 6
2284 796 2552 865 δεσπότης
2604 793 2839 864 Χριστος
2890 792 3028 861 πρὸς
3069 788 3194 851 τοὺς
3247 784 3494 857 μαθητὰς
3551 783 3759 851 λέγων·

2203 908 2219 939 ι
2244 888 2411 940 Ὅταν
2431 886 2487 939 δέ
2512 883 2917 955 παραδώσωσινι
2943 882 3106 952 ὑμᾶς,
3137 879 3211 949 μὴ
3249 877 3622 947 μεριμνήσητε
3646 872 3763 932 πῶς

2195 980 2228 1050 ἢ
2253 979 2303 1031 τί
2330 978 2593 1047 λαλήσετε
2611 991 2624 1007 '
2656 977 2717 1028 οὐ
2738 975 2846 1045 γὰρ
2878 974 3037 1043 ὑμεῖς
3068 972 3193 1023 ἐστε
3213 970 3263 1022 οἱ
3295 967 3601 1027 λαλοῦντες,
3629 963 3761 1018 ἀλλά

2196 1072 2256 1123 τὸ
2300 1068 2525 1138 Πνεῦμα
2557 1067 2650 1120 τοῦ
2685 1066 2899 1136 Πατρὶις
2931 1063 3085 1134 ὑμῶν
3112 1062 3174 1115 τὸ
3220 1059 3410 1114 λαλοῦν
3450 1060 3514 1111 ἐν
3544 1058 3702 1127 ὑμῖν·
3739 1075 3759 1104 ι

2196 1163 2289 1214 καὶ
2314 1160 2480 1213 πάλιν
2510 1160 2543 1211 ὁ
2575 1155 2787 1219 Παῦλος
2810 1174 2823 1187 ο
2861 1173 2879 1206 ι
2918 1155 3110 1225 Ὑμεῖς
3133 1153 3188 1205 δὲ
3219 1153 3319 1205 οὐκ
3348 1150 3467 1203 ἐστέ
3497 1148 3555 1202 ἐν
3576 1147 3759 1217 σαρκὶ,

2196 1253 2311 1305 ἀλλ’
2336 1252 2394 1303 ἐν
2420 1248 2558 1304 Πνεύ
2568 1266 2697 1317 ματι
2716 1265 2731 1280 ·
2755 1250 2914 1320 εἴπερ
2928 1246 3155 1316 Πνεῦμα
3183 1241 3317 1297 Θεοῦ
3338 1244 3477 1295 οἰκεῖ
3498 1244 3553 1294 ἐν
3575 1240 3719 1309 ὑμῖν.
3737 1256 3755 1291 ι

2198 1344 2307 1397 Ka‘t
2335 1343 2453 1412 μετ’
2485 1342 2641 1409 ὀλίγα
2662 1357 2675 1372 ·
2708 1342 2892 1393 «Ὅσοι
2926 1340 3035 1407 γὰρ
3055 1335 3333 1405 Πνεῦματι
3364 1332 3499 1387 Θεοῦ
3517 1331 3758 1399 ἄγονται,

2196 1430 2340 1489 οῦτοι
2370 1436 2504 1486 εἰσιν
2524 1432 2631 1484 υἱοὶ
2660 1430 2820 1484 Θεοῦ.
2835 1430 2969 1482 »Καὶ
2993 1425 3277 1495 ἀλλαχοῦθι
3299 1425 3456 1493 Ἡμῖν
3474 1422 3551 1485 δὲ,
3574 1420 3759 1489 φησὶν,

2196 1529 2225 1580 6
2241 1526 2371 1587 Θεὸς
2393 1521 2707 1591 ἁπεκάλυψε
2724 1521 2813 1574 διά
2836 1519 3145 1588 Πνεύματος
3165 1515 3350 1568 αὑτοῦ·
3378 1514 3441 1567 τὸ
3464 1511 3570 1581 γὰρ
3596 1509 3760 1563 Πνεῦ-

2202 1635 2276 1689 μα
2316 1616 2494 1669 πάντα
2521 1614 2719 1684 ἐρευνᾷ
2745 1614 2841 1665 καὶ
2875 1610 2943 1663 τὰ
2992 1609 3129 1679 βάθη
3168 1607 3260 1661 τοῦ
3288 1604 3423 1659 Θεοῦ
3448 1622 3462 1634 ·
3501 1622 3520 1654 ι
3546 1603 3627 1663 τίς
3653 1601 3761 1669 γὰρ

2197 1708 2499 1778 ἀνθρώπων
2525 1701 2633 1758 οἶδε
2681 1705 2749 1757 τὰ
2775 1703 2868 1757 τοῦ
2911 1700 3218 1772 ἀνθρώπου,
3254 1700 3302 1751 εί
3338 1697 3414 1769 μὴ
3438 1696 3502 1750 τὸ
3544 1694 3767 1762 πνεῦμα

2203 1798 2296 1852 τοῦ
2326 1797 2612 1868 ἀνθρώπου
2647 1796 2707 1848 το
2738 1797 2795 1848 ἐν
2835 1792 2983 1863 αὐτῷ
3009 1809 3023 1856 ;
3071 1790 3215 1845 οὕτω
3242 1790 3341 1843 κει)⁸
3388 1789 3459 1842 τὰ
3505 1786 3597 1841 τοῦ
3627 1785 3766 1840 Θεοῦ

2195 1890 2368 1952 οὐδεὶς
2396 1886 2558 1953 οἶδεν,
2595 1889 2644 1940 εἰ
2686 1887 2759 1957 μὴ
2791 1886 2851 1938 τὸ
2879 1883 3104 1954 Πνεῦμα
3126 1882 3187 1935 τὸ
3222 1883 3286 1934 ἐκ
3315 1879 3406 1934 τοῦ
3436 1876 3593 1933 Θεοῦ.
3623 1896 3640 1928 ι
3674 1876 3763 1940 Ἐξ

2196 1976 2269 2034 ὧν
2298 1980 2519 2050 εὔδηλον
2545 1978 2620 2042 ὡς
2643 1979 2742 2030 οὑκ
2772 1975 3086 2044 ἀλλόφυλον,
3104 1974 3223 2026 οὐδὲ
3256 1972 3606 2041 ἐτεροούσιον,
3630 1967 3717 2020 ἀλ)
3732 1969 3764 2019 ἁ

2195 2075 2296 2143 τῆς
2331 2073 2480 2135 θείας
2514 2069 2729 2141 φύσεώς
2760 2071 2876 2121 ἐστι
2915 2066 2977 2118 τὸ
3006 2063 3229 2133 Πνεῦμα
3252 2063 3312 2115 τὸ
3351 2061 3532 2129 ἆγιον·
3561 2060 3640 2113 διὸ
3669 2059 3767 2110 καὶ

2196 2167 2264 2219 τὰ
2302 2165 2439 2236 βάθη
2472 2162 2565 2218 τοῦ
2593 2161 2729 2215 Θεοῦ
2760 2158 3041 2227 γινώσκει,
3087 2157 3181 2209 καὶ
3232 2154 3517 2207 ἐπίσταται
3564 2152 3633 2204 τὰ
3668 2149 3765 2203 τοῦ

2196 2259 2365 2323 Θεοῦ,
2412 2257 2487 2319 ὼς
2532 2258 2567 2325 ὴ
2623 2252 2866 2324 ἡμετέρα
2913 2249 3059 2319 ψυχὴ
3106 2247 3175 2300 τὰ
3220 2248 3416 2299 οἰκεῖα.
3477 2245 3540 2297 Ei
3581 2242 3639 2295 δέ
3678 2258 3768 2304 τις

2197 2351 2417 2415 ἄγνοιαν
2444 2345 2541 2415 τὴν
2570 2343 2794 2413 ἔρευναν
2827 2338 3061 2411 νομίζει,
3106 2336 3264 2390 τοῦτο
3306 2335 3399 2388 καὶ
3433 2332 3525 2385 ἐπὶ
3555 2332 3767 2402 Πατρὸς

2198 2438 2447 2505 κείμενον
2479 2434 2728 2504 εὑρήσει“
2765 2449 2782 2481 ι
2817 2432 2874 2483 Ὀ
2898 2430 3006 2499 γὰρ
3032 2426 3290 2498 ἐρευνῶν,
3314 2424 3470 2494 φησὶ,
3500 2424 3599 2487 τὰς
3628 2439 3769 2492 καρ-

2196 2528 2333 2591 δίας,
2363 2520 2473 2578 οἷδε
2506 2525 2558 2577 τί
2583 2523 2642 2575 τὸ
2680 2522 3027 2592 φρόνημαῌ)
3054 2519 3148 2572 τοῦ
3182 2516 3518 2586 Πνεῦματος.
3561 2533 3579 2565 ι
3618 2515 3678 2567 Εἰ
3709 2515 3771 2567 δὲ

2196 2620 2224 2671 6
2259 2617 2366 2670 τῶν
2394 2616 2530 2671 ὅλων
2581 2614 2712 2677 Θεὸς
2763 2614 2862 2667 οὐκ
2912 2611 3120 2679 ἀγνοῶν
3151 2610 3369 2680 ἐρευνᾷ,
3408 2606 3543 2661 ἀλλά
3580 2604 3771 2672 σατρῶς

2198 2708 2485 2762 ἐπίσταται
2519 2707 2651 2777 πρὶν
2680 2704 2936 2774 γενέσθαι
2980 2703 3049 2756 τὰ
3082 2701 3282 2763 πάντα,
3313 2702 3405 2752 καὶ
3444 2698 3505 2750 τδ
3545 2695 3769 2765 Πνεῦμα

2196 2799 2289 2852 τοῦ
2319 2798 2453 2851 Θεοῦ
2483 2796 2545 2851 τὸ
2580 2798 2734 2865 ἅγιον
2761 2796 2821 2849 οὐ
2845 2794 2911 2849 δι’
2944 2794 3165 2862 ἄγνοιαν
3199 2792 3395 2862 ἐρευνᾷ
3415 2788 3509 2842 τοῦ
3537 2786 3671 2841 Θεοῦ
3695 2786 3770 2838 τὰ

2198 2890 2365 2960 βάθη·
2397 2889 2515 2952 πῶς
2543 2890 2653 2960 γὰρ
2702 2888 2768 2941 ἂν
2818 2887 3077 2958 ἁρμόσειε
3107 2883 3183 2953 τῷ
3227 2882 3527 2949 ἀγνοοῦντι,
3560 2881 3643 2932 ὅτι
3688 2878 3768 2940 ῶς

2195 2981 2303 3037 οἶδε
2328 2984 2388 3037 τὸ
2424 2984 2640 3051 πνεῦμα
2668 2980 2762 3034 τοῦ
2796 2978 3084 3051 ἀνθρώπου
3110 2977 3176 3031 τά
3211 2979 3267 3029 ἐν
3292 2974 3461 3045 αὐτῷ,
3500 2972 3642 3025 οὕτω
3670 2973 3769 3024 καὶ

2195 3076 2265 3132 τὰ
2294 3075 2388 3131 τοῦ
2422 3074 2555 3131 Θεοῦ
2592 3072 2766 3137 οὐδεὶς
2787 3068 2948 3136 οἶδεν,
2975 3071 3024 3124 εί
3054 3068 3129 3142 μὴ
3153 3068 3212 3123 τὸ
3239 3068 3462 3137 Πνεῦμα
3481 3063 3573 3120 τοῦ
3595 3062 3767 3127 Θεοῦ;

2122 3204 2165 3260 C
2200 3168 2440 3222 ἐναντίον
2472 3168 2582 3237 γὰρ
2619 3169 2685 3237 τῇ
2728 3164 2922 3260 ἐρεύνῃ
2964 3165 3008 3260 ,ἡ
3042 3162 3281 3260 εῖδῖισις·
3307 3161 3348 3260 ’ἡ
3386 3159 3443 3212 δέ
3493 3156 3637 3260 ψυχῇ
3664 3156 3769 3258 οῦκ

2199 3262 2395 3332 ἐρευνᾷ
2435 3259 2501 3313 τὰ
2539 3258 2758 3328 ἑαυτῆς,
2804 3255 2917 3309 ἀλλ’
2952 3253 3197 3324 ἀκριϐῶς
3228 3252 3546 3305 ἐπίσταται·
3572 3247 3768 3301 οὐκοῦν

2196 3353 2258 3406 τὸ
2294 3351 2518 3420 Πνεῦμα
2544 3350 2605 3403 τὸ
2653 3350 2808 3418 ἆγιον
2859 3346 3064 3417 ἀκριϐῆ
3095 3345 3192 3416 τὴν
3234 3343 3434 3411 γνῶσιν
3484 3338 3578 3392 τοῦ
3631 3337 3768 3390 Θεοῦ

2198 3447 2341 3517 ἔχει’
2382 3445 2477 3498 καὶ
2512 3443 2698 3515 ὥσπερ
2748 3441 2839 3494 τὸν
2888 3440 3108 3510 Πατέρα
3146 3438 3319 3501 οὐδεὶς
3352 3432 3492 3489 οἶδεν
3542 3434 3591 3485 εἰ
3635 3432 3708 3501 μὴ
3740 3432 3769 3481 ὀ

2200 3538 2350 3601 Υἱὸς,
2390 3535 2510 3589 οὐδέ
2546 3534 2634 3587 τὸν
2679 3533 2805 3585 Υίδν
2843 3532 2891 3584 εί
2927 3530 3002 3601 μὴ
3047 3532 3075 3583 6
3123 3529 3332 3597 Πατὴρ,
3367 3525 3528 3587 οὓτω,
3582 3523 3767 3592 φησὶν,

2198 3630 2372 3693 οὐδεὶς
2395 3623 2534 3682 οἶδεν
2559 3626 2626 3679 τὰ
2657 3624 2751 3678 τοῦ
2777 3622 2935 3680 Θεοῦ,
2958 3623 3007 3674 εί
3045 3621 3118 3690 μὴ
3148 3620 3207 3672 τὸ
3240 3616 3461 3688 Πνεῦμα
3491 3613 3587 3668 τοῦ
3609 3612 3767 3667 Θεοῦ.

2212 3725 2307 3778 Ἐκ
2321 3722 2378 3777 δὲ
2395 3720 2504 3774 τῶν
2533 3716 2835 3790 εἰρημένων
2860 3715 2920 3769 τὸ
2953 3713 3128 3768 κοινὸν
3153 3715 3250 3782 τῆς
3281 3710 3492 3779 φύσεως
3519 3705 3771 3761 διδασκὸε

2206 3815 2362 3888 μεθα.

2284 4013 2503 4082 Ἐπειδὴ
2548 4011 2605 4064 δὲ
2646 4010 2695 4063 οἱ
2729 4006 3009 4069 νοσοῦντες
3055 4005 3237 4058 πᾶσαν
3283 4000 3690 4070 ἀναισχυντίαν.
3721 4002 3769 4052 οἱ

2200 4108 2298 4178 τῆς
2333 4104 2426 4159 τοῦ
2460 4102 2694 4172 Ἀρείου,
2729 4100 2892 4170 φημὶ,
2912 4097 3017 4189 καὶ
3054 4094 3319 4189 Εὑνοᾼμί-ου
3357 4091 3595 4189 μοιϐ-ητα).
3641 4089 3768 4189 ﬁla:

2204 4197 2469 4269 σφημίας,
2500 4193 2662 4247 αὐτόν
2692 4205 2853 4261 φασιν
2885 4183 3020 4241 εἶναι
3050 4185 3141 4238 τὸν
3175 4183 3307 4236 Θεὸν
3327 4182 3399 4278 Ατδ
3427 4180 3651 4278 Πνεῦμα
3676 4180 3764 4278 τοῦ

2202 4288 2360 4353 Θεοῦ,
2383 4284 2694 4354 ἀναγκαίως
2716 4283 2745 4334 6
2783 4278 3049 4351 μακάριος
3078 4275 3295 4338 Παῦλος
3322 4272 3557 4327 δείκνυσι
3590 4270 3649 4323 τδ
3674 4270 3764 4323 τοῦ

2202 4380 2521 4452 Πνεῦματπ
2547 4374 2838 4449 πρόσωπον
2858 4390 2873 4406 ο
2903 4390 2923 4422 ι
2964 4371 3177 4463 Ἢμεῖςῂ
3198 4367 3353 4463 γαρ,
3383 4365 3668 4463 (μησὶν,ρέ
3707 4362 3767 4463 το

2204 4474 2422 4544 πνεῦμα
2449 4469 2544 4525 τοῦ
2575 4469 2780 4538 κόσμου
2812 4464 3098 4533 ἐλάϐομεν,
3130 4459 3266 4513 ἀλλά
3307 4458 3369 4511 τὸ
3410 4460 3473 4510 ἐκ
3512 4454 3602 4508 τοῦ
3632 4454 3763 4507 Θεοῦ

528 4540 650 4583 sunt
690 4530 843 4589 nobis
875 4550 890 4599 ;
926 4549 1043 4604 quae
1071 4546 1125 4590 et
1152 4536 1421 4608 loquimur
1453 4557 1557 4596 non
1598 4549 1856 4603 suasoriis
1905 4552 2094 4608 buma-

2204 4530 2462 4638 Πνεῦμα⁸
2507 4566 2594 4619 ἴνα
2642 4530 2840 4632 ἴδωμεν
2872 4558 2939 4611 τά
2982 4530 3086 4609 ῦπδ
3123 4553 3218 4608 τοῦ
3268 4550 3401 4606 Θεοῦ
3449 4546 3767 4620 χαρισθέντα

531 4634 612 4673 me
654 4624 929 4690 sapientia:
980 4626 1185 4690 verbis,
1238 4628 1333 4683 sed
1371 4629 1610 4686 doctrina
1640 4633 1870 4702 Spiritus
1903 4642 2100 4707 sancti,

529 4713 860 4779 spiritalibus
891 4715 1147 4782 spiritalia
1179 4733 1570 4789 comparantes.
1614 4726 1875 4784 Animalis
1917 4743 2096 4786 anth

529 4804 691 4859 homo
734 4822 839 4860 non
887 4809 1074 4876 recipit
1102 4826 1220 4880 quae
1247 4822 1371 4867 sunt
1419 4815 1655 4882 Spiritus
1702 4818 1794 4875 Dei
1827 4839 1841 4883 ;
1872 4823 2097 4878 stultitia

527 4896 671 4950 cnim
701 4907 782 4951 est
808 4896 903 4965 illi,
933 4907 985 4952 et
1009 4916 1113 4954 non
1155 4912 1329 4970 potest
1356 4906 1669 4975 intelligere,
1707 4911 1831 4979 quia
1883 4914 2099 4981 spirita-

529 4986 652 5041 liter
676 4987 1016 5055 dijudicatur.
1049 4990 1183 5059 Quis
1209 4996 1352 5049 enim
1386 5000 1635 5065 cognovit
1668 5014 1883 5054 sensum
1924 4990 2101 5057 horni-

530 5078 613 5139 tti,
646 5078 735 5147 qui
786 5081 1017 5135 instruat
1052 5085 1215 5137 enin?
1244 5084 1349 5140 Nos
1395 5098 1572 5141 autem
1622 5104 1839 5143 seusmn
1896 5094 2097 5149 Christi

602 5285 645 5315 "
672 5283 782 5338 Joel
816 5301 873 5341 tt.
902 5284 971 5339 28

558 5354 646 5408 27.
722 5356 765 5386 ⁶⁵
798 5355 985 5409 Matth.
1013 5374 1091 5422 XI,
1125 5357 1216 5411 ‘27.

496 5563 501 5566 -
546 5607 561 5609 _
607 5535 679 5609 tl)
724 5534 1050 5609 vocabulum
1097 5538 1200 5592 hoc
1250 5536 1308 5593 S.
1336 5539 1703 5609 Augustinus,
1763 5556 1818 5595 ut
1873 5545 2097 5600 adnotat

534 5607 870 5676 Sabaterius,
905 5608 1137 5676 explicat
1166 5610 1292 5675 quid
1328 5607 1521 5674 sapiat.
1548 5613 1647 5665 Alii
1680 5628 1807 5666 vero
1830 5631 2057 5668 seruum.

608 5675 685 5747 (2)
727 5676 851 5731 Itala
898 5675 1073 5743 vetus,
1103 5680 1382 5731 verborum
1433 5679 1763 5743 Graecorum,
1794 5693 1849 5736 ttt
1886 5686 1959 5737 ait
1991 5684 2095 5739 Au-

539 5746 803 5821 gustinus,
836 5747 1634 5821 lclta-clor,‘{lpltd_AIIllll‘OSiHlll
1670 5753 1736 5804 de
1767 5752 1858 5821 Sp.
1885 5763 2091 5817 sancto,

539 5814 833 5869 adnotante
871 5814 1174 5883 Sabatcrio,
1209 5818 1472 5881 διδακτοῖς
1504 5814 1885 5884 interpretatur
1913 5814 2096 5877 suaso?

2200 4664 2357 4734 ἡμῖν,
2389 4659 2424 4713 ἃ
2452 4658 2545 4711 καὶ
2580 4654 2869 4724 λαλοῦμεν,
2909 4651 3007 4704 οὐκ
3047 4651 3104 4701 ἐν
3155 4644 3426 4704 διδακτοῖς
3458 4639 3531 4734 (:2)
3562 4639 3769 4734 ἀνθρω-

2204 4729 2365 4822 ττίνης
2421 4748 2611 4818 σοφίας
2656 4746 2857 4814 λόγοις,
2895 4741 3014 4795 ἀλλ’·
3062 4741 3117 4792 ἐν
3150 4736 3419 4795 διδακτοῖς
3462 4729 3771 4822 Πνεῦματος

2206 4847 2383 4916 ἁγίου,
2421 4839 2809 4912 πνευματικοῖς
2843 4828 3186 4903 πνευματικά
3214 4825 3631 4897 συγκρίνοντεςο
3666 4821 3769 4919 qm:

2209 4914 2360 5011 χικδς
2385 4934 2442 4989 δέ
2468 4932 2563 4989 ἄνθ
2574 4946 2753 5004 ρωπος
2775 4927 2834 4980 οὐ
2865 4925 3078 4995 δέχεται
3106 4921 3175 5015 τά
3210 4914 3653 5015 τοῦΔΠνεύματος
3677 4914 3769 4962 τοῦ

2206 5008 2370 5083 Θεοῦ·
2407 5024 2586 5098 μωρία
2615 5022 2723 5092 γὰρ
2755 5016 2901 5088 αὐτῷ
2926 5018 3061 5076 ἐστι,
3095 5013 3189 5066 καὶ
3215 5011 3286 5103 of),
3306 5008 3525 5103 δύναται
3552 5008 3770 5103 γνῶναι,

2207 5123 2289 5175 ὅτι
2313 5097 2697 5189 πνευματικῶς
2724 5107 3069 5180 ἀνακρίνεται
3097 5105 3201 5177 (5)'
3236 5102 3318 5165 τίς
3348 5099 3456 5171 γάρ
3491 5097 3629 5166 ἐγνω
3649 5097 3772 5147 νοῦν

1090 5286 1345 5363 "illum.
1388 5306 1445 5352 Χ.
1475 5292 1560 5355 l9,
1600 5292 1690 5349 2D.
1769 5298 1808 5327 θ’
1844 5296 1996 5351 Rom.
2033 5316 2150 5363 vm,
2179 5303 2231 5357 9.
2314 5302 2356 5333 ⁸³
2402 5299 2526 5351 ibi-.l.
2572 5295 2651 5349 ll.
2731 5293 2777 5323 "
2807 5289 2822 5343 1
2854 5288 2981 5345 Cor.
3011 5303 3070 5353 ll,
3121 5283 3304 5338 Ill-l2.
3382 5281 3427 5314 “
3461 5279 3618 5334 Rom.
3654 5290 3772 5341 νηὶ,

2206 5567 2351 5682 Μίδ)
2394 5619 2569 5688 [Eque
2624 5626 2776 5669 tenax
2832 5613 2979 5667 verbi
3031 5609 3156 5688 Itala
3207 5616 3361 5688 vetus

2205 5670 2325 5744 luto
2339 5670 2457 5744 ἰιόἔ
2474 5670 2655 5752 ipsum
2689 5683 3002 5745 vorabulum
3033 5670 3649 5752 ἀνακρίνετςιηειβιίυθῑ
3678 5682 3772 5752 ετ·

2728 5734 3002 5824 ίῦυῐεάωέ
3033 5734 3303 5817 interpres
3336 5742 3355 5798 Ι
3381 5734 3511 5798 Cor.
3537 5753 3649 5802 ιινν
3678 5734 3767 5789 ‘3‘-
