4122 6530
355 408 483 461 “Si

1681 400 1764 454 DE
1808 396 2200 453 TlllNlTATE.

3425 389 3605 445 ’1182

316 531 321 537 ’
352 521 655 595 Κυρίου,ὂς
682 522 1007 592 ωμσιδάσει
1036 521 1432 591 αὑτόν;⁶11μεῐς
1446 518 1502 573 δὲ
1528 517 1652 571 νοῦν
1678 515 1915 590 Χριστοῦ

2046 514 2282 570 tabetnus
2322 511 2387 567 ⁸⁸.
2443 532 2459 564 1
2521 511 2654 564 Dum
2705 510 2778 564 ait
2838 510 3059 578 itaque:
3113 526 3130 559 1
3194 505 3302 562 Nos
3353 506 3601 577 spiritum

350 614 568 684 ἔχομεν.
612 630 631 663 1
668 610 876 665 Οὐκοῦν
901 611 978 682 τῷ
999 613 1172 664 είπείν
1205 612 1286 664 ὅτι
1319 630 1337 662 1
1372 610 1445 662 Οὐ
1474 609 1536 661 τὸ
1575 608 1794 679 πνεῦμα
1821 607 1916 661 τοῦ

351 711 556 780 κόσμου
590 708 876 778 ἐλάσομεν,
900 708 1034 762 ἀλλὰ
1064 708 1125 759 τὸ
1161 706 1385 775 Πνεῦμα
1413 706 1471 759 τὸ
1494 706 1558 757 ὲκ
1580 704 1672 758 τοῦ
1706 703 1864 767 Θεοῦ,
1894 721 1913 755 1

351 801 588 867 ἐδίδαξεν
631 803 729 871 οὑχ
759 800 1019 871 ὁμογενὲς
1042 801 1116 869 (1)
1140 799 1216 869 τῷ
1245 798 1454 869 κόσμῳ,
1489 798 1623 851 ἀλλά
1641 798 1741 868 τῆς
1771 796 1921 859 θείας

352 894 595 964 ὑπάρχον
657 894 845 955 οὐσίας
892 892 955 945 τὸ
1002 891 1225 961 Πνεῦμα
1288 890 1349 944 τὸ
1396 890 1571 959 ἀγιον.
1623 888 1735 945 Καὶ
1786 888 1921 958 πρὸς

352 985 526 1055 τούτῳ
572 983 828 1048 ἐδίδαξεν,
866 982 940 1046 ὡς
984 983 1044 1035 οὐ
1081 983 1205 1053 περὶ
1237 982 1332 1035 τοῦ
1377 980 1513 1035 Θεοῦ
1561 980 1655 1034 καὶ⁹
1706 979 1920 1049 Πατρὸς

355 1077 467 1147 ἔχει
500 1076 591 1131 τὸν
624 1076 815 1143 Λόγον.
844 1075 981 1131 ἀλλά
1007 1076 1134 1146 περὶ
1161 1075 1251 1129 τοῦ
1286 1077 1442 1144 ἀγίου
1489 1075 1825 1145 Πνεύματος,
1861 1068 1923 1128 οῦ

354 1169 454 1237 τὴν
490 1168 645 1238 χάριν
675 1166 1042 1237 λαμϐάνουσιν
1064 1168 1113 1219 oi
1143 1167 1506 1230 πιστεύοντες.
1548 1168 1639 1220 Διὸ
1668 1168 1728 1220 τὸ
1755 1167 1924 1220 Πνεῦ-

358 1274 432 1327 μα
461 1252 580 1309 εἷπε
612 1257 671 1310 τὸ
692 1260 753 1309 ὲκ
776 1256 871 1309 τοῦ
906 1256 1061 1321 Θεοῦ,
1096 1256 1360 1310 διδάσκων
1396 1256 1471 1319 ὡς
1507 1257 1572 1309 ἐκ
1590 1256 1683 1309 τοῦ
1716 1256 1926 1326 Πατρὸς

355 1347 468 1416 ἔχει
507 1346 761 1418 ὕπαρξιν,
793 1348 1051 1417 κάκείνης
1085 1347 1321 1418 ὑπάρχει
1362 1350 1461 1417 τῆς
1496 1347 1733 1415 φύσεως,
1766 1347 1827 1401 ού
1870 1347 1927 1400 δὲ

356 1438 710 1508 γεννητικῶς,
745 1438 858 1493 ἀλλ’
897 1439 972 1503 ὡς
1006 1435 1112 1493 οἶδε
1157 1440 1316 1508 μόνος
1355 1440 1384 1491 6
1417 1441 1507 1493 τὸν
1544 1440 1670 1493 Υίὸν
1702 1438 1927 1492 ἐπιστά-

360 1544 541 1597 μενος,
576 1529 672 1582 καὶ
716 1530 745 1582 6
774 1529 933 1599 μόνος
975 1528 1066 1581 τὸν
1112 1530 1327 1600 Πατέρα
1366 1528 1672 1598 γινώσκων,
1728 1530 1823 1582 καὶ
1865 1527 1931 1581 τὸ

363 1620 525 1688 μόνον
546 1621 766 1691 Πατέρα
811 1619 887 1690 (2)
930 1621 1022 1673 καὶ
1059 1621 1187 1673 re.»
1216 1621 1579 1690 ἐπιστάμενον
1598 1638 1613 1652 ο
1646 1620 1674 1674 δ
1701 1623 1763 1673 ὲκ
1792 1617 1929 1672 Θεοῦ

2018 607 2202 662 mundi
2232 621 2334 660 non
2355 604 2684 672 accepimus,
2712 605 2802 657 sed
2828 605 2917 671 qui
2946 620 3009 658 ex
3045 603 3153 657 Deo
3171 612 3252 657 est
3269 600 3551 671 Spiritum,
3580 620 3601 654 1

2020 696 2411 754 demonstravit
2440 710 2544 749 non
2590 710 2709 748 esse
2744 695 2942 747 mundo
2992 694 3383 764 bomogeneum
3431 690 3605 761 Spiri-

2023 798 2131 842 tum
2176 796 2441 847 sanctum,
2471 784 2562 838 sed
2597 784 2776 835 divina
2808 792 3001 836 natura
3040 782 3347 851 praeditum.
3384 780 3607 847 Insuper

2022 879 2418 935 demonstravit
2460 890 2797 944 nequaquam
2838 888 2897 928 se
2952 876 3017 926 de
3069 876 3177 927 Deo
3220 871 3381 926 Patre
3438 869 3604 937 loqui,

2022 973 2115 1027 sed
2170 972 2235 1024 de
2285 979 2473 1024 sancto
2537 969 2779 1038 Spiritu,
2840 964 2992 1032 cujus
3040 969 3271 1036 gratiam
3322 964 3606 1017 credentes

2024 1062 2314 1131 accipiunt.
2376 1061 2498 1116 Ideo
2530 1070 2585 1115 et
2629 1059 2763 1115 dixit
2796 1057 3058 1128 Spiritum
3097 1056 3187 1126 qui
3238 1070 3304 1109 ex
3338 1055 3446 1109 Deo
3499 1063 3607 1119 est,

2025 1154 2227 1207 docens
2271 1167 2393 1206 eum
2424 1167 2452 1205 a
2483 1150 2641 1205 Patre
2692 1151 2894 1205 habere
2937 1147 3345 1211 exsistemiam,
3372 1153 3427 1199 et
3466 1144 3610 1197 illius

2025 1259 2146 1298 esse
2188 1254 2427 1303 naturae,
2466 1258 2569 1295 non
2626 1242 2871 1311 proiecto
2925 1240 3191 1311 genitum,
3222 1238 3314 1290 sed
3354 1250 3419 1289 eo
3453 1232 3610 1287 modo

2027 1350 2186 1406 quem
2218 1334 2362 1388 solus
2393 1333 2482 1388 ille
2503 1334 2606 1388 scit
2635 1334 2722 1401 qui
2758 1333 2950 1387 Filium
2983 1330 3151 1389 novit,
3183 1338 3237 1382 et
3264 1327 3355 1397 qui
3390 1325 3605 1378 Patrem

2030 1428 2175 1482 novit
2210 1426 2397 1489 Filius,
2426 1435 2479 1479 et
2510 1427 2554 1479 is
2593 1426 2823 1493 denique
2848 1425 2938 1493 qui
2970 1422 3115 1476 solus
3143 1419 3358 1474 Patrem
3386 1418 3612 1472 Filium-

2028 1533 2134 1587 que
2188 1518 2335 1572 novit
2371 1534 2387 1584 ;
2420 1532 2578 1585 quam
2633 1518 2847 1585 quidem
2905 1530 3017 1568 rem
3066 1529 3095 1565 a
3146 1512 3255 1565 Deo
3303 1508 3610 1570 didicimus,

2030 1613 2122 1668 setl
2180 1612 2397 1666 modum
2460 1611 2632 1664 edocti
2690 1626 2791 1663 non
2844 1608 3062 1661 fuimus.
3124 1602 3374 1660 Contenti
3428 1600 3615 1668 itaque

364 1710 786 1781 μεμαθήκαμεν,
818 1710 908 1763 τὸν
944 1711 1215 1781 δὲτρόπον
1246 1712 1346 1764 οὑκ
1388 1711 1767 1781 ἐδιδάχθημεν.
1807 1712 1931 1781 ’Δρ-

2046 1703 2202 1757 simus
2231 1703 2357 1757 data
2384 1702 2584 1756 notitize
2622 1715 2892 1761 mensura,
2930 1712 3107 1766 neque
3142 1695 3389 1767 imperite
3410 1701 3617 1749 scrute-

361 1768 607 1870 κούμεθά
722 1768 833 1865 τοῖς
879 1768 1077 1854 δοθεῖσιι
1125 1801 1341 1872 μέτροις
1376 1803 1473 1871 τῆς
1505 1768 1787 1869 γνώσεως,
1835 1768 1929 1854 καὶ

2046 1808 2153 1847 mur
2181 1808 2302 1862 qua
2329 1790 2711 1860 comprehendi
2736 1805 2844 1845 non
2875 1798 3099 1859 queunt.

359 1893 420 1943 ού
459 1892 1020 1965 πολυπραγμονοῦμεν
1040 1894 1317 1963 ἀγνοητως
1348 1893 1414 1946 τὰ
1441 1892 1729 1963 ἀνέφικτα.

396 2046 521 2100 KA'.
573 2046 700 2099 Ὅτι
746 2049 779 2101 ό
819 2046 1008 2116 μέγας
1068 2047 1425 2111 Ἅπόστολος
1474 2046 1621 2099 Θεὸν
1663 2041 1787 2099 οἵδε
1831 2045 1894 2096 τὸ

845 2116 1087 2184 Πνεῦμα
1138 2120 1204 2169 τὸ
1253 2116 1445 2184 ἅγιον.

433 2230 556 2283 Ὅτι
588 2228 646 2282 δὲ
696 2228 789 2282 τοῦ
844 2228 979 2282 Θεοῦ
1006 2228 1067 2282 τὸ
1126 2228 1352 2299 Πνεῦμα
1392 2228 1456 2280 τὸ
1496 2229 1671 2297 ἆγιον,
1714 2227 1877 2281 πάλιν
1907 2228 1936 2280 6

366 2322 576 2385 Παῦλος
603 2324 751 2393 ἡμᾶς
792 2323 1061 2377 διδάσκειν
1093 2342 1111 2373 1
1152 2322 1572 2383 Ἀπελούσασθε,
1614 2320 1806 2389 λέγων,
1840 2321 1937 2374 καὶ

363 2412 665 2485 ἡγιάσθητε
701 2414 795 2467 καὶ
832 2411 1187 2483 ἐδικαιώθητε
1221 2415 1277 2466 ὲν
1310 2412 1388 2482 τῷ
1424 2413 1645 2481 ὀνόματι
1683 2411 1777 2463 τοῦ
1823 2412 1935 2463 Κυ-

371 2509 484 2580 ρίου
517 2506 675 2578 ήμῶν
708 2506 881 2577 Ἰησοῦ
908 2507 1168 2577 Χριστοῦ,
1202 2506 1297 2560 καὶ
1342 2507 1400 2558 ὲν
1428 2505 1505 2575 τῷ
1534 2503 1808 2573 Πνεύματι
1842 2500 1936 2555 τοῦ

366 2597 501 2652 Θεοῦ
530 2597 709 2667 ἡμῶν.
740 2616 758 2649 1
814 2596 973 2660 Τίνος
1002 2598 1110 2668 γὰρ
1157 2597 1344 2650 ἕνεκεν
1373 2596 1492 2649 ναοὶ
1541 2594 1941 2666 προσαγορευό-

372 2688 511 2757 μεθα
543 2688 676 2741 Θεοῦ
699 2688 789 2741 διὰ
830 2687 923 2740 τοῦ
956 2686 1332 2757 βαπτίσματος
1362 2688 1461 2757 τὴν
1493 2687 1587 2738 τοῦ
1624 2685 1938 2755 Πνεύματος

366 2777 648 2847 δεχόμενοι
680 2777 862 2847 χάριν,
894 2776 943 2827 εί
978 2775 1053 2845 μὴ
1081 2774 1212 2838 Θεὸς
1252 2774 1487 2845 ὑπάρχει
1519 2775 1581 2827 τὸ
1624 2772 1847 2843 Πνεῦμα
1879 2774 1940 2826 τὸ

369 2866 558 2934 ἀγιονς
602 2867 684 2919 ὅτι
717 2865 774 2918 δὲ
804 2867 922 2918 ναοὶ
952 2864 1049 2918 τοῦ
1093 2864 1409 2933 Πνεύματος
1440 2866 1489 2916 oi
1540 2865 1720 2917 marci.
1774 2881 1941 2935 προσο

369 2956 743 3027 αγορεύονται,
770 2958 800 3011 6
837 2956 998 3020 αὐτὸς
1035 2959 1183 3028 ἡμᾶς
1230 2957 1547 3018 Ἀπόστολος
1567 2956 1808 3009 διδάσκει
1851 2955 1940 3008 λέ-

370 3066 482 3117 γων
506 3065 519 3079 ⁸
552 3068 569 3099 1
598 3049 713 3101 Ούκ
740 3047 916 3100 οἴδατε
941 3048 1022 3101 ὅτι
1048 3046 1117 3099 τά
1157 3045 1387 3116 σώματα
1418 3046 1570 3116 ὑμῶν
1597 3046 1721 3107 ναὸς
1756 3044 1849 3098 τοῦ
1884 3048 1941 3098 ὲν

373 3141 500 3210 ὑμῖν
529 3139 683 3207 ἁγίου
720 3136 1036 3208 Πνεύματός
1066 3139 1202 3201 ἐστι,
1233 3131 1293 3190 οὗ
1323 3137 1474 3205 ἔχετε
1498 3135 1607 3189 ἀπὸ
1658 3135 1751 3188 τοῦ
1783 3134 1940 3198 Θεοῦ,

373 3233 465 3283 καὶ
487 3232 587 3284 οὑκ
612 3230 733 3283 ἐστὶ
761 3227 1003 3295 ἑαυτῶν;
1034 3227 1376 3299 ἠγοράσθητε
1404 3226 1511 3296 γὰρ
1536 3226 1719 3297 τιμῆς.
1747 3246 1763 3276 1
1798 3226 1856 3279 '0
1887 3226 1944 3279 δὲ

372 3322 500 3385 ναὸς
528 3321 619 3374 τὸν
637 3320 950 3374 ἐνοικοῦντα
978 3319 1238 3390 κηρύττει
1268 3318 1399 3371 Θεόν
1420 3335 1432 3347 ο
1465 3317 1546 3370 διὸ
1576 3319 1667 3369 καὶ
1692 3316 1947 3384 ἀνωτέρω

374 3414 558 3481 ἔλεγεν
579 3430 592 3442 ·
618 3432 636 3464 1
665 3414 778 3465 Οὐκ
804 3412 979 3465 οῐδατε
1010 3413 1090 3464 ὃτι
1125 3411 1250 3474 ναὸς
1278 3410 1371 3463 τοῦ
1402 3409 1537 3462 Θεοῦ
1579 3412 1724 3472 ἐστε,
1763 3410 1857 3461 καὶ
1888 3408 1950 3461 τὸ

376 3505 598 3572 Πνεῦμα
629 3504 722 3558 τοῦ
751 3502 884 3555 Θεοῦ
910 3505 1051 3555 οίκεί
1080 3505 1136 3555 ὲν
1161 3504 1288 3572 ὑμῖν
1312 3519 1325 3567 ;
1374 3501 1441 3554 El'
1460 3518 1543 3561 τις
1575 3499 1665 3552 τὸν
1700 3500 1825 3553 ναὸν
1854 3499 1949 3552 τοῦ

374 3597 510 3650 θεοῦ
547 3595 778 3666 φθείρει,
810 3594 999 3665 φθερεῖ
1030 3593 1221 3648 τοῦτον
1253 3596 1281 3646 6
1307 3592 1472 3655 Θεός·
1507 3595 1535 3647 6
1563 3593 1668 3666 γάρ
1698 3592 1788 3647 τοῦ
1814 3592 1949 3647 Θεοῦ

375 3689 503 3751 ναὶς
526 3688 680 3755 ἅγιός
712 3687 882 3746 ἐστιν,
908 3685 1105 3749 οἵτινές
1134 3687 1257 3737 ὲστε
1293 3685 1469 3753 ὑμεῖς.
1504 3704 1522 3736 1
1550 3686 1613 3737 Εί
1646 3684 1823 3737 τοίνυν
1855 3685 1953 3753 τὴν

379 3780 537 3850 χάριν
576 3776 668 3830 τοῦ
713 3776 1031 3847 Πνεύματος
1064 3775 1154 3829 διά
1180 3776 1275 3829 τοῦ
1327 3775 1698 3846 βαπτίσματος
1740 3776 1953 3847 λαμσά-

378 3886 560 3925 νουσιν
589 3871 638 3922 οί
674 3868 1042 3933 πιστεύοντες,
1073 3867 1275 3937 ταύτης
1317 3867 1374 3920 δὲ
1410 3868 1514 3939 τῆς
1539 3867 1745 3938 δωρεᾶς
1778 3865 1957 3931 ἀξιού-

385 3976 553 4028 μενοι,
583 3959 707 4021 ναὸς
731 3958 867 4012 Θεοῦ
899 3958 1329 4029 χρηματίζομεν,
1354 3956 1486 4018 Θεὸς
1518 3957 1625 4028 ἄρα
1650 3957 1711 4010 τὸ
1735 3957 1956 4025 Πνεῦμα

380 4052 441 4102 τὸ
462 4052 633 4119 άγιον.
657 4051 858 4104 Τούτου
886 4051 1065 4120 χάριν,
1085 4051 1132 4103 εξ
1160 4050 1437 4119 ὲνοίκησις
1459 4049 1553 4102 καὶ
1573 4048 1699 4111 ναὸς
1727 4047 1864 4101 Θεοῦ
1904 4050 1952 4100 οἱ

382 4143 480 4210 τῆς
499 4141 590 4195 τοῦ
622 4141 941 4211 Πνεύματος
967 4140 1189 4211 χάριτος
1216 4138 1580 4203 ἀπολαύοντες
1603 4140 1708 4193 εἰσὶ
1740 4140 1830 4191 καὶ
1861 4155 1959 4191 κα-

384 4233 622 4297 λοῦνται,
669 4233 767 4301 τῆς
807 4231 954 4294 θείας
991 4232 1205 4300 φύσεως
1235 4230 1392 4300 δῆλον
1431 4230 1514 4283 ὅτι
1544 4229 1605 4282 τὸ
1636 4228 1857 4300 Πνεῦμα
1900 4230 1960 4283 τὸ

386 4324 563 4392 ἀγιον.
594 4321 685 4376 καὶ
711 4324 888 4393 Πατρὶ
918 4324 1012 4376 καὶ
1048 4321 1161 4392 Υίῷ
1195 4324 1499 4393 ὁμοούσιον.
1540 4324 1603 4375 Εἰ
1635 4322 1691 4375 δὲ
1728 4322 1958 4391 κτίσμα,

2106 2052 2319 2124 703m
2340 2050 2532 2107 XXIV.
2559 2051 2710 2116 Quod
2738 2066 2959 2124 magnus
2984 2048 3258 2124 Apostolus
3285 2049 3542 2116 Spiritum

2484 2134 2727 2175 sanctum
2757 2120 2922 2172 Deum
2954 2136 3064 2173 esse
3093 2120 3265 2172 scivit.

2107 2236 2262 2304 Quod
2315 2244 2493 2289 autem
2559 2233 2653 2288 Dei
2698 2232 2767 2287 sit
2824 2231 3059 2299 Spiritus
3113 2239 3372 2291 sanctus,
3437 2229 3621 2283 denuo

2037 2330 2231 2385 Paulus
2266 2343 2363 2382 nos
2391 2328 2547 2381 docet
2578 2344 2591 2380 :
2624 2342 2643 2377 1
2684 2325 2860 2380 Ablnti
2898 2324 3055 2388 estis,
3086 2322 3297 2385 «licens,
3329 2328 3385 2375 et
3406 2320 3612 2374 saneti-

2040 2420 2182 2474 ﬁeati
2225 2428 2387 2487 atque
2415 2416 2693 2486 justillcati
2730 2416 2781 2468 in
2810 2415 3028 2468 nomine
3063 2412 3271 2466 Domini
3301 2411 3468 2465 nostri
3492 2409 3621 2466 Jesu

2041 2509 2259 2569 Christi,
2285 2516 2335 2560 et
2368 2506 2421 2560 iu
2446 2506 2647 2575 Spiritu
2676 2504 2767 2559 Dei
2795 2505 2961 2558 nostri
2979 2504 3044 2557 ⁸⁷.
3069 2521 3087 2555 1
3112 2503 3221 2558 Cur
3248 2504 3393 2556 enim
3426 2502 3625 2573 templa

2042 2601 2133 2655 Dei
2163 2599 2512 2669 appellamur,
2539 2598 2627 2667 qui
2658 2612 2753 2666 per
2774 2597 3098 2666 baptismum
3145 2595 3378 2663 Spiritus
3400 2596 3625 2662 gratiam

2041 2692 2377 2761 recepinms,
2426 2689 2526 2743 nisi
2582 2688 2699 2756 ipse.
2740 2697 2960 2744 sanctus
3001 2686 3233 2755 Spiritus
3295 2687 3434 2739 Deus
3479 2695 3563 2741 est
3596 2685 3623 2740 1

2041 2784 2193 2850 Quod
2240 2792 2418 2836 autem
2466 2781 2702 2851 Spiritus
2758 2780 2953 2847 templs
3013 2777 3201 2833 fideles
3263 2777 3625 2847 appellentur,

2043 2877 2155 2944 ipse
2185 2890 2283 2929 nos
2317 2875 2474 2929 docet
2526 2872 2815 2942 Apostolus
2864 2872 3049 2926 dicens
3090 2891 3103 2926 :
3154 2888 3174 2923 1
3215 2868 3449 2925 Nescitis
3487 2882 3629 2939 quo-

2044 2968 2185 3021 niam
2217 2980 2443 3036 corpora
2475 2975 2651 3020 vestra
2678 2964 2930 3031 templum
2964 2974 3090 3018 sunt
3116 2960 3232 3029 eius
3258 2961 3346 3031 qui
3380 2959 3434 3013 in
3478 2958 3633 3013 vobis

2057 3066 2164 3123 est,
2194 3056 2363 3110 sancti
2405 3055 2662 3125 Spiritus,
2695 3068 2853 3121 quem
2884 3067 2914 3104 a
2950 3053 3059 3105 Deo
3087 3051 3332 3111 habetis.
3365 3064 3462 3103 nec
3497 3047 3631 3101 estis

2046 3151 2209 3204 vestri
2235 3147 2454 3214 ?Empti
2497 3146 2639 3199 enim
2667 3145 2798 3200 estis
2831 3143 3002 3212 pretio
3020 3145 3115 3197 ³⁸.»
3144 3141 3417 3211 Templum
3449 3151 3627 3193 autem

2049 3239 2437 3293 iultabitantetu
2511 3235 2761 3305 praedicat
2814 3231 3001 3287 Deum.
3055 3232 3233 3299 Quare
3276 3242 3329 3284 et
3387 3228 3635 3298 superius

2050 3329 2226 3383 aiebat
2254 3346 2268 3383 :
2311 3346 2329 3378 1
2362 3326 2593 3381 Nescitis
2618 3341 2711 3379 vos
2735 3323 2988 3391 templum
3024 3323 3113 3375 Dei
3146 3335 3288 3383 esse,
3322 3329 3375 3373 et
3402 3320 3453 3371 in
3481 3316 3636 3371 vobis

2052 3421 2295 3475 habitare
2331 3420 2590 3490 Spiritum
2628 3418 2763 3472 Dei?
2792 3416 2848 3471 Si
2873 3416 2995 3485 quis
3039 3412 3292 3481 templum
3336 3410 3425 3463 Dei
3465 3406 3638 3463 viola-

2051 3513 2223 3573 verit,
2276 3511 2548 3579 disperdet
2599 3508 2744 3562 illum
2800 3507 2959 3561 Dens.
3016 3503 3293 3571 Templum
3342 3501 3484 3554 enim
3539 3496 3636 3553 Dei

2053 3613 2298 3658 sanctum
2328 3612 2430 3667 est,
2470 3601 2613 3671 quod
2665 3599 2795 3655 estis
2829 3614 2923 3653 vos
2962 3598 3030 3651 ".
3072 3615 3090 3647 1
3143 3594 3196 3648 Si
3242 3608 3371 3663 ergo
3402 3590 3638 3662 Spiritus

2054 3695 2279 3764 gratiam
2326 3709 2420 3762 per
2488 3693 2811 3759 baptismum
2879 3689 3145 3757 recipiunt
3187 3683 3503 3747 credentes,
3544 3680 3638 3749 qui

2057 3796 2182 3833 vero
2211 3782 2311 3834 hoc
2335 3782 2476 3833 dono
2518 3779 2662 3848 digni
2702 3778 2917 3842 fuimus,
2953 3777 3209 3844 templum
3244 3776 3331 3828 Dei
3354 3772 3638 3835 eiﬂcimur,

2057 3874 2301 3938 sequitur
2338 3880 2393 3925 ut
2426 3871 2564 3924 Dens
2592 3870 2665 3924 sit
2706 3868 2941 3938 Spiritus
2981 3876 3222 3920 sanctus.
3254 3863 3539 3930 Propterea
3589 3862 3640 3916 si

2060 3961 2421 4017 habitaculum
2449 3959 2811 4028 templumque
2849 3956 2962 4021 Dei,
2994 3956 3029 4009 ii
3061 3955 3151 4025 qui
3178 3953 3351 4023 gratia
3406 3949 3641 4018 Spiritus

2058 4052 2331 4115 fruuntur,
2364 4059 2488 4104 sunt
2516 4058 2570 4103 et
2597 4048 2959 4117 appellantur,
2985 4044 3321 4114 exploratum
3346 4048 3431 4094 est
3456 4037 3638 4091 divina

2061 4154 2251 4199 natura
2282 4157 2405 4199 esse
2455 4141 2737 4212 praeditum
2773 4139 3032 4209 Spiritum
3072 4143 3322 4191 sanctum
3350 4171 3364 4196 ,
3395 4140 3450 4186 et
3490 4128 3640 4184 Patri

2061 4237 2303 4306 Filioque
2332 4232 2869 4292 consubstantialem.
2921 4229 3055 4284 Nam
3082 4229 3126 4283 si
3168 4234 3414 4282 creatura
3464 4222 3644 4276 diver-

2063 4343 2245 4397 szeque
2296 4326 2612 4382 substantiae
2663 4322 2834 4387 foret,
2895 4319 3035 4377 haud
3088 4329 3237 4374 recte
3294 4313 3488 4382 templa
3545 4309 3642 4365 Dei

387 4416 481 4468 καὶ
506 4413 563 4481 ἐξ
608 4414 799 4486 ἑτέρας
831 4413 1019 4477 οὐσίας
1057 4414 1335 4483 τυγχάνει,
1368 4415 1466 4467 οὑκ
1492 4414 1717 4475 εἰκότως
1748 4412 1813 4466 ἂν
1840 4412 1942 4465 ναο¹

2063 4416 2464 4487 appellarentur
2487 4415 2520 4468 ii
2567 4414 2659 4485 qui
2685 4412 2841 4481 hujus
2874 4411 3073 4466 donum
3106 4414 3232 4460 sunt
3258 4404 3453 4473 adepti.
3489 4398 3643 4467 Quod

389 4504 877 4575 npocayopeuOsi’t-zv
933 4503 1069 4558 Θεοῦ
1115 4505 1167 4556 οί
1211 4504 1310 4575 τῆς
1358 4504 1547 4557 τούτου
1601 4503 1962 4573 τυγχάνοντες

386 4596 631 4666 δωρεᾶςσ
677 4598 724 4649 εί
771 4594 828 4647 δὲ
867 4595 983 4649 ναοὶ
1029 4595 1165 4649 Θεοῦ
1210 4594 1586 4666 ὀνομάζονται,
1627 4598 1675 4649 oi
1731 4595 1961 4667 μερικῆς

387 4686 530 4749 τινὸς
569 4686 662 4737 καὶ
704 4684 963 4755 βραχείας
1010 4685 1164 4755 παρὰ
1189 4687 1379 4738 τούτου
1418 4685 1638 4757 χάριτος
1665 4686 1964 4739 ἀπολαύον-

388 4793 499 4841 τες,
532 4777 596 4829 ὲκ
629 4776 725 4847 τῆς
759 4777 1132 4847 προσηγορίας
1164 4778 1428 4849 νοήσομεν
1472 4777 1570 4849 τὴν
1617 4778 1959 4845 συγγένειαν.

393 4867 560 4919 τοῦτο
590 4865 684 4921 καὶ
712 4865 820 4919 τῶν
845 4868 1157 4921 ἀποστόλων
1188 4870 1215 4921 6
1239 4868 1477 4937 κολοφὼν
1500 4871 1558 4922 ὲν
1579 4872 1697 4929 ταῖς
1725 4868 1966 4942 Πράξεσι

392 4957 650 5023 διδάσκει,
683 4958 778 5012 τοῦ
814 4958 1057 5012 Ἀνανίου
1078 4960 1175 5031 τὴν
1209 4960 1415 5031 κλοπὴν
1444 4960 1753 5031 διελέγχων.

400 5108 526 5161 KE'.
566 5110 691 5163 Ὀτι
735 5111 831 5163 καὶ
871 5115 903 5165 ό
954 5112 1278 5177 θεσπέσιος
1319 5112 1539 5179 Πέτρος
1560 5111 1805 5178 συνῳδὰ
1835 5112 1969 5178 περὶ

805 5181 907 5234 τοῦ
947 5183 1288 5250 Ῐινεύματος
1313 5183 1567 5251 δέχεται.

477 5308 494 5340 1
542 5291 779 5357 Ἀνανία,
804 5296 934 5365 γὰρ,
970 5298 1153 5366 φησὶν,
1184 5297 1268 5348 ἴνα
1304 5298 1356 5349 τί
1385 5298 1663 5367 ἠπάτησεν
1684 5298 1975 5359 ὁΣατανᾶς

475 5448 555 5502 "'I
588 5449 693 5502 (iur
720 5464 775 5513 Il,
807 5449 982 5504 ιζ’-16.

440 5631 494 5750 ᾖ(
508 5630 553 5697 1)
593 5628 725 5683 Cod.
754 5630 1008 5684 mendose
1037 5630 1064 5680 6
1103 5631 1419 5701 μονογενής,
1447 5630 1525 5683 vel
1556 5638 1702 5683 certe
1722 5632 1974 5699 ὀμονογε-

405 5717 500 5762 ve;

478 5741 553 5838 Z2!)
602 5767 695 5823 llic
734 5772 784 5825 in
813 5769 934 5823 cod.
971 5769 1160 5825 iterum
1191 5770 1443 5826 inseritur
1475 5768 1569 5823 καὶ
1598 5770 1657 5822 τὸ
1685 5771 1842 5841 μόνον
1869 5770 1975 5823 Πα-

1057 5450 1270 5507 "lCor
1298 5468 1371 5517 vt,
1410 5453 1489 5507 ll.
1565 5452 1611 5483 ⁸⁸
1647 5452 1775 5506 ibid.
1814 5452 1901 5515 l9,
1933 5450 2021 5505 9.0.

2067 4508 2111 4562 si
2147 4509 2341 4574 templa
2375 4506 2464 4559 Dei
2506 4504 2843 4574 appellantur
2880 4502 2970 4571 qui
3009 4508 3162 4570 parte
3192 4496 3396 4565 aliqua,
3438 4503 3492 4546 et
3520 4490 3643 4560 qui-

2077 4599 2197 4653 dem
2224 4598 2439 4666 exigua,
2493 4596 2677 4669 gratia:
2719 4597 2834 4664 ejus
2886 4602 3129 4656 utuntur,
3181 4590 3247 4643 de
3297 4584 3648 4655 appellatione

2068 4687 2453 4744 aestimabimus
2486 4688 2817 4743 consortium
2847 4685 2983 4752 ejus.
3028 4682 3162 4737 Rem
3205 4681 3343 4734 hanc
3370 4674 3645 4746 apostolo-

2073 4795 2189 4832 rum
2225 4793 2437 4848 quoque
2498 4793 2631 4845 apex
2686 4778 2738 4831 itt
2789 4775 3013 4831 Actibus
3063 4776 3241 4835 docet,
3278 4769 3400 4823 dum
3427 4764 3649 4819 Ananiae

2074 4872 2271 4926 furtum
2305 4873 2569 4939 coarguit.

2082 5112 2246 5168 Χχν.
2277 5115 2428 5177 Quod
2456 5115 2611 5167 etiam
2643 5115 2793 5165 divus
2825 5110 3007 5163 Petrus
3041 5120 3319 5160 consonum
3353 5106 3415 5154 de
3450 5098 3648 5168 Spt'n'lu

2524 5198 2701 5239 sancto
2732 5184 2865 5252 gerit
2894 5182 3225 5233 sementium.

2153 5314 2169 5346 t
2210 5296 2444 5357 Auunia,
2482 5295 2860 5363 inquitenim,
2907 5304 3006 5344 cur
3031 5286 3241 5343 seduxit
3278 5286 3507 5338 Satanas
3556 5291 3650 5333 cor

2109 5451 2151 5481 ⁸³
2192 5450 2358 5503 112111.
2387 5465 2467 5512 Ill,
2499 5447 2693 5527 l6,\i7.

2231 5628 2537 5753 γιὶιώσκων,
2577 5630 2718 5700 quod
2755 5626 3067 5684 meudosmn
3100 5623 3270 5678 visum
3318 5628 3399 5675 cst
3461 5626 3514 5672 rt
3548 5632 3648 5671 ex-

2074 5718 2103 5753 t:
2128 5720 2155 5750 tt
2200 5718 2281 5753 ttllt
2307 5718 2415 5753 11111.

2074 5718 2415 5755 (51111113111111111.
