4122 6518
530 398 673 461 “83

1532 400 1594 459 S.
1636 400 1912 457 CYRILLI
1952 396 2421 453 ALEXANDRLVI
2463 397 2783 454 AliCHlEP.

3651 400 3792 456 ΠΜ

530 535 677 576 tuinn
713 532 769 576 nt
797 522 999 587 Spiritu
1030 532 1218 576 sancto
1243 523 1573 589 mentireris,
1602 533 1656 577 et
1694 527 1760 578 de
1788 524 1898 594 agri
1933 515 2092 590 pretio

2202 519 2300 588 τὴν
2334 519 2561 589 καρδίαν
2612 538 2704 574 σου
2749 520 3059 591 ψεύσασθαι
3098 522 3159 575 τὸ
3207 524 3363 590 ἅγιον
3403 520 3645 590 Πνεῦμα,
3696 522 3791 574 καὶ

530 616 807 668 f:-:unlarcs
829 615 875 646 '°
900 616 924 667 Υ
973 634 991 666 ι
1026 615 1087 667 Et
1115 630 1234 668 mox
1272 635 1284 669 :
1315 615 1476 685 704
1493 632 1592 668 nu
1620 614 1734 669 Non
1762 632 1821 671 es
1853 615 2109 669 mentitus

2215 610 2569 678 νοσφίσασθαι
2618 627 2677 663 σε
2724 612 2830 664 ἀπὸ
2875 612 2975 681 τῆς
3022 612 3187 681 τιμῆς
3223 611 3317 665 τοῦ
3349 612 3581 681 χωρίου;
3620 630 3638 661 ι
3681 610 3793 663 Καὶ

528 708 860 771 hominibus,
893 708 984 759 sed
1020 705 1130 760 Deo
1168 708 1234 759 ⁷⁸.
1278 725 1297 759 ι
1344 707 1477 759 Nam
1516 707 1640 774 quia
1694 706 1782 760 ille
1828 716 2081 776 putavera

2215 700 2333 771 μετ’
2362 701 2518 766 ὀλίγα
2539 718 2551 731 ’
2574 701 2717 754 «Οὐκ
2740 700 2953 769 ἐψεύσω
2984 701 3308 772 ἀνθρώποις,
3326 702 3461 755 ἀλλά
3491 701 3566 770 τῷ
3588 700 3724 769 Θεῷ.
3764 720 3782 749 ι

529 795 693 847 latere
744 796 1011 857 apostolos
1037 837 1052 861 ,
1099 804 1280 865 utpote
1324 795 1599 859 homines,
1641 796 1769 849 dum
1820 797 1885 849 de
1923 796 2108 863 pra'dii

528 884 699 949 pretio
725 900 883 951 quam
910 884 1066 937 libuit
1107 896 1311 954 partem
1348 887 1709 949 subtraheret,
1739 887 2104 955 apostolorum

528 976 773 1044 princ-ops~
806 993 927 1031 eum
957 979 1112 1031 docet
1134 1020 1147 1039 .
1182 992 1276 1033 eos
1326 978 1416 1046 qui
1461 978 1692 1044 Spiritus
1723 979 1891 1046 gratia
1938 978 2106 1046 polle-

528 1078 668 1131 ενι-ιιι,
693 1080 881 1120 ciiucta
909 1082 1092 1141 aperte
1117 1085 1441 1136 cognoscere
1457 1084 1574 1138 quae
1598 1069 1735 1123 clam
1770 1082 1885 1123 acta
1905 1080 2103 1123 essent.

530 1158 641 1209 Non
667 1160 818 1212 nobis
853 1162 1104 1214 mentitus
1143 1176 1223 1223 es,
1260 1162 1467 1228 inquit,
1506 1162 1597 1215 sed
1633 1158 1857 1229 Spiritui
1892 1171 2098 1215 sancto.

530 1249 604 1301 Ne
660 1255 823 1319 igitur
863 1253 1106 1306 homines
1155 1263 1206 1304 te
1247 1252 1504 1307 fefellisse
1559 1265 1761 1322 putes:
1807 1252 1914 1306 Deo
1961 1252 2103 1305 enim

530 1350 581 1392 tu
619 1357 731 1394 rem
772 1343 960 1396 falsam
1011 1345 1190 1399 dixiSIi
1234 1362 1251 1410 ;
1298 1361 1529 1414 namque
1576 1345 1881 1399 hominibus
1916 1360 2105 1399 naues

527 1434 813 1488 mentitus.
863 1438 956 1486 sed
1005 1432 1130 1487 Deo.
1184 1433 1335 1488 Haud
1367 1437 1563 1501 quippe
1597 1434 1751 1487 nobis
1779 1444 1832 1486 tu
1866 1434 2099 1495 illusisti,

525 1523 620 1574 sed
654 1522 875 1588 Spiritui
903 1535 1113 1587 sancto,
1146 1528 1234 1593 qui
1277 1526 1415 1578 Deus
1454 1533 1557 1588 est,
1589 1540 1655 1578 ex
1698 1523 1805 1579 Deo
1833 1524 2102 1577 exsisten-

526 1613 653 1664 tiam
692 1615 928 1679 habens,
957 1625 1009 1668 et
1044 1615 1281 1682 ejusdem
1311 1625 1516 1670 natura:
1559 1619 1757 1672 socius.
1800 1617 1912 1671 Hoc
1941 1618 2100 1671 etiam

523 1703 697 1758 Lucas
729 1706 780 1758 in
816 1706 1041 1760 Actibus
1074 1709 1309 1761 ostendit
1332 1750 1346 1772 ,
1376 1709 1499 1763 dum
1531 1723 1712 1762 narrat
1744 1710 1917 1777 quod,
1947 1719 2101 1762 antea

524 1798 959 1852 ministrantibus
1020 1799 1249 1853 Domino
1312 1810 1367 1854 et
1418 1801 1782 1868 jejuuaotibus
1844 1802 2101 1855 fratribus

521 1889 847 1954 Antioebite,
879 1889 1014 1943 dixit
1055 1888 1288 1958 Spiritus
1319 1900 1538 1945 sanctus
1571 1909 1585 1944 :

594 2175 780 2232 XXVI.
837 2176 1193 2246 Multifarimn
1249 2187 1636 2231 demonstratur
1698 2176 1859 2231 Deum
1911 2196 2025 2235 esse

1013 2247 1270 2315 Spiritum
1304 2257 1545 2301 sanctum

599 2374 618 2409 ι
652 2357 945 2425 Segregate
981 2359 1105 2410 mihi
1156 2358 1377 2412 Paulum
1419 2369 1472 2412 et
1515 2359 1818 2415 Baruaham
1864 2363 1916 2416 in
1960 2378 2098 2432 Opus

521 2450 587 2503 ad
610 2452 861 2518 quodeos
891 2450 1145 2503 advocavi
1177 2451 1274 2506 τ’.»
1312 2451 1491 2519 Pergit
1518 2464 1693 2507 autem
1727 2454 1908 2509 dicere
1952 2456 2096 2524 ipsos

518 2556 547 2593 a
579 2550 768 2595 sancto
813 2541 1017 2609 Spiritu
1065 2542 1257 2597 missos
1295 2544 1492 2598 abiisse
1540 2545 1865 2601 Seleuciam.
1920 2549 2098 2616 Atque

520 2632 610 2685 ubi
653 2634 893 2687 narravit
930 2637 1200 2703 quomodo
1254 2646 1605 2705 peragrantes
1653 2635 1888 2707 Cyprum
1926 2679 1941 2705 ,
1990 2637 2096 2708 Ly-

518 2723 679 2787 ciam,
712 2723 1059 2795 Lycaoaiam,
1099 2724 1468 2797 Pamphyliam
1521 2737 1684 2795 atque
1726 2728 2032 2800 Bithyniam
2074 2769 2090 2795 ,

516 2817 850 2882 cvangeliqu
876 2818 1309 2883 prtedicaverint.
1337 2820 1615 2890 subiungit
1642 2836 1655 2873 :
1698 2839 1716 2872 ι
1756 2821 1821 2875 Ει
1848 2822 1971 2875 inde
1998 2838 2095 2875 na-

517 2907 766 2972 vigantes
812 2909 1152 2962 Antiochiam
1217 2910 1489 2963 Barnabas
1552 2927 1614 2965 ac
1665 2911 1898 2976 Saulus,
1950 2915 2092 2966 unde

519 2994 735 3048 fuerant
771 2997 950 3050 traditi
978 2999 1168 3064 gratia:
1204 2999 1292 3051 Dei
1328 3001 1379 3052 in
1413 3016 1547 3069 opus
1594 3003 1732 3069 quod
1778 3003 2089 3071 compleve-

516 3099 672 3154 rant;
729 3104 848 3142 cutu
916 3090 1043 3145 illuc
1105 3092 1421 3155 venissent,
1490 3103 1544 3146 et
1608 3093 1899 3148 Ecclesium
1965 3110 2092 3148 cou-

516 3190 855 3248 gregasseut,
912 3182 1217 3236 retulerunt
1274 3193 1474 3252 quanta
1542 3184 1755 3239 fecisset
1806 3202 1926 3240 cum
1988 3186 2092 3238 illis

2196 3188 2273 3249 είς
2301 3187 2364 3240 τὸ
2392 3186 2551 3256 ἔργον
2594 3186 2621 3238 ὃ
2658 3186 2981 3256 ἐπλήρωσαν
3006 3200 3021 3215 ο
3074 3184 3506 3254 παραγενόμενοι
3545 3183 3598 3235 δὲ
3622 3225 3635 3248 ,

519 3268 660 3323 Deus
681 3270 749 3325 ⁷³.
780 3289 798 3321 ι
840 3270 903 3325 Et
937 3273 1152 3340 quidem
1196 3288 1318 3327 cum
1360 3274 1608 3340 superius
1638 3274 1873 3344 Spiritus
1902 3279 2090 3330 memi-

517 3358 708 3425 nisset,
737 3376 833 3413 ceu
868 3363 958 3430 qui
991 3361 1214 3414 Paulqu
1243 3372 1299 3417 et
1333 3362 1633 3419 Barnabam
1661 3366 1725 3418 ad
1759 3367 2089 3421 destinatmn

518 3465 547 3502 ιι
583 3465 640 3503 se
670 3466 806 3519 Opus
838 3451 1109 3521 elegisset,
1147 3454 1411 3522 Spiritum
1459 3472 1648 3510 rursus
1697 3467 1817 3524 post
1857 3459 2089 3513 reditum

519 3541 786 3607 nominat,
818 3542 1007 3611 bisque
1040 3544 1115 3597 illi
1168 3544 1261 3599 Dei
1315 3561 1511 3599 nomen
1566 3546 1861 3612 attribuit;
1918 3549 2092 3616 primo

519 3631 728 3694 dicens,
766 3634 905 3700 quod
942 3634 1281 3689 Antiochiam
1336 3636 1708 3705 navigaverint
1753 3638 1892 3689 unde
1935 3647 2091 3691 erant

520 3724 700 3777 traditi
732 3724 919 3794 gratia:
948 3726 1037 3781 Dei
1074 3737 1289 3795 propter
1323 3742 1456 3795 opus
1501 3727 1643 3795 quod
1698 3744 1887 3796 reapse
1940 3744 2088 3781 com-

519 3814 835 3884 pleverant;
889 3816 1087 3871 iterum
1146 3818 1271 3872 dum
1308 3820 1406 3885 ait,
1435 3821 1574 3888 quod
1618 3821 1956 3890 congi‘egataz
1988 3818 2089 3873 Ec-

519 3905 697 3961 clesia:
723 3922 786 3960 ea
814 3912 1180 3974 narraverint,
1215 3926 1332 3978 quae
1360 3926 1483 3964 cum
1522 3911 1652 3979 ipsis
1685 3911 1823 3965 Deus
1852 3911 2087 3965 fecisset.

518 3997 767 4055 Profecto
789 4018 815 4053 a
858 4001 1060 4070 Spiritu
1091 4015 1279 4057 sancto
1304 4013 1422 4059 erat
1452 4004 1837 4058 miraculorum
1867 4003 2087 4068 donum,

518 4090 635 4161 ipse
658 4093 980 4160 sapientiam
1036 4095 1489 4166 prudentiamque
1535 4097 1945 4165 suppeditabat,
1976 4096 2091 4165 ipse

518 4181 934 4249 praadiCantibus
965 4183 1177 4255 705m
1207 4185 1311 4240 vim
1365 4188 1667 4255 ingerebat,
1707 4186 1820 4255 ipse
1876 4186 1959 4241 his
2004 4187 2090 4240 iu-

439 4320 447 4321 ,
519 4272 763 4339 spirabat
788 4276 1084 4344 magisterii
1116 4291 1450 4332 sermonem.
1486 4277 1639 4333 Unde
1662 4289 1717 4332 et
1742 4277 1943 4332 Paulus
1978 4279 2089 4332 aie-

517 4364 610 4416 bat
651 4382 663 4418 :
708 4383 726 4415 ι
764 4365 863 4418 Alii
902 4370 1118 4435 quidem
1149 4384 1244 4438 per
1282 4369 1546 4437 Spiritum
1585 4371 1749 4424 datur
1786 4385 1970 4424 sermo
1994 4386 2087 4425 sa-

516 4456 727 4521 pienlitn
746 4474 760 4521 ;
779 4458 865 4510 alii
883 4468 1062 4513 autem
1078 4476 1257 4517 sermo
1268 4463 1510 4517 scientia:
1526 4465 1820 4519 secundum
1838 4466 2085 4519 eumdem

516 4547 775 4615 Spiritum
802 4565 817 4613 ;
846 4550 1000 4604 alteri
1033 4551 1165 4605 fides
1194 4553 1244 4606 in
1278 4555 1466 4610 eodem
1506 4556 1710 4626 Spiritu
1736 4574 1751 4623 ;
1779 4557 1869 4612 alii
1899 4559 2086 4626 gratiae

513 4640 804 4693 sanitatum
833 4641 884 4695 in
914 4658 1019 4696 uno
1054 4643 1284 4712 Spiritu,
1325 4665 1343 4697 ι
1382 4656 1435 4702 et
1482 4649 1692 4720 reliqua
1734 4648 1805 4704 ".
1883 4649 2085 4704 Deinde

513 4728 733 4791 docens,
763 4732 900 4799 quod
936 4748 1040 4786 non
1082 4735 1310 4790 ministri
1342 4738 1455 4791 vice
1483 4738 1599 4794 haec
1639 4739 1917 4794 distribuit
1962 4739 2085 4809 Spi-

511 4822 649 4876 ritus
698 4834 958 4891 sanctus,
1009 4828 1103 4883 sed
1151 4831 1523 4899 potentialiter
1576 4836 1777 4904 quibus
1828 4835 1937 4890 vult
1969 4835 2079 4890 lar-

511 4914 675 4982 gitur,
707 4916 887 4970 subdit
920 4937 933 4973 :
976 4938 994 4971 (
1033 4921 1155 4977 Haec
1179 4928 1362 4981 autem
1415 4926 1597 4980 omnia
1629 4936 1888 4997 operatur
1936 4942 2077 4981 unus

509 5008 563 5052 et
596 5000 732 5054 idem
763 5001 998 5071 Spiritus
1026 5048 1042 5074 ,
1092 5010 1337 5067 dividens
1365 5028 1611 5068 seorsum
1665 5016 1893 5085 singulis
1920 5025 2080 5087 prout

510 5092 623 5145 vult
652 5095 715 5147 ".
733 5114 751 5146 ι
779 5094 836 5151 Si
864 5113 992 5168 ergo
1024 5102 1137 5157 haec
1165 5103 1402 5171 Spiritus
1428 5115 1652 5162 sanctus
1677 5122 1774 5178 per
1806 5108 2082 5177 apostolos

509 5201 608 5255 pro
637 5203 737 5243 suo
767 5190 919 5245 libito
951 5197 1259 5264 peragebat,
1313 5196 1512 5253 Paulus
1547 5214 1677 5254 vero
1703 5215 1768 5255 ac
1800 5200 2079 5257 Barnabas

511 5289 848 5349 congregata:
882 5279 1135 5339 Ecclesiae
1167 5287 1514 5353 nuntiabant,
1538 5300 1742 5358 quanta
1777 5305 1900 5346 cum
1933 5291 2073 5360 ipsis

511 5364 731 5424 fecisset
763 5370 902 5427 Deus
927 5412 942 5436 ,
987 5374 1173 5443 utique
1214 5376 1355 5432 Deus
1401 5389 1487 5435 est
1535 5380 1773 5451 Spiritus
1812 5393 2033 5438 sanctus
2068 5421 2083 5448 ,

514 5458 661 5527 iuxta
694 5466 1060 5532 apostolorum
1095 5470 1381 5539 loquelam.

584 5816 629 5847 '°
655 5815 775 5869 Act.
806 5832 857 5883 ν,
886 5818 935 5872 5.
1017 5820 1059 5852 ⁷⁸
1095 5818 1224 5875 ibid.
1249 5819 1299 5873 ιί.
1377 5822 1420 5852 ⁷³
1452 5821 1572 5876 Act.
1606 5836 1723 5885 xm,
1752 5822 1804 5877 2.
1884 5825 1929 5855 ⁷³
1958 5824 2077 5878 Act.
2112 5840 2218 5887 xiv,
2251 5823 2341 5877 “25.

2224 792 2439 862 Ἐπειδὴ
2462 793 2570 863 γὰρ
2596 795 2803 846 ἐκεῖνον
2847 791 2999 862 ᾠήθη
3032 792 3316 846 λανθάνειν
3343 792 3419 854 ὡς
3467 791 3790 861 ἀνθρώπους

2210 886 2336 946 τοὺς
2416 884 2748 946 ἀποστόλους
2803 883 3133 952 ὑφελόμενος
3179 885 3277 954 τῆς
3344 883 3437 936 τοῦ
3509 885 3789 951 κτήματος

2210 975 2395 1043 τιμῆς,
2434 974 2463 1026 ὃ
2510 974 2797 1044 ⁴ἠθέλησεν,
2828 975 2856 1025 ό
2898 975 3190 1042 κορυφαῖος
3228 973 3388 1025 αὑτὸν
3415 970 3651 1025 διδάσκει
3680 971 3791 1021 τῶν

2211 1066 2546 1128 ἀποστόλων,
2572 1066 2654 1118 ὃτι
2689 1064 2781 1117 τοῦ
2820 1065 3133 1133 Πνεύματος
3165 1065 3263 1133 τὴν
3288 1064 3445 1133 χάριν
3472 1065 3519 1115 οἱ
3548 1063 3782 1131 ἔχοντες,

2212 1156 2388 1208 πάντα
2416 1156 2599 1226 σαφῶς
2638 1156 2954 1208 ἐπίστανται
2980 1155 3050 1208 τὰ
3091 1155 3329 1226 κρύϐδην
3356 1154 3631 1223 γινόμενα.
3672 1155 3786 1222 Οὐχ

2211 1246 2358 1314 ἡμᾶς
2386 1246 2514 1316 γάρ,
2550 1246 2735 1315 φησὶν,
2761 1245 2994 1314 ἐψεύσω,
3020 1246 3154 1298 ἀλλά
3178 1246 3239 1297 τὸ
3270 1244 3490 1314 Πνεῦμα
3516 1244 3573 1295 τὸ
3595 1244 3747 1309 ἆγιον
3764 1257 3781 1271 ⁸

2212 1338 2286 1406 μὴ
2317 1338 2495 1390 τοίνυν
2539 1337 2858 1409 ἀνθρώπους
2887 1338 3234 1406 ἡπατηκέναι
3263 1338 3477 1407 νόμιζε·
3508 1337 3638 1399 Θεὸς
3674 1338 3784 1405 γάρ

2206 1429 2355 1480 ἐστιν
2376 1429 2403 1480 ό
2443 1427 2787 1495 διαψευσθεὶς
2820 1429 2972 1499 παρά
3004 1428 3097 1480 σοῦ
3118 1443 3132 1455 ·
3169 1430 3268 1480 οῦκ
3300 1427 3512 1496 ἐψεύσω
3542 1428 3649 1497 γὰρ
3684 1428 3748 1478 ἀν
3768 1454 3783 1466 ο

2207 1516 2469 1587 θρώποις,
2500 1518 2635 1572 ἀλλά
2664 1518 2739 1588 τῷ
2765 1518 2884 1588 Θεῷ
2904 1535 2915 1546 ·
2957 1521 3057 1589 οὐχ
3102 1522 3265 1590 ἡμεῖς
3292 1519 3420 1589 γὰρ,
3458 1519 3641 1587 φησὶν,
3677 1519 3783 1571 ὑπὸ

2207 1609 2301 1661 σοῦ
2355 1609 2883 1680 παρεκρούσθημεν,
2943 1610 3079 1663 ἀλλά
3120 1613 3181 1665 τὸ
3229 1611 3452 1679 Πνεῦμα
3492 1612 3551 1663 τὸ
3604 1614 3781 1678 ἅγιον,

2204 1699 2342 1770 ὅπερ
2371 1702 2489 1753 ἐστὶ
2519 1702 2671 1765 Θεὸς,
2696 1705 2759 1755 ἐκ
2778 1703 2913 1755 Θεοῦ
2956 1702 3052 1773 τὴν
3078 1702 3314 1773 ὓπαρξιν
3349 1703 3489 1772 ἔχον,
3522 1704 3782 1769 κάκείνης

2211 1791 2452 1862 ὑπάρχον
2474 1792 2575 1862 τῆς
2625 1793 2858 1862 φύσεως.
2913 1793 3083 1847 Τοῦτο
3114 1795 3207 1847 καὶ
3251 1797 3280 1847 ό
3323 1796 3533 1857 Λουκᾶς
3578 1797 3634 1847 ἐν
3662 1798 3781 1859 ταῖς

2136 1855 2182 1913 Β
2212 1855 2449 1952 Πρόιξεσι
2484 1855 2648 1953 δηλον
2672 1855 2851 1938 ποιεῖν’
2895 1884 3062 1938 εἰπὼν
3104 1892 3210 1958 γὰρ
3251 1855 3525 1957 ἀνώτερον
3556 1887 3636 1939 ὅτι
3666 1855 3776 1939 lat:

2205 1972 2576 2042 τουργούντων
2603 1973 2681 2043 τῷ
2712 1975 2919 2045 Κυρίῳ,
2960 1976 3053 2028 καὶ
3083 1976 3454 2045 νηστευόντων
3481 1975 3589 2029 τῶν
3629 1976 3778 2029 ἀδελ-

2204 2063 2319 2131 φῶν
2346 2065 2401 2116 ἐν
2434 2066 2750 2137 Ἀντιοχείᾳ,
2780 2063 2898 2119 εἶπε
2922 2068 2981 2119 τὸ
3013 2068 3234 2137 Πνεῦμα
3262 2067 3322 2120 τὸ
3344 2067 3495 2134 ἆγιον
3515 2083 3531 2098 ⁸

2274 2176 2420 2244 KG".
2476 2179 2577 2232 Ἐκ
2631 2179 2928 2231 πλειόνων
2976 2178 3284 2244 ἀπόδειξις
3321 2179 3465 2233 Θεὸν
3516 2176 3666 2234 εἶναι
3700 2182 3768 2234 τὸ

2760 2248 2935 2316 ἅγιον
2967 2248 3225 2317 Πνεῦμα.

2276 2380 2294 2413 ‹
2333 2363 2653 2432 Ἀφορίσατε
2681 2381 2768 2433 μοι
2799 2364 2888 2417 τὸν
2919 2363 3126 2417 Παῦλον
3156 2364 3219 2434 δὴ
3249 2364 3341 2416 καὶ
3365 2364 3456 2417 τὸν
3492 2362 3779 2434 Βαρνάϐαν

2199 2455 2277 2517 είς
2304 2455 2365 2507 τὸ
2393 2454 2551 2525 ἔργον
2581 2456 2607 2507 ὃ
2653 2456 3065 2526 προσκέκλημαι
3096 2456 3317 2519 αὐτούς.
3367 2475 3383 2507 ι
3433 2457 3538 2508 Καὶ
3569 2458 3779 2523 ἐπαγα-

2196 2545 2308 2615 γὼν
2349 2549 2431 2601 ὅτι
2489 2548 2901 2617 ἐκπεμφθέντες
2952 2548 3056 2602 ὑπὸ
3105 2549 3200 2602 τοῦ
3256 2550 3411 2617 ἁγίου
3464 2549 3781 2619 Πνεῦμα-ξος

2196 2639 2464 2707 κατῆλθον
2506 2642 2587 2703 είς
2646 2640 3004 2703 Σελεύκειαν,
3044 2640 3137 2693 καὶ
3186 2641 3583 2709 διηγησάμενος
3630 2642 3783 2702 ὅπως

2196 2728 2689 2798 περινοστὴσαντες
2718 2728 2814 2799 τὴν
2846 2727 3070 2799 Κύπρον
3118 2730 3210 2781 καί
3260 2727 3355 2798 τὴν
3400 2727 3626 2789 Λυκίαν,
3682 2728 3784 2780 καὶ

2193 2819 2519 2879 Λυκαονίαν,
2564 2821 2657 2872 καὶ
2699 2819 3041 2887 Παμφυλίαν,
3074 2821 3167 2872 καὶ
3190 2807 3474 2882 Βυθυνίαν,
3502 2820 3783 2889 ἐκήρυξαν

2193 2912 2254 2964 τὸ
2317 2911 2691 2979 Εὐαγγέλιον,
2763 2912 3069 2982 ἐπιφέρει*
3138 2911 3454 2963 «Κάκεῖθεν
3504 2911 3781 2964 ἁποπλεὺο

2200 3020 2392 3065 σαντες
2431 3004 2511 3065 εἰς
2560 3003 2888 3073 Ἀντιόχειαν
2935 3004 2984 3054 oi
3020 3003 3147 3072 περὶ
3184 3002 3468 3074 Βαρνάϐαν
3501 3003 3594 3055 καὶ
3633 3003 3779 3055 Παῦ-

2192 3095 2312 3161 λον,
2354 3097 2476 3149 ὃθεν
2521 3092 2661 3166 ἦσαν
2703 3095 3127 3165 παραδεδομένοι
3174 3098 3239 3165 τῇ
3278 3096 3460 3164 χάριτι
3501 3094 3595 3147 τοῦ
3640 3095 3781 3146 Θεοῦ

3680 3200 3782 3236 και

2193 3278 2293 3348 τὴν
2359 3276 2689 3347 Ἐκκλησίαν
2766 3276 3206 3343 συναγαγόντες,
3279 3274 3606 3343 ἁνήγγειλαν
3675 3276 3781 3326 ὅσα

2198 3369 2455 3438 ἐποίησεν
2488 3370 2605 3438 μετ’
2637 3367 2814 3421 αὐτῶν
2843 3368 2871 3419 ό
2894 3367 3049 3432 Θεός.
3069 3386 3088 3417 ι
3138 3366 3531 3437 Μνημονεύσας
3570 3366 3780 3418 ἄνωθεν

2191 3458 2284 3510 τοῦ
2318 3456 2651 3526 Πνεῦματος,
2698 3456 2772 3519 ὡς
2803 3455 3161 3525 ἀφορίσαντος
3187 3454 3277 3506 τὸν
3321 3453 3528 3507 Παῦλον
3568 3455 3659 3507 καὶ
3688 3454 3781 3506 τὸν

2193 3547 2476 3617 Βαρνάϐαν
2520 3547 2600 3609 είς
2655 3546 2683 3598 ὃ
2720 3543 3125 3616 προσεκέκλητο
3167 3545 3362 3606 αὐτοὺς
3402 3545 3579 3615 ἔργον,
3622 3544 3781 3597 τοῦτο

2194 3640 2331 3708 μετά
2360 3639 2459 3709 τὴν
2498 3638 2682 3691 ἄνοδον
2717 3638 3007 3691 ἀποκαλεῖο
3060 3638 3153 3690 καὶ
3199 3637 3277 3700 δις
3320 3637 3498 3706 τίθησι
3548 3637 3648 3707 τὴν
3679 3636 3778 3689 τοῦ

2191 3732 2326 3786 Θεοῦ
2358 3732 2726 3803 προσηγορίαν
2744 3749 2757 3763 ο
2788 3731 3004 3803 πρῶτον
3036 3730 3132 3801 μὲν
3156 3730 3327 3796 λέγων
3352 3731 3431 3782 ὃτι
3457 3732 3537 3793 είς
3571 3730 3779 3783 Ἀντιό-

2190 3840 2342 3893 χειαν
2405 3821 2774 3884 ἀπέπλευσαν,
2848 3821 2970 3872 ὅθεν
3024 3814 3163 3889 ἦσαν
3222 3817 3644 3888 παραδεδομένοι
3696 3821 3764 3888 τῇ

2189 3916 2372 3987 χάριτι
2403 3916 2495 3970 τοῦ
2522 3915 2654 3968 Θεοῦ
2688 3917 2764 3977 είς
2788 3914 2849 3967 τὸ
2879 3914 3037 3986 ἔργον
3066 3911 3092 3963 ὂ
3122 3910 3444 3982 ἐπλήρωσαν
3464 3925 3478 3938 ·
3512 3909 3767 3982 δεύτερον

2188 4010 2244 4063 δὲ
2269 4010 2369 4069 ὅτι,
2387 4009 2782 4076 συναγαγόντες
2811 4007 2911 4076 τὴν
2946 4004 3291 4074 Ἐκκλησίαν,
3314 4002 3641 4074 ἀνήγγειλαν
3671 4005 3772 4057 ὅσα

2188 4099 2442 4167 ἐποίησεν
2472 4100 2587 4168 μετ’
2618 4097 2795 4151 αὐτῶν
2830 4097 2858 4147 ό
2882 4095 3032 4157 Θεός.
3058 4095 3165 4147 Καὶ
3196 4094 3301 4163 μὴν
3334 4094 3394 4147 τὸ
3436 4095 3658 4164 Πνεῦμα
3694 4094 3756 4147 τὺ

2188 4187 2341 4256 ἀγιον
2369 4182 2437 4257 ἦν
2462 4187 2523 4240 τὸ
2553 4181 3020 4256 θαυματουργοῦν.
3055 4181 3113 4235 τὸ
3151 4182 3388 4249 σοφίζον,
3439 4179 3499 4232 τὸ
3546 4179 3760 4231 σύνεσιν

2189 4279 2481 4351 χορηγοῦν,
2557 4280 2618 4331 τὸ
2686 4278 2812 4337 τοὺς
2885 4274 3257 4346 κηρύττοντας
3307 4270 3655 4341 ἐνδυναμοῦν,
3709 4270 3770 4322 τὸ

2199 4369 2433 4439 ἐμπνέον
2475 4368 2659 4431 αὐτοῖς
2699 4367 2789 4421 τὸν
2821 4366 2922 4436 τῆς
2958 4363 3307 4427 διδασκαλίας
3334 4361 3523 4429 λόγον’
3571 4363 3648 4415 διὸ
3678 4364 3769 4414 καὶ

2189 4460 2400 4524 Παῦλος
2431 4459 2614 4528 ἔλεγεν
2640 4475 2653 4489 ·
2686 4477 2704 4509 t
2738 4453 2811 4530 Ὦ
2852 4457 2951 4527 μὲν
2975 4457 3082 4525 γὰρ
3122 4455 3322 4508 δίδοται
3356 4454 3443 4508 διὰ
3475 4455 3569 4507 τοῦ
3605 4455 3769 4505 Πνεῦ-

2118 4535 2161 4593 D
2193 4569 2361 4623 ματος
2388 4551 2547 4617 λόγος
2589 4548 2801 4618 σοφίας,
2846 4547 2990 4618 ἄλλῳ
3036 4546 3092 4599 δέ
3136 4545 3291 4613 λόγος
3334 4544 3587 4613 γνώσεως
3630 4546 3769 4597 κατᾶ

2188 4643 2248 4694 τό
2273 4640 2403 4695 αὐτὸ
2425 4639 2670 4708 Πνεῦμα,
2701 4638 2871 4709 ἑτέρῳ
2901 4636 2957 4689 δέ
2997 4634 3178 4696 πίστις
3206 4635 3263 4685 ἐν
3301 4633 3380 4703 τῷ
3408 4634 3558 4702 αὺτῴ
3601 4633 3768 4684 Πνεῦ-

2192 4751 2344 4804 ματι,
2398 4732 2541 4802 ἄλλῳ
2585 4732 2641 4784 δὲ
2692 4731 3007 4799 χαρίσματα
3069 4726 3312 4796 ἰαμάτων
3377 4728 3433 4779 ἐν
3493 4724 3569 4793 τῷ
3623 4723 3769 4790 αὐτῷ

2188 4824 2497 4895 Πνεύματι,
2532 4842 2549 4873 ι
2588 4823 2682 4876 καλ⁵
2726 4821 2793 4874 τὰ
2840 4819 2986 4890 ἑξῆς.
3032 4813 3163 4870 Εἶτα
3217 4816 3482 4869 διδάσκων
3539 4814 3614 4878 ὡς
3672 4814 3769 4883 οὐχ

2184 4913 2489 4984 ὑπουργοῦν
2516 4912 2688 4965 ταῦτα
2716 4911 2957 4981 διανέμει
2992 4912 3051 4961 τὸ
3095 4907 3320 4978 Πνεῦμα
3347 4907 3407 4959 τὸ
3430 4906 3602 4976 ἀγιον,
3632 4905 3769 4958 ἀλλά

2183 5005 2515 5068 δεσποτικῶς
2547 4999 2627 5069 οἷς
2658 5003 2800 5056 θέλει
2839 5000 3142 5072 χαρίζεται,
3188 5000 3434 5068 ἐπήγαγε
3462 5013 3475 5026 ·
3538 5017 3556 5047 r
3588 4996 3767 5048 Πάντα

2183 5097 2241 5151 δὲ
2267 5096 2439 5150 ταῦτα
2470 5098 2683 5167 ἐνεργεῖ
2710 5094 2771 5147 τὸ
2801 5092 2859 5145 ἓν
2882 5092 2977 5145 καὶ
3008 5091 3069 5144 τὸ
3094 5089 3227 5143 αὐτὸ
3250 5087 3491 5157 Πνεῦμα,
3530 5084 3768 5155 διαιροῦν

2188 5192 2295 5263 ἰδίᾳ
2322 5190 2535 5260 ἐκάστῳ
2562 5186 2742 5250 καθὼς
2761 5185 3023 5256 βούλεται.
3047 5201 3066 5233 ι
3103 5182 3164 5234 El
3181 5178 3358 5232 τοίνυν
3386 5176 3444 5229 τὸ
3466 5174 3686 5244 Πνεῦμα
3708 5176 3767 5226 τὸ

2186 5283 2342 5351 ἆγιον
2369 5280 2537 5335 ταῦτα
2567 5280 2656 5333 διὰ
2683 5278 2793 5331 τῶν
2826 5274 3139 5329 ἀποστόλων
3167 5270 3451 5339 εἰργάζετο
3489 5267 3565 5329 ὼς
3600 5266 3764 5335 ἠϐού-

2183 5375 2326 5436 λετο,
2369 5369 2763 5439 συναγαγόντες
2789 5366 2845 5420 δὲ
2872 5366 2921 5417 oi
2953 5361 3081 5433 περὶ
3119 5358 3329 5414 Παῦλον
3356 5358 3451 5410 καὶ⁵
3481 5356 3767 5427 Βαρνάϐαν

2183 5466 2284 5535 τὴν
2323 5463 2647 5534 Ἐκκλησίαν
2682 5456 3008 5527 ἀνήγγειλαν
3051 5454 3151 5506 ὅσα
3182 5451 3405 5521 ἐποίησε
3443 5449 3561 5519 μετ’
3590 5448 3767 5500 αὐτῶν

2189 5557 2217 5608 ό
2240 5555 2391 5619 Θεὸς.
2424 5554 2551 5615 Θεὸς
2577 5552 2683 5622 ἄρα
2715 5550 2776 5601 τὸ
2804 5545 3026 5616 Πνεῦμα
3052 5543 3111 5596 τὸ
3140 5542 3294 5610 ἆγιον
3329 5538 3469 5593 κατά
3510 5537 3602 5609 τὴν
3633 5539 3765 5590 ἀπο-

2191 5648 2389 5702 στόλων
2417 5647 2619 5716 φωνην.

2403 5824 2448 5854 τδ
2481 5822 2496 5876 l
2524 5822 2628 5876 Cor
2658 5835 2753 5884 χιι,
2785 5818 2839 5884 8,
2866 5818 2918 5873 9.
2993 5818 3036 5849 ⁷⁸
3079 5814 3207 5871 ibid.
3244 5816 3326 5870 ll.
