4122 6516
380 381 516 436 “8‘3

1722 373 1812 432 DE
1848 373 2253 430 TRlNiTATE.

3464 417 3468 422 τ
3521 372 3661 427 H86

447 494 618 550 Τοῦτο
653 493 876 563 γεγονὸς
917 493 1010 546 καὶ
1054 493 1113 546 ἐν
1179 490 1570 564 Ἰεροσολύμοις
1629 493 1657 544 6
1698 491 1975 554 θειότατος

2154 490 2269 546 Hoc
2297 490 2436 544 idem
2464 489 2710 545 evenisse
2737 489 3132 560 Hierosolymis
3163 501 3382 559 quoque
3431 487 3656 552 praet-la-

373 585 645 656 διηγεῖται
674 585 908 646 Λουκᾶς.
925 603 944 634 t
967 583 1220 652 Ἐσίγησε
1238 581 1367 653 γὰρ,
1387 583 1540 652 φησι,
1577 581 1722 635 am
1751 580 1811 633 τὸ
1829 581 1967 650 πλῆ-

377 679 488 743 θος,
520 677 616 730 καὶ
647 676 812 746 ἧκουε
845 673 938 727 τοῦ
964 673 1221 744 Βαρνάϐα
1249 672 1343 726 καὶ
1373 672 1466 726 τοῦ
1490 672 1706 725 Παύλου
1739 673 1967 743 ἐξηγου-

380 769 581 836 μένων,
617 766 717 818 ὅσα
743 765 772 817 6
814 763 946 826 Θεὸς
986 763 1243 832 ἐποίησεν
1285 765 1489 831 σημεῖα
1534 761 1601 814 δι’
1637 763 1838 823 αὐτῶν,
1877 764 1970 814 καὶ

379 858 585 928 τέρατα
609 858 666 909 ἐν
696 857 810 917 τοῖς
837 853 1038 906 ἔθνεσι.
1076 871 1094 904 ι
1129 853 1259 915 Θεὸς
1289 848 1382 907 οὖν
1422 853 1527 925 ἄρα
1560 853 1621 906 τὸ
1651 853 1874 921 Πνεῦμα
1913 851 1973 904 τὸ

380 949 535 1016 ἅγιον
561 965 574 979 ·
604 949 664 1002 τὸ
693 948 801 1016 γάρ
831 945 961 998 αὐτὸ
983 944 1390 1017 θαυματουργεί
1420 948 1487 999 τά
1535 948 1736 1016 σημεῖα
1783 945 1878 998 καὶ
1905 944 1974 997 τὰ

380 1041 603 1112 τέρατα.
629 1040 721 1092 Διὸ
749 1039 843 1091 καὶ
869 1040 896 1090 6
927 1036 1128 1106 Κύριος
1153 1039 1212 1089 ὲν
1240 1041 1350 1101 τοῖς
1377 1038 1723 1105 Εὐαγγελίοις
1752 1037 1935 1105 ἔλεγεν
1956 1050 1970 1064 ·

388 1151 404 1179 ι
439 1133 496 1182 Εἰ
521 1131 576 1184 δὲ
615 1133 670 1183 ἐν
701 1129 977 1199 Πνεύματι
1010 1126 1144 1179 Θεοῦ
1178 1127 1288 1196 ἐγὼ
1323 1125 1570 1181 ἐκϐάλλω
1600 1128 1668 1179 τὰ
1697 1125 1970 1196 δαιμόνια,

383 1221 491 1294 ἄρα
522 1222 752 1290 ἔφθασεν
785 1223 867 1290 ἐφ’
903 1222 1048 1293 ὑμᾶς
1082 1225 1115 1293 ἡ
1167 1219 1413 1291 βασιλεία
1461 1219 1556 1272 τοῦ
1605 1217 1802 1271 Θεοῦ.»
1867 1217 1975 1270 Καὶ

385 1312 548 1366 πάλιν
576 1315 633 1366 ἐν
664 1316 784 1376 ταῖς
823 1314 1094 1380 Πράξεσιν
1130 1315 1157 1364 6
1199 1313 1412 1374 Λουκᾶς
1445 1309 1535 1362 τὸν
1566 1308 1777 1361 Παῦλόν
1811 1325 1974 1378 φησιν

385 1392 776 1476 ἐπιλεξάμενον
803 1406 895 1458 τὸν
932 1406 1091 1460 Σίλαν
1135 1403 1369 1468 ἐξελθεῖν
1394 1405 1458 1473 τῇ
1501 1401 1686 1473 χάριτι
1716 1399 1809 1453 τοῦ
1840 1399 1973 1452 Θεοῦ

386 1500 490 1552 ὑπὸ
519 1497 625 1550 τῶν
653 1495 896 1565 ἀδελφῶν
928 1495 1332 1568 παραδοθέντα·
1380 1494 1512 1547 Θεὸν
1545 1490 1702 1556 αὖθις
1741 1491 1978 1555 καλέσας

385 1592 444 1644 τὸ
476 1588 700 1658 Πνεῦμα
735 1588 792 1640 τὸ
832 1588 1008 1656 ἀγιον,
1059 1588 1120 1640 τὸ
1148 1587 1234 1640 διὰ
1264 1587 1372 1639 τῶν
1396 1585 1640 1653 ἀδελφῶν
1679 1587 1736 1638 ἐν
1777 1585 1978 1636 Ἀντιο-

385 1679 509 1749 χεία
557 1677 824 1747 ἀφορίσαν
877 1677 1040 1730 αὐτὸν
1084 1678 1165 1740 εἰς
1225 1676 1253 1730 ὃ
1309 1675 1753 1744 προσεκαλέσατο
1815 1675 1978 1726 αὐτὸν

386 1771 567 1840 ἔργον.
619 1768 784 1822 Πάλιν
836 1770 863 1822 6
907 1769 1179 1838 μακάριος
1229 1767 1440 1828 Παῦλος
1472 1769 1527 1819 ἐν
1575 1767 1672 1836 μὲν
1716 1769 1782 1836 τῇ
1842 1766 1978 1835 πρὸς

2077 583 2327 636 rissintus
2347 580 2520 636 Lucas
2550 588 2770 636 narrat:
2798 599 2817 632 ι
2844 580 3036 636 Tacuit
3056 579 3227 645 enim,
3254 576 3454 647 inquit,
3479 575 3660 629 omnis

2079 674 2390 734 multitudo,
2408 680 2462 726 et
2479 672 2770 727 audiebant
2786 670 3088 726 Barnabam
3110 682 3165 726 et
3183 669 3408 725 Paulum
3431 681 3658 722 narran-

2076 777 2156 818 tes
2173 774 2370 830 quanta
2400 763 2540 817 Deus
2567 761 2956 832 fecissetsigna
2985 773 3038 816 et
3058 763 3298 832 prodigia
3329 764 3382 817 in
3407 764 3663 833 gentibus

2077 871 2170 924 per
2187 855 2412 923 ipsos".
2427 873 2445 906 ι
2465 853 2607 909 Deus
2624 870 2753 924 ergo
2768 866 2845 907 est
2865 854 3102 922 Spiritus
3114 868 3363 909 sanctus:
3382 861 3494 924 ipse
3515 855 3660 908 enim

2075 950 2228 1017 signa
2255 958 2309 1002 et
2342 948 2587 1018 prodigia
2625 947 2944 1002 mirabiliter
2978 959 3256 1016 Operatur.
3291 946 3448 1002 llude
3492 950 3658 1000 etiam

2080 1040 2400 1095 Dominttsin
2421 1038 2728 1107 Etmngeiiis
2745 1039 2964 1092 aiebat:
2992 1036 3176 1103 «Quod
3195 1039 3237 1089 si
3258 1053 3358 1106 ego
3378 1039 3429 1091 in
3453 1037 3658 1106 Spiritu

2077 1130 2172 1184 Dei
2213 1132 2480 1184 darmooia
2516 1130 2702 1199 ejicio,
2728 1131 2915 1198 utique
2941 1129 3257 1199 pervenitin
3283 1144 3380 1182 vos
3436 1145 3660 1195 regnum

2059 1223 2172 1277 .Dei
2196 1223 2262 1276 ’⁷.
2304 1241 2323 1274 ι
2360 1223 2675 1291 Rursusque
2713 1223 2765 1276 itt
2799 1222 3023 1276 Actibus
3058 1221 3233 1275 Lucas
3267 1222 3343 1274 ait
3379 1219 3428 1254 ⁷⁸
3458 1260 3472 1285 ,
3527 1221 3663 1274 Pau-

2079 1314 2188 1367 lum
2234 1313 2408 1367 electo
2455 1313 2568 1368 Sila
2611 1312 2912 1381 profectum
2968 1313 3424 1377 esse,-traditum
3475 1312 3664 1379 gratia!

2059 1403 2171 1456 Dei
2202 1420 2230 1456 a
2267 1403 2546 1459 fratribus.
2579 1403 2696 1468 Quo
2727 1404 2851 1456 item
2885 1403 3004 1456 loco
3037 1405 3200 1456 Deum
3248 1402 3483 1470 appellat
3536 1400 3662 1468 Spi-

2084 1495 2243 1549 ritum
2276 1505 2524 1550 sanctttm
2547 1533 2562 1559 ,
2595 1495 2686 1564 qui
2743 1510 2939 1563 nempe
2983 1510 3080 1564 per
3107 1495 3307 1549 fratres
3354 1496 3666 1548 Antiochiae

2081 1599 2466 1659 segregaverat
2511 1589 2689 1658 ipsum
2752 1591 2817 1642 ad
2873 1591 3203 1644 destinatum
3264 1605 3420 1657 opus.
3476 1590 3667 1643 Adhuc

2085 1679 2276 1736 beatus
2305 1681 2503 1735 Paulus
2531 1681 2583 1733 in
2626 1681 2863 1750 Epistula
2891 1683 2958 1737 ad
2983 1683 3300 1737 Couiuthios
3327 1683 3400 1734 ait
3427 1697 3441 1735 :
3468 1699 3486 1732 ι
3517 1680 3666 1747 Quos

2081 1760 2227 1826 Deus
2269 1773 2448 1840 posuit
2478 1772 2530 1825 in
2562 1771 2805 1828 Ecclesia
2851 1776 3046 1843 partim
3106 1777 3400 1844 praphetas
3435 1786 3489 1827 et
3531 1790 3663 1842 apo-

387 1859 707 1930 Κορινθίους
739 1860 812 1930 (Ι)
837 1857 1022 1930 φησίν·
1070 1880 1087 1909 ι
1120 1857 1226 1922 υῦς
1252 1857 1404 1910 ἔθετο
1438 1857 1466 1908 6
1498 1857 1630 1917 Θεὸς
1661 1859 1716 1909 ἐν
1745 1858 1806 1926 τῇ
1857 1857 1974 1908 Ἐκο

2085 1858 2275 1924 ειοιοε,
2311 1861 2506 1928 partim
2543 1871 2792 1928 pastores
2813 1872 2870 1916 et
2920 1863 3173 1918 doctores
3221 1874 3386 1932 atque
3422 1879 3664 1932 evange-

385 1953 606 2022 κλησίᾳ,
637 1952 761 2010 τοὺς
793 1951 890 2021 μὲν
932 1951 1214 2021 προφήτας
1254 1948 1347 2001 καὶ
1379 1947 1728 2008 ἀποστόλους,
1760 1950 1885 2008 τοὺς
1917 1946 1972 1998 δὲ

385 2044 650 2113 ποιμένας
690 2043 780 2096 καὶ
815 2041 1175 2106 διδασκάλους
1225 2041 1319 2094 καὶ
1375 2038 1794 2107 εὐαγγελιστάς,
1835 2036 1974 2107 πρὸς

385 2135 752 2206 καταρτισμὸν
779 2135 884 2187 τῶν
925 2135 1127 2202 ἀγίων·
1169 2155 1186 2186 ι
1231 2137 1287 2187 ὲν
1326 2134 1382 2187 δὲ
1414 2134 1641 2203 Μιλήτῳ
1686 2130 1974 2185 συνταττό-

388 2245 547 2299 μενος
568 2230 678 2290 τοῖς
707 2225 976 2295 ἀδελφοῖς,
1007 2225 1102 2279 καὶ
1133 2226 1232 2294 τῆς
1270 2225 1517 2296 δοθείσης
1540 2223 1973 2294 ἀναμιμνήσκων

383 2321 623 2390 χάριτος·
663 2337 680 2368 ι
713 2319 1013 2389 Προσέχετε
1047 2313 1139 2370 οὖν
1170 2319 1407 2379 ἑαυτοῖς,
1455 2319 1642 2386 φησὶν,
1692 2316 1790 2368 καὶ
1817 2312 1974 2366 παντὶ¹

382 2411 462 2481 τῷ
507 2413 743 2482 ποιμνίῳ
792 2413 849 2462 ἐν
886 2403 930 2478 ᾧ
963 2411 1107 2481 ὑμᾶς
1135 2409 1290 2464 ἔθετο
1331 2409 1393 2462 τὸ
1443 2407 1664 2476 Πνεῦμα
1702 2407 1762 2459 τὸ
1808 2405 1969 2473 ἅγιον

2081 1949 2257 2014 listas,
2293 1952 2356 2003 ad
2385 1951 2798 2006 aadiHCatiOnem
2835 1963 3148 2008 sanctormu
3184 1956 3251 2008 ".
3303 1973 3322 2006 ι
3360 1955 3522 2010 Mileti
3562 1972 3664 2009 au-

2084 2048 2189 2092 tem
2221 2039 2481 2095 fratribus
2511 2043 2628 2096 vale
2663 2043 2873 2108 dicens,
2922 2053 2974 2098 et
3015 2045 3197 2098 datam
3227 2062 3666 2100 commemorans

2082 2131 2354 2198 gratiam:
2395 2150 2414 2183 ι
2461 2132 2741 2189 Attendite
2798 2137 2963 2202 igitur
2995 2138 3426 2206 vobismetipsis,
3465 2141 3664 2208 inquit.

2081 2230 2135 2274 et
2161 2223 2416 2278 universo
2451 2226 2625 2294 gregi,
2655 2226 2706 2280 in
2737 2242 2845 2296 quo
2883 2243 2978 2280 vos
3011 2226 3250 2294 Spiritus
3303 2243 3526 2285 sanctus
3577 2249 3669 2300 po-

2081 2314 2185 2367 suit
2234 2315 2522 2385 episcopos
2561 2333 2751 2388 regere
2801 2319 3017 2390 706m
3061 2320 3356 2376 Ecclesiam
3411 2322 3664 2388 Domini,

2080 2420 2240 2472 quam
2269 2410 2559 2476 acquisivit
2591 2410 2858 2480 sanguine
2888 2427 2989 2464 suo
3021 2411 3088 2465 ⁸⁸.
3126 2431 3146 2464 ι

385 2504 714 2566 ἐπισκόπους
789 2501 1100 2572 ποιμαίνειν
1152 2501 1250 2572 τὴν
1324 2500 1649 2572 Ἐκκλησίαν
1727 2496 1824 2550 τοῦ
1902 2495 2111 2566 Κυρίου
2159 2496 2260 2568 (2),
2319 2500 2386 2570 ἣν
2465 2503 2896 2572 περιεποιήσατο
2941 2503 3030 2558 διὰ
3083 2503 3178 2558 τοῦ
3259 2505 3493 2576 αἵματος
3571 2504 3665 2558 τοῦ

388 2613 433 2650 ιο
442 2615 539 2649 ιου.
572 2615 590 2646 Ι

469 2691 661 2760 Ὁρᾶτε
711 2689 873 2742 πάλιν
917 2687 1200 2743 κάνταῦθα
1230 2687 1326 2760 τὴν
1359 2687 1643 2756 θεολογίαν
1671 2684 1768 2739 τοῦ
1805 2680 1978 2736 Πνεύ-

392 2798 581 2854 ματος.
600 2782 750 2833 Ἐκεῖ
773 2785 881 2852 γάρ
909 2781 1004 2834 τοῦ
1031 2780 1166 2834 Θεοῦ
1196 2777 1576 2851 μνημονεύσας
1602 2777 1676 2840 ὼς
1693 2773 1975 2844 ποιμένας,

386 2877 479 2928 καὶ
525 2874 901 2938 διδασκάλους,
939 2876 1033 2928 xui.
1081 2872 1473 2943 εὐαγγελιστάς
1517 2869 1976 2942 χειροτονοῦντος,

386 2967 618 3020 ἐνταῦθα
653 2967 778 3037 περὶ
805 2967 895 3020 τοῦ
923 2966 1239 3038 Πνεύματός
1267 2983 1418 3037 φησι·
1469 2966 1557 3018 Ἐν
1584 2958 1628 3033 ᾧ
1662 2965 1804 3035 ὑμᾶς
1827 2960 1979 3014 ἔθετο

387 3058 446 3110 τὸ
475 3056 702 3128 Πνεῦμα
737 3057 798 3110 τὸ
826 3059 980 3126 ἅγιον
1011 3058 1344 3120 ἐπισκόπους
1384 3057 1694 3127 ποιμαίνειν
1719 3054 1818 3124 τὴν
1857 3055 1979 3106 Ἐκ-

387 3149 616 3220 κλησίαν
638 3167 652 3178 ·
686 3150 952 3203 διδάσκων
981 3150 1056 3213 ὼς
1089 3149 1221 3212 Θεὸς
1248 3149 1307 3202 τὸ
1334 3148 1555 3219 Πνεῦμα
1581 3147 1639 3200 τὸ
1668 3146 1843 3215 ἅγιον,
1886 3145 1979 3196 καὶ

385 3242 467 3295 ὅτι
495 3242 691 3296 ταύτόν
729 3245 877 3294 ἐστιν
921 3243 1099 3294 εἰπεῖν
1127 3241 1282 3305 Θεὸν,
1334 3240 1428 3293 καὶ
1470 3238 1717 3308 Πνεῦμα,
1759 3237 1846 3290 διὰ
1879 3237 1980 3307 τὴν

386 3335 674 3388 κοινωνίαν
699 3337 795 3404 τῆς
827 3333 1078 3402 φύσεως·
1108 3334 1216 3396 τοῖς
1248 3350 1305 3386 τε
1337 3332 1445 3403 γὰρ
1468 3331 1572 3384 ὑπὸ
1594 3329 1688 3383 τοῦ
1713 3330 1850 3382 Θεοῦ
1889 3330 1981 3382 καὶ

387 3429 598 3499 Πατρὶς
626 3427 932 3496 γινομένοις
967 3427 1218 3495 συνεργεῖ
1243 3427 1269 3478 ὀ
1297 3424 1424 3487 Υἱὸς
1449 3424 1544 3478 καὶ⁸
1572 3423 1634 3476 τὸ
1667 3421 1892 3492 Πνεῦμα
1920 3421 1981 3474 τὸ

390 3521 569 3586 ἅγιον·
606 3520 722 3580 τοῖς
747 3533 806 3569 τε
835 3515 939 3569 ὑπὸ
974 3515 1067 3568 τοῦ
1112 3514 1244 3568 Υἱοῦ
1279 3515 1357 3585 (5)
1405 3516 1500 3568 κα)⁵
1528 3515 1623 3568 τοῦ
1662 3515 1980 3584 Πνεύματος

387 3610 730 3680 τελουμένοις
772 3606 1083 3662 συνευδοκεῖ
1108 3605 1373 3670 ὡσαύτως
1400 3607 1428 3659 6
1464 3605 1596 3669 Θεὸς
1630 3606 1723 3658 καὶ
1764 3605 1975 3676 Πατήρ.

392 3701 500 3752 Καὶ
536 3699 801 3770 ἑτέρωθεν
838 3698 1002 3752 πάλιν
1055 3701 1084 3752 6
1136 3699 1404 3770 μακάριος
1441 3697 1653 3761 Παῦλος
1683 3697 1814 3751 Θεὸν
1843 3693 1980 3751 εἶναι

388 3792 450 3845 τὸ
483 3791 705 3862 Πνεῦμα
734 3791 1014 3863 κηρύττει·
1047 3811 1065 3842 ι
1098 3791 1224 3843 Ἐάν
1253 3793 1382 3860 γάρ,
1415 3792 1570 3861 φησὶ,
1594 3791 1979 3862 προφητεύωσι

389 3887 610 3947 πάντες,
636 3883 850 3955 εἰσέλθῃ
877 3883 935 3937 δέ
965 3900 1048 3948 τις
1081 3882 1310 3946 ἄπιστος
1342 3883 1374 3953 ἦ
1421 3880 1656 3954 ἰδιώτης,
1697 3884 1979 3954 ἐλέγχεται

391 3977 496 4030 ὑπὸ
528 3979 762 4041 πάντων,
793 3976 1144 4047 ἀνακρίνεται
1170 3975 1275 4028 ὑπὸ
1305 3975 1521 4029 πάντων
1554 3974 1651 4044 (4),
1675 3973 1742 4026 τὰ
1763 3973 1980 4044 κρυπτά

389 4071 487 4140 τῆς
520 4070 744 4138 καρδίας
775 4067 940 4121 αὑτοῦ
973 4068 1184 4139 φανερά
1203 4068 1445 4138 γίνεται·
1479 4067 1577 4119 καὶ
1601 4065 1776 4130 οὕτως
1799 4063 1980 4117 πεσὼν

390 4161 482 4213 ἐπὶ
514 4161 807 4231 πρόσωπον
838 4163 1208 4230 προσκυνήσει
1243 4158 1320 4229 τῷ
1353 4157 1492 4228 Θεῷ,
1519 4156 1877 4225 ἀπαγγέλλων
1900 4157 1982 4209 ὅτι

390 4252 559 4311 ὅντως
589 4252 615 4302 6
637 4248 767 4310 Θεὸς
801 4250 857 4300 ἐν
891 4249 1018 4317 ὑμῖν
1045 4250 1214 4302 ἐστιν.
1251 4269 1268 4300 ι
1311 4247 1530 4318 Ἐπειδὴ
1558 4247 1667 4316 γὰρ
1696 4247 1789 4299 τοῦ
1817 4246 1985 4299 Πνεύ-

393 4357 563 4414 ματος
593 4342 626 4410 ἠ
654 4340 959 4410 προφητεία
978 4339 1348 4410 χάρισμα,διά
1367 4338 1422 4391 δέ
1452 4339 1553 4409 τῆς
1583 4339 1982 4410 ἀποκαλύψεως

2156 2674 2348 2732 Videte
2399 2693 2589 2732 rursus
2628 2678 2755 2732 hinc
2792 2679 2978 2746 etiam,
3022 2679 3191 2734 Deum
3235 2681 3492 2737 aﬂirmari
3541 2685 3666 2756 Spi-

2087 2769 2246 2822 ritum
2307 2779 2578 2823 sanctutn.
2639 2770 2772 2825 Cum
2830 2771 2975 2824 enim
3035 2771 3145 2826 illic
3215 2773 3446 2828 dixisset
3496 2776 3665 2833 Dc-um

2085 2860 2434 2915 constituisse
2491 2872 2735 2930 pastores
2768 2901 2783 2926 ,
2838 2865 3092 2919 doctores
3145 2875 3200 2918 et
3253 2869 3664 2937 evangelietus,

2089 2953 2176 3006 hic
2225 2951 2292 3006 de
2341 2950 2545 3022 Spiritu
2581 2953 2658 3006 ait
2694 2970 2708 3008 :
2771 2973 2788 3004 σ
2819 2953 2938 3019 Quo
2969 2955 3022 3008 itt
3056 2969 3220 3023 grege
3256 2971 3352 3009 vos
3379 2959 3668 3014 t'olltwavit

2088 3043 2327 3113 Spiritus
2373 3055 2596 3098 sanctus
2646 3046 2932 3113 episcopos
2960 3047 3029 3098 ob
3083 3047 3372 3114 regendum
3406 3053 3664 3118 pastorali

2085 3150 2212 3189 cura
2252 3133 2546 3189 Ecclesiam
2579 3151 2593 3187 :
2633 3153 2652 3186 ι
2675 3137 2873 3190 docens
2903 3135 3159 3190 videlicet
3193 3139 3354 3192 Deum
3382 3155 3503 3195 esse
3541 3141 3667 3212 Spi-

2083 3225 2246 3280 ritum
2272 3237 2543 3293 sanctum,
2567 3227 2899 3296 perindeque
2923 3227 3027 3282 dici
3065 3228 3230 3281 Deum
3273 3245 3337 3283 ac
3371 3229 3662 3302 Spiritum,

2082 3328 2302 3386 propter
2336 3330 2544 3372 naturae
2578 3319 3034 3372 commuttionem.
3073 3317 3205 3371 Nam
3241 3320 3305 3373 iis
3327 3337 3448 3390 quae
3482 3338 3510 3376 a
3559 3325 3668 3378 Deo

2083 3408 2240 3463 Patre
2271 3408 2421 3471 fittttt,
2448 3418 2809 3477 coaperautur
2842 3406 3009 3461 Filius
3034 3421 3097 3460 ac
3126 3405 3367 3476 Spiritus
3398 3423 3619 3465 sanctus
3647 3426 3662 3465 :

2083 3499 2430 3569 vicissimque
2460 3499 2548 3563 iis,
2580 3514 2701 3568 quas
2731 3513 2758 3550 a
2799 3497 2937 3551 Filio
2962 3505 3014 3552 et
3053 3497 3255 3566 Spiritu
3285 3503 3662 3567 perficiuntur,

2081 3595 2351 3648 consentit
2386 3594 2590 3661 pariter
2623 3591 2768 3644 Deus
2799 3588 2982 3645 Pater.
3013 3589 3334 3661 Rursusque
3372 3593 3495 3646 alibi
3535 3596 3666 3647 bea-

2084 3699 2170 3742 tus
2207 3685 2407 3740 Paulus
2457 3685 2622 3738 Deum
2670 3699 2792 3738 esse
2829 3683 3091 3751 Spiritum
3143 3684 3436 3752 pra-dicat:
3475 3705 3494 3738 ι
3533 3687 3664 3741 Nam

2083 3779 2161 3841 si,
2204 3778 2401 3844 inquit,
2456 3790 2646 3829 onmes
2694 3776 3042 3843 prophetent,
3099 3774 3264 3827 intret
3316 3787 3494 3830 autetn
3547 3779 3669 3846 quis

2085 3868 2313 3922 infidelis
2345 3865 2427 3919 vel
2475 3866 2665 3928 idiota,
2713 3865 3054 3919 convincitur
3090 3866 3159 3918 ab
3183 3867 3474 3930 omnibus,
3527 3870 3665 3938 diju-

2082 3961 2297 4013 dicatur
2328 3957 2394 4011 ab
2421 3958 2697 4021 omnitms,
2753 3955 2964 4008 occulta
3002 3957 3187 4009 cordis
3220 3955 3337 4022 ejus
3377 3959 3665 4012 manifesta

2087 4048 2219 4102 ﬂttnt
2255 4061 2270 4099 :
2299 4057 2353 4100 et
2387 4049 2456 4098 ita
2488 4047 2691 4098 cadens
2722 4045 2774 4096 in
2809 4043 3006 4097 faciem
3034 4048 3283 4097 adorabit
3318 4047 3506 4107 Deum,
3535 4063 3665 4114 pto-

2085 4140 2344 4195 nuntians
2392 4139 2536 4207 quod
2582 4151 2711 4191 vere
2761 4137 2903 4190 Deus
2953 4137 3005 4190 in
3043 4137 3201 4191 vobis
3245 4140 3316 4191 sit
3339 4137 3410 4192 ⁸⁸.
3444 4157 3464 4190 ›
3530 4138 3664 4193 Nam

2084 4233 2210 4304 quia
2240 4231 2521 4302 prophetia
2555 4232 2752 4285 donum
2785 4228 3023 4296 Spiritus
3055 4240 3167 4296 est,
3215 4239 3269 4284 et
3319 4247 3415 4299 per
3451 4233 3665 4286 revela-

2075 4326 2288 4380 tionem
2335 4321 2601 4391 Spiritus,
2640 4321 2929 4375 manifesta
2985 4321 3119 4373 tiuut
3176 4323 3357 4374 cordis
3407 4324 3617 4376 oet'ttita
3647 4363 3662 4386 ,

390 4412 484 4487 τοῦ
543 4431 860 4501 Πνεύματος
929 4432 1140 4502 φανερά
1194 4431 1264 4485 τὰ
1309 4431 1411 4502 τῆς
1473 4433 1701 4504 καρδίας
1761 4433 1975 4503 κρυπτά

2091 4418 2180 4471 Dei
2203 4430 2329 4471 vero
2352 4415 2626 4483 proprium
2643 4422 2727 4468 est
2751 4423 2983 4466 mentem
3005 4412 3282 4465 hominum
3306 4430 3662 4480 cognoscere.

390 4529 622 4598 γίνεται,
671 4524 806 4578 Θεοῦ
849 4525 904 4578 δὲ
949 4525 1079 4578 ῑδιον
1123 4524 1183 4578 τὸ
1225 4525 1316 4578 τὸν
1363 4525 1488 4579 νοῦν
1533 4525 1638 4578 τῶν
1674 4526 1977 4598 ἀνθρώπιον

393 4615 738 4678 ἐπίστασθαι,
761 4614 1072 4682 ἀναγκαίως
1091 4615 1118 4667 6
1145 4615 1503 4686 ἐλεγχόμενος
1531 4615 1620 4669 διὰ
1648 4616 1745 4687 τῆς
1770 4635 1980 4689 προφη-

390 4708 558 4773 τείας,
605 4707 1034 4778 ἀνακρινόμενος
1085 4710 1453 4777 προσκυνήσει
1491 4705 1570 4778 τῷ
1611 4707 1752 4780 Θεῷ,
1796 4710 1976 4779 ἀπαγτ

391 4799 599 4869 τέλλων
623 4801 704 4853 ὅτι
727 4798 895 4864 ὅντως
924 4801 952 4854 6
985 4798 1116 4864 Θεὸς
1142 4801 1200 4853 ἐν
1228 4799 1356 4870 ὑμῖν
1393 4800 1539 4852 ἐστιν
1564 4815 1578 4828 ·
1610 4793 1756 4871 εἶχον
1787 4801 1843 4854 δὲ
1881 4802 1979 4874 τὴν

393 4896 554 4962 χάριν
600 4893 798 4946 ἐκεῖνοι
855 4890 949 4944 τοῦ
1005 4889 1344 4962 Πνεύματος.
1402 4891 1462 4944 Ei
1518 4890 1575 4944 δὲ
1629 4891 1760 4958 Θεὸς
1808 4890 1877 4966 ἦν
1919 4897 1976 4950 ἐν

393 4985 598 5050 αὐτοῖς,
633 4983 820 5050 ἐπειδὴ
854 4984 951 5054 τῆς
972 4982 1066 5036 τοῦ
1095 4983 1411 5054 Πνεύματος
1433 4985 1715 5057 ἀπήλαυον
1736 4987 1974 5060 χάριτος,

393 5075 526 5139 Θεὸς
547 5077 653 5148 ἀρα
682 5079 774 5130 καὶ
809 5076 873 5129 ἐκ
899 5075 1035 5130 Θεοῦ
1068 5077 1130 5130 τὸ
1163 5077 1388 5147 Πνεῦμα
1417 5078 1476 5132 τὸ
1506 5079 1679 5148 ἆγιον.

469 5190 514 5221 ⁷⁸
541 5192 657 5244 Act.
689 5207 776 5256 xv,
814 5193 899 5246 12.

397 5261 440 5295 ει
476 5261 636 5314 lCor.
667 5278 775 5325 XIV,
801 5263 992 5318 25-25.

468 5378 544 5448 (l)
587 5378 715 5451 Rara
744 5380 958 5447 quidem
987 5380 1136 5450 prior
1170 5380 1461 5434 testimonii
1495 5379 1614 5449 ejus
1647 5391 1730 5434 est
1761 5397 1826 5434 ex
1853 5380 1978 5451 Epi-

395 5451 530 5503 stola
565 5448 631 5502 ad
660 5447 1001 5520 COI'IttliliOS‘,
1049 5451 1175 5520 pars
1211 5451 1380 5504 altera
1422 5447 1597 5504 tamen
1629 5453 1875 5505 adsuiiur
1899 5447 1975 5508 ex

396 5521 513 5572 loco
555 5521 809 5588 parallelu
841 5519 1092 5588 Epistulae
1133 5521 1197 5572 ad
1243 5521 1527 5587 Ephesios.

470 5590 544 5658 (κ)
590 5591 660 5642 Ita
681 5595 800 5644 cod.
818 5591 1119 5661 Κυρίου,υι
1146 5593 1383 5644 nonnulli
1402 5591 1491 5643 alii
1521 5589 1731 5646 codices
1746 5592 1970 5646 Artuttm

353 5669 360 5678 '
397 5672 572 5729 apost.
607 5661 710 5716 Sed
748 5660 925 5714 tamen
958 5660 1127 5715 multo
1163 5663 1498 5714 communior
1519 5672 1602 5714 est
1632 5661 1790 5716 lectio
1811 5662 1970 5727 Θεοῦ,

398 5732 518 5791 Dei,
555 5747 714 5798 quam
765 5732 1027 5799 interpres
1059 5746 1273 5798 quoque
1302 5731 1418 5785 Lat.
1462 5731 1720 5801 Vulgattts
1754 5739 1968 5786 retinet.

394 5801 534 5854 Θεοό
566 5803 728 5856 habet
779 5802 893 5872 ipse
938 5802 1170 5872 Cyriltus
1206 5803 1257 5856 itt
1289 5800 1578 5872 opusculo,
1605 5800 1762 5868 Quod
1795 5801 1968 5858 Maria

991 5194 1036 5225 ⁷⁷
1067 5193 1253 5248 Matth.
1287 5209 1388 5260 χιι,
1415 5196 1506 5252 28.
1587 5196 1632 5228 ⁷⁸
1667 5197 1784 5251 Act.
1823 5215 1911 5262 xv,
1942 5203 2032 5258 40.

2088 4505 2398 4560 necessario
2433 4504 2480 4556 is
2535 4503 2625 4572 qui
2672 4502 3020 4556 convincitur
3063 4515 3092 4555 a
3151 4503 3461 4571 prophetia,
3509 4505 3666 4574 diju—

2086 4598 2303 4651 dlcatus
2352 4593 2602 4649 adorabit
2658 4593 2820 4647 Deum
2855 4631 2872 4657 ,
2937 4594 3295 4662 pronuntians
3348 4595 3491 4664 quod
3537 4611 3664 4651 vere

2087 4689 2229 4743 Deus
2259 4685 2313 4741 in
2347 4687 2500 4741 vobis
2534 4687 2623 4740 sit.
2650 4685 2819 4740 Porro
2858 4685 2930 4738 illi
2964 4687 3195 4755 gratiam
3235 4686 3472 4753 Spiritus
3505 4688 3662 4743 liabe-

2089 4780 2238 4831 battt.
2272 4777 2424 4844 Quod
2449 4777 2491 4830 si
2527 4775 2667 4830 Deus
2703 4777 2756 4830 itt
2787 4776 2914 4845 ipsis
2952 4783 3091 4841 erat,
3125 4779 3250 4845 quia
3276 4775 3510 4846 Spiritus
3542 4797 3664 4845 grn-

2089 4867 2162 4920 tia
2199 4865 2539 4926 fruebantur.
2573 4873 2822 4936 superest
2864 4875 2922 4918 ut
2965 4864 3106 4919 Deus
3152 4873 3207 4918 et
3245 4880 3312 4919 ex
3350 4863 3459 4920 Deo
3491 4863 3665 4934 Spiri-

2090 4969 2175 5014 tus
2213 4969 2437 5014 sanctus
2463 4958 2557 5014 sit.

2138 5205 2182 5237 "
2212 5203 2232 5258 1
2271 5203 2400 5258 Cor.
2429 5217 2528 5268 xu,
2555 5198 2626 5254 28
2659 5215 2674 5266 ;
2707 5197 2903 5268 Ephes.
2936 5210 3012 5261 tv,
3050 5195 3135 5249 12.
3213 5194 3255 5224 ⁸ο
3288 5194 3410 5250 Act.
3439 5211 3529 5264 xx,
3567 5194 3660 5252 28.

2084 5387 2154 5441 sit
2204 5385 2455 5449 θείνας-α,
2491 5399 2640 5437 num.
2670 5383 2762 5436 2‘2.

2155 5458 2234 5527 (5)
2274 5455 2580 5527 ΟοιΙ.Θεοῦ,
2615 5454 2742 5518 Deo,
2762 5453 2854 5506 sed
2875 5451 3157 5506 videbatur
3175 5451 3398 5504 onmiuo
3423 5452 3664 5506 scriben-

2082 5524 2223 5584 dum
2245 5525 2401 5591 Υἱοῦ,
2432 5524 2596 5579 Filio.

2155 5599 2232 5669 (4)
2271 5598 2396 5669 Tria
2448 5597 2574 5669 hare
2604 5593 2765 5649 verba
2818 5593 3012 5647 desunt
3040 5592 3338 5669 mendose
3369 5594 3419 5669 in
3473 5591 3663 5645 codice

2080 5662 2302 5737 propter
2342 5664 2749 5738 όμοιοτέλευτον
2780 5666 3165 5738 prmtet°mi5s;t,
3200 5662 3293 5716 sed
3329 5662 3466 5716 infra
3497 5677 3664 5732 appa-

2080 5732 2342 5796 ret'lecta
2378 5732 2571 5794 revera
2613 5732 2793 5790 fuisse
2819 5750 2846 5788 a
2888 5732 3112 5804 Cyrillo.
