4122 6572
504 401 641 456 H87

1562 395 1620 453 S.
1660 396 1928 453 CYRIIJJ
1967 397 2430 453 ALEXANDRINI
2468 400 2784 456 AllCHlEP.

3622 410 3758 465 1188

503 511 714 568 XXVII.
749 510 903 574 Quod
930 510 1124 591 absque
1162 510 1425 591 creatione
1460 526 1523 562 ea:
1560 508 1665 562 Deo
1720 512 1789 563 sit
1837 508 2068 579 Spiritus

2193 513 2304 567 KZ'.
2345 513 2471 567 Ὀτι
2501 514 2799 591 ἀκῖίρντως
2816 513 3068 591 ἐνί-Θεοῦ
3107 514 3439 591 (auream
3469 519 3533 572 τὸ
3568 520 3753 591 (ῖς-ιον,

732 591 968 642 sanctus,
1007 583 1224 648 ideoque
1250 590 1297 632 et
1338 589 1561 631 wternus
1602 591 1827 638 vocetur.

575 691 1042 747 Prazclarissimus
1068 707 1289 763 quoque
1320 691 1516 747 Petrus
1547 692 1599 747 in
1629 692 1920 748 catholicis
1946 693 2075 763 Epi-

462 827 467 830 .
503 785 662 840 stolis
691 803 706 839 :
732 802 750 835 ι
785 783 842 837 Si
867 784 1299 854 exprobramini,
1321 786 1514 852 inquit,
1540 785 1591 839 in
1612 787 1830 840 nomine
1850 785 2074 850 Christi,

504 877 643 929 beati
676 877 830 939 estis,
857 876 1111 944 quoniam
1143 874 1349 943 gloriae,
1389 874 1602 945 707m
1634 875 1846 929 virtutis
1868 917 1883 939 ,
1904 885 1958 931 et
1986 875 2078 929 Dei

506 964 747 1032 Spiritus
773 979 935 1032 super
981 980 1077 1020 vos
1106 966 1399 1034 requiescit
1446 965 1515 1019 ⁸⁸.
1568 983 1587 1015 ι
1633 964 1827 1020 Beatus
1867 980 2081 1037 quoque

504 1055 739 1110 Joannes
764 1057 818 1109 in
854 1054 1095 1125 Epistola
1131 1074 1147 1110 :
1187 1073 1205 1106 ι
1237 1053 1292 1109 1η
1328 1057 1455 1119 hoc,
1486 1054 1681 1122 inquit,
1708 1058 2082 1126 cognoscimus

512 1160 611 1200 nos
646 1146 697 1199 in
724 1160 789 1200 eo
821 1161 1078 1209 manere,
1111 1155 1166 1199 et
1194 1146 1366 1214 ipsum
1405 1146 1459 1200 in
1497 1147 1655 1201 nobis
1677 1186 1693 1212 ,
1725 1149 1983 1216 quoniam
2016 1149 2082 1204 de

510 1235 716 1306 Spiritu
746 1252 844 1291 suo
881 1238 1037 1291 nobis
1061 1237 1207 1291 dedit
1251 1235 1319 1289 ⁸³.
1356 1255 1375 1287 ι
1429 1236 1584 1303 Quod
1617 1248 1799 1291 autem
1854 1253 1919 1293 ex
1968 1239 2082 1294 Deo

507 1308 628 1389 esse
660 1328 1005 1398 prmdicatur,
1054 1328 1197 1381 haud
1253 1338 1504 1382 creatura
1558 1335 1665 1392 est,
1723 1328 1818 1382 sed
1871 1342 1939 1383 ex
1987 1328 2081 1383 Dei

507 1420 834 1475 substantia.
888 1418 1069 1484 Quare
1120 1427 1174 1473 et
1224 1420 1403 1487 ipsum
1458 1419 1650 1473 beatus
1688 1419 1888 1475 Paulus
1921 1431 2083 1475 aeter-

510 1526 663 1576 num,
690 1522 741 1564 et
766 1511 856 1580 qui
896 1511 1109 1564 initium
1142 1525 1246 1563 non
1297 1511 1572 1575 habuerit,
1610 1519 1884 1580 nuncupat
1923 1527 1937 1562 :
1972 1530 1991 1562 ι
2024 1510 2079 1565 Si

507 1604 653 1656 enim
698 1601 942 1671 sanguis,
993 1602 1197 1671 inquit,
1235 1602 1508 1657 hircorum
1557 1612 1611 1657 et
1669 1613 1946 1657 taurorum
1974 1642 1990 1667 ,
2031 1611 2085 1657 et

507 1692 648 1767 cinis
694 1692 877 1746 vitula:
935 1707 1193 1761 aspersus
1226 1731 1242 1758 ,
1300 1694 1610 1763 inquinatos
1659 1695 1965 1750 sanctiﬁcat
2017 1695 2085 1749 ad

509 1785 896 1854 perfectionem
925 1826 941 1851 ,
977 1796 1184 1854 quanto
1234 1785 1407 1856 magis
1452 1788 1675 1857 sanguis
1706 1788 1944 1852 Christi,
1990 1787 2081 1856 qui

518 1892 615 1947 per
648 1875 909 1943 Spiritum
957 1887 1206 1929 sanctum
1238 1876 1585 1945 semetipsum
1618 1878 1812 1932 obtulit
1836 1876 1883 1908 ⁸⁸
1915 1880 1927 1931 l
1969 1896 1986 1929 ι
2024 1878 2081 1932 Si
2115 1861 2157 1916 Β

510 1983 640 2038 ergo
672 1967 911 2035 Spiritus
940 1977 1167 2021 sanctus
1197 1976 1436 2022 aeternus
1458 1978 1561 2033 est,
1601 1980 1656 2023 et
1687 1970 1827 2025 Deus
1870 1984 2085 2039 quoque

509 2070 772 2124 ater-nus,
816 2058 1105 2113 manifesta
1139 2060 1416 2113 conclusio
1440 2070 1543 2114 est.
1577 2060 1683 2115 Sed
1716 2062 1860 2116 enim
1888 2072 2083 2118 cuncta

512 2151 579 2203 de
608 2160 800 2202 sancto
838 2148 1047 2216 Spiritu
1096 2151 1423 2213 testimonia,
1455 2164 1576 2219 qua:
1615 2153 1787 2220 ipsum
1821 2162 1875 2207 et
1921 2153 2085 2208 Deum

511 2248 633 2292 esSe
660 2248 715 2292 et
735 2240 1020 2293 Dominum
1052 2240 1373 2309 praedicant,
1401 2242 1759 2311 euindemque
1789 2258 1909 2296 cum
1924 2242 2086 2298 Patre

513 2344 577 2382 ac
611 2329 749 2383 Filio
775 2332 888 2397 pari
919 2330 1112 2385 ordine
1137 2332 1429 2397 collocant,
1476 2334 1741 2387 studiosis
1784 2336 2087 2404 colligenda

515 2418 908 2488 relinquimus:
940 2437 1034 2477 nos
1068 2438 1195 2477 vero
1228 2422 1292 2476 ad
1323 2423 1483 2491 hujus
1522 2424 1877 2493 institutionis
1902 2427 2090 2481 termi-

447 2570 457 2581 τ
515 2526 641 2563 nunt
677 2527 1053 2581 pr0peramus.

917 2731 1152 2789 XXVIII.
1188 2732 1265 2806 (1)
1309 2731 1462 2787 Fidei
1490 2751 1717 2789 summa.

587 2850 755 2920 Igitur
796 2864 957 2902 unam
1000 2846 1285 2901 Trinitatis
1336 2854 1586 2899 naturam
1632 2861 1755 2901 esse
1794 2846 2089 2911 credimus,

517 2957 679 2996 uuam
716 2940 1079 2995 subsnantiam
1136 2938 1187 2991 in
1245 2938 1415 2991 tribus
1448 2937 1697 3006 personis
1748 2947 2047 3006 spectatam
2076 2977 2090 3002 ,

518 3035 809 3106 potentiam
851 3030 1256 3100 itnpartibilein,
1286 3045 1509 3099 regnum
1549 3028 1876 3093 indivisuin,
1930 3044 2092 3082 unam

2566 583 2657 637 διὸ
2687 584 2784 637 καί
2809 583 3052 637 αίώνιον
3084 583 3374 640 καλεῖται.

2251 697 2358 749 Καὶ
2404 698 2433 750 6
2479 696 2755 759 θειότατος
2807 697 2865 749 δὲ
2917 697 3123 769 Πέτρος
3170 701 3228 751 ὲν
3265 701 3386 762 ταῖς
3431 700 3761 767 Καθολικαις

2192 792 2568 856 Ἐπιστολαῖς·
2607 811 2625 844 ι
2651 794 2713 846 Εἰ
2736 792 3083 859 ὀνειδίζεσθε,
3118 797 3305 863 φησιν,
3338 798 3396 849 ὲν
3425 796 3501 866 τῷ
3539 796 3763 867 ὀνόματι

2178 881 2274 934 τοῦ
2311 881 2571 955 Χριστοῦ,
2620 885 2881 954 μακάριοί
2910 886 3057 947 ἐστε,
3105 886 3187 938 ὃτι
3234 885 3296 938 τὸ
3330 886 3431 956 τῆς
3472 887 3628 959 δόξης
3666 891 3763 942 καὶ

2180 971 2463 1041 δυνάμεως
2504 975 2599 1025 καὶ
2636 971 2731 1025 τοῦ
2770 970 2905 1025 Θεοῦ
2941 972 3169 1044 Πνεῦμα
3195 973 3281 1043 ἐφ’
3317 974 3461 1045 ὑμᾶς
3488 976 3763 1028 ἀναπαύε-

2180 1082 2293 1119 ται.
2341 1084 2359 1117 ι
2414 1066 2525 1119 Καὶ
2572 1067 2600 1117 6
2660 1067 2932 1138 μακάριος
2978 1068 3230 1138 Ἰωάννης
3264 1069 3323 1121 ὲν
3355 1071 3421 1139 τῇ
3451 1069 3759 1140 Ἐπιστολῇο

2189 1175 2209 1209 ι
2245 1156 2335 1210 Ἐν
2372 1156 2566 1227 τούτῳ,
2599 1160 2751 1229 φησὶ,
2790 1158 3130 1230 γινώσκομεν
3170 1162 3251 1213 ὅτι
3293 1162 3352 1213 ὲν
3385 1161 3533 1230 αύτῷ
3570 1162 3765 1232 μενοῦ-

2187 1266 2306 1321 μεν,
2338 1250 2431 1303 καὶ
2464 1249 2626 1313 αὐτὸς
2658 1252 2716 1303 ὲν
2747 1252 2897 1321 ἡμῖν,
2929 1252 3011 1305 ὅτι
3045 1254 3110 1305 ὲκ
3129 1252 3223 1305 τοῦ
3254 1252 3572 1321 Πνεύματος
3598 1251 3765 1305 αὐτοῦ

2182 1341 2412 1394 δέδωκεν
2447 1343 2598 1411 ἡμῖν.
2626 1361 2643 1393 ι
2689 1344 2763 1396 Τὸ
2790 1343 2845 1396 δὲ
2871 1346 2936 1397 ὲκ
2961 1343 3055 1397 τοῦ
3086 1344 3220 1398 Θεοῦ
3250 1344 3667 1415 κηρυττόμενον,
3698 1344 3764 1397 ού

2183 1434 2409 1503 κτίσμα,
2445 1433 2558 1486 ἀλλ’
2585 1436 2650 1488 ὲκ
2684 1434 2783 1505 τῆς
2811 1436 2961 1499 θείας
3005 1436 3190 1499 ούσίας
3234 1437 3510 1508 ὑπάρχον
3553 1435 3633 1489 διὸ
3668 1437 3768 1489 καὶ

2183 1525 2399 1579 αίὼνιον
2443 1528 2521 1589 είς
2547 1527 2721 1598 ἀρχὴν
2752 1528 2812 1581 τὸ
2842 1523 2979 1582 εἶναι
3023 1529 3096 1600 μὴ
3125 1527 3381 1599 εἰληφὼς,
3425 1530 3454 1584 6
3497 1530 3767 1601 μακάριος

2185 1618 2316 1670 αὐτὸ
2346 1618 2556 1683 Παῦλος
2586 1620 2853 1674 ἀποκαλεῖ
2871 1638 2883 1651 ε
2918 1640 2935 1673 ι
2961 1622 3023 1674 Ei
3047 1621 3156 1692 γὰρ
3179 1616 3339 1690 αἷμα,
3374 1622 3526 1693 φησὶ,
3549 1621 3767 1691 τράγων

2185 1711 2281 1764 καὶ
2312 1712 2549 1786 ταύρων,
2586 1717 2679 1783 καὶ
2707 1717 2902 1781 σποδὸς
2945 1718 3233 1789 δαμάλεως
3269 1718 3595 1790 ῥαντίζουσα
3636 1721 3766 1781 τοὺς

2186 1803 2619 1873 κεκοινωμένους
2662 1808 2876 1874 ἁγιάζει
2928 1809 3063 1879 πρὸς
3113 1809 3427 1880 τελειότητα
3466 1809 3566 1880 (5),
3614 1810 3768 1879 πόσῳ

2191 1893 2391 1962 μᾶλλον
2432 1895 2493 1948 τὸ
2527 1892 2666 1966 αἷμα
2714 1900 2969 1970 Χριστοῦ,
3009 1901 3069 1965 ὃς
3108 1901 3197 1954 διὰ
3247 1901 3560 1971 Πνεύματος
3609 1902 3765 1969 ἁγίου

2189 1982 2381 2035 ἑαυτὸν
2440 1988 2815 2058 προσήνεγκεν
2845 2004 2860 2053 ;
2892 2008 2910 2040 ι
2981 1990 3043 2042 Ei
3091 1990 3269 2043 τοίνυν
3327 1990 3387 2043 τὸ
3430 1990 3648 2060 Πνεῦμα
3702 1989 3769 2044 τὸ

2189 2072 2345 2139 ἅγιον
2390 2074 2629 2144 αίώνιον,
2688 2077 2782 2130 καὶ⁵
2813 2081 2841 2131 6
2874 2079 3005 2143 Θεὸς
3045 2080 3283 2145 αἰώνιος,
3330 2081 3488 2150 δῆλον
3536 2081 3596 2133 τὸ
3640 2098 3769 2134 συνο

2189 2164 2475 2234 αγόμενον’
2509 2168 2644 2221 ἀλλὰ
2681 2171 2860 2234 πάσας
2890 2171 2989 2241 μὲν
3020 2172 3118 2233 τὰς
3146 2174 3273 2244 περὶ
3303 2172 3396 2226 τοῦ
3422 2173 3575 2239 ἁγίου
3601 2173 3771 2226 Ilvati-

2194 2271 2362 2324 ματος
2409 2261 2736 2331 μαρτυρίας,
2784 2264 2881 2326 τὰς
2924 2265 3018 2317 καὶ
3068 2265 3200 2318 Θεὸν
3248 2265 3379 2319 αὐτὸ
3427 2268 3521 2320 καὶ
3566 2266 3770 2337 Κύριον

2192 2347 2590 2416 κηρυττούσας,
2640 2352 2733 2403 καὶ
2794 2352 2968 2424 Πατρὶ
3018 2356 3111 2407 καὶ
3168 2356 3281 2427 Υίῴ
3342 2358 3769 2426 συντεταγμένον

2191 2437 2477 2505 λεγούσας,
2528 2443 2804 2512 συλλέγειν
2845 2450 2958 2509 τοῖς
3005 2448 3311 2518 φιλοπόνοις
3345 2450 3766 2522 καταλίπωμεν

2195 2528 2355 2597 ἡμεῖς
2383 2530 2439 2583 δὲ
2471 2532 2562 2584 ἐπὶ
2592 2534 2650 2583 τὸ
2684 2534 2836 2599 τέλος
2878 2538 3227 2610 ἐπειγώμεθα
3258 2540 3357 2611 τῆς
3404 2543 3771 2615 προκειμένης

2192 2619 2558 2686 διδασκαλίας.

2371 2717 2504 2772 KH'.
2567 2719 3113 2790 Ἀνακεεραλαίωσις
3155 2724 3265 2793 τῆς
3314 2726 3590 2795 πίστεως.

2267 2827 2457 2882 Τοίνυν
2488 2830 2618 2900 μίαν
2638 2832 2739 2903 τῆς
2786 2833 3012 2906 Τριάδος
3040 2839 3138 2909 τὴν
3170 2839 3330 2909 φύσιν
3352 2839 3490 2897 εἶναι
3520 2845 3769 2899 πιστεύο-

2198 2934 2318 2987 μεν,
2352 2920 2482 2990 μίαν
2509 2923 2700 2978 οὐσίαν
2729 2926 2786 2978 ὲν
2822 2927 3000 2997 τρισὶν
3050 2931 3306 3003 ἰδιότησιν
3342 2934 3767 3008 γνωριζομένην,

2194 3009 2292 3081 τὴν
2343 3011 2592 3078 ἐξουσίαν
2624 3015 2939 3086 ἀμέριστον,
2986 3020 3084 3091 τὴν
3128 3021 3405 3092 βασιλείαν
3445 3027 3766 3099 ἀδιαίρετον,

517 3102 774 3183 deitatem
808 3141 871 3180 ac
920 3122 1366 3179 dominationem.
1416 3123 1513 3179 Sic
1549 3123 1693 3177 enim
1720 3131 1774 3174 et
1815 3122 1998 3177 unitas
2039 3122 2091 3176 in

2200 3102 2327 3170 μίαν
2354 3104 2586 3175 θεότητά
2606 3123 2665 3160 τε
2701 3110 2795 3163 καὶ
2824 3113 3139 3184 κυριότητα.
3176 3116 3333 3170 Ούτω
3362 3119 3467 3190 γὰρ
3494 3121 3587 3173 καὶ
3604 3125 3770 3192 μονάς

521 3236 625 3275 una
656 3222 954 3283 eademque
994 3218 1299 3271 substantia
1330 3218 1761 3278 demonstratur,
1794 3224 1849 3269 et
1881 3215 2091 3269 trinitas

2197 3196 2254 3248 ἐν
2285 3195 2362 3267 τῷ
2389 3199 2571 3270 ταύτῷ
2601 3200 2702 3269 τῆς
2743 3201 2930 3266 οὐσίας
2966 3204 3262 3275 δείκνυται,
3294 3210 3388 3263 καὶ
3414 3214 3447 3282 η
3478 3191 3645 3284 Τριάς
3670 3215 3771 3268 ούκ

521 3334 625 3373 non
658 3317 710 3371 in
744 3317 901 3370 nudis
941 3313 1268 3375 nominibus,
1303 3309 1397 3364 sed
1428 3310 1480 3362 in
1521 3307 1900 3377 bypostasibus
1926 3320 2093 3374 agno-

520 3412 710 3465 scitur.
767 3407 883 3462 Non
916 3407 1058 3460 enim
1099 3419 1197 3457 nos
1242 3402 1474 3455 dicimus
1520 3414 1682 3452 unum
1728 3399 2053 3467 trionyinuni
2080 3433 2095 3459 ,

521 3499 675 3567 juxta
727 3493 971 3556 Sabellii,
1013 3490 1229 3545 Photini
1269 3503 1333 3542 ac
1380 3487 1616 3541 Marcelli
1661 3486 2096 3539 contractionem

520 3597 575 3643 et
608 3586 999 3642 confusionem.
1051 3581 1239 3650 Neque
1268 3582 1397 3634 item
1440 3580 1542 3632 tria
1576 3578 1807 3633 invicem
1839 3588 2100 3632 extranea

522 3688 578 3732 et
606 3678 815 3732 diversa
852 3675 1156 3729 substantia
1185 3672 1409 3741 praedita
1430 3708 1447 3734 ,
1488 3671 1797 3740 ina-qualia,
1848 3685 1911 3724 ac
1939 3671 2101 3725 dissi-

527 3770 697 3834 milia,
730 3777 784 3822 et
816 3767 960 3821 aliud
992 3767 1097 3819 alio
1137 3763 1390 3832 superius
1420 3763 1520 3833 (ﬂ),
1543 3778 1664 3831 quae
1694 3778 1793 3817 nos
1824 3774 2005 3818 mente
2035 3779 2100 3818 ac

526 3862 705 3931 linglta
735 3862 1024 3915 metiamur
1056 3871 1119 3912 ac
1154 3858 1519 3928 pOnderetnus
1542 3892 1558 3919 ,
1605 3854 1760 3923 juxta
1795 3856 1912 3910 Arii
1963 3857 2100 3909 divi-

526 3955 760 4019 sionem,
794 3950 1185 4015 diversitatem,
1221 3959 1274 4001 et
1301 3947 1519 4016 impiam
1557 3947 1927 4001 curiositatem
1958 3965 1971 4001 :
2003 3948 2099 4002 sed

526 4057 639 4102 tres
688 4047 1029 4117 hypostases,
1095 4056 1256 4094 unam
1305 4052 1484 4094 autem
1533 4038 1815 4093 Trinitatis
1851 4049 2098 4094 naturam

526 4142 904 4208 incorpoream
937 4175 953 4200 ,
1012 4130 1380 4187 invertibilem
1412 4173 1427 4197 ,
1483 4130 1874 4184 immutabilem
1909 4167 1926 4195 ,
1993 4129 2100 4183 [ine

526 4228 752 4300 708m
811 4235 1112 4286 carentem,
1160 4221 1542 4285 immortalem,
1593 4219 1879 4284 inﬁnitam,
1920 4219 2095 4273 incor-

528 4318 862 4389 ruptibilem,
896 4313 1427 4381 ineircumscriptam
1462 4349 1478 4374 ,
1526 4311 1873 4374 illimitatam,
1915 4311 2102 4366 invisi-

528 4412 714 4477 bilem,
743 4423 996 4464 arcanam
1027 4447 1044 4474 ,
1105 4404 1457 4468 inelfabilem,
1501 4402 1918 4457 inenarrabilem
1951 4442 1967 4469 ,
2018 4402 2101 4457 in-

526 4500 1075 4571 compreliensihilcm
1111 4534 1126 4561 ,
1168 4505 1313 4550 tactu
1391 4494 1666 4562 mentique
1744 4494 2097 4562 imperviam,

2198 3289 2255 3339 ὲν
2280 3288 2456 3357 ψιλοῖς
2484 3293 2596 3355 τοῖς
2619 3294 2867 3374 ὀνόμασι,
2894 3296 3007 3349 ἀλλ’
3036 3299 3094 3350 ὲν
3121 3302 3241 3363 ταῖς
3273 3301 3601 3358 ὑποστάσεσι
3634 3323 3771 3374 γνω-

2202 3380 2428 3450 ρίζεται.
2461 3384 2535 3436 Ού
2570 3383 2678 3455 γὰρ
2710 3384 2768 3439 ἓν
2794 3372 3021 3458 λέγομεν
3041 3389 3352 3462 τριώνυμον
3386 3394 3526 3448 κατά
3554 3372 3652 3464 τὴν
3677 3395 3770 3448 τοῦ

2199 3471 2488 3527 Σαϐελλίου
2519 3476 2615 3528 καὶ
2644 3478 2909 3531 Φωτεινοῦ
2967 3480 3063 3533 καὶ
3102 3482 3424 3554 Μαρκέλλου
3465 3487 3772 3559 συναίρεσίν

2197 3580 2258 3617 τε
2281 3565 2375 3619 καὶ
2405 3569 2668 3637 σύγχυσιν
2692 3585 2706 3599 σ
2756 3571 2817 3622 ού
2845 3572 2974 3642 τρία
2997 3572 3271 3642 ἀλλόφυλά
3302 3592 3362 3628 τε
3398 3578 3492 3630 καὶ
3529 3578 3773 3650 ἑτεροού-

2201 3674 2309 3717 σια.
2342 3657 2503 3712 άνισα
2548 3660 2644 3714 καὶ
2688 3662 2938 3731 ἀνόμοια,
2981 3663 3225 3736 ἀλλήλων
3268 3669 3660 3740 ὑπερκείμενα,
3702 3671 3776 3742 νῷ

2200 3750 2295 3802 καὶ
2356 3750 2569 3824 γλώττῃ
2628 3755 2975 3826 μετρούμενά
3035 3774 3094 3811 τε
3164 3759 3259 3813 καὶ
3315 3760 3773 3833 ταλαντευόμενα.

2200 3842 2343 3895 κατά
2378 3843 2474 3913 τὴν
2515 3844 2725 3916 Ἀρείου
2757 3848 3017 3918 διαίρεσίν
3054 3866 3113 3903 τε
3152 3852 3246 3904 καὶ⁵
3290 3851 3644 3925 ἀλλοτρίωσιν
3684 3857 3776 3909 καὶ

2198 3933 2435 4005 δυσσεϐῆ
2496 3937 3031 4011 πολυπραγμοσύνην
3057 3959 3071 3972 ο
3132 3942 3269 3997 ἀλλά
3321 3946 3471 4017 τρεῖς
3530 3945 3628 4016 μὲν
3677 3947 3776 4009 τὰς

2199 4024 2545 4092 ὑποστάσεις,
2582 4029 2711 4097 μίαν
2746 4029 2801 4082 δὲ
2831 4032 2927 4102 τῆς
2961 4033 3190 4103 Τριάδος
3220 4033 3316 4105 τὴν
3350 4034 3512 4103 φύσιν
3551 4037 3776 4107 ἀσώμαο

2199 4133 2311 4180 τον,
2344 4118 2633 4189 ἄτρεπτον,
2662 4119 3039 4187 ἀναλλοίωτον,
3069 4123 3445 4196 ἀτελεύτητον,
3488 4127 3771 4191 ἀθάνατον,

2201 4208 2465 4280 ἄπειρον,
2534 4210 2834 4281 ἄφθαρτον,
2876 4214 3311 4284 ἀπερίγραπτον,
3382 4217 3769 4287 ἀπερίληπτον,

2201 4303 2449 4373 ἀόρατον,
2484 4305 2688 4374 ἀσαφῆ,
2729 4306 2988 4378 ἄρρητον,
3030 4308 3327 4378 ἄφραστον,
3370 4310 3769 4381 ἀκατάληπτον,

2202 4395 2524 4462 ἀνέφικτον,
2575 4398 2966 4468 ἁπερινόητον,
3014 4399 3329 4469 αύτοζωὴν,
3384 4400 3501 4469 φῶς
3550 4403 3770 4472 νοερὸν,

2205 4487 2387 4557 πηγὴν
2429 4488 2669 4555 ἀγαθῶν,
2718 4487 2987 4561 θησαυρὸν
3036 4492 3247 4559 σοφίας,
3298 4492 3623 4562 δημιουργὸν
3664 4494 3772 4545 τῶν

523 4601 715 4659 suapte
738 4599 933 4643 natura
969 4587 1261 4645 viventem.
1290 4584 1465 4638 lucem
1498 4584 1938 4652 intellectualem,
1972 4584 2091 4639 [οη-

2202 4579 2358 4641 ΰλων,
2397 4579 2749 4650 κυϐερνῶσαν
2781 4582 2851 4635 τὰ
2903 4583 3100 4647 πάντα,
3155 4583 3347 4650 σοφίαν
3397 4583 3674 4638 ίθύνουσαν
3712 4585 3773 4635 τὸ

530 4690 636 4732 tem
672 4679 960 4740 honorum,
994 4674 1278 4744 sapientia:
1335 4675 1695 4739 thesaurum,
1747 4690 1927 4729 rerum
1973 4689 2093 4728 om-

526 4771 674 4823 nium
711 4768 1032 4822 creatricent
1067 4775 1120 4820 et
1142 4769 1602 4835 gubernatricem,
1627 4766 1950 4835 sapientiam
1979 4781 2097 4836 qua:

526 4860 919 4930 universerci
970 4869 1166 4913 creata:
1223 4860 1491 4928 navigium
1558 4859 1763 4929 dirigit.
1810 4858 1959 4914 Hanc
2000 4874 2097 4915 nos

522 4958 682 5009 tidem
709 4962 985 5009 tenemus:
1016 4952 1155 5007 hanc
1171 4953 1315 5007 enim
1335 4968 1364 5006 a
1386 4952 1649 5022 theologis
1672 4953 1800 5006 viris
1827 4953 1968 5007 domi
1991 4953 2093 5006 l'ui-

524 5062 663 5103 nius.
687 5047 754 5100 Iis
777 5054 956 5099 autem
977 5046 1065 5114 qui
1084 5046 1325 5099 humano
1350 5045 1630 5098 ratiocinio
1651 5043 1946 5114 disputant,
1968 5045 2093 5099 dici-

2202 4671 2301 4741 τῆς
2331 4671 2558 4735 κτίσεως
2584 4672 2813 4743 σκάφος.
2849 4673 3066 4743 Ταύτην
3091 4674 3189 4745 τὴν
3226 4676 3409 4729 πίστιν
3434 4677 3729 4747 κατέχομεν
3756 4693 3768 4705 ·

2204 4764 2406 4836 ταύτην
2428 4766 2533 4837 γὰρ
2566 4767 2715 4837 παρά
2738 4765 2847 4819 τῶν
2875 4766 3140 4836 θεολόγων
3163 4769 3371 4840 ἀνδρῶν
3398 4769 3769 4839 ἐδιδάχθημεν.

2204 4856 2349 4928 Πρὸς
2389 4857 2444 4910 δὲ
2488 4860 2614 4922 τοὺς
2656 4854 2766 4912 ἀπὸ
2798 4858 3174 4930 συλλογισμῶν
3212 4860 3622 4932 διαλεγομένους
3675 4861 3770 4927 (ι),

2201 4953 2464 5023 εἴπωμεν·
2507 4950 2719 5021 Ἐκείνη
2779 4968 2873 5004 σου
2923 4953 2956 5022 ἡ
3002 4954 3177 5023 μερὶς,
3227 4954 3435 5018 ἐκεῖνος
3479 4957 3508 5007 6
3552 4954 3767 5024 κλῆρος,

2199 5043 2356 5115 ἡμῶν
2387 5043 2443 5096 δὲ
2472 5043 2629 5114 μερὶς
2671 5043 2894 5116 Κύριος,
2924 5037 2968 5112 ᾧ
2996 5043 3435 5110 ἀκολουθοῦντες,
3484 5045 3580 5117 τὴν
3608 5046 3771 5116 ὀρθὴν

571 5250 588 5283 ν.
615 5233 635 5262 ¹
666 5232 683 5285 Ι
718 5233 860 5286 Petr.
896 5247 966 5295 iv,
998 5232 1083 5284 14.
1154 5227 1201 5260 ⁸³
1231 5228 1246 5282 I
1275 5226 1433 5281 Joan.
1471 5243 1543 5292 tv,
1580 5227 1665 5281 l5.
1734 5225 2072 5297 “Hebrum,
2102 5228 2186 5295 l5,
2217 5228 2301 5282 Η.

591 5416 668 5485 (l)
709 5404 906 5468 Mirum
935 5422 1038 5476 est,
1074 5411 1217 5485 quod
1261 5409 1392 5462 illud
1430 5409 1590 5485 etiam
1621 5407 1823 5485 editum
1855 5409 1956 5462 sub
1984 5409 2085 5485 Cy:

520 5480 622 5540 rill'i
652 5480 832 5548 'ialso,
865 5493 923 5537 ut
962 5480 1105 5536 mox’
1140 5484 1400 5542 dicemus,
1429 5481 1668 5543 nomine,
1698 5480 1970 5533 diversum
2021 5480 2083 5534 aL

518 5558 620 5615 hoc
650 5565 853 5616 nostro,
888 5552 1203 5622 opusculum
1237 5549 1313 5603 De
1348 5548 1629 5611 Trinitate,
1659 5559 1935 5618 postremo
1974 5549 2089 5622 An-

516 5626 741 5679 bertina:
788 5621 1039 5678 editionis
1081 5632 1248 5684 tonio,
1283 5623 1336 5673 in
1378 5621 1607 5685 capitula
1659 5634 1852 5684 xxvm,
1892 5621 2085 5673 tribui-

517 5707 626 5750 tur.

2196 5422 2331 5466 state
2370 5412 2609 5475 adunati,
2641 5420 2687 5465 et
2720 5427 2856 5465 unus
2890 5409 3047 5467 Deus.

2269 5486 2344 5555 (5)
2388 5483 2567 5555 lt;_t_est
2591 5474 2730 5551 apud
2750 5482 3045 5555 Cyrillum;
3075 5493 3380 5555 quanquam
3405 5477 3565 5555 etiam
3596 5474 3763 5555 codex

2194 5545 2422 5609 biblicus
2443 5545 2729 5607 Vaticanus
2749 5545 2836 5605 ille
2855 5551 2994 5604 πάνυ
3015 5545 3207 5605 habeat
3230 5545 3350 5603 cum
3375 5546 3613 5601 caeteris:
3636 5545 3768 5613 πρὸς

2191 5626 2292 5695 τὴν
2326 5627 2391 5694 τῆ

2402 5642 2424 5685 ς
2463 5623 2664 5692 σαρκὸς
2702 5623 3067 5692 καθαρότητα.

2265 5696 2342 5765 (4)
2381 5684 2479 5748 Ilic
2510 5684 2793 5762 perspicue
2839 5684 3224 5746 rationalitatis
3264 5690 3506 5741 humana-
3544 5684 3766 5737 abusum

588 5765 664 5833 (2)
705 5762 1032 5833 Augustinus
1070 5775 1235 5815 serm.
1266 5758 1390 5837 264,
1418 5758 1492 5837 7_:_
1516 5756 1685 5837 .Paier
1720 5768 1768 5837 et
1814 5755 1989 5837 Filius
2019 5771 2083 5837 et
2191 5755 2425 5837 Cyrillns
2453 5755 2741 5835 vituperat.

516 5829 747 5904 Spiritus
780 5829 991 5886 {auctus
1020 5847 1120 5885 non
1151 5832 1396 5900 gradibus
1426 5829 1525 5880 sibi
1553 5830 1767 5896 uzljeui,
1794 5831 1882 5881 sed
1919 5832 2083 5897 maje-
