4122 6554
497 404 629 460 1191

567 516 622 568 1⁵1.
662 509 914 567 Omnino.

565 608 627 660 Α.
669 603 796 656 Mihi
828 610 978 654 certe
1004 599 1217 653 videtur
1241 603 1496 652 accurata
1525 594 1848 664 probatione
1875 605 2077 660 nequa-

491 711 651 765 quam
683 695 947 749 caruisse.
977 690 1058 746 Tu
1093 699 1270 743 autem
1305 687 1432 758 quid
1464 703 1678 750 censes,
1713 683 1977 739 llermia?

563 871 624 925 Β.
666 868 928 938 Equidem
967 881 1072 918 non
1113 879 1331 934 possum
1369 876 1478 916 non
1515 859 1737 913 laudare
1772 873 1894 927 quae
1933 865 2082 911 recte

491 970 545 1012 el
575 959 738 1026 polite
767 959 865 1009 abs
898 965 950 1009 te
982 955 1122 1008 dicta
1157 964 1303 1005 sunt.

564 1051 630 1103 A.
672 1049 924 1102 Placetne
970 1046 1134 1115 igitur
1179 1055 1261 1108 ut,
1305 1043 1506 1096 omissa
1538 1039 1779 1107 longiore
1819 1037 1964 1091 illius
2004 1035 2082 1089 rei

495 1142 853 1200 tractatione,
889 1140 954 1192 de
991 1138 1056 1189 iis
1088 1150 1206 1204 qna:
1243 1137 1309 1187 ad
1344 1131 1771 1187 incarnationem
1807 1127 2082 1198 Unigeniti

494 1231 772 1300 pertinent
799 1231 1078 1289 dicamus,
1112 1224 1334 1293 ejusque
1361 1224 1679 1292 mysterium
1709 1235 1868 1288 quam
1897 1233 2086 1288 possu-

495 1338 616 1377 mus
649 1318 1094 1375 manifestissime
1127 1317 1483 1382 explicemus,
1517 1324 1785 1382 quatenus
1820 1313 1870 1364 id
1910 1312 1976 1364 ab
2015 1310 2082 1364 iis

495 1413 740 1484 praestari
771 1419 946 1480 potest
972 1409 1062 1478 qni
1097 1409 1148 1461 in
1181 1407 1401 1475 speculo
1427 1415 1482 1459 et
1509 1405 1800 1473 mttigtttate
1829 1410 2084 1465 cernunt,

495 1515 657 1572 atque
703 1517 768 1555 ex
812 1510 964 1569 parte
1009 1507 1213 1550 tantum
1264 1493 1630 1564 intelligunt‘,
1665 1492 1819 1558 juxta
1865 1505 2085 1544 mensu-

497 1611 610 1648 ram
655 1593 779 1647 doni
824 1589 966 1658 quod
1018 1588 1257 1657 Spiritus
1300 1597 1522 1640 sanctus
1569 1585 1798 1655 largitus
1839 1593 1921 1637 est
1946 1583 1988 1646 ²,
2031 1589 2089 1634 ut

495 1689 712 1741 divinus
745 1684 945 1738 Paulus
983 1679 1260 1749 loquitur?

567 1777 627 1830 Β.
669 1776 885 1845 Optime
929 1774 1086 1827 dicis.
1143 1790 1161 1822 ι
1213 1769 1383 1824 Nemo
1424 1768 1570 1824 enim
1618 1766 1780 1833 dicit,
1827 1764 2089 1820 Dominus

1563 391 1620 447 S.
1661 387 1934 444 CVRILLI
1973 385 2444 442 ALEXANDRINI
2485 383 2804 440 ARCHIEP.

2104 503 2151 558 Α
2251 499 2308 552 B.
2345 499 2453 552 και
2489 497 2655 567 μάλα.

3629 382 3776 439 1192

2253 590 2317 639 Α.
2349 587 2593 640 Βασάνου
2645 585 2703 638 δὲ
2749 579 2902 654 οἶμαι
2962 582 3167 652 λεπτῆς
3203 583 3451 655 ἀμοιρεῖν
3487 582 3605 637 οὔτι
3658 601 3772 637 που

2184 680 2325 731 κατά
2363 696 2426 746 γε
2482 679 2542 731 τὸ
2572 677 2720 748 αύτῷ
2753 694 2842 748 μοι
2871 674 3096 730 δοκοῦν·
3134 675 3198 728 σὺ
3249 674 3306 728 δὲ
3351 674 3414 745 δη
3460 675 3513 727 τί
3551 676 3691 746 φὴς,
3723 671 3776 729 ὦ

2196 769 2424 839 Ἑρμεία
2449 787 2462 835 ;

2255 861 2314 913 Β.
2355 859 2732 928 Ἐπαινέσαιμ⁹
2764 856 2832 912 ἂν
2881 857 3109 920 εἰκότως
3150 855 3328 929 ὀρθῶς
3372 856 3563 927 ἔχοντά
3584 874 3641 911 τε
3674 858 3775 910 καὶ⁵

2183 951 2670 1022 διεσμιλευμένως.

2257 1045 2320 1100 Δ.
2345 1042 2594 1095 Μεθέντα
2625 1042 2688 1112 δὴ
2711 1036 2805 1094 οὖν
2854 1041 3093 1094 τουτοισὶ
3147 1039 3428 1110 διαμέλειν
3455 1039 3556 1104 ἔτι,
3587 1039 3776 1108 βούλει

2184 1133 2363 1201 λέγειν
2388 1133 2456 1185 τὰ
2485 1131 2732 1202 περὶτῆς
2763 1131 3233 1203 ὲνανθρωπήσεως
3266 1129 3360 1182 τοῦ
3395 1129 3772 1198 Μονογενοῦς;

2187 1225 2282 1278 καὶ
2309 1226 2335 1278 ὅ
2367 1223 2418 1275 τί
2446 1222 2579 1275 ποτέ
2611 1223 2731 1274 ἐστι
2757 1221 2818 1274 τὸ
2843 1223 2927 1274 ἐπ’
2961 1222 3098 1292 αὐτῇ
3133 1223 3450 1292 μυστήριον,
3478 1220 3778 1292 διαρθροῦν

2185 1316 2268 1368 ὅτι
2298 1314 2535 1385 μάλιστα
2557 1312 2852 1383 πειρᾶσθαι
2874 1312 3085 1383 σαφῶς.
3115 1314 3258 1366 κατά
3282 1329 3346 1381 γε
3371 1311 3431 1365 τὸ
3467 1312 3773 1383 ἐγχωροῦν,

2185 1408 2299 1469 τοῖς
2329 1408 2387 1458 ὲν
2426 1405 2674 1474 ἐσόπτρῳ
2707 1404 2804 1457 καὶ
2833 1405 3118 1474 αἰνίγματι
3151 1403 3432 1473 βλέπουσι,
3465 1405 3556 1456 καὶ
3581 1403 3779 1474 ἐπεμέ-

2192 1513 2318 1568 ρους
2358 1495 2728 1564 γινώσκουσι,
2776 1495 2920 1548 κατὰ.
2947 1496 3008 1547 τὸ
3035 1495 3238 1566 μέτρον
3284 1494 3384 1565 τῆς
3430 1495 3636 1564 δωρεᾶς
3670 1493 3778 1563 τῆς

2189 1587 2548 1657 ἐπιχορηγίας
2584 1585 2677 1638 τοῦ
2714 1585 3052 1656 Πνεῦματος,
3101 1585 3246 1639 καθὰ
3295 1586 3391 1638 καὶ
3423 1587 3451 1638 ὁ
3487 1584 3777 1648 θεσπέσιος

2188 1678 2389 1749 γράφει
2418 1677 2628 1740 Παῦλος
2646 1694 2660 1743 ;

2261 1769 2322 1821 Β.
2360 1768 2594 1839 Ἀριστα
2623 1769 2756 1839 ἔφης
2775 1786 2788 1800 ·
2813 1785 2833 1820 ι
2859 1768 3046 1832 Οὐδεὶς
3073 1768 3184 1839 γὰρ
3212 1767 3383 1835 λέγει,
3420 1768 3624 1839 Κύριος
3664 1770 3775 1838 ’1η-

495 1869 673 1934 Jesus,
714 1869 812 1922 nisi
857 1867 910 1920 in
958 1865 1164 1934 Spiritu
1210 1874 1423 1928 sancto,
1463 1871 1516 1914 et
1563 1873 1720 1913 nemo
1764 1858 1913 1918 dicit,
1957 1871 2089 1909 aina-

2207 1860 2319 1923 ποῦς
2345 1899 2359 1922 ,
2396 1862 2444 1913 εί
2481 1863 2554 1931 μὴ
2595 1862 2651 1914 ὲν
2694 1860 2970 1932 Πνεύματι
3006 1861 3149 1929 ἁγίῳ
3173 1899 3187 1922 ,
3240 1861 3334 1914 καὶ
3380 1861 3556 1924 οὐδεὶς
3601 1860 3772 1928 λέγει,

496 1963 677 2016 thema
710 1957 902 2019 Jesus,
947 1955 1048 2010 nisi
1093 1955 1145 2008 in
1183 1949 1537 2005 Beelzebul'.
1589 1967 1607 1999 ι
1652 1947 1921 2002 Caeterum
1963 1959 2088 1998 cum

499 2053 641 2108 hanc
683 2050 845 2104 etiam
891 2062 1112 2101 arenam
1157 2043 1364 2114 ingredi
1411 2041 1645 2110 placeat,
1683 2039 1927 2106 adeoque
1968 2051 2092 2105 gra-

479 2141 620 2198 ‘vem
658 2142 895 2195 laborem
933 2137 1150 2203 subire;
1192 2135 1330 2190 scito
1381 2144 1434 2187 te
1489 2132 1618 2186 mihi
1663 2146 1772 2200 pra:
1817 2129 1938 2182 aliis
1974 2142 2089 2181 ma-

501 2250 659 2304 gnam
692 2233 982 2286 utilitatem
1011 2228 1321 2281 allaturum.
1348 2221 1732 2278 Libentissime
1757 2220 1900 2274 enim
1932 2218 2093 2273 intel-

501 2326 724 2380 lexerim
759 2337 944 2376 verum
976 2336 1040 2374 ac
1070 2320 1369 2378 sincerum,
1406 2313 1648 2381 nullique
1683 2309 2091 2380 reprehensioni

502 2415 794 2470 obnoxium
819 2413 886 2467 de
903 2410 1124 2465 Christo
1155 2422 1484 2463 sermonem.
1511 2403 1762 2458 Nonnulli
1794 2401 1964 2467 enim,
1997 2415 2093 2453 va-

507 2508 604 2562 riis
629 2504 976 2574 opinionibus
1001 2500 1162 2566 ebrii,
1188 2497 1499 2552 deformem
1525 2508 1712 2549 eorum
1740 2507 1860 2562 quae
1884 2492 1951 2545 de
1979 2491 2094 2558 ipso

508 2610 615 2652 tam
653 2598 704 2650 in
747 2595 896 2649 Novo
931 2608 1091 2662 quam
1128 2589 1311 2645 Veteri
1345 2586 1699 2642 Testamento
1725 2584 1919 2638 tradita
1945 2591 2092 2646 sunt,

511 2687 994 2760 pulchritudinem.

576 2870 640 2923 Α.
684 2867 826 2922 Nihil
869 2861 1357 2931 est,amice,q-uod
1405 2874 1510 2914 non
1552 2860 1789 2913 audeant
1833 2858 2094 2927 imperiti,

511 2961 1024 3034 promptissimeque
1055 2965 1219 3011 ruunt
1249 2955 1302 3008 in
1335 2953 1588 3024 laqueum
1620 2950 1839 3017 inferni,
1873 2963 1933 3004 ut
1961 2952 2098 3005 scri-

512 3064 658 3126 ptum
693 3055 840 3118 est‘,
873 3062 925 3105 et
959 3051 1012 3103 in
1047 3057 1162 3103 rete
1193 3046 1410 3109 mortis,
1445 3058 1551 3099 non
1586 3044 1948 3113 intelligentes
1980 3059 2099 3113 quae

511 3146 698 3200 dicunt
733 3154 893 3210 atque
929 3137 1222 3193 aﬂirtnant.
1255 3136 1488 3202 Quinam
1525 3149 1651 3186 vero
1689 3133 1828 3186 inter
1860 3147 1955 3187 eos
1989 3133 2097 3186 sint

2206 1950 2484 2020 Ἀνάθεμα
2527 1950 2756 2021 Ἰησοῦς,
2813 1953 2862 2003 εί
2920 1950 2995 2020 μὴ
3040 1951 3098 2003 ὲν
3132 1950 3478 2014 Βεελζεϐούλ.
3535 1970 3552 2001 ›
3607 1952 3777 2022 Ἀτὰρ

2191 2041 2378 2114 ἐπειδὴ
2405 2060 2483 2096 τοι
2508 2043 2604 2097 καὶ
2635 2043 2733 2113 τῆς
2767 2044 2860 2096 ἐπὶ
2890 2043 3064 2113 τούτῳ
3089 2043 3288 2106 κόνεως
3329 2043 3569 2112 ἅψασθαι
3605 2043 3776 2108 δοκεῖ,

2190 2133 2282 2186 καὶ
2310 2134 2400 2187 τὸν
2425 2134 2571 2186 οὕτω
2601 2133 2908 2207 καταϐριθῆ
2951 2136 3041 2187 καὶ
3061 2134 3341 2188 δύσοιστον
3367 2136 3659 2204 ἀνατλῆναι
3680 2136 3779 2189 πό-

2191 2240 2300 2285 νον,
2331 2223 2542 2292 ὀνήσων
2574 2223 2682 2277 ῐσθι
2713 2241 2797 2277 τοι
2829 2225 2924 2277 καὶ
2951 2225 3054 2294 πρό
3081 2241 3145 2292 γε
3177 2225 3284 2277 τῶν
3305 2225 3481 2279 ἄλλων
3507 2227 3626 2296 ἐμέ.
3650 2228 3780 2280 Δια-

2193 2311 2465 2382 πυθοίμην
2498 2311 2608 2383 γὰρ
2635 2311 2700 2366 ἂν
2739 2312 2933 2383 ἥδιστά
2961 2331 3023 2382 γε
3053 2313 3146 2368 τὸν
3178 2314 3385 2385 ἀτρεκῆ
3417 2332 3476 2368 τε
3511 2315 3606 2370 καὶ
3647 2317 3782 2369 ἀκι-

2194 2402 2483 2472 δδήλευτον
2513 2443 2528 2463 .
2583 2405 2677 2456 καὶ
2727 2405 2946 2473 ἁπάσης
2986 2405 3170 2468 αἰτίας
3219 2405 3641 2477 ἀπηλλαγμένον
3683 2408 3782 2458 ἐπὶ

2194 2492 2416 2564 Χριστῷ
2457 2491 2637 2560 λόγον.
2684 2493 2975 2564 Διαφόροις
3015 2494 3126 2564 γὰρ
3156 2493 3336 2559 δόξαις
3375 2497 3782 2567 καταμεθύουσί

2193 2605 2361 2650 τινες,
2406 2588 2892 2658 παραπλάττοντες
2931 2590 3012 2652 είς
3053 2588 3113 2642 τὸ
3150 2590 3380 2654 ἀκαλλὲς
3407 2591 3476 2644 τὰ
3506 2592 3593 2644 ἐπ’
3631 2592 3784 2662 αὑτῷ

2195 2679 2711 2751 κεχρησμῳδημένα
2739 2679 2891 2751 παρά
2919 2697 2982 2744 γε
3004 2679 3104 2750 τῆς
3141 2680 3268 2744 νέας
3288 2681 3382 2736 καὶ
3419 2682 3782 2754 ἀρχαιοτέρας

2197 2772 2439 2844 Γραφῆς.

2268 2865 2332 2918 Α.
2377 2863 2821 2934 ’Λνεπιτήδευτον
2849 2863 2968 2934 μὲν,
2992 2857 3037 2916 ὧ
3069 2864 3314 2935 φιλότης,
3350 2868 3463 2928 τοῖς
3506 2866 3787 2931 ἁσυνέτοις

2197 2956 2374 3019 οὐδὲν,
2416 2957 2742 3021 ἑτοιμότατα
2778 2955 2834 3008 δὲ
2871 2956 3355 3027 καταθρώσκουσιν
3397 2961 3480 3021 εἰς
3515 2960 3789 3031 πέταυρον

2201 3047 2349 3118 ᾅδου,
2377 3047 2518 3100 κατὰ
2557 3048 2616 3100 τὸ
2649 3048 3168 3121 γεγραμμένον,καὶ
3194 3050 3273 3112 εἰς
3301 3051 3502 3118 παγίδα
3531 3049 3786 3117 θανάτου,

2211 3138 2285 3210 μὴ
2325 3138 2594 3202 νοοῦντες,
2631 3140 2770 3209 μήτε
2818 3138 2855 3192 ὃ.
2894 3140 3136 3209 λέγουσι,
3162 3143 3301 3212 μήτε
3330 3142 3459 3215 περὶ
3487 3143 3646 3196 τίνων
3671 3144 3792 3197 δια-

512 3237 774 3299 celebres,
801 3244 854 3288 et
879 3230 1128 3302 egregias
1159 3242 1347 3282 eorum
1380 3241 1549 3295 nugas
1581 3239 1826 3290 recense,
1853 3226 2100 3280 obsecro.

2210 3200 2574 3285 ῦεὲαιοῦνται.
2615 3200 2773 3294 Ῠίνες
2795 3232 2840 3284 δ’
2875 3233 2940 3286 ἂν
2968 3200 3089 3286 εἷεν
3214 3200 3343 3304 παρ’
3381 3200 3597 3305 ἑκάστῳ
3623 3236 3790 3308 θρύλ-

587 3418 646 3472 Β.
681 3414 883 3471 Placet.
926 3411 1028 3465 Alii
1076 3409 1220 3463 enim
1256 3405 1373 3462 ausi
1409 3413 1538 3461 sunt
1580 3417 1828 3460 asserere
1861 3403 2100 3459 Verbum

517 3513 733 3584 quidem
765 3507 856 3561 Dei
904 3503 1223 3574 apparuisse
1269 3499 1568 3559 hominem,
1599 3497 1690 3550 sed
1724 3513 1827 3549 non
1861 3506 2104 3566 gestasse

517 3615 735 3658 carnem
762 3613 826 3652 ex
857 3593 1095 3664 Virgine.
1118 3591 1298 3646 Solam
1327 3590 1471 3646 enim
1502 3587 1878 3657 imaginariam
1905 3596 2107 3655 myste-

519 3697 585 3751 rii
620 3691 988 3764 apparentiam
1018 3687 1358 3758 contingunt.
1394 3683 1501 3736 Alii
1538 3680 1861 3736 simulantes
1893 3680 2096 3747 pudere

521 3788 668 3857 ipsos
697 3786 740 3838 si
775 3781 1050 3837 hominem
1081 3780 1311 3830 adorare
1341 3774 1651 3834 videantur,
1678 3780 1732 3822 et
1757 3784 1976 3823 carnem
2003 3770 2110 3822 ter-'

524 3893 708 3934 renam
755 3875 949 3929 divinis
1003 3871 1298 3925 honoribus
1331 3868 1587 3922 decorare
1631 3872 1978 3928 recusantes,
2014 3877 2100 3927 ac,

525 3987 633 4041 pra:
651 3968 812 4023 nimia
832 3965 1019 4035 imperi
1029 3962 1307 4032 tia,spuria
1327 3958 1558 4028 quadam
1573 3966 1936 4025 corruptaque
1952 3969 2109 4010 vere-

521 4063 715 4118 cundia
735 4061 1063 4120 laborantes,
1085 4063 1352 4108 Inntatum
1375 4065 1496 4104 esse
1527 4049 1670 4103 aiunt
1685 4048 1852 4120 679
1876 4048 2106 4104 Verbum

523 4173 590 4210 ex
627 4153 789 4208 Patre
819 4152 1082 4221 genitum,
1126 4147 1178 4200 in
1223 4146 1451 4208 ossium,
1499 4157 1789 4197 nervorum
1830 4151 1885 4194 et
1926 4138 2110 4195 carnis

528 4256 814 4306 naturam;
854 4236 1222 4294 Emmanuelis
1258 4251 1326 4290 ex
1363 4231 1583 4302 Virgine
1613 4234 1946 4300 nativitatem
1993 4246 2110 4285 ma-

527 4338 646 4408 gnis
676 4333 960 4388 cachinnis
996 4330 1332 4397 excipientes
1364 4326 1572 4388 miseri,
1607 4335 1770 4394 atque
1799 4325 2110 4379 indecorem

528 4439 816 4483 censentes
857 4425 1116 4492 optimam
1170 4421 1306 4474 hanc
1352 4435 1414 4473 ac
1470 4419 1703 4472 divinam
1753 4417 2112 4486 dispensatio-

529 4535 673 4574 nem.
712 4518 812 4572 Alii
865 4517 1029 4570 etiam
1079 4524 1404 4568 comternum
1455 4511 1599 4565 Patri
1660 4511 1822 4564 Deum
1875 4509 2110 4563 Verbum

2154 3375 2159 3381 ,
2209 3322 2285 3377 λοι
2319 3324 2411 3377 καὶ
2451 3325 2517 3376 τὰ
2553 3323 2726 3395 σεμνὰ
2756 3322 3027 3395 μυθάρια,
3059 3327 3225 3396 φαίης
3252 3325 3338 3390 ἂν,
3371 3320 3415 3379 ὦ
3446 3331 3681 3394 γενναῖε.

2281 3415 2341 3469 Β.
2373 3416 2522 3469 Πάνυ
2553 3416 2650 3485 μὲν
2673 3410 2787 3469 οὖν.
2825 3416 2889 3468 Οἱ
2924 3417 3021 3487 μὲν
3050 3417 3175 3486 γὰρ,
3208 3419 3288 3471 ὅτι
3313 3417 3520 3489 πέφηνε
3557 3421 3656 3488 μὲν
3694 3421 3792 3474 ἄν·

2213 3505 2429 3576 θρωπος
2451 3508 2478 3557 ὁ
2511 3508 2575 3559 ὲκ
2605 3505 2740 3558 Θεοῦ
2776 3505 2948 3574 Λόγος
2970 3547 2985 3569 ,
3026 3509 3086 3560 οὺ
3132 3508 3242 3578 μὴν
3283 3509 3364 3562 ὅτι
3403 3509 3496 3562 καὶ
3521 3511 3792 3580 πεψὸρεκε

2212 3599 2311 3669 τὴν
2339 3601 2402 3651 ἐκ
2433 3599 2534 3668 τῆς
2579 3599 2856 3670 Παρθένου
2905 3600 3086 3670 σάρκα
3132 3600 3361 3654 διειπεῖν
3403 3601 3791 3672 τετολμήκασι.

2213 3689 2659 3758 Καταψεύδονται
2679 3689 2734 3743 δὲ
2764 3691 2932 3762 μόνην
2958 3691 3052 3744 τοῦ
3097 3692 3399 3764 μυστηρίου
3425 3693 3522 3758 τὴν
3549 3693 3794 3763 δόκησιν.

2215 3783 2433 3854 ’Ἐτεροι
2464 3783 2508 3835 δ’
2540 3777 2629 3847 αὖ,
2649 3783 3014 3856 κατερυθριᾷν
3039 3786 3404 3855 σκηπτόμενοι
3426 3785 3486 3838 τὸ
3500 3786 3676 3839 δοκεῖν
3704 3788 3796 3838 ἁν-

2215 3874 2421 3946 θρώπῳ
2454 3877 2779 3945 προσκυνεῖν
2811 3874 2909 3946 (1),
2941 3878 3035 3928 καὶ
3067 3877 3166 3946 τὴν
3207 3877 3314 3929 ἀπ’»
3345 3877 3449 3948 γῆς
3479 3878 3656 3948 σάρκα
3678 3881 3798 3942 ταῖς

2216 3967 2476 4020 ἀνωτάτω
2499 3966 2678 4031 δόξαις
2701 3967 3000 4036 στεφανοῦν
3026 3967 3474 4040 παραιτούμενοι,
3495 3969 3587 4023 καὶ
3612 3971 3676 4023 ὲκ
3699 3971 3796 4038 τῆς

2217 4056 2358 4124 ἄγαν
2391 4056 2631 4126 ἀμαθίας
2658 4099 2672 4123 ,
2717 4057 2876 4128 νόθην
2925 4058 3047 4111 τινὰ
3099 4059 3192 4111 καὶ
3221 4059 3683 4130 παρεφθαρμένην
3714 4077 3798 4112 νο-

2219 4148 2438 4210 σοῦντες
2469 4149 2776 4212 εὐλάϐειαν,
2804 4150 3256 4220 παρατετράφθαι
3289 4150 3425 4220 φασὶ
3458 4150 3550 4203 τὸν
3570 4152 3634 4204 ὲκ
3660 4149 3794 4203 Θεοῦ

2219 4238 2432 4308 Πατρδς
2466 4237 2638 4307 φύντα
2667 4239 2860 4307 Λόγον,
2896 4242 2974 4303 είς
3003 4239 3206 4293 ὀστέων
3234 4257 3292 4293 τε
3327 4241 3421 4293 καὶ
3462 4240 3667 4310 νεύρων
3702 4241 3795 4294 καὶ

2221 4330 2424 4400 σαρκὸς
2453 4327 2637 4398 φύσιν,
2663 4331 2759 4402 τὴν
2786 4333 2850 4385 ὲκ
2880 4330 3163 4404 Παρθένου
3187 4334 3442 4402 γέννησιν
3463 4332 3556 4385 τοῦ
3593 4333 3795 4402 Ἐμμα-

2219 4421 2401 4491 νουὴλ,
2451 4421 2626 4475 πλατὺ
2675 4421 2938 4490 γελῶντες
2967 4424 3016 4475 et
3036 4423 3284 4490 τάλανες,
3320 4425 3415 4477 καὶ
3458 4427 3517 4476 τὸ
3549 4423 3796 4493 ἀπρεπὲς

2221 4515 2672 4586 καταγράφοντες
2719 4516 2819 4586 τῆς
2851 4515 3025 4580 οὕτως
3055 4517 3286 4587 ἀρίστης
3332 4517 3426 4570 καὶ
3464 4515 3798 4588 θεοπρεποῦς

528 4630 651 4670 sero
685 4613 919 4682 genitum
951 4623 1072 4662 esse
1101 4606 1329 4659 credunt
1357 4623 1370 4658 :
1405 4621 1467 4660 ac
1501 4605 1584 4656 vix
1617 4615 1728 4656 tum
1762 4605 2020 4673 temporis
2045 4605 2101 4656 ad

2219 4609 2554 4677 οἰκονομίας.
2583 4609 2645 4660 Οἱ
2681 4607 2734 4660 δὲ
2783 4609 2878 4662 καὶ
2906 4609 3130 4681 ὁψιγενῆ
3168 4608 3245 4679 (‘2)
3277 4608 3368 4662 τὸν
3409 4609 3677 4663 συναῖδιον
3723 4608 3800 4677 τῷ

526 4721 646 4761 esse
681 4705 985 4757 traductum
1016 4697 1200 4761 fuisse,
1243 4712 1363 4749 cum
1420 4697 1594 4764 prima
1643 4705 1796 4748 ortus
1827 4696 1910 4749 sui
1957 4695 2112 4750 initia

2225 4697 2399 4768 [Ιατρὶ
2446 4697 2577 4750 Θεὸν
2617 4698 2789 4767 Λόγον
2829 4695 2970 4753 εἶναι
3008 4699 3446 4763 πεπιστεύκασι,
3487 4699 3579 4752 καὶ
3633 4699 3712 4761 εἰς
3742 4697 3802 4749 τὸ

603 4847 621 4878 ⁸
651 4844 670 4898 1
699 4841 828 4898 Cor.
853 4839 1074 4904 χιιι,12.
1149 4840 1169 4870 ²
1204 4837 1224 4892 1
1253 4836 1377 4892 Cor.
1405 4853 1502 4902 vu,
1534 4836 1584 4890 7.
1665 4836 1686 4868 ³
1719 4837 1736 4890 1
1764 4836 1887 4891 Cor.
1918 4851 2016 4901 xxi,
2046 4834 2101 4890 5.

2240 4835 2256 4889 1
2292 4836 2530 4891 Timoth.
2558 4855 2631 4904 Vl,
2672 4839 2724 4892 9.

1625 4992 1651 5015 ο
1765 4973 1921 5030 BON.
1966 4974 2293 5032 VULCANII
2337 4978 2568 5036 ΝΟΤίΕ.

608 5129 684 5202 (1)
719 5123 1089 5202 (ΞιιῙιιεέιειίτίἰ
1121 5133 1286 5202 atque
1314 5122 1540 5176 insania!
1565 5121 1831 5202 (ita_eni_m
1859 5135 1980 5202 eam
2006 5119 2112 5202 Cyf

532 5191 687 5255 rili‘ns
719 5191 836 5265 pag.
866 5195 969 5249 680
1007 5191 1733 5265 vocat)'auctoresappellat
1766 5191 2034 5265 Δοκητὰς,
2055 5191 2116 5246 et

533 5289 654 5340 pag.
685 5263 811 5328 θεοὶ,
838 5267 1084 5340 eamdem
1114 5265 1420 5340 opinionem
1451 5263 1568 5340 sive
1598 5264 1847 5340 haeresim
1878 5263 2116 5340 appellat

532 5331 800 5462 ινιιίἑοὶιὲξί
841 5339 912 5389 De
957 5331 1276 5389 Doceta’rum
1332 5334 1590 5403 opinione
1619 5335 1739 5388 vide
1773 5334 1925 5403 plura
1977 5331 2114 5386 infra

536 5429 659 5462 nail.
763 5416 814 5460 ί.

536 5429 659 5462 nail.
690 5412 814 5462 690.

538 5429 1045 5548 Ἧίζεέδωὸψιγενῆ.
1072 5475 1152 5548 _ld_
1193 5482 1276 5529 est
1307 5475 1564 5543 posterius
1591 5475 1844 5548 genitum.
1876 5473 2117 5528 Isidorus

511 5544 827 5606 'Peiusintes
855 5558 1013 5613 epist.
1035 5544 1119 5608 18,
1143 5546 1235 5598 lib.
1257 5560 1336 5606 Ill,
1359 5545 1818 5615 μεταγενέστερον
1857 5557 2036 5610 vocat,
2063 5554 2118 5599 et

533 5626 691 5676 docte
711 5618 868 5671 simul
892 5625 946 5668 et
975 5618 1210 5670 breviter
1233 5632 1416 5668 eorum
1437 5631 1526 5684 qm
1556 5618 1625 5667 ita
1648 5616 1887 5668 sentiunt
1904 5617 2117 5684 Opinio-

535 5707 660 5746 nem
681 5687 894 5746 refellit,
922 5686 1168 5756 inquiens
1192 5702 1206 5738 :
1229 5686 1294 5756 Et
1323 5686 1801 5756 μεταγενέστερος,
1827 5685 1902 5749 ὥς
1925 5702 2114 5755 φασιν,

535 5763 636 5813 οὐκ
659 5758 850 5822 ἀΐδιος,
867 5758 916 5809 ει
937 5756 980 5809 δ’
1001 5755 1188 5827 ἀΐδιος,
1215 5754 1516 5827 ὣςέφαμεν,
1543 5757 1603 5808 ού
1637 5754 1994 5827 μεταγενέστε
2006 5773 2116 5827 ρος.

540 5831 606 5884 Et
631 5829 788 5900 paulo
808 5838 925 5897 post
949 5826 1104 5882 :‘Eut
1131 5826 1230 5896 μὲν
1251 5825 1360 5896 γὰρ
1389 5825 1498 5879 τῶν
1523 5825 1864 5895 γενητῶν,το
1884 5825 2117 5895 πρόκαὶ

2213 5128 2387 5210 patri.
2419 5127 2598 5214 χώραν
2628 5127 2843 5214 ἐχέτωζ
2871 5127 3059 5212 causa
3095 5127 3434 5214 tﬁg‘afxfﬁ;
3460 5126 3554 5180 καὶ
3596 5126 3805 5214 βασὲλι-

2219 5201 2472 5268 κῳτάτης
2509 5199 2759 5267 Τριαδος,
2794 5197 2856 5268 τὸ
2886 5199 3102 5268 πρῶτον
3136 5199 3232 5252 καὶ
3257 5197 3533 5268 δεύτερον,
3560 5197 3662 5250 οὐκ
3689 5197 3804 5265 ἔχει

2220 5267 2560 5340 Χώρανοξξίαῖ
2595 5267 2831 5340 ἀριθμοῦ
2866 5267 2974 5340 γὰρ
3005 5270 3099 5323 καὶ
3143 5269 3351 5338 χρόνων
3383 5267 3627 5340 τδγΘεζον
3662 5268 3804 5318 ἀνώ-

2219 5337 2395 5408 τερον.
2431 5337 2540 5408 llnr,
2566 5337 2666 5399 est,
2711 5337 2768 5393 Si
2808 5354 2918 5406 post
2945 5337 3274 5406 'genilusest,
3311 5351 3361 5389 ut
3391 5339 3474 5390 iiii
3505 5339 3676 5398 aiunt,
3703 5354 3806 5388 non

2221 5406 2466 5462 (Plet'uux.
2503 5406 2558 5460 Si
2585 5418 2763 5461 autem
2793 5421 3042 5473 artantur,
3064 5421 3116 5460 ut
3148 5426 3238 5462 uos
3261 5409 3508 5470 dicimus,
3533 5425 3633 5459 non
3664 5419 3809 5474 pou-

2224 5483 2447 5547 genitus.
2472 5480 2526 5531 Et
2559 5481 2713 5547 paulo
2738 5491 2856 5547 post
2889 5497 2901 5532 :
2931 5479 2994 5532 lu
3022 5480 3209 5532 creatis
3247 5495 3407 5541 enim,
3429 5491 3565 5537 ante,
3594 5492 3640 5530 et
3671 5485 3807 5540 inst.

2226 5551 2398 5600 loriam
2431 5555 2658 5612 habent;
2700 5552 2752 5602 in
2797 5552 3090 5603 veneranda
3135 5565 3252 5602 vero
3307 5561 3354 5602 et
3398 5548 3634 5600 absolute
3665 5548 3810 5613 regia

2229 5619 2512 5678 Trinitale.
2559 5622 2786 5686 primunt
2829 5633 2874 5672 et
2925 5625 3207 5672 secundum
3259 5619 3432 5672 locum
3481 5634 3583 5671 non
3631 5619 3809 5668 liabet.

2229 5688 2368 5743 Deus
2391 5691 2528 5742 enim
2553 5702 2598 5742 et
2632 5707 2847 5742 numero
2887 5701 2935 5743 et
2969 5690 3284 5755 tenuioribus
3306 5699 3382 5742 est
3406 5689 3667 5756 superior.
3699 5686 3814 5740 llnc

2231 5760 2403 5830 ipsum
2445 5776 2571 5816 vero
2591 5759 2822 5814 allirmat
2850 5763 3016 5816 etiam
3047 5759 3204 5830 epist.
3230 5760 3300 5814 65
3318 5759 3558 5828 ejusdem
3593 5757 3738 5812 libri.
