  <div class='ocr_page' id='page_1' title='image "/cluster/home/n/w/nwhite01/storage/ocr_20150623/75/hvd.32044019207935/634.png"; bbox 0 0 4122 6562; ppageno 0'>
   <div class='ocr_carea' id='block_1_1' title="bbox 345 376 484 432">
    <p class='ocr_par' dir='ltr' id='par_1_1' title="bbox 345 376 484 432">
     <span class='ocr_line' id='line_1_1' title="bbox 345 376 484 432; baseline 0.022 -3"><span class='ocrx_word' id='word_1_1' title='bbox 345 376 484 432; x_wconf 77' lang='lat' dir='ltr'><strong>H95</strong></span> 
     </span>
    </p>
   </div>
   <div class='ocr_carea' id='block_1_2' title="bbox 1433 364 2475 427">
    <p class='ocr_par' dir='ltr' id='par_1_2' title="bbox 1433 364 2475 427">
     <span class='ocr_line' id='line_1_2' title="bbox 1433 364 2475 427; baseline -0.002 -2"><span class='ocrx_word' id='word_1_2' title='bbox 1433 371 1521 427; x_wconf 83' lang='lat' dir='ltr'><strong>DE</strong></span> <span class='ocrx_word' id='word_1_3' title='bbox 1558 364 2070 427; x_wconf 65' lang='lat' dir='ltr'><strong>tLVLARNATIONE</strong></span> <span class='ocrx_word' id='word_1_4' title='bbox 2112 368 2475 425; x_wconf 64' lang='lat' dir='ltr'><strong>UNlthNITl.</strong></span> 
     </span>
    </p>
   </div>
   <div class='ocr_carea' id='block_1_3' title="bbox 3435 374 3610 431">
    <p class='ocr_par' dir='ltr' id='par_1_3' title="bbox 3435 374 3610 431">
     <span class='ocr_line' id='line_1_3' title="bbox 3435 374 3610 431; baseline 0.034 -6"><span class='ocrx_word' id='word_1_5' title='bbox 3435 374 3610 431; x_wconf 65' lang='grc' dir='ltr'>ηιιθι</span> 
     </span>
    </p>
   </div>
   <div class='ocr_carea' id='block_1_4' title="bbox 347 478 1939 560">
    <p class='ocr_par' dir='ltr' id='par_1_4' title="bbox 347 478 1918 560">
     <span class='ocr_line' id='line_1_4' title="bbox 347 478 1918 560; baseline -0.001 -20"><span class='ocrx_word' id='word_1_6' title='bbox 347 488 503 560; x_wconf 85' lang='grc' dir='ltr'>μόλις</span> <span class='ocrx_word' id='word_1_7' title='bbox 537 484 777 557; x_wconf 79' lang='grc' dir='ltr'>ὑπάρξαι</span> <span class='ocrx_word' id='word_1_8' title='bbox 807 482 1192 555; x_wconf 79' lang='grc' dir='ltr'>διακεκλῆσθαι</span> <span class='ocrx_word' id='word_1_9' title='bbox 1224 481 1366 547; x_wconf 80' lang='grc' dir='ltr'>τότε,</span> <span class='ocrx_word' id='word_1_10' title='bbox 1393 483 1481 537; x_wconf 59' lang='grc' dir='ltr'><strong>ὅτε</strong></span> <span class='ocrx_word' id='word_1_11' title='bbox 1514 482 1609 536; x_wconf 70' lang='grc' dir='ltr'>καὶ</span> <span class='ocrx_word' id='word_1_12' title='bbox 1642 483 1744 552; x_wconf 74' lang='grc' dir='ltr'>τῆς</span> <span class='ocrx_word' id='word_1_13' title='bbox 1776 478 1918 538; x_wconf 79' lang='grc' dir='ltr'>κατὰ</span> 
     </span>
    </p>
   </div>
   <div class='ocr_carea' id='block_1_5' title="bbox 2041 478 3607 560">
    <p class='ocr_par' dir='ltr' id='par_1_5' title="bbox 2041 480 3607 556">
     <span class='ocr_line' id='line_1_5' title="bbox 2041 480 3607 556; baseline 0.004 -22"><span class='ocrx_word' id='word_1_14' title='bbox 2041 480 2315 537; x_wconf 70' lang='grc' dir='ltr'>ιοουηᾱοω</span> <span class='ocrx_word' id='word_1_15' title='bbox 2347 494 2566 537; x_wconf 86' lang='lat' dir='ltr'><strong>carnem</strong></span> <span class='ocrx_word' id='word_1_16' title='bbox 2593 488 2675 535; x_wconf 86' lang='lat' dir='ltr'><strong>est</strong></span> <span class='ocrx_word' id='word_1_17' title='bbox 2704 480 2979 551; x_wconf 83' lang='lat' dir='ltr'><strong>adeptum.</strong></span> <span class='ocrx_word' id='word_1_18' title='bbox 3009 482 3155 539; x_wconf 89' lang='lat' dir='ltr'><strong>Sunt</strong></span> <span class='ocrx_word' id='word_1_19' title='bbox 3179 492 3235 540; x_wconf 86' lang='lat' dir='ltr'><strong>et</strong></span> <span class='ocrx_word' id='word_1_20' title='bbox 3264 483 3356 539; x_wconf 88' lang='lat' dir='ltr'><strong>alii</strong></span> <span class='ocrx_word' id='word_1_21' title='bbox 3387 488 3478 556; x_wconf 89' lang='lat' dir='ltr'><strong>qui</strong></span> <span class='ocrx_word' id='word_1_22' title='bbox 3506 488 3607 542; x_wconf 76' lang='grc' dir='ltr'><strong>ἱιηο</strong></span> 
     </span>
    </p>
   </div>
   <div class='ocr_carea' id='block_1_6' title="bbox 348 571 1925 650">
    <p class='ocr_par' dir='ltr' id='par_1_6' title="bbox 348 571 1925 650">
     <span class='ocr_line' id='line_1_6' title="bbox 348 571 1925 650; baseline -0.006 -17"><span class='ocrx_word' id='word_1_23' title='bbox 348 579 532 650; x_wconf 80' lang='grc' dir='ltr'><strong>σάρκα</strong></span> <span class='ocrx_word' id='word_1_24' title='bbox 556 576 823 646; x_wconf 81' lang='grc' dir='ltr'>γενέσεως</span> <span class='ocrx_word' id='word_1_25' title='bbox 847 573 1010 644; x_wconf 73' lang='grc' dir='ltr'>ελαχι</span> <span class='ocrx_word' id='word_1_26' title='bbox 1029 573 1129 645; x_wconf 81' lang='grc' dir='ltr'>τὴν</span> <span class='ocrx_word' id='word_1_27' title='bbox 1152 574 1350 645; x_wconf 83' lang='grc' dir='ltr'>ἀρχήν.</span> <span class='ocrx_word' id='word_1_28' title='bbox 1370 572 1494 627; x_wconf 80' lang='grc' dir='ltr'>Εῐσι</span> <span class='ocrx_word' id='word_1_29' title='bbox 1517 571 1579 626; x_wconf 65' lang='grc' dir='ltr'>δὲ</span> <span class='ocrx_word' id='word_1_30' title='bbox 1596 574 1646 626; x_wconf 76' lang='grc' dir='ltr'>οἱ</span> <span class='ocrx_word' id='word_1_31' title='bbox 1671 572 1765 625; x_wconf 75' lang='grc' dir='ltr'>καὶ</span> <span class='ocrx_word' id='word_1_32' title='bbox 1790 572 1925 642; x_wconf 84' lang='grc' dir='ltr'>πρὸς</span> 
     </span>
    </p>
   </div>
   <div class='ocr_carea' id='block_1_7' title="bbox 344 659 1926 739">
    <p class='ocr_par' dir='ltr' id='par_1_7' title="bbox 344 659 1926 739">
     <span class='ocr_line' id='line_1_7' title="bbox 344 659 1926 739; baseline -0.007 -16"><span class='ocrx_word' id='word_1_33' title='bbox 344 669 507 723; x_wconf 77' lang='grc' dir='ltr'>τοῦτο</span> <span class='ocrx_word' id='word_1_34' title='bbox 540 666 739 739; x_wconf 75' lang='grc' dir='ltr'>μανίας</span> <span class='ocrx_word' id='word_1_35' title='bbox 764 663 1043 727; x_wconf 91' lang='grc' dir='ltr'>δυσσεϐῶς</span> <span class='ocrx_word' id='word_1_36' title='bbox 1082 662 1310 733; x_wconf 79' lang='grc' dir='ltr'>ῖγμένοι,</span> <span class='ocrx_word' id='word_1_37' title='bbox 1334 660 1474 715; x_wconf 88' lang='grc' dir='ltr'>ῶστε</span> <span class='ocrx_word' id='word_1_38' title='bbox 1496 660 1587 715; x_wconf 68' lang='grc' dir='ltr'><strong>καὶ</strong></span> <span class='ocrx_word' id='word_1_39' title='bbox 1620 659 1926 714; x_wconf 84' lang='grc' dir='ltr'>ἀνυπόστα-</span> 
     </span>
    </p>
   </div>
   <div class='ocr_carea' id='block_1_8' title="bbox 343 750 1926 827">
    <p class='ocr_par' dir='ltr' id='par_1_8' title="bbox 343 750 1926 827">
     <span class='ocr_line' id='line_1_8' title="bbox 343 750 1926 827; baseline -0.005 -14"><span class='ocrx_word' id='word_1_40' title='bbox 343 777 436 813; x_wconf 80' lang='grc' dir='ltr'><strong>τον</strong></span> <span class='ocrx_word' id='word_1_41' title='bbox 467 758 561 812; x_wconf 82' lang='grc' dir='ltr'>τὸν</span> <span class='ocrx_word' id='word_1_42' title='bbox 590 758 655 811; x_wconf 83' lang='grc' dir='ltr'>ὲκ</span> <span class='ocrx_word' id='word_1_43' title='bbox 686 754 825 811; x_wconf 88' lang='grc' dir='ltr'>Θεοῦ</span> <span class='ocrx_word' id='word_1_44' title='bbox 855 772 1020 825; x_wconf 86' lang='grc' dir='ltr'>φασιν</span> <span class='ocrx_word' id='word_1_45' title='bbox 1063 750 1203 809; x_wconf 75' lang='grc' dir='ltr'>εἶναι</span> <span class='ocrx_word' id='word_1_46' title='bbox 1234 754 1403 823; x_wconf 84' lang='grc' dir='ltr'>Λόγον</span> <span class='ocrx_word' id='word_1_47' title='bbox 1422 794 1438 821; x_wconf 92' lang='grc'><strong>,</strong></span> <span class='ocrx_word' id='word_1_48' title='bbox 1469 755 1618 827; x_wconf 76' lang='grc' dir='ltr'>ῥῆμα</span> <span class='ocrx_word' id='word_1_49' title='bbox 1655 755 1709 808; x_wconf 87' lang='grc' dir='ltr'>δὲ</span> <span class='ocrx_word' id='word_1_50' title='bbox 1738 753 1926 816; x_wconf 82' lang='grc' dir='ltr'>ἁπλῶς</span> 
     </span>
    </p>
   </div>
   <div class='ocr_carea' id='block_1_9' title="bbox 343 844 1928 918">
    <p class='ocr_par' dir='ltr' id='par_1_9' title="bbox 343 844 1928 918">
     <span class='ocr_line' id='line_1_9' title="bbox 343 844 1928 918; baseline -0.003 -15"><span class='ocrx_word' id='word_1_51' title='bbox 343 849 408 904; x_wconf 78' lang='grc' dir='ltr'>τὸ</span> <span class='ocrx_word' id='word_1_52' title='bbox 441 848 584 902; x_wconf 86' lang='grc' dir='ltr'><strong>κατά</strong></span> <span class='ocrx_word' id='word_1_53' title='bbox 609 846 778 918; x_wconf 86' lang='grc' dir='ltr'>μόνην</span> <span class='ocrx_word' id='word_1_54' title='bbox 805 844 1094 916; x_wconf 73' lang='grc' dir='ltr'><strong>νοούμενον</strong></span> <span class='ocrx_word' id='word_1_55' title='bbox 1126 846 1410 917; x_wconf 81' lang='grc' dir='ltr'><strong>προφορὰν</strong></span> <span class='ocrx_word' id='word_1_56' title='bbox 1438 848 1496 901; x_wconf 75' lang='grc' dir='ltr'>ὲν</span> <span class='ocrx_word' id='word_1_57' title='bbox 1543 844 1816 917; x_wconf 81' lang='grc' dir='ltr'><strong>ἀνθρώπῳ</strong></span> <span class='ocrx_word' id='word_1_58' title='bbox 1841 862 1928 912; x_wconf 83' lang='grc' dir='ltr'>γε-</span> 
     </span>
    </p>
   </div>
   <div class='ocr_carea' id='block_1_10' title="bbox 345 933 1925 1009">
    <p class='ocr_par' dir='ltr' id='par_1_10' title="bbox 345 933 1925 1009">
     <span class='ocr_line' id='line_1_10' title="bbox 345 933 1925 1009; baseline -0.003 -15"><span class='ocrx_word' id='word_1_59' title='bbox 345 937 556 995; x_wconf 82' lang='grc' dir='ltr'>νέσθαι.</span> <span class='ocrx_word' id='word_1_60' title='bbox 591 936 913 1009; x_wconf 82' lang='grc' dir='ltr'>Μάρκελλος</span> <span class='ocrx_word' id='word_1_61' title='bbox 947 936 1005 991; x_wconf 80' lang='grc' dir='ltr'>δὲ</span> <span class='ocrx_word' id='word_1_62' title='bbox 1037 933 1182 993; x_wconf 76' lang='grc' dir='ltr'>οὗτοι</span> <span class='ocrx_word' id='word_1_63' title='bbox 1209 940 1303 993; x_wconf 68' lang='grc' dir='ltr'><strong>καὶ</strong></span> <span class='ocrx_word' id='word_1_64' title='bbox 1343 940 1627 1003; x_wconf 80' lang='grc' dir='ltr'>Φωτεινός.</span> <span class='ocrx_word' id='word_1_65' title='bbox 1676 941 1833 992; x_wconf 82' lang='grc' dir='ltr'>Δοκεῖ</span> <span class='ocrx_word' id='word_1_66' title='bbox 1868 938 1925 990; x_wconf 86' lang='grc' dir='ltr'>δὲ</span> 
     </span>
    </p>
   </div>
   <div class='ocr_carea' id='block_1_11' title="bbox 349 1027 1923 1104">
    <p class='ocr_par' dir='ltr' id='par_1_11' title="bbox 349 1027 1923 1104">
     <span class='ocr_line' id='line_1_11' title="bbox 349 1027 1923 1104; baseline 0 -21"><span class='ocrx_word' id='word_1_67' title='bbox 349 1030 460 1103; x_wconf 79' lang='grc' dir='ltr'>μὴν</span> <span class='ocrx_word' id='word_1_68' title='bbox 488 1028 583 1083; x_wconf 74' lang='grc' dir='ltr'><strong>καὶ</strong></span> <span class='ocrx_word' id='word_1_69' title='bbox 612 1028 842 1101; x_wconf 78' lang='grc' dir='ltr'>ἑτέροις,</span> <span class='ocrx_word' id='word_1_70' title='bbox 873 1027 1291 1101; x_wconf 83' lang='grc' dir='ltr'>ὲνανθρωπῆσαι</span> <span class='ocrx_word' id='word_1_71' title='bbox 1315 1032 1414 1103; x_wconf 81' lang='grc' dir='ltr'>μὲν</span> <span class='ocrx_word' id='word_1_72' title='bbox 1442 1031 1660 1104; x_wconf 89' lang='grc' dir='ltr'>ἀληθῶς</span> <span class='ocrx_word' id='word_1_73' title='bbox 1692 1032 1782 1085; x_wconf 81' lang='grc' dir='ltr'>τὸν</span> <span class='ocrx_word' id='word_1_74' title='bbox 1808 1032 1923 1086; x_wconf 85' lang='grc' dir='ltr'><strong>Μο-</strong></span> 
     </span>
    </p>
   </div>
   <div class='ocr_carea' id='block_1_12' title="bbox 346 1118 1923 1194">
    <p class='ocr_par' dir='ltr' id='par_1_12' title="bbox 346 1118 1923 1194">
     <span class='ocr_line' id='line_1_12' title="bbox 346 1118 1923 1194; baseline 0.002 -21"><span class='ocrx_word' id='word_1_75' title='bbox 346 1119 561 1188; x_wconf 85' lang='grc' dir='ltr'>νογενῆ,</span> <span class='ocrx_word' id='word_1_76' title='bbox 600 1118 696 1171; x_wconf 78' lang='grc' dir='ltr'>καὶ</span> <span class='ocrx_word' id='word_1_77' title='bbox 728 1119 787 1171; x_wconf 76' lang='grc' dir='ltr'>ὲν</span> <span class='ocrx_word' id='word_1_78' title='bbox 814 1120 979 1191; x_wconf 71' lang='grc' dir='ltr'>σαρκὶ</span> <span class='ocrx_word' id='word_1_79' title='bbox 1000 1120 1251 1188; x_wconf 79' lang='grc' dir='ltr'>γενέσθαι</span> <span class='ocrx_word' id='word_1_80' title='bbox 1282 1123 1580 1186; x_wconf 80' lang='grc' dir='ltr'><strong>πιστεύειν,</strong></span> <span class='ocrx_word' id='word_1_81' title='bbox 1610 1122 1683 1194; x_wconf 76' lang='grc' dir='ltr'>μὴ</span> <span class='ocrx_word' id='word_1_82' title='bbox 1710 1122 1817 1194; x_wconf 76' lang='grc' dir='ltr'>μὴν</span> <span class='ocrx_word' id='word_1_83' title='bbox 1844 1122 1923 1176; x_wconf 81' lang='grc' dir='ltr'>ἔτι</span> 
     </span>
    </p>
   </div>
   <div class='ocr_carea' id='block_1_13' title="bbox 347 1208 1923 1285">
    <p class='ocr_par' dir='ltr' id='par_1_13' title="bbox 347 1208 1923 1285">
     <span class='ocr_line' id='line_1_13' title="bbox 347 1208 1923 1285; baseline 0.001 -20"><span class='ocrx_word' id='word_1_84' title='bbox 347 1211 445 1266; x_wconf 77' lang='grc' dir='ltr'><strong>καὶ</strong></span> <span class='ocrx_word' id='word_1_85' title='bbox 497 1208 806 1279; x_wconf 76' lang='grc' dir='ltr'>έψυχῶσθαι</span> <span class='ocrx_word' id='word_1_86' title='bbox 857 1209 1078 1276; x_wconf 77' lang='grc' dir='ltr'>τελείως</span> <span class='ocrx_word' id='word_1_87' title='bbox 1128 1211 1225 1284; x_wconf 75' lang='grc' dir='ltr'>τὴν</span> <span class='ocrx_word' id='word_1_88' title='bbox 1278 1214 1681 1285; x_wconf 83' lang='grc' dir='ltr'><strong>ἀναληφθεῖσαν</strong></span> <span class='ocrx_word' id='word_1_89' title='bbox 1721 1214 1923 1285; x_wconf 82' lang='grc' dir='ltr'>σάρκα,</span> 
     </span>
    </p>
   </div>
   <div class='ocr_carea' id='block_1_14' title="bbox 343 1299 1925 1374">
    <p class='ocr_par' dir='ltr' id='par_1_14' title="bbox 343 1299 1925 1374">
     <span class='ocr_line' id='line_1_14' title="bbox 343 1299 1925 1374; baseline 0.002 -21"><span class='ocrx_word' id='word_1_90' title='bbox 343 1299 492 1371; x_wconf 75' lang='grc' dir='ltr'>ψυχῇ</span> <span class='ocrx_word' id='word_1_91' title='bbox 522 1300 712 1370; x_wconf 82' lang='grc' dir='ltr'><strong>λογικῇ</strong></span> <span class='ocrx_word' id='word_1_92' title='bbox 738 1301 831 1355; x_wconf 79' lang='grc' dir='ltr'>καὶ</span> <span class='ocrx_word' id='word_1_93' title='bbox 845 1299 972 1355; x_wconf 92' lang='grc' dir='ltr'>νοῦν</span> <span class='ocrx_word' id='word_1_94' title='bbox 1008 1301 1207 1373; x_wconf 77' lang='grc' dir='ltr'>ἐχούσῃ</span> <span class='ocrx_word' id='word_1_95' title='bbox 1233 1302 1324 1355; x_wconf 85' lang='grc' dir='ltr'>τὸν</span> <span class='ocrx_word' id='word_1_96' title='bbox 1361 1304 1484 1358; x_wconf 85' lang='grc' dir='ltr'>καθ’</span> <span class='ocrx_word' id='word_1_97' title='bbox 1510 1306 1679 1374; x_wconf 74' lang='grc' dir='ltr'>ἡμᾶς,</span> <span class='ocrx_word' id='word_1_98' title='bbox 1709 1305 1792 1367; x_wconf 77' lang='grc' dir='ltr'><strong>εἰς</strong></span> <span class='ocrx_word' id='word_1_99' title='bbox 1811 1303 1925 1357; x_wconf 79' lang='grc' dir='ltr'>ὲνό-</span> 
     </span>
    </p>
   </div>
   <div class='ocr_carea' id='block_1_15' title="bbox 344 1388 1926 1463">
    <p class='ocr_par' dir='ltr' id='par_1_15' title="bbox 344 1388 1926 1463">
     <span class='ocr_line' id='line_1_15' title="bbox 344 1388 1926 1463; baseline 0.003 -21"><span class='ocrx_word' id='word_1_100' title='bbox 344 1406 485 1461; x_wconf 84' lang='grc' dir='ltr'>τητα</span> <span class='ocrx_word' id='word_1_101' title='bbox 513 1390 569 1444; x_wconf 81' lang='grc' dir='ltr'>δὲ</span> <span class='ocrx_word' id='word_1_102' title='bbox 599 1389 697 1462; x_wconf 82' lang='grc' dir='ltr'>τὴν</span> <span class='ocrx_word' id='word_1_103' title='bbox 727 1390 982 1457; x_wconf 79' lang='grc' dir='ltr'>εῖσάπαν,</span> <span class='ocrx_word' id='word_1_104' title='bbox 1015 1390 1202 1462; x_wconf 81' lang='grc' dir='ltr'>ὥσπερ</span> <span class='ocrx_word' id='word_1_105' title='bbox 1233 1388 1325 1446; x_wconf 83' lang='grc' dir='ltr'>οὖν</span> <span class='ocrx_word' id='word_1_106' title='bbox 1349 1393 1573 1461; x_wconf 76' lang='grc' dir='ltr'>οἴονται,</span> <span class='ocrx_word' id='word_1_107' title='bbox 1620 1395 1926 1463; x_wconf 77' lang='grc' dir='ltr'>κατασφίγ-</span> 
     </span>
    </p>
   </div>
   <div class='ocr_carea' id='block_1_16' title="bbox 346 1481 1925 1556">
    <p class='ocr_par' dir='ltr' id='par_1_16' title="bbox 346 1481 1925 1556">
     <span class='ocr_line' id='line_1_16' title="bbox 346 1481 1925 1556; baseline 0.003 -21"><span class='ocrx_word' id='word_1_108' title='bbox 346 1497 536 1549; x_wconf 87' lang='grc' dir='ltr'>γοντες</span> <span class='ocrx_word' id='word_1_109' title='bbox 554 1481 646 1535; x_wconf 86' lang='grc' dir='ltr'><strong>τόν</strong></span> <span class='ocrx_word' id='word_1_110' title='bbox 677 1498 735 1535; x_wconf 84' lang='grc' dir='ltr'><strong>τε</strong></span> <span class='ocrx_word' id='word_1_111' title='bbox 764 1484 827 1536; x_wconf 78' lang='grc' dir='ltr'>ἐκ</span> <span class='ocrx_word' id='word_1_112' title='bbox 856 1481 990 1537; x_wconf 82' lang='grc' dir='ltr'><strong>Θεοῦ</strong></span> <span class='ocrx_word' id='word_1_113' title='bbox 1025 1483 1198 1552; x_wconf 84' lang='grc' dir='ltr'>Λόγον</span> <span class='ocrx_word' id='word_1_114' title='bbox 1223 1525 1239 1550; x_wconf 91' lang='grc'><strong>,</strong></span> <span class='ocrx_word' id='word_1_115' title='bbox 1278 1485 1369 1539; x_wconf 71' lang='grc' dir='ltr'>καὶ</span> <span class='ocrx_word' id='word_1_116' title='bbox 1411 1488 1502 1539; x_wconf 82' lang='grc' dir='ltr'>τὸν</span> <span class='ocrx_word' id='word_1_117' title='bbox 1532 1488 1597 1539; x_wconf 84' lang='grc' dir='ltr'>ὲκ</span> <span class='ocrx_word' id='word_1_118' title='bbox 1635 1487 1733 1556; x_wconf 85' lang='grc' dir='ltr'>τῆς</span> <span class='ocrx_word' id='word_1_119' title='bbox 1766 1487 1925 1555; x_wconf 81' lang='grc' dir='ltr'><strong>ἁγίας</strong></span> 
     </span>
    </p>
   </div>
   <div class='ocr_carea' id='block_1_17' title="bbox 346 1574 1922 1651">
    <p class='ocr_par' dir='ltr' id='par_1_17' title="bbox 346 1574 1922 1651">
     <span class='ocr_line' id='line_1_17' title="bbox 346 1574 1922 1651; baseline 0.001 -21"><span class='ocrx_word' id='word_1_120' title='bbox 346 1574 628 1647; x_wconf 81' lang='grc' dir='ltr'>Παρθένου</span> <span class='ocrx_word' id='word_1_121' title='bbox 649 1575 797 1643; x_wconf 82' lang='grc' dir='ltr'>ναὸν,</span> <span class='ocrx_word' id='word_1_122' title='bbox 828 1576 1157 1646; x_wconf 74' lang='grc' dir='ltr'>κατοικῆσαι</span> <span class='ocrx_word' id='word_1_123' title='bbox 1180 1595 1341 1647; x_wconf 86' lang='grc' dir='ltr'>φασιν</span> <span class='ocrx_word' id='word_1_124' title='bbox 1363 1580 1421 1631; x_wconf 81' lang='grc' dir='ltr'>ὲν</span> <span class='ocrx_word' id='word_1_125' title='bbox 1448 1579 1597 1651; x_wconf 80' lang='grc' dir='ltr'>αὐτῷ</span> <span class='ocrx_word' id='word_1_126' title='bbox 1619 1579 1710 1636; x_wconf 82' lang='grc' dir='ltr'>τὸν</span> <span class='ocrx_word' id='word_1_127' title='bbox 1730 1579 1922 1648; x_wconf 80' lang='grc' dir='ltr'>Λόγον,</span> 
     </span>
    </p>
   </div>
   <div class='ocr_carea' id='block_1_18' title="bbox 346 1664 1924 1743">
    <p class='ocr_par' dir='ltr' id='par_1_18' title="bbox 346 1664 1924 1743">
     <span class='ocr_line' id='line_1_18' title="bbox 346 1664 1924 1743; baseline 0.004 -25"><span class='ocrx_word' id='word_1_128' title='bbox 346 1665 441 1718; x_wconf 70' lang='grc' dir='ltr'>καὶ</span> <span class='ocrx_word' id='word_1_129' title='bbox 473 1664 604 1719; x_wconf 72' lang='grc' dir='ltr'>ἴδιον</span> <span class='ocrx_word' id='word_1_130' title='bbox 628 1666 728 1737; x_wconf 87' lang='grc' dir='ltr'>μὲν</span> <span class='ocrx_word' id='word_1_131' title='bbox 755 1667 1083 1740; x_wconf 79' lang='grc' dir='ltr'>ποιήσασθαι</span> <span class='ocrx_word' id='word_1_132' title='bbox 1124 1668 1288 1740; x_wconf 85' lang='grc' dir='ltr'>σῶμα</span> <span class='ocrx_word' id='word_1_133' title='bbox 1313 1669 1373 1723; x_wconf 85' lang='grc' dir='ltr'><strong>τδ</strong></span> <span class='ocrx_word' id='word_1_134' title='bbox 1396 1669 1729 1742; x_wconf 76' lang='grc' dir='ltr'><strong>ἀναληφθὲν,</strong></span> <span class='ocrx_word' id='word_1_135' title='bbox 1746 1671 1924 1743; x_wconf 74' lang='grc' dir='ltr'>ψυχῆς</span> 
     </span>
    </p>
   </div>
   <div class='ocr_carea' id='block_1_19' title="bbox 342 1755 1924 1834">
    <p class='ocr_par' dir='ltr' id='par_1_19' title="bbox 342 1755 1924 1834">
     <span class='ocr_line' id='line_1_19' title="bbox 342 1755 1924 1834; baseline 0.004 -25"><span class='ocrx_word' id='word_1_136' title='bbox 342 1755 403 1810; x_wconf 71' lang='grc' dir='ltr'>δὲ</span> <span class='ocrx_word' id='word_1_137' title='bbox 429 1756 593 1810; x_wconf 82' lang='grc' dir='ltr'>αὑτὸν</span> <span class='ocrx_word' id='word_1_138' title='bbox 620 1758 721 1828; x_wconf 79' lang='grc' dir='ltr'>τῆς</span> <span class='ocrx_word' id='word_1_139' title='bbox 749 1758 973 1829; x_wconf 82' lang='grc' dir='ltr'><strong>λογικῆς</strong></span> <span class='ocrx_word' id='word_1_140' title='bbox 1003 1777 1061 1813; x_wconf 86' lang='grc' dir='ltr'><strong>τε</strong></span> <span class='ocrx_word' id='word_1_141' title='bbox 1087 1760 1181 1813; x_wconf 76' lang='grc' dir='ltr'>καὶ</span> <span class='ocrx_word' id='word_1_142' title='bbox 1219 1762 1411 1830; x_wconf 77' lang='grc' dir='ltr'>νοερᾶς</span> <span class='ocrx_word' id='word_1_143' title='bbox 1442 1760 1788 1834; x_wconf 77' lang='grc' dir='ltr'>ἀναπληροῦν</span> <span class='ocrx_word' id='word_1_144' title='bbox 1833 1762 1924 1815; x_wconf 73' lang='grc' dir='ltr'>τὸν</span> 
     </span>
    </p>
   </div>
   <div class='ocr_carea' id='block_1_20' title="bbox 345 1825 1996 1920">
    <p class='ocr_par' dir='ltr' id='par_1_20' title="bbox 345 1825 1996 1920">
     <span class='ocr_line' id='line_1_20' title="bbox 345 1825 1996 1920; baseline 0.006 -25"><span class='ocrx_word' id='word_1_145' title='bbox 345 1843 530 1900; x_wconf 88' lang='grc' dir='ltr'>τόπον.</span> <span class='ocrx_word' id='word_1_146' title='bbox 564 1825 785 1917; x_wconf 82' lang='grc' dir='ltr'>Ἐτεροι</span> <span class='ocrx_word' id='word_1_147' title='bbox 825 1825 883 1901; x_wconf 82' lang='grc' dir='ltr'>δὲ</span> <span class='ocrx_word' id='word_1_148' title='bbox 915 1825 1007 1914; x_wconf 81' lang='grc' dir='ltr'>αὖ,</span> <span class='ocrx_word' id='word_1_149' title='bbox 1052 1825 1414 1919; x_wconf 80' lang='grc' dir='ltr'>πρεσϐεύουσι</span> <span class='ocrx_word' id='word_1_150' title='bbox 1439 1850 1539 1920; x_wconf 85' lang='grc' dir='ltr'>μὲν</span> <span class='ocrx_word' id='word_1_151' title='bbox 1566 1825 1686 1914; x_wconf 75' lang='grc' dir='ltr'>ταῖς</span> <span class='ocrx_word' id='word_1_152' title='bbox 1716 1850 1922 1905; x_wconf 85' lang='grc' dir='ltr'>τούτων</span> <span class='ocrx_word' id='word_1_153' title='bbox 1957 1825 1996 1877; x_wconf 75' lang='grc' dir='ltr'>Β</span> 
     </span>
    </p>
   </div>
   <div class='ocr_carea' id='block_1_21' title="bbox 343 1934 1922 2012">
    <p class='ocr_par' dir='ltr' id='par_1_21' title="bbox 343 1934 1922 2012">
     <span class='ocr_line' id='line_1_21' title="bbox 343 1934 1922 2012; baseline 0.004 -24"><span class='ocrx_word' id='word_1_154' title='bbox 343 1934 522 2001; x_wconf 78' lang='grc' dir='ltr'>δόξαις</span> <span class='ocrx_word' id='word_1_155' title='bbox 552 1935 617 1990; x_wconf 83' lang='grc' dir='ltr'><strong>τὰ</strong></span> <span class='ocrx_word' id='word_1_156' title='bbox 660 1937 911 2003; x_wconf 78' lang='grc' dir='ltr'>ἐναντία,</span> <span class='ocrx_word' id='word_1_157' title='bbox 943 1938 1039 1991; x_wconf 72' lang='grc' dir='ltr'>καὶ</span> <span class='ocrx_word' id='word_1_158' title='bbox 1074 1939 1453 2011; x_wconf 77' lang='grc' dir='ltr'>ἀντιφέρονται</span> <span class='ocrx_word' id='word_1_159' title='bbox 1491 1943 1606 2003; x_wconf 86' lang='grc' dir='ltr'>τοῖς</span> <span class='ocrx_word' id='word_1_160' title='bbox 1639 1942 1922 2012; x_wconf 77' lang='grc' dir='ltr'>φρονήμαο</span> 
     </span>
    </p>
   </div>
   <div class='ocr_carea' id='block_1_22' title="bbox 344 2029 1926 2104">
    <p class='ocr_par' dir='ltr' id='par_1_22' title="bbox 344 2029 1926 2104">
     <span class='ocr_line' id='line_1_22' title="bbox 344 2029 1926 2104; baseline 0.003 -20"><span class='ocrx_word' id='word_1_161' title='bbox 344 2046 451 2094; x_wconf 88' lang='grc' dir='ltr'>σιν,</span> <span class='ocrx_word' id='word_1_162' title='bbox 486 2029 549 2082; x_wconf 81' lang='grc' dir='ltr'>ἐκ</span> <span class='ocrx_word' id='word_1_163' title='bbox 584 2046 643 2082; x_wconf 89' lang='grc' dir='ltr'><strong>τε</strong></span> <span class='ocrx_word' id='word_1_164' title='bbox 682 2029 817 2083; x_wconf 85' lang='grc' dir='ltr'>Θεοῦ</span> <span class='ocrx_word' id='word_1_165' title='bbox 852 2031 1061 2100; x_wconf 85' lang='grc' dir='ltr'>Λόγου,</span> <span class='ocrx_word' id='word_1_166' title='bbox 1102 2031 1196 2086; x_wconf 78' lang='grc' dir='ltr'>καὶ</span> <span class='ocrx_word' id='word_1_167' title='bbox 1222 2031 1399 2103; x_wconf 76' lang='grc' dir='ltr'>ψυχῆς</span> <span class='ocrx_word' id='word_1_168' title='bbox 1436 2032 1537 2101; x_wconf 78' lang='grc' dir='ltr'>τῆς</span> <span class='ocrx_word' id='word_1_169' title='bbox 1568 2031 1794 2104; x_wconf 82' lang='grc' dir='ltr'>λογικῆς</span> <span class='ocrx_word' id='word_1_170' title='bbox 1832 2035 1926 2088; x_wconf 73' lang='grc' dir='ltr'><strong>καὶ</strong></span> 
     </span>
    </p>
   </div>
   <div class='ocr_carea' id='block_1_23' title="bbox 346 2120 1925 2196">
    <p class='ocr_par' dir='ltr' id='par_1_23' title="bbox 346 2120 1925 2196">
     <span class='ocr_line' id='line_1_23' title="bbox 346 2120 1925 2196; baseline 0.004 -21"><span class='ocrx_word' id='word_1_171' title='bbox 346 2120 619 2192; x_wconf 83' lang='grc' dir='ltr'>σώματος,</span> <span class='ocrx_word' id='word_1_172' title='bbox 640 2122 761 2192; x_wconf 73' lang='grc' dir='ltr'>ἤτοι</span> <span class='ocrx_word' id='word_1_173' title='bbox 778 2122 991 2188; x_wconf 81' lang='grc' dir='ltr'>τελείας</span> <span class='ocrx_word' id='word_1_174' title='bbox 1012 2121 1197 2186; x_wconf 85' lang='grc' dir='ltr'>ἁπλῶς</span> <span class='ocrx_word' id='word_1_175' title='bbox 1219 2123 1636 2196; x_wconf 86' lang='grc' dir='ltr'>ἀνθρωπότητος</span> <span class='ocrx_word' id='word_1_176' title='bbox 1664 2128 1925 2181; x_wconf 82' lang='grc' dir='ltr'>συνεστά-</span> 
     </span>
    </p>
   </div>
   <div class='ocr_carea' id='block_1_24' title="bbox 346 2214 1928 2287">
    <p class='ocr_par' dir='ltr' id='par_1_24' title="bbox 346 2214 1928 2287">
     <span class='ocr_line' id='line_1_24' title="bbox 346 2214 1928 2287; baseline 0.003 -22"><span class='ocrx_word' id='word_1_177' title='bbox 346 2230 433 2266; x_wconf 87' lang='grc' dir='ltr'><strong>ναι</strong></span> <span class='ocrx_word' id='word_1_178' title='bbox 462 2230 519 2266; x_wconf 88' lang='grc' dir='ltr'><strong>τε</strong></span> <span class='ocrx_word' id='word_1_179' title='bbox 555 2215 649 2268; x_wconf 70' lang='grc' dir='ltr'>καὶ</span> <span class='ocrx_word' id='word_1_180' title='bbox 675 2214 1080 2285; x_wconf 81' lang='grc' dir='ltr'>ἀναπεπλέχθαι</span> <span class='ocrx_word' id='word_1_181' title='bbox 1103 2214 1566 2285; x_wconf 80' lang='grc' dir='ltr'>διαϐεϐαιούμενοι</span> <span class='ocrx_word' id='word_1_182' title='bbox 1592 2217 1681 2270; x_wconf 77' lang='grc' dir='ltr'>τὸν</span> <span class='ocrx_word' id='word_1_183' title='bbox 1716 2219 1928 2287; x_wconf 85' lang='grc' dir='ltr'>Ἐμμα-</span> 
     </span>
    </p>
   </div>
   <div class='ocr_carea' id='block_1_25' title="bbox 346 2305 1929 2379">
    <p class='ocr_par' dir='ltr' id='par_1_25' title="bbox 346 2305 1929 2379">
     <span class='ocr_line' id='line_1_25' title="bbox 346 2305 1929 2379; baseline 0.001 -20"><span class='ocrx_word' id='word_1_184' title='bbox 346 2306 528 2379; x_wconf 85' lang='grc' dir='ltr'>νουὴλ,</span> <span class='ocrx_word' id='word_1_185' title='bbox 560 2307 620 2360; x_wconf 80' lang='grc' dir='ltr'><strong>ού</strong></span> <span class='ocrx_word' id='word_1_186' title='bbox 658 2306 765 2378; x_wconf 79' lang='grc' dir='ltr'>μὴν</span> <span class='ocrx_word' id='word_1_187' title='bbox 796 2305 876 2359; x_wconf 75' lang='grc' dir='ltr'>ἔτι</span> <span class='ocrx_word' id='word_1_188' title='bbox 916 2308 1008 2361; x_wconf 76' lang='grc' dir='ltr'>καὶ</span> <span class='ocrx_word' id='word_1_189' title='bbox 1038 2307 1169 2375; x_wconf 81' lang='grc' dir='ltr'><strong>ὑγιᾶ</strong></span> <span class='ocrx_word' id='word_1_190' title='bbox 1200 2307 1295 2360; x_wconf 74' lang='grc' dir='ltr'>καὶ</span> <span class='ocrx_word' id='word_1_191' title='bbox 1320 2306 1620 2378; x_wconf 78' lang='grc' dir='ltr'><strong>ἀμώμητον</strong></span> <span class='ocrx_word' id='word_1_192' title='bbox 1646 2311 1929 2373; x_wconf 77' lang='grc' dir='ltr'>παντελῶς</span> 
     </span>
    </p>
   </div>
   <div class='ocr_carea' id='block_1_26' title="bbox 346 2396 1929 2471">
    <p class='ocr_par' dir='ltr' id='par_1_26' title="bbox 346 2396 1929 2471">
     <span class='ocr_line' id='line_1_26' title="bbox 346 2396 1929 2471; baseline 0.002 -21"><span class='ocrx_word' id='word_1_193' title='bbox 346 2397 445 2467; x_wconf 81' lang='grc' dir='ltr'>τὴν</span> <span class='ocrx_word' id='word_1_194' title='bbox 473 2398 560 2450; x_wconf 75' lang='grc' dir='ltr'><strong>ἐπ’</strong></span> <span class='ocrx_word' id='word_1_195' title='bbox 583 2396 734 2468; x_wconf 82' lang='grc' dir='ltr'><strong>αὐτῷ</strong></span> <span class='ocrx_word' id='word_1_196' title='bbox 759 2397 1096 2468; x_wconf 86' lang='grc' dir='ltr'>τετηρήκασι</span> <span class='ocrx_word' id='word_1_197' title='bbox 1142 2396 1323 2463; x_wconf 81' lang='grc' dir='ltr'>δόξαν.</span> <span class='ocrx_word' id='word_1_198' title='bbox 1382 2399 1778 2454; x_wconf 84' lang='grc' dir='ltr'>Καταδιῖστόῑσι</span> <span class='ocrx_word' id='word_1_199' title='bbox 1821 2401 1929 2471; x_wconf 81' lang='grc' dir='ltr'>γὰρ</span> 
     </span>
    </p>
   </div>
   <div class='ocr_carea' id='block_1_27' title="bbox 350 2487 1930 2561">
    <p class='ocr_par' dir='ltr' id='par_1_27' title="bbox 350 2487 1930 2561">
     <span class='ocr_line' id='line_1_27' title="bbox 350 2487 1930 2561; baseline 0.001 -21"><span class='ocrx_word' id='word_1_200' title='bbox 350 2490 430 2553; x_wconf 75' lang='grc' dir='ltr'>εἰς</span> <span class='ocrx_word' id='word_1_201' title='bbox 464 2487 557 2542; x_wconf 86' lang='grc' dir='ltr'><strong>δύο</strong></span> <span class='ocrx_word' id='word_1_202' title='bbox 589 2488 680 2542; x_wconf 85' lang='grc' dir='ltr'>τὸν</span> <span class='ocrx_word' id='word_1_203' title='bbox 709 2488 805 2542; x_wconf 78' lang='grc' dir='ltr'>ἕνα</span> <span class='ocrx_word' id='word_1_204' title='bbox 839 2487 1094 2558; x_wconf 84' lang='grc' dir='ltr'>Χριστὸν,</span> <span class='ocrx_word' id='word_1_205' title='bbox 1124 2488 1216 2541; x_wconf 71' lang='grc' dir='ltr'>καὶ</span> <span class='ocrx_word' id='word_1_206' title='bbox 1247 2490 1479 2559; x_wconf 86' lang='grc' dir='ltr'>παχεῖαν</span> <span class='ocrx_word' id='word_1_207' title='bbox 1517 2488 1707 2561; x_wconf 89' lang='grc' dir='ltr'>ῶσπερ</span> <span class='ocrx_word' id='word_1_208' title='bbox 1747 2490 1930 2554; x_wconf 78' lang='grc' dir='ltr'>αὐτοῖς</span> 
     </span>
    </p>
   </div>
   <div class='ocr_carea' id='block_1_28' title="bbox 350 2578 1932 2651">
    <p class='ocr_par' dir='ltr' id='par_1_28' title="bbox 350 2578 1932 2651">
     <span class='ocr_line' id='line_1_28' title="bbox 350 2578 1932 2651; baseline -0.001 -18"><span class='ocrx_word' id='word_1_209' title='bbox 350 2579 584 2642; x_wconf 75' lang='grc' dir='ltr'>ἐνιέντες</span> <span class='ocrx_word' id='word_1_210' title='bbox 609 2578 705 2650; x_wconf 82' lang='grc' dir='ltr'>τὴν</span> <span class='ocrx_word' id='word_1_211' title='bbox 738 2578 1021 2650; x_wconf 76' lang='grc' dir='ltr'>διατομὴν,</span> <span class='ocrx_word' id='word_1_212' title='bbox 1047 2579 1324 2650; x_wconf 83' lang='grc' dir='ltr'>ἀναμέρος</span> <span class='ocrx_word' id='word_1_213' title='bbox 1360 2581 1618 2651; x_wconf 74' lang='grc' dir='ltr'>ἑκάτερον</span> <span class='ocrx_word' id='word_1_214' title='bbox 1649 2582 1932 2650; x_wconf 71' lang='grc' dir='ltr'>μονονουχὶ</span> 
     </span>
    </p>
   </div>
   <div class='ocr_carea' id='block_1_29' title="bbox 349 2667 1933 2743">
    <p class='ocr_par' dir='ltr' id='par_1_29' title="bbox 349 2667 1933 2743">
     <span class='ocr_line' id='line_1_29' title="bbox 349 2667 1933 2743; baseline 0.001 -18"><span class='ocrx_word' id='word_1_215' title='bbox 349 2672 610 2726; x_wconf 81' lang='grc' dir='ltr'>διεστῶτα</span> <span class='ocrx_word' id='word_1_216' title='bbox 640 2671 1146 2743; x_wconf 77' lang='grc' dir='ltr'>παραδεικνύουσιν,</span> <span class='ocrx_word' id='word_1_217' title='bbox 1174 2671 1358 2743; x_wconf 75' lang='grc' dir='ltr'>ἕτερον</span> <span class='ocrx_word' id='word_1_218' title='bbox 1384 2674 1482 2743; x_wconf 81' lang='grc' dir='ltr'>μὲν</span> <span class='ocrx_word' id='word_1_219' title='bbox 1506 2667 1648 2725; x_wconf 76' lang='grc' dir='ltr'>εἶναι</span> <span class='ocrx_word' id='word_1_220' title='bbox 1676 2672 1933 2727; x_wconf 80' lang='grc' dir='ltr'>διατεινό-</span> 
     </span>
    </p>
   </div>
   <div class='ocr_carea' id='block_1_30' title="bbox 354 2763 1931 2837">
    <p class='ocr_par' dir='ltr' id='par_1_30' title="bbox 354 2763 1931 2837">
     <span class='ocr_line' id='line_1_30' title="bbox 354 2763 1931 2837; baseline 0.002 -21"><span class='ocrx_word' id='word_1_221' title='bbox 354 2781 505 2835; x_wconf 86' lang='grc' dir='ltr'>μενοι</span> <span class='ocrx_word' id='word_1_222' title='bbox 532 2765 623 2818; x_wconf 75' lang='grc' dir='ltr'>τὸν</span> <span class='ocrx_word' id='word_1_223' title='bbox 658 2766 721 2816; x_wconf 83' lang='grc' dir='ltr'>ἐκ</span> <span class='ocrx_word' id='word_1_224' title='bbox 758 2763 1033 2835; x_wconf 81' lang='grc' dir='ltr'>Παρθένον</span> <span class='ocrx_word' id='word_1_225' title='bbox 1070 2763 1328 2833; x_wconf 79' lang='grc' dir='ltr'>τεχθέντα</span> <span class='ocrx_word' id='word_1_226' title='bbox 1372 2766 1591 2829; x_wconf 74' lang='grc' dir='ltr'>τελείως</span> <span class='ocrx_word' id='word_1_227' title='bbox 1624 2766 1931 2837; x_wconf 84' lang='grc' dir='ltr'>ἄνθρωπον,</span> 
     </span>
    </p>
   </div>
   <div class='ocr_carea' id='block_1_31' title="bbox 353 2849 1935 2923">
    <p class='ocr_par' dir='ltr' id='par_1_31' title="bbox 353 2849 1935 2923">
     <span class='ocr_line' id='line_1_31' title="bbox 353 2849 1935 2923; baseline 0.001 -18"><span class='ocrx_word' id='word_1_228' title='bbox 353 2853 541 2923; x_wconf 70' lang='grc' dir='ltr'>ἕτερον</span> <span class='ocrx_word' id='word_1_229' title='bbox 567 2852 625 2905; x_wconf 81' lang='grc' dir='ltr'>δὲ</span> <span class='ocrx_word' id='word_1_230' title='bbox 648 2849 734 2914; x_wconf 84' lang='grc' dir='ltr'>αὖ,</span> <span class='ocrx_word' id='word_1_231' title='bbox 755 2853 845 2905; x_wconf 78' lang='grc' dir='ltr'>τὸν</span> <span class='ocrx_word' id='word_1_232' title='bbox 873 2854 934 2903; x_wconf 78' lang='grc' dir='ltr'>ἐκ</span> <span class='ocrx_word' id='word_1_233' title='bbox 952 2853 1085 2905; x_wconf 74' lang='grc' dir='ltr'>Θεοῦ</span> <span class='ocrx_word' id='word_1_234' title='bbox 1115 2851 1326 2923; x_wconf 81' lang='grc' dir='ltr'>ΙΙατρὸς</span> <span class='ocrx_word' id='word_1_235' title='bbox 1348 2853 1539 2921; x_wconf 86' lang='grc' dir='ltr'>Λόγον,</span> <span class='ocrx_word' id='word_1_236' title='bbox 1563 2855 1662 2922; x_wconf 68' lang='grc' dir='ltr'><strong>οὐχ</strong></span> <span class='ocrx_word' id='word_1_237' title='bbox 1688 2855 1715 2907; x_wconf 79' lang='grc' dir='ltr'><strong>ὃ</strong></span> <span class='ocrx_word' id='word_1_238' title='bbox 1739 2854 1792 2906; x_wconf 79' lang='grc' dir='ltr'><strong>τί</strong></span> <span class='ocrx_word' id='word_1_239' title='bbox 1813 2856 1935 2907; x_wconf 81' lang='grc' dir='ltr'>ποτ’</span> 
     </span>
    </p>
   </div>
   <div class='ocr_carea' id='block_1_32' title="bbox 357 2944 1935 3021">
    <p class='ocr_par' dir='ltr' id='par_1_32' title="bbox 357 2944 1935 3021">
     <span class='ocr_line' id='line_1_32' title="bbox 357 2944 1935 3021; baseline 0.001 -22"><span class='ocrx_word' id='word_1_240' title='bbox 357 2946 506 2999; x_wconf 68' lang='grc' dir='ltr'>ἐστὶν</span> <span class='ocrx_word' id='word_1_241' title='bbox 538 2947 571 3016; x_wconf 74' lang='grc' dir='ltr'><strong>ἦ</strong></span> <span class='ocrx_word' id='word_1_242' title='bbox 614 2963 672 2998; x_wconf 89' lang='grc' dir='ltr'><strong>τε</strong></span> <span class='ocrx_word' id='word_1_243' title='bbox 700 2944 795 2998; x_wconf 89' lang='grc' dir='ltr'><strong>τοῦ</strong></span> <span class='ocrx_word' id='word_1_244' title='bbox 838 2945 1009 3012; x_wconf 77' lang='grc' dir='ltr'>Λόγου</span> <span class='ocrx_word' id='word_1_245' title='bbox 1042 2947 1200 3013; x_wconf 45' lang='lat' dir='ltr'><strong>quiat;</strong></span> <span class='ocrx_word' id='word_1_246' title='bbox 1222 2946 1314 2999; x_wconf 76' lang='grc' dir='ltr'>καὶ</span> <span class='ocrx_word' id='word_1_247' title='bbox 1356 2948 1455 3018; x_wconf 81' lang='grc' dir='ltr'>τῆς</span> <span class='ocrx_word' id='word_1_248' title='bbox 1488 2950 1686 3019; x_wconf 72' lang='grc' dir='ltr'>σαρκὸς</span> <span class='ocrx_word' id='word_1_249' title='bbox 1725 2949 1935 3021; x_wconf 81' lang='grc' dir='ltr'>διακρί-</span> 
     </span>
    </p>
   </div>
   <div class='ocr_carea' id='block_1_33' title="bbox 357 3036 1935 3111">
    <p class='ocr_par' dir='ltr' id='par_1_33' title="bbox 357 3036 1935 3111">
     <span class='ocr_line' id='line_1_33' title="bbox 357 3036 1935 3111; baseline 0.002 -22"><span class='ocrx_word' id='word_1_250' title='bbox 357 3053 560 3101; x_wconf 83' lang='grc' dir='ltr'>νοντες,</span> <span class='ocrx_word' id='word_1_251' title='bbox 596 3037 715 3089; x_wconf 70' lang='grc' dir='ltr'>οὐδὲ</span> <span class='ocrx_word' id='word_1_252' title='bbox 745 3036 934 3107; x_wconf 84' lang='grc' dir='ltr'>μόναις</span> <span class='ocrx_word' id='word_1_253' title='bbox 959 3039 1077 3100; x_wconf 82' lang='grc' dir='ltr'>ταῖς</span> <span class='ocrx_word' id='word_1_254' title='bbox 1103 3038 1183 3100; x_wconf 81' lang='grc' dir='ltr'><strong>εἰς</strong></span> <span class='ocrx_word' id='word_1_255' title='bbox 1206 3037 1364 3091; x_wconf 88' lang='grc' dir='ltr'>τοῦτο</span> <span class='ocrx_word' id='word_1_256' title='bbox 1396 3039 1681 3111; x_wconf 72' lang='grc' dir='ltr'>διαφοραῖς</span> <span class='ocrx_word' id='word_1_257' title='bbox 1710 3041 1935 3111; x_wconf 81' lang='grc' dir='ltr'>ἐμφιλο-</span> 
     </span>
    </p>
   </div>
   <div class='ocr_carea' id='block_1_34' title="bbox 2029 570 3610 643">
    <p class='ocr_par' dir='ltr' id='par_1_34' title="bbox 2029 570 3610 643">
     <span class='ocr_line' id='line_1_34' title="bbox 2029 570 3610 643; baseline 0.005 -18"><span class='ocrx_word' id='word_1_258' title='bbox 2029 570 2115 642; x_wconf 88' lang='lat' dir='ltr'><strong>pie</strong></span> <span class='ocrx_word' id='word_1_259' title='bbox 2157 572 2210 627; x_wconf 93' lang='lat' dir='ltr'><strong>in</strong></span> <span class='ocrx_word' id='word_1_260' title='bbox 2245 588 2365 633; x_wconf 88' lang='lat' dir='ltr'><strong>eam</strong></span> <span class='ocrx_word' id='word_1_261' title='bbox 2413 571 2676 628; x_wconf 78' lang='lat' dir='ltr'><strong>insaniam</strong></span> <span class='ocrx_word' id='word_1_262' title='bbox 2725 582 3110 643; x_wconf 84' lang='lat' dir='ltr'><strong>proruperunt,</strong></span> <span class='ocrx_word' id='word_1_263' title='bbox 3156 585 3215 631; x_wconf 88' lang='lat' dir='ltr'><strong>ttt</strong></span> <span class='ocrx_word' id='word_1_264' title='bbox 3258 576 3493 633; x_wconf 82' lang='lat' dir='ltr'><strong>Verbum</strong></span> <span class='ocrx_word' id='word_1_265' title='bbox 3541 596 3610 633; x_wconf 73' lang='lat' dir='ltr'><strong>ex</strong></span> 
     </span>
    </p>
   </div>
   <div class='ocr_carea' id='block_1_35' title="bbox 2028 663 3613 736">
    <p class='ocr_par' dir='ltr' id='par_1_35' title="bbox 2028 663 3613 736">
     <span class='ocr_line' id='line_1_35' title="bbox 2028 663 3613 736; baseline 0.003 -17"><span class='ocrx_word' id='word_1_266' title='bbox 2028 665 2189 720; x_wconf 90' lang='lat' dir='ltr'><strong>Patre</strong></span> <span class='ocrx_word' id='word_1_267' title='bbox 2232 664 2570 734; x_wconf 85' lang='lat' dir='ltr'><strong>hypostatice</strong></span> <span class='ocrx_word' id='word_1_268' title='bbox 2619 663 2915 720; x_wconf 72' lang='lat' dir='ltr'><strong>subsistere</strong></span> <span class='ocrx_word' id='word_1_269' title='bbox 2965 675 3187 736; x_wconf 73' lang='lat' dir='ltr'><strong>negent,</strong></span> <span class='ocrx_word' id='word_1_270' title='bbox 3240 670 3334 725; x_wconf 90' lang='lat' dir='ltr'><strong>sed</strong></span> <span class='ocrx_word' id='word_1_271' title='bbox 3382 669 3613 725; x_wconf 80' lang='lat' dir='ltr'><strong>verbum</strong></span> 
     </span>
    </p>
   </div>
   <div class='ocr_carea' id='block_1_36' title="bbox 2028 754 3615 825">
    <p class='ocr_par' dir='ltr' id='par_1_36' title="bbox 2028 754 3615 825">
     <span class='ocr_line' id='line_1_36' title="bbox 2028 754 3615 825; baseline 0.003 -16"><span class='ocrx_word' id='word_1_272' title='bbox 2028 755 2347 825; x_wconf 78' lang='lat' dir='ltr'><strong>simpliciter</strong></span> <span class='ocrx_word' id='word_1_273' title='bbox 2389 755 2465 809; x_wconf 88' lang='lat' dir='ltr'><strong>ita</strong></span> <span class='ocrx_word' id='word_1_274' title='bbox 2506 762 2566 807; x_wconf 92' lang='lat' dir='ltr'><strong>ut</strong></span> <span class='ocrx_word' id='word_1_275' title='bbox 2606 754 2883 823; x_wconf 80' lang='lat' dir='ltr'><strong>profertur</strong></span> <span class='ocrx_word' id='word_1_276' title='bbox 2914 757 3249 813; x_wconf 88' lang='lat' dir='ltr'><strong>intellectum</strong></span> <span class='ocrx_word' id='word_1_277' title='bbox 3288 760 3343 814; x_wconf 93' lang='lat' dir='ltr'><strong>in</strong></span> <span class='ocrx_word' id='word_1_278' title='bbox 3389 760 3615 816; x_wconf 85' lang='lat' dir='ltr'><strong>homine</strong></span> 
     </span>
    </p>
   </div>
   <div class='ocr_carea' id='block_1_37' title="bbox 2029 846 3615 911">
    <p class='ocr_par' dir='ltr' id='par_1_37' title="bbox 2029 846 3615 911">
     <span class='ocr_line' id='line_1_37' title="bbox 2029 846 3615 911; baseline 0.003 -11"><span class='ocrx_word' id='word_1_279' title='bbox 2029 846 2144 900; x_wconf 76' lang='lat' dir='ltr'><strong>ﬁeri</strong></span> <span class='ocrx_word' id='word_1_280' title='bbox 2173 846 2521 902; x_wconf 82' lang='lat' dir='ltr'><strong>contendant.</strong></span> <span class='ocrx_word' id='word_1_281' title='bbox 2550 846 2615 901; x_wconf 83' lang='lat' dir='ltr'><strong>Hi</strong></span> <span class='ocrx_word' id='word_1_282' title='bbox 2640 854 2767 902; x_wconf 88' lang='lat' dir='ltr'><strong>sunt</strong></span> <span class='ocrx_word' id='word_1_283' title='bbox 2789 846 3072 902; x_wconf 81' lang='lat' dir='ltr'><strong>Marcellus</strong></span> <span class='ocrx_word' id='word_1_284' title='bbox 3091 857 3147 903; x_wconf 87' lang='lat' dir='ltr'><strong>et</strong></span> <span class='ocrx_word' id='word_1_285' title='bbox 3171 848 3452 905; x_wconf 78' lang='lat' dir='ltr'><strong>Photinus.</strong></span> <span class='ocrx_word' id='word_1_286' title='bbox 3477 850 3615 911; x_wconf 78' lang='lat' dir='ltr'><strong>Aliis</strong></span> 
     </span>
    </p>
   </div>
   <div class='ocr_carea' id='block_1_38' title="bbox 2026 935 3612 1007">
    <p class='ocr_par' dir='ltr' id='par_1_38' title="bbox 2026 935 3612 1007">
     <span class='ocr_line' id='line_1_38' title="bbox 2026 935 3612 1007; baseline 0.002 -18"><span class='ocrx_word' id='word_1_287' title='bbox 2026 950 2155 991; x_wconf 83' lang='lat' dir='ltr'><strong>vero</strong></span> <span class='ocrx_word' id='word_1_288' title='bbox 2206 937 2457 1001; x_wconf 89' lang='lat' dir='ltr'><strong>videtur,</strong></span> <span class='ocrx_word' id='word_1_289' title='bbox 2507 935 2851 1007; x_wconf 80' lang='lat' dir='ltr'><strong>Unigenitum</strong></span> <span class='ocrx_word' id='word_1_290' title='bbox 2899 936 3116 1005; x_wconf 82' lang='lat' dir='ltr'><strong>quidem</strong></span> <span class='ocrx_word' id='word_1_291' title='bbox 3159 950 3287 992; x_wconf 90' lang='lat' dir='ltr'><strong>vere</strong></span> <span class='ocrx_word' id='word_1_292' title='bbox 3337 938 3612 994; x_wconf 81' lang='lat' dir='ltr'><strong>hominem</strong></span> 
     </span>
    </p>
   </div>
   <div class='ocr_carea' id='block_1_39' title="bbox 2028 1027 3613 1082">
    <p class='ocr_par' dir='ltr' id='par_1_39' title="bbox 2028 1027 3613 1082">
     <span class='ocr_line' id='line_1_39' title="bbox 2028 1027 3613 1082; baseline 0.001 -3"><span class='ocrx_word' id='word_1_293' title='bbox 2028 1028 2229 1081; x_wconf 80' lang='lat' dir='ltr'><strong>factum</strong></span> <span class='ocrx_word' id='word_1_294' title='bbox 2262 1034 2317 1082; x_wconf 90' lang='lat' dir='ltr'><strong>et</strong></span> <span class='ocrx_word' id='word_1_295' title='bbox 2348 1028 2687 1082; x_wconf 85' lang='lat' dir='ltr'><strong>incarnatum</strong></span> <span class='ocrx_word' id='word_1_296' title='bbox 2723 1039 2888 1081; x_wconf 86' lang='lat' dir='ltr'><strong>esse:</strong></span> <span class='ocrx_word' id='word_1_297' title='bbox 2922 1035 3177 1079; x_wconf 81' lang='lat' dir='ltr'><strong>caeterum</strong></span> <span class='ocrx_word' id='word_1_298' title='bbox 3215 1040 3437 1081; x_wconf 88' lang='lat' dir='ltr'><strong>carnem</strong></span> <span class='ocrx_word' id='word_1_299' title='bbox 3466 1027 3613 1081; x_wconf 81' lang='lat' dir='ltr'><strong>illam</strong></span> 
     </span>
    </p>
   </div>
   <div class='ocr_carea' id='block_1_40' title="bbox 2025 1114 3616 1188">
    <p class='ocr_par' dir='ltr' id='par_1_40' title="bbox 2025 1114 3616 1188">
     <span class='ocr_line' id='line_1_40' title="bbox 2025 1114 3616 1188; baseline 0.001 -18"><span class='ocrx_word' id='word_1_300' title='bbox 2025 1132 2188 1186; x_wconf 87' lang='lat' dir='ltr'><strong>quam</strong></span> <span class='ocrx_word' id='word_1_301' title='bbox 2210 1118 2500 1188; x_wconf 86' lang='lat' dir='ltr'><strong>assumpsit</strong></span> <span class='ocrx_word' id='word_1_302' title='bbox 2529 1133 2634 1173; x_wconf 90' lang='lat' dir='ltr'><strong>non</strong></span> <span class='ocrx_word' id='word_1_303' title='bbox 2658 1117 2896 1187; x_wconf 77' lang='lat' dir='ltr'><strong>perfecte</strong></span> <span class='ocrx_word' id='word_1_304' title='bbox 2921 1117 3216 1171; x_wconf 86' lang='lat' dir='ltr'><strong>animatam</strong></span> <span class='ocrx_word' id='word_1_305' title='bbox 3240 1114 3411 1172; x_wconf 76' lang='lat' dir='ltr'><strong>fuisse</strong></span> <span class='ocrx_word' id='word_1_306' title='bbox 3432 1117 3616 1171; x_wconf 83' lang='lat' dir='ltr'><strong>anima</strong></span> 
     </span>
    </p>
   </div>
   <div class='ocr_carea' id='block_1_41' title="bbox 2027 1208 3611 1280">
    <p class='ocr_par' dir='ltr' id='par_1_41' title="bbox 2027 1208 3611 1280">
     <span class='ocr_line' id='line_1_41' title="bbox 2027 1208 3611 1280; baseline -0.001 -17"><span class='ocrx_word' id='word_1_307' title='bbox 2027 1210 2276 1266; x_wconf 74' lang='lat' dir='ltr'><strong>rationali</strong></span> <span class='ocrx_word' id='word_1_308' title='bbox 2306 1220 2469 1280; x_wconf 87' lang='lat' dir='ltr'><strong>atque</strong></span> <span class='ocrx_word' id='word_1_309' title='bbox 2499 1209 2831 1265; x_wconf 87' lang='lat' dir='ltr'><strong>intellectum</strong></span> <span class='ocrx_word' id='word_1_310' title='bbox 2870 1208 3126 1273; x_wconf 82' lang='lat' dir='ltr'><strong>habente,</strong></span> <span class='ocrx_word' id='word_1_311' title='bbox 3161 1216 3221 1262; x_wconf 89' lang='lat' dir='ltr'><strong>ut</strong></span> <span class='ocrx_word' id='word_1_312' title='bbox 3254 1216 3440 1263; x_wconf 88' lang='lat' dir='ltr'><strong>nostra</strong></span> <span class='ocrx_word' id='word_1_313' title='bbox 3486 1215 3611 1262; x_wconf 86' lang='lat' dir='ltr'><strong>est:</strong></span> 
     </span>
    </p>
   </div>
   <div class='ocr_carea' id='block_1_42' title="bbox 2025 1295 3614 1367">
    <p class='ocr_par' dir='ltr' id='par_1_42' title="bbox 2025 1295 3614 1367">
     <span class='ocr_line' id='line_1_42' title="bbox 2025 1295 3614 1367; baseline -0.004 -13"><span class='ocrx_word' id='word_1_314' title='bbox 2025 1302 2118 1354; x_wconf 88' lang='lat' dir='ltr'><strong>sed</strong></span> <span class='ocrx_word' id='word_1_315' title='bbox 2141 1300 2195 1354; x_wconf 91' lang='lat' dir='ltr'><strong>in</strong></span> <span class='ocrx_word' id='word_1_316' title='bbox 2224 1301 2488 1354; x_wconf 80' lang='lat' dir='ltr'><strong>unitatem</strong></span> <span class='ocrx_word' id='word_1_317' title='bbox 2505 1300 2795 1367; x_wconf 84' lang='lat' dir='ltr'><strong>quamdam</strong></span> <span class='ocrx_word' id='word_1_318' title='bbox 2819 1296 3379 1363; x_wconf 81' lang='lat' dir='ltr'><strong>absOlutissimam,ut</strong></span> <span class='ocrx_word' id='word_1_319' title='bbox 3396 1295 3614 1364; x_wconf 82' lang='lat' dir='ltr'><strong>quidem</strong></span> 
     </span>
    </p>
   </div>
   <div class='ocr_carea' id='block_1_43' title="bbox 2026 1390 3616 1463">
    <p class='ocr_par' dir='ltr' id='par_1_43' title="bbox 2026 1390 3616 1463">
     <span class='ocr_line' id='line_1_43' title="bbox 2026 1390 3616 1463; baseline -0.003 -18"><span class='ocrx_word' id='word_1_320' title='bbox 2026 1393 2385 1459; x_wconf 82' lang='lat' dir='ltr'><strong>arbitrantur,</strong></span> <span class='ocrx_word' id='word_1_321' title='bbox 2428 1393 2866 1463; x_wconf 82' lang='lat' dir='ltr'><strong>constringentes</strong></span> <span class='ocrx_word' id='word_1_322' title='bbox 2894 1391 3130 1447; x_wconf 80' lang='lat' dir='ltr'><strong>Verbum</strong></span> <span class='ocrx_word' id='word_1_323' title='bbox 3168 1390 3281 1454; x_wconf 90' lang='lat' dir='ltr'><strong>Dei,</strong></span> <span class='ocrx_word' id='word_1_324' title='bbox 3327 1398 3381 1444; x_wconf 89' lang='lat' dir='ltr'><strong>et</strong></span> <span class='ocrx_word' id='word_1_325' title='bbox 3413 1395 3616 1443; x_wconf 68' lang='lat' dir='ltr'><strong>sanctas</strong></span> 
     </span>
    </p>
   </div>
   <div class='ocr_carea' id='block_1_44' title="bbox 2028 1478 3613 1557">
    <p class='ocr_par' dir='ltr' id='par_1_44' title="bbox 2028 1478 3613 1557">
     <span class='ocr_line' id='line_1_44' title="bbox 2028 1478 3613 1557; baseline -0.004 -18"><span class='ocrx_word' id='word_1_326' title='bbox 2028 1485 2265 1555; x_wconf 77' lang='lat' dir='ltr'><strong>Virginis</strong></span> <span class='ocrx_word' id='word_1_327' title='bbox 2297 1486 2577 1557; x_wconf 81' lang='lat' dir='ltr'><strong>templum,</strong></span> <span class='ocrx_word' id='word_1_328' title='bbox 2607 1486 2885 1542; x_wconf 88' lang='lat' dir='ltr'><strong>habitasse</strong></span> <span class='ocrx_word' id='word_1_329' title='bbox 2910 1483 3128 1552; x_wconf 87' lang='lat' dir='ltr'><strong>quidem</strong></span> <span class='ocrx_word' id='word_1_330' title='bbox 3164 1481 3216 1537; x_wconf 90' lang='lat' dir='ltr'><strong>in</strong></span> <span class='ocrx_word' id='word_1_331' title='bbox 3253 1495 3320 1541; x_wconf 79' lang='lat' dir='ltr'><strong>eo</strong></span> <span class='ocrx_word' id='word_1_332' title='bbox 3348 1478 3613 1542; x_wconf 84' lang='lat' dir='ltr'><strong>Verbum,</strong></span> 
     </span>
    </p>
   </div>
   <div class='ocr_carea' id='block_1_45' title="bbox 2027 1570 3611 1647">
    <p class='ocr_par' dir='ltr' id='par_1_45' title="bbox 2027 1570 3611 1647">
     <span class='ocr_line' id='line_1_45' title="bbox 2027 1570 3611 1647; baseline -0.004 -16"><span class='ocrx_word' id='word_1_333' title='bbox 2027 1587 2082 1631; x_wconf 87' lang='lat' dir='ltr'><strong>ct</strong></span> <span class='ocrx_word' id='word_1_334' title='bbox 2113 1591 2312 1647; x_wconf 90' lang='lat' dir='ltr'><strong>corpus</strong></span> <span class='ocrx_word' id='word_1_335' title='bbox 2340 1578 2483 1647; x_wconf 89' lang='lat' dir='ltr'><strong>quod</strong></span> <span class='ocrx_word' id='word_1_336' title='bbox 2530 1576 2823 1647; x_wconf 86' lang='lat' dir='ltr'><strong>assumpsit</strong></span> <span class='ocrx_word' id='word_1_337' title='bbox 2875 1574 3152 1646; x_wconf 87' lang='lat' dir='ltr'><strong>proprium</strong></span> <span class='ocrx_word' id='word_1_338' title='bbox 3201 1571 3304 1628; x_wconf 90' lang='lat' dir='ltr'><strong>sibi</strong></span> <span class='ocrx_word' id='word_1_339' title='bbox 3357 1570 3553 1627; x_wconf 81' lang='lat' dir='ltr'><strong>fecisse</strong></span> <span class='ocrx_word' id='word_1_340' title='bbox 3593 1586 3611 1624; x_wconf 84' lang='lat'><strong>:</strong></span> 
     </span>
    </p>
   </div>
   <div class='ocr_carea' id='block_1_46' title="bbox 2029 1661 3618 1736">
    <p class='ocr_par' dir='ltr' id='par_1_46' title="bbox 2029 1661 3618 1736">
     <span class='ocr_line' id='line_1_46' title="bbox 2029 1661 3618 1736; baseline -0.005 -15"><span class='ocrx_word' id='word_1_341' title='bbox 2029 1669 2210 1722; x_wconf 82' lang='lat' dir='ltr'><strong>anima</strong></span> <span class='ocrx_word' id='word_1_342' title='bbox 2241 1678 2422 1723; x_wconf 89' lang='lat' dir='ltr'><strong>autem</strong></span> <span class='ocrx_word' id='word_1_343' title='bbox 2454 1667 2703 1723; x_wconf 86' lang='lat' dir='ltr'><strong>rationali</strong></span> <span class='ocrx_word' id='word_1_344' title='bbox 2732 1676 2895 1736; x_wconf 86' lang='lat' dir='ltr'><strong>atque</strong></span> <span class='ocrx_word' id='word_1_345' title='bbox 2926 1662 3277 1720; x_wconf 89' lang='lat' dir='ltr'><strong>intellectuali</strong></span> <span class='ocrx_word' id='word_1_346' title='bbox 3309 1661 3485 1718; x_wconf 88' lang='lat' dir='ltr'><strong>locum</strong></span> <span class='ocrx_word' id='word_1_347' title='bbox 3522 1661 3618 1714; x_wconf 80' lang='lat' dir='ltr'><strong>int-</strong></span> 
     </span>
    </p>
   </div>
   <div class='ocr_carea' id='block_1_47' title="bbox 2029 1754 3616 1831">
    <p class='ocr_par' dir='ltr' id='par_1_47' title="bbox 2029 1754 3616 1831">
     <span class='ocr_line' id='line_1_47' title="bbox 2029 1754 3616 1831; baseline -0.004 -18"><span class='ocrx_word' id='word_1_348' title='bbox 2029 1762 2220 1831; x_wconf 87' lang='lat' dir='ltr'><strong>plesse.</strong></span> <span class='ocrx_word' id='word_1_349' title='bbox 2245 1761 2349 1814; x_wconf 82' lang='lat' dir='ltr'><strong>Alii</strong></span> <span class='ocrx_word' id='word_1_350' title='bbox 2374 1775 2564 1816; x_wconf 84' lang='lat' dir='ltr'><strong>rursus</strong></span> <span class='ocrx_word' id='word_1_351' title='bbox 2590 1760 2693 1814; x_wconf 89' lang='lat' dir='ltr'><strong>alia</strong></span> <span class='ocrx_word' id='word_1_352' title='bbox 2712 1760 2903 1815; x_wconf 82' lang='lat' dir='ltr'><strong>horum</strong></span> <span class='ocrx_word' id='word_1_353' title='bbox 2925 1756 3273 1825; x_wconf 80' lang='lat' dir='ltr'><strong>Opinionibus</strong></span> <span class='ocrx_word' id='word_1_354' title='bbox 3298 1754 3455 1824; x_wconf 84' lang='lat' dir='ltr'><strong>plane</strong></span> <span class='ocrx_word' id='word_1_355' title='bbox 3483 1768 3616 1808; x_wconf 90' lang='lat' dir='ltr'><strong>con-</strong></span> 
     </span>
    </p>
   </div>
   <div class='ocr_carea' id='block_1_48' title="bbox 2031 1845 3617 1918">
    <p class='ocr_par' dir='ltr' id='par_1_48' title="bbox 2031 1845 3617 1918">
     <span class='ocr_line' id='line_1_48' title="bbox 2031 1845 3617 1918; baseline -0.003 -12"><span class='ocrx_word' id='word_1_356' title='bbox 2031 1854 2197 1907; x_wconf 86' lang='lat' dir='ltr'><strong>traria</strong></span> <span class='ocrx_word' id='word_1_357' title='bbox 2217 1862 2482 1918; x_wconf 86' lang='lat' dir='ltr'><strong>statuunt,</strong></span> <span class='ocrx_word' id='word_1_358' title='bbox 2510 1853 2764 1906; x_wconf 86' lang='lat' dir='ltr'><strong>nimirum</strong></span> <span class='ocrx_word' id='word_1_359' title='bbox 2792 1866 2860 1907; x_wconf 79' lang='lat' dir='ltr'><strong>ex</strong></span> <span class='ocrx_word' id='word_1_360' title='bbox 2892 1850 2985 1905; x_wconf 89' lang='lat' dir='ltr'><strong>Dei</strong></span> <span class='ocrx_word' id='word_1_361' title='bbox 3023 1848 3219 1912; x_wconf 87' lang='lat' dir='ltr'><strong>Verbo,</strong></span> <span class='ocrx_word' id='word_1_362' title='bbox 3250 1855 3413 1915; x_wconf 80' lang='lat' dir='ltr'><strong>atque</strong></span> <span class='ocrx_word' id='word_1_363' title='bbox 3436 1845 3617 1901; x_wconf 77' lang='lat' dir='ltr'><strong>anima</strong></span> 
     </span>
    </p>
   </div>
   <div class='ocr_carea' id='block_1_49' title="bbox 2029 1936 3619 2013">
    <p class='ocr_par' dir='ltr' id='par_1_49' title="bbox 2029 1936 3619 2013">
     <span class='ocr_line' id='line_1_49' title="bbox 2029 1936 3619 2013; baseline -0.008 -14"><span class='ocrx_word' id='word_1_364' title='bbox 2029 1944 2281 2000; x_wconf 81' lang='lat' dir='ltr'><strong>rationali</strong></span> <span class='ocrx_word' id='word_1_365' title='bbox 2321 1954 2375 1998; x_wconf 91' lang='lat' dir='ltr'><strong>et</strong></span> <span class='ocrx_word' id='word_1_366' title='bbox 2425 1958 2672 2013; x_wconf 84' lang='lat' dir='ltr'><strong>corpore,</strong></span> <span class='ocrx_word' id='word_1_367' title='bbox 2718 1942 2832 1997; x_wconf 83' lang='lat' dir='ltr'><strong>sive</strong></span> <span class='ocrx_word' id='word_1_368' title='bbox 2886 1957 2954 1997; x_wconf 78' lang='lat' dir='ltr'><strong>ex</strong></span> <span class='ocrx_word' id='word_1_369' title='bbox 3003 1940 3240 2010; x_wconf 78' lang='lat' dir='ltr'><strong>perfecta</strong></span> <span class='ocrx_word' id='word_1_370' title='bbox 3293 1936 3619 2007; x_wconf 60' lang='lat' dir='ltr'><strong>simpliciter</strong></span> 
     </span>
    </p>
   </div>
   <div class='ocr_carea' id='block_1_50' title="bbox 2030 2031 3619 2102">
    <p class='ocr_par' dir='ltr' id='par_1_50' title="bbox 2030 2031 3619 2102">
     <span class='ocr_line' id='line_1_50' title="bbox 2030 2031 3619 2102; baseline -0.005 -12"><span class='ocrx_word' id='word_1_371' title='bbox 2030 2037 2370 2092; x_wconf 86' lang='lat' dir='ltr'><strong>humanitate</strong></span> <span class='ocrx_word' id='word_1_372' title='bbox 2416 2038 2771 2092; x_wconf 83' lang='lat' dir='ltr'><strong>constitutum</strong></span> <span class='ocrx_word' id='word_1_373' title='bbox 2804 2047 2868 2087; x_wconf 91' lang='lat' dir='ltr'><strong>ac</strong></span> <span class='ocrx_word' id='word_1_374' title='bbox 2898 2032 3257 2102; x_wconf 87' lang='lat' dir='ltr'><strong>compositum</strong></span> <span class='ocrx_word' id='word_1_375' title='bbox 3293 2031 3619 2085; x_wconf 85' lang='lat' dir='ltr'><strong>Emmanue-</strong></span> 
     </span>
    </p>
   </div>
   <div class='ocr_carea' id='block_1_51' title="bbox 2029 2120 3619 2190">
    <p class='ocr_par' dir='ltr' id='par_1_51' title="bbox 2029 2120 3619 2190">
     <span class='ocr_line' id='line_1_51' title="bbox 2029 2120 3619 2190; baseline -0.009 -2"><span class='ocrx_word' id='word_1_376' title='bbox 2029 2133 2135 2190; x_wconf 91' lang='lat' dir='ltr'><strong>lem</strong></span> <span class='ocrx_word' id='word_1_377' title='bbox 2169 2139 2458 2187; x_wconf 86' lang='lat' dir='ltr'><strong>censentes</strong></span> <span class='ocrx_word' id='word_1_378' title='bbox 2496 2146 2513 2184; x_wconf 88' lang='lat'><strong>:</strong></span> <span class='ocrx_word' id='word_1_379' title='bbox 2551 2143 2655 2183; x_wconf 90' lang='lat' dir='ltr'><strong>non</strong></span> <span class='ocrx_word' id='word_1_380' title='bbox 2704 2136 2884 2182; x_wconf 85' lang='lat' dir='ltr'><strong>tamen</strong></span> <span class='ocrx_word' id='word_1_381' title='bbox 2930 2125 2984 2179; x_wconf 92' lang='lat' dir='ltr'><strong>in</strong></span> <span class='ocrx_word' id='word_1_382' title='bbox 3016 2124 3328 2179; x_wconf 87' lang='lat' dir='ltr'><strong>universum</strong></span> <span class='ocrx_word' id='word_1_383' title='bbox 3360 2120 3481 2189; x_wconf 78' lang='lat' dir='ltr'><strong>eius</strong></span> <span class='ocrx_word' id='word_1_384' title='bbox 3502 2120 3619 2189; x_wconf 67' lang='lat' dir='ltr'><strong>glo~</strong></span> 
     </span>
    </p>
   </div>
   <div class='ocr_carea' id='block_1_52' title="bbox 2030 2213 3617 2291">
    <p class='ocr_par' dir='ltr' id='par_1_52' title="bbox 2030 2213 3617 2291">
     <span class='ocr_line' id='line_1_52' title="bbox 2030 2213 3617 2291; baseline -0.011 -13"><span class='ocrx_word' id='word_1_385' title='bbox 2030 2224 2168 2279; x_wconf 88' lang='lat' dir='ltr'><strong>riam</strong></span> <span class='ocrx_word' id='word_1_386' title='bbox 2192 2231 2359 2291; x_wconf 89' lang='lat' dir='ltr'><strong>atque</strong></span> <span class='ocrx_word' id='word_1_387' title='bbox 2381 2220 2644 2275; x_wconf 88' lang='lat' dir='ltr'><strong>honorem</strong></span> <span class='ocrx_word' id='word_1_388' title='bbox 2670 2217 2935 2286; x_wconf 78' lang='lat' dir='ltr'><strong>integrum</strong></span> <span class='ocrx_word' id='word_1_389' title='bbox 2966 2213 3301 2282; x_wconf 59' lang='lat' dir='ltr'><strong>illarsumque</strong></span> <span class='ocrx_word' id='word_1_390' title='bbox 3325 2224 3617 2267; x_wconf 80' lang='lat' dir='ltr'><strong>conserva-</strong></span> 
     </span>
    </p>
   </div>
   <div class='ocr_carea' id='block_1_53' title="bbox 2032 2303 3621 2368">
    <p class='ocr_par' dir='ltr' id='par_1_53' title="bbox 2032 2303 3621 2368">
     <span class='ocr_line' id='line_1_53' title="bbox 2032 2303 3621 2368; baseline -0.009 -1"><span class='ocrx_word' id='word_1_391' title='bbox 2032 2321 2176 2367; x_wconf 88' lang='lat' dir='ltr'><strong>runt.</strong></span> <span class='ocrx_word' id='word_1_392' title='bbox 2206 2310 2388 2367; x_wconf 88' lang='lat' dir='ltr'><strong>Unum</strong></span> <span class='ocrx_word' id='word_1_393' title='bbox 2411 2309 2557 2364; x_wconf 89' lang='lat' dir='ltr'><strong>enim</strong></span> <span class='ocrx_word' id='word_1_394' title='bbox 2581 2308 2853 2364; x_wconf 87' lang='lat' dir='ltr'><strong>Christum</strong></span> <span class='ocrx_word' id='word_1_395' title='bbox 2882 2307 2935 2361; x_wconf 90' lang='lat' dir='ltr'><strong>in</strong></span> <span class='ocrx_word' id='word_1_396' title='bbox 2962 2305 3066 2359; x_wconf 93' lang='lat' dir='ltr'><strong>duo</strong></span> <span class='ocrx_word' id='word_1_397' title='bbox 3096 2303 3362 2368; x_wconf 84' lang='lat' dir='ltr'><strong>dividunt,</strong></span> <span class='ocrx_word' id='word_1_398' title='bbox 3386 2310 3443 2356; x_wconf 90' lang='lat' dir='ltr'><strong>et</strong></span> <span class='ocrx_word' id='word_1_399' title='bbox 3470 2314 3621 2356; x_wconf 81' lang='lat' dir='ltr'><strong>cras-</strong></span> 
     </span>
    </p>
   </div>
   <div class='ocr_carea' id='block_1_54' title="bbox 2033 2391 3621 2472">
    <p class='ocr_par' dir='ltr' id='par_1_54' title="bbox 2033 2391 3621 2472">
     <span class='ocr_line' id='line_1_54' title="bbox 2033 2391 3621 2472; baseline -0.009 -15"><span class='ocrx_word' id='word_1_400' title='bbox 2033 2419 2151 2457; x_wconf 88' lang='lat' dir='ltr'><strong>sam</strong></span> <span class='ocrx_word' id='word_1_401' title='bbox 2185 2400 2589 2472; x_wconf 90' lang='lat' dir='ltr'><strong>quodammodo</strong></span> <span class='ocrx_word' id='word_1_402' title='bbox 2626 2398 2924 2455; x_wconf 87' lang='lat' dir='ltr'><strong>sectionem</strong></span> <span class='ocrx_word' id='word_1_403' title='bbox 2957 2394 3371 2457; x_wconf 87' lang='lat' dir='ltr'><strong>constituentes,</strong></span> <span class='ocrx_word' id='word_1_404' title='bbox 3404 2391 3459 2447; x_wconf 92' lang='lat' dir='ltr'><strong>in</strong></span> <span class='ocrx_word' id='word_1_405' title='bbox 3487 2391 3621 2445; x_wconf 84' lang='lat' dir='ltr'><strong>duas</strong></span> 
     </span>
    </p>
   </div>
   <div class='ocr_carea' id='block_1_55' title="bbox 2033 2483 3620 2564">
    <p class='ocr_par' dir='ltr' id='par_1_55' title="bbox 2033 2483 3620 2564">
     <span class='ocr_line' id='line_1_55' title="bbox 2033 2483 3620 2564; baseline -0.008 -15"><span class='ocrx_word' id='word_1_406' title='bbox 2033 2495 2188 2564; x_wconf 84' lang='lat' dir='ltr'><strong>quasi</strong></span> <span class='ocrx_word' id='word_1_407' title='bbox 2222 2502 2412 2562; x_wconf 87' lang='lat' dir='ltr'><strong>partes</strong></span> <span class='ocrx_word' id='word_1_408' title='bbox 2455 2492 2772 2548; x_wconf 90' lang='lat' dir='ltr'><strong>distinctum</strong></span> <span class='ocrx_word' id='word_1_409' title='bbox 2815 2489 3132 2552; x_wconf 86' lang='lat' dir='ltr'><strong>ostendunt,</strong></span> <span class='ocrx_word' id='word_1_410' title='bbox 3189 2486 3352 2540; x_wconf 74' lang='lat' dir='ltr'><strong>aliUm</strong></span> <span class='ocrx_word' id='word_1_411' title='bbox 3402 2483 3620 2553; x_wconf 89' lang='lat' dir='ltr'><strong>quidem</strong></span> 
     </span>
    </p>
   </div>
   <div class='ocr_carea' id='block_1_56' title="bbox 2034 2580 3622 2653">
    <p class='ocr_par' dir='ltr' id='par_1_56' title="bbox 2034 2580 3622 2653">
     <span class='ocr_line' id='line_1_56' title="bbox 2034 2580 3622 2653; baseline -0.007 -14"><span class='ocrx_word' id='word_1_412' title='bbox 2034 2602 2156 2644; x_wconf 86' lang='lat' dir='ltr'><strong>esse</strong></span> <span class='ocrx_word' id='word_1_413' title='bbox 2186 2587 2523 2643; x_wconf 77' lang='lat' dir='ltr'><strong>aﬂirmantes</strong></span> <span class='ocrx_word' id='word_1_414' title='bbox 2559 2599 2682 2640; x_wconf 91' lang='lat' dir='ltr'><strong>eum</strong></span> <span class='ocrx_word' id='word_1_415' title='bbox 2711 2583 2801 2653; x_wconf 89' lang='lat' dir='ltr'><strong>qui</strong></span> <span class='ocrx_word' id='word_1_416' title='bbox 2829 2598 2897 2637; x_wconf 74' lang='lat' dir='ltr'><strong>ex</strong></span> <span class='ocrx_word' id='word_1_417' title='bbox 2926 2580 3150 2651; x_wconf 78' lang='lat' dir='ltr'><strong>Virgine</strong></span> <span class='ocrx_word' id='word_1_418' title='bbox 3183 2586 3344 2633; x_wconf 82' lang='lat' dir='ltr'><strong>natus</strong></span> <span class='ocrx_word' id='word_1_419' title='bbox 3376 2586 3460 2634; x_wconf 86' lang='lat' dir='ltr'><strong>est</strong></span> <span class='ocrx_word' id='word_1_420' title='bbox 3497 2592 3622 2646; x_wconf 88' lang='lat' dir='ltr'><strong>per-</strong></span> 
     </span>
    </p>
   </div>
   <div class='ocr_carea' id='block_1_57' title="bbox 2041 2670 3625 2757">
    <p class='ocr_par' dir='ltr' id='par_1_57' title="bbox 2041 2670 3625 2757">
     <span class='ocr_line' id='line_1_57' title="bbox 2041 2670 3625 2757; baseline -0.007 -23"><span class='ocrx_word' id='word_1_421' title='bbox 2041 2683 2177 2737; x_wconf 78' lang='lat' dir='ltr'><strong>fecte</strong></span> <span class='ocrx_word' id='word_1_422' title='bbox 2206 2682 2390 2745; x_wconf 84' lang='lat' dir='ltr'><strong>homo,</strong></span> <span class='ocrx_word' id='word_1_423' title='bbox 2420 2679 2583 2733; x_wconf 88' lang='lat' dir='ltr'><strong>alium</strong></span> <span class='ocrx_word' id='word_1_424' title='bbox 2617 2693 2684 2733; x_wconf 80' lang='lat' dir='ltr'><strong>ex</strong></span> <span class='ocrx_word' id='word_1_425' title='bbox 2718 2677 2829 2731; x_wconf 85' lang='lat' dir='ltr'><strong>Deo</strong></span> <span class='ocrx_word' id='word_1_426' title='bbox 2860 2674 3020 2730; x_wconf 84' lang='lat' dir='ltr'><strong>Patre</strong></span> <span class='ocrx_word' id='word_1_427' title='bbox 3054 2670 3317 2757; x_wconf 69' lang='lat' dir='ltr'><strong>Verbum,</strong></span> <span class='ocrx_word' id='word_1_428' title='bbox 3352 2684 3462 2729; x_wconf 71' lang='lat' dir='ltr'><strong>non</strong></span> <span class='ocrx_word' id='word_1_429' title='bbox 3504 2682 3625 2737; x_wconf 73' lang='lat' dir='ltr'><strong>quas</strong></span> 
     </span>
    </p>
   </div>
   <div class='ocr_carea' id='block_1_58' title="bbox 2038 2758 3624 2833">
    <p class='ocr_par' dir='ltr' id='par_1_58' title="bbox 2038 2758 3624 2833">
     <span class='ocr_line' id='line_1_58' title="bbox 2038 2758 3624 2833; baseline -0.009 -8"><span class='ocrx_word' id='word_1_430' title='bbox 2038 2772 2107 2827; x_wconf 88' lang='lat' dir='ltr'><strong>sit</strong></span> <span class='ocrx_word' id='word_1_431' title='bbox 2144 2769 2302 2825; x_wconf 80' lang='lat' dir='ltr'><strong>Verbi</strong></span> <span class='ocrx_word' id='word_1_432' title='bbox 2334 2781 2528 2827; x_wconf 84' lang='lat' dir='ltr'><strong>natura</strong></span> <span class='ocrx_word' id='word_1_433' title='bbox 2552 2776 2609 2821; x_wconf 84' lang='lat' dir='ltr'><strong>et</strong></span> <span class='ocrx_word' id='word_1_434' title='bbox 2638 2767 2821 2824; x_wconf 83' lang='lat' dir='ltr'><strong>carnis</strong></span> <span class='ocrx_word' id='word_1_435' title='bbox 2844 2764 3258 2833; x_wconf 80' lang='lat' dir='ltr'><strong>distinguentes,</strong></span> <span class='ocrx_word' id='word_1_436' title='bbox 3284 2774 3462 2829; x_wconf 83' lang='lat' dir='ltr'><strong>neque</strong></span> <span class='ocrx_word' id='word_1_437' title='bbox 3491 2758 3624 2814; x_wconf 82' lang='lat' dir='ltr'><strong>solis</strong></span> 
     </span>
    </p>
   </div>
   <div class='ocr_carea' id='block_1_59' title="bbox 2039 2852 3626 2926">
    <p class='ocr_par' dir='ltr' id='par_1_59' title="bbox 2039 2852 3626 2926">
     <span class='ocr_line' id='line_1_59' title="bbox 2039 2852 3626 2926; baseline -0.008 -10"><span class='ocrx_word' id='word_1_438' title='bbox 2039 2862 2230 2916; x_wconf 84' lang='lat' dir='ltr'><strong>horum</strong></span> <span class='ocrx_word' id='word_1_439' title='bbox 2272 2859 2598 2916; x_wconf 67' lang='lat' dir='ltr'><strong>differentiis</strong></span> <span class='ocrx_word' id='word_1_440' title='bbox 2616 2860 2901 2917; x_wconf 60' lang='lat' dir='ltr'><strong>adhwrere</strong></span> <span class='ocrx_word' id='word_1_441' title='bbox 2932 2856 3176 2910; x_wconf 87' lang='lat' dir='ltr'><strong>volentes</strong></span> <span class='ocrx_word' id='word_1_442' title='bbox 3210 2852 3379 2926; x_wconf 76' lang='lat'><strong>680</strong></span> <span class='ocrx_word' id='word_1_443' title='bbox 3414 2852 3626 2922; x_wconf 84' lang='lat' dir='ltr'><strong>(neque</strong></span> 
     </span>
    </p>
   </div>
   <div class='ocr_carea' id='block_1_60' title="bbox 2039 2940 3628 3011">
    <p class='ocr_par' dir='ltr' id='par_1_60' title="bbox 2039 2940 3628 3011">
     <span class='ocr_line' id='line_1_60' title="bbox 2039 2940 3628 3011; baseline -0.005 -8"><span class='ocrx_word' id='word_1_444' title='bbox 2039 2951 2184 3005; x_wconf 78' lang='lat' dir='ltr'><strong>enim</strong></span> <span class='ocrx_word' id='word_1_445' title='bbox 2227 2950 2278 3003; x_wconf 91' lang='lat' dir='ltr'><strong>in</strong></span> <span class='ocrx_word' id='word_1_446' title='bbox 2319 2950 2420 3005; x_wconf 90' lang='lat' dir='ltr'><strong>hoc</strong></span> <span class='ocrx_word' id='word_1_447' title='bbox 2461 2963 2491 3002; x_wconf 88' lang='lat' dir='ltr'><strong>a</strong></span> <span class='ocrx_word' id='word_1_448' title='bbox 2531 2957 2677 3003; x_wconf 87' lang='lat' dir='ltr'><strong>recta</strong></span> <span class='ocrx_word' id='word_1_449' title='bbox 2708 2947 2976 3003; x_wconf 77' lang='lat' dir='ltr'><strong>sententia</strong></span> <span class='ocrx_word' id='word_1_450' title='bbox 3018 2945 3322 3011; x_wconf 88' lang='lat' dir='ltr'><strong>aberrant),</strong></span> <span class='ocrx_word' id='word_1_451' title='bbox 3349 2942 3443 3001; x_wconf 86' lang='lat' dir='ltr'><strong>sed</strong></span> <span class='ocrx_word' id='word_1_452' title='bbox 3482 2940 3628 2996; x_wconf 85' lang='lat' dir='ltr'><strong>hunc</strong></span> 
     </span>
    </p>
   </div>
   <div class='ocr_carea' id='block_1_61' title="bbox 2042 3037 3630 3112">
    <p class='ocr_par' dir='ltr' id='par_1_61' title="bbox 2042 3037 3630 3112">
     <span class='ocr_line' id='line_1_61' title="bbox 2042 3037 3630 3112; baseline -0.006 -14"><span class='ocrx_word' id='word_1_453' title='bbox 2042 3044 2257 3112; x_wconf 77' lang='lat' dir='ltr'><strong>quidem</strong></span> <span class='ocrx_word' id='word_1_454' title='bbox 2310 3049 2368 3095; x_wconf 90' lang='lat' dir='ltr'><strong>ut</strong></span> <span class='ocrx_word' id='word_1_455' title='bbox 2411 3040 2685 3101; x_wconf 85' lang='lat' dir='ltr'><strong>hominem</strong></span> <span class='ocrx_word' id='word_1_456' title='bbox 2745 3039 3157 3100; x_wconf 79' lang='lat' dir='ltr'><strong>constituentes,</strong></span> <span class='ocrx_word' id='word_1_457' title='bbox 3205 3037 3350 3091; x_wconf 90' lang='lat' dir='ltr'><strong>hunc</strong></span> <span class='ocrx_word' id='word_1_458' title='bbox 3389 3047 3518 3095; x_wconf 80' lang='lat' dir='ltr'><strong>vero</strong></span> <span class='ocrx_word' id='word_1_459' title='bbox 3570 3045 3630 3088; x_wconf 87' lang='lat' dir='ltr'><strong>ut</strong></span> 
     </span>
    </p>
   </div>
   <div class='ocr_carea' id='block_1_62' title="bbox 359 3127 1939 3209">
    <p class='ocr_par' dir='ltr' id='par_1_62' title="bbox 359 3128 1939 3202">
     <span class='ocr_line' id='line_1_62' title="bbox 359 3128 1939 3202; baseline 0.002 -19"><span class='ocrx_word' id='word_1_460' title='bbox 359 3130 528 3202; x_wconf 83' lang='grc' dir='ltr'><strong>χωρεῖ</strong></span> <span class='ocrx_word' id='word_1_461' title='bbox 552 3128 848 3192; x_wconf 73' lang='grc' dir='ltr'>ἐθέλοντεςο</span> <span class='ocrx_word' id='word_1_462' title='bbox 884 3130 944 3182; x_wconf 87' lang='grc' dir='ltr'><strong>ού</strong></span> <span class='ocrx_word' id='word_1_463' title='bbox 979 3128 1086 3199; x_wconf 78' lang='grc' dir='ltr'><strong>γὰρ</strong></span> <span class='ocrx_word' id='word_1_464' title='bbox 1116 3129 1182 3182; x_wconf 83' lang='grc' dir='ltr'>ἂν</span> <span class='ocrx_word' id='word_1_465' title='bbox 1209 3130 1413 3194; x_wconf 75' lang='grc' dir='ltr'>ἐννοίας</span> <span class='ocrx_word' id='word_1_466' title='bbox 1453 3131 1551 3201; x_wconf 78' lang='grc' dir='ltr'>τῆς</span> <span class='ocrx_word' id='word_1_467' title='bbox 1587 3130 1819 3202; x_wconf 83' lang='grc' dir='ltr'>ἀληθοῦς</span> <span class='ocrx_word' id='word_1_468' title='bbox 1860 3135 1939 3195; x_wconf 72' lang='grc' dir='ltr'>εἰς</span> 
     </span>
    </p>
   </div>
   <div class='ocr_carea' id='block_1_63' title="bbox 2041 3127 3627 3209">
    <p class='ocr_par' dir='ltr' id='par_1_63' title="bbox 2044 3127 3627 3197">
     <span class='ocr_line' id='line_1_63' title="bbox 2044 3127 3627 3197; baseline -0.006 -8"><span class='ocrx_word' id='word_1_469' title='bbox 2044 3135 2211 3189; x_wconf 87' lang='lat' dir='ltr'><strong>Deum</strong></span> <span class='ocrx_word' id='word_1_470' title='bbox 2248 3133 2572 3193; x_wconf 83' lang='lat' dir='ltr'><strong>naturaliter</strong></span> <span class='ocrx_word' id='word_1_471' title='bbox 2598 3148 2664 3191; x_wconf 82' lang='lat' dir='ltr'><strong>ac</strong></span> <span class='ocrx_word' id='word_1_472' title='bbox 2689 3146 2815 3187; x_wconf 85' lang='lat' dir='ltr'><strong>vere</strong></span> <span class='ocrx_word' id='word_1_473' title='bbox 2845 3130 3041 3189; x_wconf 77' lang='lat' dir='ltr'><strong>Filium</strong></span> <span class='ocrx_word' id='word_1_474' title='bbox 3073 3129 3375 3189; x_wconf 86' lang='lat' dir='ltr'><strong>nominant.</strong></span> <span class='ocrx_word' id='word_1_475' title='bbox 3408 3127 3476 3189; x_wconf 78' lang='lat' dir='ltr'><strong>Et</strong></span> <span class='ocrx_word' id='word_1_476' title='bbox 3504 3127 3627 3197; x_wconf 88' lang='lat' dir='ltr'><strong>qui-</strong></span> 
     </span>
    </p>
   </div>
   <div class='ocr_carea' id='block_1_64' title="bbox 361 3220 1941 3293">
    <p class='ocr_par' dir='ltr' id='par_1_64' title="bbox 361 3220 1941 3293">
     <span class='ocr_line' id='line_1_64' title="bbox 361 3220 1941 3293; baseline 0.001 -19"><span class='ocrx_word' id='word_1_477' title='bbox 361 3222 520 3275; x_wconf 84' lang='grc' dir='ltr'>τοῦτο</span> <span class='ocrx_word' id='word_1_478' title='bbox 542 3220 862 3291; x_wconf 82' lang='grc' dir='ltr'>διήμαρτον,</span> <span class='ocrx_word' id='word_1_479' title='bbox 887 3220 1007 3273; x_wconf 70' lang='grc' dir='ltr'>ἐπεὶ</span> <span class='ocrx_word' id='word_1_480' title='bbox 1030 3221 1105 3290; x_wconf 85' lang='grc' dir='ltr'>μὴ</span> <span class='ocrx_word' id='word_1_481' title='bbox 1134 3220 1292 3288; x_wconf 61' lang='grc' dir='ltr'>φύσις</span> <span class='ocrx_word' id='word_1_482' title='bbox 1314 3222 1348 3291; x_wconf 79' lang='grc' dir='ltr'><strong>η</strong></span> <span class='ocrx_word' id='word_1_483' title='bbox 1376 3222 1512 3291; x_wconf 84' lang='grc' dir='ltr'>αὐτὴ</span> <span class='ocrx_word' id='word_1_484' title='bbox 1540 3223 1741 3293; x_wconf 86' lang='grc' dir='ltr'>σαρκός</span> <span class='ocrx_word' id='word_1_485' title='bbox 1766 3240 1826 3277; x_wconf 87' lang='grc' dir='ltr'><strong>τε</strong></span> <span class='ocrx_word' id='word_1_486' title='bbox 1847 3227 1941 3276; x_wconf 78' lang='grc' dir='ltr'>καὶ</span> 
     </span>
    </p>
   </div>
   <div class='ocr_carea' id='block_1_65' title="bbox 361 3311 1943 3387">
    <p class='ocr_par' dir='ltr' id='par_1_65' title="bbox 361 3311 1943 3387">
     <span class='ocr_line' id='line_1_65' title="bbox 361 3311 1943 3387; baseline 0.003 -21"><span class='ocrx_word' id='word_1_487' title='bbox 361 3312 522 3375; x_wconf 82' lang='grc' dir='ltr'>Θεοῦ,</span> <span class='ocrx_word' id='word_1_488' title='bbox 555 3312 691 3366; x_wconf 86' lang='grc' dir='ltr'><strong>ἀλλά</strong></span> <span class='ocrx_word' id='word_1_489' title='bbox 715 3311 806 3367; x_wconf 78' lang='grc' dir='ltr'>τὸν</span> <span class='ocrx_word' id='word_1_490' title='bbox 850 3312 948 3380; x_wconf 86' lang='grc' dir='ltr'>μὲν</span> <span class='ocrx_word' id='word_1_491' title='bbox 979 3312 1054 3375; x_wconf 85' lang='grc' dir='ltr'>ὡς</span> <span class='ocrx_word' id='word_1_492' title='bbox 1094 3311 1405 3384; x_wconf 80' lang='grc' dir='ltr'>ἄνθρωπον,</span> <span class='ocrx_word' id='word_1_493' title='bbox 1439 3314 1548 3387; x_wconf 74' lang='grc' dir='ltr'>ὶδιᾳ</span> <span class='ocrx_word' id='word_1_494' title='bbox 1573 3315 1814 3379; x_wconf 85' lang='grc' dir='ltr'>τιθέντες</span> <span class='ocrx_word' id='word_1_495' title='bbox 1850 3318 1943 3370; x_wconf 83' lang='grc' dir='ltr'>καὶ</span> 
     </span>
    </p>
   </div>
   <div class='ocr_carea' id='block_1_66' title="bbox 366 3403 1944 3477">
    <p class='ocr_par' dir='ltr' id='par_1_66' title="bbox 366 3403 1944 3477">
     <span class='ocr_line' id='line_1_66' title="bbox 366 3403 1944 3477; baseline -0.003 -17"><span class='ocrx_word' id='word_1_496' title='bbox 366 3403 663 3476; x_wconf 85' lang='grc' dir='ltr'>ἀναμέρος,</span> <span class='ocrx_word' id='word_1_497' title='bbox 690 3405 781 3459; x_wconf 79' lang='grc' dir='ltr'>τὸν</span> <span class='ocrx_word' id='word_1_498' title='bbox 806 3403 883 3469; x_wconf 84' lang='grc' dir='ltr'>δὲ,</span> <span class='ocrx_word' id='word_1_499' title='bbox 918 3403 993 3467; x_wconf 83' lang='grc' dir='ltr'><strong>ὡς</strong></span> <span class='ocrx_word' id='word_1_500' title='bbox 1018 3403 1171 3467; x_wconf 84' lang='grc' dir='ltr'>Θεὸν,</span> <span class='ocrx_word' id='word_1_501' title='bbox 1202 3403 1362 3473; x_wconf 82' lang='grc' dir='ltr'>φύσει</span> <span class='ocrx_word' id='word_1_502' title='bbox 1381 3422 1440 3457; x_wconf 92' lang='grc' dir='ltr'><strong>τε</strong></span> <span class='ocrx_word' id='word_1_503' title='bbox 1464 3407 1559 3459; x_wconf 81' lang='grc' dir='ltr'>καὶ</span> <span class='ocrx_word' id='word_1_504' title='bbox 1584 3405 1796 3477; x_wconf 84' lang='grc' dir='ltr'>ἀληθῶς</span> <span class='ocrx_word' id='word_1_505' title='bbox 1819 3409 1944 3462; x_wconf 66' lang='grc' dir='ltr'>Υἱὸν</span> 
     </span>
    </p>
   </div>
   <div class='ocr_carea' id='block_1_67' title="bbox 363 3492 1944 3573">
    <p class='ocr_par' dir='ltr' id='par_1_67' title="bbox 363 3492 1944 3573">
     <span class='ocr_line' id='line_1_67' title="bbox 363 3492 1944 3573; baseline 0.003 -23"><span class='ocrx_word' id='word_1_506' title='bbox 363 3496 711 3569; x_wconf 78' lang='grc' dir='ltr'>ὀνομάζουσι.</span> <span class='ocrx_word' id='word_1_507' title='bbox 740 3496 933 3551; x_wconf 79' lang='grc' dir='ltr'>Καίτοι</span> <span class='ocrx_word' id='word_1_508' title='bbox 962 3495 1219 3554; x_wconf 78' lang='grc' dir='ltr'>θέλονται,</span> <span class='ocrx_word' id='word_1_509' title='bbox 1243 3492 1381 3552; x_wconf 81' lang='grc' dir='ltr'>εἶναι</span> <span class='ocrx_word' id='word_1_510' title='bbox 1403 3497 1746 3572; x_wconf 53' lang='grc' dir='ltr'>Χριστιανοὶ,</span> <span class='ocrx_word' id='word_1_511' title='bbox 1768 3501 1863 3554; x_wconf 76' lang='grc' dir='ltr'><strong>καὶ</strong></span> <span class='ocrx_word' id='word_1_512' title='bbox 1879 3500 1944 3573; x_wconf 71' lang='grc' dir='ltr'>δὴ</span> 
     </span>
    </p>
   </div>
   <div class='ocr_carea' id='block_1_68' title="bbox 368 3590 1945 3663">
    <p class='ocr_par' dir='ltr' id='par_1_68' title="bbox 368 3590 1945 3663">
     <span class='ocr_line' id='line_1_68' title="bbox 368 3590 1945 3663; baseline 0.001 -17"><span class='ocrx_word' id='word_1_513' title='bbox 368 3593 462 3646; x_wconf 71' lang='grc' dir='ltr'><strong>καλ⁸</strong></span> <span class='ocrx_word' id='word_1_514' title='bbox 490 3591 698 3661; x_wconf 81' lang='grc' dir='ltr'>λογίδια</span> <span class='ocrx_word' id='word_1_515' title='bbox 720 3592 855 3646; x_wconf 82' lang='grc' dir='ltr'>ἅττα</span> <span class='ocrx_word' id='word_1_516' title='bbox 892 3592 1019 3662; x_wconf 75' lang='grc' dir='ltr'>περὶ</span> <span class='ocrx_word' id='word_1_517' title='bbox 1051 3590 1241 3645; x_wconf 81' lang='grc' dir='ltr'>τούτου</span> <span class='ocrx_word' id='word_1_518' title='bbox 1284 3593 1694 3663; x_wconf 84' lang='grc' dir='ltr'>συγγράφοντες</span> <span class='ocrx_word' id='word_1_519' title='bbox 1718 3634 1733 3659; x_wconf 90' lang='grc'><strong>,</strong></span> <span class='ocrx_word' id='word_1_520' title='bbox 1771 3595 1945 3649; x_wconf 75' lang='grc' dir='ltr'>εἰπεῖν</span> 
     </span>
    </p>
   </div>
   <div class='ocr_carea' id='block_1_69' title="bbox 367 3684 1945 3757">
    <p class='ocr_par' dir='ltr' id='par_1_69' title="bbox 367 3684 1945 3757">
     <span class='ocr_line' id='line_1_69' title="bbox 367 3684 1945 3757; baseline 0.002 -20"><span class='ocrx_word' id='word_1_521' title='bbox 367 3685 767 3757; x_wconf 80' lang='grc' dir='ltr'>τετολμήκασιν</span> <span class='ocrx_word' id='word_1_522' title='bbox 794 3686 985 3747; x_wconf 81' lang='grc' dir='ltr'>αὑταῖς</span> <span class='ocrx_word' id='word_1_523' title='bbox 1022 3684 1253 3751; x_wconf 72' lang='grc' dir='ltr'>λέξεσινο</span> <span class='ocrx_word' id='word_1_524' title='bbox 1304 3685 1361 3739; x_wconf 86' lang='grc'><strong>’0</strong></span> <span class='ocrx_word' id='word_1_525' title='bbox 1388 3685 1485 3755; x_wconf 79' lang='grc' dir='ltr'>μὲν</span> <span class='ocrx_word' id='word_1_526' title='bbox 1507 3685 1616 3756; x_wconf 82' lang='grc' dir='ltr'><strong>γὰρ</strong></span> <span class='ocrx_word' id='word_1_527' title='bbox 1649 3684 1809 3755; x_wconf 84' lang='grc' dir='ltr'>φύσει</span> <span class='ocrx_word' id='word_1_528' title='bbox 1850 3688 1945 3741; x_wconf 77' lang='grc' dir='ltr'>καὶ</span> 
     </span>
    </p>
   </div>
   <div class='ocr_carea' id='block_1_70' title="bbox 368 3777 1943 3851">
    <p class='ocr_par' dir='ltr' id='par_1_70' title="bbox 368 3777 1943 3851">
     <span class='ocr_line' id='line_1_70' title="bbox 368 3777 1943 3851; baseline 0.001 -19"><span class='ocrx_word' id='word_1_529' title='bbox 368 3779 587 3851; x_wconf 83' lang='grc' dir='ltr'>ἀληθῶς</span> <span class='ocrx_word' id='word_1_530' title='bbox 620 3780 747 3843; x_wconf 82' lang='grc' dir='ltr'><strong>Υἱὸς</strong></span> <span class='ocrx_word' id='word_1_531' title='bbox 778 3780 807 3831; x_wconf 85' lang='grc' dir='ltr'>ὁ</span> <span class='ocrx_word' id='word_1_532' title='bbox 845 3781 909 3832; x_wconf 84' lang='grc' dir='ltr'>ὲκ</span> <span class='ocrx_word' id='word_1_533' title='bbox 930 3777 1066 3834; x_wconf 86' lang='grc' dir='ltr'>Θεοῦ</span> <span class='ocrx_word' id='word_1_534' title='bbox 1092 3777 1307 3848; x_wconf 81' lang='grc' dir='ltr'>[ἰατρὸς</span> <span class='ocrx_word' id='word_1_535' title='bbox 1338 3778 1512 3847; x_wconf 82' lang='grc' dir='ltr'>Λόγος</span> <span class='ocrx_word' id='word_1_536' title='bbox 1552 3779 1721 3835; x_wconf 73' lang='grc' dir='ltr'>ἐστιν.</span> <span class='ocrx_word' id='word_1_537' title='bbox 1780 3780 1839 3834; x_wconf 87' lang='lat'><strong>&#39;0</strong></span> <span class='ocrx_word' id='word_1_538' title='bbox 1866 3780 1943 3846; x_wconf 80' lang='grc' dir='ltr'>δὲ,</span> 
     </span>
    </p>
   </div>
   <div class='ocr_carea' id='block_1_71' title="bbox 366 3864 1945 3938">
    <p class='ocr_par' dir='ltr' id='par_1_71' title="bbox 366 3864 1945 3938">
     <span class='ocr_line' id='line_1_71' title="bbox 366 3864 1945 3938; baseline -0.001 -17"><span class='ocrx_word' id='word_1_539' title='bbox 366 3866 770 3938; x_wconf 83' lang='grc' dir='ltr'>ὁμωνύμωςτῷ</span> <span class='ocrx_word' id='word_1_540' title='bbox 794 3867 928 3937; x_wconf 80' lang='grc' dir='ltr'>Υἱῷ,</span> <span class='ocrx_word' id='word_1_541' title='bbox 958 3866 1106 3929; x_wconf 69' lang='grc' dir='ltr'>Υἱός.</span> <span class='ocrx_word' id='word_1_542' title='bbox 1140 3866 1251 3921; x_wconf 76' lang='grc' dir='ltr'><strong>Καὶ</strong></span> <span class='ocrx_word' id='word_1_543' title='bbox 1283 3865 1399 3936; x_wconf 85' lang='grc' dir='ltr'>μεθ’</span> <span class='ocrx_word' id='word_1_544' title='bbox 1422 3864 1588 3938; x_wconf 67' lang='grc' dir='ltr'>ἕτερα</span> <span class='ocrx_word' id='word_1_545' title='bbox 1634 3866 1796 3921; x_wconf 81' lang='grc' dir='ltr'>πάλιν</span> <span class='ocrx_word' id='word_1_546' title='bbox 1815 3883 1828 3899; x_wconf 79' lang='grc'><em>’</em></span> <span class='ocrx_word' id='word_1_547' title='bbox 1870 3867 1945 3920; x_wconf 81' lang='grc' dir='ltr'><strong>Οὐ</strong></span> 
     </span>
    </p>
   </div>
   <div class='ocr_carea' id='block_1_72' title="bbox 372 3956 1944 4030">
    <p class='ocr_par' dir='ltr' id='par_1_72' title="bbox 372 3956 1944 4030">
     <span class='ocr_line' id='line_1_72' title="bbox 372 3956 1944 4030; baseline -0.001 -17"><span class='ocrx_word' id='word_1_548' title='bbox 372 3957 510 4028; x_wconf 72' lang='grc' dir='ltr'>σὰρξ</span> <span class='ocrx_word' id='word_1_549' title='bbox 539 3960 567 4012; x_wconf 81' lang='grc' dir='ltr'><strong>ὀ</strong></span> <span class='ocrx_word' id='word_1_550' title='bbox 590 3958 684 4012; x_wconf 91' lang='grc' dir='ltr'><strong>τοῦ</strong></span> <span class='ocrx_word' id='word_1_551' title='bbox 712 3957 849 4011; x_wconf 90' lang='grc' dir='ltr'>Θεοῦ</span> <span class='ocrx_word' id='word_1_552' title='bbox 891 3957 1083 4026; x_wconf 86' lang='grc' dir='ltr'>Λόγος,</span> <span class='ocrx_word' id='word_1_553' title='bbox 1117 3956 1253 4011; x_wconf 85' lang='grc' dir='ltr'><strong>ἀλλά</strong></span> <span class='ocrx_word' id='word_1_554' title='bbox 1287 3956 1571 4030; x_wconf 80' lang='grc' dir='ltr'>ἄνθρωπον</span> <span class='ocrx_word' id='word_1_555' title='bbox 1620 3957 1944 4028; x_wconf 81' lang='grc' dir='ltr'>ἀνειληφώς.</span> 
     </span>
    </p>
   </div>
   <div class='ocr_carea' id='block_1_73' title="bbox 382 4047 1949 4119">
    <p class='ocr_par' dir='ltr' id='par_1_73' title="bbox 382 4047 1949 4119">
     <span class='ocr_line' id='line_1_73' title="bbox 382 4047 1949 4119; baseline -0.001 -18"><span class='ocrx_word' id='word_1_556' title='bbox 382 4050 439 4102; x_wconf 87' lang='lat' dir='ltr'><strong>‘U</strong></span> <span class='ocrx_word' id='word_1_557' title='bbox 472 4048 571 4118; x_wconf 83' lang='grc' dir='ltr'>μὲν</span> <span class='ocrx_word' id='word_1_558' title='bbox 592 4048 700 4119; x_wconf 80' lang='grc' dir='ltr'>γὰρ</span> <span class='ocrx_word' id='word_1_559' title='bbox 738 4047 1043 4119; x_wconf 80' lang='grc' dir='ltr'>Μονογενὴς</span> <span class='ocrx_word' id='word_1_560' title='bbox 1077 4047 1503 4119; x_wconf 79' lang='grc' dir='ltr'>προηγουμένως</span> <span class='ocrx_word' id='word_1_561' title='bbox 1547 4048 1641 4103; x_wconf 75' lang='grc' dir='ltr'>καὶ</span> <span class='ocrx_word' id='word_1_562' title='bbox 1672 4048 1793 4101; x_wconf 79' lang='grc' dir='ltr'>καθ’</span> <span class='ocrx_word' id='word_1_563' title='bbox 1818 4049 1949 4101; x_wconf 73' lang='grc' dir='ltr'>ἑαυ-</span> 
     </span>
    </p>
   </div>
   <div class='ocr_carea' id='block_1_74' title="bbox 370 4138 1951 4211">
    <p class='ocr_par' dir='ltr' id='par_1_74' title="bbox 370 4138 1951 4211">
     <span class='ocr_line' id='line_1_74' title="bbox 370 4138 1951 4211; baseline -0.001 -17"><span class='ocrx_word' id='word_1_564' title='bbox 370 4141 458 4194; x_wconf 81' lang='grc' dir='ltr'>τὸν</span> <span class='ocrx_word' id='word_1_565' title='bbox 480 4140 607 4204; x_wconf 71' lang='grc' dir='ltr'><strong>Υἱὸς</strong></span> <span class='ocrx_word' id='word_1_566' title='bbox 632 4140 752 4193; x_wconf 65' lang='grc' dir='ltr'>τοῦθ</span> <span class='ocrx_word' id='word_1_567' title='bbox 774 4139 910 4194; x_wconf 85' lang='grc' dir='ltr'>Θεοῦ</span> <span class='ocrx_word' id='word_1_568' title='bbox 953 4141 1092 4202; x_wconf 73' lang='grc' dir='ltr'>ἐστι,</span> <span class='ocrx_word' id='word_1_569' title='bbox 1120 4139 1214 4193; x_wconf 88' lang='grc' dir='ltr'><strong>τοῦ</strong></span> <span class='ocrx_word' id='word_1_570' title='bbox 1260 4140 1478 4194; x_wconf 83' lang='grc' dir='ltr'>πάντων</span> <span class='ocrx_word' id='word_1_571' title='bbox 1504 4138 1861 4211; x_wconf 80' lang='grc' dir='ltr'>δημιουργοῦ,</span> <span class='ocrx_word' id='word_1_572' title='bbox 1891 4138 1951 4192; x_wconf 85' lang='grc' dir='ltr'>ὃν</span> 
     </span>
    </p>
   </div>
   <div class='ocr_carea' id='block_1_75' title="bbox 368 4229 1951 4301">
    <p class='ocr_par' dir='ltr' id='par_1_75' title="bbox 368 4229 1951 4301">
     <span class='ocr_line' id='line_1_75' title="bbox 368 4229 1951 4301; baseline -0.001 -15"><span class='ocrx_word' id='word_1_573' title='bbox 368 4233 425 4286; x_wconf 71' lang='grc' dir='ltr'>δὲ</span> <span class='ocrx_word' id='word_1_574' title='bbox 448 4232 711 4287; x_wconf 80' lang='grc' dir='ltr'>ἀνέλαϐεν</span> <span class='ocrx_word' id='word_1_575' title='bbox 734 4231 1039 4301; x_wconf 79' lang='grc' dir='ltr'>ἄνθρωπον,</span> <span class='ocrx_word' id='word_1_576' title='bbox 1071 4230 1132 4283; x_wconf 79' lang='grc' dir='ltr'>οὐ</span> <span class='ocrx_word' id='word_1_577' title='bbox 1185 4229 1346 4298; x_wconf 82' lang='grc' dir='ltr'>φύσει</span> <span class='ocrx_word' id='word_1_578' title='bbox 1383 4230 1588 4301; x_wconf 79' lang='grc' dir='ltr'>Κύριος</span> <span class='ocrx_word' id='word_1_579' title='bbox 1611 4231 1708 4293; x_wconf 82' lang='grc' dir='ltr'><strong>ὢν.</strong></span> <span class='ocrx_word' id='word_1_580' title='bbox 1750 4230 1839 4284; x_wconf 86' lang='grc' dir='ltr'><strong>διά</strong></span> <span class='ocrx_word' id='word_1_581' title='bbox 1860 4230 1951 4285; x_wconf 72' lang='grc' dir='ltr'>τὸν</span> 
     </span>
    </p>
   </div>
   <div class='ocr_carea' id='block_1_76' title="bbox 369 4318 1953 4390">
    <p class='ocr_par' dir='ltr' id='par_1_76' title="bbox 369 4318 1953 4390">
     <span class='ocr_line' id='line_1_76' title="bbox 369 4318 1953 4390; baseline -0.003 -12"><span class='ocrx_word' id='word_1_582' title='bbox 369 4322 708 4378; x_wconf 85' lang='grc' dir='ltr'>ἀναλαϐόντα</span> <span class='ocrx_word' id='word_1_583' title='bbox 729 4320 890 4373; x_wconf 74' lang='grc' dir='ltr'>αὑτὸν</span> <span class='ocrx_word' id='word_1_584' title='bbox 917 4318 1131 4389; x_wconf 85' lang='grc' dir='ltr'>ἀληθῶς</span> <span class='ocrx_word' id='word_1_585' title='bbox 1155 4318 1290 4373; x_wconf 84' lang='grc' dir='ltr'>Θεοῦ</span> <span class='ocrx_word' id='word_1_586' title='bbox 1307 4318 1458 4384; x_wconf 77' lang='grc' dir='ltr'>Υἱὸν,</span> <span class='ocrx_word' id='word_1_587' title='bbox 1479 4319 1785 4390; x_wconf 77' lang='grc' dir='ltr'>ὁμωνύμως</span> <span class='ocrx_word' id='word_1_588' title='bbox 1805 4318 1953 4389; x_wconf 79' lang='grc' dir='ltr'>αὐτῷ</span> 
     </span>
    </p>
   </div>
   <div class='ocr_carea' id='block_1_77' title="bbox 370 4409 1952 4486">
    <p class='ocr_par' dir='ltr' id='par_1_77' title="bbox 370 4409 1952 4486">
     <span class='ocr_line' id='line_1_77' title="bbox 370 4409 1952 4486; baseline -0.011 -5"><span class='ocrx_word' id='word_1_589' title='bbox 370 4411 722 4486; x_wconf 69' lang='grc' dir='ltr'><strong>χρηματίζει·</strong></span> <span class='ocrx_word' id='word_1_590' title='bbox 753 4409 826 4463; x_wconf 76' lang='grc' dir='ltr'><strong>Τὸ</strong></span> <span class='ocrx_word' id='word_1_591' title='bbox 860 4411 960 4480; x_wconf 84' lang='grc' dir='ltr'>μὲν</span> <span class='ocrx_word' id='word_1_592' title='bbox 995 4410 1123 4481; x_wconf 76' lang='grc' dir='ltr'>γὰρ,</span> <span class='ocrx_word' id='word_1_593' title='bbox 1167 4429 1183 4459; x_wconf 80' lang='grc' dir='ltr'><strong>ι</strong></span> <span class='ocrx_word' id='word_1_594' title='bbox 1223 4410 1417 4475; x_wconf 75' lang='grc' dir='ltr'>Οὐδεὶς</span> <span class='ocrx_word' id='word_1_595' title='bbox 1439 4411 1585 4479; x_wconf 70' lang='grc' dir='ltr'>ἔγνω</span> <span class='ocrx_word' id='word_1_596' title='bbox 1608 4411 1697 4464; x_wconf 79' lang='grc' dir='ltr'>τὸν</span> <span class='ocrx_word' id='word_1_597' title='bbox 1727 4411 1876 4476; x_wconf 81' lang='grc' dir='ltr'>Υἱὸν,</span> <span class='ocrx_word' id='word_1_598' title='bbox 1904 4412 1952 4463; x_wconf 73' lang='grc' dir='ltr'>εἰ</span> 
     </span>
    </p>
   </div>
   <div class='ocr_carea' id='block_1_78' title="bbox 2045 3216 3628 3289">
    <p class='ocr_par' dir='ltr' id='par_1_78' title="bbox 2045 3216 3628 3289">
     <span class='ocr_line' id='line_1_78' title="bbox 2045 3216 3628 3289; baseline -0.005 -8"><span class='ocrx_word' id='word_1_599' title='bbox 2045 3228 2165 3283; x_wconf 83' lang='lat' dir='ltr'><strong>dem</strong></span> <span class='ocrx_word' id='word_1_600' title='bbox 2201 3225 2498 3281; x_wconf 81' lang='lat' dir='ltr'><strong>Christiani</strong></span> <span class='ocrx_word' id='word_1_601' title='bbox 2532 3224 2637 3279; x_wconf 90' lang='lat' dir='ltr'><strong>dici</strong></span> <span class='ocrx_word' id='word_1_602' title='bbox 2695 3224 2905 3285; x_wconf 72' lang='lat' dir='ltr'><strong>volunt,</strong></span> <span class='ocrx_word' id='word_1_603' title='bbox 2949 3230 3008 3277; x_wconf 84' lang='lat' dir='ltr'><strong>et</strong></span> <span class='ocrx_word' id='word_1_604' title='bbox 3068 3219 3328 3289; x_wconf 82' lang='lat' dir='ltr'><strong>opuscula</strong></span> <span class='ocrx_word' id='word_1_605' title='bbox 3368 3216 3628 3279; x_wconf 86' lang='lat' dir='ltr'><strong>nonnulla</strong></span> 
     </span>
    </p>
   </div>
   <div class='ocr_carea' id='block_1_79' title="bbox 2046 3310 3630 3381">
    <p class='ocr_par' dir='ltr' id='par_1_79' title="bbox 2046 3310 3630 3381">
     <span class='ocr_line' id='line_1_79' title="bbox 2046 3310 3630 3381; baseline -0.008 -8"><span class='ocrx_word' id='word_1_606' title='bbox 2046 3318 2147 3373; x_wconf 84' lang='lat' dir='ltr'><strong>hac</strong></span> <span class='ocrx_word' id='word_1_607' title='bbox 2174 3320 2239 3374; x_wconf 92' lang='lat' dir='ltr'><strong>de</strong></span> <span class='ocrx_word' id='word_1_608' title='bbox 2269 3334 2326 3373; x_wconf 91' lang='lat' dir='ltr'><strong>re</strong></span> <span class='ocrx_word' id='word_1_609' title='bbox 2352 3316 2785 3381; x_wconf 86' lang='lat' dir='ltr'><strong>conscribentes,</strong></span> <span class='ocrx_word' id='word_1_610' title='bbox 2828 3316 2904 3368; x_wconf 89' lang='lat' dir='ltr'><strong>ita</strong></span> <span class='ocrx_word' id='word_1_611' title='bbox 2956 3313 3139 3371; x_wconf 82' lang='lat' dir='ltr'><strong>verbis</strong></span> <span class='ocrx_word' id='word_1_612' title='bbox 3169 3310 3303 3381; x_wconf 78' lang='lat' dir='ltr'><strong>ipsis</strong></span> <span class='ocrx_word' id='word_1_613' title='bbox 3331 3310 3480 3380; x_wconf 73' lang='lat' dir='ltr'><strong>loqui</strong></span> <span class='ocrx_word' id='word_1_614' title='bbox 3508 3310 3630 3369; x_wconf 78' lang='lat' dir='ltr'><strong>ausi</strong></span> 
     </span>
    </p>
   </div>
   <div class='ocr_carea' id='block_1_80' title="bbox 2045 3399 3630 3465">
    <p class='ocr_par' dir='ltr' id='par_1_80' title="bbox 2045 3399 3630 3465">
     <span class='ocr_line' id='line_1_80' title="bbox 2045 3399 3630 3465; baseline -0.008 0"><span class='ocrx_word' id='word_1_615' title='bbox 2045 3421 2170 3465; x_wconf 88' lang='lat' dir='ltr'><strong>sunt</strong></span> <span class='ocrx_word' id='word_1_616' title='bbox 2200 3428 2213 3465; x_wconf 89' lang='lat'><strong>:</strong></span> <span class='ocrx_word' id='word_1_617' title='bbox 2245 3409 2345 3464; x_wconf 83' lang='lat' dir='ltr'><strong>llic</strong></span> <span class='ocrx_word' id='word_1_618' title='bbox 2374 3410 2519 3465; x_wconf 90' lang='lat' dir='ltr'><strong>enim</strong></span> <span class='ocrx_word' id='word_1_619' title='bbox 2560 3406 2884 3463; x_wconf 81' lang='lat' dir='ltr'><strong>naturaliter</strong></span> <span class='ocrx_word' id='word_1_620' title='bbox 2912 3421 2977 3463; x_wconf 84' lang='lat' dir='ltr'><strong>ac</strong></span> <span class='ocrx_word' id='word_1_621' title='bbox 3009 3418 3139 3460; x_wconf 69' lang='lat' dir='ltr'><strong>sere</strong></span> <span class='ocrx_word' id='word_1_622' title='bbox 3180 3402 3351 3463; x_wconf 80' lang='lat' dir='ltr'><strong>Filius</strong></span> <span class='ocrx_word' id='word_1_623' title='bbox 3398 3399 3630 3459; x_wconf 73' lang='lat' dir='ltr'><strong>Verbum</strong></span> 
     </span>
    </p>
   </div>
   <div class='ocr_carea' id='block_1_81' title="bbox 2045 3490 3628 3567">
    <p class='ocr_par' dir='ltr' id='par_1_81' title="bbox 2045 3490 3628 3567">
     <span class='ocr_line' id='line_1_81' title="bbox 2045 3490 3628 3567; baseline -0.008 -9"><span class='ocrx_word' id='word_1_624' title='bbox 2045 3517 2112 3558; x_wconf 77' lang='lat' dir='ltr'><strong>ex</strong></span> <span class='ocrx_word' id='word_1_625' title='bbox 2164 3503 2270 3559; x_wconf 89' lang='lat' dir='ltr'><strong>Deo</strong></span> <span class='ocrx_word' id='word_1_626' title='bbox 2304 3501 2463 3556; x_wconf 86' lang='lat' dir='ltr'><strong>Patre</strong></span> <span class='ocrx_word' id='word_1_627' title='bbox 2503 3510 2610 3556; x_wconf 90' lang='lat' dir='ltr'><strong>est.</strong></span> <span class='ocrx_word' id='word_1_628' title='bbox 2656 3499 2755 3556; x_wconf 84' lang='lat' dir='ltr'><strong>Hic</strong></span> <span class='ocrx_word' id='word_1_629' title='bbox 2795 3513 2951 3564; x_wconf 78' lang='lat' dir='ltr'><strong>vero,</strong></span> <span class='ocrx_word' id='word_1_630' title='bbox 2985 3497 3264 3567; x_wconf 78' lang='lat' dir='ltr'><strong>:equivoce</strong></span> <span class='ocrx_word' id='word_1_631' title='bbox 3296 3508 3419 3549; x_wconf 89' lang='lat' dir='ltr'><strong>cum</strong></span> <span class='ocrx_word' id='word_1_632' title='bbox 3467 3490 3628 3555; x_wconf 72' lang='lat' dir='ltr'><strong>Filio,</strong></span> 
     </span>
    </p>
   </div>
   <div class='ocr_carea' id='block_1_82' title="bbox 2048 3587 3634 3665">
    <p class='ocr_par' dir='ltr' id='par_1_82' title="bbox 2048 3587 3634 3665">
     <span class='ocr_line' id='line_1_82' title="bbox 2048 3587 3634 3665; baseline -0.006 -13"><span class='ocrx_word' id='word_1_633' title='bbox 2048 3596 2242 3652; x_wconf 87' lang='lat' dir='ltr'><strong>Filius.</strong></span> <span class='ocrx_word' id='word_1_634' title='bbox 2275 3595 2341 3649; x_wconf 87' lang='lat' dir='ltr'><strong>Et</strong></span> <span class='ocrx_word' id='word_1_635' title='bbox 2376 3593 2539 3665; x_wconf 88' lang='lat' dir='ltr'><strong>paulo</strong></span> <span class='ocrx_word' id='word_1_636' title='bbox 2571 3604 2692 3662; x_wconf 86' lang='lat' dir='ltr'><strong>post</strong></span> <span class='ocrx_word' id='word_1_637' title='bbox 2715 3605 2931 3649; x_wconf 81' lang='lat' dir='ltr'><strong>rursum</strong></span> <span class='ocrx_word' id='word_1_638' title='bbox 2961 3608 2974 3645; x_wconf 76' lang='grc' dir='ltr'>ε</span> <span class='ocrx_word' id='word_1_639' title='bbox 3011 3587 3249 3647; x_wconf 78' lang='lat' dir='ltr'><strong>Verbum</strong></span> <span class='ocrx_word' id='word_1_640' title='bbox 3278 3587 3376 3645; x_wconf 85' lang='lat' dir='ltr'><strong>Dei</strong></span> <span class='ocrx_word' id='word_1_641' title='bbox 3400 3601 3511 3642; x_wconf 88' lang='lat' dir='ltr'><strong>non</strong></span> <span class='ocrx_word' id='word_1_642' title='bbox 3548 3598 3634 3643; x_wconf 75' lang='lat' dir='ltr'><strong>est</strong></span> 
     </span>
    </p>
   </div>
   <div class='ocr_carea' id='block_1_83' title="bbox 2047 3678 3634 3754">
    <p class='ocr_par' dir='ltr' id='par_1_83' title="bbox 2047 3678 3634 3754">
     <span class='ocr_line' id='line_1_83' title="bbox 2047 3678 3634 3754; baseline -0.009 -12"><span class='ocrx_word' id='word_1_643' title='bbox 2047 3703 2195 3752; x_wconf 79' lang='lat' dir='ltr'><strong>caro,</strong></span> <span class='ocrx_word' id='word_1_644' title='bbox 2226 3689 2318 3743; x_wconf 88' lang='lat' dir='ltr'><strong>sed</strong></span> <span class='ocrx_word' id='word_1_645' title='bbox 2350 3688 2622 3742; x_wconf 89' lang='lat' dir='ltr'><strong>hominem</strong></span> <span class='ocrx_word' id='word_1_646' title='bbox 2650 3684 2969 3754; x_wconf 86' lang='lat' dir='ltr'><strong>assumpsit.</strong></span> <span class='ocrx_word' id='word_1_647' title='bbox 3008 3681 3107 3737; x_wconf 84' lang='lat' dir='ltr'><strong>Hie</strong></span> <span class='ocrx_word' id='word_1_648' title='bbox 3139 3681 3284 3739; x_wconf 89' lang='lat' dir='ltr'><strong>enim</strong></span> <span class='ocrx_word' id='word_1_649' title='bbox 3312 3678 3634 3749; x_wconf 70' lang='lat' dir='ltr'><strong>Unigenitus</strong></span> 
     </span>
    </p>
   </div>
   <div class='ocr_carea' id='block_1_84' title="bbox 2050 3771 3633 3851">
    <p class='ocr_par' dir='ltr' id='par_1_84' title="bbox 2050 3771 3633 3851">
     <span class='ocr_line' id='line_1_84' title="bbox 2050 3771 3633 3851; baseline -0.007 -18"><span class='ocrx_word' id='word_1_650' title='bbox 2050 3780 2441 3851; x_wconf 85' lang='lat' dir='ltr'><strong>principaliter,</strong></span> <span class='ocrx_word' id='word_1_651' title='bbox 2473 3794 2537 3834; x_wconf 88' lang='lat' dir='ltr'><strong>ac</strong></span> <span class='ocrx_word' id='word_1_652' title='bbox 2560 3792 2657 3849; x_wconf 89' lang='lat' dir='ltr'><strong>per</strong></span> <span class='ocrx_word' id='word_1_653' title='bbox 2685 3793 2746 3834; x_wconf 85' lang='lat' dir='ltr'><strong>se</strong></span> <span class='ocrx_word' id='word_1_654' title='bbox 2766 3776 2935 3833; x_wconf 88' lang='lat' dir='ltr'><strong>Filius</strong></span> <span class='ocrx_word' id='word_1_655' title='bbox 2966 3774 3060 3831; x_wconf 89' lang='lat' dir='ltr'><strong>Dei</strong></span> <span class='ocrx_word' id='word_1_656' title='bbox 3085 3782 3194 3841; x_wconf 89' lang='lat' dir='ltr'><strong>est,</strong></span> <span class='ocrx_word' id='word_1_657' title='bbox 3215 3771 3458 3828; x_wconf 85' lang='lat' dir='ltr'><strong>omnium</strong></span> <span class='ocrx_word' id='word_1_658' title='bbox 3480 3783 3633 3824; x_wconf 78' lang='lat' dir='ltr'><strong>crea-</strong></span> 
     </span>
    </p>
   </div>
   <div class='ocr_carea' id='block_1_85' title="bbox 2051 3866 3633 3941">
    <p class='ocr_par' dir='ltr' id='par_1_85' title="bbox 2051 3866 3633 3941">
     <span class='ocr_line' id='line_1_85' title="bbox 2051 3866 3633 3941; baseline -0.008 -14"><span class='ocrx_word' id='word_1_659' title='bbox 2051 3873 2205 3936; x_wconf 88' lang='lat' dir='ltr'><strong>toris,</strong></span> <span class='ocrx_word' id='word_1_660' title='bbox 2244 3886 2403 3941; x_wconf 89' lang='lat' dir='ltr'><strong>quem</strong></span> <span class='ocrx_word' id='word_1_661' title='bbox 2447 3886 2582 3927; x_wconf 90' lang='lat' dir='ltr'><strong>vero</strong></span> <span class='ocrx_word' id='word_1_662' title='bbox 2627 3870 2922 3941; x_wconf 81' lang='lat' dir='ltr'><strong>assumpsit</strong></span> <span class='ocrx_word' id='word_1_663' title='bbox 2953 3866 3249 3930; x_wconf 81' lang='lat' dir='ltr'><strong>hominem,</strong></span> <span class='ocrx_word' id='word_1_664' title='bbox 3284 3879 3391 3919; x_wconf 89' lang='lat' dir='ltr'><strong>non</strong></span> <span class='ocrx_word' id='word_1_665' title='bbox 3441 3869 3633 3916; x_wconf 83' lang='lat' dir='ltr'><strong>natura</strong></span> 
     </span>
    </p>
   </div>
   <div class='ocr_carea' id='block_1_86' title="bbox 2050 3953 3636 4033">
    <p class='ocr_par' dir='ltr' id='par_1_86' title="bbox 2050 3953 3636 4033">
     <span class='ocr_line' id='line_1_86' title="bbox 2050 3953 3636 4033; baseline -0.007 -16"><span class='ocrx_word' id='word_1_666' title='bbox 2050 3962 2193 4018; x_wconf 89' lang='lat' dir='ltr'><strong>Deus</strong></span> <span class='ocrx_word' id='word_1_667' title='bbox 2232 3964 2519 4027; x_wconf 82' lang='lat' dir='ltr'><strong>exsistens,</strong></span> <span class='ocrx_word' id='word_1_668' title='bbox 2557 3971 2777 4033; x_wconf 84' lang='lat' dir='ltr'><strong>propter</strong></span> <span class='ocrx_word' id='word_1_669' title='bbox 2821 3975 2944 4018; x_wconf 90' lang='lat' dir='ltr'><strong>eum</strong></span> <span class='ocrx_word' id='word_1_670' title='bbox 2980 3961 3076 4030; x_wconf 90' lang='lat' dir='ltr'><strong>qui</strong></span> <span class='ocrx_word' id='word_1_671' title='bbox 3119 3959 3295 4029; x_wconf 88' lang='lat' dir='ltr'><strong>ipsum</strong></span> <span class='ocrx_word' id='word_1_672' title='bbox 3339 3953 3636 4022; x_wconf 81' lang='lat' dir='ltr'><strong>assumpsit</strong></span> 
     </span>
    </p>
   </div>
   <div class='ocr_carea' id='block_1_87' title="bbox 2051 4045 3633 4118">
    <p class='ocr_par' dir='ltr' id='par_1_87' title="bbox 2051 4045 3633 4118">
     <span class='ocr_line' id='line_1_87' title="bbox 2051 4045 3633 4118; baseline -0.006 -11"><span class='ocrx_word' id='word_1_673' title='bbox 2051 4068 2179 4109; x_wconf 80' lang='lat' dir='ltr'><strong>vere</strong></span> <span class='ocrx_word' id='word_1_674' title='bbox 2204 4053 2298 4109; x_wconf 91' lang='lat' dir='ltr'><strong>Dei</strong></span> <span class='ocrx_word' id='word_1_675' title='bbox 2328 4052 2546 4116; x_wconf 82' lang='lat' dir='ltr'><strong>Filium,</strong></span> <span class='ocrx_word' id='word_1_676' title='bbox 2575 4052 2767 4108; x_wconf 86' lang='lat' dir='ltr'><strong>eadem</strong></span> <span class='ocrx_word' id='word_1_677' title='bbox 2794 4066 2853 4107; x_wconf 87' lang='lat' dir='ltr'><strong>se</strong></span> <span class='ocrx_word' id='word_1_678' title='bbox 2874 4066 2997 4107; x_wconf 86' lang='lat' dir='ltr'><strong>cum</strong></span> <span class='ocrx_word' id='word_1_679' title='bbox 3028 4065 3097 4106; x_wconf 91' lang='lat' dir='ltr'><strong>eo</strong></span> <span class='ocrx_word' id='word_1_680' title='bbox 3124 4045 3492 4118; x_wconf 81' lang='lat' dir='ltr'><strong>appellatione</strong></span> <span class='ocrx_word' id='word_1_681' title='bbox 3528 4059 3633 4099; x_wconf 85' lang='lat' dir='ltr'><strong>no-</strong></span> 
     </span>
    </p>
   </div>
   <div class='ocr_carea' id='block_1_88' title="bbox 2050 4132 3634 4201">
    <p class='ocr_par' dir='ltr' id='par_1_88' title="bbox 2050 4132 3634 4201">
     <span class='ocr_line' id='line_1_88' title="bbox 2050 4132 3634 4201; baseline -0.008 -2"><span class='ocrx_word' id='word_1_682' title='bbox 2050 4145 2243 4199; x_wconf 83' lang='lat' dir='ltr'><strong>minat.</strong></span> <span class='ocrx_word' id='word_1_683' title='bbox 2273 4142 2405 4198; x_wconf 90' lang='lat' dir='ltr'><strong>lllud</strong></span> <span class='ocrx_word' id='word_1_684' title='bbox 2442 4143 2584 4198; x_wconf 90' lang='lat' dir='ltr'><strong>enim</strong></span> <span class='ocrx_word' id='word_1_685' title='bbox 2627 4160 2642 4197; x_wconf 89' lang='lat'><strong>:</strong></span> <span class='ocrx_word' id='word_1_686' title='bbox 2690 4160 2709 4192; x_wconf 73' lang='grc' dir='ltr'><strong>ι</strong></span> <span class='ocrx_word' id='word_1_687' title='bbox 2744 4141 2910 4196; x_wconf 84' lang='lat' dir='ltr'><strong>Nemo</strong></span> <span class='ocrx_word' id='word_1_688' title='bbox 2940 4141 3091 4196; x_wconf 88' lang='lat' dir='ltr'><strong>novit</strong></span> <span class='ocrx_word' id='word_1_689' title='bbox 3131 4137 3353 4201; x_wconf 80' lang='lat' dir='ltr'><strong>Filium,</strong></span> <span class='ocrx_word' id='word_1_690' title='bbox 3395 4135 3497 4191; x_wconf 78' lang='lat' dir='ltr'><strong>nisi</strong></span> <span class='ocrx_word' id='word_1_691' title='bbox 3530 4132 3634 4187; x_wconf 82' lang='lat' dir='ltr'><strong>Pa-</strong></span> 
     </span>
    </p>
   </div>
   <div class='ocr_carea' id='block_1_89' title="bbox 2055 4229 3635 4301">
    <p class='ocr_par' dir='ltr' id='par_1_89' title="bbox 2055 4229 3635 4301">
     <span class='ocr_line' id='line_1_89' title="bbox 2055 4229 3635 4301; baseline -0.006 -11"><span class='ocrx_word' id='word_1_692' title='bbox 2055 4246 2135 4290; x_wconf 91' lang='lat' dir='ltr'><strong>ter</strong></span> <span class='ocrx_word' id='word_1_693' title='bbox 2158 4237 2201 4301; x_wconf 85' lang='grc'>⁸,</span> <span class='ocrx_word' id='word_1_694' title='bbox 2231 4254 2251 4287; x_wconf 69' lang='grc' dir='ltr'><strong>ι</strong></span> <span class='ocrx_word' id='word_1_695' title='bbox 2289 4236 2590 4292; x_wconf 87' lang='lat' dir='ltr'><strong>naturalem</strong></span> <span class='ocrx_word' id='word_1_696' title='bbox 2622 4251 2687 4290; x_wconf 82' lang='lat' dir='ltr'><strong>ac</strong></span> <span class='ocrx_word' id='word_1_697' title='bbox 2722 4250 2907 4290; x_wconf 85' lang='lat' dir='ltr'><strong>verum</strong></span> <span class='ocrx_word' id='word_1_698' title='bbox 2938 4249 3002 4291; x_wconf 81' lang='lat' dir='ltr'><strong>ex</strong></span> <span class='ocrx_word' id='word_1_699' title='bbox 3044 4233 3209 4290; x_wconf 81' lang='lat' dir='ltr'><strong>Patre</strong></span> <span class='ocrx_word' id='word_1_700' title='bbox 3245 4230 3442 4287; x_wconf 80' lang='lat' dir='ltr'><strong>Filium</strong></span> <span class='ocrx_word' id='word_1_701' title='bbox 3462 4229 3635 4298; x_wconf 73' lang='lat' dir='ltr'><strong>signi-</strong></span> 
     </span>
    </p>
   </div>
   <div class='ocr_carea' id='block_1_90' title="bbox 2053 4321 3634 4385">
    <p class='ocr_par' dir='ltr' id='par_1_90' title="bbox 2053 4321 3634 4385">
     <span class='ocr_line' id='line_1_90' title="bbox 2053 4321 3634 4385; baseline -0.006 -4"><span class='ocrx_word' id='word_1_702' title='bbox 2053 4326 2198 4383; x_wconf 83' lang='lat' dir='ltr'><strong>ﬁcat.</strong></span> <span class='ocrx_word' id='word_1_703' title='bbox 2234 4327 2366 4383; x_wconf 90' lang='lat' dir='ltr'><strong>Illud</strong></span> <span class='ocrx_word' id='word_1_704' title='bbox 2396 4343 2526 4384; x_wconf 91' lang='lat' dir='ltr'><strong>vero</strong></span> <span class='ocrx_word' id='word_1_705' title='bbox 2566 4344 2594 4381; x_wconf 90' lang='lat' dir='ltr'><strong>a</strong></span> <span class='ocrx_word' id='word_1_706' title='bbox 2641 4326 2893 4385; x_wconf 59' lang='grc' dir='ltr'>σκοτίοιο</span> <span class='ocrx_word' id='word_1_707' title='bbox 2946 4325 3152 4385; x_wconf 77' lang='lat' dir='ltr'><strong>dictum</strong></span> <span class='ocrx_word' id='word_1_708' title='bbox 3194 4342 3208 4379; x_wconf 89' lang='lat'><strong>:</strong></span> <span class='ocrx_word' id='word_1_709' title='bbox 3258 4340 3282 4375; x_wconf 72' lang='grc' dir='ltr'><strong>ι</strong></span> <span class='ocrx_word' id='word_1_710' title='bbox 3313 4321 3392 4377; x_wconf 70' lang='lat' dir='ltr'><strong>Ne</strong></span> <span class='ocrx_word' id='word_1_711' title='bbox 3419 4321 3634 4384; x_wconf 76' lang='lat' dir='ltr'><strong>timeas,</strong></span> 
     </span>
    </p>
   </div>
   <div class='ocr_carea' id='block_1_91' title="bbox 2056 4415 3636 4489">
    <p class='ocr_par' dir='ltr' id='par_1_91' title="bbox 2056 4415 3636 4489">
     <span class='ocr_line' id='line_1_91' title="bbox 2056 4415 3636 4489; baseline -0.005 -15"><span class='ocrx_word' id='word_1_712' title='bbox 2056 4420 2246 4485; x_wconf 77' lang='lat' dir='ltr'><strong>Maria,</strong></span> <span class='ocrx_word' id='word_1_713' title='bbox 2291 4420 2542 4476; x_wconf 87' lang='lat' dir='ltr'><strong>invenisti</strong></span> <span class='ocrx_word' id='word_1_714' title='bbox 2568 4421 2711 4476; x_wconf 90' lang='lat' dir='ltr'><strong>enim</strong></span> <span class='ocrx_word' id='word_1_715' title='bbox 2736 4420 2968 4489; x_wconf 67' lang='lat' dir='ltr'><strong>gratiam</strong></span> <span class='ocrx_word' id='word_1_716' title='bbox 3000 4418 3144 4487; x_wconf 84' lang='lat' dir='ltr'><strong>apud</strong></span> <span class='ocrx_word' id='word_1_717' title='bbox 3172 4415 3370 4480; x_wconf 78' lang='lat' dir='ltr'><strong>Deum,</strong></span> <span class='ocrx_word' id='word_1_718' title='bbox 3404 4422 3460 4467; x_wconf 81' lang='lat' dir='ltr'><strong>et</strong></span> <span class='ocrx_word' id='word_1_719' title='bbox 3487 4425 3636 4479; x_wconf 87' lang='lat' dir='ltr'><strong>ecce,</strong></span> 
     </span>
    </p>
   </div>
   <div class='ocr_carea' id='block_1_92' title="bbox 374 4500 1939 4579">
    <p class='ocr_par' dir='ltr' id='par_1_92' title="bbox 374 4500 1939 4575">
     <span class='ocr_line' id='line_1_92' title="bbox 374 4500 1939 4575; baseline -0.001 -17"><span class='ocrx_word' id='word_1_720' title='bbox 374 4505 510 4575; x_wconf 84' lang='grc' dir='ltr'>μὴὸ</span> <span class='ocrx_word' id='word_1_721' title='bbox 551 4501 758 4575; x_wconf 73' lang='grc' dir='ltr'>Πατὴρ,</span> <span class='ocrx_word' id='word_1_722' title='bbox 802 4521 819 4554; x_wconf 79' lang='grc' dir='ltr'><strong><em>ι</em></strong></span> <span class='ocrx_word' id='word_1_723' title='bbox 880 4500 971 4554; x_wconf 79' lang='grc' dir='ltr'>τὸν</span> <span class='ocrx_word' id='word_1_724' title='bbox 1026 4501 1187 4571; x_wconf 84' lang='grc' dir='ltr'>φύσει</span> <span class='ocrx_word' id='word_1_725' title='bbox 1220 4518 1281 4555; x_wconf 89' lang='grc' dir='ltr'><strong>τε</strong></span> <span class='ocrx_word' id='word_1_726' title='bbox 1322 4503 1416 4556; x_wconf 74' lang='grc' dir='ltr'>καὶ</span> <span class='ocrx_word' id='word_1_727' title='bbox 1452 4501 1679 4572; x_wconf 77' lang='grc' dir='ltr'>ἀληθείᾳ</span> <span class='ocrx_word' id='word_1_728' title='bbox 1708 4502 1858 4572; x_wconf 76' lang='grc' dir='ltr'>δηλοῖ</span> <span class='ocrx_word' id='word_1_729' title='bbox 1886 4503 1939 4556; x_wconf 67' lang='grc' dir='ltr'>ὲκ</span> 
     </span>
    </p>
   </div>
   <div class='ocr_carea' id='block_1_93' title="bbox 2041 4500 3633 4579">
    <p class='ocr_par' dir='ltr' id='par_1_93' title="bbox 2055 4502 3633 4579">
     <span class='ocr_line' id='line_1_93' title="bbox 2055 4502 3633 4579; baseline -0.007 -14"><span class='ocrx_word' id='word_1_730' title='bbox 2055 4510 2331 4579; x_wconf 86' lang='lat' dir='ltr'><strong>concipies</strong></span> <span class='ocrx_word' id='word_1_731' title='bbox 2365 4512 2417 4566; x_wconf 92' lang='lat' dir='ltr'><strong>in</strong></span> <span class='ocrx_word' id='word_1_732' title='bbox 2450 4521 2627 4576; x_wconf 88' lang='lat' dir='ltr'><strong>utero,</strong></span> <span class='ocrx_word' id='word_1_733' title='bbox 2659 4524 2715 4567; x_wconf 88' lang='lat' dir='ltr'><strong>et</strong></span> <span class='ocrx_word' id='word_1_734' title='bbox 2747 4510 2967 4565; x_wconf 82' lang='lat' dir='ltr'><strong>vocabis</strong></span> <span class='ocrx_word' id='word_1_735' title='bbox 2985 4523 3178 4564; x_wconf 82' lang='lat' dir='ltr'><strong>nomen</strong></span> <span class='ocrx_word' id='word_1_736' title='bbox 3220 4505 3339 4576; x_wconf 88' lang='lat' dir='ltr'><strong>ejus</strong></span> <span class='ocrx_word' id='word_1_737' title='bbox 3378 4502 3584 4565; x_wconf 77' lang='lat' dir='ltr'><strong>Jesunt,</strong></span> <span class='ocrx_word' id='word_1_738' title='bbox 3613 4519 3633 4553; x_wconf 70' lang='grc' dir='ltr'><strong>ι</strong></span> 
     </span>
    </p>
   </div>
   <div class='ocr_carea' id='block_1_94' title="bbox 373 4591 1950 4665">
    <p class='ocr_par' dir='ltr' id='par_1_94' title="bbox 373 4591 1950 4665">
     <span class='ocr_line' id='line_1_94' title="bbox 373 4591 1950 4665; baseline -0.002 -16"><span class='ocrx_word' id='word_1_739' title='bbox 373 4596 466 4650; x_wconf 79' lang='grc' dir='ltr'><strong>τοῦ</strong></span> <span class='ocrx_word' id='word_1_740' title='bbox 494 4593 712 4665; x_wconf 81' lang='grc' dir='ltr'>Πατρὺς</span> <span class='ocrx_word' id='word_1_741' title='bbox 755 4592 902 4648; x_wconf 77' lang='grc' dir='ltr'>Υῖόν.</span> <span class='ocrx_word' id='word_1_742' title='bbox 952 4593 1025 4647; x_wconf 81' lang='grc' dir='ltr'><strong>Τὸ</strong></span> <span class='ocrx_word' id='word_1_743' title='bbox 1048 4592 1108 4646; x_wconf 82' lang='grc' dir='ltr'><strong>δέ</strong></span> <span class='ocrx_word' id='word_1_744' title='bbox 1152 4609 1214 4661; x_wconf 88' lang='grc' dir='ltr'><strong>γε</strong></span> <span class='ocrx_word' id='word_1_745' title='bbox 1243 4591 1535 4662; x_wconf 86' lang='grc' dir='ltr'>λεγόμενον</span> <span class='ocrx_word' id='word_1_746' title='bbox 1571 4593 1675 4645; x_wconf 76' lang='grc' dir='ltr'><strong>ὑπὸ</strong></span> <span class='ocrx_word' id='word_1_747' title='bbox 1722 4592 1815 4646; x_wconf 90' lang='grc' dir='ltr'><strong>τοῦ</strong></span> <span class='ocrx_word' id='word_1_748' title='bbox 1848 4593 1885 4645; x_wconf 85' lang='grc' dir='ltr'><strong><em>Γ</em></strong></span> <span class='ocrx_word' id='word_1_749' title='bbox 1887 4611 1950 4646; x_wconf 82' lang='grc' dir='ltr'>α-</span> 
     </span>
    </p>
   </div>
   <div class='ocr_carea' id='block_1_95' title="bbox 375 4679 1952 4759">
    <p class='ocr_par' dir='ltr' id='par_1_95' title="bbox 375 4679 1952 4759">
     <span class='ocr_line' id='line_1_95' title="bbox 375 4679 1952 4759; baseline 0.004 -23"><span class='ocrx_word' id='word_1_750' title='bbox 375 4687 552 4759; x_wconf 69' lang='grc' dir='ltr'>εριὴλ,</span> <span class='ocrx_word' id='word_1_751' title='bbox 599 4704 618 4739; x_wconf 80' lang='grc' dir='ltr'><strong>ι</strong></span> <span class='ocrx_word' id='word_1_752' title='bbox 651 4687 742 4758; x_wconf 82' lang='grc' dir='ltr'><strong>Μὴ</strong></span> <span class='ocrx_word' id='word_1_753' title='bbox 772 4685 961 4754; x_wconf 81' lang='grc' dir='ltr'>φοϐοῦ,</span> <span class='ocrx_word' id='word_1_754' title='bbox 996 4686 1251 4757; x_wconf 74' lang='grc' dir='ltr'>Μαριάμο</span> <span class='ocrx_word' id='word_1_755' title='bbox 1282 4679 1441 4756; x_wconf 75' lang='grc' dir='ltr'>εὗρες</span> <span class='ocrx_word' id='word_1_756' title='bbox 1470 4684 1577 4756; x_wconf 82' lang='grc' dir='ltr'><strong>γὰρ</strong></span> <span class='ocrx_word' id='word_1_757' title='bbox 1609 4686 1769 4755; x_wconf 82' lang='grc' dir='ltr'>χάριν</span> <span class='ocrx_word' id='word_1_758' title='bbox 1800 4687 1952 4757; x_wconf 75' lang='grc' dir='ltr'>παρὰ</span> 
     </span>
    </p>
   </div>
   <div class='ocr_carea' id='block_1_96' title="bbox 373 4774 1951 4849">
    <p class='ocr_par' dir='ltr' id='par_1_96' title="bbox 373 4774 1951 4849">
     <span class='ocr_line' id='line_1_96' title="bbox 373 4774 1951 4849; baseline -0.001 -18"><span class='ocrx_word' id='word_1_759' title='bbox 373 4780 452 4849; x_wconf 80' lang='grc' dir='ltr'>τῷ</span> <span class='ocrx_word' id='word_1_760' title='bbox 482 4774 620 4846; x_wconf 78' lang='grc' dir='ltr'>Θεῷ,</span> <span class='ocrx_word' id='word_1_761' title='bbox 658 4778 751 4831; x_wconf 75' lang='grc' dir='ltr'><strong>καὶ</strong></span> <span class='ocrx_word' id='word_1_762' title='bbox 785 4777 895 4830; x_wconf 77' lang='grc' dir='ltr'>ἰδοὺ</span> <span class='ocrx_word' id='word_1_763' title='bbox 925 4776 1173 4847; x_wconf 66' lang='grc' dir='ltr'>συλλήψῃ</span> <span class='ocrx_word' id='word_1_764' title='bbox 1197 4778 1257 4830; x_wconf 78' lang='grc' dir='ltr'>ὲν</span> <span class='ocrx_word' id='word_1_765' title='bbox 1294 4778 1514 4845; x_wconf 78' lang='grc' dir='ltr'>γαστρὶ,</span> <span class='ocrx_word' id='word_1_766' title='bbox 1543 4776 1638 4829; x_wconf 72' lang='grc' dir='ltr'>καὶ</span> <span class='ocrx_word' id='word_1_767' title='bbox 1664 4776 1795 4848; x_wconf 74' lang='grc' dir='ltr'>τέξῃ</span> <span class='ocrx_word' id='word_1_768' title='bbox 1816 4777 1951 4841; x_wconf 79' lang='grc' dir='ltr'>υἱὸν,</span> 
     </span>
    </p>
   </div>
   <div class='ocr_carea' id='block_1_97' title="bbox 376 4866 1981 4939">
    <p class='ocr_par' dir='ltr' id='par_1_97' title="bbox 376 4866 1981 4939">
     <span class='ocr_line' id='line_1_97' title="bbox 376 4866 1981 4939; baseline -0.002 -14"><span class='ocrx_word' id='word_1_769' title='bbox 376 4874 471 4925; x_wconf 71' lang='grc' dir='ltr'>καὶ</span> <span class='ocrx_word' id='word_1_770' title='bbox 505 4871 754 4936; x_wconf 75' lang='grc' dir='ltr'>καλέσεις</span> <span class='ocrx_word' id='word_1_771' title='bbox 789 4870 848 4925; x_wconf 82' lang='grc' dir='ltr'>τὸ</span> <span class='ocrx_word' id='word_1_772' title='bbox 873 4869 1042 4938; x_wconf 75' lang='grc' dir='ltr'>ὄνομα</span> <span class='ocrx_word' id='word_1_773' title='bbox 1066 4867 1231 4926; x_wconf 73' lang='grc' dir='ltr'>αὑτοῦ</span> <span class='ocrx_word' id='word_1_774' title='bbox 1266 4866 1492 4936; x_wconf 84' lang='grc' dir='ltr'>Ἰησοῦν,</span> <span class='ocrx_word' id='word_1_775' title='bbox 1520 4888 1538 4919; x_wconf 74' lang='grc' dir='ltr'><strong>ι</strong></span> <span class='ocrx_word' id='word_1_776' title='bbox 1569 4867 1648 4937; x_wconf 81' lang='grc' dir='ltr'>τῷ</span> <span class='ocrx_word' id='word_1_777' title='bbox 1680 4867 1981 4939; x_wconf 71' lang='grc' dir='ltr'>ἀνθρώπῳ,</span> 
     </span>
    </p>
   </div>
   <div class='ocr_carea' id='block_1_98' title="bbox 376 4960 1953 5035">
    <p class='ocr_par' dir='ltr' id='par_1_98' title="bbox 376 4960 1953 5035">
     <span class='ocr_line' id='line_1_98' title="bbox 376 4960 1953 5035; baseline 0 -20"><span class='ocrx_word' id='word_1_778' title='bbox 376 4962 698 5035; x_wconf 67' lang='grc' dir='ltr'>ἐφαρμόζει.</span> <span class='ocrx_word' id='word_1_779' title='bbox 751 4960 914 5019; x_wconf 77' lang='grc' dir='ltr'>Ἀλλὰ</span> <span class='ocrx_word' id='word_1_780' title='bbox 965 4960 1123 5017; x_wconf 72' lang='grc' dir='ltr'>ταυτὶ</span> <span class='ocrx_word' id='word_1_781' title='bbox 1186 4960 1285 5030; x_wconf 85' lang='grc' dir='ltr'>μὲν</span> <span class='ocrx_word' id='word_1_782' title='bbox 1338 4961 1553 5015; x_wconf 68' lang='grc' dir='ltr'>ἐκεῖνοι.</span> <span class='ocrx_word' id='word_1_783' title='bbox 1606 4961 1953 5032; x_wconf 72' lang='grc' dir='ltr'>Φρονήσομεν</span> 
     </span>
    </p>
   </div>
   <div class='ocr_carea' id='block_1_99' title="bbox 374 5048 1955 5125">
    <p class='ocr_par' dir='ltr' id='par_1_99' title="bbox 374 5048 1955 5125">
     <span class='ocr_line' id='line_1_99' title="bbox 374 5048 1955 5125; baseline -0.003 -14"><span class='ocrx_word' id='word_1_784' title='bbox 374 5057 434 5111; x_wconf 81' lang='grc' dir='ltr'>δὲ</span> <span class='ocrx_word' id='word_1_785' title='bbox 461 5057 621 5125; x_wconf 77' lang='grc' dir='ltr'>ἡμεῖς</span> <span class='ocrx_word' id='word_1_786' title='bbox 641 5055 739 5124; x_wconf 80' lang='grc' dir='ltr'><strong>οὐχ</strong></span> <span class='ocrx_word' id='word_1_787' title='bbox 762 5048 866 5111; x_wconf 81' lang='grc' dir='ltr'>ὧδέ</span> <span class='ocrx_word' id='word_1_788' title='bbox 888 5054 1076 5107; x_wconf 83' lang='grc' dir='ltr'>ποθεν.</span> <span class='ocrx_word' id='word_1_789' title='bbox 1102 5052 1411 5109; x_wconf 80' lang='grc' dir='ltr'>’Δναπείσει</span> <span class='ocrx_word' id='word_1_790' title='bbox 1437 5051 1545 5125; x_wconf 79' lang='grc' dir='ltr'><strong>γὰρ</strong></span> <span class='ocrx_word' id='word_1_791' title='bbox 1568 5053 1819 5124; x_wconf 70' lang='grc' dir='ltr'>οὐδαμῶς</span> <span class='ocrx_word' id='word_1_792' title='bbox 1843 5054 1955 5109; x_wconf 85' lang='grc' dir='ltr'><strong>τῶν</strong></span> 
     </span>
    </p>
   </div>
   <div class='ocr_carea' id='block_1_100' title="bbox 379 5144 1954 5215">
    <p class='ocr_par' dir='ltr' id='par_1_100' title="bbox 379 5144 1954 5215">
     <span class='ocr_line' id='line_1_100' title="bbox 379 5144 1954 5215; baseline 0.001 -17"><span class='ocrx_word' id='word_1_793' title='bbox 379 5146 701 5215; x_wconf 73' lang='grc' dir='ltr'>ἑτεροδόξων</span> <span class='ocrx_word' id='word_1_794' title='bbox 722 5148 751 5198; x_wconf 85' lang='grc' dir='ltr'><strong>ό</strong></span> <span class='ocrx_word' id='word_1_795' title='bbox 788 5146 962 5212; x_wconf 88' lang='grc' dir='ltr'>Λόγος</span> <span class='ocrx_word' id='word_1_796' title='bbox 982 5186 998 5212; x_wconf 88' lang='grc'><strong>,</strong></span> <span class='ocrx_word' id='word_1_797' title='bbox 1032 5144 1253 5215; x_wconf 81' lang='grc' dir='ltr'>τροχιάν</span> <span class='ocrx_word' id='word_1_798' title='bbox 1281 5145 1522 5213; x_wconf 73' lang='grc' dir='ltr'>ἀφέντας</span> <span class='ocrx_word' id='word_1_799' title='bbox 1554 5146 1653 5213; x_wconf 54' lang='grc' dir='ltr'>ἢν</span> <span class='ocrx_word' id='word_1_800' title='bbox 1676 5146 1772 5199; x_wconf 70' lang='grc' dir='ltr'>,ἐπ’</span> <span class='ocrx_word' id='word_1_801' title='bbox 1801 5144 1954 5209; x_wconf 76' lang='grc' dir='ltr'>εὐθὺ,</span> 
     </span>
    </p>
   </div>
   <div class='ocr_carea' id='block_1_101' title="bbox 2061 4594 3640 4671">
    <p class='ocr_par' dir='ltr' id='par_1_101' title="bbox 2061 4594 3640 4671">
     <span class='ocr_line' id='line_1_101' title="bbox 2061 4594 3640 4671; baseline -0.007 -14"><span class='ocrx_word' id='word_1_802' title='bbox 2061 4603 2264 4657; x_wconf 88' lang='lat' dir='ltr'><strong>homini</strong></span> <span class='ocrx_word' id='word_1_803' title='bbox 2313 4604 2632 4659; x_wconf 69' lang='lat' dir='ltr'><strong>convenit“.</strong></span> <span class='ocrx_word' id='word_1_804' title='bbox 2685 4602 2790 4658; x_wconf 90' lang='lat' dir='ltr'><strong>Sed</strong></span> <span class='ocrx_word' id='word_1_805' title='bbox 2832 4604 2948 4658; x_wconf 63' lang='lat' dir='ltr'><strong>hac</strong></span> <span class='ocrx_word' id='word_1_806' title='bbox 2974 4601 3191 4671; x_wconf 86' lang='lat' dir='ltr'><strong>quidem</strong></span> <span class='ocrx_word' id='word_1_807' title='bbox 3226 4597 3325 4653; x_wconf 90' lang='lat' dir='ltr'><strong>illi.</strong></span> <span class='ocrx_word' id='word_1_808' title='bbox 3367 4594 3476 4650; x_wconf 86' lang='lat' dir='ltr'><strong>Nos</strong></span> <span class='ocrx_word' id='word_1_809' title='bbox 3510 4607 3640 4648; x_wconf 84' lang='lat' dir='ltr'><strong>vero</strong></span> 
     </span>
    </p>
   </div>
   <div class='ocr_carea' id='block_1_102' title="bbox 2056 4687 3640 4763">
    <p class='ocr_par' dir='ltr' id='par_1_102' title="bbox 2056 4687 3640 4763">
     <span class='ocr_line' id='line_1_102' title="bbox 2056 4687 3640 4763; baseline -0.007 -16"><span class='ocrx_word' id='word_1_810' title='bbox 2056 4708 2331 4763; x_wconf 81' lang='lat' dir='ltr'><strong>nunquam</strong></span> <span class='ocrx_word' id='word_1_811' title='bbox 2368 4695 2441 4749; x_wconf 83' lang='lat' dir='ltr'><strong>ita</strong></span> <span class='ocrx_word' id='word_1_812' title='bbox 2480 4694 2802 4751; x_wconf 86' lang='lat' dir='ltr'><strong>sentiemus.</strong></span> <span class='ocrx_word' id='word_1_813' title='bbox 2849 4693 3037 4762; x_wconf 81' lang='lat' dir='ltr'><strong>Neque</strong></span> <span class='ocrx_word' id='word_1_814' title='bbox 3064 4691 3211 4747; x_wconf 89' lang='lat' dir='ltr'><strong>enim</strong></span> <span class='ocrx_word' id='word_1_815' title='bbox 3259 4687 3640 4745; x_wconf 68' lang='lat' dir='ltr'><strong>haereticorum</strong></span> 
     </span>
    </p>
   </div>
   <div class='ocr_carea' id='block_1_103' title="bbox 2058 4781 3641 4857">
    <p class='ocr_par' dir='ltr' id='par_1_103' title="bbox 2058 4781 3641 4857">
     <span class='ocr_line' id='line_1_103' title="bbox 2058 4781 3641 4857; baseline -0.006 -17"><span class='ocrx_word' id='word_1_816' title='bbox 2058 4800 2238 4841; x_wconf 87' lang='lat' dir='ltr'><strong>sermo</strong></span> <span class='ocrx_word' id='word_1_817' title='bbox 2266 4801 2506 4855; x_wconf 86' lang='lat' dir='ltr'><strong>unquam</strong></span> <span class='ocrx_word' id='word_1_818' title='bbox 2553 4786 2709 4843; x_wconf 83' lang='lat' dir='ltr'><strong>nobis</strong></span> <span class='ocrx_word' id='word_1_819' title='bbox 2756 4784 3107 4857; x_wconf 85' lang='lat' dir='ltr'><strong>persuaserit,</strong></span> <span class='ocrx_word' id='word_1_820' title='bbox 3152 4789 3209 4836; x_wconf 91' lang='lat' dir='ltr'><strong>ut</strong></span> <span class='ocrx_word' id='word_1_821' title='bbox 3250 4781 3452 4836; x_wconf 86' lang='lat' dir='ltr'><strong>omissa</strong></span> <span class='ocrx_word' id='word_1_822' title='bbox 3494 4787 3641 4832; x_wconf 74' lang='lat' dir='ltr'><strong>recta</strong></span> 
     </span>
    </p>
   </div>
   <div class='ocr_carea' id='block_1_104' title="bbox 2060 4875 3644 4949">
    <p class='ocr_par' dir='ltr' id='par_1_104' title="bbox 2060 4875 3644 4949">
     <span class='ocr_line' id='line_1_104' title="bbox 2060 4875 3644 4949; baseline -0.007 -18"><span class='ocrx_word' id='word_1_823' title='bbox 2060 4875 2171 4941; x_wconf 87' lang='lat' dir='ltr'><strong>via,</strong></span> <span class='ocrx_word' id='word_1_824' title='bbox 2198 4876 2252 4934; x_wconf 79' lang='lat' dir='ltr'><strong>in</strong></span> <span class='ocrx_word' id='word_1_825' title='bbox 2278 4877 2442 4933; x_wconf 72' lang='lat' dir='ltr'><strong>aliam</strong></span> <span class='ocrx_word' id='word_1_826' title='bbox 2468 4878 2932 4949; x_wconf 77' lang='lat' dir='ltr'><strong>transgrediamur</strong></span> <span class='ocrx_word' id='word_1_827' title='bbox 2953 4891 3019 4931; x_wconf 88' lang='lat' dir='ltr'><strong>ac</strong></span> <span class='ocrx_word' id='word_1_828' title='bbox 3047 4875 3381 4929; x_wconf 79' lang='lat' dir='ltr'><strong>divertamus</strong></span> <span class='ocrx_word' id='word_1_829' title='bbox 3401 4882 3522 4939; x_wconf 64' lang='lat' dir='ltr'><strong>qua</strong></span> <span class='ocrx_word' id='word_1_830' title='bbox 3544 4882 3644 4921; x_wconf 79' lang='lat' dir='ltr'><strong>nos</strong></span> 
     </span>
    </p>
   </div>
   <div class='ocr_carea' id='block_1_105' title="bbox 2058 4961 3643 5036">
    <p class='ocr_par' dir='ltr' id='par_1_105' title="bbox 2058 4961 3643 5036">
     <span class='ocr_line' id='line_1_105' title="bbox 2058 4961 3643 5036; baseline -0.007 -14"><span class='ocrx_word' id='word_1_831' title='bbox 2058 4982 2091 5019; x_wconf 83' lang='grc' dir='ltr'>ο</span> <span class='ocrx_word' id='word_1_832' title='bbox 2127 4968 2354 5027; x_wconf 74' lang='lat' dir='ltr'><strong>veritate</strong></span> <span class='ocrx_word' id='word_1_833' title='bbox 2400 4971 2654 5027; x_wconf 75' lang='lat' dir='ltr'><strong>abducat.</strong></span> <span class='ocrx_word' id='word_1_834' title='bbox 2699 4969 2780 5025; x_wconf 91' lang='lat' dir='ltr'><strong>Tu</strong></span> <span class='ocrx_word' id='word_1_835' title='bbox 2827 4982 2983 5030; x_wconf 87' lang='lat' dir='ltr'><strong>vero,</strong></span> <span class='ocrx_word' id='word_1_836' title='bbox 3031 4965 3242 5036; x_wconf 80' lang='lat' dir='ltr'><strong>explica</strong></span> <span class='ocrx_word' id='word_1_837' title='bbox 3288 4961 3447 5015; x_wconf 85' lang='lat' dir='ltr'><strong>nobis</strong></span> <span class='ocrx_word' id='word_1_838' title='bbox 3496 4968 3643 5012; x_wconf 81' lang='lat' dir='ltr'><strong>tuam</strong></span> 
     </span>
    </p>
   </div>
   <div class='ocr_carea' id='block_1_106' title="bbox 2060 5051 3649 5128">
    <p class='ocr_par' dir='ltr' id='par_1_106' title="bbox 2060 5051 3649 5128">
     <span class='ocr_line' id='line_1_106' title="bbox 2060 5051 3649 5128; baseline -0.011 -14"><span class='ocrx_word' id='word_1_839' title='bbox 2060 5062 2412 5126; x_wconf 77' lang='lat' dir='ltr'><strong>sententiam,</strong></span> <span class='ocrx_word' id='word_1_840' title='bbox 2450 5062 2607 5117; x_wconf 82' lang='lat' dir='ltr'><strong>avide</strong></span> <span class='ocrx_word' id='word_1_841' title='bbox 2648 5062 2792 5116; x_wconf 88' lang='lat' dir='ltr'><strong>enim</strong></span> <span class='ocrx_word' id='word_1_842' title='bbox 2824 5068 3081 5128; x_wconf 75' lang='lat' dir='ltr'><strong>exspecto</strong></span> <span class='ocrx_word' id='word_1_843' title='bbox 3123 5054 3332 5116; x_wconf 87' lang='lat' dir='ltr'><strong>audire,</strong></span> <span class='ocrx_word' id='word_1_844' title='bbox 3367 5051 3649 5120; x_wconf 81' lang='lat' dir='ltr'><strong>ipsamque</strong></span> 
     </span>
    </p>
   </div>
   <div class='ocr_carea' id='block_1_107' title="bbox 2066 5151 2846 5223">
    <p class='ocr_par' dir='ltr' id='par_1_107' title="bbox 2066 5151 2846 5223">
     <span class='ocr_line' id='line_1_107' title="bbox 2066 5151 2846 5223; baseline -0.003 -19"><span class='ocrx_word' id='word_1_845' title='bbox 2066 5151 2143 5205; x_wconf 85' lang='lat' dir='ltr'><strong>rei</strong></span> <span class='ocrx_word' id='word_1_846' title='bbox 2184 5153 2468 5207; x_wconf 76' lang='lat' dir='ltr'><strong>veritatem</strong></span> <span class='ocrx_word' id='word_1_847' title='bbox 2502 5165 2846 5223; x_wconf 76' lang='lat' dir='ltr'><strong>cognoscere.</strong></span> 
     </span>
    </p>
   </div>
   <div class='ocr_carea' id='block_1_108' title="bbox 378 5231 3651 5313">
    <p class='ocr_par' dir='ltr' id='par_1_108' title="bbox 378 5231 3651 5313">
     <span class='ocr_line' id='line_1_108' title="bbox 378 5231 3651 5313; baseline -0.002 -24"><span class='ocrx_word' id='word_1_848' title='bbox 378 5236 703 5305; x_wconf 78' lang='grc' dir='ltr'>διαστειχειν</span> <span class='ocrx_word' id='word_1_849' title='bbox 757 5236 974 5306; x_wconf 80' lang='grc' dir='ltr'>ἑτέραν.</span> <span class='ocrx_word' id='word_1_850' title='bbox 1042 5236 1201 5291; x_wconf 75' lang='grc' dir='ltr'>’Λλλά</span> <span class='ocrx_word' id='word_1_851' title='bbox 1244 5235 1468 5307; x_wconf 78' lang='grc' dir='ltr'>πέραινε</span> <span class='ocrx_word' id='word_1_852' title='bbox 1495 5237 1557 5288; x_wconf 85' lang='grc' dir='ltr'><strong>τὺ</strong></span> <span class='ocrx_word' id='word_1_853' title='bbox 1608 5236 1821 5304; x_wconf 85' lang='grc' dir='ltr'>δοκοῦν,</span> <span class='ocrx_word' id='word_1_854' title='bbox 1864 5238 1958 5290; x_wconf 77' lang='grc' dir='ltr'>καὶ</span> <span class='ocrx_word' id='word_1_855' title='bbox 1999 5241 2173 5313; x_wconf 82' lang='grc' dir='ltr'>πειρῶ</span> <span class='ocrx_word' id='word_1_856' title='bbox 2207 5260 2299 5311; x_wconf 83' lang='grc' dir='ltr'><strong>μοι</strong></span> <span class='ocrx_word' id='word_1_857' title='bbox 2370 5243 2569 5313; x_wconf 82' lang='grc' dir='ltr'>λέγειν,</span> <span class='ocrx_word' id='word_1_858' title='bbox 2637 5244 2712 5304; x_wconf 82' lang='grc' dir='ltr'>ὡς</span> <span class='ocrx_word' id='word_1_859' title='bbox 2753 5244 2891 5296; x_wconf 74' lang='grc' dir='ltr'>ἀτειν</span> <span class='ocrx_word' id='word_1_860' title='bbox 2937 5241 3157 5311; x_wconf 69' lang='grc' dir='ltr'>ἕτοιμος</span> <span class='ocrx_word' id='word_1_861' title='bbox 3204 5235 3340 5306; x_wconf 62' lang='grc' dir='ltr'>ἐγὼ,</span> <span class='ocrx_word' id='word_1_862' title='bbox 3389 5233 3488 5289; x_wconf 68' lang='grc' dir='ltr'>καὶ</span> <span class='ocrx_word' id='word_1_863' title='bbox 3514 5231 3651 5286; x_wconf 43' lang='grc' dir='ltr'>λὰναο</span> 
     </span>
    </p>
   </div>
   <div class='ocr_carea' id='block_1_109' title="bbox 384 5325 1527 5399">
    <p class='ocr_par' dir='ltr' id='par_1_109' title="bbox 384 5325 1527 5399">
     <span class='ocr_line' id='line_1_109' title="bbox 384 5325 1527 5399; baseline -0.001 -18"><span class='ocrx_word' id='word_1_864' title='bbox 384 5326 579 5399; x_wconf 81' lang='grc' dir='ltr'>μαθεῖν</span> <span class='ocrx_word' id='word_1_865' title='bbox 601 5328 682 5380; x_wconf 81' lang='grc' dir='ltr'>ὅτι</span> <span class='ocrx_word' id='word_1_866' title='bbox 709 5325 943 5396; x_wconf 78' lang='grc' dir='ltr'>μάλιστα</span> <span class='ocrx_word' id='word_1_867' title='bbox 974 5326 1034 5382; x_wconf 79' lang='grc' dir='ltr'>τὸ</span> <span class='ocrx_word' id='word_1_868' title='bbox 1056 5327 1366 5397; x_wconf 85' lang='grc' dir='ltr'>ἀκιϐδήλως</span> <span class='ocrx_word' id='word_1_869' title='bbox 1382 5328 1527 5397; x_wconf 77' lang='grc' dir='ltr'><strong>ἔχον.</strong></span> 
     </span>
    </p>
   </div>
   <div class='ocr_carea' id='block_1_110' title="bbox 455 5443 1961 5516">
    <p class='ocr_par' dir='ltr' id='par_1_110' title="bbox 455 5443 1961 5516">
     <span class='ocr_line' id='line_1_110' title="bbox 455 5443 1961 5516; baseline 0.001 -18"><span class='ocrx_word' id='word_1_870' title='bbox 455 5446 521 5499; x_wconf 78' lang='grc' dir='ltr'><strong>Α.</strong></span> <span class='ocrx_word' id='word_1_871' title='bbox 553 5445 641 5507; x_wconf 83' lang='grc' dir='ltr'>Ὡς</span> <span class='ocrx_word' id='word_1_872' title='bbox 669 5444 807 5515; x_wconf 77' lang='grc' dir='ltr'>βαρὺ</span> <span class='ocrx_word' id='word_1_873' title='bbox 831 5443 892 5496; x_wconf 79' lang='grc' dir='ltr'>τὸ</span> <span class='ocrx_word' id='word_1_874' title='bbox 916 5445 1123 5515; x_wconf 80' lang='grc' dir='ltr'>χρῆμα,</span> <span class='ocrx_word' id='word_1_875' title='bbox 1154 5445 1249 5499; x_wconf 80' lang='grc' dir='ltr'>καὶ</span> <span class='ocrx_word' id='word_1_876' title='bbox 1275 5445 1722 5516; x_wconf 82' lang='grc' dir='ltr'>δυσδιακόμιστον</span> <span class='ocrx_word' id='word_1_877' title='bbox 1764 5464 1961 5500; x_wconf 85' lang='grc' dir='ltr'>παντε-</span> 
     </span>
    </p>
   </div>
   <div class='ocr_carea' id='block_1_111' title="bbox 381 5532 1959 5612">
    <p class='ocr_par' dir='ltr' id='par_1_111' title="bbox 381 5532 1959 5612">
     <span class='ocr_line' id='line_1_111' title="bbox 381 5532 1959 5612; baseline 0.001 -22"><span class='ocrx_word' id='word_1_878' title='bbox 381 5537 491 5600; x_wconf 85' lang='grc' dir='ltr'><strong>λῶς</strong></span> <span class='ocrx_word' id='word_1_879' title='bbox 517 5536 581 5590; x_wconf 81' lang='grc' dir='ltr'>τὸ</span> <span class='ocrx_word' id='word_1_880' title='bbox 619 5536 861 5608; x_wconf 82' lang='grc' dir='ltr'>φορτίον.</span> <span class='ocrx_word' id='word_1_881' title='bbox 886 5536 957 5588; x_wconf 82' lang='grc' dir='ltr'><strong>Ἣ</strong></span> <span class='ocrx_word' id='word_1_882' title='bbox 988 5537 1087 5587; x_wconf 78' lang='grc' dir='ltr'>οὐκ</span> <span class='ocrx_word' id='word_1_883' title='bbox 1115 5532 1290 5601; x_wconf 79' lang='grc' dir='ltr'>οἶσθα,</span> <span class='ocrx_word' id='word_1_884' title='bbox 1334 5533 1378 5590; x_wconf 81' lang='grc' dir='ltr'><strong>ὦ</strong></span> <span class='ocrx_word' id='word_1_885' title='bbox 1410 5537 1665 5609; x_wconf 81' lang='grc' dir='ltr'>φιλότης,</span> <span class='ocrx_word' id='word_1_886' title='bbox 1698 5538 1774 5603; x_wconf 84' lang='grc' dir='ltr'>ὡς</span> <span class='ocrx_word' id='word_1_887' title='bbox 1801 5540 1959 5612; x_wconf 72' lang='grc' dir='ltr'>εἴπερ</span> 
     </span>
    </p>
   </div>
   <div class='ocr_carea' id='block_1_112' title="bbox 381 5627 1962 5700">
    <p class='ocr_par' dir='ltr' id='par_1_112' title="bbox 381 5627 1962 5700">
     <span class='ocr_line' id='line_1_112' title="bbox 381 5627 1962 5700; baseline -0.001 -14"><span class='ocrx_word' id='word_1_888' title='bbox 381 5649 469 5697; x_wconf 75' lang='grc' dir='ltr'><strong>τις</strong></span> <span class='ocrx_word' id='word_1_889' title='bbox 490 5629 665 5683; x_wconf 69' lang='grc' dir='ltr'>ἕλοιτο</span> <span class='ocrx_word' id='word_1_890' title='bbox 708 5628 921 5698; x_wconf 72' lang='grc' dir='ltr'>μακρὸν</span> <span class='ocrx_word' id='word_1_891' title='bbox 972 5629 1055 5694; x_wconf 67' lang='grc' dir='ltr'><strong>ἐφ’</strong></span> <span class='ocrx_word' id='word_1_892' title='bbox 1090 5627 1305 5697; x_wconf 69' lang='grc' dir='ltr'>ἑκάστῳ</span> <span class='ocrx_word' id='word_1_893' title='bbox 1347 5629 1615 5683; x_wconf 76' lang='grc' dir='ltr'>ποιεῖσθαι</span> <span class='ocrx_word' id='word_1_894' title='bbox 1655 5629 1833 5700; x_wconf 82' lang='grc' dir='ltr'>λόγον,</span> <span class='ocrx_word' id='word_1_895' title='bbox 1868 5634 1962 5685; x_wconf 69' lang='grc' dir='ltr'>καὶ</span> 
     </span>
    </p>
   </div>
   <div class='ocr_carea' id='block_1_113' title="bbox 460 5778 1373 5844">
    <p class='ocr_par' dir='ltr' id='par_1_113' title="bbox 460 5778 1373 5844">
     <span class='ocr_line' id='line_1_113' title="bbox 460 5778 1373 5844; baseline 0 -8"><span class='ocrx_word' id='word_1_896' title='bbox 460 5785 481 5819; x_wconf 84' lang='grc'><strong>⁸</strong></span> <span class='ocrx_word' id='word_1_897' title='bbox 513 5783 699 5837; x_wconf 58' lang='lat' dir='ltr'><strong>Matth.</strong></span> <span class='ocrx_word' id='word_1_898' title='bbox 731 5797 808 5844; x_wconf 77' lang='lat' dir='ltr'><strong>tu,</strong></span> <span class='ocrx_word' id='word_1_899' title='bbox 836 5780 926 5831; x_wconf 73' lang='lat'><strong>27.</strong></span> <span class='ocrx_word' id='word_1_900' title='bbox 1006 5780 1025 5809; x_wconf 78' lang='grc'><strong>⁶</strong></span> <span class='ocrx_word' id='word_1_901' title='bbox 1058 5778 1184 5832; x_wconf 73' lang='lat' dir='ltr'><strong>Luc.</strong></span> <span class='ocrx_word' id='word_1_902' title='bbox 1215 5798 1251 5844; x_wconf 82' lang='grc' dir='ltr'><strong>ι,</strong></span> <span class='ocrx_word' id='word_1_903' title='bbox 1285 5784 1373 5836; x_wconf 83' lang='grc'><strong>50.</strong></span> 
     </span>
    </p>
   </div>
   <div class='ocr_carea' id='block_1_114' title="bbox 705 5872 1409 5938">
    <p class='ocr_par' dir='ltr' id='par_1_114' title="bbox 705 5872 1409 5938">
     <span class='ocr_line' id='line_1_114' title="bbox 705 5872 1409 5938; baseline 0.006 -4"><span class='ocrx_word' id='word_1_904' title='bbox 705 5875 972 5937; x_wconf 54' lang='lat' dir='ltr'><strong>Parnm“</strong></span> <span class='ocrx_word' id='word_1_905' title='bbox 1022 5872 1113 5931; x_wconf 74' lang='lat' dir='ltr'><strong>Gn</strong></span> <span class='ocrx_word' id='word_1_906' title='bbox 1188 5876 1409 5938; x_wconf 73' lang='lat' dir='ltr'><strong>LXXV.</strong></span> 
     </span>
    </p>
   </div>
   <div class='ocr_carea' id='block_1_115' title="bbox 2142 5437 3650 5518">
    <p class='ocr_par' dir='ltr' id='par_1_115' title="bbox 2142 5437 3650 5518">
     <span class='ocr_line' id='line_1_115' title="bbox 2142 5437 3650 5518; baseline -0.01 -15"><span class='ocrx_word' id='word_1_907' title='bbox 2142 5450 2210 5505; x_wconf 84' lang='grc' dir='ltr'>Λ.</span> <span class='ocrx_word' id='word_1_908' title='bbox 2233 5450 2278 5504; x_wconf 93' lang='grc' dir='ltr'><strong>Ο</strong></span> <span class='ocrx_word' id='word_1_909' title='bbox 2309 5466 2419 5505; x_wconf 83' lang='lat' dir='ltr'><strong>rem</strong></span> <span class='ocrx_word' id='word_1_910' title='bbox 2445 5450 2733 5514; x_wconf 77' lang='lat' dir='ltr'><strong>diﬂicilem,</strong></span> <span class='ocrx_word' id='word_1_911' title='bbox 2759 5460 2920 5518; x_wconf 87' lang='lat' dir='ltr'><strong>atque</strong></span> <span class='ocrx_word' id='word_1_912' title='bbox 2957 5462 3095 5501; x_wconf 92' lang='lat' dir='ltr'><strong>onus</strong></span> <span class='ocrx_word' id='word_1_913' title='bbox 3130 5441 3534 5512; x_wconf 79' lang='lat' dir='ltr'><strong>gravissimum.</strong></span> <span class='ocrx_word' id='word_1_914' title='bbox 3570 5437 3650 5489; x_wconf 81' lang='lat' dir='ltr'><strong>An</strong></span> 
     </span>
    </p>
   </div>
   <div class='ocr_carea' id='block_1_116' title="bbox 2071 5526 3651 5610">
    <p class='ocr_par' dir='ltr' id='par_1_116' title="bbox 2071 5526 3651 5610">
     <span class='ocr_line' id='line_1_116' title="bbox 2071 5526 3651 5610; baseline -0.009 -17"><span class='ocrx_word' id='word_1_915' title='bbox 2071 5542 2213 5595; x_wconf 85' lang='lat' dir='ltr'><strong>enim</strong></span> <span class='ocrx_word' id='word_1_916' title='bbox 2250 5545 2490 5610; x_wconf 79' lang='lat' dir='ltr'><strong>ignoras,</strong></span> <span class='ocrx_word' id='word_1_917' title='bbox 2527 5540 2721 5607; x_wconf 87' lang='lat' dir='ltr'><strong>amice,</strong></span> <span class='ocrx_word' id='word_1_918' title='bbox 2757 5541 2801 5594; x_wconf 91' lang='lat' dir='ltr'><strong>si</strong></span> <span class='ocrx_word' id='word_1_919' title='bbox 2830 5540 2953 5609; x_wconf 85' lang='lat' dir='ltr'><strong>quis</strong></span> <span class='ocrx_word' id='word_1_920' title='bbox 2984 5538 3049 5592; x_wconf 91' lang='lat' dir='ltr'><strong>de</strong></span> <span class='ocrx_word' id='word_1_921' title='bbox 3078 5532 3307 5603; x_wconf 84' lang='lat' dir='ltr'><strong>singulis</strong></span> <span class='ocrx_word' id='word_1_922' title='bbox 3337 5531 3488 5585; x_wconf 88' lang='lat' dir='ltr'><strong>hisce</strong></span> <span class='ocrx_word' id='word_1_923' title='bbox 3530 5526 3651 5580; x_wconf 74' lang='grc' dir='ltr'><strong>1οηΔ</strong></span> 
     </span>
    </p>
   </div>
   <div class='ocr_carea' id='block_1_117' title="bbox 2075 5616 3651 5703">
    <p class='ocr_par' dir='ltr' id='par_1_117' title="bbox 2075 5616 3651 5703">
     <span class='ocr_line' id='line_1_117' title="bbox 2075 5616 3651 5703; baseline -0.005 -18"><span class='ocrx_word' id='word_1_924' title='bbox 2075 5648 2194 5703; x_wconf 75' lang='lat' dir='ltr'><strong>gain</strong></span> <span class='ocrx_word' id='word_1_925' title='bbox 2229 5635 2550 5700; x_wconf 83' lang='lat' dir='ltr'><strong>orationem,</strong></span> <span class='ocrx_word' id='word_1_926' title='bbox 2591 5643 3009 5698; x_wconf 81' lang='lat' dir='ltr'><strong>accuratamque</strong></span> <span class='ocrx_word' id='word_1_927' title='bbox 3051 5623 3529 5693; x_wconf 78' lang='lat' dir='ltr'><strong>investigationem</strong></span> <span class='ocrx_word' id='word_1_928' title='bbox 3565 5616 3651 5677; x_wconf 85' lang='lat' dir='ltr'><strong>in-</strong></span> 
     </span>
    </p>
   </div>
   <div class='ocr_carea' id='block_1_118' title="bbox 3176 5866 3249 5932">
    <p class='ocr_par' dir='ltr' id='par_1_118' title="bbox 3176 5866 3249 5932">
     <span class='ocr_line' id='line_1_118' title="bbox 3176 5866 3249 5932; baseline -0.014 0"><span class='ocrx_word' id='word_1_929' title='bbox 3176 5866 3249 5932; x_wconf 82' lang='lat'><strong>38</strong></span> 
     </span>
    </p>
   </div>
  </div>
