4122 6564
523 359 661 416 H95

1526 355 1583 411 s.
1627 348 1905 412 Cl’RlLLl
1941 342 2412 411 ALEXANDRINI
2441 346 2743 412 ARClilEP

3655 354 3803 419 "96

520 481 749 537 stituere
774 476 926 542 velit,
957 475 1183 531 multum
1216 473 1476 544 temporis
1503 474 1924 544 insumpturum,
1956 489 2106 529 enm-

2225 473 2407 545 Βιαρκῆ
2442 472 2540 544 τὴν
2566 472 2819 543 βάσανον,
2845 470 2943 543 οὐκ
2969 486 3333 541 ευαριιμητον
3370 471 3468 540 μὲν
3496 468 3799 547 δαπανήσει

520 586 624 642 que
672 570 969 625 immensos
1003 567 1218 623 labores
1246 566 1588 635 impenderit,
1624 567 1714 621 vix
1752 566 1968 621 tandem
1996 580 2109 619 rem

519 676 585 719 ex
615 660 780 715 animi
808 660 890 714 sni
924 658 1193 714 sententia
1225 656 1636 728 perfecturum?

593 752 657 809 Β.
698 751 773 807 Ita
807 762 909 806 est.

591 844 660 899 Δ.
701 843 933 899 Omissis
964 843 1173 913 itaque,
1198 841 1241 896 si
1278 840 1473 910 placet,
1501 838 1676 910 longis
1706 839 1958 911 argutiis,
1992 840 2114 897 bre-

523 933 666 987 viter
695 932 987 986 admodum
1036 929 1251 998 singula
1293 930 1661 998 explorantes,
1697 945 1796 998 age
1840 929 2110 995 dicamus,

524 1038 638 1095 pra
665 1023 784 1078 aliis
816 1023 1032 1092 quidem
1066 1023 1219 1079 hisce
1243 1024 1466 1085 docetis,
1508 1040 1526 1073 ι
1555 1022 1766 1079 Erratis
1805 1022 2114 1077 nescientes

529 1116 908 1186 Scripturas",
946 1132 965 1167 ι
999 1128 1175 1183 neque
1204 1116 1394 1184 ingens
1436 1113 1563 1167 illud
1599 1111 1873 1181 religionis
1910 1121 2114 1181 myste-

528 1206 691 1272 rium,
725 1207 826 1260 hoc
854 1214 959 1270 est,
1007 1205 1281 1260 Christum
1317 1204 1407 1269 qui
1445 1222 1463 1255 ι
1509 1202 1889 1257 manifestatus
1932 1212 2016 1258 est
2063 1203 2115 1256 in

527 1312 711 1361 carne,
743 1295 1070 1366 justiﬁeatus
1100 1296 1152 1348 in
1191 1295 1405 1363 spiritu,
1450 1295 1597 1349 visus
1633 1294 1862 1364 angelis,
1916 1296 2116 1364 pradi-

529 1398 684 1444 catus
732 1390 1004 1454 gentibus,
1041 1385 1283 1441 creditus
1334 1385 1387 1439 in
1432 1385 1652 1452 mundo,
1702 1394 2011 1455 assumptus
2062 1386 2115 1440 in

529 1481 698 1551 gloria
729 1480 773 1533 ⁸.
804 1499 823 1532 ι
862 1477 1125 1549 Oportere
1159 1488 1340 1531 autem
1373 1479 1679 1533 censuerim
1710 1492 1805 1533 eos
1840 1477 1931 1548 qui
1962 1477 2119 1546 plane

529 1573 686 1626 aliter
727 1572 989 1635 sentiunt,
1042 1580 1136 1623 aut
1183 1579 1426 1624 veterum
1476 1570 1802 1624 sententiam
1838 1571 2117 1638 damnare,

529 1673 584 1718 et
616 1662 903 1717 mendaces
934 1675 1132 1715 vocare
1161 1661 1411 1715 doctores
1441 1661 1589 1715 orbis
1621 1668 1890 1716 terrarum
1923 1661 2119 1732 quibus

2215 564 2425 634 χρόνον,
2444 564 2688 634 δυσαχθῆ
2705 563 2761 617 δέ
2782 562 2979 634 ἱδρῶτα
2999 563 3092 616 καὶ
3118 561 3517 631 δυσδιάφυκτον
3539 565 3797 632 ἀνατλὰς,

2214 655 2553 729 κατορθώσει
2589 654 2743 727 μόλις
2770 672 2785 722 ;

2284 749 2346 804 B.
2386 747 2631 818 Ἀληθές.

2286 841 2349 893 Α.
2386 838 2666 911 Παρέντες
2689 840 2753 912 δὴ
2792 835 2908 908 οὖν,
2943 842 2993 895 εί
3017 840 3185 909 δοκεῖ,
3220 841 3282 894 τδ
3316 842 3426 895 δεῖν
3447 833 3655 896 οἴεσθαι
3696 849 3803 916 μα·

2215 930 2326 1000 κρὰ
2350 928 2446 982 καὶ
2470 929 2676 1000 σφόδρα
2709 931 3099 1001 στενολεσχεῖν,
3126 932 3220 985 καὶ
3248 931 3437 1005 ὀλίγην
3475 934 3676 1006 κομιδῆ
3700 934 3805 1005 τὴν

2222 1019 2461 1091 βάσανον
2489 1021 2941 1092 ἐπιρριπτοῦντες
2968 1023 3205 1094 ἑκάστῳ,
3244 1023 3378 1094 φέρε
3404 1024 3677 1095 λέγωμεν,
3707 1030 3810 1080 καὶ

2217 1107 2324 1175 πρό
2346 1123 2411 1175 γε
2434 1106 2543 1161 τῶν
2568 1107 2742 1162 ἄλλων
2769 1113 2885 1174 τοῖς
2904 1110 3182 1182 δοκηταῖς,
3212 1128 3231 1163 ι
3258 1111 3539 1166 Πλανᾶσθε
3565 1114 3641 1186 μὴ
3668 1115 3805 1169 εἰδό-

2216 1215 2307 1263 τες
2339 1199 2439 1265 τὰς
2469 1200 2716 1273 Γραφὰς,
2750 1222 2768 1257 ι
2808 1204 2945 1273 μήτε
2981 1204 3089 1275 μὴν
3127 1206 3226 1275 τῆς
3254 1204 3538 1270 εὐσεσείας
3565 1207 3627 1260 τὸ
3656 1210 3806 1279 μέγα

2220 1292 2541 1362 μυστήριον,
2578 1294 2845 1356 τουτέστι,
2882 1295 3153 1365 Χριστὸν,
3190 1316 3209 1348 ι
3253 1299 3350 1361 Ὃς
3390 1297 3711 1371 ἐφανερώθη
3745 1302 3807 1354 ἐν

2220 1383 2420 1453 σαρκὶ,
2456 1383 2745 1456 ἐδικαιώθη
2776 1389 2832 1439 ἐν
2855 1386 3153 1457 Πνεῦματι,
3184 1386 3338 1459 ὤφθη
3369 1389 3643 1458 ἀγγέλοις,
3670 1394 3804 1462 ἐκη-

2222 1468 2391 1541 ρύχθη
2436 1470 2648 1526 ἔθνεσιν
2674 1514 2689 1539 ,
2733 1473 3028 1545 ἐπιστεύθη
3065 1477 3124 1528 ἐν
3172 1476 3385 1546 κόσμῳ,
3434 1478 3709 1549 ἀνελήφθη
3746 1481 3807 1532 ἐν

2217 1558 2361 1631 δόξῃ.
2405 1578 2424 1613 ι
2465 1563 2584 1614 Δεῖν
2614 1561 2671 1615 δὲ
2702 1557 2854 1633 οἶμαι
2880 1565 3006 1627 τοὺς
3033 1564 3101 1617 δι’
3122 1565 3387 1631 ἐναντίας,
3421 1568 3454 1638 ἢ
3488 1568 3668 1639 ψῆφον
3703 1571 3805 1623 ἐπε

2221 1649 2377 1717 άγειν
2389 1650 2489 1723 τὴν
2514 1652 2712 1722 αἰσχίω
2739 1655 2850 1717 τοῖς
2879 1653 3069 1719 πάλαι,
3085 1656 3177 1707 καὶ
3200 1655 3569 1728 ψευδηγόρους
3593 1660 3803 1713 ἀποκα-

528 1755 778 1810 Christus
803 1753 915 1822 ipse
941 1752 1099 1816 dixit,
1126 1768 1146 1804 ι
1167 1751 1368 1806 Euntes
1382 1752 1571 1807 docete
1596 1767 1784 1807 omnes
1807 1761 1995 1823 gentes
2013 1753 2067 1818 ’;
2090 1771 2108 1804 ι

2225 1739 2330 1793 λεῖν
2380 1743 2506 1806 τοὺς
2546 1743 2642 1812 τῆς
2679 1744 3008 1814 οἰκουμένης
3048 1748 3481 1816 μυσταγωγοὺςς
3514 1743 3596 1814 οἷς
3638 1751 3808 1816 αὐτὸς

529 1858 624 1903 aut
669 1847 713 1902 si
750 1818 951 1901 abihoc
998 1844 1203 1901 scelere
1236 1845 1551 1909 abhorrent,
1592 1847 1787 1900 debere
1810 1818 2001 1900 veram
2051 1861 2115 1901 ac

2225 1830 2323 1902 ἔφη
2353 1833 2606 1901 Χριστὸς,
2642 1854 2664 1904 ι
2698 1834 3065 1907 Πορευθέντες
3109 1838 3491 1911 μαθητεύσατε
3524 1844 3704 1897 πάντα
3733 1845 3805 1898 τὰ

530 1938 801 1995 sinceram
846 1938 909 1992 de
938 1937 1159 1993 Christo
1194 1936 1497 1991 doctrinam
1532 1937 1823 2007 amplecti‘:
1853 1948 1908 1993 et
1948 1948 2117 1993 teme-

531 2028 682 2084 ritati
715 2027 1145 2099 ignorantiaeque
1182 2028 1344 2097 681
1379 2042 1490 2081 suae
1528 2027 1917 2096 valedicentes,
1948 2043 2117 2084 sacra:

533 2118 829 2188 Scripturae
862 2119 1134 2173 mordicus
1166 2119 1465 2182 adlnerere,
1512 2128 1566 2172 et
1604 2128 1755 2174 recta
1786 2121 2117 2189 minimeque

533 2225 767 2267 erronea
797 2220 1109 2266 sanctorum
1142 2209 1228 2263 via
1256 2210 1574 2265 insistentes
1603 2211 1666 2263 ad
1708 2210 1879 2280 ipsam
1915 2212 2119 2266 verita-

535 2311 643 2356 tem
674 2302 1021 2358 contendere.
1050 2300 1235 2371 Neque
1255 2302 1405 2355 enim
1441 2302 1585 2355 aliud
1614 2312 1721 2369 est,
1752 2318 1867 2358 inea
1900 2314 2122 2358 senten-

536 2393 633 2457 tia,
678 2393 896 2460 pietatis
942 2390 1326 2460 religionisque
1372 2393 1710 2460 mysterium,
1749 2407 1908 2460 quam
1944 2392 2118 2461 ipsum

534 2498 600 2539 ex
632 2482 743 2539 Deo
774 2484 935 2538 Patre
970 2484 1227 2548 Verbum,
1259 2482 1659 2537 manifestatum
1699 2484 1755 2538 in
1792 2500 1974 2540 carne.
2009 2483 2121 2539 Na-

538 2584 648 2627 tum
683 2574 826 2626 enim
844 2580 933 2627 est
955 2586 1021 2625 ex
1049 2580 1234 2627 sancta
1271 2571 1513 2641 Virgine,
1538 2573 1710 2628 forma
1741 2576 1883 2630 servi
1910 2591 2121 2631 assum-

536 2674 650 2731 pta.
695 2663 875 2719 Visum
906 2672 1085 2719 autem
1112 2673 1197 2719 est
1224 2664 1457 2733 angelis,
1490 2666 1580 2736 qui
1621 2676 1750 2721 nato
1776 2666 1965 2722 laudes
1993 2682 2124 2720 con-

538 2756 752 2822 cinunt,
786 2754 1030 2809 dicentes
1074 2771 1087 2810 :
1138 2772 1159 2806 ι
1191 2752 1377 2809 Gloria
1426 2754 1480 2809 in
1522 2755 1755 2812 excelsis
1805 2756 1936 2823 Deo,
1968 2765 2022 2811 et
2067 2755 2121 2811 in

540 2858 682 2900 terra
719 2860 844 2916 pax,
880 2845 932 2899 in
962 2844 1273 2901 hominibus
1307 2846 1448 2901 bona
1487 2846 1737 2901 voluntas
1766 2844 1833 2905 ‘°.
1881 2866 1900 2899 ι
1943 2846 2121 2914 Quin—

537 2937 702 2991 etiam
743 2938 1057 3007 pastoribus
1094 2937 1401 2993 indicantes
1439 2938 1608 2992 Deum
1635 2935 1872 2992 Verbum
1904 2946 2123 3008 propter

540 3047 638 3088 nos
684 3032 739 3087 in
772 3046 937 3087 carne
974 3041 1159 3086 natum
1212 3049 1226 3086 :
1266 3049 1285 3083 ι
1325 3032 1483 3097 Ecce,
1520 3031 1792 3101 inquiunt,
1837 3043 1995 3086 natus
2041 3040 2125 3086 est

538 3125 701 3179 hodie
737 3124 892 3219 nobis
919 3124 1201 3189 Servator,
1231 3124 1324 3194 qui
1355 3134 1441 3180 est
1475 3125 1737 3219 -Christus
1774 3123 2121 3219 Dominusin
2150 3163 2192 3219 ϐ

539 3216 761 3270 civitate
788 3214 977 3269 David.
1023 3215 1097 3270 Et:
1122 3215 1226 3270 hoc
1262 3215 1414 3270 vobis
1444 3214 1681 3285 signum.
1718 3214 2008 3270 invenietis
2044 3214 2125 3269 in-

539 3304 745 3359 fantem
773 3303 1071 3359 involutum
1103 3302 1309 3369 fasciis,
1332 3306 1603 3372 iacentem
1634 3304 1686 3359 in
1721 3305 1947 3375 praesepi
2001 3305 2066 3358 “.
2100 3323 2120 3356 ι

543 3395 604 3452 Si
635 3405 816 3451 autem
848 3393 993 3451 fetus
1019 3395 1197 3449 editus
1231 3404 1316 3450 est
1343 3410 1440 3465 per
1464 3395 1765 3465 Virginem,
1805 3406 1855 3449 et
1881 3395 2129 3466 apparuit

543 3487 598 3541 in
625 3501 825 3552 carne,
859 3501 969 3556 quo
998 3496 1159 3556 pacto
1187 3501 1293 3542 non
1326 3487 1504 3543 inanis
1534 3488 1987 3558 vaniloquentia?
2017 3486 2127 3543 imo

543 3592 676 3635 vero
725 3593 832 3647 quo
866 3587 1028 3647 pacto
1079 3593 1185 3633 non
1233 3577 1646 3634 deliramentum
1698 3589 1860 3649 atque
1914 3581 2126 3635 insania

543 3669 813 3724 censenda
853 3669 945 3733 sit,
980 3668 1315 3737 imaginariae
1354 3670 1682 3738 apparentia!
1714 3671 2125 3739 appellationem

551 3760 794 3812 tribuere
865 3757 1000 3813 adeo
1057 3758 1357 3814 manifestat
1407 3753 1813 3814 incarnationi?
1865 3760 1920 3816 Si
1980 3765 2125 3818 enim

546 3848 736 3903 tnnbra
764 3856 930 3918 atque
954 3849 1271 3919 imaginaria
1301 3850 1618 3920 apparentia
1642 3861 1782 3916 erat,
1811 3867 1916 3908 non
1946 3865 2125 3910 autem

544 3952 674 3993 vere
711 3938 1035 4004 incarnatio,
1076 3954 1249 4009 neque
1274 3939 1483 4009 peperit
1512 3937 1692 4009 Virgo,
1726 3955 1900 4009 neque
1929 3956 2126 4011 appre-

548 4034 737 4089 hendit
795 4046 980 4087 semen
1013 4030 1245 4086 Abrahae
1281 4030 1512 4085 Verbum
1547 4047 1614 4085 ex
1647 4030 1759 4086 Deo
1794 4030 1954 4087 Patre
1980 4046 1997 4085 :
2019 4047 2124 4086 non

544 4137 629 4182 est
662 4140 793 4197 ergo
834 4123 1025 4179 similis
1066 4123 1241 4177 factus
1289 4122 1570 4177 fratribus.
1618 4122 1804 4193 Neque
1837 4124 1980 4177 enim
2028 4137 2127 4177 nos

548 4216 738 4271 umbra
761 4216 844 4268 vel
863 4214 1177 4283 imaginaria
1197 4215 1430 4283 quadam
1452 4216 1763 4283 apparentia
1789 4224 2123 4279 constamus,

547 4307 643 4363 sed
676 4320 957 4361 versamur
1000 4305 1054 4360 in
1085 4304 1407 4375 corporibus
1444 4319 1563 4373 qua:
1604 4315 1656 4358 et
1705 4305 1843 4374 tangi
1892 4315 1947 4359 et
1977 4307 2125 4359 cerni

546 4406 792 4467 possunt,
842 4406 897 4452 et
948 4406 1159 4452 terrena
1209 4395 1309 4451 hac
1356 4411 1519 4451 carne
1554 4397 1744 4459 induti,
1791 4398 2123 4466 corruptioni

2220 1924 2369 1995 ἔθνη,
2409 1944 2426 1976 ι
2457 1926 2489 1997 ἢ
2526 1926 2684 1999 εἴπερ
2707 1928 2869 1982 τοῦτο
2892 1931 3338 2002 καταπεφρίκασι
3360 1933 3513 2005 δρᾷν,
3546 1936 3682 2008 ὀρθὰ
3705 1938 3807 2007 μὲν

2221 2016 2437 2070 ἑλέσθαι
2490 2021 2708 2089 φρονεῖν
2749 2018 2819 2072 τὰ
2875 2021 2968 2072 ἐπὶ
3005 2022 3249 2092 Χριστῷ,
3295 2025 3610 2094 φράσαντας
3643 2028 3699 2081 δὲ
3742 2030 3804 2081 τό

2221 2108 2497 2180 ἐρρῶσθαι
2520 2111 2631 2163 δεῖν
2661 2114 2783 2175 ταῖς
2803 2112 2954 2182 σφῶν
2978 2114 3160 2168 αὐτῶν
3182 2117 3467 2187 ἀμαθίαις,
3505 2121 3676 2191 ἀπρὶξ
3702 2122 3808 2192 μὲν

2222 2200 2503 2271 ὲξέχεσθαι
2527 2202 2636 2256 τῶν
2662 2204 2822 2275 ἱερῶν
2843 2205 3213 2276 Γραμμάτων,
3241 2208 3338 2281 τὴν
3363 2209 3419 2263 δὲ
3457 2211 3674 2282 ἀπλανῆ
3700 2213 3809 2266 τῶν

2223 2293 2393 2360 ἁγίων
2425 2293 2740 2365 διᾴττοντας
2778 2296 2962 2367 τρίϐον
3012 2300 3100 2351 ἐπ’
3147 2301 3317 2371 αὐτὴν
3369 2302 3505 2357 ίέναι
3545 2304 3643 2375 τὴν
3677 2306 3810 2377 ἁλή-

2224 2386 2393 2440 θειαν.
2411 2386 2509 2457 Εῖη
2528 2387 2637 2458 γὰρ
2657 2387 2724 2440 ἂν
2746 2388 2843 2457 οὐχ
2858 2386 3253 2461 ἐτερον,οἷμαι,
3272 2394 3326 2445 τὶ
3341 2395 3400 2447 τὸ
3421 2397 3813 2466 τῆςεῦσεὸείας

2227 2480 2545 2550 μυστήριον,
2579 2480 2613 2550 ἢ
2649 2482 2809 2545 αὐτὸς
2848 2484 2981 2551 ἡμῖν
3010 2485 3039 2535 ὁ
3072 2485 3136 2537 ἐκ
3178 2484 3314 2539 Θεοῦ
3347 2488 3563 2560 Πατρδς
3612 2484 3812 2559 Λόγος,

2222 2572 2281 2635 ὃς
2307 2570 2627 2642 ἐφανερώθη
2649 2574 2706 2625 ἐν
2740 2574 2922 2645 σαρκί.
2948 2574 3274 2646 Γεγέννηται
3299 2578 3407 2649 γὰρ
3425 2579 3513 2633 διὰ
3532 2582 3633 2650 τῆς
3650 2583 3812 2649 ἁγίας

2225 2660 2527 2732 Παρθένου,
2565 2664 2779 2734 μορφὴν
2807 2663 2994 2718 δούλου
3039 2664 3241 2722 λαϐών.
3278 2667 3454 2739 Ὠφθη
3483 2668 3538 2722 δὲ
3578 2672 3674 2723 καὶ
3711 2675 3815 2740 ἀγα

2224 2754 2428 2823 γέλοις,
2459 2753 2507 2806 οῖ
2535 2754 2865 2825 γεννηθέντα
2894 2758 3379 2830 καταγεραίρουσι,
3419 2778 3437 2811 ι
3469 2761 3605 2829 Δόξα
3630 2780 3690 2816 τε
3716 2779 3816 2833 φαδ

2230 2846 2314 2898 σὶν
2346 2847 2404 2898 ἐν
2430 2843 2676 2914 ὑψίστοις
2708 2845 2847 2917 θεῷ,
2880 2849 2973 2902 καὶ
3003 2850 3096 2902 ἐπὶ
3129 2849 3234 2921 γῆς
3263 2851 3478 2923 είρήνη,
3502 2854 3560 2905 ἐν
3599 2854 3815 2929 ἀνθρὼ-

2228 2952 2350 2997 ποις
2378 2935 2616 2990 εὐδοκία.
2662 2954 2681 2987 ι
2717 2937 2828 2990 Καὶ
2864 2938 2972 3009 μὴν
3003 2940 3096 2993 καὶ
3130 2942 3245 3004 τοῖς
3298 2942 3522 3013 ποιμέσι
3568 2962 3815 3017 καταση-

2230 3025 2515 3096 μαίνοντες
2539 3027 2631 3081 τὸν
2665 3027 2731 3080 δι’
2763 3029 2911 3099 ήμᾶς
2941 3030 3000 3082 ἐν
3031 3032 3196 3103 σαρκὶ
3224 3032 3358 3085 Θεὸν
3388 3034 3581 3104 Λόγον,
3630 3055 3649 3087 ι
3677 3039 3814 3093 Ἰδοὺ

2227 3117 2312 3188 δή,
2351 3118 2536 3186 φασὶν,
2573 3119 2839 3190 ἐγεννήθη
2894 3120 3023 3191 ὑμῖν
3057 3122 3299 3193 σήμερον
3335 3125 3546 3197 Σωτὴρ.
3583 3127 3644 3186 ὃς
3695 3128 3815 3181 ἐστι

2228 3206 2462 3278 Χριστὸς
2486 3206 2691 3277 Κύριος
2721 3210 2779 3261 ἐν
2805 3209 2955 3261 πόλει
3002 3210 3187 3263 Δαόίδ.
3239 3212 3348 3264 Kal
3399 3211 3557 3266 τοῦτο
3590 3214 3717 3284 ὑμῖν
3752 3216 3818 3268 τὸ

2230 3302 2478 3371 σημεῖον·
2508 3300 2773 3372 εὑρήσετε
2797 3300 2995 3372 βρέφος
3024 3305 3539 3376 ἐσπαργανωμένον,
3559 3308 3818 3379 κείμενον

2228 3392 2286 3445 ἐν
2321 3391 2518 3462 φάτνῃ.
2558 3409 2577 3443 ι
2635 3392 2697 3445 El
2748 3392 2805 3444 δὲ
2839 3396 2994 3458 τόκος
3023 3395 3051 3447 ὁ
3080 3394 3167 3448 διὰ
3196 3396 3493 3467 Παρθένου,
3528 3401 3622 3452 καὶ
3649 3398 3817 3469 φανέ-

2230 3499 2400 3553 ρωσις
2428 3484 2485 3535 ἐν
2516 3482 2716 3552 σαρκὶ,
2760 3483 2878 3545 πῶς
2902 3486 3001 3538 οὐκ
3032 3486 3265 3558 ἀδρανὴς
3295 3489 3661 3559 είκαιομυθία,
3696 3493 3816 3555 πῶς

2228 3575 2283 3629 δὲ
2312 3575 2433 3645 οὐχὶ
2459 3576 2625 3646 μανία
2651 3578 2745 3630 κα)⁸
2768 3576 2955 3649 λῆρος,
2982 3577 3045 3630 τὸ
3073 3583 3169 3649 τῆς
3192 3580 3464 3650 δοκήσεως
3492 3582 3683 3652 ὄνομα,
3710 3583 3814 3651 τῆς

2228 3665 2371 3718 οὕτω
2392 3667 2625 3736 παχείας
2643 3666 2735 3719 καὶ
2769 3667 3033 3738 ἐναργοῦς
3062 3671 3435 3737 καταγράφειν
3462 3672 3773 3740 οἰκονομίας
3798 3689 3813 3737 ;

2230 3758 2293 3810 El
2326 3759 2434 3829 γὰρ
2467 3759 2595 3812 σκιὰ
2618 3759 2712 3811 καὶ
2740 3758 2964 3830 δόκησις
2991 3755 3080 3830 ἦν,
3110 3761 3205 3813 καὶ
3233 3758 3355 3813 οὔτε
3383 3761 3660 3831 σάρκωσις
3688 3764 3819 3831 ἀλη-

2230 3849 2356 3913 θῶς,
2389 3849 2513 3903 οὒτε
2562 3849 2673 3922 μὴν
2702 3851 2920 3905 τέτοκεν
2957 3854 2989 3922 ή
3036 3852 3329 3922 Παρθένος,
3380 3853 3479 3906 οὐκ
3513 3854 3817 3910 ἐπελάϐετο

2231 3941 2545 4012 σπέρματος
2607 3940 2858 4011 ’Δόραὰμ
2908 3943 2937 3993 ὁ
2967 3944 3029 3994 ἐκ
3072 3941 3208 3995 Θεοῦ
3240 3942 3453 4014 Πατρός
3484 3946 3677 4014 Λόγος,
3711 3945 3817 4017 οὐχ

2226 4029 2482 4102 ὡμοιώθη
2523 4034 2634 4095 τοῖς
2666 4031 2932 4100 ἀδελφοῖς.
2976 4033 3113 4085 Σκιά
3147 4033 3255 4104 γὰρ
3298 4033 3416 4087 οὔτι
3448 4052 3547 4088 που
3578 4036 3644 4089 τὰ
3685 4037 3813 4089 καθ’

2227 4123 2398 4192 ἡμᾶς,
2431 4121 2463 4193 ἢ
2494 4122 2716 4194 δόκησις
2740 4162 2755 4187 ,
2786 4122 2901 4175 ἀλλ’
2944 4124 3113 4193 ἐσμὲν
3143 4126 3200 4177 ἐν
3233 4124 3482 4195 σώμασιν
3522 4128 3710 4191 ἁπτοῖς
3745 4137 3813 4181 τε

2230 4216 2323 4269 καὶ
2344 4217 2578 4285 ὁρατοῖς,
2602 4217 2694 4269 καὶ
2721 4216 2820 4286 τὴν
2844 4217 3049 4287 γηγενῆ
3075 4216 3139 4287 δὴ
3160 4217 3365 4287 ταύτην
3389 4218 3566 4288 σάρκα
3592 4237 3811 4291 κατημτι

2230 4306 2511 4376 φιεσμένοι
2537 4347 2550 4371 ,
2600 4308 2692 4361 καὶ
2726 4306 2930 4377 φθορᾶς
2974 4308 3069 4359 καὶ
3108 4306 3298 4359 παθῶν
3331 4309 3629 4379 ἡττήμεθα.
3662 4311 3808 4363 Οὐκ-ι

2229 4398 2344 4459 οῦν,
2379 4400 2427 4450 εἰ
2454 4398 2528 4468 μὴ
2565 4398 2754 4466 γέγονε
2782 4396 2921 4468 σὰρξ
2958 4399 2985 4450 ό
3014 4397 3205 4465 Λόγος,
3240 4397 3359 4450 οὐδὲ
3391 4399 3449 4450 ἐν
3473 4391 3517 4466 ᾧ
3539 4400 3810 4452 πέπονθεν

548 4490 1030 4558 aﬂ‘ectionibusque
1075 4487 1297 4544 obnoxii
1329 4502 1537 4543 sumus.
1588 4487 1874 4554 Quocirca.
1912 4488 1957 4542 si
1995 4488 2122 4543 Ver-

2230 4487 2389 4551 αὐτὸς
2430 4487 2771 4559 πειρασθεὶς,
2824 4487 3047 4541 δύναται
3079 4491 3191 4551 τοῖς
3221 4488 3637 4559 πειραζομένοις
3679 4489 3813 4560 βοηι

550 4583 677 4637 bum
709 4597 837 4635 caro
867 4581 1069 4635 factum
1102 4595 1207 4635 non
1242 4587 1348 4643 est,
1384 4595 1451 4633 ne
1491 4580 1543 4633 in
1582 4594 1647 4633 ro
1679 4578 1894 4650 quidem
1935 4580 1985 4633 in
2016 4595 2123 4649 quo

549 4676 666 4741 ipse
704 4688 893 4742 passus
936 4681 1020 4726 est
1066 4686 1188 4727 cum
1238 4680 1557 4735 tentaretur,
1614 4670 1834 4725 tentatis
1868 4675 2124 4739 prodesse

548 4772 747 4836 potest.
783 4761 965 4831 hcque
990 4761 1135 4815 enim
1172 4760 1359 4814 umbra
1409 4759 1744 4813 contrariam
1786 4758 2121 4815 aﬂ'ectionem'

550 4856 806 4911 inducere
838 4853 1022 4923 possit.
1050 4852 1236 4907 Nullus
1276 4852 1456 4922 itaque
1484 4852 1551 4905 ad
1585 4865 1683 4905 nos
1712 4850 1979 4921 passionis
2006 4850 2123 4918 ejus

548 4947 759 5001 fructus
810 4944 1075 5011 pervenit.
1142 4944 1311 5010 Quale
1356 4944 1500 4997 enim
1563 4950 1771 5010 tergum
1820 4956 1919 5010 pro
1966 4942 2122 4998 nobis

547 5036 797 5109 praebuit,
830 5045 923 5089 aut
954 5035 1165 5102 qualem
1210 5034 1483 5087 niaxillam
1523 5033 1935 5088 verberantibus
1972 5034 2123 5088 exhi-

548 5131 704 5193 hens,
742 5126 1052 5182 Judazorum
1094 5126 1319 5180 verbera
1358 5123 1649 5179 toleravit?
1676 5134 1763 5178 aut
1812 5139 1918 5194 quo
1963 5136 2122 5194 pacto

547 5220 669 5289 quis
700 5233 825 5273 eum
856 5217 1025 5271 clavis
1052 5230 1242 5270 manus
1285 5224 1341 5269 et
1386 5215 1549 5283 pedes
1588 5213 1906 5267 transﬁxum
1956 5212 2124 5267 fuisse

548 5310 842 5371 existimet,
872 5320 993 5360 cum
1024 5306 1077 5359 in
1108 5319 1273 5359 carne
1297 5318 1403 5359 nou
1434 5303 1780 5374 apparuerit?
1815 5313 1906 5356 aut
1942 5303 2123 5372 quale,

547 5400 798 5465 obsecro,
830 5398 974 5452 latus
1002 5396 1377 5466 transﬁgentes
1408 5394 1563 5450 Pilati
1590 5395 1872 5460 satellites,
1900 5394 2124 5464 sangui-

461 5537 466 5540 .
548 5504 670 5546 nent
697 5504 837 5560 aqua
868 5490 1086 5546 mistqu
1117 5496 1455 5544 emanantem
1485 5488 1851 5557 spectantibus
1877 5487 2127 5542 ostende-

551 5577 714 5635 runt‘l
736 5579 823 5645 Et,
849 5583 896 5636 si
916 5579 1049 5650 quid
1086 5580 1315 5649 amplius
1341 5579 1626 5635 dicendum
1658 5587 1761 5643 est,
1786 5591 1854 5634 ne
1880 5587 2124 5634 mortuus

611 5757 638 5794 ³
664 5756 850 5813 Matth.
889 5775 1022 5825 san,
1053 5756 1143 5813 99.
1219 5758 1240 5789 '
1275 5760 1292 5813 i
1328 5755 1567 5814 Timoth.
1605 5772 1683 5823 ιιι,
1715 5758 1798 5813 i6.
1878 5760 1898 5791 ³
1925 5757 2117 5815 Matth.
2182 5773 2371 5825 xxvtn,
2410 5759 2490 5814 l9.
2571 5759 2613 5791 ⁸⁸
2650 5756 2780 5812 Luc.
2815 5776 2876 5822 ιι,
2920 5758 3002 5812 is.

2230 4580 2415 4647 θῆσαι.
2454 4579 2589 4632 Οὑδέ
2613 4578 2720 4649 γὰρ
2754 4579 2818 4631 ἄν
2846 4596 2898 4631 τι
2932 4578 3094 4631 πάθοι
3122 4579 3270 4632 σκιά.
3298 4580 3515 4649 υίχεται
3541 4580 3609 4651 δὴ
3626 4577 3720 4633 οῦν
3748 4581 3819 4633 τὸ
3868 4643 3874 4646 ἠ

2232 4670 2454 4742 σύμπαν
2492 4672 2624 4741 ἡμῖν
2654 4672 2733 4733 εἰς
2783 4670 2845 4722 τὸ
2893 4669 3060 4741 μηδὲν
3105 4669 3343 4742 ἀληθῶς.
3391 4671 3548 4725 Ποῖον
3590 4672 3700 4741 γὰρ
3725 4672 3814 4724 ἔτι

2229 4764 2398 4817 νῶτον
2436 4764 2669 4817 δέδωκεν
2719 4764 2859 4833 ὑπὲρ
2908 4763 3098 4835 ήμῶν;
3148 4764 3181 4834 ἦ
3226 4764 3385 4817 ποίαν
3426 4767 3538 4828 τοῖς
3590 4765 3816 4820 παίουσι

2230 4852 2467 4924 παρειὰν
2490 4850 2866 4923 ὑποστρώσας,
2902 4851 3038 4923 πρὸς
3080 4852 3177 4916 τὰς
3224 4853 3493 4908 Ἰουδαίων
3525 4854 3816 4925 διεκαρτέ-

2234 4961 2316 5014 ρει
2350 4943 2600 5014 πληγάς;
2646 4943 2835 5005 Ἦλοις
2866 4959 2925 4995 τε
2962 4943 3333 5013 διαπεπάρθαι
3363 4947 3552 5016 χεῖρας
3579 4948 3673 4999 καὶ
3708 4946 3817 5000 πό-

2228 5038 2323 5101 δας
2344 5038 2437 5091 τὸν
2458 5039 2558 5091 οὐκ
2586 5039 2644 5090 ἐν
2688 5037 2849 5107 σαρκὶ
2879 5036 3194 5107 πεφηνότα;
3220 5039 3353 5091 Τίνα
3382 5037 3445 5109 δὴ
3472 5041 3671 5109 τρόπον
3692 5042 3817 5111 οῖσι-,-

2229 5127 2348 5197 θείη
2378 5146 2462 5191 τις
2481 5128 2634 5198 ἆνψῆ
2661 5127 2840 5192 ποίαν,
2864 5129 2984 5181 εἰπέ
3018 5145 3129 5200 μοι,
3162 5129 3407 5201 πλευρὰν
3440 5131 3819 5197 διανύττοντες

2226 5220 2274 5270 οἱ
2314 5219 2548 5271 Πιλάτου
2577 5216 2888 5288 δορυφόροι,
2938 5218 3001 5271 τὸ
3024 5217 3208 5288 τίμιον
3241 5214 3382 5289 αἷμα
3410 5221 3819 5286 συνανασλὺζον

2234 5307 2388 5361 ὕδατι
2418 5310 2530 5371 τοῖς
2556 5308 2851 5378 θεωμένοις
2879 5309 3233 5379 παρέδειξαν;
3257 5312 3366 5364 Kal
3390 5313 3437 5364 εἰ
3465 5312 3568 5382 χρή
3602 5328 3653 5365 τι
3689 5313 3819 5365 τοὺ-

2230 5415 2340 5453 των
2364 5399 2427 5453 τδ
2449 5398 2707 5457 ἐπέκεινα
2747 5398 2929 5468 λέγειν
2948 5440 2964 5466 ,
3003 5398 3126 5453 οὕτε
3167 5401 3437 5456 ἀπέθανεν
3459 5403 3599 5473 ὑπὲρ
3632 5403 3823 5474 ήμῶν,

2230 5487 2355 5543 οὔτε
2387 5488 2496 5563 μὴν
2526 5491 2827 5563 ἐγήγερται
2850 5490 3113 5563 Χριστός,
3155 5485 3234 5545 Ub
3266 5493 3701 5566 ⁸πιιριιδεχθέντος
3732 5497 3825 5560 εἰς

2232 5578 2511 5653 ἀλήθειαν,
2536 5580 2835 5635 κεκένωται
2861 5581 2958 5653 μὲν
2984 5581 3019 5652 ἡ
3046 5580 3248 5650 πίστις,
3274 5584 3483 5654 οἴχεται
3502 5583 3560 5638 δὲ
3592 5584 3622 5637 δ
3644 5598 3829 5651 naue

3084 5760 3120 5790 “
3167 5758 3293 5813 ibid.
3330 5756 3516 5812 l0~l3.
