4122 6506
411 290 550 353 ιιονι

1495 281 1586 349 DE
1620 280 2153 351 ’tNCAtiNATtoxE»
2185 286 2552 351 UNIGENITI.

3530 293 3668 353 H98

408 411 524 484 ρδς,
557 413 591 484 ή
628 411 720 466 τοῦ
763 413 972 485 κόσμου
1016 412 1258 484 σωτηρία
1305 411 1399 466 καὶ
1429 412 1541 483 ζωὴ
1566 452 1579 473 .
1611 413 1704 466 καὶ
1762 413 1978 467 διόλωλε

2087 408 2297 478 quidem
2316 416 2508 478 estpro
2530 408 2704 475 nobis,
2722 421 2894 479 neque
2911 404 3213 465 resurrexit
3230 394 3498 468 Christus.
3514 412 3666 479 οιιοιι

406 502 692 568 παντελῶς
734 506 769 575 ή
805 504 914 558 τῶν
941 504 998 557 ἐν
1030 504 1208 558 πίστει
1257 504 1671 576 κεκοιμημένων
1707 504 1880 566 ἐλπίς.
1910 500 1982 558 Εὖ

407 596 517 668 γὰρ
548 588 651 651 ὧδε
677 594 822 667 ἔχειν
855 595 1029 650 ἐδόκει
1059 597 1152 650 καὶ
1183 596 1259 666 τῷ
1292 597 1547 668 μακαρίῳ
1585 596 1802 667 Παύλῳ,
1838 613 1982 669 παρα

405 687 585 741 ἑδωκα
610 687 718 759 γάρ
740 688 890 758 ὑμῖν,
914 693 1099 757 φησιν,
1120 688 1178 739 ἐν
1205 687 1461 759 πρώτοις,
1482 687 1510 740 ὃ
1533 688 1627 741 καὶ
1654 687 1981 758 παρέλαϐον,

408 779 493 832 δτι
524 779 760 851 Χριστὸς
806 778 1074 832 ἀπέθανεν
1124 778 1265 849 ὑπὲρ
1312 778 1419 831 τῶν
1468 778 1750 849 ἁμαρτιῶν
1802 776 1980 848 ἡμῶν,

408 872 551 927 κατά
576 872 675 936 τάς
702 869 946 941 Γραφάς,
977 870 1072 923 καὶ
1091 870 1181 923 ’ὅτι
1217 868 1413 940 ἐτάφη,
1444 869 1542 924 καὶ
1572 869 1652 922 ὃτι
1687 868 1983 938 ἐγήγερται

406 967 474 1035 τῇ
506 962 686 1034 ἡμέρᾳ
713 964 777 1031 τῇ
816 960 997 1034 τρίτῃ,
1040 960 1180 1014 κατὰ
1215 958 1312 1023 τάς
1335 960 1576 1031 Γραφάς,
1604 960 1700 1013 καὶ
1724 960 1805 1012 ὅτι
1827 957 1979 1029 ὤφθη

408 1057 596 1127 Κηφᾷ,
631 1050 749 1107 εἶτα
769 1056 881 1116 τοῖς
904 1052 1133 1116 δώδεκα,
1172 1051 1359 1105 ἔπειτα
1389 1051 1545 1120 ὤφθη
1573 1050 1755 1103 ἐπάνω
1782 1065 1979 1103 πεντα-

410 1144 613 1208 κοσίοις
651 1142 905 1213 ἀδελφοῖς
937 1135 1172 1211 ἐφάπαξ,
1199 1141 1256 1206 ἐξ
1284 1134 1357 1194 ὧν
1383 1143 1431 1193 οἱ
1454 1140 1695 1202 πλείονες
1732 1139 1981 1209 μένουσιν

406 1235 514 1298 ἕως
542 1234 689 1304 άρτι,
720 1234 865 1295 τινὲς
896 1231 955 1285 δὲ
996 1233 1087 1288 καὶ
1113 1232 1506 1302 ἐκοιμήθησαν.
1555 1232 1784 1284 Ἔπειτα
1823 1229 1977 1301 ὤφθη

422 1323 683 1395 Ἰακώϐῳ.
715 1323 907 1376 ἔπειτα
945 1325 1056 1386 τοῖς
1082 1321 1398 1385 ἀποστόλοις
1446 1322 1633 1387 πᾶσιν,
1673 1320 1899 1392 ἔσχατον
1924 1321 1980 1375 δέ

408 1415 646 1479 πάντων,
668 1413 910 1485 ὡσπερεί
930 1429 1007 1483 τῳ
1026 1411 1359 1483 ἐκτρώματι,
1379 1412 1562 1482 φησιν,
1582 1411 1736 1483 ὤφθη
1754 1412 1823 1465 κά
1832 1411 1938 1483 μοί.
1955 1431 1973 1463 ι

406 1505 520 1558 Καὶ
551 1503 669 1574 μεθ’
690 1503 853 1575 ἕτερα
893 1502 1077 1555 πάλιν·
1114 1518 1131 1553 ι
1172 1503 1234 1555 Ei
1261 1501 1315 1555 δέ
1350 1501 1581 1573 Χριστὸς
1618 1502 1976 1574 κηρύσσεται,

405 1597 490 1649 ὅτι
520 1596 584 1648 ἐκ
619 1591 830 1664 νεκρῶν
864 1592 1182 1663 ἐγήγερται,
1223 1591 1342 1655 πῶς
1380 1590 1629 1661 λέγουσιν
1659 1594 1717 1645 ἐν
1746 1591 1876 1661 ύμῖν
1900 1608 1980 1645 τι·

407 1701 523 1749 νες,
553 1684 634 1736 ὅτι
659 1683 951 1751 ἀνάστασις
984 1680 1195 1752 νεκρῶν
1225 1681 1323 1734 ούκ
1349 1681 1527 1748 ἔστιν,
1561 1683 1609 1734 εἰ
1646 1680 1703 1733 δὲ
1732 1680 1981 1734 ἀνάστα-

411 1791 493 1836 at;
524 1774 734 1844 νεκρῶν
761 1774 861 1827 οὐκ
888 1774 1055 1838 ἐστιν,
1085 1771 1205 1825 οὐδὲ
1235 1771 1467 1843 Χριστὸς
1495 1773 1806 1843 ἐγήγερται.
1836 1772 1899 1823 Εἰ
1923 1771 1980 1823 δὲ
2011 1758 2053 1812 Β

408 1855 641 1937 Χριστὸς
662 1863 760 1916 οὐκ
789 1863 1106 1932 ἐγήγερται,
1127 1862 1282 1915 κενὸν
1304 1861 1413 1932 ἄρα
1430 1860 1490 1913 τὸ
1518 1863 1779 1931 κήρυγμα
1800 1857 1977 1928 ήμῶν,

410 1956 541 2028 κενὴ
582 1955 677 2010 καὶ
706 1957 739 2025 ή
763 1954 942 2017 πίστις
967 1954 1144 2025 ήμῶν.
1178 1952 1562 2024 Εύρισκόμεθα
1581 1952 1638 2004 δὲ
1672 1952 1769 2005 καὶ
1792 1949 1983 2019 ψευδο·

411 2047 686 2118 μάρτυρες
724 2044 817 2098 τοῦ
849 2042 1005 2105 Θεοῦ,
1048 2045 1129 2096 ὅτι
1160 2044 1349 2113 ἤγειρε
1398 2042 1489 2095 τὸν
1511 2040 1763 2113 Χριστὸν,
1794 2040 1852 2092 ὃν
1883 2040 1984 2093 ούκ

411 2136 650 2206 ήγειρεν,
683 2133 840 2205 εἴπερ
862 2133 969 2205 ἀρα
997 2133 1182 2204 νεκροὶ
1209 2132 1309 2185 οὐκ
1343 2132 1669 2203 ἐγείρονται.
1709 2149 1725 2180 ι
1751 2129 1983 2199 Τεθναίη

409 2227 519 2296 γὰρ
553 2225 638 2291 ἂν,
670 2225 789 2279 εἰπέ
828 2241 939 2296 μοι,
973 2224 1097 2279 τινα
1140 2224 1205 2294 δὴ
1238 2222 1440 2295 τρόπον
1474 2223 1696 2293 ήσκιά;
1729 2221 1852 2285 Πῶς
1892 2216 1985 2275 οὖν

408 2317 677 2389 ἀνέστησε
702 2316 793 2369 τὸν
829 2315 1065 2387 Χριστὸν
1095 2316 1126 2369 ό
1160 2315 1349 2387 Πατὴρ
1369 2353 1385 2377 ,
1434 2313 1593 2367 σκιάν
1616 2312 1747 2367 ὄντα
1777 2313 1872 2367 καὶ
1903 2313 1987 2366 δόο

408 2423 591 2477 κησιν,
625 2406 722 2460 καὶ
758 2409 871 2471 τοῖς
890 2405 984 2460 τοῦ
1020 2406 1250 2461 Θανάτου
1284 2406 1502 2477 δεσμοῖς
1535 2406 1634 2476 οὐχ
1673 2404 1983 2477 ἀλώσιμον;

410 2501 656 2571 Οἰχέσθω
684 2500 748 2572 δὴ
778 2496 871 2554 οὖν
902 2500 931 2552 ό
969 2500 1191 2554 ἐκείνων
1215 2498 1440 2570 ἔμετος,
1483 2497 1652 2569 μῦθον
1689 2497 1984 2564 δὲ’ἀλλως,

411 2594 504 2647 καὶ
534 2592 750 2650 ἀνοσίου
802 2591 999 2663 βουλῆς
1046 2591 1483 2661 ἀποδράσματα,
1536 2589 1605 2643 τὰ
1642 2591 1770 2660 παρ’
1804 2590 1988 2652 αὐτοῖς

411 2684 695 2756 ἡγώμεθα.
729 2686 867 2748 Τοὺς
912 2684 1019 2755 γάρ
1050 2681 1322 2745 τοιούτους
1362 2683 1491 2751 ήμῖν
1537 2680 1987 2752 προκαταμηνύει

411 2778 637 2847 γράφων
676 2777 769 2829 τοῦ
796 2776 1048 2845 Σωτῆρος
1070 2774 1097 2826 ὁ
1129 2770 1397 2843 μαθητὴς,
1440 2772 1521 2825 ὅτι
1567 2791 1586 2823 ι
1634 2771 1823 2825 Πολλοὶ
1859 2770 1989 2840 ψευο

410 2867 745 2938 δοπροφῆται
779 2865 1164 2937 ἐξεληλύθασιν
1197 2865 1277 2927 εἰς
1299 2864 1391 2917 τὸν
1432 2863 1657 2935 κόσμον.
1704 2863 1793 2916 Ἑν
1814 2863 1989 2933 τούτῳ

412 2959 743 3027 γινώσκεται
765 2958 825 3011 τὺ
858 2957 1085 3028 Πνεῦμα
1109 2956 1204 3011 τοῦ
1222 2956 1379 3011 Θεοῦ.
1408 2958 1522 3011 Πᾶν
1556 2957 1779 3027 Πνεῦμα
1806 2957 1833 3010 ὃ
1857 2959 1987 3027 ὁμο-

411 3052 559 3121 λογεῖ
605 3049 813 3121 Ἰησοῦν
859 3049 1092 3121 Χριστὸν
1120 3051 1179 3103 ἐν
1221 3049 1387 3121 σαρκλ⁸
1426 3048 1753 3120 ἐληλυθότα,
1788 3050 1854 3102 ἐκ
1890 3047 1986 3101 τοῦ

412 3141 548 3195 θεοῦ
578 3143 712 3193 ἐστι.
752 3160 770 3192 ι
809 3141 918 3192 Καὶ
946 3138 1100 3192 τοῦτό
1145 3140 1261 3191 ἐστι
1293 3139 1353 3191 τὸ
1378 3138 1473 3192 τοῦ
1533 3138 1923 3209 Ἀντιχρίστου,
1959 3138 1988 3190 ὃ

412 3235 687 3304 ἀκηκόατε
718 3233 800 3286 ὅτι
833 3232 1052 3302 ἔρχεται
1074 3275 1089 3297 ,
1128 3233 1221 3285 καὶ
1245 3231 1339 3285 νῦν
1382 3234 1439 3285 ἐν
1474 3230 1552 3302 τῷ
1607 3231 1795 3302 κόσμῳ
1842 3231 1990 3284 ἐστὶν

414 3328 537 3400 ἤδη.
563 3328 625 3379 Εἰ
653 3326 760 3397 γὰρ
789 3325 863 3397 μὴ
901 3326 1122 3394 γέγονεν
1146 3323 1454 3395 ἄνθρωπος,
1493 3324 1631 3395 μήτε
1667 3323 1772 3395 μὴν
1794 3322 1991 3376 ἀναϐέ-

417 3418 584 3489 ϐηκεν
615 3419 671 3470 ἐν
702 3417 865 3488 σαρκὶ
912 3416 1048 3489 πρὸς
1086 3416 1180 3469 τὸν
1210 3418 1267 3469 ἐν
1316 3418 1426 3480 τοῖς
1475 3417 1724 3487 οὐρανοῖς
1769 3415 1989 3486 Πατέρα

416 3505 512 3558 καὶ
543 3504 697 3571 Θεὸν,
748 3505 859 3558 οὐδ’
912 3504 979 3559 ἂν
1025 3504 1419 3575 ὑποστρέψειεν
1478 3503 1540 3568 ἐξ
1574 3502 1804 3574 οὐρανοῦ
1866 3502 1989 3556 καθ’

418 3598 587 3667 ἡμᾶς,
609 3597 891 3668 ἄνθρωπος
920 3596 1165 3667 δηλονότι
1196 3596 1291 3649 καὶ
1322 3598 1381 3650 ἐν
1412 3595 1602 3668 σαρκί.
1626 3596 1696 3649 Ἦ
1711 3595 1812 3649 οὐκ
1827 3596 1990 3665 ἀτρε-

417 3689 490 3759 κῆ
528 3705 610 3742 σοι
641 3690 801 3759 φάναι
831 3687 1009 3754 δοκῶ;

2085 507 2233 556 certe
2265 499 2310 555 si
2341 508 2400 554 ut
2430 513 2613 555 rerum
2642 500 2978 569 admittatur,
2998 500 3159 570 periit
3180 500 3561 567 ﬁdes,sublata
3584 519 3669 560 cst

2084 607 2242 658 crux,
2262 591 2443 647 mundi
2466 591 2610 647 salus
2632 606 2696 648 ac
2712 592 2821 647 vita
2839 604 2855 660 ς
2874 593 3100 664 atquein
3114 596 3426 652 universum
3458 596 3668 652 interiit

2084 698 2270 739 eorum
2306 682 2397 752 qui
2433 682 2487 736 in
2526 683 2629 737 llde
2658 685 3227 755 obdormieruntspes.
3254 686 3332 741 Ita
3367 689 3511 742 enim
3541 704 3665 743 sese

2085 788 2199 827 rem
2220 774 2439 838 habere,
2457 773 2620 827 etiam
2644 774 2803 829 beato
2827 775 2993 832 Paulo
3029 777 3203 832 visum
3236 786 3319 832 est
3351 796 3366 834 :
3396 798 3415 830 ι
3441 779 3663 834 Tradidi

2083 865 2247 930 enim,
2274 864 2470 934 inquit,
2512 864 2665 920 vobis
2701 866 2752 919 in
2799 866 2990 936 primis
3022 870 3163 935 quod
3195 878 3250 923 et
3278 871 3482 940 accepi,
3532 886 3667 939 quo-

2082 956 2226 1008 niam
2252 954 2503 1011 Christus
2527 964 2768 1012 mortuus
2788 967 2869 1013 est
2886 974 2983 1028 pro
3009 962 3173 1033 682
3200 963 3435 1029 peccatis
3466 964 3665 1017 nostris

2083 1045 2378 1100 secundum
2402 1044 2710 1115 Scripturas
2738 1067 2749 1101 :
2785 1057 2837 1103 et
2869 1052 3009 1117 quod
3040 1053 3281 1117 sepultus
3309 1060 3412 1118 est,
3443 1063 3494 1107 et
3522 1055 3663 1121 quod

2083 1136 2381 1190 resurrexit
2399 1135 2558 1189 tertia
2577 1136 2661 1189 die
2680 1140 2978 1192 secundum
3004 1139 3334 1210 Scripturas,
3356 1151 3409 1194 et
3433 1144 3573 1210 quod
3590 1144 3667 1195 vi.

2079 1240 2175 1281 sus
2197 1228 2511 1299 estCephze,
2537 1245 2600 1283 ac
2627 1239 2807 1298 postea
2837 1232 3140 1288 duodecim.
3173 1234 3374 1287 Deinde
3406 1234 3552 1288 visus
3583 1244 3666 1289 est

2081 1317 2374 1388 plusquam
2397 1320 2706 1391 quingentis
2728 1321 2984 1378 fratribus
3005 1324 3163 1379 simul
3181 1338 3277 1392 ,εχ
3294 1326 3490 1395 quibus
3510 1327 3666 1382 multi

2082 1418 2302 1463 manent
2346 1424 2515 1481 usque
2567 1412 2760 1478 adhuc,
2811 1413 3028 1483 quidam
3075 1424 3255 1471 autem
3300 1416 3659 1473 dormierunt.

2083 1496 2285 1555 Deinde
2331 1502 2479 1557 visus
2501 1509 2586 1558 est
2611 1501 2837 1569 Jacobo,
2869 1505 3063 1563 deinde
3094 1508 3355 1578 apostolis
3371 1509 3663 1578 omnibus,

2080 1591 2375 1647 novissime
2402 1602 2581 1648 autem
2606 1597 2847 1650 omnium
2878 1605 3131 1667 tanquam
3163 1600 3432 1665 abortivo,
3463 1599 3663 1671 inquit,

2081 1681 2228 1736 visus
2243 1692 2327 1738 est
2346 1692 2399 1738 et
2416 1684 2544 1740 mihi
2562 1685 2655 1739 ι’.»
2675 1686 2739 1741 Et
2757 1688 2914 1757 paulo
2931 1701 3077 1758 post:
3099 1708 3118 1742 ι
3143 1690 3198 1744 Si
3217 1704 3393 1747 autem
3413 1693 3666 1750 Christus

2083 1774 2423 1841 praedicatur,
2442 1776 2581 1846 quod
2601 1780 2897 1836 resurrexit
2915 1795 2945 1835 a
2968 1783 3197 1838 mortuis
3218 1826 3232 1850 ,
3258 1785 3526 1852 quomodo
3546 1785 3668 1855 qui-

2082 1864 2205 1918 dam
2229 1864 2413 1920 dicunt
2443 1867 2494 1920 in
2524 1868 2675 1924 vobis
2699 1871 2953 1941 quoniam
2980 1875 3305 1929 resurrectio
3329 1884 3667 1930 mortuorum

2083 1967 2188 2006 non
2225 1954 2343 2008 est?
2384 1956 2439 2009 Si
2470 1965 2645 2011 autem
2696 1961 3028 2017 resurrectio
3058 1973 3390 2020 mortuorum
3425 1982 3530 2022 non
3558 1980 3665 2028 est.

2085 2054 2259 2111 neque
2278 2041 2527 2100 Christus
2545 2047 2855 2103 resurrexit.
2881 2046 2937 2104 Si
2965 2059 3144 2105 autem
3173 2053 3420 2109 Christus
3445 2071 3549 2110 non
3584 2072 3670 2112 rev

2085 2132 2346 2198 surrexit,
2377 2134 2554 2192 inanis
2583 2146 2667 2191 est
2706 2153 2836 2208 ergo
2882 2138 3194 2208 praedicatio
3236 2151 3440 2208 nostra,
3490 2145 3668 2201 inanis

2086 2232 2169 2276 est
2207 2232 2262 2278 et
2304 2224 2436 2280 lides
2464 2235 2683 2295 nostra;
2724 2228 3029 2285 invenimur
3055 2240 3234 2286 autem
3265 2241 3321 2288 et
3352 2232 3470 2289 falsi
3501 2243 3669 2292 testes

2088 2312 2206 2379 Dei,
2235 2317 2489 2384 quoniam
2529 2319 2893 2375 testimonium
2918 2321 3155 2379 diximus
3186 2324 3447 2383 adversus
3476 2326 3668 2395 Deum,

2089 2406 2231 2473 quod
2261 2407 2606 2464 suscitaverit
2637 2410 2938 2475 Christum,
2964 2428 3123 2483 quem
3157 2430 3261 2469 non
3286 2419 3594 2485 suscitavit,
3621 2422 3668 2476 si

2090 2495 2287 2548 mortui
2316 2510 2421 2550 non
2456 2508 2743 2567 resurgunt
2768 2500 2834 2554 ι’.
2865 2518 2886 2554 ι
2913 2501 3159 2567 Quonam
3188 2506 3333 2560 enim
3364 2516 3543 2577 pacto,
3567 2510 3669 2565 ob-

2089 2599 2271 2653 secro,
2301 2587 2569 2642 moriatur
2605 2589 2845 2645 umbra?
2876 2591 3155 2660 Quomodo
3202 2596 3365 2666 igitur
3388 2600 3672 2655 suscitavit

2089 2676 2363 2732 Christum
2400 2676 2583 2745 Pater,
2614 2695 2735 2736 cum
2781 2682 2970 2739 umbra
3014 2693 3221 2740 tantum
3264 2696 3319 2742 et
3348 2688 3671 2760 imaginaria

2091 2768 2335 2838 quaedam
2371 2772 2685 2842 apparentia
2713 2784 2881 2841 esset,
2921 2785 2978 2832 et
3022 2779 3214 2833 mortis
3238 2780 3470 2837 vinculis
3495 2782 3669 2838 obno-

2092 2860 2217 2916 xius
2261 2875 2368 2916 non
2397 2863 2583 2918 esset?
2624 2863 2821 2920 Procul
2861 2866 3025 2937 igitur
3056 2868 3288 2925 facessat
3324 2870 3538 2927 illorum
3574 2888 3669 2928 vo-

2094 2952 2266 3014 mitio.
2313 2954 2442 3024 quin
2474 2954 2653 3025 patius
2706 2955 2939 3011 fabulam
2982 2957 3242 3030 impiique
3271 2962 3435 3017 animi
3476 2963 3671 3019 ebulli-

2097 3044 2268 3098 tiones
2298 3044 2694 3102 existimemus.
2729 3047 3003 3118 Ejusmodi
3035 3050 3177 3105 enim
3205 3051 3361 3107 nobis
3390 3062 3546 3108 antea
3577 3056 3672 3109 de-

2094 3134 2317 3203 scripsit
2365 3133 2671 3192 Servatoris
2714 3138 2882 3193 nostri
2922 3138 3220 3210 discipulus
3268 3160 3281 3197 :
3324 3161 3343 3195 ι
3373 3141 3549 3211 Multi,
3588 3145 3673 3200 in-

2096 3228 2308 3302 quiens,
2358 3228 2842 3300 pseudopmphette
2890 3232 3141 3287 exierunt
3188 3232 3239 3287 in
3278 3237 3561 3296 mundum.
3616 3238 3671 3292 In

2098 3324 2197 3373 hoc
2242 3320 2593 3390 cognoscitur
2636 3321 2875 3391 Spiritus
2922 3324 3037 3379 Dei.
3090 3325 3279 3382 Omnis
3312 3329 3536 3396 spiritus
3579 3333 3672 3400 qui

2095 3413 2385 3468 conlltetur
2408 3412 2591 3468 Jesunt
2621 3414 2895 3470 Christum
2933 3416 2986 3471 in
3012 3432 3177 3475 carne
3206 3421 3443 3487 venisse,
3469 3438 3535 3476 ex
3566 3424 3675 3478 Dco

2095 3513 2200 3560 est.
2251 3522 2269 3554 ι
2309 3503 2373 3557 Et
2413 3504 2593 3559 omnis
2634 3505 2856 3575 spiritus
2885 3510 2976 3577 qui
3011 3523 3116 3563 non
3144 3512 3433 3567 conﬁtetur
3457 3512 3672 3582 Jesum,

2096 3608 2162 3649 ex
2196 3594 2303 3648 Deo
2326 3610 2430 3649 non
2458 3604 2559 3650 est.
2594 3596 2771 3667 Atque
2797 3598 2900 3652 hoc
2934 3608 3017 3654 est
3049 3600 3116 3655 de
3143 3601 3507 3667 Antecbristo,
3529 3608 3677 3676 quod

2098 3685 2350 3751 audistis,
2384 3686 2639 3754 quoniam
2692 3686 2892 3751 veniet,
2930 3700 2981 3742 et
3016 3706 3157 3745 nunc
3200 3692 3313 3762 jam
3368 3693 3419 3748 in
3477 3697 3677 3750 mundo

418 3797 501 3839 νει
534 3785 600 3838 ⁸⁸.
638 3804 655 3836 ι
692 3784 747 3838 Si
776 3786 918 3840 enim
948 3785 1109 3839 homo
1139 3783 1314 3839 factus
1343 3798 1449 3839 non
1496 3791 1602 3850 est,
1650 3795 1822 3851 neque
1888 3779 2130 3836 ascendit
2158 3780 2210 3833 in
2279 3794 2443 3835 carne
2478 3780 2529 3834 in
2574 3780 2740 3836 caelos
2780 3782 2845 3836 ad
2897 3781 3111 3837 Patrem
3158 3800 3219 3841 ac
3271 3787 3461 3856 Deum,
3499 3805 3676 3862 neque

422 3883 600 3939 redire
633 3882 824 3952 poterit
852 3896 918 3936 ex
946 3882 1086 3938 cmlo
1114 3881 1269 3936 nobis
1296 3880 1506 3947 similis,
1538 3880 1700 3936 homo
1727 3877 2007 3945 nimirum,
2043 3885 2098 3931 et
2128 3876 2181 3929 in
2209 3890 2394 3929 carne.
2430 3875 2584 3931 Anne
2613 3876 2707 3931 tibi
2748 3891 2870 3932 vera
2912 3876 3089 3932 dicere
3124 3881 3349 3936 videor?

491 3981 553 4035 Β.
584 3980 695 4034 Καὶ
724 3979 890 4047 μάλα.

490 4074 557 4126 Δ.
586 4072 660 4126 Τὸ
685 4071 742 4125 δέ
764 4071 828 4143 δὴ
849 4070 943 4125 καὶ
972 4070 1190 4145 ἐτέρους
1220 4068 1425 4123 οἴεσθαι
1455 4084 1515 4121 τε
1551 4068 1644 4121 καὶ¹
1667 4066 1882 4137 φρονεῖν
1935 4062 1996 4127 ἐξ

2168 3967 2230 4024 Β.
2270 3969 2520 4024 Omnino.

2171 4060 2237 4113 Α.
2278 4057 2428 4124 Quod
2453 4072 2578 4112 vero
2602 4057 2691 4113 alii
2721 4074 2785 4115 ex
2814 4060 3073 4118 immensa
3104 4064 3337 4135 quadam
3361 4067 3678 4139 stupiditate

421 4162 733 4233 ἀμετρήτου
762 4160 1008 4225 νωθείας,
1037 4161 1249 4228 γένεσιν
1283 4158 1382 4229 μὲν
1428 4156 1727 4228 ἀνήνασθαι
1765 4155 1865 4228 τὴν
1908 4154 1988 4207 διὰ

2102 4150 2337 4206 Verbum
2373 4164 2435 4204 ex
2488 4148 2597 4205 Deo
2639 4152 2875 4222 genitum
2926 4156 3074 4209 nasci
3119 4172 3185 4211 ex
3234 4168 3419 4214 sancta
3454 4158 3678 4231 Virgine

422 4253 520 4321 τῆς
556 4252 717 4318 ἀγιας
753 4250 1028 4321 Παρθένου
1051 4291 1066 4317 ,
1097 4250 1189 4303 τὸν
1214 4251 1279 4303 ἐκ
1299 4247 1436 4301 Θεοῦ
1473 4247 1645 4317 φύντα
1681 4248 1871 4316 Λόγον,
1904 4245 1988 4297 καὶ

2105 4242 2361 4304 noluisse,
2391 4250 2445 4295 et
2479 4251 2722 4297 naturam
2751 4253 2991 4299 nostram
3036 4246 3330 4316 respuisse,
3376 4250 3469 4305 sed
3497 4252 3678 4321 potius

424 4308 885 4413 φύσινάτι-μάσάι
935 4308 1204 4412 τὴνΙκαθ’
1246 4342 1413 4412 ἡμᾶς,
1451 4308 1898 4412 παρατετράφθαι
1943 4336 1988 4389 δὲ

2104 4343 2368 4388 mutatum
2403 4334 2577 4403 ipsum
2608 4334 2662 4388 in
2705 4351 2921 4390 carnem
2973 4345 3246 4393 terrenam
3293 4341 3674 4397 contendunt:

428 4435 626 4505 μᾶλλον
660 4434 822 4487 αὑτὸν
858 4435 936 4495 εἰς
960 4432 1057 4504 τὴν
1087 4432 1196 4487 ἀπὸ
1214 4432 1318 4503 γῆς
1343 4432 1542 4503 σάρκα,
1573 4428 1988 4503 δυσφημούντωι

2108 4421 2160 4476 ἰιι
2215 4422 2638 4476 incarnationem
2702 4421 2797 4476 Dei
2851 4422 3340 4492 blasphemantium
3388 4427 3681 4497 divinaque

424 4527 543 4581 ἐστὶ
564 4529 662 4596 τὴν
688 4525 1020 4595 οἰκονομίαν,
1047 4525 1141 4578 καὶ
1159 4529 1270 4590 τοῖς
1293 4524 1457 4588 θείοις
1488 4524 1801 4595 σκέμμασιν
1822 4525 1988 4577 ἐπιτι-

2108 4511 2333 4566 consilia
2365 4511 2786 4582 improbantium
2812 4524 2913 4569 est.
2946 4515 3169 4571 Creator
3197 4514 3339 4569 enim
3370 4516 3533 4571 totius
3560 4518 3681 4572 uni-

429 4620 535 4689 μᾷν
563 4617 872 4689 ᾑρημένων.
915 4617 974 4670 '0
1003 4617 1102 4687 μὲν
1124 4617 1231 4687 γὰρ
1254 4617 1362 4670 τῶν
1384 4617 1521 4671 ὅλων
1543 4614 1891 4687 δημιουργὸς,
1906 4614 1988 4669 καλ

2108 4602 2273 4667 versi,
2306 4611 2360 4656 et
2390 4601 2598 4673 largttm
2629 4602 2682 4658 in
2726 4604 3149 4662 misericordiam
3195 4608 3286 4663 Dei
3317 4607 3549 4664 Verbum
3583 4625 3681 4664 ex-

426 4709 595 4772 πολὺς
621 4709 698 4771 εις
735 4707 883 4760 ἔλεον
910 4706 1005 4761 τοῦ
1027 4706 1163 4761 Θεοῦ
1202 4708 1404 4777 Λόγος,
1450 4707 1754 4761 κεκένωκεν
1789 4704 1988 4759 ἑαυτὸν.

2108 4690 2338 4747 inanivit
2365 4690 2625 4761 seipsum,
2656 4690 2855 4747 factum
2878 4708 2976 4763 pro
3003 4696 3156 4752 nobis
3186 4698 3346 4752 homo
3374 4698 3439 4763 ¹⁸,
3469 4710 3685 4753 natum-

426 4800 495 4855 δι’
527 4802 676 4872 ἡμᾶς
712 4800 1003 4871 γενόμενος
1048 4799 1355 4871 ἄνθρωπος,
1389 4801 1679 4869 γενόμενος
1716 4799 1779 4850 ἐκ
1817 4812 1976 4867 γυναι

2104 4800 2211 4856 que
2238 4799 2269 4839 e
2309 4784 2533 4841 tnuliere
2556 4786 2623 4851 “,
2655 4795 2713 4841 ιιι
2741 4790 3200 4857 quemadmodum
3235 4793 3514 4861 sanguinis
3553 4810 3682 4864 par-

429 4892 544 4956 κδς,
571 4894 636 4945 ἵν’
668 4892 904 4962 ἐπείπερ
938 4891 1172 4958 αἵματος
1204 4891 1299 4943 καὶ
1324 4890 1524 4962 σαρκὸς
1551 4887 1916 4958 κεκοινώνηκε
1937 4886 1988 4940 τέ

2109 4876 2299 4946 ticipes
2326 4876 2434 4930 sint
2469 4876 2617 4946 pueri
2644 4876 2710 4944 ",
2742 4877 2847 4933 hoc
2879 4890 2965 4937 est
3003 4897 3122 4945 nos,
3150 4883 3222 4937 ita
3246 4884 3409 4938 etiam
3434 4884 3686 4940 similiter

430 4982 637 5048 παιδία,
676 4981 954 5035 τουτέστιν
1015 4982 1174 5050 ήμεῖς
1199 5021 1215 5045 ,
1260 4980 1353 5032 καὶ
1394 4979 1555 5042 αὐτὸς
1609 4976 1988 5048 παραπλησίω,

2107 4968 2223 5040 ipse
2259 4985 2444 5025 eorum
2473 4971 2745 5042 particeps
2780 4982 2958 5029 esset:
2986 4974 3151 5044 683
3186 4991 3205 5025 ι
3236 4973 3307 5029 Ut
3337 4990 3434 5045 per
3457 4988 3681 5031 mortem

436 5074 679 5144 μετάσχῃ
693 5073 802 5125 τῶν
818 5072 1009 5137 ὄντων,
1031 5092 1049 5123 ι
1062 5071 1181 5125 Ἶνα
1200 5070 1288 5124 διὰ
1307 5070 1402 5123 τοῦ
1425 5068 1655 5124 θανάτου
1679 5068 1988 5139 καταργήσῃ

2110 5061 2413 5116 destrueret
2448 5077 2569 5117 eum
2603 5063 2695 5133 qui
2742 5064 2973 5119 habebat
3012 5065 3203 5119 mortis
3238 5065 3547 5134 imperium,
3582 5069 3687 5123 hoc

432 5164 524 5216 τὸν
556 5163 615 5215 τὸ
649 5165 844 5234 κράτος
877 5162 1069 5233 ἔχοντα
1096 5161 1192 5215 τοῦ
1221 5161 1475 5227 θανάτου,
1499 5160 1746 5214 τουτέστι
1778 5158 1868 5211 τὸν
1889 5158 1988 5210 διά·

2111 5160 2191 5205 est
2247 5150 2557 5218 diabolum;
2606 5160 2660 5206 et
2707 5151 2900 5207 liberet
2958 5165 3052 5206 eos
3112 5152 3203 5221 qui
3259 5152 3453 5207 timore
3497 5155 3688 5209 mortis

436 5254 609 5317 ϐολον,
643 5254 736 5306 καὶ
766 5254 1050 5325 ἀπαλλάξῃ
1070 5253 1310 5319 τούτους,
1340 5254 1452 5306 ὅσοι
1487 5251 1636 5321 φόϐῳ
1668 5250 1898 5304 θανάτου
1920 5248 1988 5301 διέ

2111 5257 2208 5313 per
2234 5250 2400 5296 totam
2430 5244 2593 5298 vitam
2633 5242 2849 5298 obnoxii
2880 5252 3037 5297 erant
3071 5242 3340 5298 servituti.
3376 5261 3397 5297 ι
3435 5243 3512 5299 Ita
3543 5246 3687 5300 enim

436 5343 639 5407 παντὸς
666 5344 758 5397 τοῦ
800 5342 899 5415 ζῇν
921 5383 938 5407 ,
979 5346 1153 5415 ἔνοχοι
1190 5340 1331 5415 ἦσαν
1369 5343 1631 5408 δουλείας,
1658 5361 1675 5393 ι
1728 5335 1855 5394 Ὧδε
1898 5337 1988 5408 γάί

2114 5336 2189 5388 ait
2216 5349 2371 5389 sacra
2418 5334 2695 5404 Scriptura
2742 5334 2808 5387 ¹⁸.
2854 5332 2918 5391 Hi
2952 5348 3082 5389 vero
3110 5333 3374 5405 optimum
3414 5335 3518 5391 hoc
3549 5352 3690 5405 praes

436 5434 539 5505 ἔφη
568 5435 629 5487 τὸ
676 5434 913 5505 Γράμμα
944 5435 1005 5488 τὸ
1036 5434 1199 5507 ἱερόν.
1244 5436 1304 5489 Oi
1333 5434 1389 5487 δὲ
1421 5435 1518 5506 τῆς
1544 5433 1687 5487 οὕτω
1718 5429 1988 5501 παγκάλης

2115 5425 2619 5494 ειιιηιίεείηιιιιηιιιιο
2645 5423 2737 5478 Dei
2771 5423 3075 5492 consilium,
3106 5435 3364 5495 tanquam
3388 5442 3577 5498 parum
3599 5427 3692 5482 de-

508 5632 552 5666 ”
581 5634 596 5687 l
621 5632 744 5688 Cor.
773 5647 860 5694 xv,
883 5633 994 5690 5-8.
1074 5636 1114 5667 "‘
1141 5637 1266 5691 ibid.
1301 5635 1488 5692 l2-L’i.
1569 5631 1613 5665 ”
1639 5631 1657 5688 Ι
1684 5628 1835 5685 Joan.
1879 5642 1950 5690 tv,
1981 5626 2090 5681 l-S.

2172 5625 2212 5656 ¹¹¹
2238 5624 2466 5695 l‘ltilipp.
2503 5638 2559 5690 tt,
2594 5623 2643 5679 7.

457 5703 480 5733 θ
502 5703 683 5757 lichm
714 5719 747 5769 ι,
779 5702 861 5767 Η,
908 5701 990 5758 ib.

2725 5624 2767 5655 "
2793 5622 2968 5686 Calat.
3003 5640 3075 5689 rv,
3102 5624 3153 5680 ὁ.
3236 5625 3277 5658 ¹⁷
3311 5623 3471 5681 Hebr.
3509 5638 3570 5688 ιι,
3605 5623 3689 5680 14.
