4122 6526
463 291 602 348 “39

1443 283 1504 339 S.
1544 282 1816 340 CYRILLI
1857 278 2321 339 ALEXANDRINI
2360 281 2675 343 ARCHIEP.

3580 293 3727 351 non

464 425 591 465 core
629 406 938 462 institutum
961 404 1240 468 damnant,
1275 410 1328 458 et
1362 404 1584 472 perinde
1613 420 1675 461 ac
1708 405 1755 461 si
1786 405 1884 476 ipsi
1930 419 2041 459 me-

2147 406 2239 458 καὶ
2268 405 2496 478 ἀρίστης
2540 404 2737 476 βουλῆς
2781 407 2843 460 τδ
2894 406 3142 479 ἀπρεπὲς
3197 408 3569 480 καθορίζουσι,
3623 418 3721 468 καὶ

467 502 599 554 liora
654 498 966 567 excogitare
1014 494 1245 563 possint,
1299 494 1465 563 ipsius
1513 498 1791 567 sapientiae
1823 496 2038 553 decreta

464 593 793 661 improbant.
838 587 1024 657 Neque
1064 589 1209 643 enim
1259 601 1326 641 ex
1372 597 1525 656 partu
1567 587 1804 655 Virginis
1838 588 2038 643 editum

467 685 705 739 Verbum
734 680 1154 737 existimandum
1204 688 1426 735 censent
1466 697 1482 734 :
1517 679 1611 735 sed
1652 682 1832 749 potius
1876 680 2039 736 Verbi

465 785 712 829 naturam
754 772 809 827 in
844 771 1019 827 debile
1050 771 1160 825 hoc
1196 782 1395 838 corpus
1427 766 1863 823 transformatam
1899 782 2038 833 esse,

465 875 521 919 et
554 863 907 918 mutationem
938 862 1299 931 imaginantur
1324 860 1441 927 ejus
1472 859 1525 914 in
1557 874 1713 928 quem
1749 860 1893 915 nulla
1921 876 2041 914 mu-

465 955 597 1010 tatio
618 954 785 1009 cadit.
818 953 1055 1007 Firmata
1084 952 1229 1007 enim
1264 960 1427 1019 atque
1454 949 1688 1004 stabilita
1718 959 1803 1004 est
1832 950 1925 1004 Dei
1951 966 2044 1004 na-

468 1056 584 1099 tura
619 1046 671 1099 in
701 1044 939 1113 propriis
978 1044 1090 1100 suis
1129 1042 1303 1107 bonis,
1333 1048 1386 1095 et
1426 1040 1836 1094 immutabiliter
1860 1040 1913 1095 in
1947 1054 2044 1095 suo

466 1147 607 1190 statu
651 1144 946 1205 permanet.
989 1133 1186 1187 Natura
1221 1132 1363 1185 enim
1398 1139 1599 1193 creata,
1650 1145 1876 1200 quaeque
1912 1141 2044 1185 tem-

465 1244 597 1296 pore
625 1229 690 1282 ad
722 1242 842 1281 esse
879 1227 1119 1279 traducta
1166 1233 1271 1285 est,
1325 1221 1610 1275 mutationi
1656 1220 1887 1275 obnoxia
1937 1231 2041 1287 est,

466 1332 700 1387 vereque
734 1318 785 1371 id
813 1316 877 1369 de
899 1313 1161 1385 ejusmodi
1191 1325 1248 1365 re
1272 1310 1378 1365 dici
1404 1312 1592 1378 possit.
1619 1309 1751 1363 Nam
1786 1312 2043 1380 quidquid

464 1408 759 1463 exsistendi
791 1406 1110 1475 principium
1138 1404 1368 1471 accepit,
1392 1403 1439 1457 ei
1464 1404 1626 1456 etiam
1651 1404 2046 1471 quodammodo

463 1501 688 1556 insitum
717 1509 824 1565 est,
854 1507 912 1552 ut
945 1496 1140 1551 mutari
1169 1496 1359 1565 possit.
1386 1494 1526 1551 Deus
1554 1508 1684 1549 vero
1714 1495 1803 1563 qui
1832 1509 2045 1549 omnem

463 1595 790 1661 intellectum
835 1598 1075 1660 superat,
1111 1597 1168 1643 et
1197 1588 1571 1643 exsistentiam
1607 1588 1675 1643 ab
1720 1594 1841 1642 ortu
1886 1596 2046 1656 atque

462 1686 683 1746 interitu
707 1684 931 1738 liberam
956 1681 1143 1746 habet,
1159 1680 1308 1735 omni
1333 1679 1631 1734 mutatione
1656 1679 1903 1749 superior
1926 1690 2043 1745 est;

463 1788 536 1841 et,
568 1775 735 1831 veluti
766 1773 997 1843 propriae
1023 1785 1135 1827 sum
1165 1781 1372 1825 naturae
1418 1770 1627 1827 ratione
1653 1771 1833 1826 omnia
1863 1781 2045 1826 creata

464 1866 621 1934 longe
675 1863 910 1929 excedit,
968 1871 1025 1917 et
1088 1862 1305 1932 quidem
1369 1861 1865 1931 incomparabiliter
1911 1878 1927 1916 :
1974 1865 2044 1917 ita

461 1956 627 2011 etiam
664 1955 717 2008 in
755 1955 822 2009 iis
858 1967 979 2023 qum
1006 1953 1275 2007 creaturis
1312 1952 1410 2007 abs
1437 1966 1497 2006 se
1526 1949 1762 2006 conditis
1798 1952 2046 2008 accidere

462 2046 657 2113 solent,
691 2045 847 2113 longe
902 2042 1202 2109 antecellit;
1238 2042 1480 2112 nullique
1523 2041 1601 2097 rei
1638 2057 1757 2111 qua:
1787 2043 2041 2098 damnum

463 2139 667 2194 inferre
717 2135 886 2205 possit
932 2134 1198 2189 obnoxius
1247 2143 1349 2189 est.
1400 2133 1625 2190 Deitatis
1675 2134 1857 2203 itaque
1905 2134 2043 2189 bona

462 2240 588 2286 sunt
637 2228 789 2281 iirma
832 2241 897 2281 ac
952 2225 1186 2280 stabilia.
1225 2226 1609 2281 Creaturarum
1665 2241 1815 2293 vero,
1848 2227 2045 2281 altera-

464 2321 701 2375 tionibus
752 2318 1249 2388 mutationibusque
1294 2318 1557 2386 subjecta,
1607 2326 1661 2371 et
1711 2318 2043 2385 corruptioni

462 2413 660 2467 vicina.
688 2410 840 2477 Quod
881 2410 1095 2477 quidem
1136 2410 1338 2476 optime
1372 2409 1680 2477 intelligens
1715 2410 2042 2462 rectissime-

463 2518 566 2571 que
588 2518 769 2555 secum
788 2501 1062 2553 aestimans
1086 2502 1341 2566 propheta
1365 2497 1646 2562 Jeremias,
1675 2500 1748 2552 ita
1781 2499 1844 2551 ad
1878 2499 2043 2552 Dt‘lllll

462 2594 725 2647 exclamat
756 2610 768 2642 :
804 2590 885 2645 Tu
932 2590 1150 2659 quidem
1195 2589 1437 2644 insidens
1468 2590 1722 2643 saeculum
1756 2609 1770 2644 :
1809 2607 1906 2644 nos
1951 2608 2044 2644 au-

464 2695 574 2738 tem
602 2683 888 2752 perdentes
922 2682 1200 2737 saeculum.
1249 2677 1415 2733 Sedet
1456 2680 1601 2734 enim
1638 2679 1799 2733 veluti
1833 2680 1885 2733 in
1918 2694 2045 2747 pro—

462 2776 593 2845 priis
621 2776 839 2831 sedibus
858 2789 1072 2845 semper
1096 2773 1259 2840 Deus,
1283 2773 1567 2827 dominans
1586 2780 1748 2841 atque
1770 2773 2046 2840 imperans

461 2868 734 2933 omnibus,
768 2866 1021 2937 nullaque
1057 2865 1270 2920 aﬂ‘ectio
1300 2864 1353 2919 in
1383 2879 1505 2919 eum
1540 2864 1825 2934 imperium
1862 2864 2042 2917 habet.

459 2958 570 3014 Nos
599 2974 726 3014 vero
757 2974 881 3014 cum
918 2968 1105 3013 natura
1145 2957 1354 3026 praediti
1385 2959 1557 3011 simus
1602 2971 1764 3026 quam
1811 2958 2047 3010 maxime

2140 495 2329 569 ὥσπερ
2360 498 2481 552 ἐνὸν
2511 498 2697 563 αὐτοῖς
2729 498 2797 552 τά
2823 497 3032 570 ἀμείνω
3061 502 3309 570 φρονεῖν,
3349 502 3443 554 καὶ
3478 504 3591 566 τοῖς
3617 504 3719 572 τῆς

2142 589 2332 659 σοφίας
2357 589 2651 661 ἐπιτιμῶσι
2680 589 2985 661 σκέμμασι.
3009 591 3101 660 Μὴ
3136 591 3246 660 γὰρ
3273 590 3338 662 δὴ
3378 593 3577 663 χρῆναι
3626 594 3721 647 λέ-

2140 700 2327 752 γουσιν
2355 684 2519 739 ὠδῖνα
2548 686 2643 739 καὶ
2671 685 2829 739 τόκον
2852 685 2945 739 τὸν
2972 686 3037 739 ἐκ
3064 685 3320 755 γυναικὸς
3346 689 3722 759 καταγράφειν

2141 777 2289 846 ἡμᾶς
2314 777 2411 830 τοῦ
2438 776 2797 845 Μονογενοῦς,
2829 776 3038 831 οἴεσθαι
3058 777 3117 830 δὲ
3142 777 3341 848 μᾶλλον
3365 778 3464 849 τὴν
3493 779 3586 832 τοῦ
3613 780 3719 835 Δό-

2141 883 2238 933 γου
2269 867 2431 935 φύσιν
2461 870 2541 932 εἰς
2575 868 2639 921 τὸ
2684 867 2884 939 σαθρὸν
2924 868 2988 939 δὴ
3017 868 3176 921 τοῦτο
3208 871 3724 941 μετεστοιχειῶσθαι

2144 955 2323 1025 σῶμα,
2359 955 2453 1009 καὶ
2483 955 2692 1027 τροπὴν
2714 954 3084 1024 φαντάζονται
3109 956 3204 1009 τοῦ
3226 957 3432 1029 τροπὴν
3457 959 3558 1012 οὐκ
3578 959 3724 1012 εἰδόο

2141 1062 2251 1109 τος.
2305 1048 2649 1118 Ἐρήρεισται
2683 1047 2793 1119 γὰρ
2819 1048 2853 1117 ἡ
2882 1045 3021 1100 θεοῦ
3053 1047 3216 1116 φύσις
3270 1050 3329 1101 ἑν
3382 1047 3533 1110 ἰδίοις
3580 1050 3722 1119 ἀγα·-

2144 1135 2289 1202 θοίς,
2364 1138 2460 1191 καὶ
2522 1138 2913 1192 ἀκατάσειστον
2980 1138 3093 1208 ἔχει
3158 1139 3256 1210 τὴν
3315 1140 3401 1209 ἐφ’
3469 1134 3553 1205 οἷς
3604 1143 3722 1196 ἔστι

2144 1226 2424 1297 διαμονήν.
2454 1228 2620 1290 Φύσις
2654 1228 2752 1297 μὲν
2784 1227 2893 1299 γὰρ
2915 1231 2948 1298 ἡ
2988 1229 3214 1300 γενητὴ,
3243 1231 3340 1283 καὶ
3371 1230 3546 1301 χρόνῳ
3574 1250 3723 1304 παρ-

2144 1316 2421 1386 ενεχθεῖσα
2444 1318 2578 1388 πρὸς
2604 1317 2856 1389 ὓπαρξιν,
2880 1317 3042 1371 πάθοι
3077 1318 3145 1371 ἂν
3172 1319 3269 1389 τὴν
3300 1318 3604 1385 ἀλλοίωσιν,
3627 1322 3723 1375 καὶ

2145 1407 2245 1459 οὐκ
2285 1406 2391 1473 ἕξω
2445 1406 2609 1475 λόγου
2646 1406 2744 1460 τοῦ
2778 1406 3113 1477 καθήκοντός
3142 1425 3204 1462 τε
3247 1409 3343 1461 καὶ
3382 1409 3615 1481 ἀληθοῦς
3659 1412 3725 1465 τὸ

2146 1496 2336 1568 χρῆμα
2364 1499 2623 1553 κείσεται.
2658 1498 2731 1552 Τὸ
2755 1499 2864 1569 γὰρ
2891 1498 3064 1570 ἀρχὴν
3094 1500 3232 1563 ὅλως
3252 1501 3347 1555 τοῦ
3371 1496 3509 1555 εἶναι
3538 1502 3723 1573 λαχὸν,

2146 1590 2309 1642 οἱονεί
2346 1607 2462 1653 πως
2493 1589 2591 1661 ἤδη
2618 1591 2712 1643 καὶ
2744 1590 3189 1661 συνεσπαρμένον
3225 1591 3337 1662 ἔχει
3382 1592 3444 1645 τὸ
3477 1591 3721 1646 ἀλλοιοῦ-

2150 1680 2273 1732 σθαι
2312 1680 2443 1734 δεῖν.
2476 1680 2609 1743 Θεὸς
2633 1680 2691 1733 δὲ
2723 1682 2753 1734 ό
2780 1681 2981 1745 παντὸς
3009 1682 3267 1736 ἐπέκεινα
3302 1682 3422 1748 νοῦ,
3458 1685 3721 1752 γενέσεως

2078 1753 2122 1807 Β
2148 1772 2243 1825 καὶ
2294 1771 2498 1844 φθορᾶς
2550 1774 2650 1845 τὴν
2686 1774 2917 1846 ὓπαρξιν
2973 1774 3114 1845 ἔχων
3147 1774 3492 1848 ὲξῃρημένην
3532 1792 3591 1829 τε
3628 1775 3723 1831 καὶ

2150 1864 2569 1937 ύπερίσχουσαν,
2600 1867 2839 1937 ἀμείνων
2870 1867 3019 1921 ἔσται
3039 1868 3136 1923 καὶ
3158 1868 3386 1938 τροπῆς,
3416 1867 3515 1922 καὶ
3536 1866 3724 1940 ὥσπερ

2144 1956 2223 2025 τῷ
2264 1956 2364 2026 τῆς
2415 1957 2548 2021 ἰδίας
2579 1957 2792 2027 φύσεως
2847 1959 3012 2031 λόγῳ,
3059 1960 3262 2024 παντὸς
3305 1954 3458 2032 οἶμαί
3488 1978 3587 2014 που
3626 1962 3720 2015 τοῦ

2146 2047 2487 2119 κεκλημένου
2509 2049 2646 2119 πρὸς
2676 2050 2890 2119 γένεσιν
2912 2050 3335 2123 ὑπερανέστηκε
3360 2052 3457 2106 καὶ
3486 2054 3725 2126 ὑπερφέ-

2149 2156 2323 2209 ρεται,
2355 2139 2452 2193 καὶ
2484 2138 2641 2193 τοῦτο
2685 2142 3041 2213 ἀσυγκρίτοις
3089 2142 3406 2213 διαφοραῖς,
3450 2144 3591 2198 οὕτω
3620 2150 3725 2199 κάν

2144 2232 2258 2294 τοῖς
2304 2230 2525 2284 εἰωθόσι
2572 2232 2897 2302 συμϐαίνειν
2951 2235 3065 2297 τοῖς
3098 2232 3169 2286 δι’
3216 2233 3385 2288 αὐτοῦ
3436 2237 3719 2305 γεγονόσι,

2145 2322 2566 2393 ύπερανεστήξει
2595 2322 2759 2378 πάλιν
2781 2364 2796 2390 ,
2828 2325 3023 2378 παθεῖν
3046 2325 3148 2378 οὐκ
3183 2325 3343 2389 εἰδὼς
3385 2326 3447 2380 τὸ
3481 2331 3723 2397 πεφυκὸς

2144 2414 2371 2470 ἀδικεῖν.
2400 2412 2635 2482 Οὐκοῦν,
2676 2416 2734 2469 ὲν
2758 2416 2983 2485 ἀγαθοῖς
3011 2417 3110 2486 μὲν
3135 2415 3196 2470 τὸ
3216 2416 3360 2471 θεῖον
3388 2418 3720 2489 ἀμεταπτώ-

2142 2513 2256 2567 τοις
2290 2503 2427 2559 ἐστί.
2449 2505 2601 2558 Τάδέ
2628 2524 2692 2575 γε
2714 2508 2815 2578 τῆς
2843 2508 3096 2571 κτίσεως,
3119 2510 3176 2561 ὲν
3199 2508 3480 2564 ἀλλοιώσει
3499 2514 3591 2565 καὶ
3606 2530 3721 2584 :99-

2147 2600 2296 2662 παῖς,
2323 2597 2616 2668 ἀγχίθυρον
2647 2600 2838 2670 ἔχοντα
2859 2601 2956 2673 τὴν
2990 2603 3375 2674 παραφθορὰν.
3425 2607 3535 2660 Καὶ
3565 2607 3727 2662 τοῦτο

2144 2687 2426 2756 γινώσκων
2455 2685 2512 2743 εὖ
2540 2689 2710 2758 μάλα,
2736 2692 2830 2745 καὶ
2852 2693 2929 2757 ὡς
2954 2693 3151 2764 ἄριστα
3185 2691 3497 2765 φιλοσοφων
3518 2701 3548 2752 ό
3592 2717 3727 2771 προ-

2148 2780 2607 2852 φήτηςῚερεμίας
2631 2781 2897 2852 ἀνεφώνει
2917 2784 3053 2855 πρὸς
3073 2785 3226 2851 Θεὸν,
3242 2788 3326 2840 ὅτι
3342 2807 3361 2839 ‹
3383 2790 3453 2842 Σὺ
3477 2790 3614 2859 καθή
3624 2808 3690 2862 με
3706 2820 3724 2831 ·

2146 2886 2235 2933 νος
2277 2870 2367 2923 τὸν
2400 2870 2593 2937 αἰῶνα,
2627 2872 2723 2925 καὶ
2751 2875 2912 2944 ἡμεῖς
2941 2874 3303 2947 ἀπολλύμενοι
3340 2878 3430 2932 τὸν
3457 2880 3658 2934 αἰῶνα·
3699 2901 3721 2934 ν

2146 2959 2453 3014 καθεδεῖται
2479 2963 2590 3033 γὰρ
2620 2962 2808 3036 ὥσπερ
2831 2966 2891 3018 ἐν
2923 2965 3074 3030 ἰδίοις
3112 2967 3298 3030 θάκοις
3328 2969 3389 3021 τὸ
3424 2969 3565 3024 θεῖον
3612 2974 3722 3035 ἀεὶ,

462 3050 531 3104 ad
574 3048 953 3103 alteratinnem
996 3046 1462 3113 mutationemque
1494 3044 1738 3114 proclivi,
1770 3045 2041 3112 perdimus

2149 3053 2431 3123 βασιλεῦον
2464 3055 2558 3106 καὶ
2587 3057 2966 3128 κατακρατοῦν
2990 3058 3100 3110 τῶν
3124 3059 3282 3121 ὅλων,
3310 3061 3405 3113 καὶ
3438 3062 3541 3114 ὑπὸ
3594 3065 3724 3133 μηδ-

461 3140 737 3203 saeculum,
774 3139 876 3193 hoc
903 3144 1008 3201 est,
1056 3136 1110 3191 in
1156 3135 1348 3206 quovis
1387 3145 1630 3205 tempore
1662 3136 2040 3203 corruptibiles

461 3231 855 3299 mutabilesque
877 3242 1088 3282 sumus.
1141 3226 1326 3282 Deitas
1372 3226 1556 3296 itaque
1605 3227 1754 3282 nullo
1806 3242 2039 3297 unquam

463 3331 705 3391 tempore
748 3321 946 3377 mutari
981 3330 1179 3390 potest,
1212 3335 1386 3390 neque
1418 3320 1525 3375 ulla
1569 3319 1854 3375 affectione
1885 3336 1914 3374 a
1946 3337 2039 3375 sua

462 3412 720 3468 ﬁrmitate
747 3412 1040 3476 dimoveri;
1061 3427 1093 3467 e
1114 3412 1390 3466 contrario
1408 3412 1781 3480 corruptibilis
1806 3412 2040 3467 mutabi-

463 3505 657 3573 lisque,
704 3506 805 3559 hoc
852 3512 954 3569 est,
992 3512 1173 3558 creata
1212 3511 1429 3568 natura,
1478 3504 1755 3559 essentiali
1791 3505 2039 3559 immuta-

462 3599 671 3652 bilitate
696 3597 915 3666 praedita
940 3610 1062 3650 esse
1086 3612 1190 3649 non
1215 3607 1408 3664 potest,
1427 3610 1599 3665 neque
1622 3598 1817 3651 divina:
1840 3609 2042 3651 natura:

466 3691 728 3742 honorum
760 3688 1099 3755 posaessionc
1125 3688 1366 3757 gloriari.
1396 3689 1587 3742 Audiet
1620 3689 1764 3743 enim
1802 3690 1994 3741 merito
2026 3706 2038 3740 :

461 3777 629 3850 684
671 3775 854 3844 «Quid
902 3778 1045 3831 enim
1094 3778 1295 3843 habes,
1344 3778 1485 3848 quod
1541 3794 1647 3833 non
1704 3780 2035 3847 accepisti?»

462 3873 611 3935 Quod
650 3883 777 3923 vero
811 3868 1164 3923 immutabilis
1216 3870 1437 3925 omnino
1496 3871 1570 3925 sit
1615 3868 1775 3924 Verbi
1814 3882 2037 3934 natura,

466 3962 737 4017 imitabilis
776 3971 955 4016 autem
1000 3976 1224 4032 prorsus
1270 3971 1474 4027 creata,
1514 3962 1770 4018 facillime
1809 3965 1928 4031 quis
1961 3964 2041 4016 in-

467 4056 671 4126 telligal
713 4070 743 4110 e
777 4055 981 4109 Davide
1023 4055 1075 4109 in
1122 4055 1313 4125 spiritu
1358 4066 1588 4111 canente
1632 4073 1645 4109 :
1688 4074 1709 4106 ‹
1739 4055 1871 4112 οωΙὶ
1916 4072 2039 4124 per-

461 4146 637 4211 ibunt,
689 4156 742 4200 tu
782 4155 964 4200 autem
1018 4146 1384 4215 permanebis,
1417 4155 1474 4202 et
1517 4161 1708 4202 omnes
1761 4154 1820 4201 ut
1873 4150 2040 4203 vesti-

462 4250 701 4291 mentum
753 4245 1096 4293 veterascent
1151 4253 1165 4290 :
1215 4246 1270 4291 et
1324 4238 1467 4292 sicut
1517 4238 1850 4306 opertorium
1918 4256 2036 4292 lttll-

463 4328 600 4380 tabis
628 4342 745 4393 eos,
779 4336 835 4381 et
876 4326 1248 4383 mutabuntur.
1287 4327 1365 4382 Tu
1403 4336 1583 4383 autem
1635 4327 1775 4383 idem
1816 4331 1928 4398 ipse
1956 4345 2035 4394 es,

2148 3144 2263 3207 ενὸς
2293 3144 2400 3197 τῶν
2419 3144 2607 3198 παθῶν
2638 3145 3087 3216 τυραννούμενον.
3145 3148 3331 3219 Ἡμεῖς
3357 3150 3413 3203 δὲ
3443 3150 3540 3222 τὴν
3566 3151 3725 3221 φύσιν

2148 3237 2556 3308 εύτροχωτάτην
2595 3255 2654 3291 τε
2687 3238 2780 3291 καὶ
2816 3237 3204 3310 εύπαράφορον
3236 3245 3430 3315 κομιδῇ
3469 3245 3604 3315 πρὸς
3632 3246 3724 3300 ἀλ-

2148 3326 2361 3381 λοίωσιν
2385 3327 2599 3399 ἔχοντες
2630 3331 2725 3383 καὶ
2758 3332 2987 3401 τροπὴν,
3014 3332 3366 3404 ἀπολλύμεθα
3397 3336 3488 3388 τὸν
3530 3338 3721 3401 αἰῶνα,

2146 3419 2425 3472 τουτέστιν
2451 3462 2465 3487 ,
2496 3422 2555 3473 ὲν
2588 3423 2749 3475 παντὶ
2797 3421 2976 3492 καιρῷ
3020 3424 3115 3476 καὶ
3163 3426 3362 3497 χρόνῳ,
3398 3426 3627 3499 φθαρτοί
3666 3430 3726 3483 τέ

2149 3509 2315 3580 ἐσμεν
2337 3510 2432 3565 καὶ
2457 3511 2700 3583 τρεπτοί.
2731 3511 2858 3565 οῦτ⁹
2878 3508 2972 3566 οὖν
2998 3512 3059 3565 τὸ
3090 3511 3232 3568 θεῖον
3261 3517 3318 3567 ὲν
3345 3521 3720 3587 παρατροπαῖς

2147 3602 2343 3668 γένοιτ’
2366 3603 2431 3657 ἄν
2456 3619 2586 3656 ποτε
2629 3606 2727 3672 τῆς
2779 3604 2913 3667 ἰδίας
2959 3606 3299 3677 ὲδραιότητος
3349 3607 3581 3672 ὲξωσθὲν
3615 3610 3720 3663 ὑπό

2147 3706 2241 3742 του
2280 3690 2388 3743 τῶν
2438 3689 2645 3755 παθῶν,
2680 3690 2792 3743 οὔτ’
2824 3691 2890 3744 ἂν
2938 3693 2971 3762 ἠ
3021 3690 3235 3763 φθαρτή
3265 3708 3326 3745 τε
3352 3694 3445 3747 καὶ
3484 3692 3726 3748 ἀλλοιου-

2152 3781 2288 3852 μένη
2310 3821 2325 3845 ,
2358 3781 2638 3835 τουτέστιν
2686 3784 2720 3852 ἡ
2752 3781 2975 3854 γενητὴ,
3019 3783 3511 3856 καταπλουτήσειεν
3547 3786 3611 3840 ἂν
3636 3789 3725 3840 οὐ·

2152 3870 2317 3941 σιώδη
2366 3872 2464 3943 τὴν
2511 3871 2796 3942 ἀτρεψίαν,
2847 3872 2955 3925 οὐδ’
2982 3873 3047 3926 ἂν
3101 3876 3431 3946 ὲπαυχήσειε
3476 3879 3590 3941 τοῖς
3628 3881 3723 3949 τῆς

2149 3963 2300 4025 θείας
2335 3963 2547 4033 φύσεως
2578 3964 2801 4031 ἀγαθοῖς
2828 3964 2903 4027 ὡς
2925 3964 3135 4036 ἰδίοιςή
3168 3966 3367 4031 κτίσις.
3409 3968 3723 4022 ’Δκούσεται

2147 4055 2256 4126 γὰρ
2284 4055 2542 4124 εὐλόγωςο
2583 4072 2602 4107 ι
2643 4055 2708 4108 Τί
2740 4055 2849 4127 γὰρ
2879 4055 3046 4125 ἔχεις,
3076 4057 3106 4109 ὃ
3149 4058 3251 4111 οὐκ
3282 4058 3507 4124 ἔλαϐες
3544 4080 3563 4110 ι
3603 4061 3719 4113 Ὅτι

2146 4148 2201 4199 δέ
2232 4149 2380 4199 ἐστιν
2419 4146 2689 4216 ἄτρεπτος
2730 4146 2828 4217 μὲν
2858 4146 2951 4199 καὶ
2988 4146 3345 4213 ἀναλλοίωτος
3374 4151 3649 4216 παντελῶς
3686 4154 3720 4221 ἡ

2145 4240 2239 4293 τοῦ
2291 4239 2450 4305 λόγου
2491 4238 2673 4308 φύσις,
2727 4237 2991 4309 ἀλλοιωτὴ
3023 4239 3079 4291 δὲ
3110 4240 3389 4304 παντελῶς
3433 4243 3468 4310 ὴ
3500 4243 3719 4313 γενητὴ,

2146 4332 2489 4402 καταθρήσαι
2522 4349 2605 4394 τις
2641 4330 2707 4384 ἂν
2742 4330 2836 4383 καὶ
2874 4330 2991 4383 λίαν
3013 4331 3274 4396 εὐκόλως,
3320 4333 3722 4403 ἀναμελῳδοῦν-

460 4430 512 4471 et
561 4419 685 4472 ututi
739 4418 815 4472 tui
876 4433 984 4474 non
1034 4418 1379 4473 deﬁcient".
1415 4437 1435 4470 ι
1473 4417 1573 4473 Ubi
1628 4420 1791 4489 igitur
1842 4422 2037 4474 mansit

2146 4439 2236 4485 τος
2269 4423 2328 4475 ὲν
2370 4420 2646 4492 Πνεύματι
2679 4420 2773 4473 τοῦ
2809 4421 3079 4492 μακαρίου
3116 4421 3311 4475 Δοιϐίδ⁵
3351 4440 3369 4473 ι
3408 4424 3470 4475 Oi
3508 4425 3719 4495 οὐρανοὶ

461 4510 694 4565 Verbum
748 4511 864 4575 Dei,
906 4512 951 4565 si
1001 4526 1127 4565 vere
1176 4510 1398 4577 dicitur,
1441 4513 1589 4579 quod
1646 4512 1888 4580 deposita
1939 4529 2035 4567 sua

2142 4514 2487 4579 ἀπολοῦνται,
2527 4515 2590 4567 σὺ
2615 4513 2671 4567 δὲ
2702 4513 2996 4583 διαμενεῖς,
3037 4513 3130 4566 καὶ
3163 4514 3365 4579 πάντες
3402 4515 3477 4578 ὡς
3512 4517 3719 4586 ἰμάτιον

460 4605 718 4657 lirmitate
766 4612 927 4670 atque
974 4603 1298 4665 srabilitate,
1348 4605 1414 4656 ad
1469 4606 1515 4659 .d
1566 4605 1706 4674 quod
1772 4619 1876 4659 non
1921 4616 2038 4659 erat

2144 4605 2645 4677 παλαιωθήσονται,
2690 4607 2783 4659 καὶ
2827 4607 2958 4658 ὡσεὶ
3010 4605 3357 4676 περιϐόλαιον
3393 4606 3585 4673 ἑλίξεις
3621 4608 3720 4659 αύ-

463 4698 741 4750 traduetus
774 4706 876 4761 est,
934 4698 1456 4766 transionnatusque
1486 4706 1572 4753 cst
1619 4700 1672 4753 in
1720 4698 1902 4752 carnis
1937 4712 2038 4752 na-

2144 4700 2290 4765 τοὺς,
2316 4700 2408 4752 καὶ
2430 4698 2848 4769 ἀλλαγήσονται.
2886 4698 2957 4750 Σὺ
2984 4696 3039 4749 δὲ
3070 4700 3098 4750 ὁ
3125 4697 3287 4760 αὐτὸς
3314 4692 3383 4760 εἴ,
3414 4700 3508 4750 καὶ
3537 4699 3603 4751 τὰ
3624 4698 3722 4769 ἔτη

463 4796 659 4853 turam,
697 4795 752 4841 et
789 4797 987 4840 statqu
1030 4788 1478 4856 corruptibilem?
1517 4789 1669 4844 Anne
1708 4789 1887 4858 potius
1938 4789 2041 4843 hoc

2146 4808 2239 4845 σου
2275 4793 2376 4845 οὐκ
2418 4790 2749 4859 ammonet.
2787 4809 2805 4842 ι
2844 4790 2951 4842 Ποῦ
2986 4789 3278 4861 τοιγαροῦν
3338 4791 3644 4860 μεμένηκεν
3695 4795 3723 4844 ό

459 4879 708 4933 delirium
741 4891 900 4948 atque
923 4880 1131 4935 insania
1163 4882 1289 4936 est?

2144 4884 2308 4947 αὐτὸς
2330 4886 2360 4937 ὁ
2390 4886 2455 4938 ἐκ
2487 4883 2621 4937 Θεοῦ
2661 4883 2853 4951 Λόγος,
2887 4882 3045 4953 εἴπερ
3077 4884 3225 4935 ἐστὶν
3266 4882 3491 4952 ἀτρεκὲς
3517 4883 3721 4947 εἰπεῖν,

454 4986 537 5038 ὅτι
578 4979 760 5049 μεθεὶς
794 4979 853 5031 τὺ
873 4979 1279 5051 ὲρηρεισμένως
1329 4997 1390 5033 τε
1450 4980 1546 5035 καὶ
1566 4981 1876 5052 ἀκλονήτως
1906 4981 2071 5053 ἔχειν,
2108 4981 2546 5051 καταπεφοίτηκε
2612 4981 2712 5050 μὲν
2762 4981 2840 5041 εἰς
2880 4979 3017 5048 ὅπερ
3041 4978 3141 5030 οὐκ
3165 4973 3253 5046 ἦν,
3291 4977 3724 5047 μεταπεποίηται

455 5073 509 5125 δὲ
540 5072 632 5124 καὶ
668 5072 747 5133 εἰς
778 5071 979 5141 σαρκὸς
1020 5070 1203 5139 φύσιν,
1240 5072 1335 5125 καὶ
1395 5073 1479 5135 εἰς
1539 5073 1599 5125 τδ
1643 5071 1959 5143 φθείρεσθαι
2025 5075 2301 5143 πεφυκός;
2335 5069 2458 5144 ’Ἆρ’
2500 5068 2595 5125 οὖν
2638 5072 2758 5142 οὐχὶ
2808 5071 2971 5141 λῆρός
3044 5086 3102 5121 τε
3139 5067 3234 5120 καὶ⁸
3277 5067 3380 5137 ἤδη
3432 5068 3526 5120 καὶ
3555 5069 3725 5136 μανία

338 5174 348 5185 ’
453 5167 609 5220 ταυτί
628 5184 645 5231 ;

528 5260 587 5311 ll.
629 5260 722 5314 Est
753 5273 919 5315 certe.

2212 5262 2273 5314 B.
2306 5262 2454 5314 Πάνυ
2476 5261 2579 5331 μὲν
2604 5256 2720 5312 οὖν.

524 5352 590 5406 Α.
634 5350 839 5406 Licebit
861 5352 1007 5406 enim
1039 5366 1156 5422 pan
1187 5352 1492 5408 temeritate
1523 5352 1723 5419 dicere,
1752 5356 1892 5424 quod
1924 5370 2030 5411 non

2212 5357 2275 5407 Δ.
2309 5353 2451 5423 Ὥρα
2468 5350 2578 5422 γὰρ
2606 5352 2779 5403 εἰπεῖν
2804 5352 2923 5410 ταῖς
2944 5350 3170 5403 ἐκείνων
3202 5350 3467 5421 ἀμαθίαις
3498 5350 3729 5404 ἀντιτεί-

454 5450 539 5495 est
580 5442 1025 5510 dissentaneutn,
1079 5457 1348 5501 terrenam
1396 5461 1611 5516 quoque
1662 5457 1907 5501 naturam
1966 5448 2030 5501 ad

2144 5464 2329 5508 νοντας
2349 5444 2739 5516 ἀμαθέστερον,
2771 5443 2845 5503 ὡς
2888 5443 3033 5496 ιστιν
3064 5442 3167 5496 οῦκ
3203 5443 3429 5506 ἀπεικὸς
3452 5484 3467 5506 ,
3504 5443 3598 5496 καὶ
3626 5442 3727 5511 τὴν

461 5532 681 5588 Deitatis
712 5545 955 5590 naturam
982 5539 1348 5593 conscendere
1382 5553 1557 5607 posse,
1586 5551 1745 5609 atque
1791 5542 1840 5595 in
1871 5556 2028 5595 unam

2144 5540 2245 5591 ἀπὸ
2272 5538 2373 5606 γῆς
2400 5538 2577 5608 σ;ἰρκα
2599 5536 2731 5606 πρὸς
2760 5535 2856 5604 τὴν
2883 5535 2979 5603 τῆς
3008 5534 3272 5603 (θεότητος
3310 5534 3471 5602 φύσιν
3501 5535 3725 5603 ἁναφοι-

533 5712 573 5742 ¹⁹
605 5712 741 5766 i'sai.
776 5727 844 5778 Ct,
874 5713 960 5775 ‘27,
1002 5713 1090 5768 ‘28.
