4122 6536
424 530 552 588 1201

1536 534 1621 589 DE
1660 534 2180 595 INCARNATIONE
2223 541 2595 600 UNIGENITI.

3578 552 3713 606 lim.

415 647 512 716 τᾴν
544 644 808 699 δύνασθαί
843 664 994 716 ποτε,
1032 649 1127 701 καὶ
1150 651 1251 721 τῆς
1292 651 1555 705 ἀνωτάτω
1599 652 1789 705 πασῶν
1825 653 2015 719 οὐσίας

2124 674 2241 714 cum
2283 676 2537 731 suprema
2578 678 2819 717 ontnmm
2854 666 3087 720 essentia
3130 667 3577 723 constitutionem
3616 684 3711 723 ve-

416 734 671 802 γενέσθαι
699 734 981 791 σύστασιν.
1013 738 1076 792 Ei
1116 740 1225 811 γάρ
1255 741 1396 811 αὑτὴ
1426 741 1529 811 τῆς
1557 743 1812 814 θεότητος
1845 745 1878 815 ὴ
1912 743 2014 814 φύ-

415 843 521 890 σις,
550 827 696 880 κατά
727 844 792 896 γε
816 829 918 901 τὴν
942 830 1166 885 ἐκείνων
1214 832 1640 905 ἐμϐροντησίαν,
1673 836 1755 896 είς
1781 837 1881 908 τὴν
1914 839 2015 907 τῆς

418 919 622 989 σαρκὸς
646 921 1077 993 μετακεχώρηκε
1111 923 1293 992 φύσιν,
1340 925 1493 979 οὐδὲν
1522 926 1585 980 τὸ
1614 928 1879 999 ἀπεῖργον
1909 926 2012 991 ἔτι,

416 1011 513 1081 τὴν
546 1012 645 1082 μὲν
679 1012 832 1066 κάτω
860 1029 919 1067 τε
948 1015 1043 1068 καὶ
1077 1015 1214 1070 ίδίαν
1245 1017 1409 1085 φύσιν
1433 1059 1447 1083 ,
1480 1019 1896 1090 ὑπερπέτασθαι
1917 1018 2015 1090 τὴν

418 1102 619 1173 σάρκα,
655 1105 1129 1173 μεταπλάττεσθαι
1152 1107 1209 1162 δὲ
1232 1110 1371 1176 πρὸς
1405 1110 1654 1183 θεότητα,
1690 1111 1785 1165 καὶ
1814 1113 1894 1176 είς
1927 1112 2018 1165 οὺ-

419 1192 542 1247 σίαν
564 1194 665 1267 τὴν
704 1196 990 1255 ἀνωτάτω.
1030 1199 1171 1254 Ἀλλ’
1202 1201 1264 1255 οὐ
1293 1204 1416 1266 ταῖς
1443 1203 1673 1257 ἐκείνων
1703 1204 2015 1268 ἀσυνεσίαις

416 1284 479 1338 τὸ
523 1286 778 1353 εὐπειθὲς
820 1290 1201 1361 χαριούμεθα*
1233 1294 1676 1367 προσκεισόμεθα
1720 1295 1776 1348 δέ
1814 1295 2016 1366 μᾶλλον

419 1382 540 1444 ταῖς
569 1377 746 1444 θείαις
796 1382 1066 1453 Γραφαῖς,
1117 1386 1212 1438 καὶ
1264 1387 1552 1458 προφήτου
1588 1389 1688 1458 μέν
1717 1387 1967 1458 λέγοντος
1998 1405 2012 1419 ⁸

424 1486 443 1519 ι
482 1468 614 1522 Ἰδοὺ
661 1470 696 1538 ἡ
731 1469 1010 1541 Παρθένος
1041 1472 1101 1525 ἐν
1126 1475 1330 1546 γαστρὶ
1368 1475 1601 1546 λήψεται
1630 1519 1645 1541 ,
1680 1478 1773 1531 καὶ
1801 1479 2016 1545 τέξεται

422 1556 572 1619 Υίὸν,
607 1557 704 1610 καὶ
744 1558 999 1623 καλέσεις
1040 1559 1103 1613 τὸ
1155 1561 1329 1633 ὄνομα
1369 1563 1536 1617 αὐτοῦ
1581 1565 1951 1638 Ἐμμανουήλο
1992 1586 2011 1617 ο

421 1649 968 1721 κατασφραγίζοντος
1012 1651 1067 1705 δὲ
1091 1652 1194 1724 τὴν
1223 1655 1683 1729 προαναφωνησιν
1718 1658 1814 1711 τοῦ
1842 1676 2018 1729 μακα-

423 1742 544 1813 ρίου
568 1742 812 1814 Γαϐριὴλ
834 1784 849 1809 ,
904 1745 998 1798 καὶ
1044 1747 1144 1816 τὴν
1193 1746 1401 1802 ἀνωθεν
1430 1749 1612 1820 ψῆφον
1644 1753 1711 1822 τῇ
1748 1751 2016 1823 Παρθένῳ

417 1834 872 1906 διερμηνεύοντος
895 1853 910 1867 '
945 1855 966 1888 σ
995 1837 1087 1908 Μὴ
1120 1837 1290 1908 φοϐοῦ
1327 1839 1458 1911 γὰρ,
1491 1841 1619 1910 ἔφη.
1647 1842 1901 1913 Μαριάμ,
1935 1846 2017 1900 ὅτι

420 1924 533 1979 ίδοὺ
554 1925 800 1997 συλλήψῃ
827 1928 887 1979 ὲν
920 1929 1141 2000 γαστρὶ,
1178 1929 1275 1983 καὶ⁵
1300 1930 1430 2002 τέξῃ
1461 1931 1607 1997 Υἱὸν,
1647 1934 1739 1986 καὶ
1768 1935 2020 1999 καλέσεις

2119 750 2257 807 nire.
2290 751 2347 807 Si
2380 767 2614 823 namque
2647 754 2758 823 ipsa
2799 755 3100 813 divinitatis
3135 770 3327 813 natura
3361 760 3547 831 (juxta
3591 760 3711 817 illo-

2118 862 2236 901 rum
2284 847 2739 920 deliramentum)
2796 850 2849 905 in
2902 852 3082 907 carnis
3139 861 3388 909 naturam
3432 856 3710 921 transivit,

2120 937 2251 993 nihil
2274 936 2548 995 obstiterit
2574 942 2868 1011 quominus
2899 941 3129 998 inferior
3152 943 3268 999 hazc
3297 954 3484 1000 nostra
3518 955 3711 1000 natura

2119 1033 2388 1089 transiliat
2417 1048 2663 1099 carnem,
2690 1045 2740 1089 et
2792 1036 2845 1089 in
2895 1035 3161 1092 Deitatem
3210 1046 3372 1106 atque
3402 1052 3709 1107 supremam

2121 1125 2264 1179 illam
2293 1128 2586 1183 essentiam
2629 1128 3065 1183 trausformctnr.
3106 1129 3176 1182 At
3220 1143 3316 1182 nos
3364 1128 3574 1183 illorum
3624 1129 3709 1182 in-

2120 1217 2280 1287 eptiis
2311 1217 2469 1273 [idem
2497 1234 2832 1290 nequaquam
2866 1219 3243 1275 adhibebimus
3264 1238 3277 1273 :
3298 1220 3390 1274 sed
3428 1221 3604 1289 potius
3632 1220 3712 1275 di-

2120 1311 2262 1365 vinis
2307 1309 2607 1381 Scripturis
2654 1312 3087 1382 acquiescemus,
3118 1313 3380 1383 propheta
3416 1312 3577 1367 etiam
3628 1312 3713 1364 di-

2120 1412 2276 1456 cente
2316 1418 2331 1455 :
2380 1421 2397 1453 ι
2429 1402 2566 1459 Ecce
2600 1401 2757 1472 Virgo
2807 1404 2858 1457 in
2896 1416 3051 1459 utero
3099 1402 3391 1472 concipiet,
3437 1412 3490 1457 et
3541 1404 3717 1470 pariet

2121 1488 2340 1556 Filium,
2368 1501 2422 1547 et
2453 1494 2721 1549 vocabunt
2752 1508 2950 1549 nomen
2991 1494 3111 1564 ejus
3135 1491 3451 1547 Emmanuel
3494 1492 3571 1559 '°;
3608 1511 3626 1545 ι
3662 1501 3717 1546 et

2124 1586 2280 1641 beato
2302 1584 2555 1642 Gabriele
2574 1587 2712 1641 hanc
2735 1586 3137 1657 praedictionem
3163 1584 3545 1649 conﬁrmante,
3579 1584 3717 1640 divi-

2123 1691 2356 1748 namque
2384 1678 2716 1734 voluntatem
2760 1679 2954 1749 virgini
2991 1678 3301 1733 declarante
3330 1695 3342 1732 :
3375 1694 3395 1729 ι
3419 1676 3497 1733 Ne
3524 1678 3716 1732 timeas

2121 1767 2288 1832 enim,
2342 1767 2537 1837 inquit,
2590 1767 2782 1833 Maria,
2833 1768 3091 1839 quoniam
3149 1781 3280 1824 ecce
3331 1766 3607 1835 concipies
3659 1766 3714 1821 in

2123 1862 2305 1917 utero,
2334 1862 2388 1908 et
2416 1856 2599 1924 paries
2641 1854 2860 1921 Filium,
2906 1866 2961 1911 et
2994 1857 3215 1912 vocabis
3247 1871 3444 1913 nomen
3477 1857 3595 1925 ejus
3623 1855 3714 1911 Je-

2123 1960 2242 1999 sum
2278 1944 2349 1998 ¹¹.
2384 1962 2401 1996 ι
2438 1945 2515 2000 Ex
2551 1947 2782 2002 muliere
2814 1958 3001 2003 natum
3037 1963 3228 2004 revera
3282 1949 3556 2004 credimus
3590 1948 3718 2002 Em-

418 2018 481 2069 τὸ
511 2017 685 2089 ὄνομα
711 2018 878 2072 αὐτοῦ
916 2019 1126 2090 Ἰησοῦν
1149 2037 1163 2051 ·
1196 2040 1214 2072 ι
1254 2022 1320 2075 ἐκ
1358 2024 1621 2093 γυναικὸς
1664 2025 1884 2099 ἀληθῶς
1926 2045 2017 2096 γε-

2126 2036 2466 2102 manuelem;
2504 2048 2559 2094 et
2597 2040 2936 2110 splendidam
2982 2041 3466 2112 admirabilemque
3512 2048 3718 2095 natura:

420 2110 714 2182 γεννῆσθαι
750 2109 1081 2184 πιστεύομεν
1110 2114 1203 2168 τὸν
1247 2115 1619 2189 Ἐμμανουὴλ,
1656 2120 1753 2172 καὶ
1794 2120 1854 2172 τὸ
1876 2121 2016 2191 λαμ-

426 2200 564 2275 πρόν
592 2218 653 2256 τε
690 2202 786 2257 καὶ
816 2203 1150 2273 ἀξιάγαστον
1173 2204 1273 2276 τῆς
1308 2208 1520 2263 ἑαυτῶν
1549 2208 1764 2279 φύσεως
1796 2210 1857 2263 οὐ
1890 2212 2018 2265 διω-

423 2294 633 2366 σόμεθα
654 2295 941 2369 καύχημα,
968 2296 1298 2368 φρονοῦντες
1326 2299 1527 2371 ὀρθῶς.

495 2387 555 2441 Β.
588 2386 823 2459 Ἀριστα
865 2387 1024 2460 ἔφης.
1088 2386 1455 2461 Ἐπεδράξατο
1487 2390 1595 2463 γὰρ
1630 2395 1659 2447 6
1681 2394 2015 2466 Μονογενὴς,

420 2478 545 2549 οὐχὶ
574 2477 674 2548 τῆς
701 2477 838 2542 ιδίας
862 2478 1081 2548 φύσεως
1111 2474 1167 2551 (ἦ
1199 2479 1308 2551 γὰρ
1348 2481 1415 2536 ἂν
1437 2482 1595 2537 οὐδέν
1628 2501 1683 2537 τι
1714 2485 1917 2557 μᾶλλον
1949 2486 2019 2540 τά

423 2570 546 2625 καθ’
576 2573 723 2642 ἡμᾶς
741 2572 799 2625 ἐν
830 2572 1291 2643 ἀμείνοσιν),ἀλλ⁹
1320 2573 1441 2628 οὐδὲ
1462 2575 1561 2646 τῆς
1581 2576 1855 2645 ἀγγέλων,
1885 2578 2021 2632 ἀλλὰ

422 2660 738 2733 σπέρματος
772 2662 1045 2732 Ἀϐραὰμ,
1073 2662 1217 2717 καθὰ
1247 2662 1699 2738 γέγραπταιῙΗν
1719 2668 1828 2741 γὰρ
1851 2667 2016 2733 οὕτω,

421 2755 517 2806 καὶ
546 2755 645 2824 οὐχ
673 2753 896 2825 ἑτέρως,
930 2755 992 2808 τὸ
1029 2756 1381 2828 διολισθῆσαν
1429 2761 1509 2823 είς
1565 2759 1773 2831 φθορὰν
1802 2760 2017 2815 ἀνασώ-

425 2845 620 2899 σασθαι
659 2848 837 2914 γένος.

494 2937 557 2989 Α.
580 2936 642 2989 Τί
665 2937 756 3002 δές
790 2940 925 3009 Οὐχὶ
949 2942 1169 2994 κάκεῖνο
1198 2944 1334 3013 πρὸς
1363 2944 1539 2997 τοῖσδε
1572 2945 2017 3013 καταθαυμάζειν

418 3028 594 3093 ἀξιον,
628 3023 674 3083 ὦ
718 3031 945 3102 Ἑρμεία
966 3052 979 3098 ;

493 3121 554 3175 Β.
597 3123 670 3175 Τὸ
697 3123 850 3177 ποῖόν
871 3141 923 3177 τι
959 3127 1098 3196 φής;

495 3215 557 3267 Α.
584 3214 760 3269 Μόνον
791 3216 898 3287 γὰρ
927 3218 1048 3289 οὐχὶ
1070 3222 1163 3272 καὶ
1186 3221 1245 3273 τὸ
1289 3222 1564 3292 ἐρρῶσθαι
1613 3227 1918 3295 φράσαντες
1953 3228 2017 3298 τῇ

2126 2139 2324 2185 nostrae
2353 2130 2671 2202 dignitatem
2702 2145 2805 2187 non
2836 2132 3161 2200 rejiciemus.

2198 2398 2257 2451 Β.
2305 2398 2522 2467 Optime
2567 2397 2726 2452 dicis.
2774 2398 3145 2466 Appreliendit
3195 2399 3339 2451 enim
3395 2396 3555 2459 Deus.
3613 2412 3717 2451 non

2124 2491 2398 2561 propriam
2425 2506 2489 2544 ac
2517 2490 2842 2561 peculiarem
2881 2500 3129 2544 naturam
3158 2492 3368 2559 (neque
3390 2490 3533 2543 enim
3557 2489 3718 2559 quid-

2124 2597 2283 2654 quam
2317 2582 2382 2637 ad
2419 2597 2516 2637 nos
2546 2581 2792 2636 utilitatis
2823 2581 3203 2650 pervenisset),
3225 2581 3317 2635 sed
3350 2596 3523 2649 neque
3547 2595 3716 2651 attge-

2125 2673 2327 2738 lorum,
2379 2673 2471 2728 sed
2505 2687 2688 2726 semen
2724 2671 2977 2738 Abrahae,
3021 2671 3160 2726 sicut
3209 2671 3469 2740 scriptum
3523 2679 3605 2725 est
3640 2672 3706 2723 η.

2123 2763 2199 2818 Ita
2235 2764 2402 2829 enim,
2440 2774 2493 2818 et
2526 2780 2630 2817 non
2667 2762 2825 2816 aliter
2856 2777 3026 2832 genus
3055 2761 3119 2816 ad
3166 2759 3462 2832 perniciem
3500 2760 3719 2817 devolu-

2125 2866 2236 2911 tum
2265 2855 2675 2910 instaurandum
2709 2865 2847 2909 erat.

2197 2946 2260 2999 A.
2305 2945 2444 3010 Quid
2472 2959 2601 2999 vero
2623 2944 2646 2997 τ’
2667 2943 2821 2998 Anne
2852 2945 2951 2998 hoc
2977 2944 3140 2997 etiam
3172 2942 3552 2997 admirandum
3587 2960 3717 2997 cen-

2122 3051 2235 3097 ses,
2263 3033 2481 3089 Hermia
2506 3032 2529 3085 ?

2194 3125 2255 3180 Β.
2298 3125 2564 3191 Quidnam
2590 3126 2612 3177 ἲ

2197 3218 2260 3271 Α.
2320 3216 2503 3270 Sacrae
2552 3214 2696 3269 enim
2760 3210 3056 3280 Scriptura:
3118 3210 3273 3282 quasi
3329 3211 3717 3279 valedieentes,

422 3306 770 3380 θεοπνεύστῳ
793 3309 1007 3382 Γραφῇ,
1030 3311 1124 3364 καλ⁵
1144 3312 1422 3384 πνεύμασι
1460 3316 1684 3380 πλάνοις
1705 3317 1796 3370 τὸν
1821 3318 2019 3371 οἰκεῖόν

2124 3316 2177 3364 et
2226 3308 2508 3378 spiritibus
2545 3305 2748 3360 erroris
2790 3315 3023 3359 mentem
3071 3303 3408 3371 addicenles,
3451 3304 3616 3377 685
3655 3322 3720 3360 en

423 3415 569 3462 τινες
606 3399 978 3472 ἀπονέμοντες
1002 3402 1151 3468 νοῦν,
1184 3404 1264 3467 εἰς
1293 3404 1454 3458 τοῦτο
1480 3405 1770 3461 καθίκοντο
1794 3408 2022 3462 δυσϐου-

424 3491 545 3556 λίας
590 3491 685 3545 καὶ
722 3493 1122 3564 μειρακιώδους
1168 3494 1519 3567 ἀϐελτηρίας,
1560 3496 1637 3561 ὡς
1671 3499 1880 3555 οίεσθαι
1913 3500 2021 3554 δεῖν

423 3585 517 3638 τὸν
545 3583 653 3638 τῶν
674 3583 886 3639 αἰώνων
905 3585 1257 3659 δημιουργὸν,
1277 3587 1368 3641 τὸν
1386 3588 1657 3644 συναΐδιον
1675 3589 1754 3663 τῷ
1779 3591 1900 3663 Θεῷ
1926 3594 2023 3648 καὶ

429 3676 607 3748 Πατρὶ
634 3676 829 3746 Λόγον,
854 3681 923 3751 τῇ
962 3680 1061 3750 τῆς
1118 3679 1323 3750 σαρκὸς
1356 3680 1571 3749 γενέσει
1620 3700 2023 3757 συμπαρομαρο

426 3767 634 3822 τοῦσαν
656 3769 803 3840 ἔχειν
838 3769 939 3842 τῆς
965 3770 1255 3843 ὑπάρξεως
1280 3773 1381 3843 τὴν
1405 3772 1583 3844 ἀρχὴν
1604 3813 1619 3838 ,
1664 3775 1757 3829 καὶ
1784 3776 2019 3850 ὀψιγεγῆ

425 3860 800 3929 φαντάζεσθαι
822 3861 912 3915 τδν
946 3862 1206 3917 ἐπέκεινα
1228 3864 1431 3929 παντὸς
1453 3865 1650 3931 αἰῶνος
1683 3868 1775 3922 καὶ
1791 3870 1983 3940 χρόνου
2004 3912 2018 3937 ,

427 3950 503 4017 ὡς
533 3952 590 4005 ἐν
620 3953 871 4023 ἐσχάτοις
918 3954 1014 4008 καὶ
1064 3954 1221 4026 μόλις
1263 3959 1373 4023 τοῖς
1401 3958 1501 4030 τῆς
1552 3959 2023 4032 ἐνανθρωπήσεως

429 4046 660 4116 καιροῖς,
691 4045 915 4117 Πατέρα
947 4046 1048 4116 μὲν
1069 4047 1322 4117 γενέσθαι
1347 4048 1440 4103 τὸν
1468 4049 1626 4117 Θεὸν,
1651 4052 2024 4107 συνεισϐαλεῖν

425 4137 484 4191 δὲ
509 4136 699 4209 ῶσπερ
731 4141 812 4202 είς
838 4138 901 4191 τὸ
931 4134 1073 4193 εἷναί
1107 4156 1169 4192 τε
1213 4141 1309 4193 καὶ
1355 4142 1654 4210 ὑφεστάναι
1706 4144 1786 4213 τῷ
1824 4148 1886 4199 ἐκ
1925 4148 2024 4217 τῆς

430 4228 708 4301 Παρθένου
765 4229 916 4300 ναῷ,
966 4230 1056 4285 τὸν
1108 4228 1263 4287 δι’οὗ
1304 4232 1371 4285 τὰ
1396 4234 1594 4297 πάντα,
1632 4236 1727 4289 καὶ
1779 4238 1837 4288 ἐν
1882 4229 1927 4304 ᾧ
1956 4237 2023 4291 τὰ

430 4324 632 4378 πάντα.
659 4317 787 4396 τΑρ’
834 4320 926 4378 οὖν
959 4325 1080 4395 οὐχὶ
1127 4325 1263 4397 πρὸς
1309 4324 1463 4396 λῆξιν
1488 4327 1591 4399 ἤδη
1633 4328 1733 4400 τὴν
1764 4329 2024 4383 ἀνωτάτω

426 4415 778 4488 διεληλάκασι
810 4417 921 4470 τῶν
941 4417 1161 4481 κακῶν,
1192 4419 1240 4470 οἱ
1280 4417 1449 4488 μῦθον
1480 4418 1624 4473 οὕτω
1661 4418 1754 4473 τὸν
1800 4419 2022 4494 γραώδη

431 4509 525 4563 καὶ
561 4504 816 4579 βδελυρὸν
846 4506 1246 4579 προχειρότατα
1281 4511 1694 4581 προσηκάμενοι
1720 4551 1734 4575 ,
1796 4512 1893 4567 καὶ
1924 4514 2023 4586 τῆς

431 4598 673 4670 ἀκράτου
726 4600 959 4665 νωθείας
1012 4599 1105 4652 τὸν
1146 4601 1346 4654 οἰκεῖον
1399 4601 1810 4675 ἀναπλήσαντες
1858 4603 2021 4670 νοῦν;

2126 3402 2409 3473 imperitiae
2459 3411 2513 3455 et
2558 3398 2813 3469 juvenilis
2862 3398 3188 3456 temeritatis
3235 3397 3602 3465 devenerunt,
3663 3410 3721 3452 ut

2123 3480 2490 3548 existimarint
2522 3507 2645 3544 eum
2682 3489 2773 3559 qui
2833 3488 3085 3543 conditor
3135 3496 3220 3543 est
3280 3488 3603 3545 smeulorum
3666 3502 3723 3544 et

2123 3594 2430 3639 coaeternus
2457 3582 2569 3638 Deo
2598 3594 2651 3637 et
2676 3581 2842 3647 Patri,
2869 3580 3109 3636 Verbum
3152 3580 3433 3648 nimirum,
3467 3593 3578 3638 tum
3609 3585 3718 3655 pri-

2126 3694 2269 3733 mum
2306 3677 2600 3733 exsistendi
2652 3677 2862 3731 initium
2901 3676 3205 3744 accepisse,
3256 3691 3380 3730 cum
3421 3678 3719 3731 secundum

2125 3785 2346 3826 carnem
2384 3779 2543 3826 natus
2577 3781 2684 3837 est,
2710 3782 2764 3826 et
2797 3769 2948 3823 tarde
2977 3768 3214 3838 genitum
3248 3783 3389 3833 esse,
3424 3769 3511 3837 qui
3539 3769 3720 3822 omnia

2124 3860 2321 3916 sarcula
2357 3869 2411 3914 et
2458 3868 2695 3928 tempora
2730 3858 3018 3921 antecedit,
3056 3855 3128 3910 ita
3160 3865 3217 3911 ut
3249 3856 3470 3910 ultimus
3506 3857 3720 3912 tandem

2125 3952 2521 4009 incarnationis
2560 3952 2893 4019 temporibus
2935 3949 3080 4005 Deus
3114 3950 3293 4005 lactus
3323 3949 3394 4004 sit
3442 3947 3624 4014 Pater,
3665 3961 3720 4003 et

2124 4044 2524 4117 quodammodo
2553 4042 2853 4097 immissum
2885 4042 2937 4096 in
2969 4052 3181 4097 uterum
3211 4041 3452 4112 Virginis
3487 4051 3545 4095 ut
3575 4052 3723 4096 esset

2126 4148 2287 4208 atque
2338 4135 2680 4199 subsisteret,
2725 4149 2847 4187 eum
2886 4148 2981 4203 per
3015 4150 3174 4205 quem
3226 4144 3280 4190 et
3331 4134 3384 4189 in
3438 4148 3546 4205 quo
3594 4145 3721 4188 sunt

2125 4230 2327 4287 omnia.
2360 4230 2517 4283 Anne
2550 4243 2643 4282 eos
2672 4226 2738 4282 ad
2775 4236 2973 4283 metam
3005 4229 3247 4284 omnium
3291 4226 3561 4282 malorum
3596 4241 3719 4293 per-

2126 4322 2339 4377 venisse
2370 4336 2582 4388 censes,
2621 4319 2713 4391 qui
2746 4322 2883 4376 adeo
2912 4322 3145 4376 anilibus
3173 4332 3336 4390 atque
3367 4318 3719 4375 exsecrandis

2128 4413 2321 4469 fabulis
2341 4413 2580 4468 animum
2603 4410 2907 4482 adjiciunt?
2930 4430 2947 4463 ι
2976 4410 3319 4482 Sepulcrum,
3338 4425 3504 4473 certe,
3524 4420 3717 4479 patens

2125 4513 2210 4560 est
2256 4512 2441 4571 guttur
2479 4517 2691 4567 eorum,
2739 4501 2941 4571 linguis
2972 4503 3085 4558 suis
3112 4500 3298 4557 dolose
3337 4502 3591 4571 agebant,
3620 4516 3714 4556 ve-

2128 4614 2324 4654 nenum
2362 4596 2605 4667 aspidum
2629 4596 2728 4651 sub
2764 4594 2922 4650 labiis
2954 4610 3165 4660 eormn,
3200 4608 3429 4664 quorum
3457 4609 3519 4649 os
3544 4592 3714 4649 male-

438 4714 457 4745 ι
481 4693 687 4763 Τάφος,
713 4691 955 4763 ἀληθῶς,
981 4691 1329 4763 ἀνεῳγμένος
1362 4696 1390 4748 6
1435 4695 1643 4766 λάρυγξ
1673 4696 1875 4763 αὐτῶν,
1907 4699 2019 4762 ταῖς

2131 4692 2369 4746 dictione
2399 4698 2455 4745 et
2490 4688 2853 4744 amaritudine
2884 4687 3101 4759 plenum
3125 4699 3205 4741 est
3232 4686 3299 4741 “.
3333 4706 3352 4741 ι

431 4784 706 4854 γλώσσαις
721 4782 901 4838 αὐτῶν
925 4782 1255 4849 ἐδολιοῦσαν,
1281 4784 1357 4849 ἰὸς
1379 4786 1622 4841 ἀσπίδων
1640 4787 1745 4841 ὑπὸ
1773 4789 1842 4841 τά
1870 4789 2022 4859 χείλη

432 4874 636 4942 αὐτῶν,
666 4867 741 4929 ὧν
762 4874 825 4927 τὸ
860 4875 1037 4945 στόμα
1064 4874 1204 4944 ἀρᾶς
1238 4875 1331 4927 καὶ
1361 4875 1590 4947 πικρίας
1615 4876 1795 4947 γέμει.
1840 4897 1858 4929 ι

506 4969 564 5021 Β.
607 4967 872 5039 Σύμφημι
901 4984 915 4998 ο
943 4967 1039 5021 καὶ
1076 4966 1184 5038 γάρ
1211 4967 1361 5019 ἐστιν
1396 4968 1631 5039 ἀτρεκὴς
1662 4970 1689 5022 6
1734 4969 1829 5022 τοῦ
1869 4970 2025 5023 Ψάλ-

436 5058 624 5123 λοντος
658 5059 839 5129 λόγος.

511 5152 572 5204 Α.
612 5146 689 5204 Ἦ
716 5151 825 5222 γὰρ
859 5151 979 5221 οὐχὶ
1009 5150 1097 5204 τὸν
1142 5148 1208 5202 δι’
1237 5143 1298 5201 οῦ
1332 5151 1399 5202 τὰ
1437 5151 1632 5213 πάντα,
1676 5153 1770 5204 καὶ
1815 5159 2026 5223 προϋφ-

439 5242 662 5297 εστάναι
684 5242 792 5297 τῶν
822 5244 1042 5298 πάντων
1066 5246 1309 5315 ἀνάγκης

515 5424 573 5474 Β.
616 5414 689 5475 Εὖ
722 5412 920 5490 λέγεις.

516 5516 579 5568 Δ.
620 5512 685 5566 Τί
718 5512 775 5566 δὲ
801 5513 866 5583 δὴ
892 5515 986 5566 καὶ
1014 5513 1186 5585 δρῷεν
1222 5515 1309 5578 ἂν,
1352 5512 1599 5568 Ἰωάννου
1650 5514 1749 5584 μὲν
1781 5516 2023 5587 γράφον-

442 5621 556 5669 τος,
590 5623 607 5655 ι
631 5604 718 5658 Ἐν
745 5605 889 5676 ἀρχῇ
914 5599 981 5674 ἦν
1017 5606 1045 5657 6
1064 5605 1256 5674 Λόγος,
1285 5604 1461 5660 πάντα
1489 5606 1555 5660 δι’
1583 5604 1751 5660 αὐτοῦ
1784 5607 2023 5677 ἐγένετο,

444 5697 539 5750 καὶ
562 5697 731 5767 χωρὶς
755 5696 919 5750 αὑτοῦ
954 5697 1170 5766 ἐγένετο
1201 5698 1324 5752 οὐδὲ
1363 5699 1443 5753 ἓν.
1479 5719 1497 5753 ι
1534 5699 1644 5753 Καὶ
1673 5699 1858 5763 πάλιν,
1898 5718 1916 5751 ι
1957 5701 2023 5753 Ὃ

447 5785 512 5859 ἦν
566 5789 661 5843 ἀπ’
711 5788 921 5859 ἀρχῆς,
966 5788 993 5842 6
1048 5790 1402 5862 ἀκηκόαμεν,
1457 5793 1485 5846 ὃ
1535 5792 1861 5864 ἑωράκαμεν
1916 5794 2023 5856 τοῖς

525 5970 570 6002 ιο
606 5970 707 6026 lsa.
747 5968 931 6035 vn,l-l.
1011 5971 1050 5999 ἰ
1080 5936 1214 6027 Luc.
1253 5986 1289 6037 ι,
1331 5971 1542 6036 50,31.
1622 5971 1665 6004 ιι
1684 5972 1845 6029 Hebr.
1872 5988 1908 6040 ι,
1950 5972 2031 6028 l6.

2207 4968 2265 5018 ις.
2302 4964 2600 5019 Asseutior.
2666 4961 2841 5017 Verus
2873 4978 3016 5017 enim
3050 4971 3133 5015 est
3166 4962 3462 5016 l’salmista:
3513 4974 3713 5014 sermo.

2198 5143 2262 5196 Λ.
2326 5141 2463 5209 Quid
2522 5142 2699 5207 enim,
2769 5152 2948 5193 nonne
2997 5153 3120 5193 eum
3176 5152 3271 5207 per
3317 5151 3474 5206 quem
3534 5138 3715 5193 omnia

2129 5240 2267 5291 facta
2320 5243 2465 5300 sunt,
2516 5234 2767 5289 omnibus
2810 5234 2975 5288 etiam
3029 5230 3417 5301 praeexstitisse
3478 5245 3709 5287 necesse

2129 5340 2211 5385 est
2244 5328 2269 5383 ‘i

2202 5420 2262 5475 Β.
2301 5414 2487 5476 Βθοιθ’
2502 5416 2656 5475 dicis.

2203 5517 2267 5570 Α.
2320 5515 2456 5581 Quid
2514 5530 2641 5570 vero
2697 5524 2877 5584 agant,
2945 5513 3215 5567 scribente
3277 5510 3535 5567 Joanne:
3577 5530 3595 5564 ι
3661 5512 3717 5567 lu

2134 5611 2398 5681 principio
2444 5619 2565 5666 erat
2616 5607 2871 5676 Verbum,
2936 5607 3115 5660 omnia
3177 5622 3274 5675 per
3335 5606 3507 5674 ipsum
3567 5604 3713 5661 facta

2136 5713 2281 5771 sunt,
2311 5714 2365 5758 et
2396 5702 2516 5758 sine
2550 5703 2668 5770 ipso
2700 5700 2897 5755 factum
2929 5699 3169 5755 estnihil
3202 5701 3265 5753 "‘.
3310 5720 3328 5753 ι
3365 5698 3429 5754 Ει
3452 5712 3666 5754 rursum
3698 5716 3713 5751 :

2143 5814 2159 5846 ι
2183 5795 2332 5861 Quod
2354 5803 2471 5849 erat
2499 5791 2565 5846 ab
2599 5790 2770 5856 initio,
2796 5791 2938 5860 quod
2964 5790 3287 5857 audivimus,
3312 5790 3453 5860 quod
3483 5788 3716 5844 vidimus

2109 5973 2153 6004 ³³
2181 5970 2321 6026 Psal.
2358 5986 2476 6041 xm,
2508 5972 2561 6027 5.
2642 5972 2683 6003 "’
2707 5969 2867 6027 Joan.
2900 5989 2936 6037 ι,
2977 5970 3083 6027 1-3.
