4122 6532
448 498 593 556 1205

1476 497 1535 555 S.
1576 497 1852 554 ειίιιιιι
1892 495 2358 554 ALEXANDRINI
2398 497 2714 554 ARCIHEP.

3574 491 3713 551 ΗΜ

445 627 484 670 o
504 612 621 665 -ulis
653 609 879 675 nostris,
910 608 1053 682 quod
1086 608 1480 680 perspeximus.
1512 616 1566 663 et
1590 624 1784 663 manus
1826 618 2025 664 nostra:

2129 610 2425 681 ὀφθαλμοῖς
2454 608 2633 679 ἡμῶν,
2655 607 2683 660 6
2713 604 3091 676 ἐθεασάμεθα,
3118 605 3214 660 καὶ
3260 606 3323 660 αἱ
3350 607 3528 677 χεῖρες
3551 607 3710 676 ἡμῶν

445 710 925 761 contrectaverunt
962 701 1030 757 de
1052 701 1231 757 Verbo
1254 701 1397 756 vitae.
1432 699 1500 755 Et
1522 700 1631 755 vita
1676 698 2027 755 manifestata

445 805 550 859 est,
574 803 629 850 et
659 793 916 859 vidimus,
938 800 992 849 et
1042 802 1331 855 testamur,
1376 800 1431 847 et
1459 792 1846 845 annuntiamus
1876 790 2027 846 vobis

444 885 612 938 vitam
648 893 926 947 aeternam,
960 899 1080 953 qua:
1104 894 1221 937 erat
1260 882 1400 950 apud
1428 881 1665 943 Patrem,
1697 892 1749 935 et
1771 882 2025 953 apparuit

448 977 605 1029 nobis
626 976 692 1027 ".
728 994 746 1028 ι
806 973 1035 1043 Jamque
1086 974 1337 1028 Christus
1384 973 1499 1042 ipse
1530 974 1862 1027 exsistentize
1916 988 2028 1027 sua:

449 1066 825 1135 antiquitatem
879 1065 1112 1118 invisam
1150 1064 1350 1117 Judaais
1400 1064 1659 1118 declarat.
1712 1061 2027 1117 Dicentibus

449 1158 593 1213 enim
628 1157 734 1212 illis
764 1175 781 1211 :
818 1174 837 1207 ι
868 1157 1234 1224 Quadraginta
1267 1168 1438 1208 annos
1470 1152 1702 1207 nondum
1756 1153 1942 1219 habes,
1975 1164 2028 1207 et

448 1249 725 1303 Abraham
768 1248 998 1303 vidisti?
1038 1267 1056 1298 ι
1089 1245 1371 1301 manifeste
1421 1245 1694 1314 respondit
1727 1262 1740 1299 :
1785 1262 1804 1296 ι
1834 1246 2024 1307 Amen,

450 1355 609 1394 amen
636 1340 757 1394 dico
805 1340 978 1401 vobis,
1031 1349 1319 1406 antequam
1380 1337 1650 1391 Abraham
1696 1339 1870 1400 fieret,
1928 1350 2028 1404 ego

449 1448 569 1489 sum
603 1434 672 1486 ".
732 1450 750 1482 ι
811 1431 909 1487 Cui
963 1445 1093 1484 vero
1150 1430 1408 1484 tribuitur
1458 1430 1623 1496 illud,
1674 1438 1822 1491 erat,
1880 1427 2027 1481 nullo

449 1524 682 1592 adjecto,
706 1532 870 1594 atque
891 1524 1051 1578 etiam
1077 1520 1360 1576 manifeste
1391 1521 1540 1585 illud,
1562 1537 1695 1585 sum,
1732 1519 2023 1589 quodnam,

448 1615 702 1681 obsecro,
736 1625 994 1686 agnoscat
1040 1623 1193 1668 ortus
1235 1613 1317 1667 sui
1351 1613 1725 1683 principium?
1766 1622 1857 1666 aut
1919 1627 2027 1681 quo

448 1718 611 1777 pacto
626 1708 716 1778 qui
750 1716 869 1763 erat
891 1707 945 1761 in
974 1705 1240 1776 principio
1274 1705 1522 1774 superior
1547 1703 1697 1759 omni
1725 1702 2024 1767 intellectu,

449 1798 505 1853 in
542 1808 781 1867 tempore
811 1796 975 1852 fuerit
1010 1807 1233 1851 vocatus
1260 1795 1325 1849 ad
1362 1792 1779 1850 exsisteutiam?
1819 1792 1875 1847 Si
1903 1792 2026 1862 quis

448 1897 629 1942 autem
676 1887 730 1942 in
787 1887 886 1943 hos
928 1887 1169 1954 longiore
1216 1885 1542 1941 refutatione
1569 1884 1645 1938 uti
1680 1883 1830 1946 velit,
1883 1881 2025 1937 haud

2130 703 2522 773 ἐψηλάφησαν,
2560 701 2687 770 περὶ
2716 699 2813 752 τοῦ
2844 700 3004 767 λόγον
3047 700 3149 769 τῆς
3181 700 3343 769 ζωῆς.
3380 699 3488 751 Καὶ
3522 700 3555 769 ἡ
3594 698 3713 769 ﬁmi;

2128 795 2473 867 ἐφανερώθη,
2511 794 2606 847 καὶ
2634 793 2987 863 ἑωράκαμεν,
3035 794 3131 846 καὶ
3176 790 3584 862 μαρτυροῦμεν,
3617 793 3713 843 καὶ

2128 886 2545 955 ἀπαγγέλλομεν
2577 885 2704 953 ὑμῖν
2734 882 2832 953 τὴν
2876 881 3021 954 ζωὴν
3062 882 3160 953 τὴν
3187 881 3426 946 αἰώνιον,
3468 883 3589 952 ἥτις
3642 879 3717 953 ἦν

2129 977 2265 1049 πρὸς
2290 977 2380 1030 τὸν
2423 976 2669 1045 Πατέρα,
2694 975 2787 1028 καὶ
2822 974 3149 1045 ἐφανερώθη
3171 976 3305 1043 ἡμῖν
3332 992 3343 1003 ο
3387 994 3407 1024 ι
3442 974 3613 1027 αὑτοῦ
3649 974 3709 1026 δὲ

2128 1068 2367 1141 Χριστοῦ
2410 1068 2512 1138 τῆς
2552 1068 2687 1130 ίδίας
2731 1067 3020 1137 ὑπάρξεως
3058 1067 3158 1135 τὴν
3199 1066 3438 1119 ἄποπτον
3485 1066 3714 1136 ἀρχαιόο

2127 1178 2265 1231 τητα
2288 1160 2402 1217 τοῖς
2434 1158 2710 1220 Ἰουδαίοις
2759 1158 3285 1226 κατασημαῢθοντος.
3338 1157 3552 1226 Ἐπειδὴ
3599 1156 3710 1225 γὰρ

2128 1251 2385 1320 ἔφασκον,
2410 1269 2428 1301 ι
2458 1250 2800 1318 Πεντήκοντα
2828 1248 2922 1319 ἐτη
2959 1247 3111 1301 οὔπω
3140 1248 3307 1317 ἔχεις.
3336 1251 3431 1300 καὶ
3456 1248 3713 1317 Ἀδραάμ

2128 1342 2407 1414 ἐώρακας;
2474 1360 2494 1393 ι
2551 1340 2851 1411 ἀντήκουον
2911 1339 3192 1409 ἐναργῶς,
3243 1360 3260 1390 ι
3306 1339 3512 1409 Ἀμὴν,
3559 1338 3709 1409 ἀμὴν

2126 1434 2273 1502 λέγω
2316 1434 2477 1504 ὑμῖν,
2530 1432 2659 1502 πρὶν
2707 1430 2962 1501 Ἀϐραὰμ
3008 1430 3304 1499 γενέσθαι,
3353 1429 3464 1499 ἐγώ
3502 1432 3637 1501 εἰμι.
3678 1449 3699 1481 ι

2127 1525 2260 1579 Οὑδέ
2286 1524 2368 1590 τὸ,
2400 1520 2480 1591 ἦν
2501 1524 2672 1586 ἐστιν,
2706 1522 3143 1593 ἐπενηνεγμένου
3181 1520 3431 1591 μηδενὸς,
3471 1520 3565 1573 καὶ
3596 1521 3715 1591 μὴν

2128 1618 2223 1671 καὶ
2254 1617 2314 1669 τὸ
2344 1616 2459 1685 είμὶ
2490 1616 2747 1669 τέτακται
2775 1614 2984 1683 σαφῶς,
3008 1613 3129 1666 τίνα
3150 1612 3252 1681 τῆς
3282 1612 3547 1679 γενέσεως
3567 1629 3705 1665 κατ-

2130 1706 2227 1759 ίδοι
2260 1722 2344 1768 τις
2383 1705 2450 1759 ἂν
2491 1705 2590 1775 τὴν
2621 1706 2829 1776 ἀρχήν;
2862 1704 2894 1774 ἦ
2924 1704 3047 1756 τίνα
3089 1702 3152 1773 δὴ
3199 1702 3422 1770 τρόπον,
3471 1703 3500 1753 6
3540 1701 3615 1755 ὢν
3644 1702 3711 1754 ἐν

2126 1797 2270 1869 ἀρχῇ
2306 1800 2372 1868 τῇ
2409 1797 2610 1860 παντὸς
2640 1796 2902 1849 ἐπέκεινα
2931 1793 3047 1859 νοῦ,
3075 1794 3438 1865 παραδέξαιτο
3466 1794 3536 1847 ἂν
3561 1794 3620 1847 τὸ
3643 1795 3707 1847 ἐν

2126 1888 2304 1960 καιρῷ
2352 1886 2653 1958 κεκλῆσθαι
2713 1887 2849 1959 πρὸς
2899 1885 3164 1956 ῦπαρξιν;
3217 1885 3279 1939 Εί
3342 1885 3439 1955 μὲν
3480 1880 3571 1937 οῦν
3616 1902 3700 1947 τις

449 1979 662 2035 difficile
686 1980 868 2044 fuerit,
908 1979 1085 2033 allatis
1126 1994 1296 2034 sacrae
1344 1975 1640 2046 Scriptura:
1669 1976 1869 2039 verbis,
1907 1975 2023 2030 illo-

2129 1978 2303 2032 ἐλοιτο
2340 1978 2580 2032 τουτοῖσὶ
2626 1976 3003 2047 σχολαιότερον
3051 1971 3435 2043 ἀντιφέρεσθαι
3468 1972 3709 2041 χαλεπὸν

451 2086 571 2125 rum
618 2070 805 2126 deliria
866 2070 1172 2138 profligare.
1238 2068 1353 2141 Ego
1398 2083 1530 2123 vero
1569 2081 1690 2121 cum
1725 2067 1839 2121 hac
1890 2066 2025 2121 adeo

449 2159 738 2215 manifeste
799 2159 932 2216 falsa
1006 2163 1289 2230 turpiaque
1358 2160 1491 2224 sint,
1563 2172 2024 2229 supervacaneum

449 2251 877 2307 existimaverim
910 2251 1029 2310 olus
1067 2267 1245 2322 operae
1283 2252 1336 2307 in
1368 2252 1435 2307 iis
1466 2250 1763 2307 refutandis
1800 2264 2022 2320 ponere.

520 2510 582 2569 Β.
619 2513 786 2569 Recte
817 2514 922 2568 ais.

517 2606 589 2661 Α.
612 2602 877 2669 Quocirca
896 2604 961 2658 ad
989 2604 1150 2658 aliam
1172 2618 1271 2659 nos
1290 2603 1655 2668 conferamus,
1680 2605 1849 2676 686
1878 2605 2030 2658 dame

449 2704 591 2751 natae
636 2695 709 2748 illi
757 2694 1001 2764 opinioni
1050 2694 1284 2750 afﬁnem.
1329 2694 1579 2750 Nonnulli
1618 2696 1761 2749 enim
1784 2695 2027 2749 veritatis

448 2783 921 2852 pulchritudinem,
955 2784 1118 2838 veluti
1145 2786 1410 2839 numisma
1451 2786 1667 2856 aliquod
1699 2784 2024 2852 adulteram,

449 2876 699 2937 tollentes
728 2876 780 2929 iu
812 2875 978 2930 altum
1008 2892 1199 2939 cornu,
1225 2886 1278 2929 et
1339 2876 1677 2944 iniquitatem
1745 2875 2027 2944 loquentes

449 2968 713 3023 adversus
744 2966 933 3031 Deum,
986 2968 1125 3023 sicut
1161 2967 1423 3037 scriptum
1463 2976 1545 3022 est
1568 2967 1633 3020 ".
1663 2965 2029 3036 lmaginantur

449 3059 593 3114 enim
630 3057 974 3127 Unigenitum
999 3060 1270 3128 propriam
1312 3072 1463 3111 suam
1523 3058 1890 3113 exsisteutiam
1921 3072 2026 3115 non

449 3152 677 3214 habere,
733 3164 907 3219 neque
960 3151 1012 3203 in
1067 3166 1163 3203 sua
1230 3149 1507 3220 hypostasi
1567 3150 2025 3205 subsisterezsed

448 3241 672 3297 verbum
701 3240 1023 3309 simpliciter
1064 3247 1117 3292 et
1167 3254 1475 3294 sermonem
1504 3241 1597 3309 qui
1630 3240 1742 3295 sola
1779 3241 2027 3295 enuntia—

451 3333 596 3389 tione
655 3342 867 3389 constat
918 3348 946 3385 a
1011 3331 1118 3386 Dco
1176 3333 1311 3393 fieri,
1370 3342 1532 3401 atque
1583 3333 1654 3387 ita
1709 3334 1761 3387 iu
1810 3332 2027 3387 homine

450 3427 729 3481 habitasse
781 3422 967 3481 dicunt
1001 3424 1207 3488 miseri,
1264 3433 1428 3493 atque
1473 3424 1574 3479 hoc
1624 3433 1783 3492 pacto
1841 3420 2023 3477 Jesum

450 3519 869 3583 constituentes,
926 3518 1080 3571 aittut
1134 3517 1466 3571 sanctiorem
1538 3516 1754 3584 quidem
1821 3513 2028 3568 sanctis

449 3624 599 3673 esse,
648 3624 753 3662 non
821 3619 997 3662 tamen
1044 3607 1232 3661 Deum.
1294 3603 1557 3672 Quocirca
1615 3617 1671 3659 ut
1723 3604 2028 3661 Servatoris

448 3698 620 3755 uestri
679 3697 972 3766 discipulus
1005 3697 1079 3751 ait
1112 3714 1125 3750 :
1157 3714 1175 3747 ‹
1207 3695 1342 3762 Quis
1387 3704 1471 3749 est
1513 3695 1763 3758 mendax,
1803 3694 1904 3748 nisi
1937 3695 2025 3763 qui

448 3799 609 3857 negat
654 3786 835 3841 Iesum
890 3803 1012 3842 esse
1057 3786 1375 3842 Christum?
1408 3785 1505 3841 Hic
1530 3799 1614 3842 est
1652 3787 2023 3852 antichristus,

452 3893 653 3949 negans
686 3880 902 3935 Patrem
932 3888 986 3933 et
1030 3877 1249 3933 Filium.
1304 3879 1558 3947 Quisquis
1607 3887 1764 3948 negat
1809 3877 2025 3943 Filium.

450 3985 629 4041 neque
650 3970 863 4025 Patrem
898 3970 1078 4027 habet.
1116 3970 1217 4037 Qui
1246 3970 1535 4025 confitetur
1554 3968 1773 4035 Filium,
1810 3970 2024 4026 Patrem

452 4075 670 4133 quoque
718 4061 881 4116 habet
908 4062 974 4116 ".
1016 4081 1035 4114 ι
1072 4062 1222 4117 Alter
1277 4062 1419 4118 enim
1449 4062 1500 4116 in
1531 4065 1701 4118 altero
1737 4073 1789 4117 et
1819 4078 1847 4117 a
1876 4063 2027 4117 nobis

451 4163 508 4209 et
547 4168 574 4205 a
620 4153 823 4209 sanctis
872 4144 1078 4223 angelis
1125 4153 1455 4224 agnoscitur.
1518 4152 1797 4225 Siquidem
1866 4168 2026 4208 nemo

454 4245 777 4305 intellexerit
817 4246 945 4318 quid
981 4245 1051 4301 sit
1089 4244 1271 4312 Pater,
1302 4246 1405 4302 uisi
1435 4244 1628 4301 Filium
1678 4246 2026 4302 exsislentem

454 4352 518 4392 ac
565 4338 802 4403 genitum
838 4347 1018 4392 mente
1057 4339 1341 4408 concipiat.
1376 4339 1481 4395 Sed
1524 4353 1701 4408 neque
1733 4340 1869 4393 sciat
1900 4339 2028 4408 quid

454 4430 527 4487 sit
556 4429 744 4497 Filius,
804 4430 903 4484 nisi
952 4429 1162 4485 Patrem
1202 4431 1453 4501 genuisse
1508 4431 1727 4500 cogitet.
1766 4429 2030 4491 Necessa-

2128 2068 2312 2133 οὐδὲν,
2345 2069 2475 2131 τοὺς
2510 2068 2611 2137 τῆς
2646 2065 3008 2120 θεοπνεύστου
3048 2064 3271 2135 Γραφῆς
3304 2062 3703 2133 παρακομίζον-

2127 2180 2225 2226 τας
2269 2162 2460 2230 λόγους
2485 2202 2499 2225 ,
2534 2160 2604 2213 τὰ
2647 2161 2710 2212 ἐκ
2740 2158 2839 2229 τῆς
2878 2158 3101 2211 ἐκείνων
3135 2154 3533 2226 ἐμϐροντησίας
3564 2156 3701 2208 ἀπο-

2128 2254 2424 2327 κρούεσθαι
2464 2254 2658 2325 βλάϐη.
2699 2251 2781 2307 Τά
2810 2268 2871 2320 γε
2898 2251 3006 2322 μὴν
3038 2249 3183 2304 οὑτω
3207 2250 3412 2321 ἐναργῆ
3441 2248 3708 2306 νοσοῦντα

2128 2347 2217 2400 τὸν
2260 2346 2519 2417 ἔλεγχον,
2576 2344 2670 2398 καὶ
2726 2343 2862 2397 πολὺ
2919 2342 3041 2395 λίαν
3088 2342 3282 2412 ἔχοντα
3328 2340 3390 2394 τὸ
3435 2340 3707 2411 ἀκαλλὲς,

2129 2440 2384 2510 περιττὸν
2411 2432 2565 2508 οἶμαί
2605 2452 2707 2490 που
2748 2435 2843 2490 καὶ
2871 2433 3153 2505 φροντίδος
3178 2430 3383 2500 ἀξιοῦν.

2197 2532 2259 2584 Β.
2300 2525 2371 2584 Εὖ
2399 2528 2597 2598 λέγεις.

2199 2623 2266 2677 A.
2310 2620 2519 2674 Οὑκοῦν
2548 2621 2634 2673 ἐπ’
2666 2620 2843 2672 ἐκεῖνο
2882 2618 3073 2688 ἴωμεν,
3123 2619 3260 2688 ὅπερ
3304 2618 3421 2669 ἐστὶ
3470 2614 3546 2686 τῷ
3574 2631 3711 2668 κατ-ν

2129 2714 2464 2785 εγνωσμένῳ
2485 2713 2763 2781 συγγενές.
2795 2707 3277 2781 Παρασημαίνουσι
3303 2707 3412 2777 γάρ
3438 2722 3580 2768 τινες
3600 2705 3699 2773 τῆς

2128 2805 2385 2876 ἀληθείας
2434 2803 2497 2857 τὸ
2547 2802 2783 2865 κάλλος,
2828 2798 3078 2869 καθάπερ
3124 2816 3175 2852 τι
3227 2797 3467 2867 νόμισμα
3516 2794 3706 2863 κιϐδη-

2128 2896 2379 2958 λεύοντες
2398 2934 2413 2960 ,
2453 2892 2771 2965 ἐπαίροντές
2801 2908 2861 2944 τε
2888 2891 2967 2953 είς
3002 2888 3134 2959 ὕψος
3159 2888 3220 2942 τὸ
3245 2889 3413 2959 κέρας
3433 2928 3448 2951 ,
3483 2886 3570 2940 καὶ
3592 2885 3706 2938 ἀδι-

2128 2986 2253 3040 κίαν
2285 2985 2572 3048 λαλοῦντες
2620 2984 2758 3037 κατὰ
2799 2981 2969 3048 Θεοῦ,
3006 2981 3147 3036 κατά
3189 2981 3252 3034 τὸ
3294 2979 3709 3050 γεγραμμένον,

2141 3074 2513 3144 Ἀνύπαρκτόν
2544 3090 2604 3127 τε
2654 3073 2747 3126 καὶ
2786 3071 2970 3134 ίδικῶς
3000 3072 3099 3141 οὑχ
3129 3070 3473 3140 ὑφεστηκότα
3505 3068 3706 3138 φαντά-

2130 3166 2315 3230 ζονται
2344 3165 2436 3218 τὸν
2461 3165 2761 3235 Μονογενῆ,
2786 3164 2879 3217 καὶ
2910 3163 3013 3216 οὑκ
3032 3158 3171 3216 εἶναι
3198 3162 3299 3233 μὲν.
3321 3165 3379 3216 ἐν
3403 3161 3703 3220 ὑποστάσει

2128 3261 2194 3329 τῇ
2222 3256 2343 3311 καθ’
2371 3255 2584 3319 ἐαυτὸν,
2614 3255 2765 3325 ρῆμα
2792 3254 2847 3307 δέ
2880 3253 3068 3316 ἀπλῶς
3110 3254 3206 3307 καὶ
3232 3253 3410 3320 λόγον,
3447 3252 3537 3305 τὸν
3562 3251 3707 3305 κατά

2132 3349 2301 3420 μόνην
2330 3347 2426 3417 τὴν
2454 3347 2732 3418 προφορὰν
2756 3332 3010 3414 γενέσθαι
3041 3348 3191 3417 παρά
3224 3344 3382 3408 Θεοῦ,
3408 3346 3503 3397 καὶ
3528 3345 3585 3395 ἐν
3610 3345 3704 3396 ἀν-

2128 3436 2332 3508 θρώπῳ
2380 3436 2700 3506 κατοικῆσαί
2732 3453 2894 3505 φασιν
2937 3437 2985 3489 οἱ
3033 3436 3296 3499 τάλανες,
3330 3434 3610 3498 συνθέντες
3647 3433 3705 3487 δέ

2128 3528 2271 3590 οὕτω
2297 3528 2388 3581 τὸν
2424 3528 2650 3599 Ἰησοῦν,
2686 3528 2852 3597 ἁγίων
2883 3529 2982 3599 μὲν
3014 3522 3153 3581 εἶναί
3182 3544 3344 3597 φασιν
3382 3525 3700 3597 ἀγιώτερον,

2127 3622 2186 3674 οὐ
2222 3620 2326 3691 μὴν
2355 3620 2436 3672 ἐτι
2464 3621 2559 3673 καὶ
2600 3619 2754 3674 Θεόν.
2791 3620 3003 3674 Οὐκοῦν
3035 3619 3179 3673 καθά
3215 3620 3309 3672 καὶ
3335 3619 3363 3671 6
3398 3617 3491 3671 τοῦ
3524 3617 3703 3688 Σωτῆο

2132 3727 2221 3782 ρος
2251 3709 2532 3763 ἐπέστειλε
2568 3708 2839 3780 μαθητὴς,
2870 3730 2887 3760 ι
2920 3708 3015 3772 Τίς
3047 3711 3192 3761 ἐστιν
3214 3709 3241 3761 6
3270 3708 3532 3778 ψεύστης,
3551 3707 3598 3759 εί
3627 3706 3711 3781 μὴ

2127 3801 2155 3852 6
2196 3798 2549 3870 ἀρνούμενος,
2584 3800 2666 3852 ὅτι
2702 3798 2909 3870 Ἰησοῦς
2942 3800 3041 3851 οὑκ
3070 3798 3216 3852 ἔστιν
3246 3800 3273 3851 6
3301 3798 3564 3868 Χριστόςς
3598 3791 3700 3851 06-

2128 3890 2218 3953 τός
2247 3892 2394 3943 ἐστιν
2421 3892 2449 3943 6
2476 3890 2857 3961 ἀντίχριστος,
2902 3891 2930 3942 6
2973 3888 3306 3961 ἀρνούμενος
3352 3888 3443 3941 τὸν
3486 3888 3702 3958 Πατέρα

2128 3982 2223 4035 καὶ
2252 3980 2343 4034 τὸν
2373 3981 2522 4035 Υἱόν.
2552 3982 2667 4045 Πᾶς
2708 3983 2736 4034 6
2769 3980 3100 4052 ἀρνούμενος
3130 3981 3221 4033 τὸν
3263 3981 3420 4043 Υίδν,
3452 3979 3573 4032 οὑδὲ
3610 3980 3701 4033 τὸν

2130 4073 2347 4145 Πατέρα
2380 4072 2525 4144 ἔχει·
2550 4074 2577 4126 6
2605 4072 2883 4143 ὁμολογῶν
2919 4073 3011 4125 τὸν
3044 4072 3193 4135 Υίὸν,
3226 4072 3320 4126 καὶ
3347 4072 3437 4125 τὸν
3479 4072 3699 4141 Πατέρα

2128 4165 2260 4236 ἔχει.
2297 4184 2315 4217 ι
2350 4165 2551 4235 Ἄμφω
2576 4165 2685 4235 γὰρ
2714 4164 2783 4217 δι’
2822 4165 3023 4233 ἀμφοῖν
3057 4165 3151 4217 καὶ
3196 4164 3455 4232 ἐκάτερος
3485 4164 3542 4216 ἐν
3576 4164 3703 4222 ἐκαη

2126 4256 2271 4329 τέρῳ
2311 4257 2443 4328 πρός
2471 4274 2528 4310 τε
2559 4257 2717 4328 ἡμῶν
2750 4257 2949 4322 αὑτῶν,
2984 4256 3079 4309 καὶ
3115 4255 3223 4309 τῶν
3251 4255 3419 4323 ἁγίων
3456 4254 3699 4323 ἀγγέλων

2130 4347 2613 4417 ἐπιγινώσκονται.
2651 4349 2724 4401 Οὑ
2775 4349 2883 4419 γάρ
2930 4347 2996 4402 ἄν
3036 4365 3121 4411 τις
3167 4348 3438 4419 ἀναμάθοι
3487 4349 3539 4401 τί
3584 4348 3705 4409 ἐστι,

2131 4441 2320 4513 Πατὴρ
2342 4482 2357 4506 ,
2407 4442 2457 4494 εί
2494 4441 2568 4512 μὴ
2598 4441 2724 4494 Υίὸν
2767 4440 3055 4508 ὑφεστῶτά
3090 4458 3149 4495 τε
3182 4443 3277 4495 καὶ
3308 4441 3700 4512 γεγεννημένον

452 4520 593 4579 rium
626 4522 806 4591 itaque
838 4536 1033 4576 censeo
1062 4522 1221 4576 etiam
1279 4536 1404 4576 vere
1439 4521 1638 4588 dicere,
1679 4520 1789 4577 Nisi
1819 4521 2026 4576 exsistit

2132 4534 2428 4598 είσδέξαιτο
2453 4534 2594 4587 κατά
2620 4533 2773 4587 νοῦν⁶
2798 4532 2913 4587 ἀλλ’
2962 4532 3071 4586 οὐδ’
3109 4532 3176 4586 ἂν
3202 4533 3229 4586 ὅ
3262 4533 3314 4585 τί
3350 4534 3465 4585 ποτ’
3499 4534 3643 4585 ἐστὶν
3672 4533 3703 4591 6

453 4610 647 4675 Filius,
682 4627 748 4667 ne
780 4612 992 4669 Patrem
1024 4614 1238 4685 quidem
1266 4627 1392 4668 vere
1447 4614 1771 4686 cogitatione
1828 4613 2026 4684 percipi

2133 4625 2262 4690 Υἱὸς
2302 4624 2575 4695 ἀναμάθοι
2617 4624 2800 4687 πάλιν,
2848 4624 2898 4676 εἰ
2934 4624 3008 4694 μὴ
3051 4623 3133 4676 ὅτι
3188 4623 3408 4677 τέτοκεν
3439 4626 3468 4676 6
3513 4623 3702 4693 Πατὴρ

453 4719 631 4773 posse.
674 4704 771 4760 Ubi
804 4706 948 4760 enim
1000 4716 1083 4761 est
1125 4705 1303 4771 Pater,
1345 4706 1389 4762 si
1420 4722 1524 4761 non
1576 4722 1761 4763 revera
1807 4707 2026 4778 genuit:J

2135 4715 2473 4786 διενθυμοϊτο
2506 4715 2704 4784 σοφῶς.
2726 4715 2956 4777 Ούκοῦν,
2980 4716 3275 4783 ἀναγκαῖον
3302 4712 3455 4783 οίμαί
3482 4731 3584 4767 που
3609 4700 3706 4767 καὶ

455 4805 549 4851 aut
605 4796 650 4850 si
702 4798 883 4866 genuit
930 4798 980 4851 id
1036 4799 1178 4867 quod
1244 4799 1505 4866 subsistit,
1586 4814 1760 4871 neque
1808 4801 2026 4856 omnino

2136 4804 2365 4876 ἀτρεκὲς
2390 4804 2585 4867 εἰπεῖν,
2615 4804 2701 4866 Ὠς
2736 4804 2892 4875 είπερ
2922 4803 3071 4856 ἐστὶν
3103 4803 3446 4874 ἀνύπαρκτος
3481 4806 3509 4857 6
3552 4804 3704 4869 Υἱὸς,

456 4889 830 4943 exsistentiam
858 4889 1037 4957 habet,
1095 4892 1331 4961 genitum
1360 4894 1466 4947 erit
1504 4891 1663 4962 plane
1693 4892 1844 4947 nihil.
1890 4891 2026 4949 Nam

2133 4896 2241 4956 066‘
2268 4895 2334 4951 ἂν
2361 4896 2451 4950 τὸν
2500 4895 2719 4966 Πατέρα
2753 4894 2893 4948 κατά
2936 4893 2997 4947 τὸ
3040 4893 3236 4965 ἀληθὲς
3280 4896 3574 4965 νοήσαιμεν
3612 4894 3699 4947 ἀν.

455 4980 598 5050 quod
665 4996 772 5035 non
825 4981 1058 5047 exsistit,
1114 4983 1316 5052 mquale
1358 4991 1441 5037 est
1498 4982 1705 5049 nihilo;
1737 4983 1845 5038 imo
1896 4999 2026 5039 vero

2136 4988 2245 5043 Ποῦ
2268 4988 2378 5061 γὰρ
2401 4988 2480 5042 ἐτι
2509 4970 2720 5059 Πατὴρ,
2743 4989 2791 5040 εί
2822 4987 2896 5058 μὴ
2928 4986 3146 5042 τέτοκεν
3178 4985 3424 5058 ἀληθῶςς
3448 4988 3516 5039 Ἢ
3545 4987 3703 5056 εἴπερ

452 5086 677 5142 prorsus
727 5072 881 5128 nihil.
927 5074 1103 5145 Atque
1151 5075 1226 5129 ita
1278 5073 1421 5131 Deus
1468 5074 1574 5129 erit
1639 5074 1799 5134 Pater
1851 5076 2025 5132 nihili.

2134 5080 2429 5150 γεγέννηκε
2460 5080 2522 5133 τὸ
2570 5080 2645 5150 μὴ
2673 5077 2919 5149 ὑφεστὼς
2938 5113 2955 5139 ν
3002 5078 3138 5148 μήτε
3173 5078 3416 5148 ὑπάρχον
3448 5078 3581 5139 ὅλως
3602 5118 3616 5139 ,
3643 5076 3705 5129 τὸ

452 5164 638 5231 Atqui,
670 5178 703 5218 ο
734 5164 1182 5231 miseri,dixerim
1216 5180 1314 5235 ego
1331 5166 1658 5232 ejuscemodi
1678 5167 2025 5224 doctoribus:

2136 5169 2394 5241 γεννηθὲν
2421 5169 2575 5225 ἐσται
2609 5168 2669 5223 τὸ
2693 5168 2878 5240 μηδέν.
2911 5168 2984 5222 T6
3005 5167 3113 5239 γάρ
3137 5184 3219 5221 τοι
3244 5169 3319 5244 μὴ
3352 5166 3619 5237 ὑφεστὼς,
3645 5168 3706 5220 ἐν

456 5249 650 5306 lnaues
704 5269 858 5323 nugae
912 5262 1041 5309 sunt
1101 5266 1277 5310 vestra
1344 5256 1647 5325 dogmata:
1694 5268 1785 5312 aut
1828 5259 2024 5330 alioqui

456 5342 591 5399 mihi
620 5344 971 5414 interroganti
998 5347 1335 5416 respondete.
1382 5345 1501 5414 Quo
1530 5358 1687 5418 parto
1713 5360 1798 5406 est
1826 5351 2027 5405 eximia

457 5448 587 5503 erga
611 5449 707 5490 nos
735 5434 954 5491 dilectio
983 5431 1075 5491 Dei
1099 5452 1162 5493 ac
1186 5434 1362 5493 Patris
1387 5438 1412 5493 τ
1439 5448 1492 5496 et
1516 5440 1559 5495 si
1582 5441 1731 5497 dedit
1754 5456 1854 5515 pro
1875 5442 2030 5497 nobis

456 5520 787 5595 Fillum,qui
822 5541 886 5581 ex
933 5537 1111 5582 vestra
1149 5530 1413 5585 sententia
1463 5546 1567 5589 non
1623 5533 1857 5596 exsistit,
1894 5533 2027 5588 nihil

456 5612 623 5683 igitur
660 5613 805 5671 dedit
831 5633 931 5688 pro
952 5619 1125 5686 nobis,
1156 5635 1330 5692 neque
1376 5621 1609 5677 Verbum
1645 5638 1774 5678 caro
1826 5624 2029 5679 factum

459 5716 566 5775 est,
608 5722 781 5781 neque
841 5714 1201 5769 venerandam
1249 5728 1467 5772 crucem
1515 5717 1793 5782 sustluuit,
1859 5731 2034 5788 neque

2137 5258 2237 5332 ίσῳ
2260 5258 2339 5330 τῷ
2364 5258 2572 5330 μηδενὶ,
2610 5258 2812 5327 μᾶλλον
2836 5257 2892 5312 δὲ
2922 5257 3198 5321 παντελῶς
3239 5257 3411 5311 οὑδέν.
3441 5253 3571 5311 Εἶτα
3606 5257 3705 5311 τοῦ

2140 5352 2367 5423 μηδενὸς
2399 5349 2551 5404 ἔσται
2596 5351 2789 5422 Πατὴρ
2824 5353 2853 5407 6
2898 5349 3051 5416 Θεός.
3108 5348 3284 5414 ’Δλλ’,
3327 5343 3374 5404 ὦ
3418 5348 3703 5420 βέλτιστοι,

2136 5445 2300 5521 φαίην
2328 5442 2395 5498 ἂν
2422 5442 2598 5512 ἔγωγε
2631 5442 2770 5514 πρός,
2793 5460 2858 5511 γε
2888 5444 3013 5508 τοὺς
3052 5441 3161 5496 τῶν
3204 5440 3462 5497 τοιούτων
3507 5442 3706 5512 ἐξηγη-

2134 5539 2249 5605 τάς,
2299 5535 2459 5599 ὓθλος
2502 5538 2710 5601 εἰκαῖος
2753 5536 2823 5590 τὰ
2859 5536 2989 5607 παρ’
3032 5535 3221 5604 ὑμῶν,
3266 5536 3434 5607 ἧγουν
3464 5534 3704 5605 ἐρομένῳ

2137 5628 2404 5698 φράζετε·
2438 5626 2555 5691 πῶς
2598 5626 2876 5700 ἐξαίρετος
2922 5629 2956 5697 ὴ
3005 5628 3084 5690 είς
3116 5627 3265 5697 ἡμᾶς
3295 5627 3571 5697 ἀγάπησις
3606 5624 3702 5678 τοῦ

2136 5716 2271 5783 Θεοῦ
2316 5718 2410 5773 καὶ
2454 5718 2697 5790 Πατρός;
2752 5716 2846 5770 καὶ
2884 5717 2931 5771 εί
2967 5716 3197 5772 δέδωκεν
3242 5716 3383 5788 ὑπὲρ
3424 5715 3580 5787 ἡμῶν
3611 5715 3704 5770 τὸν

532 5878 616 5935 *1
651 5880 851 5942 Joan.t.
886 5887 932 5952 Ι,
968 5888 1021 5941 2.
1110 5886 1328 5942 πίθοι).
1371 5901 1487 5955 vui,
1526 5888 1615 5955 57,
1650 5889 1738 5944 58.
1815 5890 1854 5921 ’⁷
1889 5887 2031 5947 Psal.
2056 5905 2185 5961 uti,
2221 5892 2297 5946 1:2.
2380 5893 2465 5948 "l
2500 5892 2652 5949 Joan.
2692 5909 2744 5953 η.
2776 5893 2865 5957 2‘2,
2901 5893 2983 5947 93.
