4122 6604
520 476 661 534 1105

1616 473 1704 529 DE
1741 471 2254 530 INCARNATIONE
2296 470 2662 529 UNIGENITI.
2770 488 2775 491 ·

3601 465 3770 522 .ὒῖΟὸ

520 591 670 656 Υἱὸν,
715 587 806 643 τὸν
844 588 966 642 καθ’
994 587 1136 660 ὑμᾶς
1166 587 1265 661 οὐχ
1293 586 1670 658 ύφεστηκότα,
1696 588 1756 641 τὸ
1784 587 1952 659 μηδὲν
1986 586 2096 658 ἄρα

2215 585 2391 642 nortis
2447 585 2732 655 imperium
2777 580 3031 648 abolevit,
3062 595 3239 653 neque
3282 580 3496 639 revixit.
3525 578 3584 636 Si
3624 582 3772 636 enim

517 679 750 734 δέδωκεν
781 679 922 749 ὑπὲρ
951 679 1139 751 ἡμῶν,
1169 679 1264 733 καὶ
1291 678 1413 733 οὔτε
1442 679 1631 749 γέγονε
1665 677 1800 750 σὰρξ
1827 681 1855 733 6
1885 679 2059 747 Λόγος
2078 720 2094 745 ,

517 767 642 822 οὔτε
692 767 782 822 τὸν
825 768 1006 838 τίμιον
1048 768 1258 838 ὑπέστη
1306 768 1559 841 σταυρὸν,
1602 767 1729 822 οὔτε
1777 769 2096 839 κατήργηκε

519 858 614 912 τοῦ
657 857 889 913 θανάτου
918 858 979 911 τὸ
1012 857 1234 930 κράτος,
1265 857 1390 913 οὔτε
1424 859 1532 930 μὴν
1573 860 1773 917 ἀνεϐίω
1807 859 1989 915 πάλιν.
2032 859 2097 912 Εἰ

520 949 631 1019 γάρ
660 950 777 1002 ἐστι
803 948 863 1003 τὺ
894 949 1083 1021 μηδὲν,
1119 950 1214 1004 καὶ
1245 949 1597 1022 ἀνύπαρκτος
1627 950 1750 1004 καθ’
1781 950 1951 1021 ὑμᾶς,
1980 949 2098 1013 πῶς

520 1039 578 1092 ἐν
611 1055 675 1108 γε
708 1040 945 1094 τουτοισὶ
970 1039 1170 1108 γένοιτ’
1199 1040 1301 1108 άνς
1335 1042 1709 1111 Πεφενάκικεν
1735 1036 1827 1094 οὖν
1854 1039 1964 1110 ἄρα
2001 1039 2099 1108 τῆς

520 1131 682 1199 ἁγίας
705 1132 929 1203 Γραφῆς
957 1133 985 1184 6
1007 1131 1163 1201 λόγος
1188 1132 1313 1196 τοὺς
1342 1132 1795 1199 πεπιστευκότας,
1819 1131 1913 1184 καὶ
1940 1132 1972 1200 ἡ
2002 1130 2098 1201 τῆς

523 1220 757 1286 πίστεως
790 1220 1071 1294 ἑδραιότης
1104 1222 1311 1293 οἴχεται
1337 1221 1474 1292 πρὸς
1506 1222 1568 1276 τὸ
1596 1210 1781 1293 μηδὲν.

592 1312 654 1369 Β.
695 1313 787 1383 Μὴ
814 1312 1043 1381 γένοιτο.

590 1406 656 1458 Δ.
695 1403 760 1457 Τί
788 1404 883 1470 δές
928 1405 1041 1458 Ούκ
1086 1420 1144 1459 εν
1189 1406 1373 1476 μορφῇ
1413 1404 1508 1458 τοῦ
1538 1403 1671 1458 Θεοῦ
1707 1404 1975 1475 ὑπάρχειν
2008 1404 2099 1457 τὸν

524 1495 682 1558 Υἰὸν,
724 1496 753 1549 6
792 1494 933 1561 Θείος
975 1498 1107 1567 ἡμῖν
1140 1498 1539 1567 κατασημαίνει
1575 1496 1762 1565 λόγος,
1808 1495 1994 1549 εἰκόνα
2038 1510 2099 1546 τε

521 1585 686 1649 αὐτὸν
709 1586 802 1639 καὶ
826 1586 1071 1658 χαρακτῆ
1080 1586 1148 1659 ρά
1179 1602 1313 1657 φησι
1338 1586 1432 1640 τοῦ
1456 1586 1849 1656 Γεγεννηκότος
1866 1603 1878 1614 α

599 1678 658 1730 Β.
702 1678 811 1731 Καὶ
842 1676 1011 1747 μάλα.

597 1772 661 1825 Α.
702 1771 768 1825 Αἰ
799 1771 857 1825 δὲ
887 1771 1091 1833 εἰκόνες
1122 1789 1195 1835 ως
1232 1788 1297 1825 τα
1326 1787 1633 1842 αρχετυπα.

593 1864 656 1920 Β.
700 1864 823 1928 Πῶς
850 1865 958 1935 γὰρ
982 1863 1074 1929 οὓς

595 1958 662 2009 Δ.
702 1928 938 2020 Οὑκούν,
965 1957 1013 2008 εἰ
1039 1956 1114 2027 μὴ
1145 1955 1511 2019 ὲνυπόστατος
1542 1958 1575 2027 ἠ
1603 1956 1788 2022 εἰκὼν,
1820 1958 1961 2028 μήτε
1993 1955 2103 2027 μὴν
2135 1928 2175 1983 Β

524 2048 584 2106 ὲν
612 2046 843 2119 ὑπάρξει
872 2050 1045 2101 νοοῖτο
1060 2052 1127 2120 τῇ
1155 2047 1277 2102 καθ’
1297 2048 1488 2101 ἑαυτὸν
1521 2049 1548 2100 6
1570 2049 1858 2119 χαρακτὴρ
1881 2050 1980 2118 (5i,
2008 2049 2102 2101 άν-

526 2136 830 2190 υπόστατον
856 2130 996 2191 εἶναι
1029 2135 1259 2191 δώσουσι
1282 2136 1358 2201 ὡς
1392 2137 1451 2204 ἐξ
1474 2137 1772 2206 ἀναγκαίου
1804 2137 1986 2206 λόγου,
2008 2135 2104 2190 καὶ

524 2227 618 2281 τὸν
648 2220 818 2297 οὗπέρ
844 2229 957 2281 ἐστι
992 2227 1298 2300 χαρακτὴρ,
1334 2228 1431 2282 καὶ
1474 2227 1538 2281 τὸ
1568 2229 1668 2299 τῆς
1690 2227 1895 2291 εἰκόνος
1933 2226 2104 2282 ἀκαλ-

525 2315 639 2382 λὲς,
664 2317 1060 2389 ἁναδραμεῖταί
1088 2335 1190 2372 που
1215 2317 1434 2380 πάντως
1457 2317 1549 2370 ἐπὶ
1575 2317 1638 2381 τὸ
1673 2316 2001 2392 ἀρχέτυπον.
2028 2311 2107 2369 Ἦ

524 2408 633 2479 γάρ
650 2425 667 2476 ;

598 2501 660 2554 Β.
702 2500 811 2554 Καὶ
852 2499 1018 2570 μάλα.

593 2592 659 2646 Δ.
703 2588 869 2656 Εἶτα,
921 2592 1041 2646 εἰπέ
1091 2610 1218 2664 μοι,
1282 2593 1547 2657 Φίλιππος
1600 2593 1982 2665 χρηστομαθὴς
2030 2591 2109 2648 ὧν

524 2683 686 2750 ἄγαν,
730 2682 821 2735 τὸν
874 2682 1003 2736 ὅντα
1058 2683 1151 2736 καὶ
1192 2683 1543 2754 ὑφεστηκότα
1593 2683 1811 2753 Πατέρα
1864 2685 2107 2738 κατιδεῖν

526 2772 704 2842 ἠξίου,
729 2772 927 2842 λέγων,
963 2792 981 2824 ‹
1014 2773 1188 2845 Κύριε
1210 2814 1224 2839 ,
1254 2773 1426 2837 δεῖξον
1456 2775 1592 2844 ἡμῖν
1620 2772 1713 2826 τὸν
1741 2772 1980 2845 Πατέρα,
2013 2774 2109 2828 καὶ

527 2865 689 2935 ἀρκεῖ
717 2864 874 2935 ἡμῖν’
902 2881 921 2917 ι
954 2863 1121 2937 ἤγουν
1147 2862 1239 2917 τὸν
1263 2864 1364 2921 οὐκ
1386 2863 1515 2918 ὄντα
1540 2865 1633 2917 καὶ
1665 2864 2068 2931 άνυπόστατονς

601 3039 662 3093 Β.
705 3038 809 3092 Tbv
839 3037 969 3093 ὄντα
993 3038 1255 3111 δηλονότι.

596 3135 662 3188 Α.
701 3134 875 3205 Εἴπερ
922 3128 1016 3187 οὖν
1062 3136 1179 3187 ἐστι
1226 3133 1285 3187 τὸ
1322 3133 1488 3205 μηδὲν
1525 3136 1554 3189 6
1590 3135 1715 3200 Υἰὸς
1742 3175 1757 3199 ,
1789 3137 1885 3191 ἅτε
1921 3138 1984 3209 δὴ
2032 3139 2109 3211 μὴ

2196 686 2281 732 est
2337 676 2492 742 nihil,
2552 688 2727 746 neque
2776 672 3171 739 exsistentiam,
3205 682 3265 729 ut
3312 686 3408 728 vos
3458 670 3772 741 opinamini,

2197 765 2360 820 ullam
2414 766 2597 831 habet,
2623 779 2729 830 quo
2774 774 2932 834 pacto
2958 765 3076 822 hac
3113 766 3161 821 ei
3189 763 3473 821 evenerint
3506 763 3535 818 2'
3556 760 3775 817 Fel'ellit

2200 856 2389 928 itaque
2419 871 2538 918 nos,
2558 855 2946 924 mendaciaque
2968 856 3242 923 persuasit
3276 869 3430 911 sacra
3474 851 3772 924 Scriptura,

2202 959 2421 1019 totaque
2475 948 2596 1004 ﬁdei
2644 955 2843 1003 nostra:
2905 947 3134 1002 ﬁrmitas
3210 947 3270 1003 in
3338 945 3566 1003 nihilum
3627 942 3773 999 redi.

2199 1040 2363 1109 gitur.

2271 1330 2332 1384 Β.
2361 1328 2545 1383 Absitl

2231 1422 2335 1474 Ἀ.
2391 1418 2530 1485 Quid
2579 1419 2760 1475 vero?
2807 1416 2996 1473 Nonne
3042 1416 3093 1471 in
3146 1415 3320 1470 forma
3375 1413 3470 1469 Dei
3517 1412 3777 1468 exsistere

2202 1510 2419 1575 Filium,
2454 1509 2666 1565 divinus
2711 1522 2891 1565 sermo
2937 1506 3092 1562 nobis
3144 1504 3415 1575 signiﬁcat
3443 1504 3467 1557 ?
3497 1503 3780 1573 ipsumque

2202 1596 2490 1666 imaginem
2550 1608 2713 1667 atque
2760 1598 3136 1653 characterem
3179 1590 3457 1649 Genitoris
3502 1604 3624 1647 esse
3654 1589 3725 1644 ait
3754 1588 3780 1641 τ

2260 1690 2426 1761 687
2453 1690 2512 1747 Β.
2547 1688 2801 1744 Maxime.

2261 1781 2329 1836 A.
2360 1781 2625 1850 Imagines
2657 1795 2785 1837 vero
2816 1776 3125 1849 archetypis
3163 1774 3371 1832 similes
3398 1782 3548 1830 sunt.

2264 1874 2324 1928 Β.
2351 1873 2602 1929 Omnino.

2268 1964 2333 2017 Α.
2354 1963 2643 2028 Quocirca,
2675 1963 2781 2017 nisi
2818 1958 3150 2033 hypostatica
3178 1967 3323 2015 esset
3357 1970 3553 2026 .mago.
3607 1968 3786 2025 neque

2207 2068 2301 2125 per
2327 2068 2386 2109 se
2418 2054 2740 2109 subsisteret
2767 2053 3051 2107 character
3088 2066 3102 2103 :
3136 2049 3442 2105 necessario
3469 2047 3634 2102 etiam
3658 2058 3783 2104 eum

2206 2145 2360 2216 cujus
2399 2156 2484 2203 est
2540 2147 2827 2201 character
2891 2141 3168 2213 hypostasi
3216 2154 3403 2195 carere
3445 2138 3669 2193 dicent:
3728 2144 3786 2190 et

2208 2238 2458 2307 imaginis
2484 2237 2719 2294 dedecus
2747 2235 2914 2291 etiam
2945 2234 2997 2288 in
3036 2233 3389 2302 archetypum
3440 2226 3782 2284 redundabit.

2203 2332 2476 2388 Censesne
2499 2330 2523 2383 2

2279 2508 2341 2563 Β.
2368 2509 2599 2563 Censeo.

2279 2599 2345 2654 A.
2386 2598 2657 2653 Praeterea
2693 2595 2779 2649 dic
2803 2594 2931 2648 mihi
2968 2610 2981 2645 :
3016 2591 3295 2659 Philippus
3352 2586 3567 2654 pietatis
3619 2581 3785 2636 vehe-

2213 2700 2420 2747 menter
2442 2688 2741 2749 studiosus,
2771 2684 3195 2739 exsistentemne
3223 2688 3384 2749 atque
3412 2677 3464 2730 in
3485 2672 3776 2744 .hypostasi

2209 2781 2592 2840 subsistentem
2624 2775 2841 2831 Patrem
2889 2786 3116 2828 cernere
3143 2776 3311 2840 aptat,
3354 2767 3540 2820 dicens
3571 2781 3585 2817 :
3627 2780 3646 2815 ι
3680 2761 3787 2816 Do-

2209 2875 2375 2939 mine,
2420 2871 2642 2927 ostende
2682 2866 2837 2922 nobis
2873 2864 3108 2927 Patrem,
3149 2870 3205 2915 et
3227 2857 3421 2914 sufficit
3452 2855 3609 2911 nobis
3630 2855 3673 2887 ιθ
3711 2870 3726 2919 ;
3763 2870 3782 2905 ο

2212 2971 2401 3026 Annon
2431 2966 2779 3021 exsistentem
2805 2967 2860 3013 et
2894 2952 3171 3029 hypostasi
3210 2959 3484 3007 carentem
3518 2948 3541 2999 ’ί

2270 3060 2333 3116 Β.
2366 3057 2730 3114 Exsistentem
2754 3054 3015 3125 profecto.

2282 3154 2349 3207 A.
2385 3150 2443 3207 Si
2466 3165 2596 3220 ergo
2626 3147 2796 3203 Filius
2830 3142 2963 3199 nihil
2993 3150 3096 3206 est,
3125 3148 3311 3210 utpote
3340 3151 3445 3192 non
3467 3132 3791 3191 subsistens.

528 3225 885 3297 ἐφεστηκὼς,
929 3225 1072 3279 κατά
1115 3242 1179 3293 γε
1220 3224 1282 3278 τὸ
1324 3225 1548 3280 ἐκείνων
1581 3226 1838 3296 ἀχάλινον
1874 3228 2109 3301 θράσος,

2215 3243 2363 3313 iuxta
2427 3240 2683 3298 eﬂrenem
2753 3236 2966 3291 illorum
3035 3232 3340 3293 audaciam,
3394 3240 3494 3283 cur
3554 3221 3791 3292 seipsum

527 3320 611 3380 sic
651 3317 837 3371 εἰκόνα
879 3318 975 3370 καὶ
1020 3315 1223 3385 γνῶσιν
1265 3316 1470 3387 ἀκριϐῆ
1504 3316 1598 3370 τοῦ
1635 3318 1867 3390 Πατρός,
1918 3321 2109 3378 ἑαυτὸν

2215 3336 2503 3404 imaginem
2560 3340 2614 3387 et
2662 3329 2908 3385 notitiam
2979 3324 3158 3379 Patris
3205 3318 3506 3393 proposuit,
3560 3315 3789 3370 dicens:

530 3410 667 3479 ἡμῖν
702 3409 819 3463 ἀνθ’
854 3410 979 3462 ὅτου
1014 3408 1360 3480 παρεκόμιζε
1382 3450 1397 3473 ,
1424 3409 1621 3477 λέγων,
1662 3428 1679 3461 ‹
1698 3410 1963 3465 Τοσοῦτον
1988 3412 2111 3483 χρόυ

422 3522 425 3523 ν
530 3517 621 3553 νον
650 3500 769 3570 μεθ’
806 3499 962 3571 ὑμῶν
991 3502 1132 3571 εἰμι,
1167 3501 1262 3553 καὶ
1290 3501 1392 3555 οὐκ
1424 3500 1670 3569 ἔγνωκας
1699 3519 1766 3572 με
1792 3543 1806 3568 ,
1841 3503 2105 3570 (bilustre;

543 3589 602 3643 '0
629 3589 892 3660 ἑωρακὼς
918 3591 1042 3662 ἐμὲ,
1060 3591 1275 3662 ἑώρακε
1306 3594 1398 3648 τὸν
1430 3593 1666 3666 Πατέρα.
1700 3595 1775 3648 Uti
1807 3596 2108 3662 πιστεύεις,

530 3681 614 3743 bri.
673 3680 785 3750 ἐγὼ
843 3684 901 3736 ὲν
964 3682 1044 3753 τῷ
1106 3683 1320 3755 Πατρὶ,
1389 3684 1483 3738 καὶ
1541 3687 1570 3738 6
1626 3686 1817 3756 Πατὴρ
1871 3688 1931 3741 ὲν
1990 3687 2112 3758 ἐμοί

531 3774 683 3839 ἐστ-ις
720 3771 831 3842 ἐγὼ
868 3772 961 3827 καὶ
999 3775 1028 3827 6
1067 3774 1259 3844 Πατὴρ
1285 3814 1299 3835 ,
1348 3773 1408 3827 ἓν
1441 3775 1629 3845 ὲομεν.
1667 3793 1687 3826 ι
1730 3774 1870 3828 Ἀλλ’
1907 3776 2009 3831 οὐκ
2047 3776 2113 3831 ἂν

534 3858 687 3934 οἶμαι
717 3881 820 3917 που
841 3863 934 3918 τὸν
964 3863 1314 3936 ύφεστηκότα
1344 3865 1710 3936 καταθρήσειέ
1736 3882 1820 3930 τις
1862 3866 1919 3921 ἐν
1947 3884 2011 3937 γε
2038 3868 2113 3939 τῷ

538 3954 615 4029 μὴ
643 3955 995 4026 ύςρεστηκότι,
1041 3956 1154 4010 οὐδ’
1177 3958 1245 4011 ἂν
1270 3956 1444 4010 νοοῖτό
1487 3973 1619 4010 ποτε
1650 3957 1743 4011 καὶ
1786 3958 1982 4012 ταυτὸν
2006 3960 2116 4012 εἰσ-

537 4046 703 4111 άπαν,
728 4045 806 4117 τῷ
836 4046 911 4118 μὴ
945 4047 1246 4118 ὑπάρχοντι
1268 4049 1332 4101 τὸ
1354 4047 1620 4118 ὑπάρχον.
1662 4049 1856 4103 Ἔσται
1884 4049 1941 4102 δὲ
1967 4050 2117 4113 ὅπως

537 4138 597 4189 ὲν
625 4136 741 4207 ΥΞῷ
774 4138 874 4208 μὲν
908 4140 938 4191 6
980 4137 1195 4209 Πατὴρ,
1244 4140 1272 4191 6
1301 4137 1357 4191 δὲ
1391 4138 1520 4201 Υἱὸς
1549 4132 1614 4192 αὖ
1653 4139 1711 4191 ὲν
1739 4137 1819 4209 τῷ
1845 4140 2048 4210 Πατρὶ,
2082 4139 2115 4209 ἢ

535 4227 640 4279 οὐκ
673 4225 872 4296 ἔτυμον
913 4227 1121 4291 εἰπεῖν,
1150 4225 1227 4289 ὡς
1270 4227 1320 4278 εἰ
1359 4226 1436 4297 μὴ
1473 4224 1620 4279 ἐστιν
1650 4228 1678 4280 6
1709 4226 1884 4294 Λόγος
1919 4227 1977 4279 ὲν
2016 4228 2119 4291 ὑπ-

540 4317 697 4389 άρξει
725 4320 792 4388 τῇ
836 4316 959 4370 καθ’
987 4316 1200 4383 ἑαυτὸν,
1233 4317 1632 4372 κινδυνεύσειεν
1656 4318 1723 4372 ἂν
1755 4318 1852 4372 καὶ
1888 4319 2052 4383 αὐτὸς
2090 4321 2118 4373 6

2221 3447 2240 3479 ι
2271 3403 2446 3481 Tanto
2468 3433 2710 3491 tempore
2739 3418 3015 3473 vobiscum
3045 3431 3189 3481 sum,
3238 3421 3295 3469 et
3335 3425 3443 3466 non
3495 3403 3793 3474 cognovisti

2216 3533 2324 3583 me,
2343 3515 2620 3584 Philippe?
2646 3512 2747 3579 Qui
2766 3510 2901 3565 vidit
2931 3523 3038 3572 me,
3060 3507 3194 3561 vidit
3210 3504 3449 3559 Patrem.
3473 3499 3589 3555 Non
3616 3498 3798 3555 credis

2215 3608 2358 3678 quod
2392 3620 2492 3673 ego
2545 3605 2600 3660 in
2652 3602 2833 3663 Patre,
2863 3607 2918 3654 et
2947 3598 3107 3653 Pater
3155 3596 3207 3651 in
3255 3608 3343 3649 me
3366 3601 3452 3647 est
3473 3590 3517 3623 ³⁰
3547 3590 3571 3644 ?
3600 3588 3713 3658 Ego
3740 3596 3796 3642 ot

2217 3703 2379 3756 Pater
2420 3712 2586 3755 unum
2638 3710 2823 3753 sumus
2852 3695 2920 3749 ³¹.
2974 3712 2995 3747 ι
3066 3688 3233 3760 Αιαυί
3284 3686 3482 3751 nullus,
3537 3681 3794 3745 arbitror,

2217 3792 2413 3848 viderit
2440 3791 2792 3846 exsistentem
2848 3786 2903 3841 in
2943 3800 3008 3841 eo
3037 3782 3128 3852 qui
3167 3796 3272 3837 non
3322 3779 3558 3841 exsistit,
3621 3789 3797 3841 neque

2220 3886 2359 3940 ullus
2398 3896 2638 3951 unquam
2671 3880 2813 3935 idem
2867 3877 2926 3932 in
2986 3875 3298 3930 universum
3335 3883 3457 3925 esse
3501 3864 3795 3927 censuerit,

2220 3976 2523 4031 subsistens
2549 3982 2603 4027 et
2630 3985 2736 4027 non
2778 3969 3103 4025 subsistens.
3138 3966 3257 4033 Quo
3285 3970 3446 4033 pacto
3487 3969 3668 4014 autem
3692 3955 3799 4011 erit

2223 4068 2277 4122 in
2306 4064 2446 4120 Filio
2475 4064 2653 4129 Pater,
2685 4072 2743 4116 et
2761 4061 2930 4117 Filius
2950 4057 3192 4113 vicissim
3228 4055 3284 4110 in
3312 4054 3492 4113 Patre,
3527 4049 3630 4105 nisi
3671 4061 3798 4101 vere

2226 4152 2458 4214 dicatur,
2493 4149 2636 4220 quod
2667 4149 2769 4203 nisi
2807 4161 2905 4216 per
2953 4160 3011 4201 se
3040 4143 3304 4201 subsistat
3352 4139 3612 4204 Verbum,
3657 4136 3801 4207 peri-

2223 4242 2534 4298 clitaturum
2568 4240 2728 4295 etiam
2764 4238 3003 4303 Patrem,
3057 4233 3383 4306 quippe'qui
3427 4232 3483 4286 in
3515 4245 3575 4285 se
3603 4228 3801 4284 habeat

2226 4333 2382 4398 nihil,
2412 4342 2467 4390 et
2506 4332 2839 4402 intelligatur
2862 4329 3135 4385 exsistere
3165 4327 3219 4381 in
3237 4323 3430 4381 nihilo.
3474 4320 3609 4376 Nam
3652 4321 3796 4392 quod

543 4409 761 4480 Πατὴρ,
799 4409 939 4480 ἔχων
971 4410 1068 4481 μὲν
1098 4412 1157 4464 ὲν
1191 4409 1369 4480 ἑαυτῷ
1398 4409 1458 4463 τὺ
1513 4409 1701 4480 μηδὲν,
1736 4410 2025 4479 νοούμενος
2061 4410 2112 4466 δὲ

2224 4426 2445 4481 omnino
2476 4439 2582 4480 non
2614 4420 3005 4488 exsistitmihil
3052 4432 3177 4474 esse
3213 4416 3548 4487 intelligitur.

542 4502 813 4572 ὑπάρχειν
844 4502 904 4554 ὲν
927 4502 1007 4572 τῷ
1039 4501 1263 4573 μηδενί;
1296 4500 1358 4553 τὸ
1403 4501 1512 4573 γάρ
1548 4501 1647 4554 οὐκ
1677 4499 1737 4554 δν
1775 4501 1933 4566 ὅλως,
1968 4502 2119 4556 οὐδὲν

543 4596 611 4659 ἄν
635 4597 809 4649 νοοῖτο
840 4593 1049 4648 λοιπόν.

612 4688 674 4742 Β.
718 4688 832 4741 Ούκ
866 4686 1105 4756 ἅτραχυς
1151 4686 1250 4757 μὲν
1282 4688 1310 4741 6
1343 4685 1519 4755 λόγος.
1551 4685 1821 4755 Πλείστην
1849 4683 1958 4756 γὰρ
1985 4685 2118 4756 ὅσην

542 4784 600 4840 δν
622 4779 801 4852 ἑαυτῷ
831 4780 928 4850 τὴν
967 4779 1200 4833 ἀτοπίαν
1232 4780 1397 4842 νοσεῖ,
1432 4777 1746 4848 περιϊστησι
1779 4777 1824 4830 δ’
1851 4772 1949 4831 οὖν
1968 4778 2119 4848 ὅμως

538 4875 625 4939 εἰς
654 4873 715 4928 τὸ
736 4873 967 4943 ἀπηχὲς,
1002 4871 1111 4928 τῶν
1139 4872 1205 4924 δι’
1237 4871 1490 4938 ἐναντίας
1517 4870 1578 4924 τὸ
1600 4870 1799 4941 δόγμα.

613 4964 678 5026 Α.
720 4961 1112 5037 Κατατεθήποι
1131 4960 1175 5014 δ’
1200 4961 1265 5015 ἄν
1293 4977 1379 5025 τις
1410 4960 1658 5026 εἰκότως,
1681 4959 1806 5013 τίνα
1825 4958 1889 5029 δὴ
1920 4958 2121 5029 τρόπον

545 5057 604 5118 ἐν
632 5054 711 5126 τῷ
738 5053 852 5124 Υἰῷ
875 5051 954 5122 τῷ
999 5052 1074 5123 μὴ
1100 5052 1320 5123 λαχόντι
1346 5052 1408 5107 τὸ
1435 5047 1596 5119 εἶναι,
1630 5051 1699 5105 τὰ
1729 5050 1861 5105 ὄντα
1895 5050 2121 5122 πεποίη-

546 5164 644 5213 κεν
681 5146 711 5198 6
747 5145 961 5215 Πατήρ.
990 5144 1051 5198 Εἰ
1085 5143 1142 5196 δὲ
1170 5143 1232 5213 δή
1262 5159 1346 5206 τις
1374 5141 1572 5215 ἔροιτο,
1616 5141 1823 5212 πότερα
1852 5142 1965 5204 τοῖς
1995 5136 2131 5195 οὖσι.

620 5310 664 5338 ¹⁹
694 5308 849 5364 Joan.
881 5323 994 5374 χιν,
1022 5307 1079 5375 8.
1154 5306 1198 5338 ³⁰
1231 5303 1360 5361 ibid.
1402 5302 1457 5370 9,
1498 5300 1587 5355 10.
1665 5299 1705 5331 ³¹
1731 5296 1889 5353 Joan.
1918 5312 1971 5362 x,
1997 5296 2089 5353 30.

2147 4604 2200 4667 ι)

2298 4686 2360 4745 Β.
2387 4684 2563 4745 Durus
2585 4698 2784 4740 sermo.
2803 4681 3048 4752 Magnam
3068 4678 3214 4734 enirn
3248 4678 3301 4732 in
3326 4690 3385 4732 se
3407 4672 3799 4730 absurditatem

2226 4787 2280 4835 et
2309 4776 2663 4847 asperitatem
2703 4774 2943 4833 continet
2980 4769 3412 4827 adversariorum
3444 4767 3657 4835 dogma.

2299 4955 2364 5019 Α.
2406 4953 2715 5013 Admiretur
2744 4960 2929 5013 autem
2955 4964 3059 5006 non
3083 4947 3355 5005 immerito
3378 4942 3664 5014 quispiam,
3694 4954 3805 5009 quo

2227 5055 2388 5119 pacto
2413 5045 2466 5101 in
2500 5044 2638 5103 Filio
2670 5059 2792 5099 cum
2825 5044 3065 5099 nondum
3122 5053 3243 5099 esse
3279 5040 3604 5092 consecutus
3633 5038 3801 5090 esset.

2224 5140 2406 5195 omnia
2434 5137 2639 5194 creavit
2670 5134 2855 5197 Pater.
2898 5134 2954 5189 Si
2978 5131 3101 5204 quis
3125 5144 3252 5186 vero
3284 5127 3598 5194 interroget,
3620 5130 3803 5178 utrum

1772 5450 1925 5507 BON.
1972 5439 2288 5506 VULCANII
2330 5438 2559 5499 ΝΟἸᾹΞ.

622 5604 700 5673 (ὅ)
731 5600 858 5673 Isid.
891 5599 1174 5673 epistatii’a,
1220 5598 1314 5653 lib.
1343 5612 1461 5673 με)
1610 5592 1791 5673 τοίνυν

1836 5588 2127 5663 μεταγενὲ-

2228 5586 2293 5640 ab
2324 5590 2521 5639 (eterna
2562 5576 2781 5648 effulsit,
2809 5576 2855 5633 is
2899 5573 3139 5648 etiamid
3192 5570 3333 5648 quod
3367 5580 3619 5648 retentant
3660 5539 3846 5647 illam;T

552 5636 862 5737 στὲξὲἆῗὲέκὶ
891 5636 1049 5737 ἮΞῖ
1065 5636 1755 5737 λέλὲἒοέὶιᾉιιέδςξῖῖέ
1771 5636 2112 5737 ὸῆτᾶξίῖὲξάὧς

2230 5636 2535 5737 Eam.
2564 5636 3271 5737 διατρεέετς,θείεέςξεεριρει
3288 5636 3808 5737 έι.ε19;ῑῆξι;³²...ίεηὶ.ιτ.⁸.⁰
3832 5664 3833 5667 ~

551 5730 883 5811 ἀνέλαμψεν,
909 5732 1084 5811 οὗτος,
1118 5730 1249 5811 αὐτο
1272 5738 1332 5811 rb
1361 5730 1764 5811 xapaisnpiCov
1790 5730 2026 5811 sjvﬁtxﬁ
2036 5745 2129 5811 ρα-

553 5830 645 5866 τον
690 5799 882 5864 ούέίαν
930 5799 1126 5879 (τόγε
1172 5806 1337 5861 αύτοῦ
1363 5799 1856 5879 ῥέροςλᾷναιρεῖ.
1904 5799 1958 5855 Id
2002 5799 2125 5854 eSL:

2233 5709 2329 5789 est,
2360 5721 2557 5777 evertit.
2592 5718 2722 5772 Nam
2755 5709 3161 5789 quod_(_3yri|lu_s
3189 5711 3252 5764 τὸ
3284 5709 3596 5789 ἀρχέτυπον
3626 5713 3809 5789 vocat.

2234 5778 2472 5850 lsidorus
2509 5790 2566 5843 τὸ
2619 5778 3052 5859 χαρακτηρίξὸν,
3115 5778 3643 5837 Patrenihimirum
3710 5787 3810 5851 ap-

557 5864 819 5948 Quocirca
852 5864 948 5949 qui
969 5864 1167 5932 Filium
1208 5864 1695 5945 posteiriorem'dicit
1737 5864 1909 5939 Patre,
1937 5886 2001 5924 ex
2029 5884 2129 5938 quo
2238 5864 2418 5935 pellat.
