4122 6714
397 497 534 556 42θῖ

1383 494 1440 550 S.
1483 492 1750 551 CYRILLI
1791 491 2254 550 ALEXANDBINI
2291 493 2607 550 ARCHIEP.

3505 467 3710 542 £208

395 615 465 671 iis
495 613 589 684 qui
617 613 888 669 exsistunt
933 621 1132 666 bellum
1175 615 1254 665 stt
1289 620 1432 674 esse,
1469 618 1564 665 aut
1615 609 1815 680 potius,
1868 625 1970 664 non

2094 610 2134 662 ιδ
2175 605 2316 664 εἶναι
2364 609 2545 674 καλὸν,
2578 609 2748 679 ἤγουν
2772 611 2832 662 τὺ
2879 608 2952 680 μὴ
2981 624 3120 661 ειναι
3162 607 3341 674 τυχὸν,
3375 597 3706 672 ἀποκρίνῃ

396 719 540 770 esse,
567 717 676 774 quo
704 711 861 771 pacto
893 695 1224 772 respondeas

477 791 538 848 Β.
596 789 1012 862 Responderim,
1061 803 1205 846 esse.
1237 789 1380 846 Deus
1433 788 1578 844 enim
1643 799 1857 845 creator
1907 801 1971 845 eo

399 885 668 956 pracipue
727 884 944 940 nomine
1003 883 1182 938 bonus
1237 891 1486 948 vocatur,
1544 883 1687 952 quod
1735 882 1802 938 iis
1853 896 1972 952 quae

400 976 686 1045 aliquando
717 991 824 1031 non
855 983 1030 1041 erant,
1058 989 1180 1031 esse
1219 975 1443 1029 dederit.

465 1069 532 1123 Λ.
565 1066 780 1138 Optime
815 1068 972 1123 dicis.
1005 1067 1079 1122 Ita
1111 1069 1256 1123 enim
1287 1075 1476 1120 natura
1502 1079 1622 1120 sese
1647 1081 1734 1120 res
1789 1066 1970 1122 habet.

399 1156 588 1213 Melior
611 1160 796 1229 itaque
836 1169 922 1215 est
953 1159 1193 1214 conditio
1219 1167 1616 1220 creaturarum,
1672 1171 1831 1223 quam
1857 1158 1974 1228 ejus

401 1262 500 1318 per
521 1263 679 1320 quem
709 1250 888 1304 omnia
925 1258 1102 1303 ortum
1140 1255 1464 1317 acceperunt
1495 1264 1509 1302 :
1554 1247 1598 1302 si
1636 1247 1725 1303 hic
1754 1248 1971 1317 quidem

404 1353 508 1392 non
533 1339 796 1394 exsistere
817 1340 1047 1423 dicatur,
1076 1338 1182 1394 illa:
1224 1352 1377 1401 vero,
1421 1344 1476 1391 et
1521 1338 1787 1394 exsistunt
1819 1349 1873 1392 et
1920 1338 1975 1391 in

403 1443 503 1484 ιυο
525 1443 649 1484 0890
673 1437 1090 1497 cognoscuntur.

471 1519 532 1574 Β.
564 1520 720 1574 Absit
750 1519 1110 1590 blasphemia!
1151 1538 1168 1571 ι
1206 1521 1404 1576 Vivens
1447 1522 1589 1575 enim
1626 1528 1710 1575 est
1744 1521 1975 1574 Verbum

406 1611 500 1667 Dei
522 1622 685 1682 atque
743 1612 950 1673 efficax,
1001 1630 1021 1662 ι
1057 1613 1196 1666 sicut
1243 1610 1724 1681 scriptum'est".
1766 1611 1976 1667 Idcirco

404 1702 568 1757 etiam
601 1702 757 1764 dixit,
791 1719 810 1754 ι
847 1701 956 1772 Ego
994 1717 1112 1756 sum
1149 1704 1256 1756 vita
1287 1703 1348 1756 ³⁸.
1389 1721 1408 1755 ι

477 1791 542 1844 Δ.
583 1793 852 1846 (ueterum
896 1803 1002 1846 non
1043 1799 1221 1861 potest
1272 1791 1497 1861 intelligi
1552 1793 1683 1856 vita,
1713 1805 1834 1845 cum
1869 1807 1974 1846 nou

402 1883 684 1939 subsistat.
747 1884 868 1939 Vita
921 1893 1102 1938 autem
1154 1893 1238 1938 est
1280 1884 1621 1939 naturaliter.
1648 1883 1802 1938 Nullo
1832 1886 1975 1938 enim

2071 705 2192 758 τίνα
2228 705 2458 775 τρόπονς
2728 757 2731 759 ,

2140 798 2198 851 Β.
2239 796 2410 866 Φαίην
2443 795 2510 850 ἂν
2541 798 2622 850 ὅτι
2655 794 2716 848 τδ
2755 790 2914 848 εἶναι.
2945 793 3069 856 Τοις
3091 791 3200 864 γὰρ
3226 791 3324 844 οὒκ
3357 785 3480 842 οὖσί
3513 796 3703 840 ποτε

2071 890 2131 942 τὸ
2160 884 2300 942 εῖναι
2341 889 2540 950 διδοὺς,
2572 885 2776 956 ἀγαθὸς
2807 885 2888 938 ὅτι
2915 883 3152 954 μάλιστα
3172 880 3550 952 κεχρημάτικέ
3604 886 3699 924 τε

2074 983 2166 1036 καὶ
2197 981 2345 1035 ἐστιν
2367 982 2395 1034 6
2423 977 2779 1050 δημιουργός.

2143 1075 2208 1128 Λ.
2250 1074 2484 1142 Ἀριστα
2527 1070 2662 1141 ἔφης
2683 1087 2695 1099 ·
2731 1069 2841 1140 ἔχοι
2884 1067 2990 1139 γὰρ
3022 1066 3088 1122 ἄν
3118 1057 3222 1120 ὧδε
3255 1065 3316 1117 τὸ
3350 1063 3544 1134 χρῆμα

2074 1165 2256 1234 φύσει.
2291 1137 2502 1219 (λύκοῦν
2535 1137 2592 1216 ὲν
2620 1137 2870 1233 αμείνοσι
2910 1137 3190 1229 ήνκτίσις,
3234 1157 3392 1225 εἴπερ
3420 1157 3448 1206 ὁ
3479 1151 3547 1205 δι’
3593 1137 3692 1201 οὗ

2073 1256 2144 1309 τὰ
2183 1257 2361 1310 πάντα
2394 1255 2642 1309 καλεῖται
2681 1253 2818 1326 προς
2844 1255 3093 1324 γένεσιν·
3125 1252 3173 1303 εἰ
3201 1251 3230 1302 6
3261 1247 3380 1319 μὲν,
3409 1245 3509 1316 οὐχ
3542 1244 3690 1309 ὑφ’

2075 1347 2360 1417 εστηκέναι
2411 1347 2629 1415 λέγεται
2661 1385 2675 1408 ,
2710 1346 2779 1397 τὰ
2819 1346 2877 1398 δὲ
2915 1340 3190 1413 ὑφέστηκέ
3229 1354 3289 1392 τε
3330 1337 3424 1390 καὶ
3464 1338 3525 1388 ὲν
3568 1331 3685 1401 τῷ

2075 1434 2214 1491 εἶναι
2250 1439 2449 1491 νοεῖται

2145 1531 2206 1584 Β.
2251 1531 2470 1598 ’Ἄπαγε
2498 1527 2599 1598 τῆς
2639 1527 2977 1598 δυσφημιας·
3029 1545 3047 1576 ι
3085 1525 3202 1577 Ζων
3244 1520 3354 1590 γὰρ
3396 1523 3424 1573 6
3471 1519 3670 1586 Λόγος

2076 1621 2168 1675 τοῦ
2202 1619 2339 1674 Θεοῦ
2361 1621 2456 1674 καὶ
2483 1618 2734 1690 ἐνεργὴς,
2759 1637 2777 1668 ι
2813 1616 2956 1671 καθὰ
2991 1616 3326 1685 γέγραπται.
3360 1609 3667 1680 Τοιγάρτοι

2077 1713 2171 1767 καὶ
2205 1712 2439 1781 ἔφασκεν
2459 1728 2472 1741 ·
2506 1731 2523 1762 ι
2548 1710 2688 1778 Ἐγώ
2720 1711 2835 1778 ειμι
2861 1710 2894 1778 ἡ
2935 1706 3068 1778 ζωή.
3110 1723 3128 1754 ι

2147 1805 2211 1856 Α.
2267 1802 2407 1856 Ἀλλ’
2454 1801 2554 1854 οὐκ
2586 1799 2655 1855 ἂν
2679 1801 2852 1852 νοοῖτο
2883 1799 3016 1868 ζωὴ,
3048 1795 3396 1867 ὑφεστηκῶς.
3428 1793 3551 1862 Ζωὴ
3592 1789 3665 1843 δέ

2080 1897 2196 1948 ἐστι
2229 1893 2369 1948 κατὰ
2417 1894 2610 1962 φύσιν,
2661 1889 3062 1960 καταψεύσεται
3109 1889 3217 1960 γὰρ
3264 1884 3536 1957 οὐδαμῶς.
3579 1883 3664 1935 Τὸ

407 1979 569 2032 modo
597 1976 813 2030 mentiri
848 1985 1042 2046 potest.
1077 1973 1283 2030 Merum
1334 1976 1506 2047 688
1550 1977 1733 2044 itaque
1755 1975 1979 2030 menda-

2094 1987 2190 2057 Ξρα
2236 1983 2311 2056 μὴ
2354 1984 2653 2053 ὑφεστάναι
2695 1983 2788 2036 τὸν
2830 1986 2898 2037 ὲκ
2943 1983 3078 2035 θεοῦ
3125 1979 3403 2051 πεφηνότα
3441 1976 3657 2044 Λόγον,

401 2069 552 2124 cium
587 2077 700 2129 est,
759 2076 815 2122 et
871 2067 1179 2122 vanissima
1229 2069 1424 2123 mentis
1449 2068 1700 2122 delirium
1746 2067 1980 2123 Verbum

405 2159 548 2228 quod
569 2173 636 2213 ex
667 2157 778 2212 Deo
798 2159 1069 2227 apparuit,
1116 2172 1215 2226 per
1237 2170 1299 2214 se
1329 2173 1432 2213 non
1459 2159 1752 2216 subsistere

477 2245 540 2300 Β.
570 2245 828 2302 Omnino.
861 2244 998 2300 Nam
1036 2247 1102 2300 ad
1150 2245 1370 2316 Moysen
1399 2249 1469 2302 ita
1498 2247 1612 2318 ipse
1642 2248 1759 2304 ait:
1806 2266 1825 2302 ι
1871 2247 1983 2319 Ege

404 2353 524 2394 sum
556 2353 656 2394 ens
682 2339 746 2394 “.
783 2359 803 2392 ›
830 2338 983 2408 Quod
1010 2348 1188 2394 autem
1215 2354 1342 2394 vere
1384 2349 1488 2403 est,
1541 2355 1776 2410 quonam
1825 2351 1984 2410 pacto

406 2430 530 2500 quis
560 2433 835 2488 censuerit
862 2447 1014 2488 suam
1056 2431 1386 2503 hypostasim
1421 2447 1526 2487 non
1559 2432 1841 2488 retinere?

467 2522 532 2578 Λ.
559 2520 752 2578 Merito
776 2525 955 2592 itaque
985 2537 1171 2578 eorum
1202 2523 1291 2592 qui
1321 2523 1394 2577 ita
1445 2525 1685 2579 sentiunt
1715 2538 1980 2580 summam

406 2613 730 2670 dementiam
756 2614 1164 2669 detestabimur.

478 2701 535 2756 Β.
562 2701 826 2758 Omnibus
854 2705 1050 2760 modis.

475 2797 540 2850 Α.
569 2795 676 2851 Sed
709 2810 807 2852 nec
834 2796 972 2861 illos,
1010 2797 1248 2860 Hermia,
1310 2799 1679 2865 probabimus,
1726 2798 1816 2866 qui
1844 2809 1982 2852 vert-

406 2897 573 2944 tatem
603 2888 788 2944 sedulo
818 2892 1014 2944 sectari
1045 2891 1353 2948 didicimus.

2082 2075 2478 2147 ψευδηγόρημα
2519 2073 2740 2146 σαθρὸν,
2789 2074 2886 2127 καὶ
2935 2073 3131 2146 φρενὸς
3176 2070 3507 2140 ἀπόδρασμα
3554 2065 3663 2136 τῆς

2082 2162 2466 2235 ¹ηλιθιωτιὶτης.

2154 2255 2215 2308 Β.
2256 2253 2565 2317 Παντελῶς.
2596 2254 2787 2306 Μωσεῖ
2817 2253 2925 2322 γὰρ
2955 2251 3192 2321 ἔφασκεν
3238 2250 3418 2312 αὐτὸς,
3453 2266 3472 2298 ι
3512 2243 3663 2312 Ἐγώ

2085 2349 2198 2416 είμι
2229 2347 2258 2399 6
2283 2343 2376 2398 ὧν.
2405 2365 2422 2394 ι
2459 2344 2532 2396 T6
2561 2343 2618 2396 δὲ
2648 2343 2708 2395 ὃν
2732 2341 2966 2412 ἀληθῶς,
2999 2343 3098 2394 οὐκ
3129 2343 3185 2394 έν
3216 2340 3507 2394 ὑποστάσει
3530 2335 3662 2389 καθ’

2085 2433 2242 2486 ἑαυτὸ
2273 2431 2580 2501 σωζόμενον
2611 2431 2727 2494 πῶς
2760 2431 2825 2484 ἂν
2857 2430 3029 2483 νοοῖτό
3066 2446 3226 2494 mss;

2154 2525 2219 2576 A.
2263 2520 2471 2574 Οὐκοῦν
2522 2519 2630 2572 ἰῶν
2675 2518 2797 2588 τῇδε
2845 2516 3239 2585 διειληφότων,
3294 2510 3665 2581 καθοριοῦμεν

2085 2616 2311 2677 εἰκότως
2336 2613 2397 2666 τὸ
2423 2615 2502 2675 είς
2528 2613 2694 2681 ἄκρον
2722 2609 2950 2679 ἀμαθές.

2155 2703 2216 2762 Β.
2258 2707 2405 2759 Πάνυ
2442 2705 2540 2773 μὲν
2569 2699 2680 2756 οὖν.

2155 2800 2218 2852 Λ.
2259 2797 2334 2850 Οὐ
2395 2796 2502 2866 μὴν
2551 2793 2672 2848 οὐδὲ
2733 2793 2976 2856 ἐκείνους
3035 2792 3420 2859 ἐπαινέσαιμεν
3474 2786 3567 2846 ἂν,
3617 2776 3669 2835 ὦ

2097 2889 2343 2962 Ἑρμεία,
2367 2887 2682 2958 φιλοθηρεῖν
2704 2880 2763 2938 εὖ
2795 2883 2940 2955 μάλα
2962 2881 3329 2951 δεδιδαγμένοι
3351 2880 3411 2932 τὸ
3437 2877 3665 2947 ἀληθὲς.

472 2978 533 3034 Β.
571 2979 868 3046 Quasnam,
903 2980 1130 3038 obsecro
1166 2985 1192 3037 ἲ

2158 2982 2219 3037 Β.
2263 2982 2428 3046 Τίνας
2447 2997 2462 3046 ;

478 3071 548 3125 A.
599 3072 699 3136 Qui
747 3087 966 3128 carnem
1025 3074 1198 3129 Verbo
1255 3078 1460 3132 unitam
1519 3078 1765 3133 rationali
1801 3081 1983 3134 anima

2157 3077 2222 3128 Λ.
2265 3073 2328 3128 Οἳ
2368 3072 2639 3143 τητᾶσθαι
2681 3071 2902 3140 λέγουσι
2947 3067 3127 3139 ψυχῆς
3150 3063 3374 3133 λογικῆς
3407 3059 3503 3131 τὴν
3533 3059 3672 3110 Evn)-

409 3171 601 3218 earere
621 3162 828 3218 dicunt.
873 3163 997 3220 Sola
1029 3167 1172 3221 enim
1226 3184 1391 3224 carne
1421 3169 1569 3224 vitali
1621 3181 1677 3226 et
1723 3174 1984 3227 sensitive

2094 3165 2273 3220 θεῖσαν
2304 3166 2381 3235 τῷ
2409 3165 2568 3234 Λόγῳ
2600 3163 2801 3234 σάρκα.
2848 3160 3023 3231 Σαρκὶ
3052 3158 3160 3228 γάρ
3210 3172 3313 3207 που
3356 3152 3490 3224 μόνῃ
3512 3191 3525 3213 ,
3567 3148 3670 3200 καὶ

411 3261 558 3309 motu
589 3253 809 3324 praedita
841 3256 1074 3312 Verbum
1112 3259 1417 3329 induentes,
1452 3263 1502 3316 in
1540 3262 1797 3320 mundum
1831 3267 1984 3320 indu-

2094 3261 2188 3330 τὴν
2232 3255 2470 3328 ζωτικὴν
2510 3272 2568 3310 τε
2612 3255 2705 3308 καὶ
2750 3252 3075 3321 αίσθητικὴν
3127 3245 3368 3317 λαχούσῃ
3419 3243 3667 3352 κίνησιν,

410 3351 560 3405 cunt.
603 3346 799 3400 mentis
855 3357 1016 3416 atque
1065 3350 1260 3406 animae
1316 3350 1624 3409 facultatem
1685 3355 1984 3412 tribuentes

2094 3349 2482 3422 ἀμφιεννύντες
2519 3348 2612 3401 τὸν
2652 3347 2822 3414 Λόγον
2841 3384 2856 3409 ,
2887 3342 3300 3414 παραφέρουσιν
3331 3339 3409 3399 είς
3432 3334 3668 3402 κόσμον,

420 3429 723 3503 Unigenito.
760 3434 1189 3494 Perborrcscunt
1231 3441 1399 3508 enim,
1458 3445 1641 3500 nescio
1671 3460 1777 3515 quo
1805 3454 1983 3515 pacto,

2094 3444 2189 3514 τὴν
2224 3441 2316 3496 νοῦ
2348 3441 2442 3494 καὶ
2471 3437 2652 3509 ψυχῆς
2698 3435 2977 3506 ἐνέργειαν
3002 3429 3367 3498 ἀπονέμοντες
3392 3424 3469 3494 τῷ
3490 3423 3670 3476 Μονο-

415 3525 620 3582 homini
650 3525 884 3596 perfecte
924 3539 1046 3584 sese
1093 3533 1302 3589 ratione
1347 3534 1702 3591 humanitatis
1745 3537 1984 3603 habenti,

2094 3537 2256 3608 γενεῖ.
2300 3530 2762 3601 Καταπεφρίκασι
2787 3527 2917 3599 γὰρ,
2953 3526 3053 3579 οὐκ
3089 3521 3186 3578 οἷδ’
3224 3523 3370 3583 ὅπως
3404 3517 3534 3590 έρῶ,
3566 3517 3669 3568 ἁν-

412 3617 518 3672 hoe
559 3625 665 3683 est,
717 3620 805 3686 qui
828 3621 1004 3674 anima
1031 3632 1085 3677 et
1109 3635 1336 3693 corpore
1362 3635 1590 3689 constet.
1614 3627 1847 3682 Verbum
1871 3630 1984 3683 uni-

2094 3623 2297 3699 θ’ρώπῳ
2322 3624 2544 3687 τελείως
2569 3622 2767 3692 ἔχοντι,
2794 3620 2936 3674 κατά
2965 3635 3026 3688 γε
3060 3616 3153 3670 τὸν
3181 3614 3283 3684 τῆς
3309 3609 3668 3681 ἀνθρωπότη-

417 3721 532 3762 tnm
560 3722 703 3774 esse,
739 3707 920 3774 fateri,
953 3711 1047 3765 sed
1093 3713 1484 3783 antiquissima:
1521 3715 1644 3770 fidei
1702 3717 1984 3773 traditione

2094 3735 2178 3781 τος
2224 3717 2430 3786 Λόγον,
2481 3713 2769 3778 τουτέστι,
2817 3709 2896 3779 τῷ
2943 3712 3007 3763 ὲκ
3051 3707 3230 3778 ψυχῆς
3276 3704 3370 3758 καὶ
3414 3700 3667 3770 σώματος

414 3809 749 3868 contempta,
802 3802 1040 3870 privatas
1070 3819 1196 3861 suas
1269 3807 1554 3877 opiniones
1620 3809 1984 3881 humanasque

2094 3809 2330 3882 ἡνῶσθαι
2351 3809 2443 3862 τὸν
2465 3806 2639 3875 Λόγον
2668 3802 2972 3874 ὁμολογεῖν,
2992 3800 3096 3870 τῆς
3127 3798 3224 3869 μὲν
3255 3793 3460 3850 ἄνωθέν
3485 3809 3544 3844 τε
3572 3789 3673 3843 καὶ

415 3892 656 3948 rationes
683 3898 836 3963 sequi
874 3895 1073 3952 debere
1103 3898 1442 3966 existimant,
1461 3899 1627 3956 aliter
1650 3910 1800 3957 certe
1828 3917 1984 3971 quam

2094 3901 2455 3974 ἀρχαιοτάτης
2492 3898 2729 3960 πίστεως
2759 3897 2858 3966 τὴν
2889 3892 3190 3966 παράδοσιν
3211 3930 3226 3954 ,
3260 3888 3443 3955 ὀλίγου
3472 3899 3668 3936 παντε-

414 3995 629 4055 oportet
658 3985 976 4041 sentientes.

2094 3993 2195 4058 λῶς
2216 3991 2498 4058 ἀξιοῦντες
2524 3988 2708 4059 λόγου,
2739 3987 2958 4058 θελήσει
2993 3985 3047 4038 δὲ
3083 3982 3224 4054 μόνη
3247 3983 3314 4051 τῇ
3346 3978 3485 4033 κατὰ
3526 3975 3667 4043 σφᾶς

415 4080 636 4144 αὐτοὺς,
667 4079 760 4134 καὶ
781 4081 893 4145 τοῖς
928 4082 1291 4154 ἀνθρωπίνοις
1316 4087 1426 4141 δεῖν
1455 4087 1686 4143 ιπεσθαι
1745 4088 2026 4160 λογισμοῖς
2065 4087 2293 4160 ἀμαθῶς
2319 4084 2606 4159 ᾑρημένοι,
2649 4084 2744 4139 καὶ
2811 4077 3134 4153 φρονοῦντες
3167 4074 3381 4144 ἀληθῶς
3411 4071 3554 4141 παρὸ
3587 4068 3670 4121 δεῖ

416 4173 654 4243 φρονεῖν.

481 4260 540 4319 Β.
569 4261 826 4330 Quanam
852 4279 982 4322 vero
1010 4266 1139 4337 ipsis
1163 4277 1246 4323 est
1271 4270 1410 4325 ratio
1449 4271 1716 4340 ejusmodi
1768 4273 1988 4343 dogma.

415 4355 536 4410 tis?

483 4448 551 4501 A.
585 4448 791 4504 Dicam.
827 4446 959 4513 Nos.
1010 4451 1304 4508 secundum
1369 4453 1704 4525 Scripturam
1765 4455 1984 4510 dicimus

2167 4447 2231 4503 Α.
2271 4444 2411 4513 Ἐγὼ
2438 4443 2651 4512 φράσω.
2682 4441 2786 4494 Τὸν
2807 4438 2942 4493 Θεοῦ
2971 4437 3196 4509 μεσίτην
3222 4436 3316 4490 καὶ
3340 4435 3669 4525 ἀνθρωπων,

416 4539 767 4596 mediatorem
809 4540 903 4598 Dei
950 4554 1003 4599 et
1039 4545 1314 4599 hominum
1369 4524 1721 4618 compositum
1751 4563 1894 4612 esse,
1919 4563 1984 4602 ex

2095 4537 2239 4592 κατὰ
2275 4537 2374 4598 τὰς
2420 4535 2674 4606 Γραφὰς,
2723 4528 3040 4600 συγκεῖσθαί
3081 4543 3302 4598 φαμεν,
3353 4526 3415 4578 ἐκ
3471 4541 3531 4577 τε
3571 4524 3671 4592 τῆς

417 4641 604 4686 nostra
627 4632 988 4701 humanitate,
1017 4652 1138 4706 quae
1153 4639 1367 4707 propria
1391 4616 1719 4696 sua-ratione
1751 4640 1984 4710 perfecte

2094 4629 2213 4683 καθ’
2259 4629 2406 4698 ἡμᾶς
2459 4624 2912 4697 ἅνθρωπότητος,
2977 4620 3204 4684 τελείως
3254 4618 3482 4690 ἐχούσης
3528 4616 3671 4670 κατὰ

2166 4266 2223 4320 Β.
2268 4266 2376 4319 Καὶ
2407 4265 2492 4328 τίς
2519 4265 2546 4317 6
2583 4262 2740 4331 λόγος
2781 4260 2966 4322 αὐτοῖς
3004 4256 3100 4311 τοῦ
3127 4254 3333 4310 τοιοῦδε
3362 4253 3666 4324 δόγματος,

416 4731 539 4775 sese
593 4721 810 4788 habeat,
854 4732 912 4778 et
960 4735 1025 4777 ex
1065 4722 1204 4779 Filio
1253 4727 1344 4795 qui
1399 4728 1716 4784 naturaliter
1763 4743 1827 4782 ex
1880 4727 1989 4784 Deo

417 4813 688 4880 apparuit,
720 4814 822 4869 hoc
846 4825 931 4868 est
980 4815 1287 4887 Unigenito.
1343 4819 1650 4874 Asserimus
1697 4829 1874 4872 autem
1921 4833 1988 4873 ex

418 4900 762 4970 lnmqualium
830 4903 1283 4976 dissimiliumque
1333 4916 1647 4962 naturarum
1697 4924 1989 4978 congressu

416 4991 876 5061 inenarrabillq'ue
898 5007 1167 5050 concursu
1211 4995 1466 5050 unitatem
1520 4995 1656 5051 lleri.
1705 4993 1879 5050 Unum
1915 5006 1993 5050 ta-

418 5091 542 5136 men
573 5080 845 5136 Christum
881 5095 935 5139 et
971 5083 1281 5148 Dominum,
1311 5101 1374 5141 ac
1396 5084 1592 5140 Filium
1617 5085 1985 5156 agnoscimus,

414 5172 545 5224 etin
586 5172 777 5227 eodem
826 5176 1089 5230 exsistere
1141 5182 1304 5245 atoue
1345 5176 1569 5248 intelligi
1614 5177 1781 5232 Deum
1831 5177 1989 5232 simul

415 5268 470 5316 et
494 5260 787 5319 hominem.
845 5267 1167 5321 lndivulsam
1217 5277 1396 5322 autem
1443 5267 1668 5323 omnino
1725 5267 1987 5321 unitatem

414 5353 554 5407 tueri
580 5357 974 5423 consuevimus,
1005 5359 1249 5413 eumdem
1272 5373 1393 5413 esse
1425 5358 1706 5414 credentes
1731 5359 1990 5429 etunige-

417 5444 590 5498 nitum
625 5455 680 5500 et
707 5449 1148 5518 primogenitum.
1186 5448 1530 5521 Unigenitum
1563 5451 1806 5520 quidem,
1827 5451 1992 5506 veluti

415 5550 484 5588 ex
523 5535 633 5590 Deo
665 5536 824 5593 Patre
851 5539 1110 5605 Verbum,
1163 5541 1414 5610 quodque
1442 5555 1509 5595 ex
1537 5541 1774 5595 essentia
1825 5542 1994 5612 ipsius

417 5629 708 5697 apparuit;
758 5631 1174 5702 primogenitum
1228 5641 1430 5695 autem,
1480 5639 1750 5700 quatenus
1814 5631 1990 5687 factus

415 5729 496 5774 est
535 5719 716 5788 homo,
747 5732 802 5777 et
830 5723 880 5777 in
904 5723 1091 5780 multis
1131 5724 1388 5779 fratribus
1420 5723 1485 5777 ³⁵.
1528 5721 1990 5789 Quemadmodum

489 5896 531 5930 “
570 5897 730 5955 llcbr.
765 5918 837 5957 tv.
875 5902 957 5956 i2.
1038 5902 1081 5935 "
1105 5902 1262 5960 Joan.
1291 5919 1402 5969 xiv,
1436 5904 1468 5958 6
1545 5902 1587 5936 ³³
1621 5904 1786 5960 Exod.
1815 5919 1896 5974 ιιι,
1944 5905 2026 5959 Η.

2096 4721 2189 4775 τὸν
2223 4719 2352 4773 ἴδιον
2379 4717 2557 4786 λόγον,
2601 4716 2696 4769 καὶ
2728 4717 2792 4768 ἐκ
2812 4713 2908 4768 τοῦ
2939 4713 3244 4784 πεφηνότος
3269 4712 3334 4764 έκ
3366 4708 3501 4764 Θεοῦ
3531 4708 3673 4762 κατὰ

2098 4812 2262 4883 φύσιν
2288 4809 2420 4864 Υίοῦ
2441 4851 2455 4874 ,
2487 4809 2771 4872 τουτέστι,
2805 4805 2898 4860 τοῦ
2928 4805 3290 4875 Μονογενοῦς.
3335 4801 3674 4873 Διῖσχυριζό-

2101 4905 2242 4975 μεθα
2271 4904 2328 4957 δὲ
2355 4943 2370 4967 ,
2403 4901 2620 4955 σύνοδον
2654 4899 2754 4970 μέν
2784 4915 2904 4953 τινα
2934 4897 3029 4952 καὶ
3053 4896 3154 4968 τὴν
3186 4897 3329 4968 ὑπὲρ
3353 4895 3510 4964 λόγον
3546 4911 3674 4947 συν-

2098 4996 2306 5068 δρομὴν
2336 4995 2415 5057 είς
2451 4993 2666 5058 ἕνωσιν,
2700 4991 2901 5044 ἀνίσων
2926 5004 2986 5041 τε
3037 4989 3133 5042 καὶ
3159 4987 3428 5057 ἀνομοίων
3459 4985 3674 5056 πεπρά-

2099 5088 2226 5160 χθαι
2251 5087 2498 5156 φύσεων·
2535 5084 2632 5138 ἱνα
2664 5083 2709 5135 6‘
2743 5077 2837 5135 οὖν
2858 5083 3006 5152 ὅμως
3036 5079 3292 5150 Χριστὸν,
3326 5079 3422 5132 καὶ
3446 5078 3674 5149 Κύριον,

2101 5179 2195 5234 καὶ
2222 5177 2353 5231 Υίδν
2387 5175 2850 5245 έπιγινώσκομεν,
2896 5174 2954 5226 έν
2993 5170 3178 5241 ταυτῷ
3229 5171 3323 5224 καὶ
3359 5170 3678 5241 ὑπάρχοντα

2101 5271 2197 5324 καὶ
2230 5269 2523 5338 νοούμενον
2547 5267 2680 5320 Θεόν
2707 5282 2766 5318 τε
2796 5264 2888 5318 καὶ
2931 5264 3236 5336 ἄνθρωπον.
3284 5263 3680 5317 ’Λδιάσπαστον

2099 5363 2155 5414 δὲ
2203 5357 2485 5424 παντελῶς
2521 5359 2620 5428 τὴν
2659 5359 2855 5411 ἕνωσιν
2903 5355 3180 5425 διατηρεῖν
3224 5353 3543 5425 εἰθίσμεθα,
3588 5353 3682 5406 τὸν

2097 5453 2260 5507 αὑτὸν
2283 5449 2422 5506 εἶναι
2451 5450 2828 5514 πιστεύοντες,
2865 5451 2959 5502 καὶ
2989 5447 3252 5518 μονογενῆ
3283 5448 3377 5501 καὶ
3403 5447 3680 5518 πρωτότο-

2096 5561 2208 5598 κον’
2241 5543 2522 5612 Μονογενῆ
2559 5543 2678 5613 μὲν,
2712 5540 2788 5604 ὡς
2823 5543 2887 5594 ὲκ
2923 5539 3056 5593 Θεοῦ
3104 5539 3322 5611 Πατρδς
3355 5539 3548 5608 Λόγον,
3584 5539 3678 5591 καὶ

2095 5639 2157 5688 ὲκ
2207 5635 2306 5706 τῆς
2344 5633 2532 5698 οὐσίας
2564 5630 2731 5687 αὑτοῦ
2761 5631 3061 5703 πεφηνόταο
3101 5629 3449 5702 πρωτότοκον
3491 5629 3549 5682 δὲ
3582 5625 3672 5692 αὖ,

2093 5724 2227 5779 καθὸ
2266 5724 2488 5793 γέγονεν
2533 5725 2850 5797 ἅνθρωπος.
2896 5725 2989 5778 καὶ
3038 5726 3094 5778 ὲν
3139 5723 3348 5786 πολλοῖς
3402 5722 3671 5792 ἀδελφοῖς.

2127 5904 2168 5935 ⁶¹¹
2199 5903 2357 5958 Rom.
2393 5921 2506 5967 nn,
2533 5906 2622 5960 εὶς).
