4122 6542
321 483 460 542 1209

1408 484 1497 545 Illa:
1538 490 2044 553 tNCtttNATto-Nr;
2085 489 2457 555 UNICENITI.

3441 498 3577 555 mo

324 601 538 671 Ὥσπερ
563 600 674 673 γὰρ
713 598 796 666 οἷς
827 603 941 657 ἐστι
975 603 1104 668 θεὸς
1127 605 1154 658 ὁ
1184 606 1395 678 Πατὴρ,
1422 607 1482 673 ἐξ
1504 605 1564 664 οῦ
1591 613 1658 665 τὰ
1691 613 1890 677 πάντα,

1999 617 2138 670 enim
2187 633 2329 671 unus
2367 623 2455 670 est
2505 614 2646 669 Deus
2705 611 2886 678 Pater,
2937 627 3002 668 es
3027 627 3135 682 quo
3194 621 3319 668 sunt
3351 614 3574 668 omnia:

322 691 468 745 οὕτω
507 693 602 745 καὶ
647 686 744 755 εἷς.
780 692 987 764 Κύριος
1049 695 1250 766 Ἰησοῦς
1297 697 1572 768 Χριστὸς,
1615 701 1680 754 δι’
1725 698 1788 758 οῦ
1833 705 1905 757 τὰ

322 785 524 838 πάντα.
571 783 707 838 Θεὸν
749 783 860 856 γὰρ
892 785 1022 840 ὄντα
1069 787 1213 842 κατὰ
1253 787 1418 857 φύσιν
1459 792 1903 865 ἑπιγινώσκομεν

323 875 414 927 τὸν
461 871 528 928 δι’
557 869 618 928 οῦ
657 874 729 927 τὰ
774 875 972 943 πάντα,
1009 877 1180 946 Λόγον
1205 919 1220 946 ,
1270 879 1366 932 καὶ
1397 880 1446 932 εί
1494 881 1684 950 γέγονε
1731 884 1899 956 σὰρξ,

322 961 622 1029 τουτέστιν,
646 963 956 1037 ἄνθρωπος.

394 1056 452 1110 Β.
508 1058 803 1129 Ὀροότατα
837 1053 993 1130 ἔφης.

390 1151 454 1202 Δ.
508 1150 650 1203 Ἀλλ’
677 1150 792 1204 οὔτι
827 1167 927 1204 που
964 1153 1170 1223 σφόδρα
1201 1156 1321 1218 ταῖς
1350 1156 1408 1210 ὲν
1453 1158 1585 1228 ἡμῖν
1614 1159 1741 1230 περὶ
1777 1158 1901 1212 τοῦ·

323 1255 415 1292 του
459 1237 642 1306 δόξαις
689 1241 758 1294 τὰ
799 1241 1024 1295 ἐκείνων
1057 1244 1416 1317 συμφέρεται.
1454 1248 1587 1302 Ἕνα
1640 1251 1740 1318 μὲν
1791 1251 1901 1321 γὰρ

322 1329 770 1401 ὁμολογουμένως
833 1332 1235 1403 παραδέχονται
1307 1339 1401 1390 καὶ
1451 1340 1601 1392 αὐτοὶ
1664 1337 1902 1412 Χριστὸν

338 1420 567 1490 Ἰησοῦν,
597 1420 797 1491 ἄριστα
819 1423 1147 1493 φρονοῦντες
1171 1425 1230 1478 εν
1254 1442 1317 1494 7a
1342 1428 1535 1500 τούτῳ.
1572 1429 1899 1500 Παρωθοῦν-

323 1526 412 1565 ται
433 1511 492 1565 δὲ
528 1511 653 1566 λίαν
677 1513 754 1577 ὡς
787 1515 1048 1580 δυσσεϐὲς
1073 1517 1155 1570 ὅτι
1185 1518 1420 1589 μάλιστα
1448 1522 1797 1594 καταδιῖστᾷν
1820 1527 1900 1588 είς

323 1602 419 1656 δύο
440 1599 533 1656 τὸν
571 1604 921 1676 Ἐμμανουήλ
939 1624 952 1637 ο
978 1606 1159 1678 ψυχῆς
1191 1609 1238 1662 δ’
1267 1605 1361 1664 οῦν
1399 1611 1548 1682 ὅμως
1573 1614 1675 1685 τῆς
1693 1611 1901 1686 ἀνθρω-

328 1695 487 1765 πίνης
511 1697 604 1749 καὶ
629 1695 854 1769 λογικῆς
878 1698 974 1769 τὴν
1013 1700 1193 1770 σάρκα
1223 1701 1627 1772 γυμνώσαντες,
1657 1704 1900 1776 ἡνῶσθαι

326 1797 490 1851 φασιν
522 1785 658 1858 αὐτῇ
697 1787 788 1839 τὸν
834 1788 897 1840 ὲκ
940 1786 1076 1840 Θεοῦ
1117 1788 1308 1856 Λόγον.
1367 1789 1687 1863 Ἑξεύρηται
1720 1793 1778 1847 δέ
1819 1809 1902 1857 τις

325 1878 512 1940 αὐτοῖς
539 1873 784 1944 πιθανὸς,
816 1879 891 1943 ὡς
925 1881 1127 1935 οἴονται
1152 1921 1166 1945 ,
1220 1882 1357 1952 πρὸς
1391 1881 1552 1937 τοῦτο
1581 1887 1771 1954 Λόγος.
1817 1885 1898 1940 Τὰ

325 1968 432 2037 γάρ
471 1981 575 2029 τοι,
625 1969 778 2036 φασὶ,
830 1969 970 2023 κατὰ
1020 1971 1270 2025 σύνθεσιν
1322 1975 1458 2044 πρδς
1515 1974 1633 2039 ἐνὸς
1671 1952 1896 2030 -τελείου
1931 1952 1976 2010 Β

327 2057 584 2109 σύστασιν
617 2056 1130 2129 συνδεδραμηκότα,
1180 2061 1320 2133 μέρη
1364 2078 1423 2114 τε
1455 2063 1549 2116 καὶ
1585 2063 1644 2131 ἐξ
1692 2065 1898 2118 ἀτελῶν

323 2145 552 2216 ὁρᾶσθαι
581 2146 762 2214 φιλεῖ,
802 2148 897 2202 τοῦ
923 2148 1147 2214 τελείως
1178 2150 1394 2220 ἔχοντος
1428 2154 1552 2207 καθ’
1581 2155 1763 2216 ἑαυτὸ,
1805 2156 1902 2208 καὶ

323 2236 400 2300 ὼς
429 2237 492 2290 ἐν
519 2236 628 2308 ίδίᾳ
655 2235 836 2307 φύσει,
863 2239 966 2310 τῆς
995 2241 1058 2294 ὲκ
1085 2241 1271 2310 μερῶν
1302 2243 1604 2309 συνθέσεως
1629 2247 1692 2300 οὐ
1717 2245 1901 2318 836st;-

326 2325 509 2394 μένου.
529 2326 822 2398 Τοιγάρτοι
843 2329 996 2397 φασὶ,
1025 2331 1395 2401 παραιτητέον
1424 2335 1671 2399 εἰκότως,
1690 2335 1786 2390 ἄνθ
1795 2353 1901 2408 ρω-

324 2433 424 2470 πον
459 2416 642 2472 δοῦναι
667 2419 893 2485 τέλειον,
923 2423 1015 2476 τδν
1045 2424 1412 2478 συνενωθέντα
1447 2425 1525 2497 τῷ
1557 2427 1713 2499 Λόγῳ
1748 2429 1897 2496 ναὸν,

323 2508 409 2562 ἴνα
442 2510 536 2562 καὶ
567 2511 600 2580 ή
643 2509 915 2578 σύνθεσις,
942 2514 1089 2587 ἥπερ
1117 2515 1182 2569 ἂν
1215 2515 1308 2568 ἐπὶ
1339 2517 1562 2588 Χριστῷ
1591 2522 1763 2572 νοοῖτο
1801 2536 1896 2572 τυ-

324 2599 438 2669 χὸν,
488 2600 691 2672 ἀκριϐῆ
744 2619 802 2655 τε
853 2605 948 2658 καὶ
993 2605 1318 2677 ἀδιάϐλητον
1365 2609 1459 2661 τὸν
1513 2609 1711 2680 ἑαυτῆς
1757 2612 1898 2664 ἁπο-

324 2692 486 2757 σώζοι
517 2695 707 2765 Λόγον.
737 2699 845 2752 Καὶ
878 2699 984 2768 μὴν
1012 2700 1235 2754 κάκεῖνο
1275 2701 1563 2774 προσθεῖεν
1587 2704 1674 2768 ἂν,
1708 2704 1900 2776 ὥσπερ

323 2782 415 2840 οὖν
439 2780 676 2861 ἐγῷμαι.
714 2791 778 2842 Et
807 2792 916 2862 γὰρ
943 2791 1001 2857 ἐξ
1035 2792 1331 2864 ἀνθρώπου
1354 2795 1582 2860 τελείου,
1616 2799 1769 2866 φασὶ,
1805 2799 1902 2852 καὶ

321 2873 416 2930 τοῦ
449 2878 514 2932 ὲκ
548 2874 762 2951 Πατρὸς
785 2879 938 2945 ὄντος
978 2884 1177 2952 Λόγου,
1209 2886 1532 2958 συντίθεμεν
1558 2889 1649 2941 τὸν
1689 2889 1900 2960 Ἐμμα-

321 2969 482 3041 νουήλ
507 3011 520 3033 ,
565 2972 626 3023 οῦ
678 2971 854 3043 βραχὺ
903 2974 964 3028 τὸ
1002 2974 1185 3047 δεῖμα,
1223 2979 1424 3048 μᾶλλον
1471 2979 1527 3031 δὲ
1563 2979 1899 3050 ἁδιάφυκτον

323 3062 422 3132 ἤδη
449 3078 565 3126 πως
593 3061 658 3116 ἃν
689 3067 934 3132 φανεῖται
968 3066 1172 3134 λοιπὸν,
1201 3070 1262 3123 τὸ
1297 3072 1390 3124 καὶ
1429 3071 1743 3142 ἀϐουλήτως
1766 3073 1896 3138 δεῖν,

320 3152 414 3207 δύο
456 3153 556 3224 μὲν
586 3156 734 3218 υἱοὺς
755 3199 770 3223 ,
801 3157 1072 3229 Χριστοὺς
1101 3158 1178 3214 ’δὲ
1224 3158 1290 3216 αὖ
1333 3162 1426 3216 δύο
1454 3166 1668 3233 φρονεῖν
1705 3181 1764 3217 τε
1807 3166 1899 3218 καὶ⁵

321 3242 443 3313 λέγε
453 3263 520 3299 ιν.

391 3335 454 3390 Β.
493 3331 628 3392 Εἶτα
661 3339 714 3391 τί
745 3338 955 3403 τούτοις
982 3341 1316 3412 ἀντεροῦμεν
1345 3344 1541 3414 ήμεῖςς

390 3427 453 3480 Λ.
495 3428 720 3499 Πρῶτον
757 3431 876 3497 μὲν,
911 3431 993 3484 ὅτι
1024 3432 1122 3501 τῆς
1166 3432 1403 3496 πίστεως
1447 3433 1546 3504 τὴν
1591 3432 1764 3496 οὕτως
1803 3436 1902 3506 ἀρ-

322 3518 613 3590 χαιοτάτην
639 3522 728 3573 καῖ
772 3520 830 3587 ἐξ
875 3521 1055 3574 αὐτῶν
1103 3523 1212 3576 τῶν
1252 3524 1423 3592 ἁγίων
1481 3524 1795 3578 ἀποστόλων
1825 3525 1903 3578 δι-

321 3615 561 3684 ήκουσαν
606 3616 687 3679 εις
730 3617 881 3686 ἡμᾶς
929 3617 1248 3686 παράδοσιν,
1277 3619 1336 3672 οὐ
1381 3621 1500 3684 ταῖς
1534 3620 1902 3693 ὑπερμέτροις

321 3703 626 3778 ἀκριϐείαις
649 3708 979 3763 καταλυπεῖν
998 3710 1168 3775 ἄξιον,
1187 3710 1312 3765 οὕτε
1345 3713 1454 3783 μὴν
1473 3714 1595 3777 ταῖς
1625 3715 1704 3777 είς
1731 3714 1900 3784 ἄκρον

320 3797 568 3869 ὲρεύναις
601 3799 891 3870 ὑποφέρειν
921 3799 988 3854 τὰ
1011 3800 1153 3873 ὑπὲρ
1185 3802 1332 3867 νοῦν,
1357 3801 1604 3857 ἀλλὀῦδὲ
1629 3804 1784 3873 ἥκειν
1819 3804 1900 3868 εἰς

323 3889 485 3960 μέσον
509 3884 705 3961 οἷάπερ
724 3891 875 3955 τινὰς
906 3893 1148 3965 ὁριστὰς,
1171 3894 1266 3948 καὶ
1296 3893 1684 3966 ῥιψοκινδύνως
1716 3895 1901 3963 λέγον-

318 3993 436 4044 τας,
469 3981 544 4046 ὡς
573 3983 632 4036 τὸ
660 3983 805 4037 δεῖνα
831 3983 953 4054 μὲν,
977 3985 1175 4056 ὀρθῶς,
1194 3985 1256 4039 τὸ
1284 3986 1431 4040 δεῖνα
1446 3985 1502 4040 δὲ
1526 3981 1614 4049 αὖ,
1642 3985 1898 4057 ἑτεροίως

318 4072 459 4142 ἔχειν
487 4074 625 4145 χρῆν
657 4074 848 4144 δήπου,
878 4076 972 4128 καὶ
998 4072 1066 4147 ἦν
1088 4075 1310 4148 ἄμεινον
1338 4077 1576 4147 ἀληθῶς,
1605 4077 1898 4147 ἀπονέμειν

317 4164 372 4218 δὲ
420 4165 621 4235 μᾶλλον
648 4165 728 4235 τῷ
766 4165 1028 4236 πανσὸφῳ
1060 4166 1180 4238 Θεῷ
1220 4168 1330 4221 τῶν
1381 4168 1525 4221 ἰδίων
1557 4169 1896 4239 διασκέψεων

314 4255 414 4325 τὴν
442 4255 580 4321 ὁδὸν,
613 4256 709 4308 καὶ
741 4255 814 4326 μὴ
847 4259 960 4320 τοῖς
998 4252 1056 4310 εὗ
1087 4256 1230 4328 ἔχειν
1264 4259 1393 4330 παρ’
1421 4258 1570 4329 αὐτῷ
1601 4259 1894 4330 δεδοκιμα-

317 4346 536 4417 σμένοις
568 4345 922 4418 ὑπερφιάλως
951 4349 1232 4419 ἐπιτιμᾷν.
1267 4349 1637 4420 Ἀκουσόμεθα
1662 4350 1770 4424 γὰρ
1802 4350 1893 4402 λέ-

314 4454 498 4509 γοντος
529 4440 794 4511 ἐναργῶς,
820 4459 838 4492 ι
863 4441 938 4492 Οὐ
965 4441 1072 4511 γάρ
1097 4443 1234 4496 εἰσιν
1261 4445 1316 4497 αἱ
1348 4441 1534 4514 βουλαί
1560 4460 1683 4513 μου,
1705 4443 1894 4516 ῶσπερ

314 4531 371 4585 αἱ
413 4531 599 4604 βουλαὶ
637 4533 792 4603 ὑμῶν
821 4533 919 4603 (4),
951 4533 1072 4587 οὐδὲ
1116 4533 1306 4604 ῶσπερ
1351 4537 1406 4589 αί
1466 4535 1576 4590 ὁδοὶ⁵
1625 4535 1802 4606 ὑμῶν,
1837 4539 1893 4590 at

2006 708 2080 761 ita
2122 707 2287 762 etiam
2319 720 2457 760 unus
2487 703 2747 759 Dominus
2782 689 2940 758 Jesns
2970 704 3244 771 Christus,
3294 718 3390 774 per
3415 719 3578 774 quem

2003 798 2207 854 «iniuria.
2269 798 2435 853 Deum
2503 796 2652 852 enim
2701 810 2825 851 esse
2857 796 3152 852 secundum
3185 806 3436 852 naturam
3463 811 3582 865 pro-

2005 889 2221 943 fltemur
2248 887 2505 950 Verbum,
2533 900 2631 957 per
2666 886 2810 956 quod
2851 885 3056 950 omnia,
3107 884 3320 940 etiamsi
3379 883 3577 938 factum

2003 979 2076 1034 sit
2099 994 2248 1045 caro,
2271 978 2375 1033 hoc
2403 987 2507 1046 est,
2533 978 2712 1032 homo.

2071 1073 2134 1131 B.
2162 1072 2485 1129 Rectissime
2522 1071 2730 1127 dixisti.

2066 1166 2130 1219 A.
2155 1163 2317 1232 Atqui
2368 1177 2477 1218 non
2516 1161 2810 1217 admodum
2857 1175 2980 1216 cum
3014 1170 3202 1218 nostra
3231 1162 3298 1216 de
3325 1160 3420 1214 illo
3451 1174 3578 1215 sen~

2002 1257 2168 1313 tentia
2225 1257 2442 1311 illorum
2515 1258 2764 1322 dogmata
2814 1254 3162 1311 c0nveniunt.
3205 1251 3384 1309 Unum
3431 1251 3576 1307 enim

2002 1346 2192 1414 procul
2245 1346 2408 1401 dubio
2473 1344 2643 1416 689
2689 1345 2852 1402 etiam
2924 1344 2998 1400 illi
3068 1344 3334 1413 recipiunt
3393 1340 3578 1398 Jesum

2000 1440 2300 1501 Christum.
2327 1438 2534 1508 optime
2576 1438 2679 1492 hac
2709 1437 2927 1508 quidem
2983 1451 3049 1491 ex
3083 1447 3235 1507 parte
3261 1434 3579 1492 sentientes.

2002 1533 2350 1588 Detestantur
2395 1530 2562 1586 etiam
2620 1539 2877 1598 tanquam
2930 1529 3274 1584 vehementer
3333 1528 3576 1598 impium,

2000 1620 2410 1676 Emmanuelem
2444 1621 2497 1674 in
2531 1621 2638 1675 duo
2679 1621 2922 1676 dividere
2966 1619 3192 1674 :anima
3250 1627 3428 1673 tamen
3480 1619 3582 1674 hn-

2002 1726 2160 1766 tnana
2223 1720 2279 1766 et
2339 1711 2588 1765 rationali
2630 1725 2851 1766 carnem
2890 1711 3188 1779 privantes,
3217 1706 3459 1772 ,Verbum
3509 1721 3577 1762 ex

2002 1803 2112 1857 Deo
2150 1803 2199 1858 ei
2236 1802 2447 1857 unitum
2469 1813 2589 1856 esse
2613 1801 2787 1858 aiunt.
2826 1799 2892 1854 Et
2913 1801 3242 1871 probabilem
3265 1800 3575 1869 quamdam,

2003 1905 2062 1948 nt
2119 1894 2458 1960 existimant,
2522 1895 2785 1948 rationem
2829 1892 3068 1962 Opinioni
3107 1905 3218 1947 sum
3256 1899 3575 1960 praetexunt.

2002 1985 2134 2052 Qua
2181 1984 2354 2047 enim,
2392 1986 2668 2054 inquiunt,
2715 2000 2810 2052 per
2862 1984 3305 2052 compositionem
3333 1982 3398 2036 ad
3421 1982 3579 2034 unius

2003 2077 2226 2146 perfecti
2267 2076 2705 2131 constitutionem
2731 2083 3088 2139 concurrunt,
3134 2085 3317 2143 partes
3367 2081 3420 2126 et
3455 2072 3578 2140 qui-

2002 2170 2125 2222 dem
2153 2183 2219 2222 es
2257 2166 2590 2237 imperfectis
2621 2164 2860 2235 conspici
2883 2163 3100 2229 solent;
3139 2163 3260 2232 ejus
3305 2163 3450 2232 quod
3486 2177 3586 2231 per

2002 2275 2081 2323 se.
2149 2269 2204 2313 et
2265 2259 2318 2312 in
2380 2257 2597 2328 propria
2641 2271 2738 2311 sna
2791 2264 2985 2310 natura
3037 2255 3337 2322 perfectum
3381 2264 3486 2317 est,
3527 2262 3585 2307 et

2003 2350 2396 2415 compositione
2447 2363 2513 2404 es
2569 2347 2818 2418 partibus
2870 2360 2977 2401 non
3017 2355 3162 2416 eget.
3221 2345 3452 2411 Idcirco,
3496 2345 3581 2400 in-

2002 2441 2216 2512 qniunt,
2257 2436 2557 2494 cavendum
2611 2439 2832 2494 omnino
2867 2446 2970 2502 est,
3012 2454 3079 2492 ne
3129 2437 3428 2506 perfectum
3468 2448 3580 2491 sta-

2004 2542 2220 2584 tuamns
2275 2530 2571 2592 hominem,
2627 2529 2884 2598 templum
2939 2531 3080 2596 quod
3152 2527 3330 2583 Vcrho
3374 2527 3580 2580 nnitnm

2001 2633 2104 2688 est,
2161 2633 2220 2677 ut
2272 2622 2616 2692 cornpositio.
2653 2635 2773 2689 quae
2835 2620 2890 2672 in
2957 2619 3176 2674 Christo
3237 2617 3580 2688 intelligitur,

2003 2717 2301 2787 perfeCtam
2353 2728 2504 2770 suam
2567 2723 2623 2768 et
2697 2710 3234 2783 irreprehensibilem
3313 2709 3578 2764 rationem

1975 2808 2270 2863 -obtineat.
2308 2805 2442 2862 Illud
2490 2819 2624 2860 vero
2646 2807 2920 2868 etiam,ut
2983 2802 3244 2865 arbitror,
3306 2801 3580 2870 adiicient.

2003 2899 2058 2953 Si
2093 2898 2262 2964 enim,
2295 2897 2567 2968 inquiunt,
2601 2910 2664 2950 ex
2691 2895 2932 2966 perfecto
2953 2894 3192 2959 homine,
3224 2902 3279 2948 et
3307 2908 3374 2948 ex
3403 2891 3583 2948 Verbo

2004 2989 2182 3046 Patris
2258 2988 2675 3044 Emmanuelem
2748 2986 3159 3050 constituimus,
3225 2999 3332 3041 non
3391 2989 3580 3053 parum

2003 3081 2320 3141 verendum,
2371 3081 2481 3136 imo
2528 3093 2659 3134 vero
2710 3077 3078 3133 necessarium
3148 3076 3306 3148 plane
3375 3077 3474 3133 erit
3527 3085 3585 3130 ut

2003 3172 2139 3228 duos
2180 3171 2320 3226 filios
2341 3179 2396 3226 et
2418 3171 2552 3226 duos
2582 3169 2820 3226 christos
2851 3168 3133 3225 faciamus.

2074 3348 2142 3402 Α.
2166 3346 2303 3413 Quid
2334 3359 2464 3400 vero
2492 3361 2598 3400 non
2626 3346 2714 3403 his
2737 3346 3226 3418 respondebimus?

2075 3435 2139 3488 Α.
2165 3433 2404 3488 Primum
2434 3433 2654 3502 quidem
2703 3434 2848 3502 quod
2901 3433 3329 3504 antiquissimae,
3353 3448 3585 3504 quaeque

2002 3525 2138 3580 adeo
2166 3523 2234 3579 ab
2274 3524 2406 3593 ipsis
2432 3525 2636 3580 sanctis
2665 3524 2922 3594 apostolis
2956 3525 3022 3578 ad
3049 3540 3148 3579 nos
3177 3525 3426 3596 pervenit
3459 3525 3580 3578 fidei

2004 3616 2302 3682 traditioni,
2333 3615 2628 3688 singularis
2663 3616 2927 3686 perfectio
2976 3615 3290 3688 deroganda
3347 3629 3454 3671 non
3485 3615 3581 3681 sit,

2001 3707 2095 3765 sed
2125 3723 2299 3779 neque
2333 3721 2560 3763 summae
2592 3707 2994 3778 investigationi
3015 3721 3078 3762 ea
3105 3723 3224 3778 quas
3247 3705 3581 3764 intellectum

2001 3807 2245 3855 nostrum
2271 3798 2541 3854 excedunt
2568 3798 2926 3866 subjicienda,
2962 3812 3140 3868 neque
3164 3813 3355 3854 rursus
3405 3813 3504 3853 nos
3527 3799 3581 3852 in

2001 3890 2236 3946 medium
2267 3889 2564 3958 procedere
2591 3889 2813 3952 debere,
2847 3889 3016 3944 veluti
3048 3889 3308 3960 quosdam
3341 3889 3582 3947 arbitros

1999 3980 2199 4051 quique
2226 3979 2426 4035 limites
2451 3978 2872 4043 constituamus,
2897 3980 3292 4050 temerarieque
3309 3981 3579 4047 dicamus,

1998 4069 2255 4126 nonnulla
2283 4071 2501 4139 quidem
2532 4079 2683 4125 recte
2715 4084 2837 4124 sese
2865 4071 3086 4140 habere,
3142 4071 3400 4127 nonnulla
3451 4089 3581 4131 vero

1998 4175 2103 4219 non
2129 4162 2282 4229 item,
2317 4161 2410 4216 sed
2442 4159 2545 4216 alia
2573 4160 2781 4217 ratione
2810 4158 3001 4216 melius
3023 4176 3145 4218 sese
3176 4161 3451 4228 habitura,
3481 4165 3578 4219 sed

1996 4253 2177 4325 potius
2211 4251 2615 4322 sapientissimo
2648 4249 2760 4306 Deo
2787 4249 3192 4320 relinquendam
3213 4267 3334 4310 esse
3356 4268 3578 4309 suorum

1996 4342 2344 4399 consiliorum
2379 4343 2548 4406 viam,
2581 4356 2756 4411 neque
2774 4356 2836 4396 ea
2854 4356 2976 4411 quae
2997 4357 3027 4396 a
3056 4341 3168 4398 Deo
3193 4351 3253 4399 ut
3284 4355 3428 4400 recta
3455 4359 3580 4415 pro-

1996 4435 2118 4490 bata
2147 4443 2274 4490 sunt
2290 4443 2492 4488 temere
2517 4433 2934 4503 reprehendere.
2958 4431 3256 4488 Audiemns
3280 4435 3424 4490 enim
3452 4449 3576 4491 enm

1996 4521 2282 4580 manifeste
2315 4523 2584 4578 dicentem
2615 4537 2633 4576 :
2674 4539 2694 4575 ι
2738 4520 2854 4577 Non
2885 4530 3013 4576 sunt
3050 4522 3280 4578 consilia
3323 4537 3440 4578 mea
3476 4524 3580 4580 sic-

313 4622 423 4676 ὁδοί
455 4637 577 4693 μου,
611 4620 726 4676 ἀλλ’
755 4620 946 4692 ῶσπερ
970 4621 1166 4693 ἀπέχει
1193 4623 1222 4676 ὁ
1258 4622 1488 4692 οὐρανὸς
1515 4623 1624 4678 ἀπὸ
1643 4624 1741 4695 τῆς
1766 4628 1888 4695 γῆς,

1999 4627 2058 4672 ιιι
2097 4615 2326 4672 consilia
2358 4625 2562 4678 vestra,
2611 4630 2789 4685 neque
2814 4614 2956 4669 sicut
2981 4616 3082 4670 viae
3138 4631 3293 4682 mete,
3333 4617 3436 4672 vim
3492 4631 3582 4670 ve-

313 4709 486 4773 οῦτως
513 4709 760 4780 ἀπέχειὴ
793 4709 910 4774 ὁδός
947 4722 1047 4778 μου
1081 4708 1190 4763 ἀπὸ
1211 4709 1321 4764 τῶν
1340 4709 1475 4762 ὁδῶν
1491 4709 1669 4781 ὑμῶν,
1702 4712 1794 4765 καὶ
1829 4711 1897 4766 τὰ

313 4800 648 4873 διανοήματα
677 4802 830 4872 ὑμῶν
857 4801 964 4856 ἀπὸ
993 4801 1092 4871 τῆς
1119 4801 1356 4866 διανοίας
1383 4819 1542 4874 μου.»
1563 4797 1697 4857 Εἶτα
1725 4803 1785 4858 τὸ
1808 4803 1897 4857 δο-

313 4891 444 4947 κοῦν
481 4895 667 4957 αὐτοῖς
719 4893 990 4964 ηὑρῆσθαι
1025 4893 1225 4964 σοφῶς,
1270 4893 1439 4946 ἕωλον
1471 4893 1754 4956 παντελῶς
1799 4895 1898 4949 καὶ

310 4985 520 5053 ἀμαθὶς
544 4985 605 5039 δν
629 4985 920 5041 ἁλώσεται.
952 4985 1015 5039 Εί
1039 4983 1150 5056 γὰρ
1172 4982 1236 5055 δή
1269 5001 1352 5048 τις
1378 4983 1572 5047 ἕλοιτο,
1593 4984 1774 5056 ψυχῆς
1803 4985 1890 5039 λο-

313 5076 477 5144 γικῆς
515 5075 608 5129 τὸν
637 5075 781 5130 θεῖον
810 5079 1018 5130 ἐκεῖνον
1064 5074 1460 5147 ἀπογυμνῶσαι
1499 5077 1650 5141 ναὸν,
1695 5079 1796 5132 οὐκ
1827 5077 1888 5142 ἐξ

311 5165 519 5220 ἀτελῶν
547 5168 580 5235 ἡ
609 5166 824 5232 σύνοδος
853 5167 1003 5221 ἔσται
1028 5167 1141 5228 δύο,
1169 5167 1364 5222 πολλοῦ
1402 5184 1465 5236 γε
1489 5168 1584 5222 καὶ
1606 5167 1706 5224 δεῖ.
1729 5169 1885 5224 Ἔστι

315 5258 415 5326 μὲν
437 5255 544 5328 γὰρ
595 5257 1060 5328 ὁμολογουμένοις,
1101 5258 1178 5322 ὡς
1227 5258 1366 5329 πρὸς
1407 5257 1530 5312 ὅλον
1571 5259 1882 5328 ἄνθρωπον,

307 5349 400 5404 τὸν
437 5350 502 5403 ὲκ
533 5348 710 5420 ψυχῆς
738 5348 802 5419 δὴ
832 5349 974 5418 λέγω
1002 5351 1097 5404 καὶ
1144 5351 1414 5421 σώματος,
1449 5350 1584 5421 μόνη
1629 5352 1723 5403 καὶ
1762 5349 1885 5403 καθ’

381 5506 424 5539 ³⁸
456 5507 560 5561 lsa.
587 5520 674 5575 ιν,
703 5505 756 5572 8,
800 5505 852 5561 9.

1996 4721 2124 4766 ευτε
2161 4723 2172 4757 :
2209 4708 2305 4765 sed
2334 4707 2476 4764 sicut
2514 4707 2682 4762 distat
2734 4706 2933 4762 omium
2984 4722 3016 4762 a
3045 4716 3212 4772 terra,
3252 4717 3458 4762 tantum
3495 4709 3578 4764 di-

1997 4807 2144 4856 stant
2173 4798 2274 4855 vie
2307 4813 2439 4854 mea
2460 4813 2490 4852 a
2519 4798 2620 4852 viis
2653 4797 2867 4862 vestris,
2902 4805 2954 4854 et
2986 4797 3350 4868 cogitationes
3379 4808 3578 4854 vestra

1998 4907 2028 4948 a
2053 4892 2478 4962 cogitationibus
2501 4891 2639 4948 meis
2669 4891 2734 4948 ³⁸.
2757 4909 2778 4944 ι
2807 4890 3076 4946 Praeterea
3105 4890 3157 4947 id
3184 4891 3326 4960 quod
3357 4891 3572 4960 sapien-

1997 4993 2080 5041 ter
2105 4983 2391 5040 admodum
2433 4982 2502 5038 ab
2545 4982 2651 5038 illis
2684 4983 2960 5038 inventum
2989 4995 3109 5037 esse
3137 4982 3574 5045 videtur,vanum

1994 5089 2216 5144 prorsus
2271 5083 2437 5144 atque
2504 5073 2798 5127 absurdum
2847 5087 2970 5128 esse
2995 5071 3448 5142 deprehendetur.
3513 5068 3571 5124 Si

1991 5168 2115 5236 quia
2135 5166 2277 5222 enim
2304 5163 2696 5220 velitdivinnm
2729 5163 2856 5218 illud
2891 5162 3146 5234 templum
3180 5159 3573 5217 rationaliani-

1994 5273 2079 5312 ma
2115 5255 2351 5326 privare,
2379 5271 2485 5310 non
2513 5269 2579 5309 ex
2610 5253 2940 5324 imperfectis
2967 5268 3292 5323 congressus
3340 5254 3570 5307 duorum

1991 5349 2097 5405 erit
2123 5365 2136 5402 :
2166 5346 2391 5402 multum
2410 5346 2553 5400 enim
2582 5345 2753 5402 abest.
2781 5345 2873 5400 Est
2897 5345 3038 5400 enim
3069 5344 3330 5415 profecto,
3354 5357 3571 5412 compa-

1534 5659 1695 5720 BON.
1739 5659 2056 5717 VULCANII
2094 5655 2323 5717 ΝΟΤᾸΞ.

377 5826 452 5892 (si
490 5825 770 5901 Videqnze
801 5825 865 5880 ad
904 5823 1271 5901 huncdocum
1316 5824 1693 5901 adnotayimus
1727 5826 1868 5901 libro
1977 5809 2184 5901 llbi_:de
2239 5841 2369 5881 voco
2403 5828 2718 5900 οἱκονομίας
2752 5829 2984 5900 egimus,
3023 5828 3246 5901 vitisque
3297 5827 3444 5882 varia
3483 5825 3559 5882 si—

308 5903 558 5952 eu’rersns
603 5893 1163 5971 Anthropomorphilat
1194 5895 1396 5964 (Cyl-illi
1433 5907 1471 5951 t.
1500 5895 1586 5961 IX,
1621 5905 1730 5952 not.
1768 5896 1879 5966 ll),

1987 5896 2352 5966 gniﬁcatiottt‘.
