4122 6510
570 450 701 508 1211

1557 443 1617 502 S.
1659 443 1931 502 CYRIILI
1972 443 2444 503 ALEXANDRINI
2482 447 2800 506 ARCHIEP.

3686 455 3836 512 lii?

572 575 783 630 ratione
816 565 1254 631 Intiushoniinis,
1302 568 1505 632 anima,
1541 568 1785 636 inquam,
1819 578 1875 622 et
1920 583 2147 637 corpore

2259 571 2447 642 ἑαυτὴν
2477 572 2553 636 ὡς
2580 572 2746 643 μέρος
2773 574 2805 642 ἡ
2846 570 3004 643 σάρξ.
3041 572 3235 625 mra
3256 588 3319 640 γε
3349 572 3481 634 Θεὸς
3510 571 3699 636 Λόγος,
3732 574 3835 642 οὐχ

572 661 892 723 constantis,
920 658 1033 713 sola
1052 673 1117 712 ac
1144 671 1238 727 per
1268 672 1327 711 se
1352 666 1412 711 ut
1452 672 1600 726 pars,
1645 673 1795 713 caro.
1837 658 1942 713 Sed
1989 659 2154 730 690

575 756 739 809 Deum
770 752 1025 815 Verbum,
1050 764 1154 803 non
1188 764 1314 819 pars
1344 748 1570 817 alicujus
1611 766 1732 805 esse
1789 750 2141 821 intelligitur:

573 848 666 902 sed
696 860 865 914 neque
896 841 1259 913 imperfectus.
1288 841 1721 897 Perfectissiunus
1768 843 1911 897 enim
1944 854 2028 899 cst
2091 846 2143 899 in

573 953 667 991 sua
698 947 908 990 natura.
942 934 1174 991 Ubinam
1206 933 1367 1003 igitur
1389 948 1454 987 ex
1485 932 1819 1001 imperfectis
1858 936 1924 989 ad
1991 952 2153 991 unum

573 1027 827 1094 quiddam
855 1024 1152 1093 perlectum
1182 1024 1284 1075 erit
1306 1038 1604 1077 concursus
1625 1022 1649 1075 ?
1672 1024 1716 1076 si
1745 1024 1903 1077 modo
1947 1034 2030 1078 est
2087 1040 2153 1080 ex

574 1117 816 1190 perfecto
850 1116 1045 1177 Verbo,
1086 1124 1141 1167 et
1189 1129 1355 1168 carne
1381 1113 1713 1181 imperfecta.
1734 1126 1993 1183 quantum
2026 1118 2153 1170 atti-

577 1220 667 1266 net
691 1209 757 1263 ad
784 1207 1047 1261 rationem
1093 1204 1326 1258 hominis
1383 1204 1605 1271 perfecti
1668 1207 1965 1260 secundum
2030 1223 2156 1277 pro-

573 1299 747 1367 priam
805 1312 953 1351 suam
1014 1306 1285 1348 naturam.
1353 1293 1517 1347 Filios
1583 1306 1761 1350 autem
1813 1311 2153 1365 nequaquam

572 1390 710 1444 duos
736 1385 1109 1449 adorabimus,
1142 1394 1199 1438 ut
1229 1398 1403 1453 neque
1429 1384 1564 1440 duos
1608 1387 1844 1441 christos
1875 1387 2153 1442 dicemus:

575 1480 787 1535 tametsi
820 1494 885 1533 ex
909 1477 1126 1533 homine
1162 1475 1420 1546 perfecto,
1457 1485 1513 1533 et
1545 1493 1610 1531 ex
1638 1476 1747 1534 Deo
1785 1477 1959 1533 Verbo
2022 1494 2155 1534 con-

572 1588 792 1628 cursum
821 1572 887 1624 ad
920 1570 1180 1623 unitatem
1231 1567 1434 1623 factum
1492 1572 1802 1633 credamus,
1829 1571 2154 1628 Emmanue-

574 1664 696 1720 lem.
735 1662 1195 1729 Quemadmodum
1231 1662 1397 1725 enim,
1431 1672 1490 1715 ut
1520 1662 1622 1715 illis
1678 1662 1897 1732 quidem
1921 1664 2152 1731 videtur,

575 1755 787 1810 tametsi
803 1769 869 1808 ex
906 1753 1019 1809 sola
1047 1768 1214 1808 carne
1232 1754 1467 1817 dicatur,
1495 1762 1549 1807 et
1583 1753 1758 1809 Verbo
1780 1755 1923 1824 quod
1950 1770 2015 1810 ex
2045 1757 2155 1811 Deo

574 1848 732 1902 Patre
759 1844 1026 1916 apparuit,
1049 1844 1190 1899 nulla
1224 1843 1364 1899 ratio
1415 1845 1516 1900 hoc
1546 1845 1629 1901 eis
1667 1847 2034 1914 persuadebit,
2095 1856 2157 1903 ut

573 1936 796 1993 seorsim
826 1950 1041 1990 carnem
1076 1935 1424 2000 collocantes,
1463 1944 1517 1989 et
1536 1940 1765 1991 seorsim
1805 1936 2153 2008 Unigenitum
2186 1917 2230 1971 Β

572 2032 708 2083 duos
750 2028 986 2083 christos
1017 2026 1385 2082 conﬁteantur
1414 2043 1427 2079 :
1463 2029 1555 2081 sed
1587 2029 1641 2081 in
1673 2043 1838 2082 unum
1870 2030 2152 2085 Dominum

572 2120 756 2175 Jesum
782 2119 1065 2174 Christum
1098 2117 1506 2173 Emmanuelem
1533 2119 1793 2188 recipient
1816 2124 1985 2190 (recte
2008 2122 2153 2175 enim

575 2212 866 2265 admodum
906 2211 959 2264 in
995 2210 1097 2265 hoc
1125 2210 1331 2264 sentire
1366 2210 1659 2281 videntur),
1703 2212 1775 2264 ita
1822 2212 1986 2266 etiam
2014 2223 2153 2267 tam-

574 2302 673 2354 etsi
702 2298 905 2355 homini
937 2299 1201 2368 perfecto,
1220 2297 1311 2366 qui
1346 2296 1604 2350 nimirum
1622 2312 1849 2366 corpore
1873 2308 1927 2352 et
1951 2298 2152 2363 animo,

577 2391 736 2446 veluti
766 2388 1056 2446 conﬂatum
1081 2397 1243 2458 atque
1268 2388 1477 2441 unitum
1518 2402 1640 2442 esse
1678 2385 1912 2442 Verbum
1945 2404 2011 2443 ex
2042 2389 2157 2447 Deo

575 2481 824 2538 ineffabili
856 2481 1252 2550 quodammodo
1287 2479 1804 2550 atqueintellectnm
1859 2495 2157 2551 superante

571 2579 986 2630 dicamuszuon
1026 2572 1340 2627 dualitatem
1398 2571 1632 2626 ﬁliorum
1694 2572 2004 2638 statuimus,
2064 2577 2155 2630 sed

573 2683 736 2722 unum
762 2676 922 2737 atque
959 2664 1208 2721 eumdem
1273 2673 1465 2719 natura
1526 2664 1743 2734 quidem
1804 2670 2156 2721 exsisteutem

574 2760 761 2819 Deum,
788 2759 986 2828 quique
1019 2772 1087 2813 ex
1117 2756 1231 2826 ipsa
1271 2756 1363 2811 Dei
1414 2770 1479 2810 ac
1500 2754 1682 2810 Patris
1710 2755 1945 2811 essentia
1999 2773 2159 2826 appa-

575 2848 925 2918 rnil,quique
959 2846 1163 2902 ultimis
1218 2845 1402 2901 saaculi
1452 2846 1788 2916 temporibus
1842 2847 2018 2904 factus
2075 2858 2158 2904 est

575 2944 757 3008 homo,
780 2952 834 2997 et
870 2954 937 2995 ex
956 2947 1144 2994 sancta
1176 2936 1401 3008 Virgine
1423 2945 1602 3002 natus,
1621 2947 1787 3009 atque
1806 2954 1836 2992 a
1880 2940 2039 2995 nobis
2066 2955 2160 3011 pa-

575 3039 707 3091 riter
731 3044 785 3090 ct
813 3031 1017 3089 sanctis
1053 3029 1262 3101 angelis
1287 3028 1547 3085 adoratus
1569 3040 1673 3097 est,
1698 3029 1854 3100 juxta
1912 3029 2160 3101 Scriptu-

576 3144 682 3183 ras.
1034 3162 1035 3165 η

648 3218 705 3271 Β.
737 3216 873 3281 Quid
901 3215 1084 3285 igitur,
1114 3211 1159 3267 si
1225 3211 1429 3274 dicant,
1468 3208 1722 3266 Nostrum
1781 3220 1980 3267 statmu
2041 3228 2155 3268 8010

574 3307 851 3377 Unigcniti
884 3306 1116 3360 adventu
1154 3304 1451 3375 indiguisse
1481 3320 1496 3357 :
1524 3321 1649 3361 cum
1688 3315 1869 3361 autem
1896 3307 2056 3363 vellet
2123 3325 2153 3364 a

577 3401 898 3456 mortalibus
925 3397 1099 3463 cerni,
1133 3408 1186 3453 et
1231 3413 1351 3451 cum
1407 3398 1716 3454 hominibus
1746 3400 1973 3464 versari,
1999 3415 2158 3454 evan-

575 3493 868 3563 gelicmque
918 3491 1041 3544 vitae
1089 3491 1232 3545 viam
1276 3491 1433 3546 nobis
1488 3493 1800 3555 ostendere,
1852 3492 2154 3547 admirabili

574 3584 808 3652 quadam
833 3582 1243 3652 dispensatione
1263 3598 1481 3638 carnem
1502 3584 1658 3640 nobis
1673 3584 1906 3638 similem
1953 3585 2158 3640 induis-

575 3673 673 3729 se?
692 3673 877 3730 Deitas
901 3672 1044 3729 enim
1080 3674 1134 3729 in
1164 3689 1261 3731 sua
1294 3684 1483 3728 natura
1516 3674 1666 3729 cerni
1712 3689 1817 3728 non
1847 3684 2047 3744 potest.

645 3857 711 3910 Α.
735 3856 895 3911 Certe
922 3854 1312 3910 incarnationis
1342 3870 1563 3925 scopum
1624 3855 1907 3926 ignorasse
1968 3858 2157 3927 depre-

572 3949 896 4015 hendentur,
923 3955 971 4002 et
999 3962 1248 4017 magnum
1306 3947 1582 4015 religionis
1629 3948 1947 4017 mysterium
2009 3949 2155 4003 nulla

572 4041 787 4097 ratione
815 4038 1179 4095 intellexisse.
1199 4039 1256 4093 Si
1285 4040 1430 4094 enim
1463 4039 1767 4094 incarnatio
1812 4039 1929 4094 sive
1964 4038 2158 4094 huma-

575 4131 723 4184 natio
762 4143 881 4183 eam
918 4130 1086 4183 solam
1116 4127 1186 4182 ob
1217 4132 1446 4182 causam
1478 4127 1620 4181 facta
1646 4135 1730 4182 est
1765 4136 1876 4181 uta
1907 4128 2156 4184 mortali—

573 4213 674 4276 bus
695 4228 1035 4285 cerneretur,
1053 4219 1295 4287 nihilque
1319 4217 1464 4271 aliud
1492 4218 1743 4272 humanm
1795 4227 2001 4274 natura
2036 4220 2157 4275 inde

575 4312 828 4379 accessit,
853 4325 963 4382 quo
992 4321 1150 4380 pacto
1181 4326 1288 4365 non
1322 4308 1491 4363 satius
1520 4308 1683 4364 fuerit
1719 4318 1779 4364 ut
1833 4311 2154 4367 Docetarum

574 4405 884 4475 opinionem
930 4403 1094 4458 etiam
1151 4418 1251 4456 nos
1312 4401 1750 4471 amplectamur?
1805 4402 1897 4471 qui
1936 4404 2154 4472 quidem

575 4481 739 4551 carne
771 4493 933 4549 simul
967 4503 1022 4547 et
1042 4500 1259 4548 terreno
1291 4507 1522 4562 corpore
1550 4491 1789 4549 Verbum
1824 4495 2117 4551 vestientes
2138 4536 2152 4559 ,

2255 660 2331 725 ὡς
2371 661 2536 732 μέρος
2579 662 2644 715 ἂν
2677 661 2849 716 νοοῖτό
2890 679 3053 725 τινος.
3084 663 3198 714 ἀλλ’
3243 662 3362 716 οὐδὲ
3387 662 3602 733 ἀτελὴς,
3631 656 3677 715 ὦ
3703 678 3835 730 γεν-

2259 756 2420 808 ναῖοι.
2456 753 2774 817 Παντέλειος
2815 753 2925 825 γὰρ
2959 756 3017 806 ὲν
3052 754 3157 823 ἰδίᾳ
3199 753 3378 823 φύσει.
3410 753 3522 806 Ποῦ
3562 754 3743 806 τοίνυν
3777 750 3841 815 ἐξ

2257 842 2487 907 ἀτελῶν,
2524 843 2716 915 ἡπρδς
2738 845 2795 897 ἓν
2833 862 2887 897 τι
2924 844 3125 897 τέλειον
3159 843 3312 897 ἔσται
3345 842 3637 914 συνδρομὴ,
3675 843 3840 912 εἰπερ

2257 934 2404 986 ἐστὶν
2443 934 2507 987 ὲκ
2553 934 2758 987 τελείου
2791 936 2989 1003 Λόγου,
3039 935 3133 988 καὶ
3186 936 3384 1008 σαρκὸς
3414 934 3661 997 ἀτελοῦς,
3711 935 3841 987 ὅσον

2257 1017 2393 1093 ἦκεν
2417 1025 2496 1087 είς
2526 1023 2682 1091 λόγον
2719 1025 2809 1077 τὸν
2844 1025 2930 1078 ἐπ’
2966 1025 3237 1097 ἀνθρώπῳ
3262 1025 3474 1094 τελείῳ,
3504 1024 3597 1077 καὶ
3629 1024 3839 1095 ἀρτίως

2259 1113 2434 1183 ἔχοντι
2468 1116 2609 1169 κατὰ
2643 1115 2741 1185 τὴν
2784 1115 2921 1170 ίδίαν
2952 1116 3131 1186 φύσιν.
3162 1116 3324 1179 Υίοὺς
3352 1115 3408 1168 δὲ
3444 1114 3563 1169 οῦτι
3603 1132 3706 1168 που
3741 1113 3840 1167 δύο

2258 1207 2741 1277 προσκυνήσομεν,
2794 1207 2910 1261 ἀλλ’
2943 1208 3063 1261 οὐδὲ
3107 1208 3360 1279 χριστοὺς
3416 1205 3647 1278 ἐροῦμεν
3702 1205 3837 1269 δύο.

2257 1297 2361 1350 κᾶν
2394 1296 2453 1363 ἐξ
2482 1296 2770 1368 ἀνθρώπου
2793 1298 2998 1351 τελείου
3034 1300 3127 1352 καὶ
3161 1302 3225 1352 ἐκ
3252 1297 3390 1352 Θεοῦ
3424 1298 3600 1366 Λόγου
3624 1296 3723 1366 τὴν
3756 1296 3843 1359 είς

2258 1386 2483 1456 ἑνότητα
2515 1386 2816 1458 συνδρομὴν
2856 1388 3167 1459 πεπράχθαι
3202 1386 3545 1457 πιστεύωμεν
3569 1386 3664 1439 τοῦ
3698 1387 3841 1455 Ἐμ-

2262 1477 2525 1549 μανουήλ.
2555 1479 2764 1551 Ὥσπερ
2803 1479 2929 1551 γὰρ,
2974 1479 3118 1533 κατά
3144 1496 3205 1547 γε
3236 1479 3297 1532 τὸ
3324 1479 3554 1543 ἐκείνοις
3588 1474 3648 1532 εὖ
3687 1478 3840 1549 ἔχειν

2260 1570 2472 1635 δοκοῦν,
2498 1571 2592 1625 καὶ
2623 1572 2671 1623 εί
2702 1573 2765 1625 ἐκ
2802 1571 2969 1643 μόνης
2993 1571 3206 1641 λέγοιτο
3234 1571 3333 1641 τῆς
3366 1587 3430 1624 σα
3442 1571 3588 1640 ρκδς,
3610 1572 3704 1624 καὶ
3736 1568 3846 1623 τοῦ.

2258 1657 2322 1712 ὲκ
2359 1657 2495 1711 Θεοῦ
2552 1659 2765 1731 [ἰατρὸς
2803 1661 3106 1731 πεφηνότος
3155 1661 3363 1730 Λόγου,
3423 1662 3596 1724 οὐδεὶς
3635 1662 3841 1724 αὐτοὺς

2260 1748 2543 1802 ἀναπείσει
2573 1749 2774 1820 τρόπος
2805 1751 3081 1822 ἀναμέρος
3107 1753 3209 1822 τὴν
3245 1753 3422 1823 σάρκα
3450 1751 3716 1816 τιθέντας,
3740 1755 3838 1808 καλ⁸

2258 1839 2537 1912 ἀναμέρος
2564 1836 2630 1895 αὖ
2661 1841 2752 1895 τὸν
2807 1843 3119 1914 Μονογενῆ,
3157 1844 3323 1898 δυάδα
3362 1844 3597 1917 χριστῶν
3646 1848 3837 1917 ὁμολο-

2257 1935 2394 2001 γεῖν,
2445 1933 2561 1986 ἀλλ’
2608 1934 2686 1997 εἱς
2728 1935 2823 1988 ἕνα
2862 1935 3066 2006 Κύριον
3093 1936 3306 2007 Ἰησοῦν
3337 1938 3569 2009 Χριστὸν
3598 1939 3839 2009 παραδέο

2257 2023 2439 2089 ξονται
2490 2023 2583 2078 τὸν
2633 2026 3014 2098 Ἐμμανουήλο
3047 2028 3183 2098 ὀρθὰ
3220 2029 3329 2100 γάρ
3373 2029 3438 2100 δὴ
3488 2030 3609 2083 λίαν
3659 2030 3717 2083 έν
3769 2047 3836 2096 γε

2254 2113 2430 2183 τούτῳ
2473 2118 2689 2184 φρονεῖν
2743 2115 3082 2183 ἐγνώκασινθ
3127 2118 3269 2172 οὕτω
3315 2120 3415 2173 κάν
3448 2118 3720 2190 ἀνθρώπῳ
3749 2134 3840 2171 τε-

2255 2205 2404 2275 λείῳ,
2434 2204 2595 2275 δῆλον
2624 2204 2682 2259 δὲ
2710 2206 2792 2259 ὅτι
2830 2206 2907 2277 τῷ
2941 2208 3005 2260 ὲκ
3048 2209 3226 2279 ψυχῆς
3268 2209 3363 2261 καὶ
3390 2206 3642 2277 σώματος
3671 2208 3840 2262 οίονεῖ⁹

2258 2297 2642 2367 συνενηνέχθαι
2674 2315 2734 2351 τε
2778 2300 2873 2353 καὶ
2917 2299 3159 2370 ἡνῶσθαι
3212 2300 3461 2371 λέγωμεν
3510 2300 3841 2372 ἀπορρήτοις

2256 2404 2315 2440 τε
2351 2389 2444 2441 καὶ
2474 2388 2616 2459 ὑπὲρ
2640 2390 2764 2442 νοῦν
2795 2389 2885 2443 τὸν
2911 2393 2972 2443 ὲκ
3007 2390 3144 2444 Θεοῦ
3173 2392 3366 2459 Λόγον,
3386 2392 3483 2461 οὐχ
3511 2392 3641 2445 υἱῶν
3668 2392 3842 2445 δυάδα

2255 2480 2631 2551 διανοήσομεν,
2664 2481 2782 2535 ἀλλ’
2811 2482 2909 2535 ἕνα
2939 2482 3033 2535 καὶ
3064 2484 3156 2536 τὸν
3183 2482 3365 2546 αὑτὸν,
3397 2483 3556 2552 φύσει
3589 2483 3688 2554 μὲν
3708 2484 3848 2538 δντσ.

2258 2572 2409 2637 Θεὸν,
2462 2573 2557 2626 καὶ
2596 2571 2654 2637 ἐξ
2691 2574 2861 2644 αὐτῆς
2904 2575 3183 2645 πεφηνότα
3220 2576 3319 2645 τῆς
3357 2576 3546 2639 οὐσίας
3573 2575 3669 2629 τοῦ
3700 2575 3838 2629 Θεοῦ

2259 2664 2351 2717 καὶ
2378 2663 2614 2734 Πατρὸς,
2644 2666 2703 2716 ὲν
2737 2665 2982 2735 ἐσχάτοις
3010 2665 3067 2719 δὲ
3096 2666 3190 2719 τοῦ
3222 2666 3415 2731 αἰῶνος
3445 2670 3658 2735 καιροῖς
3686 2668 3847 2735 γενόε

2262 2772 2422 2826 μενον
2456 2755 2761 2825 ἄνθρωπον,
2792 2756 2887 2809 καὶ
2915 2756 3001 2809 διὰ
3024 2756 3124 2824 τῆς
3145 2756 3304 2825 ἁγίας
3337 2756 3613 2827 Παρθένου
3645 2772 3843 2825 γεγεν-

2259 2844 2513 2916 νημένον,
2566 2846 2662 2899 καὶ
2695 2846 2831 2917 πρός
2870 2862 2935 2914 γε
2976 2846 3134 2918 ἡμῶν
3172 2846 3350 2900 αὐτῶν
3393 2848 3488 2900 καὶ
3528 2847 3635 2899 τῶν
3668 2847 3847 2916 ἁγίων

2259 2936 2505 3006 ἀγγέλων
2534 2939 3008 3009 προσκυνούμενον
3046 2938 3189 2992 κατὰ
3214 2939 3312 3003 τὰς
3344 2938 3586 3009 Γραφάς.

2331 3208 2390 3261 Β.
2431 3205 2497 3260 Τί
2535 3199 2647 3268 οὖν,
2689 3204 2738 3257 εἰ
2769 3201 2831 3273 δὴ
2879 3205 3054 3273 φαῖεν,
3086 3203 3168 3255 ὅτι
3205 3200 3389 3272 Μόνης
3436 3201 3533 3271 μὲν
3564 3200 3733 3255 ἐδεῖτο
3779 3202 3843 3257 τὸ

2258 3300 2380 3355 καθ’
2404 3301 2547 3369 ὑμᾶς
2585 3299 2682 3368 τῆς
2722 3295 2815 3350 τοῦ
2842 3294 3184 3363 Μονογενοῦς
3226 3293 3541 3363 ἐπιδημίας,
3575 3293 3843 3365 ἐθελήσας

2255 3391 2313 3445 δὲ
2346 3390 2575 3460 ὀφθῆναι
2595 3392 2707 3450 τοῖς
2734 3388 2824 3441 ἐπὶ
2856 3386 2979 3456 γῆς,
3013 3386 3106 3439 καὶ
3135 3384 3441 3456 ἀνθρώποις
3469 3402 3843 3456 συναναστρα·

2258 3483 2449 3553 φῆναι,
2471 3479 2789 3553 παραδεῖξαί
2811 3496 2868 3533 τε
2889 3480 3020 3550 ἡμῖν
3038 3478 3137 3547 τῆς
3167 3478 3530 3547 εὐαγγελικῆς
3558 3478 3836 3539 πολιτείας

2255 3572 2355 3643 τὴν
2386 3571 2532 3637 ὁδὸν,
2577 3569 2936 3639 οἰκονομικῶς
2971 3567 3287 3637 ἠμπέσχετο
3334 3569 3432 3637 τὴν
3462 3569 3654 3638 ὁμοίαν
3701 3571 3843 3639 ἡμῖν.

2261 3663 2469 3734 σάρκας
2523 3662 2583 3715 τὸ
2632 3663 2739 3731 γάρ
2771 3677 2851 3712 τοι
2882 3659 3063 3723 Θεῖον,
3117 3659 3258 3713 κατά
3324 3660 3486 3730 φύσιν
3549 3659 3686 3713 ίδίαν
3738 3662 3842 3732 οὑχ

2256 3754 2469 3827 ὁρατόν.

2329 3849 2394 3901 Δ.
2441 3847 2801 3916 Ἠγνοηκότες
2852 3849 3151 3902 ἁλώσονται
3208 3848 3309 3918 τῆς
3370 3848 3842 3918 ένανθρωπήσεως

2258 3938 2347 3993 τὸν
2381 3938 2602 4001 σκοπὸν,
2637 3939 2728 3991 καὶ
2768 3939 3018 4002 συνέντες
3049 3939 3301 4009 οὐδαμῶς
3342 3940 3402 3992 τὸ
3443 3940 3591 4009 μέγα
3613 3939 3716 4008 τῆς
3745 3939 3838 3991 5'3-

2259 4029 2472 4093 σεϐείας
2506 4030 2819 4099 μυστήριον.
2851 4030 2914 4083 Ei
2953 4031 3060 4101 γὰρ
3089 4030 3152 4100 δὴ
3189 4031 3355 4099 μόνην
3386 4030 3499 4100 ἕχει
3526 4030 3624 4099 τὴν
3647 4030 3821 4100 ἀφορι-

2261 4122 2365 4193 μὴν
2398 4122 2457 4174 τὸ
2484 4120 2711 4191 ὀφθῆναι
2735 4125 2846 4184 τοῖς
2874 4124 2965 4175 ἐπὶ
2989 4122 3227 4193 γῆς,τοῦ
3262 4122 3599 4191 Μονογενοῦς
3630 4125 3667 4193 ἠ
3705 4124 3840 4193 σάρ-

2258 4232 2446 4278 κωσις,
2483 4214 2579 4267 εἴτ’
2627 4209 2719 4268 οῦν
2772 4214 3224 4286 ὲνανθρὼπησις,
3270 4215 3581 4287 προσετίθει
3619 4232 3682 4284 γε
3729 4214 3840 4285 μὴν

2256 4306 2442 4378 ἕτερον
2470 4305 2623 4360 οὐδὲν
2654 4310 2717 4379 τῇ
2753 4307 3069 4378 ἀνθρωπεία
3096 4307 3275 4377 φύσει,
3310 4308 3426 4372 πῶς
3475 4303 3567 4361 οῦν
3615 4307 3839 4377 ἄμεινον

2258 4398 2355 4469 ἥδη
2388 4415 2503 4461 πως
2542 4398 2636 4451 καὶ
2674 4398 2856 4466 σοφὸν,
2900 4400 2965 4467 τῇ
3006 4397 3115 4450 τῶν
3156 4397 3399 4471 δοκητῶν
3459 4394 3837 4468 συμφέρεσθαι

2256 4489 2380 4561 δόξῃ
2426 4490 2519 4542 καὶ
2575 4490 2721 4559 ἡμᾶς
2773 4488 3005 4557 αὐτούς;
3062 4489 3113 4543 οἳ
3178 4490 3377 4561 σαρκός
3429 4506 3489 4541 τε
3536 4487 3669 4557 ὁμοῦ
3725 4485 3825 4539 καὶ

574 4584 1000 4654 visum-quidem
1028 4597 1148 4638 esse
1177 4581 1491 4638 fabulantur
1534 4592 1594 4638 ut
1641 4583 1938 4649 hominem,
1970 4584 2153 4640 miseri

2260 4583 2445 4651 γηῖνου
2483 4581 2728 4651 σώματος
2779 4581 3251 4652 ἀπαμφιεννύντες
3286 4580 3376 4635 τὸν
3416 4580 3609 4646 Λόγον,
3653 4573 3841 4646 ὦφθαι

575 4678 830 4748 quodque
864 4675 1193 4746 optimarum
1271 4690 1451 4731 rerum
1504 4684 1695 4731 auctor
1740 4674 1923 4740 fuerit,
1980 4687 2165 4747 aperte

576 4770 839 4825 fatentur.
866 4767 1058 4824 Nonne
1080 4784 1230 4834 vero,
1263 4769 1308 4824 sl
1334 4767 1569 4824 Verbum
1599 4784 1665 4825 ex
1702 4769 1864 4841 691
1893 4770 2001 4826 Deo
2034 4770 2164 4825 nihil

577 4858 823 4914 utilitatis
847 4858 1098 4913 humana
1122 4870 1329 4914 natura:
1352 4860 1554 4927 attulit,
1619 4862 1835 4915 tametsi
1879 4876 2009 4917 caro
2047 4861 2160 4917 fac-

579 4964 692 5007 tum
715 4951 808 5014 sit,
832 4951 1002 5008 satius
1026 4965 1146 5006 esse
1166 4952 1407 5017 duxeris,
1432 4952 1564 5007 illud
1597 4952 1664 5007 ab
1690 4951 2027 5009 immunditia
2043 4969 2164 5009 car-

576 5044 681 5098 nali
715 5044 1010 5106 vindicare.
1038 5043 1203 5099 semel
1252 5053 1431 5099 autem
1469 5058 1696 5113 corpore
1751 5053 1967 5101 terreno
2006 5060 2161 5100 usum

574 5136 906 5204 existimare,
940 5146 1105 5208 atque
1130 5135 1203 5192 ita
1227 5136 1567 5207 prouositum
1597 5137 1702 5194 sibi
1731 5137 2163 5209 scopum'absol-

575 5230 756 5285 visse?

638 5403 699 5458 Β.
737 5404 996 5473 Quamam
1023 5405 1185 5475 igitur
1211 5405 1376 5463 fuerit
1409 5405 1531 5476 ejus
1559 5406 1613 5463 in
1649 5423 1871 5465 carnem
1897 5408 2162 5468 adventus

479 5527 482 5531 ›
581 5492 743 5556 ratio,
770 5495 1134 5561 autquisuant
1180 5496 1372 5553 modus
1433 5497 1852 5566 incarnationis,
1886 5510 1981 5557 aut
2007 5502 2162 5574 cujus

582 5598 742 5637 causa
771 5584 909 5639 facta
958 5585 1140 5653 fuerit,
1160 5588 1321 5643 velim
1345 5589 1594 5660 equidem
1620 5590 1942 5664 intelligere.

644 5677 714 5731 Α.
738 5675 847 5746 Age
874 5692 1023 5749 ergo,
1052 5679 1180 5735 audi
1215 5694 1401 5737 sacras
1449 5680 1705 5750 Litteras,
1741 5690 1795 5739 et
1850 5692 2161 5742 sanctorum

586 5765 950 5836 apostolorum
986 5769 1148 5825 dictis
1203 5772 1399 5828 mentis
1423 5773 1593 5828 aciem
1622 5773 1825 5831 acriter
1850 5774 2158 5845 intendens,

585 5858 706 5914 ride
729 5857 780 5913 id
801 5858 1255 5944 quodiqu‘xrilur.
1311 5862 1537 5933 Sapiens
1588 5863 1771 5935 itaque
1827 5865 2026 5925 Paulus
2085 5871 2157 5927 ita

2270 4674 2367 4744 μὲν
2412 4673 2487 4736 ὼς
2541 4675 2829 4747 ἄνθρωπον
2880 4674 3349 4746 μυθοπλαστοῦσιν
3387 4675 3435 4726 oi
3468 4672 3711 4736 δείλαιοι,
3745 4672 3844 4738 γέ-

2263 4782 2406 4819 νοιτο
2443 4766 2499 4819 δὲ
2540 4768 2621 4821 ὅτι
2653 4767 2761 4820 τῶν
2812 4768 3114 4821 καλλίστων
3162 4766 3455 4837 εἰσηγητὴς
3503 4762 3846 4834 διωμολογήο

2264 4877 2424 4912 κασιν
2466 4861 2743 4931 ἐναργῶςο
2777 4860 2810 4932 ἢ
2845 4861 2945 4914 οὐκ
2984 4860 3201 4931 ἄμεινον
3238 4861 3404 4929 ὲρεῖς,
3451 4859 3499 4911 εί
3530 4856 3699 4927 μηδὲν
3729 4855 3843 4909 ὀνίο

2263 4966 2387 5018 νησι
2413 4952 2513 5020 τὴν
2561 4951 2851 5023 ἀνθρώπου
2895 4951 3055 5020 φύσιν
3092 4954 3120 5005 ὁ
3164 4953 3227 5004 ἐκ
3256 4951 3389 5004 Θεοῦ
3423 4950 3614 5017 Λόγος,
3657 4949 3755 5002 καὶ
3789 4948 3843 5000 εί

2262 5040 2451 5108 γέγονε
2494 5039 2648 5110 σὰρξ,
2686 5040 3123 5095 ἀπαλλάττεσθαι
3173 5041 3273 5109 μὲν
3325 5038 3667 5108 ἀκαθαρσίας
3706 5053 3844 5106 σαρ-
3886 5102 3889 5105 ν

2262 5131 2427 5202 κικῆς
2463 5132 2612 5199 δόξαι
2639 5133 2683 5186 δ’
2716 5128 2810 5188 οὖν
2860 5133 3007 5198 ἅπαξ
3036 5132 3113 5203 τῷ
3171 5132 3345 5203 γηΐνῳ
3394 5128 3844 5202 προσκεχρῆσθαι

2266 5222 2509 5294 σώματι,
2549 5224 2874 5296 διαπερᾶναί
2913 5242 2971 5278 τε
3017 5223 3162 5279 οὕτω
3195 5222 3288 5276 τὸν
3330 5220 3667 5293 προτεθέντα
3711 5236 3844 5273 σκο-

2264 5314 2364 5368 πόν
2388 5332 2403 5382 ;
3110 5358 3117 5365 ,

2330 5408 2396 5463 Λ.
2438 5405 2535 5471 Τίς
2567 5402 2661 5462 οὖν
2705 5406 2774 5460 ἂν
2802 5404 3012 5476 γένοιτο
3042 5404 3144 5475 τῆς
3186 5403 3481 5475 ἐπιδημίας
3507 5403 3536 5456 ό
3578 5401 3776 5470 Λόγος,
3814 5402 3850 5471 ἢ

2260 5499 2345 5564 τίς
2371 5502 2399 5554 ὁ
2419 5500 2616 5571 τρόπος
2642 5503 2740 5571 τῆς
2772 5497 3255 5569 ένανθρωπήσεως,
3290 5497 3601 5567 πέπρακται
3633 5493 3694 5547 δὲ
3716 5492 3851 5545 ὅτου

2261 5594 2443 5665 χάριν,
2480 5591 2714 5662 ἐθέλοιμ’
2747 5590 2814 5645 ἄν
2848 5591 3133 5661 ἐκμαθεῖν.

2332 5683 2512 5738 Λ.”Ιθι
2545 5682 2609 5754 δὴ
2631 5679 2744 5749 οὖν,
2775 5679 2820 5738 ὦ
2849 5686 3085 5753 γενναῖε,
3118 5682 3289 5736 πόθου
3325 5681 3433 5734 τῶν
3466 5677 3624 5748 ἱερῶν
3656 5677 3858 5749 Γραμο

2267 5777 2450 5848 μάτων
2469 5815 2486 5843 ,
2540 5777 2635 5829 καὶ
2688 5778 2809 5841 ταῖς
2875 5776 2983 5829 τῶν
3036 5775 3209 5844 ἁγίων
3263 5771 3575 5829 ἀποστόλων
3633 5770 3857 5836 φωναῖς

2266 5867 2542 5937 ἐνερείσας
2574 5863 2630 5919 εὖ
2664 5867 2805 5937 μάλα
2836 5867 2931 5937 τῆς
2966 5867 3205 5930 διανοίας
3228 5866 3318 5919 τὸν
3349 5863 3648 5935 ὀφθαλμὸν,
3684 5862 3855 5933 ἄθρει
