4122 6568
331 517 469 575 12ίό
1429 520 1514 573 DE
1553 518 2064 576 INCARNATIONE
2108 518 2473 576 llNIGENlIl.
3457 472 3593 573 lilii

324 634 389 706 δὴ
432 628 527 689 οῦν
573 633 753 699 καλῶς
801 633 863 688 τδ
895 635 1245 707 ζητούμενον.
1292 640 1435 709 Ἔφη
1471 639 1649 694 τοίνυν
1684 642 1712 694 ὁ
1746 640 1906 709 σοφος
1936 651 1952 701 Α

1959 647 1981 699 ι
2011 640 2165 696 uobis
2205 640 2302 705 ait,
2324 640 2497 709 ipsum
2522 637 2574 692 in
2609 652 2668 693 se
2699 636 3009 707 loquentem
3045 636 3252 692 habens
3274 634 3546 691 Christum
3572 652 3587 688 :

324 726 456 795 ἡμῖν
484 723 716 791 Παῦλος,
746 726 908 779 αὐτὸν
951 725 1090 796 έχων
1139 729 1196 781 ὲν
1234 729 1409 800 ἑαυτῷ
1458 731 1725 786 λαλοῦντα
1767 734 1901 802 Χρι-

2011 750 2028 782 ι
2058 730 2192 798 Quia
2222 746 2349 800 ergo
2393 729 2540 800 pueri
2587 729 3123 785 communicaverunt
3180 731 3330 783 carni
3358 738 3411 784 et
3468 743 3592 783 san-

326 816 449 869 στόν
468 830 482 845 ⁸
512 834 531 868 t
563 815 781 887 Ἐπειδὴ
802 816 910 887 γάρ
940 817 1007 870 τά
1035 818 1218 871 παιδία
1249 821 1643 885 κεκοινώνηκεν
1669 824 1900 894 αἵματος

2003 823 2172 892 guini,
2210 831 2265 877 et
2293 822 2408 891 ipse
2431 819 2684 874 similiter
2737 819 3082 888 participavit
3117 820 3321 873 eisdem
3353 834 3365 870 :
3394 828 3451 873 ut
3496 833 3593 885 per

323 906 416 958 καὶ
472 906 695 976 σαρκὸς,
739 907 832 959 καὶ
874 906 1035 971 αὐτὸς
1088 910 1485 980 παραπλησίως
1520 913 1752 983 μετέσχε
1792 913 1900 966 τῶν

2001 922 2228 967 mortem
2248 912 2544 965 destrueret
2581 923 2703 963 eum
2739 909 2829 977 qui
2862 909 3096 961 habebat
3127 908 3413 975 imperium
3440 924 3585 959 mor—

324 994 522 1059 αὐτῶν,
557 996 644 1048 ἵνα
693 996 781 1050 διὰ
813 995 911 1049 τοῦ
957 997 1189 1052 Θανάτου
1227 1004 1550 1075 καταργήσῃ
1597 1004 1657 1057 τὸ
1700 1005 1901 1076 κράτος

2003 1005 2088 1069 tis,
2118 1004 2219 1058 hoc
2239 1010 2323 1057 est
2354 1000 2629 1055 diabolum
2659 1014 2674 1051 :
2713 1010 2769 1053 et
2831 1000 3090 1053 liberaret
3120 1014 3214 1052 eos
3266 1000 3356 1064 qui
3384 998 3577 1051 timore

324 1083 514 1152 ἔχοντα
554 1083 645 1137 τοῦ
694 1083 955 1151 Θανάτου,
1002 1088 1283 1153 τουτέστι,
1327 1092 1417 1143 τὸν
1460 1091 1738 1157 διάϐολον,
1804 1094 1899 1146 καὶ

2001 1092 2191 1148 mortis
2220 1106 2316 1160 per
2344 1099 2511 1145 totam
2530 1089 2695 1142 vitam
2717 1088 2932 1142 obnoxii
2961 1095 3118 1139 erant
3151 1086 3393 1140 servituti
3428 1086 3494 1139 ³⁷.
3524 1086 3585 1139 Et

324 1173 603 1245 ἀπαλλάξῃ
635 1175 877 1241 τούτους,
893 1179 1008 1231 ὅσοι
1039 1180 1188 1250 φόϐῳ
1216 1180 1308 1232 τοῦ
1332 1180 1563 1234 θανάτου
1588 1182 1676 1235 διά
1700 1183 1902 1247 παντὸς

1999 1185 2146 1247 alibi,
2205 1185 2418 1238 modum
2444 1182 2598 1236 nobis
2631 1182 2795 1235 alium
2821 1180 3101 1249 explicans
3131 1198 3144 1234 :
3186 1197 3204 1229 ι
3236 1177 3368 1232 Nam
3421 1183 3584 1245 quiod,

324 1264 415 1316 τοῦ
447 1265 567 1335 ζῇν,
600 1267 772 1337 ἔνοχοι
804 1264 945 1338 ἦσαν
992 1270 1253 1333 δουλείας.
1290 1291 1308 1323 ι
1354 1274 1464 1325 Καὶ
1509 1273 1616 1344 μὴν
1662 1276 1756 1327 καὶ
1783 1275 1898 1327 ἑτέ-

1998 1275 2193 1345 inquit,
2236 1273 2573 1343 impossibile
2632 1283 2751 1326 erat
2807 1273 2931 1342 legi,
2986 1270 3037 1325 in
3072 1286 3179 1340 quo
3211 1270 3586 1323 inlirmahatur

325 1354 456 1424 ρωθι
499 1356 699 1426 τρόπον
747 1360 877 1428 ἡμῖν
925 1358 1114 1429 ἓτερον
1144 1360 1559 1431 ἀφηγούμενος,
1606 1381 1624 1414 ι
1663 1364 1736 1416 Τὸ
1788 1364 1899 1433 γὰρ

1999 1381 2093 1435 per
2111 1381 2367 1420 carnem:
2426 1365 2566 1421 Deus
2607 1364 2803 1418 Filium
2849 1379 3002 1416 suum
3024 1362 3242 1414 mittens
3278 1360 3331 1413 in
3391 1360 3582 1413 simili-

321 1444 579 1501 ἀδύνατον
633 1448 719 1501 τοῦ
762 1450 950 1520 νόμου,
990 1452 1183 1522 φησὶν,
1231 1454 1288 1505 ὲν
1327 1446 1370 1520 ᾧ
1413 1454 1627 1522 ἠσθένει
1666 1455 1752 1509 διὰ
1797 1456 1896 1526 τῆς

1999 1457 2236 1510 tudinem
2262 1458 2441 1511 carnis
2496 1453 2724 1525 peccati,
2782 1467 2835 1506 et
2883 1458 2948 1507 de
3016 1461 3256 1521 peccato,
3303 1450 3581 1505 damnavit

323 1538 545 1607 σαρκὸς,
569 1541 596 1593 ό
619 1539 751 1604 Θεὸς
770 1541 861 1594 τὸν
890 1542 1083 1595 ἑαυτοῦ
1116 1543 1241 1596 Υἱὸν
1268 1545 1490 1614 πέμψας
1509 1548 1565 1598 ὲν
1590 1546 1893 1616 ὁμοιώματι

1997 1557 2276 1615 peccatum
2305 1547 2357 1600 in
2386 1562 2573 1611 came,
2619 1556 2676 1599 ut
2718 1544 3037 1614 justilicatio
3087 1542 3218 1609 legis
3267 1542 3583 1612 impleretur

322 1629 526 1699 σαρκὸς
560 1632 853 1705 ἁμαρτίας,
877 1635 969 1687 καὶ
1005 1635 1131 1702 περὶ
1159 1636 1454 1708 ἁμαρτίας,
1479 1638 1767 1710 κατέκρινε
1795 1640 1894 1710 τὴν

1999 1638 2051 1692 in
2082 1640 2257 1701 nobis.
2310 1640 2402 1708 qui
2430 1656 2533 1695 non
2558 1638 2851 1694 secundum
2879 1650 3093 1690 carnem
3122 1634 3578 1696 ambulamus,sed

322 1719 597 1790 ἁμαρτίαν
628 1724 684 1775 ὲν
720 1727 785 1794 τῇ
824 1725 1007 1795 σαρκὶ,
1039 1726 1127 1779 ἵνα
1169 1726 1230 1779 τὸ
1274 1727 1551 1798 δικαίωμα
1586 1729 1683 1783 τοῦ
1726 1731 1892 1799 νόμου

1997 1730 2288 1786 secundum
2313 1730 2574 1799 Spiritum
2610 1729 2676 1782 ³⁸.
2726 1748 2745 1781 ι
2783 1728 2973 1782 Nonne
3021 1740 3153 1794 ergo
3202 1724 3578 1779 manifestissi-

321 1810 583 1882 πληρωθῇ
617 1814 675 1865 ὲν
705 1816 836 1884 ἡμῖν
863 1819 973 1880 τοῖς
1001 1816 1077 1888 μὴ
1101 1818 1240 1872 κατὰ
1270 1817 1449 1890 σάρκα
1476 1822 1890 1891 περιπατοῦσιν,

1997 1837 2141 1874 mum
2172 1829 2277 1885 est,
2338 1820 2575 1888 nullique
2630 1834 2850 1888 prorsus
2900 1816 3207 1870 mortalium
3260 1818 3575 1877 obscurum,

319 1901 455 1955 ἀλλὰ
493 1904 633 1957 κατά
676 1906 920 1976 Πνεῦμα.
946 1926 964 1957 ι
1002 1902 1126 1978 Ἆρ’
1169 1904 1262 1961 οῦν
1311 1910 1431 1980 οὐχὶ
1471 1912 1889 1983 προδηλότατον,
1926 1979 1947 1983 _

1952 1982 1955 1983 ν
1997 1910 2347 1979 Unigenitum
2381 1910 2549 1965 nostri
2581 1908 2837 1975 similem,
2874 1909 2977 1961 boc
3006 1918 3090 1961 est
3133 1906 3405 1960 hominem
3455 1919 3580 1975 per-

318 1992 412 2044 καὶ
436 1992 611 2046 οὐδενὶ
640 1995 748 2048 τῶν
775 1996 943 2051 ὄντων
972 1999 1309 2068 ἀσυμφανὲς,
1466 1979 1588 2056 καθ’
1618 1979 1765 2073 ημᾶς
1794 2004 1889 2072 γέ·
1925 1979 1946 2032 Ῑ

1950 1981 2189 2055 ιίειιιιιιιι
2267 2014 2388 2055 esse
2482 1998 2702 2064 factum,
2780 2009 2837 2052 ut
2912 2014 2941 2051 a
3029 1996 3374 2065 corruptione
3459 2010 3578 2064 qua:

318 2099 474 2150 γονεν
505 2086 534 2137 ὁ
558 2087 1196 2159 Μονογενὴς,,τουτέστι,
1227 2092 1429 2156 τέλειος
1467 2093 1772 2164 ἄνθρωπος,
1803 2096 1891 2149 ἵνα

1993 2105 2093 2145 nos
2143 2091 2413 2143 invaserat
2466 2089 2691 2143 mortale
2735 2098 2981 2143 nostrum
3038 2103 3234 2156 corpus
3297 2087 3573 2149 liberaret,

316 2176 415 2245 τῆς
462 2176 563 2247 μὲν
600 2180 927 2235 ἐπεισάκτου
969 2183 1173 2254 φθορᾶς
1204 2183 1264 2237 τὸ
1294 2185 1482 2255 γήϊνον
1514 2186 1672 2256 ἡμῶν
1714 2187 1889 2240 ἀπαλ-

1997 2197 2117 2235 cum
2146 2181 2452 2236 arctissima
2491 2182 2722 2252 quadam
2804 2180 3026 2233 unitatis
3078 2178 3474 2247 dispensatione
3518 2176 3573 2230 in

316 2266 450 2338 λάξῃ
485 2269 665 2339 σῶμα,
697 2274 763 2342 τῇ
788 2272 908 2325 καθ’
939 2275 1131 2329 ἕνωσιν
1173 2278 1454 2348 οἰκονομίᾳ
1499 2277 1891 2348 καταϐεϐηκὼς

1996 2272 2328 2326 identitatem
2382 2272 2664 2326 nobiscum
2714 2286 2775 2326 se
2811 2270 3031 2324 demisit
3064 2268 3213 2336 juxta
3246 2267 3366 2320 vitae
3405 2260 3576 2337 legem

319 2359 399 2421 εἰς
426 2360 727 2431 ταυτότητά
762 2364 901 2417 κατὰ
930 2365 1093 2435 νόμον
1123 2368 1220 2437 τῆς
1253 2369 1419 2438 ζωῆς,
1454 2367 1632 2438 ψυχὴν
1656 2368 1713 2421 δὲ
1748 2368 1886 2423 ἰδίαν

1994 2378 2057 2417 ac
2094 2362 2365 2432 regulam:
2401 2362 2741 2430 animamque
2798 2360 3092 2414 humanam
3150 2359 3421 2429 propriam
3473 2357 3573 2411 sibi

315 2447 417 2518 τὴν
443 2448 787 2522 ἀνθρωπίνην
826 2454 1182 2523 ποιούμενος,
1230 2457 1502 2528 ἁμαρτίας
1549 2458 1719 2526 αὐτὴν
1759 2461 1893 2512 ἀπο-

1993 2451 2245 2515 eliiciens,
2280 2462 2502 2521 peccato
2529 2467 2646 2506 eam
2679 2451 3013 2520 superiorem
3064 2450 3313 2515 reddidit,
3349 2448 3576 2518 propriae

319 2538 462 2609 φήνῃ
492 2539 774 2609 κρείττονα
801 2542 900 2610 τῆς
934 2544 1069 2607 ἰδίας
1094 2547 1307 2614 φύσεως
1332 2548 1392 2601 τὸ
1422 2548 1670 2617 πεπηγός
1704 2566 1763 2601 τε
1799 2549 1893 2602 καὶ
1936 2602 1937 2605 η

1995 2559 2103 2598 θυαε
2130 2552 2334 2597 natura:
2371 2542 2626 2597 ﬁrmitate
2653 2553 2817 2612 atque
2856 2543 3296 2598 immutabilitate
3321 2551 3572 2610 tanquam

316 2628 627 2701 ἄτρεπτον,
690 2633 942 2706 καθάπερ
1006 2638 1128 2691 τινὰ
1194 2638 1372 2709 βαφὴν
1400 2678 1415 2704 ,
1469 2640 1892 2710 ὲγκαταχρώσας

1018 2638 1128 2691 τινὰ
1194 2638 1372 2709 βαφὴν
1400 2678 1415 2704 ,
1469 2640 1892 2710 ὲγκαταχρώσας
1996 2635 2225 2689 tinctura
2259 2649 2377 2688 eam
2415 2633 2646 2704 tingens.

319 2719 455 2791 αὐτῇ
476 2738 492 2786 ;

387 2811 447 2865 Β.
491 2813 603 2867 Οὐκ
647 2814 966 2885 άσυμφανὲς
1010 2814 1166 2889 οἶμαι
1228 2838 1330 2875 που
1364 2821 1425 2874 τὸ
1472 2822 1679 2892 χρῆμα.
1732 2822 1894 2894 Φέρει

2051 2811 2111 2868 B.
2144 2811 2257 2865 Non
2287 2813 2512 2867 obscura
2554 2825 2674 2865 meo
2703 2811 2918 2877 quidem
2939 2808 3148 2877 judicio
3179 2823 3264 2863 res
3294 2808 3409 2862 haec
3432 2817 3514 2861 est
3546 2825 3559 2860 :

315 2902 426 2976 γὰρ
458 2907 517 2960 tv
560 2906 738 2979 ἑαυτῷ
771 2908 865 2963 τὸν
898 2910 1105 2978 είκότα,
1145 2913 1345 2984 μᾶλλον
1374 2913 1433 2967 δὲ
1465 2914 1557 2967 τὸν
1590 2914 1766 2986 ἀληθῆ
1803 2915 1892 2969 λο-

1993 2903 2340 2959 verisimilem
2371 2905 2539 2969 enim,
2566 2904 2672 2956 imo
2705 2902 2883 2973 potius
2915 2916 3098 2956 veram
3124 2900 3385 2954 rationem
3434 2899 3573 2953 inse

316 2996 539 3067 γισμόν.

1994 2994 2177 3050 habet.

384 3087 450 3139 Δ.
487 3086 703 3161 Ὠσπερ
722 3087 816 3144 οῦν
848 3091 1036 3164 ἐπειδὴ
1055 3092 1246 3163 γέγονε
1284 3094 1422 3167 σὰρξ
1450 3096 1545 3150 τοῦ
1576 3096 1896 3161 ζωοποιοῦν-

2062 3086 2127 3140 Δ.
2161 3084 2622 3152 Quemadmodum
2654 3084 2818 3155 igitur
2844 3082 2969 3154 quia
2995 3082 3134 3137 facta
3162 3091 3244 3137 est
3275 3098 3404 3137 caro
3434 3083 3567 3136 Ver-

313 3196 405 3243 τος
441 3180 509 3234 τά
545 3182 723 3237 πάντα
750 3183 924 3253 Λόγου
945 3223 961 3248 ,
994 3185 1055 3237 τὸ
1092 3184 1320 3239 θανάτου
1350 3188 1443 3240 καὶ
1481 3188 1686 3258 φθορᾶς
1726 3190 1894 3261 ὑπερ-

1994 3175 2046 3230 hi
2072 3177 2252 3230 omnia
2290 3175 2635 3239 viviﬁcantis,
2673 3174 2859 3228 mortis
2894 3184 3056 3242 atque
3108 3174 3363 3228 interitus
3396 3173 3564 3240 impe-

313 3271 553 3344 θρώσκει
582 3274 801 3345 κράτος·
839 3275 980 3329 κατὰ
1005 3277 1097 3330 τὸν
1124 3277 1285 3331 αὑτὸν
1311 3274 1464 3349 οἶμαι
1492 3281 1689 3351 τρόπον
1708 3321 1723 3344 ,
1764 3282 1888 3336 ἐπεί
1914 3322 1941 3351 ι

1940 3322 1959 3344 ,
1995 3268 2131 3322 rium
2160 3276 2379 3338 superat
2417 3285 2432 3321 :
2476 3266 2665 3322 eodem
2710 3265 2867 3334 plane
2923 3266 3102 3327 modo,
3128 3263 3254 3332 quia
3290 3263 3429 3319 facta
3484 3273 3568 3319 est

310 3322 396 3418 τόι
418 3364 609 3434 γέγονε
622 3322 789 3438 Γψυχίί
831 3366 924 3421 τοῦ
967 3368 1309 3439 πλημμελεῖν
1337 3322 1436 3423 οῦκ
1481 3322 1723 3435 ιεὶιδότός,⁹
1914 3322 1938 3383 ί

1937 3322 1959 3344 π
2228 3322 2243 3338 .
2711 3322 2724 3334 .
3088 3322 3097 3327 -
3146 3322 3159 3332 ,

1937 3360 2165 3414 ‘anima
2192 3360 2306 3428 elus
2336 3361 2425 3428 qui
2475 3372 2707 3428 peccare
2769 3357 2962 3421 nescit,
3030 3357 3244 3411 tinuum
3307 3356 3565 3425 deinceps

313 3456 606 3528 ρεισμένην
644 3457 758 3528 εχει
801 3458 989 3513 λοιπὸν
1020 3462 1119 3528 τὴν
1171 3463 1255 3530 ἐφ’
1284 3461 1455 3515 ἅπασι
1498 3465 1609 3525 τοῖς
1661 3463 1884 3530 ἀγαθοῖς

1987 3459 2148 3520 atque
2183 3449 2648 3504 immutabilemin
2683 3450 2827 3504 omni
2882 3449 3025 3503 bono
3077 3457 3305 3512 statum,
3343 3456 3398 3502 et
3437 3463 3563 3516 pec-

310 3548 718 3619 ἀμεταποίητον
762 3549 974 3615 στάσιν,
1005 3551 1102 3604 καὶ
1152 3551 1253 3621 τῆς
1298 3551 1466 3624 πάλαι
1515 3553 1884 3624 τυραννούσης

1986 3551 2109 3596 cato
2138 3543 2281 3611 quod
2305 3549 2459 3595 antea
2502 3540 2787 3611 imperium
2825 3539 3122 3605 obtinebat,
3170 3537 3567 3607 incomparabi-

310 3638 583 3711 ἁμαρτίας
624 3640 967 3711 ἁσυγκρίτως
1017 3620 1460 3714 εὐσθενεστέραν.
1508 3620 1729 3714 Πρῶτος
1775 3620 1884 3716 γάρ

1987 3633 2108 3688 liter
2127 3633 2460 3687 validiorem.
2496 3632 2714 3687 Primus
2744 3632 2891 3688 enim
2937 3631 3117 3696 homo,
3174 3629 3426 3684 Christus
3454 3640 3560 3695 est,

306 3728 403 3782 ἀνθ
414 3746 588 3798 ρωπος
626 3731 654 3783 ό
685 3731 939 3802 Χριστὸς,
964 3731 1024 3794 ὃς
1048 3732 1147 3785 οὐκ
1166 3734 1421 3804 ἐποίησεν
1442 3736 1737 3805 ἁμαρτίαν,
1761 3737 1882 3790 οῦδὲ

1984 3726 2072 3794 qui
2104 3733 2380 3791 peccatum
2422 3741 2527 3779 non
2561 3724 2710 3789 fecit,
2749 3738 2923 3793 neque
2955 3723 3209 3777 inventus
3229 3730 3313 3777 est
3361 3722 3415 3776 itt
3467 3736 3565 3776 ore

307 3819 505 3890 εὑρέθη
532 3820 679 3884 δόλος
727 3823 785 3875 ὲν
829 3821 906 3892 τῷ
938 3822 1167 3894 στόματι
1200 3824 1384 3891 αὑτοῦ,
1437 3824 1561 3897 ῥίζα
1599 3825 1656 3879 δὲ
1695 3826 1883 3897 ὥσπερ
1982 3816 2098 3883 ejus
2127 3818 2281 3873 dolus
2309 3817 2376 3882 ³⁹,
2410 3817 2566 3871 radix
2596 3826 2778 3870 autem
2809 3814 2976 3885 692
3009 3825 3093 3868 est
3129 3829 3194 3867 ac
3236 3813 3400 3868 veluti
3455 3813 3565 3883 pri-

309 3911 405 3963 καὶ
431 3911 653 3982 ἀπαρχὴ
674 3912 986 3984 τεθειμένος
1007 3914 1117 3968 τῶν
1148 3918 1228 3981 είς
1256 3917 1547 3989 καινότητα
1576 3917 1720 3990 ζωῆς
1751 3920 1882 3971 άνα-

1985 3909 2147 3962 tnitia:
2173 3923 2359 3962 eorum
2389 3907 2561 3976 quiin
2603 3907 2902 3961 novitatem
2962 3909 3082 3960 vita:
3133 3903 3429 3973 spiritualis
3480 3921 3563 3958 re-

312 4001 705 4071 μορφουμένων
752 4004 808 4055 ὲν
852 4004 1144 4075 πνεύματι,
1190 4010 1285 4062 καὶ
1334 4008 1433 4079 τὴν
1484 4009 1580 4062 τοῦ
1630 4010 1883 4080 σώματος

1985 3998 2201 4052 formati
2241 4007 2393 4063 sunt,
2420 4006 2474 4052 et
2506 3997 2968 4065 incorruptionem
3001 3996 3266 4063 corporis,
3300 3994 3558 4048 divinita-

307 4092 637 4163 ἀφθαρσίαν,
665 4096 757 4148 καὶ
779 4094 839 4147 τὸ
864 4096 964 4166 τῆς
997 4097 1249 4169 θεότητος
1278 4100 1515 4171 ἀσφαλὲς
1538 4102 1632 4155 καὶ
1661 4105 1882 4174 ἐρηρει-

1985 4093 2157 4160 tisque
2194 4089 2506 4143 ﬁrmitatem
2577 4103 2640 4144 ac
2693 4088 3044 4170 stabilitawn
3100 4103 3196 4158 per
3264 4089 3555 4159 gratuitam

306 4185 526 4254 σμένον,
564 4184 641 4245 ώς
674 4187 732 4238 ὲν
764 4186 978 4255 μεθέξει
1008 4189 1100 4242 καὶ
1128 4190 1269 4243 κατά
1307 4191 1488 4263 χάριν,
1519 4192 1614 4247 καὶ
1649 4193 1882 4247 είσάπαν

1983 4178 2444 4251 participationem
2475 4177 2525 4233 in
2547 4179 2859 4234 universum
2885 4179 3174 4233 humanum
3194 4194 3363 4246 genus
3382 4189 3559 4233 trans-

303 4273 416 4347 lyp.
439 4276 517 4337 είς
545 4271 713 4345 ἀπαν]
739 4274 841 4345 ἥδη
866 4277 926 4328 τὸ
953 4277 1292 4348 ἀνθρώπινον
1322 4283 1667 4357 παραπέμψῃ
1698 4284 1876 4352 γένος.

1989 4272 2185 4327 mittet.
2215 4269 2367 4338 Quod
2391 4270 2606 4338 quidem
2629 4285 2751 4325 cum
2784 4278 2969 4324 nosset
2993 4269 3209 4324 divinus
3235 4268 3459 4331 Paulus,
3483 4269 3553 4324 ita

306 4365 417 4420 Καὶ
437 4363 593 4418 τοῦτο
613 4363 768 4427 εἰδὼς
786 4368 813 4419 ό
834 4366 1120 4432 θεσπέσιος
1143 4371 1344 4440 γράφει
1365 4372 1577 4437 Παῦλος
1596 4392 1611 4407 ο
1638 4395 1655 4426 ι
1669 4376 1881 4447 Ὥσπερ

1982 4364 2169 4420 scribit
2200 4379 2214 4415 :
2251 4383 2269 4415 ι
2307 4361 2776 4430 Quemadmodum
2806 4362 2951 4416 enim
2986 4362 3317 4433 gestavimus
3368 4363 3561 4434 imagi-

303 4456 411 4528 γάρ
446 4454 789 4525 ὲφορέσαμεν
817 4457 917 4527 τὴν
961 4458 1147 4512 είκόνα
1187 4461 1282 4514 τοῦ
1311 4462 1517 4532 χοϊκοῦ,
1561 4467 1881 4538 φορέσωμεν

1984 4471 2104 4510 nem
2140 4454 2365 4517 terreni,
2396 4463 2669 4525 gestemus
2726 4464 2781 4509 et
2819 4454 3110 4526 imaginem
3149 4453 3469 4508 caelestis“.
3532 4471 3551 4505 ι

304 4546 399 4599 καὶ
425 4546 525 4615 τὴν
552 4543 735 4597 εἰκόνα
763 4544 855 4598 τοῦ
882 4548 1229 4619 ἐπουρανίου.
1258 4570 1275 4602 ι
1299 4553 1495 4607 Εἰκόνα
1529 4556 1627 4626 μὲν
1650 4556 1759 4628 γάρ
1784 4556 1877 4612 τοῦ

1982 4547 2268 4618 Imaginem
2302 4546 2499 4601 terreni
2535 4545 2745 4627 vocavit
2779 4545 3092 4601 labilitatem
3140 4546 3205 4600 ad
3241 4556 3513 4615 peccatum
3538 4586 3554 4611 ,

305 4635 512 4705 χοϊκοῦ,
554 4635 615 4688 τὸ
662 4636 938 4691 εῦόλισθον
977 4638 1079 4709 ἔφη
1117 4640 1254 4712 πρὸς
1305 4645 1601 4717 ἁμαρτίαν,
1641 4650 1736 4702 καὶ
1788 4650 1933 4721 τὸν[

1928 4663 1955 4719 )
1982 4650 2036 4696 et
2062 4652 2288 4696 mortem
2318 4638 2442 4694 inde
2474 4638 2629 4692 nobis
2656 4637 3077 4695 incumbentem.
3106 4634 3395 4709 Imaginem
3428 4652 3556 4691 vero

304 4724 550 4780 ἐντεῦθεν
568 4727 698 4796 ἡμῖν
724 4727 1084 4797 ὲπιρριφέντα
1111 4729 1341 4786 θάνατον
1365 4751 1379 4764 ·
1404 4736 1586 4789 εἰκόνα
1608 4737 1665 4791 δὲ
1686 4735 1752 4793 αὗ
1781 4739 1875 4793 τοῦ

1983 4732 2242 4797 cmlestis,
2270 4731 2371 4786 hoc
2390 4729 2721 4793 estChristi,
2775 4730 3088 4785 ﬁrmitatem
3134 4731 3201 4783 ad
3252 4728 3557 4784 sanctiﬁca—

303 4818 652 4887 ἐπουρανίου,
685 4818 933 4872 τουτέστι
963 4820 1225 4889 Χριστοῦ,
1265 4824 1327 4877 τὸ
1368 4825 1579 4895 ἑδραῖον
1609 4831 1687 4893 εἰς
1716 4831 1878 4899 ἁγια-

1983 4820 2207 4884 tionem,
2238 4817 2581 4887 reditumque
2612 4827 2668 4872 et
2696 4818 3143 4873 instaurationem
3177 4834 3244 4872 ex
3300 4828 3473 4872 morte
3501 4828 3556 4872 et

306 4906 462 4978 σμδν,
492 4909 585 4961 καί
608 4908 707 4980 τὴν
741 4912 807 4962 ὲκ
829 4908 1060 4965 θανάτου
1090 4915 1183 4967 καὶ
1214 4915 1421 4987 φθορᾶς
1443 4912 1780 4994 ἀνακομιδήν
1817 4941 1876 4977 τε

1982 4910 2324 4981 corruptione
2385 4909 2451 4963 ad
2502 4910 2960 4979 incorruptionem
3019 4920 3073 4966 et
3127 4912 3309 4965 vitam.
3363 4910 3554 4965 Totum

304 4997 400 5050 atati.
422 4998 760 5051 ἀνακαίνισιν
790 5000 871 5062 εἰς
904 5000 1213 5071 ἀφθαρσίαν
1244 5004 1337 5055 καὶ
1377 5002 1543 5076 ζωήν.
1574 5006 1736 5060 Ὅλον
1774 5005 1869 5063 οὖν

1983 5002 2167 5071 itaque
2195 5002 2427 5058 Verbum
2481 5005 2577 5059 toti
2637 5006 2842 5062 homini
2902 5007 3113 5059 unitum
3155 5018 3275 5057 esse
3304 5003 3553 5057 dicimus.

304 5086 410 5156 ὅλῳ
436 5090 773 5159 συνηνῶσθαί
814 5109 994 5162 φαμεν
1028 5092 1299 5165 ἀνθρώπῳ
1330 5094 1419 5148 τὸν
1441 5097 1633 5165 Λόγον.
1666 5101 1739 5153 Οὐ
1766 5104 1873 5173 γάρ

1986 5096 2127 5150 Nihil
2161 5097 2304 5151 enim
2336 5097 2532 5153 melius
2556 5099 2607 5152 in
2639 5099 2814 5163 nobis,
2872 5099 2975 5152 hoc
3035 5105 3140 5161 est,
3167 5096 3219 5149 in
3256 5096 3434 5149 anima
3461 5111 3556 5148 no-

306 5194 409 5231 που
440 5177 501 5230 τὸ
529 5177 753 5248 ἄμεινον
788 5181 847 5232 ὲν
879 5183 1031 5251 ἡμῖν,
1063 5182 1309 5236 τουτέστι
1331 5183 1530 5256 ψυχὴν,
1563 5188 1777 5253 οὐδενὸς
1808 5191 1874 5244 ἂν

1982 5196 2091 5240 stra
2137 5184 2427 5255 eli‘ecisset,
2464 5189 2508 5243 si
2541 5190 2593 5243 in
2621 5190 2788 5245 solam
2812 5202 3030 5246 carnem
3069 5187 3332 5242 adventus
3362 5188 3443 5241 sui
3476 5187 3553 5240 la-

304 5266 504 5336 ὴξίωσε
532 5267 712 5336 λόγου,
741 5269 876 5342 μόνῃ
908 5272 1248 5343 δωρούμενος
1275 5276 1338 5345 τῇ
1377 5276 1543 5348 σαρκὶ
1568 5280 1666 5349 τῆς
1688 5280 1874 5352 ἐπιδη-

1981 5276 2141 5331 bores
2168 5293 2232 5333 ac
2253 5277 2460 5334 fructus
2489 5281 2826 5339 contulisset.
2874 5282 2946 5338 At
2987 5295 3115 5337 vero
3147 5295 3243 5351 per
3268 5288 3556 5349 utrumque

306 5360 435 5429 μίας
461 5359 586 5423 τοὺς
609 5362 827 5425 πόνους.
856 5365 1186 5435 Ἐπράττετο
1211 5366 1266 5419 δὲ
1288 5366 1354 5422 δι’
1377 5370 1545 5439 ἄμφω
1574 5372 1753 5438 καλῶς
1776 5376 1873 5445 τῆς

1980 5367 2203 5437 pulchre
2250 5370 2499 5427 elTectum
2565 5384 2651 5429 est
2734 5375 3157 5445 dispensationis
3212 5374 3551 5446 mysterium.

302 5448 615 5519 οἰκονομίας
642 5449 702 5503 τὸ
729 5452 1053 5523 μυστήριον.
1085 5456 1507 5527 Προσεχρήσατο
1538 5458 1596 5512 δὲ
1622 5458 1874 5532 καθάπερ

1974 5458 2116 5516 Usus
2140 5470 2319 5516 autem
2341 5472 2424 5518 est
2453 5465 2615 5520 veluti
2648 5468 3009 5523 instrumento
3058 5466 3277 5537 propria
3335 5466 3550 5537 quidem

300 5539 536 5610 ὀργάνῳ,
564 5541 630 5611 τῇ
663 5541 762 5611 μὲν
790 5540 894 5611 ίδίᾳ
924 5544 1109 5613 σαρκὶ,
1143 5545 1280 5615 πρὸς
1306 5546 1374 5599 τὰ
1416 5548 1617 5618 σαρκὸς
1647 5548 1785 5621 ἔργα
1814 5568 1873 5603 τε

1971 5567 2159 5617 carne,
2198 5555 2263 5607 ad
2322 5556 2506 5611 carnis
2551 5572 2741 5627 opera,
2795 5566 2852 5612 et
2903 5557 3180 5613 naturales
3231 5557 3471 5620 morbos,
3499 5563 3554 5610 et

301 5631 395 5684 καὶ
422 5631 838 5701 ἀρρωστήματα
867 5635 1091 5701 φυσικὰ.
1127 5636 1222 5689 xa‘t
1260 5637 1360 5690 ὅσα
1396 5636 1588 5708 μώμου
1629 5642 1868 5712 μακράνο

1971 5634 2301 5715 quaecunque
2331 5647 2755 5717 reprehensione
2788 5658 2979 5705 carent
3008 5664 3023 5701 :
3056 5660 3112 5704 et
3143 5664 3330 5707 rursus
3359 5647 3549 5713 etiam,

304 5719 442 5793 θυΧῇ
464 5720 523 5776 δὲ
550 5717 619 5777 αὖ
644 5725 709 5793 τῇ
736 5722 863 5793 ἰδίᾳ,
883 5724 1019 5795 πρὸς
1047 5724 1114 5778 τά
1135 5725 1453 5811 ἀνθρώπινά
1475 5746 1532 5781 τε
1561 5731 1656 5783 καὶ
1696 5735 1868 5785 ἀνυπο

1972 5736 2186 5805 propria
2226 5737 2404 5791 anima
2450 5738 2516 5794 ad
2556 5739 2822 5795 humanas
2867 5750 2921 5795 et
2942 5741 3058 5798 vitii
3104 5752 3353 5814 expertes
3418 5739 3553 5797 aite-

372 5893 416 5925 ⁸τ
439 5892 600 5951 Hebr.
628 5913 667 5963 ι,
704 5898 787 5963 li,
817 5899 897 5953 l5.
978 5900 1021 5931 ³⁸
1049 5898 1199 5959 liora.
1235 5917 1351 5969 vnt,
1382 5903 1430 5969 -ί,
1459 5904 1508 5961 5.
1589 5908 1628 5939 δν
1668 5907 1767 5963 lsa.
1804 5926 1922 5975 thl.
1961 5912 1992 5968 9

1416 5944 1430 5969 ,
1459 5904 1508 5961 5.
1589 5908 1628 5939 3’
1668 5907 1767 5963 lsa.
1804 5926 1922 5975 un.
1961 5912 2027 5976 9;
2057 5910 2072 5965 l
2106 5911 2247 5969 Pctr.
2276 5930 2335 5981 ιι,
2375 5913 2465 5971 τε.
2546 5918 2587 5949 ἰο
2626 5915 2641 5970 l
2674 5915 2797 5974 Cor.
2837 5935 2924 5984 Xv,
2952 5918 3041 5976 .59.
