4122 6528
568 475 707 533 i215

1587 469 1647 528 8.
1686 468 1962 527 CYRILLI
2004 467 2473 525 ALEXANDRINI
2513 465 2836 523 ARClllEl'.

3680 471 3834 526 ιεισ

569 602 799 651 ctiones.
838 591 1085 648 Esurisse
1106 591 1251 647 enim
1275 591 1493 657 dicitur,
1517 599 1572 646 et
1602 590 1815 647 labores
1845 607 1912 647 ex
1960 590 2135 663 longis

2242 590 2390 645 αίτια
2432 588 2603 661 πάθη.
2652 590 2913 656 Πεινῆσαι
2954 587 3063 661 γάρ
3102 586 3346 657 λέγεται,
3385 588 3590 654 κόπους
3623 607 3687 644 τε
3722 592 3837 645 ὑπ-

566 683 988 755 prol'ectionibus
1018 678 1299 749 tolerasse,
1332 695 1585 754 pavorem
1623 681 1787 737 etiam
1838 696 1901 738 ac
1946 691 2141 748 metus,

564 776 804 831 dolorem
832 784 887 830 et
927 788 1237 840 maerorem,
1297 783 1527 831 mortem
1592 773 1825 844 denique
1875 773 1927 828 in
1982 788 2144 829 cruce

565 870 821 925 subiisse.
850 866 1089 937 Cogente
1127 869 1270 925 enim
1300 868 1515 923 nemine
1583 867 1820 923 animam
1856 882 2008 923 suam
2045 882 2143 938 pro

567 961 727 1016 nobis
755 960 1017 1031 posuit“,
1053 969 1110 1014 ut
1146 959 1373 1015 mortuis
1406 958 1563 1015 simul
1589 968 1645 1015 et
1693 960 1997 1015 viventibus
2047 961 2145 1013 do-

568 1052 805 1105 minetur
830 1050 896 1105 ".
921 1050 1153 1107 Carnem
1183 1065 1414 1119 namque
1445 1064 1597 1104 suam
1629 1062 1727 1119 pro
1757 1050 1996 1106 omnium
2020 1064 2143 1103 car-

569 1160 636 1200 ne
665 1143 999 1213 persolvens,
1027 1145 1223 1199 donum
1260 1158 1446 1198 revera
1493 1143 1744 1198 erunibus
1791 1141 2138 1212 azquivalens,

569 1238 806 1292 animam
837 1236 998 1290 etiam
1032 1251 1183 1290 suam
1219 1234 1458 1288 omnium
1492 1236 1793 1287 animarum
1819 1232 2140 1300 redemptio-

569 1328 654 1381 nis
683 1327 914 1396 pretium
948 1326 1120 1389 dedit,
1148 1326 1359 1379 tametsi
1416 1342 1630 1379 rursum
1690 1325 1966 1387 revixerit,
2028 1325 2134 1374 vita

567 1415 887 1471 naturaliter
927 1416 1219 1481 exsistens,
1276 1425 1333 1470 ut
1373 1415 1532 1470 Deus.
1586 1413 1797 1469 idcirco
1828 1422 1882 1469 et
1921 1413 2139 1467 divinus

564 1507 759 1563 Petrus
789 1508 858 1561 ita
892 1509 1002 1561 ait:
1047 1526 1065 1558 ι
1104 1506 1214 1562 Viri
1250 1506 1469 1573 fratres,
1525 1506 1685 1562 liceat
1754 1505 2017 1560 audenter
2059 1504 2141 1557 di-

564 1612 691 1652 cere
710 1596 776 1651 ad
804 1614 900 1652 vos
931 1598 998 1653 de
1027 1598 1333 1667 patriarcha
1373 1596 1828 1667 David,quonism
1855 1596 2139 1652 defunctus

561 1696 651 1742 est
682 1697 738 1742 et
770 1688 1014 1759 sepultus
1046 1698 1149 1753 εει,
1180 1694 1233 1742 et
1274 1688 1579 1757 sepulcrum
1609 1686 1724 1755 ejus
1753 1694 1838 1742 est
1864 1684 2004 1757 apud
2043 1700 2140 1740 nos

564 1777 821 1850 usquerin
864 1778 1185 1835 hodiernum
1220 1779 1383 1834 diem.
1410 1780 1673 1849 Propheta
1704 1779 1865 1850 igitur
1892 1791 2014 1832 cum
2055 1791 2141 1833 es-

564 1878 667 1933 set,
688 1880 744 1925 et
770 1870 935 1925 sciret
964 1869 1704 1939 quiajurejurandojurasset
1756 1868 1829 1923 illi
1893 1868 2037 1924 Deus
2073 1869 2140 1922 de

2245 685 2489 749 ενεγκεῖν
2517 681 2645 744 τοὺς
2685 683 2749 733 ὲκ
2786 678 3013 751 μακρῶν
3036 679 3375 750 όδοιποριῶν,
3420 681 3614 746 πτοίας
3642 698 3703 736 τε
3737 686 3838 736 καὶ

2246 773 2466 843 φόϐους,
2504 772 2599 825 καὶ
2644 771 2823 841 λύπην
2860 770 2955 824 κα)⁸
3000 770 3266 838 ἀγωνίαν,
3314 772 3409 824 καὶ
3456 772 3551 825 τὸν
3611 774 3705 827 ἐπὶ
3757 774 3839 842 τῷ

2245 864 2465 936 σταυρῷ
2492 863 2739 919 θάνατον.
2779 862 3281 930 Ἐπαναγκάζοντος
3316 862 3425 934 γὰρ
3456 864 3696 927 οὐδενὸς,
3743 866 3839 917 τέο

2243 957 2424 1011 θεικεν
2442 957 2535 1024 ἀφ’
2557 954 2754 1007 ἑαυτοῦ
2775 954 2873 1024 τὴν
2897 951 3034 1006 ἰδίαν
3063 951 3241 1023 ψυχὴν
3259 952 3399 1023 ὑπὲρ
3422 953 3601 1023 ἡμῶν,
3623 954 3713 1007 (va
3734 954 3840 1006 καὶ

2243 1048 2453 1119 νεκρῶν
2483 1047 2576 1102 καὶ
2608 1044 2825 1111 ζώντων
2853 1044 3140 1116 κυριεύσῃ.
3170 1044 3359 1115 Σάρκα
3404 1044 3506 1114 μὲν
3546 1046 3647 1114 τὴν
3689 1046 3837 1098 ἰδίαν

2240 1140 2339 1211 τῆς
2380 1138 2636 1192 ἀπάντων
2688 1136 2889 1206 σαρκὸς
2930 1135 3347 1200 ἀνταποτιννὺς,
3395 1136 3567 1207 δῶρον
3597 1136 3831 1205 ἀληθῶς

2241 1229 2513 1293 ἀντάξιον,
2554 1226 2731 1299 ψυχὴν
2769 1227 2827 1279 δὲ
2856 1226 3034 1297 ψυχῆς
3067 1226 3384 1298 ἀντίλυτρον
3418 1230 3517 1299 τῆς
3562 1228 3839 1282 ἁπάντων

2242 1320 2587 1389 ποιούμενος,
2630 1322 2678 1371 εί
2733 1320 2825 1372 καὶ
2868 1318 3072 1372 ἀνεϐίω
3103 1318 3287 1384 πάλιν,
3315 1319 3427 1389 ζωὴ
3477 1318 3616 1372 κατά
3660 1319 3837 1389 φύσιν

2242 1414 2501 1483 ὑπάρχων
2546 1412 2621 1476 ὡς
2654 1412 2810 1473 Θεός.
2862 1413 2970 1466 Καὶ
3003 1412 3133 1480 γοῦν
3179 1413 3207 1465 ὁ
3250 1412 3542 1478 θεσπέσιος
3588 1414 3829 1485 Πέτρος,

2246 1522 2265 1556 ι
2292 1504 2520 1574 ’Ἄνδρες
2548 1503 2793 1572 ἀδελφοὶ,
2825 1503 3012 1574 φησὶν,
3044 1503 3164 1570 ἰξὺν
3204 1506 3379 1557 εἰπεῖν
3426 1504 3566 1575 μετά
3598 1507 3835 1574 παρῤη-

2242 1594 2361 1657 σίας
2391 1593 2526 1662 πρὸς
2548 1593 2692 1661 ὑμᾶς
2716 1591 2845 1663 περὶ
2882 1592 2979 1645 τοῦ
3017 1593 3357 1663 πατριάρχου
3392 1594 3577 1655 Δαϐὶδ,
3600 1594 3683 1647 ὅτι
3725 1596 3836 1646 καὶ

2238 1686 2560 1758 ἐτελεύτησε
2586 1684 2683 1738 καὶ
2718 1685 2914 1754 ἐτάφη,
2948 1685 3044 1738 καὶ
3068 1686 3127 1738 τὸ
3156 1685 3348 1755 μνῆμα
3379 1686 3544 1738 αὐτοῦ
3579 1686 3729 1737 ἐστιν
3763 1685 3833 1736 ὲν

2238 1780 2370 1849 ἡμῖν
2408 1777 2535 1848 ἄχρι
2558 1776 2658 1845 τῆς
2680 1776 2892 1846 ¹ἡμέρας
2923 1775 3149 1843 ταύτης.
3195 1775 3486 1847 Προφήτης
3520 1770 3611 1827 οὖν
3637 1774 3831 1846 ὑπάρ-

2239 1885 2371 1938 χων,
2402 1868 2495 1920 καῖ¹
2534 1864 2711 1928 είδὼς,
2735 1866 2818 1918 ὅτι
2863 1866 3011 1934 ὅρκῳ
3055 1863 3274 1934 ὤμοσεν
3319 1864 3468 1934 αὐτῷ
3499 1867 3526 1917 ό
3556 1864 3709 1925 Θεὸς,
3751 1866 3831 1917 ὲκ

565 1957 742 2014 i‘ructu
770 1958 935 2014 lumbi
962 1959 1079 2029 ejus
1102 1961 1291 2014 sedere
1325 1973 1490 2029 super
1517 1959 1699 2014 sedem
1743 1958 1882 2025 ejus,
1942 1957 2133 2026 prmio

2242 1956 2459 2029 καρποῦ
2500 1954 2604 2026 τῆς
2649 1954 2851 2023 ὀσφύος
2895 1953 3059 2007 αὐτοῦ
3094 1953 3317 2007 καθίσαι
3359 1955 3454 2007 ἐπὶ
3498 1955 3591 2008 τὸν
3627 1956 3830 2026 θρόνον

563 2050 700 2104 dens
725 2048 940 2105 locutus
962 2058 1044 2104 est
1075 2049 1143 2104 de
1172 2052 1567 2105 resurrectione
1596 2049 1818 2114 Christi,
1874 2048 1995 2118 quia
2043 2061 2138 2102 ne-

452 2188 457 2193 .
564 2152 670 2203 que
692 2136 953 2192 derelicta
977 2150 1059 2193 est
1095 2139 1147 2193 in
1175 2138 1386 2192 inferno
1413 2140 1591 2193 anima
1621 2141 1759 2206 ejus,
1787 2153 1965 2210 neque
2011 2152 2140 2193 caro

561 2227 682 2296 ejus
706 2228 843 2283 vidit
874 2228 1275 2297 corruptionem
1304 2227 1371 2283 “.
1406 2247 1423 2279 ι
1468 2227 1650 2297 Neque
1681 2229 1825 2282 enim
1880 2228 1959 2282 fas
1979 2225 2140 2283 luerit

563 2321 741 2375 dicere
763 2330 1034 2390 perpetuae
1063 2320 1702 2391 corruptioniobuoxiam
1742 2334 1863 2375 esse
1903 2321 2141 2391 potuisse

561 2424 783 2464 carnem
817 2407 992 2464 Verbo
1018 2410 1263 2475 unitam;
1309 2425 1481 2478 neque
1512 2424 1698 2464 rursus
1751 2409 1985 2464 divinam
2024 2411 2141 2464 ani-

565 2515 706 2553 mam
733 2502 905 2569 portis
934 2500 1128 2555 inferni
1158 2499 1477 2568 subjectam.
1512 2498 1644 2554 Nam
1668 2500 1721 2555 in
1745 2499 1958 2555 inferno
1985 2501 2140 2555 dere-

562 2592 724 2645 lictus
753 2601 979 2657 nonest,
1003 2600 1061 2646 ut
1081 2592 1295 2647 divinus
1326 2590 1489 2663 693
1512 2590 1705 2646 Petrus
1728 2590 1823 2646 ait.
1848 2588 1964 2646 Non
1995 2591 2137 2645 enim

566 2691 813 2735 naturam
842 2696 961 2751 quae
993 2697 1021 2735 a
1046 2692 1221 2738 morte
1237 2682 1624 2751 comprehendi
1657 2690 1711 2736 et
1738 2681 1879 2737 vinci
1904 2698 2008 2736 non
2045 2698 2138 2751 po-

564 2782 691 2835 test.
721 2771 825 2828 hoc
845 2782 952 2838 est,
989 2773 1329 2829 divinitatem
1358 2772 1653 2842 Uuigeniti.
1696 2787 1727 2829 e
1767 2773 2137 2827 subterraneis

564 2864 831 2933 specubus
868 2865 1143 2919 reductam
1196 2863 1292 2919 ait.
1350 2862 1537 2933 Neque
1596 2862 1740 2917 enim
1774 2860 2137 2917 admiratione

562 2955 720 3025 digna
750 2970 835 3009 res
853 2965 1019 3019 esset,
1047 2955 1094 3009 si
1131 2970 1236 3009 non
1285 2940 1484 3009 mansit
1517 2954 1569 3007 in
1627 2952 1841 3007 inferno
1874 2950 2134 3015 Verbum,

560 3047 703 3118 quod
740 3047 969 3101 Deitatis
994 3044 1229 3100 eliicacia
1254 3054 1308 3100 et
1332 3056 1526 3099 natura
1574 3041 1882 3099 admirabili
1954 3049 2008 3096 et
2052 3056 2138 3095 ra-

562 3144 762 3195 tionem
786 3140 1084 3193 excedente
1111 3139 1267 3193 modo
1279 3138 1464 3193 omnia
1492 3136 1678 3203 implet
1701 3134 1993 3203 omniaque
2008 3144 2135 3202 per-

561 3238 725 3283 meat.
753 3226 1013 3296 Superior
1033 3226 1178 3281 enim
1210 3238 1293 3282 est
1337 3227 1486 3282 omni
1522 3227 1639 3282 loco
1688 3236 1741 3280 et
1789 3222 2135 3280 circumscri-

2242 2048 2434 2111 αὑτοῦ,
2479 2047 2718 2118 προϊδὼν
2762 2046 2993 2116 ὲ).άλησε
3033 2047 3165 2117 περὶ
3195 2046 3296 2115 τῆς
3346 2046 3697 2109 ἀναστάσεως
3722 2046 3830 2101 τοῦ

2241 2136 2503 2210 Χριστοῦ,
2545 2137 2628 2190 ὃτι
2667 2135 2790 2189 οὔτε
2842 2134 3238 2205 ἐγκατελείφθη
3295 2138 3374 2198 είς
3408 2135 3542 2205 ᾅδην
3584 2138 3615 2205 η
3669 2135 3828 2207 ψυχὴ

2240 2228 2427 2294 αὐτοῦ,
2458 2226 2583 2281 οὔτε
2609 2230 2642 2298 ἡ
2678 2228 2816 2299 σάρξ
2840 2226 3006 2280 αὐτοῦ
3044 2221 3153 2279 εἶδε
3182 2225 3501 2296 διαφθοράν.
3532 2245 3549 2277 ι
3586 2227 3660 2278 Ού
3710 2226 3829 2297 γάρ

2237 2337 2322 2375 τοι
2348 2320 2508 2391 Θέμις
2535 2319 2732 2383 είπεῖν,
2766 2316 2941 2387 φθορᾷ
2976 2315 3075 2385 μὲν
3106 2314 3366 2368 δύνασθαι
3397 2314 3720 2386 κρατεῖσθαι
3741 2314 3831 2367 δι-

2240 2416 2425 2485 ηνεκεῖ
2450 2411 2551 2482 τὴν
2580 2410 2876 2465 ἐνωθεῖσαν
2897 2409 2977 2480 τῷ
3003 2410 3163 2479 Λόγῳ
3195 2408 3394 2478 σάρκα,
3412 2408 3640 2479 κάτοχον
3670 2408 3729 2462 δὲ
3752 2403 3828 2462 αὗ

2236 2508 2358 2570 ταῖς
2397 2505 2525 2576 ᾅδου
2569 2503 2767 2566 πύλαις
2805 2505 2905 2572 τὴν
2956 2502 3110 2556 θείαν
3150 2499 3404 2570 γενέσθαι
3452 2500 3654 2571 ψυχήν.
3705 2502 3831 2554 οὐκ

2239 2595 2637 2666 ⁴ἐγκατελείφθη
2678 2595 2786 2667 γὰρ
2832 2596 2913 2658 είς
2949 2593 3100 2665 ᾅδου,
3148 2592 3297 2647 καθά
3341 2594 3437 2646 καὶ
3466 2594 3495 2645 ό
3532 2593 3827 2657 θεσπέσιος

2239 2688 2343 2757 ἔφη
2366 2686 2594 2758 Πέτρος.
2631 2686 2707 2739 Ού
2746 2685 2855 2754 γάρ
2889 2700 2990 2737 που
3019 2685 3120 2755 τήν
3164 2700 3227 2753 γε
3269 2683 3509 2754 ἄληπτον
3539 2682 3829 2747 παντελῶς

2238 2777 2332 2831 καὶ
2364 2777 2639 2831 ἀνάλωτον
2671 2775 2752 2847 τῷ
2785 2775 3001 2846 θανάτῳ
3038 2774 3222 2845 φύσιν,
3258 2775 3530 2840 τουτέστι,
3566 2775 3665 2847 τὴν
3700 2775 3828 2829 θεό-

2236 2887 2377 2942 τητα
2414 2870 2509 2923 τοῦ
2555 2868 2918 2938 Μονογενοῦς,
2964 2867 3074 2920 τῶν
3106 2867 3210 2921 ὑπὸ
3253 2867 3418 2937 χθόνα
3460 2867 3650 2937 μυχῶν
3687 2868 3827 2921 ἀνα-

2237 2963 2563 3034 κεκομίσθαι
2595 2962 2781 3033 φησίν.
2807 2962 2882 3015 Ού
2910 2962 3017 3032 γάρ
3050 2960 3115 3014 ἂν
3140 2959 3347 3030 ἠξιώθη
3373 2960 3435 3013 τὸ
3466 2961 3653 3031 χρῆμα
3682 2959 3822 3013 θαύ-

2241 3067 2430 3123 ματος,
2470 3054 2517 3103 εί
2554 3052 2629 3122 μὴ
2659 3052 2970 3122 μεμένηκεν
2998 3053 3079 3114 είς
3107 3050 3196 3103 τὸν
3227 3050 3363 3121 ᾅδην
3390 3052 3420 3104 ὁ
3456 3051 3522 3103 εκ
3552 3049 3687 3103 Θεοῦ
3722 3051 3827 3102 Δό-

2237 3160 2354 3212 γος,
2390 3145 2459 3213 τῇ
2492 3143 2593 3213 τῆς
2619 3140 2875 3212 θεότητος
2906 3143 3157 3214 ἐνεργείᾳ
3191 3159 3250 3196 τε
3279 3141 3377 3195 καὶ
3415 3140 3594 3210 φύσει,
3632 3158 3821 3211 παρα-

2236 3232 2404 3299 δόξως
2433 3234 2528 3287 καὶ
2563 3234 2703 3303 ὑπὲρ
2753 3232 2935 3302 λόγον,
2979 3234 3205 3305 πληρῶν
3247 3234 3346 3305 μὶν
3378 3233 3449 3287 τὰ
3487 3235 3687 3297 πάντα,
3726 3238 3823 3287 καὶ

562 3322 768 3389 ptione,
796 3318 1271 3388 magnitudineque
1302 3317 1655 3373 mensurabiii
1690 3315 1894 3381 Deitas,
1926 3328 2025 3370 nec
2070 3314 2139 3368 ab

2245 3297 2359 3385 τοῖς
2387 3297 2572 3377 πᾶσιν
2621 3297 2929 3393 ἐπιδημῶν.
3001 3297 3284 3393 ’Λνωτέρω
3338 3324 3447 3395 γάρ
3495 3325 3686 3388 τόπου,
3728 3324 3821 3377 καὶ

563 3411 671 3467 ullo
700 3410 1027 3465 continetur.
1058 3409 1187 3465 illud
1222 3425 1351 3465 vero
1400 3408 1602 3463 nemini
1651 3424 1756 3463 non
1796 3422 2147 3479 summopere

560 3501 935 3556 admirandum
965 3508 1068 3563 est,
1098 3502 1246 3571 quod
1271 3514 1464 3570 corpus
1498 3509 1686 3554 natura
1741 3515 1835 3556 sua
1881 3500 2147 3568 corrupti-

563 3592 668 3648 bile
696 3593 973 3657 reviset-it,
1028 3591 1293 3662 siquidem
1355 3588 1751 3662 incorruptibili
1811 3590 1989 3648 Verbo
2029 3592 2146 3647 uni-

565 3695 677 3738 tnm
713 3693 852 3739 erat.
877 3683 1070 3738 Anima
1118 3692 1299 3738 autem
1356 3683 1560 3749 divina,
1608 3700 1730 3755 qua:
1791 3700 2145 3756 congressum

561 3785 725 3845 atque
756 3775 1014 3830 unitatem
1056 3790 1177 3831 cum
1208 3770 1384 3831 Verbo
1413 3785 1703 3831 consecuta
1744 3786 1883 3842 erat,
1917 3776 2145 3832 descen-

560 3866 641 3923 dit
669 3865 887 3936 quidem
916 3865 968 3921 in
1002 3865 1294 3935 infernum,
1328 3874 1382 3921 et
1415 3866 1595 3923 divina
1638 3868 1878 3937 potentia
1919 3867 2143 3923 faculta-

561 3971 724 4029 teque
750 3968 931 4026 utens,
952 3958 1119 4013 etiam
1157 3958 1440 4029 spiritibus
1465 3959 1519 4013 in
1556 3957 1771 4016 inl‘erno
1822 3960 2142 4016 constitutis

558 4048 832 4121 apparuit.
852 4048 1058 4106 ideirco
1082 4049 1247 4106 etﬂm
1271 4050 1408 4107 dixit
1438 4051 1505 4108 iis
1525 4051 1617 4122 qui
1639 4050 1691 4105 in
1712 4052 1942 4106 vinculis
1962 4062 2138 4119 erant,

562 4159 586 4193 ε
632 4138 827 4197 Exite:
875 4151 931 4197 et
976 4142 1044 4198 iis
1073 4142 1166 4213 qui
1196 4143 1249 4198 in
1276 4142 1537 4208 tenebris,
1560 4138 1889 4199 Revelamini
1917 4142 1982 4200 “.
2020 4164 2037 4195 ι
2067 4145 2144 4199 Ac

562 4233 697 4287 mihi
727 4232 943 4301 quidem
975 4234 1302 4300 ejuscemodi
1333 4233 1532 4305 aliquid
1568 4234 1749 4289 dicere
1775 4234 1988 4290 videtur
2011 4236 2140 4290 bea-

561 4332 650 4377 tus
682 4321 874 4377 Petrus
902 4322 968 4377 de
987 4322 1163 4380 Verbo
1189 4324 1305 4390 Dei,
1335 4325 1507 4395 deque
1546 4326 1725 4381 anima
1778 4340 1897 4396 quae
1935 4328 1984 4383 ei
2043 4342 2157 4401 per

559 4416 1019 4485 dispensationem
1062 4418 1209 4471 unita
1230 4425 1332 4472 est.
1394 4436 1412 4469 ι
1461 4416 1647 4474 Melius
1704 4428 1809 4485 est,
1866 4421 2138 4490 inquiens,

562 4505 967 4563 benefacientes
995 4506 1064 4579 (si
1096 4507 1346 4563 voluntas
1376 4506 1471 4563 Dei
1504 4510 1652 4581 velit)
1668 4512 1799 4580 pati,
1833 4527 1992 4583 quam
2028 4526 2140 4565 ma-

2249 3411 2633 3483 περιορισμοῦ,
2662 3412 2757 3464 καὶ
2789 3410 3058 3481 μεγέθους
3091 3413 3362 3483 μετρητοῦ
3393 3414 3452 3467 τὸ
3480 3414 3659 3476 Θεῖον,
3688 3414 3823 3467 αὐτὸ

2244 3502 2302 3556 δὲ
2329 3502 2435 3555 ὑπὸ
2464 3501 2691 3573 μηδενὸς
2710 3501 3079 3574 χωρούμενον.
3105 3503 3416 3573 Παράδοξον
3436 3504 3512 3568 δὲ,
3541 3506 3635 3558 καὶ
3648 3505 3822 3558 οὐδενὶ

2246 3591 2354 3651 τῶν
2384 3594 2556 3649 όντων
2579 3593 2954 3665 ἀθαύμαστον,
2994 3594 3077 3647 ὅτι
3108 3593 3267 3664 σῶμα
3302 3594 3401 3665 μὲν
3434 3595 3635 3649 ἀνεϐίω
3662 3595 3725 3649 τὸ
3754 3597 3821 3664 τῇ

2246 3686 2405 3756 φύσει
2462 3684 2719 3756 φθαρτὸν,
2763 3686 3038 3756 συνήνωτο
3065 3683 3175 3755 γάρ
3208 3685 3287 3755 τῷ
3328 3684 3588 3756 ἀφθάρτῳ
3637 3687 3818 3756 Λόγῳ.

2246 3776 2407 3847 Ψυχὴ
2440 3774 2498 3828 δὲ
2535 3776 2569 3846 ή
2616 3775 2758 3839 θεία,
2810 3774 2907 3846 τὴν
2938 3775 3076 3846 πρὸς
3130 3775 3293 3829 αὐτὸν
3325 3776 3569 3848 λαχοῦσα
3601 3778 3816 3848 συνδρο-

2248 3869 2356 3937 μήν
2385 3883 2444 3920 τε
2474 3866 2571 3920 καὶ
2589 3866 2784 3920 ἕνωσιν
2812 3865 3260 3936 καταπεφοίτηκε
3288 3864 3390 3936 μὲν
3412 3866 3491 3929 είς
3521 3865 3673 3936 ᾅδου,
3701 3865 3819 3919 θεο-

2245 3960 2449 4031 πρεπεϊ
2481 3957 2786 4029 δὲδυνάμει
2840 3957 2934 4011 καὶ
2971 3956 3191 4030 ἐξουσία
3233 3959 3527 4030 χρωμένη,
3579 3960 3675 4012 καὶ
3708 3962 3818 4023 τοῖς

2245 4052 2426 4105 ἐκεῖσε
2458 4049 2742 4121 πνεύμασι
2770 4048 3150 4119 κατεφαίνετο.
3179 4049 3473 4121 Τοιγάρτοι
3497 4050 3591 4104 καὶ
3615 4050 3816 4119 ἔφασκε

2243 4144 2355 4206 τοῖς
2388 4142 2446 4195 ὲν
2469 4141 2710 4212 δεσμοῖς,
2744 4159 2763 4192 ι
2799 4140 3099 4207 Ἐξέλθετε,
3134 4140 3229 4194 καὶ
3264 4142 3378 4205 τοῖς
3416 4142 3473 4194 ὲν
3511 4140 3588 4212 τῷ
3615 4140 3817 4207 σκότει,

2256 4233 2724 4305 ’Λνακαλύφθητι
2761 4252 2780 4286 ι
2809 4233 2919 4287 Καί
2970 4250 3063 4305 μοι
3091 4232 3261 4300 δοκεῖ,
3297 4234 3461 4304 φάναι
3486 4252 3539 4288 τι
3574 4233 3815 4287 τοιοῦτον

2242 4327 2340 4381 καὶ
2368 4329 2397 4381 ό
2428 4326 2704 4399 μακάριος
2732 4327 2940 4399 Πέτρος
2970 4326 3100 4397 περί
3127 4342 3188 4380 τε
3212 4326 3307 4381 τοῦ
3335 4325 3469 4380 Θεοῦ
3500 4326 3695 4395 Λόγου,
3724 4327 3815 4379 καὶ

2243 4419 2341 4488 τῆς
2400 4418 2525 4473 καθ’
2573 4420 2771 4473 ἕνωσιν
2832 4419 3185 4490 οἰκονομικὴν
3227 4418 3602 4488 γεγενημένης
3649 4416 3816 4471 αὐτοῦ

2240 4508 2438 4580 ψυχῆς,
2469 4528 2488 4561 ι
2516 4509 2776 4581 Κρεῖττον
2821 4508 2930 4581 γάρ
2980 4506 3469 4577 ἀγαθοποιοῦντας,
3501 4508 3550 4559 εί
3584 4506 3726 4559 θέλοι
3757 4506 3815 4559 τὲ

562 4598 898 4665 iei'acientes,
951 4600 1077 4669 quia
1132 4606 1186 4655 et
1237 4597 1487 4656 Christus
1532 4603 1699 4657 semel
1748 4619 1843 4673 pro
1907 4604 2139 4696 peccatis

2243 4599 2454 4672 θέλημα
2479 4599 2575 4653 τοῦ
2596 4598 2755 4665 Θεοῦ,
2790 4600 3043 4670 πάσχειν,
3068 4600 3100 4671 ἢ
3137 4596 3587 4662 κακοποιοῦντας,
3613 4598 3697 4650 ὅτι
3724 4598 3815 4650 καὶ

562 4701 815 4746 mortuus
837 4701 937 4755 est,
962 4690 1141 4760 justus
1178 4704 1274 4762 pro
1295 4691 1530 4760 injustis,
1556 4703 1615 4747 ut
1640 4706 1739 4749 nos
1764 4693 1981 4750 oii'erret
2002 4690 2130 4760 Deo,

561 4780 919 4836 mortiﬁcatus
966 4781 1181 4852 quidem
1213 4796 1399 4848 carne,
1432 4782 1737 4839 viviilcatus
1765 4792 1946 4839 autem
2010 4785 2134 4856 Spi-

561 4873 666 4927 ritu
698 4889 713 4927 :
750 4873 805 4927 In
826 4889 952 4943 quo,
991 4874 1183 4944 inquit,
1212 4875 1350 4931 etiis
1373 4876 1463 4945 qui
1509 4875 1562 4931 in
1593 4891 1815 4932 carcere
1842 4877 2133 4946 erant.spi-

562 4964 753 5019 ritibus
781 4964 1000 5020 veniens
1029 4965 1360 5037 praedicavit,
1401 4966 1492 5037 qui
1541 4966 1832 5036 aliquando
1868 4966 2129 5022 increduli

560 5055 773 5111 fuerant
797 5055 864 5110 ".
893 5075 910 5107 ι
939 5055 1119 5126 Neque
1134 5058 1302 5123 enim,
1332 5067 1391 5113 ut
1414 5057 1671 5122 arbitror,
1698 5057 1917 5120 dixerit,
1940 5058 2136 5111 nudam

560 5146 840 5218 solamque
869 5163 965 5218 per
990 5161 1050 5201 se
1072 5149 1333 5205 Deitatem
1360 5148 1634 5219 Unigeniti
1669 5150 1719 5203 in
1740 5147 2007 5202 infernum
2041 5148 2135 5203 de-

560 5240 837 5294 scendisse
877 5255 892 5291 :
927 5241 1196 5309 siquidem
1222 5240 1514 5296 invisibilis
1548 5240 1815 5295 exsislens
1862 5239 2139 5310 spiritibus

561 5326 651 5395 qui
680 5326 791 5382 illic
812 5339 991 5395 erant,
1015 5330 1315 5399 prtedicare
1344 5332 1570 5388 omnino
1604 5347 1708 5387 non
1772 5333 1966 5402 potuit.
1994 5330 2139 5385 Prae-

560 5418 791 5473 stantior
819 5421 963 5475 enim
995 5431 1077 5477 est
1114 5420 1296 5480 Deitas
1330 5439 1489 5494 quam
1533 5433 1591 5479 ut
1625 5425 1771 5480 cerni
1810 5424 2009 5495 possit:
2046 5423 2139 5479 sed

488 5548 492 5552 .
564 5523 739 5577 neque
768 5510 1085 5582 imaginaria
1119 5516 1350 5584 quadam
1379 5516 1689 5585 apparentia
1718 5515 2055 5571 divinitatem
2088 5515 2138 5568 in

562 5598 759 5654 animte
804 5601 1039 5672 speciem
1097 5603 1537 5661 transformatam
1606 5607 1996 5670 concedemus;
2048 5606 2139 5659 sed

562 5689 791 5758 perinde
818 5700 982 5761 atque
1008 5693 1075 5749 iis
1102 5696 1193 5765 qui
1228 5695 1404 5751 adhuc
1440 5696 1492 5751 in
1515 5711 1680 5752 carne
1728 5705 2038 5762 versantur,
2066 5698 2135 5751 ita

2240 4694 2269 4745 ὁ
2307 4692 2543 4765 Χριστὸς
2589 4692 2739 4756 ἀπαξ
2787 4692 2926 4763 ὑπὲρ
2971 4690 3257 4761 ἁμαρτιῶν
3296 4688 3533 4743 ἀπέθανε
3556 4729 3571 4754 ,
3610 4689 3816 4752 δίκαιος

2242 4784 2383 4853 ὑπὲρ
2414 4782 2640 4845 ἀδίκων,
2664 4783 2732 4835 ἵν’
2766 4784 2915 4854 ἡμᾶς
2935 4783 3265 4854 προσαγάγῃ
3302 4780 3380 4851 τῷ
3406 4779 3545 4850 Θεῷ,
3571 4781 3811 4835 θανατω-

2241 4875 2353 4939 θεὶς
2371 4856 2557 4946 σαρκὶ,
2584 4874 2936 4945 ζωοποιηθεὶς
2966 4875 3023 4927 δὲ
3048 4873 3339 4943 πνεύματιο
3358 4872 3444 4924 Ἐν
3463 4864 3526 4939 ᾧ,
3545 4871 3701 4941 φησὶ,
3726 4871 3817 4923 καὶ

2240 4971 2355 5032 τοῖς
2384 4970 2443 5021 ὲν
2467 4968 2686 5038 φυλακῇ
2721 4968 2993 5038 πνεύμασι
3031 4965 3315 5037 πορευθεὶς
3341 4963 3628 5034 ἐκήρυξεν,
3657 4964 3821 5016 ἀπει-

2242 5060 2439 5131 θήσασί
2471 5075 2624 5111 ποτε.
2663 5078 2680 5109 ι
2728 5058 2862 5111 Οὐδὲ
2890 5057 2999 5128 γὰρ
3028 5053 3183 5127 οἶμαι
3220 5059 3377 5125 φαῖεν
3409 5054 3495 5119 ἂν,
3528 5054 3605 5117 ὼς
3634 5054 3823 5125 γυμνὴ

2241 5151 2335 5204 καὶ
2361 5151 2481 5204 καθ’
2506 5149 2705 5220 ἑαυτὴν
2719 5151 2753 5220 ὴ
2771 5149 2972 5219 Θεότης
2994 5148 3087 5202 τοῦ
3116 5146 3471 5216 Μονογενοῦς,
3490 5146 3822 5214 καταπεφοῖ-

2242 5261 2375 5314 τηκε
2405 5245 2503 5313 μὲν
2543 5244 2624 5307 είς
2661 5243 2811 5313 ᾅδου,
2841 5242 3131 5313 διεκήρυξε
3170 5242 3226 5295 δὲ
3264 5242 3380 5303 τοῖς
3425 5240 3605 5293 ὲκεῖσε
3654 5238 3824 5290 πνεύ-

2240 5350 2395 5403 μασι,
2428 5332 2627 5396 ἄοπτος
2656 5327 2789 5385 οὖσα
2820 5331 3122 5394 παντελῶς.
3148 5332 3417 5401 Κρεῖττον
3447 5328 3554 5398 γὰρ
3598 5327 3688 5379 ἀεὶ
3727 5325 3824 5379 τοῦ

2242 5421 2473 5493 ὁρᾶσθαι
2513 5420 2573 5473 τὸ
2604 5421 2779 5485 Θεῖον,
2811 5420 2923 5474 ἀλλ’
2959 5419 3079 5473 οὐδὲ
3114 5420 3353 5490 δοκήσει,
3395 5419 3489 5470 καὶ
3515 5418 3825 5485 ἐσχηματι-

2249 5514 2486 5583 σμένως,
2524 5512 2603 5576 είς
2624 5512 2686 5565 τὸ
2715 5513 2893 5583 ψυχῆς
2926 5508 3064 5575 εἶδος
3087 5512 3256 5581 αὐτὴν
3292 5508 3687 5581 μεμορφῶσθαι
3718 5507 3826 5558 δὼ-

2249 5622 2435 5676 σομεν,
2470 5604 2838 5676 παραιτητέον
2870 5605 2925 5657 δὲ
2981 5604 3230 5673 πανταχῆ
3270 5604 3365 5674 τὴν
3402 5603 3622 5673 δόκησιν
3644 5616 3656 5629 ·
3706 5598 3826 5653 ἀλλ’

2246 5697 2432 5768 ὥσπερ
2454 5699 2564 5760 τοῖς
2595 5696 2675 5749 ἔτι
2718 5699 2860 5769 μετά
2888 5696 3107 5768 σαρκὸς,
3139 5694 3283 5748 οὕτω
3310 5696 3402 5747 καὶ
3431 5696 3550 5757 ταῖς
3582 5695 3661 5756 εἰς
3695 5691 3825 5764 ᾅδου

637 5870 678 5903 ⁸³
711 5867 910 5927 lJean.
943 5886 1029 5930 ιιι.
1078 5871 1157 5926 ιθ.
1234 5872 1275 5904 ⁸¹
1312 5873 1473 5928 item.
1519 5888 1629 5935 χιν,
1658 5873 1710 5929 9.
1791 5874 1978 5930 Mlict.
2014 5890 2071 5932 ιι.
2104 5874 2136 5927 ‘2

2248 5876 2293 5928 l.
2375 5873 2415 5905 ""
2441 5872 2541 5927 lsa.
2575 5890 2718 5931 ms.
2752 5874 2803 5927 9.
2883 5873 2925 5904 ⁸⁸
2951 5871 3131 5927 lPett'.
3176 5887 3256 5931 tu.
3292 5872 3476 5926 17οὲ0.
