4122 6568
390 329 520 389 ﬂii

1511 334 1598 391 DE
1635 332 2151 391 [NCARNATIONE
2194 331 2566 393 UNIGENITI.

3515 340 3655 397 1222

459 449 523 500 Α.
571 445 681 499 Καὶ
717 447 826 517 μὴν
865 445 1025 500 τοῦτό
1065 445 1128 517 γέ
1175 447 1388 518 ἐστινὴ
1435 446 1721 519 πλάνησις,
1764 448 1858 502 καὶ
1908 448 1971 501 τὸ

2144 446 2210 501 Δ.
2245 447 2407 517 Atqui
2434 447 2537 503 hoc
2564 448 2779 518 quidem
2810 456 2895 504 est
2915 461 3119 515 errare,
3148 458 3203 505 et
3245 465 3275 505 a
3301 450 3655 509 veritate‘de-

388 539 663 610 ἁμαρτεῖν
689 537 786 591 τοῦ
844 539 1150 609 πρέποντος
1184 556 1243 593 τε
1298 538 1393 593 καὶ
1423 537 1679 609 ἀληθοῦς.
1726 538 1818 610 Μὴ
1860 540 1970 611 γάρ

392 649 483 703 μοι
509 630 713 704 διέλῃς,
740 630 875 702 μηδέ
901 631 1110 695 διῖστάς
1139 633 1218 695 είς
1248 631 1533 702 ἄνθρωπον
1560 630 1744 696 ίδικῶς
1769 632 1865 686 καὶ
1889 633 1970 696 είς

390 722 524 775 Θεὸν
560 724 755 789 Λόγον.
782 722 1130 793 διπρόσωπον
1158 722 1289 791 ἡμῖν
1313 721 1593 775 ἀνατύπου
1632 721 1727 774 τὸν
1761 723 1972 794 Ἐμμα-

391 814 575 886 νουήλ.
608 814 701 886 Μὴ
730 815 838 885 ἀρα
866 830 951 877 τις
979 814 1112 884 ἡμῖν
1150 814 1376 876 εἰκότως
1401 812 1817 885 διαμωμήσαιτο
1840 829 1973 884 φροο

392 909 504 958 νεῖν
526 906 803 975 ἑλομένοις
832 904 991 974 ὀρθὸν
1018 902 1119 975 μὲν
1150 904 1322 966 οὐδὲν,
1371 905 1555 958 ἐκεῖνα
1582 904 1638 958 δὲ
1679 904 1901 975 μᾶλλον,
1934 904 1971 958 ἀ

393 996 490 1049 καὶ
515 996 622 1066 ιδιά
661 996 761 1065 τῆς
793 995 956 1062 ἁγίας
990 994 1354 1066 κατεδικάσθη
1401 995 1661 1067 Γραφῆςς
1699 991 1825 1049 *οδε
1862 996 1971 1067 γάρ

395 1102 477 1149 τις
505 1086 609 1154 ἔφη
632 1084 741 1136 τῶν
763 1081 1004 1153 Χριστοῦ
1030 1083 1339 1153 μαθητῶνοι
1362 1082 1548 1154 Ὑμεῖς
1573 1084 1654 1146 δὲ,
1671 1084 1968 1154 ἀγαπητοὶ,

397 1176 675 1247 μνήσθητε
705 1175 815 1229 τῶν
849 1174 1115 1245 ῥημάτων
1150 1174 1258 1229 τῶν
1288 1175 1703 1247 προειρημένων
1733 1176 1838 1229 ὑπὸ
1862 1176 1971 1230 τῶν

395 1266 715 1320 ἀποστόλων
770 1265 863 1320 τοῦ
917 1266 1127 1338 Κυρίου
1169 1266 1327 1339 ἡμῶν
1359 1266 1532 1339 Ἰησοῦ
1580 1268 1840 1338 Χριστοῦ,
1888 1268 1970 1321 ὃτι

393 1363 581 1429 ελεγον
611 1361 763 1432 ὑμῖν,
794 1361 874 1414 ὅτι
904 1361 990 1414 ἐπ’
1023 1361 1266 1431 ἐσχάτων
1292 1359 1399 1413 τῶν
1424 1360 1630 1432 χρόνων
1660 1359 1968 1417 ἐλεύσονται

395 1457 454 1508 ἐν
499 1454 855 1524 ἐμπαιγμονῇ
895 1454 1199 1523 ἐμπαῖκται
1242 1451 1381 1505 κατὰ
1409 1452 1509 1516 τὰς
1545 1452 1753 1507 ἑαυτῶν
1782 1452 1972 1506 ἐπιθυ-

397 1544 528 1615 μίας
558 1544 918 1616 πορευόμενοι
947 1542 1056 1597 τῶν
1080 1542 1369 1597 ἀσεϐειῶν.
1402 1538 1564 1597 Οὗτοί
1594 1545 1733 1597 εἰσιν
1755 1546 1804 1597 oi.
1833 1546 1970 1598 ἀπο-

393 1636 722 1708 διορίζοντες
750 1634 991 1706 ψυχικοί,
1016 1632 1235 1705 πνεῦμα
1267 1635 1341 1706 μὴ
1365 1633 1600 1705 ἔχοντες.
1630 1653 1648 1687 ι

467 1727 529 1780 Β.
571 1728 646 1780 Οὐ
686 1726 977 1799 διοριστέον
1014 1722 1109 1780 οὖν
1147 1728 1254 1797 ἄρα
1292 1727 1411 1780 κατ’
1442 1727 1631 1781 οὐδένα
1668 1728 1898 1798 τρόπον;

2076 534 2317 592 ﬂectere.
2352 534 2540 606 Neque
2566 537 2708 593 enim
2734 538 2850 593 haec
2871 538 3171 595 divellenda
3205 550 3351 609 sunt,
3375 541 3447 596 ita
3471 552 3529 599 ut
3560 544 3658 600 ho-

2075 629 2274 683 minem
2304 628 2534 684 seorsim
2566 638 2796 693 statuas,
2824 638 2879 685 et
2910 630 3076 686 Deum
3137 631 3372 687 Verbum
3397 635 3654 700 seorsim,

2073 728 2128 775 et
2177 721 2373 789 duplici
2423 735 2656 788 persona
2706 723 2990 790 praeditum
3044 724 3201 779 nobis
3245 723 3653 781 Enunanuclem

2071 809 2312 882 efﬁngas.
2340 809 2533 867 Nonne
2565 813 2713 868 enim
2753 813 2948 869 merito
3004 830 3103 868 nos
3163 814 3328 886 695
3386 818 3655 886 quispiam

2076 903 2455 971 reprehendat,
2484 904 2527 957 si
2563 904 2752 958 relicta
2779 919 2907 958 vera
2938 915 3195 975 rectaque
3246 909 3543 972 sententia,
3590 922 3652 961 ea

2072 994 2250 1062 potius
2276 1005 2549 1049 sectemur
2582 1010 2703 1066 qua:
2745 1010 2902 1052 sacra
2951 995 3231 1065 Scriptura
3293 1001 3657 1054 condemnat?

2071 1081 2207 1138 Nam
2238 1084 2312 1139 ita
2345 1086 2566 1155 quidam
2599 1085 2989 1157 discipulorum
3015 1088 3215 1143 Christi
3254 1089 3427 1158 inquit
3454 1107 3467 1143 :
3497 1108 3517 1141 ι
3546 1090 3655 1146 Vos

2072 1186 2274 1242 autem,
2303 1177 2509 1242 dilecti,
2539 1192 2806 1234 memores
2830 1188 3006 1236 estote
3038 1182 3324 1235 verborum
3376 1196 3495 1250 qua:
3516 1197 3653 1251 pra:-

2073 1267 2216 1323 dicta
2245 1278 2370 1323 sunt
2416 1269 2486 1323 ab
2511 1271 2774 1341 apostolis
2808 1270 3021 1326 Domini
3055 1272 3226 1326 nostri
3255 1270 3380 1327 .lesu
3408 1272 3651 1327 Christi:

2073 1360 2163 1429 qui
2190 1360 2442 1415 dicebant
2474 1361 2646 1423 vobis,
2668 1363 2926 1430 quoniam
2966 1364 3019 1416 in
3054 1364 3365 1418 novissimis
3399 1365 3657 1431 tempori-

2074 1450 2173 1503 lms
2202 1449 2422 1505 venient
2450 1451 2696 1506 illnsores
2723 1452 3019 1507 secundum
3044 1454 3312 1508 desideria
3340 1470 3435 1509 sua
3469 1454 3657 1508 ambu-

2074 1537 2246 1594 iantes
2281 1540 2333 1593 in
2374 1542 2763 1610 impietatibus.
2833 1542 2899 1597 Hi
2950 1551 3078 1598 sunt
3102 1549 3195 1613 qui
3249 1553 3539 1614 segregant
3569 1559 3657 1600 se-

2074 1630 2353 1700 metipsos,
2385 1633 2671 1701 animales,
2699 1634 2950 1704 spiritum
2986 1651 3092 1691 non
3130 1637 3388 1692 habentes
3422 1636 3489 1689 “.
3524 1654 3544 1689 ι

2147 1720 2209 1774 Β.
2245 1720 2402 1777 Nulla
2436 1725 2600 1794 igitur
2632 1728 2841 1782 ratione
2868 1736 2996 1782 sunt
3030 1727 3334 1783 dirimenda
3374 1730 3502 1783 ista.

463 1826 530 1875 A.
572 1788 868 1891 Οὑμενοῦν.
921 1819 1014 1882 Et;
1059 1834 1123 1886 γε
1161 1788 1225 1888 δὴ
1273 1818 1508 1888 μάλιστα
1556 1818 1619 1872 τὸ
1666 1788 1760 1872 δῦο
1807 1788 1974 1888 φάναι

2148 1814 2213 1869 Δ.
2261 1813 2329 1870 Ut
2385 1788 2623 1873 maxime
2677 1818 2784 1873 duo
2840 1819 3090 1873 dicantur
3151 1830 3437 1889 postquam
3499 1820 3652 1876 unita

396 1913 539 1983 μετά
589 1912 689 1983 τὴν
745 1910 959 1971 ἕνωσιν,
1005 1910 1099 1963 καὶ
1133 1909 1404 1980 ἀναμέρος
1451 1909 1712 1981 ἑκάτερον
1753 1910 1975 1964 ἐννοεῖν.

406 2003 602 2058 Ἰστέον
624 2004 669 2057 δ’
698 2000 811 2069 οὖν,
844 2004 924 2056 ὅτι
955 2002 1149 2073 θεωρεῖ
1179 2004 1276 2071 μέν
1310 2020 1430 2055 τινα
1468 2003 1685 2071 φύσεων
1713 2003 1976 2073 διαφοράν

392 2097 423 2149 6
449 2095 604 2160 νοῦς·
627 2096 823 2150 ταυτὸν
860 2096 969 2167 γὰρ
1006 2094 1065 2147 οῦ
1102 2094 1155 2147 τί
1191 2112 1293 2148 που
1324 2094 1514 2166 θεότης
1540 2113 1599 2149 τε
1631 2096 1729 2150 καὶ
1764 2095 1976 2167 ἀνθρω-

396 2186 565 2257 πότης
582 2202 597 2217 ·
627 2185 927 2249 είσδέξεται
954 2185 1011 2237 δέ
1032 2183 1168 2254 ὁμοῦ
1192 2186 1311 2248 ταῖς
1343 2187 1469 2256 περὶ
1492 2184 1697 2239 τούτων
1721 2186 1973 2251 ἐννοίαις,

395 2280 489 2334 καὶ
521 2283 633 2333 τοῖν
653 2280 854 2350 ἀμφοῖν
881 2280 960 2342 είς
991 2277 1222 2348 ἐνότητα
1250 2277 1580 2349 συνδρομήν.
1612 2277 1820 2333 Οὐκοῦν
1839 2277 1974 2331 Θεοῦ

398 2372 496 2443 μὲν
526 2370 690 2439 ἐξέφυ
722 2369 818 2424 τοῦ
850 2370 1087 2441 Πατρὸς,
1113 2370 1187 2434 ὠς
1215 2368 1368 2434 Θεὸς,
1397 2371 1472 2433 ὼς
1502 2372 1566 2424 ἐκ
1592 2370 1871 2443 Παρθένου
1894 2370 1973 2434 δὲ,

396 2464 681 2535 ἄνθρωπος
708 2480 721 2492 ·
757 2464 787 2515 6
823 2462 933 2534 γὰρ
976 2462 1112 2517 Θεοῦ
1146 2463 1360 2532 Πατρὸς
1393 2464 1720 2535 ἀπορῤήτως
1770 2481 1831 2517 τε
1882 2464 1978 2517 καὶ

397 2559 536 2628 ὑπὲρ
588 2555 712 2612 νοῦν
766 2557 1090 2629 ἀναλάμψας
1122 2556 1315 2626 Λόγος,
1355 2556 1713 2628 γεγεννῆσθαι
1760 2556 1977 2625 λέγεται

395 2651 491 2704 καὶ
534 2648 623 2702 διὰ
674 2649 952 2717 γυναικὸς,
985 2650 1393 2719 καταφοιτήσας
1440 2651 1520 2711 είς
1559 2647 1974 2720 ἀνθρωπότητα,

395 2742 492 2793 καὶ
536 2738 723 2804 καθεὶς
772 2741 965 2794 ἐαυτὸν
995 2741 1075 2805 είς
1102 2741 1238 2812 ὅπερ
1285 2740 1383 2793 οὐκ
1413 2734 1504 2810 ἦν,
1532 2738 1632 2810 οὐχ
1686 2739 1774 2793 ἵνα
1820 2739 1980 2812 μείνῃ

396 2832 793 2902 κεκενωμένος,
824 2832 940 2887 ἀλλ’
969 2832 1058 2887 ἵνα
1089 2832 1221 2897 Θεὸς
1248 2829 1386 2887 εῖναι
1421 2833 1745 2903 πιστεύηται
1796 2832 1891 2887 καὶ
1920 2834 1978 2888 ἐν

395 2926 526 2979 εἴδει
552 2924 630 2996 τῷ
664 2924 786 2977 καθ’
813 2926 961 2995 ἡμᾶς
1000 2924 1258 2996 πεφηνὼς
1282 2926 1376 2977 ἐπὶ
1415 2926 1537 2996 γῆς,
1569 2926 1667 2995 οὐχ
1694 2924 1768 2989 ὡς
1798 2925 1855 2979 ἐν
1885 2926 1980 2978 ἀν·

397 3015 601 3087 θρὼπῳ
636 3016 991 3085 κατοικήσας,
1016 3014 1131 3068 ἀλλ’
1160 3014 1234 3077 ὡς
1259 3014 1391 3068 αὐτὸ
1416 3015 1557 3067 κατά
1579 3014 1740 3083 φύσιν
1764 3013 1977 3085 ἀνθρω-

397 3125 498 3171 πος
541 3104 801 3176 γεγονὼς,
834 3105 971 3176 μετὰ
988 3104 1084 3158 τοῦ
1107 3105 1205 3177 τὴν
1230 3106 1364 3159 ίδίαν
1386 3104 1771 3159 ἀνασώσασθαι
1796 3105 1973 3171 δόξαν.
2005 3135 2047 3192 C

396 3201 507 3253 Καὶ
537 3198 669 3268 γοῦν
692 3203 718 3251 6
740 3197 1030 3261 Θεσπέσιος
1066 3196 1297 3261 Παῦλος,
1339 3197 1408 3250 τά
1440 3197 1574 3251 πολὺ
1600 3198 1696 3269 τῆς
1737 3197 1980 3270 ἀλλήλων

396 3290 811 3362 ὁμοουσιότητος
838 3289 1158 3359 διεστηκότα
1198 3305 1258 3341 τε
1297 3289 1389 3343 καὶ
1430 3290 1723 3360 ἀμετρητῳ
1752 3289 1983 3362 διαφορᾷ

397 3383 858 3455 διεσχοινισμένα,
888 3381 1118 3450 θεότητά
1142 3398 1200 3435 τε
1227 3381 1325 3436 καὶ
1351 3380 1747 3452 ἀνθρωπότητα
1796 3382 1982 3435 συλλέ-

396 3493 511 3545 γων
535 3477 612 3536 είς
637 3473 695 3527 ἐν
721 3472 1107 3545 οἰκονομικῶς,
1140 3473 1234 3525 καὶ
1259 3472 1319 3536 ἐξ
1345 3473 1549 3542 ἀμφοῖν
1578 3472 1667 3526 τὸν
1701 3473 1796 3525 ένα
1822 3491 1982 3528 κατα·

401 3566 681 3638 σημαίνων
728 3565 990 3639 Χριστὸν,
1037 3566 1133 3618 καὶ
1182 3564 1310 3618 Υἱὸν
1357 3566 1452 3617 καὶ
1500 3564 1667 3627 Θεὸν,
1720 3584 1738 3615 ι
1771 3564 1981 3628 Παῦλος

396 3658 605 3721 δοῦλος,
646 3656 834 3727 φησὶν,
875 3653 1062 3726 Ἰησοῦ
1101 3652 1360 3726 Χριστοῦ,
1400 3653 1596 3723 κλητὸς
1646 3654 1977 3720 ἀπόστολος,

398 3748 780 3820 ἀφωρισμένος
808 3748 886 3811 εἰς
915 3747 1244 3816 Εὑαγγέλιον
1271 3744 1428 3811 Θεοῦ,
1454 3746 1484 3798 ὃ
1507 3746 1981 3817 προεπηγγείλατο

396 3844 485 3896 διὰ
529 3842 640 3895 τῶν
687 3840 982 3912 προφητῶν
1015 3838 1182 3893 αὑτοῦ
1230 3840 1287 3892 ἐν
1334 3838 1373 3891 Γ
1380 3841 1590 3909 ραφαῖςη.
1623 3839 1826 3907 ἁγίαις,
1853 3840 1981 3907 περὶ

398 3931 493 3985 τοῦ
524 3932 652 3986 Υίοῦ
692 3932 857 3985 αὐτοῦ
895 3930 990 3985 τοῦ
1025 3930 1318 4001 γενομένου
1363 3930 1428 3984 ἐκ
1476 3930 1788 4001 σπέρματος
1816 3930 1981 3983 Δαόὶδ

398 4025 542 4078 κατά
572 4025 770 4094 σάρκα,
798 4023 891 4077 τοῦ
937 4022 1247 4094 ὁρισθέντος
1283 4021 1415 4075 Υἱοῦ
1462 4019 1598 4074 Θεοῦ
1649 4023 1707 4074 ἐν
1754 4022 1978 4091 δυνάμει

397 4115 540 4169 κατὰ
562 4114 785 4185 Πνεῦμα
812 4113 1141 4184 ἁγιωσύνης.
1175 4132 1192 4165 ι
1213 4112 1345 4165 Ἰδοὺ
1369 4110 1433 4181 δὴ
1460 4110 1647 4178 σαφῶς
1670 4111 1979 4183 ἀφωρίσθαι

397 4208 564 4279 φησὶν
610 4207 799 4259 ἐαυτὸν
831 4208 912 4269 είς
956 4206 1286 4274 Εὑαγγέλιον
1336 4203 1492 4269 Θεοῦ,
1529 4205 1705 4258 καίτοι
1753 4205 1979 4276 γράφων

397 4297 699 4366 ἀναφανδόν
719 4312 736 4329 ⁸
797 4315 815 4348 ι
845 4295 983 4349 υῦτε
1033 4297 1162 4368 γὰρ’
1193 4296 1417 4358 ἑαυτοὺς
1446 4295 1812 4365 κηρύσσομεν,
1844 4296 1979 4349 ἀλλὰ

396 4387 632 4460 Χριστὸν
686 4387 890 4457 Ἰησοῦν
952 4386 1176 4458 Κύριον.
1221 4406 1240 4439 ι
1288 4389 1399 4440 Καὶ
1449 4388 1642 4441 πάλιν·
1699 4409 1717 4439 ι
1749 4389 1823 4442 Οὐ
1870 4389 1979 4457 γάρ

2077 1915 2223 1968 sunt,
2265 1915 2319 1961 et
2375 1908 2603 1962 seorsim
2664 1908 2875 1979 singula
2932 1910 3327 1982 intelligantur,
3377 1914 3653 1969 sciendum

2076 2004 2181 2059 est,
2213 1997 2354 2065 quod
2414 2013 2572 2053 mens
2621 2000 2841 2069 quidem
2906 2011 3223 2057 naturarum
3282 2006 3652 2060 diversitatem

2077 2090 2385 2144 considerat
2426 2089 2638 2162 (neque
2684 2092 2826 2145 enim
2878 2091 3022 2148 idem
3075 2105 3200 2149 sunt
3244 2095 3556 2151 humanitas
3599 2108 3656 2151 et

2078 2179 2377 2250 divinitas),
2411 2181 2504 2235 sed
2536 2182 2697 2235 simul
2737 2182 2901 2236 etiam
2934 2197 3056 2237 cum
3091 2185 3193 2239 hac
3225 2186 3657 2242 consideratione

2079 2272 2363 2340 utriusque
2412 2288 2735 2327 concursum
2782 2276 2850 2328 ad
2911 2275 3177 2330 unitatem
3236 2278 3653 2347 contemplatur.

2078 2361 2313 2418 Proinde
2345 2379 2408 2419 ex
2442 2365 2549 2418 Deo
2572 2364 2791 2432 quidem
2821 2369 3109 2435 processit,
3151 2377 3208 2422 ut
3236 2368 3376 2423 Deus
3402 2386 3419 2424 :
3446 2384 3514 2424 ex
3544 2368 3657 2425 Vir-

2078 2454 2203 2521 gine
2231 2463 2430 2516 autem.
2466 2465 2523 2509 ut
2563 2458 2746 2514 homo.
2783 2456 3013 2513 Verbum
3043 2461 3187 2515 enim
3217 2462 3357 2529 quod
3404 2461 3657 2517 ineli'abi-

2082 2544 2226 2609 liter,
2262 2558 2538 2614 supraque
2578 2546 2915 2602 intellectum
2951 2551 3245 2604 humanum
3280 2566 3310 2605 e
3344 2548 3457 2607 Deo
3494 2550 3658 2609 Patre

2081 2632 2305 2699 effulsit,
2340 2646 2525 2689 natum
2564 2651 2685 2690 esse
2714 2637 2916 2691 dicitur
2942 2639 3109 2693 etiam
3146 2656 3210 2693 ex
3250 2640 3496 2707 muliere,
3532 2657 3654 2697 cum

2082 2726 2474 2780 humanitatem
2518 2731 2831 2798 assumpsit,
2873 2738 2928 2784 et
2968 2730 3203 2800 seipsum
3247 2733 3462 2788 demisit
3502 2736 3568 2789 ad
3601 2735 3657 2790 id

2079 2817 2222 2886 quod
2245 2832 2352 2872 non
2384 2827 2542 2882 erat;
2579 2834 2684 2873 non
2724 2831 2782 2873 ut
2813 2822 3146 2877 divinitatem
3186 2825 3418 2892 amittat,
3459 2824 3555 2881 sed
3598 2836 3659 2882 ut

2081 2909 2223 2965 Dens
2252 2926 2375 2965 esse
2419 2911 2699 2975 credatur,
2740 2924 3091 2983 nostramque
3126 2915 3355 2971 formam
3397 2920 3449 2972 in
3496 2922 3657 2974 terris

2081 3013 2345 3073 gestasse,
2391 3017 2497 3057 non
2557 3013 2813 3074 tanquam
2870 3005 2926 3059 in
2977 3006 3195 3061 homine
3241 3009 3521 3075 habitans,
3556 3013 3656 3068 sed

2084 3105 2339 3165 tanquam
2394 3095 2497 3149 hoc
2558 3094 2763 3163 ipsum,
2820 3098 2979 3151 homo
3030 3098 3289 3152 nimirum
3337 3102 3658 3157 naturaliter

2081 3187 2279 3253 factus,
2309 3190 2526 3257 propria
2559 3198 2740 3243 tamen
2785 3202 2882 3243 sua
2928 3189 3100 3258 gloria
3135 3191 3343 3259 integra
3378 3206 3653 3249 manente.

2080 3278 2286 3334 idcirco
2313 3280 2529 3333 divinus
2564 3280 2653 3334 ille
2684 3277 2918 3343 Paulus,
2951 3282 3339 3335 humanitatem
3366 3294 3420 3339 et
3456 3286 3650 3341 divini~

2083 3379 2245 3425 tatem
2292 3385 2413 3441 qua:
2466 3370 2620 3439 longe
2674 3386 2704 3425 a
2761 3371 3332 3429 consubstantialitate
3397 3377 3538 3432 inter
3598 3395 3658 3434 se

2081 3463 2304 3528 distant,
2340 3473 2392 3519 et
2431 3464 2692 3519 immensa
2726 3466 2957 3534 quadam
2998 3465 3302 3523 differentia
3340 3470 3659 3543 disjnngun-

2083 3564 2189 3622 tur,
2222 3556 2274 3609 in
2300 3573 2464 3611 unum
2499 3558 2710 3612 ratione
2750 3558 3140 3614 incarnationis
3172 3562 3464 3633 colligens,
3495 3572 3659 3634 atque

2080 3662 2144 3700 ex
2178 3647 2387 3702 duobus
2416 3658 2578 3700 nmini
2606 3647 2894 3718 designans
2930 3649 3229 3719 Christum,
3259 3662 3314 3707 et
3348 3652 3569 3721 Filium,
3604 3666 3660 3710 et

2084 3739 2272 3803 Deum,
2299 3741 2368 3793 ita
2401 3739 2578 3810 inquit
2610 3756 2624 3793 :
2664 3758 2683 3791 ι
2710 3739 2909 3794 Paulus
2939 3755 3135 3796 servus
3155 3740 3281 3798 Jesn
3311 3745 3545 3810 Christi.
3570 3763 3659 3801 vo-

2080 3841 2237 3884 catus
2294 3831 2605 3900 apostolus,
2651 3843 2967 3901 segregatus
3023 3831 3080 3886 in
3134 3833 3485 3906 Evangelium
3540 3839 3654 3894 Dei.

2081 3921 2231 3987 Quod
2258 3922 2586 3989 promiserat
2614 3937 2710 3989 per
2755 3923 3048 3991 prophetas
3091 3939 3221 3979 suos
3262 3926 3314 3979 in
3362 3926 3658 3996 Scripturis

2081 4013 2283 4065 sanctis
2321 4011 2389 4065 de
2434 4010 2571 4065 Filio
2600 4027 2719 4077 suo,
2765 4013 2856 4082 qui
2904 4014 3081 4068 iactus
3119 4024 3202 4069 est
3246 4016 3295 4071 ei
3339 4033 3406 4072 ex
3446 4022 3657 4075 semine

2085 4103 2248 4155 David
2309 4103 2604 4155 secundum
2652 4118 2894 4156 carnem.
2955 4106 3056 4171 Qui
3117 4107 3534 4174 praedestinatum
3574 4123 3659 4165 est

2080 4193 2251 4247 Filius
2278 4192 2372 4247 Dei
2408 4194 2460 4247 in
2491 4194 2689 4247 virtute
2716 4195 3016 4249 secundum
3060 4195 3325 4267 Spiritum
3358 4203 3659 4256 sanctiﬁca-

2082 4288 2243 4342 tionis
2271 4287 2337 4341 ⁸⁸.
2371 4304 2390 4338 ι
2424 4286 2561 4341 Ecce
2593 4287 2881 4342 manifeste
2911 4303 3252 4360 segregatum
3299 4308 3357 4347 se
3381 4308 3499 4349 esse
3528 4298 3658 4352 dicit

2082 4381 2134 4434 in
2163 4378 2510 4446 Evangelium
2558 4377 2674 4444 Dei,
2701 4390 2887 4449 aperte
2916 4382 3115 4451 alioqui
3149 4384 3396 4439 scribens
3435 4404 3448 4439 :
3486 4404 3505 4439 ι
3537 4386 3650 4441 Non

400 4477 592 4546 ἐκρινά
616 4494 668 4529 τι
700 4476 900 4529 εἰδέναι
932 4478 989 4529 ἐν
1018 4477 1166 4547 ὑμῖν,
1193 4478 1241 4529 εί
1267 4477 1343 4547 μὴ
1373 4477 1579 4548 Ἰησοῦν
1612 4479 1864 4551 Χριστὸν,
1885 4481 1975 4533 καὶ

2078 4469 2222 4522 enim
2285 4467 2649 4535 nosmetipsos
2692 4470 3071 4537 praedicamus,
3110 4474 3203 4527 sed
3259 4473 3535 4530 Christum
3566 4476 3653 4532 Je-

396 4568 587 4622 τοῦτον
644 4567 1076 4639 ἐσταυρωμένον
1111 4585 1130 4617 ι
1182 4567 1309 4619 Υίὸν
1367 4568 1425 4621 δὲ
1477 4568 1640 4623 αὐτὸν
1701 4570 1972 4639 ὀνομάσας

397 4659 555 4721 Θεοῦ,
590 4660 683 4712 καὶ
731 4660 794 4711 ἐκ
839 4660 1156 4730 σπέρματος
1193 4658 1356 4711 Δαδὶδ
1388 4660 1746 4731 γεγεννῆσθαί
1784 4678 1969 4730 φησιν,

398 4750 630 4822 ὡρίσθαι
680 4767 738 4802 τε
784 4749 1199 4821 διῖσχυρίζεται,
1230 4749 1325 4803 καὶ
1373 4753 1450 4813 είς
1483 4751 1608 4803 Υἱὸν
1656 4751 1811 4805 Θεοῦ.
1847 4753 1970 4815 Πῶς

397 4838 512 4909 οὖν,
560 4842 682 4895 είπέ
727 4859 840 4912 μοι,
872 4841 1027 4906 Θεὸς,
1073 4845 1101 4896 6
1146 4844 1211 4896 ἐκ
1265 4844 1576 4915 σπέρματος
1620 4846 1829 4914 ἀναφὺς
1874 4844 1968 4898 τοῦ

398 4931 589 4997 Δαδίδ;
619 4933 647 4984 ό
665 4931 722 4984 δὲ
743 4930 808 5002 δὴ
837 4932 931 4983 καί
962 4931 1067 5001 πρὸ
1091 4931 1299 4986 αἰώνων
1325 4934 1419 4986 καὶ
1447 4933 1632 4996 ἀῖδίως
1666 4934 1812 4999 Υίὺς,
1837 4935 1971 4988 καθὸ

399 5021 639 5092 πέφηνεν
684 5020 747 5072 ἐκ
791 5017 949 5082 Θεοῦ,
986 5018 1106 5072 τίνα
1139 5019 1204 5090 δὴ
1245 5021 1444 5091 τρόπον
1485 5023 1565 5084 είς
1589 5019 1717 5074 Υίδν
1760 5019 1968 5092 ὡρίσθη

398 5112 553 5173 Θεοῦ,
572 5110 824 5182 καθάπερ
847 5112 925 5173 είς
950 5110 1120 5180 ἀρχάς
1142 5110 1236 5163 τοῦ
1261 5110 1558 5180 ὑφεστάναι
1584 5110 1968 5183 παρενεχθείς;

400 5204 545 5271 Ἔφη
590 5202 698 5271 γὰρ
740 5202 899 5263 αὐτὸς
947 5202 1076 5273 περὶ
1125 5201 1343 5268 ἑαυτοῦ,
1398 5221 1417 5255 ι
1443 5202 1647 5274 Κύριος
1681 5198 1802 5257 εἷπε
1835 5205 1970 5274 πρός

397 5308 486 5363 με·
519 5291 647 5355 Υίός
693 5309 793 5363 μου
849 5288 897 5345 εἷ
941 5293 1030 5357 σὺ,
1058 5291 1168 5362 ἐγὼ
1217 5295 1456 5365 σήμερον
1493 5295 1801 5366 γεγέννηκά
1834 5313 1913 5349 σε.
1947 5315 1965 5347 ι

396 5383 585 5437 Καίτοι
618 5382 712 5435 τοῦ
736 5381 1001 5452 σήμερον
1023 5385 1109 5438 ἀεί
1132 5401 1249 5449 πως
1272 5387 1423 5456 ἡμῖν,
1449 5386 1569 5457 οὐχὶ
1593 5386 1683 5440 τὸν
1714 5402 1973 5459 παρῳχη-

393 5476 555 5539 κότα,
600 5474 692 5528 τὸν
723 5475 992 5529 ἐνεστῶτα
1037 5474 1094 5530 δέ
1136 5476 1336 5548 μᾶλλον
1379 5476 1805 5549 καταδηλοῦντος
1852 5496 1973 5533 καις

397 5564 505 5621 οόν.

470 5762 872 5819 διδωμι-ιν.
955 5765 1405 5833 "iion’i.r,i-3.
1480 5770 1526 5803 η
1555 5768 1598 5823 ιι
1632 5768 1756 5825 Cor.
1788 5785 1858 5836 ιν,
1891 5772 1941 5824 5.

2078 4576 2197 4614 sum
2231 4560 2515 4614 Dominum
2545 4561 2613 4614 ".
2641 4578 2661 4613 ι
2690 4559 2756 4613 Et
2806 4577 2991 4617 rursus
3018 4580 3033 4616 :
3074 4582 3094 4615 ι
3116 4564 3299 4634 Neque
3331 4568 3474 4621 enim
3514 4568 3656 4638 judi-

2078 4649 2193 4703 cavi
2238 4648 2531 4719 quidquam
2584 4652 2726 4705 scire
2775 4650 2829 4705 in
2883 4652 3057 4716 vobis,
3118 4653 3220 4708 nisi
3263 4654 3445 4711 Jesum
3496 4658 3657 4714 Chri-

2076 4751 2246 4805 stum,
2281 4753 2337 4797 et
2386 4743 2605 4812 quidem
2647 4745 3059 4800 cruciﬁxum".
3092 4764 3112 4797 ι
3147 4745 3338 4801 Filium
3385 4763 3511 4803 vero
3560 4750 3652 4806 Dei

2077 4833 2253 4903 ipsum
2283 4835 2602 4903 nominans,
2630 4836 2790 4891 etiam
2818 4851 2885 4891 ex
2914 4837 3125 4893 semine
3157 4839 3322 4893 David
3346 4852 3527 4895 natum
3556 4844 3652 4907 ait,

2078 4936 2533 4997 segregatumque
2575 4942 2634 4981 se
2675 4926 2939 4995 afﬁrmat,
2975 4930 3138 4984 etiam
3187 4931 3240 4985 in
3287 4929 3482 4986 Filium
3530 4932 3648 4989 Dei.

2077 5017 2357 5083 Quomodo
2388 5020 2551 5088 igitur
2577 5030 2660 5074 est
2688 5021 2861 5083 Deus,
2895 5023 2985 5091 qui
3013 5038 3077 5076 ex
3107 5023 3315 5078 semine
3347 5022 3516 5078 David
3553 5042 3652 5081 na-

2080 5116 2165 5161 tus
2192 5108 2313 5162 est?
2346 5109 2413 5163 Et
2439 5111 2529 5178 qui
2564 5121 2689 5166 ante
2716 5111 2883 5184 696
2919 5113 3112 5167 saecula
3155 5123 3209 5168 et
3239 5116 3308 5168 ab
3331 5126 3536 5170 aeterno
3566 5130 3652 5174 est

2078 5199 2265 5264 Filius,
2301 5211 2569 5269 quatenus
2600 5217 2665 5256 ex
2712 5203 2825 5258 Deo
2869 5205 3174 5274 processit,
3214 5220 3322 5274 quo
3369 5219 3533 5275 pacto
3567 5222 3653 5264 est

2074 5301 2393 5360 segregatus
2430 5291 2483 5347 in
2524 5291 2720 5347 Filium
2745 5293 2863 5358 Dei,
2913 5295 3248 5351 exsistentite
3293 5312 3404 5351 sua:
3446 5299 3650 5368 princi-

2070 5384 2217 5453 pium
2242 5384 2643 5452 quodammodo
2670 5387 2905 5440 nactus?
2935 5387 3024 5441 Ait
3046 5389 3188 5443 enim
3217 5390 3336 5460 ipse
3360 5391 3424 5445 de
3446 5393 3647 5461 seipse,

2073 5489 2093 5522 ι
2130 5468 2391 5525 Βοιιιίιιιιε
2438 5473 2575 5526 dixit
2610 5474 2676 5529 ad
2727 5491 2856 5531 me:
2906 5473 3076 5531 Filius
3128 5495 3282 5534 meus
3335 5495 3395 5535 es
3444 5492 3647 5551 tu,t'go

2068 5563 2228 5618 hodie
2263 5562 2426 5634 genui
2457 5574 2508 5619 te
2534 5564 2602 5624 “.
2639 5584 2659 5619 ι
2696 5565 2830 5622 Cum
2870 5567 3069 5638 alioqui
3108 5570 3260 5625 hodie
3291 5586 3396 5625 non
3427 5584 3649 5641 praeter-

2068 5655 2223 5721 itum,
2250 5653 2345 5710 sed
2375 5670 2614 5726 praesens
2647 5668 2859 5729 tempus
2888 5677 3105 5731 semper
3134 5664 3424 5734 signiticet.

2018 5771 2065 5803 "
2099 5768 2116 5820 l
2149 5767 2274 5821 Cor.
2302 5782 2361 5833 ιι,
2390 5767 2442 5822 9.
2521 5770 2566 5803 "
2593 5772 2733 5827 Psal.
2769 5790 2828 5839 ιι,
2861 5776 2928 5840 7;
2960 5775 3125 5832 Hebr.
3157 5791 3195 5842 ι,
3226 5777 3280 5834 5.
