4122 6574
498 319 639 373 ηαδ

1495 309 1554 365 S.
1596 305 1867 365 CYRILLI
1910 303 2384 361 ALEXANDKINI
2427 303 2750 361 ABCHIEP.

3627 305 3810 359 £9.28

570 430 629 485 Β.
676 428 933 498 Equidem
967 443 1072 483 non
1103 438 1293 498 parum
1324 422 1687 479 dubitaverim
1711 461 1727 485 ,
1760 431 1817 476 et
1845 419 2074 474 dililcul-
2105 468 2110 481 λ

2252 419 2312 472 Β.
2352 418 2671 490 Διηπόρηκα
2717 419 2814 488 μὲν
2846 417 2906 469 οὺ
2947 418 3185 489 μετρίως
3227 417 3361 488 ἐγὼ,
3392 418 3561 489 φαίην
3602 420 3649 473 δ’
3686 421 3806 481 ἂν,

499 534 585 581 ter
610 526 709 579 hoc
733 522 785 576 in
813 520 995 575 multis
1028 518 1253 589 intelligi
1286 531 1442 587 posse
1471 514 1789 586 judicarint.

571 704 636 758 Α.
676 699 746 757 lis
770 706 921 754 certe
949 695 1043 767 qui
1085 692 1490 750 Emmanuelem
1533 688 1783 743 dividunt
1826 694 1991 754 atque
2031 685 2082 737 in

499 795 607 849 duo
636 800 846 857 secant,
875 787 1095 845 diiﬁcile
1127 785 1403 840 intellectu
1441 770 1642 836 fuerit:
1676 778 1767 848 qui
1807 791 1936 831 vero
1959 789 2085 829 eum

503 899 669 939 unum
704 891 951 936 statuunt
990 878 1248 933 facillime
1291 889 1477 929 veram
1521 884 1801 926 sacrorum
1857 868 2085 937 dogma-

505 988 617 1032 tum
667 973 995 1030 sententiam
1042 976 1469 1038 consequuntur.
1519 961 1689 1016 Filius
1735 960 1881 1014 enim
1935 957 2085 1011 Patri

503 1079 842 1132 coaeternus,
890 1074 1056 1134 alque
1114 1071 1240 1117 ante
1284 1058 1466 1114 omnia
1525 1054 1726 1112 saecula
1781 1053 2085 1118 exsistens,

505 1161 720 1230 quando
744 1159 799 1215 in
826 1159 1117 1213 humanam
1147 1160 1399 1208 naturam
1428 1148 1728 1213 descendit,
1754 1160 1859 1200 non
1887 1145 2089 1199 amissa

508 1254 733 1314 deltate,
769 1250 863 1304 sed
911 1256 1184 1316 assumpta
1240 1242 1598 1304 humanitate,
1654 1240 1850 1295 merito
1889 1252 1954 1292 ex
2004 1250 2091 1289 se-

513 1339 657 1392 mine
717 1336 882 1390 David
941 1342 1099 1387 natus
1154 1346 1274 1386 esse
1336 1330 1569 1394 dicitur,
1629 1328 2089 1395 novissimamque

513 1429 656 1483 hanc
713 1426 1009 1482 secundum
1066 1425 1357 1478 humanam
1425 1433 1675 1474 naturam
1750 1418 2089 1473 nativitatem

511 1530 839 1575 consecutus
875 1531 1021 1571 esse.
1061 1515 1114 1568 Id
1157 1529 1288 1568 vero
1336 1511 1480 1583 quod
1518 1512 1817 1581 assumpsit
1857 1524 1963 1564 non
2011 1516 2093 1562 est

512 1610 745 1664 alienum
771 1608 839 1662 ab
875 1607 1013 1676 ipso,
1051 1607 1145 1660 sed
1190 1619 1378 1659 revera
1412 1605 1714 1675 proprium.
1753 1601 1873 1669 Quo
1911 1601 1992 1661 lit,
2036 1607 2096 1652 ut

2180 513 2266 564 ὅτι
2312 510 2640 580 δυσέφικτον
2687 510 2884 581 κομιδῇ
2935 509 3030 563 καὶ
3070 509 3285 575 πολλοῖς
3313 510 3521 583 ἑτέροις
3548 512 3612 565 τδ
3645 528 3810 565 συν-

2187 601 2325 654 ιέναι
2359 601 2620 655 δύνασθαι
2656 599 2829 655 τουτί.

2257 695 2320 749 Α.
2361 694 2488 756 Τοῖς
2520 693 2792 764 ἁναμέρος
2826 692 3021 747 τιθεῖσι
3069 694 3165 747 καὶ
3204 694 3527 767 διορίζουσι,
3574 695 3808 763 δυσέφο

2188 786 2335 838 ικτόν
2365 801 2425 837 τε
2460 785 2554 837 καὶ
2579 784 2783 855 ἄπορον
2815 783 3050 855 ἀληθῶς·
3077 786 3189 848 τοῖς
3212 801 3275 852 γε
3300 785 3406 856 μὴν
3433 787 3515 848 είς
3546 786 3805 855 ἑνότητα

2187 873 2621 941 κατασφίγγουσι
2654 873 2745 925 τὸν
2780 872 3150 944 Ἐμμανουὴλ,
3185 873 3350 942 ἐγγύς
3396 890 3453 926 τε
3500 874 3641 926 ἑλεῖν
3683 874 3803 925 καὶ

2187 964 2513 1034 ἑτοιμοτάτη
2534 964 2655 1016 λίαν
2685 966 2718 1034 ἡ
2740 962 2850 1017 τῶν
2882 963 3044 1033 ίερῶν
3072 962 3357 1033 δογμάτων
3380 963 3805 1036 ἀκιϐδήλευτος

2187 1056 2408 1125 γνῶσις.
2426 1057 2485 1108 '0
2510 1054 2618 1128 γὰρ
2644 1056 2722 1128 τῷ
2743 1056 2977 1125 φύσαντι
3007 1056 3275 1118 ωναῖδιος
3308 1057 3403 1111 καὶ
3438 1057 3543 1126 πρὸ
3573 1056 3805 1118 παντὸς

2187 1149 2384 1212 αἰῶνος
2415 1147 2562 1211 Υἱὸς,
2602 1148 2790 1219 ἐπειδὴ
2825 1148 3207 1219 καταϐέϐηκεν
3239 1149 3320 1211 είς
3348 1148 3449 1219 τὴν
3480 1148 3803 1219 ἀνθρώπου

2188 1241 2374 1311 φύσιν,
2405 1242 2507 1294 οὐκ
2551 1241 2922 1311 άπολισθήσας
2948 1240 3041 1294 τοῦ
3082 1236 3223 1293 εἶναι
3265 1240 3418 1304 Θεὸς,
3453 1238 3803 1310 προσλαϐὼν

2186 1334 2246 1389 δὲ
2270 1336 2330 1387 τὸ
2353 1333 2711 1405 ἀνθρώπινον,
2737 1334 2892 1389 νοοῖτ*
2920 1334 2986 1388 ἂν
3005 1334 3232 1397 εἰκότως
3258 1334 3350 1386 καὶ
3377 1334 3441 1387 ὲκ
3462 1334 3803 1405 σπέρματος

2192 1425 2550 1496 γεγεννῆσθαι
2569 1425 2754 1492 Δαδὶδ,
2782 1426 2879 1479 καὶ
2906 1426 3181 1497 νεωτάτην
3197 1425 3343 1495 ἔχειν
3363 1424 3461 1495 τὴν
3482 1426 3541 1476 ὲν
3565 1424 3805 1495 ἀνθρωο

2192 1517 2387 1586 πότητι
2436 1515 2892 1587 γέννησιν.Ἕστι
2936 1515 2992 1568 δὲ
3035 1516 3137 1568 οὐκ
3182 1515 3464 1585 ἀλλότριον
3508 1513 3673 1568 αὑτοῦ
3729 1514 3804 1566 τὸ

2196 1610 2561 1681 προσληφθὲν,
2586 1609 2706 1663 ἀλλ’
2727 1609 2859 1664 ῐδιον
2887 1608 3126 1680 ἀληθῶς.
3144 1608 3465 1677 Δελόγισται
3485 1608 3801 1680 τοιγαροῦν

511 1716 677 1758 unum
735 1698 1137 1769 quodammodo
1196 1712 1319 1751 cum
1374 1696 1493 1766 ipso
1554 1702 1883 1757 censeatur,
1934 1690 2091 1747 sicuti

2214 1700 2271 1764 ὓς
2313 1699 2372 1752 ἓν
2416 1700 2555 1771 πρὸς
2598 1700 2781 1764 αὑτὸν,
2814 1700 3063 1770 καθάπερ
3088 1699 3282 1769 ἀμέλει
3316 1701 3408 1752 καὶ
3433 1701 3531 1769 τὴν
3562 1698 3801 1770 ἀνθρὼ-

510 1795 673 1850 etiam
730 1768 783 1847 in
831 1788 1221 1848 constitutione
1268 1788 1503 1844 hominis
1532 1786 1721 1842 videre
1767 1786 1912 1839 licet.
1960 1783 2099 1839 Con-

2214 1808 2305 1845 που
2337 1768 2591 1845 σύνθεσιν
2620 1791 2965 1861 καταθρήσαι
2994 1768 3077 1856 τις
3102 1791 3187 1848 ἄν,
3213 1768 3518 1846 Πέπλεκται
3552 1792 3654 1863 μὲν
3672 1768 3802 1861 γὰρ

513 1896 621 1941 stat
652 1884 796 1939 enim
849 1884 1012 1938 homo
1067 1897 1133 1936 ex
1186 1880 1541 1935 dissimilibus
1592 1886 1784 1932 natura
1820 1895 1835 1933 :
1868 1888 2097 1945 corpore

516 1975 776 2030 nimirum
803 1982 859 2027 et
888 1972 1088 2033 anima,
1133 1982 1424 2037 utrumque
1456 1977 1637 2022 tamen
1676 1976 1933 2021 censetur
1965 1977 2102 2017 unus

518 2068 700 2131 homo,
726 2065 862 2119 adeo
890 2073 947 2117 ut
983 2078 1049 2116 ex
1092 2062 1206 2116 sola
1233 2074 1398 2115 carne
1454 2068 1625 2114 totum
1672 2058 1942 2115 interdum
1984 2056 2104 2108 ani-

517 2155 627 2210 mal
648 2162 899 2209 vocetur:
931 2168 1053 2208 cum
1084 2167 1210 2205 vero
1239 2150 1474 2205 animant
1502 2149 1871 2212 nominamus,
1900 2156 2103 2201 utrum-

519 2265 627 2318 que
662 2248 1013 2317 intelligatur.
1051 2246 1250 2302 Eadem
1286 2247 1470 2314 itaque
1521 2244 1728 2298 ratione
1771 2243 1839 2295 de
1887 2241 2104 2295 Christo

516 2344 868 2415 iudicandum
911 2350 1012 2395 est.
1054 2340 1203 2396 Unus
1242 2339 1388 2393 enim
1438 2337 1629 2402 Filius,
1658 2344 1714 2391 et
1744 2350 1883 2389 unus
1917 2332 2106 2387 Domi-

524 2451 625 2492 nus
651 2433 811 2491 Jesus
838 2434 1107 2499 Christus,
1131 2441 1186 2487 et
1226 2443 1351 2487 ante
1392 2444 1612 2486 carnem
1647 2438 1980 2496 assumptum
2005 2468 2018 2492 ,
2051 2435 2109 2481 et

522 2543 647 2583 eum
674 2526 848 2582 factus
872 2535 957 2579 est
979 2530 1162 2580 homo.
1195 2523 1383 2594 Neque
1416 2538 1546 2578 vero
1579 2522 1864 2577 Dominum
1889 2519 1980 2587 qui
2012 2535 2107 2574 nos

525 2622 752 2675 redemit
791 2618 1141 2687 negabimus,
1191 2617 1236 2670 si
1278 2617 1451 2684 ipsttm
1502 2629 1568 2668 ex
1620 2614 1870 2667 humanis
1910 2611 2106 2676 rebus,

524 2718 689 2779 atque
724 2708 1117 2762 exittauitionis
1151 2710 1313 2760 modo
1347 2704 1739 2775 signiﬁcemus.

598 2800 657 2855 Β.
700 2798 816 2855 Non
850 2815 1115 2869 assequor
1142 2818 1154 2852 :
1182 2799 1342 2853 velim
1378 2809 1559 2852 autem
1599 2794 1653 2849 id
1686 2794 1888 2851 clarius
1936 2794 2110 2864 expli-

528 2909 663 2950 carl.

598 2988 663 3039 A.
711 2984 969 3039 Dominus
1002 2991 1188 3035 noster
1212 2979 1369 3035 Jesus
1390 2979 1642 3034 Christus
1681 2979 1747 3034 ad
1787 2979 2003 3034 Iudaeos
2037 2980 2111 3033 ita

2202 1884 2263 1949 ἐξ
2290 1884 2559 1955 ἀνομοίων
2580 1885 2677 1955 τὴν
2700 1885 2882 1953 ῳύσιν,
2909 1884 3085 1955 ψυχῆς
3110 1884 3174 1955 δὴ
3214 1885 3361 1953 λέγω
3390 1886 3482 1937 καὶ
3507 1886 3799 1954 σώματος.

2203 1977 2318 2032 ἀλλ’
2349 1973 2440 2030 οὖν
2475 1970 2559 2041 εἷς
2589 1979 2792 2030 νοεῖται
2830 1976 2892 2030 τὸ
2928 1978 3335 2047 συναμφότερον
3369 1976 3675 2048 ἄνθρωπος,
3708 1976 3804 2037 ὡς

2204 2071 2310 2124 ἀπὸ
2341 2070 2509 2141 μόνης
2551 2070 2648 2140 τῆς
2692 2070 2913 2141 σαρκὸς,
2948 2068 3068 2122 ὅλον
3103 2067 3215 2121 ἔσθ’
3244 2069 3333 2121 ὅτε
3363 2068 3801 2138 κατωνομάοεθαι

2204 2164 2265 2216 τὸ
2296 2164 2455 2228 ζῶον,
2490 2162 2670 2233 ψυχῆς
2689 2161 2749 2217 δὲ
2778 2161 3197 2233 ὠνομασμένης,
3225 2161 3462 2214 νοεῖσθαι
3490 2162 3551 2212 τὸ
3580 2177 3805 2228 συναρι-

2205 2255 2453 2328 φότερον.
2490 2255 2650 2309 Κατά
2676 2254 2766 2307 τὸν
2790 2251 2909 2308 ἴσον
2940 2250 3033 2308 οὖν
3065 2253 3172 2326 ἄρα
3206 2254 3427 2324 τρόπον,
3460 2255 3553 2307 καὶ
3578 2253 3668 2306 ἐπ’
3691 2253 3805 2306 a6-

2205 2347 2302 2402 τοῦ
2324 2347 2605 2420 παραδέξῃ
2634 2346 2892 2416 Χριστοῦ.
2925 2342 3022 2410 Εἷς
3051 2346 3160 2418 γὰρ
3185 2346 3335 2410 Υἱὸς,
3358 2346 3452 2400 καὶ
3472 2341 3555 2409 εἷς
3582 2345 3806 2416 Κύριος

2221 2440 2426 2511 Ἰησοῦς
2453 2440 2483 2491 ὁ
2507 2440 2760 2511 Χριστὸς,
2793 2438 2887 2492 καὶ
2917 2438 3022 2511 πρὸ
3049 2439 3269 2511 σαρκὸς,
3303 2439 3394 2492 καὶ
3435 2440 3520 2491 ὅτε
3551 2437 3805 2507 πέτρηνεν

2208 2529 2519 2602 ἄνθρωπος·
2553 2530 2762 2585 καὶτὸν
2793 2530 3142 2601 ἀγοράσαντα
3171 2531 3317 2601 ἡμᾶς
3359 2530 3636 2600 Δεσπὸτην
3692 2530 3803 2581 οὐκ

2205 2619 2584 2691 ἀρνησόμεθα,
2622 2619 2724 2672 κᾶν
2772 2620 2824 2672 εί
2866 2618 2957 2672 διὰ
2988 2618 3095 2672 τῶν
3128 2616 3486 2689 ἀνθρωπίνων
3515 2618 3669 2685 ἡμῖν,
3701 2613 3805 2666 καὶ

2210 2714 2274 2766 ὲκ
2300 2712 2409 2767 τῶν
2436 2712 2539 2782 τῆς
2569 2710 2855 2775 κενώσεως
2887 2712 3100 2781 μέτρων
3136 2708 3613 2780 κατασημαίνοιτο.

2282 2806 2344 2861 Β.
2385 2807 2497 2875 Οὐχ
2550 2806 2754 2876 ἕπομαι
2798 2804 2939 2869 λίαν,
2990 2802 3292 2873 άναμαθεῐν
3340 2802 3387 2855 δ’
3434 2801 3501 2855 ἂν
3552 2799 3803 2869 ἐθέλοιμι

2213 2898 2400 2964 σαφῶς
2411 2937 2422 2950 .

2283 2991 2348 3041 Α.
2381 2987 2656 3050 Ἰουδαίοις
2694 2986 2799 3056 ἔφη
2842 2984 3165 3059 προσλαλῶν
3197 2987 3226 3037 ὁ
3266 2984 3469 3055 Κύριος
3501 2982 3657 3055 ἡμῶν
3692 2985 3805 3052 Ἰη-

530 3078 609 3131 alt
636 3096 649 3130 :
685 3094 704 3127 ι
738 3074 796 3130 Si
833 3075 925 3127 lilii
956 3074 1228 3126 Abraham
1256 3071 1474 3135 essetis,
1502 3085 1664 3139 opera
1702 3070 1937 3124 Abrahae
1968 3069 2105 3124 face.

2217 3079 2344 3142 σοῦς
2391 3083 2419 3132 ὁ
2469 3079 2724 3148 Χριστὸς,
2786 3096 2804 3129 ι
2838 3078 2900 3131 Ei
2951 3078 3115 3135 τέκνα
3150 3076 3246 3129 τοῦ
3281 3075 3533 3147 Ἀϐραὰμ
3574 3071 3695 3147 ἦτε,
3729 3075 3804 3129 τὰ

534 3171 700 3235 retis;
737 3183 881 3223 nunc
915 3181 1043 3221 vero
1073 3165 1333 3234 quaeritis
1357 3180 1443 3218 tne
1477 3162 1803 3227 interﬁcere,
1839 3162 2110 3221 hominem

2216 3171 2354 3242 ἔργα
2378 3169 2475 3225 τοῦ
2512 3169 2767 3241 Ἀδραᾶμ
2795 3171 3028 3223 εποιεῖτε
3078 3169 3149 3222 ἄν
3178 3184 3191 3197 ο
3228 3167 3323 3220 νῦν
3372 3166 3431 3220 δὲ
3476 3166 3688 3237 ζητεῖτέ
3732 3182 3803 3234 με

534 3264 625 3335 qui
658 3264 936 3316 veritatem
968 3258 1120 3312 vobis
1145 3256 1353 3311 locutus
1369 3271 1511 3322 sum,
1530 3270 1691 3325 quam
1716 3256 1893 3309 audivi
1917 3270 1945 3307 a
1967 3255 2113 3318 Deo;

536 3356 640 3411 hoc
666 3352 936 3407 Abraham
969 3366 1074 3404 nou
1111 3348 1239 3404 fecit
1270 3348 1337 3401 ⁸⁸.
1374 3366 1393 3399 ι
1428 3348 1566 3413 Quin
1601 3357 1655 3402 et
1683 3346 1881 3401 Paulus
1911 3348 1975 3402 de
2001 3347 2118 3416 ipso

536 3448 771 3505 scribit:
819 3464 836 3495 ι
877 3442 977 3508 Qui
1019 3442 1071 3496 in
1098 3442 1290 3496 diebus
1319 3440 1500 3494 carnis
1542 3454 1658 3493 sua
1698 3454 1887 3508 preces
1913 3439 2117 3508 suppli-

537 3543 888 3607 cationesque
927 3536 997 3591 ad
1024 3551 1147 3589 eum
1168 3535 1258 3604 qui
1299 3534 1469 3602 possit
1512 3532 1662 3585 illum
1697 3531 1904 3585 salvum
1942 3532 2121 3584 facere

541 3655 569 3687 a
598 3645 779 3689 morte
822 3647 943 3686 cum
978 3631 1218 3684 clamore
1262 3626 1441 3680 valido
1477 3634 1534 3677 et
1573 3623 1828 3692 lacrymis
1863 3622 2119 3685 oll'ereus,

540 3725 825 3780 exauditus
876 3730 960 3777 est
1005 3735 1103 3791 pro
1145 3734 1243 3775 sua
1280 3716 1604 3772 reverentia.
1645 3713 1711 3771 Et
1746 3715 1960 3783 quidem
1996 3731 2119 3769 cum

541 3829 686 3875 esset
712 3817 879 3873 Filius
904 3815 1021 3879 Dei,
1051 3812 1236 3868 didicit
1276 3826 1340 3863 ex
1386 3811 1465 3864 eis
1515 3825 1637 3879 qua:
1682 3824 1872 3878 passus
1913 3820 1995 3863 est
2026 3812 2123 3862 ub-

541 3910 832 3965 edientiam
869 3908 938 3961 “.
974 3924 995 3958 ο
1043 3906 1198 3957 Anne
1249 3902 1409 3970 igitur
1443 3904 1512 3955 ob
1562 3901 1664 3955 hoc
1710 3902 1881 3969 ipsum
1925 3903 2123 3952 nudum

545 4003 841 4065 hominem,
878 3998 1128 4067 nullaque
1158 3994 1323 4067 697
1362 3994 1571 4049 ratione
1598 3993 1758 4047 nobis
1781 3992 2119 4061 superiorem

543 4095 824 4151 Christum
856 4090 1246 4149 censebimus?

613 4188 683 4334 ξ..
714 4188 947 4335 imi-0
972 4275 1293 4346 sapientiam
1323 4286 1386 4326 ac
1408 4270 1705 4341 potentiam
1736 4267 1833 4324 Dei
1861 4282 1928 4323 eo
1949 4267 2124 4322 imbe-

543 4372 788 4429 cillitatis
826 4369 1043 4425 venisse
1086 4366 1402 4426 fatebimur.
1433 4373 1492 4417 ut
1540 4368 1771 4417 mortem
1807 4359 2133 4416 extimesce-

2217 3264 2559 3324 ἁποκτείναι,
2577 3262 2862 3333 ἄνθρωπον
2884 3262 2941 3324 ὃς
2961 3261 3058 3331 τὴν
3078 3260 3337 3332 ἀλήθειαν
3356 3260 3484 3331 ὑμῖν
3504 3257 3801 3327 λελάληκα,

2218 3355 2375 3409 τοῦτο
2420 3356 2673 3425 Ἀϐραὰμ
2699 3356 2801 3408 οὐκ
2828 3354 3069 3425 εποίησε.
3105 3374 3123 3405 ι
3158 3353 3364 3425 Γράφει
3394 3353 3450 3405 δὲ
3478 3353 3571 3405 καὶ
3603 3353 3631 3407 ὁ
3655 3349 3806 3402 Παῦ-

2220 3445 2309 3507 λος
2342 3445 2471 3515 περὶ
2517 3444 2702 3509 αὐτοῦ,
2740 3446 2873 3508 (Ὃς
2906 3447 2964 3496 ὲν
3010 3446 3130 3507 ταῖς
3178 3444 3410 3515 ἡμέραις
3454 3444 3550 3511 τῆς
3600 3442 3806 3511 σαρκὸς

2221 3534 2409 3598 αὐτοῦ,
2438 3535 2653 3603 δεήσεις
2680 3551 2740 3587 τε
2790 3535 2886 3587 καὶ
2933 3533 3211 3605 ἱκετηρίας
3238 3534 3374 3604 πρὸς
3398 3532 3486 3585 τὸν
3507 3531 3807 3600 δυνάμενον

2226 3629 2421 3695 σώζειν
2444 3630 2608 3685 αὑτὸν
2634 3631 2700 3683 ὲκ
2720 3629 2972 3694 θανάτου,
3002 3628 3147 3700 μετὰ
3177 3628 3424 3699 κραυγῆς
3457 3627 3686 3697 ἰσχυρᾶς
3710 3626 3808 3678 καὶ

2224 3723 2476 3794 δακρύων
2530 3723 2923 3794 προσενέγκας,
2978 3721 3073 3775 καὶ
3130 3720 3503 3783 εἰσακουσθεὶς
3552 3719 3663 3771 ἀπὸ
3707 3718 3807 3785 τῆς

2222 3815 2530 3882 εὐλαϐείας,
2582 3816 2784 3885 καίπερ
2824 3814 2903 3866 ὢν
2939 3814 3084 3879 Υἱὸς,
3132 3812 3339 3884 ἔμαθεν
3393 3812 3484 3880 ἀφ⁴
3522 3805 3595 3863 ὧν
3638 3810 3805 3863 ἔπαθε

2227 3907 2326 3976 τὴν
2375 3907 2641 3976 ὑπακοήν.
2668 3924 2687 3956 ι
2716 3902 2843 3976 Ἆρ’
2871 3900 2965 3958 οὖν
3021 3904 3311 3977 ἄνθρωπον
3357 3903 3489 3957 αὐτὸ
3535 3902 3601 3971 δὴ
3652 3901 3808 3953 τοῦτο

2228 4000 2406 4069 ψιλὸν,
2437 3999 2530 4052 καὶ
2562 4001 2683 4053 κατ’
2706 3999 2895 4052 οὐδένα
2924 4000 3126 4070 τρόπον
3156 3996 3495 4067 ἀνεστηκότα
3531 3995 3641 4049 τῶν
3672 3995 3777 4047 καθ
3795 3994 3809 4012 '

2235 4097 2378 4166 ἡμᾶς
2414 4093 2747 4164 λογιούμεθα
2782 4094 2874 4147 τὸν
2912 4094 3175 4164 Χριστόνς

2307 4189 2368 4244 Β.
2407 4188 2498 4258 Μὴ
2537 4188 2763 4255 γένοιτο.

2304 4281 2368 4334 Λ.
2410 4281 2523 4350 Τὴν
2546 4280 2602 4333 δὲ
2623 4280 2717 4333 τοῦ
2751 4279 2885 4334 Θεοῦ
2919 4279 3111 4349 σοφίαν
3139 4279 3234 4334 καλ⁹
3264 4278 3510 4349 δύναμιν,
3530 4274 3803 4338 άσθενειας

2234 4374 2316 4435 εἰς
2362 4372 2521 4426 τοῦτο
2565 4372 2891 4428 καθικέσθαι
2922 4372 3187 4442 δώσομεν,
3222 4372 3297 4433 ὼς
3329 4370 3555 4424 δεδιέναι
3586 4367 3687 4439 μὲν
3708 4366 3804 4423 9d-

549 4477 652 4531 ret,
679 4476 842 4535 atque
866 4463 933 4517 ab
965 4475 1028 4515 ea
1060 4455 1277 4513 liberari
1314 4470 1344 4509 a
1370 4453 1535 4509 Patre
1566 4458 1799 4523 peteret,
1828 4458 1885 4505 et
1918 4448 2103 4504 Etnma

2239 4481 2418 4527 νατον,
2456 4463 2686 4530 ἐξαιτεῖν
2723 4464 2782 4518 δὲ
2827 4465 2887 4518 τὸ
2942 4463 3212 4529 σώζεσθαι
3267 4463 3416 4535 παρά
3450 4462 3542 4515 τοῦ
3580 4460 3806 4532 Πατρὺς,

550 4561 762 4616 nueletn
814 4569 999 4611 veram
1056 4552 1222 4605 vitam
1267 4563 1390 4603 esse
1443 4544 1805 4616 negabimus?
1847 4552 1943 4598 aut
1992 4543 2133 4598 hanc

550 4654 838 4708 verborum
870 4646 1232 4703 humilitatem
1278 4642 1343 4696 ad
1384 4639 1785 4695 humanitatem
1828 4646 2135 4703 noctemque

552 4751 759 4799 natura:
800 4739 1076 4794 modulum
1117 4734 1455 4797 referentes,
1505 4738 1652 4786 recte
1696 4729 2037 4783 sentiemus:
2083 4738 2137 4782 et

549 4850 616 4889 es
647 4831 845 4905 quibus
871 4840 957 4884 est
986 4827 1150 4890 Deus,
1174 4824 1672 4894 supermundanam
1706 4821 1879 4890 ipsius
1909 4820 2134 4889 gloriam

550 4921 1064 4992 contemplabiinur,
1095 4915 1463 4985 intelligente-8
1489 4913 1669 4982 ipsum
1712 4926 1836 4965 esse
1876 4919 1934 4965 et
1958 4912 2137 4964 homi-

551 5028 680 5067 nem
711 5018 767 5065 et
794 5008 985 5075 Deum,
1019 5015 1114 5060 aut
1149 5005 1317 5059 Deum
1350 5000 1738 5057 incarnatum?

624 5217 683 5271 D.
727 5214 825 5270 Dic
851 5229 959 5284 quo
980 5223 1158 5285 pacto.

627 5311 694 5365 Δ.
738 5307 1046 5364 Afferantus
1101 5308 1156 5362 in
1208 5305 1442 5362 medium
1494 5301 1954 5373 sapientissimum
2001 5299 2137 5353 Pan-

2240 4559 2333 4610 καὶ
2357 4556 2453 4609 τοῦ
2484 4558 2627 4611 κατὰ
2648 4557 2808 4625 φύσιν
2834 4553 2971 4609 εἶναι
3003 4556 3146 4627 ζωὴν
3174 4555 3530 4627 ἐκπέμψομεν
3558 4554 3648 4607 τὸν
3682 4554 3809 4623 Ἐμο

2244 4649 2519 4721 μανουήλ;
2575 4651 2609 4721 ἢ
2660 4650 3081 4722 περιτρέποντες
3131 4652 3212 4712 εἰς
3253 4651 3353 4717 τὴν
3399 4647 3808 4718 ὰνθρωπότητα.

2242 4744 2337 4796 καὶ
2384 4745 2464 4807 είς
2514 4742 2712 4815 μέτρον
2749 4742 2963 4812 φύσεως
2991 4740 3091 4811 τῆς
3124 4739 3243 4795 καθ’
3270 4742 3418 4813 ἡμᾶς
3463 4739 3522 4793 τὸ
3555 4742 3610 4792 ἐν
3639 4738 3811 4807 λόγοις

2244 4835 2679 4909 σμικροπρεπὲς,
2710 4834 2983 4904 δράσομέν
3019 4851 3070 4886 τι
3116 4832 3224 4886 τῶν
3270 4831 3698 4901 ἐπαινουμένων,
3726 4833 3811 4882 καὶ

2242 4924 2303 4989 ἐξ
2329 4919 2404 4978 ὧν
2428 4927 2545 4976 ἐστι
2573 4923 2723 4988 Θεὸς,
2752 4922 2852 4995 τὴν
2875 4924 3244 4994 ὑπερκόσμιον
3274 4919 3439 4975 αὕτοῦ
3474 4919 3815 4989 κατοψόμεθα

2241 5017 2418 5083 δόξαν,
2454 5017 2543 5069 τὸν
2594 5015 2756 5070 αὑτὸν
2804 5010 2944 5070 εἶναι
2999 5015 3246 5079 συνέντες
3292 5012 3579 5085 ἄνθρωπόν
3618 5028 3677 5065 τε
3726 5012 3813 5062 καὶ

2242 5108 2396 5173 Θεὸν,
2431 5107 2551 5179 ἦτοι
2585 5107 2716 5161 Θεὸν
2742 5106 3236 5178 ὲνηνθρωπηκότας

2316 5197 2375 5255 Β.
2413 5198 2624 5270 Φράσον
2660 5198 2827 5261 ὅπως.

2315 5291 2379 5344 Δ.
2411 5289 2621 5343 Ἢκέτω
2660 5288 2727 5360 δὴ
2771 5285 2866 5343 οὖν
2906 5289 2986 5354 είς
3018 5288 3181 5361 μέσον
3211 5290 3367 5360 ἡμῖν,
3397 5290 3426 5342 ὁ
3455 5285 3814 5359 δοκιμώτατος

556 5403 693 5468 lum,
735 5403 825 5471 qui
874 5403 945 5455 ita
990 5400 1165 5454 dicit:
1218 5418 1236 5449 ι
1276 5396 1609 5466 Sapientiam
1646 5404 1826 5448 autem
1870 5392 2107 5462 loquitnu

2250 5381 2479 5446 Παῦλος,
2508 5382 2663 5434 ταυτὶ
2689 5381 2828 5452 βοῶν
2852 5399 2910 5434 τε
2935 5384 3028 5435 καὶ
3046 5381 3241 5450 λέγων·
3278 5398 3296 5432 ι
3328 5380 3528 5449 Σοφίαν
3553 5377 3813 5448 λαλοῦμεν

558 5500 696 5552 inter
730 5496 1024 5566 perfectos,
1062 5494 1383 5563 sapientiam
1423 5506 1549 5545 vero
1592 5505 1696 5544 non
1744 5489 1899 5556 hujus
1925 5487 2136 5550 smculi,

531 5584 735 5656 "neque
781 5588 1083 5657 principum
1130 5584 1286 5653 hujus
1345 5584 1551 5648 swculi,
1600 5586 1689 5653 qui
1744 5582 2135 5636 destruuutur:

632 5767 679 5799 ⁵⁸
702 5766 859 5826 Joan.
894 5785 1005 5833 rm,
1034 5770 1120 5834 ὅθ,
1158 5768 1242 5824 40.
1325 5770 1369 5799 ⁵⁸
1406 5768 1566 5821 llebr.
1598 5782 1648 5830 ν,
1680 5766 1729 5829 Τ,
1761 5766 1812 5819 8.

2248 5478 2305 5528 ὲν
2350 5477 2461 5538 τοῖς
2505 5474 2753 5539 τελείοις,
2789 5476 2982 5545 σοφίαν
3024 5475 3082 5528 δὲ
3126 5474 3186 5526 οὐ
3234 5471 3328 5526 τοῦ
3382 5472 3578 5534 αἰῶνος
3608 5469 3811 5532 τοῦτου,

2248 5570 2363 5626 οὐδὲ
2387 5570 2496 5625 τῶν
2524 5569 2798 5641 ἀρχόντων
2828 5567 2919 5621 τοῦ
2953 5568 3144 5631 αἰῶνος
3176 5567 3363 5619 τούτου
3388 5565 3497 5619 τῶν
3521 5580 3813 5634 καταργου-
