4122 6526
242 388 261 441 1
274 386 382 442 225

1343 390 1430 440 υι.
1472 390 1987 449 ιΜιΑΙίΝΑἸῚυΝΕ
2028 397 2404 454 UNIGENITI.

3364 388 3500 472 teis

239 480 442 550 μένων,
472 476 611 533 ἀλλά
640 476 911 550 λαλοῦμεν
932 478 1067 531 Θεοῦ
1094 478 1286 547 σοφίαν
1316 480 1376 532 ὲν
1409 482 1695 553 μυστηρίῳ
1723 483 1824 554 τὴν

1929 487 2023 541 sed
2080 488 2354 559 loquimur
2419 490 2515 547 Dei
2569 493 2891 563 sapientiam
2944 496 2999 553 in
3051 503 3332 572 mysterio,
3385 522 3501 576 quze

235 567 762 639 ἀποκεκρυμμένην,
784 568 852 639 ἢν
888 567 1192 639 προώρισεν
1215 570 1242 622 6
1265 567 1398 631 Θεὸς
1428 568 1534 641 πρὸ
1565 570 1672 624 τῶν
1694 571 1823 625 αἰώ-

238 679 343 716 νων
388 663 467 724 είς
507 660 663 725 δόξαν
693 660 871 730 ὑμῶν,
915 661 984 730 ἢν
1029 660 1205 724 οὐδεὶς
1239 661 1347 715 τῶν
1396 663 1673 734 ἀρχόντων
1722 665 1820 718 τοῦ

236 751 433 817 αἰῶνος
456 750 645 806 τούτου
674 752 932 821 ἔγνωκεν.
964 772 981 804 ι
1005 752 1068 805 Εί
1094 754 1201 825 γὰρ
1218 753 1482 823 ἔγνωσαν,
1501 757 1601 809 οὐκ
1632 756 1699 811 ἂν
1730 758 1821 812 τὸν

237 845 443 917 Κύριον
472 846 576 916 τῆς
606 846 763 916 δόξης
797 845 1172 917 ἐσταύρωσαν.
1202 848 1311 902 Καὶ
1329 849 1442 921 μὴν
1468 851 1561 903 ἐπὶ
1588 848 1821 914 τούτοις,

242 957 260 990 ι
280 940 374 1002 Ὃς
395 936 472 991 ὢν
491 937 836 1009 ἀπαύγασμα
858 938 956 1009 τῆς
974 939 1131 1009 δόξης
1151 940 1245 994 καὶ
1262 941 1549 1014 χαρακτὴρ
1568 945 1669 1013 τῆς
1689 943 1823 996 ύπο-

239 1031 481 1096 στάσεως
523 1031 711 1095 αὑτοῦ,
746 1031 928 1102 φέρων
957 1049 1016 1086 τε
1047 1032 1117 1087 τὰ
1146 1033 1324 1087 πάντα
1371 1034 1448 1105 τῷ
1493 1036 1698 1106 ῥήματι
1723 1036 1822 1106 τῆς

236 1124 519 1195 δυνάμεως
551 1124 737 1187 αὐτοῦ,
771 1124 1114 1197 καθαρισμὸν
1141 1125 1248 1181 τῶν
1275 1126 1560 1197 ἁμαρτιῶν
1592 1128 1821 1197 ποιησά-

124 1272 133 1281 ,
242 1233 422 1289 μενος,
449 1216 701 1271 ἐκάθισεν
735 1218 792 1271 ὲν
822 1217 973 1288 δεξιᾷ
998 1218 1098 1289 τῆς
1142 1218 1533 1290 μεγαλωσύνης
1581 1220 1638 1273 ὲν
1685 1219 1825 1291 ύψη-

238 1306 369 1370 λοτς,
401 1306 641 1377 τοσούτῳ
669 1305 933 1377 κρείττων
961 1307 1250 1378 γενόμενος
1286 1308 1396 1361 τῶν
1420 1307 1689 1378 ἀγγέλων,
1713 1311 1824 1381 ὅσῳ

237 1396 640 1469 διαφορώτερον
668 1399 799 1468 παρ’
832 1399 1030 1463 αὐτοὺς
1056 1399 1532 1471 κεκληρονόμηκεν
1571 1401 1762 1472 ὄνομα.
1796 1421 1816 1455 ι

240 1490 432 1545 Καίτοι
482 1490 541 1543 τό
586 1507 651 1559 γε
688 1485 824 1543 εἷναί
873 1506 931 1543 τε
983 1491 1077 1544 καὶ
1122 1489 1483 1561 ὀνομάζεσθαι
1522 1492 1624 1563 τῆς
1667 1492 1825 1565 δόξης

239 1583 465 1655 Κύριον,
485 1581 603 1645 πῶς
625 1582 749 1653 οὐχὶ
771 1580 890 1634 λίαν
916 1582 1208 1653 ὑπερτενὲς
1230 1584 1323 1637 καὶ
1345 1585 1547 1648 παντὸς
1567 1585 1823 1639 ἐπέκεινα

237 1674 468 1746 γενητοῦ
503 1675 598 1728 καὶ
629 1674 983 1745 παρηγμένον
1014 1674 1153 1744 πρὸς
1176 1675 1421 1744 γένεσιν;
1442 1677 1553 1730 Καὶ
1582 1677 1822 1748 παρίημι

241 1767 341 1837 μὲν
376 1767 446 1821 τά
487 1765 819 1837 ἀνθρώπινα·
853 1765 1063 1837 σμικρὰ
1088 1765 1197 1837 γὰρ
1239 1765 1305 1838 δὴ
1351 1766 1492 1821 λίαν·
1525 1768 1638 1838 ἐρῶ
1660 1768 1705 1821 δ’
1728 1765 1823 1824 οῦν

236 1861 319 1914 ὅτι
353 1860 455 1913 κᾶν
494 1858 785 1928 Ἀγγέλους
817 1858 1103 1929 ὀνομάσαι,
1134 1858 1229 1912 καὶ
1256 1858 1456 1931 Ἀρχὰς
1480 1861 1572 1913 καὶ
1591 1861 1827 1932 Θρόνους

238 1952 334 2007 καὶ
368 1951 711 2024 Κνριότητας
755 1950 1208 2022 ἀπαριθμήσαιτό
1235 1968 1339 2016 τις,
1373 1953 1466 2005 καὶ
1501 1951 1608 2023 μὴν
1649 1954 1743 2005 καὶ
1776 1955 1825 2007 εί

235 2044 345 2098 τῶν
375 2043 636 2097 ἀνωτάτω
664 2043 1092 2115 διαμεμνήσεται
1120 2044 1394 2115 Σεραφὶμ,
1414 2044 1648 2098 κατόπιν
1678 2045 1827 2098 ἰόντα

237 2135 337 2206 τῆς
354 2133 529 2198 οὕτως
555 2134 884 2206 ὑπερτενοῦς
903 2134 1289 2206 ὁμολογήσειεν
1312 2134 1378 2190 ἂν
1397 2135 1668 2200 εὐκλείας,
1689 2135 1825 2205 εἴγε

238 2227 363 2283 νοῦν
392 2227 505 2297 ἔχοι
533 2226 607 2297 μὴ
639 2220 1422 2299 παρεφθαρμένον.Ἕκκριτον
1451 2228 1560 2299 γὰρ
1599 2224 1737 2282 εἶναι
1764 2229 1827 2283 τὸ

238 2319 407 2389 γέρας
447 2319 610 2389 φημὶ,
651 2319 745 2372 καὶ
781 2318 891 2371 δεῖν
922 2318 1243 2372 ἀνακεῖσθαι
1275 2318 1410 2389 μόνῃ
1441 2320 1506 2389 τῇ
1544 2319 1653 2372 τῶν
1687 2320 1825 2375 ὅλων

239 2411 595 2483 παμὸασιλίδι
642 2411 821 2481 φύσει.
857 2411 979 2474 Πῶς
1006 2408 1101 2466 οὖν
1145 2410 1213 2465 ἂν
1265 2412 1475 2480 γένοιτο
1525 2415 1625 2484 τῆς
1667 2411 1827 2483 δόξης

239 2503 445 2577 Κύριος
482 2504 510 2556 6
537 2501 980 2572 ὲσταυρωμένος;
1020 2501 1094 2554 Τὸ
1125 2500 1183 2554 δὲ
1212 2500 1555 2572 ἀπαύγασμα
1583 2501 1678 2555 τοῦ
1708 2504 1824 2557 Πα-

238 2595 385 2666 τρὸς,
416 2594 511 2649 καὶ
540 2594 637 2665 τῆς
664 2593 849 2657 οὐσίας
880 2594 909 2645 6
942 2592 1251 2664 χαρακτὴρ,
1280 2595 1308 2647 6
1335 2594 1517 2664 φέρων
1549 2592 1614 2646 τὰ
1646 2593 1825 2647 πάντα

237 2686 318 2758 τῷ
364 2687 568 2758 ῥήματι
614 2686 714 2757 τῆς
745 2685 1027 2756 δυνάμεως
1054 2684 1241 2750 αὑτοῦ,
1275 2685 1540 2755 κρείττων
1576 2685 1825 2754 ἀγγέλων

238 2778 565 2850 γεγενῆσθαι
581 2777 820 2847 λέγεται,
838 2778 979 2848 τάχα
998 2793 1099 2830 που
1128 2776 1190 2830 τὸ
1217 2777 1456 2839 ἔλαττον,
1477 2777 1553 2841 ὡς
1585 2770 1822 2848 ἐγῷμαι,

237 2874 442 2939 λαδὼν,
476 2875 565 2928 ὅτε
595 2874 836 2943 πέφηνεν
866 2872 1171 2943 ἄνθρωπος.
1204 2870 1518 2943 Γέγραπται
1563 2869 1693 2944 γὰρ,
1740 2871 1824 2925 ὅτι

245 2989 263 3021 ι
296 2969 398 3023 Τὸν
432 2967 486 3020 δὲ
524 2965 696 3041 βραχύ
726 2984 780 3019 τι
805 2967 935 3037 παρ’
967 2963 1231 3034 ἀγγέλους
1276 2964 1659 3035 ἠλαττωμένον
1702 2964 1825 3035 βλέ-

242 3077 417 3130 πομεν
458 3058 688 3128 Ἰησοῦν,
716 3059 804 3112 διὰ
832 3059 895 3113 τὸ
920 3058 1150 3130 πάθημα
1178 3058 1273 3111 τοῦ
1311 3058 1542 3113 θανάτου
1576 3058 1702 3130 δόξῃ
1729 3059 1825 3112 καὶ

1926 577 2241 636 abscondita
2275 592 2392 650 est,
2417 598 2579 653 quam
2621 587 3027 654 praedestinavit
3063 590 3205 649 Deus
3236 603 3362 651 ante
3402 612 3501 655 ste-

1923 668 2042 723 cula
2073 670 2128 725 in
2172 672 2399 743 gloriam
2453 684 2719 741 nostram,
2772 694 2935 747 quam
2989 694 3152 738 nemo
3198 688 3503 758 principum

1924 760 2084 829 hujus
2108 764 2294 819 saeculi
2328 767 2600 835 cognovit.
2633 766 2691 823 Si
2722 771 2869 825 enim
2904 777 3325 844 cognovissent,
3364 795 3503 835 nun-

1923 867 2083 922 quam
2135 855 2423 911 Dominum
2462 858 2647 929 gloria:
2673 861 3159 921 cruciﬁxissent".
3208 887 3229 919 ι
3271 868 3504 927 Praeter-

1922 956 2029 998 ea:
2092 961 2110 996 t
2139 942 2240 1010 Qui
2289 960 2412 1000 cum
2455 949 2527 1003 sit
2566 948 2822 1019 splendor
2850 950 3038 1020 gluriz‘e
3076 962 3132 1008 et
3166 956 3339 1025 ﬁgura
3377 959 3497 1013 sub-

1923 1036 2140 1091 stantiae
2171 1037 2311 1106 ejus,
2343 1048 2679 1113 portansque
2706 1045 2891 1099 omnia
2922 1046 3089 1101 verbo
3121 1049 3339 1105 virtutis
3370 1066 3502 1119 suae,

1927 1128 2301 1199 purgationem
2332 1141 2676 1201 peccatorum
2697 1133 2927 1203 faciens,
2950 1140 3102 1194 sedet
3126 1141 3193 1195 ad
3223 1142 3503 1200 dexteram

1927 1224 2224 1295 majestatis
2266 1228 2319 1280 in
2365 1228 2636 1297 excelsis;
2689 1239 2838 1285 tanto
2887 1232 3078 1287 melior
3122 1235 3332 1303 angelis
3374 1236 3506 1293 eire-

1925 1324 2070 1379 ctus,
2105 1325 2311 1385 quanto
2349 1318 2685 1376 diﬂ'erentius
2733 1339 2844 1392 prae
2895 1323 2999 1379 illis
3048 1341 3242 1381 nomen
3285 1327 3506 1384 haeredi-

1928 1406 2060 1461 tavit
2082 1406 2148 1461 ⁸⁸.
2180 1425 2199 1459 ι
2233 1408 2399 1465 Porro
2423 1426 2543 1466 cum
2581 1414 2655 1467 sit
2680 1422 2736 1468 et
2776 1416 3074 1485 appelletur
3099 1418 3356 1475 Dominus
3388 1422 3506 1490 glo-

1928 1499 2041 1564 riae,
2092 1503 2363 1568 quomodo
2412 1519 2517 1557 non
2566 1507 2817 1561 omnibus
2874 1510 3074 1564 creatis
3123 1519 3178 1565 et
3227 1511 3295 1565 ad
3328 1520 3505 1566 ortum

1927 1591 2189 1648 traductis
2211 1594 2283 1649 sit
2308 1594 2891 1668 excellentior?Alque
2926 1610 2984 1653 ut
3008 1602 3243 1655 humana
3276 1612 3507 1671 praetcr-

1925 1697 2044 1738 eam
2068 1722 2083 1747 ,
2125 1698 2244 1753 quae
2271 1685 2433 1740 exilia
2470 1686 2706 1756 viliaque
2739 1697 2884 1755 sunt,
2915 1690 2959 1745 si
3005 1691 3126 1759 quis
3164 1691 3400 1763 Angelos
3452 1701 3509 1747 et

1929 1771 2291 1843 Principatus,
2318 1785 2373 1829 et
2403 1776 2652 1832 Thronos
2678 1792 2742 1833 ac
2764 1779 3175 1837 nominationes
3200 1794 3507 1849 recenseat,

1927 1861 2061 1932 quin
2090 1871 2146 1917 et
2167 1878 2436 1932 supremae
2470 1866 2747 1937 dignitatis
2790 1868 3100 1939 Seraphim,
3134 1873 3399 1930 immenso
3436 1886 3509 1929 ta-

1927 1969 2049 2009 men
2075 1955 2388 2011 discrimine
2419 1973 2449 2011 a
2477 1975 2688 2014 summa
2717 1962 2819 2017 hac
2849 1963 3017 2032 gloria
3049 1965 3270 2021 diﬂ’erre
3297 1966 3510 2035 judica-

1926 2048 2023 2113 bit,
2081 2048 2126 2103 si
2181 2059 2413 2104 mentem
2465 2062 2780 2119 corruptam
2835 2068 2940 2108 non
3006 2057 3224 2111 habeat.
3263 2059 3509 2114 Eximius

1925 2140 2069 2194 enim
2100 2139 2273 2196 honor
2293 2152 2396 2208 est,
2422 2143 2623 2214 quique
2654 2146 2751 2199 soli
2794 2146 2989 2203 divinae
3015 2160 3225 2203 natura:
3264 2166 3384 2219 qua:
3411 2152 3508 2207 toti

1927 2234 2177 2290 universo
2211 2236 2442 2305 imperat
2462 2238 2734 2293 convenit.
2766 2237 2837 2293 At
2859 2254 2968 2309 quo
2993 2250 3150 2308 pacto
3179 2240 3345 2297 fuerit
3389 2242 3502 2299 Do—

1928 2325 2107 2380 minus
2131 2325 2337 2396 gloriae,
2372 2329 2415 2383 is
2436 2330 2525 2398 qui
2550 2330 2701 2383 cruci
2727 2329 2915 2388 afﬁxus
2945 2332 3063 2387 est?
3082 2333 3350 2404 Splendor
3378 2351 3505 2392 vero

1925 2416 2127 2485 Patris,
2174 2428 2229 2472 et
2281 2420 2567 2476 character
2628 2423 2885 2478 essentia:
2936 2424 3124 2494 ipsius,
3178 2436 3512 2498 portansque

1927 2511 2109 2565 omnia
2157 2512 2322 2567 verbo
2366 2514 2579 2569 virtutis
2632 2530 2779 2580 suae,
2838 2517 3029 2573 melior
3078 2519 3284 2588 angelis
3333 2520 3510 2577 {acuis

1926 2618 2044 2659 esse
2071 2605 2286 2669 dicitur,
2318 2606 2496 2661 minor
2532 2607 2806 2677 nimirum,
2841 2618 2901 2664 ut
2938 2611 3195 2678 arbitror,
3221 2612 3302 2667 eis
3331 2613 3509 2669 decla-

1927 2706 2100 2760 ratus,
2144 2712 2265 2752 cum
2317 2698 2566 2767 apparuit
2610 2700 2791 2757 homo.
2849 2700 3123 2771 Scriptum
3179 2712 3261 2757 est
3304 2704 3448 2759 enim
3489 2724 3504 2761 :

1934 2806 1952 2839 ι
1994 2786 2158 2843 Paulo
2192 2790 2368 2843 minus
2397 2789 2466 2843 ab
2496 2791 2702 2860 angelis
2745 2793 3011 2847 minutum
3042 2793 3289 2850 videmus
3318 2794 3505 2851 Jesum

1926 2888 2149 2949 propter
2170 2880 2478 2949 passionem
2511 2883 2703 2938 mortis
2728 2891 2781 2938 et
2807 2884 3011 2940 honore
3040 2897 3362 2941 coronatqu
3390 2888 3455 2942 ⁸⁸.
3482 2906 3502 2940 ο

1926 2970 2066 3038 Quid
2101 2971 2304 3040 igitur?
2346 2970 2763 3029 Privabimusne
2810 2974 3043 3030 Verbum
3095 2979 3237 3044 quod
3286 2994 3350 3034 ex
3397 2978 3510 3036 Deo

1927 3078 1991 3119 ac
2021 3063 2181 3119 Patre
2211 3064 2473 3132 processit
2502 3066 2822 3120 excellentia
2861 3068 2943 3120 illa
2976 3068 3147 3141 698
3174 3086 3293 3140 quae
3320 3087 3512 3126 essen-

239 3155 373 3224 τιμῇ
404 3150 868 3221 ἐστεφανωμένον.
895 3146 1046 3221 »Ἆρ’
1066 3146 1160 3203 οὖν
1183 3147 1459 3218 ὲξώσομεν
1485 3149 1575 3204 τὸν
1600 3152 1665 3204 ὲκ
1687 3151 1823 3205 Θεοῦ

1931 3154 2130 3208 tialiter
2158 3153 2258 3224 ipsi
2295 3154 2458 3220 inest,
2481 3164 2537 3209 et
2565 3170 2594 3207 a
2625 3154 2865 3224 perfecta
2902 3172 3024 3211 cum
3057 3157 3217 3213 Patre
3251 3160 3509 3215 similitu-

242 3244 456 3323 Πατρός
480 3242 763 3313 πεφηνότα
786 3241 978 3310 Λόγον,
1001 3240 1101 3310 τῆς
1128 3239 1277 3310 αύτῷ
1302 3240 1613 3311 προσούσης
1634 3239 1827 3294 ούσιώ-

238 3337 364 3400 δους
412 3335 704 3406 ὑπεροχῆς,
740 3332 963 3402 καὶτῆς
990 3331 1127 3403 πρὸς
1153 3330 1315 3384 αὑτὸν
1351 3329 1614 3402 ἀκριϐοῦς
1660 3332 1830 3400 ἐμφε-

244 3429 417 3503 ρείας,
448 3429 544 3482 καὶ
584 3428 683 3499 τῆς
713 3427 961 3497 ἀγγέλων
992 3424 1242 3489 εὐκλείας
1272 3423 1582 3496 ἡττώμενον
1608 3421 1830 3493 βλέπον-

242 3540 331 3585 τες
359 3520 452 3576 διά
472 3520 533 3574 τὸ
559 3520 661 3591 τῆς
685 3518 997 3588 οἰκονομίας
1026 3514 1470 3586 σμικροπρεπές;

314 3616 373 3668 Β.
416 3610 715 3684 Ούμενοῦν.
747 3606 915 3681 Οἶμαι
947 3608 1056 3680 γὰρ
1086 3608 1216 3671 δεῖν,
1245 3606 1371 3662 οὔτε
1408 3606 1518 3661 τῶν
1550 3606 1828 3678 ἀνθρωπί-

244 3701 351 3760 νων
383 3702 744 3759 ἀπαλλάττειν
791 3698 1071 3761 παντελῶς
1113 3697 1203 3751 τὸν
1232 3700 1297 3751 ὲκ
1325 3696 1460 3751 Θεοῦ
1488 3698 1658 3767 Λόγον
1691 3696 1827 3768 μετὰ

244 3799 341 3870 τὴν
375 3796 511 3867 πρὸς
534 3795 714 3867 σάρκα
740 3792 977 3857 σύνοδον,
1002 3790 1131 3846 οὔτε
1154 3790 1259 3863 μὴν
1284 3790 1442 3862 δόξης
1466 3791 1569 3857 τῆς
1602 3791 1830 3863 θεοπρεο

246 3891 381 3956 ποῦς
412 3890 738 3961 ἀποστερεῖν
761 3886 822 3942 τὸ
854 3884 1213 3956 ἀνθρώπινον,
1245 3885 1294 3938 εί
1320 3886 1380 3937 ὲν
1410 3883 1634 3956 Χριστῷ
1658 3888 1831 3938 νοοῖτο

247 3986 342 4039 καὶ
369 3983 601 4053 λέγοιτο.
633 3981 781 4053 Πλὴν
810 3979 1104 4053 ὲρομένους
1157 3977 1267 4031 ίσθι
1291 3976 1373 4030 τοί
1412 3993 1563 4040 τινας
1583 3993 1598 4006 ο
1633 3975 1728 4039 Τίς
1766 3975 1830 4047 δὴ

245 4079 354 4150 ἄρα
381 4078 529 4133 ἐστὶν
553 4074 770 4145 ἀληθῶς
806 4072 1011 4142 Ἰησοῦς
1035 4073 1064 4124 6
1087 4069 1356 4141 Χριστός;
1398 4069 1456 4122 '0
1485 4070 1549 4122 ὲκ
1573 4068 1831 4137 γυναικὸς

245 4170 343 4225 ἄνθ
354 4186 557 4242 ρωπος,
589 4167 757 4237 ῆγουν
789 4165 818 4216 ὁ
845 4164 910 4216 ὲκ
937 4160 1073 4215 Θεοῦ
1100 4160 1308 4229 Λόγος;

315 4266 382 4315 Λ.
412 4257 648 4313 Ἦλίθιον
697 4255 799 4325 μὲν
847 4251 1045 4322 κομιδῇ
1091 4250 1153 4303 τδ
1178 4247 1537 4304 διατείνεσθαι
1576 4248 1828 4321 περιττὰ,

247 4353 344 4407 καὶ
385 4347 687 4419 φληνάφοις
718 4340 1119 4411 είκαιομυοίαις
1158 4340 1582 4409 ἀνταναφωνεῖν.
1601 4338 1744 4409 Ἐρῶ
1784 4339 1830 4391 δ’

1928 3246 2072 3312 dine,
2099 3260 2224 3301 cum
2261 3246 2410 3301 illum
2450 3247 2519 3301 ob
2545 3247 2938 3302 incarnationis
2966 3250 3329 3307 humilitatem
3368 3253 3504 3306 infe-

1931 3338 2370 3407 rioremangelis
2395 3338 2598 3393 factum
2634 3338 2921 3395 videmus?

1999 3596 2062 3651 Β.
2105 3596 2478 3669 Nequaquam.
2511 3599 2778 3658 Existimo
2807 3602 2951 3657 enim
2977 3612 3230 3674 oportere
3258 3621 3431 3675 neque
3457 3605 3509 3662 in

1930 3691 2244 3749 universum
2271 3694 2622 3749 humanitatis
2649 3696 3076 3764 proprietatibus
3117 3697 3332 3766 privare
3374 3697 3511 3753 Ver-

1930 3782 2056 3838 bum
2094 3797 2159 3838 οι
2195 3785 2333 3849 Deo,
2372 3796 2658 3855 postquam
2711 3802 2930 3841 carnem
2968 3789 3303 3857 assumpsit:
3339 3804 3513 3860 neque

1932 3888 2121 3929 rursus
2168 3873 2562 3928 humanitatem
2609 3875 2791 3929 divina
2842 3874 3012 3945 gloria
3058 3875 3316 3943 spoliare,
3371 3877 3416 3930 si
3456 3876 3513 3931 in

1930 3969 2147 4024 Christo
2173 3968 2507 4038 intelligatur
2535 3978 2590 4022 et
2621 3968 2854 4022 dicatur.
2884 3973 2956 4023 At
2994 3968 3180 4023 dicunt
3214 3969 3460 4024 nonnulli
3487 3991 3505 4025 ι

1931 4063 2193 4130 Quisnam
2228 4075 2352 4115 vere
2381 4069 2465 4115 est
2484 4058 2645 4115 Iesus
2670 4059 2961 4116 Christus?
3001 4058 3246 4114 Homone
3280 4075 3349 4115 ex
3390 4077 3512 4116 mu-

1931 4156 2064 4212 liere
2098 4163 2279 4221 natus,
2307 4169 2376 4209 an
2402 4152 2638 4209 Verbum
2667 4168 2734 4209 ex
2775 4152 2930 4209 Deo?

2000 4248 2068 4303 Δ.
2112 4246 2320 4302 Stolida
2355 4245 2601 4316 profecto
2640 4261 2730 4301 res
2769 4256 2854 4300 est
2886 4245 2952 4300 de
2978 4245 3140 4301 rebus
3164 4245 3514 4315 supervacuis

1932 4340 2133 4395 acriter
2165 4338 2529 4403 contendere,
2567 4338 2976 4408 nugacibusque
3021 4353 3085 4392 ac
3122 4336 3276 4392 vanis
3320 4337 3515 4392 verbo—

245 4442 361 4507 οὖν,
393 4444 474 4496 ὅτι
511 4436 779 4509 σφαλερόν
804 4452 863 4487 τε
903 4433 995 4487 καὶ
1028 4432 1129 4485 οὐκ
1159 4431 1393 4502 ἀζήμιον
1425 4431 1486 4484 τὸ
1520 4432 1826 4502 διατέμνειν

1937 4446 2053 4485 rum
2086 4430 2410 4486 commentis
2452 4428 2793 4494 occlamare,
2849 4429 2979 4498 quin
3020 4428 3199 4499 potius
3244 4429 3515 4497 periculo-

246 4533 327 4596 είς
353 4530 448 4585 (luo
474 4506 569 4583 καί
612 4506 885 4595 ἀναμέρος
913 4522 1066 4592 ἱστᾷν
1116 4518 1400 4590 ἄνθρωπόν
1426 4538 1486 4573 τε
1514 4520 1609 4573 καὶ
1635 4521 1826 4589 Λόγον,

1935 4540 2052 4581 sum
2094 4523 2425 4592 noxiumque
2462 4537 2584 4587 esse
2625 4522 2938 4591 judicarim,
2986 4538 3174 4578 secare
3219 4522 3272 4576 in
3316 4523 3423 4577 duo
3461 4532 3517 4577 et

241 4626 347 4679 ούκ
397 4620 731 4692 ἀνεχομένης
780 4615 879 4686 τῆς
927 4612 1258 4683 οἰκονομίας,
1305 4612 1400 4666 καὶ
1451 4611 1684 4684 Χριστὸν
1733 4613 1826 4666 ἕνα

1936 4617 2224 4689 separatim
2271 4625 2513 4671 statuere
2551 4616 2821 4670 hominem
2876 4624 2931 4669 et
2960 4614 3231 4679 Verbum,
3269 4629 3391 4669 eum
3428 4614 3517 4669 in-

249 4716 462 4789 βοώσης
488 4713 587 4783 τῆς
622 4707 979 4766 θεοπνεύστον
1008 4704 1252 4776 Γραφῆς.
1283 4705 1493 4775 Χρῆναι
1522 4704 1631 4776 γὰρ
1655 4703 1826 4774 ἐγωγέ

1939 4709 2273 4765 carnationis
2309 4707 2446 4761 ratio
2493 4705 2545 4759 id
2592 4721 2697 4759 non
2750 4706 3011 4775 patiatur,
3067 4721 3301 4774 ctnnque
3355 4720 3514 4761 sacra

248 4825 412 4880 φημι,
451 4807 588 4878 μήτε
625 4803 719 4857 τὸν
764 4805 827 4856 ἐκ
864 4798 1002 4853 Θεοῦ
1031 4797 1204 4867 Λόγον
1236 4795 1657 4866 ἀνθρωπότητος
1684 4797 1826 4868 δίχα,

1941 4802 2217 4871 Scriptura
2250 4814 2417 4853 unum
2454 4811 2577 4853 esse
2612 4796 2889 4853 Christum
2920 4798 3195 4866 praedicet.
3227 4797 3339 4867 Ego
3369 4798 3511 4852 enim

252 4904 389 4973 μήτε
412 4899 501 4953 τὸν
523 4899 587 4950 ὲκ
607 4894 864 4965 γυναικὸς
888 4890 1258 4961 ἀποτεχθέντα
1286 4889 1435 4952 ναὸν,
1450 4889 1546 4958 οὐχ
1570 4888 1826 4942 ὲνωθέντα

1939 4895 2011 4946 ita
2043 4901 2224 4947 statuo
2251 4900 2540 4959 oportere,
2574 4903 2748 4956 neque
2780 4888 3015 4943 Verbum
3062 4903 3129 4943 ex
3170 4887 3279 4942 Deo
3310 4887 3516 4956 absque

246 4993 327 5063 τῷ
344 4992 521 5061 Λόγῳ,
539 4988 775 5062 Χριστὸν
798 4984 1008 5059 Ἰησοῦν
1028 4982 1413 5055 ὀνομάζεσθαι.
1433 4982 1826 5052 Ἀνθρωπότητη

1936 4982 2293 5047 humanitate,
2326 4994 2499 5050 neque
2518 4978 2777 5047 templum
2813 4978 2956 5047 quod
2981 4992 3047 5031 ex
3080 4977 3298 5047 Virgine
3327 4984 3513 5030 natum

249 5083 362 5153 γὰρ
384 5080 505 5135 καθ’
524 5081 715 5134 ἕνωσιν
735 5076 1084 5149 οἰκονομικὴν
1101 5076 1431 5148 ἀπορρήτως
1454 5074 1826 5143 συνενηνεγμές

1935 5086 2020 5132 est
2044 5089 2157 5129 non
2190 5075 2395 5128 unitum
2434 5071 2630 5135 Verbo,
2654 5068 2835 5125 Jesum
2861 5068 3137 5123 Christum
3166 5068 3371 5122 vocari.
3402 5066 3527 5120 Hu-‘

250 5192 342 5236 νος
380 5174 410 5226 6
451 5174 517 5225 ὲκ
556 5171 691 5225 Θεοῦ
732 5172 903 5240 Λόγος
929 5172 1132 5223 νοεῖται
1165 5167 1420 5238 Χριστὸς,
1452 5166 1711 5235 ἀνωτέρω
1743 5166 1826 5236 μὲι

1940 5165 2187 5222 manitati
2217 5164 2360 5219 enim
2398 5163 2695 5217 secundum
2742 5160 3003 5215 unitatem
3045 5174 3144 5230 per
3178 5159 3516 5214 incarnatio-

250 5264 690 5338 ἀνθρωπότητος,
718 5264 792 5327 ὡς
822 5262 981 5333 φύσει
1007 5262 1139 5325 Θεὸς
1169 5261 1264 5314 καὶ
1292 5258 1442 5324 Υἱὸς,
1474 5259 1754 5329 ὑφιζάνων
1778 5258 1837 5312 δέ

250 5376 306 5412 τι
358 5355 531 5427 βραχὺ
582 5352 676 5407 τοῦ
722 5355 779 5407 ὲν
827 5353 956 5424 δόξῃ
998 5349 1358 5423 θεοπρεποῦς,
1406 5349 1481 5413 ὡς
1528 5348 1835 5421 ἄνθρωπος.

253 5448 566 5520 Τοιγάρτοι,
595 5445 727 5499 ποτὲ
779 5444 876 5514 μὲν
931 5444 1168 5514 ἔφασκεν
1199 5461 1213 5476 ο
1244 5443 1343 5496 «Ὀ
1394 5440 1658 5513 ἑωρακὼς
1715 5440 1837 5511 ἐμὲ,

253 5543 468 5613 ἑώρακε
500 5539 590 5593 τὸν
620 5536 1022 5610 Πατέρα.Ἐγὼ
1062 5539 1158 5590 καὶ
1184 5539 1211 5590 6
1242 5536 1429 5607 Πατὴρ
1467 5536 1526 5589 ἒν
1574 5534 1742 5605 ἐσμεν
1768 5551 1779 5563 ·
1814 5552 1833 5583 ι

250 5637 346 5691 ὁτὲ
374 5637 430 5691 δὲ
459 5632 527 5690 αὖ
563 5631 722 5687 πάλιν
743 5647 758 5662 ’
795 5649 812 5681 ι
834 5629 893 5683 Ὀ
920 5630 1108 5700 Πατήρ
1140 5646 1239 5701 μου
1271 5626 1471 5700 μείζων
1505 5626 1605 5698 μού
1633 5627 1833 5679 ἐστιν.»

326 5814 371 5846 ⁸⁷
396 5814 414 5869 l
444 5812 568 5868 Cor.
600 5826 661 5873 ll,
695 5807 808 5862 6-8.
888 5804 935 5837 ⁵⁸
960 5804 1127 5861 llebr.
1164 5822 1201 5871 ι,
1238 5805 1293 5869 ’5,
1322 5806 1374 5861 4.
1452 5806 1499 5838 ⁸³
1524 5803 1687 5861 Hebr.
1724 5820 1783 5869 ιι,
1813 5804 1866 5859 9.

576 5904 853 5965 Ρηιιοι..
896 5900 1018 5962 GI.
1049 5898 1297 5960 LXXV.

1940 5272 2060 5312 nem
2092 5256 2290 5311 factam
2324 5252 2668 5308 ineﬂ‘abiliter
2691 5251 3003 5322 copulatum
3029 5249 3267 5306 Verbum
3291 5266 3357 5305 ex
3385 5250 3515 5317 Deo,

1941 5350 2141 5406 dicitur
2167 5347 2437 5415 Christus,
2469 5347 2720 5416 superior
2749 5346 2965 5416 quidem
3002 5360 3165 5417 quam
3207 5354 3289 5399 est
3323 5345 3515 5398 Imma-

1943 5440 2108 5504 nitas,
2141 5448 2200 5494 ut
2236 5448 2429 5493 natura
2457 5437 2603 5492 Deus
2627 5448 2682 5492 et
2703 5436 2872 5491 Filius
2899 5451 2915 5492 :
2943 5436 3173 5492 inferior
3216 5449 3344 5490 vero
3387 5450 3521 5489 non-

1944 5532 2076 5588 nihil
2108 5531 2275 5603 gloria
2303 5532 2521 5596 divina,
2556 5539 2614 5584 ut
2654 5530 2837 5585 homo.
2890 5529 3103 5586 idcirco
3139 5538 3197 5584 et
3233 5529 3348 5598 ipse
3393 5527 3519 5580 alibi

1945 5623 2120 5678 dixit:
2162 5643 2180 5675 t
2212 5622 2315 5690 Qui
2362 5622 2499 5677 vidit
2543 5637 2662 5687 me,
2695 5622 2829 5676 vidit
2868 5631 2924 5677 et
2964 5622 3179 5678 Patrem
3212 5621 3278 5677 ".
3313 5618 3425 5690 Ego
3469 5627 3525 5672 et.

1944 5803 1989 5834 °°
2010 5800 2167 5857 Joan.
2205 5817 2314 5869 Juv,
2348 5800 2404 5856 9.

3115 5890 3189 5952 39
