4122 6548
658 385 796 440 1227

1644 386 1701 440 S.
1743 385 2015 443 CYRILLI
2053 388 2523 449 ALEXANDRINI
2563 392 2879 453 ARCHIEP.

3778 402 3922 459 1223

652 499 817 555 Pater
857 511 1019 552 unum
1077 510 1263 552 sumus
1288 498 1353 553 “.
1402 517 1420 550 ι
1455 498 1587 554 Cum
1638 517 1765 560 vero
1807 505 1940 561 dicit
1971 522 1984 559 :
2018 526 2035 559 ι
2069 508 2194 564 Pate

2299 560 2303 569 .
2331 510 2406 563 Οὐ
2449 511 2618 581 μείων
2660 514 2771 586 γὰρ
2812 515 2887 569 ὢν
2921 514 3013 569 τοῦ
3048 514 3263 587 Πατρός
3298 517 3435 571 κατά
3464 534 3527 587 γε
3560 518 3618 571 τὸ
3662 517 3720 571 ἐν
3755 519 3922 587 οὐσίᾳ

652 589 830 659 major
860 602 945 643 me
968 586 1111 643 est“
1141 603 1155 641 :
1193 605 1212 640 ι
1236 604 1358 643 cum
1384 604 1491 644 non
1524 591 1597 646 sit
1621 594 1797 650 minor
1823 594 1984 652 Patre
2015 598 2194 652 ration

2329 600 2543 665 ταυτὸν,
2575 593 2670 656 καλν
2704 604 2844 658 κατά
2878 608 2987 660 πᾶν
3018 606 3195 660 ὁτιοῦν
3218 606 3282 661 ’τὸ
3316 607 3648 674 ίσοστατοῦν,
3679 610 3741 661 ἐν
3770 609 3923 662 ἐλᾶτε

652 679 953 735 identitatis
1004 679 1293 746 essentia,
1345 689 1400 735 et
1449 683 1776 739 omnimodae
1828 687 2218 753 similitudinis,

649 770 912 826 minorem
952 784 1011 825 se
1042 784 1162 824 esse
1201 770 1331 824 dicit
1368 771 1580 827 ratione
1612 773 1983 831 humanitatis.
2014 777 2219 832 Praedi-

634 870 804 915 catur
824 875 951 916 vero
972 861 1132 916 etiam
1162 860 1214 915 in
1249 862 1420 916 sacris
1443 861 1683 929 Litteris,
1704 865 1970 922 interdum
2001 870 2217 939 quidem

647 960 707 1005 ut
734 955 944 1021 lntegre
970 951 1240 1006 exsistens
1270 953 1450 1016 homo,
1479 968 1583 1006 non
1608 967 1862 1022 expressa
1889 957 2057 1026 ipsius
2082 958 2218 1014 divi—

646 1043 847 1107 nitate,
900 1043 1110 1097 ratione
1163 1043 1598 1098 incarnationis:
1654 1044 1919 1101 interdum
1971 1064 2101 1104 vero
2157 1058 2215 1104 ut

648 1132 809 1197 Deus,
840 1147 945 1187 non
969 1146 1225 1201 expressa
1273 1132 1606 1189 humanitate
1636 1151 1650 1188 :
1678 1144 1866 1189 neutra
1912 1146 2089 1192 tamen
2130 1154 2216 1193 ra-

648 1224 793 1279 tione
824 1224 924 1294 ipsi
957 1224 1153 1294 injuria
1200 1224 1277 1290 ﬁt,
1313 1233 1534 1293 propter
1567 1226 1860 1295 utriusque
1900 1228 2215 1298 appellatio-

645 1314 730 1369 nis
755 1315 806 1369 in
831 1330 995 1369 unum
1020 1329 1368 1369 concursum.

711 1408 772 1462 Β.
808 1409 1087 1475 Quomodo
1117 1409 1241 1464 ais?
1277 1422 1449 1479 neque
1476 1410 1619 1465 enim
1645 1412 1778 1467 satis
1802 1428 2063 1484 assequor
2086 1416 2212 1486 quid

639 1502 799 1559 velis.

710 1595 772 1647 Α.
812 1593 1076 1651 'Hchrteus
1116 1608 1181 1650 ex
1213 1595 1461 1651 'Hebraris
1492 1606 1557 1652 et
1584 1593 1744 1654 'tri’bu
1785 1600 2078 1672 Beniamin,
2116 1618 2213 1657 vo-

636 1697 792 1743 catus
817 1688 1113 1758 apostolus.
1144 1689 1336 1744 scribit
1366 1689 1432 1744 iis
1469 1691 1570 1758 qui
1616 1706 1713 1761 per
1739 1693 1896 1749 fidem
1932 1695 2210 1763 jnstilicali

637 1789 792 1847 sunt,
832 1788 887 1835 et
930 1782 1325 1837 mortilicarunt
1364 1785 1603 1837 membra
1647 1785 1850 1850 carnis,
1896 1786 2209 1841 fornicatio-

2327 708 2476 745 τοσιν
2521 688 2661 748 εἷναί
2692 712 2826 768 φησι
2868 697 2955 751 διὰ
2986 698 3046 752 τὸ
3075 698 3430 770 ἀνθρώπινον.
3463 700 3821 772 Κηρύττεται
3864 699 3920 751 δέ

2328 782 2421 834 καὶ
2454 781 2540 835 διὰ
2569 783 2678 837 τῶν
2713 785 2873 856 ἱερῶν
2904 788 3277 860 Γραμμάτων,
3307 790 3435 844 ποτέ
3461 788 3559 861 μὲν
3586 791 3663 850 ὡς
3693 791 3825 851 ὅλος
3847 788 3918 840 ὢν

2325 869 2630 941 ἄνθρωπος,
2667 877 3088 948 σεσιωπημὲνης
3118 878 3287 933 αὐτοῦ
3331 881 3430 950 ’τῆς
3473 880 3728 951 θεότητος
3771 880 3918 933 οἰκο-

2325 964 2591 1031 νομικῶς·
2633 965 2767 1018 ποτέ
2813 966 2869 1020 δὲ
2916 964 2983 1021 αὖ
3039 969 3200 1024 πάλιν
3231 971 3502 1036 καὶΘεὸς,
3538 971 3917 1043 σεσιγημένης

2323 1053 2490 1107 αὑτοῦ
2536 1055 2637 1124 τῆς
2672 1056 3124 1129 ἀνθρωπότητος·
3159 1062 3424 1116 ἀδικεῖται
3469 1063 3525 1116 δέ
3568 1064 3689 1117 κατ’
3715 1062 3918 1117 οὐδένα

2320 1144 2521 1213 τρόπον
2553 1145 2642 1201 διὰ
2673 1147 2769 1200 καὶ
2801 1148 3001 1219 ἀμφοῖν
3028 1152 3109 1215 είς
3146 1152 3373 1225 ἑνότητα
3403 1154 3694 1227 σύμϐασιν.

2389 1413 2451 1466 Β.
2494 1413 2616 1479 Πῶς
2654 1416 2865 1486 λέγεις;
2904 1419 3127 1492 συνίημι
3161 1423 3269 1494 γάρ
3302 1425 3363 1477 οὐ
3398 1427 3629 1499 σφόδρα·

2390 1590 2454 1642 Δ.
2486 1589 2544 1643 Ὀ
2581 1590 2832 1663 Ἐϐραῖος
2871 1595 2929 1661 ἐξ
2960 1597 3231 1669 Ἐϐραίων
3267 1602 3360 1655 καὶ
3401 1601 3575 1673 φυλῆς
3612 1598 3908 1678 Βενιαμὶν,

2318 1681 2345 1733 ὁ
2378 1681 2574 1752 κλητὸς
2599 1684 2915 1753 ἀπόστολος,
2944 1691 3247 1746 ἐπιστέλλει
3284 1697 3397 1759 τοῖς
3422 1697 3506 1751 διὰ
3538 1700 3785 1765 πίστεως
3817 1702 3909 1755 δε-

2317 1771 2715 1844 δικαιωμένοις,
2753 1780 2846 1831 καὶ
2877 1783 3322 1854 κατανεκρώσασι
3366 1788 3432 1841 τά
3469 1790 3602 1862 μέλη
3631 1792 3734 1863 τῆς
3766 1810 3908 1864 σαρ-

636 1884 759 1925 nem
816 1870 1084 1937 videlicet,
1133 1872 1559 1938 immunditiam,
1608 1874 1911 1940 libidinem,
1963 1878 2194 1947 concupi

2314 1864 2428 1957 κὸς.
2463 1867 2718 1957 πορνείαν
2749 1870 2812 1941 δὴ
2844 1869 2989 1941 λέγω
3021 1875 3116 1928 καὶ
3142 1876 3333 1944 πάθος,
3367 1880 3661 1952 ἐπιθυμίαν
3697 1885 3902 1957 κακὴν,

635 1961 895 2019 sccntiam
951 1962 1144 2016 malam
1189 1975 1242 2018 et
1286 1964 1609 2018 avaritiam:
1650 1983 1667 2016 ι
1704 1964 2010 2022 Mortilicati
2061 1970 2205 2024 enim

634 2052 788 2114 estis,
822 2059 875 2107 et
904 2052 1010 2106 vita
1037 2060 1217 2107 vestra
1250 2052 1579 2108 abscondita
1619 2064 1701 2108 est
1736 2071 1856 2109 cum
1896 2056 2120 2113 Christo
2153 2061 2205 2113 in

635 2143 748 2197 Deo
770 2142 837 2198 ⁸³.
873 2162 895 2196 ι
928 2143 1043 2212 Ipse
1070 2143 1235 2197 etiam
1269 2143 1333 2198 de
1367 2143 1642 2212 discipulis
1674 2146 1785 2199 suis
1815 2146 1940 2201 alibi
1984 2148 2159 2219 inquit
2189 2168 2201 2205 :

640 2254 658 2287 ι
695 2232 857 2290 Pater
881 2243 1092 2298 sancte,
1128 2247 1284 2287 serva
1317 2249 1409 2288 eos
1454 2234 1505 2286 in
1550 2235 1766 2290 nomine
1810 2244 1901 2291 tuo
1945 2254 2080 2308 quos
2113 2241 2205 2295 de-

632 2326 759 2382 disti
792 2326 943 2391 mihi,
971 2324 1138 2396 699
1169 2334 1225 2379 ut
1253 2325 1363 2379 sint
1402 2340 1599 2393 unum,
1631 2326 1769 2380 sicut
1802 2337 1856 2382 et
1895 2344 2012 2385 nos.
2070 2331 2201 2386 Cum

630 2432 806 2474 essem
840 2430 963 2470 cum
989 2417 1093 2480 eis,
1120 2429 1219 2483 ego
1258 2416 1540 2469 servabam
1589 2429 1682 2469 cos
1726 2415 1778 2469 in
1824 2418 2040 2473 nomine
2088 2428 2198 2475 tuo.

628 2510 777 2577 Quos
804 2510 996 2565 dedisti
1027 2508 1159 2563 mihi
1186 2523 1285 2579 ego
1304 2509 1669 2575 custodivi,'et
1702 2525 1859 2565 nemo
1882 2524 1945 2564 ex
1979 2511 2043 2565 iis
2074 2527 2199 2579 pcr-

625 2602 708 2667 iit,
751 2602 855 2656 nisi
895 2600 1036 2655 ﬁlius
1078 2600 1418 2670 perditionis,
1459 2611 1516 2654 ut
1552 2600 1834 2670 Scriptura
1884 2602 2196 2673 impleatur.

624 2690 777 2746 Nunc
803 2700 983 2745 autem
1018 2690 1085 2744 ad
1112 2701 1163 2745 te
1192 2692 1457 2753 venio,et
1497 2690 1612 2746 haec
1651 2691 1847 2759 loquor
1879 2692 1932 2746 in
1978 2694 2194 2758 mundo,

624 2795 684 2838 ut
724 2784 958 2839 habeant
1006 2782 1270 2853 gaudium
1332 2797 1507 2837 meum
1554 2782 1827 2853 impletum
1899 2784 1951 2837 in
1997 2795 2199 2841 semet-

624 2875 759 2946 ipsis
780 2873 849 2928 “.
885 2892 905 2925 ›
944 2871 1203 2941 lnteHigis
1228 2872 1437 2943 itaque,
1476 2886 1584 2942 quo
1617 2882 1773 2941 pacto
1799 2872 1850 2925 in
1884 2873 1966 2926 his
1989 2888 2055 2928 ex
2085 2875 2197 2929 sola

620 2963 1020 3036 quodammodo
1075 2963 1412 3018 humanitate
1467 2962 1624 3018 nobis
1671 2962 1963 3034 signiﬁcari
2015 2965 2199 3020 videa-

623 3056 749 3112 tur?

676 3148 750 3204 Β.
789 3147 961 3204 Recte
976 3148 1092 3203 ais.

2310 1954 2404 2007 καὶ
2446 1955 2546 2027 τὴν
2594 1957 2927 2025 πλεονεξίαν.
2983 1963 3349 2022 ιἈπεθάνετε
3398 1971 3525 2042 γὰρ,
3556 1976 3649 2027 καὶ
3703 1978 3734 2045 ἡ
3783 1954 3902 2046 ζωὴ

2312 2046 2463 2116 ὑμῶν
2492 2048 2794 2119 κέκρυπται
2826 2055 2921 2107 σὺν
2950 2055 3026 2126 τῷ
3055 2058 3276 2130 Χριστῷ
3304 2061 3361 2114 ἐν
3395 2063 3472 2134 τῷ
3494 2065 3633 2135 Θεῷ.
3660 2085 3679 2118 ι
3722 2068 3904 2131 Αὐτός

2306 2152 2369 2204 γε
2396 2137 2501 2208 μὴν
2530 2137 2635 2209 ἔφη
2657 2142 2787 2212 περὶ
2816 2143 2926 2197 τῶν
2950 2146 3149 2200 ἑαυτοῦ
3185 2150 3463 2222 μαθητῶνο
3494 2172 3513 2205 ι
3538 2155 3721 2225 Πάτερ
3747 2158 3898 2223 ἅγιε,

2305 2226 2546 2315 τήρησον
2576 2228 2775 2293 αὐτοὺς
2812 2233 2869 2285 ὲν
2898 2234 2976 2304 τῷ
3014 2237 3239 2307 ὀνόματί
3277 2258 3392 2305 σου,
3424 2237 3468 2311 ᾧ
3498 2244 3738 2309 δέδωκάς
3779 2263 3898 2315 μοι,

2307 2316 2395 2371 ἵνα
2424 2312 2558 2372 ὦσιν
2588 2319 2666 2386 ἓν,
2685 2321 3199 2396 καθὼςήμείς.’⁹οτε
3228 2332 3376 2404 ήμην
3408 2335 3525 2405 μετ’
3552 2336 3754 2402 αὐτῶν,
3780 2312 3902 2407 ἐγὼ

2304 2408 2531 2479 ἐτήρουν
2563 2411 2761 2475 αὐτοὺς
2789 2414 2848 2467 ἐν
2872 2415 2950 2486 τῷ
2977 2418 3203 2489 ὀνόματί
3238 2440 3351 2491 σου,
3382 2425 3474 2489 οὓς
3500 2427 3737 2492 δέδωκάς
3776 2446 3896 2499 μοι,

2303 2502 2397 2554 καὶ
2436 2503 2679 2571 ἐφύλαξα
2708 2507 2924 2573 αὐτοὺς,
2956 2510 3050 2564 καὶ
3087 2513 3263 2578 οὐδεὶς
3306 2516 3365 2582 ἐξ
3410 2518 3588 2572 αὐτῶν
3617 2521 3893 2585 ἀπώλετο,

2301 2595 2349 2646 εί
2392 2593 2467 2665 μὴ
2496 2598 2524 2648 ό
2552 2596 2666 2660 υίὸς
2710 2598 2811 2668 τῆς
2850 2600 3150 2668 ἀπωλείας,
3198 2606 3346 2676 ἴναὴ
3380 2608 3567 2681 Γραφὴ
3603 2612 3891 2685 πληρωθῇ.

2300 2685 2415 2737 Νῦν
2469 2687 2526 2740 δὲ
2573 2689 2709 2760 πρὸς
2759 2691 2819 2743 σέ
2862 2691 3119 2763 ἔρχομαι,
3150 2696 3246 2748 καὶ
3291 2697 3467 2753 ταῦτα
3519 2700 3667 2755 λαλῶ
3710 2706 3770 2756 ἐν
3813 2707 3892 2775 τῷ

2301 2781 2511 2852 κόσμῳ,
2549 2782 2636 2837 ἵνα
2674 2784 2838 2855 ἔχωσι
2880 2786 2979 2857 τὴν
3015 2789 3190 2859 χαρὰν
3216 2791 3316 2861 τὴν
3344 2793 3484 2865 ἐμὴν
3512 2797 3891 2870 πεπληρωμέι

2299 2888 2397 2943 νην
2428 2874 2485 2926 ἐν
2513 2876 2743 2940 ἑαυτοῖς.
2779 2896 2797 2929 ι
2831 2878 3026 2948 Συνίης
3055 2877 3168 2946 οὖν,
3193 2884 3341 2948 ὅπως
3370 2887 3478 2940 ἀπὸ
3509 2890 3676 2961 μόνης
3696 2892 3889 2962 ὤπρ

2297 2967 2431 3035 ἡμῖν
2463 2966 2566 3037 τῆς
2596 2968 3017 3043 ἀνθρωπότητος
3053 2972 3110 3027 ἔν
3157 2988 3221 3043 γε
3266 2982 3505 3035 τουτοισὶ
3538 2986 3889 3056 κατασημαί-

2298 3057 2482 3111 νεσθαι
2521 3058 2670 3112 δοκεῖ
2686 3077 2700 3126 ;

2369 3148 2431 3200 Β.
2467 3149 2763 3221 Ὀρθότατα
2800 3150 2958 3224 ἔφης.

688 3242 754 3296 Α.
794 3240 1149 3297 Censebimus
1172 3239 1317 3294 enim
1359 3239 1596 3295 nondum
1631 3240 2009 3295 absconditum
2049 3255 2190 3306 esse.

2366 3246 2431 3293 A.
2474 3218 2783 3312 οἰησόμεθα
2997 3245 3117 3301 οὔτι
3172 3260 3275 3302 που
3326 3254 3628 3324 κεκρύφθαι
3675 3275 3737 3311 τε
3786 3259 3885 3314 καὶ

619 3347 793 3402 neque
855 3345 887 3386 e
928 3331 1128 3386 mundo
1174 3330 1512 3395 excessisse,
1557 3344 1682 3385 cum
1749 3340 1938 3400 aperte
1985 3332 2130 3386 dicat
2174 3350 2188 3385 :

621 3440 643 3474 ι
688 3422 882 3486 Amen,
919 3435 1078 3476 amen
1118 3420 1239 3475 dico
1265 3419 1438 3485 vobis,
1468 3420 1609 3490 quod
1652 3422 1740 3475 ubi
1780 3420 1889 3476 duo
1944 3431 2039 3476 aut
2083 3431 2193 3479 tres

616 3512 927 3583 congregati
968 3510 1172 3565 fuerint
1229 3510 1281 3563 in
1328 3511 1547 3565 nomine
1603 3526 1756 3575 meo,
1808 3511 1917 3566 illic
1967 3528 2085 3567 sum
2138 3514 2191 3569 in

619 3604 796 3660 medio
826 3617 1013 3658 eorum
1036 3601 1101 3655 ⁸⁸.
1144 3621 1161 3655 ι
1200 3602 1264 3656 Ει
1294 3616 1480 3657 rursus
1509 3617 1525 3656 :
1567 3620 1585 3653 ι
1614 3602 1762 3657 Ecce
1790 3616 1889 3673 ego
1916 3604 2191 3659 vobiscum

614 3711 735 3752 sum
777 3692 1029 3749 omnibus
1083 3693 1291 3758 diebus,
1338 3708 1508 3762 usque
1557 3695 1623 3747 ad
1671 3698 2189 3751 consummationem

614 3788 794 3844 seaculi
821 3787 886 3841 “.
915 3804 935 3839 ι
967 3784 1105 3852 Quin
1128 3794 1183 3840 et
1210 3786 1635 3842 sacratissimum
1682 3787 1906 3841 Paulum
1948 3804 2190 3858 saepenu-

613 3893 764 3934 mero
798 3877 982 3933 videas
1020 3885 1306 3947 negantem
1334 3876 1529 3931 debere
1558 3877 1733 3948 ipsum
1777 3879 2187 3947 pradicari‘ho-

612 3973 852 4025 minem:
897 3986 916 4021 ι
955 3968 1154 4022 Paulus
1187 3968 1353 4030 enim,
1387 3967 1583 4038 inquit,
1624 3971 1928 4040 apostolus,
1971 3988 2077 4027 non
2118 3973 2187 4027 ab

612 4060 944 4123 hominibus,
984 4075 1170 4131 neque
1223 4076 1320 4131 per
1373 4061 1642 4129 homines,
1698 4063 1793 4117 sed
1854 4079 1948 4132 per
2001 4063 2184 4120 Jesnm

608 4151 886 4208 Christum
902 4150 967 4206 π.
992 4169 1010 4202 ι
1030 4152 1094 4204 Ει
1122 4152 1281 4220 paulo
1304 4162 1425 4222 post
1449 4168 1462 4205 :
1489 4172 1507 4205 ι
1533 4153 1727 4208 Notum
1760 4153 1903 4208 enim
1922 4156 2077 4210 vobis
2114 4156 2191 4209 fa-

611 4244 717 4308 cio,
750 4244 966 4308 fratres,
1002 4241 1351 4314 Evangel'rum
1366 4244 1519 4313 quod
1564 4245 1991 4316 evangelizatum
2023 4257 2118 4303 est
2153 4264 2183 4303 a

608 4347 720 4397 me,
748 4332 874 4403 quia
903 4346 1007 4386 non
1031 4341 1113 4387 est
1145 4334 1440 4388 secundum
1484 4335 1775 4390 hominem.
1811 4335 1993 4407 Neque
2028 4340 2181 4393 enim

609 4438 711 4490 ego
733 4422 803 4477 ab
835 4422 1055 4477 homine
1084 4422 1267 4492 accepi
1296 4422 1442 4486 illud,
1492 4438 1664 4493 neque
1706 4425 1865 4481 didici
1890 4442 1913 4480 ς
1957 4429 2050 4482 sed
2089 4444 2184 4496 per

609 4511 997 4567 revelationem
1019 4509 1146 4565 Jesu
1176 4510 1378 4568 Christi
1409 4512 1476 4566 “.
1518 4532 1537 4566 ι
1566 4514 1711 4581 Quin
1742 4525 1797 4571 et
1829 4516 1939 4571 alio
1976 4518 2029 4573 in
2063 4520 2183 4575 loco

607 4603 729 4657 ait:
778 4620 807 4655 ι
847 4603 905 4657 Si
954 4616 1084 4658 vero
1134 4602 1298 4658 etiam
1339 4605 1691 4676 cognovimus
1732 4609 2025 4663 secundum
2061 4625 2182 4664 car-

608 4709 732 4749 nem
764 4694 1065 4758 Clrristum,
1120 4696 1214 4750 sed
1264 4710 1410 4751 nunc
1453 4696 1565 4763 jam
1618 4712 1722 4751 non
1774 4700 2021 4755 novimus
2046 4700 2112 4755 ⁶⁹.
2154 4720 2174 4754 ι

607 4786 866 4854 Quisnam
897 4786 1061 4855 igitur
1105 4795 1189 4841 est
1220 4784 1376 4841 Jesus
1418 4787 1686 4854 Christus,
1734 4790 1826 4858 qui
1871 4791 2006 4846 adeo
2044 4792 2181 4847 inef-

608 4877 825 4932 fabilem
873 4885 1192 4948 certamque
1236 4888 1291 4933 et
1338 4881 1573 4934 divinam
1625 4882 2005 4952 mysteriorum
2049 4898 2178 4939 suo-

606 4986 725 5025 rum
753 4969 1134 5025 revelationem
1154 4972 1263 5039 ipsi
1289 4972 1564 5026 immittit?
1586 4988 1765 5028 nonne
1792 4972 2021 5028 Verbum
2049 4990 2179 5031 caro

607 5061 829 5124 factum,
868 5060 1119 5129 quodque
1142 5069 1361 5130 propter
1398 5075 1496 5116 nos
1523 5074 1588 5115 ex
1616 5060 1836 5131 Virgine
1882 5065 2031 5119 nasci
2070 5080 2176 5119 non

604 5161 687 5207 est
718 5151 1067 5221 dedignatum
1088 5151 1112 5204 ἲ

675 5240 736 5295 Β.
777 5241 1033 5297 Omnino.
1072 5239 1287 5297 Memini
1321 5242 1465 5297 enim
1509 5243 1653 5298 beati
1690 5242 1958 5299 Gabrielis
1998 5245 2068 5298 ita
2109 5248 2177 5301 ad

605 5342 848 5388 sanctam
913 5331 1184 5401 Virginem
1212 5334 1491 5390 dicentis:
1532 5353 1551 5387 ι
1616 5334 1691 5389 Ne
1737 5336 1949 5401 timeas,
1977 5336 2175 5401 Maria;

605 5438 730 5477 ecce
768 5424 915 5477 enim
958 5424 1234 5492 concipies
1268 5425 1319 5477 in
1369 5434 1542 5493 utero,
1573 5435 1627 5479 et
1670 5427 1848 5495 paries
1886 5426 2073 5493 (ilium,
2121 5438 2176 5480 et

491 5536 495 5540 ·
604 5513 820 5568 vocabis
855 5528 1049 5570 nomen
1079 5515 1194 5585 ejus
1224 5513 1408 5573 Jesum
1436 5517 1503 5569 "°.
1540 5536 1558 5599 ι
1608 5516 1813 5571 Novum
1858 5529 2037 5574 autem
2072 5519 2173 5574 hoc

2295 3333 2596 3404 ἀποδημεῖν
2612 3334 2704 3387 τοῦ
2728 3335 2955 3406 κόσμου,
2975 3340 3151 3393 καίτοι
3172 3340 3395 3410 λέγοντα
3414 3347 3620 3414 σαφῶςο
3639 3367 3657 3401 ι
3681 3351 3881 3423 Ἀμὴν,

2294 3426 2444 3496 ἀμὴν
2468 3426 2611 3495 λέγω
2633 3427 2783 3498 ὑμῖν,
2807 3429 2888 3481 ὅτι
2917 3430 3051 3483 ὅπου
3095 3433 3190 3485 ἐὰν
3229 3436 3533 3507 συναχθῶσι
3553 3439 3647 3493 δύο
3669 3443 3703 3512 ἧ
3731 3448 3879 3514 τρεῖς

2294 3517 2375 3580 εἰς
2413 3516 2472 3570 τὸ
2506 3517 2640 3588 ἐμὸν
2679 3519 2873 3590 ὄνομα,
2909 3522 3026 3575 ἐκεῖ
3056 3524 3171 3594 είμι
3210 3526 3269 3580 ἐν
3305 3527 3453 3598 μέσῳ
3483 3531 3681 3585 αὐτῶν.
3714 3552 3733 3583 ι
3764 3536 3878 3589 Καὶ

2293 3607 2475 3660 πάλιν·
2504 3626 2527 3659 η(
2555 3608 2683 3662 Ἰδοὺ
2715 3609 2829 3680 ἐγὼ
2850 3611 2970 3682 μεθ’
3000 3613 3154 3683 ὑμῶν
3180 3617 3293 3687 είμι
3318 3619 3497 3684 πάσας
3520 3620 3619 3685 τὰς
3641 3624 3874 3694 ἡμέρας,

2292 3698 2396 3762 ἕως
2423 3700 2524 3770 τῆς
2558 3702 2868 3768 συντελείας
2898 3703 2993 3758 τοῦ
3026 3705 3242 3771 αἰῶνος.
3271 3711 3463 3775 »Ἴδοις
3486 3713 3530 3765 δ’
3558 3715 3623 3768 ἂν
3651 3717 3747 3769 καὶ
3781 3721 3878 3770 αὖ-

2290 3787 2382 3840 τὸν
2429 3789 2520 3842 τὸν
2568 3790 2859 3862 ἱερώτατον
2917 3794 3130 3849 Παῦλον
3164 3801 3692 3872 καταρῤᾳίιυμοῦντα
3748 3807 3876 3858 1:0).-

2291 3881 2450 3943 λάκις
2505 3882 2598 3935 τοῦ
2654 3885 2748 3937 καὶ
2776 3884 3065 3957 ἄνθρωπον
3108 3888 3218 3942 δεῖν
3258 3891 3654 3963 ἀνακηρύττειν
3686 3897 3870 3950 αὐτόν.

2296 3991 2315 4023 ι
2345 3972 2555 4036 Παῦλος
2599 3974 2731 4045 γὰρ,
2760 3977 2944 4046 φησὶν,
2978 3979 3006 4030 ὁ
3045 3980 3362 4045 ἀπόστολος,
3394 3984 3491 4037 οὐκ
3535 3986 3631 4037 ἀπ’
3662 3987 3873 4059 ἀνθρώ-

2290 4082 2429 4128 πων,
2463 4065 2582 4119 οὐδὲ
2606 4067 2675 4120 δι’
2702 4067 3029 4138 ἀνθρώπων,
3061 4072 3195 4125 ἀλλά
3221 4072 3312 4127 διὰ
3350 4073 3521 4144 ⁹ίησοῦ
3551 4078 3811 4148 Χριστοῦ.
3846 4099 3864 4131 ι

2287 4154 2395 4208 Καὶ
2416 4150 2481 4209 αὖ
2505 4156 2596 4209 ἐπὶ
2613 4158 2847 4221 τούτοις’
2871 4178 2891 4212 ι
2915 4160 3171 4233 Γνωρίζω
3186 4164 3253 4217 is
3278 4165 3405 4235 ὑμῖν
3430 4166 3491 4219 τὸ
3516 4167 3865 4237 Εὑαγγέλιον.

2286 4247 2438 4316 φησι,
2472 4247 2533 4300 τὺ
2559 4248 2942 4319 εὐαγγελισθὲν
2986 4253 3079 4305 ὑπ’
3102 4255 3259 4323 ἐμοῦ,
3287 4256 3368 4309 ὅτι
3419 4257 3518 4311 οὐκ
3561 4259 3675 4312 ἔστι
3728 4264 3868 4315 κατά

2283 4336 2589 4409 ἄνθρωπον.
2635 4339 2770 4393 Οὐδὲ
2815 4341 2925 4412 γάρ
2966 4341 3079 4410 ἐγὼ
3111 4346 3263 4412 παρὰ
3293 4346 3579 4418 ἀνθρώπου
3623 4351 3865 4422 παρέλα-

2285 4429 2378 4483 6ον
2427 4430 2593 4494 αὐτὸ,
2648 4431 2768 4484 οὐδὲ
2824 4432 3105 4505 ἐδιδάχθην
3133 4475 3147 4499 ,
3203 4437 3339 4492 ἀλλὰ
3378 4439 3445 4492 δι’
3469 4442 3868 4512 ἀποκαλύψεως

2298 4520 2474 4593 Ἰησοῦ
2504 4524 2759 4594 Χριστοῦ.
2785 4543 2804 4576 ι
2843 4525 2954 4579 Καὶ
2983 4526 3090 4599 μὴν
3116 4529 3210 4582 καὶ
3239 4531 3464 4603 ἑτέρωθί
3509 4551 3702 4605 φησιν’
3746 4555 3765 4586 ι
3801 4537 3866 4589 ΕΞ

2287 4611 2344 4665 δέ
2391 4614 2486 4666 καὶ
2518 4614 2835 4686 ἐγνώκαμεν
2882 4618 3021 4672 κατά
3070 4618 3249 4691 σάρκα
3295 4622 3551 4693 Χριστὸν,
3588 4626 3725 4679 ἀλλά
3772 4627 3869 4680 νῦν

2287 4704 2387 4759 οὐκ
2411 4705 2491 4759 ἔτι
2529 4705 2886 4779 γινώσκομεν.
2922 4727 2941 4760 ι
2973 4710 3068 4772 Τίς
3096 4707 3189 4765 οὖν
3222 4715 3368 4766 ἐστιν
3412 4716 3618 4785 Ἰησοῦς
3660 4718 3689 4768 ὁ
3730 4719 3869 4789 Χρι-

2288 4795 2431 4859 στὸς,
2464 4797 2491 4849 ό
2520 4797 2617 4866 τὴν
2658 4796 2832 4861 οὕτως
2862 4800 3173 4872 ἀπόῤῥητον
3202 4802 3413 4876 ἀπλανῆ
3466 4824 3524 4859 τε
3572 4808 3667 4861 καὶ
3714 4809 3869 4862 Θείαν

2286 4886 2629 4957 ἀποκάλυψιν
2694 4888 2804 4943 τῶν
2873 4890 3065 4944 ἐαυτοῦ
3119 4896 3430 4965 μυστηρίων
3474 4899 3865 4969 ἐναστράπτων

2287 4976 2496 5047 ἐαυτῷ;
2545 4973 2634 5050 ἄρ’
2670 4979 2792 5049 οὐχὶ
2836 4980 3125 5051 γενόμενος
3162 4985 3298 5057 σὰρξ
3334 4987 3361 5038 ὁ
3386 4988 3575 5056 Λόγος,
3629 4990 3722 5043 καὶ
3763 4992 3860 5061 τὴν

2286 5070 2350 5121 ἐκ
2385 5070 2641 5137 γυναικὸς
2669 5070 2737 5124 δι’
2763 5073 2912 5142 ἡμᾶς
2936 5074 3035 5126 οὐκ
3066 5076 3340 5146 ἀτιμάσας
3365 5079 3646 5150 γέννησιν;

2357 5245 2415 5297 B.
2458 5244 2607 5298 Πάνυ
2653 5246 2754 5316 μὲν
2782 5243 2894 5302 οὖν.
2927 5252 3378 5325 Διαμεμνήσομαι
3404 5256 3512 5328 γὰρ
3554 5258 3646 5311 τοῦ
3684 5277 3867 5329 μακα-

2288 5336 2403 5405 ρίου
2448 5337 2697 5403 λέγοντος
2746 5339 2983 5412 Γαϐριὴλ
3023 5344 3158 5415 πρὸς
3202 5346 3301 5416 τὴν
3346 5349 3505 5416 ἁγίαν
3555 5352 3860 5421 Παρθένον

2289 5447 2307 5479 ‹
2340 5428 2428 5500 Μὴ
2454 5430 2641 5498 φοϐοῦ,
2673 5432 2927 5503 Μαριάμ’
2960 5435 3067 5489 ἰδοὺ
3100 5436 3209 5508 γάρ
3244 5439 3488 5513 συλλήψῃ
3535 5443 3590 5494 ἐν
3640 5446 3862 5515 γαστρὶ,

2281 5521 2375 5573 καὶ
2404 5520 2533 5595 τέξῃ
2558 5523 2697 5587 υἱὸν,
2731 5524 2825 5577 καὶ
2857 5524 3103 5590 καλέσεις
3130 5529 3191 5581 τὸ
3220 5528 3389 5600 ὄνομα
3414 5531 3580 5585 αὑτοῦ
3598 5533 3857 5605 Ἰησοῦν.»

672 5714 892 5805 ξξᾶοξιη.
920 5732 975 5782 x,
1010 5716 1392 5805 '50.M“J‘oaln.
1414 5728 1536 5805 μιν,
1563 5719 1656 5805 αξξ.
1742 5720 2040 5805 ’ξιρρίοξετ
2080 5738 2163 5805 ιιι,

2299 5759 2369 5805 τη
2405 5723 2467 5805 ξδ
2513 5721 3490 5805 Ιοπιιεηχνι-ι,.1ι-13.υ’δωΜοιιΙμ
3559 5752 3710 5805 svnt,
3764 5737 3857 5793 20.

586 5784 647 5817 “‘
671 5785 851 5841 Matth.
881 5801 1069 5851 xxvm,
1096 5787 1184 5845 20.
1263 5789 1305 5821 ⁶⁷
1328 5788 1504 5845 Galat.
1524 5784 1577 5852 Vl,
1614 5792 1662 5845 1.
1742 5791 1786 5821 ⁸³
1814 5793 1942 5849 ibid.
1980 5793 2064 5869 H.
2096 5784 2183 5846 12.

2299 5792 2370 5846 ’ll
2400 5792 2526 5848 Cor.
2569 5809 2616 5856 ν.
2647 5795 2731 5850 16.
2808 5784 2855 5828 τά
2873 5795 3012 5852 Luc.
3048 5815 3087 5864 ι,
3116 5798 3208 5866 50,
3241 5800 3327 5855 Si.
