4122 6524
532 350 670 411 1‘35!

1521 362 1578 418 S.
1620 363 1895 422 CYRlLLl
1938 366 2402 427 ALEXANDRINI
2441 371 2764 430 ARCHIEP.

3654 385 3813 440 1232

542 491 564 529 ι
593 474 819 542 Quando
846 474 1205 532 introduxerit
1239 476 1658 552 Primogenitum
1691 487 1743 541 in
1782 488 1967 544 orbem
1994 498 2100 544 ter—

2204 508 2293 554 τες
2320 492 2541 562 ἄγγελοι
2581 494 2735 551 Θεοῦ.
2767 513 2787 546 ι
2830 494 2889 547 ’0
2922 495 3032 567 γάρ
3060 496 3290 569 ἰδιότητι
3336 503 3538 571 φυσικῇ
3582 502 3681 573 τῆς
3715 505 3807 556 οξ-

540 582 634 631 rae,
660 567 794 621 dixit
823 584 837 622 :
886 566 954 621 Et
992 568 1215 624 adorent
1260 586 1383 628 eum
1416 589 1606 630 omnes
1639 578 1813 639 angeli
1863 580 1954 634 Dei
1978 581 2046 635 ⁷³.
2081 598 2100 633 ι

540 655 670 709 Nam
704 656 1031 726 proprietate
1060 668 1268 714 natura:
1293 660 1363 715 ab
1389 663 1643 718 universo
1675 667 1806 723 orbe
1840 676 2105 723 terrarum

540 745 739 812 differt,
780 757 1040 817 extraque
1066 749 1239 819 ipsum
1288 752 1523 819 exsistit,
1553 764 1613 811 ut
1641 755 1815 822 Deus;
1853 773 1975 814 eum
2019 762 2103 815 itt-

537 851 756 906 gressus
781 848 884 903 est,
923 853 1048 907 pars
1093 842 1275 897 mundi
1310 843 1640 911 declaratus,
1683 856 1740 901 ut
1792 850 1983 916 homo,
2014 852 2107 906 sed

539 944 644 982 non
671 928 871 984 idcirco
904 945 934 985 a
962 930 1142 986 divina
1185 931 1353 1003 gloria
1394 936 1616 990 excidit.
1648 935 1923 993 Adoratur
1962 940 2105 995 enim

537 1026 598 1071 ut
624 1018 952 1089 unigenitus,
994 1023 1209 1077 tametsi
1246 1036 1468 1078 vocetur
1510 1026 1917 1095 primogenitns.
1955 1031 2107 1098 Quod

537 1109 756 1178 quidem
785 1119 868 1164 est
903 1111 1184 1168 manifeste
1229 1112 1579 1171 immanitatis
1615 1119 1907 1175 conditioni
1944 1135 2105 1190 quam

537 1200 774 1253 maxime
807 1202 1156 1256 conveniens.

608 1289 669 1343 Β.
709 1291 851 1363 Ergo
888 1303 943 1347 ut
974 1294 1245 1349 hominem
1285 1295 1630 1353 adorabimus
1676 1298 2105 1357 Emmanuelem.

600 1488 676 1546 VA.
716 1487 892 1544 Absit.
920 1488 1285 1543 Vanissimum
1320 1492 1469 1545 enim
1508 1492 1618 1548 hoc
1659 1502 1763 1559 est,
1808 1504 1863 1549 et
1902 1495 2107 1554 fraudis

525 1593 697 1649 Iatque
748 1580 951 1634 erroris
990 1579 1391 1647 plenissimum.
1445 1580 1575 1636 Nam
1621 1585 1723 1638 hoc
1765 1594 1925 1655 pacto
1970 1588 2106 1643 nihil

535 1670 844 1726 differemus
875 1670 942 1724 ab
974 1671 1038 1723 iis
1067 1670 1491 1740 qui'creaturam
1531 1674 1708 1743 potius
1753 1690 1913 1745 quam
1950 1678 2109 1733 Crea-

524 1774 705 1816 torem
737 1760 941 1826 colunt,
966 1762 1064 1831 qui
1112 1762 1327 1831 quidem
1369 1774 1775 1821 commutarunt
1823 1769 2104 1825 veritatem

2210 582 2477 653 xoupév'qc
2502 582 2724 653 ἀπάσης
2747 583 3060 653 διενεγκὼν,
3090 585 3198 653 ἔξω
3228 603 3289 640 τε
3329 588 3497 659 αὐτῆς
3527 591 3810 664 ὑπάρχων

2206 672 2281 737 ὡς
2307 674 2460 738 Θεὸς,
2490 675 2808 746 είσόέόηκεν
2842 678 2923 740 είς
2946 677 3138 747 αὐτὴν,
3172 678 3337 750 μέρος
3367 680 3575 751 κόσμου
3604 698 3806 753 πεφη-

2206 761 2313 827 νὼς
2359 764 2432 827 ὼς
2477 764 2793 837 ἄνθρωπος,
2842 766 2985 839 πλὴν
3036 769 3099 822 οὐ
3150 768 3239 823 διὰ
3288 770 3447 824 τοῦτο
3489 771 3593 843 τῆς
3636 774 3807 836 θείας

2207 855 2484 909 ἀπώλισθε
2523 857 2703 930 δόξης.
2738 860 3133 929 Προσκυνείται
3177 861 3286 932 γὰρ
3334 862 3410 927 ὡς
3464 867 3804 933 μονογενὴς.

2207 945 2301 998 καὶ
2326 947 2373 998 εί
2402 946 2622 1001 καλοῖτο
2656 950 3021 1020 πρωτότοκος,
3056 953 3194 1023 ὅπερ
3221 954 3371 1008 ἐστὶν
3408 955 3656 1028 ἐναργῶς
3674 962 3807 1021 τοῖς

2206 1034 2305 1103 τῆς
2336 1033 2753 1107 ἀνθρωπότητος
2773 1036 3005 1109 ,μέτροις
3029 1038 3115 1091 ὅτι
3139 1039 3386 1110 μάλιστα
3415 1043 3646 1113 πρέπον.

2271 1293 2339 1350 Β.
2364 1286 2486 1368 Ἆρ’
2517 1290 2611 1350 οὖν
2631 1286 2706 1361 ὧς
2735 1297 3018 1368 ἄνθρωπον
3044 1295 3499 1376 προσκυνῆσομεν
3530 1298 3620 1363 τὸν
3656 1308 3801 1379 Ἐμο

2209 1386 2470 1457 μανουήλ.

2273 1479 2339 1532 Δ.
2379 1478 2470 1550 Μὴ
2502 1478 2731 1548 γένοιτο.
2761 1481 2939 1551 Λῆρος
2972 1484 3074 1554 ἤδη
3108 1487 3277 1550 τουτὶ,
3309 1488 3401 1541 καὶ
3440 1478 3648 1561 ἀπάτη.
3690 1493 3800 1546 καὶ

2205 1568 2488 1640 πλάνησις.
2529 1572 2812 1644 Διοίσομεν
2861 1574 2919 1627 δὲ
2964 1578 3088 1629 κατ’
3118 1578 3269 1631 οὐδὲν
3328 1579 3438 1633 τῶν
3506 1585 3571 1653 τῇ
3606 1584 3799 1638 κτίσει

2204 1660 2640 1732 λελατρευκότων
2690 1665 2842 1736 παρά
2883 1666 2977 1719 τὸν
3009 1667 3250 1740 Κτίστην
3296 1671 3387 1724 καὶ
3416 1672 3668 1744 Ποιητὴν,
3703 1676 3797 1728 οῖ-

2204 1768 2348 1816 τινες
2398 1754 2738 1824 μετήλλαξαν
2786 1756 2885 1827 τὴν
2943 1757 3200 1830 ἀλήθειαν
3247 1761 3341 1814 τοῦ
3395 1762 3530 1816 Θεοῦ
3593 1766 3653 1816 ἐν
3705 1766 3799 1836 τῷ

525 1850 627 1909 ἴ)δί
664 1854 715 1908 in
752 1854 1116 1920 mendacium,
1161 1854 1304 1907 sicut
1344 1855 1599 1924 scriptum
1642 1856 1816 1911 est“.
1864 1858 2100 1926 Quorum

2205 1843 2415 1914 ψεύδει,
2451 1846 2592 1899 κατά
2639 1847 2702 1900 τὸ
2743 1850 3149 1920 γεγραμμένον,
3180 1846 3262 1915 οἷς
3315 1855 3363 1905 εί
3413 1856 3797 1926 φρονήσαιμεν

521 1946 855 2002 sententiam
904 1947 948 2001 si
986 1960 1082 2000 nos
1146 1961 1458 2016 sequamur,
1504 1962 1607 2002 una
1653 1949 1816 2002 etiam
1861 1965 1981 2003 cum
2025 1953 2104 2006 eis

534 2037 856 2091 audiemus:
896 2054 915 2087 ι
955 2036 1203 2090 Dicentes
1229 2051 1286 2090 se
1316 2050 1437 2089 esse
1463 2036 1757 2105 sapientes,
1788 2038 1936 2092 stulti
1976 2039 2100 2095 facti

534 2136 678 2192 sunt,
717 2134 771 2180 et
797 2132 1140 2179 mutaverunt
1185 2124 1410 2194 gloriam
1456 2125 1883 2196 incorruptibilis
1918 2130 2012 2184 Dei
2050 2130 2103 2184 in

532 2218 940 2274 similitudinem
1004 2217 1253 2286 imaginis
1302 2217 1667 2286 corruptibilis
1727 2220 1997 2284 hominis,
2053 2230 2106 2276 et

535 2310 977 2381 quadrupedum,
1004 2318 1058 2363 et
1090 2307 1420 2377 serpentium
1447 2309 1514 2365 ".
1549 2327 1567 2360 ι
1604 2311 1759 2381 701
1800 2310 1915 2366 Non
1965 2313 2103 2369 enim

531 2404 692 2459 etiam
711 2417 807 2457 nos
823 2400 1146 2470 ejuscemodi
1165 2400 1389 2466 erimus,
1406 2401 1591 2455 eadem
1610 2418 1726 2471 quae
1746 2404 1818 2457 illi
1845 2404 2106 2461 facientes

530 2507 595 2547 ac
611 2490 944 2547 sentientes?
970 2500 1019 2545 et
1038 2490 1261 2559 gloriam
1276 2490 1369 2545 Dei
1402 2491 1453 2544 in
1480 2491 1814 2547 mendacium
1836 2505 2104 2552 mutantes

533 2585 587 2639 in
635 2583 1041 2638 similitudinem
1097 2583 1348 2651 imaginis
1408 2584 1777 2651 corruptibilis
1829 2586 2096 2651 hominis,

523 2684 788 2744 ianquam
817 2671 961 2727 nudo
987 2669 1215 2736 homini,
1244 2679 1405 2738 atque
1429 2668 1518 2724 uni
1551 2685 1616 2724 et
1647 2670 1801 2727 nobis
1830 2674 2104 2729 adoratioo

523 2777 654 2816 atem
691 2759 996 2815 deferemus
1021 2758 1357 2813 Eutntanueli
1380 2757 1404 2813 ?

593 2850 661 2904 Β.
692 2849 940 2907 Omnino.

599 2945 665 2996 Α.
707 2940 899 2997 Nonne
932 2956 1058 2995 vero
1090 2941 1253 2998 etiam
1307 2941 1543 2999 caelestis
1582 2944 1893 3016 angelorum
1933 2954 2104 3003 cturus

529 3037 718 3092 eadem
761 3050 863 3104 qua
907 3032 978 3087 illi
1010 3033 1215 3087 insania
1246 3034 1493 3091 laborare
1531 3036 1739 3092 dicetur
1774 3038 1798 3091 ?

603 3123 662 3179 8.
702 3125 781 3178 Ita
822 3126 1061 3194 profecto

2204 1929 2430 2000 ἀδελφὰ,
2475 1932 2570 1985 καὶ
2617 1936 3061 2007 συνακουσόμεθα
3110 1939 3325 2003 πάντως
3351 1958 3365 1971 ο
3419 1960 3440 1993 ι
3480 1944 3795 2009 Φάσκοντες

2207 2013 2346 2073 εἶναι
2369 2022 2544 2089 σοφοὶ,
2576 2023 2992 2096 ἐμωράνθησαν,
3011 2027 3108 2080 καὶ
3130 2027 3363 2099 ἠλλαξαν
3388 2030 3485 2102 τὴν
3508 2032 3665 2100 δόξαν
3690 2035 3795 2088 τοῦ

2205 2111 2483 2183 ἀφθάρτου
2529 2113 2666 2166 Θεοῦ
2718 2118 2774 2169 ἐν
2819 2118 3123 2189 ὁμοιώματι
3166 2122 3373 2185 εἰκόνος
3415 2123 3657 2195 φθαρτοῦ
3688 2129 3794 2181 ἀν-

2207 2200 2445 2274 θρώπου,
2461 2205 2555 2258 καὶ
2574 2208 2851 2273 πετεινῶν,
2871 2209 2965 2262 καὶ
2984 2212 3348 2281 τετραπόδων,
3371 2215 3464 2267 καὶ
3480 2218 3749 2285 ἑρπετῶν.
3763 2236 3791 2270 ν

2205 2290 2283 2348 Ἦ
2312 2296 2419 2367 γὰρ
2447 2297 2567 2367 οὐχὶ
2598 2299 2689 2351 καὶ
2715 2300 2872 2369 ἡμεῖς
2896 2301 3070 2365 αὐτοὶ,
3096 2303 3189 2356 καὶ
3236 2306 3475 2377 ῑσουργοὶ
3521 2310 3613 2363 καὶ
3646 2310 3794 2380 σύμ-

2207 2402 2403 2455 φρονες
2442 2390 2556 2451 τοῖς
2604 2390 3053 2460 μνημονευθεῖσιν
3083 2394 3319 2465 ἐσόμεθα
3340 2434 3356 2461 ,
3396 2399 3494 2468 τὴν
3520 2399 3613 2452 τοῦ
3648 2400 3795 2454 Θεοῦ

2204 2479 2361 2546 δόξαν
2408 2482 2468 2534 ἐν
2515 2481 2592 2552 τῷ
2636 2481 2821 2552 ψεύδει
2873 2484 3346 2555 μεταλλάττοντες,
3381 2491 3437 2543 ἐν
3478 2494 3795 2564 ὁμοιώματι

2206 2569 2409 2633 εἰκόνος
2445 2570 2684 2641 φθαρτοῦ
2710 2572 3018 2646 ἀνθρώπου,
3047 2576 3096 2629 εί
3125 2577 3200 2642 ώς
3231 2579 3504 2652 ἀνθρώπῳ
3528 2583 3673 2655 ψιλῷ
3692 2585 3796 2639 καὶ

2207 2659 2286 2711 ἐνὶ
2311 2659 2419 2711 τῶν
2450 2661 2571 2713 καθ’
2601 2663 2749 2732 ἡμᾶς
2791 2664 3151 2736 προσοίσομεν
3180 2666 3279 2737 τὴν
3310 2670 3680 2743 προσκύνησιν
3710 2673 3797 2745 τῷ

2220 2750 2570 2823 Ἐμμανουήλ
2590 2768 2604 2818 ;

2277 2843 2336 2898 Β.
2379 2845 2488 2897 Καὶ⁵
2530 2845 2697 2915 μάλα.

2276 2936 2341 2987 Α.
2383 2935 2447 2987 Τί
2484 2935 2575 3001 δέ;
2616 2937 2738 3007 οὐχὶ
2773 2938 2865 2990 καὶ
2896 2939 3032 3011 αὑτὴ
3064 2941 3175 2995 τῶν
3215 2944 3465 3013 ἀγγέλων
3495 2948 3529 3016 ἡ
3578 2947 3793 3002 ἄνωθεν

2207 3024 2435 3097 πληθὺς,
2454 3029 2564 3093 τοῖς
2592 3030 2671 3091 είς
2700 3029 2856 3083 τοῦτο
2881 3032 3076 3102 μανίας
3103 3034 3298 3105 ἥκουσι
3330 3039 3737 3108 συντετάξεταις

2277 3120 2337 3173 Β.
2370 3120 2631 3192 Ἀνάγκη.

599 3216 668 3273 Α.
708 3185 848 3283 Quin
904 3226 959 3269 et
1038 3214 1276 3283 gentium
1354 3215 1510 3270 turba
1586 3215 1984 3283 inevitabilem,
2046 3230 2100 3273 ut

2274 3211 2339 3263 Α.
2370 3185 2706 3283 Ἀνεξὶττγτον
2732 3212 2812 3278 δὲ,
2838 3209 2991 3284 οἶμαί
3024 3234 3150 3281 που,
3178 3218 3279 3290 τὴν
3305 3220 3399 3274 ἐπὶ
3412 3221 3489 3293 τῷ
3507 3223 3791 3291 πεπλανῆ-

529 3309 784 3373 arbitror,
808 3306 1009 3361 erroris
1040 3307 1433 3361 accusationem
1465 3307 1723 3373 incurret,
1753 3316 1808 3363 et
1838 3309 2100 3365 ineluihili

526 3402 726 3458 veteris
763 3399 931 3470 culpae
958 3398 1078 3453 labe
1106 3397 1304 3454 infecta
1333 3400 1453 3454 erit.
1509 3398 1724 3454 Erravit
1758 3404 1900 3455 enim
1938 3404 2101 3457 etiam

530 3510 693 3560 nunc,
717 3502 777 3550 et
802 3493 1017 3563 quidem
1061 3491 1229 3547 nihilo
1260 3493 1437 3548 secius
1481 3507 1640 3562 quant
1676 3493 1826 3559 olim,
1862 3504 1917 3549 et
1964 3495 2101 3548 viam

513 3601 648 3656 quae
697 3586 764 3640 ad
825 3585 1104 3639 veritatem
1168 3584 1313 3638 ducit
1347 3584 1628 3654 ignoravit.
1681 3584 1831 3651 Quod
1882 3588 2101 3656 quidem

522 3677 742 3732 abunde
790 3684 1045 3736 testatur,
1073 3682 1130 3727 ut
1166 3683 1422 3743 apparet,
1456 3673 1692 3739 Paulus,
1728 3677 1800 3729 ita
1828 3691 1921 3730 cas
1952 3692 2100 3731 come

527 3768 731 3838 pellans
764 3781 828 3821 ac
881 3766 1065 3821 dicens
1113 3784 1127 3819 ι
1170 3783 1192 3816 ι
1225 3764 1329 3820 Sed
1362 3775 1486 3820 tunc
1532 3766 1745 3836 quidem
1789 3768 2103 3838 ignorantes

525 3857 728 3924 Deum,
769 3858 834 3913 iis
884 3860 973 3928 qui
1035 3866 1227 3912 natura
1284 3872 1388 3911 non
1439 3865 1567 3912 sunt
1623 3858 1695 3911 dii
1758 3861 2100 3916 serviebatis.

526 3951 677 4007 Nunc
733 3961 909 4006 autem
960 3964 1081 4004 cum
1113 3948 1480 4019 cognoveritis
1514 3947 1718 4014 Deum,
1754 3950 1862 4005 imo
1904 3953 2100 4019 cogniti

524 4045 644 4101 sitis
667 4060 696 4098 a
717 4042 830 4099 Deo
861 4058 876 4097 :
903 4042 1172 4114 quomodo
1187 4041 1559 4096 convertimini
1577 4041 1767 4096 iterum
1790 4042 1854 4097 ad
1890 4044 2099 4098 infirma

524 4152 577 4194 et
610 4153 777 4210 egena
810 4135 1095 4202 elementa,
1121 4133 1315 4204 quibus
1335 4134 1510 4187 denuo
1536 4134 1737 4189 servire
1765 4136 1924 4190 vultis
1945 4136 1991 4167 ⁷⁸
2024 4137 2045 4189 ?
2072 4155 2095 4188 ι

527 4227 750 4292 Qualem
780 4225 924 4280 enim
960 4224 1125 4279 Deum
1180 4233 1510 4289 cognorunt,
1553 4224 1595 4275 si
1648 4238 1750 4277 non
1781 4234 1863 4279 est
1911 4235 2101 4281 natura

523 4314 668 4373 Deus
686 4314 954 4378 Christus,
985 4314 1038 4368 in
1059 4327 1218 4383 quem
1245 4314 1625 4367 crediderunt?
1656 4324 1709 4369 et
1735 4315 1779 4369 si
1800 4318 2101 4373 servierunt

524 4408 757 4473 homini,
828 4407 879 4461 in
933 4406 1188 4474 pristinos
1238 4407 1439 4459 erroris
1494 4404 1714 4475 laqueos
1772 4408 2093 4466 inciderunt.

521 4503 678 4555 Anne
706 4513 831 4554 vere
862 4498 954 4552 tibi
990 4497 1170 4551 dicere
1199 4497 1381 4551 videor
1406 4497 1429 4550 ἲ

592 4591 651 4647 Β.
690 4589 941 4646 Prorsus.

590 4684 659 4739 Α.
693 4683 828 4738 Vide
862 4683 1065 4751 itaque,
1110 4682 1378 4751 quomodo
1416 4680 1527 4749 jam
1574 4685 1895 4741 necessariis
1933 4696 2095 4756 atque

524 4775 866 4832 evidentibus
899 4773 1260 4843 argumentis,
1296 4781 1351 4829 et
1384 4783 1589 4829 tantum
1625 4790 1731 4830 non
1760 4776 2002 4832 nolentes
2029 4792 2095 4831 eo

518 4865 934 4935 compellamur,
967 4876 1023 4920 ut
1051 4864 1337 4921 debeamus
1370 4867 1639 4936 sapienter
1666 4876 1915 4938 tanquam
1947 4881 2097 4925 natu-

521 4960 707 5014 raliter
738 4956 907 5011 Deum
936 4958 1159 5011 adorare
1187 4956 1402 5024 Filium,
1425 4959 1587 5012 etiam
1622 4959 1672 5013 in
1703 4969 1891 5015 nostra
1920 4962 2093 5018 forma

519 5058 902 5121 apparentem,
951 5063 1073 5103 cum
1119 5049 1479 5104 coalescentia
1533 5051 1648 5104 sive
1698 5066 1991 5109 concursus
2041 5056 2092 5110 in

517 5141 776 5194 unitatem
803 5151 908 5192 non
942 5136 1120 5206 inepte
1149 5137 1318 5206 possit
1344 5136 1485 5190 illaut
1519 5152 1637 5206 quae
1660 5139 1725 5194 de
1752 5139 2096 5198 humanitatis

517 5229 821 5299 suspicione
853 5227 1088 5283 incidere
1128 5236 1307 5293 posset
1340 5227 1702 5285 dimcultatem
1747 5231 1949 5287 tollere.

589 5322 651 5379 Β.
689 5322 805 5388 Quo
838 5331 994 5391 pacto
1021 5321 1146 5376 ais?

588 5413 653 5465 Α.
693 5410 895 5465 Natura
926 5410 1069 5465 enim
1092 5409 1277 5478 Verbi,
1311 5421 1581 5482 assumpta
1609 5413 1962 5482 humanitate,
1990 5431 2094 5471 non

499 5514 600 5559 .cst
634 5502 774 5557 nuda
804 5502 1132 5569 humanitas,
1158 5505 1251 5560 sed
1281 5506 1459 5577 potius
1484 5508 1703 5563 vincens
1743 5509 1959 5579 propria
2000 5527 2096 5565 sua

515 5595 684 5670 gloria
734 5594 787 5650 id
831 5599 972 5666 quod
1013 5607 1343 5669 assumptum
1393 5608 1496 5667 est,
1551 5600 1883 5657 divinitatem
1942 5618 2094 5658 suam

2208 3301 2329 3355 σθαι
2362 3303 2580 3374 γραφὴν
2608 3304 2702 3357 καὶ
2750 3306 2818 3376 τῇ
2855 3306 2962 3358 τῶν
3006 3307 3175 3361 ὲθνῶν
3202 3311 3371 3383 ἀγέλῃ
3394 3313 3786 3385 περιθήσομεν,

2206 3393 2300 3447 καὶ
2330 3394 2730 3448 δυσαπόνιπτον
2778 3397 2888 3461 ἕξει
2932 3398 3038 3451 τῶν
3086 3400 3331 3471 ἀρχαίων
3359 3406 3697 3475 αἰτιαμάτων
3725 3408 3790 3459 τὸ

2207 3484 2421 3554 βλάϐος.
2441 3486 2712 3539 Πλανᾶται
2734 3486 2861 3557 γὰρ,
2890 3481 3067 3557 οἶμαι,
3086 3492 3178 3543 καί
3206 3490 3320 3559 νῦν,
3337 3495 3428 3548 καὶ
3452 3495 3600 3548 οὐδὲν
3621 3490 3787 3567 ἦττον

2204 3578 2236 3646 ἦ
2291 3578 2479 3643 πάλαι,
2526 3580 2621 3631 καὶ
2668 3577 2765 3649 τὴν
2814 3580 2893 3642 είς
2941 3582 3072 3635 εὐθὺ
3106 3582 3513 3657 διαστείχουσαν
3545 3588 3787 3658 ἠγνόηκε

2204 3668 2408 3739 τρίϐον.
2440 3668 2552 3723 Καὶ
2581 3670 2852 3741 περιττὸς,
2876 3671 2949 3735 ὡς
2975 3672 3171 3738 ἔοικεν,
3201 3675 3230 3727 ό
3252 3679 3520 3747 μακάριος
3549 3678 3783 3742 Παῦλος,

2204 3760 2541 3831 προσφωνῶν
2562 3777 2621 3813 τε
2643 3763 2821 3826 αὐτοῖς
2850 3764 2944 3816 καὶ
2975 3762 3198 3833 λέγωνί
3222 3762 3382 3821 Ἀλλά
3407 3768 3526 3821 τότε
3557 3769 3656 3838 μὲν
3683 3772 3784 3824 obit

2204 3851 2405 3915 ειδότες
2422 3851 2575 3919 Θεὸν,
2598 3852 2943 3907 ἐδουλεύσατε
2988 3858 3100 3918 τοῖς
3153 3857 3227 3928 μὴ
3279 3858 3435 3925 φύσει
3465 3859 3625 3923 θεοῖς.
3643 3862 3783 3914 Νυνὶ

2202 3944 2261 3998 δέ
2285 3944 2504 4013 γνόντες
2534 3944 2686 4012 Θεὸν,
2714 3945 2913 4015 μᾶλλον
2937 3945 2993 3998 δὲ
3020 3947 3351 4016 γνωσθέντες
3379 3949 3482 4001 ὑπὸ
3502 3949 3597 4002 τοῦ
3617 3950 3776 4015 Θεοῦ,

2205 4036 2320 4100 πῶς
2351 4036 2705 4108 ἐπιστρέφετε
2738 4037 2899 4091 πάλιν
2943 4040 3035 4090 ἐπὶ
3080 4038 3151 4091 τὰ
3194 4039 3397 4110 ἀσθενῆ
3450 4046 3544 4096 καὶ
3589 4046 3777 4113 πτωχὰ

2200 4134 2464 4201 στοιχεῖα,
2492 4124 2571 4193 οἷς
2603 4131 2764 4185 πάλιν
2792 4132 2996 4185 ἄνωθεν
3024 4132 3293 4189 δουλεύειν
3325 4135 3509 4190 θέλετε
3530 4156 3543 4204 ;
3564 4157 3583 4190 ι
3621 4139 3776 4191 Ποῖον

2202 4222 2311 4294 γὰρ
2334 4223 2414 4275 ἔτι
2441 4222 2572 4275 Θεὸν
2600 4222 2924 4291 ἐγνώκασιν,
2955 4227 3004 4278 εἰ
3035 4226 3108 4297 μὴ
3140 4227 3298 4296 φύσει
3322 4228 3455 4292 Θεὸς
3473 4232 3502 4283 ό
3524 4232 3771 4302 Χριστὸς,

2202 4316 2282 4377 εἰς
2304 4314 2365 4367 ὃν
2396 4314 2796 4369 πεπιστεύκασι
2816 4334 2829 4382 ;
2859 4317 2968 4369 Καὶ
2985 4319 3033 4369 εξ
3053 4317 3470 4389 λελατρεύκασιν
3485 4320 3768 4391 ἀνθρώπῳ,

2201 4405 2313 4467 τοῖς
2345 4404 2444 4473 τῆς
2487 4404 2721 4475 ἀρχαίας
2772 4405 3091 4477 πλανήσεως
3130 4409 3402 4477 ἐνέχονται
3430 4409 3664 4480 βρόχοις.
3705 4410 3771 4465 Ἦ

2130 4516 2175 4570 ι)
2203 4499 2303 4552 ούκ
2340 4498 2537 4568 ἀληθὲς
2573 4500 2601 4552 ὃ
2638 4516 2815 4570 φημις

2277 4590 2340 4644 Β.
2382 4591 2530 4643 Πάνυ
2574 4590 2675 4659 μὲν
2712 4586 2823 4644 οῦν.

2274 4682 2339 4734 Δ.
2364 4680 2552 4750 ’Λθρει
2581 4680 2645 4750 δὴ
2672 4678 2785 4746 οὖν,
2828 4683 2975 4745 ὅπως
3017 4682 3075 4749 ἐξ
3122 4683 3438 4752 ἀναγκαίων
3464 4686 3561 4756 ἤδη
3594 4687 3775 4738 συλλοο

2202 4770 2415 4840 γισμῶν
2472 4772 2751 4840 μονονουχὶ
2809 4774 2903 4825 καὶ
2966 4774 3063 4842 οὐχ
3116 4774 3330 4838 ἑκόντες
3388 4776 3770 4846 συνωθούμεθα

2204 4861 2342 4932 πρός
2368 4878 2431 4930 γε
2461 4861 2520 4913 τὸ
2543 4860 2652 4913 δεῖν
2678 4863 2965 4933 ἐμφρόνως
2988 4863 3062 4925 ώς
3093 4862 3213 4934 Θεῷ
3254 4867 3394 4919 κατά
3427 4866 3588 4935 φύσιν
3610 4884 3777 4936 προσ»-

2203 4955 2384 5005 κυνεῖν
2415 4950 2492 5022 τῷ
2522 4951 2659 5022 Υἱῷ,
2695 4955 2789 5006 καὶ
2830 4955 2887 5007 ἐν
2917 4954 2994 5024 τῷ
3024 4953 3144 5007 καθ’
3171 4956 3317 5025 ἡμᾶς
3356 4958 3616 5027 πεφηνότι
3652 4959 3779 5027 σχή-

2206 5062 2372 5115 ματι,
2413 5045 2515 5114 τῆς
2557 5047 2637 5108 είς
2686 5046 2913 5113 ἑνότητα
2986 5047 3289 5120 συνδρομῆς
3358 5049 3459 5103 οὐκ
3511 5050 3779 5113 ἀνικάνως

2202 5134 2432 5205 ἐχούσης
2454 5138 2531 5199 είς
2552 5135 2611 5188 τὸ
2639 5136 2899 5205 ἀφανίσαι
2927 5138 3087 5208 τυχὸν
3107 5138 3167 5190 τὸ
3196 5140 3290 5191 καὶ
3336 5139 3446 5192 ἔσθ’
3468 5141 3555 5193 ὅτε
3577 5140 3778 5194 λυποῦν

2202 5231 2283 5292 είς
2313 5227 2732 5299 ἀνθρωπότητος
2764 5229 3019 5297 ὑποψίαν.

2273 5318 2335 5372 Β.
2378 5319 2501 5382 Πῶς
2542 5318 2713 5389 Eam;

2272 5412 2337 5466 Α.
2379 5410 2767 5482 Προσλαόοῦσα
2789 5411 2896 5482 γὰρ
2926 5413 2957 5481 ή
2986 5411 3078 5464 τοῦ
3097 5412 3265 5481 Λόγου
3298 5412 3457 5482 φύσις
3482 5413 3542 5465 τὸ
3568 5412 3781 5481 ἀνθρώ-

2205 5520 2378 5568 πινον,
2414 5505 2513 5559 οὐκ
2546 5504 2903 5576 ἀνθρωπότης
2931 5506 3046 5558 ἐστὶ
3077 5505 3228 5576 ψιλὴ,
3257 5506 3462 5559 νικῶσα
3490 5505 3546 5559 δὲ
3579 5505 3780 5575 μᾶλλον

2206 5598 2313 5670 ἰδίᾳ
2344 5597 2472 5671 δόξῃ
2512 5597 2571 5650 τὸ
2604 5598 2972 5670 προσληφθέν,
3005 5600 3061 5653 ἐν
3096 5598 3374 5671 ἀκλονήτῳ
3404 5597 3633 5663 σώζεται
3658 5597 3779 5652 δια-

589 5771 637 5804 "
664 5768 836 5830 Hebr.
867 5785 908 5839 ι,
936 5772 991 5829 6.
1068 5775 1115 5808 ⁷⁸
1146 5774 1303 5832 Rom.
1330 5792 1367 5844 ι,
1400 5778 1491 5833 25.
1568 5779 1768 5836 "ibid.
1806 5779 1897 5846 22,
1933 5780 2022 5835 2‘5.
2104 5781 2150 5813 ⁷⁸
2173 5778 2350 5836 Galat.
2387 5794 2461 5846 tv,
2489 5778 2542 5844 8,
2576 5777 2630 5835 9.
