4122 6510
374 408 508 463 I235

1461 407 1551 463 DE
1590 404 2106 463 INCARNATIONE
2144 404 2523 464 UNIGENI'I‘I.

3482 404 3635 463 i334

367 532 505 601 μονῇ
536 528 633 599 τῆς
666 525 1005 596 θεοπρεποῦς
1034 527 1305 592 εὐκλείας.
1338 528 1508 582 Ταυτὶ
1543 529 1865 601 φρονοῦντες
1901 530 1950 583 oi

2059 528 2322 599 integram
2363 536 2524 597 atque
2553 527 2926 583 inconcussam
2961 528 3176 584 retinet.
3219 526 3370 594 Quod
3414 523 3635 597 quidem

367 620 628 693 μαθηταὶ,
654 618 1024 690 προσεκύνουν
1046 618 1314 689 λέγοντες·
1350 638 1367 672 t
1393 620 1629 690 ’Δληθῶς
1659 619 1795 674 Θεοῦ
1823 620 1949 684 Υἱὸς

361 708 433 768 εἴ·
467 730 486 762 ι
522 710 701 764 καίτοι
732 710 897 780 βάδην
934 710 1079 763 ίόντα
1112 710 1418 779 βλέποντες,
1438 712 1533 764 καὶ
1558 712 1615 765 έν
1641 712 1804 783 σαρκὶ
1827 711 1947 765 καθ’

360 802 536 872 ἡμᾶς’
572 800 658 853 ἐπ’
684 799 856 870 ἄκρου
891 799 999 871 γὰρ
1041 799 1106 871 δὴ
1144 800 1309 854 διέθει
1336 800 1577 873 κύματος
1608 802 1955 873 παραδόξως,

360 892 437 958 ὡς
473 892 626 955 Θεός.

441 1073 500 1126 Β.
541 1073 651 1125 Καὶ
682 1070 767 1134 τίς
795 1066 863 1141 ἦν
889 1069 917 1121 6
945 1070 1120 1139 λέγων
1156 1072 1294 1143 πρὸς
1328 1090 1425 1144 την
1473 1077 1529 1128 ὲν
1553 1075 1618 1145 τῇ
1663 1074 1948 1147 Σαμαρείᾳ

365 1166 627 1233 γυναῖκαο
670 1180 688 1214 ι
710 1162 903 1232 Ὑμεῖς
953 1166 1312 1234 προσκυνεῖτε
1346 1164 1375 1216 ὃ
1419 1165 1520 1217 οὐκ
1558 1165 1759 1230 οἴδατε,
1791 1166 1951 1236 ἡμεῖς

366 1252 780 1324 προσκυνοῦμεν
804 1253 834 1306 ὃ
861 1253 1117 1325 οίδαμεν;
1153 1274 1171 1307 ι
1206 1251 1340 1309 Εἶτα
1368 1257 1488 1320 πῶς
1516 1256 1669 1310 ἔσται
1705 1275 1950 1331 προσκυ-

366 1345 549 1415 νητὸς,
576 1346 605 1399 6
630 1347 743 1408 τοῖς
766 1345 1135 1417 προσκυνοῦσι
1165 1349 1631 1419 συντεταγμένος;

437 1438 499 1489 Δ.
544 1438 652 1490 Καὶ
679 1432 865 1507 μὴν,ὧ
882 1437 1123 1510 φιλότης,
1154 1440 1216 1492 τὸ
1246 1440 1341 1506 Τίς
1364 1441 1428 1510 δὴ
1450 1440 1610 1494 τοῦτο
1632 1442 1952 1505 πλειστάκις

368 1529 668 1597 ἀναφωνεῖς
704 1529 764 1582 τὸ
794 1528 1069 1595 λεξείδιον,
1098 1531 1198 1585 ούκ
1227 1527 1324 1586 οἶδ’
1353 1534 1501 1597 ὅπως
1531 1537 1643 1599 τοῖς
1674 1536 1952 1600 ἁσυνέτοις

368 1621 752 1694 ἐξευρημένον.
799 1622 1145 1694 Μεμέρισται
1179 1624 1288 1697 γὰρ
1322 1626 1573 1697 οὐδαμῶς
1620 1629 1647 1682 6
1692 1629 1948 1699 Χριστός.

382 1711 440 1764 '0
464 1711 520 1765 δὲ
539 1710 619 1782 τῷ
642 1711 851 1783 γυναίῳ
881 1713 1220 1785 προσλαλῶν,
1245 1717 1274 1769 6
1306 1710 1387 1780 εἷς
1421 1734 1481 1770 τε
1512 1718 1606 1771 καὶ
1638 1718 1800 1789 μόνος
1835 1718 1951 1772 Κύ-

371 1821 485 1874 ριος
532 1798 601 1874 ἢν
636 1803 841 1875 Ἰησοῦς
873 1807 901 1859 6
930 1807 1184 1877 Χριστὸς,
1217 1806 1281 1861 ἔκ
1317 1825 1375 1861 τε
1412 1809 1508 1879 τῆς
1540 1811 1953 1879 προσκυνούσης

369 1891 791 1963 ἀνθρωπότητος
843 1896 935 1947 καὶ
971 1897 1034 1949 ὲκ
1061 1897 1161 1967 τῆς
1191 1898 1671 1971 προσκυνουμένης
1703 1900 1953 1971 θεότητος

370 1982 729 2052 συγκείμενος
756 1986 1103 2057 άπορῤήτως,
1133 1988 1385 2059 καθάπερ
1406 1990 1599 2059 ἀμέλει
1624 1992 1756 2061 φαίη
1784 2008 1865 2054 τις
1887 1991 1953 2045 ἂν

368 2074 463 2126 καὶ
492 2074 692 2144 ἑτέρως
728 2077 853 2147 περὶ
882 2071 1151 2150 αύτοῦ.ᾞ
1180 2080 1277 2150 μὲν
1315 2079 1425 2152 γάρ
1466 2082 1582 2134 ἐστι
1613 2081 1767 2146 Θεὸς,
1798 2084 1954 2136 vooit‘

369 2165 435 2219 ἂν
482 2164 744 2235 ὑπάρχων
774 2168 933 2233 αὐτὸς
961 2172 989 2222 6
1025 2171 1125 2240 τῆς
1167 2170 1327 2242 δόξης
1364 2172 1589 2243 Κύριος·
1679 2174 1735 2227 δὲ
1763 2175 1954 2244 γέγονε

370 2256 521 2311 κατὰ
543 2256 758 2327 μέθεξιν
798 2258 897 2330 τὴν
924 2262 1075 2330 παρὰ
1100 2261 1233 2314 Θεοῦ
1262 2261 1616 2335 δοξαζόμενος
1645 2265 1953 2337 ἄνθρωπος,

371 2346 540 2398 ἐδεῖτο
587 2347 682 2400 καλ⁵
724 2348 902 2417 δόξης,
932 2349 1107 2417 λέγων
1130 2367 1142 2380 ·
1194 2370 1212 2402 ‹
1244 2350 1447 2422 Πάτερ,
1486 2353 1710 2420 δόξασόν
1740 2373 1833 2409 σου
1863 2357 1956 2409 τὸν

372 2437 518 2492 ἰ’ἱόν.
548 2457 566 2489 ι
588 2438 748 2503 Ἀλλ’,
774 2459 791 2489 ι
818 2437 909 2502 Εἷς
930 2440 1153 2509 Κύριος,
1181 2442 1278 2513 μία
1301 2444 1502 2509 πίστις,
1529 2444 1587 2497 ἒν
1611 2445 1949 2517 βάπτισμα.»

373 2527 513 2581 κατὰ
537 2528 598 2581 τὸ
623 2529 1248 2601 γεγραμμένον.Ὥσπερ
1274 2528 1365 2586 οὖν
1401 2535 1516 2586 ἐστι
1544 2535 1639 2605 μία
1678 2534 1883 2601 πίστις,
1922 2540 1955 2607 ἡ

372 2622 449 2683 είς
478 2622 734 2692 Χριστὸν,
775 2624 868 2676 καὶ
898 2622 955 2674 έν
986 2624 1203 2693 άληθῶς
1226 2625 1285 2677 τὸ
1312 2625 1617 2697 βάπτισμα,
1651 2629 1829 2681 καίτοι
1865 2628 1956 2697 βα-

373 2712 712 2783 πτιζομένων
736 2715 831 2767 κοιλ⁹
862 2714 1304 2770 πεπιστευκότων
1329 2716 1485 2789 ἡμῶν
1508 2720 1586 2780 είς
1615 2718 1835 2789 Πατέρα
1862 2720 1956 2773 καὶ

375 2805 503 2858 Υἱὸν
528 2805 622 2858 καὶ
646 2805 800 2874 ἅγιον
823 2807 1047 2877 Πνεῦμα
1064 2826 1080 2843 ι
1107 2810 1249 2862 κατὰ
1270 2810 1361 2863 τὸν
1382 2808 1957 2884 αύτὸν,οἷμαι,τρόπον

373 2913 431 2949 τε
451 2897 544 2949 καὶ
569 2896 724 2964 λόγον
745 2898 842 2968 μία
859 2899 1225 2971 προσκύνησις
1244 2902 1472 2973 Πατρὸς,
1492 2904 1583 2957 καὶ
1601 2903 1759 2959 ἐνανθ
1769 2907 1958 2976 ρωπή-

377 3005 567 3052 σαντος
589 2989 740 3055 Υίοῦ,
763 3006 855 3043 και
875 2991 1033 3059 ἁγίου
1060 2992 1395 3062 Πνεύματος.
1430 2994 1830 3066 Ἐξωσθὴσεται
1850 2997 1957 3070 γὰρ

373 3080 626 3151 οὐδαμῶς
650 3082 746 3135 τοῦ
776 3083 1198 3153 προσκυνεῖσθαι
1218 3084 1347 3149 δεῖν,
1388 3086 1525 3157 πρός
1565 3104 1625 3140 τε
1664 3088 1821 3159 ἡμῶν
1862 3090 1958 3142 αύ-

373 3170 482 3226 τῶν
508 3174 601 3225 καὶ
628 3173 737 3226 τῶν
770 3174 943 3242 ἁγίων
972 3176 1219 3244 ἀγγέλων
1244 3178 1635 3250 5,Μονογενὴς,
1668 3181 1761 3233 καὶ
1790 3183 1838 3234 εί
1865 3182 1958 3250 γέ·
1985 3216 2026 3274 c

376 3279 499 3329 γονε
547 3263 704 3335 σὰρξ,
733 3265 826 3318 καὶ
867 3267 1178 3336 ἐσκήνωσεν
1215 3268 1272 3319 ὲν
1314 3268 1464 3339 ἡμῖν,
1494 3270 1867 3341 κεχρημάτικέ
1896 3289 1958 3324 τε

377 3355 719 3426 πρωτότοκος
749 3358 806 3410 ἐν
832 3358 1046 3422 πολλοῖς
1073 3358 1338 3428 ἀδελφοῖς.
1359 3361 1512 3415 Ἐπεὶ
1540 3363 1623 3423 τίς
1663 3365 1729 3417 ἂν
1750 3363 1967 3433 γένοιτο

378 3448 562 3501 λοιπὸν
587 3450 616 3501 6
644 3448 743 3518 τῆς
773 3451 859 3501 ἐπ’
884 3449 1033 3521 αύτῷ
1058 3451 1291 3514 πίστεως
1320 3452 1497 3520 λόγος,
1526 3453 1643 3518 πῶς
1672 3455 1773 3509 οὐκ
1810 3456 1960 3523 ἄξιον

382 3538 509 3592 ίδείν
527 3556 541 3604 ;
561 3539 697 3592 Οὐδὲ
722 3539 851 3611 γὰρ,
875 3537 1048 3611 οἶμαι,
1068 3545 1225 3610 φαῖεν
1247 3542 1313 3597 ἂν
1336 3543 1493 3615 οἵπερ
1517 3544 1584 3599 ἂν
1609 3546 1811 3601 ἕλοιντο
1834 3567 1964 3620 φρο-

378 3630 488 3681 τεῒν
518 3627 713 3698 ὀρθῶς,
741 3630 815 3692 ὡς
846 3632 927 3693 εἰς
968 3632 1128 3701 μόνον
1151 3632 1598 3704 πεπιστεύκαμεν
1622 3635 1712 3690 τὸν
1736 3638 1799 3690 ὲκ
1819 3638 1958 3693 Θεοῦ

382 3720 554 3788 φύντα
584 3722 775 3790 Λόγον.
800 3723 1242 3793 ἁπογυμνοῦντες
1274 3725 1436 3780 αὐτὸν
1468 3726 1569 3797 τῆς
1606 3729 1825 3801 σαρκός·
1850 3730 1960 3784 οὐδ’

381 3806 445 3863 αὖ
487 3813 662 3863 ἐκεῖνο
703 3812 1024 3883 παρήσομεν
1061 3815 1257 3867 εἰπεῖν’
1290 3815 1564 3883 λελέξεται
1604 3819 1735 3891 γάρ.

450 3903 509 3957 Β.
551 3902 623 3955 Τὸ
661 3902 714 3955 τί
750 3902 812 3974 δὴ
851 3906 1009 3975 φήςςν

450 3996 514 4048 Α.
556 3993 629 4047 Ού
671 3993 779 4065 γὰρ
817 3995 893 4059 ὡς
937 3998 1016 4059 εἰς
1048 3997 1143 4051 ἕνα
1188 3998 1294 4051 τῶν
1338 3999 1460 4052 καθ’
1490 4000 1657 4070 ἡμᾶς,
1687 3999 1809 4054 οὕτε
1853 4002 1961 4071 μὴν

380 4086 456 4150 ὼς
497 4086 577 4147 είς
617 4085 902 4156 ἄνθρωπον
938 4090 983 4165 ην·
1003 4088 1201 4154 πίστις,
1232 4091 1344 4144 ἀλλ’
1373 4094 1453 4155 είς
1495 4092 1629 4149 Θεὸν
1665 4093 1962 4163 πράττεται

382 4177 471 4230 τὸν
510 4177 668 4245 φύσει
709 4178 804 4231 καὶ
848 4179 1062 4249 άληθῶς
1092 4181 1150 4233 ὲν
1178 4181 1456 4253 προσώπῳ
1480 4184 1740 4253 Χριστοῦ’
1769 4186 1962 4257 συλλή-

380 4269 541 4339 ψεται
574 4270 631 4323 δὲ
655 4268 735 4339 τῷ
769 4270 911 4341 λόγῳ
945 4271 1039 4324 καὶ
1070 4273 1098 4324 6
1126 4274 1288 4339 σοφὸς
1313 4274 1540 4344 γράφων
1567 4276 1799 4340 Παῦλος*
1835 4298 1853 4329 ‹
1884 4280 1959 4333 Οὐ

382 4362 491 4431 γάρ
537 4362 763 4424 ἑαυτοὺς
811 4362 1229 4433 ὲκηρύσσομεν,
1293 4363 1429 4419 ἀλλὰ
1477 4368 1709 4436 Χριστὸν
1754 4370 1962 4439 Ἰησοῦν

387 4451 609 4523 Κύριον·
645 4452 873 4516 ἑαυτοὺς
910 4452 968 4511 δὲ
1004 4452 1222 4516 δούλους
1266 4454 1419 4525 ὑμῶν
1458 4456 1545 4511 διὰ
1581 4458 1839 4528 Χριστοῦ,
1880 4461 1962 4515 ὅτι

2054 620 2345 674 sentientes
2404 618 2685 689 discipuli,
2730 620 3023 675 adorarunt
3066 620 3307 675 dicentes
3348 636 3363 673 :
3414 636 3433 670 ‹
3497 616 3639 672 Vero

2054 709 2220 765 Filius
2268 709 2361 764 Dei
2414 725 2505 774 es,
2538 728 2563 761 η»
2624 724 2747 764 cum
2788 709 2935 764 illum
2997 708 3417 766 inambulantem
3482 705 3639 777 aquis

2052 809 2357 863 cernerent,
2386 799 2599 855 tametsi
2626 799 2678 854 in
2705 814 2867 854 carne
2898 810 3209 855 versaretur
3241 808 3300 853 ut
3327 814 3425 853 nos
3449 815 3464 851 :
3487 810 3640 854 sum-

2054 906 2175 945 mos
2229 892 2373 945 enim
2434 892 2644 950 ﬂuctus,
2688 890 3037 963 percurrebat
3099 888 3529 953 admirabiliter,
3579 895 3638 941 ut

2056 982 2220 1037 Deus.

2123 1073 2185 1130 Β.
2214 1074 2378 1145 Atqui
2412 1075 2657 1145 quisnam
2690 1082 2808 1130 crat
2836 1072 3113 1128 dicensad
3136 1071 3417 1127 mulierem
3449 1068 3643 1124 Sama-

2055 1167 2285 1222 ritanam
2329 1186 2344 1223 :
2399 1187 2431 1221 ι
2476 1169 2581 1223 Vos
2625 1170 2861 1224 adoratis
2898 1168 3041 1237 quod
3083 1165 3352 1222 nescitis:
3395 1177 3493 1218 nos
3540 1161 3637 1215 ad-

2054 1275 2275 1315 oramus
2302 1262 2447 1330 quod
2486 1261 2690 1316 scimus
2733 1260 2832 1314 7"?
2868 1279 2888 1313 ι
2922 1262 3189 1315 Praeterea
3236 1254 3504 1326 quomodo
3538 1254 3642 1306 erit

2055 1352 2385 1418 adorandus,
2419 1354 2509 1422 qui
2549 1362 2633 1409 est
2662 1355 2714 1407 in
2754 1368 2981 1411 numero
3007 1366 3194 1408 eorum
3224 1350 3315 1420 qui
3363 1345 3641 1402 adorant?

2122 1444 2191 1498 A.
2226 1443 2589 1515 Frequenter,
2629 1444 2886 1508 oamice,
2914 1444 3055 1498 hanc
3084 1456 3293 1503 vocem,
3326 1440 3483 1506 Quis,
3511 1437 3637 1491 mihi

2054 1535 2283 1599 occinis,
2338 1535 2824 1606 nescioquomodo
2889 1537 2959 1590 ah
3006 1534 3271 1605 imperitis
3340 1533 3637 1587 iuventam.

2055 1624 2209 1681 Nulla
2237 1627 2397 1697 702
2428 1626 2571 1680 enim
2602 1627 2808 1682 ratione
2853 1626 3055 1682 divisus
3097 1633 3181 1680 est
3217 1621 3487 1679 Christus.
3535 1618 3636 1685 Qui

2055 1718 2193 1771 vero'
2229 1716 2509 1770 mulierem
2558 1715 2878 1787 alloquitur,
2908 1730 3048 1771 unus
3081 1729 3146 1770 ac
3193 1713 3340 1767 solus
3380 1710 3639 1764 Dominus

2055 1817 2174 1862 erat
2203 1806 2362 1863 Jesus
2407 1806 2677 1875 Christus,
2726 1825 2789 1863 ex
2824 1810 3156 1863 humanitate
3188 1821 3306 1875 qua:
3338 1805 3556 1866 adorat,
3588 1811 3642 1855 et

1985 1879 2039 1955 B."
2057 1900 2342 1955 divinitate
2370 1914 2491 1969 quae
2515 1900 2769 1953 aduratur
2800 1899 3056 1953 inellahili
3091 1900 3248 1951 modo
3280 1896 3635 1965 compositus.

2056 1990 2518 2058 Quemadmodum
2541 1990 2771 2044 fortasse
2812 1990 3093 2064 quispiam.
3122 1988 3278 2042 aliter
3318 2000 3530 2056 quoque
3576 1985 3643 2038 de

2058 2083 2175 2150 ipso
2209 2081 2425 2137 dixerit.
2456 2080 2732 2153 Quatenus
2752 2080 2896 2134 enim
2925 2088 3008 2134 est
3033 2080 3500 2143 Deus,eeuseatur
3522 2091 3643 2132 esse

2060 2172 2315 2227 Dominus
2361 2172 2592 2241 gloriae:
2646 2182 2915 2241 quatenus
2956 2187 3086 2225 vero
3133 2170 3306 2225 factus
3352 2176 3435 2225 est
3481 2170 3643 2223 homo

2057 2267 2353 2320 secundum
2382 2250 2916 2333 participationema
2948 2263 3055 2315 Deo
3084 2260 3437 2328 gloriﬁcatus,
3466 2258 3639 2330 gloria

2058 2354 2267 2424 egebat,
2303 2354 2527 2408 dicens:
2561 2371 2583 2405 ί
2612 2352 2793 2417 Pater,
2830 2353 3070 2421 glorilica
3105 2350 3298 2409 Eilium
3336 2360 3486 2404 tuum
3511 2348 3578 2403 τι.
3618 2365 3637 2399 ι

2058 2446 2347 2513 Czeterum,
2385 2464 2402 2497 ι
2444 2444 2593 2500 Unus
2621 2454 2705 2500 est
2735 2445 3015 2506 Dominus.
3041 2459 3143 2498 una
3166 2444 3320 2509 ﬁdes,
3354 2457 3517 2496 unum
3549 2441 3644 2493 ha-

2060 2538 2280 2608 ptisma,
2306 2557 2324 2589 ι
2348 2538 2488 2593 sicut
2508 2539 2768 2608 scriptum
2785 2547 2868 2592 est
2895 2538 2962 2593 ⁷⁸.
2985 2536 3446 2604 Quemadmodum
3483 2534 3643 2605 igitur

2060 2644 2165 2683 una
2224 2638 2308 2685 est
2366 2629 2497 2685 lides
2548 2629 2602 2683 in
2660 2628 2970 2694 Christum,
3008 2638 3168 2698 atque
3226 2643 3389 2681 unum
3423 2613 3640 2681 revera

2060 2722 2358 2793 baptisma,
2398 2721 2610 2776 tametsi
2647 2720 2902 2789 haptizati
2940 2721 3108 2776 simus
3152 2728 3208 2775 et
3254 2720 3548 2776 credamus
3587 2717 3641 2770 in

2062 2813 2297 2880 Patrem,
2332 2812 2551 2877 Filium,
2576 2822 2629 2867 et
2657 2811 2918 2881 Spiritum
2945 2821 3192 2867 sanctum
3221 2829 3235 2866 :
3269 2810 3458 2867 endam
3486 2810 3643 2877 plane

2061 2906 2270 2961 ratione
2307 2920 2372 2960 ac
2434 2906 2592 2958 modo
2657 2918 2761 2958 una
2800 2914 2884 2959 cst
2944 2903 3187 2959 adoratio
3233 2901 3408 2957 Patris
3438 2909 3492 2955 et
3520 2900 3645 2959 Eilii

2063 2995 2351 3060 incarnati,
2394 3004 2448 3049 et
2477 2992 2713 3065 Spiritus
2742 2994 2939 3049 sancti.
2973 2992 3156 3062 Neque
3181 2993 3325 3048 enim
3355 2990 3463 3044 ullo
3484 2999 3642 3060 pacto

2062 3102 2091 3141 a
2145 3084 2298 3140 nobis
2333 3087 2537 3155 pariter
2585 3095 2641 3141 et
2693 3085 2895 3140 sanctis
2950 3087 3155 3154 angelis
3211 3085 3279 3138 ab
3330 3082 3644 3138 adoratioue

2062 3176 2423 3233 excludendus
2451 3187 2536 3235 est
2561 3178 2914 3248 Unigenitus,
2946 3180 3157 3234 tametsi
3189 3179 3364 3232 factus
3387 3176 3458 3232 sit
3486 3189 3639 3239 caro,

2060 3279 2115 3324 et
2143 3268 2401 3325 habitarit
2436 3271 2486 3324 in
2512 3271 3040 3340 nobishvocatusque
3068 3271 3138 3324 sit
3169 3268 3559 3339 primogenitus
3584 3265 3639 3319 in

2060 3361 2249 3420 multis
2270 3360 2523 3416 fratribus
2542 3362 2609 3415 ⁸ο.
2632 3362 2712 3418 Ad
2730 3363 2845 3421 haec
2874 3377 3120 3432 quasnam
3150 3361 3219 3417 sit
3251 3360 3373 3419 l‘nlei
3394 3360 3444 3413 in
3469 3358 3641 3426 ipsum

2060 3453 2231 3516 ratio,
2261 3456 2532 3521 quomodo
2573 3469 2678 3508 non
2719 3454 2789 3508 sit
2818 3468 2996 3523 operm
3037 3453 3267 3521 pretium
3316 3448 3643 3519 inquirere?

2058 3542 2174 3597 Non
2229 3545 2371 3599 enim
2429 3545 2786 3611 dixerint,ut
2828 3545 3048 3613 opinor,
3102 3545 3193 3613 qui
3247 3556 3391 3598 recte
3443 3541 3644 3596 sentire

2062 3633 2263 3698 velint,
2301 3648 2399 3688 nos
2433 3633 2485 3688 in
2518 3634 2690 3689 solum
2729 3630 2960 3687 Verbum
2990 3635 3131 3702 quod
3163 3648 3227 3687 ex
3258 3631 3366 3687 Deo
3403 3628 3645 3700 procedit

2060 3724 2391 3791 credidisse,
2422 3724 2686 3780 nudantes
2726 3725 2899 3794 ipsum
2941 3739 3125 3779 carne.
3158 3723 3265 3778 Sed
3295 3737 3469 3792 neque
3514 3721 3642 3775 illud
3746 3760 3755 3766 ς

2062 3832 2276 3871 rursum
2307 3817 2485 3870 dicere
2510 3818 2843 3872 omittemus.
2873 3816 3092 3871 Dicetur
3115 3817 3259 3872 enim
3289 3815 3495 3869 statim.

2134 3908 2194 3963 Β.
2224 3908 2490 3977 Quidnam
2520 3910 2689 3963 dicis?

2133 3995 2197 4049 Α.
2226 3995 2413 4064 Neque
2438 3995 2583 4051 enim
2617 4005 2870 4066 tanquam
2908 3996 2959 4050 in
2985 4012 3147 4051 unum
3177 4011 3244 4051 ex
3275 3995 3449 4062 nobis,
3470 4009 3644 4066 neque

2064 4096 2124 4141 ut
2160 4088 2214 4141 in
2247 4088 2447 4141 nudum
2495 4086 2767 4142 hominem
2800 4088 3107 4150 credimus,
3140 4089 3232 4142 sed
3268 4088 3321 4141 in
3362 4086 3525 4143 Deum
3550 4086 3660 4157 qui.

2066 4178 2383 4234 naturaliter
2442 4193 2506 4234 ac
2560 4193 2688 4234 vere
2741 4188 2826 4234 est
2871 4180 2921 4233 in
2972 4193 3198 4250 persona
3261 4179 3461 4235 Christi
3510 4178 3650 4233 ﬁdes.

2066 4280 2253 4326 nostra
2303 4270 2496 4338 vergit.
2560 4269 2658 4328 Cui
2712 4271 2927 4340 quidem
2983 4270 3267 4326 sententiae
3322 4269 3643 4339 astipulatur

2065 4361 2279 4431 sapiens
2306 4361 2391 4416 ille
2417 4360 2616 4416 Paulus
2642 4362 2711 4415 ita
2736 4362 2983 4416 scribens
3014 4380 3067 4417 τι
3086 4361 3201 4417 Non
3232 4364 3376 4418 enim
3403 4372 3642 4418 uosmet~

2066 4452 2211 4522 ipsos
2237 4450 2661 4519 praailicahamus
2682 4490 2696 4514 ,
2727 4449 2819 4504 sed
2843 4448 3025 4504 .lesum
3055 4449 3327 4504 Christum
3356 4447 3643 4503 Dominum

382 4542 513 4606 Θεὸς
536 4545 564 4596 6
588 4541 755 4595 εἰπὼν
791 4544 857 4596 ὲκ
896 4542 1116 4607 σκότους
1144 4543 1253 4613 φῶς
1285 4544 1517 4616 λάμψαι,
1539 4548 1598 4612 ὃς
1633 4549 1873 4620 ἔλαμψεν
1905 4553 1959 4606 ὲν

2068 4545 2357 4601 nostrum;
2405 4550 2504 4595 nos
2561 4545 2738 4590 autem
2789 4553 2975 4592 servos
3025 4548 3229 4593 vestros
3286 4551 3382 4608 per
3434 4535 3636 4592 Jesum.

383 4638 503 4698 ταῖς
536 4633 786 4705 καρδίαις
825 4634 985 4705 ἡμῶν
1015 4637 1150 4705 πρὸς
1170 4637 1448 4707 φωτισμὸν
1472 4640 1569 4710 τῆς
1589 4640 1843 4708 γνώσεως
1866 4643 1966 4713 τῆς

382 4726 541 4797 δόξης
582 4724 747 4779 αὐτοῦ
790 4727 848 4778 ὲν
898 4724 1175 4797 προσώπῳ
1210 4728 1467 4798 Χριστοῦ.
1498 4748 1515 4779 ι
1538 4730 1669 4783 Ἰδοὺ
1691 4729 1755 4800 δὴ
1783 4731 1968 4799 σαφῶς

385 4834 442 4871 τε
482 4818 576 4872 καὶ
616 4816 862 4888 ἐναργῶς
908 4818 936 4869 6
959 4820 1238 4888 φωτισμὸς
1277 4820 1375 4889 τῆς
1416 4819 1667 4888 γνώσεως
1702 4821 1794 4875 τοῦ
1830 4821 1964 4875 Θεοῦ

385 4912 478 4965 καὶ
514 4911 727 4982 Πατρὸς
761 4913 819 4964 ἐν
854 4909 1132 4980 προσώπῳ
1164 4912 1426 4982 διέλαμψε
1446 4913 1540 4966 τοῦ
1562 4915 1819 4985 Χριστοῦ.
1845 4916 1967 4970 Τοι-

385 5005 575 5072 γάρτοι
610 5004 706 5057 καὶ
749 5002 986 5071 ἔφασκεν
1013 5018 1027 5032 ·
1058 5020 1077 5053 t
1098 5002 1157 5055 Ὀ
1203 5003 1463 5074 ἑωρακὼς
1486 5004 1608 5074 ἐμὲ.
1634 5003 1845 5077 ἑώρακε
1868 5006 1960 5059 τὸν

387 5095 621 5165 Πατέρα’
648 5093 758 5161 ἐγὼ
782 5095 878 5148 καὶ
898 5095 925 5146 6
946 5092 1133 5164 Πατὴρ
1161 5093 1219 5145 ἓν
1240 5096 1429 5164 ἐσμεν.
1465 5113 1484 5145 ι
1531 5095 1832 5166 Χαρακτὴρ
1854 5096 1909 5151 δὲ
1932 5097 1960 5149 6

388 5187 528 5249 θεῖος
563 5188 621 5239 ού
665 5186 992 5257 σωματικὸς,
1017 5185 1133 5238 ἀλλ’
1158 5186 1215 5238 ὲν
1238 5185 1465 5254 δυνάμει
1485 5187 1578 5239 καὶ
1597 5184 1725 5260 δόξῃ
1745 5190 1813 5260 τῇ
1839 5187 1959 5241 θεο-

388 5280 760 5352 πρεπεστάτῃ,
780 5280 936 5334 τοῦτο
967 5280 1024 5333 δὲ
1054 5275 1123 5351 ἦν
1156 5278 1454 5349 ἀκραιφνὲς
1479 5281 1536 5332 ὲν
1556 5279 1793 5351 Χριστῷο
1820 5296 1963 5348 γνω-

390 5369 633 5440 ρίζεσθαί
669 5387 727 5422 τε
771 5371 861 5424 καὶ
901 5369 989 5423 διὰ
1026 5370 1229 5424 τούτων
1269 5369 1444 5440 ἠξίου,
1470 5369 1563 5422 καὶ
1593 5369 1683 5423 διὰ
1717 5370 1816 5440 τῆς
1852 5369 1960 5423 τῶν

386 5462 680 5534 δρωμένων
719 5461 1025 5533 ὑπεροχῆς,
1072 5463 1154 5525 είς
1205 5462 1415 5526 ἐννοίας
1455 5461 1830 5535 ἁναθρώσκειν
1866 5461 1965 5525 τὰς

388 5557 475 5609 ἐπ’
504 5552 652 5625 αὐτῷ
674 5553 799 5616 τοὺς
820 5552 1201 5624 ἀκροωμένους
1221 5553 1399 5624 ἤθελε,
1415 5552 1964 5624 κατασμικρυνούσης

2065 4628 2330 4697 Quoniam
2381 4627 2521 4682 Deus
2556 4628 2646 4697 qui
2695 4629 2831 4682 dixit
2860 4630 2927 4684 de
2975 4629 3218 4686 tenebris
3251 4629 3424 4684 lucem
3457 4629 3656 4697 splen-.

2069 4721 2309 4783 descere,
2330 4719 2443 4789 ipse
2475 4719 2649 4773 illuxit
2682 4719 2735 4774 in
2755 4721 3006 4776 cordibus
3033 4723 3235 4777 nostris
3271 4722 3336 4775 ad
3371 4719 3643 4775 illumina-

2064 4813 2264 4867 tioncm
2314 4813 2552 4867 scientiae
2587 4812 2849 4869 claritatis
2880 4814 3003 4882 Dei,
3038 4814 3091 4869 in
3122 4814 3261 4869 facie
3314 4813 3445 4869 Jesu
3485 4813 3643 4871 Chri-

2064 4904 2131 4959 sti
2157 4902 2224 4957 ⁸¹.
2264 4920 2284 4956 ι
2339 4901 2477 4957 Ecce
2498 4919 2659 4974 quam
2705 4914 2889 4974 aperte
2912 4922 2976 4960 ac
3010 4904 3291 4962 manifeste
3324 4905 3645 4960 illuminatio

2066 4996 2312 5052 scientiae
2348 4995 2441 5051 Dei
2473 5012 2537 5051 ac
2587 4996 2763 5053 Patris
2817 5000 2870 5053 in
2921 5014 3150 5067 persona
3196 4998 3395 5057 Christi
3447 4998 3641 5056 illuxit.

2068 5089 2272 5146 ldcirco
2296 5092 2457 5146 etiam
2486 5091 2620 5145 dixit
2651 5106 2665 5145 :
2698 5109 2716 5142 ι
2753 5091 2851 5157 Qui
2883 5092 3016 5147 vidit
3036 5106 3142 5160 me,
3171 5092 3302 5148 vidit
3327 5099 3379 5146 et
3406 5090 3639 5147 Patrem.

2070 5177 2182 5251 Ego
2199 5188 2253 5235 et
2275 5178 2434 5233 Pater
2463 5195 2625 5235 unum
2646 5195 2885 5236 sumus.t
2915 5182 3207 5237 Character
3228 5192 3406 5237 autem
3430 5182 3641 5239 divinus

2069 5289 2176 5329 non
2205 5282 2289 5327 est
2315 5287 2628 5343 corporeus,
2655 5272 2748 5328 sed
2786 5272 2838 5327 in
2873 5273 3071 5328 virtute
3097 5289 3160 5329 ac
3190 5274 3360 5343 gloria
3388 5290 3509 5345 quae
3532 5274 3641 5329 Deo

2069 5365 2301 5420 maxime
2330 5364 2649 5430 conveniat,
2685 5366 2785 5419 hoc
2810 5375 2893 5420 est
2922 5365 2973 5418 in
3013 5364 3272 5430 Christo;
3306 5375 3361 5421 et
3397 5381 3493 5438 per
3528 5366 3641 5421 haec

2068 5457 2405 5513 innotescere
2456 5459 2653 5522 voluit,
2706 5468 2761 5514 et
2814 5475 2911 5528 per
2967 5459 3231 5515 factorum
3263 5461 3637 5523 excellentiam

2067 5550 2343 5605 auditores
2382 5550 2447 5604 ad
2479 5550 2559 5605 sui
2589 5551 2834 5605 notitiam
2874 5553 3198 5619 evehi,_cum
3232 5554 3427 5625 alioqui
3457 5553 3639 5610 carnis

388 5647 549 5701 αὑτὸν
571 5646 757 5717 ἠρέμα
785 5646 883 5716 τῆς
907 5644 1193 5716 ὁρωμένης
1219 5644 1441 5717 σαρκός.
1474 5662 1491 5696 ι
1522 5645 1585 5698 Ei
1606 5644 1715 5716 γὰρ
1737 5643 1797 5697 οὐ
1823 5642 1959 5697 ποιῶ

2063 5653 2315 5714 aspectus
2370 5643 2543 5711 ipsum
2602 5642 2843 5698 nonnihil
2889 5645 3223 5702 obscuraret.
3282 5665 3300 5700 ι
3360 5646 3418 5704 Si
3468 5648 3636 5713 enim,

467 5826 512 5859 ⁷⁷
536 5822 691 5881 Joan.
733 5841 805 5892 tv,
841 5824 932 5881 22.

1030 5825 1074 5858 ⁷⁸
1099 5822 1431 5888 ἰοειιη.,ινηι
1451 5824 1500 5878 l.
1579 5825 1622 5857 "
1647 5824 1845 5895 Ephes.
1882 5838 1957 5891 tv,

2127 5821 2171 5855 '°
2197 5820 2355 5878 Rom.
2394 5838 2509 5889 νιιι,
2540 5821 2629 5878 29.
2708 5822 2749 5855 ⁸¹
2774 5821 2977 5881 llCor.
3012 5838 3084 5890 ιν,
3116 5823 3175 5889 5,
3207 5824 3280 5885 6..
