  <div class='ocr_page' id='page_1' title='image "/cluster/home/n/w/nwhite01/storage/ocr_20150623/75/hvd.32044019207935/655.png"; bbox 0 0 4122 6524; ppageno 0'>
   <div class='ocr_carea' id='block_1_1' title="bbox 586 401 726 458">
    <p class='ocr_par' dir='ltr' id='par_1_1' title="bbox 586 401 726 458">
     <span class='ocr_line' id='line_1_1' title="bbox 586 401 726 458; baseline 0.007 -1"><span class='ocrx_word' id='word_1_1' title='bbox 586 401 726 458; x_wconf 65' lang='grc'><strong>1235</strong></span> 
     </span>
    </p>
   </div>
   <div class='ocr_carea' id='block_1_2' title="bbox 1584 401 2821 463">
    <p class='ocr_par' dir='ltr' id='par_1_2' title="bbox 1584 401 2821 463">
     <span class='ocr_line' id='line_1_2' title="bbox 1584 401 2821 463; baseline 0.003 -6"><span class='ocrx_word' id='word_1_2' title='bbox 1584 401 1639 457; x_wconf 86' lang='lat' dir='ltr'><strong>S.</strong></span> <span class='ocrx_word' id='word_1_3' title='bbox 1681 403 1959 459; x_wconf 78' lang='lat' dir='ltr'><strong>CYRILLI</strong></span> <span class='ocrx_word' id='word_1_4' title='bbox 1996 402 2465 461; x_wconf 75' lang='lat' dir='ltr'><strong>ALEXANDRINI</strong></span> <span class='ocrx_word' id='word_1_5' title='bbox 2505 407 2821 463; x_wconf 78' lang='lat' dir='ltr'><strong>ARCHIEP.</strong></span> 
     </span>
    </p>
   </div>
   <div class='ocr_carea' id='block_1_3' title="bbox 3723 410 3874 465">
    <p class='ocr_par' dir='ltr' id='par_1_3' title="bbox 3723 410 3874 465">
     <span class='ocr_line' id='line_1_3' title="bbox 3723 410 3874 465; baseline -0.013 0"><span class='ocrx_word' id='word_1_6' title='bbox 3723 410 3874 465; x_wconf 70' lang='grc'><strong>1256</strong></span> 
     </span>
    </p>
   </div>
   <div class='ocr_carea' id='block_1_4' title="bbox 580 524 2151 603">
    <p class='ocr_par' dir='ltr' id='par_1_4' title="bbox 580 524 2151 599">
     <span class='ocr_line' id='line_1_4' title="bbox 580 524 2151 599; baseline -0.001 -18"><span class='ocrx_word' id='word_1_7' title='bbox 580 524 791 596; x_wconf 84' lang='lat' dir='ltr'><strong>inquit,</strong></span> <span class='ocrx_word' id='word_1_8' title='bbox 840 540 943 580; x_wconf 92' lang='lat' dir='ltr'><strong>non</strong></span> <span class='ocrx_word' id='word_1_9' title='bbox 1001 524 1139 580; x_wconf 81' lang='lat' dir='ltr'><strong>facio</strong></span> <span class='ocrx_word' id='word_1_10' title='bbox 1170 538 1333 594; x_wconf 85' lang='lat' dir='ltr'><strong>opera</strong></span> <span class='ocrx_word' id='word_1_11' title='bbox 1390 524 1566 580; x_wconf 97' lang='lat' dir='ltr'><strong>Patris</strong></span> <span class='ocrx_word' id='word_1_12' title='bbox 1592 528 1731 593; x_wconf 87' lang='lat' dir='ltr'><strong>mei,</strong></span> <span class='ocrx_word' id='word_1_13' title='bbox 1784 528 1945 599; x_wconf 82' lang='lat'><strong>703</strong></span> <span class='ocrx_word' id='word_1_14' title='bbox 2002 528 2151 582; x_wconf 66' lang='lat' dir='ltr'><strong>nolite</strong></span> 
     </span>
    </p>
   </div>
   <div class='ocr_carea' id='block_1_5' title="bbox 2257 524 3875 603">
    <p class='ocr_par' dir='ltr' id='par_1_5' title="bbox 2265 528 3875 603">
     <span class='ocr_line' id='line_1_5' title="bbox 2265 528 3875 603; baseline -0.001 -22"><span class='ocrx_word' id='word_1_15' title='bbox 2265 530 2333 585; x_wconf 76' lang='grc' dir='ltr'><strong>τὰ</strong></span> <span class='ocrx_word' id='word_1_16' title='bbox 2357 530 2492 603; x_wconf 69' lang='grc' dir='ltr'>ἔργα</span> <span class='ocrx_word' id='word_1_17' title='bbox 2522 531 2615 585; x_wconf 88' lang='grc' dir='ltr'><strong>τοῦ</strong></span> <span class='ocrx_word' id='word_1_18' title='bbox 2656 533 2865 602; x_wconf 86' lang='grc' dir='ltr'>Πατρός</span> <span class='ocrx_word' id='word_1_19' title='bbox 2892 550 3016 603; x_wconf 81' lang='grc' dir='ltr'>μου,</span> <span class='ocrx_word' id='word_1_20' title='bbox 3044 531 3200 603; x_wconf 70' lang='grc' dir='ltr'>φησὶ,</span> <span class='ocrx_word' id='word_1_21' title='bbox 3227 530 3304 601; x_wconf 77' lang='grc' dir='ltr'>μὴ</span> <span class='ocrx_word' id='word_1_22' title='bbox 3330 528 3616 583; x_wconf 70' lang='grc' dir='ltr'>πιστεύετέ</span> <span class='ocrx_word' id='word_1_23' title='bbox 3657 545 3768 599; x_wconf 85' lang='grc' dir='ltr'>μοι.</span> <span class='ocrx_word' id='word_1_24' title='bbox 3802 531 3875 581; x_wconf 82' lang='grc' dir='ltr'>Εἰ</span> 
     </span>
    </p>
   </div>
   <div class='ocr_carea' id='block_1_6' title="bbox 577 617 2161 682">
    <p class='ocr_par' dir='ltr' id='par_1_6' title="bbox 577 617 2161 682">
     <span class='ocr_line' id='line_1_6' title="bbox 577 617 2161 682; baseline -0.001 -8"><span class='ocrx_word' id='word_1_25' title='bbox 577 619 803 674; x_wconf 76' lang='lat' dir='ltr'><strong>credere</strong></span> <span class='ocrx_word' id='word_1_26' title='bbox 831 618 981 672; x_wconf 89' lang='lat' dir='ltr'><strong>mihi.</strong></span> <span class='ocrx_word' id='word_1_27' title='bbox 1010 617 1066 672; x_wconf 90' lang='lat' dir='ltr'><strong>Si</strong></span> <span class='ocrx_word' id='word_1_28' title='bbox 1095 626 1274 673; x_wconf 91' lang='lat' dir='ltr'><strong>autem</strong></span> <span class='ocrx_word' id='word_1_29' title='bbox 1307 617 1477 682; x_wconf 77' lang='lat' dir='ltr'><strong>facio,</strong></span> <span class='ocrx_word' id='word_1_30' title='bbox 1516 628 1569 672; x_wconf 88' lang='lat' dir='ltr'><strong>et</strong></span> <span class='ocrx_word' id='word_1_31' title='bbox 1599 619 1643 673; x_wconf 88' lang='lat' dir='ltr'><strong>si</strong></span> <span class='ocrx_word' id='word_1_32' title='bbox 1679 621 1805 672; x_wconf 88' lang='lat' dir='ltr'><strong>mihi</strong></span> <span class='ocrx_word' id='word_1_33' title='bbox 1847 636 1950 673; x_wconf 91' lang='lat' dir='ltr'><strong>non</strong></span> <span class='ocrx_word' id='word_1_34' title='bbox 2000 618 2161 673; x_wconf 83' lang='lat' dir='ltr'><strong>vultis</strong></span> 
     </span>
    </p>
   </div>
   <div class='ocr_carea' id='block_1_7' title="bbox 578 707 2162 777">
    <p class='ocr_par' dir='ltr' id='par_1_7' title="bbox 578 707 2162 777">
     <span class='ocr_line' id='line_1_7' title="bbox 578 707 2162 777; baseline 0 -14"><span class='ocrx_word' id='word_1_35' title='bbox 578 707 833 773; x_wconf 91' lang='lat' dir='ltr'><strong>credere,</strong></span> <span class='ocrx_word' id='word_1_36' title='bbox 878 708 1131 777; x_wconf 86' lang='lat' dir='ltr'><strong>operibus</strong></span> <span class='ocrx_word' id='word_1_37' title='bbox 1168 707 1302 763; x_wconf 86' lang='lat' dir='ltr'><strong>meis</strong></span> <span class='ocrx_word' id='word_1_38' title='bbox 1348 708 1553 762; x_wconf 87' lang='lat' dir='ltr'><strong>credite</strong></span> <span class='ocrx_word' id='word_1_39' title='bbox 1584 708 1648 761; x_wconf 78' lang='lat'><strong>”.</strong></span> <span class='ocrx_word' id='word_1_40' title='bbox 1685 728 1702 760; x_wconf 78' lang='grc' dir='ltr'><strong>ι</strong></span> <span class='ocrx_word' id='word_1_41' title='bbox 1736 708 1906 763; x_wconf 89' lang='lat' dir='ltr'><strong>Porro</strong></span> <span class='ocrx_word' id='word_1_42' title='bbox 1934 724 2162 764; x_wconf 49' lang='lat' dir='ltr'><strong>censue.</strong></span> 
     </span>
    </p>
   </div>
   <div class='ocr_carea' id='block_1_8' title="bbox 578 800 2161 870">
    <p class='ocr_par' dir='ltr' id='par_1_8' title="bbox 578 800 2161 870">
     <span class='ocr_line' id='line_1_8' title="bbox 578 800 2161 870; baseline -0.001 -15"><span class='ocrx_word' id='word_1_43' title='bbox 578 800 679 855; x_wconf 88' lang='lat' dir='ltr'><strong>rim</strong></span> <span class='ocrx_word' id='word_1_44' title='bbox 717 800 990 855; x_wconf 78' lang='lat' dir='ltr'><strong>Christum</strong></span> <span class='ocrx_word' id='word_1_45' title='bbox 1038 810 1147 854; x_wconf 92' lang='lat' dir='ltr'><strong>tum</strong></span> <span class='ocrx_word' id='word_1_46' title='bbox 1196 800 1451 869; x_wconf 88' lang='lat' dir='ltr'><strong>temporis</strong></span> <span class='ocrx_word' id='word_1_47' title='bbox 1481 800 1581 856; x_wconf 86' lang='lat' dir='ltr'><strong>huc</strong></span> <span class='ocrx_word' id='word_1_48' title='bbox 1613 802 1851 867; x_wconf 81' lang='lat' dir='ltr'><strong>dixisse,</strong></span> <span class='ocrx_word' id='word_1_49' title='bbox 1884 803 2024 870; x_wconf 88' lang='lat' dir='ltr'><strong>quod</strong></span> <span class='ocrx_word' id='word_1_50' title='bbox 2057 816 2161 854; x_wconf 91' lang='lat' dir='ltr'><strong>non</strong></span> 
     </span>
    </p>
   </div>
   <div class='ocr_carea' id='block_1_9' title="bbox 579 892 2162 948">
    <p class='ocr_par' dir='ltr' id='par_1_9' title="bbox 579 892 2162 948">
     <span class='ocr_line' id='line_1_9' title="bbox 579 892 2162 948; baseline -0.002 0"><span class='ocrx_word' id='word_1_51' title='bbox 579 894 770 948; x_wconf 83' lang='lat' dir='ltr'><strong>inutile</strong></span> <span class='ocrx_word' id='word_1_52' title='bbox 810 893 862 947; x_wconf 89' lang='lat' dir='ltr'><strong>id</strong></span> <span class='ocrx_word' id='word_1_53' title='bbox 906 894 1020 947; x_wconf 83' lang='lat' dir='ltr'><strong>fore</strong></span> <span class='ocrx_word' id='word_1_54' title='bbox 1052 893 1234 947; x_wconf 87' lang='lat' dir='ltr'><strong>sciret.</strong></span> <span class='ocrx_word' id='word_1_55' title='bbox 1273 893 1408 947; x_wconf 85' lang='lat' dir='ltr'><strong>Cum</strong></span> <span class='ocrx_word' id='word_1_56' title='bbox 1452 892 1594 946; x_wconf 89' lang='lat' dir='ltr'><strong>enim</strong></span> <span class='ocrx_word' id='word_1_57' title='bbox 1634 893 2006 947; x_wconf 71' lang='lat' dir='ltr'><strong>existimarent</strong></span> <span class='ocrx_word' id='word_1_58' title='bbox 2056 908 2162 946; x_wconf 92' lang='lat' dir='ltr'><strong>nou</strong></span> 
     </span>
    </p>
   </div>
   <div class='ocr_carea' id='block_1_10' title="bbox 577 983 2163 1053">
    <p class='ocr_par' dir='ltr' id='par_1_10' title="bbox 577 983 2163 1053">
     <span class='ocr_line' id='line_1_10' title="bbox 577 983 2163 1053; baseline -0.003 -14"><span class='ocrx_word' id='word_1_59' title='bbox 577 998 703 1039; x_wconf 86' lang='lat' dir='ltr'><strong>esse</strong></span> <span class='ocrx_word' id='word_1_60' title='bbox 750 985 1071 1039; x_wconf 85' lang='lat' dir='ltr'><strong>naturaliter</strong></span> <span class='ocrx_word' id='word_1_61' title='bbox 1131 983 1334 1047; x_wconf 85' lang='lat' dir='ltr'><strong>Deum,</strong></span> <span class='ocrx_word' id='word_1_62' title='bbox 1370 984 1462 1053; x_wconf 89' lang='lat' dir='ltr'><strong>qui</strong></span> <span class='ocrx_word' id='word_1_63' title='bbox 1513 1000 1609 1053; x_wconf 91' lang='lat' dir='ltr'><strong>pro</strong></span> <span class='ocrx_word' id='word_1_64' title='bbox 1659 984 1811 1038; x_wconf 91' lang='lat' dir='ltr'><strong>nobis</strong></span> <span class='ocrx_word' id='word_1_65' title='bbox 1852 984 2163 1039; x_wconf 79' lang='lat' dir='ltr'><strong>incarnatus</strong></span> 
     </span>
    </p>
   </div>
   <div class='ocr_carea' id='block_1_11' title="bbox 579 1077 2159 1147">
    <p class='ocr_par' dir='ltr' id='par_1_11' title="bbox 579 1077 2159 1147">
     <span class='ocr_line' id='line_1_11' title="bbox 579 1077 2159 1147; baseline 0 -16"><span class='ocrx_word' id='word_1_66' title='bbox 579 1088 696 1131; x_wconf 83' lang='lat' dir='ltr'><strong>erat</strong></span> <span class='ocrx_word' id='word_1_67' title='bbox 733 1096 747 1132; x_wconf 91' lang='lat'><strong>:</strong></span> <span class='ocrx_word' id='word_1_68' title='bbox 782 1079 875 1133; x_wconf 91' lang='lat' dir='ltr'><strong>sed</strong></span> <span class='ocrx_word' id='word_1_69' title='bbox 904 1077 1221 1147; x_wconf 82' lang='lat' dir='ltr'><strong>simpliciter</strong></span> <span class='ocrx_word' id='word_1_70' title='bbox 1257 1078 1458 1131; x_wconf 90' lang='lat' dir='ltr'><strong>nudum</strong></span> <span class='ocrx_word' id='word_1_71' title='bbox 1504 1077 1772 1132; x_wconf 89' lang='lat' dir='ltr'><strong>hominem</strong></span> <span class='ocrx_word' id='word_1_72' title='bbox 1798 1117 1812 1141; x_wconf 90' lang='lat'><strong>,</strong></span> <span class='ocrx_word' id='word_1_73' title='bbox 1841 1077 1980 1131; x_wconf 91' lang='lat' dir='ltr'><strong>sicut</strong></span> <span class='ocrx_word' id='word_1_74' title='bbox 2018 1092 2159 1142; x_wconf 90' lang='lat' dir='ltr'><strong>nos;</strong></span> 
     </span>
    </p>
   </div>
   <div class='ocr_carea' id='block_1_12' title="bbox 578 1168 2158 1241">
    <p class='ocr_par' dir='ltr' id='par_1_12' title="bbox 578 1168 2158 1241">
     <span class='ocr_line' id='line_1_12' title="bbox 578 1168 2158 1241; baseline -0.003 -16"><span class='ocrx_word' id='word_1_75' title='bbox 578 1186 808 1241; x_wconf 90' lang='lat' dir='ltr'><strong>eamque</strong></span> <span class='ocrx_word' id='word_1_76' title='bbox 859 1172 930 1226; x_wconf 87' lang='lat' dir='ltr'><strong>ob</strong></span> <span class='ocrx_word' id='word_1_77' title='bbox 979 1185 1197 1227; x_wconf 83' lang='lat' dir='ltr'><strong>causam</strong></span> <span class='ocrx_word' id='word_1_78' title='bbox 1252 1169 1493 1224; x_wconf 90' lang='lat' dir='ltr'><strong>nonnulli</strong></span> <span class='ocrx_word' id='word_1_79' title='bbox 1534 1168 1690 1223; x_wconf 83' lang='lat' dir='ltr'><strong>iidem</strong></span> <span class='ocrx_word' id='word_1_80' title='bbox 1730 1169 1777 1222; x_wconf 89' lang='lat' dir='ltr'><strong>ei</strong></span> <span class='ocrx_word' id='word_1_81' title='bbox 1820 1169 2158 1239; x_wconf 84' lang='lat' dir='ltr'><strong>derogarent,</strong></span> 
     </span>
    </p>
   </div>
   <div class='ocr_carea' id='block_1_13' title="bbox 582 1259 2161 1327">
    <p class='ocr_par' dir='ltr' id='par_1_13' title="bbox 582 1259 2161 1327">
     <span class='ocr_line' id='line_1_13' title="bbox 582 1259 2161 1327; baseline 0.002 -14"><span class='ocrx_word' id='word_1_82' title='bbox 582 1263 784 1317; x_wconf 90' lang='lat' dir='ltr'><strong>utiliter</strong></span> <span class='ocrx_word' id='word_1_83' title='bbox 817 1277 882 1317; x_wconf 93' lang='lat' dir='ltr'><strong>ac</strong></span> <span class='ocrx_word' id='word_1_84' title='bbox 922 1261 1231 1318; x_wconf 85' lang='lat' dir='ltr'><strong>necessario</strong></span> <span class='ocrx_word' id='word_1_85' title='bbox 1264 1270 1462 1315; x_wconf 90' lang='lat' dir='ltr'><strong>metum</strong></span> <span class='ocrx_word' id='word_1_86' title='bbox 1504 1259 1715 1315; x_wconf 88' lang='lat' dir='ltr'><strong>illorum</strong></span> <span class='ocrx_word' id='word_1_87' title='bbox 1745 1261 2161 1327; x_wconf 86' lang='lat' dir='ltr'><strong>tarditatemque</strong></span> 
     </span>
    </p>
   </div>
   <div class='ocr_carea' id='block_1_14' title="bbox 580 1353 2161 1423">
    <p class='ocr_par' dir='ltr' id='par_1_14' title="bbox 580 1353 2161 1423">
     <span class='ocr_line' id='line_1_14' title="bbox 580 1353 2161 1423; baseline 0.003 -18"><span class='ocrx_word' id='word_1_88' title='bbox 580 1355 645 1407; x_wconf 90' lang='lat' dir='ltr'><strong>ad</strong></span> <span class='ocrx_word' id='word_1_89' title='bbox 721 1356 1049 1409; x_wconf 82' lang='lat' dir='ltr'><strong>credendum</strong></span> <span class='ocrx_word' id='word_1_90' title='bbox 1117 1368 1457 1423; x_wconf 60' lang='lat' dir='ltr'><strong>prasecaus,</strong></span> <span class='ocrx_word' id='word_1_91' title='bbox 1503 1363 1557 1406; x_wconf 91' lang='lat' dir='ltr'><strong>et</strong></span> <span class='ocrx_word' id='word_1_92' title='bbox 1599 1362 1803 1407; x_wconf 69' lang='lat' dir='ltr'><strong>natura:</strong></span> <span class='ocrx_word' id='word_1_93' title='bbox 1865 1353 2161 1409; x_wconf 79' lang='lat' dir='ltr'><strong>divinitatis</strong></span> 
     </span>
    </p>
   </div>
   <div class='ocr_carea' id='block_1_15' title="bbox 578 1443 2158 1514">
    <p class='ocr_par' dir='ltr' id='par_1_15' title="bbox 578 1443 2158 1514">
     <span class='ocr_line' id='line_1_15' title="bbox 578 1443 2158 1514; baseline 0 -15"><span class='ocrx_word' id='word_1_94' title='bbox 578 1444 737 1500; x_wconf 80' lang='lat' dir='ltr'><strong>ﬁdem</strong></span> <span class='ocrx_word' id='word_1_95' title='bbox 772 1446 1039 1510; x_wconf 83' lang='lat' dir='ltr'><strong>tribuens,</strong></span> <span class='ocrx_word' id='word_1_96' title='bbox 1084 1455 1334 1514; x_wconf 86' lang='lat' dir='ltr'><strong>tanquam</strong></span> <span class='ocrx_word' id='word_1_97' title='bbox 1368 1445 1418 1498; x_wconf 92' lang='lat' dir='ltr'><strong>in</strong></span> <span class='ocrx_word' id='word_1_98' title='bbox 1444 1459 1670 1514; x_wconf 88' lang='lat' dir='ltr'><strong>persona</strong></span> <span class='ocrx_word' id='word_1_99' title='bbox 1716 1443 1893 1498; x_wconf 78' lang='lat' dir='ltr'><strong>Patris</strong></span> <span class='ocrx_word' id='word_1_100' title='bbox 1925 1462 1941 1511; x_wconf 91' lang='lat'><strong>;</strong></span> <span class='ocrx_word' id='word_1_101' title='bbox 1972 1454 2025 1499; x_wconf 85' lang='lat' dir='ltr'><strong>et</strong></span> <span class='ocrx_word' id='word_1_102' title='bbox 2052 1460 2158 1500; x_wconf 91' lang='lat' dir='ltr'><strong>non</strong></span> 
     </span>
    </p>
   </div>
   <div class='ocr_carea' id='block_1_16' title="bbox 577 1535 2157 1603">
    <p class='ocr_par' dir='ltr' id='par_1_16' title="bbox 577 1535 2157 1603">
     <span class='ocr_line' id='line_1_16' title="bbox 577 1535 2157 1603; baseline 0.001 -14"><span class='ocrx_word' id='word_1_103' title='bbox 577 1546 779 1591; x_wconf 71' lang='lat' dir='ltr'><strong>nostra:</strong></span> <span class='ocrx_word' id='word_1_104' title='bbox 808 1536 1095 1591; x_wconf 83' lang='lat' dir='ltr'><strong>humilitati</strong></span> <span class='ocrx_word' id='word_1_105' title='bbox 1140 1536 1451 1600; x_wconf 88' lang='lat' dir='ltr'><strong>ascribens,</strong></span> <span class='ocrx_word' id='word_1_106' title='bbox 1484 1536 1617 1590; x_wconf 81' lang='lat' dir='ltr'><strong>dixit</strong></span> <span class='ocrx_word' id='word_1_107' title='bbox 1648 1552 1662 1588; x_wconf 89' lang='lat'><strong>:</strong></span> <span class='ocrx_word' id='word_1_108' title='bbox 1694 1555 1712 1587; x_wconf 74' lang='grc' dir='ltr'><strong>ι</strong></span> <span class='ocrx_word' id='word_1_109' title='bbox 1755 1535 1855 1603; x_wconf 94' lang='lat' dir='ltr'><strong>Qui</strong></span> <span class='ocrx_word' id='word_1_110' title='bbox 1896 1537 2065 1591; x_wconf 88' lang='lat' dir='ltr'><strong>credit</strong></span> <span class='ocrx_word' id='word_1_111' title='bbox 2106 1538 2157 1591; x_wconf 94' lang='lat' dir='ltr'><strong>iu</strong></span> 
     </span>
    </p>
   </div>
   <div class='ocr_carea' id='block_1_17' title="bbox 577 1625 2153 1695">
    <p class='ocr_par' dir='ltr' id='par_1_17' title="bbox 577 1625 2153 1695">
     <span class='ocr_line' id='line_1_17' title="bbox 577 1625 2153 1695; baseline 0 -16"><span class='ocrx_word' id='word_1_112' title='bbox 577 1642 685 1689; x_wconf 83' lang='lat' dir='ltr'><strong>me,</strong></span> <span class='ocrx_word' id='word_1_113' title='bbox 714 1642 816 1681; x_wconf 91' lang='lat' dir='ltr'><strong>non</strong></span> <span class='ocrx_word' id='word_1_114' title='bbox 851 1626 902 1681; x_wconf 94' lang='lat' dir='ltr'><strong>in</strong></span> <span class='ocrx_word' id='word_1_115' title='bbox 940 1641 1025 1681; x_wconf 92' lang='lat' dir='ltr'><strong>me</strong></span> <span class='ocrx_word' id='word_1_116' title='bbox 1050 1626 1244 1691; x_wconf 89' lang='lat' dir='ltr'><strong>credit,</strong></span> <span class='ocrx_word' id='word_1_117' title='bbox 1277 1625 1374 1681; x_wconf 88' lang='lat' dir='ltr'><strong>sed</strong></span> <span class='ocrx_word' id='word_1_118' title='bbox 1403 1626 1455 1681; x_wconf 92' lang='lat' dir='ltr'><strong>in</strong></span> <span class='ocrx_word' id='word_1_119' title='bbox 1481 1642 1603 1681; x_wconf 86' lang='lat' dir='ltr'><strong>eum</strong></span> <span class='ocrx_word' id='word_1_120' title='bbox 1630 1627 1717 1695; x_wconf 86' lang='lat' dir='ltr'><strong>qui</strong></span> <span class='ocrx_word' id='word_1_121' title='bbox 1754 1627 1896 1682; x_wconf 88' lang='lat' dir='ltr'><strong>misit</strong></span> <span class='ocrx_word' id='word_1_122' title='bbox 1928 1642 2011 1681; x_wconf 92' lang='lat' dir='ltr'><strong>me</strong></span> <span class='ocrx_word' id='word_1_123' title='bbox 2032 1628 2097 1682; x_wconf 72' lang='grc'><strong>³⁸³.</strong></span> <span class='ocrx_word' id='word_1_124' title='bbox 2134 1646 2153 1679; x_wconf 72' lang='grc' dir='ltr'>ι</span> 
     </span>
    </p>
   </div>
   <div class='ocr_carea' id='block_1_18' title="bbox 575 1716 2156 1788">
    <p class='ocr_par' dir='ltr' id='par_1_18' title="bbox 575 1716 2156 1788">
     <span class='ocr_line' id='line_1_18' title="bbox 575 1716 2156 1788; baseline 0.002 -17"><span class='ocrx_word' id='word_1_125' title='bbox 575 1716 766 1773; x_wconf 79' lang='lat' dir='ltr'><strong>Nonne</strong></span> <span class='ocrx_word' id='word_1_126' title='bbox 804 1717 906 1773; x_wconf 93' lang='lat' dir='ltr'><strong>hoc</strong></span> <span class='ocrx_word' id='word_1_127' title='bbox 930 1718 1155 1787; x_wconf 88' lang='lat' dir='ltr'><strong>perinde</strong></span> <span class='ocrx_word' id='word_1_128' title='bbox 1176 1726 1258 1773; x_wconf 90' lang='lat' dir='ltr'><strong>est</strong></span> <span class='ocrx_word' id='word_1_129' title='bbox 1283 1734 1347 1773; x_wconf 91' lang='lat' dir='ltr'><strong>ac</strong></span> <span class='ocrx_word' id='word_1_130' title='bbox 1374 1719 1419 1773; x_wconf 91' lang='lat' dir='ltr'><strong>si</strong></span> <span class='ocrx_word' id='word_1_131' title='bbox 1449 1718 1595 1774; x_wconf 89' lang='lat' dir='ltr'><strong>dicat</strong></span> <span class='ocrx_word' id='word_1_132' title='bbox 1623 1734 1636 1771; x_wconf 90' lang='lat'>:</span> <span class='ocrx_word' id='word_1_133' title='bbox 1668 1718 1712 1773; x_wconf 86' lang='grc' dir='ltr'><strong>Ο</strong></span> <span class='ocrx_word' id='word_1_134' title='bbox 1738 1733 1834 1773; x_wconf 89' lang='lat' dir='ltr'><strong>vos</strong></span> <span class='ocrx_word' id='word_1_135' title='bbox 1861 1718 1953 1788; x_wconf 88' lang='lat' dir='ltr'><strong>qui</strong></span> <span class='ocrx_word' id='word_1_136' title='bbox 1978 1719 2156 1774; x_wconf 84' lang='lat' dir='ltr'><strong>verbis</strong></span> 
     </span>
    </p>
   </div>
   <div class='ocr_carea' id='block_1_19' title="bbox 577 1807 2154 1876">
    <p class='ocr_par' dir='ltr' id='par_1_19' title="bbox 577 1807 2154 1876">
     <span class='ocr_line' id='line_1_19' title="bbox 577 1807 2154 1876; baseline -0.001 -14"><span class='ocrx_word' id='word_1_137' title='bbox 577 1809 710 1864; x_wconf 87' lang='lat' dir='ltr'><strong>meis</strong></span> <span class='ocrx_word' id='word_1_138' title='bbox 769 1809 928 1864; x_wconf 84' lang='lat' dir='ltr'><strong>iidem</strong></span> <span class='ocrx_word' id='word_1_139' title='bbox 982 1808 1284 1872; x_wconf 89' lang='lat' dir='ltr'><strong>adhibetis.</strong></span> <span class='ocrx_word' id='word_1_140' title='bbox 1322 1824 1427 1864; x_wconf 91' lang='lat' dir='ltr'><strong>non</strong></span> <span class='ocrx_word' id='word_1_141' title='bbox 1489 1808 1693 1864; x_wconf 86' lang='lat' dir='ltr'><strong>humile</strong></span> <span class='ocrx_word' id='word_1_142' title='bbox 1734 1816 1827 1863; x_wconf 84' lang='lat' dir='ltr'><strong>aut</strong></span> <span class='ocrx_word' id='word_1_143' title='bbox 1887 1807 2154 1876; x_wconf 74' lang='lat' dir='ltr'><strong>abiectum</strong></span> 
     </span>
    </p>
   </div>
   <div class='ocr_carea' id='block_1_20' title="bbox 575 1898 2154 1969">
    <p class='ocr_par' dir='ltr' id='par_1_20' title="bbox 575 1898 2154 1969">
     <span class='ocr_line' id='line_1_20' title="bbox 575 1898 2154 1969; baseline 0 -17"><span class='ocrx_word' id='word_1_144' title='bbox 575 1898 774 1968; x_wconf 92' lang='lat' dir='ltr'><strong>aliquid</strong></span> <span class='ocrx_word' id='word_1_145' title='bbox 810 1899 875 1954; x_wconf 92' lang='lat' dir='ltr'><strong>de</strong></span> <span class='ocrx_word' id='word_1_146' title='bbox 904 1913 989 1953; x_wconf 88' lang='lat' dir='ltr'><strong>me</strong></span> <span class='ocrx_word' id='word_1_147' title='bbox 1017 1898 1252 1969; x_wconf 88' lang='lat' dir='ltr'><strong>cogitate</strong></span> <span class='ocrx_word' id='word_1_148' title='bbox 1283 1918 1295 1953; x_wconf 92' lang='lat'><strong>:</strong></span> <span class='ocrx_word' id='word_1_149' title='bbox 1326 1898 1454 1969; x_wconf 92' lang='lat' dir='ltr'><strong>quin</strong></span> <span class='ocrx_word' id='word_1_150' title='bbox 1496 1898 1673 1969; x_wconf 86' lang='lat' dir='ltr'><strong>potius</strong></span> <span class='ocrx_word' id='word_1_151' title='bbox 1708 1899 1807 1953; x_wconf 93' lang='lat' dir='ltr'><strong>hoc</strong></span> <span class='ocrx_word' id='word_1_152' title='bbox 1834 1912 2154 1968; x_wconf 74' lang='lat' dir='ltr'><strong>persuasum</strong></span> 
     </span>
    </p>
   </div>
   <div class='ocr_carea' id='block_1_21' title="bbox 575 1987 2160 2059">
    <p class='ocr_par' dir='ltr' id='par_1_21' title="bbox 575 1987 2160 2059">
     <span class='ocr_line' id='line_1_21' title="bbox 575 1987 2160 2059; baseline -0.001 -16"><span class='ocrx_word' id='word_1_153' title='bbox 575 1988 797 2055; x_wconf 86' lang='lat' dir='ltr'><strong>habete,</strong></span> <span class='ocrx_word' id='word_1_154' title='bbox 839 1989 982 2059; x_wconf 89' lang='lat' dir='ltr'><strong>quud</strong></span> <span class='ocrx_word' id='word_1_155' title='bbox 1031 1989 1124 2058; x_wconf 87' lang='lat' dir='ltr'><strong>qui</strong></span> <span class='ocrx_word' id='word_1_156' title='bbox 1166 1989 1300 2043; x_wconf 88' lang='lat' dir='ltr'><strong>mihi</strong></span> <span class='ocrx_word' id='word_1_157' title='bbox 1344 2004 1503 2058; x_wconf 91' lang='lat' dir='ltr'><strong>quem</strong></span> <span class='ocrx_word' id='word_1_158' title='bbox 1550 1988 1602 2043; x_wconf 93' lang='lat' dir='ltr'><strong>in</strong></span> <span class='ocrx_word' id='word_1_159' title='bbox 1635 2002 1798 2043; x_wconf 90' lang='lat' dir='ltr'><strong>carne</strong></span> <span class='ocrx_word' id='word_1_160' title='bbox 1848 1987 2160 2058; x_wconf 86' lang='lat' dir='ltr'><strong>conspicitis</strong></span> 
     </span>
    </p>
   </div>
   <div class='ocr_carea' id='block_1_22' title="bbox 574 2080 2159 2150">
    <p class='ocr_par' dir='ltr' id='par_1_22' title="bbox 574 2080 2159 2150">
     <span class='ocr_line' id='line_1_22' title="bbox 574 2080 2159 2150; baseline -0.003 -13"><span class='ocrx_word' id='word_1_161' title='bbox 574 2082 936 2149; x_wconf 85' lang='lat' dir='ltr'><strong>credideritis,</strong></span> <span class='ocrx_word' id='word_1_162' title='bbox 966 2097 1071 2137; x_wconf 93' lang='lat' dir='ltr'><strong>non</strong></span> <span class='ocrx_word' id='word_1_163' title='bbox 1106 2082 1159 2137; x_wconf 92' lang='lat' dir='ltr'><strong>in</strong></span> <span class='ocrx_word' id='word_1_164' title='bbox 1191 2081 1463 2137; x_wconf 87' lang='lat' dir='ltr'><strong>hominem</strong></span> <span class='ocrx_word' id='word_1_165' title='bbox 1510 2080 1827 2150; x_wconf 89' lang='lat' dir='ltr'><strong>simpliciter</strong></span> <span class='ocrx_word' id='word_1_166' title='bbox 1872 2081 2159 2135; x_wconf 88' lang='lat' dir='ltr'><strong>credentes</strong></span> 
     </span>
    </p>
   </div>
   <div class='ocr_carea' id='block_1_23' title="bbox 573 2169 2156 2243">
    <p class='ocr_par' dir='ltr' id='par_1_23' title="bbox 573 2169 2156 2243">
     <span class='ocr_line' id='line_1_23' title="bbox 573 2169 2156 2243; baseline 0.002 -18"><span class='ocrx_word' id='word_1_167' title='bbox 573 2172 761 2240; x_wconf 87' lang='lat' dir='ltr'><strong>eritis,</strong></span> <span class='ocrx_word' id='word_1_168' title='bbox 804 2177 897 2229; x_wconf 87' lang='lat' dir='ltr'><strong>sed</strong></span> <span class='ocrx_word' id='word_1_169' title='bbox 941 2173 994 2229; x_wconf 94' lang='lat' dir='ltr'><strong>in</strong></span> <span class='ocrx_word' id='word_1_170' title='bbox 1052 2174 1225 2243; x_wconf 86' lang='lat' dir='ltr'><strong>ipsum</strong></span> <span class='ocrx_word' id='word_1_171' title='bbox 1267 2171 1520 2237; x_wconf 88' lang='lat' dir='ltr'><strong>Patrem,</strong></span> <span class='ocrx_word' id='word_1_172' title='bbox 1573 2187 1669 2242; x_wconf 89' lang='lat' dir='ltr'><strong>per</strong></span> <span class='ocrx_word' id='word_1_173' title='bbox 1704 2186 1789 2226; x_wconf 91' lang='lat' dir='ltr'><strong>me</strong></span> <span class='ocrx_word' id='word_1_174' title='bbox 1830 2169 2024 2227; x_wconf 84' lang='lat' dir='ltr'><strong>Filium</strong></span> <span class='ocrx_word' id='word_1_175' title='bbox 2066 2176 2156 2242; x_wconf 90' lang='lat' dir='ltr'><strong>qui</strong></span> 
     </span>
    </p>
   </div>
   <div class='ocr_carea' id='block_1_24' title="bbox 572 2263 2158 2335">
    <p class='ocr_par' dir='ltr' id='par_1_24' title="bbox 572 2263 2158 2335">
     <span class='ocr_line' id='line_1_24' title="bbox 572 2263 2158 2335; baseline 0.001 -17"><span class='ocrx_word' id='word_1_176' title='bbox 572 2265 937 2321; x_wconf 90' lang='lat' dir='ltr'><strong>omnimodam</strong></span> <span class='ocrx_word' id='word_1_177' title='bbox 988 2263 1350 2335; x_wconf 71' lang='lat' dir='ltr'><strong>aequalitatem</strong></span> <span class='ocrx_word' id='word_1_178' title='bbox 1408 2264 1934 2334; x_wconf 84' lang='lat' dir='ltr'><strong>sitnilitmlinemque</strong></span> <span class='ocrx_word' id='word_1_179' title='bbox 1986 2266 2158 2320; x_wconf 87' lang='lat' dir='ltr'><strong>habeo</strong></span> 
     </span>
    </p>
   </div>
   <div class='ocr_carea' id='block_1_25' title="bbox 571 2358 2159 2429">
    <p class='ocr_par' dir='ltr' id='par_1_25' title="bbox 571 2358 2159 2429">
     <span class='ocr_line' id='line_1_25' title="bbox 571 2358 2159 2429; baseline 0 -15"><span class='ocrx_word' id='word_1_180' title='bbox 571 2374 695 2414; x_wconf 90' lang='lat' dir='ltr'><strong>cum</strong></span> <span class='ocrx_word' id='word_1_181' title='bbox 729 2358 887 2413; x_wconf 87' lang='lat' dir='ltr'><strong>Patre</strong></span> <span class='ocrx_word' id='word_1_182' title='bbox 921 2377 934 2414; x_wconf 91' lang='lat'><strong>:</strong></span> <span class='ocrx_word' id='word_1_183' title='bbox 967 2368 1129 2429; x_wconf 88' lang='lat' dir='ltr'><strong>atque</strong></span> <span class='ocrx_word' id='word_1_184' title='bbox 1164 2358 1478 2415; x_wconf 84' lang='lat' dir='ltr'><strong>incarnatus</strong></span> <span class='ocrx_word' id='word_1_185' title='bbox 1524 2359 1739 2428; x_wconf 83' lang='lat' dir='ltr'><strong>quidem</strong></span> <span class='ocrx_word' id='word_1_186' title='bbox 1769 2373 1888 2411; x_wconf 91' lang='lat' dir='ltr'><strong>sum</strong></span> <span class='ocrx_word' id='word_1_187' title='bbox 1940 2370 2159 2428; x_wconf 88' lang='lat' dir='ltr'><strong>propter</strong></span> 
     </span>
    </p>
   </div>
   <div class='ocr_carea' id='block_1_26' title="bbox 572 2449 2159 2521">
    <p class='ocr_par' dir='ltr' id='par_1_26' title="bbox 572 2449 2159 2521">
     <span class='ocr_line' id='line_1_26' title="bbox 572 2449 2159 2521; baseline 0.002 -21"><span class='ocrx_word' id='word_1_188' title='bbox 572 2465 689 2515; x_wconf 88' lang='lat' dir='ltr'><strong>vos,</strong></span> <span class='ocrx_word' id='word_1_189' title='bbox 726 2451 1094 2521; x_wconf 91' lang='lat' dir='ltr'><strong>humilemque</strong></span> <span class='ocrx_word' id='word_1_190' title='bbox 1123 2450 1382 2506; x_wconf 90' lang='lat' dir='ltr'><strong>amictum</strong></span> <span class='ocrx_word' id='word_1_191' title='bbox 1424 2450 1555 2504; x_wconf 91' lang='lat' dir='ltr'><strong>mihi</strong></span> <span class='ocrx_word' id='word_1_192' title='bbox 1622 2449 1815 2514; x_wconf 87' lang='lat' dir='ltr'><strong>ascivi,</strong></span> <span class='ocrx_word' id='word_1_193' title='bbox 1846 2449 2159 2503; x_wconf 82' lang='lat' dir='ltr'><strong>humanita-</strong></span> 
     </span>
    </p>
   </div>
   <div class='ocr_carea' id='block_1_27' title="bbox 571 2542 2157 2612">
    <p class='ocr_par' dir='ltr' id='par_1_27' title="bbox 571 2542 2157 2612">
     <span class='ocr_line' id='line_1_27' title="bbox 571 2542 2157 2612; baseline 0.001 -16"><span class='ocrx_word' id='word_1_194' title='bbox 571 2550 679 2596; x_wconf 91' lang='lat' dir='ltr'><strong>tem</strong></span> <span class='ocrx_word' id='word_1_195' title='bbox 710 2544 966 2598; x_wconf 85' lang='lat' dir='ltr'><strong>nimirum</strong></span> <span class='ocrx_word' id='word_1_196' title='bbox 988 2584 1002 2609; x_wconf 94' lang='lat'><strong>,</strong></span> <span class='ocrx_word' id='word_1_197' title='bbox 1027 2542 1333 2612; x_wconf 67' lang='lat' dir='ltr'><strong>aequalitate</strong></span> <span class='ocrx_word' id='word_1_198' title='bbox 1363 2552 1539 2597; x_wconf 89' lang='lat' dir='ltr'><strong>tamen</strong></span> <span class='ocrx_word' id='word_1_199' title='bbox 1583 2552 1787 2597; x_wconf 73' lang='lat' dir='ltr'><strong>natura:</strong></span> <span class='ocrx_word' id='word_1_200' title='bbox 1808 2551 1861 2597; x_wconf 91' lang='lat' dir='ltr'><strong>et</strong></span> <span class='ocrx_word' id='word_1_201' title='bbox 1885 2542 2157 2612; x_wconf 84' lang='lat' dir='ltr'><strong>operatio-</strong></span> 
     </span>
    </p>
   </div>
   <div class='ocr_carea' id='block_1_28' title="bbox 572 2634 2157 2708">
    <p class='ocr_par' dir='ltr' id='par_1_28' title="bbox 572 2634 2157 2708">
     <span class='ocr_line' id='line_1_28' title="bbox 572 2634 2157 2708; baseline 0 -20"><span class='ocrx_word' id='word_1_202' title='bbox 572 2634 678 2701; x_wconf 90' lang='lat' dir='ltr'><strong>nis,</strong></span> <span class='ocrx_word' id='word_1_203' title='bbox 708 2644 867 2706; x_wconf 87' lang='lat' dir='ltr'><strong>atque</strong></span> <span class='ocrx_word' id='word_1_204' title='bbox 897 2636 1178 2693; x_wconf 88' lang='lat' dir='ltr'><strong>identitate</strong></span> <span class='ocrx_word' id='word_1_205' title='bbox 1203 2636 1387 2708; x_wconf 62' lang='lat' dir='ltr'><strong>gloria:</strong></span> <span class='ocrx_word' id='word_1_206' title='bbox 1417 2635 1808 2706; x_wconf 81' lang='lat' dir='ltr'><strong>perfectissime</strong></span> <span class='ocrx_word' id='word_1_207' title='bbox 1840 2634 1985 2688; x_wconf 83' lang='lat' dir='ltr'><strong>Patri</strong></span> <span class='ocrx_word' id='word_1_208' title='bbox 2007 2634 2157 2689; x_wconf 88' lang='lat' dir='ltr'><strong>simi-</strong></span> 
     </span>
    </p>
   </div>
   <div class='ocr_carea' id='block_1_29' title="bbox 570 2724 1039 2798">
    <p class='ocr_par' dir='ltr' id='par_1_29' title="bbox 570 2724 1039 2798">
     <span class='ocr_line' id='line_1_29' title="bbox 570 2724 1039 2798; baseline 0.009 -20"><span class='ocrx_word' id='word_1_209' title='bbox 570 2724 641 2782; x_wconf 87' lang='lat' dir='ltr'><strong>lis</strong></span> <span class='ocrx_word' id='word_1_210' title='bbox 669 2742 787 2781; x_wconf 91' lang='lat' dir='ltr'><strong>sum</strong></span> <span class='ocrx_word' id='word_1_211' title='bbox 819 2742 883 2782; x_wconf 91' lang='lat' dir='ltr'><strong>ac</strong></span> <span class='ocrx_word' id='word_1_212' title='bbox 919 2743 1039 2798; x_wconf 82' lang='lat' dir='ltr'><strong>par.</strong></span> 
     </span>
    </p>
   </div>
   <div class='ocr_carea' id='block_1_30' title="bbox 642 2816 1086 2874">
    <p class='ocr_par' dir='ltr' id='par_1_30' title="bbox 642 2816 1086 2874">
     <span class='ocr_line' id='line_1_30' title="bbox 642 2816 1086 2874; baseline 0.005 -2"><span class='ocrx_word' id='word_1_213' title='bbox 642 2816 706 2872; x_wconf 80' lang='grc' dir='ltr'><strong>Β.</strong></span> <span class='ocrx_word' id='word_1_214' title='bbox 744 2818 817 2873; x_wconf 84' lang='lat' dir='ltr'><strong>ita</strong></span> <span class='ocrx_word' id='word_1_215' title='bbox 851 2820 1086 2874; x_wconf 80' lang='lat' dir='ltr'><strong>videtur.</strong></span> 
     </span>
    </p>
   </div>
   <div class='ocr_carea' id='block_1_31' title="bbox 641 2905 2150 2981">
    <p class='ocr_par' dir='ltr' id='par_1_31' title="bbox 641 2905 2150 2981">
     <span class='ocr_line' id='line_1_31' title="bbox 641 2905 2150 2981; baseline 0.001 -22"><span class='ocrx_word' id='word_1_216' title='bbox 641 2905 707 2959; x_wconf 82' lang='lat' dir='ltr'><strong>A.</strong></span> <span class='ocrx_word' id='word_1_217' title='bbox 738 2907 896 2975; x_wconf 84' lang='lat' dir='ltr'><strong>Atqui</strong></span> <span class='ocrx_word' id='word_1_218' title='bbox 931 2907 1037 2961; x_wconf 85' lang='lat' dir='ltr'><strong>alio</strong></span> <span class='ocrx_word' id='word_1_219' title='bbox 1061 2907 1226 2962; x_wconf 87' lang='lat' dir='ltr'><strong>etiam</strong></span> <span class='ocrx_word' id='word_1_220' title='bbox 1252 2909 1411 2963; x_wconf 93' lang='lat' dir='ltr'><strong>modo</strong></span> <span class='ocrx_word' id='word_1_221' title='bbox 1437 2908 1741 2981; x_wconf 79' lang='lat' dir='ltr'><strong>intelligere</strong></span> <span class='ocrx_word' id='word_1_222' title='bbox 1768 2909 1944 2979; x_wconf 88' lang='lat' dir='ltr'><strong>possis</strong></span> <span class='ocrx_word' id='word_1_223' title='bbox 1975 2908 2150 2980; x_wconf 89' lang='lat' dir='ltr'><strong>ipsum</strong></span> 
     </span>
    </p>
   </div>
   <div class='ocr_carea' id='block_1_32' title="bbox 571 2997 2150 3070">
    <p class='ocr_par' dir='ltr' id='par_1_32' title="bbox 571 2997 2150 3070">
     <span class='ocr_line' id='line_1_32' title="bbox 571 2997 2150 3070; baseline 0.003 -19"><span class='ocrx_word' id='word_1_224' title='bbox 571 2997 730 3053; x_wconf 83' lang='lat' dir='ltr'><strong>ﬁdem</strong></span> <span class='ocrx_word' id='word_1_225' title='bbox 762 3014 867 3052; x_wconf 91' lang='lat' dir='ltr'><strong>non</strong></span> <span class='ocrx_word' id='word_1_226' title='bbox 900 2997 1249 3069; x_wconf 89' lang='lat' dir='ltr'><strong>repellentem</strong></span> <span class='ocrx_word' id='word_1_227' title='bbox 1274 3018 1286 3054; x_wconf 92' lang='lat'><strong>:</strong></span> <span class='ocrx_word' id='word_1_228' title='bbox 1313 3000 1407 3055; x_wconf 89' lang='lat' dir='ltr'><strong>sed</strong></span> <span class='ocrx_word' id='word_1_229' title='bbox 1432 3002 1637 3070; x_wconf 90' lang='lat' dir='ltr'><strong>absque</strong></span> <span class='ocrx_word' id='word_1_230' title='bbox 1660 3001 1841 3070; x_wconf 88' lang='lat' dir='ltr'><strong>aliqua</strong></span> <span class='ocrx_word' id='word_1_231' title='bbox 1881 3002 2150 3056; x_wconf 85' lang='lat' dir='ltr'><strong>divisione</strong></span> 
     </span>
    </p>
   </div>
   <div class='ocr_carea' id='block_1_33' title="bbox 571 3087 2148 3163">
    <p class='ocr_par' dir='ltr' id='par_1_33' title="bbox 571 3087 2148 3163">
     <span class='ocr_line' id='line_1_33' title="bbox 571 3087 2148 3163; baseline 0.003 -21"><span class='ocrx_word' id='word_1_232' title='bbox 571 3098 733 3159; x_wconf 89' lang='lat' dir='ltr'><strong>atque</strong></span> <span class='ocrx_word' id='word_1_233' title='bbox 756 3087 1060 3144; x_wconf 79' lang='lat' dir='ltr'><strong>dili&#39;erentia</strong></span> <span class='ocrx_word' id='word_1_234' title='bbox 1100 3091 1448 3160; x_wconf 89' lang='lat' dir='ltr'><strong>recipientem</strong></span> <span class='ocrx_word' id='word_1_235' title='bbox 1484 3091 1654 3159; x_wconf 88' lang='lat' dir='ltr'><strong>ipsam</strong></span> <span class='ocrx_word' id='word_1_236' title='bbox 1691 3091 1745 3145; x_wconf 94' lang='lat' dir='ltr'><strong>in</strong></span> <span class='ocrx_word' id='word_1_237' title='bbox 1776 3092 1994 3163; x_wconf 91' lang='lat' dir='ltr'><strong>propria</strong></span> <span class='ocrx_word' id='word_1_238' title='bbox 2033 3108 2148 3162; x_wconf 88' lang='lat' dir='ltr'><strong>per-</strong></span> 
     </span>
    </p>
   </div>
   <div class='ocr_carea' id='block_1_34' title="bbox 2266 621 3877 695">
    <p class='ocr_par' dir='ltr' id='par_1_34' title="bbox 2266 621 3877 695">
     <span class='ocr_line' id='line_1_34' title="bbox 2266 621 3877 695; baseline -0.001 -21"><span class='ocrx_word' id='word_1_239' title='bbox 2266 622 2322 675; x_wconf 65' lang='lat' dir='ltr'><strong>5s</strong></span> <span class='ocrx_word' id='word_1_240' title='bbox 2347 622 2505 688; x_wconf 84' lang='grc' dir='ltr'>ποιῶ,</span> <span class='ocrx_word' id='word_1_241' title='bbox 2532 623 2636 677; x_wconf 81' lang='grc' dir='ltr'><strong>κᾶν</strong></span> <span class='ocrx_word' id='word_1_242' title='bbox 2658 626 2781 694; x_wconf 73' lang='grc' dir='ltr'>ἐμοὶ</span> <span class='ocrx_word' id='word_1_243' title='bbox 2819 624 2895 695; x_wconf 79' lang='grc' dir='ltr'>μὴ</span> <span class='ocrx_word' id='word_1_244' title='bbox 2935 622 3254 693; x_wconf 82' lang='grc' dir='ltr'><strong>πιστεύητε,</strong></span> <span class='ocrx_word' id='word_1_245' title='bbox 3276 623 3391 684; x_wconf 78' lang='grc' dir='ltr'>τοῖς</span> <span class='ocrx_word' id='word_1_246' title='bbox 3414 621 3603 692; x_wconf 70' lang='grc' dir='ltr'>ἔργοις</span> <span class='ocrx_word' id='word_1_247' title='bbox 3632 638 3737 690; x_wconf 88' lang='grc' dir='ltr'><strong>μου</strong></span> <span class='ocrx_word' id='word_1_248' title='bbox 3771 638 3877 673; x_wconf 84' lang='grc' dir='ltr'><strong>πι-</strong></span> 
     </span>
    </p>
   </div>
   <div class='ocr_carea' id='block_1_35' title="bbox 2271 712 3874 787">
    <p class='ocr_par' dir='ltr' id='par_1_35' title="bbox 2271 712 3874 787">
     <span class='ocr_line' id='line_1_35' title="bbox 2271 712 3874 787; baseline -0.002 -22"><span class='ocrx_word' id='word_1_249' title='bbox 2271 714 2513 769; x_wconf 75' lang='grc' dir='ltr'>στεύετε.</span> <span class='ocrx_word' id='word_1_250' title='bbox 2535 734 2555 766; x_wconf 72' lang='grc' dir='ltr'><strong>ι</strong></span> <span class='ocrx_word' id='word_1_251' title='bbox 2578 716 2748 770; x_wconf 75' lang='grc' dir='ltr'>Φάναι</span> <span class='ocrx_word' id='word_1_252' title='bbox 2783 716 2841 769; x_wconf 78' lang='grc' dir='ltr'>δὲ</span> <span class='ocrx_word' id='word_1_253' title='bbox 2876 712 3032 787; x_wconf 79' lang='grc' dir='ltr'>οἶμαι</span> <span class='ocrx_word' id='word_1_254' title='bbox 3056 714 3215 769; x_wconf 77' lang='grc' dir='ltr'>ταυτὶ</span> <span class='ocrx_word' id='word_1_255' title='bbox 3237 713 3297 767; x_wconf 81' lang='grc' dir='ltr'>τὸ</span> <span class='ocrx_word' id='word_1_256' title='bbox 3314 712 3569 784; x_wconf 81' lang='grc' dir='ltr'><strong>τηνικάδε</strong></span> <span class='ocrx_word' id='word_1_257' title='bbox 3600 712 3874 783; x_wconf 62' lang='grc' dir='ltr'>Χριστὸν,</span> 
     </span>
    </p>
   </div>
   <div class='ocr_carea' id='block_1_36' title="bbox 2265 800 3877 876">
    <p class='ocr_par' dir='ltr' id='par_1_36' title="bbox 2265 800 3877 876">
     <span class='ocr_line' id='line_1_36' title="bbox 2265 800 3877 876; baseline -0.003 -19"><span class='ocrx_word' id='word_1_258' title='bbox 2265 805 2363 857; x_wconf 74' lang='grc' dir='ltr'><strong>οὐκ</strong></span> <span class='ocrx_word' id='word_1_259' title='bbox 2406 804 2699 870; x_wconf 82' lang='grc' dir='ltr'>ἀσυντελὲς</span> <span class='ocrx_word' id='word_1_260' title='bbox 2741 807 2822 870; x_wconf 89' lang='grc' dir='ltr'><strong>εἰς</strong></span> <span class='ocrx_word' id='word_1_261' title='bbox 2860 806 3049 876; x_wconf 74' lang='grc' dir='ltr'>ὄνησιν</span> <span class='ocrx_word' id='word_1_262' title='bbox 3089 805 3269 859; x_wconf 79' lang='grc' dir='ltr'><strong>εἰδότα</strong></span> <span class='ocrx_word' id='word_1_263' title='bbox 3302 802 3364 856; x_wconf 79' lang='grc' dir='ltr'>τδ</span> <span class='ocrx_word' id='word_1_264' title='bbox 3409 802 3621 874; x_wconf 83' lang='grc' dir='ltr'>χρῆμα.</span> <span class='ocrx_word' id='word_1_265' title='bbox 3639 800 3877 869; x_wconf 77' lang='grc' dir='ltr'>Ἐπειδὴ</span> 
     </span>
    </p>
   </div>
   <div class='ocr_carea' id='block_1_37' title="bbox 2264 892 3875 967">
    <p class='ocr_par' dir='ltr' id='par_1_37' title="bbox 2264 892 3875 967">
     <span class='ocr_line' id='line_1_37' title="bbox 2264 892 3875 967; baseline 0.001 -21"><span class='ocrx_word' id='word_1_266' title='bbox 2264 894 2374 965; x_wconf 77' lang='grc' dir='ltr'>γὰρ</span> <span class='ocrx_word' id='word_1_267' title='bbox 2402 895 2568 966; x_wconf 78' lang='grc' dir='ltr'>ᾤοντο</span> <span class='ocrx_word' id='word_1_268' title='bbox 2596 895 2727 951; x_wconf 77' lang='grc' dir='ltr'>Θεὸν</span> <span class='ocrx_word' id='word_1_269' title='bbox 2754 897 2852 967; x_wconf 86' lang='grc' dir='ltr'>μὲν</span> <span class='ocrx_word' id='word_1_270' title='bbox 2873 897 2974 950; x_wconf 87' lang='grc' dir='ltr'><strong>ούκ</strong></span> <span class='ocrx_word' id='word_1_271' title='bbox 2992 892 3133 951; x_wconf 75' lang='grc' dir='ltr'>εἶναι</span> <span class='ocrx_word' id='word_1_272' title='bbox 3158 895 3302 950; x_wconf 84' lang='grc' dir='ltr'>κατὰ</span> <span class='ocrx_word' id='word_1_273' title='bbox 3320 894 3480 964; x_wconf 69' lang='grc' dir='ltr'>φύσιν</span> <span class='ocrx_word' id='word_1_274' title='bbox 3502 894 3592 947; x_wconf 78' lang='grc' dir='ltr'><strong>τὸν</strong></span> <span class='ocrx_word' id='word_1_275' title='bbox 3617 893 3685 946; x_wconf 81' lang='grc' dir='ltr'>δι’</span> <span class='ocrx_word' id='word_1_276' title='bbox 3707 895 3875 965; x_wconf 75' lang='grc' dir='ltr'>ἡμεῖς</span> 
     </span>
    </p>
   </div>
   <div class='ocr_carea' id='block_1_38' title="bbox 2269 984 3873 1059">
    <p class='ocr_par' dir='ltr' id='par_1_38' title="bbox 2269 984 3873 1059">
     <span class='ocr_line' id='line_1_38' title="bbox 2269 984 3873 1059; baseline -0.001 -21"><span class='ocrx_word' id='word_1_277' title='bbox 2269 987 2925 1059; x_wconf 73' lang='grc' dir='ltr'>ὲνηνθρωπηκότα,ψιλὸν</span> <span class='ocrx_word' id='word_1_278' title='bbox 2948 989 3004 1042; x_wconf 86' lang='grc' dir='ltr'>δὲ</span> <span class='ocrx_word' id='word_1_279' title='bbox 3031 989 3217 1052; x_wconf 79' lang='grc' dir='ltr'>ἁπλῶς</span> <span class='ocrx_word' id='word_1_280' title='bbox 3237 986 3524 1058; x_wconf 76' lang='grc' dir='ltr'>ἄνθρωπον</span> <span class='ocrx_word' id='word_1_281' title='bbox 3546 984 3671 1039; x_wconf 80' lang='grc' dir='ltr'>καθ’</span> <span class='ocrx_word' id='word_1_282' title='bbox 3686 987 3717 1054; x_wconf 77' lang='grc' dir='ltr'>ἡ</span> <span class='ocrx_word' id='word_1_283' title='bbox 3727 986 3873 1055; x_wconf 81' lang='grc' dir='ltr'>μᾶς,</span> 
     </span>
    </p>
   </div>
   <div class='ocr_carea' id='block_1_39' title="bbox 2263 1074 3875 1149">
    <p class='ocr_par' dir='ltr' id='par_1_39' title="bbox 2263 1074 3875 1149">
     <span class='ocr_line' id='line_1_39' title="bbox 2263 1074 3875 1149; baseline -0.001 -21"><span class='ocrx_word' id='word_1_284' title='bbox 2263 1076 2643 1147; x_wconf 84' lang='grc' dir='ltr'>ἀπαράδεκτόν</span> <span class='ocrx_word' id='word_1_285' title='bbox 2693 1096 2753 1132; x_wconf 88' lang='grc' dir='ltr'>τε</span> <span class='ocrx_word' id='word_1_286' title='bbox 2804 1079 2894 1134; x_wconf 83' lang='grc' dir='ltr'><strong>διὰ</strong></span> <span class='ocrx_word' id='word_1_287' title='bbox 2936 1080 3097 1133; x_wconf 88' lang='grc' dir='ltr'>τοῦτο</span> <span class='ocrx_word' id='word_1_288' title='bbox 3157 1078 3265 1149; x_wconf 79' lang='grc' dir='ltr'>τὴν</span> <span class='ocrx_word' id='word_1_289' title='bbox 3322 1077 3409 1130; x_wconf 70' lang='grc' dir='ltr'><strong>ἐπ’</strong></span> <span class='ocrx_word' id='word_1_290' title='bbox 3463 1074 3613 1146; x_wconf 79' lang='grc' dir='ltr'>αὐτῷ</span> <span class='ocrx_word' id='word_1_291' title='bbox 3669 1076 3875 1127; x_wconf 81' lang='grc' dir='ltr'>πίστιν</span> 
     </span>
    </p>
   </div>
   <div class='ocr_carea' id='block_1_40' title="bbox 2262 1167 3873 1239">
    <p class='ocr_par' dir='ltr' id='par_1_40' title="bbox 2262 1167 3873 1239">
     <span class='ocr_line' id='line_1_40' title="bbox 2262 1167 3873 1239; baseline -0.001 -19"><span class='ocrx_word' id='word_1_292' title='bbox 2262 1167 2716 1233; x_wconf 73' lang='grc' dir='ltr'>ὲποιοῦντότινες·</span> <span class='ocrx_word' id='word_1_293' title='bbox 2730 1170 3044 1239; x_wconf 83' lang='grc' dir='ltr'><strong>ἀναγκαίως</strong></span> <span class='ocrx_word' id='word_1_294' title='bbox 3062 1170 3122 1224; x_wconf 83' lang='grc' dir='ltr'>τὸ</span> <span class='ocrx_word' id='word_1_295' title='bbox 3133 1170 3293 1238; x_wconf 74' lang='grc' dir='ltr'>δεῖμα</span> <span class='ocrx_word' id='word_1_296' title='bbox 3317 1168 3410 1221; x_wconf 70' lang='grc' dir='ltr'>καὶ</span> <span class='ocrx_word' id='word_1_297' title='bbox 3430 1168 3520 1221; x_wconf 77' lang='grc' dir='ltr'><strong>τὸν</strong></span> <span class='ocrx_word' id='word_1_298' title='bbox 3542 1170 3635 1221; x_wconf 71' lang='grc' dir='ltr'><strong>ἐπὶ</strong></span> <span class='ocrx_word' id='word_1_299' title='bbox 3644 1167 3873 1230; x_wconf 77' lang='grc' dir='ltr'><strong>τούτοις</strong></span> 
     </span>
    </p>
   </div>
   <div class='ocr_carea' id='block_1_41' title="bbox 2264 1257 3867 1333">
    <p class='ocr_par' dir='ltr' id='par_1_41' title="bbox 2264 1257 3867 1333">
     <span class='ocr_line' id='line_1_41' title="bbox 2264 1257 3867 1333; baseline 0 -23"><span class='ocrx_word' id='word_1_300' title='bbox 2264 1257 2422 1311; x_wconf 76' lang='grc' dir='ltr'>όκνον</span> <span class='ocrx_word' id='word_1_301' title='bbox 2452 1259 2910 1331; x_wconf 78' lang='grc' dir='ltr'><strong>ὑποτεμνόμενος,</strong></span> <span class='ocrx_word' id='word_1_302' title='bbox 2934 1263 3000 1333; x_wconf 80' lang='grc' dir='ltr'><strong>τῇ</strong></span> <span class='ocrx_word' id='word_1_303' title='bbox 3036 1261 3134 1331; x_wconf 83' lang='grc' dir='ltr'><strong>τῆς</strong></span> <span class='ocrx_word' id='word_1_304' title='bbox 3169 1259 3426 1329; x_wconf 87' lang='grc' dir='ltr'>θεότητος</span> <span class='ocrx_word' id='word_1_305' title='bbox 3450 1257 3609 1328; x_wconf 80' lang='grc' dir='ltr'>φύσει</span> <span class='ocrx_word' id='word_1_306' title='bbox 3630 1258 3731 1330; x_wconf 83' lang='grc' dir='ltr'>τὴν</span> <span class='ocrx_word' id='word_1_307' title='bbox 3759 1257 3867 1311; x_wconf 77' lang='grc' dir='ltr'>πί-</span> 
     </span>
    </p>
   </div>
   <div class='ocr_carea' id='block_1_42' title="bbox 2265 1350 3866 1425">
    <p class='ocr_par' dir='ltr' id='par_1_42' title="bbox 2265 1350 3866 1425">
     <span class='ocr_line' id='line_1_42' title="bbox 2265 1350 3866 1425; baseline 0.001 -24"><span class='ocrx_word' id='word_1_308' title='bbox 2265 1365 2380 1403; x_wconf 88' lang='grc' dir='ltr'><strong>στιν</strong></span> <span class='ocrx_word' id='word_1_309' title='bbox 2416 1350 2708 1415; x_wconf 79' lang='grc' dir='ltr'>ἀνατιθεὶς,</span> <span class='ocrx_word' id='word_1_310' title='bbox 2731 1352 2807 1416; x_wconf 80' lang='grc' dir='ltr'>ὡς</span> <span class='ocrx_word' id='word_1_311' title='bbox 2844 1354 2903 1405; x_wconf 86' lang='grc' dir='ltr'>ὲν</span> <span class='ocrx_word' id='word_1_312' title='bbox 2941 1352 3222 1425; x_wconf 83' lang='grc' dir='ltr'><strong>προσώπῳ</strong></span> <span class='ocrx_word' id='word_1_313' title='bbox 3259 1352 3493 1424; x_wconf 79' lang='grc' dir='ltr'>Πατρδς,</span> <span class='ocrx_word' id='word_1_314' title='bbox 3517 1352 3610 1405; x_wconf 82' lang='grc' dir='ltr'><strong>καί</strong></span> <span class='ocrx_word' id='word_1_315' title='bbox 3634 1352 3757 1422; x_wconf 71' lang='grc' dir='ltr'>οὐχὶ</span> <span class='ocrx_word' id='word_1_316' title='bbox 3787 1353 3866 1421; x_wconf 81' lang='grc' dir='ltr'><strong>τῇ</strong></span> 
     </span>
    </p>
   </div>
   <div class='ocr_carea' id='block_1_43' title="bbox 2262 1440 3868 1519">
    <p class='ocr_par' dir='ltr' id='par_1_43' title="bbox 2262 1440 3868 1519">
     <span class='ocr_line' id='line_1_43' title="bbox 2262 1440 3868 1519; baseline 0.002 -26"><span class='ocrx_word' id='word_1_317' title='bbox 2262 1440 2385 1493; x_wconf 80' lang='grc' dir='ltr'>καθ’</span> <span class='ocrx_word' id='word_1_318' title='bbox 2407 1443 2556 1512; x_wconf 78' lang='grc' dir='ltr'>ἡμᾶς</span> <span class='ocrx_word' id='word_1_319' title='bbox 2597 1445 3041 1518; x_wconf 77' lang='grc' dir='ltr'>σμικροπρεπεία</span> <span class='ocrx_word' id='word_1_320' title='bbox 3081 1446 3427 1519; x_wconf 81' lang='grc' dir='ltr'><strong>προσνέμων,</strong></span> <span class='ocrx_word' id='word_1_321' title='bbox 3450 1445 3687 1516; x_wconf 75' lang='grc' dir='ltr'><strong>ἔφασκεν</strong></span> <span class='ocrx_word' id='word_1_322' title='bbox 3709 1461 3724 1475; x_wconf 88' lang='grc'><strong>·</strong></span> <span class='ocrx_word' id='word_1_323' title='bbox 3752 1463 3772 1497; x_wconf 75' lang='grc' dir='ltr'><strong>ι</strong></span> <span class='ocrx_word' id='word_1_324' title='bbox 3800 1445 3868 1497; x_wconf 90' lang='grc' dir='ltr'>Ὀ</span> 
     </span>
    </p>
   </div>
   <div class='ocr_carea' id='block_1_44' title="bbox 2263 1531 3867 1606">
    <p class='ocr_par' dir='ltr' id='par_1_44' title="bbox 2263 1531 3867 1606">
     <span class='ocr_line' id='line_1_44' title="bbox 2263 1531 3867 1606; baseline 0.001 -21"><span class='ocrx_word' id='word_1_325' title='bbox 2263 1531 2539 1586; x_wconf 83' lang='grc' dir='ltr'>πιστεύων</span> <span class='ocrx_word' id='word_1_326' title='bbox 2574 1535 2656 1597; x_wconf 88' lang='grc' dir='ltr'><strong>εἰς</strong></span> <span class='ocrx_word' id='word_1_327' title='bbox 2696 1534 2820 1606; x_wconf 78' lang='grc' dir='ltr'>ἐμὲ,</span> <span class='ocrx_word' id='word_1_328' title='bbox 2843 1535 2906 1588; x_wconf 90' lang='grc' dir='ltr'><strong>ού</strong></span> <span class='ocrx_word' id='word_1_329' title='bbox 2949 1536 3197 1590; x_wconf 80' lang='grc' dir='ltr'>πιστεύει</span> <span class='ocrx_word' id='word_1_330' title='bbox 3241 1538 3322 1601; x_wconf 85' lang='grc' dir='ltr'><strong>εἰς</strong></span> <span class='ocrx_word' id='word_1_331' title='bbox 3362 1536 3483 1606; x_wconf 77' lang='grc' dir='ltr'><strong>ἐμὲ.</strong></span> <span class='ocrx_word' id='word_1_332' title='bbox 3508 1534 3725 1598; x_wconf 84' lang='grc' dir='ltr'>ἁλλέἰς</span> <span class='ocrx_word' id='word_1_333' title='bbox 3760 1534 3867 1587; x_wconf 80' lang='grc' dir='ltr'><strong>τὸν</strong></span> 
     </span>
    </p>
   </div>
   <div class='ocr_carea' id='block_1_45' title="bbox 2262 1622 3868 1698">
    <p class='ocr_par' dir='ltr' id='par_1_45' title="bbox 2262 1622 3868 1698">
     <span class='ocr_line' id='line_1_45' title="bbox 2262 1622 3868 1698; baseline 0.002 -23"><span class='ocrx_word' id='word_1_334' title='bbox 2262 1622 2558 1693; x_wconf 76' lang='grc' dir='ltr'>πέμψαντά</span> <span class='ocrx_word' id='word_1_335' title='bbox 2589 1642 2680 1695; x_wconf 89' lang='grc' dir='ltr'>με.</span> <span class='ocrx_word' id='word_1_336' title='bbox 2709 1644 2726 1677; x_wconf 78' lang='grc' dir='ltr'><strong>ι</strong></span> <span class='ocrx_word' id='word_1_337' title='bbox 2752 1622 2879 1698; x_wconf 72' lang='grc' dir='ltr'><strong>τΑρ’</strong></span> <span class='ocrx_word' id='word_1_338' title='bbox 2914 1627 3014 1681; x_wconf 86' lang='grc' dir='ltr'><strong>ούκ</strong></span> <span class='ocrx_word' id='word_1_339' title='bbox 3056 1629 3171 1682; x_wconf 73' lang='grc' dir='ltr'>ἴσον</span> <span class='ocrx_word' id='word_1_340' title='bbox 3213 1629 3420 1682; x_wconf 82' lang='grc' dir='ltr'>εἰπεῖν’</span> <span class='ocrx_word' id='word_1_341' title='bbox 3445 1622 3514 1680; x_wconf 85' lang='grc' dir='ltr'><strong><em>Ὦ</em></strong></span> <span class='ocrx_word' id='word_1_342' title='bbox 3558 1626 3665 1680; x_wconf 83' lang='grc' dir='ltr'><strong>τῶν</strong></span> <span class='ocrx_word' id='word_1_343' title='bbox 3703 1626 3868 1697; x_wconf 74' lang='grc' dir='ltr'>ἐμῶν</span> 
     </span>
    </p>
   </div>
   <div class='ocr_carea' id='block_1_46' title="bbox 2263 1716 3865 1791">
    <p class='ocr_par' dir='ltr' id='par_1_46' title="bbox 2263 1716 3865 1791">
     <span class='ocr_line' id='line_1_46' title="bbox 2263 1716 3865 1791; baseline 0.001 -23"><span class='ocrx_word' id='word_1_344' title='bbox 2263 1716 2523 1786; x_wconf 83' lang='grc' dir='ltr'>κατήκοοι</span> <span class='ocrx_word' id='word_1_345' title='bbox 2549 1717 2744 1787; x_wconf 83' lang='grc' dir='ltr'>λόγων,</span> <span class='ocrx_word' id='word_1_346' title='bbox 2774 1719 2849 1789; x_wconf 82' lang='grc' dir='ltr'>μὴ</span> <span class='ocrx_word' id='word_1_347' title='bbox 2876 1719 3049 1790; x_wconf 82' lang='grc' dir='ltr'>μικρά</span> <span class='ocrx_word' id='word_1_348' title='bbox 3070 1721 3163 1772; x_wconf 78' lang='grc' dir='ltr'>καὶ</span> <span class='ocrx_word' id='word_1_349' title='bbox 3190 1718 3537 1791; x_wconf 77' lang='grc' dir='ltr'>χαμαιρῤιφῆ</span> <span class='ocrx_word' id='word_1_350' title='bbox 3561 1717 3629 1770; x_wconf 81' lang='grc' dir='ltr'><strong>τὰ</strong></span> <span class='ocrx_word' id='word_1_351' title='bbox 3650 1720 3731 1781; x_wconf 87' lang='grc' dir='ltr'><strong>εἰς</strong></span> <span class='ocrx_word' id='word_1_352' title='bbox 3752 1720 3865 1788; x_wconf 73' lang='grc' dir='ltr'><strong>ἐμὲ</strong></span> 
     </span>
    </p>
   </div>
   <div class='ocr_carea' id='block_1_47' title="bbox 2259 1808 3865 1882">
    <p class='ocr_par' dir='ltr' id='par_1_47' title="bbox 2259 1808 3865 1882">
     <span class='ocr_line' id='line_1_47' title="bbox 2259 1808 3865 1882; baseline 0.001 -21"><span class='ocrx_word' id='word_1_353' title='bbox 2259 1808 2511 1874; x_wconf 78' lang='grc' dir='ltr'>δοξάζετε</span> <span class='ocrx_word' id='word_1_354' title='bbox 2528 1826 2542 1839; x_wconf 88' lang='grc'><strong>·</strong></span> <span class='ocrx_word' id='word_1_355' title='bbox 2570 1810 2685 1863; x_wconf 79' lang='grc' dir='ltr'>ῐστε</span> <span class='ocrx_word' id='word_1_356' title='bbox 2714 1811 2771 1863; x_wconf 81' lang='grc' dir='ltr'>δὲ</span> <span class='ocrx_word' id='word_1_357' title='bbox 2815 1812 2900 1864; x_wconf 77' lang='grc' dir='ltr'>ὅτι</span> <span class='ocrx_word' id='word_1_358' title='bbox 2933 1812 3035 1882; x_wconf 81' lang='grc' dir='ltr'>τὴν</span> <span class='ocrx_word' id='word_1_359' title='bbox 3056 1813 3137 1875; x_wconf 85' lang='grc' dir='ltr'><strong>εἰς</strong></span> <span class='ocrx_word' id='word_1_360' title='bbox 3158 1812 3322 1866; x_wconf 80' lang='grc' dir='ltr'>αὐτὸν</span> <span class='ocrx_word' id='word_1_361' title='bbox 3344 1811 3444 1882; x_wconf 74' lang='grc' dir='ltr'><strong>ἐμὲ</strong></span> <span class='ocrx_word' id='word_1_362' title='bbox 3463 1810 3553 1863; x_wconf 78' lang='grc' dir='ltr'><strong>τὸν</strong></span> <span class='ocrx_word' id='word_1_363' title='bbox 3574 1809 3865 1881; x_wconf 82' lang='grc' dir='ltr'>ὁρώμενον</span> 
     </span>
    </p>
   </div>
   <div class='ocr_carea' id='block_1_48' title="bbox 2260 1900 3864 1974">
    <p class='ocr_par' dir='ltr' id='par_1_48' title="bbox 2260 1900 3864 1974">
     <span class='ocr_line' id='line_1_48' title="bbox 2260 1900 3864 1974; baseline 0.001 -22"><span class='ocrx_word' id='word_1_364' title='bbox 2260 1900 2320 1953; x_wconf 85' lang='grc' dir='ltr'>ὲν</span> <span class='ocrx_word' id='word_1_365' title='bbox 2344 1901 2511 1973; x_wconf 75' lang='grc' dir='ltr'>σαρκὶ</span> <span class='ocrx_word' id='word_1_366' title='bbox 2532 1900 2846 1973; x_wconf 82' lang='grc' dir='ltr'>προϊέμενοι</span> <span class='ocrx_word' id='word_1_367' title='bbox 2870 1902 3077 1969; x_wconf 85' lang='grc' dir='ltr'>πίστιν,</span> <span class='ocrx_word' id='word_1_368' title='bbox 3100 1903 3201 1956; x_wconf 82' lang='grc' dir='ltr'><strong>οὐκ</strong></span> <span class='ocrx_word' id='word_1_369' title='bbox 3235 1904 3315 1966; x_wconf 76' lang='grc' dir='ltr'><strong>εἰς</strong></span> <span class='ocrx_word' id='word_1_370' title='bbox 3349 1902 3632 1974; x_wconf 74' lang='grc' dir='ltr'>ἄνθρωπον</span> <span class='ocrx_word' id='word_1_371' title='bbox 3660 1900 3864 1965; x_wconf 83' lang='grc' dir='ltr'>ἀπλῶς</span> 
     </span>
    </p>
   </div>
   <div class='ocr_carea' id='block_1_49' title="bbox 2261 1991 3862 2063">
    <p class='ocr_par' dir='ltr' id='par_1_49' title="bbox 2261 1991 3862 2063">
     <span class='ocr_line' id='line_1_49' title="bbox 2261 1991 3862 2063; baseline -0.002 -16"><span class='ocrx_word' id='word_1_372' title='bbox 2261 1993 2452 2047; x_wconf 78' lang='grc' dir='ltr'>ἔσεσθε</span> <span class='ocrx_word' id='word_1_373' title='bbox 2479 1995 2932 2058; x_wconf 87' lang='grc' dir='ltr'>πεπιστευκότες,</span> <span class='ocrx_word' id='word_1_374' title='bbox 2956 1995 3072 2049; x_wconf 86' lang='grc' dir='ltr'>ἀλλ’</span> <span class='ocrx_word' id='word_1_375' title='bbox 3096 1996 3176 2060; x_wconf 89' lang='grc' dir='ltr'><strong>εἰς</strong></span> <span class='ocrx_word' id='word_1_376' title='bbox 3210 1995 3372 2048; x_wconf 76' lang='grc' dir='ltr'>αὐτὸν</span> <span class='ocrx_word' id='word_1_377' title='bbox 3395 1994 3489 2048; x_wconf 78' lang='grc' dir='ltr'><strong>τὸν</strong></span> <span class='ocrx_word' id='word_1_378' title='bbox 3518 1992 3761 2063; x_wconf 79' lang='grc' dir='ltr'>Πατέρα,</span> <span class='ocrx_word' id='word_1_379' title='bbox 3783 1991 3862 2044; x_wconf 77' lang='grc' dir='ltr'>δι’</span> 
     </span>
    </p>
   </div>
   <div class='ocr_carea' id='block_1_50' title="bbox 2260 2084 3861 2156">
    <p class='ocr_par' dir='ltr' id='par_1_50' title="bbox 2260 2084 3861 2156">
     <span class='ocr_line' id='line_1_50' title="bbox 2260 2084 3861 2156; baseline -0.002 -15"><span class='ocrx_word' id='word_1_380' title='bbox 2260 2085 2397 2156; x_wconf 67' lang='grc' dir='ltr'>ἐμοῦ</span> <span class='ocrx_word' id='word_1_381' title='bbox 2421 2086 2516 2139; x_wconf 89' lang='grc' dir='ltr'><strong>τοῦ</strong></span> <span class='ocrx_word' id='word_1_382' title='bbox 2539 2087 2680 2141; x_wconf 83' lang='grc' dir='ltr'>κατὰ</span> <span class='ocrx_word' id='word_1_383' title='bbox 2701 2088 2809 2141; x_wconf 79' lang='grc' dir='ltr'>πᾶν</span> <span class='ocrx_word' id='word_1_384' title='bbox 2843 2086 3026 2141; x_wconf 82' lang='grc' dir='ltr'>ὁτιοῦν</span> <span class='ocrx_word' id='word_1_385' title='bbox 3057 2088 3187 2151; x_wconf 73' lang='grc' dir='ltr'>ἴσως</span> <span class='ocrx_word' id='word_1_386' title='bbox 3210 2104 3269 2141; x_wconf 88' lang='grc' dir='ltr'>τε</span> <span class='ocrx_word' id='word_1_387' title='bbox 3294 2087 3390 2140; x_wconf 74' lang='grc' dir='ltr'><strong>καὶ</strong></span> <span class='ocrx_word' id='word_1_388' title='bbox 3411 2084 3861 2156; x_wconf 75' lang='grc' dir='ltr'>ἀπαραλλάκτως</span> 
     </span>
    </p>
   </div>
   <div class='ocr_carea' id='block_1_51' title="bbox 2260 2173 3856 2251">
    <p class='ocr_par' dir='ltr' id='par_1_51' title="bbox 2260 2173 3856 2251">
     <span class='ocr_line' id='line_1_51' title="bbox 2260 2173 3856 2251; baseline -0.004 -19"><span class='ocrx_word' id='word_1_389' title='bbox 2260 2178 2478 2250; x_wconf 82' lang='grc' dir='ltr'>ἔχοντος</span> <span class='ocrx_word' id='word_1_390' title='bbox 2503 2176 3067 2251; x_wconf 63' lang='grc' dir='ltr'>Υἰοῦ,“σαρκωθέντος</span> <span class='ocrx_word' id='word_1_391' title='bbox 3105 2178 3204 2248; x_wconf 81' lang='grc' dir='ltr'>μὲν</span> <span class='ocrx_word' id='word_1_392' title='bbox 3240 2176 3306 2229; x_wconf 82' lang='grc' dir='ltr'>δι’</span> <span class='ocrx_word' id='word_1_393' title='bbox 3332 2177 3507 2246; x_wconf 77' lang='grc' dir='ltr'>ὑμᾶς,</span> <span class='ocrx_word' id='word_1_394' title='bbox 3550 2174 3645 2227; x_wconf 77' lang='grc' dir='ltr'><strong>καὶ</strong></span> <span class='ocrx_word' id='word_1_395' title='bbox 3688 2173 3856 2244; x_wconf 76' lang='grc' dir='ltr'>περί-</span> 
     </span>
    </p>
   </div>
   <div class='ocr_carea' id='block_1_52' title="bbox 2260 2263 3857 2343">
    <p class='ocr_par' dir='ltr' id='par_1_52' title="bbox 2260 2263 3857 2343">
     <span class='ocr_line' id='line_1_52' title="bbox 2260 2263 3857 2343; baseline -0.006 -18"><span class='ocrx_word' id='word_1_396' title='bbox 2260 2272 2448 2343; x_wconf 85' lang='grc' dir='ltr'>6λημα</span> <span class='ocrx_word' id='word_1_397' title='bbox 2499 2269 2915 2343; x_wconf 85' lang='grc' dir='ltr'>σμικροπρεπὲς</span> <span class='ocrx_word' id='word_1_398' title='bbox 2965 2266 3339 2340; x_wconf 76' lang='grc' dir='ltr'>οἰκειουμένου</span> <span class='ocrx_word' id='word_1_399' title='bbox 3368 2307 3382 2330; x_wconf 89' lang='grc'><strong>,</strong></span> <span class='ocrx_word' id='word_1_400' title='bbox 3424 2266 3521 2337; x_wconf 81' lang='grc' dir='ltr'>τὴν</span> <span class='ocrx_word' id='word_1_401' title='bbox 3557 2263 3857 2335; x_wconf 84' lang='grc' dir='ltr'>ἀνθρωπό-</span> 
     </span>
    </p>
   </div>
   <div class='ocr_carea' id='block_1_53' title="bbox 2258 2358 3856 2435">
    <p class='ocr_par' dir='ltr' id='par_1_53' title="bbox 2258 2358 3856 2435">
     <span class='ocr_line' id='line_1_53' title="bbox 2258 2358 3856 2435; baseline -0.004 -20"><span class='ocrx_word' id='word_1_402' title='bbox 2258 2380 2398 2434; x_wconf 87' lang='grc' dir='ltr'>τητα</span> <span class='ocrx_word' id='word_1_403' title='bbox 2418 2402 2432 2428; x_wconf 94' lang='grc'><strong>,</strong></span> <span class='ocrx_word' id='word_1_404' title='bbox 2454 2363 2516 2416; x_wconf 91' lang='grc' dir='ltr'><strong>τό</strong></span> <span class='ocrx_word' id='word_1_405' title='bbox 2541 2380 2604 2432; x_wconf 87' lang='grc' dir='ltr'><strong>γε</strong></span> <span class='ocrx_word' id='word_1_406' title='bbox 2625 2363 2731 2435; x_wconf 76' lang='grc' dir='ltr'><strong>μὴν</strong></span> <span class='ocrx_word' id='word_1_407' title='bbox 2761 2361 2981 2433; x_wconf 82' lang='grc' dir='ltr'>ἰσοφυές</span> <span class='ocrx_word' id='word_1_408' title='bbox 3001 2378 3058 2415; x_wconf 89' lang='grc' dir='ltr'>τε</span> <span class='ocrx_word' id='word_1_409' title='bbox 3086 2362 3177 2415; x_wconf 68' lang='grc' dir='ltr'><strong>καὶ</strong></span> <span class='ocrx_word' id='word_1_410' title='bbox 3202 2359 3472 2430; x_wconf 79' lang='grc' dir='ltr'>ἰσουργδν,</span> <span class='ocrx_word' id='word_1_411' title='bbox 3500 2358 3596 2413; x_wconf 70' lang='grc' dir='ltr'><strong>καὶ</strong></span> <span class='ocrx_word' id='word_1_412' title='bbox 3627 2359 3686 2410; x_wconf 79' lang='grc' dir='ltr'>ὲν</span> <span class='ocrx_word' id='word_1_413' title='bbox 3714 2374 3856 2410; x_wconf 66' lang='lat' dir='ltr'><strong>eau-</strong></span> 
     </span>
    </p>
   </div>
   <div class='ocr_carea' id='block_1_54' title="bbox 2258 2448 3856 2529">
    <p class='ocr_par' dir='ltr' id='par_1_54' title="bbox 2258 2448 3856 2529">
     <span class='ocr_line' id='line_1_54' title="bbox 2258 2448 3856 2529; baseline -0.003 -22"><span class='ocrx_word' id='word_1_414' title='bbox 2258 2454 2444 2524; x_wconf 81' lang='grc' dir='ltr'>τότητι</span> <span class='ocrx_word' id='word_1_415' title='bbox 2484 2454 2641 2525; x_wconf 78' lang='grc' dir='ltr'>δόξης</span> <span class='ocrx_word' id='word_1_416' title='bbox 2685 2452 3059 2524; x_wconf 76' lang='grc' dir='ltr'>ἁδιαλώδητον</span> <span class='ocrx_word' id='word_1_417' title='bbox 3107 2452 3386 2517; x_wconf 76' lang='grc' dir='ltr'>παντελῶς</span> <span class='ocrx_word' id='word_1_418' title='bbox 3440 2451 3652 2529; x_wconf 77' lang='grc' dir='ltr'>ἔχοντος</span> <span class='ocrx_word' id='word_1_419' title='bbox 3712 2448 3856 2526; x_wconf 67' lang='grc' dir='ltr'>πρὸς</span> 
     </span>
    </p>
   </div>
   <div class='ocr_carea' id='block_1_55' title="bbox 2259 2544 2445 2601">
    <p class='ocr_par' dir='ltr' id='par_1_55' title="bbox 2259 2544 2445 2601">
     <span class='ocr_line' id='line_1_55' title="bbox 2259 2544 2445 2601; baseline 0.005 -1"><span class='ocrx_word' id='word_1_420' title='bbox 2259 2544 2445 2601; x_wconf 77' lang='grc' dir='ltr'>αὐτόν.</span> 
     </span>
    </p>
   </div>
   <div class='ocr_carea' id='block_1_56' title="bbox 2330 2812 2674 2867">
    <p class='ocr_par' dir='ltr' id='par_1_56' title="bbox 2330 2812 2674 2867">
     <span class='ocr_line' id='line_1_56' title="bbox 2330 2812 2674 2867; baseline 0.003 -1"><span class='ocrx_word' id='word_1_421' title='bbox 2330 2812 2392 2866; x_wconf 81' lang='grc' dir='ltr'><strong>Β.</strong></span> <span class='ocrx_word' id='word_1_422' title='bbox 2437 2813 2674 2867; x_wconf 82' lang='grc' dir='ltr'>Ἔοικεν.</span> 
     </span>
    </p>
   </div>
   <div class='ocr_carea' id='block_1_57' title="bbox 2328 2904 3859 2977">
    <p class='ocr_par' dir='ltr' id='par_1_57' title="bbox 2328 2904 3859 2977">
     <span class='ocr_line' id='line_1_57' title="bbox 2328 2904 3859 2977; baseline -0.004 -17"><span class='ocrx_word' id='word_1_423' title='bbox 2328 2907 2396 2963; x_wconf 77' lang='grc' dir='ltr'><strong>Δ.</strong></span> <span class='ocrx_word' id='word_1_424' title='bbox 2450 2905 2776 2977; x_wconf 78' lang='grc' dir='ltr'>Ἀναμάθοις</span> <span class='ocrx_word' id='word_1_425' title='bbox 2797 2906 2844 2958; x_wconf 76' lang='grc' dir='ltr'>δ’</span> <span class='ocrx_word' id='word_1_426' title='bbox 2874 2906 2939 2961; x_wconf 84' lang='grc' dir='ltr'><strong>ἂν</strong></span> <span class='ocrx_word' id='word_1_427' title='bbox 2963 2909 3058 2961; x_wconf 68' lang='grc' dir='ltr'><strong>καὶ</strong></span> <span class='ocrx_word' id='word_1_428' title='bbox 3091 2905 3292 2977; x_wconf 78' lang='grc' dir='ltr'>ἑτέρως</span> <span class='ocrx_word' id='word_1_429' title='bbox 3322 2904 3486 2958; x_wconf 79' lang='grc' dir='ltr'>αύτδν</span> <span class='ocrx_word' id='word_1_430' title='bbox 3525 2904 3621 2975; x_wconf 75' lang='grc' dir='ltr'><strong>τὴν</strong></span> <span class='ocrx_word' id='word_1_431' title='bbox 3660 2906 3859 2957; x_wconf 62' lang='grc' dir='ltr'>πίστιν</span> 
     </span>
    </p>
   </div>
   <div class='ocr_carea' id='block_1_58' title="bbox 2256 2997 3850 3071">
    <p class='ocr_par' dir='ltr' id='par_1_58' title="bbox 2256 2997 3850 3071">
     <span class='ocr_line' id='line_1_58' title="bbox 2256 2997 3850 3071; baseline -0.003 -17"><span class='ocrx_word' id='word_1_432' title='bbox 2256 3001 2318 3054; x_wconf 84' lang='grc' dir='ltr'><strong>ού</strong></span> <span class='ocrx_word' id='word_1_433' title='bbox 2354 3000 2739 3070; x_wconf 85' lang='grc' dir='ltr'>διωθούμενον,</span> <span class='ocrx_word' id='word_1_434' title='bbox 2777 3000 2932 3066; x_wconf 78' lang='grc' dir='ltr'>ἀλλὰ,</span> <span class='ocrx_word' id='word_1_435' title='bbox 2972 3000 3147 3071; x_wconf 84' lang='grc' dir='ltr'>τομῆς</span> <span class='ocrx_word' id='word_1_436' title='bbox 3175 3016 3321 3063; x_wconf 89' lang='grc' dir='ltr'>τινος</span> <span class='ocrx_word' id='word_1_437' title='bbox 3354 2998 3476 3069; x_wconf 85' lang='grc' dir='ltr'>δίχα</span> <span class='ocrx_word' id='word_1_438' title='bbox 3510 2999 3604 3051; x_wconf 77' lang='grc' dir='ltr'><strong>καὶ</strong></span> <span class='ocrx_word' id='word_1_439' title='bbox 3650 2997 3850 3066; x_wconf 73' lang='grc' dir='ltr'>διαφο-</span> 
     </span>
    </p>
   </div>
   <div class='ocr_carea' id='block_1_59' title="bbox 2262 3087 3852 3160">
    <p class='ocr_par' dir='ltr' id='par_1_59' title="bbox 2262 3087 3852 3160">
     <span class='ocr_line' id='line_1_59' title="bbox 2262 3087 3852 3160; baseline -0.003 -19"><span class='ocrx_word' id='word_1_440' title='bbox 2262 3088 2380 3156; x_wconf 79' lang='grc' dir='ltr'>ρᾶς,</span> <span class='ocrx_word' id='word_1_441' title='bbox 2415 3087 2819 3159; x_wconf 87' lang='grc' dir='ltr'>εἰσδεδεγμένον</span> <span class='ocrx_word' id='word_1_442' title='bbox 2850 3088 3019 3159; x_wconf 80' lang='grc' dir='ltr'>αὐτὴν</span> <span class='ocrx_word' id='word_1_443' title='bbox 3060 3088 3136 3152; x_wconf 85' lang='grc' dir='ltr'>ὡς</span> <span class='ocrx_word' id='word_1_444' title='bbox 3177 3089 3236 3140; x_wconf 85' lang='grc' dir='ltr'>ὲν</span> <span class='ocrx_word' id='word_1_445' title='bbox 3272 3088 3384 3159; x_wconf 83' lang='grc' dir='ltr'>ἰδίῳ</span> <span class='ocrx_word' id='word_1_446' title='bbox 3421 3087 3717 3160; x_wconf 78' lang='grc' dir='ltr'>προσώπῳ,</span> <span class='ocrx_word' id='word_1_447' title='bbox 3751 3088 3852 3139; x_wconf 77' lang='grc' dir='ltr'>καὶ</span> 
     </span>
    </p>
   </div>
   <div class='ocr_carea' id='block_1_60' title="bbox 570 3179 2151 3267">
    <p class='ocr_par' dir='ltr' id='par_1_60' title="bbox 570 3182 2148 3252">
     <span class='ocr_line' id='line_1_60' title="bbox 570 3182 2148 3252; baseline 0.003 -17"><span class='ocrx_word' id='word_1_448' title='bbox 570 3198 725 3245; x_wconf 88' lang='lat' dir='ltr'><strong>sona,</strong></span> <span class='ocrx_word' id='word_1_449' title='bbox 751 3183 965 3237; x_wconf 86' lang='lat' dir='ltr'><strong>tametsi</strong></span> <span class='ocrx_word' id='word_1_450' title='bbox 994 3182 1168 3239; x_wconf 79' lang='lat' dir='ltr'><strong>factus</strong></span> <span class='ocrx_word' id='word_1_451' title='bbox 1192 3184 1264 3239; x_wconf 87' lang='lat' dir='ltr'><strong>sit</strong></span> <span class='ocrx_word' id='word_1_452' title='bbox 1286 3198 1436 3238; x_wconf 86' lang='lat' dir='ltr'><strong>caro.</strong></span> <span class='ocrx_word' id='word_1_453' title='bbox 1466 3183 1756 3252; x_wconf 88' lang='lat' dir='ltr'><strong>Postquam</strong></span> <span class='ocrx_word' id='word_1_454' title='bbox 1780 3186 1925 3237; x_wconf 91' lang='lat' dir='ltr'><strong>enim</strong></span> <span class='ocrx_word' id='word_1_455' title='bbox 1948 3200 2148 3239; x_wconf 72' lang='lat' dir='ltr'><strong>carcum</strong></span> 
     </span>
    </p>
   </div>
   <div class='ocr_carea' id='block_1_61' title="bbox 2257 3179 3858 3267">
    <p class='ocr_par' dir='ltr' id='par_1_61' title="bbox 2258 3179 3858 3253">
     <span class='ocr_line' id='line_1_61' title="bbox 2258 3179 3858 3253; baseline -0.001 -20"><span class='ocrx_word' id='word_1_456' title='bbox 2258 3182 2308 3233; x_wconf 83' lang='lat' dir='ltr'><strong>si</strong></span> <span class='ocrx_word' id='word_1_457' title='bbox 2344 3180 2536 3249; x_wconf 78' lang='grc' dir='ltr'>γέγονε</span> <span class='ocrx_word' id='word_1_458' title='bbox 2569 3181 2725 3250; x_wconf 77' lang='grc' dir='ltr'>σάρξ.</span> <span class='ocrx_word' id='word_1_459' title='bbox 2772 3180 2991 3249; x_wconf 79' lang='grc' dir='ltr'>Ἐπειδὴ</span> <span class='ocrx_word' id='word_1_460' title='bbox 3023 3180 3132 3253; x_wconf 84' lang='grc' dir='ltr'>γὰρ</span> <span class='ocrx_word' id='word_1_461' title='bbox 3154 3181 3246 3233; x_wconf 79' lang='grc' dir='ltr'>τὸν</span> <span class='ocrx_word' id='word_1_462' title='bbox 3272 3182 3335 3232; x_wconf 83' lang='grc' dir='ltr'>ἐκ</span> <span class='ocrx_word' id='word_1_463' title='bbox 3366 3180 3631 3250; x_wconf 79' lang='grc' dir='ltr'>γεννητῆς</span> <span class='ocrx_word' id='word_1_464' title='bbox 3659 3179 3858 3243; x_wconf 58' lang='lat' dir='ltr'><strong>cetera</strong></span> 
     </span>
    </p>
   </div>
   <div class='ocr_carea' id='block_1_62' title="bbox 571 3273 2152 3345">
    <p class='ocr_par' dir='ltr' id='par_1_62' title="bbox 571 3273 2152 3345">
     <span class='ocr_line' id='line_1_62' title="bbox 571 3273 2152 3345; baseline 0.001 -17"><span class='ocrx_word' id='word_1_465' title='bbox 571 3273 721 3328; x_wconf 92' lang='lat' dir='ltr'><strong>illum</strong></span> <span class='ocrx_word' id='word_1_466' title='bbox 753 3291 782 3329; x_wconf 93' lang='lat' dir='ltr'><strong>a</strong></span> <span class='ocrx_word' id='word_1_467' title='bbox 820 3276 1104 3330; x_wconf 88' lang='lat' dir='ltr'><strong>nativitate</strong></span> <span class='ocrx_word' id='word_1_468' title='bbox 1136 3277 1349 3331; x_wconf 89' lang='lat' dir='ltr'><strong>sanavit</strong></span> <span class='ocrx_word' id='word_1_469' title='bbox 1379 3273 1450 3342; x_wconf 72' lang='lat'><strong>“,</strong></span> <span class='ocrx_word' id='word_1_470' title='bbox 1483 3285 1538 3330; x_wconf 92' lang='lat' dir='ltr'><strong>et</strong></span> <span class='ocrx_word' id='word_1_471' title='bbox 1570 3276 1727 3331; x_wconf 89' lang='lat' dir='ltr'><strong>dulce</strong></span> <span class='ocrx_word' id='word_1_472' title='bbox 1766 3276 2152 3345; x_wconf 88' lang='lat' dir='ltr'><strong>insolitumque</strong></span> 
     </span>
    </p>
   </div>
   <div class='ocr_carea' id='block_1_63' title="bbox 572 3368 2147 3435">
    <p class='ocr_par' dir='ltr' id='par_1_63' title="bbox 572 3368 2147 3435">
     <span class='ocr_line' id='line_1_63' title="bbox 572 3368 2147 3435; baseline 0.002 -15"><span class='ocrx_word' id='word_1_473' title='bbox 572 3368 751 3422; x_wconf 89' lang='lat' dir='ltr'><strong>lumen</strong></span> <span class='ocrx_word' id='word_1_474' title='bbox 821 3370 870 3424; x_wconf 84' lang='lat' dir='ltr'><strong>ei</strong></span> <span class='ocrx_word' id='word_1_475' title='bbox 928 3370 1195 3435; x_wconf 90' lang='lat' dir='ltr'><strong>immisit,</strong></span> <span class='ocrx_word' id='word_1_476' title='bbox 1251 3370 1505 3425; x_wconf 89' lang='lat' dir='ltr'><strong>omnibus</strong></span> <span class='ocrx_word' id='word_1_477' title='bbox 1563 3371 1757 3424; x_wconf 90' lang='lat' dir='ltr'><strong>merito</strong></span> <span class='ocrx_word' id='word_1_478' title='bbox 1804 3370 2147 3423; x_wconf 86' lang='lat' dir='ltr'><strong>admirationi</strong></span> 
     </span>
    </p>
   </div>
   <div class='ocr_carea' id='block_1_64' title="bbox 568 3459 2150 3532">
    <p class='ocr_par' dir='ltr' id='par_1_64' title="bbox 568 3459 2150 3532">
     <span class='ocr_line' id='line_1_64' title="bbox 568 3459 2150 3532; baseline -0.002 -18"><span class='ocrx_word' id='word_1_479' title='bbox 568 3470 708 3515; x_wconf 89' lang='lat' dir='ltr'><strong>erat.</strong></span> <span class='ocrx_word' id='word_1_480' title='bbox 749 3462 927 3532; x_wconf 83' lang='lat' dir='ltr'><strong>Atque</strong></span> <span class='ocrx_word' id='word_1_481' title='bbox 973 3462 1061 3516; x_wconf 89' lang='lat' dir='ltr'><strong>hic</strong></span> <span class='ocrx_word' id='word_1_482' title='bbox 1102 3462 1320 3531; x_wconf 87' lang='lat' dir='ltr'><strong>quidem</strong></span> <span class='ocrx_word' id='word_1_483' title='bbox 1369 3462 1498 3515; x_wconf 88' lang='lat' dir='ltr'><strong>vitio</strong></span> <span class='ocrx_word' id='word_1_484' title='bbox 1539 3461 1629 3516; x_wconf 94' lang='lat' dir='ltr'><strong>illo</strong></span> <span class='ocrx_word' id='word_1_485' title='bbox 1673 3460 1932 3516; x_wconf 88' lang='lat' dir='ltr'><strong>liberatus</strong></span> <span class='ocrx_word' id='word_1_486' title='bbox 1981 3476 2009 3515; x_wconf 89' lang='lat' dir='ltr'><strong>a</strong></span> <span class='ocrx_word' id='word_1_487' title='bbox 2056 3459 2150 3514; x_wconf 84' lang='lat' dir='ltr'><strong>Ju-</strong></span> 
     </span>
    </p>
   </div>
   <div class='ocr_carea' id='block_1_65' title="bbox 568 3552 2148 3624">
    <p class='ocr_par' dir='ltr' id='par_1_65' title="bbox 568 3552 2148 3624">
     <span class='ocr_line' id='line_1_65' title="bbox 568 3552 2148 3624; baseline 0.001 -18"><span class='ocrx_word' id='word_1_488' title='bbox 568 3552 699 3606; x_wconf 79' lang='lat' dir='ltr'><strong>theis</strong></span> <span class='ocrx_word' id='word_1_489' title='bbox 731 3553 1102 3624; x_wconf 84' lang='lat' dir='ltr'><strong>judicabalur,</strong></span> <span class='ocrx_word' id='word_1_490' title='bbox 1150 3563 1207 3608; x_wconf 92' lang='lat' dir='ltr'><strong>et</strong></span> <span class='ocrx_word' id='word_1_491' title='bbox 1243 3554 1510 3607; x_wconf 89' lang='lat' dir='ltr'><strong>medicum</strong></span> <span class='ocrx_word' id='word_1_492' title='bbox 1556 3554 1949 3621; x_wconf 74' lang='lat' dir='ltr'><strong>profitebatur:</strong></span> <span class='ocrx_word' id='word_1_493' title='bbox 1992 3554 2148 3608; x_wconf 87' lang='lat' dir='ltr'><strong>Chri-</strong></span> 
     </span>
    </p>
   </div>
   <div class='ocr_carea' id='block_1_66' title="bbox 569 3644 2145 3716">
    <p class='ocr_par' dir='ltr' id='par_1_66' title="bbox 569 3644 2145 3716">
     <span class='ocr_line' id='line_1_66' title="bbox 569 3644 2145 3716; baseline 0.001 -17"><span class='ocrx_word' id='word_1_494' title='bbox 569 3655 687 3699; x_wconf 87' lang='lat' dir='ltr'><strong>stus</strong></span> <span class='ocrx_word' id='word_1_495' title='bbox 722 3661 848 3701; x_wconf 85' lang='lat' dir='ltr'><strong>vero</strong></span> <span class='ocrx_word' id='word_1_496' title='bbox 882 3661 1005 3700; x_wconf 92' lang='lat' dir='ltr'><strong>eum</strong></span> <span class='ocrx_word' id='word_1_497' title='bbox 1062 3646 1368 3701; x_wconf 81' lang='lat' dir='ltr'><strong>accedens:</strong></span> <span class='ocrx_word' id='word_1_498' title='bbox 1411 3666 1428 3696; x_wconf 76' lang='grc' dir='ltr'><strong>ι</strong></span> <span class='ocrx_word' id='word_1_499' title='bbox 1478 3644 1557 3700; x_wconf 90' lang='lat' dir='ltr'><strong>Tu</strong></span> <span class='ocrx_word' id='word_1_500' title='bbox 1601 3647 1875 3711; x_wconf 88' lang='lat' dir='ltr'><strong>credisne,</strong></span> <span class='ocrx_word' id='word_1_501' title='bbox 1949 3646 2145 3716; x_wconf 89' lang='lat' dir='ltr'><strong>inquit,</strong></span> 
     </span>
    </p>
   </div>
   <div class='ocr_carea' id='block_1_67' title="bbox 571 3734 2145 3804">
    <p class='ocr_par' dir='ltr' id='par_1_67' title="bbox 571 3734 2145 3804">
     <span class='ocr_line' id='line_1_67' title="bbox 571 3734 2145 3804; baseline 0 -17"><span class='ocrx_word' id='word_1_502' title='bbox 571 3738 622 3790; x_wconf 88' lang='lat' dir='ltr'><strong>itt</strong></span> <span class='ocrx_word' id='word_1_503' title='bbox 656 3736 850 3791; x_wconf 83' lang='lat' dir='ltr'><strong>Filium</strong></span> <span class='ocrx_word' id='word_1_504' title='bbox 890 3734 1027 3789; x_wconf 85' lang='lat' dir='ltr'><strong>Dei?</strong></span> <span class='ocrx_word' id='word_1_505' title='bbox 1060 3754 1080 3789; x_wconf 74' lang='grc' dir='ltr'><strong>ι</strong></span> <span class='ocrx_word' id='word_1_506' title='bbox 1112 3736 1214 3803; x_wconf 85' lang='lat' dir='ltr'><strong>Qui</strong></span> <span class='ocrx_word' id='word_1_507' title='bbox 1257 3752 1380 3789; x_wconf 86' lang='lat' dir='ltr'><strong>cum</strong></span> <span class='ocrx_word' id='word_1_508' title='bbox 1409 3736 1777 3790; x_wconf 79' lang='lat' dir='ltr'><strong>exclamaret:</strong></span> <span class='ocrx_word' id='word_1_509' title='bbox 1813 3754 1831 3787; x_wconf 78' lang='grc' dir='ltr'>ι</span> <span class='ocrx_word' id='word_1_510' title='bbox 1872 3737 2005 3804; x_wconf 86' lang='lat' dir='ltr'><strong>Quis</strong></span> <span class='ocrx_word' id='word_1_511' title='bbox 2044 3748 2145 3797; x_wconf 86' lang='lat' dir='ltr'><strong>est,</strong></span> 
     </span>
    </p>
   </div>
   <div class='ocr_carea' id='block_1_68' title="bbox 570 3827 2142 3897">
    <p class='ocr_par' dir='ltr' id='par_1_68' title="bbox 570 3827 2142 3897">
     <span class='ocr_line' id='line_1_68' title="bbox 570 3827 2142 3897; baseline 0 -16"><span class='ocrx_word' id='word_1_512' title='bbox 570 3828 819 3892; x_wconf 87' lang='lat' dir='ltr'><strong>Domine,</strong></span> <span class='ocrx_word' id='word_1_513' title='bbox 850 3838 908 3882; x_wconf 91' lang='lat' dir='ltr'><strong>ut</strong></span> <span class='ocrx_word' id='word_1_514' title='bbox 953 3828 1172 3883; x_wconf 90' lang='lat' dir='ltr'><strong>credam</strong></span> <span class='ocrx_word' id='word_1_515' title='bbox 1224 3828 1274 3881; x_wconf 92' lang='lat' dir='ltr'><strong>in</strong></span> <span class='ocrx_word' id='word_1_516' title='bbox 1312 3827 1534 3896; x_wconf 87' lang='lat' dir='ltr'><strong>ipsum?</strong></span> <span class='ocrx_word' id='word_1_517' title='bbox 1555 3847 1573 3879; x_wconf 76' lang='grc' dir='ltr'>ι</span> <span class='ocrx_word' id='word_1_518' title='bbox 1606 3829 1888 3897; x_wconf 84' lang='lat' dir='ltr'><strong>respondit</strong></span> <span class='ocrx_word' id='word_1_519' title='bbox 1919 3829 2142 3883; x_wconf 89' lang='lat' dir='ltr'><strong>dicens:</strong></span> 
     </span>
    </p>
   </div>
   <div class='ocr_carea' id='block_1_69' title="bbox 576 3917 2140 3987">
    <p class='ocr_par' dir='ltr' id='par_1_69' title="bbox 576 3917 2140 3987">
     <span class='ocr_line' id='line_1_69' title="bbox 576 3917 2140 3987; baseline 0.001 -18"><span class='ocrx_word' id='word_1_520' title='bbox 576 3936 594 3969; x_wconf 79' lang='grc' dir='ltr'>ι</span> <span class='ocrx_word' id='word_1_521' title='bbox 633 3918 694 3971; x_wconf 80' lang='lat' dir='ltr'><strong>Et</strong></span> <span class='ocrx_word' id='word_1_522' title='bbox 729 3918 908 3972; x_wconf 82' lang='lat' dir='ltr'><strong>vidisti</strong></span> <span class='ocrx_word' id='word_1_523' title='bbox 940 3917 1138 3987; x_wconf 84' lang='lat' dir='ltr'><strong>ipsum,</strong></span> <span class='ocrx_word' id='word_1_524' title='bbox 1164 3926 1218 3971; x_wconf 87' lang='lat' dir='ltr'><strong>et</strong></span> <span class='ocrx_word' id='word_1_525' title='bbox 1246 3919 1336 3987; x_wconf 93' lang='lat' dir='ltr'><strong>qui</strong></span> <span class='ocrx_word' id='word_1_526' title='bbox 1373 3918 1612 3985; x_wconf 84' lang='lat' dir='ltr'><strong>loquitur</strong></span> <span class='ocrx_word' id='word_1_527' title='bbox 1641 3926 1843 3983; x_wconf 81' lang='lat' dir='ltr'><strong>tecum,</strong></span> <span class='ocrx_word' id='word_1_528' title='bbox 1874 3917 1961 3972; x_wconf 82' lang='lat' dir='ltr'><strong>ille</strong></span> <span class='ocrx_word' id='word_1_529' title='bbox 1986 3929 2087 3973; x_wconf 88' lang='lat' dir='ltr'><strong>est.</strong></span> <span class='ocrx_word' id='word_1_530' title='bbox 2123 3938 2140 3970; x_wconf 73' lang='grc' dir='ltr'>ι</span> 
     </span>
    </p>
   </div>
   <div class='ocr_carea' id='block_1_70' title="bbox 568 4008 2141 4077">
    <p class='ocr_par' dir='ltr' id='par_1_70' title="bbox 568 4008 2141 4077">
     <span class='ocr_line' id='line_1_70' title="bbox 568 4008 2141 4077; baseline 0.001 -14"><span class='ocrx_word' id='word_1_531' title='bbox 568 4010 667 4077; x_wconf 86' lang='lat' dir='ltr'><strong>Qui</strong></span> <span class='ocrx_word' id='word_1_532' title='bbox 694 4010 998 4077; x_wconf 81' lang='lat' dir='ltr'><strong>rcSpondit:</strong></span> <span class='ocrx_word' id='word_1_533' title='bbox 1025 4029 1043 4061; x_wconf 81' lang='grc' dir='ltr'><strong>ι</strong></span> <span class='ocrx_word' id='word_1_534' title='bbox 1067 4008 1264 4075; x_wconf 86' lang='lat' dir='ltr'><strong>Credo,</strong></span> <span class='ocrx_word' id='word_1_535' title='bbox 1289 4010 1532 4067; x_wconf 88' lang='lat' dir='ltr'><strong>Domine.</strong></span> <span class='ocrx_word' id='word_1_536' title='bbox 1557 4011 1623 4066; x_wconf 87' lang='lat' dir='ltr'><strong>Et</strong></span> <span class='ocrx_word' id='word_1_537' title='bbox 1641 4012 2106 4067; x_wconf 79' lang='lat' dir='ltr'><strong>adoraviteum&quot;.</strong></span> <span class='ocrx_word' id='word_1_538' title='bbox 2123 4033 2141 4065; x_wconf 73' lang='grc' dir='ltr'><strong>ι</strong></span> 
     </span>
    </p>
   </div>
   <div class='ocr_carea' id='block_1_71' title="bbox 568 4102 2145 4173">
    <p class='ocr_par' dir='ltr' id='par_1_71' title="bbox 568 4102 2145 4173">
     <span class='ocr_line' id='line_1_71' title="bbox 568 4102 2145 4173; baseline 0.003 -18"><span class='ocrx_word' id='word_1_539' title='bbox 568 4102 853 4170; x_wconf 87' lang='lat' dir='ltr'><strong>Quomodo</strong></span> <span class='ocrx_word' id='word_1_540' title='bbox 882 4102 1044 4173; x_wconf 81' lang='lat' dir='ltr'><strong>igitur</strong></span> <span class='ocrx_word' id='word_1_541' title='bbox 1076 4118 1181 4158; x_wconf 91' lang='lat' dir='ltr'><strong>non</strong></span> <span class='ocrx_word' id='word_1_542' title='bbox 1228 4105 1299 4159; x_wconf 92' lang='lat' dir='ltr'><strong>sit</strong></span> <span class='ocrx_word' id='word_1_543' title='bbox 1327 4104 1579 4159; x_wconf 90' lang='lat' dir='ltr'><strong>omnibus</strong></span> <span class='ocrx_word' id='word_1_544' title='bbox 1612 4104 1981 4169; x_wconf 80' lang='lat' dir='ltr'><strong>manifestum,</strong></span> <span class='ocrx_word' id='word_1_545' title='bbox 2008 4106 2145 4159; x_wconf 78' lang='lat' dir='ltr'><strong>divi-</strong></span> 
     </span>
    </p>
   </div>
   <div class='ocr_carea' id='block_1_72' title="bbox 572 4195 2144 4267">
    <p class='ocr_par' dir='ltr' id='par_1_72' title="bbox 572 4195 2144 4267">
     <span class='ocr_line' id='line_1_72' title="bbox 572 4195 2144 4267; baseline 0.002 -19"><span class='ocrx_word' id='word_1_546' title='bbox 572 4210 696 4248; x_wconf 86' lang='lat' dir='ltr'><strong>nam</strong></span> <span class='ocrx_word' id='word_1_547' title='bbox 726 4211 787 4249; x_wconf 89' lang='lat' dir='ltr'><strong>ac</strong></span> <span class='ocrx_word' id='word_1_548' title='bbox 809 4210 1119 4265; x_wconf 87' lang='lat' dir='ltr'><strong>supremam</strong></span> <span class='ocrx_word' id='word_1_549' title='bbox 1155 4206 1405 4251; x_wconf 90' lang='lat' dir='ltr'><strong>naturam</strong></span> <span class='ocrx_word' id='word_1_550' title='bbox 1429 4195 1605 4251; x_wconf 88' lang='lat' dir='ltr'><strong>oculis</strong></span> <span class='ocrx_word' id='word_1_551' title='bbox 1634 4197 1783 4251; x_wconf 89' lang='lat' dir='ltr'><strong>cerni</strong></span> <span class='ocrx_word' id='word_1_552' title='bbox 1818 4212 1845 4250; x_wconf 90' lang='lat' dir='ltr'><strong>a</strong></span> <span class='ocrx_word' id='word_1_553' title='bbox 1872 4212 2144 4267; x_wconf 89' lang='lat' dir='ltr'><strong>quoquam</strong></span> 
     </span>
    </p>
   </div>
   <div class='ocr_carea' id='block_1_73' title="bbox 570 4288 2147 4358">
    <p class='ocr_par' dir='ltr' id='par_1_73' title="bbox 570 4288 2147 4358">
     <span class='ocr_line' id='line_1_73' title="bbox 570 4288 2147 4358; baseline -0.001 -15"><span class='ocrx_word' id='word_1_554' title='bbox 570 4303 675 4343; x_wconf 89' lang='lat' dir='ltr'><strong>non</strong></span> <span class='ocrx_word' id='word_1_555' title='bbox 710 4289 905 4357; x_wconf 88' lang='lat' dir='ltr'><strong>posse?</strong></span> <span class='ocrx_word' id='word_1_556' title='bbox 942 4307 959 4339; x_wconf 73' lang='grc' dir='ltr'>ι</span> <span class='ocrx_word' id='word_1_557' title='bbox 1008 4289 1173 4343; x_wconf 92' lang='lat' dir='ltr'><strong>Deum</strong></span> <span class='ocrx_word' id='word_1_558' title='bbox 1202 4288 1347 4341; x_wconf 88' lang='lat' dir='ltr'><strong>enim</strong></span> <span class='ocrx_word' id='word_1_559' title='bbox 1379 4302 1538 4343; x_wconf 89' lang='lat' dir='ltr'><strong>nemo</strong></span> <span class='ocrx_word' id='word_1_560' title='bbox 1578 4288 1710 4341; x_wconf 90' lang='lat' dir='ltr'><strong>vidit</strong></span> <span class='ocrx_word' id='word_1_561' title='bbox 1738 4304 1998 4358; x_wconf 86' lang='lat' dir='ltr'><strong>unquam,</strong></span> <span class='ocrx_word' id='word_1_562' title='bbox 2038 4309 2055 4341; x_wconf 80' lang='lat' dir='ltr'>l</span> <span class='ocrx_word' id='word_1_563' title='bbox 2088 4298 2147 4343; x_wconf 90' lang='lat' dir='ltr'><strong>ut</strong></span> 
     </span>
    </p>
   </div>
   <div class='ocr_carea' id='block_1_74' title="bbox 567 4378 2143 4452">
    <p class='ocr_par' dir='ltr' id='par_1_74' title="bbox 567 4378 2143 4452">
     <span class='ocr_line' id='line_1_74' title="bbox 567 4378 2143 4452; baseline -0.002 -15"><span class='ocrx_word' id='word_1_564' title='bbox 567 4382 826 4452; x_wconf 81' lang='lat' dir='ltr'><strong>scriptum</strong></span> <span class='ocrx_word' id='word_1_565' title='bbox 858 4392 944 4435; x_wconf 63' lang='lat' dir='ltr'><strong>est</strong></span> <span class='ocrx_word' id='word_1_566' title='bbox 979 4379 1045 4434; x_wconf 77' lang='lat'><strong>“.</strong></span> <span class='ocrx_word' id='word_1_567' title='bbox 1094 4380 1149 4435; x_wconf 90' lang='lat' dir='ltr'><strong>Si</strong></span> <span class='ocrx_word' id='word_1_568' title='bbox 1184 4395 1314 4450; x_wconf 86' lang='lat' dir='ltr'><strong>ergo</strong></span> <span class='ocrx_word' id='word_1_569' title='bbox 1345 4378 1684 4449; x_wconf 53' lang='lat' dir='ltr'><strong>distinguens</strong></span> <span class='ocrx_word' id='word_1_570' title='bbox 1709 4394 1861 4433; x_wconf 82' lang='lat' dir='ltr'><strong>suam</strong></span> <span class='ocrx_word' id='word_1_571' title='bbox 1893 4380 2143 4435; x_wconf 86' lang='lat' dir='ltr'><strong>humani-</strong></span> 
     </span>
    </p>
   </div>
   <div class='ocr_carea' id='block_1_75' title="bbox 569 4470 2145 4540">
    <p class='ocr_par' dir='ltr' id='par_1_75' title="bbox 569 4470 2145 4540">
     <span class='ocr_line' id='line_1_75' title="bbox 569 4470 2145 4540; baseline 0.001 -14"><span class='ocrx_word' id='word_1_572' title='bbox 569 4484 753 4537; x_wconf 87' lang='lat' dir='ltr'><strong>tatem,</strong></span> <span class='ocrx_word' id='word_1_573' title='bbox 787 4483 842 4526; x_wconf 90' lang='lat' dir='ltr'><strong>ut</strong></span> <span class='ocrx_word' id='word_1_574' title='bbox 879 4473 980 4527; x_wconf 89' lang='lat' dir='ltr'><strong>hoc</strong></span> <span class='ocrx_word' id='word_1_575' title='bbox 1018 4473 1195 4540; x_wconf 88' lang='lat' dir='ltr'><strong>ipsum</strong></span> <span class='ocrx_word' id='word_1_576' title='bbox 1235 4485 1502 4540; x_wconf 81' lang='lat' dir='ltr'><strong>apparens</strong></span> <span class='ocrx_word' id='word_1_577' title='bbox 1539 4485 1603 4524; x_wconf 76' lang='lat' dir='ltr'><strong>ex</strong></span> <span class='ocrx_word' id='word_1_578' title='bbox 1657 4470 1763 4523; x_wconf 81' lang='lat' dir='ltr'><strong>Deo</strong></span> <span class='ocrx_word' id='word_1_579' title='bbox 1800 4470 1961 4527; x_wconf 87' lang='lat' dir='ltr'><strong>Patre</strong></span> <span class='ocrx_word' id='word_1_580' title='bbox 2012 4472 2145 4527; x_wconf 82' lang='lat' dir='ltr'><strong>Ver-</strong></span> 
     </span>
    </p>
   </div>
   <div class='ocr_carea' id='block_1_76' title="bbox 2255 3269 3849 3343">
    <p class='ocr_par' dir='ltr' id='par_1_76' title="bbox 2255 3269 3849 3343">
     <span class='ocr_line' id='line_1_76' title="bbox 2255 3269 3849 3343; baseline -0.001 -18"><span class='ocrx_word' id='word_1_581' title='bbox 2255 3273 2476 3341; x_wconf 77' lang='grc' dir='ltr'>τυφλὸν,</span> <span class='ocrx_word' id='word_1_582' title='bbox 2514 3274 2607 3325; x_wconf 73' lang='grc' dir='ltr'><strong>καὶ</strong></span> <span class='ocrx_word' id='word_1_583' title='bbox 2636 3273 2697 3325; x_wconf 81' lang='grc' dir='ltr'>τὸ</span> <span class='ocrx_word' id='word_1_584' title='bbox 2724 3272 2899 3340; x_wconf 81' lang='grc' dir='ltr'>γλυκὺ</span> <span class='ocrx_word' id='word_1_585' title='bbox 2932 3271 3052 3343; x_wconf 81' lang='grc' dir='ltr'>μὲν,</span> <span class='ocrx_word' id='word_1_586' title='bbox 3080 3271 3248 3342; x_wconf 82' lang='grc' dir='ltr'>ἄηθες</span> <span class='ocrx_word' id='word_1_587' title='bbox 3289 3271 3333 3322; x_wconf 80' lang='grc' dir='ltr'>δ’</span> <span class='ocrx_word' id='word_1_588' title='bbox 3362 3270 3475 3337; x_wconf 83' lang='grc' dir='ltr'>οὖν,</span> <span class='ocrx_word' id='word_1_589' title='bbox 3506 3269 3849 3339; x_wconf 75' lang='grc' dir='ltr'>ὲπεφύτευσε</span> 
     </span>
    </p>
   </div>
   <div class='ocr_carea' id='block_1_77' title="bbox 2257 3362 3849 3435">
    <p class='ocr_par' dir='ltr' id='par_1_77' title="bbox 2257 3362 3849 3435">
     <span class='ocr_line' id='line_1_77' title="bbox 2257 3362 3849 3435; baseline -0.001 -18"><span class='ocrx_word' id='word_1_590' title='bbox 2257 3364 2374 3434; x_wconf 82' lang='grc' dir='ltr'><strong>φῶς</strong></span> <span class='ocrx_word' id='word_1_591' title='bbox 2405 3363 2577 3435; x_wconf 78' lang='grc' dir='ltr'>αὐτῷ,</span> <span class='ocrx_word' id='word_1_592' title='bbox 2609 3362 2761 3435; x_wconf 83' lang='grc' dir='ltr'>παρὰ</span> <span class='ocrx_word' id='word_1_593' title='bbox 2787 3364 3004 3418; x_wconf 84' lang='grc' dir='ltr'>πάντων</span> <span class='ocrx_word' id='word_1_594' title='bbox 3038 3362 3265 3427; x_wconf 86' lang='grc' dir='ltr'>εἰκότως</span> <span class='ocrx_word' id='word_1_595' title='bbox 3294 3363 3653 3433; x_wconf 68' lang='grc' dir='ltr'>ἐθαυμάζετο.</span> <span class='ocrx_word' id='word_1_596' title='bbox 3703 3363 3849 3415; x_wconf 67' lang='grc' dir='ltr'>Ἀλλ’</span> 
     </span>
    </p>
   </div>
   <div class='ocr_carea' id='block_1_78' title="bbox 2253 3456 3849 3527">
    <p class='ocr_par' dir='ltr' id='par_1_78' title="bbox 2253 3456 3849 3527">
     <span class='ocr_line' id='line_1_78' title="bbox 2253 3456 3849 3527; baseline -0.001 -17"><span class='ocrx_word' id='word_1_597' title='bbox 2253 3459 2281 3510; x_wconf 86' lang='grc' dir='ltr'>ὁ</span> <span class='ocrx_word' id='word_1_598' title='bbox 2329 3457 2430 3527; x_wconf 76' lang='grc' dir='ltr'><strong>μὲν</strong></span> <span class='ocrx_word' id='word_1_599' title='bbox 2479 3456 2574 3510; x_wconf 88' lang='grc' dir='ltr'><strong>τοῦ</strong></span> <span class='ocrx_word' id='word_1_600' title='bbox 2617 3457 2825 3520; x_wconf 78' lang='grc' dir='ltr'>πάθους</span> <span class='ocrx_word' id='word_1_601' title='bbox 2876 3456 3299 3527; x_wconf 80' lang='grc' dir='ltr'>ἀπηλλαγμένος</span> <span class='ocrx_word' id='word_1_602' title='bbox 3355 3456 3505 3527; x_wconf 86' lang='grc' dir='ltr'><strong>παρά</strong></span> <span class='ocrx_word' id='word_1_603' title='bbox 3543 3460 3655 3520; x_wconf 80' lang='grc' dir='ltr'>τοῖς</span> <span class='ocrx_word' id='word_1_604' title='bbox 3714 3459 3849 3510; x_wconf 64' lang='lat' dir='ltr'><strong>“los-</strong></span> 
     </span>
    </p>
   </div>
   <div class='ocr_carea' id='block_1_79' title="bbox 2252 3546 3848 3621">
    <p class='ocr_par' dir='ltr' id='par_1_79' title="bbox 2252 3546 3848 3621">
     <span class='ocr_line' id='line_1_79' title="bbox 2252 3546 3848 3621; baseline -0.001 -22"><span class='ocrx_word' id='word_1_605' title='bbox 2252 3547 2424 3611; x_wconf 87' lang='grc' dir='ltr'>δαίοις</span> <span class='ocrx_word' id='word_1_606' title='bbox 2470 3546 2741 3621; x_wconf 83' lang='grc' dir='ltr'>ἐκρίνετο,</span> <span class='ocrx_word' id='word_1_607' title='bbox 2782 3547 2877 3599; x_wconf 76' lang='grc' dir='ltr'>καὶ</span> <span class='ocrx_word' id='word_1_608' title='bbox 2914 3546 3187 3617; x_wconf 81' lang='grc' dir='ltr'>ὡμολόγει</span> <span class='ocrx_word' id='word_1_609' title='bbox 3231 3546 3323 3599; x_wconf 82' lang='grc' dir='ltr'><strong>τὸν</strong></span> <span class='ocrx_word' id='word_1_610' title='bbox 3364 3546 3564 3615; x_wconf 70' lang='grc' dir='ltr'>ἰατρόνο</span> <span class='ocrx_word' id='word_1_611' title='bbox 3606 3547 3848 3612; x_wconf 69' lang='grc' dir='ltr'>Χριστὸς</span> 
     </span>
    </p>
   </div>
   <div class='ocr_carea' id='block_1_80' title="bbox 2251 3636 3849 3709">
    <p class='ocr_par' dir='ltr' id='par_1_80' title="bbox 2251 3636 3849 3709">
     <span class='ocr_line' id='line_1_80' title="bbox 2251 3636 3849 3709; baseline -0.001 -18"><span class='ocrx_word' id='word_1_612' title='bbox 2251 3638 2308 3691; x_wconf 79' lang='grc' dir='ltr'>δὲ</span> <span class='ocrx_word' id='word_1_613' title='bbox 2341 3638 2487 3709; x_wconf 79' lang='grc' dir='ltr'>αύτῷ</span> <span class='ocrx_word' id='word_1_614' title='bbox 2534 3637 2873 3709; x_wconf 84' lang='grc' dir='ltr'>περιτυχὼν,</span> <span class='ocrx_word' id='word_1_615' title='bbox 2924 3657 2941 3687; x_wconf 79' lang='lat' dir='ltr'><strong>t</strong></span> <span class='ocrx_word' id='word_1_616' title='bbox 2986 3638 3059 3691; x_wconf 79' lang='grc' dir='ltr'>Σὺ</span> <span class='ocrx_word' id='word_1_617' title='bbox 3116 3636 3414 3700; x_wconf 80' lang='grc' dir='ltr'>πιστεύεις,</span> <span class='ocrx_word' id='word_1_618' title='bbox 3469 3638 3731 3706; x_wconf 77' lang='grc' dir='ltr'>ἔφασκεν,</span> <span class='ocrx_word' id='word_1_619' title='bbox 3768 3641 3849 3699; x_wconf 80' lang='grc' dir='ltr'><strong>εἰς</strong></span> 
     </span>
    </p>
   </div>
   <div class='ocr_carea' id='block_1_81' title="bbox 2252 3734 3843 3805">
    <p class='ocr_par' dir='ltr' id='par_1_81' title="bbox 2252 3734 3843 3805">
     <span class='ocr_line' id='line_1_81' title="bbox 2252 3734 3843 3805; baseline -0.001 -16"><span class='ocrx_word' id='word_1_620' title='bbox 2252 3737 2344 3789; x_wconf 68' lang='grc' dir='ltr'><strong>τὸν</strong></span> <span class='ocrx_word' id='word_1_621' title='bbox 2375 3736 2504 3789; x_wconf 72' lang='grc' dir='ltr'>Υἱὲν</span> <span class='ocrx_word' id='word_1_622' title='bbox 2535 3736 2630 3789; x_wconf 90' lang='grc' dir='ltr'><strong>τοῦ</strong></span> <span class='ocrx_word' id='word_1_623' title='bbox 2648 3734 2784 3789; x_wconf 88' lang='grc' dir='ltr'><strong>Θεοῦ</strong></span> <span class='ocrx_word' id='word_1_624' title='bbox 2811 3752 2824 3799; x_wconf 91' lang='lat'><strong>;</strong></span> <span class='ocrx_word' id='word_1_625' title='bbox 2866 3753 2884 3785; x_wconf 74' lang='grc' dir='ltr'>ι</span> <span class='ocrx_word' id='word_1_626' title='bbox 2921 3734 3027 3788; x_wconf 88' lang='grc' dir='ltr'><strong>Τοῦ</strong></span> <span class='ocrx_word' id='word_1_627' title='bbox 3050 3734 3128 3801; x_wconf 82' lang='grc' dir='ltr'><strong>δὲ,</strong></span> <span class='ocrx_word' id='word_1_628' title='bbox 3160 3735 3241 3799; x_wconf 70' lang='grc' dir='ltr'><strong>τὸ,</strong></span> <span class='ocrx_word' id='word_1_629' title='bbox 3265 3755 3283 3787; x_wconf 85' lang='grc'><em>‹</em></span> <span class='ocrx_word' id='word_1_630' title='bbox 3313 3735 3407 3797; x_wconf 80' lang='grc' dir='ltr'><strong>Τίς</strong></span> <span class='ocrx_word' id='word_1_631' title='bbox 3435 3736 3571 3800; x_wconf 84' lang='grc' dir='ltr'>ἐστι,</span> <span class='ocrx_word' id='word_1_632' title='bbox 3594 3734 3792 3805; x_wconf 79' lang='grc' dir='ltr'>Κύριε,</span> <span class='ocrx_word' id='word_1_633' title='bbox 3825 3755 3843 3786; x_wconf 75' lang='grc' dir='ltr'>ι</span> 
     </span>
    </p>
   </div>
   <div class='ocr_carea' id='block_1_82' title="bbox 2250 3826 3847 3900">
    <p class='ocr_par' dir='ltr' id='par_1_82' title="bbox 2250 3826 3847 3900">
     <span class='ocr_line' id='line_1_82' title="bbox 2250 3826 3847 3900; baseline -0.001 -20"><span class='ocrx_word' id='word_1_634' title='bbox 2250 3827 2697 3900; x_wconf 87' lang='grc' dir='ltr'>διακεκραγότος,</span> <span class='ocrx_word' id='word_1_635' title='bbox 2729 3846 2747 3880; x_wconf 80' lang='grc' dir='ltr'><strong>ι</strong></span> <span class='ocrx_word' id='word_1_636' title='bbox 2789 3829 2875 3881; x_wconf 79' lang='grc' dir='ltr'>ἵνα</span> <span class='ocrx_word' id='word_1_637' title='bbox 2910 3826 3185 3880; x_wconf 84' lang='grc' dir='ltr'>πιστεύσω</span> <span class='ocrx_word' id='word_1_638' title='bbox 3212 3830 3290 3890; x_wconf 82' lang='grc' dir='ltr'><strong>εἰς</strong></span> <span class='ocrx_word' id='word_1_639' title='bbox 3313 3827 3511 3890; x_wconf 79' lang='grc' dir='ltr'>αύτόνς</span> <span class='ocrx_word' id='word_1_640' title='bbox 3545 3846 3562 3876; x_wconf 74' lang='grc' dir='ltr'><strong>ι</strong></span> <span class='ocrx_word' id='word_1_641' title='bbox 3595 3828 3847 3897; x_wconf 65' lang='grc' dir='ltr'>ἀντεᾳὼ-</span> 
     </span>
    </p>
   </div>
   <div class='ocr_carea' id='block_1_83' title="bbox 2250 3919 3845 3989">
    <p class='ocr_par' dir='ltr' id='par_1_83' title="bbox 2250 3919 3845 3989">
     <span class='ocr_line' id='line_1_83' title="bbox 2250 3919 3845 3989; baseline 0 -16"><span class='ocrx_word' id='word_1_642' title='bbox 2250 3937 2331 3974; x_wconf 90' lang='grc' dir='ltr'><strong>νει</strong></span> <span class='ocrx_word' id='word_1_643' title='bbox 2365 3920 2560 3989; x_wconf 76' lang='grc' dir='ltr'>λέγων’</span> <span class='ocrx_word' id='word_1_644' title='bbox 2604 3940 2621 3973; x_wconf 83' lang='lat' dir='ltr'><strong>t</strong></span> <span class='ocrx_word' id='word_1_645' title='bbox 2670 3920 2782 3974; x_wconf 76' lang='grc' dir='ltr'><strong>Καὶ</strong></span> <span class='ocrx_word' id='word_1_646' title='bbox 2817 3920 3068 3989; x_wconf 75' lang='grc' dir='ltr'>ἑώρακας</span> <span class='ocrx_word' id='word_1_647' title='bbox 3108 3919 3289 3982; x_wconf 72' lang='grc' dir='ltr'>αὐτὸν,</span> <span class='ocrx_word' id='word_1_648' title='bbox 3320 3922 3410 3972; x_wconf 75' lang='grc' dir='ltr'><strong>καὶ</strong></span> <span class='ocrx_word' id='word_1_649' title='bbox 3441 3920 3468 3970; x_wconf 88' lang='grc' dir='ltr'>ὁ</span> <span class='ocrx_word' id='word_1_650' title='bbox 3500 3919 3674 3972; x_wconf 83' lang='grc' dir='ltr'>λαλῶν</span> <span class='ocrx_word' id='word_1_651' title='bbox 3704 3921 3845 3989; x_wconf 68' lang='grc' dir='ltr'>μετὰ</span> 
     </span>
    </p>
   </div>
   <div class='ocr_carea' id='block_1_84' title="bbox 2251 4007 3839 4078">
    <p class='ocr_par' dir='ltr' id='par_1_84' title="bbox 2251 4007 3839 4078">
     <span class='ocr_line' id='line_1_84' title="bbox 2251 4007 3839 4078; baseline -0.002 -15"><span class='ocrx_word' id='word_1_652' title='bbox 2251 4011 2369 4077; x_wconf 89' lang='grc' dir='ltr'>σοῦ,</span> <span class='ocrx_word' id='word_1_653' title='bbox 2399 4011 2602 4075; x_wconf 80' lang='grc' dir='ltr'>ἐκεῖνός</span> <span class='ocrx_word' id='word_1_654' title='bbox 2634 4011 2799 4063; x_wconf 74' lang='grc' dir='ltr'>ἐστιν.</span> <span class='ocrx_word' id='word_1_655' title='bbox 2844 4029 2860 4061; x_wconf 73' lang='grc' dir='ltr'><strong>ι</strong></span> <span class='ocrx_word' id='word_1_656' title='bbox 2909 4010 2968 4062; x_wconf 80' lang='lat'><strong>‘0</strong></span> <span class='ocrx_word' id='word_1_657' title='bbox 2998 4009 3053 4061; x_wconf 83' lang='grc' dir='ltr'>δὲ</span> <span class='ocrx_word' id='word_1_658' title='bbox 3112 4008 3238 4078; x_wconf 74' lang='grc' dir='ltr'><strong>ἔφη’</strong></span> <span class='ocrx_word' id='word_1_659' title='bbox 3276 4028 3292 4058; x_wconf 85' lang='grc' dir='ltr'>ι</span> <span class='ocrx_word' id='word_1_660' title='bbox 3346 4007 3612 4070; x_wconf 86' lang='grc' dir='ltr'>Πιστεύω,</span> <span class='ocrx_word' id='word_1_661' title='bbox 3644 4008 3839 4077; x_wconf 81' lang='grc' dir='ltr'>Κύριε.</span> 
     </span>
    </p>
   </div>
   <div class='ocr_carea' id='block_1_85' title="bbox 2250 4098 3841 4173">
    <p class='ocr_par' dir='ltr' id='par_1_85' title="bbox 2250 4098 3841 4173">
     <span class='ocr_line' id='line_1_85' title="bbox 2250 4098 3841 4173; baseline -0.003 -18"><span class='ocrx_word' id='word_1_662' title='bbox 2250 4102 2359 4157; x_wconf 73' lang='grc' dir='ltr'>Καὶ</span> <span class='ocrx_word' id='word_1_663' title='bbox 2394 4102 2798 4173; x_wconf 81' lang='grc' dir='ltr'>προσεκύνησεν</span> <span class='ocrx_word' id='word_1_664' title='bbox 2844 4099 3011 4171; x_wconf 82' lang='grc' dir='ltr'>αύτῷ.</span> <span class='ocrx_word' id='word_1_665' title='bbox 3058 4119 3075 4152; x_wconf 75' lang='grc' dir='ltr'>ι</span> <span class='ocrx_word' id='word_1_666' title='bbox 3122 4100 3311 4153; x_wconf 80' lang='grc' dir='ltr'>Καίτοι</span> <span class='ocrx_word' id='word_1_667' title='bbox 3356 4099 3469 4162; x_wconf 81' lang='grc' dir='ltr'><strong>πῶς</strong></span> <span class='ocrx_word' id='word_1_668' title='bbox 3521 4100 3619 4168; x_wconf 69' lang='grc' dir='ltr'><strong>οὺχ</strong></span> <span class='ocrx_word' id='word_1_669' title='bbox 3667 4098 3841 4152; x_wconf 78' lang='grc' dir='ltr'>ἅπασι</span> 
     </span>
    </p>
   </div>
   <div class='ocr_carea' id='block_1_86' title="bbox 2253 4190 3836 4265">
    <p class='ocr_par' dir='ltr' id='par_1_86' title="bbox 2253 4190 3836 4265">
     <span class='ocr_line' id='line_1_86' title="bbox 2253 4190 3836 4265; baseline -0.003 -17"><span class='ocrx_word' id='word_1_670' title='bbox 2253 4195 2555 4265; x_wconf 80' lang='grc' dir='ltr'>συμφανὲς,</span> <span class='ocrx_word' id='word_1_671' title='bbox 2584 4194 2659 4258; x_wconf 84' lang='grc' dir='ltr'>ὠς</span> <span class='ocrx_word' id='word_1_672' title='bbox 2706 4194 2906 4254; x_wconf 86' lang='grc' dir='ltr'>ἀοπτος</span> <span class='ocrx_word' id='word_1_673' title='bbox 2937 4191 3216 4256; x_wconf 79' lang='grc' dir='ltr'>παντελῶς</span> <span class='ocrx_word' id='word_1_674' title='bbox 3245 4193 3276 4261; x_wconf 80' lang='grc' dir='ltr'>ἡ</span> <span class='ocrx_word' id='word_1_675' title='bbox 3313 4190 3431 4244; x_wconf 88' lang='grc' dir='ltr'>θεία</span> <span class='ocrx_word' id='word_1_676' title='bbox 3461 4208 3519 4243; x_wconf 86' lang='grc' dir='ltr'><strong>τε</strong></span> <span class='ocrx_word' id='word_1_677' title='bbox 3566 4190 3659 4242; x_wconf 77' lang='grc' dir='ltr'><strong>καί</strong></span> <span class='ocrx_word' id='word_1_678' title='bbox 3697 4192 3836 4243; x_wconf 82' lang='grc' dir='ltr'>ἀνω-</span> 
     </span>
    </p>
   </div>
   <div class='ocr_carea' id='block_1_87' title="bbox 2250 4282 3828 4356">
    <p class='ocr_par' dir='ltr' id='par_1_87' title="bbox 2250 4282 3828 4356">
     <span class='ocr_line' id='line_1_87' title="bbox 2250 4282 3828 4356; baseline -0.005 -17"><span class='ocrx_word' id='word_1_679' title='bbox 2250 4287 2397 4340; x_wconf 81' lang='grc' dir='ltr'>τάτω</span> <span class='ocrx_word' id='word_1_680' title='bbox 2446 4286 2645 4356; x_wconf 70' lang='grc' dir='ltr'>φύσις,</span> <span class='ocrx_word' id='word_1_681' title='bbox 2697 4304 2715 4338; x_wconf 82' lang='lat' dir='ltr'><strong>t</strong></span> <span class='ocrx_word' id='word_1_682' title='bbox 2767 4286 2901 4339; x_wconf 71' lang='grc' dir='ltr'>Θεὸν</span> <span class='ocrx_word' id='word_1_683' title='bbox 2930 4285 3038 4356; x_wconf 82' lang='grc' dir='ltr'><strong>γὰρ</strong></span> <span class='ocrx_word' id='word_1_684' title='bbox 3079 4284 3251 4346; x_wconf 77' lang='grc' dir='ltr'>οὐδεὶς</span> <span class='ocrx_word' id='word_1_685' title='bbox 3285 4283 3491 4354; x_wconf 78' lang='grc' dir='ltr'>ἑώρακε</span> <span class='ocrx_word' id='word_1_686' title='bbox 3532 4282 3770 4345; x_wconf 82' lang='grc' dir='ltr'>πώποτε,</span> <span class='ocrx_word' id='word_1_687' title='bbox 3811 4301 3828 4331; x_wconf 78' lang='grc' dir='ltr'><strong>ι</strong></span> 
     </span>
    </p>
   </div>
   <div class='ocr_carea' id='block_1_88' title="bbox 2248 4373 3841 4449">
    <p class='ocr_par' dir='ltr' id='par_1_88' title="bbox 2248 4373 3841 4449">
     <span class='ocr_line' id='line_1_88' title="bbox 2248 4373 3841 4449; baseline -0.003 -17"><span class='ocrx_word' id='word_1_688' title='bbox 2248 4378 2391 4432; x_wconf 85' lang='grc' dir='ltr'>κατὰ</span> <span class='ocrx_word' id='word_1_689' title='bbox 2418 4379 2478 4432; x_wconf 79' lang='grc' dir='ltr'><strong>τὸ</strong></span> <span class='ocrx_word' id='word_1_690' title='bbox 2512 4378 2916 4449; x_wconf 82' lang='grc' dir='ltr'>γεγραμμένον.</span> <span class='ocrx_word' id='word_1_691' title='bbox 2950 4378 3120 4447; x_wconf 82' lang='grc' dir='ltr'>Εἴπερ</span> <span class='ocrx_word' id='word_1_692' title='bbox 3170 4373 3262 4429; x_wconf 79' lang='grc' dir='ltr'><strong>οὖν</strong></span> <span class='ocrx_word' id='word_1_693' title='bbox 3308 4376 3513 4439; x_wconf 85' lang='grc' dir='ltr'>διιστὰς</span> <span class='ocrx_word' id='word_1_694' title='bbox 3552 4375 3746 4429; x_wconf 82' lang='grc' dir='ltr'>ἑαυτοῦ</span> <span class='ocrx_word' id='word_1_695' title='bbox 3779 4377 3841 4428; x_wconf 75' lang='grc' dir='ltr'>τὸ</span> 
     </span>
    </p>
   </div>
   <div class='ocr_carea' id='block_1_89' title="bbox 2251 4465 3840 4542">
    <p class='ocr_par' dir='ltr' id='par_1_89' title="bbox 2251 4465 3840 4542">
     <span class='ocr_line' id='line_1_89' title="bbox 2251 4465 3840 4542; baseline -0.004 -19"><span class='ocrx_word' id='word_1_696' title='bbox 2251 4470 2616 4542; x_wconf 81' lang='grc' dir='ltr'>ἀνθρώπινον,</span> <span class='ocrx_word' id='word_1_697' title='bbox 2650 4469 2726 4534; x_wconf 87' lang='grc' dir='ltr'>ὡς</span> <span class='ocrx_word' id='word_1_698' title='bbox 2765 4470 2899 4524; x_wconf 74' lang='grc' dir='ltr'>αὐτὸ</span> <span class='ocrx_word' id='word_1_699' title='bbox 2944 4471 3009 4538; x_wconf 84' lang='grc' dir='ltr'>δὴ</span> <span class='ocrx_word' id='word_1_700' title='bbox 3057 4468 3216 4522; x_wconf 89' lang='grc' dir='ltr'>τοῦτο</span> <span class='ocrx_word' id='word_1_701' title='bbox 3251 4467 3508 4537; x_wconf 78' lang='grc' dir='ltr'>πεφηνὼς</span> <span class='ocrx_word' id='word_1_702' title='bbox 3540 4468 3568 4519; x_wconf 85' lang='grc' dir='ltr'><strong>ό</strong></span> <span class='ocrx_word' id='word_1_703' title='bbox 3602 4470 3665 4519; x_wconf 81' lang='grc' dir='ltr'>ἐκ</span> <span class='ocrx_word' id='word_1_704' title='bbox 3703 4465 3840 4518; x_wconf 74' lang='grc' dir='ltr'>Θεοῦ</span> 
     </span>
    </p>
   </div>
   <div class='ocr_carea' id='block_1_90' title="bbox 563 4558 2151 4632">
    <p class='ocr_par' dir='ltr' id='par_1_90' title="bbox 563 4560 2140 4632">
     <span class='ocr_line' id='line_1_90' title="bbox 563 4560 2140 4632; baseline -0.001 -15"><span class='ocrx_word' id='word_1_705' title='bbox 563 4564 713 4629; x_wconf 89' lang='lat' dir='ltr'><strong>bum,</strong></span> <span class='ocrx_word' id='word_1_706' title='bbox 747 4564 923 4618; x_wconf 82' lang='lat' dir='ltr'><strong>nudus</strong></span> <span class='ocrx_word' id='word_1_707' title='bbox 966 4579 1033 4616; x_wconf 87' lang='lat' dir='ltr'><strong>ae</strong></span> <span class='ocrx_word' id='word_1_708' title='bbox 1076 4562 1225 4618; x_wconf 89' lang='lat' dir='ltr'><strong>solus</strong></span> <span class='ocrx_word' id='word_1_709' title='bbox 1266 4561 1412 4617; x_wconf 91' lang='lat' dir='ltr'><strong>credi</strong></span> <span class='ocrx_word' id='word_1_710' title='bbox 1460 4560 1651 4627; x_wconf 84' lang='lat' dir='ltr'><strong>voluit,</strong></span> <span class='ocrx_word' id='word_1_711' title='bbox 1686 4572 1739 4616; x_wconf 91' lang='lat' dir='ltr'><strong>et</strong></span> <span class='ocrx_word' id='word_1_712' title='bbox 1780 4578 1985 4618; x_wconf 67' lang='lat' dir='ltr'><strong>caecum</strong></span> <span class='ocrx_word' id='word_1_713' title='bbox 2028 4562 2140 4632; x_wconf 87' lang='lat' dir='ltr'><strong>jam</strong></span> 
     </span>
    </p>
   </div>
   <div class='ocr_carea' id='block_1_91' title="bbox 2257 4558 3839 4632">
    <p class='ocr_par' dir='ltr' id='par_1_91' title="bbox 2257 4558 3839 4632">
     <span class='ocr_line' id='line_1_91' title="bbox 2257 4558 3839 4632; baseline -0.003 -19"><span class='ocrx_word' id='word_1_714' title='bbox 2257 4561 2472 4632; x_wconf 76' lang='grc' dir='ltr'>Πατρδς</span> <span class='ocrx_word' id='word_1_715' title='bbox 2497 4561 2688 4629; x_wconf 81' lang='grc' dir='ltr'>Λόγος,</span> <span class='ocrx_word' id='word_1_716' title='bbox 2722 4561 2929 4631; x_wconf 79' lang='grc' dir='ltr'>γυμνὸς</span> <span class='ocrx_word' id='word_1_717' title='bbox 2958 4560 3051 4614; x_wconf 74' lang='grc' dir='ltr'><strong>καὶ</strong></span> <span class='ocrx_word' id='word_1_718' title='bbox 3082 4560 3239 4631; x_wconf 84' lang='grc' dir='ltr'>μόνος</span> <span class='ocrx_word' id='word_1_719' title='bbox 3274 4560 3425 4629; x_wconf 72' lang='grc' dir='ltr'>ἠξίου</span> <span class='ocrx_word' id='word_1_720' title='bbox 3462 4558 3839 4621; x_wconf 75' lang='grc' dir='ltr'>πιστεύεσθαι,</span> 
     </span>
    </p>
   </div>
   <div class='ocr_carea' id='block_1_92' title="bbox 565 4654 2141 4724">
    <p class='ocr_par' dir='ltr' id='par_1_92' title="bbox 565 4654 2141 4724">
     <span class='ocr_line' id='line_1_92' title="bbox 565 4654 2141 4724; baseline -0.001 -13"><span class='ocrx_word' id='word_1_721' title='bbox 565 4664 811 4711; x_wconf 88' lang='lat' dir='ltr'><strong>curatum</strong></span> <span class='ocrx_word' id='word_1_722' title='bbox 858 4655 1143 4720; x_wconf 83' lang='lat' dir='ltr'><strong>hortatur,</strong></span> <span class='ocrx_word' id='word_1_723' title='bbox 1188 4671 1254 4708; x_wconf 88' lang='lat' dir='ltr'><strong>ne</strong></span> <span class='ocrx_word' id='word_1_724' title='bbox 1302 4656 1481 4724; x_wconf 86' lang='lat' dir='ltr'><strong>potius</strong></span> <span class='ocrx_word' id='word_1_725' title='bbox 1514 4669 1762 4723; x_wconf 64' lang='lat' dir='ltr'><strong>quaenam</strong></span> <span class='ocrx_word' id='word_1_726' title='bbox 1823 4654 1894 4709; x_wconf 91' lang='lat' dir='ltr'><strong>sit</strong></span> <span class='ocrx_word' id='word_1_727' title='bbox 1950 4665 2141 4710; x_wconf 87' lang='lat' dir='ltr'><strong>natura</strong></span> 
     </span>
    </p>
   </div>
   <div class='ocr_carea' id='block_1_93' title="bbox 568 4744 2145 4814">
    <p class='ocr_par' dir='ltr' id='par_1_93' title="bbox 568 4744 2145 4814">
     <span class='ocr_line' id='line_1_93' title="bbox 568 4744 2145 4814; baseline 0 -15"><span class='ocrx_word' id='word_1_728' title='bbox 568 4746 659 4800; x_wconf 88' lang='lat' dir='ltr'><strong>Dei</strong></span> <span class='ocrx_word' id='word_1_729' title='bbox 708 4760 892 4800; x_wconf 88' lang='lat' dir='ltr'><strong>secum</strong></span> <span class='ocrx_word' id='word_1_730' title='bbox 935 4744 1175 4814; x_wconf 81' lang='lat' dir='ltr'><strong>cogitet:</strong></span> <span class='ocrx_word' id='word_1_731' title='bbox 1204 4744 1297 4798; x_wconf 85' lang='lat' dir='ltr'><strong>sed</strong></span> <span class='ocrx_word' id='word_1_732' title='bbox 1334 4745 1513 4813; x_wconf 82' lang='lat' dir='ltr'><strong>potius</strong></span> <span class='ocrx_word' id='word_1_733' title='bbox 1558 4744 1922 4811; x_wconf 72' lang='lat' dir='ltr'><strong>corporaliter</strong></span> <span class='ocrx_word' id='word_1_734' title='bbox 1962 4755 2145 4801; x_wconf 85' lang='lat' dir='ltr'><strong>osten-</strong></span> 
     </span>
    </p>
   </div>
   <div class='ocr_carea' id='block_1_94' title="bbox 563 4835 2141 4906">
    <p class='ocr_par' dir='ltr' id='par_1_94' title="bbox 563 4835 2141 4906">
     <span class='ocr_line' id='line_1_94' title="bbox 563 4835 2141 4906; baseline 0.002 -17"><span class='ocrx_word' id='word_1_735' title='bbox 563 4838 663 4901; x_wconf 91' lang='lat' dir='ltr'><strong>dit,</strong></span> <span class='ocrx_word' id='word_1_736' title='bbox 690 4837 760 4890; x_wconf 88' lang='lat' dir='ltr'><strong>ita</strong></span> <span class='ocrx_word' id='word_1_737' title='bbox 782 4836 1030 4890; x_wconf 90' lang='lat' dir='ltr'><strong>utoculis</strong></span> <span class='ocrx_word' id='word_1_738' title='bbox 1054 4837 1185 4906; x_wconf 89' lang='lat' dir='ltr'><strong>ipsis</strong></span> <span class='ocrx_word' id='word_1_739' title='bbox 1209 4836 1526 4906; x_wconf 90' lang='lat' dir='ltr'><strong>conspicere</strong></span> <span class='ocrx_word' id='word_1_740' title='bbox 1551 4835 1740 4890; x_wconf 86' lang='lat' dir='ltr'><strong>liceret</strong></span> <span class='ocrx_word' id='word_1_741' title='bbox 1778 4836 1932 4905; x_wconf 77' lang='lat' dir='ltr'><strong>(dixit</strong></span> <span class='ocrx_word' id='word_1_742' title='bbox 1961 4837 2141 4892; x_wconf 90' lang='lat' dir='ltr'><strong>enim:</strong></span> 
     </span>
    </p>
   </div>
   <div class='ocr_carea' id='block_1_95' title="bbox 566 4929 2144 5003">
    <p class='ocr_par' dir='ltr' id='par_1_95' title="bbox 566 4929 2144 5003">
     <span class='ocr_line' id='line_1_95' title="bbox 566 4929 2144 5003; baseline 0.003 -19"><span class='ocrx_word' id='word_1_743' title='bbox 566 4929 729 5003; x_wconf 64' lang='grc'><strong>704</strong></span> <span class='ocrx_word' id='word_1_744' title='bbox 760 4930 823 4983; x_wconf 82' lang='lat' dir='ltr'><strong>Et</strong></span> <span class='ocrx_word' id='word_1_745' title='bbox 857 4930 1006 4985; x_wconf 90' lang='lat' dir='ltr'><strong>vides</strong></span> <span class='ocrx_word' id='word_1_746' title='bbox 1040 4930 1241 4999; x_wconf 92' lang='lat' dir='ltr'><strong>ipsum,</strong></span> <span class='ocrx_word' id='word_1_747' title='bbox 1295 4940 1350 4985; x_wconf 90' lang='lat' dir='ltr'><strong>et</strong></span> <span class='ocrx_word' id='word_1_748' title='bbox 1388 4929 1479 4999; x_wconf 92' lang='lat' dir='ltr'><strong>qui</strong></span> <span class='ocrx_word' id='word_1_749' title='bbox 1527 4929 1766 4999; x_wconf 89' lang='lat' dir='ltr'><strong>loquitur</strong></span> <span class='ocrx_word' id='word_1_750' title='bbox 1804 4942 2009 4997; x_wconf 88' lang='lat' dir='ltr'><strong>tecum,</strong></span> <span class='ocrx_word' id='word_1_751' title='bbox 2057 4932 2144 4988; x_wconf 89' lang='lat' dir='ltr'><strong>ille</strong></span> 
     </span>
    </p>
   </div>
   <div class='ocr_carea' id='block_1_96' title="bbox 562 5021 1918 5091">
    <p class='ocr_par' dir='ltr' id='par_1_96' title="bbox 562 5021 1918 5091">
     <span class='ocr_line' id='line_1_96' title="bbox 562 5021 1918 5091; baseline 0.001 -15"><span class='ocrx_word' id='word_1_752' title='bbox 562 5022 668 5091; x_wconf 83' lang='lat' dir='ltr'><strong>est)</strong></span> <span class='ocrx_word' id='word_1_753' title='bbox 698 5041 713 5078; x_wconf 88' lang='lat'><strong>:</strong></span> <span class='ocrx_word' id='word_1_754' title='bbox 741 5038 920 5079; x_wconf 87' lang='lat' dir='ltr'><strong>nonne</strong></span> <span class='ocrx_word' id='word_1_755' title='bbox 951 5039 1168 5079; x_wconf 88' lang='lat' dir='ltr'><strong>carnem</strong></span> <span class='ocrx_word' id='word_1_756' title='bbox 1201 5022 1507 5079; x_wconf 86' lang='lat' dir='ltr'><strong>ostendisse</strong></span> <span class='ocrx_word' id='word_1_757' title='bbox 1530 5021 1918 5077; x_wconf 80' lang='lat' dir='ltr'><strong>censebimus?</strong></span> 
     </span>
    </p>
   </div>
   <div class='ocr_carea' id='block_1_97' title="bbox 636 5202 977 5260">
    <p class='ocr_par' dir='ltr' id='par_1_97' title="bbox 636 5202 977 5260">
     <span class='ocr_line' id='line_1_97' title="bbox 636 5202 977 5260; baseline 0.012 -4"><span class='ocrx_word' id='word_1_758' title='bbox 636 5203 694 5260; x_wconf 85' lang='grc' dir='ltr'><strong>Β.</strong></span> <span class='ocrx_word' id='word_1_759' title='bbox 721 5202 977 5260; x_wconf 88' lang='lat' dir='ltr'><strong>Omnino.</strong></span> 
     </span>
    </p>
   </div>
   <div class='ocr_carea' id='block_1_98' title="bbox 635 5294 2147 5366">
    <p class='ocr_par' dir='ltr' id='par_1_98' title="bbox 635 5294 2147 5366">
     <span class='ocr_line' id='line_1_98' title="bbox 635 5294 2147 5366; baseline -0.001 -16"><span class='ocrx_word' id='word_1_760' title='bbox 635 5298 701 5350; x_wconf 86' lang='grc' dir='ltr'><strong>Λ.</strong></span> <span class='ocrx_word' id='word_1_761' title='bbox 741 5295 903 5363; x_wconf 82' lang='lat' dir='ltr'><strong>Atqui</strong></span> <span class='ocrx_word' id='word_1_762' title='bbox 943 5297 1217 5365; x_wconf 89' lang='lat' dir='ltr'><strong>quomodo</strong></span> <span class='ocrx_word' id='word_1_763' title='bbox 1252 5294 1506 5366; x_wconf 89' lang='lat' dir='ltr'><strong>deinceps</strong></span> <span class='ocrx_word' id='word_1_764' title='bbox 1550 5294 1666 5365; x_wconf 90' lang='lat' dir='ltr'><strong>ipse</strong></span> <span class='ocrx_word' id='word_1_765' title='bbox 1724 5297 1795 5350; x_wconf 89' lang='lat' dir='ltr'><strong>sit</strong></span> <span class='ocrx_word' id='word_1_766' title='bbox 1838 5311 2002 5361; x_wconf 88' lang='lat' dir='ltr'><strong>caro,</strong></span> <span class='ocrx_word' id='word_1_767' title='bbox 2044 5296 2147 5350; x_wconf 83' lang='lat' dir='ltr'><strong>nisi</strong></span> 
     </span>
    </p>
   </div>
   <div class='ocr_carea' id='block_1_99' title="bbox 564 5386 2149 5457">
    <p class='ocr_par' dir='ltr' id='par_1_99' title="bbox 564 5386 2149 5457">
     <span class='ocr_line' id='line_1_99' title="bbox 564 5386 2149 5457; baseline -0.001 -15"><span class='ocrx_word' id='word_1_768' title='bbox 564 5386 896 5457; x_wconf 87' lang='lat' dir='ltr'><strong>intelligatur</strong></span> <span class='ocrx_word' id='word_1_769' title='bbox 921 5386 1220 5441; x_wconf 88' lang='lat' dir='ltr'><strong>secundum</strong></span> <span class='ocrx_word' id='word_1_770' title='bbox 1249 5390 1529 5452; x_wconf 86' lang='lat' dir='ltr'><strong>unionem,</strong></span> <span class='ocrx_word' id='word_1_771' title='bbox 1559 5395 1819 5455; x_wconf 90' lang='lat' dir='ltr'><strong>tanquam</strong></span> <span class='ocrx_word' id='word_1_772' title='bbox 1855 5387 1972 5457; x_wconf 89' lang='lat' dir='ltr'><strong>ipse</strong></span> <span class='ocrx_word' id='word_1_773' title='bbox 2000 5387 2149 5440; x_wconf 80' lang='lat' dir='ltr'><strong>exsi-</strong></span> 
     </span>
    </p>
   </div>
   <div class='ocr_carea' id='block_1_100' title="bbox 462 5477 2145 5549">
    <p class='ocr_par' dir='ltr' id='par_1_100' title="bbox 462 5477 2145 5549">
     <span class='ocr_line' id='line_1_100' title="bbox 462 5477 2145 5549; baseline -0.001 -16"><span class='ocrx_word' id='word_1_774' title='bbox 462 5500 465 5503; x_wconf 93' lang='grc'><strong>·</strong></span> <span class='ocrx_word' id='word_1_775' title='bbox 565 5490 715 5533; x_wconf 84' lang='lat' dir='ltr'><strong>stens</strong></span> <span class='ocrx_word' id='word_1_776' title='bbox 759 5479 1032 5549; x_wconf 88' lang='lat' dir='ltr'><strong>proprium</strong></span> <span class='ocrx_word' id='word_1_777' title='bbox 1069 5479 1238 5547; x_wconf 79' lang='lat' dir='ltr'><strong>ipsius</strong></span> <span class='ocrx_word' id='word_1_778' title='bbox 1276 5495 1290 5532; x_wconf 89' lang='lat'><strong>:</strong></span> <span class='ocrx_word' id='word_1_779' title='bbox 1326 5478 1782 5548; x_wconf 89' lang='lat' dir='ltr'><strong>quemadmodum</strong></span> <span class='ocrx_word' id='word_1_780' title='bbox 1833 5477 1946 5533; x_wconf 82' lang='lat' dir='ltr'><strong>fere</strong></span> <span class='ocrx_word' id='word_1_781' title='bbox 1978 5478 2145 5533; x_wconf 87' lang='lat' dir='ltr'><strong>etiam</strong></span> 
     </span>
    </p>
   </div>
   <div class='ocr_carea' id='block_1_101' title="bbox 566 5568 2146 5641">
    <p class='ocr_par' dir='ltr' id='par_1_101' title="bbox 566 5568 2146 5641">
     <span class='ocr_line' id='line_1_101' title="bbox 566 5568 2146 5641; baseline -0.002 -15"><span class='ocrx_word' id='word_1_782' title='bbox 566 5571 622 5626; x_wconf 92' lang='lat' dir='ltr'><strong>in</strong></span> <span class='ocrx_word' id='word_1_783' title='bbox 668 5569 823 5626; x_wconf 84' lang='lat' dir='ltr'><strong>nobis</strong></span> <span class='ocrx_word' id='word_1_784' title='bbox 857 5570 1095 5625; x_wconf 85' lang='lat' dir='ltr'><strong>accidit?</strong></span> <span class='ocrx_word' id='word_1_785' title='bbox 1144 5568 1329 5641; x_wconf 80' lang='lat' dir='ltr'><strong>Neque</strong></span> <span class='ocrx_word' id='word_1_786' title='bbox 1379 5570 1523 5625; x_wconf 89' lang='lat' dir='ltr'><strong>enim</strong></span> <span class='ocrx_word' id='word_1_787' title='bbox 1567 5570 1853 5641; x_wconf 89' lang='lat' dir='ltr'><strong>quisquam</strong></span> <span class='ocrx_word' id='word_1_788' title='bbox 1890 5570 2146 5625; x_wconf 83' lang='lat' dir='ltr'><strong>ostendat</strong></span> 
     </span>
    </p>
   </div>
   <div class='ocr_carea' id='block_1_102' title="bbox 566 5663 2141 5736">
    <p class='ocr_par' dir='ltr' id='par_1_102' title="bbox 566 5663 2141 5736">
     <span class='ocr_line' id='line_1_102' title="bbox 566 5663 2141 5736; baseline -0.001 -16"><span class='ocrx_word' id='word_1_789' title='bbox 566 5664 855 5736; x_wconf 81' lang='lat' dir='ltr'><strong>separatim</strong></span> <span class='ocrx_word' id='word_1_790' title='bbox 882 5705 897 5731; x_wconf 93' lang='lat'><strong>,</strong></span> <span class='ocrx_word' id='word_1_791' title='bbox 930 5680 1107 5735; x_wconf 91' lang='lat' dir='ltr'><strong>neque</strong></span> <span class='ocrx_word' id='word_1_792' title='bbox 1136 5663 1454 5735; x_wconf 81' lang='lat' dir='ltr'><strong>imperfecte</strong></span> <span class='ocrx_word' id='word_1_793' title='bbox 1489 5666 1761 5720; x_wconf 91' lang='lat' dir='ltr'><strong>hominem</strong></span> <span class='ocrx_word' id='word_1_794' title='bbox 1795 5665 1952 5721; x_wconf 89' lang='lat' dir='ltr'><strong>nobis</strong></span> <span class='ocrx_word' id='word_1_795' title='bbox 1986 5664 2141 5719; x_wconf 89' lang='lat' dir='ltr'><strong>simi-</strong></span> 
     </span>
    </p>
   </div>
   <div class='ocr_carea' id='block_1_103' title="bbox 2252 4648 3843 4722">
    <p class='ocr_par' dir='ltr' id='par_1_103' title="bbox 2252 4648 3843 4722">
     <span class='ocr_line' id='line_1_103' title="bbox 2252 4648 3843 4722; baseline 0 -20"><span class='ocrx_word' id='word_1_796' title='bbox 2252 4651 2314 4702; x_wconf 87' lang='grc' dir='ltr'><strong>τὸ</strong></span> <span class='ocrx_word' id='word_1_797' title='bbox 2364 4652 2439 4721; x_wconf 79' lang='grc' dir='ltr'><strong>μὴ</strong></span> <span class='ocrx_word' id='word_1_798' title='bbox 2495 4651 2696 4721; x_wconf 81' lang='grc' dir='ltr'>μᾶλλον</span> <span class='ocrx_word' id='word_1_799' title='bbox 2743 4653 2841 4722; x_wconf 74' lang='grc' dir='ltr'>τὴν</span> <span class='ocrx_word' id='word_1_800' title='bbox 2886 4651 2979 4704; x_wconf 84' lang='grc' dir='ltr'><strong>τοῦ</strong></span> <span class='ocrx_word' id='word_1_801' title='bbox 3030 4649 3167 4704; x_wconf 84' lang='grc' dir='ltr'>Θεοῦ</span> <span class='ocrx_word' id='word_1_802' title='bbox 3221 4650 3383 4720; x_wconf 74' lang='grc' dir='ltr'>φύσιν</span> <span class='ocrx_word' id='word_1_803' title='bbox 3425 4648 3843 4717; x_wconf 74' lang='grc' dir='ltr'>ἀναλογίζεσθαι</span> 
     </span>
    </p>
   </div>
   <div class='ocr_carea' id='block_1_104' title="bbox 2252 4739 3841 4810">
    <p class='ocr_par' dir='ltr' id='par_1_104' title="bbox 2252 4739 3841 4810">
     <span class='ocr_line' id='line_1_104' title="bbox 2252 4739 3841 4810; baseline -0.001 -16"><span class='ocrx_word' id='word_1_804' title='bbox 2252 4742 2382 4806; x_wconf 83' lang='grc' dir='ltr'>δεῖν,</span> <span class='ocrx_word' id='word_1_805' title='bbox 2430 4743 2554 4810; x_wconf 74' lang='grc' dir='ltr'>ἥτις</span> <span class='ocrx_word' id='word_1_806' title='bbox 2598 4742 2726 4796; x_wconf 86' lang='grc' dir='ltr'>ποτέ</span> <span class='ocrx_word' id='word_1_807' title='bbox 2768 4744 2904 4807; x_wconf 77' lang='grc' dir='ltr'>ἐστι,</span> <span class='ocrx_word' id='word_1_808' title='bbox 2950 4744 3041 4795; x_wconf 78' lang='grc' dir='ltr'>τὸν</span> <span class='ocrx_word' id='word_1_809' title='bbox 3086 4739 3144 4796; x_wconf 79' lang='grc' dir='ltr'>εὖ</span> <span class='ocrx_word' id='word_1_810' title='bbox 3190 4741 3436 4795; x_wconf 85' lang='grc' dir='ltr'>παθόντα</span> <span class='ocrx_word' id='word_1_811' title='bbox 3481 4740 3841 4801; x_wconf 82' lang='grc' dir='ltr'>διεκελεύετο,</span> 
     </span>
    </p>
   </div>
   <div class='ocr_carea' id='block_1_105' title="bbox 2256 4832 3843 4906">
    <p class='ocr_par' dir='ltr' id='par_1_105' title="bbox 2256 4832 3843 4906">
     <span class='ocr_line' id='line_1_105' title="bbox 2256 4832 3843 4906; baseline -0.002 -18"><span class='ocrx_word' id='word_1_812' title='bbox 2256 4834 2539 4903; x_wconf 79' lang='grc' dir='ltr'>παρέδειξε</span> <span class='ocrx_word' id='word_1_813' title='bbox 2592 4835 2647 4887; x_wconf 84' lang='grc' dir='ltr'>δὲ</span> <span class='ocrx_word' id='word_1_814' title='bbox 2698 4834 3059 4906; x_wconf 77' lang='grc' dir='ltr'>σωματικῶς,</span> <span class='ocrx_word' id='word_1_815' title='bbox 3120 4835 3195 4897; x_wconf 85' lang='grc' dir='ltr'>ὡς</span> <span class='ocrx_word' id='word_1_816' title='bbox 3246 4834 3339 4886; x_wconf 69' lang='grc' dir='ltr'><strong>καὶ</strong></span> <span class='ocrx_word' id='word_1_817' title='bbox 3388 4833 3571 4895; x_wconf 73' lang='grc' dir='ltr'>αὐτοῖς</span> <span class='ocrx_word' id='word_1_818' title='bbox 3625 4832 3843 4903; x_wconf 71' lang='grc' dir='ltr'>ὄμμασι</span> 
     </span>
    </p>
   </div>
   <div class='ocr_carea' id='block_1_106' title="bbox 2251 4925 3846 4997">
    <p class='ocr_par' dir='ltr' id='par_1_106' title="bbox 2251 4925 3846 4997">
     <span class='ocr_line' id='line_1_106' title="bbox 2251 4925 3846 4997; baseline 0.001 -19"><span class='ocrx_word' id='word_1_819' title='bbox 2251 4925 2622 4980; x_wconf 83' lang='grc' dir='ltr'>καταθεᾶσθαι</span> <span class='ocrx_word' id='word_1_820' title='bbox 2670 4926 2843 4996; x_wconf 75' lang='grc' dir='ltr'>παρὸν</span> <span class='ocrx_word' id='word_1_821' title='bbox 2884 4926 3009 4996; x_wconf 70' lang='grc' dir='ltr'><strong>(ἔφη</strong></span> <span class='ocrx_word' id='word_1_822' title='bbox 3042 4926 3178 4997; x_wconf 77' lang='grc' dir='ltr'>γὰρ,</span> <span class='ocrx_word' id='word_1_823' title='bbox 3212 4927 3295 4979; x_wconf 79' lang='grc' dir='ltr'><strong>ὅτι</strong></span> <span class='ocrx_word' id='word_1_824' title='bbox 3325 4928 3437 4980; x_wconf 73' lang='grc' dir='ltr'>Καὶ</span> <span class='ocrx_word' id='word_1_825' title='bbox 3466 4926 3717 4997; x_wconf 78' lang='grc' dir='ltr'>ἑώρακας</span> <span class='ocrx_word' id='word_1_826' title='bbox 3746 4930 3846 4980; x_wconf 69' lang='grc' dir='ltr'>αύ-</span> 
     </span>
    </p>
   </div>
   <div class='ocr_carea' id='block_1_107' title="bbox 2248 5015 3845 5092">
    <p class='ocr_par' dir='ltr' id='par_1_107' title="bbox 2248 5015 3845 5092">
     <span class='ocr_line' id='line_1_107' title="bbox 2248 5015 3845 5092; baseline 0.003 -22"><span class='ocrx_word' id='word_1_827' title='bbox 2248 5018 2362 5083; x_wconf 76' lang='grc' dir='ltr'>τδν,</span> <span class='ocrx_word' id='word_1_828' title='bbox 2402 5019 2494 5071; x_wconf 72' lang='grc' dir='ltr'><strong>καὶ</strong></span> <span class='ocrx_word' id='word_1_829' title='bbox 2542 5019 2570 5069; x_wconf 84' lang='grc' dir='ltr'><strong>ὁ</strong></span> <span class='ocrx_word' id='word_1_830' title='bbox 2617 5018 2794 5071; x_wconf 83' lang='grc' dir='ltr'>λαλῶν</span> <span class='ocrx_word' id='word_1_831' title='bbox 2827 5019 2963 5089; x_wconf 83' lang='grc' dir='ltr'>μετὰ</span> <span class='ocrx_word' id='word_1_832' title='bbox 3000 5018 3114 5081; x_wconf 88' lang='grc' dir='ltr'>σοῦ,</span> <span class='ocrx_word' id='word_1_833' title='bbox 3160 5019 3367 5082; x_wconf 76' lang='grc' dir='ltr'>ἐκεῖνός</span> <span class='ocrx_word' id='word_1_834' title='bbox 3415 5018 3608 5091; x_wconf 80' lang='grc' dir='ltr'>ὲστιν)’</span> <span class='ocrx_word' id='word_1_835' title='bbox 3640 5015 3677 5090; x_wconf 76' lang='grc' dir='ltr'>ἧ</span> <span class='ocrx_word' id='word_1_836' title='bbox 3721 5023 3845 5092; x_wconf 75' lang='grc' dir='ltr'>οὐχὶ</span> 
     </span>
    </p>
   </div>
   <div class='ocr_carea' id='block_1_108' title="bbox 2253 5108 3241 5182">
    <p class='ocr_par' dir='ltr' id='par_1_108' title="bbox 2253 5108 3241 5182">
     <span class='ocr_line' id='line_1_108' title="bbox 2253 5108 3241 5182; baseline 0 -19"><span class='ocrx_word' id='word_1_837' title='bbox 2253 5110 2350 5180; x_wconf 85' lang='grc' dir='ltr'><strong>τὴν</strong></span> <span class='ocrx_word' id='word_1_838' title='bbox 2386 5111 2568 5182; x_wconf 77' lang='grc' dir='ltr'>σάρκα</span> <span class='ocrx_word' id='word_1_839' title='bbox 2598 5108 2921 5179; x_wconf 79' lang='grc' dir='ltr'>παραδεῖξαι</span> <span class='ocrx_word' id='word_1_840' title='bbox 2949 5112 3196 5181; x_wconf 73' lang='grc' dir='ltr'>φήσομεν</span> <span class='ocrx_word' id='word_1_841' title='bbox 3220 5130 3241 5176; x_wconf 75' lang='grc'>;</span> 
     </span>
    </p>
   </div>
   <div class='ocr_carea' id='block_1_109' title="bbox 2324 5203 2729 5259">
    <p class='ocr_par' dir='ltr' id='par_1_109' title="bbox 2324 5203 2729 5259">
     <span class='ocr_line' id='line_1_109' title="bbox 2324 5203 2729 5259; baseline 0.01 -4"><span class='ocrx_word' id='word_1_842' title='bbox 2324 5204 2383 5255; x_wconf 83' lang='grc' dir='ltr'><strong>Β.</strong></span> <span class='ocrx_word' id='word_1_843' title='bbox 2424 5203 2534 5255; x_wconf 75' lang='grc' dir='ltr'>Καὶ</span> <span class='ocrx_word' id='word_1_844' title='bbox 2570 5204 2729 5259; x_wconf 81' lang='grc' dir='ltr'>πάνυ.</span> 
     </span>
    </p>
   </div>
   <div class='ocr_carea' id='block_1_110' title="bbox 2323 5291 3843 5369">
    <p class='ocr_par' dir='ltr' id='par_1_110' title="bbox 2323 5291 3843 5369">
     <span class='ocr_line' id='line_1_110' title="bbox 2323 5291 3843 5369; baseline 0.001 -20"><span class='ocrx_word' id='word_1_845' title='bbox 2323 5300 2386 5349; x_wconf 81' lang='grc' dir='ltr'><strong>Α.</strong></span> <span class='ocrx_word' id='word_1_846' title='bbox 2430 5291 2562 5348; x_wconf 80' lang='grc' dir='ltr'><strong>Εἶτα</strong></span> <span class='ocrx_word' id='word_1_847' title='bbox 2607 5295 2725 5357; x_wconf 79' lang='grc' dir='ltr'>πῶς</span> <span class='ocrx_word' id='word_1_848' title='bbox 2757 5296 2918 5359; x_wconf 72' lang='grc' dir='ltr'>αὐτὸς</span> <span class='ocrx_word' id='word_1_849' title='bbox 2949 5296 3014 5350; x_wconf 79' lang='grc' dir='ltr'><strong>ἂν</strong></span> <span class='ocrx_word' id='word_1_850' title='bbox 3044 5295 3130 5367; x_wconf 75' lang='grc' dir='ltr'><strong>εἴη</strong></span> <span class='ocrx_word' id='word_1_851' title='bbox 3186 5296 3373 5351; x_wconf 71' lang='grc' dir='ltr'>λοιπὸν</span> <span class='ocrx_word' id='word_1_852' title='bbox 3405 5301 3438 5369; x_wconf 81' lang='grc' dir='ltr'>ὴ</span> <span class='ocrx_word' id='word_1_853' title='bbox 3481 5300 3638 5369; x_wconf 71' lang='grc' dir='ltr'>σὰρξ,</span> <span class='ocrx_word' id='word_1_854' title='bbox 3675 5302 3723 5350; x_wconf 79' lang='grc' dir='ltr'>εξ</span> <span class='ocrx_word' id='word_1_855' title='bbox 3764 5300 3843 5368; x_wconf 75' lang='grc' dir='ltr'>μὴ</span> 
     </span>
    </p>
   </div>
   <div class='ocr_carea' id='block_1_111' title="bbox 2251 5386 3841 5463">
    <p class='ocr_par' dir='ltr' id='par_1_111' title="bbox 2251 5386 3841 5463">
     <span class='ocr_line' id='line_1_111' title="bbox 2251 5386 3841 5463; baseline 0.003 -22"><span class='ocrx_word' id='word_1_856' title='bbox 2251 5390 2421 5441; x_wconf 83' lang='grc' dir='ltr'>νοοῖτο</span> <span class='ocrx_word' id='word_1_857' title='bbox 2457 5386 2578 5441; x_wconf 81' lang='grc' dir='ltr'>καθ’</span> <span class='ocrx_word' id='word_1_858' title='bbox 2602 5387 2795 5440; x_wconf 76' lang='grc' dir='ltr'>ἕνωσιν</span> <span class='ocrx_word' id='word_1_859' title='bbox 2816 5386 2890 5451; x_wconf 78' lang='grc' dir='ltr'>ὡς</span> <span class='ocrx_word' id='word_1_860' title='bbox 2928 5389 3087 5453; x_wconf 74' lang='grc' dir='ltr'>αὐτὸς</span> <span class='ocrx_word' id='word_1_861' title='bbox 3109 5389 3372 5463; x_wconf 76' lang='grc' dir='ltr'>ὑπάρχων</span> <span class='ocrx_word' id='word_1_862' title='bbox 3400 5393 3460 5444; x_wconf 78' lang='grc' dir='ltr'><strong>τὸ</strong></span> <span class='ocrx_word' id='word_1_863' title='bbox 3492 5392 3626 5446; x_wconf 72' lang='grc' dir='ltr'>ἴδιον</span> <span class='ocrx_word' id='word_1_864' title='bbox 3650 5392 3841 5457; x_wconf 76' lang='grc' dir='ltr'>αὑτοῦ,</span> 
     </span>
    </p>
   </div>
   <div class='ocr_carea' id='block_1_112' title="bbox 2257 5480 3844 5554">
    <p class='ocr_par' dir='ltr' id='par_1_112' title="bbox 2257 5480 3844 5554">
     <span class='ocr_line' id='line_1_112' title="bbox 2257 5480 3844 5554; baseline 0.003 -19"><span class='ocrx_word' id='word_1_865' title='bbox 2257 5480 2509 5551; x_wconf 83' lang='grc' dir='ltr'>καθάπερ</span> <span class='ocrx_word' id='word_1_866' title='bbox 2539 5481 2730 5552; x_wconf 77' lang='grc' dir='ltr'>ἀμέλει</span> <span class='ocrx_word' id='word_1_867' title='bbox 2781 5483 2874 5536; x_wconf 76' lang='grc' dir='ltr'>καὶ</span> <span class='ocrx_word' id='word_1_868' title='bbox 2920 5483 3005 5553; x_wconf 82' lang='grc' dir='ltr'><strong>ἐφ’</strong></span> <span class='ocrx_word' id='word_1_869' title='bbox 3058 5483 3213 5554; x_wconf 74' lang='grc' dir='ltr'>ἡμῶν</span> <span class='ocrx_word' id='word_1_870' title='bbox 3259 5484 3459 5552; x_wconf 79' lang='grc' dir='ltr'>γένοιτ’</span> <span class='ocrx_word' id='word_1_871' title='bbox 3506 5486 3606 5550; x_wconf 63' lang='lat' dir='ltr'><strong>av;</strong></span> <span class='ocrx_word' id='word_1_872' title='bbox 3669 5503 3844 5540; x_wconf 84' lang='grc' dir='ltr'>κατα-</span> 
     </span>
    </p>
   </div>
   <div class='ocr_carea' id='block_1_113' title="bbox 2255 5571 3843 5646">
    <p class='ocr_par' dir='ltr' id='par_1_113' title="bbox 2255 5571 3843 5646">
     <span class='ocr_line' id='line_1_113' title="bbox 2255 5571 3843 5646; baseline 0.001 -21"><span class='ocrx_word' id='word_1_873' title='bbox 2255 5572 2444 5640; x_wconf 78' lang='grc' dir='ltr'>δείξειε</span> <span class='ocrx_word' id='word_1_874' title='bbox 2480 5571 2587 5643; x_wconf 74' lang='grc' dir='ltr'><strong>γὰρ</strong></span> <span class='ocrx_word' id='word_1_875' title='bbox 2624 5573 2687 5625; x_wconf 84' lang='grc' dir='ltr'>ἄν</span> <span class='ocrx_word' id='word_1_876' title='bbox 2726 5589 2809 5635; x_wconf 90' lang='grc' dir='ltr'><strong>τις</strong></span> <span class='ocrx_word' id='word_1_877' title='bbox 2870 5573 2929 5625; x_wconf 84' lang='grc' dir='ltr'><strong>οὑ</strong></span> <span class='ocrx_word' id='word_1_878' title='bbox 2989 5574 3408 5646; x_wconf 69' lang='grc' dir='ltr'>μεμερισμένως</span> <span class='ocrx_word' id='word_1_879' title='bbox 3450 5576 3569 5630; x_wconf 73' lang='grc' dir='ltr'>οὐδὲ</span> <span class='ocrx_word' id='word_1_880' title='bbox 3634 5576 3843 5639; x_wconf 72' lang='grc' dir='ltr'>ἀτελῶς</span> 
     </span>
    </p>
   </div>
   <div class='ocr_carea' id='block_1_114' title="bbox 2253 5663 3842 5740">
    <p class='ocr_par' dir='ltr' id='par_1_114' title="bbox 2253 5663 3842 5740">
     <span class='ocr_line' id='line_1_114' title="bbox 2253 5663 3842 5740; baseline 0.003 -22"><span class='ocrx_word' id='word_1_881' title='bbox 2253 5664 2344 5718; x_wconf 77' lang='grc' dir='ltr'><strong>τὸν</strong></span> <span class='ocrx_word' id='word_1_882' title='bbox 2394 5663 2513 5717; x_wconf 80' lang='grc' dir='ltr'>καθ’</span> <span class='ocrx_word' id='word_1_883' title='bbox 2552 5666 2700 5734; x_wconf 79' lang='grc' dir='ltr'>ἡμᾶς</span> <span class='ocrx_word' id='word_1_884' title='bbox 2739 5664 3043 5736; x_wconf 75' lang='grc' dir='ltr'>ἄνθρωπον,</span> <span class='ocrx_word' id='word_1_885' title='bbox 3104 5666 3195 5720; x_wconf 76' lang='grc' dir='ltr'>τὸν</span> <span class='ocrx_word' id='word_1_886' title='bbox 3251 5670 3314 5721; x_wconf 80' lang='grc' dir='ltr'>ἐκ</span> <span class='ocrx_word' id='word_1_887' title='bbox 3361 5668 3541 5740; x_wconf 71' lang='grc' dir='ltr'>ψυχῆς</span> <span class='ocrx_word' id='word_1_888' title='bbox 3588 5668 3651 5740; x_wconf 73' lang='grc' dir='ltr'><strong>δὴ</strong></span> <span class='ocrx_word' id='word_1_889' title='bbox 3699 5669 3842 5737; x_wconf 75' lang='grc' dir='ltr'>λέγω</span> 
     </span>
    </p>
   </div>
   <div class='ocr_carea' id='block_1_115' title="bbox 634 5839 2151 5913">
    <p class='ocr_par' dir='ltr' id='par_1_115' title="bbox 634 5839 2151 5911">
     <span class='ocr_line' id='line_1_115' title="bbox 634 5839 2151 5911; baseline 0 -15"><span class='ocrx_word' id='word_1_890' title='bbox 634 5841 857 5903; x_wconf 79' lang='lat' dir='ltr'><strong>“Juan,</strong></span> <span class='ocrx_word' id='word_1_891' title='bbox 892 5856 947 5902; x_wconf 71' lang='grc' dir='ltr'><strong>τι,</strong></span> <span class='ocrx_word' id='word_1_892' title='bbox 980 5841 1069 5907; x_wconf 81' lang='grc'><strong>57,</strong></span> <span class='ocrx_word' id='word_1_893' title='bbox 1102 5840 1193 5896; x_wconf 78' lang='lat'><strong>58.</strong></span> <span class='ocrx_word' id='word_1_894' title='bbox 1267 5840 1489 5897; x_wconf 80' lang='lat' dir='ltr'><strong>&quot;Juau.</strong></span> <span class='ocrx_word' id='word_1_895' title='bbox 1526 5857 1623 5904; x_wconf 76' lang='lat' dir='ltr'><strong>xu,</strong></span> <span class='ocrx_word' id='word_1_896' title='bbox 1672 5840 1751 5895; x_wconf 72' lang='grc' dir='ltr'><strong>Η.</strong></span> <span class='ocrx_word' id='word_1_897' title='bbox 1828 5839 2049 5899; x_wconf 77' lang='lat' dir='ltr'><strong>&quot;Juan.</strong></span> <span class='ocrx_word' id='word_1_898' title='bbox 2082 5857 2151 5911; x_wconf 73' lang='lat' dir='ltr'><strong>Ix,</strong></span> 
     </span>
    </p>
   </div>
   <div class='ocr_carea' id='block_1_116' title="bbox 2257 5839 3319 5913">
    <p class='ocr_par' dir='ltr' id='par_1_116' title="bbox 2258 5841 3319 5913">
     <span class='ocr_line' id='line_1_116' title="bbox 2258 5841 3319 5913; baseline 0.007 -18"><span class='ocrx_word' id='word_1_899' title='bbox 2258 5841 2309 5895; x_wconf 83' lang='lat'><strong>7.</strong></span> <span class='ocrx_word' id='word_1_900' title='bbox 2391 5842 2433 5873; x_wconf 83' lang='lat'>&quot;</span> <span class='ocrx_word' id='word_1_901' title='bbox 2460 5843 2589 5899; x_wconf 84' lang='lat' dir='ltr'><strong>ibid.</strong></span> <span class='ocrx_word' id='word_1_902' title='bbox 2622 5842 2807 5899; x_wconf 78' lang='lat'><strong>55-58.</strong></span> <span class='ocrx_word' id='word_1_903' title='bbox 2887 5844 2932 5877; x_wconf 80' lang='lat'><strong>”</strong></span> <span class='ocrx_word' id='word_1_904' title='bbox 2954 5842 3110 5900; x_wconf 78' lang='lat' dir='ltr'><strong>Juau.</strong></span> <span class='ocrx_word' id='word_1_905' title='bbox 3154 5862 3191 5913; x_wconf 86' lang='grc' dir='ltr'><strong>ι,</strong></span> <span class='ocrx_word' id='word_1_906' title='bbox 3232 5846 3319 5902; x_wconf 68' lang='grc'><strong>18.</strong></span> 
     </span>
    </p>
   </div>
  </div>
