4122 6550
320 379 457 436 H37

1423 377 1513 434 DE
1549 375 2064 437 [NCARNATIONE
2107 381 2485 445 UNIGENITI.

3453 382 3587 461 l258

320 499 415 556 καὶ
466 497 740 564 σώματος,
791 482 885 555 καὶ
933 500 1041 556 ἀπὸ
1088 502 1257 573 μάνης
1290 502 1457 556 αὐτοῦ
1518 504 1616 575 τῆς
1678 503 1899 573 σαρκός.

2009 506 2136 572 Iern,
2176 524 2243 565 ex
2282 510 2488 575 anima,
2519 511 2759 580 inquam,
2786 517 2842 566 et
2873 522 3105 578 corpore
3143 514 3506 571 constantem,
3531 517 3586 560 et

387 678 450 734 Β.
492 678 781 749 Σύμφημισ
813 680 996 749 λέγεις
1020 682 1129 755 γὰρ
1158 682 1354 755 ὀρθῶς.

385 774 451 826 Α.
496 771 747 841 Γέγραφε
781 773 838 827 δέ
874 790 981 828 που
1026 775 1119 828 καὶ
1170 779 1199 830 6
1247 778 1409 848 σοφὸς
1449 779 1580 851 ἡμῖν
1626 779 1901 852 Ἰωάννης.

316 863 398 914 ὅτι
443 880 463 913 ι
506 862 687 917 Πολλά
736 864 836 934 μὲν
894 860 989 919 οῦν
1032 867 1125 921 καί
1165 867 1299 922 ἄλλα
1332 873 1536 941 σημεῖα
1572 873 1829 944 ἐποίησεν
1874 875 1904 927 6

330 953 540 1024 Ἰησοῦς
585 954 817 1010 ἐνώπιον
864 955 973 1010 τῶν
1022 958 1280 1030 μαθητῶν
1318 963 1504 1024 αὐτοῦ,
1554 963 1590 1017 ἃ
1638 965 1738 1018 οὐκ
1786 964 1904 1017 ἔστι

316 1044 684 1115 γεγραμμένα
721 1046 780 1099 ἐν
823 1046 901 1118 τῷ
938 1032 1354 1122 βιϐλίῳπούτῳ.
1387 1052 1574 1106 Ταῦτα
1602 1054 1656 1107 δὲ
1696 1054 1903 1125 γέγρα-

319 1150 470 1197 πται,
509 1134 596 1188 ἵνα
659 1136 949 1208 πιστεύητε
988 1139 1072 1192 ὅτι
1122 1139 1328 1211 Ἰησοῦς
1375 1142 1522 1195 ἐστιν
1552 1144 1581 1195 6
1610 1142 1845 1214 Χριστὸς
1876 1144 1905 1196 6

320 1226 448 1290 Υίὸς
495 1226 588 1280 τοῦ
637 1227 773 1281 Θεοῦ
815 1230 907 1283 τοῦ
961 1230 1182 1295 ζῶντος,
1230 1234 1324 1286 καὶ
1371 1234 1459 1287 ἵνα
1511 1234 1903 1300 πιστεύσαντες

317 1314 462 1385 ζωὴν
496 1316 657 1388 ἔχητε
691 1319 752 1371 ὲν
779 1320 857 1389 τῷ
885 1320 1111 1391 ὀνόματι
1149 1324 1339 1378 αὑτοῦ.
1387 1344 1405 1377 ι
1444 1326 1825 1397 Κατατεθήποι
1858 1326 1910 1379 δ’

316 1406 383 1459 ἄν
416 1423 499 1471 τις
547 1409 607 1461 ού
675 1412 825 1480 μεῖον
882 1414 978 1465 καὶ
1026 1415 1117 1466 τὸν
1172 1415 1460 1471 θεσπέσιον
1512 1419 1715 1490 Πέτρον
1777 1419 1906 1472 ’1ου-

315 1495 484 1558 δαίοις
518 1500 1025 1571 προσπεφωνηκότα
1056 1504 1247 1573 σαιρῶς
1280 1507 1374 1559 καὶ
1390 1507 1716 1578 ἀναφανδόν·
1740 1509 1906 1580 «Ἀρ-

315 1603 503 1657 χοντες
529 1588 623 1643 τοῦ
654 1590 783 1645 λαοῦ
822 1592 919 1646 καὶ
958 1595 1344 1667 πρεσϐύτεροι,
1381 1601 1431 1652 εί
1462 1602 1622 1671 ἡμεῖς
1664 1601 1904 1673 σήμερον

316 1685 728 1756 ἀνακρινόμεθα
780 1690 871 1742 ἐπὶ
921 1690 1243 1761 εὐεργεσίαν
1283 1693 1573 1764 ἀνθρώπου
1619 1695 1901 1761 ἀσθενοῦς,

316 1778 375 1829 ὲν
410 1778 520 1831 τίνι
565 1772 720 1844 οὗτος
774 1782 1062 1849 σέσωσται,
1095 1786 1338 1853 γνωστὸν
1370 1787 1510 1841 ἔστω
1554 1790 1717 1842 πᾶσιν
1751 1791 1900 1859 ύμῖν,

316 1869 412 1921 καὶ
449 1872 609 1924 παν-ιλ⁵
636 1871 714 1943 τῷ
752 1872 866 1944 λαῷ
911 1875 1147 1947 Ἰσραὴλ,
1183 1877 1264 1929 ὅτι
1310 1880 1367 1930 ὲν
1405 1879 1481 1949 τῷ
1511 1880 1739 1951 ὀνόματι
1799 1881 1902 1951 Ἰη-
1934 1860 1978 1920 Β

316 1959 427 2013 σοῦ
471 1961 707 2032 Χριστοῦ
757 1966 852 2018 τοῦ
907 1966 1251 2039 Ναζωραίου,
1294 1970 1354 2023 ὃν
1412 1970 1570 2041 ὑμεῖς
1621 1972 1901 2041 ἐσταυρώ-

318 2069 469 2115 σατε,
502 2052 560 2107 ὃν
593 2056 621 2107 6
659 2055 792 2120 Θεὸς
816 2058 1041 2130 ἤγειρεν
1072 2062 1136 2113 ὲκ
1176 2064 1406 2134 νεκρῶν,
1449 2066 1507 2116 ὲν
1540 2062 1716 2134 τούτῳ
1747 2057 1901 2128 οὗτος

317 2144 662 2216 παρέστηκεν
689 2147 919 2203 ἐνώπιον
961 2152 1114 2222 ὑμῶν
1143 2154 1322 2224 ὑγιής.
1367 2173 1383 2204 ι
1425 2156 1535 2208 Καὶ
1578 2154 1696 2225 μεθ’
1739 2154 1902 2226 ἓτερα

317 2233 478 2288 πάλιν
502 2253 515 2266 ·
555 2255 573 2287 ι
613 2239 722 2292 Καὶ
752 2242 851 2294 ούκ
888 2240 1037 2297 ἔστιν
1071 2246 1130 2298 ἐν
1157 2245 1302 2317 ἄλλῳ
1331 2247 1506 2301 οὐδενὶ
1550 2250 1583 2319 ἡ
1635 2247 1897 2318 σωτηρία.

315 2329 454 2381 Οὐδὲ
502 2332 609 2402 γὰρ
659 2332 829 2404 ὄνομα
871 2334 1059 2408 ἕτερόν
1105 2340 1253 2392 ἐστιν
1298 2339 1402 2392 ὑπὸ
1446 2341 1539 2393 τὸν
1584 2341 1814 2411 οὐρανὸν
1841 2340 1902 2393 τὸ

313 2421 594 2493 δεδομένον
640 2426 698 2479 ὲν
731 2426 1059 2499 ἀνθρώποις,
1093 2429 1151 2484 ἐν
1183 2423 1227 2498 ᾧ
1268 2430 1348 2483 δεῖ
1395 2432 1634 2503 σωθῆναι
1666 2434 1834 2503 ἡμᾶς.
1877 2452 1895 2482 ι

316 2516 412 2580 Τίς
442 2513 534 2571 οὖν
577 2518 685 2589 ἀρα
717 2520 886 2587 ἐστὶν,
916 2524 945 2576 6
987 2524 1083 2576 καὶ
1116 2524 1346 2578 θάνατον
1382 2525 1600 2591 ὑποδὺς,
1639 2526 1733 2579 καὶ
1769 2527 1901 2595 ὲγηο

312 2608 579 2679 γερμένος
616 2612 673 2663 ἐν
702 2611 850 2683 δόξῃ,
880 2615 975 2666 καὶ
1020 2616 1084 2667 ὲκ
1132 2613 1406 2687 Ναζαρὲτ,
1456 2619 1504 2670 εἰ
1550 2618 1626 2688 μὴ
1688 2616 1899 2688 Ἰησοῦς

314 2700 568 2771 Χριστὸς,
602 2704 902 2771 τουτέστιν,
954 2707 981 2759 6
1035 2707 1142 2778 πρὸ
1196 2708 1397 2772 παντὸς
1445 2707 1546 2777 μὲν
1592 2708 1789 2772 αἰῶνος
1838 2710 1903 2763 ἐκ

315 2792 529 2863 [ἰατρὸς
556 2794 881 2867 ἀπορῤήτως
917 2800 1312 2871 γεγεννημένος
1346 2840 1361 2865 ,
1407 2801 1465 2853 ἐν
1492 2799 1550 2854 δέ
1580 2817 1643 2868 γε
1684 2800 1762 2871 τῷ
1788 2801 1899 2854 λοί-

315 2881 428 2952 σθῳ
462 2884 557 2935 καὶ
602 2885 684 2947 είς
733 2886 904 2956 πέρας
946 2887 1135 2957 ἥκοντι
1178 2886 1271 2940 τοῦ
1322 2887 1517 2952 αἰῶνος
1574 2886 1771 2958 καιρῷ,
1807 2888 1901 2940 καὶ

316 2975 643 3045 σωματικῶς
678 2979 742 3030 ἐκ
772 2978 1052 3047 γυναικὸς;
1094 2980 1151 3032 '0
1192 2979 1375 3033 πίστιν
1414 2977 1509 3033 οὖν
1547 2980 1657 3051 ἄρα
1688 2981 1784 3051 τὴν
1820 2980 1899 3042 είς

313 3067 476 3121 αὐτὸν
506 3069 884 3140 προσιέμενος,
931 3071 1101 3142 γέρας
1147 3072 1436 3126 ἀποίσεται
1492 3074 1553 3127 τὸ
1597 3072 1898 3144 ἐξαίρετονο

312 3160 730 3231 ὀιακεκλήσεται
773 3161 883 3234 γάρ
924 3162 1039 3227 υἱὸς
1083 3163 1258 3217 Θεοῦ*
1311 3184 1329 3216 ‹
1363 3165 1517 3218 Ὅσοι
1556 3164 1664 3237 γὰρ
1708 3164 1899 3219 ἔλαϐον

313 3251 498 3313 αὑτὸν,
536 3252 736 3306 ἔδωκεν
768 3255 949 3319 αὐτοῖς
977 3255 1249 3323 ἐξουσίαν,
1284 3259 1441 3329 φησὶ,
1462 3259 1625 3311 τέκνα
1649 3257 1784 3312 Θεοῦ
1810 3274 1903 3326 γε-

314 3345 522 3412 νέσθαι,
555 3348 604 3401 οἶ
633 3348 734 3400 ούκ
764 3347 823 3415 ἐξ
854 3349 1123 3419 αἱμάτων,
1166 3351 1288 3404 οὐδὲ
1326 3353 1389 3404 ἐκ
1437 3351 1737 3421 θελήματος
1772 3369 1903 3421 σαρ-

315 3442 432 3504 κὸς,
471 3440 593 3494 οὐδὲ
639 3443 704 3496 ὲκ
745 3442 1051 3514 θελήματος
1088 3443 1298 3514 ἀνδρὸς,
1329 3443 1442 3497 ἀλλ’
1482 3447 1545 3498 ἐκ
1575 3443 1708 3498 Θεοῦ
1752 3446 1903 3513 ἐγεν-

315 3533 579 3605 νήθησαν.
638 3554 657 3587 ι
719 3536 836 3588 Ἵνα
873 3535 981 3609 γάρ
1026 3537 1250 3606 γένηται
1292 3537 1588 3607 πρωτεύων
1641 3539 1699 3590 ἐν
1738 3539 1902 3590 πᾶσιν

315 3626 497 3691 αὐτὸς,
532 3625 678 3680 καθά
708 3626 1042 3699 γέγραπται,
1078 3629 1404 3699 γεγέννηται
1458 3628 1555 3699 μὲν
1597 3628 1684 3682 διὰ
1712 3646 1901 3698 γυναι-

317 3717 433 3781 κός.
476 3718 694 3791 Ἐπειδὴ
722 3719 781 3772 δέ
809 3720 958 3773 ἐστιν
1008 3720 1231 3792 ἀπαρχὴ
1275 3721 1375 3787 τῆς
1408 3722 1905 3793 ἀναμορφουμένης

318 3810 550 3873 κτίσεως
577 3810 642 3864 δι’
670 3812 945 3883 ἀγιασμοῦ
976 3812 1111 3885 πρὸς
1138 3812 1293 3878 Θεὸν,
1312 3814 1407 3869 καὶ
1444 3814 1547 3885 πρό
1578 3830 1639 3882 γε
1676 3813 1783 3867 τῶν
1807 3813 1900 3869 ἄλο

318 3901 426 3954 λων
473 3902 636 3967 αὐτὸς
669 3905 895 3974 γενητὸς
927 3904 1140 3977 ἐδείχθη
1190 3906 1531 3977 Πνεύματος,
1568 3906 1665 3976 τὴν
1711 3905 1905 3975 ἀνδρὸς

318 4011 377 4046 τε
409 3995 505 4048 καὶ
531 3996 790 4064 γυναικὸς
833 3996 1242 4068 ύπερθρὼσκων
1275 3998 1510 4063 σύνοδον,
1543 3997 1636 4050 καὶ
1665 3998 1764 4049 οὐκ
1791 3998 1906 4049 ἀτι-

322 4088 421 4159 μίᾳ
450 4090 544 4141 καὶ
577 4091 753 4159 μώμῳ
798 4090 1178 4155 καταδικάζων
1207 4089 1306 4158 τὴν
1349 4089 1511 4158 φύσιν
1560 4088 1759 4159 (τίμιος
1798 4088 1907 4159 γὰρ

318 4178 351 4233 ὁ
379 4177 574 4246 γάμος,
608 4178 702 4231 καὶ
734 4179 761 4229 6
795 4178 1009 4242 πλάσας
1042 4179 1316 4250 ἀπαρχῆς,
1351 4178 1517 4250 ἄρσεν
1542 4179 1636 4231 καὶ
1654 4177 1786 4248 θῆλυ
1814 4196 1907 4231 πε-

322 4267 550 4338 ποίηκεν
597 4270 838 4333 αὐτοὺς),
879 4270 1015 4325 ἀλλά
1044 4272 1120 4341 τῷ
1172 4272 1379 4341 μείζονι
1418 4272 1514 4324 καὶ
1560 4270 1907 4341 ἀσυγκρίτως

322 4361 705 4431 ὑπερκειμένῳ
763 4364 1084 4432 προσνέμων
1134 4364 1234 4435 ἤδη
1291 4382 1407 4428 πως
1450 4363 1519 4416 τά
1565 4362 1906 4433 ἀνθρώπινα.

322 4454 619 4524 Γεννητοὺς
673 4455 778 4525 γὰρ
826 4455 1165 4525 Πνεύματος,
1219 4458 1319 4510 οὐκ
1374 4454 1603 4527 ἀνδρῶν,
1655 4456 1801 4525 ἡμᾶς
1827 4454 1907 4507 ἔτι

2007 616 2074 655 ex
2103 600 2217 656 sola
2256 601 2432 670 ipsius
2473 614 2660 657 carne.

2076 692 2137 746 Β.
2182 692 2483 749 Assentior.
2516 693 2686 748 Recte
2716 691 2860 748 enim
2894 691 3053 749 dicis.

2074 783 2141 838 A.
2170 783 2374 840 Scribit
2404 800 2536 840 vero
2565 783 2730 841 etiam
2761 782 2891 838 alibi
2919 784 3138 853 sapiens
3174 783 3261 837 ille
3302 780 3581 837 Joannes:

1976 895 2030 929 Ἰ
2064 875 2229 932 Multa
2267 878 2483 947 quidem
2529 885 2585 932 et
2627 876 2733 932 alia
2774 875 2927 946 signa
2974 875 3102 931 fecit
3139 872 3297 931 Iesus
3352 874 3405 929 in
3454 887 3588 929 con-

2006 980 2194 1040 spectu
2225 970 2611 1040 discipulorum
2645 983 2897 1033 suorum,
2924 983 3045 1037 quae
3079 981 3187 1021 non
3223 976 3350 1021 sunt
3381 966 3586 1035 scripta

2006 1062 2061 1117 ln
2094 1062 2232 1117 libro
2259 1063 2384 1117 hoc.
2424 1061 2547 1116 Haec
2580 1069 2762 1115 autem
2808 1059 3009 1129 scripta
3062 1068 3211 1121 sunt,
3242 1066 3299 1111 ut
3345 1055 3582 1111 credatis

2008 1149 2137 1218 quia
2168 1148 2324 1205 Jesus
2350 1159 2432 1205 est
2455 1149 2625 1204 Filius
2651 1149 2744 1203 Dei
2771 1148 2902 1215 vivi,
2932 1157 2987 1204 et
3013 1155 3072 1201 ut
3097 1145 3385 1202 credentes
3416 1145 3582 1199 vitam

2009 1240 2253 1297 habeatis
2287 1242 2339 1295 in
2374 1242 2602 1296 nomine
2625 1240 2798 1311 ipsius
2826 1241 2892 1294 ⁸⁷⁸.
2935 1258 2955 1292 ι
2986 1237 3304 1294 Admiretur
3335 1251 3463 1292 vero
3497 1236 3592 1290 ali-

2008 1332 2130 1400 quis
2170 1331 2483 1387 nonminus
2519 1331 2761 1387 divinum
2797 1330 3038 1396 Petrum,
3070 1329 3136 1384 ad
3173 1327 3392 1384 Judzcos
3425 1342 3587 1396 aper-

2010 1432 2063 1481 te
2102 1425 2176 1480 ita
2212 1426 2557 1495 loquentem:
2589 1444 2610 1478 ι
2648 1425 2932 1495 Principes
2963 1423 3171 1494 populi,
3210 1431 3265 1478 et
3295 1420 3540 1477 seniores
3569 1462 3585 1487 ,

2007 1515 2192 1570 sinos
2251 1516 2410 1572 hodie
2456 1516 2769 1587 judicamur
2816 1516 2869 1570 in
2907 1514 3194 1570 benefacto
3228 1513 3466 1568 hominis
3505 1512 3591 1566 in-

2009 1607 2176 1671 llrmi,
2228 1608 2279 1661 in
2316 1622 2424 1677 quo
2459 1609 2563 1663 iste
2590 1607 2772 1663 salvus
2814 1607 2988 1663 factus
3012 1616 3116 1673 est,
3149 1615 3336 1661 notum
3370 1605 3441 1660 sit
3472 1619 3591 1659 om-

2009 1697 2173 1755 nibus
2204 1700 2381 1765 vobis,
2424 1708 2478 1756 et
2508 1701 2653 1756 omni
2691 1700 2834 1771 plebi
2873 1700 3063 1765 Israel,
3109 1700 3235 1769 quia
3282 1699 3334 1752 in
3371 1695 3591 1752 nomine

2009 1790 2223 1845 Domini
2270 1792 2444 1846 nostri
2497 1791 2625 1847 Jesu
2676 1792 2883 1848 Christi
2946 1791 3234 1858 Nazareni,
3279 1804 3440 1859 quem
3490 1803 3589 1844 vos

2006 1881 2390 1947 cruciﬁxistis,
2420 1895 2582 1950 quem
2632 1879 2775 1937 Deus
2819 1882 3107 1936 suscitavit
3151 1895 3182 1934 a
3231 1879 3483 1944 mortuis,
3530 1880 3585 1934 in

2008 1972 2110 2026 hoc
2135 1971 2235 2026 iste
2260 1980 2401 2026 astat
2437 1972 2590 2026 vobis
2621 1986 2786 2027 sanus
2820 1972 2887 2027 ⁸⁵.
2926 1992 2943 2024 ι
2978 1970 3044 2026 Et
3077 1971 3237 2040 paulo
3264 1980 3385 2041 post
3414 1988 3430 2025 :
3467 1988 3487 2022 ι
3519 1969 3586 2027 Et

2008 2078 2112 2119 non
2141 2072 2229 2119 est
2254 2063 2307 2117 in
2345 2062 2451 2118 alio
2477 2063 2661 2134 aliquo
2706 2062 2876 2118 salus.
2920 2061 3109 2133 Neque
3139 2063 3285 2118 enim
3319 2072 3407 2118 est
3437 2062 3585 2119 aliud

2004 2170 2202 2210 nomen
2234 2154 2334 2211 sub
2364 2156 2506 2210 coelo
2537 2155 2724 2210 datum
2759 2154 3091 2220 hominibus,
3129 2156 3182 2208 in
3202 2170 3308 2224 quo
3336 2163 3588 2224 Oporteat

2006 2262 2106 2302 nos
2146 2247 2327 2303 salvos
2374 2247 2489 2302 ﬁeri
2537 2247 2604 2303 ".
2660 2267 2679 2300 ι
2717 2247 2980 2314 Quisnam
3034 2247 3198 2315 igitur
3241 2254 3345 2311 est,
3393 2246 3482 2315 qui
3531 2254 3590 2300 et

2006 2348 2236 2392 mortem
2282 2338 2418 2392 obiit
2453 2347 2509 2393 et
2542 2340 2841 2393 resurrexit
2874 2338 2929 2392 in
2961 2336 3155 2407 gloria,
3186 2344 3351 2405 atque
3385 2350 3452 2390 ex
3478 2333 3588 2388 Na-

2013 2431 2224 2494 zareth,
2253 2430 2353 2483 nisi
2385 2428 2546 2484 Iesus
2576 2429 2847 2495 Christus,
2876 2427 2978 2484 hoc
3001 2439 3103 2496 est,
3136 2431 3227 2500 qui
3258 2440 3384 2484 ante
3406 2431 3586 2484 omnia

2005 2521 2197 2576 saecula
2255 2536 2323 2576 ex
2370 2522 2532 2575 Patre
2575 2520 2921 2576 inell‘abiliter
2975 2522 3192 2589 genitus
3224 2520 3589 2578 est‘rUltimo

2004 2628 2134 2668 vero
2175 2623 2231 2667 et
2283 2616 2349 2667 ad
2402 2616 2607 2669 exitum
2660 2626 2917 2684 vergente
2950 2616 3270 2670 saeculorum
3322 2625 3585 2685 tempore,

2004 2706 2365 2774 corporaliter
2407 2708 2572 2762 etiam
2624 2722 2687 2761 ex
2742 2706 2963 2777 Virgine
3005 2716 3166 2761 natus
3199 2718 3305 2763 est.
3356 2706 3590 2764 Proinde

2004 2800 2094 2869 qui
2129 2800 2180 2852 in
2211 2798 2385 2868 ipsum
2413 2800 2606 2865 credit,
2635 2798 2894 2855 eximium
2917 2799 3199 2869 praemium
3231 2797 3588 2865 aul'eret;~vo—

2004 2888 2215 2946 cabitur
2263 2892 2409 2944 enim
2470 2889 2610 2944 [ilius
2654 2890 2767 2945 Dei.
2801 2910 2819 2942 ι
2855 2890 3128 2959 Quotquot
3170 2890 3316 2946 enim
3361 2905 3590 2959 accepe-

2005 2990 2131 3035 runt
2168 2996 2314 3044 eum,
2348 2982 2497 3036 dedit
2539 2983 2621 3037 eis
2668 2991 3013 3050 potestatem,
3067 2982 3267 3053 inquit,
3316 2981 3455 3038 lllios
3490 2982 3585 3037 Dei

2006 3072 2248 3141 ﬁeri,qui
2269 3089 2372 3127 non
2391 3089 2457 3128 ex
2476 3074 2853 3143 sanguinibus,
2881 3089 3055 3144 neque
3079 3089 3145 3129 ex
3171 3074 3449 3129 voluntate
3466 3088 3589 3128 car-

2006 3163 2314 3232 uis,,neque
2334 3180 2399 3219 ex
2423 3165 2695 3219 voluntate
2714 3166 2835 3232 viri,
2860 3166 2954 3220 sed
2977 3181 3043 3220 ex
3065 3166 3173 3221 Deo
3200 3167 3309 3220 nati
3331 3175 3458 3219 sunt
3479 3163 3581 3218 “.r

2006 3256 2136 3312 Nam
2214 3267 2272 3311 ut
2349 3258 2443 3312 fiat
2519 3259 2809 3327 primatum
2890 3268 3083 3315 tenens
3172 3259 3225 3314 in
3292 3258 3586 3323 omnibus,

2004 3348 2141 3403 sicut
2172 3349 2433 3419 scriptum
2459 3349 2626 3413 est“,
2648 3358 2805 3403 natus
2828 3351 3044 3416 quidem
3075 3360 3158 3405 est
3179 3365 3246 3404 ex
3272 3348 3499 3405 muliere
3515 3351 3586 3406 ".

2003 3442 2138 3498 Cum
2173 3457 2302 3496 vero
2352 3442 2424 3497 sit
2480 3442 2729 3509 primitia:
2761 3442 2810 3475 ’³
2842 3453 3108 3497 creaturae
3158 3442 3465 3496 reformata:
3519 3442 3588 3496 ad

2005 3534 2170 3588 Deum
2206 3548 2302 3602 per
2350 3533 2867 3598 sanetitlcationem,
2904 3534 3023 3601 ipse
3068 3534 3232 3587 etiam
3281 3541 3409 3586 ante
3451 3532 3591 3587 alios

2006 3637 2163 3680 natus
2200 3640 2267 3679 ex
2329 3624 2535 3694 Spiritu
2583 3624 2895 3679 declaratus
2941 3636 3047 3689 est,
3098 3625 3196 3678 viri
3247 3632 3302 3679 et
3347 3621 3590 3678 mulieris

2005 3731 2355 3787 congressum
2390 3717 2703 3784 excedens;
2737 3732 2842 3770 non
2892 3716 3038 3786 quod
3073 3728 3322 3770 naturam
3356 3716 3589 3785 alicujus

2008 3808 2289 3863 dedecoris
2318 3817 2411 3861 aut
2437 3807 2571 3862 labis
2597 3818 2810 3862 notaret
2845 3822 2905 3861 ac
2937 3809 3218 3862 damnaret
3243 3808 3587 3876 (honoranda

2008 3900 2154 3955 enim
2225 3914 2311 3953 res
2349 3907 2439 3953 est
2485 3898 2819 3968 conjugium,
2866 3908 2922 3952 et
2969 3898 3060 3966 qui
3115 3899 3387 3952 hominem
3439 3900 3608 3955 initio.

2008 3990 2234 4053 creavit,
2265 3989 2563 4044 masculum
2613 3998 2667 4045 et
2708 3988 2964 4045 feminam
2997 3988 3124 4045 fecit
3153 3990 3273 4044 illos
3294 3989 3386 4058 “),
3426 3989 3588 4069 705

2010 4080 2102 4135 sed
2136 4082 2279 4149 quod
2301 4079 2413 4147 jam
2450 4080 2683 4133 humana
2729 4081 2987 4147 majorem
3039 4092 3203 4152 atque
3248 4082 3591 4153 incompara-

2010 4175 2194 4230 biliter
2216 4171 2659 4228 excellentiorem
2685 4173 2732 4228 ei
2777 4173 3062 4229 tribueret.
3103 4157 3270 4229 Natos
3300 4175 3443 4229 enim
3497 4190 3593 4231 nos

2011 4283 2074 4323 ex
2110 4267 2327 4335 spiritu,
2369 4281 2474 4320 non
2500 4280 2565 4319 ex
2600 4264 2730 4319 viris
2748 4280 3065 4336 nuncupare
3092 4265 3278 4321 voluit.
3315 4266 3591 4333 «idcirco,

2012 4358 2250 4425 Patrem,
2291 4359 2485 4429 inquit,
2522 4357 2689 4413 nolite
2721 4371 2917 4419 vocare
2960 4357 3112 4413 vobis
3154 4371 3318 4429 super
3350 4367 3589 4412 terram:

2011 4465 2151 4505 unus
2191 4459 2276 4507 est
2319 4449 2463 4504 enim
2512 4449 2675 4516 Pater
2718 4460 2921 4513 vester.
2972 4450 3063 4516 qui
3104 4450 3157 4503 in
3204 4436 3360 4504 ctelis
3395 4460 3479 4503 est
3521 4450 3587 4503 ".

322 4548 682 4620 χρηματίζειν
719 4548 900 4617 ἧθελε.
949 4568 967 4599 ι
1024 4548 1135 4601 Καὶ
1168 4547 1317 4616 γοῦν,
1354 4549 1593 4619 Πατέρα,
1630 4552 1784 4619 φησι,
1832 4551 1906 4620 μὴ

2013 4544 2215 4599 Omnes
2244 4551 2428 4598 autem
2468 4557 2565 4597 vos
2615 4540 2819 4607 fratres
2848 4542 2983 4597 estis
3027 4540 3151 4596 “.1
3193 4540 3593 4608 lrrepreheusi-

324 4640 591 4710 καλέσητε
623 4639 777 4709 ὑμῶν
820 4640 913 4693 ἐπὶ
937 4640 1033 4710 τῆς
1059 4639 1195 4709 γῆς·
1234 4634 1315 4704 εἷς
1346 4640 1454 4713 γάρ
1484 4642 1631 4693 ἐστιν
1658 4645 1685 4695 6
1720 4643 1910 4713 Πατὴρ

326 4734 454 4803 ὑμῖν
487 4735 515 4786 6
562 4732 849 4804 οὐράνιος·
888 4734 1089 4795 πάντες
1136 4732 1194 4785 δὲ
1239 4734 1395 4805 ὑμεῖς
1449 4734 1666 4802 ἀδελφοί
1701 4736 1843 4788 ἐστε.
1889 4756 1905 4787 ι

326 4824 535 4879 Οὐκοῦν
565 4824 864 4895 ἀμώμητον
899 4824 1176 4887 παντελῶς
1220 4825 1280 4877 τὸ
1309 4825 1587 4879 πιστεύειν
1619 4829 1697 4891 είς
1726 4828 1908 4891 αὐτὸν,

330 4918 530 4988 μᾶλλον
559 4919 616 4972 δὲ
641 4919 736 4972 καὶ
767 4921 833 4990 τῇ
860 4918 970 4973 τῶν
1004 4918 1497 4991 πλημμελημάτων
1522 4922 1799 4994 ἀμνηστίᾳ
1828 4939 1913 4974 τε-

324 5011 572 5083 τίμηται.
620 5012 828 5083 Γράφει
857 5011 965 5082 γὰρ
995 5008 1097 5065 ὦδε
1138 5011 1299 5076 πάλιν
1328 5014 1356 5066 6
1383 5011 1633 5083 ἔκκριτος
1666 5011 1875 5076 Παῦλος
1895 5029 1907 5042 ·

333 5124 351 5157 ι
394 5105 610 5170 Εἱδὸτες
654 5106 710 5159 δὲ
738 5107 820 5158 ὅτι
855 5106 915 5158 ού
946 5104 1246 5157 δικαιοῦται
1300 5104 1585 5176 ἄνθρωπος
1629 5105 1695 5179 ἐξ,
1735 5104 1913 5179 ἔργων

329 5201 511 5271 νόμου,
536 5201 630 5254 ὲάν
657 5200 731 5271 μὴ
759 5199 846 5253 διὰ
878 5200 1124 5264 πίστεως
1146 5199 1319 5269 Ἰησοῦ
1351 5197 1608 5270 Χριστοῦ,
1633 5199 1726 5252 καὶ
1754 5201 1914 5271 ἡμεῖς

328 5296 409 5357 εἰς
447 5293 683 5364 Χριστὸν
724 5291 928 5363 Ἰησοῦν
968 5290 1390 5361 ἐπιστεύσαμεν.
1431 5310 1449 5341 ι
1490 5274 1829 5361 Κατοκνήσω
1856 5288 1914 5341 δὲ

329 5386 603 5455 οὐδαμῶς,
631 5385 768 5455 ὅπερ
808 5384 911 5454 ἤδη
956 5383 1170 5452 φθάσας
1210 5382 1365 5454 ἔφην,
1408 5382 1793 5451 ἀνακυκλήσας
1836 5383 1913 5434 εί-

330 5476 474 5542 πεῖν,
505 5479 585 5532 ὅτι
613 5476 847 5547 Χριστὸς
890 5477 1097 5547 Ἰησοῦς
1123 5477 1182 5529 ού
1215 5476 1420 5547 γυμνὸς
1451 5476 1547 5529 καὶ
1576 5473 1697 5528 καθ’
1724 5474 1915 5537 ἑαυτὸν

326 5574 359 5625 6
386 5573 450 5625 ἐκ
480 5568 615 5624 Θεοῦ
647 5571 848 5623 νοεῖται
892 5570 1084 5638 Λόγος,
1115 5568 1228 5622 ἀλλ’
1271 5570 1358 5623 ὅτε
1392 5568 1694 5638 προσέλαϐε
1722 5566 1782 5619 τὸ
1819 5567 1915 5621 ἀν-

415 5774 457 5803 "
487 5772 642 5827 Joan.
677 5788 768 5835 xx,
794 5770 885 5834 50,
921 5770 1010 5824 51.
1087 5770 1132 5803 ⁸⁸
1160 5774 1278 5825 Act.
1315 5786 1384 5831 iv,
1419 5769 1566 5825 8-10.
1649 5768 1691 5800 ⁸⁹
1720 5765 1851 5823 lbid.
1884 5767 1903 5820 l

2008 5764 2094 5819 l2.
2174 5758 2404 5835 '°7.l_oan._
2431 5772 2486 5835 ιζ
2506 5751 2741 5835 Ιίὶηεξε,
2786 5744 3067 5835 I'f‘Colos‘s‘;
3098 5757 3138 5811 ι,
3177 5743 3265 5803 18.

333 5862 407 5915 iv,
436 5826 534 5902 ιῇ
567 5842 654 5900 "l
687 5826 811 5899 Cor.
849 5826 937 5908 x'v,
968 5842 1056 5897 20.
1136 5842 1179 5874 ”
1204 5842 1339 5897 Gen.
1375 5826 1412 5908 i,
1447 5842 1535 5893 ΞΠ,
1614 5839 1659 5869 ’⁸
1681 5838 1872 5893 Matth.
1910 5826 2062 5906 Xltlll,
2095 5836 2147 5892 9.
2196 5833 2270 5911 vi”
2299 5826 2430 5886 ibid.
2457 5826 2510 5884 8.

2013 4636 2127 4691 bile.
2155 4636 2338 4709 itaque
2366 4648 2591 4703 prorsus
2626 4644 2713 4686 est
2742 4635 2795 4685 in
2829 4634 3002 4700 ipsum
3031 4632 3281 4686 credere.
3332 4629 3447 4685 lmo
3494 4646 3591 4700 po-

2013 4729 2119 4782 tius
2150 4734 2497 4798 peccatorum
2533 4723 2810 4777 oblivione
2867 4721 3002 4775 lides
3050 4721 3103 4774 in
3156 4722 3329 4789 ipsum
3366 4719 3593 4779 decora-

2014 4829 2101 4873 tur
2128 4828 2292 4887 atque
2337 4815 2678 4886 rependitur.
2706 4813 2784 4867 lta
2832 4815 2977 4868 enim
3028 4813 3185 4869 nobis
3231 4812 3465 4867 eximius
3508 4813 3599 4873 ille

2015 4911 2216 4979 Paulos
2242 4908 2471 4964 scribit:
2505 4925 2523 4958 ι
2562 4904 2809 4961 Scientes
2835 4906 2978 4975 quod
3010 4922 3116 4959 non
3140 4904 3475 4974 jttstiﬁcatur
3502 4907 3599 4960 ho-

2019 5018 2107 5058 mo
2145 5017 2211 5057 ex
2238 5000 2497 5070 operibus
2541 4999 2697 5067 legis,
2740 4997 2844 5052 nisi
2886 5012 2982 5067 per
3018 4996 3179 5051 tidem
3213 4996 3340 5052 .Iesu
3366 4998 3596 5061 Christi,

2015 5107 2070 5153 et
2112 5111 2212 5151 nos
2249 5094 2302 5149 in
2338 5092 2558 5149 Christo
2595 5089 3087 5151 Iesucredidimus
3127 5088 3218 5142 “'.
3260 5106 3278 5138 ι
3325 5088 3593 5143 Caeterum

2019 5203 2362 5259 nequaquam
2389 5186 2655 5256 gravabor
2684 5198 2747 5239 ea
2773 5196 2894 5261 qua:
2928 5180 3099 5236 fusius
3128 5196 3159 5235 a
3189 5195 3274 5234 ine
3308 5180 3461 5241 dicta
3476 5191 3603 5235 sunt

2020 5282 2073 5337 in
2102 5294 2370 5337 summam
2398 5277 2652 5348 colligere
2688 5293 2702 5329 :
2738 5275 2996 5330 nimirum
3031 5274 3173 5342 quod
3215 5273 3466 5328 Christus
3495 5287 3599 5327 non

2019 5375 2092 5437 sit
2130 5373 2334 5428 nudum
2370 5384 2436 5425 ac
2462 5384 2557 5442 per
2599 5382 2659 5423 se
2685 5383 2753 5423 ex
2794 5366 2952 5422 Patre
2990 5365 3289 5435 procedens
3320 5363 3554 5420 Verbum
3585 5383 3596 5416 :

2023 5466 2119 5522 sed
2144 5463 2442 5533 assumpsit
2475 5444 2872 5515 humanitatem
2923 5466 2979 5511 et
3024 5470 3191 5510 carne
3220 5455 3465 5508 indutum
3495 5466 3599 5518 est,

2026 5569 2190 5630 atque
2215 5555 2287 5610 ita
2316 5538 2690 5609 sobabentem
2720 5558 2882 5617 atque
2924 5554 3296 5618 apparentem,
3344 5543 3606 5599 formaru-

3358 5746 3403 5777 ”
3426 5741 3607 5800 Calai.

2606 5819 2877 5897 "ﬁGalat.
2908 5830 2967 5885 ιι,
3002 5813 3086 5871 16.
