4122 6568
569 373 705 429 1239

1546 375 1603 432 S.
1645 376 1918 434 CYRILLI
1952 379 2422 437 ALEXANDRINI
2456 383 2774 441 ARCHIEP.

3698 397 3834 451 1240

566 507 673 559 que
728 496 968 545 nostram
1018 495 1341 557 gestantem,
1402 489 1563 544 Pater
1618 494 1830 546 sanctis
1879 494 2137 562 apostolis

2244 494 2536 565 θρὼπινον,
2580 500 2852 571 ὲνεπλάκη
2879 502 3063 572 σαρκί*
3098 502 3280 581 οὕτως
3328 504 3517 575 ἔχοντα
3556 510 3655 563 καὶ
3689 512 3810 579 ὀρὼ

567 581 835 647 ostendit,
888 580 1252 649 hujuscemodi
1297 595 1427 634 voce
1479 581 1694 636 ctelitus
1721 584 1863 638 edita
1918 601 1935 636 :
1978 603 1999 635 ι
2042 582 2140 638 llic

568 681 647 724 cst
679 670 848 725 Filius
880 686 1034 725 meus
1070 671 1320 735 dilectus,
1354 673 1405 725 in
1437 688 1545 741 quo
1579 675 1710 729 mihi
1743 675 1876 732 bene
1902 678 2140 746 compla-

568 763 691 816 cui:
728 763 901 831 ipsum
948 762 1130 818 audite
1160 765 1229 818 ’⁷.
1268 784 1286 817 ι
1326 763 1592 836 intelligis
1626 769 1830 839 itaque,
1870 774 2139 839 quomodo

566 868 674 908 non
712 855 855 908 dicat
881 877 893 910 ;
930 856 982 908 In
1008 857 1109 909 hoc
1137 865 1221 910 est
1249 855 1418 911 Filius
1449 873 1625 924 meus,
1656 875 1724 915 ne
1753 861 1989 916 vicissim
2023 873 2140 917 tan-

565 959 727 1013 quam
763 944 900 998 alter
947 945 998 998 in
1029 946 1200 1000 altero
1224 961 1346 1001 esse
1372 959 1711 1014 censeretur,
1751 951 1845 1005 sed
1886 967 2024 1007 unus
2052 963 2139 1006 at-

566 1051 672 1104 que
720 1036 863 1090 idem
910 1035 1208 1090 secundum
1238 1038 1499 1091 unitatem
1545 1040 1952 1095 incarnationis.
1986 1043 2139 1108 Quod

568 1142 697 1181 vero
724 1126 1089 1197 periculosum
1135 1126 1562 1198 damnosumque
1602 1131 1869 1199 imprimis
1898 1132 1969 1186 sit
2014 1134 2140 1189 huic

570 1217 855 1272 sententiae
889 1216 1169 1282 reluctari,
1206 1214 1444 1273 Joannes
1479 1217 1638 1275 facile
1669 1224 2021 1290 persuaserit,
2064 1224 2137 1278 ita

567 1308 776 1372 dicens,
808 1307 952 1375 quod
984 1306 1124 1359 idem
1154 1306 1225 1358 sit
1257 1308 1636 1363 testimonium
1683 1311 1774 1365 Dei
1801 1312 1947 1380 quod
1979 1322 2140 1367 testa-

568 1411 655 1454 tus
688 1410 774 1455 est
808 1400 874 1455 de
920 1398 1059 1455 Filio
1101 1415 1239 1455 suo:
1267 1418 1286 1450 ι
1319 1398 1420 1466 Qui
1478 1399 1649 1453 credit
1690 1400 1742 1454 in
1786 1400 1981 1455 Filium
2022 1403 2137 1468 Dei,

567 1498 733 1552 habet
776 1497 1139 1552 testimonium
1175 1495 1267 1550 Dei
1301 1497 1353 1549 in
1406 1510 1484 1550 se.
1532 1495 1636 1561 Qui
1666 1510 1771 1550 non
1802 1497 1975 1551 credit
2009 1498 2137 1564 Deo,

568 1589 885 1642 mendacem
918 1586 1049 1642 facit
1087 1601 1252 1653 eum;
1290 1586 1417 1655 quia
1458 1601 1563 1640 non
1608 1587 1780 1641 credit
1813 1588 1866 1640 in
1900 1588 2142 1642 testimo-

566 1680 713 1733 nium
735 1679 877 1748 quod
895 1678 1214 1732 testificatus
1228 1687 1309 1731 est
1328 1678 1467 1732 Deus
1483 1678 1547 1731 de
1565 1675 1700 1731 Filio
1716 1692 1832 1732 suo.
1848 1696 1867 1728 ι
1888 1676 2139 1733 Testatus

566 1780 745 1824 autem
785 1780 868 1823 est
909 1769 1049 1839 quod
1080 1768 1178 1823 Hic
1203 1768 1293 1838 qui
1347 1768 1398 1822 in
1431 1783 1596 1823 carne
1635 1778 1690 1822 et
1736 1771 1788 1823 in
1822 1769 1993 1823 forma
2024 1786 2138 1825 ser—

566 1861 618 1913 vi
644 1860 1003 1929 conspicitur,
1037 1867 1119 1913 est
1150 1858 1501 1928 singulariter
1524 1872 1587 1910 ac
1616 1858 1961 1925 peculiariter
1981 1872 2140 1913 verus

565 1966 718 2006 meus
748 1950 936 2004 Filius.
972 1950 1109 2017 Quid
1138 1949 1309 2003 vero?
1332 1962 1512 2003 nonne
1549 1957 1603 2001 et
1638 1948 1866 2017 gratiam
1896 1965 2014 2019 quze
2046 1965 2142 2019 per

564 2057 778 2098 sacrum
806 2043 1128 2112 baptismum
1176 2039 1470 2106 confertur,
1495 2050 1549 2095 et
1584 2041 1997 2095 vivilicationem
2022 2057 2143 2110 quae

567 2138 619 2189 in
658 2135 777 2203 ipso
821 2145 928 2198 est,
966 2142 1021 2187 et
1069 2132 1537 2203 participationem
1577 2131 1669 2186 Dei
1702 2145 1799 2200 per
1834 2132 2143 2186 sanctiﬁca-

569 2228 770 2281 tionem
809 2225 862 2279 in
901 2224 1133 2294 Spiritu,
1163 2240 1259 2293 per
1300 2222 1484 2278 .lesum
1530 2224 1805 2279 Christum
1850 2225 1988 2277 facta
2020 2238 2141 2278 esse

566 2319 808 2374 dicemus
824 2319 850 2372 ?

639 2499 702 2555 Β.
722 2498 979 2555 Omnino.
1011 2494 1231 2551 Memini
1269 2494 1412 2549 enim
1437 2492 1662 2549 Joannis
1685 2494 1913 2550 dicentis
1941 2514 1952 2548 :
1989 2514 2009 2546 ι
2039 2495 2139 2561 Qui

569 2601 693 2662 post
722 2607 807 2647 me
841 2591 1005 2654 venit,
1042 2591 1235 2645 fortior
1282 2604 1367 2643 me
1405 2598 1527 2652 est,
1572 2588 1726 2658 cujus
1771 2602 1875 2640 non
1912 2603 2029 2640 sum
2062 2587 2143 2640 di-

569 2701 707 2753 gnus
741 2684 1112 2739 calceamenta
1158 2692 1375 2751 portare
1417 2700 1430 2735 :
1477 2679 1591 2746 ipse
1636 2692 1730 2731 vos
1761 2677 2056 2746 baptizabit
2087 2680 2138 2731 lu

569 2776 773 2843 Spiritu
808 2785 1001 2830 sancto
1027 2782 1081 2829 et
1116 2773 1239 2842 igne
1270 2771 1336 2823 ⁵³.
1375 2789 1394 2822 ›

641 2961 708 3014 A.
743 2954 1181 3012 liumanitalisne
1221 2954 1386 3024 igitur
1427 2962 1624 3005 nostra:
1679 2966 1814 3020 opus
1850 2964 1972 3004 esse
2014 2964 2142 3003 cen-

569 3052 860 3116 sebimus,
921 3048 975 3104 in
1057 3048 1263 3118 Spiritu
1322 3056 1513 3100 sancto
1580 3052 1633 3097 et
1686 3043 1807 3111 igne
1866 3041 2142 3111 baptizare

569 3135 723 3212 p'osse
737 3141 765 3194 ?

642 3235 703 3289 Β.
733 3233 851 3299 Quo
874 3240 1029 3300 pacto
1062 3230 1111 3283 id
1144 3228 1264 3282 fieri
1285 3226 1491 3296 possit?

639 3328 803 3400 706
820 3328 883 3380 Α.
903 3326 1063 3394 Atqui
1100 3326 1271 3377 virum
1295 3320 1515 3390 jamjam
1544 3328 1828 3374 venturum
1857 3329 2017 3388 atque
2046 3334 2141 3389 ap-

570 3424 865 3492 pariturum
921 3418 1130 3483 dicens,
1162 3416 1334 3482 ipsum
1388 3415 1440 3467 in
1476 3413 1597 3482 igne
1632 3421 1687 3466 et
1723 3410 1924 3479 Spiritu
1956 3421 2144 3463 sancto

572 3515 848 3584 baptizare
878 3511 1323 3575 allirmat,neque
1363 3506 1594 3559 alienum
1645 3505 1931 3575 baptizatis
1968 3502 2143 3573 Spiri-

573 3620 685 3663 tum
716 3606 1011 3661 immittere
1036 3600 1213 3656 servili
1237 3614 1299 3652 ac
1319 3597 1711 3654 ministratorio
1746 3595 1929 3657 modo,
1966 3594 2060 3649 sed
2089 3601 2145 3646 ut

576 3700 741 3751 Deum
795 3692 1088 3749 secundum
1150 3700 1395 3743 naturam
1442 3703 1563 3742 cum
1605 3699 1814 3739 summa
1854 3692 2138 3753 potestate,

573 3786 835 3857 Spiritum
862 3799 927 3838 ex
956 3798 1015 3837 se
1043 3782 1252 3850 sibique
1290 3778 1568 3849 proprium
1611 3776 1818 3846 largiri.
1844 3790 1943 3846 per
1978 3791 2141 3845 quem

571 3876 732 3931 ctiam
775 3873 990 3928 divinus
1028 3871 1315 3927 character
1363 3869 1517 3924 nobis
1562 3868 1906 3936 iusigniatur.
1946 3866 2139 3924 Refor-

571 3981 782 4021 mamur
823 3965 966 4020 cnim
1017 3964 1083 4017 ad
1132 3962 1420 4032 imaginem
1467 3961 1701 4014 divinam
1752 3960 1805 4013 in
1863 3958 2140 4013 Christum

568 4054 778 4119 Sesum,
818 4068 929 4107 non
974 4051 1308 4121 corporalem
1365 4050 1804 4105 reformationem
1850 4050 2143 4105 subeuntes

571 4148 718 4219 (nam
777 4146 828 4200 id
884 4146 1232 4198 vehementer
1275 4141 1566 4197 absurdum
1611 4142 1755 4197 dictu
1796 4142 2003 4211 fuerit),
2048 4141 2141 4196 sed

572 4254 667 4308 per
696 4236 1169 4307 participationem
1202 4234 1376 4289 sancti
1402 4234 1637 4303 Spiritus
1686 4234 1858 4303 ipsum
1893 4234 1945 4288 in
1989 4234 2144 4289 nobis

571 4332 702 4400 ipsis
753 4330 1018 4385 habentes
1054 4342 1069 4381 :
1124 4330 1259 4382 adeo
1304 4334 1365 4381 ut
1392 4325 1639 4380 halantes
1665 4325 1795 4379 illud
1834 4325 2143 4381 exclamare

571 4422 842 4492 possimus
891 4438 905 4476 :
958 4439 975 4471 ι
1031 4418 1336 4475 Exsultabit
1387 4417 1569 4472 anima
1614 4434 1729 4472 mea
1784 4419 1837 4472 in
1889 4419 2138 4486 Domino,

2243 603 2424 654 μενον,
2454 591 2546 642 καὶ
2582 592 2639 642 ὲν
2674 591 2803 645 εἴδει
2849 591 2928 662 τῷ
2970 593 3093 646 καθ’
3119 595 3265 665 ἡμᾶς
3296 599 3672 668 τυγχάνοντα,
3715 605 3829 667 τοῖς

2239 678 2417 745 ἀγίοις
2440 680 2759 744 ἀποστόλοις
2781 682 3098 754 παρέδειξεν
3119 686 3148 737 6
3173 686 3383 757 Πατὴρ,
3410 690 3596 759 φωνῆς
3616 690 3829 745 ἀνωθεν

2239 768 2679 842 ὲκπεποιημένης
2726 774 2942 827 τοιᾶσδε
2964 790 2977 803 ·
3016 793 3034 825 ι
3075 769 3241 838 Οὗτός
3270 777 3418 831 ἐστιν
3443 780 3473 831 6
3506 780 3636 844 Υἱός
3668 798 3781 850 μου
3802 782 3829 834 6

2239 861 2544 932 ἀγαπητὸς,
2574 863 2632 916 ὲν
2660 857 2704 931 ᾧ
2751 865 3050 936 ηὑδόκησα,
3091 866 3252 921 αὐτοῦ
3297 869 3543 924 ἀκούετε.
3600 892 3620 924 ι
3656 873 3831 937 Σύνες

2239 949 2333 1006 οὖν
2387 953 2534 1016 ὅπως
2563 955 2663 1008 ούκ
2710 956 2768 1009 ὲν
2796 957 2992 1027 τούτῳ,
3024 959 3207 1028 φησιν,
3257 960 3404 1014 ἐστὶν
3435 962 3463 1013 6
3516 962 3646 1026 Υἱός
3698 982 3831 1032 μου,

2242 1041 2328 1095 ἵνα
2358 1042 2434 1113 μὴ
2469 1044 2745 1115 ἀναμέρος
2790 1045 2865 1108 ὡς
2890 1046 3075 1116 ἕτερος
3102 1048 3161 1101 ὲν
3191 1048 3362 1120 ἑτέρῳ
3389 1051 3569 1121 τυχὸν,
3600 1053 3727 1113 ἀλλ’
3751 1049 3830 1117 εἷς

2241 1133 2426 1203 νοῆται
2466 1136 2559 1188 καὶ
2588 1137 2615 1188 6
2656 1136 2814 1200 αὐτὸς
2855 1137 2980 1190 καθ’
3008 1138 3201 1192 ἕνωσιν
3232 1142 3600 1212 οἰκονομικήν.
3632 1144 3829 1215 Πλημο

2244 1225 2401 1295 μελὲς
2426 1227 2483 1281 δὲ
2519 1228 2601 1281 ὅτι
2623 1229 2685 1282 τὸ
2712 1230 3028 1283 ἀντιτείνειν
3057 1232 3195 1297 ἐστὶ,
3223 1232 3317 1285 καὶ
3343 1233 3453 1287 τῶν
3472 1236 3553 1287 ὅτι
3584 1237 3830 1305 μάλιστα

2241 1316 2710 1388 σφαλερωτάτων,
2765 1319 3050 1373 ἀναπείσει
3096 1321 3325 1392 γράφων
3392 1324 3647 1393 Ἰωάννης
3698 1324 3829 1387 ὡδὶ,

2239 1407 2321 1459 ὃτι
2356 1407 2492 1478 αὕτη
2529 1409 2675 1463 ἐστὶν
2704 1412 2737 1479 ἡ
2780 1411 3051 1481 μαρτυρία
3081 1411 3176 1464 τοῦ
3223 1411 3378 1475 Θεοῦ,
3418 1414 3501 1466 ὅτι
3546 1414 3811 1484 μεμαρτύ

2244 1515 2377 1568 ρηκε
2406 1498 2535 1570 ’περὶ⁵
2566 1499 2659 1553 τοῦ
2681 1500 2810 1554 Υίοῦ
2833 1502 3018 1555 αὐτοῦ*
3045 1520 3065 1554 ι
3088 1502 3146 1555 Ὀ
3166 1502 3439 1557 πιστεύων
3464 1506 3544 1567 είς
3576 1505 3669 1559 τὸν
3692 1505 3833 1558 Υίὸν

2239 1588 2333 1642 τοῦ
2377 1589 2534 1653 Θεοῦ,
2571 1590 2685 1661 ἔχει
2721 1590 2822 1664 τὴν
2871 1593 3178 1664 μαρτυρίαν
3217 1594 3310 1647 τοῦ
3341 1593 3475 1647 Θεοῦ
3520 1596 3578 1647 ὲν
3616 1596 3827 1665 ἑαυτῷ.

2253 1678 2311 1730 Ὀ
2356 1677 2430 1749 μὴ
2483 1679 2754 1733 πιστεύων
2791 1679 2870 1751 τῷ
2903 1679 3040 1751 Θεῷ,
3090 1674 3329 1752 ψεύστην
3374 1682 3675 1753 πεποίηκεν
3720 1685 3829 1736 ai»

2239 1767 2351 1832 τὸν,
2390 1769 2472 1823 ὅτι
2515 1770 2614 1823 οὐκ
2650 1769 2970 1824 ἐπίστευσεν
3000 1773 3079 1835 είς
3121 1772 3220 1843 τὴν
3256 1772 3580 1842 μαρτυρίαν,
3626 1776 3692 1845 ἢν
3731 1791 3828 1843 με·

2246 1860 2597 1933 μαρτύρηκεν
2633 1863 2661 1915 6
2693 1862 2824 1925 Θεὸς
2852 1865 2980 1934 περὶ
3009 1862 3104 1917 τοῦ
3134 1862 3263 1917 Υίοῦ
3293 1862 3477 1918 αὑτοῦ.
3520 1883 3539 1915 ι
3585 1866 3828 1935 Μεμαρ-

2240 1950 2449 2021 τύρηκε
2487 1951 2567 2016 δὲ,
2602 1952 2685 2005 ὅτι
2717 1945 2904 2016 Οὗτος,
2936 1955 2964 2007 6
2994 1952 3134 2023 μετά
3178 1952 3379 2024 σαρκὸς
3409 1953 3503 2006 καὶ
3542 1954 3601 2006 ὲν
3624 1956 3690 2024 τῇ
3721 1954 3830 2007 τοῦ

2240 2044 2428 2097 δούλου
2459 2048 2664 2116 μορφῇ,
2695 2044 2992 2116 μοναδικῶς
3019 2062 3078 2098 τε
3110 2044 3204 2097 καὶ
3237 2043 3417 2107 ίδικῶς
3438 2045 3567 2114 ὲμδς
3602 2044 3826 2115 ἀληθῶς

2244 2133 2390 2196 Υἱός.
2424 2134 2489 2186 Τί
2520 2133 2612 2200 δέ;
2646 2135 2765 2203 οὐχὶ
2782 2134 2877 2187 καὶ
2894 2132 2994 2205 τὴν
3020 2132 3107 2186 διά
3135 2131 3231 2186 τοῦ
3259 2131 3415 2201 ἁγίου
3444 2132 3830 2203 βαπτίσματος·

2242 2224 2442 2279 εὐκλεᾶ
2477 2225 2658 2295 χάριν,
2691 2224 2785 2278 καὶ
2813 2222 2912 2295 τὴν
2937 2224 2994 2275 ὲν
3015 2220 3164 2293 αύτῷ
3207 2222 3551 2292 ζωοποίησιν,
3591 2223 3687 2274 καὶ
3720 2224 3829 2293 τὴν

2242 2316 2379 2370 Θεοῦ
2413 2315 2627 2385 μέθεξιν
2664 2315 2731 2367 δι’
2763 2315 3036 2384 ἀγιασμοῦ
3079 2314 3136 2368 ὲν
3180 2311 3477 2382 Πνεύματι,
3507 2311 3593 2364 διὰ
3638 2312 3828 2383 Ἰησοῦ

2242 2407 2479 2480 Χριστοῦ
2514 2408 2829 2479 πεπράχθαι
2870 2406 3112 2475 δώσομεν
3133 2423 3148 2471 ;

2313 2500 2372 2551 Β.
2436 2498 2809 2565 Ἀναγκαίωςι
2861 2500 3211 2568 μεμνήσομαι
3261 2496 3370 2566 γὰρ
3424 2497 3666 2550 Ἰωάννου
3724 2498 3823 2548 λέ-

2241 2608 2465 2658 γοντος*
2509 2609 2528 2641 ι
2575 2590 2634 2642 '0
2680 2590 2736 2644 δὲ
2770 2589 2943 2641 ὀπίσω
2975 2605 3079 2659 μου
3128 2588 3443 2659 ἐρχόμενος,
3473 2588 3823 2660 ίσχυρότερός

2245 2680 2345 2751 μού
2380 2682 2545 2741 ἐστιν,
2579 2672 2638 2733 οὗ
2664 2680 2764 2732 οὐκ
2793 2679 2911 2749 εἰμὶ
2948 2678 3129 2742 ἱκανὸς
3156 2679 3223 2732 τὰ
3251 2677 3570 2749 ὑποδήματα
3611 2678 3821 2748 βαστά-

2244 2790 2368 2827 σαι·
2407 2774 2615 2835 ἐκεῖνος
2647 2773 2791 2845 ὑμᾶς
2832 2770 3080 2824 ϐαπτίσει
3128 2772 3185 2823 ἐν
3231 2769 3506 2843 Πνεύματι
3546 2770 3684 2842 ἁγίῳ
3723 2771 3820 2824 καὶ

2241 2865 2396 2937 πυρί.
2440 2883 2459 2916 ι

2311 2959 2375 3010 Α.
2394 2952 2519 3027 'Ap‘
2549 2949 2662 3019 οῦν,
2681 2948 2726 3008 ὦ
2753 2956 2954 3026 ἑταῖρε,
2972 2956 3070 3025 τῆς
3099 2954 3217 3008 καθ’
3241 2955 3385 3026 ἡμᾶς
3404 2953 3824 3027 ἀνθρωπότητος

2242 3047 2401 3117 ἔργον
2441 3041 2579 3098 εἷναι
2620 3043 2836 3114 φῶμεν,
2868 3043 2929 3096 τὸ
2963 3043 3021 3095 ὲν
3061 3041 3336 3113 Πνεύματι
3368 3042 3508 3113 ἁγίῳ
3537 3042 3823 3112 βαπτίζειν

2244 3136 2504 3193 δύνασθαι
2535 3136 2629 3190 καὶ
2675 3135 2810 3206 πυρί
2828 3152 2843 3201 ;

2316 3229 2376 3281 B.
2417 3227 2528 3282 Καὶ
2560 3227 2675 3290 πῶς
2702 3225 2768 3280 ἂν
2806 3226 2891 3297 εἴη
2930 3225 3084 3280 τοῦτό
3118 3242 3220 3294 ys;

2314 3322 2381 3374 A.
2422 3321 2532 3374 Kal
2560 3320 2665 3391 μὴν
2692 3320 2859 3390 ἄνδρα
2886 3319 3078 3387 λέγων,
3120 3318 3208 3372 τὸν
3241 3319 3364 3372 ὅσον
3420 3318 3629 3372 οὐδέπω
3686 3333 3823 3387 παρε

2247 3412 2501 3484 εσόμενόν
2541 3414 2715 3465 τεκαὶ
2759 3411 3149 3483 ὀφθησόμενον,
3182 3412 3345 3464 αὑτὸν
3390 3410 3491 3481 ἔφη
3540 3410 3819 3481 βαπτίζειν

2245 3508 2303 3558 ἐν
2354 3507 2487 3576 πυρὶ
2540 3506 2634 3560 καὶ
2674 3505 2814 3574 ἁγίῳ
2863 3503 3158 3574 Πνεύματι,
3207 3502 3329 3556 οὔτε
3376 3503 3654 3575 ἀλλότριον
3704 3505 3820 3564 τοῖς

2243 3597 2666 3668 βαπτιζομένοις
2725 3598 2935 3650 ἐνιέντα
2991 3595 3213 3667 Πνεῦμα
3267 3595 3647 3666 δουλοπρεπῶς
3723 3594 3823 3647 καὶ

2246 3688 2616 3760 ύπουργικῶς,
2646 3688 2759 3742 ἀλλ’
2787 3688 2862 3753 ὡς
2901 3688 3032 3741 Θεὸν
3062 3686 3200 3741 κατά
3233 3687 3393 3756 φύσιν
3429 3688 3545 3757 μετ’
3571 3687 3825 3753 ἐξουσίας-

2244 3779 2344 3848 τῆς
2371 3779 2650 3845 ἀνωτάτω,
2682 3779 2742 3832 τὸ
2777 3780 2834 3847 ἐξ
2872 3779 3036 3833 αὐτοῦ
3068 3798 3127 3833 τε
3168 3780 3259 3833 καὶ
3290 3779 3419 3831 ἴδιον
3450 3778 3635 3843 αὐτοῦ,
3662 3778 3729 3830 δι’
3756 3772 3825 3837 οὗ

2245 3871 2339 3924 καὶ
2375 3873 2404 3923 6
2438 3858 2579 3933 θεῖος
2618 3872 2749 3941 ἡμῖν
2792 3872 3176 3941 ἐνσημαίνεται
3204 3871 3511 3941 χαρακτήρ,
3557 3869 3823 3939 Ἀναμορ-

2247 3961 2495 4033 φούμεθα
2524 3960 2632 4034 γὰρ
2666 3962 2742 4026 ὡς
2785 3964 2865 4025 είς
2897 3962 3078 4017 εἰκόνα
3123 3962 3221 4034 τὴν
3260 3962 3429 4026 θείαν,
3472 3965 3550 4025 είς
3586 3962 3821 4032 Χριστὸν

2259 4053 2486 4125 Ἰησοῦν,
2510 4055 2570 4108 ού
2598 4053 2908 4123 σωματικὸν
2949 4054 3312 4125 ὑπομένοντες
3352 4053 3443 4107 τὸν
3463 4052 3823 4123 ἀναπλασμὸν

2249 4145 2466 4217 (κομιδῇ
2495 4145 2602 4216 γὰρ
2627 4144 2819 4217 εῦηθες
2856 4145 3062 4199 οἴεσθαι
3098 4145 3400 4216 τουτὶ),διά
3433 4146 3490 4199 δὲ
3520 4145 3612 4199 τοῦ
3649 4163 3818 4215 μετα-

2246 4237 2431 4309 λαχεῖν
2456 4238 2611 4305 ἁγίου
2638 4237 2974 4309 Πνεύματος,
3005 4238 3166 4291 αὑτὸν
3195 4238 3254 4291 ὲν
3284 4239 3495 4301 ἑαυτοῖς
3525 4237 3817 4291 πλουτοῦν-

2244 4347 2334 4394 τες
2389 4330 2658 4401 Χριστὸν,
2713 4328 2788 4393 ὡς
2843 4329 2945 4401 ἤδη
3005 4329 3292 4401 χαίροντας
3349 4331 3524 4383 έκεῖνο
3586 4332 3817 4400 φωνείνι

2253 4444 2271 4476 ι
2329 4422 2699 4491 Ἀγαλλιάσθω
2740 4420 2946 4491 ὴψυχή
2990 4439 3089 4492 μου
3120 4422 3212 4475 ἐπὶ
3240 4420 3317 4492 τῷ
3360 4420 3568 4492 Κυρίῳ⁶
3605 4420 3817 4472 ἐνέδυσε

568 4518 697 4586 quia
735 4516 910 4571 induit
951 4528 1038 4568 me
1085 4510 1427 4568 vestimentis
1472 4511 1683 4574 salutis,
1731 4520 1786 4566 et
1826 4512 2140 4566 indumento

2247 4518 2357 4588 γάρ
2387 4533 2453 4586 με
2490 4516 2705 4587 ἱμάτιον
2732 4516 3022 4585 σωτηρίου,
3056 4515 3150 4569 καὶ
3178 4514 3379 4587 χιτῶνα
3403 4512 3756 4584 εὐφροσύνης.
3791 4533 3808 4563 ι

563 4606 787 4676 iustitia:
814 4603 1172 4660 circumdedit
1200 4616 1286 4656 me
1313 4602 1351 4656 ¹.
1390 4619 1408 4653 ι
1434 4600 1709 4669 Quotquot
1739 4602 1880 4657 enim
1909 4602 1961 4656 in
1985 4602 2140 4657 Clario

569 4710 711 4754 stmn
741 4696 996 4766 baptizati
1023 4695 1182 4763 estis,
1211 4693 1486 4748 Christum
1517 4693 1767 4747 induistis
1798 4694 1839 4746 '.

640 4791 701 4847 Β.
729 4792 784 4845 1η
821 4772 1090 4846 hominem
1120 4803 1248 4857 ergo
1293 4786 1552 4857 haptizati
1579 4801 1799 4851 sumus,
1839 4787 2001 4856 idque
2051 4803 2141 4842 ve-

567 4900 683 4941 rum
722 4897 841 4936 esse
872 4879 1154 4935 dicemus?

633 4976 700 5033 A.
737 4974 882 5029 Bona
941 4974 1141 5037 verba,
1206 4971 1399 5027 amice.
1450 4970 1587 5037 Quid
1633 4971 1792 5041 agis?
1851 4972 2140 5026 Transfers

564 5069 709 5123 enim
742 5074 981 5122 nostram
1024 5079 1174 5134 spem
1202 5065 1256 5119 in
1300 5074 1522 5119 terram.
1565 5061 1833 5133 Baptizati
1876 5063 2139 5135 siquidem

565 5174 773 5225 sumus,
806 5173 914 5213 non
948 5157 999 5211 in
1037 5156 1310 5212 hominem
1358 5154 1697 5225 simpliciter,
1740 5156 1834 5210 sed
1874 5156 1926 5210 in
1974 5157 2138 5211 Deum

569 5253 948 5309 incarnatum.
1005 5258 1062 5303 et
1106 5250 1471 5302 remittentem
1524 5261 1737 5316 pinnam
1796 5259 2140 5317 veteremque

567 5339 783 5408 culpam
812 5339 876 5392 iis
906 5339 996 5408 qui
1028 5327 1091 5392 'in
1122 5338 1296 5407 ipsum
1329 5337 1694 5391 crediderunt.
1736 5336 1888 5393 Unde
1919 5348 1970 5391 et
2005 5338 2141 5391 divi~

568 5445 670 5484 nus
696 5428 786 5483 ille
816 5427 1010 5488 Petrus
1035 5427 1250 5482 Judteos
1277 5428 1559 5498 alloquens
1588 5427 1725 5481 dixit
1749 5440 1765 5480 :
1806 5446 1823 5478 ι
1864 5426 2140 5480 Paeniten—

569 5519 703 5573 tiam
748 5521 913 5590 agite,
954 5529 1012 5574 et
1046 5518 1349 5588 baptizetur
1378 5519 1753 5589 unusquisque
1791 5529 2031 5572 vestrum
2084 5520 2137 5573 in

571 5612 789 5665 nomine
828 5611 953 5667 Jesu
999 5612 1199 5668 Christi
1257 5615 1310 5669 iu
1363 5613 1736 5670 remissionem
1794 5625 2137 5683 peccatorum

2250 4608 2404 4662 Ὅσοι
2451 4606 2561 4676 γὰρ
2607 4606 2689 4668 είς
2713 4605 2969 4675 ιΧριστὸν
3034 4604 3420 4676 ὲὸαπτίσθητε,
3463 4604 3695 4675 Χριστὸν
3742 4605 3816 4656 ὲν·

2248 4700 2336 4754 εδύ
2346 4700 2534 4765 σασθε,
2580 4698 2765 4768 φησίν.

2318 4793 2379 4847 Β.
2420 4788 2547 4862 Ἆρ’
2601 4786 2694 4845 οῦν
2753 4791 2832 4852 εἰς
2887 4789 3172 4860 ἄνθρωπον
3225 4787 3670 4859 βεϐαπτίσμεθα,
3727 4787 3823 4845 καὶ

2247 4882 2402 4937 τοῦτο
2432 4878 2570 4936 εἶναι
2597 4883 2842 4952 φήσομεν
2877 4880 3109 4950 ἀληθέςῖ

2315 4977 2379 5026 Α.
2422 4972 2694 5042 Εὐφήμει,
2730 4970 3002 5039 ἄνθρωπε.
3043 4969 3108 5023 Τί
3139 4968 3291 5039 δρᾷς,
3317 4962 3362 5021 ὧ
3405 4962 3591 5033 οῦτος;
3636 4969 3819 5022 Κατα-

2246 5062 2491 5133 κομίζεις
2534 5061 2692 5131 ἡμῶν
2742 5061 2822 5123 είς
2866 5062 2966 5129 γῆν
3011 5058 3109 5130 τὴν
3152 5057 3360 5115 ἐλπίδα.
3401 5055 3819 5125 Βεϐαπτίσμεθα

2245 5157 2355 5227 γὰρ
2385 5156 2484 5208 οὐκ
2506 5156 2586 5217 εἰς
2614 5153 2899 5225 ἄνθρωπον
2928 5150 3134 5217 ἁπλῶς,
3158 5151 3272 5205 ἀλλ’
3296 5152 3376 5212 εἰς
3401 5149 3534 5202 Θεὸν
3558 5148 3819 5219 ὲνηνθρω-

2245 5244 2480 5315 πηκότα,
2512 5244 2604 5296 καὶ
2634 5242 2854 5295 ἀνιέντα
2883 5241 3073 5310 ποινῆς
3113 5241 3207 5295 καὶ
3248 5239 3357 5295 τῶν
3385 5239 3627 5310 ἀρχαίων
3651 5238 3819 5290 αἰτια-

2247 5337 2432 5407 μάτων
2492 5337 2618 5398 τοὺς
2657 5335 2756 5405 τὴν
2799 5336 2879 5398 είς
2922 5332 3083 5387 αὐτὸν
3125 5332 3307 5385 πίστιν
3355 5330 3816 5400 εἰσδεδεγμένους.

2244 5429 2354 5481 Καὶ
2397 5426 2528 5495 γοῦν
2574 5428 2602 5479 6
2643 5425 2926 5488 θεσπέσιος
2961 5425 3164 5494 Πέτρος
3204 5422 3479 5485 Ἰουδαίοις
3522 5421 3624 5491 ἔφη
3662 5435 3817 5492 προσο

2243 5524 2419 5578 λαλῶν
2440 5540 2452 5554 ·
2492 5545 2511 5575 ‹
2545 5524 2929 5593 Μετανοήσατε
2957 5516 3070 5582 οῦν,
3104 5521 3195 5573 καὶ
3220 5515 3569 5589 βαπτισθήτω
3589 5514 3818 5576 ἕκαστος

2244 5617 2399 5687 ὑμῶν
2440 5617 2533 5669 ἐπὶ
2577 5615 2655 5685 τῷ
2691 5614 2916 5684 ὀνόματι
2958 5611 3129 5683 Ἰησοῦ
3177 5606 3434 5680 Χριστοῦ,
3484 5606 3564 5670 είς
3625 5604 3817 5673 ἄφεσιν

643 5793 689 5824 ⁸⁷
716 5791 903 5846 Matth.
941 5808 1073 5856 xvu.
1114 5796 1166 5850 5.
1244 5794 1329 5848 "l
1359 5794 1509 5851 .luan.
1548 5814 1599 5860 γ,
1636 5796 1687 5857 9,
1730 5798 1814 5851 10.
1891 5798 1935 5829 θ’
1957 5796 2140 5853 Matth.

2250 5838 2264 5861 .
2300 5799 2379 5853 ll.
2462 5794 2603 5851 ’Isa.
2631 5810 2741 5860 un,
2784 5792 2868 5847 10.
2947 5790 3162 5846 'Galat.
3201 5805 3281 5857 ιιι,
3305 5788 3393 5842 27.
