4122 6532
442 421 571 476 ιειι

1521 412 1611 465 DE
1648 411 2159 464 ILVLAKNA'IIUNIL
2204 412 2569 465 υιιιιέιειιιιίι.

3542 420 3677 473 ηις

438 540 547 592 τῶν
591 535 877 606 ἁμαρτιῶν
920 532 1094 605 ὑμῶν,
1143 533 1236 584 καὶ
1265 526 1502 600 λήψεσθε
1543 526 1643 598 τὴν
1670 525 1878 597 δωρεὰν
1915 542 2008 579 του

2116 534 2443 593 vestrorum,
2484 536 2538 583 et
2573 526 2850 596 accipietis
2880 529 3076 585 donum
3118 528 3353 599 Spiritus
3380 532 3551 586 sancti
3580 532 3621 587 ⁸.
3652 551 3672 583 ι

439 627 595 695 ἁγίου
648 624 981 696 Πνεῦματος.
1041 643 1059 676 ι
1125 618 1401 675 ’Δπολύων
1448 617 1557 689 γὰρ
1604 616 1876 689 ἁμαρτίας
1918 616 2009 669 τὸν

440 717 587 788 αὐτῷ
624 715 1038 786 προσκείμενον,
1081 712 1160 783 τῷ
1190 711 1301 782 ίδίῳ
1329 709 1514 763 λοιπὸν
1543 708 1824 780 καταχρίει
1848 706 2010 760 Πνεῦ-

441 826 592 881 ματι,
628 809 766 878 ὅπερ
810 806 990 877 ἐνίησι
1036 806 1134 876 μὲν
1175 804 1356 869 αὐτὸς,
1399 802 1474 867 ὡς
1519 804 1584 856 ὲκ
1616 799 1753 854 Θεοῦ
1800 799 2008 870 Πατρδς

440 900 633 967 Λόγος,
661 898 756 952 καὶ
780 898 839 965 ἐξ
868 897 1002 959 ἰδίας
1032 896 1162 967 ἡμῖν
1197 894 1538 965 ἀναπηγάζει
1565 892 1798 962 φύσεως·
1829 890 2008 944 κοινὸν

441 990 500 1044 δὲ
534 989 725 1060 ὥσπερ
760 988 822 1041 τὸ
844 987 1034 1058 χρῆμα
1071 986 1241 1050 τιθεὶς
1285 988 1350 1057 τῇ
1394 985 1532 1054 μετὰ
1572 982 1770 1054 σαρκὸς
1802 983 2007 1035 οἰκονο-

446 1079 545 1151 μίᾳ
584 1078 674 1133 διὰ
700 1078 800 1149 τὴν
845 1076 1059 1141 ἕνωσιν,
1090 1077 1185 1129 καὶ
1228 1078 1303 1140 ὡς
1333 1074 1617 1144 ἄνθρωπος
1656 1075 1868 1127 ὲνέπνει
1910 1088 2011 1125 σω-

445 1168 707 1241 ματικῶς.
768 1167 1102 1239 Ἐνεφύσησε
1127 1165 1236 1238 γὰρ
1267 1166 1381 1229 τοῖς
1428 1163 1780 1228 ἀποστόλοις,
1816 1160 2006 1215 είπὼνο

444 1278 465 1311 ι
485 1259 690 1313 Λάϐετε
726 1257 951 1328 Πνεῦμα
977 1257 1131 1326 ἅγιον
1152 1275 1165 1289 ·
1204 1276 1222 1310 ι
1255 1257 1348 1310 καὶ
1370 1256 1469 1309 οὐκ
1496 1256 1561 1309 ἐκ
1597 1253 1799 1325 μέτρου
1827 1253 2009 1306 δίδωσι

437 1346 499 1401 τὸ
537 1345 784 1416 Πνεῦμα,
827 1347 970 1400 κατὰ
1006 1346 1107 1416 τὴν
1153 1346 1401 1399 Ἰωάννου
1442 1344 1649 1415 φωνὴν,
1697 1342 1813 1395 ἀλλ’
1851 1341 2011 1404 αὐτὸς

440 1438 644 1509 ἐνίησιν
686 1436 746 1503 ἐξ
794 1435 1008 1497 ἑαυτοῦ,
1055 1435 1307 1506 καθάπερ
1354 1434 1549 1505 ἀμέλει
1591 1433 1687 1487 καὶ
1728 1434 1758 1486 δ
1796 1432 2005 1501 Πατήρ.

440 1528 550 1582 Καὶ
574 1526 708 1597 γοῦν
742 1528 770 1581 ό
797 1526 1081 1590 θεσπέσιος
1122 1527 1354 1593 Παῦλος,
1380 1527 1691 1596 ἀποστήσας
1723 1524 1823 1595 τὴν
1851 1522 1906 1576 ἐν
1946 1538 2009 1590 γε

440 1619 611 1691 τούτῳ
636 1619 921 1691 διαφοράν,
951 1620 1082 1673 ποτὲ
1120 1619 1219 1689 μὲν
1253 1617 1401 1689 αὑτῷ
1434 1617 1514 1688 τῷ
1556 1616 1674 1688 Θεῷ
1700 1618 1792 1673 καὶ
1836 1616 2010 1686 Πατρὶ

442 1713 762 1783 προσνέμων
783 1713 998 1783 δρᾶται,
1028 1712 1159 1765 ποτὲ
1190 1712 1247 1764 δὲ
1292 1708 1362 1766 αὖ
1401 1710 1478 1781 τῷ
1504 1710 1637 1781 Υίῷ.
1674 1711 1877 1781 Γράφει
1901 1709 2008 1779 γὰρ

441 1799 542 1858 ὦδε
565 1822 580 1836 ο
615 1822 635 1856 ι
684 1804 874 1875 Ὑμεῖς
904 1804 959 1857 δὲ
1003 1803 1104 1857 οὐκ
1141 1803 1264 1856 ἐστὲ
1305 1805 1362 1856 ἐν
1394 1804 1579 1874 σαρκὶ,
1617 1801 1733 1854 ἀλλ’
1761 1803 1818 1855 ὲν
1848 1801 2011 1853 πνεύ-

2116 618 2427 674 Dissolvens
2484 619 2628 674 enim
2680 629 2902 689 peccata
2958 621 3079 691 ejus
3122 622 3214 691 qui
3269 621 3367 690 ipsi
3418 621 3677 688 adhaeret,

2112 710 2331 779 proprio
2359 726 2456 765 suo
2488 711 2689 778 Spiritu
2718 710 2951 782 innngit,
2980 728 3139 781 quem
3187 714 3403 782 quidem
3442 714 3678 768 immittit

2116 799 2249 867 ipse,
2283 809 2340 853 ut
2368 799 2600 854 Verbum
2636 814 2699 854 ex
2743 798 2856 854 Deo
2903 800 3081 867 Patre,
3131 812 3185 856 et
3227 817 3293 857 ex
3339 804 3553 872 propria
3584 816 3680 855 sua

2116 902 2305 945 natura
2353 892 2405 947 in
2448 908 2545 947 nos
2575 890 2924 948 transfundit.
2957 892 3311 949 Communem
3368 909 3495 949 vero
3548 909 3681 962 quo-

2113 976 2400 1033 dammodo
2420 981 2560 1034 hanc
2590 996 2703 1036 rem
2737 980 2939 1035 faciens
2967 996 3091 1034 eum
3124 981 3597 1036 administratione
3625 983 3681 1035 in

2113 1081 2277 1122 carne
2314 1077 2532 1137 propter
2560 1069 2850 1135 unitatem,
2883 1070 3047 1124 etiam
3081 1079 3139 1125 ut
3184 1072 3345 1125 homo
3394 1071 3682 1141 inspiravit

2111 1159 2481 1228 corporaliter.
2532 1160 2808 1230 Inspiravit
2891 1162 3034 1216 enim
3100 1159 3404 1231 apostolis,
3459 1162 3679 1215 dicens:

2119 1268 2139 1303 ι
2190 1251 2432 1322 Accipite
2474 1250 2737 1320 Spiritum
2783 1262 3036 1307 sanctum
3067 1252 3112 1306 ".
3152 1271 3172 1304 ι
3205 1249 3390 1321 Neque
3428 1266 3497 1307 ex
3534 1267 3682 1305 men»-

2102 1359 2238 1407 sura
2266 1344 2360 1398 dat
2389 1344 2677 1413 Spiritum,
2710 1353 2768 1398 ut
2804 1345 2980 1414 inquit
3006 1343 3263 1408 Joannes,
3294 1344 3386 1398 sed
3421 1343 3532 1412 ipse
3558 1357 3680 1396 cum

2114 1436 2358 1491 immittit
2384 1452 2450 1492 ex
2480 1439 2685 1506 seipso,
2720 1437 2859 1492 sicut
2891 1446 2947 1492 et
2985 1437 3168 1491 Pater.
3208 1437 3413 1491 Idcirco
3442 1445 3497 1491 et
3543 1439 3683 1491 divi-

2114 1544 2216 1583 nus
2268 1527 2463 1584 Paulus
2507 1528 2700 1583 tollens
2727 1544 2942 1584 omnem
2990 1528 3089 1582 hac
3123 1528 3175 1582 in
3211 1543 3269 1582 re
3301 1527 3689 1594 diﬂ’erentiam,

2115 1617 2381 1672 interdum
2408 1618 2509 1688 ipsi
2542 1620 2649 1673 Deo
2676 1633 2739 1673 ac
2772 1618 2921 1673 Patri
2951 1618 3001 1672 id
3046 1617 3282 1673 tribucre
3313 1617 3572 1682 cernitur,
3601 1618 3683 1670 in-

2115 1715 2325 1766 terdum
2351 1722 2555 1779 autem,
2584 1712 2743 1768 Filio.
2774 1711 2851 1766 Ita
2877 1711 3021 1765 enim
3050 1711 3238 1766 scribit
3263 1728 3277 1765 :
3314 1729 3333 1763 ‹
3370 1708 3476 1764 Vos
3500 1719 3691 1763 autem.

2116 1820 2222 1859 non
2246 1805 2377 1859 estis
2398 1804 2451 1858 in
2479 1820 2661 1869 carne,
2691 1804 2783 1859 sed
2811 1804 2862 1857 in
2897 1802 3087 1873 Spiritu
3109 1842 3124 1866 ,
3156 1802 3417 1871 siquidem
3448 1801 3689 1869 Spiritus

444 1912 593 1965 ματι,
626 1894 784 1965 εἰπερ
811 1895 1029 1965 πνεῦμα
1060 1893 1195 1947 Θεοῦ
1243 1895 1382 1977 οἱᾼκεῖ
1424 1895 1483 1946 ὲν
1530 1893 1691 1962 ὑμϊνο
1736 1894 1785 1944 εί
1827 1891 1883 1946 δέ
1922 1909 2008 1955 τις

2118 1895 2212 1950 Dei
2250 1894 2461 1977 habitat
2490 1896 2542 1949 in
2591 1897 2764 1950 vobis.
2798 1895 2854 1949 Si
2886 1909 3014 1947 vero
3038 1893 3159 1963 quis
3204 1891 3459 1961 Spiritum
3483 1889 3688 1944 Christi

441 1983 662 2054 Πνεῦμα
690 1983 927 2056 Χριστοῦ
951 1984 1050 2036 οὐκ
1081 1983 1215 2053 ἔχει,
1242 1974 1396 2047 οὗτος
1419 1983 1518 2036 οὐκ
1546 1982 1690 2035 ἔστιν
1717 1980 1902 2036 αὐτοῦ.
1944 1982 2007 2036 Εἰ

436 2074 493 2127 δὲ
530 2076 763 2146 Χριστὸς
807 2078 865 2128 ἐν
904 2076 1051 2145 ὑμῖν,
1094 2075 1156 2128 τὸ
1203 2075 1301 2143 μὲν
1352 2072 1509 2144 σῶμα
1550 2072 1744 2142 νεκρὸν
1783 2071 1871 2127 διὰ
1908 2072 2008 2143 τὴν

438 2166 733 2237 ἁμαρτίαν,
763 2167 823 2220 τὸ
844 2167 903 2220 δὲ
932 2165 1179 2237 Πνεῦμα,
1217 2165 1331 2236 ζωὴ
1356 2165 1445 2219 διὰ
1476 2165 1840 2235 δικαιοσύνην.
1877 2183 1897 2216 ι

508 2256 567 2309 Β.
613 2257 849 2327 ’Λραρεν
888 2250 1016 2322 οῦν,
1067 2256 1148 2308 ὅτι
1191 2253 1326 2308 ίδιόν
1369 2255 1487 2307 ἐστι
1537 2253 1599 2306 τὸ
1648 2252 1871 2322 Πνεῦμα
1911 2250 2006 2304 τοῦ

439 2344 591 2403 Υίοῦ.
614 2346 709 2399 καὶ¹
751 2344 869 2398 οὔτι
904 2362 1006 2398 που
1035 2346 1215 2416 μόνον,
1311 2344 1480 2412 Λόγος
1514 2345 1630 2397 ἐστί
1656 2342 1911 2413 πεφηνὼς
1943 2344 2007 2396 ἐκ

438 2434 671 2503 Πατρὺς,
702 2434 837 2488 ἀλλὰ
860 2436 952 2489 καὶ
1029 2437 1202 2487 νοοῖτο
1231 2434 1355 2487 καθ’
1378 2435 1524 2505 ἡμᾶς
1545 2433 1644 2488 ἄνθ
1652 2450 1834 2504 ρωπος
1863 2432 2010 2501 γενόο

441 2544 618 2596 μενος.

507 2619 573 2672 Δ.
616 2618 773 2671 Ἰδιον
795 2618 871 2681 ὡς
896 2620 959 2672 ὲκ
989 2617 1220 2692 Πατρὸς,
1240 2618 1297 2669 ἐν
1318 2617 1589 2689 ὁμοουσίῳ
1611 2618 1771 2688 γεννὴ
1781 2634 1908 2687 ματι
1932 2616 2008 2687 τῷ

438 2709 696 2778 ἔξάὐτοῦ
724 2710 880 2779 φύντι
911 2710 1087 2781 Λόγῳ,
1118 2712 1214 2764 καὶ
1247 2711 1297 2762 εί
1322 2709 1533 2778 λέγοιτο
1564 2709 1768 2774 λαϐεῖν,
1800 2710 1889 2763 ὅτε
1916 2708 2010 2779 γέν

437 2817 592 2868 γονεν
615 2801 900 2873 ἄνθρωπος
940 2803 968 2855 ὁ
990 2801 1098 2855 τῶν
1119 2801 1220 2871 τῆς
1246 2800 1499 2871 Θεότητος
1539 2801 1843 2873 ἰδιωμάτων
1860 2800 1935 2866 ὡς
1952 2804 2009 2856 ὲν

442 2890 549 2963 ἰδίᾳ
588 2889 746 2959 φύσει
777 2889 1105 2961 τητώμενος.
1140 2891 1253 2944 Καὶ
1290 2889 1422 2959 γοῦν
1467 2888 1630 2954 αὐτὸς
1675 2889 1936 2960 ὑπάρχων
1973 2894 2005 2961 ἡ

440 2982 657 3038 πάντων
679 2981 812 3054 ζωὴ,
832 2983 920 3037 διὰ
950 2982 1051 3053 τὴν
1075 2984 1139 3036 ἐκ
1161 2981 1362 3048 ζῶντος
1389 2982 1601 3053 Πατρδς
1629 2982 1865 3055 ἄρρητον
1893 2984 2010 3053 γέν-

440 3092 612 3146 νησιν,
641 3075 1019 3140 ζωοποιεῖσθαι
1049 3075 1266 3146 λέγεται
1300 3074 1419 3147 μεθ’
1450 3073 1625 3147 ἡμῶν.
1661 3075 1820 3147 Πάρα
1844 3075 1889 3129 δ’
1916 3071 2010 3130 οῦν

438 3167 587 3237 ὅμως
628 3167 775 3234 ἰδεῖν,
808 3166 1162 3238 χαριζόμενον
1194 3167 1291 3237 μὲν
1316 3168 1384 3238 τῇ
1441 3166 1545 3238 ίδίᾳ
1578 3167 1737 3240 σαρκὶ
1765 3167 1863 3237 τῆς
1894 3168 2011 3220 θεο-

440 3226 681 3329 ⁴τέρεειιτοῦς
711 3226 1120 3328 ἐνεργείας-τὴν
1147 3226 1327 3323 δόξαν,
1352 3226 1726 3328 όίκειοῦμενον
1754 3226 1914 3311 Strab
1941 3259 2011 3311 τά
2040 3226 2082 3283 C

441 3346 663 3418 σαρκὸς,
691 3348 785 3401 καὶ
810 3347 973 3400 οίονεί
1000 3364 1116 3411 πως
1143 3348 1267 3401 καθ’
1301 3347 1494 3402 ἕνωσιν
1522 3347 1892 3418 οἰκονομικὴν,
1916 3348 2011 3401 καὶ

440 3441 508 3510 τῇ
543 3438 646 3510 ἰδίᾳ
673 3438 1018 3511 περιτιθέντα
1054 3438 1231 3508 φύσει.

513 3615 572 3668 Β.
615 3614 748 3667 Τίνα
777 3614 883 3684 φὴς
911 3613 1143 3685 τρόπον;

511 3710 576 3761 Α.
615 3703 693 3760 τιι
723 3706 845 3777 οὐχι
873 3706 936 3777 δὴ
974 3705 1209 3775 μάλιστα
1241 3702 1474 3775 πρέπειν
1512 3705 1657 3775 ἐρεῖς
1695 3704 1775 3775 τῷ
1805 3721 1866 3774 γε
1901 3704 2014 3758 ὄντι

445 3801 583 3853 κατά
616 3798 777 3868 φύσιν
809 3799 872 3850 ὲκ
897 3796 1033 3851 θεοῦ
1067 3796 1279 3867 Πατρδς
1325 3796 1504 3867 Λόγῳ,
1534 3795 1593 3848 τὸ
1626 3795 1831 3850 ἄνωθεν
1859 3797 2014 3867 ήκειν

446 3894 535 3947 καὶ
569 3890 626 3956 ἐξ
666 3887 924 3961 οὐρανοῦ,
960 3888 1057 3942 καὶ
1090 3887 1151 3941 τὸ
1192 3887 1474 3956 ζωογονεῖν
1522 3885 1780 3941 δύνασθαι
1810 3887 1908 3953 τὰ,
1935 3882 2016 3951 οἷς

446 3986 511 4043 ἂν
549 3984 752 4038 ἐνιέναι
785 3981 1025 4052 βούλοιτο
1054 3979 1150 4047 τὴν
1185 3978 1368 4049 ζωήν;

515 4076 576 4129 Β.
615 4074 782 4145 Φημί.

515 4170 579 4220 Α.
621 4166 687 4219 Τί
710 4166 802 4230 δέ;
836 4165 897 4218 τὸ
921 4163 1295 4235 δημιουργεῖν,
1329 4160 1451 4214 είπέ
1478 4176 1586 4230 μοι,
1616 4158 1833 4224 Θεῖκῶς,
1870 4159 2017 4232 δοίης

444 4259 510 4322 ᾂν
547 4257 686 4312 εἶναί
723 4274 775 4310 τι
800 4255 909 4310 τῶν
952 4256 1341 4328 άνθρωπίνων;

515 4350 575 4405 Β.
617 4350 730 4403 Οὐκ
767 4349 965 4418 ἔγωγε,

512 4442 577 4502 Δ..
618 4441 682 4493 Τί
725 4440 903 4493 τοίνυν
953 4441 1099 4511 ἡμᾶς
1143 4440 1398 4505 ζωοποιεῖ
1428 4444 1554 4515 μὲνῖ
1585 4446 1662 4510 ὼς
1690 4442 1842 4508 Θεὸς,
1879 4440 2017 4512 πλὴν

2116 2001 2221 2040 ιιοη
2260 1986 2440 2049 habet,
2461 1985 2548 2040 hic
2576 2000 2679 2038 non
2716 1993 2799 2038 est
2820 1985 3010 2053 ipsius.
3036 1982 3094 2036 Si
3121 1990 3298 2036 autem
3326 1979 3575 2035 Christus
3599 1989 3683 2034 est

2118 2077 2169 2131 in
2204 2077 2375 2142 vobis,
2403 2091 2599 2144 corpus
2634 2075 2852 2144 quidem
2895 2082 3163 2127 mortuum
3193 2081 3276 2126 est
3312 2081 3531 2141 propter
3558 2085 3683 2139 pec-

2118 2180 2326 2233 catum,
2356 2168 2582 2237 spiritus
2605 2180 2734 2221 vero
2758 2165 2868 2218 vita
2891 2174 3111 2233 propter
3128 2161 3569 2231 justifieationem
3586 2161 3630 2216 ⁸.
3658 2178 3677 2210 ι

2188 2258 2251 2314 Β.
2282 2258 2521 2326 Spiritus
2555 2257 2736 2325 itaque
2784 2256 2945 2326 707
2982 2255 3229 2324 proprius
3263 2261 3346 2307 est
3388 2252 3534 2317 Filii,
3577 2268 3682 2306 non

2115 2351 2288 2407 solum
2326 2357 2593 2418 quatenus
2639 2354 2724 2400 est
2768 2343 3006 2399 Verbum
3050 2358 3118 2398 ex
3161 2341 3324 2396 Patre
3364 2342 3681 2410 procedens,

2116 2455 2302 2496 verum
2358 2440 2520 2494 etiam
2586 2447 2855 2507 quatenus
2905 2444 2988 2491 est
3049 2435 3210 2489 homo
3265 2432 3438 2488 nostri
3490 2432 3684 2488 similis

2115 2533 2289 2590 factus

2184 2626 2251 2681 A.
2315 2622 2571 2692 Proprius
2609 2636 2827 2691 quidem
2859 2628 2918 2674 ut
2941 2633 3003 2672 ex
3031 2618 3194 2673 Patre
3232 2618 3284 2672 in
3318 2616 3682 2671 consubstan-

2117 2718 2230 2772 tiali
2266 2716 2404 2772 Filio
2436 2730 2499 2770 ex
2559 2728 2681 2769 sese
2725 2713 2907 2784 genito
2963 2710 3161 2776 Verbo,
3193 2708 3407 2764 tametsi
3468 2708 3684 2761 dicatur

2114 2824 2237 2864 eum
2293 2806 2540 2875 accipere
2572 2807 2787 2874 quando
2822 2804 2998 2858 factus
3051 2811 3136 2857 est
3181 2802 3364 2867 homo,
3433 2799 3522 2869 qui
3553 2813 3677 2869 pro-

2117 2899 2444 2970 prietatibus
2482 2897 2785 2951 divinitatis
2835 2896 2890 2949 in
2943 2909 3036 2949 sua
3071 2902 3261 2948 natura
3287 2900 3457 2947 caret.
3506 2891 3685 2958 Atque

2116 2990 2317 3045 idcirco
2360 2989 2477 3059 ipse
2518 3002 2639 3042 cum
2676 2986 2746 3041 sit
2800 2985 3041 3041 omnium
3088 2983 3217 3051 vita,
3253 2982 3378 3053 quia
3429 2979 3682 3035 inetl'ahili

2117 3082 2276 3135 modo
2327 3095 2393 3135 ex
2456 3080 2579 3134 vivo
2633 3077 2793 3132 Patre
2844 3076 3054 3147 genitus
3090 3083 3192 3137 est,
3253 3088 3357 3126 una
3406 3071 3685 3126 nobiscum

2115 3172 2416 3227 vivilicatus
2439 3185 2560 3225 esse
2602 3169 2818 3225 dicitur.
2866 3165 3060 3222 Videre
3116 3176 3293 3221 tamen
3341 3174 3457 3227 est,
3508 3165 3685 3234 ipsum

2117 3263 2266 3318 carni
2293 3277 2403 3317 suae
2455 3261 2652 3316 divinae
2699 3258 3029 3329 operationis
3060 3256 3285 3327 gloriam
3326 3255 3604 3318 tribuisse,
3632 3264 3687 3308 et

2117 3355 2354 3412 vicissim
2381 3355 2559 3409 carnis
2576 3352 2931 3421 proprietates
2960 3364 3054 3420 per
3093 3349 3350 3403 unitatem
3396 3346 3539 3401 illam
3568 3362 3687 3415 qua:

2114 3462 2181 3503 ex
2233 3446 2610 3502 incarnatione
2663 3445 2804 3500 facta
2856 3452 2941 3498 cst
2981 3442 3047 3496 ad
3096 3440 3367 3511 propriam
3408 3454 3561 3495 suam
3590 3453 3690 3493 na-

2117 3548 2290 3593 turam
2331 3538 2613 3593 ascivisse.

2185 3629 2245 3683 B.
2274 3629 2392 3695 Quo
2413 3638 2569 3698 pacto
2590 3627 2672 3681 ais
2700 3626 2724 3679 ?

2186 3722 2252 3774 A.
2291 3720 2482 3774 Nonne
2526 3718 2759 3773 maxime
2812 3715 3107 3771 convenire
3145 3713 3294 3767 dices
3327 3710 3504 3766 Verbo
3544 3711 3690 3780 quod

2116 3820 2202 3867 est
2230 3811 2528 3865 secundum
2554 3816 2801 3861 naturam
2828 3821 2893 3859 ex
2929 3806 3057 3868 Deo,
3105 3817 3338 3872 superne
3366 3813 3421 3855 et
3459 3817 3525 3855 ex
3552 3800 3696 3856 coelo

2116 3906 2322 3969 venire,
2375 3910 2426 3954 et
2477 3897 2753 3950 vivilicare
2817 3908 2971 3963 posse
3025 3907 3085 3947 ea
3142 3891 3339 3960 quibus
3377 3890 3542 3943 vitam
3593 3892 3669 3945 im

2119 3995 2333 4049 mittere
2377 3986 2605 4043 voluerit
2634 3986 2658 4040 ἲ

2188 4085 2250 4139 Β.
2284 4080 2537 4137 Omnino.

2188 4178 2252 4232 A.
2314 4174 2450 4239 Quid
2501 4168 2904 4227 vero?Creare
2960 4165 3143 4221 divino
3202 4181 3373 4231 more,
3419 4165 3700 4225 dixerisnc

2118 4270 2279 4325 etiam
2305 4282 2370 4321 ex
2404 4264 2654 4320 humanis
2683 4261 2937 4334 operibus
2961 4272 3082 4313 esse
3110 4257 3133 4312 ’ί

2189 4360 2251 4414 Β.
2294 4360 2406 4428 Ego
2435 4366 2581 4414 certe
2615 4367 2976 4426 nequaquam.

2189 4450 2256 4505 Δ.
2291 4450 2429 4518 Quid
2478 4446 2663 4517 igitur,
2710 4444 2948 4501 vivilicat
2998 4443 3214 4512 quidem
3261 4459 3361 4500 nos
3405 4454 3463 4497 ut
3525 4445 3693 4507 Dens,

443 4533 504 4585 οὐ
564 4531 725 4603 μόνον
770 4530 849 4602 τῷ
900 4532 1221 4603 μεταλαχεῖν
1285 4534 1439 4602 ἁγίου
1500 4536 1851 4608 Πνεῦματος,
1900 4532 2012 4587 ἀλλ’

2121 4555 2377 4601 caeterum
2425 4558 2529 4597 non
2582 4541 2691 4595 sola
2742 4537 3152 4609 participatione
3198 4535 3430 4607 Spiritus
3472 4535 3691 4599 sancti;

445 4623 665 4696 ἐδεστὴν
715 4622 983 4695 παραθεὶς
1044 4626 1137 4677 καὶ
1193 4624 1291 4696 τὴν
1346 4626 1747 4697 ἀναληφθεῖσαν
1800 4628 2013 4699 σάρκα;

451 4715 595 4785 Ἔφη
632 4713 761 4784 γὰρ,
797 4714 877 4766 ὅτι
931 4730 951 4764 ι
1013 4713 1202 4784 Ἀμὴν,
1250 4714 1396 4786 ἀμὴν
1440 4716 1582 4785 λέγω
1615 4719 1763 4788 ὑμῖν,
1799 4718 1893 4772 ὲὰν
1938 4719 2015 4789 μὴ

445 4807 654 4877 φάγητε
677 4806 775 4876 τὴν
799 4804 976 4875 σάρκα
1000 4804 1093 4857 τοῦ
1120 4804 1247 4861 Υίοῦ
1273 4807 1366 4859 τοῦ
1394 4806 1701 4878 ἀνθρώπου,
1734 4808 1828 4861 καὶ
1852 4808 2013 4878 πίητε

444 4898 607 4953 αὑτοῦ
644 4900 704 4951 τὸ
734 4892 894 4968 αἷμα,
927 4897 1026 4950 οὐκ
1053 4895 1203 4966 ἔχετε
1239 4896 1382 4969 ζωὴν
1414 4898 1472 4950 ὲν
1502 4900 1731 4962 ἑαυτοῖς.
1772 4917 1791 4950 ι
1829 4901 2012 4953 Κατα-

444 4991 855 5065 κερτομούντων
884 4991 940 5044 δὲ
975 4992 1134 5044 αὑτὸν
1158 4991 1267 5044 τῶν
1312 4991 1580 5047 Ἰουδαίων
1615 4992 1765 5053 ποτὲ,
1794 4993 1885 5045 καὶ
1912 4992 2009 5062 τὴν

446 5084 538 5136 ἐπὶ
586 5087 699 5147 τοῖς
750 5083 998 5154 ἀμείνοσι
1026 5082 1204 5153 ψῆφον
1251 5082 1535 5148 ἀνάπτειν,
1578 5083 1679 5136 οὐκ
1704 5077 1801 5136 οἷδ’
1838 5084 2012 5148 ὅπως,

448 5175 939 5245 ἐπικεχειρηκότων
985 5172 1065 5244 τῷ
1100 5174 1356 5246 μακαρίῳ
1390 5176 1597 5241 Μωσεῖ,
1635 5175 1934 5246 εἰρηκότων
1962 5174 2019 5234 δὲ

447 5265 767 5332 ἀναφανδόν·
806 5283 827 5315 ι
871 5267 931 5319 Οἱ
977 5265 1211 5336 πατέρες
1239 5266 1395 5341 ἡμῶν
1424 5265 1624 5335 ἔφαγον
1653 5266 1715 5320 τὸ
1750 5268 1923 5337 μάννα
1958 5267 2015 5318 ἐν

447 5357 511 5425 τῇ
552 5355 765 5425 ἐρήμῳ,
802 5356 982 5421 καθώς
1006 5360 1122 5420 ἐστι
1154 5357 1536 5430 γεγραμμένον
1556 5375 1569 5387 ο
1605 5359 1803 5429 Ἀρτον
1826 5360 1891 5411 ὲκ
1919 5355 2014 5414 τοῦ

446 5447 675 5519 οὐρανοῦ
710 5448 907 5503 ἔδωκεν
934 5451 1112 5517 αὐτοῖς
1135 5454 1328 5522 φαγεῖν
1346 5468 1362 5484 ·
1394 5452 1445 5505 τί
1476 5454 1648 5515 ποιεῖς
1682 5452 1745 5503 σὺ
1770 5454 2011 5521 σημεῖον,

449 5540 534 5599 ἵνα
572 5539 949 5612 πιστεύσωμέν
1001 5559 1117 5609 σοις
1160 5544 1212 5597 τί
1263 5540 1493 5616 ἐργάζῃ,
1525 5543 1599 5606 ὡς
1634 5543 1836 5596 ἄνωθεν
1884 5545 2013 5613 ἡμῖν

449 5634 540 5686 καὶ
582 5634 641 5698 ἐξ
689 5633 921 5701 οὐρανοῦ
953 5637 1326 5706 κατακομίσας
1374 5636 1433 5689 τὸ
1486 5636 1679 5705 coitu;
1736 5654 1756 5686 ι
1814 5634 2008 5705 φησίν’

518 5808 536 5839 ⁸
558 5809 675 5867 Act.
704 5821 761 5874 ll,
791 5808 882 5864 38.
963 5810 978 5840 ⁵
1001 5810 1156 5864 Joan.
1190 5828 1282 5878 xx,
1314 5814 1404 5866 2°.
1479 5815 1496 5846 ⁵
1518 5814 1677 5869 Rom.
1714 5833 1829 5881 vin,
1861 5818 1915 5881 9,
1958 5816 2036 5871 10.

2121 4641 2216 4695 sed
2270 4633 2660 4693 comestibilem
2727 4630 2972 4701 prmbeus
3026 4629 3189 4684 etiam
3248 4643 3463 4683 carnem
3528 4643 3691 4696 quam

2119 4730 2432 4800 assumpsit.
2464 4727 2610 4782 Dixit
2671 4724 2813 4779 enim
2865 4723 3027 4791 ipse:
3065 4740 3083 4773 ι
3120 4722 3313 4786 Amen,
3364 4736 3518 4775 amen
3569 4719 3696 4773 dico

2119 4825 2293 4889 vobis,
2346 4820 2449 4875 nisi
2498 4814 2842 4875 comederitis
2892 4828 3113 4869 carnem
3165 4811 3286 4867 Filii
3325 4809 3580 4876 hominis,
3637 4819 3693 4863 et

2120 4912 2367 4969 biberitis
2395 4908 2510 4979 eius
2537 4908 2878 4975 sanguinem,
2942 4919 3049 4958 non
3102 4902 3369 4957 habebitis
3417 4902 3580 4955 vitam
3637 4900 3694 4953 in

2115 5003 2267 5057 vobis
2301 5001 2341 5054 ⁸.
2381 5019 2400 5051 ι
2445 4999 2578 5053 Cum
2610 5012 2736 5051 vero
2767 4994 2935 5050 Judaei
2988 5010 3112 5048 eum
3163 4992 3419 5048 conviciis
3467 4991 3693 5044 lacesse-

2120 5104 2258 5159 rent,
2303 5101 2357 5146 et
2397 5090 2531 5145 Mosi
2592 5089 2849 5143 doctrinae
2909 5086 3197 5156 plurimum
3246 5083 3368 5137 ﬁdei
3395 5082 3692 5145 deferrent,

2117 5194 2408 5254 aperteque
2470 5180 2827 5236 clamarent:
2903 5196 2922 5229 ι
2983 5176 3171 5230 Patres
3234 5175 3400 5229 nostri
3465 5175 3689 5228 mandu-

2120 5283 2377 5329 caverunt
2415 5287 2610 5325 manna
2665 5270 2719 5323 in
2776 5272 3009 5333 deserto,
3044 5269 3185 5322 sicut
3238 5267 3495 5337 scriptum
3549 5274 3687 5326 est:

2120 5363 2318 5418 Panem
2371 5362 2438 5415 de
2482 5364 2619 5415 cmlo
2671 5359 2815 5413 dedit
2867 5359 2948 5412 eis
2990 5359 3318 5413 manducare
3368 5375 3381 5412 :
3421 5365 3476 5411 tu
3545 5358 3691 5427 quod

2119 5456 2329 5522 signum
2361 5452 2515 5515 facis,
2557 5460 2612 5504 ut
2640 5451 2924 5505 credamus
2957 5449 3098 5504 tibi?
3148 5450 3276 5519 quid
3330 5449 3593 5517 operaris,
3629 5457 3690 5503 ut

2118 5559 2352 5615 superne
2403 5542 2558 5597 nobis
2623 5550 2678 5597 et
2743 5556 2806 5596 ex
2860 5540 2997 5596 caelo
3050 5538 3281 5596 aﬂ‘erens
3326 5555 3520 5610 corpus
3550 5537 3618 5591 7?
3662 5556 3683 5589 ι

2123 5638 2397 5708 respondit
2431 5634 2630 5691 Jcsus:
2671 5653 2688 5685 ι
2730 5635 2923 5698 Amen,
2973 5648 3127 5688 amen
3180 5634 3298 5689 dico
3356 5633 3541 5698 vobis;
3578 5646 3681 5684 non

2118 5817 2136 5848 ⁸
2163 5814 2320 5874 loan.
2357 5831 2431 5884 γι,
2464 5815 2552 5872 54.
2649 5815 2667 5846 ⁷
2690 5813 2817 5869 ibid.
2848 5811 2939 5880 50,
2965 5812 3053 5869 διε
