  <div class='ocr_page' id='page_1' title='image "/cluster/home/n/w/nwhite01/storage/ocr_20150623/75/hvd.32044019207935/659.png"; bbox 0 0 4122 6534; ppageno 0'>
   <div class='ocr_carea' id='block_1_1' title="bbox 516 392 653 453">
    <p class='ocr_par' dir='ltr' id='par_1_1' title="bbox 516 392 653 453">
     <span class='ocr_line' id='line_1_1' title="bbox 516 392 653 453; baseline -0.036 0"><span class='ocrx_word' id='word_1_1' title='bbox 516 392 653 453; x_wconf 65' lang='grc' dir='ltr'><strong>Ιὶιῦ</strong></span> 
     </span>
    </p>
   </div>
   <div class='ocr_carea' id='block_1_2' title="bbox 1537 384 2778 447">
    <p class='ocr_par' dir='ltr' id='par_1_2' title="bbox 1537 384 2778 447">
     <span class='ocr_line' id='line_1_2' title="bbox 1537 384 2778 447; baseline 0.004 -5"><span class='ocrx_word' id='word_1_2' title='bbox 1537 387 1597 442; x_wconf 86' lang='lat' dir='ltr'><strong>S.</strong></span> <span class='ocrx_word' id='word_1_3' title='bbox 1637 384 1911 444; x_wconf 81' lang='lat' dir='ltr'><strong>CYRILLI</strong></span> <span class='ocrx_word' id='word_1_4' title='bbox 1949 386 2417 445; x_wconf 78' lang='lat' dir='ltr'><strong>ALEXANDRINI</strong></span> <span class='ocrx_word' id='word_1_5' title='bbox 2457 389 2778 447; x_wconf 81' lang='lat' dir='ltr'><strong>ARCHIEP.</strong></span> 
     </span>
    </p>
   </div>
   <div class='ocr_carea' id='block_1_3' title="bbox 3645 398 3785 454">
    <p class='ocr_par' dir='ltr' id='par_1_3' title="bbox 3645 398 3785 454">
     <span class='ocr_line' id='line_1_3' title="bbox 3645 398 3785 454; baseline 0.021 -3"><span class='ocrx_word' id='word_1_6' title='bbox 3645 398 3785 454; x_wconf 63' lang='lat' dir='ltr'><strong>l2“</strong></span> 
     </span>
    </p>
   </div>
   <div class='ocr_carea' id='block_1_4' title="bbox 511 502 2086 580">
    <p class='ocr_par' dir='ltr' id='par_1_4' title="bbox 511 502 2086 574">
     <span class='ocr_line' id='line_1_4' title="bbox 511 502 2086 574; baseline -0.003 -11"><span class='ocrx_word' id='word_1_7' title='bbox 511 509 660 563; x_wconf 90' lang='lat' dir='ltr'><strong>dedit</strong></span> <span class='ocrx_word' id='word_1_8' title='bbox 714 504 865 561; x_wconf 87' lang='lat' dir='ltr'><strong>vobis</strong></span> <span class='ocrx_word' id='word_1_9' title='bbox 912 503 1123 574; x_wconf 78' lang='lat' dir='ltr'><strong>Moyses</strong></span> <span class='ocrx_word' id='word_1_10' title='bbox 1172 516 1369 571; x_wconf 84' lang='lat' dir='ltr'><strong>panem</strong></span> <span class='ocrx_word' id='word_1_11' title='bbox 1406 516 1473 557; x_wconf 81' lang='lat' dir='ltr'><strong>ex</strong></span> <span class='ocrx_word' id='word_1_12' title='bbox 1502 502 1644 558; x_wconf 72' lang='lat' dir='ltr'><strong>coelo</strong></span> <span class='ocrx_word' id='word_1_13' title='bbox 1693 516 1903 558; x_wconf 90' lang='lat' dir='ltr'><strong>verum.</strong></span> <span class='ocrx_word' id='word_1_14' title='bbox 1954 502 2086 558; x_wconf 83' lang='lat' dir='ltr'><strong>Nam</strong></span> 
     </span>
    </p>
   </div>
   <div class='ocr_carea' id='block_1_5' title="bbox 2191 502 3785 580">
    <p class='ocr_par' dir='ltr' id='par_1_5' title="bbox 2198 504 3785 580">
     <span class='ocr_line' id='line_1_5' title="bbox 2198 504 3785 580; baseline 0.006 -26"><span class='ocrx_word' id='word_1_15' title='bbox 2198 522 2216 554; x_wconf 87' lang='grc' dir='ltr'><strong>ι</strong></span> <span class='ocrx_word' id='word_1_16' title='bbox 2266 504 2457 576; x_wconf 81' lang='grc' dir='ltr'><strong>Ἀμὴν,</strong></span> <span class='ocrx_word' id='word_1_17' title='bbox 2488 504 2636 577; x_wconf 80' lang='grc' dir='ltr'><strong>ἀμὴν</strong></span> <span class='ocrx_word' id='word_1_18' title='bbox 2668 506 2812 576; x_wconf 79' lang='grc' dir='ltr'><strong>λέγω</strong></span> <span class='ocrx_word' id='word_1_19' title='bbox 2850 507 3003 577; x_wconf 74' lang='grc' dir='ltr'><strong>ὑμῖν,</strong></span> <span class='ocrx_word' id='word_1_20' title='bbox 3048 505 3110 559; x_wconf 74' lang='grc' dir='ltr'><strong>οὐ</strong></span> <span class='ocrx_word' id='word_1_21' title='bbox 3142 506 3348 578; x_wconf 78' lang='grc' dir='ltr'><strong>Μωσῆς</strong></span> <span class='ocrx_word' id='word_1_22' title='bbox 3375 506 3605 562; x_wconf 75' lang='grc' dir='ltr'><strong>δέδωκεν</strong></span> <span class='ocrx_word' id='word_1_23' title='bbox 3649 512 3785 580; x_wconf 82' lang='grc' dir='ltr'><strong>ὑμῖν</strong></span> 
     </span>
    </p>
   </div>
   <div class='ocr_carea' id='block_1_6' title="bbox 510 597 2090 673">
    <p class='ocr_par' dir='ltr' id='par_1_6' title="bbox 510 597 2090 673">
     <span class='ocr_line' id='line_1_6' title="bbox 510 597 2090 673; baseline -0.001 -18"><span class='ocrx_word' id='word_1_24' title='bbox 510 602 667 673; x_wconf 82' lang='lat' dir='ltr'><strong>panis</strong></span> <span class='ocrx_word' id='word_1_25' title='bbox 701 601 790 654; x_wconf 89' lang='lat' dir='ltr'><strong>Dei</strong></span> <span class='ocrx_word' id='word_1_26' title='bbox 834 609 919 654; x_wconf 89' lang='lat' dir='ltr'><strong>est</strong></span> <span class='ocrx_word' id='word_1_27' title='bbox 945 599 1035 668; x_wconf 86' lang='lat' dir='ltr'><strong>qui</strong></span> <span class='ocrx_word' id='word_1_28' title='bbox 1072 598 1137 652; x_wconf 93' lang='lat' dir='ltr'><strong>de</strong></span> <span class='ocrx_word' id='word_1_29' title='bbox 1171 597 1311 652; x_wconf 65' lang='lat' dir='ltr'><strong>celo</strong></span> <span class='ocrx_word' id='word_1_30' title='bbox 1344 597 1645 661; x_wconf 91' lang='lat' dir='ltr'><strong>descendit,</strong></span> <span class='ocrx_word' id='word_1_31' title='bbox 1681 606 1736 653; x_wconf 91' lang='lat' dir='ltr'><strong>et</strong></span> <span class='ocrx_word' id='word_1_32' title='bbox 1788 599 1879 653; x_wconf 84' lang='lat' dir='ltr'><strong>dat</strong></span> <span class='ocrx_word' id='word_1_33' title='bbox 1926 599 2090 653; x_wconf 84' lang='lat' dir='ltr'><strong>vitam</strong></span> 
     </span>
    </p>
   </div>
   <div class='ocr_carea' id='block_1_7' title="bbox 511 689 2088 761">
    <p class='ocr_par' dir='ltr' id='par_1_7' title="bbox 511 689 2088 761">
     <span class='ocr_line' id='line_1_7' title="bbox 511 689 2088 761; baseline -0.001 -13"><span class='ocrx_word' id='word_1_34' title='bbox 511 694 714 748; x_wconf 87' lang='lat' dir='ltr'><strong>mundo</strong></span> <span class='ocrx_word' id='word_1_35' title='bbox 742 692 786 746; x_wconf 80' lang='grc'><strong>⁸.</strong></span> <span class='ocrx_word' id='word_1_36' title='bbox 826 708 844 743; x_wconf 74' lang='grc' dir='ltr'><strong>ι</strong></span> <span class='ocrx_word' id='word_1_37' title='bbox 886 690 953 745; x_wconf 85' lang='grc' dir='ltr'><strong>Ει</strong></span> <span class='ocrx_word' id='word_1_38' title='bbox 980 689 1139 758; x_wconf 87' lang='lat' dir='ltr'><strong>paulo</strong></span> <span class='ocrx_word' id='word_1_39' title='bbox 1189 697 1311 758; x_wconf 86' lang='lat' dir='ltr'><strong>post</strong></span> <span class='ocrx_word' id='word_1_40' title='bbox 1340 698 1550 743; x_wconf 89' lang='lat' dir='ltr'><strong>tantum</strong></span> <span class='ocrx_word' id='word_1_41' title='bbox 1581 705 1684 743; x_wconf 93' lang='lat' dir='ltr'><strong>non</strong></span> <span class='ocrx_word' id='word_1_42' title='bbox 1716 690 1909 759; x_wconf 96' lang='lat' dir='ltr'><strong>digito,</strong></span> <span class='ocrx_word' id='word_1_43' title='bbox 1945 691 2088 761; x_wconf 87' lang='lat' dir='ltr'><strong>quod</strong></span> 
     </span>
    </p>
   </div>
   <div class='ocr_carea' id='block_1_8' title="bbox 513 781 2091 851">
    <p class='ocr_par' dir='ltr' id='par_1_8' title="bbox 513 781 2091 851">
     <span class='ocr_line' id='line_1_8' title="bbox 513 781 2091 851; baseline -0.004 -11"><span class='ocrx_word' id='word_1_44' title='bbox 513 786 687 849; x_wconf 88' lang='lat' dir='ltr'><strong>aiunt,</strong></span> <span class='ocrx_word' id='word_1_45' title='bbox 742 789 1181 837; x_wconf 89' lang='lat' dir='ltr'><strong>commonstrans</strong></span> <span class='ocrx_word' id='word_1_46' title='bbox 1206 781 1441 847; x_wconf 88' lang='lat' dir='ltr'><strong>seipsum</strong></span> <span class='ocrx_word' id='word_1_47' title='bbox 1494 781 1835 835; x_wconf 90' lang='lat' dir='ltr'><strong>incarnatum</strong></span> <span class='ocrx_word' id='word_1_48' title='bbox 1862 800 1879 837; x_wconf 69' lang='grc' dir='ltr'><strong>ε</strong></span> <span class='ocrx_word' id='word_1_49' title='bbox 1906 800 1925 834; x_wconf 84' lang='grc' dir='ltr'><strong>ι</strong></span> <span class='ocrx_word' id='word_1_50' title='bbox 1958 782 2091 851; x_wconf 84' lang='lat' dir='ltr'><strong>Ego,</strong></span> 
     </span>
    </p>
   </div>
   <div class='ocr_carea' id='block_1_9' title="bbox 515 870 2090 944">
    <p class='ocr_par' dir='ltr' id='par_1_9' title="bbox 515 870 2090 944">
     <span class='ocr_line' id='line_1_9' title="bbox 515 870 2090 944; baseline -0.001 -16"><span class='ocrx_word' id='word_1_51' title='bbox 515 875 712 944; x_wconf 87' lang='lat' dir='ltr'><strong>inquit,</strong></span> <span class='ocrx_word' id='word_1_52' title='bbox 741 888 859 928; x_wconf 89' lang='lat' dir='ltr'><strong>sum</strong></span> <span class='ocrx_word' id='word_1_53' title='bbox 886 871 1042 941; x_wconf 84' lang='lat' dir='ltr'><strong>panis</strong></span> <span class='ocrx_word' id='word_1_54' title='bbox 1068 872 1241 937; x_wconf 89' lang='lat' dir='ltr'><strong>vivus,</strong></span> <span class='ocrx_word' id='word_1_55' title='bbox 1268 872 1357 941; x_wconf 90' lang='lat' dir='ltr'><strong>qui</strong></span> <span class='ocrx_word' id='word_1_56' title='bbox 1408 871 1477 925; x_wconf 92' lang='lat' dir='ltr'><strong>de</strong></span> <span class='ocrx_word' id='word_1_57' title='bbox 1532 870 1670 926; x_wconf 66' lang='lat' dir='ltr'><strong>caelo</strong></span> <span class='ocrx_word' id='word_1_58' title='bbox 1703 871 1978 927; x_wconf 72' lang='lat' dir='ltr'><strong>descendi.</strong></span> <span class='ocrx_word' id='word_1_59' title='bbox 2031 871 2090 927; x_wconf 92' lang='lat' dir='ltr'><strong>Si</strong></span> 
     </span>
    </p>
   </div>
   <div class='ocr_carea' id='block_1_10' title="bbox 508 964 2088 1035">
    <p class='ocr_par' dir='ltr' id='par_1_10' title="bbox 508 964 2088 1035">
     <span class='ocr_line' id='line_1_10' title="bbox 508 964 2088 1035; baseline 0.001 -15"><span class='ocrx_word' id='word_1_60' title='bbox 508 968 634 1035; x_wconf 86' lang='lat' dir='ltr'><strong>quis</strong></span> <span class='ocrx_word' id='word_1_61' title='bbox 663 965 1075 1021; x_wconf 83' lang='lat' dir='ltr'><strong>manducaverit</strong></span> <span class='ocrx_word' id='word_1_62' title='bbox 1104 979 1169 1019; x_wconf 82' lang='lat' dir='ltr'><strong>ex</strong></span> <span class='ocrx_word' id='word_1_63' title='bbox 1204 964 1306 1019; x_wconf 88' lang='lat' dir='ltr'><strong>hoc</strong></span> <span class='ocrx_word' id='word_1_64' title='bbox 1341 979 1499 1033; x_wconf 86' lang='lat' dir='ltr'><strong>pane,</strong></span> <span class='ocrx_word' id='word_1_65' title='bbox 1536 965 1677 1018; x_wconf 85' lang='lat' dir='ltr'><strong>vivet</strong></span> <span class='ocrx_word' id='word_1_66' title='bbox 1708 964 1760 1019; x_wconf 91' lang='lat' dir='ltr'><strong>in</strong></span> <span class='ocrx_word' id='word_1_67' title='bbox 1792 973 2088 1021; x_wconf 67' lang='lat' dir='ltr'><strong>aeternum:</strong></span> 
     </span>
    </p>
   </div>
   <div class='ocr_carea' id='block_1_11' title="bbox 508 1056 2091 1128">
    <p class='ocr_par' dir='ltr' id='par_1_11' title="bbox 508 1056 2091 1128">
     <span class='ocr_line' id='line_1_11' title="bbox 508 1056 2091 1128; baseline -0.002 -15"><span class='ocrx_word' id='word_1_68' title='bbox 508 1068 561 1113; x_wconf 89' lang='lat' dir='ltr'><strong>et</strong></span> <span class='ocrx_word' id='word_1_69' title='bbox 598 1058 752 1127; x_wconf 91' lang='lat' dir='ltr'><strong>panis</strong></span> <span class='ocrx_word' id='word_1_70' title='bbox 793 1072 953 1128; x_wconf 84' lang='lat' dir='ltr'><strong>quem</strong></span> <span class='ocrx_word' id='word_1_71' title='bbox 980 1070 1081 1125; x_wconf 92' lang='lat' dir='ltr'><strong>ego</strong></span> <span class='ocrx_word' id='word_1_72' title='bbox 1121 1056 1281 1120; x_wconf 85' lang='lat' dir='ltr'><strong>dabo,</strong></span> <span class='ocrx_word' id='word_1_73' title='bbox 1310 1071 1439 1111; x_wconf 87' lang='lat' dir='ltr'><strong>caro</strong></span> <span class='ocrx_word' id='word_1_74' title='bbox 1476 1070 1594 1110; x_wconf 89' lang='lat' dir='ltr'><strong>mea</strong></span> <span class='ocrx_word' id='word_1_75' title='bbox 1634 1064 1716 1110; x_wconf 90' lang='lat' dir='ltr'><strong>est</strong></span> <span class='ocrx_word' id='word_1_76' title='bbox 1762 1072 1860 1125; x_wconf 89' lang='lat' dir='ltr'><strong>pro</strong></span> <span class='ocrx_word' id='word_1_77' title='bbox 1907 1057 2091 1110; x_wconf 91' lang='lat' dir='ltr'><strong>mundi</strong></span> 
     </span>
    </p>
   </div>
   <div class='ocr_carea' id='block_1_12' title="bbox 509 1147 2090 1214">
    <p class='ocr_par' dir='ltr' id='par_1_12' title="bbox 509 1147 2090 1214">
     <span class='ocr_line' id='line_1_12' title="bbox 509 1147 2090 1214; baseline 0.001 -13"><span class='ocrx_word' id='word_1_78' title='bbox 509 1148 618 1202; x_wconf 90' lang='lat' dir='ltr'><strong>vita</strong></span> <span class='ocrx_word' id='word_1_79' title='bbox 644 1150 688 1204; x_wconf 83' lang='lat'><strong>&#39;.</strong></span> <span class='ocrx_word' id='word_1_80' title='bbox 736 1147 837 1214; x_wconf 88' lang='lat' dir='ltr'><strong>Qui</strong></span> <span class='ocrx_word' id='word_1_81' title='bbox 880 1147 1366 1202; x_wconf 87' lang='lat' dir='ltr'><strong>manducatmeam</strong></span> <span class='ocrx_word' id='word_1_82' title='bbox 1398 1160 1640 1212; x_wconf 90' lang='lat' dir='ltr'><strong>carnem,</strong></span> <span class='ocrx_word' id='word_1_83' title='bbox 1676 1157 1729 1200; x_wconf 90' lang='lat' dir='ltr'><strong>et</strong></span> <span class='ocrx_word' id='word_1_84' title='bbox 1756 1147 1888 1201; x_wconf 89' lang='lat' dir='ltr'><strong>bibit</strong></span> <span class='ocrx_word' id='word_1_85' title='bbox 1915 1162 2090 1202; x_wconf 91' lang='lat' dir='ltr'><strong>meum</strong></span> 
     </span>
    </p>
   </div>
   <div class='ocr_carea' id='block_1_13' title="bbox 510 1238 2092 1310">
    <p class='ocr_par' dir='ltr' id='par_1_13' title="bbox 510 1238 2092 1310">
     <span class='ocr_line' id='line_1_13' title="bbox 510 1238 2092 1310; baseline -0.002 -15"><span class='ocrx_word' id='word_1_86' title='bbox 510 1240 852 1310; x_wconf 82' lang='lat' dir='ltr'><strong>sanguinem,</strong></span> <span class='ocrx_word' id='word_1_87' title='bbox 893 1240 945 1293; x_wconf 94' lang='lat' dir='ltr'><strong>in</strong></span> <span class='ocrx_word' id='word_1_88' title='bbox 989 1253 1078 1293; x_wconf 90' lang='lat' dir='ltr'><strong>me</strong></span> <span class='ocrx_word' id='word_1_89' title='bbox 1110 1248 1314 1301; x_wconf 86' lang='lat' dir='ltr'><strong>manet,</strong></span> <span class='ocrx_word' id='word_1_90' title='bbox 1374 1248 1431 1293; x_wconf 91' lang='lat' dir='ltr'><strong>et</strong></span> <span class='ocrx_word' id='word_1_91' title='bbox 1463 1254 1562 1308; x_wconf 82' lang='lat' dir='ltr'><strong>ego</strong></span> <span class='ocrx_word' id='word_1_92' title='bbox 1598 1240 1650 1293; x_wconf 93' lang='lat' dir='ltr'><strong>in</strong></span> <span class='ocrx_word' id='word_1_93' title='bbox 1678 1238 1786 1292; x_wconf 92' lang='lat' dir='ltr'><strong>illo.</strong></span> <span class='ocrx_word' id='word_1_94' title='bbox 1844 1240 1910 1294; x_wconf 89' lang='lat' dir='ltr'><strong>Et</strong></span> <span class='ocrx_word' id='word_1_95' title='bbox 1952 1239 2092 1294; x_wconf 90' lang='lat' dir='ltr'><strong>sicut</strong></span> 
     </span>
    </p>
   </div>
   <div class='ocr_carea' id='block_1_14' title="bbox 512 1328 2087 1398">
    <p class='ocr_par' dir='ltr' id='par_1_14' title="bbox 512 1328 2087 1398">
     <span class='ocr_line' id='line_1_14' title="bbox 512 1328 2087 1398; baseline -0.001 -13"><span class='ocrx_word' id='word_1_96' title='bbox 512 1330 659 1385; x_wconf 80' lang='lat' dir='ltr'><strong>misit</strong></span> <span class='ocrx_word' id='word_1_97' title='bbox 690 1345 773 1384; x_wconf 91' lang='lat' dir='ltr'><strong>me</strong></span> <span class='ocrx_word' id='word_1_98' title='bbox 813 1331 999 1384; x_wconf 82' lang='lat' dir='ltr'><strong>vivens</strong></span> <span class='ocrx_word' id='word_1_99' title='bbox 1019 1329 1201 1394; x_wconf 80' lang='lat' dir='ltr'><strong>Pater,</strong></span> <span class='ocrx_word' id='word_1_100' title='bbox 1230 1338 1399 1397; x_wconf 87' lang='lat' dir='ltr'><strong>etego</strong></span> <span class='ocrx_word' id='word_1_101' title='bbox 1426 1328 1548 1382; x_wconf 85' lang='lat' dir='ltr'><strong>vivo</strong></span> <span class='ocrx_word' id='word_1_102' title='bbox 1594 1338 1812 1398; x_wconf 83' lang='lat' dir='ltr'><strong>propter</strong></span> <span class='ocrx_word' id='word_1_103' title='bbox 1851 1329 2087 1384; x_wconf 84' lang='lat' dir='ltr'><strong>Patrem.</strong></span> 
     </span>
    </p>
   </div>
   <div class='ocr_carea' id='block_1_15' title="bbox 512 1420 2093 1492">
    <p class='ocr_par' dir='ltr' id='par_1_15' title="bbox 512 1420 2093 1492">
     <span class='ocr_line' id='line_1_15' title="bbox 512 1420 2093 1492; baseline -0.003 -14"><span class='ocrx_word' id='word_1_104' title='bbox 512 1422 581 1478; x_wconf 85' lang='lat' dir='ltr'><strong>Et</strong></span> <span class='ocrx_word' id='word_1_105' title='bbox 609 1424 697 1492; x_wconf 86' lang='lat' dir='ltr'><strong>qui</strong></span> <span class='ocrx_word' id='word_1_106' title='bbox 733 1422 1029 1475; x_wconf 90' lang='lat' dir='ltr'><strong>manducat</strong></span> <span class='ocrx_word' id='word_1_107' title='bbox 1074 1436 1179 1483; x_wconf 89' lang='lat' dir='ltr'><strong>me,</strong></span> <span class='ocrx_word' id='word_1_108' title='bbox 1229 1429 1286 1475; x_wconf 90' lang='lat' dir='ltr'><strong>et</strong></span> <span class='ocrx_word' id='word_1_109' title='bbox 1330 1421 1445 1491; x_wconf 90' lang='lat' dir='ltr'><strong>ipse</strong></span> <span class='ocrx_word' id='word_1_110' title='bbox 1488 1422 1631 1475; x_wconf 84' lang='lat' dir='ltr'><strong>vivet</strong></span> <span class='ocrx_word' id='word_1_111' title='bbox 1677 1431 1899 1490; x_wconf 80' lang='lat' dir='ltr'><strong>propter</strong></span> <span class='ocrx_word' id='word_1_112' title='bbox 1928 1420 2093 1490; x_wconf 72' lang='lat'><strong>708</strong></span> 
     </span>
    </p>
   </div>
   <div class='ocr_carea' id='block_1_16' title="bbox 512 1510 2089 1581">
    <p class='ocr_par' dir='ltr' id='par_1_16' title="bbox 512 1510 2089 1581">
     <span class='ocr_line' id='line_1_16' title="bbox 512 1510 2089 1581; baseline -0.003 -12"><span class='ocrx_word' id='word_1_113' title='bbox 512 1529 600 1569; x_wconf 84' lang='lat' dir='ltr'><strong>me</strong></span> <span class='ocrx_word' id='word_1_114' title='bbox 630 1515 689 1567; x_wconf 81' lang='lat'><strong>“.</strong></span> <span class='ocrx_word' id='word_1_115' title='bbox 734 1532 753 1564; x_wconf 75' lang='grc' dir='ltr'><strong>ι</strong></span> <span class='ocrx_word' id='word_1_116' title='bbox 812 1511 974 1579; x_wconf 83' lang='lat' dir='ltr'><strong>Atqui</strong></span> <span class='ocrx_word' id='word_1_117' title='bbox 1007 1510 1280 1580; x_wconf 86' lang='lat' dir='ltr'><strong>quomodo</strong></span> <span class='ocrx_word' id='word_1_118' title='bbox 1333 1528 1439 1567; x_wconf 90' lang='lat' dir='ltr'><strong>non</strong></span> <span class='ocrx_word' id='word_1_119' title='bbox 1504 1527 1631 1565; x_wconf 88' lang='lat' dir='ltr'><strong>vere</strong></span> <span class='ocrx_word' id='word_1_120' title='bbox 1680 1512 1895 1567; x_wconf 89' lang='lat' dir='ltr'><strong>dicatur</strong></span> <span class='ocrx_word' id='word_1_121' title='bbox 1947 1511 2089 1581; x_wconf 89' lang='lat' dir='ltr'><strong>quod</strong></span> 
     </span>
    </p>
   </div>
   <div class='ocr_carea' id='block_1_17' title="bbox 512 1601 2087 1672">
    <p class='ocr_par' dir='ltr' id='par_1_17' title="bbox 512 1601 2087 1672">
     <span class='ocr_line' id='line_1_17' title="bbox 512 1601 2087 1672; baseline -0.001 -14"><span class='ocrx_word' id='word_1_122' title='bbox 512 1620 618 1659; x_wconf 91' lang='lat' dir='ltr'><strong>non</strong></span> <span class='ocrx_word' id='word_1_123' title='bbox 667 1602 1007 1658; x_wconf 89' lang='lat' dir='ltr'><strong>descenderit</strong></span> <span class='ocrx_word' id='word_1_124' title='bbox 1054 1616 1084 1654; x_wconf 93' lang='lat' dir='ltr'><strong>e</strong></span> <span class='ocrx_word' id='word_1_125' title='bbox 1133 1601 1271 1656; x_wconf 65' lang='lat' dir='ltr'><strong>caelo</strong></span> <span class='ocrx_word' id='word_1_126' title='bbox 1337 1617 1484 1666; x_wconf 90' lang='lat' dir='ltr'><strong>caro,</strong></span> <span class='ocrx_word' id='word_1_127' title='bbox 1536 1602 1631 1657; x_wconf 86' lang='lat' dir='ltr'><strong>sed</strong></span> <span class='ocrx_word' id='word_1_128' title='bbox 1673 1603 1814 1672; x_wconf 88' lang='lat' dir='ltr'><strong>quod</strong></span> <span class='ocrx_word' id='word_1_129' title='bbox 1851 1611 1968 1657; x_wconf 90' lang='lat' dir='ltr'><strong>erat</strong></span> <span class='ocrx_word' id='word_1_130' title='bbox 2022 1616 2087 1657; x_wconf 82' lang='lat' dir='ltr'><strong>ex</strong></span> 
     </span>
    </p>
   </div>
   <div class='ocr_carea' id='block_1_18' title="bbox 511 1691 2091 1763">
    <p class='ocr_par' dir='ltr' id='par_1_18' title="bbox 511 1691 2091 1763">
     <span class='ocr_line' id='line_1_18' title="bbox 511 1691 2091 1763; baseline -0.001 -15"><span class='ocrx_word' id='word_1_131' title='bbox 511 1694 753 1763; x_wconf 78' lang='lat' dir='ltr'><strong>Virgine,</strong></span> <span class='ocrx_word' id='word_1_132' title='bbox 790 1694 931 1749; x_wconf 84' lang='lat' dir='ltr'><strong>sicut</strong></span> <span class='ocrx_word' id='word_1_133' title='bbox 957 1691 1215 1761; x_wconf 84' lang='lat' dir='ltr'><strong>scriptum</strong></span> <span class='ocrx_word' id='word_1_134' title='bbox 1242 1702 1325 1747; x_wconf 92' lang='lat' dir='ltr'><strong>est</strong></span> <span class='ocrx_word' id='word_1_135' title='bbox 1356 1694 1397 1724; x_wconf 84' lang='lat'>“</span> <span class='ocrx_word' id='word_1_136' title='bbox 1428 1694 1452 1747; x_wconf 66' lang='grc' dir='ltr'><strong>ἲ</strong></span> <span class='ocrx_word' id='word_1_137' title='bbox 1510 1693 1662 1761; x_wconf 85' lang='lat' dir='ltr'><strong>Quod</strong></span> <span class='ocrx_word' id='word_1_138' title='bbox 1688 1709 1814 1748; x_wconf 91' lang='lat' dir='ltr'><strong>vero</strong></span> <span class='ocrx_word' id='word_1_139' title='bbox 1842 1710 1945 1749; x_wconf 89' lang='lat' dir='ltr'><strong>non</strong></span> <span class='ocrx_word' id='word_1_140' title='bbox 1981 1694 2091 1748; x_wconf 86' lang='lat' dir='ltr'><strong>sint</strong></span> 
     </span>
    </p>
   </div>
   <div class='ocr_carea' id='block_1_19' title="bbox 509 1785 2089 1856">
    <p class='ocr_par' dir='ltr' id='par_1_19' title="bbox 509 1785 2089 1856">
     <span class='ocr_line' id='line_1_19' title="bbox 509 1785 2089 1856; baseline 0.001 -15"><span class='ocrx_word' id='word_1_141' title='bbox 509 1795 793 1856; x_wconf 74' lang='lat' dir='ltr'><strong>separatzc,</strong></span> <span class='ocrx_word' id='word_1_142' title='bbox 859 1785 951 1840; x_wconf 89' lang='lat' dir='ltr'><strong>sed</strong></span> <span class='ocrx_word' id='word_1_143' title='bbox 1001 1785 1052 1839; x_wconf 91' lang='lat' dir='ltr'><strong>in</strong></span> <span class='ocrx_word' id='word_1_144' title='bbox 1118 1801 1284 1840; x_wconf 90' lang='lat' dir='ltr'><strong>unum</strong></span> <span class='ocrx_word' id='word_1_145' title='bbox 1317 1796 1530 1853; x_wconf 90' lang='lat' dir='ltr'><strong>coeant,</strong></span> <span class='ocrx_word' id='word_1_146' title='bbox 1585 1796 1640 1841; x_wconf 93' lang='lat' dir='ltr'><strong>et</strong></span> <span class='ocrx_word' id='word_1_147' title='bbox 1691 1787 2089 1855; x_wconf 87' lang='lat' dir='ltr'><strong>quodammodo</strong></span> 
     </span>
    </p>
   </div>
   <div class='ocr_carea' id='block_1_20' title="bbox 2194 596 3787 672">
    <p class='ocr_par' dir='ltr' id='par_1_20' title="bbox 2194 596 3787 672">
     <span class='ocr_line' id='line_1_20' title="bbox 2194 596 3787 672; baseline 0.006 -23"><span class='ocrx_word' id='word_1_148' title='bbox 2194 596 2286 649; x_wconf 79' lang='grc' dir='ltr'><strong>τὸν</strong></span> <span class='ocrx_word' id='word_1_149' title='bbox 2312 597 2474 668; x_wconf 99' lang='grc' dir='ltr'><strong>ἄρτον</strong></span> <span class='ocrx_word' id='word_1_150' title='bbox 2502 601 2567 651; x_wconf 84' lang='grc' dir='ltr'><strong>ὲκ</strong></span> <span class='ocrx_word' id='word_1_151' title='bbox 2593 597 2687 652; x_wconf 84' lang='grc' dir='ltr'><strong>τοῦ</strong></span> <span class='ocrx_word' id='word_1_152' title='bbox 2724 597 2957 671; x_wconf 72' lang='grc' dir='ltr'><strong>οὗρανοῦ</strong></span> <span class='ocrx_word' id='word_1_153' title='bbox 2997 597 3091 651; x_wconf 85' lang='grc' dir='ltr'><strong>τὸν</strong></span> <span class='ocrx_word' id='word_1_154' title='bbox 3117 597 3393 669; x_wconf 82' lang='grc' dir='ltr'><strong>ἀληθινόν.</strong></span> <span class='ocrx_word' id='word_1_155' title='bbox 3440 599 3509 652; x_wconf 87' lang='lat'><strong>&#39;0.</strong></span> <span class='ocrx_word' id='word_1_156' title='bbox 3537 599 3646 671; x_wconf 81' lang='grc' dir='ltr'><strong>γάρ</strong></span> <span class='ocrx_word' id='word_1_157' title='bbox 3681 601 3787 672; x_wconf 66' lang='grc' dir='ltr'><strong>ἄρ’</strong></span> 
     </span>
    </p>
   </div>
   <div class='ocr_carea' id='block_1_21' title="bbox 2193 688 3783 764">
    <p class='ocr_par' dir='ltr' id='par_1_21' title="bbox 2193 688 3783 764">
     <span class='ocr_line' id='line_1_21' title="bbox 2193 688 3783 764; baseline 0.002 -22"><span class='ocrx_word' id='word_1_158' title='bbox 2193 706 2285 753; x_wconf 88' lang='grc' dir='ltr'><strong>τος</strong></span> <span class='ocrx_word' id='word_1_159' title='bbox 2314 688 2408 744; x_wconf 89' lang='grc' dir='ltr'><strong>τοῦ</strong></span> <span class='ocrx_word' id='word_1_160' title='bbox 2450 690 2584 744; x_wconf 91' lang='grc' dir='ltr'><strong>Θεοῦ</strong></span> <span class='ocrx_word' id='word_1_161' title='bbox 2617 693 2763 744; x_wconf 74' lang='grc' dir='ltr'><strong>ἐστιν</strong></span> <span class='ocrx_word' id='word_1_162' title='bbox 2814 692 2844 744; x_wconf 89' lang='lat'><strong>6</strong></span> <span class='ocrx_word' id='word_1_163' title='bbox 2895 688 3241 745; x_wconf 91' lang='grc' dir='ltr'><strong>καταϐαίνων</strong></span> <span class='ocrx_word' id='word_1_164' title='bbox 3272 691 3334 745; x_wconf 72' lang='grc' dir='ltr'><strong>ἐκ</strong></span> <span class='ocrx_word' id='word_1_165' title='bbox 3381 691 3475 745; x_wconf 89' lang='grc' dir='ltr'><strong>τοῦ</strong></span> <span class='ocrx_word' id='word_1_166' title='bbox 3526 692 3783 764; x_wconf 80' lang='grc' dir='ltr'><strong>οὐρανοῦ,</strong></span> 
     </span>
    </p>
   </div>
   <div class='ocr_carea' id='block_1_22' title="bbox 2196 780 3785 853">
    <p class='ocr_par' dir='ltr' id='par_1_22' title="bbox 2196 780 3785 853">
     <span class='ocr_line' id='line_1_22' title="bbox 2196 780 3785 853; baseline -0.003 -18"><span class='ocrx_word' id='word_1_167' title='bbox 2196 784 2293 835; x_wconf 70' lang='grc' dir='ltr'><strong>καὶ</strong></span> <span class='ocrx_word' id='word_1_168' title='bbox 2330 782 2476 852; x_wconf 73' lang='grc' dir='ltr'><strong>ζωὴν</strong></span> <span class='ocrx_word' id='word_1_169' title='bbox 2506 783 2687 847; x_wconf 81' lang='grc' dir='ltr'><strong>διδοὺς</strong></span> <span class='ocrx_word' id='word_1_170' title='bbox 2714 781 2794 853; x_wconf 85' lang='grc' dir='ltr'><strong>τῷ</strong></span> <span class='ocrx_word' id='word_1_171' title='bbox 2824 782 3038 852; x_wconf 86' lang='grc' dir='ltr'><strong>κόσμῳ.</strong></span> <span class='ocrx_word' id='word_1_172' title='bbox 3092 800 3111 833; x_wconf 74' lang='grc' dir='ltr'><strong>ι</strong></span> <span class='ocrx_word' id='word_1_173' title='bbox 3148 780 3257 835; x_wconf 72' lang='grc' dir='ltr'><strong>Καὶ</strong></span> <span class='ocrx_word' id='word_1_174' title='bbox 3284 781 3421 852; x_wconf 86' lang='grc' dir='ltr'><strong>πρός</strong></span> <span class='ocrx_word' id='word_1_175' title='bbox 3456 797 3519 849; x_wconf 90' lang='grc' dir='ltr'><strong>γε</strong></span> <span class='ocrx_word' id='word_1_176' title='bbox 3544 780 3785 834; x_wconf 77' lang='grc' dir='ltr'><strong>τουτοισὶ</strong></span> 
     </span>
    </p>
   </div>
   <div class='ocr_carea' id='block_1_23' title="bbox 2194 871 3787 943">
    <p class='ocr_par' dir='ltr' id='par_1_23' title="bbox 2194 871 3787 943">
     <span class='ocr_line' id='line_1_23' title="bbox 2194 871 3787 943; baseline -0.002 -17"><span class='ocrx_word' id='word_1_177' title='bbox 2194 872 2378 939; x_wconf 82' lang='grc' dir='ltr'><strong>πάλιν,</strong></span> <span class='ocrx_word' id='word_1_178' title='bbox 2426 873 2706 943; x_wconf 75' lang='grc' dir='ltr'><strong>μονονουχὶ</strong></span> <span class='ocrx_word' id='word_1_179' title='bbox 2752 873 2845 927; x_wconf 74' lang='grc' dir='ltr'><strong>καὶ</strong></span> <span class='ocrx_word' id='word_1_180' title='bbox 2881 871 3132 942; x_wconf 80' lang='grc' dir='ltr'><strong>δακτύλῳ</strong></span> <span class='ocrx_word' id='word_1_181' title='bbox 3178 872 3539 935; x_wconf 80' lang='grc' dir='ltr'><strong>καταδεικνὺς</strong></span> <span class='ocrx_word' id='word_1_182' title='bbox 3586 872 3787 929; x_wconf 70' lang='grc' dir='ltr'><strong>ἑαυτὸν</strong></span> 
     </span>
    </p>
   </div>
   <div class='ocr_carea' id='block_1_24' title="bbox 2194 963 3787 1036">
    <p class='ocr_par' dir='ltr' id='par_1_24' title="bbox 2194 963 3787 1036">
     <span class='ocr_line' id='line_1_24' title="bbox 2194 963 3787 1036; baseline -0.001 -18"><span class='ocrx_word' id='word_1_183' title='bbox 2194 965 2541 1036; x_wconf 80' lang='grc' dir='ltr'><strong>ὲνσώματον,</strong></span> <span class='ocrx_word' id='word_1_184' title='bbox 2579 983 2597 1016; x_wconf 87' lang='grc' dir='ltr'><strong>ι</strong></span> <span class='ocrx_word' id='word_1_185' title='bbox 2649 964 2792 1034; x_wconf 84' lang='grc' dir='ltr'><strong>Ἐγὼ</strong></span> <span class='ocrx_word' id='word_1_186' title='bbox 2838 965 2975 1035; x_wconf 88' lang='grc' dir='ltr'><strong>είμι,</strong></span> <span class='ocrx_word' id='word_1_187' title='bbox 3025 963 3213 1035; x_wconf 75' lang='grc' dir='ltr'><strong>φησὶν,</strong></span> <span class='ocrx_word' id='word_1_188' title='bbox 3260 964 3290 1016; x_wconf 89' lang='lat'><strong>6</strong></span> <span class='ocrx_word' id='word_1_189' title='bbox 3320 964 3485 1034; x_wconf 81' lang='grc' dir='ltr'><strong>ἄρτος</strong></span> <span class='ocrx_word' id='word_1_190' title='bbox 3521 964 3550 1017; x_wconf 84' lang='grc' dir='ltr'>ὁ</span> <span class='ocrx_word' id='word_1_191' title='bbox 3593 963 3787 1029; x_wconf 68' lang='grc' dir='ltr'><strong>ζῶνςό</strong></span> 
     </span>
    </p>
   </div>
   <div class='ocr_carea' id='block_1_25' title="bbox 2196 1052 3787 1126">
    <p class='ocr_par' dir='ltr' id='par_1_25' title="bbox 2196 1052 3787 1126">
     <span class='ocr_line' id='line_1_25' title="bbox 2196 1052 3787 1126; baseline -0.001 -19"><span class='ocrx_word' id='word_1_192' title='bbox 2196 1055 2267 1108; x_wconf 70' lang='grc' dir='ltr'><strong>ὲκο</strong></span> <span class='ocrx_word' id='word_1_193' title='bbox 2291 1056 2385 1109; x_wconf 88' lang='grc' dir='ltr'><strong>τοῦ</strong></span> <span class='ocrx_word' id='word_1_194' title='bbox 2412 1055 2644 1125; x_wconf 80' lang='grc' dir='ltr'><strong>οὐρανοῦ</strong></span> <span class='ocrx_word' id='word_1_195' title='bbox 2683 1055 2949 1119; x_wconf 84' lang='grc' dir='ltr'><strong>καταϐάς.</strong></span> <span class='ocrx_word' id='word_1_196' title='bbox 2998 1055 3123 1108; x_wconf 86' lang='grc' dir='ltr'><strong>Ἐάν</strong></span> <span class='ocrx_word' id='word_1_197' title='bbox 3151 1072 3233 1118; x_wconf 86' lang='grc' dir='ltr'><strong>τις</strong></span> <span class='ocrx_word' id='word_1_198' title='bbox 3263 1054 3414 1126; x_wconf 79' lang='grc' dir='ltr'><strong>φάγῃ</strong></span> <span class='ocrx_word' id='word_1_199' title='bbox 3442 1055 3507 1106; x_wconf 83' lang='grc' dir='ltr'><strong>ὲκ</strong></span> <span class='ocrx_word' id='word_1_200' title='bbox 3548 1052 3641 1107; x_wconf 79' lang='grc' dir='ltr'><strong>τοῦ</strong></span> <span class='ocrx_word' id='word_1_201' title='bbox 3681 1053 3787 1123; x_wconf 68' lang='grc' dir='ltr'><strong>ἄρα</strong></span> 
     </span>
    </p>
   </div>
   <div class='ocr_carea' id='block_1_26' title="bbox 2194 1146 3782 1219">
    <p class='ocr_par' dir='ltr' id='par_1_26' title="bbox 2194 1146 3782 1219">
     <span class='ocr_line' id='line_1_26' title="bbox 2194 1146 3782 1219; baseline -0.001 -18"><span class='ocrx_word' id='word_1_202' title='bbox 2194 1166 2287 1202; x_wconf 88' lang='grc' dir='ltr'><strong>του</strong></span> <span class='ocrx_word' id='word_1_203' title='bbox 2316 1148 2527 1212; x_wconf 79' lang='grc' dir='ltr'><strong>τούτου,</strong></span> <span class='ocrx_word' id='word_1_204' title='bbox 2560 1149 2785 1219; x_wconf 76' lang='grc' dir='ltr'><strong>ζήσεται</strong></span> <span class='ocrx_word' id='word_1_205' title='bbox 2829 1148 2911 1211; x_wconf 87' lang='grc' dir='ltr'><strong>είς</strong></span> <span class='ocrx_word' id='word_1_206' title='bbox 2947 1147 3039 1201; x_wconf 81' lang='grc' dir='ltr'><strong>τὸν</strong></span> <span class='ocrx_word' id='word_1_207' title='bbox 3071 1146 3277 1200; x_wconf 76' lang='grc' dir='ltr'><strong>αἰῶνα·</strong></span> <span class='ocrx_word' id='word_1_208' title='bbox 3311 1146 3405 1199; x_wconf 78' lang='grc' dir='ltr'><strong>καὶ</strong></span> <span class='ocrx_word' id='word_1_209' title='bbox 3451 1146 3480 1198; x_wconf 90' lang='lat'><strong>6</strong></span> <span class='ocrx_word' id='word_1_210' title='bbox 3508 1146 3670 1217; x_wconf 90' lang='grc' dir='ltr'><strong>ἄρτος</strong></span> <span class='ocrx_word' id='word_1_211' title='bbox 3697 1146 3782 1209; x_wconf 80' lang='grc' dir='ltr'><strong>δὲ,</strong></span> 
     </span>
    </p>
   </div>
   <div class='ocr_carea' id='block_1_27' title="bbox 2194 1235 3783 1309">
    <p class='ocr_par' dir='ltr' id='par_1_27' title="bbox 2194 1235 3783 1309">
     <span class='ocr_line' id='line_1_27' title="bbox 2194 1235 3783 1309; baseline -0.002 -18"><span class='ocrx_word' id='word_1_212' title='bbox 2194 1238 2253 1292; x_wconf 83' lang='grc' dir='ltr'><strong>δν</strong></span> <span class='ocrx_word' id='word_1_213' title='bbox 2277 1237 2387 1306; x_wconf 76' lang='grc' dir='ltr'><strong>ἐγὼ</strong></span> <span class='ocrx_word' id='word_1_214' title='bbox 2410 1238 2585 1302; x_wconf 87' lang='grc' dir='ltr'>δώσω,</span> <span class='ocrx_word' id='word_1_215' title='bbox 2619 1239 2653 1309; x_wconf 84' lang='grc' dir='ltr'>ή</span> <span class='ocrx_word' id='word_1_216' title='bbox 2684 1238 2821 1309; x_wconf 79' lang='grc' dir='ltr'><strong>σάρξ</strong></span> <span class='ocrx_word' id='word_1_217' title='bbox 2855 1237 2956 1306; x_wconf 83' lang='grc' dir='ltr'><strong>μού</strong></span> <span class='ocrx_word' id='word_1_218' title='bbox 2990 1240 3139 1291; x_wconf 85' lang='grc' dir='ltr'><strong>ὲστιν</strong></span> <span class='ocrx_word' id='word_1_219' title='bbox 3164 1237 3315 1309; x_wconf 72' lang='grc' dir='ltr'><strong>ὑπὲρ,</strong></span> <span class='ocrx_word' id='word_1_220' title='bbox 3330 1239 3431 1308; x_wconf 81' lang='grc' dir='ltr'><strong>τῆς</strong></span> <span class='ocrx_word' id='word_1_221' title='bbox 3450 1235 3545 1289; x_wconf 90' lang='grc' dir='ltr'><strong>τοῦ</strong></span> <span class='ocrx_word' id='word_1_222' title='bbox 3574 1236 3783 1307; x_wconf 78' lang='grc' dir='ltr'><strong>κόσμου</strong></span> 
     </span>
    </p>
   </div>
   <div class='ocr_carea' id='block_1_28' title="bbox 2194 1327 3784 1402">
    <p class='ocr_par' dir='ltr' id='par_1_28' title="bbox 2194 1327 3784 1402">
     <span class='ocr_line' id='line_1_28' title="bbox 2194 1327 3784 1402; baseline -0.002 -20"><span class='ocrx_word' id='word_1_223' title='bbox 2194 1329 2339 1400; x_wconf 81' lang='grc' dir='ltr'><strong>ζωῆς</strong></span> <span class='ocrx_word' id='word_1_224' title='bbox 2359 1346 2371 1359; x_wconf 88' lang='grc'><strong>·</strong></span> <span class='ocrx_word' id='word_1_225' title='bbox 2413 1332 2441 1383; x_wconf 97' lang='lat'><strong>6</strong></span> <span class='ocrx_word' id='word_1_226' title='bbox 2468 1328 2697 1402; x_wconf 83' lang='grc' dir='ltr'><strong>τρώγων</strong></span> <span class='ocrx_word' id='word_1_227' title='bbox 2738 1347 2841 1400; x_wconf 90' lang='grc' dir='ltr'><strong>μου</strong></span> <span class='ocrx_word' id='word_1_228' title='bbox 2871 1330 2970 1400; x_wconf 84' lang='grc' dir='ltr'><strong>τὴν</strong></span> <span class='ocrx_word' id='word_1_229' title='bbox 3008 1329 3208 1400; x_wconf 81' lang='grc' dir='ltr'><strong>σάρκα,</strong></span> <span class='ocrx_word' id='word_1_230' title='bbox 3238 1328 3332 1381; x_wconf 72' lang='grc' dir='ltr'><strong>καὶ</strong></span> <span class='ocrx_word' id='word_1_231' title='bbox 3376 1327 3546 1380; x_wconf 88' lang='grc' dir='ltr'><strong>πίνων</strong></span> <span class='ocrx_word' id='word_1_232' title='bbox 3586 1344 3688 1397; x_wconf 92' lang='grc' dir='ltr'><strong>μου</strong></span> <span class='ocrx_word' id='word_1_233' title='bbox 3719 1327 3784 1379; x_wconf 72' lang='grc' dir='ltr'><strong>τὸ</strong></span> 
     </span>
    </p>
   </div>
   <div class='ocr_carea' id='block_1_29' title="bbox 2193 1416 3779 1490">
    <p class='ocr_par' dir='ltr' id='par_1_29' title="bbox 2193 1416 3779 1490">
     <span class='ocr_line' id='line_1_29' title="bbox 2193 1416 3779 1490; baseline -0.002 -18"><span class='ocrx_word' id='word_1_234' title='bbox 2193 1416 2351 1490; x_wconf 74' lang='grc' dir='ltr'><strong>αἷμα,</strong></span> <span class='ocrx_word' id='word_1_235' title='bbox 2398 1421 2455 1472; x_wconf 81' lang='grc' dir='ltr'><strong>ὲν</strong></span> <span class='ocrx_word' id='word_1_236' title='bbox 2505 1419 2631 1489; x_wconf 71' lang='grc' dir='ltr'><strong>ἐμοὶ</strong></span> <span class='ocrx_word' id='word_1_237' title='bbox 2679 1420 2855 1490; x_wconf 87' lang='grc' dir='ltr'><strong>μένει,</strong></span> <span class='ocrx_word' id='word_1_238' title='bbox 2906 1418 3077 1487; x_wconf 86' lang='grc' dir='ltr'><strong>κάγὼ.</strong></span> <span class='ocrx_word' id='word_1_239' title='bbox 3104 1419 3162 1471; x_wconf 76' lang='grc' dir='ltr'><strong>ἐν</strong></span> <span class='ocrx_word' id='word_1_240' title='bbox 3212 1416 3381 1487; x_wconf 81' lang='grc' dir='ltr'><strong>αὐτῷ.</strong></span> <span class='ocrx_word' id='word_1_241' title='bbox 3435 1417 3544 1470; x_wconf 76' lang='grc' dir='ltr'><strong>Καὶ</strong></span> <span class='ocrx_word' id='word_1_242' title='bbox 3593 1416 3779 1480; x_wconf 86' lang='grc' dir='ltr'><strong>καθὼς</strong></span> 
     </span>
    </p>
   </div>
   <div class='ocr_carea' id='block_1_30' title="bbox 2193 1505 3781 1580">
    <p class='ocr_par' dir='ltr' id='par_1_30' title="bbox 2193 1505 3781 1580">
     <span class='ocr_line' id='line_1_30' title="bbox 2193 1505 3781 1580; baseline -0.003 -17"><span class='ocrx_word' id='word_1_243' title='bbox 2193 1508 2478 1563; x_wconf 85' lang='grc' dir='ltr'><strong>ἀπέστειλέ</strong></span> <span class='ocrx_word' id='word_1_244' title='bbox 2514 1526 2582 1580; x_wconf 85' lang='grc' dir='ltr'><strong>με</strong></span> <span class='ocrx_word' id='word_1_245' title='bbox 2625 1511 2653 1562; x_wconf 94' lang='lat'><strong>6</strong></span> <span class='ocrx_word' id='word_1_246' title='bbox 2682 1507 2792 1572; x_wconf 72' lang='grc' dir='ltr'><strong>ζῶν</strong></span> <span class='ocrx_word' id='word_1_247' title='bbox 2839 1509 3048 1579; x_wconf 81' lang='grc' dir='ltr'><strong>Πατὴρ,</strong></span> <span class='ocrx_word' id='word_1_248' title='bbox 3082 1506 3243 1577; x_wconf 82' lang='grc' dir='ltr'><strong>κάγὼ</strong></span> <span class='ocrx_word' id='word_1_249' title='bbox 3280 1505 3359 1572; x_wconf 77' lang='grc' dir='ltr'><strong>ζῶ</strong></span> <span class='ocrx_word' id='word_1_250' title='bbox 3399 1506 3485 1560; x_wconf 85' lang='grc' dir='ltr'><strong>διὰ</strong></span> <span class='ocrx_word' id='word_1_251' title='bbox 3532 1507 3624 1560; x_wconf 78' lang='grc' dir='ltr'><strong>τὸν</strong></span> <span class='ocrx_word' id='word_1_252' title='bbox 3665 1507 3781 1560; x_wconf 78' lang='grc' dir='ltr'><strong>Παο</strong></span> 
     </span>
    </p>
   </div>
   <div class='ocr_carea' id='block_1_31' title="bbox 2191 1598 3776 1674">
    <p class='ocr_par' dir='ltr' id='par_1_31' title="bbox 2191 1598 3776 1674">
     <span class='ocr_line' id='line_1_31' title="bbox 2191 1598 3776 1674; baseline -0.003 -19"><span class='ocrx_word' id='word_1_253' title='bbox 2191 1602 2356 1674; x_wconf 80' lang='grc' dir='ltr'><strong>τέραο</strong></span> <span class='ocrx_word' id='word_1_254' title='bbox 2407 1602 2500 1654; x_wconf 73' lang='grc' dir='ltr'><strong>καὶ</strong></span> <span class='ocrx_word' id='word_1_255' title='bbox 2527 1599 2806 1672; x_wconf 84' lang='grc' dir='ltr'><strong>ὁτρώγων</strong></span> <span class='ocrx_word' id='word_1_256' title='bbox 2831 1618 2922 1671; x_wconf 84' lang='grc' dir='ltr'><strong>με.</strong></span> <span class='ocrx_word' id='word_1_257' title='bbox 2975 1601 3226 1663; x_wconf 86' lang='grc' dir='ltr'><strong>κάκεῖνος</strong></span> <span class='ocrx_word' id='word_1_258' title='bbox 3272 1599 3429 1670; x_wconf 81' lang='grc' dir='ltr'><strong>ζήσει</strong></span> <span class='ocrx_word' id='word_1_259' title='bbox 3475 1598 3543 1651; x_wconf 80' lang='grc' dir='ltr'><strong>δι’</strong></span> <span class='ocrx_word' id='word_1_260' title='bbox 3577 1598 3697 1669; x_wconf 82' lang='grc' dir='ltr'><strong>ὲμέ.</strong></span> <span class='ocrx_word' id='word_1_261' title='bbox 3756 1616 3776 1650; x_wconf 75' lang='grc' dir='ltr'><strong>ι</strong></span> 
     </span>
    </p>
   </div>
   <div class='ocr_carea' id='block_1_32' title="bbox 2191 1692 3784 1766">
    <p class='ocr_par' dir='ltr' id='par_1_32' title="bbox 2191 1692 3784 1766">
     <span class='ocr_line' id='line_1_32' title="bbox 2191 1692 3784 1766; baseline -0.004 -16"><span class='ocrx_word' id='word_1_262' title='bbox 2191 1695 2386 1749; x_wconf 80' lang='grc' dir='ltr'><strong>Καίτοι</strong></span> <span class='ocrx_word' id='word_1_263' title='bbox 2413 1693 2529 1759; x_wconf 87' lang='grc' dir='ltr'><strong>πῶς</strong></span> <span class='ocrx_word' id='word_1_264' title='bbox 2554 1695 2655 1748; x_wconf 81' lang='grc' dir='ltr'><strong>οὐκ</strong></span> <span class='ocrx_word' id='word_1_265' title='bbox 2686 1693 2918 1766; x_wconf 82' lang='grc' dir='ltr'><strong>ἀτρεκὲς</strong></span> <span class='ocrx_word' id='word_1_266' title='bbox 2943 1695 3139 1757; x_wconf 77' lang='grc' dir='ltr'><strong>εἰπεῖν,</strong></span> <span class='ocrx_word' id='word_1_267' title='bbox 3170 1693 3247 1756; x_wconf 83' lang='grc' dir='ltr'><strong>ὡς</strong></span> <span class='ocrx_word' id='word_1_268' title='bbox 3284 1692 3346 1746; x_wconf 79' lang='grc' dir='ltr'><strong>οὐ</strong></span> <span class='ocrx_word' id='word_1_269' title='bbox 3376 1692 3784 1761; x_wconf 76' lang='grc' dir='ltr'><strong>καταπεφοίτη-</strong></span> 
     </span>
    </p>
   </div>
   <div class='ocr_carea' id='block_1_33' title="bbox 2192 1782 3784 1858">
    <p class='ocr_par' dir='ltr' id='par_1_33' title="bbox 2192 1782 3784 1858">
     <span class='ocr_line' id='line_1_33' title="bbox 2192 1782 3784 1858; baseline -0.003 -17"><span class='ocrx_word' id='word_1_270' title='bbox 2192 1805 2285 1842; x_wconf 88' lang='grc' dir='ltr'><strong>κεν</strong></span> <span class='ocrx_word' id='word_1_271' title='bbox 2313 1787 2373 1853; x_wconf 78' lang='grc' dir='ltr'><strong>ἐξ</strong></span> <span class='ocrx_word' id='word_1_272' title='bbox 2406 1786 2655 1858; x_wconf 79' lang='grc' dir='ltr'><strong>οὐρανῶν</strong></span> <span class='ocrx_word' id='word_1_273' title='bbox 2688 1788 2722 1857; x_wconf 77' lang='grc' dir='ltr'>ὴ</span> <span class='ocrx_word' id='word_1_274' title='bbox 2756 1784 2913 1858; x_wconf 81' lang='grc' dir='ltr'><strong>σὰρξ,</strong></span> <span class='ocrx_word' id='word_1_275' title='bbox 2945 1786 3063 1840; x_wconf 76' lang='grc' dir='ltr'><strong>ἀλλ’</strong></span> <span class='ocrx_word' id='word_1_276' title='bbox 3098 1782 3166 1858; x_wconf 83' lang='grc' dir='ltr'><strong>ἦν</strong></span> <span class='ocrx_word' id='word_1_277' title='bbox 3197 1788 3261 1839; x_wconf 71' lang='grc' dir='ltr'><strong>ἐκ</strong></span> <span class='ocrx_word' id='word_1_278' title='bbox 3288 1784 3589 1855; x_wconf 85' lang='grc' dir='ltr'><strong>Παρθένου,</strong></span> <span class='ocrx_word' id='word_1_279' title='bbox 3638 1785 3784 1837; x_wconf 84' lang='grc' dir='ltr'><strong>κατά</strong></span> 
     </span>
    </p>
   </div>
   <div class='ocr_carea' id='block_1_34' title="bbox 509 1856 2086 1948">
    <p class='ocr_par' dir='ltr' id='par_1_34' title="bbox 509 1877 2086 1948">
     <span class='ocr_line' id='line_1_34' title="bbox 509 1877 2086 1948; baseline 0.001 -16"><span class='ocrx_word' id='word_1_280' title='bbox 509 1879 654 1932; x_wconf 84' lang='lat' dir='ltr'><strong>Inter</strong></span> <span class='ocrx_word' id='word_1_281' title='bbox 704 1893 763 1931; x_wconf 86' lang='lat' dir='ltr'><strong>se</strong></span> <span class='ocrx_word' id='word_1_282' title='bbox 811 1877 1268 1931; x_wconf 77' lang='lat' dir='ltr'><strong>commisceantur</strong></span> <span class='ocrx_word' id='word_1_283' title='bbox 1328 1888 1647 1932; x_wconf 81' lang='lat' dir='ltr'><strong>naturarum</strong></span> <span class='ocrx_word' id='word_1_284' title='bbox 1703 1880 2086 1948; x_wconf 83' lang='lat' dir='ltr'><strong>proprietates,</strong></span> 
     </span>
    </p>
   </div>
   <div class='ocr_carea' id='block_1_35' title="bbox 2191 1856 3781 1948">
    <p class='ocr_par' dir='ltr' id='par_1_35' title="bbox 2191 1856 3781 1947">
     <span class='ocr_line' id='line_1_35' title="bbox 2191 1856 3781 1947; baseline -0.003 -15"><span class='ocrx_word' id='word_1_285' title='bbox 2191 1880 2289 1942; x_wconf 79' lang='grc' dir='ltr'><strong>τὰς</strong></span> <span class='ocrx_word' id='word_1_286' title='bbox 2322 1856 2577 1947; x_wconf 74' lang='grc' dir='ltr'><strong>Γραφάςς</strong></span> <span class='ocrx_word' id='word_1_287' title='bbox 2620 1856 2775 1932; x_wconf 81' lang='grc' dir='ltr'><strong>Ἔστι</strong></span> <span class='ocrx_word' id='word_1_288' title='bbox 2804 1856 2861 1931; x_wconf 84' lang='grc' dir='ltr'><strong>δὲ</strong></span> <span class='ocrx_word' id='word_1_289' title='bbox 2892 1878 2974 1931; x_wconf 83' lang='grc' dir='ltr'><strong>ὅτι</strong></span> <span class='ocrx_word' id='word_1_290' title='bbox 3019 1877 3081 1931; x_wconf 83' lang='grc' dir='ltr'><strong>οὐ</strong></span> <span class='ocrx_word' id='word_1_291' title='bbox 3124 1856 3335 1940; x_wconf 85' lang='grc' dir='ltr'><strong>διιστὰς</strong></span> <span class='ocrx_word' id='word_1_292' title='bbox 3376 1879 3405 1930; x_wconf 92' lang='lat'><strong>6</strong></span> <span class='ocrx_word' id='word_1_293' title='bbox 3434 1876 3626 1944; x_wconf 86' lang='grc' dir='ltr'><strong>Λόγος.</strong></span> <span class='ocrx_word' id='word_1_294' title='bbox 3662 1876 3781 1928; x_wconf 78' lang='grc' dir='ltr'><strong>ἀλλ’</strong></span> 
     </span>
    </p>
   </div>
   <div class='ocr_carea' id='block_1_36' title="bbox 506 1966 2089 2037">
    <p class='ocr_par' dir='ltr' id='par_1_36' title="bbox 506 1966 2089 2037">
     <span class='ocr_line' id='line_1_36' title="bbox 506 1966 2089 2037; baseline 0 -14"><span class='ocrx_word' id='word_1_295' title='bbox 506 1983 541 2023; x_wconf 90' lang='lat' dir='ltr'><strong>e</strong></span> <span class='ocrx_word' id='word_1_296' title='bbox 571 1966 984 2037; x_wconf 87' lang='lat' dir='ltr'><strong>quamplurimis</strong></span> <span class='ocrx_word' id='word_1_297' title='bbox 1023 1966 1157 2020; x_wconf 85' lang='lat' dir='ltr'><strong>locis</strong></span> <span class='ocrx_word' id='word_1_298' title='bbox 1205 1975 1436 2022; x_wconf 83' lang='lat' dir='ltr'><strong>constat.</strong></span> <span class='ocrx_word' id='word_1_299' title='bbox 1483 1969 1774 2023; x_wconf 69' lang='lat' dir='ltr'><strong>Nicodemo</strong></span> <span class='ocrx_word' id='word_1_300' title='bbox 1806 1969 1947 2023; x_wconf 89' lang='lat' dir='ltr'><strong>enim</strong></span> <span class='ocrx_word' id='word_1_301' title='bbox 1982 1983 2089 2023; x_wconf 93' lang='lat' dir='ltr'><strong>non</strong></span> 
     </span>
    </p>
   </div>
   <div class='ocr_carea' id='block_1_37' title="bbox 509 2058 2089 2129">
    <p class='ocr_par' dir='ltr' id='par_1_37' title="bbox 509 2058 2089 2129">
     <span class='ocr_line' id='line_1_37' title="bbox 509 2058 2089 2129; baseline 0 -14"><span class='ocrx_word' id='word_1_302' title='bbox 509 2058 831 2125; x_wconf 84' lang='lat' dir='ltr'><strong>lnlelligenti</strong></span> <span class='ocrx_word' id='word_1_303' title='bbox 887 2058 1227 2128; x_wconf 79' lang='lat' dir='ltr'><strong>mysterium,</strong></span> <span class='ocrx_word' id='word_1_304' title='bbox 1282 2061 1373 2113; x_wconf 91' lang='lat' dir='ltr'><strong>sed</strong></span> <span class='ocrx_word' id='word_1_305' title='bbox 1423 2061 1675 2129; x_wconf 90' lang='lat' dir='ltr'><strong>imperite</strong></span> <span class='ocrx_word' id='word_1_306' title='bbox 1720 2060 2089 2115; x_wconf 86' lang='lat' dir='ltr'><strong>reclamanti:</strong></span> 
     </span>
    </p>
   </div>
   <div class='ocr_carea' id='block_1_38' title="bbox 513 2149 2091 2221">
    <p class='ocr_par' dir='ltr' id='par_1_38' title="bbox 513 2149 2091 2221">
     <span class='ocr_line' id='line_1_38' title="bbox 513 2149 2091 2221; baseline -0.001 -17"><span class='ocrx_word' id='word_1_307' title='bbox 513 2169 535 2204; x_wconf 83' lang='grc' dir='ltr'><strong>ι</strong></span> <span class='ocrx_word' id='word_1_308' title='bbox 573 2152 851 2218; x_wconf 80' lang='lat' dir='ltr'><strong>Quomodo</strong></span> <span class='ocrx_word' id='word_1_309' title='bbox 892 2158 1118 2221; x_wconf 88' lang='lat' dir='ltr'><strong>possunt</strong></span> <span class='ocrx_word' id='word_1_310' title='bbox 1148 2149 1268 2205; x_wconf 82' lang='lat' dir='ltr'><strong>ﬁeri</strong></span> <span class='ocrx_word' id='word_1_311' title='bbox 1313 2152 1426 2205; x_wconf 62' lang='lat' dir='ltr'><strong>haec</strong></span> <span class='ocrx_word' id='word_1_312' title='bbox 1452 2150 1477 2203; x_wconf 82' lang='lat'><strong>?</strong></span> <span class='ocrx_word' id='word_1_313' title='bbox 1508 2149 1564 2205; x_wconf 91' lang='lat' dir='ltr'><strong>Si</strong></span> <span class='ocrx_word' id='word_1_314' title='bbox 1602 2160 1839 2217; x_wconf 90' lang='lat' dir='ltr'><strong>terrena,</strong></span> <span class='ocrx_word' id='word_1_315' title='bbox 1894 2151 2091 2220; x_wconf 83' lang='lat' dir='ltr'><strong>inquit,</strong></span> 
     </span>
    </p>
   </div>
   <div class='ocr_carea' id='block_1_39' title="bbox 507 2242 2090 2312">
    <p class='ocr_par' dir='ltr' id='par_1_39' title="bbox 507 2242 2090 2312">
     <span class='ocr_line' id='line_1_39' title="bbox 507 2242 2090 2312; baseline 0 -15"><span class='ocrx_word' id='word_1_316' title='bbox 507 2243 620 2297; x_wconf 79' lang='lat' dir='ltr'><strong>dixi</strong></span> <span class='ocrx_word' id='word_1_317' title='bbox 654 2242 827 2306; x_wconf 84' lang='lat' dir='ltr'><strong>vobis,</strong></span> <span class='ocrx_word' id='word_1_318' title='bbox 864 2250 920 2297; x_wconf 86' lang='lat' dir='ltr'><strong>et</strong></span> <span class='ocrx_word' id='word_1_319' title='bbox 958 2256 1061 2295; x_wconf 91' lang='lat' dir='ltr'><strong>non</strong></span> <span class='ocrx_word' id='word_1_320' title='bbox 1112 2242 1336 2296; x_wconf 86' lang='lat' dir='ltr'><strong>creditis</strong></span> <span class='ocrx_word' id='word_1_321' title='bbox 1371 2258 1386 2296; x_wconf 91' lang='lat'><strong>:</strong></span> <span class='ocrx_word' id='word_1_322' title='bbox 1422 2258 1529 2312; x_wconf 93' lang='lat' dir='ltr'><strong>quo</strong></span> <span class='ocrx_word' id='word_1_323' title='bbox 1576 2252 1735 2311; x_wconf 90' lang='lat' dir='ltr'><strong>pacto</strong></span> <span class='ocrx_word' id='word_1_324' title='bbox 1792 2243 1837 2296; x_wconf 88' lang='lat' dir='ltr'><strong>si</strong></span> <span class='ocrx_word' id='word_1_325' title='bbox 1900 2242 2090 2297; x_wconf 76' lang='lat' dir='ltr'><strong>dixero</strong></span> 
     </span>
    </p>
   </div>
   <div class='ocr_carea' id='block_1_40' title="bbox 506 2330 2087 2397">
    <p class='ocr_par' dir='ltr' id='par_1_40' title="bbox 506 2330 2087 2397">
     <span class='ocr_line' id='line_1_40' title="bbox 506 2330 2087 2397; baseline -0.001 -9"><span class='ocrx_word' id='word_1_326' title='bbox 506 2335 664 2389; x_wconf 82' lang='lat' dir='ltr'><strong>vobis</strong></span> <span class='ocrx_word' id='word_1_327' title='bbox 723 2332 984 2397; x_wconf 76' lang='lat' dir='ltr'><strong>cmlestia,</strong></span> <span class='ocrx_word' id='word_1_328' title='bbox 1031 2330 1333 2387; x_wconf 84' lang='lat' dir='ltr'><strong>credetis?</strong></span> <span class='ocrx_word' id='word_1_329' title='bbox 1390 2332 1457 2387; x_wconf 89' lang='lat' dir='ltr'><strong>Et</strong></span> <span class='ocrx_word' id='word_1_330' title='bbox 1514 2347 1673 2387; x_wconf 88' lang='lat' dir='ltr'><strong>nemo</strong></span> <span class='ocrx_word' id='word_1_331' title='bbox 1728 2332 1971 2387; x_wconf 88' lang='lat' dir='ltr'><strong>ascendit</strong></span> <span class='ocrx_word' id='word_1_332' title='bbox 2033 2336 2087 2386; x_wconf 91' lang='lat' dir='ltr'><strong>in</strong></span> 
     </span>
    </p>
   </div>
   <div class='ocr_carea' id='block_1_41' title="bbox 506 2424 2081 2494">
    <p class='ocr_par' dir='ltr' id='par_1_41' title="bbox 506 2424 2081 2494">
     <span class='ocr_line' id='line_1_41' title="bbox 506 2424 2081 2494; baseline -0.004 -11"><span class='ocrx_word' id='word_1_333' title='bbox 506 2427 725 2492; x_wconf 77' lang='lat' dir='ltr'><strong>ccelum,</strong></span> <span class='ocrx_word' id='word_1_334' title='bbox 779 2426 880 2480; x_wconf 89' lang='lat' dir='ltr'><strong>nisi</strong></span> <span class='ocrx_word' id='word_1_335' title='bbox 911 2425 1002 2494; x_wconf 91' lang='lat' dir='ltr'><strong>qui</strong></span> <span class='ocrx_word' id='word_1_336' title='bbox 1044 2440 1075 2480; x_wconf 94' lang='lat' dir='ltr'><strong>e</strong></span> <span class='ocrx_word' id='word_1_337' title='bbox 1113 2425 1251 2479; x_wconf 66' lang='lat' dir='ltr'><strong>coelo</strong></span> <span class='ocrx_word' id='word_1_338' title='bbox 1291 2424 1575 2479; x_wconf 86' lang='lat' dir='ltr'><strong>descendit</strong></span> <span class='ocrx_word' id='word_1_339' title='bbox 1616 2424 1787 2478; x_wconf 88' lang='lat' dir='ltr'><strong>Filius</strong></span> <span class='ocrx_word' id='word_1_340' title='bbox 1822 2425 1915 2478; x_wconf 86' lang='lat' dir='ltr'><strong>Dei</strong></span> <span class='ocrx_word' id='word_1_341' title='bbox 1954 2425 2020 2480; x_wconf 80' lang='lat'><strong>“.</strong></span> <span class='ocrx_word' id='word_1_342' title='bbox 2063 2444 2081 2477; x_wconf 77' lang='grc' dir='ltr'><strong>ι</strong></span> 
     </span>
    </p>
   </div>
   <div class='ocr_carea' id='block_1_42' title="bbox 503 2516 2088 2587">
    <p class='ocr_par' dir='ltr' id='par_1_42' title="bbox 503 2516 2088 2587">
     <span class='ocr_line' id='line_1_42' title="bbox 503 2516 2088 2587; baseline 0 -15"><span class='ocrx_word' id='word_1_343' title='bbox 503 2516 703 2573; x_wconf 69' lang='lat' dir='ltr'><strong>Iudaeis</strong></span> <span class='ocrx_word' id='word_1_344' title='bbox 742 2532 867 2572; x_wconf 88' lang='lat' dir='ltr'><strong>vero</strong></span> <span class='ocrx_word' id='word_1_345' title='bbox 911 2530 1063 2586; x_wconf 66' lang='lat' dir='ltr'><strong>mque</strong></span> <span class='ocrx_word' id='word_1_346' title='bbox 1108 2526 1267 2586; x_wconf 88' lang='lat' dir='ltr'><strong>atque</strong></span> <span class='ocrx_word' id='word_1_347' title='bbox 1316 2516 1403 2571; x_wconf 92' lang='lat' dir='ltr'><strong>ille</strong></span> <span class='ocrx_word' id='word_1_348' title='bbox 1452 2516 1736 2585; x_wconf 89' lang='lat' dir='ltr'><strong>imperitis,</strong></span> <span class='ocrx_word' id='word_1_349' title='bbox 1804 2517 2088 2587; x_wconf 86' lang='lat' dir='ltr'><strong>ipsumque</strong></span> 
     </span>
    </p>
   </div>
   <div class='ocr_carea' id='block_1_43' title="bbox 508 2607 2083 2678">
    <p class='ocr_par' dir='ltr' id='par_1_43' title="bbox 508 2607 2083 2678">
     <span class='ocr_line' id='line_1_43' title="bbox 508 2607 2083 2678; baseline -0.001 -14"><span class='ocrx_word' id='word_1_350' title='bbox 508 2609 859 2664; x_wconf 86' lang='lat' dir='ltr'><strong>irridentibus</strong></span> <span class='ocrx_word' id='word_1_351' title='bbox 911 2625 925 2663; x_wconf 88' lang='lat'><strong>:</strong></span> <span class='ocrx_word' id='word_1_352' title='bbox 968 2609 1012 2663; x_wconf 94' lang='lat' dir='ltr'><strong>si</strong></span> <span class='ocrx_word' id='word_1_353' title='bbox 1072 2608 1355 2663; x_wconf 78' lang='lat' dir='ltr'><strong>viviﬁcans</strong></span> <span class='ocrx_word' id='word_1_354' title='bbox 1427 2618 1589 2678; x_wconf 91' lang='lat' dir='ltr'><strong>atque</strong></span> <span class='ocrx_word' id='word_1_355' title='bbox 1642 2621 1707 2661; x_wconf 82' lang='lat' dir='ltr'><strong>ex</strong></span> <span class='ocrx_word' id='word_1_356' title='bbox 1767 2607 1904 2663; x_wconf 72' lang='lat' dir='ltr'><strong>«elo</strong></span> <span class='ocrx_word' id='word_1_357' title='bbox 1956 2623 2083 2677; x_wconf 91' lang='lat' dir='ltr'><strong>pro-</strong></span> 
     </span>
    </p>
   </div>
   <div class='ocr_carea' id='block_1_44' title="bbox 504 2698 2085 2772">
    <p class='ocr_par' dir='ltr' id='par_1_44' title="bbox 504 2698 2085 2772">
     <span class='ocr_line' id='line_1_44' title="bbox 504 2698 2085 2772; baseline 0.001 -19"><span class='ocrx_word' id='word_1_358' title='bbox 504 2702 681 2772; x_wconf 81' lang='lat' dir='ltr'><strong>prium</strong></span> <span class='ocrx_word' id='word_1_359' title='bbox 710 2715 926 2770; x_wconf 88' lang='lat' dir='ltr'><strong>corpus,</strong></span> <span class='ocrx_word' id='word_1_360' title='bbox 952 2719 970 2752; x_wconf 88' lang='grc' dir='ltr'><strong>ι</strong></span> <span class='ocrx_word' id='word_1_361' title='bbox 1002 2699 1112 2755; x_wconf 82' lang='lat' dir='ltr'><strong>Hoc</strong></span> <span class='ocrx_word' id='word_1_362' title='bbox 1141 2714 1239 2755; x_wconf 92' lang='lat' dir='ltr'><strong>vos</strong></span> <span class='ocrx_word' id='word_1_363' title='bbox 1253 2698 1607 2763; x_wconf 83' lang='lat' dir='ltr'><strong>scandalizat,</strong></span> <span class='ocrx_word' id='word_1_364' title='bbox 1637 2699 1831 2769; x_wconf 88' lang='lat' dir='ltr'><strong>inquit,</strong></span> <span class='ocrx_word' id='word_1_365' title='bbox 1887 2699 1930 2753; x_wconf 87' lang='lat' dir='ltr'><strong>si</strong></span> <span class='ocrx_word' id='word_1_366' title='bbox 1956 2714 2085 2770; x_wconf 90' lang='lat' dir='ltr'><strong>ergo</strong></span> 
     </span>
    </p>
   </div>
   <div class='ocr_carea' id='block_1_45' title="bbox 506 2790 2089 2847">
    <p class='ocr_par' dir='ltr' id='par_1_45' title="bbox 506 2790 2089 2847">
     <span class='ocr_line' id='line_1_45' title="bbox 506 2790 2089 2847; baseline 0.001 -4"><span class='ocrx_word' id='word_1_367' title='bbox 506 2792 752 2847; x_wconf 86' lang='lat' dir='ltr'><strong>videritis</strong></span> <span class='ocrx_word' id='word_1_368' title='bbox 807 2790 999 2846; x_wconf 88' lang='lat' dir='ltr'><strong>Filium</strong></span> <span class='ocrx_word' id='word_1_369' title='bbox 1074 2790 1310 2846; x_wconf 85' lang='lat' dir='ltr'><strong>hominis</strong></span> <span class='ocrx_word' id='word_1_370' title='bbox 1383 2791 1765 2846; x_wconf 87' lang='lat' dir='ltr'><strong>ascendentem</strong></span> <span class='ocrx_word' id='word_1_371' title='bbox 1823 2791 1912 2847; x_wconf 94' lang='lat' dir='ltr'><strong>ubi</strong></span> <span class='ocrx_word' id='word_1_372' title='bbox 1969 2800 2089 2846; x_wconf 87' lang='lat' dir='ltr'><strong>erat</strong></span> 
     </span>
    </p>
   </div>
   <div class='ocr_carea' id='block_1_46' title="bbox 505 2881 2088 2952">
    <p class='ocr_par' dir='ltr' id='par_1_46' title="bbox 505 2881 2088 2952">
     <span class='ocr_line' id='line_1_46' title="bbox 505 2881 2088 2952; baseline 0.001 -17"><span class='ocrx_word' id='word_1_373' title='bbox 505 2884 654 2952; x_wconf 90' lang='lat' dir='ltr'><strong>prius</strong></span> <span class='ocrx_word' id='word_1_374' title='bbox 687 2883 780 2936; x_wconf 66' lang='lat'><strong>&quot;2&#39;</strong></span> <span class='ocrx_word' id='word_1_375' title='bbox 848 2901 867 2934; x_wconf 78' lang='grc' dir='ltr'><strong>ι</strong></span> <span class='ocrx_word' id='word_1_376' title='bbox 928 2881 1124 2946; x_wconf 76' lang='lat' dir='ltr'><strong>Annon</strong></span> <span class='ocrx_word' id='word_1_377' title='bbox 1199 2890 1386 2936; x_wconf 90' lang='lat' dir='ltr'><strong>natum</strong></span> <span class='ocrx_word' id='word_1_378' title='bbox 1442 2896 1509 2936; x_wconf 81' lang='lat' dir='ltr'><strong>ex</strong></span> <span class='ocrx_word' id='word_1_379' title='bbox 1569 2882 1792 2937; x_wconf 89' lang='lat' dir='ltr'><strong>muliere</strong></span> <span class='ocrx_word' id='word_1_380' title='bbox 1843 2883 2088 2937; x_wconf 88' lang='lat' dir='ltr'><strong>dicemus</strong></span> 
     </span>
    </p>
   </div>
   <div class='ocr_carea' id='block_1_47' title="bbox 504 2974 955 3031">
    <p class='ocr_par' dir='ltr' id='par_1_47' title="bbox 504 2974 955 3031">
     <span class='ocr_line' id='line_1_47' title="bbox 504 2974 955 3031; baseline -0.007 -2"><span class='ocrx_word' id='word_1_381' title='bbox 504 2974 904 3031; x_wconf 87' lang='lat' dir='ltr'><strong>Emmanuelem</strong></span> <span class='ocrx_word' id='word_1_382' title='bbox 933 2974 955 3027; x_wconf 88' lang='lat'><strong>?</strong></span> 
     </span>
    </p>
   </div>
   <div class='ocr_carea' id='block_1_48' title="bbox 2193 1967 3779 2041">
    <p class='ocr_par' dir='ltr' id='par_1_48' title="bbox 2193 1967 3779 2041">
     <span class='ocr_line' id='line_1_48' title="bbox 2193 1967 3779 2041; baseline -0.003 -18"><span class='ocrx_word' id='word_1_383' title='bbox 2193 1972 2273 2034; x_wconf 83' lang='grc' dir='ltr'><strong>είς</strong></span> <span class='ocrx_word' id='word_1_384' title='bbox 2301 1970 2359 2025; x_wconf 77' lang='grc' dir='ltr'><strong>ἓν</strong></span> <span class='ocrx_word' id='word_1_385' title='bbox 2390 1969 2558 2041; x_wconf 83' lang='grc' dir='ltr'><strong>ἄμφω</strong></span> <span class='ocrx_word' id='word_1_386' title='bbox 2592 1969 2890 2039; x_wconf 83' lang='grc' dir='ltr'><strong>συλλέγων,</strong></span> <span class='ocrx_word' id='word_1_387' title='bbox 2925 1972 3020 2023; x_wconf 79' lang='grc' dir='ltr'><strong>καὶ</strong></span> <span class='ocrx_word' id='word_1_388' title='bbox 3055 1968 3246 2041; x_wconf 83' lang='grc' dir='ltr'><strong>ὥσπερ</strong></span> <span class='ocrx_word' id='word_1_389' title='bbox 3275 1967 3529 2039; x_wconf 82' lang='grc' dir='ltr'><strong>ἀλλήλοις</strong></span> <span class='ocrx_word' id='word_1_390' title='bbox 3562 1968 3779 2038; x_wconf 80' lang='grc' dir='ltr'><strong>ἀνακιρ-</strong></span> 
     </span>
    </p>
   </div>
   <div class='ocr_carea' id='block_1_49' title="bbox 2192 2058 3779 2131">
    <p class='ocr_par' dir='ltr' id='par_1_49' title="bbox 2192 2058 3779 2131">
     <span class='ocr_line' id='line_1_49' title="bbox 2192 2058 3779 2131; baseline -0.003 -16"><span class='ocrx_word' id='word_1_391' title='bbox 2192 2060 2288 2125; x_wconf 85' lang='grc' dir='ltr'><strong>νάς</strong></span> <span class='ocrx_word' id='word_1_392' title='bbox 2327 2060 2396 2114; x_wconf 91' lang='grc' dir='ltr'><strong>τά</strong></span> <span class='ocrx_word' id='word_1_393' title='bbox 2426 2060 2535 2114; x_wconf 87' lang='grc' dir='ltr'><strong>τῶν</strong></span> <span class='ocrx_word' id='word_1_394' title='bbox 2570 2060 2784 2129; x_wconf 79' lang='grc' dir='ltr'><strong>φύσεων</strong></span> <span class='ocrx_word' id='word_1_395' title='bbox 2819 2058 3105 2131; x_wconf 73' lang='grc' dir='ltr'><strong>ἰδιώματα,</strong></span> <span class='ocrx_word' id='word_1_396' title='bbox 3133 2060 3220 2114; x_wconf 87' lang='grc' dir='ltr'><strong>διὰ</strong></span> <span class='ocrx_word' id='word_1_397' title='bbox 3247 2060 3458 2131; x_wconf 81' lang='grc' dir='ltr'><strong>μυρίων</strong></span> <span class='ocrx_word' id='word_1_398' title='bbox 3486 2060 3626 2112; x_wconf 84' lang='grc' dir='ltr'><strong>ὅσων</strong></span> <span class='ocrx_word' id='word_1_399' title='bbox 3647 2061 3779 2128; x_wconf 79' lang='grc' dir='ltr'><strong>ἡμῖν</strong></span> 
     </span>
    </p>
   </div>
   <div class='ocr_carea' id='block_1_50' title="bbox 2192 2150 3781 2224">
    <p class='ocr_par' dir='ltr' id='par_1_50' title="bbox 2192 2150 3781 2224">
     <span class='ocr_line' id='line_1_50' title="bbox 2192 2150 3781 2224; baseline -0.002 -18"><span class='ocrx_word' id='word_1_400' title='bbox 2192 2154 2385 2223; x_wconf 80' lang='grc' dir='ltr'><strong>ὁρᾶται</strong></span> <span class='ocrx_word' id='word_1_401' title='bbox 2414 2151 2609 2221; x_wconf 85' lang='grc' dir='ltr'><strong>λόγων.</strong></span> <span class='ocrx_word' id='word_1_402' title='bbox 2652 2152 2949 2224; x_wconf 76' lang='grc' dir='ltr'><strong>Νικοδήμῳ</strong></span> <span class='ocrx_word' id='word_1_403' title='bbox 3000 2152 3099 2223; x_wconf 78' lang='grc' dir='ltr'><strong>μὲν</strong></span> <span class='ocrx_word' id='word_1_404' title='bbox 3146 2152 3277 2224; x_wconf 75' lang='grc' dir='ltr'><strong>γὰρ,</strong></span> <span class='ocrx_word' id='word_1_405' title='bbox 3326 2152 3388 2205; x_wconf 74' lang='grc' dir='ltr'><strong>οὐ</strong></span> <span class='ocrx_word' id='word_1_406' title='bbox 3442 2151 3674 2205; x_wconf 82' lang='grc' dir='ltr'><strong>συνιέντι</strong></span> <span class='ocrx_word' id='word_1_407' title='bbox 3714 2150 3781 2203; x_wconf 80' lang='grc' dir='ltr'><strong>τὸ</strong></span> 
     </span>
    </p>
   </div>
   <div class='ocr_carea' id='block_1_51' title="bbox 2195 2242 3779 2315">
    <p class='ocr_par' dir='ltr' id='par_1_51' title="bbox 2195 2242 3779 2315">
     <span class='ocr_line' id='line_1_51' title="bbox 2195 2242 3779 2315; baseline -0.003 -18"><span class='ocrx_word' id='word_1_408' title='bbox 2195 2244 2516 2315; x_wconf 85' lang='grc' dir='ltr'><strong>μυστήριον,</strong></span> <span class='ocrx_word' id='word_1_409' title='bbox 2547 2244 2947 2315; x_wconf 87' lang='grc' dir='ltr'><strong>ἀνακεκραγότι</strong></span> <span class='ocrx_word' id='word_1_410' title='bbox 2972 2242 3030 2297; x_wconf 83' lang='grc' dir='ltr'><strong>δὲ</strong></span> <span class='ocrx_word' id='word_1_411' title='bbox 3059 2242 3307 2314; x_wconf 82' lang='grc' dir='ltr'><strong>ἀμαθῶς·</strong></span> <span class='ocrx_word' id='word_1_412' title='bbox 3345 2261 3363 2293; x_wconf 87' lang='grc' dir='ltr'><strong>ι</strong></span> <span class='ocrx_word' id='word_1_413' title='bbox 3407 2244 3530 2306; x_wconf 84' lang='grc' dir='ltr'><strong>Πῶς</strong></span> <span class='ocrx_word' id='word_1_414' title='bbox 3557 2242 3779 2294; x_wconf 81' lang='grc' dir='ltr'><strong>δύναται</strong></span> 
     </span>
    </p>
   </div>
   <div class='ocr_carea' id='block_1_52' title="bbox 2191 2329 3777 2406">
    <p class='ocr_par' dir='ltr' id='par_1_52' title="bbox 2191 2329 3777 2406">
     <span class='ocr_line' id='line_1_52' title="bbox 2191 2329 3777 2406; baseline -0.004 -17"><span class='ocrx_word' id='word_1_415' title='bbox 2191 2336 2363 2390; x_wconf 87' lang='grc' dir='ltr'><strong>ταῦτα</strong></span> <span class='ocrx_word' id='word_1_416' title='bbox 2404 2336 2697 2405; x_wconf 82' lang='grc' dir='ltr'><strong>γενέσθαι;</strong></span> <span class='ocrx_word' id='word_1_417' title='bbox 2741 2336 2804 2390; x_wconf 75' lang='lat' dir='ltr'>EE</span> <span class='ocrx_word' id='word_1_418' title='bbox 2832 2336 2901 2389; x_wconf 79' lang='grc' dir='ltr'><strong>τὰ</strong></span> <span class='ocrx_word' id='word_1_419' title='bbox 2929 2335 3167 2404; x_wconf 73' lang='grc' dir='ltr'><strong>ἐπίγεια,</strong></span> <span class='ocrx_word' id='word_1_420' title='bbox 3223 2335 3411 2406; x_wconf 76' lang='grc' dir='ltr'><strong>φησὶν,</strong></span> <span class='ocrx_word' id='word_1_421' title='bbox 3444 2329 3597 2386; x_wconf 81' lang='grc' dir='ltr'><strong>εἷπον</strong></span> <span class='ocrx_word' id='word_1_422' title='bbox 3624 2332 3777 2402; x_wconf 85' lang='grc' dir='ltr'><strong>ὑμῖν,</strong></span> 
     </span>
    </p>
   </div>
   <div class='ocr_carea' id='block_1_53' title="bbox 2192 2425 3777 2496">
    <p class='ocr_par' dir='ltr' id='par_1_53' title="bbox 2192 2425 3777 2496">
     <span class='ocr_line' id='line_1_53' title="bbox 2192 2425 3777 2496; baseline -0.004 -15"><span class='ocrx_word' id='word_1_423' title='bbox 2192 2427 2286 2481; x_wconf 73' lang='grc' dir='ltr'><strong>καὶ</strong></span> <span class='ocrx_word' id='word_1_424' title='bbox 2323 2428 2382 2480; x_wconf 83' lang='grc' dir='ltr'><strong>οὐ</strong></span> <span class='ocrx_word' id='word_1_425' title='bbox 2413 2427 2720 2492; x_wconf 80' lang='grc' dir='ltr'><strong>πιστεύετε,</strong></span> <span class='ocrx_word' id='word_1_426' title='bbox 2754 2428 2872 2491; x_wconf 88' lang='grc' dir='ltr'><strong>πῶς</strong></span> <span class='ocrx_word' id='word_1_427' title='bbox 2900 2427 2996 2481; x_wconf 86' lang='grc' dir='ltr'><strong>ὲάν</strong></span> <span class='ocrx_word' id='word_1_428' title='bbox 3028 2428 3165 2480; x_wconf 78' lang='grc' dir='ltr'><strong>εἴπω</strong></span> <span class='ocrx_word' id='word_1_429' title='bbox 3199 2428 3330 2496; x_wconf 84' lang='grc' dir='ltr'><strong>ὑμῖν</strong></span> <span class='ocrx_word' id='word_1_430' title='bbox 3358 2426 3427 2478; x_wconf 84' lang='grc' dir='ltr'><strong>τὰ</strong></span> <span class='ocrx_word' id='word_1_431' title='bbox 3458 2425 3777 2495; x_wconf 75' lang='grc' dir='ltr'><strong>ἐπουράνια,</strong></span> 
     </span>
    </p>
   </div>
   <div class='ocr_carea' id='block_1_54' title="bbox 2192 2512 3777 2587">
    <p class='ocr_par' dir='ltr' id='par_1_54' title="bbox 2192 2512 3777 2587">
     <span class='ocr_line' id='line_1_54' title="bbox 2192 2512 3777 2587; baseline -0.003 -17"><span class='ocrx_word' id='word_1_432' title='bbox 2192 2516 2513 2582; x_wconf 58' lang='lat' dir='ltr'><strong>metuisse;</strong></span> <span class='ocrx_word' id='word_1_433' title='bbox 2559 2516 2668 2571; x_wconf 81' lang='grc' dir='ltr'><strong>Καὶ</strong></span> <span class='ocrx_word' id='word_1_434' title='bbox 2714 2517 2892 2581; x_wconf 82' lang='grc' dir='ltr'><strong>οὐδεὶς</strong></span> <span class='ocrx_word' id='word_1_435' title='bbox 2925 2516 3265 2587; x_wconf 88' lang='grc' dir='ltr'><strong>ἀναϐέϐηκεν</strong></span> <span class='ocrx_word' id='word_1_436' title='bbox 3296 2517 3376 2579; x_wconf 86' lang='grc' dir='ltr'><strong>είς</strong></span> <span class='ocrx_word' id='word_1_437' title='bbox 3409 2516 3499 2569; x_wconf 81' lang='grc' dir='ltr'><strong>τὸν</strong></span> <span class='ocrx_word' id='word_1_438' title='bbox 3526 2512 3777 2584; x_wconf 78' lang='grc' dir='ltr'><strong>οὐρανὸν,</strong></span> 
     </span>
    </p>
   </div>
   <div class='ocr_carea' id='block_1_55' title="bbox 2190 2605 3775 2681">
    <p class='ocr_par' dir='ltr' id='par_1_55' title="bbox 2190 2605 3775 2681">
     <span class='ocr_line' id='line_1_55' title="bbox 2190 2605 3775 2681; baseline -0.004 -18"><span class='ocrx_word' id='word_1_439' title='bbox 2190 2611 2239 2663; x_wconf 90' lang='grc' dir='ltr'><strong>εί</strong></span> <span class='ocrx_word' id='word_1_440' title='bbox 2269 2609 2342 2679; x_wconf 81' lang='grc' dir='ltr'><strong>μὴ</strong></span> <span class='ocrx_word' id='word_1_441' title='bbox 2382 2611 2410 2662; x_wconf 92' lang='lat'><strong>6</strong></span> <span class='ocrx_word' id='word_1_442' title='bbox 2438 2610 2501 2662; x_wconf 83' lang='grc' dir='ltr'><strong>ὲκ</strong></span> <span class='ocrx_word' id='word_1_443' title='bbox 2526 2608 2621 2662; x_wconf 83' lang='grc' dir='ltr'><strong>τοῦ</strong></span> <span class='ocrx_word' id='word_1_444' title='bbox 2652 2609 2886 2681; x_wconf 77' lang='grc' dir='ltr'><strong>οὐρανοῦ</strong></span> <span class='ocrx_word' id='word_1_445' title='bbox 2916 2608 3183 2674; x_wconf 87' lang='grc' dir='ltr'><strong>καταϐἀς,</strong></span> <span class='ocrx_word' id='word_1_446' title='bbox 3213 2611 3241 2663; x_wconf 91' lang='lat'><strong>6</strong></span> <span class='ocrx_word' id='word_1_447' title='bbox 3271 2608 3401 2672; x_wconf 78' lang='grc' dir='ltr'><strong>Υἱὸς</strong></span> <span class='ocrx_word' id='word_1_448' title='bbox 3447 2607 3543 2661; x_wconf 85' lang='grc' dir='ltr'><strong>τοῦ</strong></span> <span class='ocrx_word' id='word_1_449' title='bbox 3570 2605 3723 2659; x_wconf 84' lang='grc' dir='ltr'><strong>Θεοῦ.</strong></span> <span class='ocrx_word' id='word_1_450' title='bbox 3753 2625 3775 2657; x_wconf 73' lang='grc' dir='ltr'><strong>ι</strong></span> 
     </span>
    </p>
   </div>
   <div class='ocr_carea' id='block_1_56' title="bbox 2204 2697 3779 2772">
    <p class='ocr_par' dir='ltr' id='par_1_56' title="bbox 2204 2697 3779 2772">
     <span class='ocr_line' id='line_1_56' title="bbox 2204 2697 3779 2772; baseline -0.003 -18"><span class='ocrx_word' id='word_1_451' title='bbox 2204 2700 2480 2765; x_wconf 83' lang='grc' dir='ltr'><strong>Ἰουδαίοις</strong></span> <span class='ocrx_word' id='word_1_452' title='bbox 2507 2700 2565 2754; x_wconf 80' lang='grc' dir='ltr'><strong>δὲ</strong></span> <span class='ocrx_word' id='word_1_453' title='bbox 2606 2700 2792 2767; x_wconf 86' lang='grc' dir='ltr'><strong>πάλιν,</strong></span> <span class='ocrx_word' id='word_1_454' title='bbox 2825 2700 2921 2772; x_wconf 84' lang='grc' dir='ltr'><strong>τὴν</strong></span> <span class='ocrx_word' id='word_1_455' title='bbox 2952 2701 3075 2771; x_wconf 81' lang='grc' dir='ltr'><strong>ῐσην</strong></span> <span class='ocrx_word' id='word_1_456' title='bbox 3104 2700 3297 2771; x_wconf 72' lang='grc' dir='ltr'><strong>ἐκείνῳ</strong></span> <span class='ocrx_word' id='word_1_457' title='bbox 3326 2697 3575 2753; x_wconf 79' lang='grc' dir='ltr'><strong>νοσοῦσιν</strong></span> <span class='ocrx_word' id='word_1_458' title='bbox 3611 2698 3779 2750; x_wconf 83' lang='grc' dir='ltr'><strong>ἀπαι-</strong></span> 
     </span>
    </p>
   </div>
   <div class='ocr_carea' id='block_1_57' title="bbox 2191 2790 3781 2866">
    <p class='ocr_par' dir='ltr' id='par_1_57' title="bbox 2191 2790 3781 2866">
     <span class='ocr_line' id='line_1_57' title="bbox 2191 2790 3781 2866; baseline -0.001 -20"><span class='ocrx_word' id='word_1_459' title='bbox 2191 2793 2429 2855; x_wconf 85' lang='grc' dir='ltr'><strong>δευσίαν,</strong></span> <span class='ocrx_word' id='word_1_460' title='bbox 2478 2794 2572 2847; x_wconf 73' lang='grc' dir='ltr'><strong>καὶ</strong></span> <span class='ocrx_word' id='word_1_461' title='bbox 2611 2794 2885 2866; x_wconf 78' lang='grc' dir='ltr'><strong>διαγελᾷν,</strong></span> <span class='ocrx_word' id='word_1_462' title='bbox 2917 2795 3017 2849; x_wconf 80' lang='grc' dir='ltr'><strong>οῦκ</strong></span> <span class='ocrx_word' id='word_1_463' title='bbox 3046 2790 3142 2848; x_wconf 78' lang='grc' dir='ltr'><strong>οἶδ’</strong></span> <span class='ocrx_word' id='word_1_464' title='bbox 3167 2796 3337 2862; x_wconf 84' lang='grc' dir='ltr'><strong>ὅπως,</strong></span> <span class='ocrx_word' id='word_1_465' title='bbox 3379 2792 3657 2863; x_wconf 79' lang='grc' dir='ltr'><strong>ἑλομένοις</strong></span> <span class='ocrx_word' id='word_1_466' title='bbox 3678 2793 3781 2846; x_wconf 80' lang='grc' dir='ltr'><strong>αὐο</strong></span> 
     </span>
    </p>
   </div>
   <div class='ocr_carea' id='block_1_58' title="bbox 2188 2883 3780 2962">
    <p class='ocr_par' dir='ltr' id='par_1_58' title="bbox 2188 2883 3780 2962">
     <span class='ocr_line' id='line_1_58' title="bbox 2188 2883 3780 2962; baseline -0.001 -24"><span class='ocrx_word' id='word_1_467' title='bbox 2188 2885 2313 2949; x_wconf 81' lang='grc' dir='ltr'><strong>τὸν,</strong></span> <span class='ocrx_word' id='word_1_468' title='bbox 2366 2888 2594 2962; x_wconf 68' lang='grc' dir='ltr'><strong>ἐπείπερ</strong></span> <span class='ocrx_word' id='word_1_469' title='bbox 2669 2887 2772 2959; x_wconf 78' lang='grc' dir='ltr'><strong>ἔφη</strong></span> <span class='ocrx_word' id='word_1_470' title='bbox 2842 2888 3106 2952; x_wconf 74' lang='grc' dir='ltr'><strong>ζωοποιδν</strong></span> <span class='ocrx_word' id='word_1_471' title='bbox 3176 2889 3271 2941; x_wconf 69' lang='grc' dir='ltr'><strong>καὶ</strong></span> <span class='ocrx_word' id='word_1_472' title='bbox 3314 2887 3373 2953; x_wconf 77' lang='grc' dir='ltr'>ἐξ</span> <span class='ocrx_word' id='word_1_473' title='bbox 3419 2883 3651 2957; x_wconf 74' lang='grc' dir='ltr'><strong>οὐρανοῦ</strong></span> <span class='ocrx_word' id='word_1_474' title='bbox 3716 2885 3780 2936; x_wconf 80' lang='grc' dir='ltr'><strong>τὸ</strong></span> 
     </span>
    </p>
   </div>
   <div class='ocr_carea' id='block_1_59' title="bbox 2195 2972 3778 3051">
    <p class='ocr_par' dir='ltr' id='par_1_59' title="bbox 2195 2972 3778 3051">
     <span class='ocr_line' id='line_1_59' title="bbox 2195 2972 3778 3051; baseline -0.001 -20"><span class='ocrx_word' id='word_1_475' title='bbox 2195 2978 2325 3032; x_wconf 71' lang='grc' dir='ltr'><strong>ἴδιον</strong></span> <span class='ocrx_word' id='word_1_476' title='bbox 2356 2980 2535 3049; x_wconf 87' lang='grc' dir='ltr'><strong>σῶμα,</strong></span> <span class='ocrx_word' id='word_1_477' title='bbox 2562 2998 2580 3032; x_wconf 89' lang='grc' dir='ltr'><strong>ι</strong></span> <span class='ocrx_word' id='word_1_478' title='bbox 2599 2980 2768 3034; x_wconf 89' lang='grc' dir='ltr'><strong>Τοῦτο</strong></span> <span class='ocrx_word' id='word_1_479' title='bbox 2786 2981 2929 3051; x_wconf 77' lang='grc' dir='ltr'><strong>ὑμᾶς</strong></span> <span class='ocrx_word' id='word_1_480' title='bbox 2958 2980 3322 3045; x_wconf 73' lang='grc' dir='ltr'><strong>σκανδαλίζει,</strong></span> <span class='ocrx_word' id='word_1_481' title='bbox 3357 2978 3655 3050; x_wconf 77' lang='grc' dir='ltr'><strong>φησὶν,ὲᾶν</strong></span> <span class='ocrx_word' id='word_1_482' title='bbox 3684 2972 3778 3031; x_wconf 74' lang='grc' dir='ltr'><strong>οὖν</strong></span> 
     </span>
    </p>
   </div>
   <div class='ocr_carea' id='block_1_60' title="bbox 503 3067 3777 3151">
    <p class='ocr_par' dir='ltr' id='par_1_60' title="bbox 503 3067 3777 3151">
     <span class='ocr_line' id='line_1_60' title="bbox 503 3067 3777 3151; baseline 0.002 -30"><span class='ocrx_word' id='word_1_483' title='bbox 503 3068 744 3139; x_wconf 80' lang='grc' dir='ltr'><strong>θεωρῆτε</strong></span> <span class='ocrx_word' id='word_1_484' title='bbox 781 3068 873 3122; x_wconf 80' lang='grc' dir='ltr'><strong>τὸν</strong></span> <span class='ocrx_word' id='word_1_485' title='bbox 920 3068 1046 3121; x_wconf 82' lang='grc' dir='ltr'><strong>Υίδν</strong></span> <span class='ocrx_word' id='word_1_486' title='bbox 1076 3068 1169 3122; x_wconf 90' lang='grc' dir='ltr'><strong>τοῦ</strong></span> <span class='ocrx_word' id='word_1_487' title='bbox 1216 3067 1504 3139; x_wconf 82' lang='grc' dir='ltr'><strong>ἀνθρώπου</strong></span> <span class='ocrx_word' id='word_1_488' title='bbox 1570 3069 1932 3124; x_wconf 88' lang='grc' dir='ltr'><strong>ἀναϐαίνοντα</strong></span> <span class='ocrx_word' id='word_1_489' title='bbox 1978 3072 2113 3127; x_wconf 79' lang='grc' dir='ltr'><strong>ὅπου</strong></span> <span class='ocrx_word' id='word_1_490' title='bbox 2151 3069 2219 3147; x_wconf 73' lang='grc' dir='ltr'><strong>ἦν</strong></span> <span class='ocrx_word' id='word_1_491' title='bbox 2248 3076 2309 3128; x_wconf 83' lang='grc' dir='ltr'><strong>τὸ</strong></span> <span class='ocrx_word' id='word_1_492' title='bbox 2339 3075 2641 3148; x_wconf 87' lang='grc' dir='ltr'><strong>πρότερον;</strong></span> <span class='ocrx_word' id='word_1_493' title='bbox 2687 3096 2705 3128; x_wconf 78' lang='grc' dir='ltr'><strong>ι</strong></span> <span class='ocrx_word' id='word_1_494' title='bbox 2738 3071 2816 3129; x_wconf 85' lang='grc' dir='ltr'><strong>Ἦ</strong></span> <span class='ocrx_word' id='word_1_495' title='bbox 2846 3077 2966 3147; x_wconf 76' lang='grc' dir='ltr'><strong>οὐχὶ</strong></span> <span class='ocrx_word' id='word_1_496' title='bbox 3024 3076 3282 3147; x_wconf 84' lang='grc' dir='ltr'><strong>τετάχθαι</strong></span> <span class='ocrx_word' id='word_1_497' title='bbox 3312 3077 3561 3151; x_wconf 74' lang='grc' dir='ltr'><strong>φήσομεν</strong></span> <span class='ocrx_word' id='word_1_498' title='bbox 3588 3076 3651 3127; x_wconf 81' lang='grc' dir='ltr'><strong>ὲκ</strong></span> <span class='ocrx_word' id='word_1_499' title='bbox 3676 3089 3777 3141; x_wconf 25' lang='grc' dir='ltr'><strong>γυν-</strong></span> 
     </span>
    </p>
   </div>
   <div class='ocr_carea' id='block_1_61' title="bbox 500 3164 1239 3237">
    <p class='ocr_par' dir='ltr' id='par_1_61' title="bbox 500 3164 1239 3237">
     <span class='ocr_line' id='line_1_61' title="bbox 500 3164 1239 3237; baseline 0 -19"><span class='ocrx_word' id='word_1_500' title='bbox 500 3164 687 3228; x_wconf 82' lang='grc' dir='ltr'><strong>ναικὸς</strong></span> <span class='ocrx_word' id='word_1_501' title='bbox 722 3165 811 3217; x_wconf 72' lang='grc' dir='ltr'><strong>τὸν</strong></span> <span class='ocrx_word' id='word_1_502' title='bbox 859 3164 1208 3237; x_wconf 83' lang='grc' dir='ltr'><strong>Ἐμμανουήλ</strong></span> <span class='ocrx_word' id='word_1_503' title='bbox 1225 3181 1239 3232; x_wconf 76' lang='grc' dir='ltr'><strong>ς</strong></span> 
     </span>
    </p>
   </div>
   <div class='ocr_carea' id='block_1_62' title="bbox 574 3256 930 3311">
    <p class='ocr_par' dir='ltr' id='par_1_62' title="bbox 574 3256 930 3311">
     <span class='ocr_line' id='line_1_62' title="bbox 574 3256 930 3311; baseline -0.003 0"><span class='ocrx_word' id='word_1_504' title='bbox 574 3256 632 3311; x_wconf 89' lang='grc' dir='ltr'><strong>Β.</strong></span> <span class='ocrx_word' id='word_1_505' title='bbox 676 3256 930 3311; x_wconf 87' lang='lat' dir='ltr'><strong>Omnino.</strong></span> 
     </span>
    </p>
   </div>
   <div class='ocr_carea' id='block_1_63' title="bbox 574 3346 2090 3424">
    <p class='ocr_par' dir='ltr' id='par_1_63' title="bbox 574 3346 2090 3424">
     <span class='ocr_line' id='line_1_63' title="bbox 574 3346 2090 3424; baseline 0.006 -24"><span class='ocrx_word' id='word_1_506' title='bbox 574 3348 639 3403; x_wconf 87' lang='lat' dir='ltr'><strong>A.</strong></span> <span class='ocrx_word' id='word_1_507' title='bbox 693 3346 923 3402; x_wconf 80' lang='lat' dir='ltr'><strong>Ubinam</strong></span> <span class='ocrx_word' id='word_1_508' title='bbox 982 3348 1143 3418; x_wconf 77' lang='lat' dir='ltr'><strong>igitur</strong></span> <span class='ocrx_word' id='word_1_509' title='bbox 1194 3352 1346 3420; x_wconf 90' lang='lat' dir='ltr'><strong>prius</strong></span> <span class='ocrx_word' id='word_1_510' title='bbox 1405 3353 1572 3407; x_wconf 86' lang='lat' dir='ltr'><strong>erat?</strong></span> <span class='ocrx_word' id='word_1_511' title='bbox 1618 3362 1712 3409; x_wconf 90' lang='lat' dir='ltr'><strong>aut</strong></span> <span class='ocrx_word' id='word_1_512' title='bbox 1771 3369 1879 3424; x_wconf 88' lang='lat' dir='ltr'><strong>quo</strong></span> <span class='ocrx_word' id='word_1_513' title='bbox 1932 3366 2090 3424; x_wconf 90' lang='lat' dir='ltr'><strong>pacto</strong></span> 
     </span>
    </p>
   </div>
   <div class='ocr_carea' id='block_1_64' title="bbox 502 3439 2088 3508">
    <p class='ocr_par' dir='ltr' id='par_1_64' title="bbox 502 3439 2088 3508">
     <span class='ocr_line' id='line_1_64' title="bbox 502 3439 2088 3508; baseline 0.008 -18"><span class='ocrx_word' id='word_1_514' title='bbox 502 3439 794 3505; x_wconf 84' lang='lat' dir='ltr'><strong>ascendit,</strong></span> <span class='ocrx_word' id='word_1_515' title='bbox 837 3454 957 3493; x_wconf 92' lang='lat' dir='ltr'><strong>cum</strong></span> <span class='ocrx_word' id='word_1_516' title='bbox 1004 3455 1064 3495; x_wconf 88' lang='lat' dir='ltr'><strong>se</strong></span> <span class='ocrx_word' id='word_1_517' title='bbox 1114 3441 1185 3494; x_wconf 90' lang='lat' dir='ltr'><strong>ibi</strong></span> <span class='ocrx_word' id='word_1_518' title='bbox 1241 3458 1361 3498; x_wconf 90' lang='lat' dir='ltr'><strong>esse</strong></span> <span class='ocrx_word' id='word_1_519' title='bbox 1410 3444 1576 3508; x_wconf 85' lang='lat' dir='ltr'><strong>dicat,</strong></span> <span class='ocrx_word' id='word_1_520' title='bbox 1622 3445 1786 3499; x_wconf 92' lang='lat' dir='ltr'><strong>etiam</strong></span> <span class='ocrx_word' id='word_1_521' title='bbox 1845 3457 1971 3501; x_wconf 88' lang='lat' dir='ltr'><strong>nato</strong></span> <span class='ocrx_word' id='word_1_522' title='bbox 2024 3462 2088 3502; x_wconf 82' lang='lat' dir='ltr'><strong>ex</strong></span> 
     </span>
    </p>
   </div>
   <div class='ocr_carea' id='block_1_65' title="bbox 502 3530 2088 3601">
    <p class='ocr_par' dir='ltr' id='par_1_65' title="bbox 502 3530 2088 3601">
     <span class='ocr_line' id='line_1_65' title="bbox 502 3530 2088 3601; baseline 0.004 -17"><span class='ocrx_word' id='word_1_523' title='bbox 502 3539 691 3584; x_wconf 83' lang='lat' dir='ltr'><strong>sancta</strong></span> <span class='ocrx_word' id='word_1_524' title='bbox 740 3530 961 3599; x_wconf 78' lang='lat' dir='ltr'><strong>Virgine</strong></span> <span class='ocrx_word' id='word_1_525' title='bbox 1001 3547 1230 3601; x_wconf 90' lang='lat' dir='ltr'><strong>corpore</strong></span> <span class='ocrx_word' id='word_1_526' title='bbox 1265 3536 1367 3590; x_wconf 91' lang='lat' dir='ltr'><strong>sibi</strong></span> <span class='ocrx_word' id='word_1_527' title='bbox 1420 3537 1619 3591; x_wconf 86' lang='lat' dir='ltr'><strong>nnito?</strong></span> <span class='ocrx_word' id='word_1_528' title='bbox 1656 3535 1846 3593; x_wconf 86' lang='lat' dir='ltr'><strong>Nonne</strong></span> <span class='ocrx_word' id='word_1_529' title='bbox 1908 3547 2088 3593; x_wconf 90' lang='lat' dir='ltr'><strong>autem</strong></span> 
     </span>
    </p>
   </div>
   <div class='ocr_carea' id='block_1_66' title="bbox 502 3628 2087 3697">
    <p class='ocr_par' dir='ltr' id='par_1_66' title="bbox 502 3628 2087 3697">
     <span class='ocr_line' id='line_1_66' title="bbox 502 3628 2087 3697; baseline 0.003 -21"><span class='ocrx_word' id='word_1_530' title='bbox 502 3637 722 3676; x_wconf 85' lang='lat' dir='ltr'><strong>carnem</strong></span> <span class='ocrx_word' id='word_1_531' title='bbox 750 3639 870 3694; x_wconf 69' lang='lat' dir='ltr'><strong>qua:</strong></span> <span class='ocrx_word' id='word_1_532' title='bbox 910 3639 977 3678; x_wconf 79' lang='lat' dir='ltr'><strong>ex</strong></span> <span class='ocrx_word' id='word_1_533' title='bbox 1016 3633 1159 3679; x_wconf 89' lang='lat' dir='ltr'><strong>terra</strong></span> <span class='ocrx_word' id='word_1_534' title='bbox 1194 3636 1429 3694; x_wconf 89' lang='lat' dir='ltr'><strong>constat,</strong></span> <span class='ocrx_word' id='word_1_535' title='bbox 1460 3628 1738 3684; x_wconf 84' lang='lat' dir='ltr'><strong>viviﬁcare</strong></span> <span class='ocrx_word' id='word_1_536' title='bbox 1766 3643 1870 3683; x_wconf 88' lang='lat' dir='ltr'><strong>non</strong></span> <span class='ocrx_word' id='word_1_537' title='bbox 1908 3644 2087 3697; x_wconf 86' lang='lat' dir='ltr'><strong>posse,</strong></span> 
     </span>
    </p>
   </div>
   <div class='ocr_carea' id='block_1_67' title="bbox 503 3717 2086 3787">
    <p class='ocr_par' dir='ltr' id='par_1_67' title="bbox 503 3717 2086 3787">
     <span class='ocr_line' id='line_1_67' title="bbox 503 3717 2086 3787; baseline 0.005 -21"><span class='ocrx_word' id='word_1_538' title='bbox 503 3724 773 3785; x_wconf 91' lang='lat' dir='ltr'><strong>quatenus</strong></span> <span class='ocrx_word' id='word_1_539' title='bbox 847 3717 913 3771; x_wconf 80' lang='lat' dir='ltr'><strong>ad</strong></span> <span class='ocrx_word' id='word_1_540' title='bbox 989 3717 1258 3787; x_wconf 86' lang='lat' dir='ltr'><strong>propriam</strong></span> <span class='ocrx_word' id='word_1_541' title='bbox 1305 3734 1458 3773; x_wconf 89' lang='lat' dir='ltr'><strong>suam</strong></span> <span class='ocrx_word' id='word_1_542' title='bbox 1532 3730 1778 3775; x_wconf 87' lang='lat' dir='ltr'><strong>naturam</strong></span> <span class='ocrx_word' id='word_1_543' title='bbox 1872 3720 2086 3784; x_wconf 85' lang='lat' dir='ltr'><strong>attinet,</strong></span> 
     </span>
    </p>
   </div>
   <div class='ocr_carea' id='block_1_68' title="bbox 502 3808 789 3864">
    <p class='ocr_par' dir='ltr' id='par_1_68' title="bbox 502 3808 789 3864">
     <span class='ocr_line' id='line_1_68' title="bbox 502 3808 789 3864; baseline -0.003 -1"><span class='ocrx_word' id='word_1_544' title='bbox 502 3808 789 3864; x_wconf 85' lang='lat' dir='ltr'><strong>dicemus?</strong></span> 
     </span>
    </p>
   </div>
   <div class='ocr_carea' id='block_1_69' title="bbox 571 3896 766 3953">
    <p class='ocr_par' dir='ltr' id='par_1_69' title="bbox 571 3896 766 3953">
     <span class='ocr_line' id='line_1_69' title="bbox 571 3896 766 3953; baseline 0.015 -3"><span class='ocrx_word' id='word_1_545' title='bbox 571 3896 632 3951; x_wconf 83' lang='grc' dir='ltr'><strong>Β.</strong></span> <span class='ocrx_word' id='word_1_546' title='bbox 669 3896 766 3953; x_wconf 80' lang='lat' dir='ltr'><strong>Ita.</strong></span> 
     </span>
    </p>
   </div>
   <div class='ocr_carea' id='block_1_70' title="bbox 572 3988 2089 4058">
    <p class='ocr_par' dir='ltr' id='par_1_70' title="bbox 572 3988 2089 4058">
     <span class='ocr_line' id='line_1_70' title="bbox 572 3988 2089 4058; baseline 0.003 -16"><span class='ocrx_word' id='word_1_547' title='bbox 572 3994 638 4042; x_wconf 76' lang='grc' dir='ltr'><strong>Δ.</strong></span> <span class='ocrx_word' id='word_1_548' title='bbox 698 3988 981 4054; x_wconf 84' lang='lat' dir='ltr'><strong>Quomodo</strong></span> <span class='ocrx_word' id='word_1_549' title='bbox 1044 3990 1207 4058; x_wconf 85' lang='lat' dir='ltr'><strong>igitur</strong></span> <span class='ocrx_word' id='word_1_550' title='bbox 1262 4002 1343 4046; x_wconf 88' lang='lat' dir='ltr'><strong>est</strong></span> <span class='ocrx_word' id='word_1_551' title='bbox 1403 3992 1725 4046; x_wconf 78' lang='lat' dir='ltr'><strong>vivilicatrix</strong></span> <span class='ocrx_word' id='word_1_552' title='bbox 1784 3993 2089 4048; x_wconf 80' lang='lat' dir='ltr'><strong>caro?aut</strong></span> 
     </span>
    </p>
   </div>
   <div class='ocr_carea' id='block_1_71' title="bbox 500 4081 2085 4151">
    <p class='ocr_par' dir='ltr' id='par_1_71' title="bbox 500 4081 2085 4151">
     <span class='ocr_line' id='line_1_71' title="bbox 500 4081 2085 4151; baseline 0.007 -20"><span class='ocrx_word' id='word_1_553' title='bbox 500 4081 770 4149; x_wconf 89' lang='lat' dir='ltr'><strong>quomodo</strong></span> <span class='ocrx_word' id='word_1_554' title='bbox 841 4092 1129 4137; x_wconf 78' lang='lat' dir='ltr'><strong>censeatur</strong></span> <span class='ocrx_word' id='word_1_555' title='bbox 1206 4100 1272 4139; x_wconf 81' lang='lat' dir='ltr'><strong>ex</strong></span> <span class='ocrx_word' id='word_1_556' title='bbox 1341 4088 1480 4139; x_wconf 68' lang='lat' dir='ltr'><strong>coelo</strong></span> <span class='ocrx_word' id='word_1_557' title='bbox 1539 4099 1680 4151; x_wconf 79' lang='lat' dir='ltr'><strong>csse,</strong></span> <span class='ocrx_word' id='word_1_558' title='bbox 1735 4100 1856 4138; x_wconf 90' lang='lat' dir='ltr'><strong>cum</strong></span> <span class='ocrx_word' id='word_1_559' title='bbox 1899 4087 1970 4141; x_wconf 91' lang='lat' dir='ltr'><strong>sit</strong></span> <span class='ocrx_word' id='word_1_560' title='bbox 2022 4102 2085 4142; x_wconf 79' lang='lat' dir='ltr'><strong>ex</strong></span> 
     </span>
    </p>
   </div>
   <div class='ocr_carea' id='block_1_72' title="bbox 501 4172 689 4225">
    <p class='ocr_par' dir='ltr' id='par_1_72' title="bbox 501 4172 689 4225">
     <span class='ocr_line' id='line_1_72' title="bbox 501 4172 689 4225; baseline 0.011 -2"><span class='ocrx_word' id='word_1_561' title='bbox 501 4181 641 4224; x_wconf 84' lang='lat' dir='ltr'><strong>terra</strong></span> <span class='ocrx_word' id='word_1_562' title='bbox 666 4172 689 4225; x_wconf 86' lang='lat'><strong>?</strong></span> 
     </span>
    </p>
   </div>
   <div class='ocr_carea' id='block_1_73' title="bbox 577 4261 2087 4337">
    <p class='ocr_par' dir='ltr' id='par_1_73' title="bbox 577 4261 2087 4337">
     <span class='ocr_line' id='line_1_73' title="bbox 577 4261 2087 4337; baseline 0.009 -21"><span class='ocrx_word' id='word_1_563' title='bbox 577 4261 639 4317; x_wconf 81' lang='grc' dir='ltr'><strong>Β.</strong></span> <span class='ocrx_word' id='word_1_564' title='bbox 668 4262 897 4319; x_wconf 81' lang='lat' dir='ltr'><strong>Ratione</strong></span> <span class='ocrx_word' id='word_1_565' title='bbox 950 4268 1196 4329; x_wconf 84' lang='lat' dir='ltr'><strong>unitatis,</strong></span> <span class='ocrx_word' id='word_1_566' title='bbox 1254 4278 1312 4321; x_wconf 92' lang='lat' dir='ltr'><strong>ut</strong></span> <span class='ocrx_word' id='word_1_567' title='bbox 1357 4269 1614 4337; x_wconf 89' lang='lat' dir='ltr'><strong>arbitror,</strong></span> <span class='ocrx_word' id='word_1_568' title='bbox 1672 4288 1793 4326; x_wconf 88' lang='lat' dir='ltr'><strong>cum</strong></span> <span class='ocrx_word' id='word_1_569' title='bbox 1852 4274 1973 4330; x_wconf 83' lang='lat' dir='ltr'><strong>vivo</strong></span> <span class='ocrx_word' id='word_1_570' title='bbox 2031 4284 2087 4330; x_wconf 86' lang='lat' dir='ltr'><strong>et</strong></span> 
     </span>
    </p>
   </div>
   <div class='ocr_carea' id='block_1_74' title="bbox 497 4354 1204 4413">
    <p class='ocr_par' dir='ltr' id='par_1_74' title="bbox 497 4354 1204 4413">
     <span class='ocr_line' id='line_1_74' title="bbox 497 4354 1204 4413; baseline 0.003 -4"><span class='ocrx_word' id='word_1_571' title='bbox 497 4354 716 4409; x_wconf 74' lang='lat' dir='ltr'><strong>ctelitus</strong></span> <span class='ocrx_word' id='word_1_572' title='bbox 739 4357 974 4412; x_wconf 86' lang='lat' dir='ltr'><strong>demisso</strong></span> <span class='ocrx_word' id='word_1_573' title='bbox 1010 4357 1204 4413; x_wconf 84' lang='lat' dir='ltr'><strong>Verbo.</strong></span> 
     </span>
    </p>
   </div>
   <div class='ocr_carea' id='block_1_75' title="bbox 573 4448 2083 4514">
    <p class='ocr_par' dir='ltr' id='par_1_75' title="bbox 573 4448 2083 4514">
     <span class='ocr_line' id='line_1_75' title="bbox 573 4448 2083 4514; baseline 0.004 -11"><span class='ocrx_word' id='word_1_574' title='bbox 573 4450 642 4503; x_wconf 75' lang='grc' dir='ltr'><strong>Α.</strong></span> <span class='ocrx_word' id='word_1_575' title='bbox 684 4448 851 4506; x_wconf 79' lang='lat' dir='ltr'><strong>Recte</strong></span> <span class='ocrx_word' id='word_1_576' title='bbox 873 4451 1163 4506; x_wconf 90' lang='lat' dir='ltr'><strong>admodum</strong></span> <span class='ocrx_word' id='word_1_577' title='bbox 1193 4453 1387 4514; x_wconf 87' lang='lat' dir='ltr'><strong>sentis,</strong></span> <span class='ocrx_word' id='word_1_578' title='bbox 1412 4462 1466 4506; x_wconf 91' lang='lat' dir='ltr'><strong>et</strong></span> <span class='ocrx_word' id='word_1_579' title='bbox 1500 4454 1888 4509; x_wconf 85' lang='lat' dir='ltr'><strong>convenienter</strong></span> <span class='ocrx_word' id='word_1_580' title='bbox 1910 4458 2083 4511; x_wconf 83' lang='lat' dir='ltr'><strong>sacris</strong></span> 
     </span>
    </p>
   </div>
   <div class='ocr_carea' id='block_1_76' title="bbox 496 4537 2082 4611">
    <p class='ocr_par' dir='ltr' id='par_1_76' title="bbox 496 4537 2082 4611">
     <span class='ocr_line' id='line_1_76' title="bbox 496 4537 2082 4611; baseline 0.003 -16"><span class='ocrx_word' id='word_1_581' title='bbox 496 4542 817 4610; x_wconf 86' lang='lat' dir='ltr'><strong>Scriptnris.</strong></span> <span class='ocrx_word' id='word_1_582' title='bbox 874 4541 1060 4611; x_wconf 84' lang='lat' dir='ltr'><strong>Neque</strong></span> <span class='ocrx_word' id='word_1_583' title='bbox 1107 4544 1252 4597; x_wconf 91' lang='lat' dir='ltr'><strong>enim</strong></span> <span class='ocrx_word' id='word_1_584' title='bbox 1302 4544 1467 4599; x_wconf 87' lang='lat' dir='ltr'><strong>aliter</strong></span> <span class='ocrx_word' id='word_1_585' title='bbox 1516 4537 1818 4610; x_wconf 42' lang='lat' dir='ltr'><strong>fuerit,&#39;ct</strong></span> <span class='ocrx_word' id='word_1_586' title='bbox 1868 4556 2082 4601; x_wconf 90' lang='lat' dir='ltr'><strong>creator</strong></span> 
     </span>
    </p>
   </div>
   <div class='ocr_carea' id='block_1_77' title="bbox 2117 3258 2767 3333">
    <p class='ocr_par' dir='ltr' id='par_1_77' title="bbox 2117 3258 2767 3333">
     <span class='ocr_line' id='line_1_77' title="bbox 2117 3258 2767 3333; baseline -0.003 -18"><span class='ocrx_word' id='word_1_587' title='bbox 2117 3266 2161 3323; x_wconf 87' lang='lat' dir='ltr'><strong><em>C</em></strong></span> <span class='ocrx_word' id='word_1_588' title='bbox 2265 3260 2324 3315; x_wconf 87' lang='grc' dir='ltr'><strong>Β.</strong></span> <span class='ocrx_word' id='word_1_589' title='bbox 2371 3260 2497 3325; x_wconf 87' lang='grc' dir='ltr'><strong>Πῶς</strong></span> <span class='ocrx_word' id='word_1_590' title='bbox 2528 3260 2637 3333; x_wconf 86' lang='grc' dir='ltr'><strong>γὰρ</strong></span> <span class='ocrx_word' id='word_1_591' title='bbox 2668 3258 2767 3327; x_wconf 84' lang='grc' dir='ltr'><strong>οῦ;</strong></span> 
     </span>
    </p>
   </div>
   <div class='ocr_carea' id='block_1_78' title="bbox 2263 3349 3774 3427">
    <p class='ocr_par' dir='ltr' id='par_1_78' title="bbox 2263 3349 3774 3427">
     <span class='ocr_line' id='line_1_78' title="bbox 2263 3349 3774 3427; baseline 0.002 -21"><span class='ocrx_word' id='word_1_592' title='bbox 2263 3354 2328 3407; x_wconf 80' lang='grc' dir='ltr'><strong>Α.</strong></span> <span class='ocrx_word' id='word_1_593' title='bbox 2371 3352 2481 3407; x_wconf 88' lang='grc' dir='ltr'><strong>Ποῦ</strong></span> <span class='ocrx_word' id='word_1_594' title='bbox 2513 3351 2799 3427; x_wconf 83' lang='grc' dir='ltr'><strong>τοιγαροῦν</strong></span> <span class='ocrx_word' id='word_1_595' title='bbox 2827 3353 2889 3406; x_wconf 80' lang='grc' dir='ltr'><strong>τὸ</strong></span> <span class='ocrx_word' id='word_1_596' title='bbox 2922 3352 3187 3424; x_wconf 79' lang='grc' dir='ltr'><strong>πρότερον</strong></span> <span class='ocrx_word' id='word_1_597' title='bbox 3219 3349 3310 3425; x_wconf 74' lang='grc' dir='ltr'><strong>ἦνς</strong></span> <span class='ocrx_word' id='word_1_598' title='bbox 3346 3353 3377 3421; x_wconf 81' lang='grc' dir='ltr'><strong>ἢ</strong></span> <span class='ocrx_word' id='word_1_599' title='bbox 3426 3352 3545 3417; x_wconf 84' lang='grc' dir='ltr'><strong>πῶς</strong></span> <span class='ocrx_word' id='word_1_600' title='bbox 3579 3355 3774 3409; x_wconf 61' lang='grc' dir='ltr'><strong>ἀναϐέ-</strong></span> 
     </span>
    </p>
   </div>
   <div class='ocr_carea' id='block_1_79' title="bbox 2194 3440 3773 3516">
    <p class='ocr_par' dir='ltr' id='par_1_79' title="bbox 2194 3440 3773 3516">
     <span class='ocr_line' id='line_1_79' title="bbox 2194 3440 3773 3516; baseline 0.001 -19"><span class='ocrx_word' id='word_1_601' title='bbox 2194 3445 2361 3516; x_wconf 87' lang='grc' dir='ltr'><strong>ϐηκεν</strong></span> <span class='ocrx_word' id='word_1_602' title='bbox 2406 3444 2643 3515; x_wconf 74' lang='grc' dir='ltr'><strong>ἔνθαπερ</strong></span> <span class='ocrx_word' id='word_1_603' title='bbox 2671 3440 2811 3497; x_wconf 77' lang='grc' dir='ltr'><strong>εἶναί</strong></span> <span class='ocrx_word' id='word_1_604' title='bbox 2858 3460 3024 3515; x_wconf 76' lang='grc' dir='ltr'><strong>φησιν</strong></span> <span class='ocrx_word' id='word_1_605' title='bbox 3053 3446 3235 3509; x_wconf 77' lang='grc' dir='ltr'><strong>αὐτὸς,</strong></span> <span class='ocrx_word' id='word_1_606' title='bbox 3269 3444 3446 3499; x_wconf 90' lang='grc' dir='ltr'><strong>καίτοι</strong></span> <span class='ocrx_word' id='word_1_607' title='bbox 3494 3446 3773 3516; x_wconf 85' lang='grc' dir='ltr'><strong>τεχθέντος</strong></span> 
     </span>
    </p>
   </div>
   <div class='ocr_carea' id='block_1_80' title="bbox 2192 3535 3775 3609">
    <p class='ocr_par' dir='ltr' id='par_1_80' title="bbox 2192 3535 3775 3609">
     <span class='ocr_line' id='line_1_80' title="bbox 2192 3535 3775 3609; baseline 0.001 -20"><span class='ocrx_word' id='word_1_608' title='bbox 2192 3536 2279 3590; x_wconf 76' lang='grc' dir='ltr'><strong>διὰ</strong></span> <span class='ocrx_word' id='word_1_609' title='bbox 2306 3536 2406 3605; x_wconf 80' lang='grc' dir='ltr'><strong>τῆς</strong></span> <span class='ocrx_word' id='word_1_610' title='bbox 2436 3537 2597 3605; x_wconf 83' lang='grc' dir='ltr'><strong>ἁγίας</strong></span> <span class='ocrx_word' id='word_1_611' title='bbox 2629 3535 2905 3608; x_wconf 85' lang='grc' dir='ltr'><strong>Παρθένου</strong></span> <span class='ocrx_word' id='word_1_612' title='bbox 2942 3537 3037 3590; x_wconf 89' lang='grc' dir='ltr'><strong>τοῦ</strong></span> <span class='ocrx_word' id='word_1_613' title='bbox 3080 3536 3371 3600; x_wconf 81' lang='grc' dir='ltr'><strong>ἑνωθέντος</strong></span> <span class='ocrx_word' id='word_1_614' title='bbox 3403 3536 3553 3608; x_wconf 78' lang='grc' dir='ltr'><strong>αὐτῷ</strong></span> <span class='ocrx_word' id='word_1_615' title='bbox 3592 3537 3775 3609; x_wconf 82' lang='grc' dir='ltr'><strong>σώμα-</strong></span> 
     </span>
    </p>
   </div>
   <div class='ocr_carea' id='block_1_81' title="bbox 2190 3627 3773 3700">
    <p class='ocr_par' dir='ltr' id='par_1_81' title="bbox 2190 3627 3773 3700">
     <span class='ocr_line' id='line_1_81' title="bbox 2190 3627 3773 3700; baseline -0.001 -17"><span class='ocrx_word' id='word_1_616' title='bbox 2190 3644 2316 3695; x_wconf 86' lang='grc' dir='ltr'><strong>τος;</strong></span> <span class='ocrx_word' id='word_1_617' title='bbox 2359 3628 2493 3699; x_wconf 71' lang='grc' dir='ltr'><strong>Οὐχὶ</strong></span> <span class='ocrx_word' id='word_1_618' title='bbox 2524 3627 2581 3681; x_wconf 80' lang='grc' dir='ltr'><strong>δὲ</strong></span> <span class='ocrx_word' id='word_1_619' title='bbox 2630 3628 2725 3682; x_wconf 73' lang='grc' dir='ltr'><strong>καὶ</strong></span> <span class='ocrx_word' id='word_1_620' title='bbox 2773 3629 3075 3700; x_wconf 79' lang='grc' dir='ltr'><strong>ἀπρακτεῖν</strong></span> <span class='ocrx_word' id='word_1_621' title='bbox 3113 3628 3550 3700; x_wconf 76' lang='grc' dir='ltr'><strong>ὁμολογήσαιμεν</strong></span> <span class='ocrx_word' id='word_1_622' title='bbox 3580 3629 3645 3684; x_wconf 83' lang='grc' dir='ltr'><strong>ἄν</strong></span> <span class='ocrx_word' id='word_1_623' title='bbox 3676 3630 3773 3700; x_wconf 82' lang='grc' dir='ltr'><strong>τὴν</strong></span> 
     </span>
    </p>
   </div>
   <div class='ocr_carea' id='block_1_82' title="bbox 2192 3719 3774 3791">
    <p class='ocr_par' dir='ltr' id='par_1_82' title="bbox 2192 3719 3774 3791">
     <span class='ocr_line' id='line_1_82' title="bbox 2192 3719 3774 3791; baseline -0.001 -17"><span class='ocrx_word' id='word_1_624' title='bbox 2192 3720 2299 3774; x_wconf 74' lang='grc' dir='ltr'><strong>ἀπὸ</strong></span> <span class='ocrx_word' id='word_1_625' title='bbox 2337 3719 2442 3789; x_wconf 84' lang='grc' dir='ltr'><strong>γῆς</strong></span> <span class='ocrx_word' id='word_1_626' title='bbox 2491 3719 2670 3790; x_wconf 82' lang='grc' dir='ltr'><strong>σάρκα</strong></span> <span class='ocrx_word' id='word_1_627' title='bbox 2728 3720 2865 3790; x_wconf 78' lang='grc' dir='ltr'><strong>πρὸς</strong></span> <span class='ocrx_word' id='word_1_628' title='bbox 2906 3720 2967 3773; x_wconf 89' lang='grc' dir='ltr'><strong>τὸ</strong></span> <span class='ocrx_word' id='word_1_629' title='bbox 3015 3720 3275 3773; x_wconf 77' lang='grc' dir='ltr'><strong>δύνασθαι</strong></span> <span class='ocrx_word' id='word_1_630' title='bbox 3319 3720 3619 3791; x_wconf 75' lang='grc' dir='ltr'><strong>ζωοποιεῖν,</strong></span> <span class='ocrx_word' id='word_1_631' title='bbox 3652 3723 3774 3776; x_wconf 82' lang='grc' dir='ltr'><strong>ὅσον</strong></span> 
     </span>
    </p>
   </div>
   <div class='ocr_carea' id='block_1_83' title="bbox 2189 3808 2857 3887">
    <p class='ocr_par' dir='ltr' id='par_1_83' title="bbox 2189 3808 2857 3887">
     <span class='ocr_line' id='line_1_83' title="bbox 2189 3808 2857 3887; baseline -0.001 -21"><span class='ocrx_word' id='word_1_632' title='bbox 2189 3808 2325 3887; x_wconf 78' lang='grc' dir='ltr'><strong>ἧκεν</strong></span> <span class='ocrx_word' id='word_1_633' title='bbox 2358 3814 2437 3875; x_wconf 79' lang='grc' dir='ltr'><strong>είς</strong></span> <span class='ocrx_word' id='word_1_634' title='bbox 2476 3811 2613 3865; x_wconf 85' lang='grc' dir='ltr'><strong>ίδίαν</strong></span> <span class='ocrx_word' id='word_1_635' title='bbox 2653 3812 2857 3881; x_wconf 82' lang='grc' dir='ltr'><strong>φύσιν;</strong></span> 
     </span>
    </p>
   </div>
   <div class='ocr_carea' id='block_1_84' title="bbox 2262 3904 2622 3975">
    <p class='ocr_par' dir='ltr' id='par_1_84' title="bbox 2262 3904 2622 3975">
     <span class='ocr_line' id='line_1_84' title="bbox 2262 3904 2622 3975; baseline 0.006 -17"><span class='ocrx_word' id='word_1_636' title='bbox 2262 3905 2324 3960; x_wconf 86' lang='grc' dir='ltr'><strong>Β.</strong></span> <span class='ocrx_word' id='word_1_637' title='bbox 2380 3904 2622 3975; x_wconf 82' lang='grc' dir='ltr'><strong>Ἀληθές.</strong></span> 
     </span>
    </p>
   </div>
   <div class='ocr_carea' id='block_1_85' title="bbox 2263 3994 3779 4069">
    <p class='ocr_par' dir='ltr' id='par_1_85' title="bbox 2263 3994 3779 4069">
     <span class='ocr_line' id='line_1_85' title="bbox 2263 3994 3779 4069; baseline 0.001 -18"><span class='ocrx_word' id='word_1_638' title='bbox 2263 4000 2327 4052; x_wconf 83' lang='grc' dir='ltr'><strong>Α.</strong></span> <span class='ocrx_word' id='word_1_639' title='bbox 2373 3998 2497 4062; x_wconf 86' lang='grc' dir='ltr'><strong>Πῶς</strong></span> <span class='ocrx_word' id='word_1_640' title='bbox 2524 3994 2638 4061; x_wconf 78' lang='grc' dir='ltr'><strong>οὖν,</strong></span> <span class='ocrx_word' id='word_1_641' title='bbox 2675 3998 2797 4052; x_wconf 77' lang='grc' dir='ltr'><strong>εἰπέ</strong></span> <span class='ocrx_word' id='word_1_642' title='bbox 2841 4016 2948 4069; x_wconf 89' lang='grc' dir='ltr'><strong>μοι,</strong></span> <span class='ocrx_word' id='word_1_643' title='bbox 2982 3997 3239 4063; x_wconf 73' lang='grc' dir='ltr'><strong>ζωοποιὸς</strong></span> <span class='ocrx_word' id='word_1_644' title='bbox 3270 4000 3300 4068; x_wconf 76' lang='grc' dir='ltr'>ἡ</span> <span class='ocrx_word' id='word_1_645' title='bbox 3340 3997 3510 4069; x_wconf 79' lang='grc' dir='ltr'><strong>σάρξς</strong></span> <span class='ocrx_word' id='word_1_646' title='bbox 3552 3999 3622 4052; x_wconf 83' lang='grc' dir='ltr'><strong>Ἦ</strong></span> <span class='ocrx_word' id='word_1_647' title='bbox 3656 3997 3779 4062; x_wconf 79' lang='grc' dir='ltr'><strong>πῶς</strong></span> 
     </span>
    </p>
   </div>
   <div class='ocr_carea' id='block_1_86' title="bbox 2188 4089 3456 4163">
    <p class='ocr_par' dir='ltr' id='par_1_86' title="bbox 2188 4089 3456 4163">
     <span class='ocr_line' id='line_1_86' title="bbox 2188 4089 3456 4163; baseline 0 -19"><span class='ocrx_word' id='word_1_648' title='bbox 2188 4089 2256 4144; x_wconf 81' lang='grc' dir='ltr'><strong>ἄν</strong></span> <span class='ocrx_word' id='word_1_649' title='bbox 2281 4093 2452 4145; x_wconf 84' lang='grc' dir='ltr'><strong>νοοῖτο</strong></span> <span class='ocrx_word' id='word_1_650' title='bbox 2480 4092 2576 4144; x_wconf 73' lang='grc' dir='ltr'><strong>καὶ</strong></span> <span class='ocrx_word' id='word_1_651' title='bbox 2619 4089 2677 4156; x_wconf 79' lang='grc' dir='ltr'><strong>ἐξ</strong></span> <span class='ocrx_word' id='word_1_652' title='bbox 2706 4091 2934 4163; x_wconf 78' lang='grc' dir='ltr'><strong>οὐρανοῦ</strong></span> <span class='ocrx_word' id='word_1_653' title='bbox 2963 4090 3021 4144; x_wconf 78' lang='grc' dir='ltr'><strong>τὸ</strong></span> <span class='ocrx_word' id='word_1_654' title='bbox 3044 4090 3152 4144; x_wconf 81' lang='grc' dir='ltr'><strong>ἀπὸ</strong></span> <span class='ocrx_word' id='word_1_655' title='bbox 3181 4091 3283 4160; x_wconf 84' lang='grc' dir='ltr'><strong>τῆς</strong></span> <span class='ocrx_word' id='word_1_656' title='bbox 3317 4090 3456 4162; x_wconf 84' lang='grc' dir='ltr'><strong>γῆς;</strong></span> 
     </span>
    </p>
   </div>
   <div class='ocr_carea' id='block_1_87' title="bbox 2260 4266 3771 4342">
    <p class='ocr_par' dir='ltr' id='par_1_87' title="bbox 2260 4266 3771 4342">
     <span class='ocr_line' id='line_1_87' title="bbox 2260 4266 3771 4342; baseline 0.001 -17"><span class='ocrx_word' id='word_1_657' title='bbox 2260 4273 2320 4326; x_wconf 91' lang='grc' dir='ltr'><strong>Β.</strong></span> <span class='ocrx_word' id='word_1_658' title='bbox 2362 4272 2497 4326; x_wconf 82' lang='grc' dir='ltr'><strong>Καθ’</strong></span> <span class='ocrx_word' id='word_1_659' title='bbox 2519 4271 2732 4336; x_wconf 70' lang='grc' dir='ltr'><strong>ἕνωσιν,</strong></span> <span class='ocrx_word' id='word_1_660' title='bbox 2760 4266 2933 4342; x_wconf 76' lang='grc' dir='ltr'><strong>οἶμαι,</strong></span> <span class='ocrx_word' id='word_1_661' title='bbox 2955 4271 3053 4342; x_wconf 80' lang='grc' dir='ltr'><strong>τὴν</strong></span> <span class='ocrx_word' id='word_1_662' title='bbox 3082 4269 3218 4342; x_wconf 80' lang='grc' dir='ltr'><strong>πρὸς</strong></span> <span class='ocrx_word' id='word_1_663' title='bbox 3250 4271 3341 4323; x_wconf 83' lang='grc' dir='ltr'><strong>τὸν</strong></span> <span class='ocrx_word' id='word_1_664' title='bbox 3376 4268 3554 4334; x_wconf 80' lang='grc' dir='ltr'><strong>ζῶντά</strong></span> <span class='ocrx_word' id='word_1_665' title='bbox 3588 4288 3647 4324; x_wconf 78' lang='grc' dir='ltr'><strong>τε</strong></span> <span class='ocrx_word' id='word_1_666' title='bbox 3680 4273 3771 4326; x_wconf 73' lang='grc' dir='ltr'><strong>καὶ</strong></span> 
     </span>
    </p>
   </div>
   <div class='ocr_carea' id='block_1_88' title="bbox 2186 4364 2714 4438">
    <p class='ocr_par' dir='ltr' id='par_1_88' title="bbox 2186 4364 2714 4438">
     <span class='ocr_line' id='line_1_88' title="bbox 2186 4364 2714 4438; baseline -0.002 -20"><span class='ocrx_word' id='word_1_667' title='bbox 2186 4364 2477 4438; x_wconf 76' lang='grc' dir='ltr'><strong>οὐρανόθεν</strong></span> <span class='ocrx_word' id='word_1_668' title='bbox 2522 4364 2714 4434; x_wconf 80' lang='grc' dir='ltr'><strong>Λόγον.</strong></span> 
     </span>
    </p>
   </div>
   <div class='ocr_carea' id='block_1_89' title="bbox 2258 4453 3772 4527">
    <p class='ocr_par' dir='ltr' id='par_1_89' title="bbox 2258 4453 3772 4527">
     <span class='ocr_line' id='line_1_89' title="bbox 2258 4453 3772 4527; baseline -0.003 -18"><span class='ocrx_word' id='word_1_669' title='bbox 2258 4458 2323 4514; x_wconf 80' lang='grc' dir='ltr'><strong>Α.</strong></span> <span class='ocrx_word' id='word_1_670' title='bbox 2360 4455 2731 4527; x_wconf 86' lang='grc' dir='ltr'><strong>Πεφρονηκὼς</strong></span> <span class='ocrx_word' id='word_1_671' title='bbox 2778 4454 2888 4507; x_wconf 81' lang='grc' dir='ltr'><strong>ῐσθι</strong></span> <span class='ocrx_word' id='word_1_672' title='bbox 2916 4455 2987 4509; x_wconf 88' lang='grc' dir='ltr'><strong>τά</strong></span> <span class='ocrx_word' id='word_1_673' title='bbox 3020 4454 3142 4508; x_wconf 89' lang='grc' dir='ltr'><strong>λίαν</strong></span> <span class='ocrx_word' id='word_1_674' title='bbox 3162 4453 3320 4527; x_wconf 85' lang='grc' dir='ltr'><strong>ὀρθά,</strong></span> <span class='ocrx_word' id='word_1_675' title='bbox 3350 4454 3445 4507; x_wconf 69' lang='grc' dir='ltr'><strong>καὶ</strong></span> <span class='ocrx_word' id='word_1_676' title='bbox 3469 4456 3580 4517; x_wconf 89' lang='grc' dir='ltr'><strong>τοῖς</strong></span> <span class='ocrx_word' id='word_1_677' title='bbox 3611 4453 3772 4524; x_wconf 80' lang='grc' dir='ltr'><strong>ίεροῖς</strong></span> 
     </span>
    </p>
   </div>
   <div class='ocr_carea' id='block_1_90' title="bbox 2188 4544 3775 4621">
    <p class='ocr_par' dir='ltr' id='par_1_90' title="bbox 2188 4544 3775 4621">
     <span class='ocr_line' id='line_1_90' title="bbox 2188 4544 3775 4621; baseline -0.003 -18"><span class='ocrx_word' id='word_1_678' title='bbox 2188 4548 2554 4621; x_wconf 82' lang='grc' dir='ltr'><strong>συμϐαίνοντα</strong></span> <span class='ocrx_word' id='word_1_679' title='bbox 2597 4546 2796 4614; x_wconf 80' lang='grc' dir='ltr'><strong>λόγοις.</strong></span> <span class='ocrx_word' id='word_1_680' title='bbox 2847 4545 2947 4616; x_wconf 84' lang='grc' dir='ltr'><strong>Είη</strong></span> <span class='ocrx_word' id='word_1_681' title='bbox 3002 4544 3110 4614; x_wconf 82' lang='grc' dir='ltr'><strong>γὰρ</strong></span> <span class='ocrx_word' id='word_1_682' title='bbox 3161 4545 3228 4599; x_wconf 83' lang='grc' dir='ltr'><strong>ἂν</strong></span> <span class='ocrx_word' id='word_1_683' title='bbox 3278 4545 3376 4615; x_wconf 78' lang='grc' dir='ltr'><strong>οὐχ</strong></span> <span class='ocrx_word' id='word_1_684' title='bbox 3424 4545 3645 4616; x_wconf 80' lang='grc' dir='ltr'><strong>ἑτέρως,</strong></span> <span class='ocrx_word' id='word_1_685' title='bbox 3682 4546 3775 4598; x_wconf 71' lang='grc' dir='ltr'><strong>καὶ</strong></span> 
     </span>
    </p>
   </div>
   <div class='ocr_carea' id='block_1_91' title="bbox 498 4630 2086 4713">
    <p class='ocr_par' dir='ltr' id='par_1_91' title="bbox 498 4633 2080 4709">
     <span class='ocr_line' id='line_1_91' title="bbox 498 4633 2080 4709; baseline 0.005 -24"><span class='ocrx_word' id='word_1_686' title='bbox 498 4633 709 4688; x_wconf 89' lang='lat' dir='ltr'><strong>ratione</strong></span> <span class='ocrx_word' id='word_1_687' title='bbox 749 4635 1069 4699; x_wconf 87' lang='lat' dir='ltr'><strong>divinitatis,</strong></span> <span class='ocrx_word' id='word_1_688' title='bbox 1099 4645 1154 4690; x_wconf 90' lang='lat' dir='ltr'><strong>et</strong></span> <span class='ocrx_word' id='word_1_689' title='bbox 1190 4652 1311 4691; x_wconf 89' lang='lat' dir='ltr'><strong>cum</strong></span> <span class='ocrx_word' id='word_1_690' title='bbox 1365 4652 1468 4692; x_wconf 90' lang='lat' dir='ltr'><strong>non</strong></span> <span class='ocrx_word' id='word_1_691' title='bbox 1521 4638 1730 4709; x_wconf 87' lang='lat' dir='ltr'><strong>absque</strong></span> <span class='ocrx_word' id='word_1_692' title='bbox 1782 4654 1948 4693; x_wconf 87' lang='lat' dir='ltr'><strong>carne</strong></span> <span class='ocrx_word' id='word_1_693' title='bbox 1999 4640 2080 4693; x_wconf 85' lang='lat' dir='ltr'><strong>in-</strong></span> 
     </span>
    </p>
   </div>
   <div class='ocr_carea' id='block_1_92' title="bbox 2191 4630 3772 4713">
    <p class='ocr_par' dir='ltr' id='par_1_92' title="bbox 2191 4635 3772 4713">
     <span class='ocr_line' id='line_1_92' title="bbox 2191 4635 3772 4713; baseline -0.001 -19"><span class='ocrx_word' id='word_1_694' title='bbox 2191 4640 2518 4713; x_wconf 76' lang='grc' dir='ltr'><strong>δημιουργὸς</strong></span> <span class='ocrx_word' id='word_1_695' title='bbox 2556 4638 2773 4703; x_wconf 86' lang='grc' dir='ltr'><strong>θεῖκῶς,</strong></span> <span class='ocrx_word' id='word_1_696' title='bbox 2810 4637 2904 4691; x_wconf 72' lang='grc' dir='ltr'><strong>καὶ</strong></span> <span class='ocrx_word' id='word_1_697' title='bbox 2936 4638 3023 4691; x_wconf 85' lang='grc' dir='ltr'><strong>ὅτε</strong></span> <span class='ocrx_word' id='word_1_698' title='bbox 3058 4637 3132 4708; x_wconf 81' lang='grc' dir='ltr'><strong>μὴ</strong></span> <span class='ocrx_word' id='word_1_699' title='bbox 3165 4635 3287 4706; x_wconf 86' lang='grc' dir='ltr'><strong>δίχα</strong></span> <span class='ocrx_word' id='word_1_700' title='bbox 3333 4640 3506 4691; x_wconf 79' lang='grc' dir='ltr'><strong>νοοῖτο</strong></span> <span class='ocrx_word' id='word_1_701' title='bbox 3553 4636 3772 4708; x_wconf 83' lang='grc' dir='ltr'><strong>σαρκός.</strong></span> 
     </span>
    </p>
   </div>
   <div class='ocr_carea' id='block_1_93' title="bbox 499 4724 2076 4800">
    <p class='ocr_par' dir='ltr' id='par_1_93' title="bbox 499 4724 2076 4800">
     <span class='ocr_line' id='line_1_93' title="bbox 499 4724 2076 4800; baseline 0.006 -24"><span class='ocrx_word' id='word_1_702' title='bbox 499 4724 772 4792; x_wconf 85' lang='lat' dir='ltr'><strong>telligitur.</strong></span> <span class='ocrx_word' id='word_1_703' title='bbox 806 4726 939 4780; x_wconf 84' lang='lat' dir='ltr'><strong>Nam</strong></span> <span class='ocrx_word' id='word_1_704' title='bbox 963 4736 1016 4782; x_wconf 91' lang='lat' dir='ltr'><strong>et</strong></span> <span class='ocrx_word' id='word_1_705' title='bbox 1057 4727 1271 4783; x_wconf 89' lang='lat' dir='ltr'><strong>divinus</strong></span> <span class='ocrx_word' id='word_1_706' title='bbox 1304 4728 1498 4786; x_wconf 84' lang='lat' dir='ltr'><strong>Paulus</strong></span> <span class='ocrx_word' id='word_1_707' title='bbox 1533 4746 1628 4800; x_wconf 93' lang='lat' dir='ltr'><strong>pro</strong></span> <span class='ocrx_word' id='word_1_708' title='bbox 1672 4731 1772 4787; x_wconf 88' lang='lat' dir='ltr'><strong>hac</strong></span> <span class='ocrx_word' id='word_1_709' title='bbox 1808 4731 2076 4786; x_wconf 88' lang='lat' dir='ltr'><strong>sententia</strong></span> 
     </span>
    </p>
   </div>
   <div class='ocr_carea' id='block_1_94' title="bbox 497 4814 2079 4892">
    <p class='ocr_par' dir='ltr' id='par_1_94' title="bbox 497 4814 2079 4892">
     <span class='ocr_line' id='line_1_94' title="bbox 497 4814 2079 4892; baseline 0.006 -25"><span class='ocrx_word' id='word_1_710' title='bbox 497 4814 648 4880; x_wconf 80' lang='lat' dir='ltr'><strong>facit,</strong></span> <span class='ocrx_word' id='word_1_711' title='bbox 701 4816 773 4870; x_wconf 89' lang='lat' dir='ltr'><strong>ita</strong></span> <span class='ocrx_word' id='word_1_712' title='bbox 829 4818 1126 4874; x_wconf 90' lang='lat' dir='ltr'><strong>scribens:</strong></span> <span class='ocrx_word' id='word_1_713' title='bbox 1203 4840 1221 4872; x_wconf 85' lang='grc' dir='ltr'><strong>ι</strong></span> <span class='ocrx_word' id='word_1_714' title='bbox 1292 4819 1508 4877; x_wconf 83' lang='lat' dir='ltr'><strong>Gratias</strong></span> <span class='ocrx_word' id='word_1_715' title='bbox 1573 4833 1795 4892; x_wconf 83' lang='lat' dir='ltr'><strong>agentes</strong></span> <span class='ocrx_word' id='word_1_716' title='bbox 1857 4824 1964 4878; x_wconf 83' lang='lat' dir='ltr'><strong>Deo</strong></span> <span class='ocrx_word' id='word_1_717' title='bbox 2015 4840 2079 4877; x_wconf 90' lang='lat' dir='ltr'><strong>ac</strong></span> 
     </span>
    </p>
   </div>
   <div class='ocr_carea' id='block_1_95' title="bbox 497 4909 2081 4986">
    <p class='ocr_par' dir='ltr' id='par_1_95' title="bbox 497 4909 2081 4986">
     <span class='ocr_line' id='line_1_95' title="bbox 497 4909 2081 4986; baseline 0.006 -24"><span class='ocrx_word' id='word_1_718' title='bbox 497 4909 666 4970; x_wconf 78' lang='lat' dir='ltr'><strong>Patri,</strong></span> <span class='ocrx_word' id='word_1_719' title='bbox 708 4910 797 4980; x_wconf 89' lang='lat' dir='ltr'><strong>qui</strong></span> <span class='ocrx_word' id='word_1_720' title='bbox 824 4911 1014 4981; x_wconf 84' lang='lat' dir='ltr'><strong>dignos</strong></span> <span class='ocrx_word' id='word_1_721' title='bbox 1062 4929 1158 4967; x_wconf 92' lang='lat' dir='ltr'><strong>nos</strong></span> <span class='ocrx_word' id='word_1_722' title='bbox 1184 4913 1310 4968; x_wconf 79' lang='lat' dir='ltr'><strong>fecit</strong></span> <span class='ocrx_word' id='word_1_723' title='bbox 1343 4916 1394 4969; x_wconf 92' lang='lat' dir='ltr'><strong>in</strong></span> <span class='ocrx_word' id='word_1_724' title='bbox 1426 4926 1635 4986; x_wconf 80' lang='lat' dir='ltr'><strong>partem</strong></span> <span class='ocrx_word' id='word_1_725' title='bbox 1666 4916 1827 4971; x_wconf 89' lang='lat' dir='ltr'><strong>sortis</strong></span> <span class='ocrx_word' id='word_1_726' title='bbox 1864 4926 2081 4972; x_wconf 88' lang='lat' dir='ltr'><strong>sancto-</strong></span> 
     </span>
    </p>
   </div>
   <div class='ocr_carea' id='block_1_96' title="bbox 496 5000 2079 5075">
    <p class='ocr_par' dir='ltr' id='par_1_96' title="bbox 496 5000 2079 5075">
     <span class='ocr_line' id='line_1_96' title="bbox 496 5000 2079 5075; baseline 0.007 -23"><span class='ocrx_word' id='word_1_727' title='bbox 496 5015 641 5063; x_wconf 87' lang='lat' dir='ltr'><strong>rum,</strong></span> <span class='ocrx_word' id='word_1_728' title='bbox 675 5000 726 5054; x_wconf 91' lang='lat' dir='ltr'><strong>in</strong></span> <span class='ocrx_word' id='word_1_729' title='bbox 759 5000 981 5056; x_wconf 88' lang='lat' dir='ltr'><strong>lumine.</strong></span> <span class='ocrx_word' id='word_1_730' title='bbox 1013 5002 1113 5070; x_wconf 82' lang='lat' dir='ltr'><strong>Qui</strong></span> <span class='ocrx_word' id='word_1_731' title='bbox 1146 5006 1344 5074; x_wconf 80' lang='lat' dir='ltr'><strong>eripuit</strong></span> <span class='ocrx_word' id='word_1_732' title='bbox 1375 5023 1473 5061; x_wconf 88' lang='lat' dir='ltr'><strong>nos</strong></span> <span class='ocrx_word' id='word_1_733' title='bbox 1507 5008 1573 5061; x_wconf 88' lang='lat' dir='ltr'><strong>de</strong></span> <span class='ocrx_word' id='word_1_734' title='bbox 1618 5017 1891 5075; x_wconf 89' lang='lat' dir='ltr'><strong>potestate</strong></span> <span class='ocrx_word' id='word_1_735' title='bbox 1926 5018 2079 5063; x_wconf 85' lang='lat' dir='ltr'><strong>tene-</strong></span> 
     </span>
    </p>
   </div>
   <div class='ocr_carea' id='block_1_97' title="bbox 494 5093 2083 5168">
    <p class='ocr_par' dir='ltr' id='par_1_97' title="bbox 494 5093 2083 5168">
     <span class='ocr_line' id='line_1_97' title="bbox 494 5093 2083 5168; baseline 0.006 -21"><span class='ocrx_word' id='word_1_736' title='bbox 494 5093 740 5159; x_wconf 84' lang='lat' dir='ltr'><strong>brarum,</strong></span> <span class='ocrx_word' id='word_1_737' title='bbox 808 5104 862 5148; x_wconf 88' lang='lat' dir='ltr'><strong>et</strong></span> <span class='ocrx_word' id='word_1_738' title='bbox 915 5097 1192 5151; x_wconf 84' lang='lat' dir='ltr'><strong>transtulit</strong></span> <span class='ocrx_word' id='word_1_739' title='bbox 1223 5098 1273 5151; x_wconf 94' lang='lat' dir='ltr'><strong>in</strong></span> <span class='ocrx_word' id='word_1_740' title='bbox 1321 5114 1546 5168; x_wconf 78' lang='lat' dir='ltr'><strong>regnum</strong></span> <span class='ocrx_word' id='word_1_741' title='bbox 1602 5098 1723 5154; x_wconf 85' lang='lat' dir='ltr'><strong>Filii</strong></span> <span class='ocrx_word' id='word_1_742' title='bbox 1777 5100 2083 5156; x_wconf 75' lang='lat' dir='ltr'><strong>dilectionis</strong></span> 
     </span>
    </p>
   </div>
   <div class='ocr_carea' id='block_1_98' title="bbox 492 5185 2083 5261">
    <p class='ocr_par' dir='ltr' id='par_1_98' title="bbox 492 5185 2083 5261">
     <span class='ocr_line' id='line_1_98' title="bbox 492 5185 2083 5261; baseline 0.006 -24"><span class='ocrx_word' id='word_1_743' title='bbox 492 5200 625 5239; x_wconf 69' lang='lat' dir='ltr'><strong>suae.</strong></span> <span class='ocrx_word' id='word_1_744' title='bbox 684 5185 740 5240; x_wconf 93' lang='lat' dir='ltr'><strong>ln</strong></span> <span class='ocrx_word' id='word_1_745' title='bbox 778 5202 885 5256; x_wconf 86' lang='lat' dir='ltr'><strong>quo</strong></span> <span class='ocrx_word' id='word_1_746' title='bbox 926 5188 1185 5244; x_wconf 85' lang='lat' dir='ltr'><strong>habemus</strong></span> <span class='ocrx_word' id='word_1_747' title='bbox 1215 5192 1662 5261; x_wconf 88' lang='lat' dir='ltr'><strong>redemptionem,</strong></span> <span class='ocrx_word' id='word_1_748' title='bbox 1709 5201 1763 5247; x_wconf 92' lang='lat' dir='ltr'><strong>et</strong></span> <span class='ocrx_word' id='word_1_749' title='bbox 1808 5193 2083 5247; x_wconf 87' lang='lat' dir='ltr'><strong>remissio-</strong></span> 
     </span>
    </p>
   </div>
   <div class='ocr_carea' id='block_1_99' title="bbox 495 5282 2080 5353">
    <p class='ocr_par' dir='ltr' id='par_1_99' title="bbox 495 5282 2080 5353">
     <span class='ocr_line' id='line_1_99' title="bbox 495 5282 2080 5353; baseline 0.006 -23"><span class='ocrx_word' id='word_1_750' title='bbox 495 5294 615 5331; x_wconf 88' lang='lat' dir='ltr'><strong>nem</strong></span> <span class='ocrx_word' id='word_1_751' title='bbox 671 5289 1019 5348; x_wconf 89' lang='lat' dir='ltr'><strong>peccatorum</strong></span> <span class='ocrx_word' id='word_1_752' title='bbox 1063 5299 1079 5336; x_wconf 87' lang='lat'><strong>:</strong></span> <span class='ocrx_word' id='word_1_753' title='bbox 1116 5283 1207 5352; x_wconf 91' lang='lat' dir='ltr'><strong>qui</strong></span> <span class='ocrx_word' id='word_1_754' title='bbox 1260 5293 1345 5338; x_wconf 91' lang='lat' dir='ltr'><strong>est</strong></span> <span class='ocrx_word' id='word_1_755' title='bbox 1386 5284 1563 5353; x_wconf 81' lang='lat' dir='ltr'><strong>imago</strong></span> <span class='ocrx_word' id='word_1_756' title='bbox 1623 5282 1716 5339; x_wconf 89' lang='lat' dir='ltr'><strong>Dei</strong></span> <span class='ocrx_word' id='word_1_757' title='bbox 1768 5284 2080 5349; x_wconf 76' lang='lat' dir='ltr'><strong>invisibilis,</strong></span> 
     </span>
    </p>
   </div>
   <div class='ocr_carea' id='block_1_100' title="bbox 493 5370 2081 5446">
    <p class='ocr_par' dir='ltr' id='par_1_100' title="bbox 493 5370 2081 5446">
     <span class='ocr_line' id='line_1_100' title="bbox 493 5370 2081 5446; baseline 0.008 -27"><span class='ocrx_word' id='word_1_758' title='bbox 493 5370 885 5441; x_wconf 80' lang='lat' dir='ltr'><strong>primogenitus</strong></span> <span class='ocrx_word' id='word_1_759' title='bbox 933 5375 1110 5429; x_wconf 91' lang='lat' dir='ltr'><strong>omnis</strong></span> <span class='ocrx_word' id='word_1_760' title='bbox 1169 5388 1453 5431; x_wconf 71' lang='lat' dir='ltr'><strong>creaturae.</strong></span> <span class='ocrx_word' id='word_1_761' title='bbox 1510 5377 1779 5444; x_wconf 89' lang='lat' dir='ltr'><strong>Quoniam</strong></span> <span class='ocrx_word' id='word_1_762' title='bbox 1834 5378 1887 5431; x_wconf 91' lang='lat' dir='ltr'><strong>in</strong></span> <span class='ocrx_word' id='word_1_763' title='bbox 1963 5378 2081 5446; x_wconf 90' lang='lat' dir='ltr'><strong>ipso</strong></span> 
     </span>
    </p>
   </div>
   <div class='ocr_carea' id='block_1_101' title="bbox 493 5463 2075 5533">
    <p class='ocr_par' dir='ltr' id='par_1_101' title="bbox 493 5463 2075 5533">
     <span class='ocr_line' id='line_1_101' title="bbox 493 5463 2075 5533; baseline 0.004 -17"><span class='ocrx_word' id='word_1_764' title='bbox 493 5463 710 5517; x_wconf 89' lang='lat' dir='ltr'><strong>condita</strong></span> <span class='ocrx_word' id='word_1_765' title='bbox 740 5475 866 5519; x_wconf 92' lang='lat' dir='ltr'><strong>sunt</strong></span> <span class='ocrx_word' id='word_1_766' title='bbox 901 5466 1175 5532; x_wconf 83' lang='lat' dir='ltr'><strong>universa,</strong></span> <span class='ocrx_word' id='word_1_767' title='bbox 1205 5469 1257 5521; x_wconf 91' lang='lat' dir='ltr'><strong>in</strong></span> <span class='ocrx_word' id='word_1_768' title='bbox 1291 5470 1443 5524; x_wconf 65' lang='lat' dir='ltr'><strong>caelis</strong></span> <span class='ocrx_word' id='word_1_769' title='bbox 1463 5480 1517 5524; x_wconf 92' lang='lat' dir='ltr'><strong>et</strong></span> <span class='ocrx_word' id='word_1_770' title='bbox 1553 5472 1603 5523; x_wconf 91' lang='lat' dir='ltr'><strong>in</strong></span> <span class='ocrx_word' id='word_1_771' title='bbox 1637 5481 1803 5533; x_wconf 87' lang='lat' dir='ltr'><strong>terra,</strong></span> <span class='ocrx_word' id='word_1_772' title='bbox 1843 5469 2075 5524; x_wconf 72' lang='lat' dir='ltr'><strong>visibilia</strong></span> 
     </span>
    </p>
   </div>
   <div class='ocr_carea' id='block_1_102' title="bbox 493 5555 2079 5626">
    <p class='ocr_par' dir='ltr' id='par_1_102' title="bbox 493 5555 2079 5626">
     <span class='ocr_line' id='line_1_102' title="bbox 493 5555 2079 5626; baseline 0.006 -19"><span class='ocrx_word' id='word_1_773' title='bbox 493 5563 550 5607; x_wconf 89' lang='lat' dir='ltr'><strong>et</strong></span> <span class='ocrx_word' id='word_1_774' title='bbox 583 5555 898 5621; x_wconf 87' lang='lat' dir='ltr'><strong>invisibilia,</strong></span> <span class='ocrx_word' id='word_1_775' title='bbox 938 5559 1054 5614; x_wconf 85' lang='lat' dir='ltr'><strong>sive</strong></span> <span class='ocrx_word' id='word_1_776' title='bbox 1081 5558 1307 5624; x_wconf 83' lang='lat' dir='ltr'><strong>Throni,</strong></span> <span class='ocrx_word' id='word_1_777' title='bbox 1346 5562 1461 5617; x_wconf 89' lang='lat' dir='ltr'><strong>sive</strong></span> <span class='ocrx_word' id='word_1_778' title='bbox 1493 5561 1925 5626; x_wconf 89' lang='lat' dir='ltr'><strong>Dominationes,</strong></span> <span class='ocrx_word' id='word_1_779' title='bbox 1962 5562 2079 5617; x_wconf 73' lang='lat' dir='ltr'><strong>sire</strong></span> 
     </span>
    </p>
   </div>
   <div class='ocr_carea' id='block_1_103' title="bbox 566 5751 1101 5825">
    <p class='ocr_par' dir='ltr' id='par_1_103' title="bbox 566 5751 1101 5825">
     <span class='ocr_line' id='line_1_103' title="bbox 566 5751 1101 5825; baseline 0.007 -18"><span class='ocrx_word' id='word_1_780' title='bbox 566 5751 587 5781; x_wconf 83' lang='lat'>&#39;</span> <span class='ocrx_word' id='word_1_781' title='bbox 611 5752 765 5825; x_wconf 75' lang='lat' dir='ltr'><strong>.loan.</strong></span> <span class='ocrx_word' id='word_1_782' title='bbox 797 5771 870 5823; x_wconf 83' lang='lat' dir='ltr'><strong>vt,</strong></span> <span class='ocrx_word' id='word_1_783' title='bbox 892 5759 979 5825; x_wconf 72' lang='lat'><strong>32,</strong></span> <span class='ocrx_word' id='word_1_784' title='bbox 1012 5760 1101 5814; x_wconf 75' lang='lat'><strong>35.</strong></span> 
     </span>
    </p>
   </div>
   <div class='ocr_carea' id='block_1_104' title="bbox 501 5823 809 5891">
    <p class='ocr_par' dir='ltr' id='par_1_104' title="bbox 501 5823 809 5891">
     <span class='ocr_line' id='line_1_104' title="bbox 501 5823 809 5891; baseline -0.003 -11"><span class='ocrx_word' id='word_1_785' title='bbox 501 5840 576 5891; x_wconf 75' lang='lat' dir='ltr'><strong>vx,</strong></span> <span class='ocrx_word' id='word_1_786' title='bbox 610 5823 697 5891; x_wconf 63' lang='grc' dir='ltr'><strong>δὲ,</strong></span> <span class='ocrx_word' id='word_1_787' title='bbox 722 5825 809 5879; x_wconf 77' lang='grc'><strong>65.</strong></span> 
     </span>
    </p>
   </div>
   <div class='ocr_carea' id='block_1_105' title="bbox 1180 5758 2597 5830">
    <p class='ocr_par' dir='ltr' id='par_1_105' title="bbox 1180 5758 2597 5830">
     <span class='ocr_line' id='line_1_105' title="bbox 1180 5758 2597 5830; baseline -0.004 -12"><span class='ocrx_word' id='word_1_788' title='bbox 1180 5762 1198 5792; x_wconf 79' lang='grc'><strong><em>⁵</em></strong></span> <span class='ocrx_word' id='word_1_789' title='bbox 1226 5761 1354 5819; x_wconf 86' lang='lat' dir='ltr'><strong>ibid.</strong></span> <span class='ocrx_word' id='word_1_790' title='bbox 1387 5763 1476 5830; x_wconf 79' lang='grc'><strong>51,</strong></span> <span class='ocrx_word' id='word_1_791' title='bbox 1508 5763 1593 5818; x_wconf 70' lang='grc'><strong>52.</strong></span> <span class='ocrx_word' id='word_1_792' title='bbox 1677 5764 1717 5795; x_wconf 86' lang='grc'><strong>¹⁰</strong></span> <span class='ocrx_word' id='word_1_793' title='bbox 1751 5763 1881 5819; x_wconf 85' lang='lat' dir='ltr'><strong>ibid.</strong></span> <span class='ocrx_word' id='word_1_794' title='bbox 1920 5763 2007 5821; x_wconf 84' lang='lat'><strong>57.</strong></span> <span class='ocrx_word' id='word_1_795' title='bbox 2038 5762 2127 5819; x_wconf 81' lang='lat'><strong>58.</strong></span> <span class='ocrx_word' id='word_1_796' title='bbox 2208 5763 2244 5795; x_wconf 85' lang='lat'>“</span> <span class='ocrx_word' id='word_1_797' title='bbox 2272 5760 2403 5817; x_wconf 89' lang='lat' dir='ltr'><strong>Luc.</strong></span> <span class='ocrx_word' id='word_1_798' title='bbox 2439 5774 2476 5825; x_wconf 89' lang='lat' dir='ltr'><strong>l,</strong></span> <span class='ocrx_word' id='word_1_799' title='bbox 2508 5758 2597 5814; x_wconf 81' lang='grc'><strong>51.</strong></span> 
     </span>
    </p>
   </div>
   <div class='ocr_carea' id='block_1_106' title="bbox 2188 4729 3776 4804">
    <p class='ocr_par' dir='ltr' id='par_1_106' title="bbox 2188 4729 3776 4804">
     <span class='ocr_line' id='line_1_106' title="bbox 2188 4729 3776 4804; baseline -0.008 -17"><span class='ocrx_word' id='word_1_800' title='bbox 2188 4733 2543 4804; x_wconf 84' lang='grc' dir='ltr'><strong>Συλλὴπτορα</strong></span> <span class='ocrx_word' id='word_1_801' title='bbox 2573 4731 2629 4784; x_wconf 83' lang='grc' dir='ltr'><strong>δὲ</strong></span> <span class='ocrx_word' id='word_1_802' title='bbox 2667 4729 2762 4783; x_wconf 88' lang='grc' dir='ltr'><strong>τοῦ</strong></span> <span class='ocrx_word' id='word_1_803' title='bbox 2805 4730 2967 4796; x_wconf 87' lang='grc' dir='ltr'><strong>λόγου</strong></span> <span class='ocrx_word' id='word_1_804' title='bbox 3004 4729 3299 4800; x_wconf 81' lang='grc' dir='ltr'><strong>ποιήσομαι</strong></span> <span class='ocrx_word' id='word_1_805' title='bbox 3334 4730 3496 4783; x_wconf 84' lang='grc' dir='ltr'><strong>πάλιν</strong></span> <span class='ocrx_word' id='word_1_806' title='bbox 3541 4729 3637 4781; x_wconf 72' lang='grc' dir='ltr'><strong>ὡδὶ</strong></span> <span class='ocrx_word' id='word_1_807' title='bbox 3682 4746 3776 4799; x_wconf 84' lang='grc' dir='ltr'><strong>γε-</strong></span> 
     </span>
    </p>
   </div>
   <div class='ocr_carea' id='block_1_107' title="bbox 2188 4821 3776 4898">
    <p class='ocr_par' dir='ltr' id='par_1_107' title="bbox 2188 4821 3776 4898">
     <span class='ocr_line' id='line_1_107' title="bbox 2188 4821 3776 4898; baseline -0.003 -18"><span class='ocrx_word' id='word_1_808' title='bbox 2188 4826 2438 4898; x_wconf 80' lang='grc' dir='ltr'><strong>γραφότα</strong></span> <span class='ocrx_word' id='word_1_809' title='bbox 2486 4825 2579 4877; x_wconf 84' lang='grc' dir='ltr'><strong>τὸν</strong></span> <span class='ocrx_word' id='word_1_810' title='bbox 2626 4823 2912 4877; x_wconf 80' lang='grc' dir='ltr'><strong>θεσπέσιον</strong></span> <span class='ocrx_word' id='word_1_811' title='bbox 2947 4821 3195 4875; x_wconf 77' lang='grc' dir='ltr'><strong>Παῦλονο</strong></span> <span class='ocrx_word' id='word_1_812' title='bbox 3239 4842 3257 4873; x_wconf 83' lang='grc' dir='ltr'><strong>ι</strong></span> <span class='ocrx_word' id='word_1_813' title='bbox 3314 4821 3776 4893; x_wconf 80' lang='grc' dir='ltr'><strong>Εὐχαριστοῦντιις</strong></span> 
     </span>
    </p>
   </div>
   <div class='ocr_carea' id='block_1_108' title="bbox 2185 4915 3776 4990">
    <p class='ocr_par' dir='ltr' id='par_1_108' title="bbox 2185 4915 3776 4990">
     <span class='ocr_line' id='line_1_108' title="bbox 2185 4915 3776 4990; baseline -0.002 -18"><span class='ocrx_word' id='word_1_814' title='bbox 2185 4918 2265 4990; x_wconf 83' lang='grc' dir='ltr'><strong>τῷ</strong></span> <span class='ocrx_word' id='word_1_815' title='bbox 2296 4918 2416 4989; x_wconf 85' lang='grc' dir='ltr'><strong>Θεῷ</strong></span> <span class='ocrx_word' id='word_1_816' title='bbox 2454 4918 2549 4972; x_wconf 70' lang='grc' dir='ltr'><strong>καὶ</strong></span> <span class='ocrx_word' id='word_1_817' title='bbox 2577 4917 2775 4986; x_wconf 67' lang='grc' dir='ltr'><strong>Πατρὶ,</strong></span> <span class='ocrx_word' id='word_1_818' title='bbox 2806 4915 2884 4986; x_wconf 82' lang='grc' dir='ltr'><strong>τῷ</strong></span> <span class='ocrx_word' id='word_1_819' title='bbox 2919 4916 3245 4969; x_wconf 87' lang='grc' dir='ltr'><strong>ἱκανώσαντι</strong></span> <span class='ocrx_word' id='word_1_820' title='bbox 3278 4918 3426 4986; x_wconf 79' lang='grc' dir='ltr'><strong>ἡμᾶς</strong></span> <span class='ocrx_word' id='word_1_821' title='bbox 3454 4918 3532 4979; x_wconf 79' lang='grc' dir='ltr'><strong>εἰς</strong></span> <span class='ocrx_word' id='word_1_822' title='bbox 3555 4916 3651 4986; x_wconf 80' lang='grc' dir='ltr'><strong>τὴν</strong></span> <span class='ocrx_word' id='word_1_823' title='bbox 3681 4934 3776 4987; x_wconf 80' lang='grc' dir='ltr'><strong>με·</strong></span> 
     </span>
    </p>
   </div>
   <div class='ocr_carea' id='block_1_109' title="bbox 2189 5007 3773 5085">
    <p class='ocr_par' dir='ltr' id='par_1_109' title="bbox 2189 5007 3773 5085">
     <span class='ocr_line' id='line_1_109' title="bbox 2189 5007 3773 5085; baseline -0.003 -20"><span class='ocrx_word' id='word_1_824' title='bbox 2189 5011 2309 5085; x_wconf 88' lang='grc' dir='ltr'><strong>ρίδα</strong></span> <span class='ocrx_word' id='word_1_825' title='bbox 2337 5010 2434 5064; x_wconf 91' lang='grc' dir='ltr'><strong>τοῦ</strong></span> <span class='ocrx_word' id='word_1_826' title='bbox 2466 5010 2669 5081; x_wconf 81' lang='grc' dir='ltr'><strong>κλήρου</strong></span> <span class='ocrx_word' id='word_1_827' title='bbox 2696 5007 2804 5061; x_wconf 90' lang='grc' dir='ltr'><strong>τῶν</strong></span> <span class='ocrx_word' id='word_1_828' title='bbox 2835 5007 3005 5076; x_wconf 85' lang='grc' dir='ltr'><strong>ἁγίων</strong></span> <span class='ocrx_word' id='word_1_829' title='bbox 3036 5009 3093 5060; x_wconf 87' lang='grc' dir='ltr'><strong>ὲν</strong></span> <span class='ocrx_word' id='word_1_830' title='bbox 3120 5007 3199 5077; x_wconf 85' lang='grc' dir='ltr'><strong>τῷ</strong></span> <span class='ocrx_word' id='word_1_831' title='bbox 3226 5009 3383 5077; x_wconf 81' lang='grc' dir='ltr'><strong>φωτὶ,</strong></span> <span class='ocrx_word' id='word_1_832' title='bbox 3414 5008 3474 5070; x_wconf 83' lang='grc' dir='ltr'><strong>ὂς</strong></span> <span class='ocrx_word' id='word_1_833' title='bbox 3504 5008 3773 5079; x_wconf 75' lang='grc' dir='ltr'><strong>ἐρρύσατο</strong></span> 
     </span>
    </p>
   </div>
   <div class='ocr_carea' id='block_1_110' title="bbox 2183 5097 3772 5176">
    <p class='ocr_par' dir='ltr' id='par_1_110' title="bbox 2183 5097 3772 5176">
     <span class='ocr_line' id='line_1_110' title="bbox 2183 5097 3772 5176; baseline -0.004 -19"><span class='ocrx_word' id='word_1_834' title='bbox 2183 5105 2336 5176; x_wconf 80' lang='grc' dir='ltr'><strong>ἡμᾶς</strong></span> <span class='ocrx_word' id='word_1_835' title='bbox 2370 5104 2432 5156; x_wconf 81' lang='grc' dir='ltr'><strong>ὲκ</strong></span> <span class='ocrx_word' id='word_1_836' title='bbox 2467 5104 2565 5173; x_wconf 80' lang='grc' dir='ltr'><strong>τῆς</strong></span> <span class='ocrx_word' id='word_1_837' title='bbox 2609 5100 2859 5165; x_wconf 81' lang='grc' dir='ltr'><strong>ἐξουσίας</strong></span> <span class='ocrx_word' id='word_1_838' title='bbox 2889 5097 2983 5152; x_wconf 90' lang='grc' dir='ltr'><strong>τοῦ</strong></span> <span class='ocrx_word' id='word_1_839' title='bbox 3028 5099 3276 5163; x_wconf 82' lang='grc' dir='ltr'><strong>σκότους,</strong></span> <span class='ocrx_word' id='word_1_840' title='bbox 3313 5100 3408 5152; x_wconf 75' lang='grc' dir='ltr'><strong>καὶ</strong></span> <span class='ocrx_word' id='word_1_841' title='bbox 3441 5102 3772 5169; x_wconf 77' lang='grc' dir='ltr'><strong>μετέστησεν</strong></span> 
     </span>
    </p>
   </div>
   <div class='ocr_carea' id='block_1_111' title="bbox 2186 5184 3773 5265">
    <p class='ocr_par' dir='ltr' id='par_1_111' title="bbox 2186 5184 3773 5265">
     <span class='ocr_line' id='line_1_111' title="bbox 2186 5184 3773 5265; baseline -0.003 -18"><span class='ocrx_word' id='word_1_842' title='bbox 2186 5195 2267 5258; x_wconf 88' lang='grc' dir='ltr'><strong>είς</strong></span> <span class='ocrx_word' id='word_1_843' title='bbox 2294 5193 2393 5265; x_wconf 79' lang='grc' dir='ltr'><strong>τὴν</strong></span> <span class='ocrx_word' id='word_1_844' title='bbox 2423 5191 2701 5263; x_wconf 85' lang='grc' dir='ltr'><strong>βασιλείαν</strong></span> <span class='ocrx_word' id='word_1_845' title='bbox 2734 5189 2829 5243; x_wconf 92' lang='grc' dir='ltr'><strong>τοῦ</strong></span> <span class='ocrx_word' id='word_1_846' title='bbox 2875 5188 3006 5243; x_wconf 86' lang='grc' dir='ltr'><strong>Υίοῦ</strong></span> <span class='ocrx_word' id='word_1_847' title='bbox 3040 5190 3138 5259; x_wconf 83' lang='grc' dir='ltr'><strong>τῆς</strong></span> <span class='ocrx_word' id='word_1_848' title='bbox 3171 5189 3391 5259; x_wconf 78' lang='grc' dir='ltr'><strong>ἀγάπης</strong></span> <span class='ocrx_word' id='word_1_849' title='bbox 3424 5189 3613 5251; x_wconf 80' lang='grc' dir='ltr'><strong>αὑτοῦ,</strong></span> <span class='ocrx_word' id='word_1_850' title='bbox 3644 5192 3701 5243; x_wconf 85' lang='grc' dir='ltr'><strong>ὲν</strong></span> <span class='ocrx_word' id='word_1_851' title='bbox 3729 5184 3773 5258; x_wconf 76' lang='grc' dir='ltr'>ᾧ</span> 
     </span>
    </p>
   </div>
   <div class='ocr_carea' id='block_1_112' title="bbox 2186 5278 3770 5357">
    <p class='ocr_par' dir='ltr' id='par_1_112' title="bbox 2186 5278 3770 5357">
     <span class='ocr_line' id='line_1_112' title="bbox 2186 5278 3770 5357; baseline -0.002 -19"><span class='ocrx_word' id='word_1_852' title='bbox 2186 5285 2383 5357; x_wconf 75' lang='grc' dir='ltr'><strong>ἔχομεν</strong></span> <span class='ocrx_word' id='word_1_853' title='bbox 2410 5284 2508 5354; x_wconf 78' lang='grc' dir='ltr'><strong>τὴν</strong></span> <span class='ocrx_word' id='word_1_854' title='bbox 2538 5281 2935 5352; x_wconf 76' lang='grc' dir='ltr'><strong>ἀπολύτρωσιν,</strong></span> <span class='ocrx_word' id='word_1_855' title='bbox 2966 5280 3062 5353; x_wconf 80' lang='grc' dir='ltr'><strong>τὴν</strong></span> <span class='ocrx_word' id='word_1_856' title='bbox 3092 5278 3287 5348; x_wconf 53' lang='grc' dir='ltr'><strong>ἄρεσιν</strong></span> <span class='ocrx_word' id='word_1_857' title='bbox 3315 5281 3424 5334; x_wconf 89' lang='grc' dir='ltr'><strong>τῶν</strong></span> <span class='ocrx_word' id='word_1_858' title='bbox 3464 5280 3770 5356; x_wconf 84' lang='grc' dir='ltr'><strong>ἁμαρτιῶν,</strong></span> 
     </span>
    </p>
   </div>
   <div class='ocr_carea' id='block_1_113' title="bbox 2185 5371 3774 5446">
    <p class='ocr_par' dir='ltr' id='par_1_113' title="bbox 2185 5371 3774 5446">
     <span class='ocr_line' id='line_1_113' title="bbox 2185 5371 3774 5446; baseline -0.003 -15"><span class='ocrx_word' id='word_1_859' title='bbox 2185 5379 2245 5441; x_wconf 84' lang='grc' dir='ltr'><strong>ὃς</strong></span> <span class='ocrx_word' id='word_1_860' title='bbox 2279 5379 2425 5429; x_wconf 79' lang='grc' dir='ltr'><strong>ἐστιν</strong></span> <span class='ocrx_word' id='word_1_861' title='bbox 2458 5375 2622 5428; x_wconf 85' lang='grc' dir='ltr'><strong>εἰκὼν</strong></span> <span class='ocrx_word' id='word_1_862' title='bbox 2668 5372 2763 5426; x_wconf 86' lang='grc' dir='ltr'><strong>τοῦ</strong></span> <span class='ocrx_word' id='word_1_863' title='bbox 2797 5371 2933 5425; x_wconf 88' lang='grc' dir='ltr'><strong>Θεοῦ</strong></span> <span class='ocrx_word' id='word_1_864' title='bbox 2977 5371 3068 5425; x_wconf 88' lang='grc' dir='ltr'><strong>τοῦ</strong></span> <span class='ocrx_word' id='word_1_865' title='bbox 3120 5372 3377 5442; x_wconf 86' lang='grc' dir='ltr'><strong>ἀοράτου,</strong></span> <span class='ocrx_word' id='word_1_866' title='bbox 3432 5373 3774 5446; x_wconf 78' lang='grc' dir='ltr'><strong>πρωτότοκος</strong></span> 
     </span>
    </p>
   </div>
   <div class='ocr_carea' id='block_1_114' title="bbox 2186 5463 3769 5539">
    <p class='ocr_par' dir='ltr' id='par_1_114' title="bbox 2186 5463 3769 5539">
     <span class='ocr_line' id='line_1_114' title="bbox 2186 5463 3769 5539; baseline -0.003 -16"><span class='ocrx_word' id='word_1_867' title='bbox 2186 5470 2369 5539; x_wconf 79' lang='grc' dir='ltr'><strong>πάσης</strong></span> <span class='ocrx_word' id='word_1_868' title='bbox 2411 5466 2665 5529; x_wconf 85' lang='grc' dir='ltr'><strong>κτίσεως,</strong></span> <span class='ocrx_word' id='word_1_869' title='bbox 2701 5465 2785 5518; x_wconf 84' lang='grc' dir='ltr'><strong>ὅτι</strong></span> <span class='ocrx_word' id='word_1_870' title='bbox 2818 5465 2877 5518; x_wconf 73' lang='grc' dir='ltr'><strong>ἐν</strong></span> <span class='ocrx_word' id='word_1_871' title='bbox 2908 5464 3058 5535; x_wconf 77' lang='grc' dir='ltr'><strong>αὐτῷ</strong></span> <span class='ocrx_word' id='word_1_872' title='bbox 3102 5465 3324 5534; x_wconf 79' lang='grc' dir='ltr'><strong>ἐκτίσθη</strong></span> <span class='ocrx_word' id='word_1_873' title='bbox 3368 5463 3438 5517; x_wconf 87' lang='grc' dir='ltr'><strong>τά</strong></span> <span class='ocrx_word' id='word_1_874' title='bbox 3472 5464 3671 5526; x_wconf 84' lang='grc' dir='ltr'><strong>πάντα,</strong></span> <span class='ocrx_word' id='word_1_875' title='bbox 3704 5466 3769 5518; x_wconf 83' lang='grc' dir='ltr'><strong>τά</strong></span> 
     </span>
    </p>
   </div>
   <div class='ocr_carea' id='block_1_115' title="bbox 2184 5555 3767 5629">
    <p class='ocr_par' dir='ltr' id='par_1_115' title="bbox 2184 5555 3767 5629">
     <span class='ocr_line' id='line_1_115' title="bbox 2184 5555 3767 5629; baseline -0.003 -16"><span class='ocrx_word' id='word_1_876' title='bbox 2184 5577 2243 5614; x_wconf 87' lang='grc' dir='ltr'><strong>τε</strong></span> <span class='ocrx_word' id='word_1_877' title='bbox 2290 5561 2348 5611; x_wconf 81' lang='grc' dir='ltr'><strong>ἐν</strong></span> <span class='ocrx_word' id='word_1_878' title='bbox 2385 5561 2496 5622; x_wconf 85' lang='grc' dir='ltr'><strong>τοῖς</strong></span> <span class='ocrx_word' id='word_1_879' title='bbox 2529 5558 2778 5629; x_wconf 80' lang='grc' dir='ltr'><strong>οὐρανοῖς</strong></span> <span class='ocrx_word' id='word_1_880' title='bbox 2806 5558 2903 5613; x_wconf 65' lang='grc' dir='ltr'><strong>καὶ</strong></span> <span class='ocrx_word' id='word_1_881' title='bbox 2934 5557 3000 5610; x_wconf 73' lang='grc' dir='ltr'><strong>τὰ</strong></span> <span class='ocrx_word' id='word_1_882' title='bbox 3034 5556 3125 5610; x_wconf 75' lang='grc' dir='ltr'><strong>ἐπὶ</strong></span> <span class='ocrx_word' id='word_1_883' title='bbox 3178 5556 3275 5627; x_wconf 79' lang='grc' dir='ltr'><strong>τῆς</strong></span> <span class='ocrx_word' id='word_1_884' title='bbox 3322 5558 3446 5625; x_wconf 79' lang='grc' dir='ltr'><strong>γῆς,</strong></span> <span class='ocrx_word' id='word_1_885' title='bbox 3482 5555 3552 5610; x_wconf 84' lang='grc' dir='ltr'><strong>τά</strong></span> <span class='ocrx_word' id='word_1_886' title='bbox 3599 5556 3767 5627; x_wconf 77' lang='grc' dir='ltr'><strong>ὀρατᾷ</strong></span> 
     </span>
    </p>
   </div>
   <div class='ocr_carea' id='block_1_116' title="bbox 2715 5755 3763 5826">
    <p class='ocr_par' dir='ltr' id='par_1_116' title="bbox 2715 5755 3763 5826">
     <span class='ocr_line' id='line_1_116' title="bbox 2715 5755 3763 5826; baseline -0.002 -13"><span class='ocrx_word' id='word_1_887' title='bbox 2715 5755 2931 5814; x_wconf 80' lang='lat' dir='ltr'><strong>“Joan.</strong></span> <span class='ocrx_word' id='word_1_888' title='bbox 2982 5771 3060 5825; x_wconf 80' lang='lat' dir='ltr'><strong>In,</strong></span> <span class='ocrx_word' id='word_1_889' title='bbox 3098 5756 3151 5826; x_wconf 89' lang='lat'><strong>9,</strong></span> <span class='ocrx_word' id='word_1_890' title='bbox 3194 5755 3279 5825; x_wconf 77' lang='lat' dir='ltr'><strong>l2,</strong></span> <span class='ocrx_word' id='word_1_891' title='bbox 3334 5757 3419 5814; x_wconf 79' lang='grc'><strong>15.</strong></span> <span class='ocrx_word' id='word_1_892' title='bbox 3540 5756 3763 5814; x_wconf 79' lang='lat' dir='ltr'><strong>&quot;Joan.</strong></span> 
     </span>
    </p>
   </div>
  </div>
