4122 6544
303 462 441 517 Ιὲιὸ

303 584 398 637 καὶ
442 579 509 634 τὰ
556 575 783 647 ἀόρατα,
811 574 919 627 εἴτε
953 572 1166 644 Θρόνοι,
1204 567 1313 621 εἴτε
1366 564 1726 637 Κυριότητες,
1778 560 1887 613 εῐτι

300 671 514 744 Ἀρχαὶ,
537 665 948 730 εῐτεἙξουσὶαι,
974 664 1042 717 τὰ
1073 662 1251 716 πάντα
1275 659 1341 713 δι’
1374 656 1540 711 αὐτοῦ
1566 656 1658 709 καὶ
1685 655 1763 717 εις
1789 652 1885 706 αὑ-

300 742 391 820 τὸν
417 764 684 824 ἔκτισται,
721 760 815 813 καὶ
866 757 1026 820 αὑτός
1067 756 1184 808 ἐστι
1232 751 1340 823 πρὸ
1386 750 1626 814 πάντων,
1679 745 1773 799 καὶ
1816 742 1887 796 τὰ

304 856 483 910 πάντα
510 855 566 907 ὲν
596 849 744 921 αὐτῷ
773 848 1089 917 συνέστηκε,
1119 844 1214 899 καὶ
1243 840 1405 903 αὑτός
1434 841 1583 892 ἔστιν
1608 839 1642 909 ἡ
1677 831 1886 904 κεφαλὴ

303 948 396 1002 τοῦ
433 946 685 1017 σώματος
742 943 843 1013 τῆς
882 938 1231 1009 Ἐκκλησίας,
1265 936 1323 998 ὅς
1356 934 1504 985 ἐστιν
1537 929 1703 1000 ἀρχὴ,
1732 943 1885 996 πρω-

303 1016 525 1099 τότοκος
555 1038 620 1089 ὲκ
648 1034 755 1089 τῶν
790 1030 1022 1101 νεκρῶν,
1057 1029 1144 1082 ἵνα
1176 1027 1400 1097 γένηται
1440 1024 1497 1076 ὲν
1532 1022 1696 1074 πᾶσιν
1726 1016 1889 1079 αὐτὸς

309 1129 628 1202 πρωτεύων,
674 1127 757 1179 ὅτι
789 1124 845 1177 ὲν
878 1121 1026 1192 αὑτῷ
1061 1118 1330 1191 ηὑδόκησε
1379 1115 1484 1168 πᾶν
1511 1113 1573 1165 τὸ
1613 1111 1888 1180 πλήρωμα

306 1224 373 1277 δι’
408 1220 573 1273 αὑτοῦ
621 1216 967 1286 κατοικῆσαι,
1017 1212 1111 1265 καὶ
1144 1210 1210 1263 δι’
1239 1206 1404 1261 αὐτοῦ
1448 1198 1891 1263 ἀποκαταλλάξαι

308 1314 374 1367 τὰ
406 1313 580 1366 πάντα
614 1310 695 1371 εἰς
739 1306 923 1370 αὑτὸν,
957 1300 1374 1375 εἰρηνοποιήσας
1407 1294 1495 1350 διὰ
1533 1292 1628 1347 τοῦ
1660 1292 1889 1360 αἵματος

310 1403 404 1459 τοῦ
440 1399 673 1472 σταυροῦ
703 1396 892 1461 αὐτοῦ,
926 1396 1035 1449 εἴτε
1062 1393 1129 1447 τὰ
1162 1391 1254 1445 ἐπὶ
1280 1389 1381 1458 τῆς
1418 1386 1544 1456 γῆς,
1587 1382 1697 1436 εἴτε
1726 1380 1797 1433 τὰ
1834 1380 1889 1431 ὲν

310 1497 423 1557 τοῖς
452 1467 719 1561 οὐρανοῖς.
754 1507 773 1540 ι
821 1486 952 1541 Ἰδοὺ
983 1483 1047 1554 δὴ
1077 1482 1238 1537 πάλιν
1291 1476 1593 1546 ἀναφανδὸν
1622 1473 1688 1526 δι’
1724 1467 1889 1525 αὑτοῦ

312 1604 448 1658 φησι
499 1560 591 1638 καὶ
624 1582 702 1646 εἰς
728 1577 890 1633 αὑτὸν
921 1575 1163 1630 ἐκτίσθαι
1192 1572 1258 1625 τὰ
1287 1569 1498 1624 πάντα·
1531 1565 1624 1619 καὶ
1660 1561 1785 1633 μὴν,
1812 1560 1894 1611 ὅτι

314 1651 422 1746 πρὸ
464 1673 680 1727 πάντων
712 1668 850 1734 ἐστὶ,
894 1666 989 1720 καὶ
1033 1665 1116 1717 ὅτι
1146 1662 1214 1717 τὰ
1246 1661 1424 1714 πάντα
1463 1654 1791 1723 συνέστηκεν
1838 1651 1895 1701 ἐν

316 1762 493 1835 αὐτῷ·
529 1763 622 1816 καὶ
650 1759 811 1814 αὐτὸν
836 1751 974 1811 εἶναί
1020 1769 1153 1824 φησι
1198 1749 1541 1820 πρωτότοκον
1572 1744 1637 1796 ὲκ
1665 1738 1892 1810 νεκρῶν,

317 1830 808 1926 εἰρηννοποιήσαντα
853 1846 944 1901 διὰ
990 1844 1080 1898 τοῦ
1135 1842 1365 1912 αἵματος
1418 1834 1607 1900 αὑτοῦ,
1631 1832 1701 1886 τά
1730 1846 1791 1883 τε
1839 1830 1896 1881 ὲν

316 1902 722 2016 τοέςιούρανοίς,
755 1942 851 1995 καὶ
879 1939 950 1994 τὰ
979 1939 1071 1992 ὲπὶ
1093 1902 1345 2006 τῆς-γῆς.
1379 1927 1515 1984 Εἶτα
1538 1927 1620 1989 τις
1651 1926 1679 1978 ὁ
1718 1926 1782 1977 ὲκ
1811 1937 1897 1974 νε-
1929 1902 1970 1958 B
2007 1917 2112 1973 nisi

319 2037 467 2109 κρῶν
494 2013 860 2106 πρωτότοκος,
889 2031 938 2083 εἰ
965 2028 1041 2101 μὴ
1071 2024 1305 2097 Χριστὸς
1343 2017 1571 2090 Ἰησοῦς,
1600 2013 1899 2073 τουτέστιν,

320 2099 378 2181 εὖ
416 2099 580 2197 σαρκὶ
611 2124 708 2177 καὶ
757 2119 895 2192 μετὰ
944 2099 1147 2189 σαρκὸς
1194 2116 1222 2167 ὁ
1253 2112 1460 2181 Λόγος;
1517 2102 1750 2174 Τεθναίη
1796 2099 1903 2171 γὰρ

319 2220 388 2273 ἂν
415 2193 532 2272 οὔτι
560 2233 662 2269 που
687 2214 821 2277 Θεὸς
849 2211 923 2265 ὢν
949 2212 977 2264 ὁ
1005 2210 1195 2277 Λόγος,
1227 2204 1334 2259 οὐδ’
1360 2202 1424 2257 ἂν
1448 2201 1619 2255 νοοῖτο
1640 2195 1750 2249 τῶν
1771 2193 1906 2246 ὅλων

319 2307 655 2381 δημιουργὸς
692 2304 815 2360 καθ’
863 2303 1013 2374 ἡμᾶς
1054 2298 1129 2352 ῶν
1181 2295 1490 2366 ἄνθρωπος,
1537 2291 1585 2343 εἰ
1635 2286 1710 2359 μὴ
1757 2285 1909 2353 δεδη-

326 2376 629 2473 μιούργηκε
683 2397 783 2468 μὲν
830 2394 907 2459 ὡς
951 2393 1103 2456 Θεὸς.
1151 2390 1246 2443 καὶ
1298 2388 1345 2439 εἰ
1403 2385 1478 2454 μὴ
1524 2383 1648 2450 δίχα
1702 2376 1910 2449 σαρκὸς

324 2495 498 2547 νοοῖτο
534 2488 674 2562 μετὰ
704 2487 803 2559 τὴν
835 2486 1053 2540 ἕνωσιν.
1086 2478 1437 2552 Πρωτότοκος
1482 2474 1540 2528 δὲ
1582 2472 1678 2526 καὶ
1717 2472 1782 2522 ὲκ
1824 2485 1912 2521 νε-

327 2580 498 2652 κρῶν,
536 2558 685 2634 ’καθὸ
723 2558 964 2648 πέφηνεν
1015 2573 1321 2643 ἄνθρωπος,
1376 2567 1477 2619 οὐκ
1526 2560 1818 2617 ἀποϐαλὼν
1854 2558 1916 2611 τὸ

325 2651 467 2728 εἶναι
512 2672 667 2737 Θεὸς,
715 2670 802 2724 διὰ
831 2667 932 2739 τὴν
976 2662 1408 2734 ἐνανθρώπησιν.
1456 2656 1569 2709 Οἴει
1615 2671 1670 2706 τι
1720 2651 1916 2723 χρῆναι

328 2764 538 2828 τούτοις
569 2758 828 2833 ἐπιτιμᾷν
854 2776 869 2826 ;

404 2881 465 2935 Β.
506 2877 630 2932 Οὐδ’
664 2871 987 2930 ὁπωστιοῦν.

402 2998 467 3048 Δ.
512 2990 669 3054 ἰδοις
708 2988 754 3042 δ’
782 2987 848 3042 ἂν
878 2985 972 3039 καὶ
1000 2981 1229 3054 ἑτέρωθι
1262 2979 1352 3033 διὰ
1392 2977 1500 3032 τῶν
1533 2973 1713 3030 αὐτῶν
1748 2971 1926 3032 ἰόντας

331 3088 509 3157 λόγων
537 3082 662 3147 τοὺς
690 3076 1187 3150 πνευματοφόρους.
1230 3072 1483 3140 Ἰωάννης
1516 3068 1613 3140 μὲν
1638 3068 1768 3136 γὰρ,
1798 3083 1816 3115 ι
1840 3063 1929 3116 Ἐν

335 3153 502 3251 ἀργῇ,
534 3174 720 3246 φησὶν,
753 3173 782 3225 ό
822 3170 995 3238 Λόγος
1024 3162 1113 3238 ἦν,
1150 3165 1245 3219 καὶ
1354 3163 1525 3229 Λόγος
1571 3155 1640 3231 ἦν
1673 3157 1809 3228 πρὸς
1838 3153 1931 3206 τὸν

336 3246 492 3334 Stabit,
539 3268 633 3322 καὶ
666 3264 798 3328 Θεὸς
826 3259 893 3334 ἦν
925 3263 953 3315 ό
988 3259 1179 3328 Λόγος.
1226 3250 1395 3319 Οὗτος
1425 3254 1492 3326 ἦν
1528 3254 1586 3305 ὲν
1628 3251 1769 3320 ἀρχῇ
1800 3246 1933 3317 πρὸς

338 3364 432 3415 τὸν
467 3333 621 3413 Θεόν.
651 3357 835 3410 Πάντα
876 3352 942 3405 δι’
981 3348 1145 3403 αὑτοῦ
1175 3346 1412 3416 ἐγένετο,
1443 3342 1538 3396 καὶ
1566 3340 1734 3412 χωρὶς
1770 3333 1934 3389 αὐτοῦ

344 3452 558 3522 ἐγένετο
615 3445 736 3502 οὐδὲ
760 3444 838 3497 ἓν.
872 3461 892 3494 ι
925 3439 1135 3501 Παῦλος
1158 3436 1216 3488 δὲ
1243 3430 1335 3489 αῦο
1370 3426 1494 3494 «Εἷς
1516 3428 1646 3492 Θεὸς
1668 3429 1697 3479 ό
1726 3423 1937 3493 Πατὴρ,

344 3545 405 3608 ἐξ
434 3537 493 3596 οὗ
527 3541 594 3593 τὰ
627 3537 804 3592 πάντα
826 3552 838 3565 ·
872 3530 952 3596 εἷς
990 3529 1193 3600 Κύριος
1238 3523 1443 3595 Ἰησοῦς
1480 3519 1731 3589 Χριστὸς,
1768 3515 1836 3568 δι’
1878 3504 1939 3565 οὗ

346 3604 417 3692 τά
450 3635 648 3689 πάντα.
678 3651 696 3683 ι
744 3628 885 3682 Ἀλλ’
913 3626 1070 3694 εἴπερ
1109 3617 1177 3693 ἦν
1219 3619 1281 3671 τὸ
1329 3612 1660 3687 μεσολαϐοῦν
1709 3606 1847 3680 μετὰ
1880 3604 1941 3657 τὸ

349 3727 589 3802 ἡνῶσθαι
624 3723 786 3795 σαρκὶ
822 3721 912 3772 τὸν
959 3717 1144 3784 Λόγον,
1190 3710 1284 3765 καὶ
1315 3710 1393 3771 εἰς
1428 3704 1721 3776 ἑτερότητα
1768 3714 1940 3753 κατα-

351 3819 614 3892 διαιροῦν,
632 3815 730 3886 τὴν
754 3814 829 3877 ὡς
846 3810 978 3864 υἱῶν
1003 3807 1167 3862 δυάδα
1190 3804 1353 3873 φημὶ,
1380 3798 1521 3854 κατὰ
1543 3796 1603 3850 τὸ
1628 3796 1709 3848 σοὶ
1727 3790 1939 3852 δοκοῦν,

357 3881 479 3978 πῶς
508 3913 572 3966 ἂν
601 3881 825 3975 ἐκτίσθη
852 3903 920 3957 τι
948 3901 1122 3955 πάντα
1144 3897 1233 3950 διὰ
1270 3892 1444 3965 Ἰησοῦ
1466 3885 1701 3961 Χριστοῦ
1729 3903 1743 3949 ;
1783 3881 1943 3936 Ἀλλὰ

360 3972 470 4077 μὴν
498 4000 719 4071 ἐκτίσθη
754 3972 823 4051 δι(
864 3994 1029 4050 αὑτοῦ
1059 3991 1126 4044 τὰ
1174 3990 1374 4042 πάντα.
1409 3980 1686 4055 Πρόδηλον
1740 3972 1834 4030 οῦν
1862 3974 1943 4027 ὅτι

355 4097 425 4150 τὰ
457 4094 616 4166 φύσει
646 4108 703 4144 τε
733 4088 825 4142 καὶ
855 4084 1035 4147 ἰδικῶς
1081 4079 1456 4149 ἐνυπάρχοντα
1500 4071 1578 4141 τῷ
1619 4072 1683 4123 ἐκ
1733 4064 1945 4137 Πατρδς

357 4187 471 4240 ὄντι
520 4186 701 4252 Λόγῳ,
748 4179 1043 4247 τετήρηται
1100 4172 1262 4225 πάλιν
1305 4166 1452 4237 αὺτῴ
1497 4164 1591 4219 uolt
1631 4163 1717 4215 ὅτε
1757 4158 1945 4226 γέγονε

362 4277 521 4350 σάρξ.
558 4250 886 4340 Ἐπισφαλὲς
912 4264 1003 4320 οῦν
1030 4265 1161 4335 ἄρα,
1187 4261 1250 4313 τὸ
1277 4258 1586 4327 διατέμνειν
1608 4250 1942 4319 άποτολμᾷν.

481 4338 591 4439 γὰρ
621 4338 823 4434 Κύριος
883 4356 1089 4427 Ἰησοῦς
1126 4351 1381 4423 Χριστὸς,
1432 4349 1526 4402 καὶ
1567 4347 1633 4400 δι’
1666 4341 1832 4401 αὐτοῦ
1878 4338 1949 4394 τὰ

364 4462 541 4518 πάντα
575 4452 1045 4527 δεδημιούργηκεν
1070 4450 1099 4500 ό
1128 4446 1341 4514 Πατήρ.

438 4758 498 4812 B.
547 4748 787 4821 Ἀληθές.

437 4871 502 4923 Α.
533 4867 692 4921 Ἔστι
738 4854 1024 4927 τοιγαροῦν
1073 4849 1169 4904 καὶ
1217 4840 1569 4916 δημιουργὸς⁹
1613 4837 1830 4901 οεῖκῶς,
1859 4839 1954 4890 καὶ

370 4959 651 5033 ζωοποιὸς,
696 4955 771 5016 ὡς
813 4947 947 5019 ζωὴ,
991 4938 1410 5015 ὲνανθρωπίνως
1461 4934 1517 4988 δὲ
1588 4927 1655 4986 αὖ
1702 4931 1797 4983 καὶ
1842 4930 1957 4987 τοῖς

369 5020 510 5125 tiri-Ep
564 5020 850 5121 ἄνθρωπον
912 5038 1199 5109 ἰδιώμασιν
1263 5033 1343 5096 εἰς
1392 5029 1452 5082 ἓν
1512 5045 1564 5080 τι
1628 5025 1690 5078 τὸ
1749 5020 1951 5093 μεταξὺ

381 5114 747 5214 συγκείμενος.
775 5135 1017 5203 Μεσίτης
1045 5128 1151 5199 γάρ
1180 5128 1294 5179 ἐστι
1332 5121 1467 5176 Θεοῦ
1495 5120 1588 5174 καὶ
1630 5114 1952 5187 ἀνθρώπων,

373 5203 516 5292 κατὰ
539 5203 637 5294 τάς
673 5226 919 5300 Γραφὰς,
965 5221 1127 5293 φύσει
1173 5218 1272 5289 μὲν
1300 5215 1557 5285 ὑπάρχων
1587 5210 1740 5273 Θεὸς,
1772 5205 1865 5259 καὶ
1895 5203 1955 5257 οὐ

373 5331 497 5400 δίχα
533 5296 754 5396 σαρκὸς,
824 5318 1112 5389 ἄνθρωπος
1167 5312 1224 5365 δὲ
1270 5307 1506 5379 ἀληθῶς,
1554 5304 1646 5357 καὶ
1695 5301 1754 5353 οὐ
1805 5296 1959 5373 ψιλὸς

376 5420 499 5477 καθ’
532 5416 700 5488 ἡμᾶς,
761 5410 874 5465 ἀλλ’
933 5410 1007 5461 ῶν
1036 5409 1175 5475 ὅπερ
1216 5399 1304 5474 ἦν,
1343 5402 1436 5454 καὶ
1464 5400 1511 5450 εἰ
1560 5396 1755 5463 γέγονε
1803 5387 1960 5459 σάρξ.

383 5478 696 5583 Γέγραπται
756 5501 885 5572 γὰρ,
937 5500 1019 5552 ὅτι
1060 5517 1078 5549 ι
1140 5492 1343 5566 Ἰησοῦς
1411 5487 1644 5561 Χριστὸς
1696 5483 1821 5555 χθὲς
1874 5478 1966 5531 καὶ

381 5603 639 5672 σήμερον,
681 5590 893 5652 saera;
943 5588 1037 5641 ml.
1098 5587 1176 5649 εἰς
1234 5584 1359 5646 τοὺς
1415 5579 1637 5639 αἰῶνας.
1674 5594 1690 5621 ι
1720 5569 1794 5625 τΠ
1860 5569 1966 5638 γάρ

378 5663 499 5763 viil.
531 5663 637 5742 διὰ
684 5686 781 5755 τῆς
838 5681 998 5749 ἁγίας
1026 5676 1302 5749 Παρθένου
1342 5671 1591 5741 τετέχθαι
1637 5663 1965 5734 πιστεύομεν

456 5892 730 5951 “Coloss.
765 5903 806 5949 ι.
847 5884 1033 5941 12-20.
1116 5880 1332 5936 “Joan.
1368 5895 1404 5940 ι.
1447 5875 1558 5931 ι-δ.

1406 441 1494 497 DE
1534 433 2045 496 INCARNATIONE
2080 425 2455 489 UNIGENITI.

1918 564 1964 620 Α
1992 552 2355 623 Principatus,
2392 546 2508 602 sive
2563 540 2891 597 Pmestates,
2941 525 3124 584 omnia
3162 535 3259 595 per
3315 519 3490 590 ipsum
3516 527 3570 569 et

1642 5875 1682 5905 ”
1708 5873 1725 5929 Ι
1754 5871 1881 5928 Cor.
1911 5883 2027 5926 \‘tll.
2059 5864 2111 5920 6.

1995 650 2049 703 in
2075 620 2194 716 ipso
2216 648 2399 699 creata
2433 643 2581 692 sunt.
2611 632 2677 687 Et
2706 629 2819 698 ipse
2853 635 2938 681 est
2971 631 3097 679 ante
3139 629 3350 679 omnes,
3373 620 3427 667 et
3452 623 3571 663 om-

1991 699 2192 794 nia‘in
2250 732 2376 802 ipso
2406 732 2682 783 constant.
2713 719 2777 774 Et
2812 718 2926 786 ipse
2977 721 3061 769 est
3111 715 3273 778 caput
3324 699 3573 770 corporis

1989 789 2381 888 Ecclesia-qui
2410 824 2493 870 est
2518 808 2869 884 principium,
2893 799 3285 872 primogenitus
3317 789 3481 863 709
3500 802 3568 841 ex

1992 916 2247 978 mortuis,
2292 922 2351 965 ut
2375 894 2447 965 sit
2496 909 2549 960 in
2591 900 2842 959 omnibus
2881 898 2996 965 ipse
3030 892 3323 962 primatum
3353 893 3573 938 tenens.

1990 970 2125 1079 Cuia
2152 1008 2205 1062 in
2234 970 2354 1077 ipso
2373 996 2700 1070 complacuit
2722 1003 2935 1046 omnem
2967 980 3352 1055 plenitudinem
3387 970 3577 1027 divini-

1992 1102 2121 1157 tatis
2152 1096 2477 1156 inhabitare,
2523 1100 2578 1145 et
2623 1099 2719 1157 per
2743 1096 2866 1136 eum
2916 1069 3254 1131 reconciliari
3294 1062 3476 1120 omnia
3520 1060 3578 1114 in

1993 1193 2129 1261 ipso,
2164 1185 2543 1259 paciﬁcantem
2593 1191 2693 1248 per
2747 1169 3064 1241 sanguinem
3096 1158 3273 1217 cruris
3314 1154 3432 1222 ejus
3466 1150 3580 1204 sive

3007 1256 3038 1261 --
3234 1257 3243 1261 -
3281 1245 3323 1261 ,ι
3442 1240 3579 1261 πη,

1994 1240 2129 1261 -,_-,
2166 1240 2215 1259 Γ
2250 1240 2259 1242 ι
2597 1240 2615 1248 _
2860 1240 2865 1241 γ

1993 1298 2114 1353 qua:
2153 1280 2207 1334 in
2258 1274 2441 1339 terris,
2500 1270 2615 1326 sive
2674 1280 2795 1335 qua:
2839 1262 2892 1315 in
2918 1256 3073 1315 cmlis
3125 1257 3252 1305 sunt
3281 1245 3347 1299 “.
3388 1262 3407 1294 ι
3442 1240 3583 1295 Ecce

1995 1343 2154 1443 quam
2188 1376 2374 1438 aperte
2404 1365 2567 1422 dicat,
2595 1374 2692 1430 per
2721 1358 2897 1425 ipsum
2926 1358 2980 1405 et
3014 1347 3067 1401 in
3099 1345 3218 1412 ipso
3247 1343 3427 1393 creata
3462 1343 3584 1386 esse

1994 1464 2173 1521 omnia
2205 1478 2220 1515 :
2247 1458 2498 1529 quodque
2519 1464 2644 1507 ante
2670 1459 2863 1504 omnes
2883 1443 2974 1504 sit,
2999 1446 3057 1493 et
3080 1433 3223 1504 quod
3242 1426 3421 1484 omnia
3455 1437 3584 1477 eon-

1996 1560 2143 1610 stant
2177 1552 2230 1605 in
2260 1549 2395 1618 ipso.
2431 1543 2699 1598 Praeterea
2746 1535 2877 1591 dicit
2904 1532 3077 1601 ipsum
3112 1537 3232 1579 esse
3253 1512 3582 1590 primogeni-

1999 1655 2109 1701 lum
2141 1658 2207 1699 ex
2250 1638 2501 1697 mortuis,
2538 1630 2784 1703 quodque
2819 1618 3124 1696 paciﬁcarit
3156 1628 3250 1685 per
3268 1607 3584 1677 sanguinem

2000 1750 2157 1792 suum
2205 1738 2538 1802 qurecunque
2566 1723 2620 1778 in
2650 1695 2989 1775 cmlissunt,
3042 1715 3098 1763 et
3147 1711 3478 1773 quacunque
3532 1695 3587 1745 in

2003 1826 2185 1881 terris.
2246 1820 2408 1890 Atqui
2457 1815 2585 1886 quis
2634 1819 2721 1867 est
2775 1800 3166 1878 primogenitus
3222 1809 3290 1849 ex
3333 1785 3585 1847 mortuis,

2162 1914 2409 1970 Christus
2439 1907 2618 1969 Jesus,
2654 1903 2758 1957 hoc
2801 1906 2906 1962 est,
2967 1892 3200 1948 Verbum
3252 1886 3306 1940 in
3339 1894 3503 1936 carne
3535 1887 3591 1929 et

2003 2024 2125 2064 cum
2153 2003 2362 2062 carne?
2386 2001 2572 2068 Neque
2600 1994 2744 2051 enim
2793 1987 2930 2044 mori
2963 1991 3126 2055 queat
3158 1979 3297 2032 Deus
3324 1972 3592 2028 exsistens

2009 2100 2242 2154 Verbum
2282 2114 2295 2149 :
2334 2104 2507 2160 neque
2547 2093 2762 2140 creator
2790 2079 2955 2132 totius
2994 2067 3233 2128 universi
3264 2063 3367 2120 dici
3423 2057 3594 2128 possit

2009 2190 2172 2245 homo
2201 2182 2369 2239 nostri
2400 2177 2615 2240 similis,
2649 2172 2751 2227 nisi
2775 2163 3044 2225 creaverit
3077 2156 3316 2229 quidem,
3346 2160 3405 2205 ut
3428 2147 3589 2210 Deus,

2011 2277 2229 2337 tametsi
2256 2291 2361 2331 non
2411 2236 2618 2338 absque
2639 2278 2802 2319 carne
2849 2253 3073 2324 intelligi
3105 2254 3303 2321 potest,
3325 2248 3446 2313 post
3472 2236 3596 2292 uni-

2016 2382 2201 2428 tatem.
2238 2361 2632 2432 Primogenitus
2656 2369 2784 2411 vero
2821 2367 2885 2407 ex
2940 2343 3170 2402 mortuis
3191 2347 3296 2401 est,
3330 2340 3598 2405 quatenus

2016 2459 2265 2532 apparuit
2286 2457 2469 2513 homo,
2502 2446 2714 2503 tametsi
2738 2449 2958 2512 propter
3005 2427 3436 2489 incarnationem
3492 2433 3598 2473 non

3197 2512 3361 2532 "sum
3414 2510 3462 2532 ε--
3512 2506 3595 2532 με..

2444 2506 2606 2595 Ceus.
2666 2506 2964 2589 Videturne
3017 2520 3112 2578 tibi
3163 2512 3365 2584 aliquid
3414 2510 3465 2563 in
3512 2506 3603 2561 his

2022 2631 2522 2707 reprehendendum
2548 2626 2575 2678 ἓ

2096 2840 2156 2898 Β.
2189 2837 2560 2908 Nequaquam.

2098 2957 2165 3011 Λ.
2203 2952 2311 3007 Sed
2343 2958 2400 3006 et
2430 2943 2555 3001 alibi
2581 2943 2683 2997 hoc
2714 2938 2887 3007 ipsum
2924 2933 3229 2984 asserentes
3278 2917 3462 2972 videas
3514 2924 3612 2967 eos

2030 3048 2120 3119 qui
2153 3045 2335 3101 divino
2383 3038 2587 3109 Spiritu
2632 3029 2797 3086 amati
2848 3026 3089 3079 fuerunt.
3139 3015 3376 3071 Joannes
3423 3007 3608 3062 enim:

2040 3284 2305 3389 principio
2330 3312 2467 3382 apud
2500 3310 2687 3364 Deum.
2713 3299 2907 3359 Omnia
2934 3310 3030 3364 per
3063 3292 3239 3361 ipsum
3275 3284 3413 3338 facta
3467 3287 3613 3339 sunt,

2041 3422 2096 3467 ει
2139 3411 2259 3464 sine
2309 3407 2426 3473 ipso
2455 3403 2656 3456 factum
2714 3403 2797 3450 est
2849 3388 2981 3442 nihil
3011 3386 3075 3436 ⁸³.
3120 3401 3138 3434 ι
3184 3377 3381 3434 Paulus
3432 3385 3562 3425 vero
3599 3385 3615 3422 :

2048 3522 2066 3555 ι
2112 3501 2287 3565 Unus,
2346 3495 2542 3565 inquit,
2581 3492 2725 3546 Deus
2769 3487 2949 3546 Pater,
2991 3493 3057 3534 ex
3091 3487 3199 3544 quo
3223 3466 3444 3530 omnia;
3480 3473 3621 3515 unus

2046 3594 2302 3648 Dominus
2355 3587 2514 3643 Jesus
2570 3583 2844 3641 Christus,
2904 3589 3001 3645 per
3067 3580 3227 3638 quem
3285 3558 3466 3615 omnia
3492 3555 3557 3608 ⁸⁸.
3595 3570 3617 3605 ι

2047 3782 2253 3837 unitum
2284 3785 2367 3831 est
2416 3744 2591 3834 carni,
2644 3764 2895 3836 quodque
2952 3757 3099 3811 illum
3150 3752 3202 3805 in
3252 3744 3622 3802 diversitatem

2046 3872 2336 3944 quamdam
2370 3865 2589 3925 dividat,
2614 3860 2688 3913 ita
2726 3865 2782 3908 ut
2811 3850 3122 3907 dualitatem
3155 3838 3444 3910 quamdam
3483 3832 3622 3885 lilio-

2049 3981 2165 4020 rnm
2189 3960 2503 4018 constituat,
2552 3952 2691 4006 sicut
2715 3945 2809 4000 tibi
2842 3942 3053 3996 videtur
3085 3952 3099 3988 :
3137 3928 3406 3998 quomodo
3442 3920 3622 3977 omnia

2047 4066 2228 4113 creata
2260 4060 2383 4106 sunt
2427 4061 2522 4117 per
2568 4040 2749 4097 Jesum
2781 4032 3056 4090 Christum
3085 4020 3295 4091 ?Alqui
3327 4013 3506 4072 omnia
3530 4025 3627 4080 per

2049 4151 2225 4220 ipsum
2255 4105 2442 4197 creata
2469 4143 2612 4190 sunt.
2638 4126 2978 4184 Manifestum
3012 4118 3173 4188 igitur
3203 4121 3286 4168 est
3318 4105 3461 4177 quod
3502 4116 3625 4171 qna:

2762 4219 2767 4220 ⁷
2995 4212 3033 4220 ·’
3103 4207 3115 4220 “
3284 4201 3341 4220 ς)
3375 4213 3432 4220 Α-
3466 4194 3625 4220 nn.--

2051 4194 2242 4297 nlatura
2273 4243 2327 4289 et
2358 4225 2704 4301 peculiariter
2758 4219 2941 4273 insunt
2995 4207 3170 4267 Verbo
3200 4201 3343 4275 quod
3371 4213 3437 4254 ex
3466 4194 3629 4249 Patre

2050 4328 2313 4405 procedit,
2344 4331 2562 4379 manent
2586 4317 2746 4374 etiam
2777 4313 2829 4367 in
2853 4311 2972 4379 ipso
3005 4318 3127 4360 cum
3148 4300 3350 4354 factum
3373 4298 3458 4347 est
3482 4302 3630 4345 caro.

2052 4423 2422 4482 Periculosum
2480 4417 2659 4484 itaque
2718 4415 2803 4462 est
2855 4404 2970 4459 base
3004 4394 3190 4470 partiri
3238 4406 3303 4446 ac
3354 4396 3629 4455 separare.

2052 4520 2208 4579 Unus
2229 4515 2374 4569 enim
2408 4508 2668 4563 Dominus
2696 4500 2854 4555 Jesus
2889 4492 3158 4549 Christus,
3214 4493 3266 4539 et
3306 4494 3401 4551 per
3453 4474 3630 4544 ipsum

1984 4592 2032 4648 Ῑ)
2056 4610 2236 4669 omnia
2268 4603 2473 4662 ereavit
2498 4600 2680 4655 Pater.

2130 4726 2191 4782 Β.
2221 4724 2295 4779 lla
2323 4729 2425 4775 est.

2133 4841 2198 4895 A.
2240 4835 2338 4893 Est
2391 4831 2555 4899 igitur
2595 4833 2648 4878 et
2692 4830 2928 4880 creator,
2965 4806 3264 4868 divinitatis
3322 4800 3641 4863 ratione;et

2064 4927 2365 4987 virilieans,
2418 4927 2601 4987 utpote
2655 4914 2808 4966 vita:
2866 4908 3097 4961 humana
3164 4908 3342 4951 autem
3402 4886 3640 4943 vicissim

2066 5018 2297 5079 ratione,
2343 5029 2406 5067 ex
2439 5001 2861 5081 proprietatibus
2912 5009 3032 5065 qua:
3067 4988 3335 5046 hominem
3370 4978 3641 5034 excedunt

2067 5110 2118 5163 in
2159 5121 2323 5161 unum
2359 5100 2485 5171 quid
2527 5092 2904 5151 intermedium
2949 5077 3298 5148 compositus.
3380 5067 3643 5123 Mediator

2067 5196 2211 5251 enim
2247 5201 2331 5246 est
2358 5189 2448 5243 Dei
2482 5194 2536 5241 et
2561 5182 2860 5241 hominum,
2903 5169 3195 5228 secundum
3228 5162 3541 5229 Scripturas
3574 5154 3641 5218 ⁸⁷,

2069 5298 2257 5342 natura
2292 5281 2507 5352 quidem
2541 5273 2813 5329 exsistens
2838 5266 2999 5326 Deus,
3025 5268 3078 5315 ει
3103 5271 3207 5311 non
3231 5254 3435 5319 absque
3457 5262 3642 5303 carne.

2068 5381 2231 5435 homo
2264 5384 2442 5429 autent
2479 5381 2626 5433 vere,
2663 5377 2767 5418 non
2809 5357 2952 5413 unde
3000 5362 3161 5420 atque
3211 5341 3547 5412 simpliciter,
3586 5347 3646 5391 ut

2070 5486 2187 5533 nos,
2217 5466 2309 5522 sed
2338 5461 2605 5517 exsistens
2650 5455 2701 5509 id
2732 5449 2875 5522 quod
2911 5456 3049 5510 erat,
3103 5435 3313 5494 etiamsi
3363 5432 3541 5487 factus
3579 5430 3649 5482 sit

2070 5577 2219 5617 caro.
2273 5556 2546 5624 Scriptum
2595 5556 2676 5604 est
2721 5546 2889 5604 enim,
2943 5535 3087 5602 quod
3131 5550 3148 5583 ι
3202 5527 3358 5585 Jesus
3398 5523 3649 5581 Christus

2073 5654 2184 5710 heri
2224 5660 2277 5707 et
2308 5648 2514 5711 hodie;
2544 5642 2683 5697 idem
2730 5638 2844 5708 ipse
2890 5640 2945 5687 et
2994 5625 3159 5699 710
3204 5623 3257 5679 in
3297 5616 3492 5676 saecula
3524 5614 3645 5668 ".a

2208 5861 2243 5892 *’
2272 5857 2288 5913 Ι
2324 5854 2465 5911 Tim.
2497 5867 2557 5912 ιι.
2587 5848 2638 5903 5.
2723 5844 2762 5875 ⁸⁵
2791 5839 2955 5895 llehr.
2987 5846 3105 5899 aut,
3137 5828 3189 5889 8.
