4122 6594
536 462 669 516 1247

1520 449 1577 505 8.
1618 443 1893 503 εγιιιιιι
1932 431 2398 497 ALEXANDRINI
2437 427 2761 486 ARCHIEP.

3661 401 3832 461 12‘s

535 587 722 637 Annon
775 574 918 631 enim
949 587 1011 627 ex
1041 578 1225 625 sancta
1260 568 1475 639 Virgine
1505 576 1687 622 natum
1739 565 2008 620 credimus
2051 561 2103 614 in
2135 610 2139 619 ί

2241 576 2266 611 ν
2324 553 2572 624 ἐσχάτοις
2620 548 2714 602 τοῦ
2771 544 2963 607 αἰῶνος
3027 539 3236 610 καιροῖς
3280 534 3371 588 τὸν
3412 523 3831 601 Ἑμμανουήλς

536 670 739 729 ultimis
791 664 972 722 saeculi
1018 663 1353 730 temporibus
1376 656 1823 715 Emmanuelem?

605 762 665 816 Β.
725 758 978 813 Omnino.
1027 754 1219 823 Neque
1250 754 1395 809 enim
1445 750 1617 807 sacris
1668 746 1967 819 Scripturis
2021 761 2107 800 re-

536 862 853 921 pugnamus.

606 940 671 994 Α.
699 940 766 993 At
790 951 940 999 vero,
966 935 1050 989 die
1077 933 1229 1001 mihi,
1251 932 1440 995 amice,
1475 930 1603 984 illud
1635 946 1653 981 ι
1686 928 1801 984 heri
1820 936 1872 982 et
1899 925 2057 981 hodie
2087 943 2108 976 t

539 1040 716 1079 nonne
773 1038 1009 1094 praesens
1054 1032 1109 1077 et
1157 1023 1267 1092 jam
1304 1020 1635 1091 praeteritum
1688 1028 1904 1086 tempus
1949 1015 2112 1085 signi-

541 1115 708 1170 licat?

612 1208 671 1261 Β.
703 1206 798 1262 Ita.

611 1300 676 1353 Α.
728 1298 1007 1366 Quomodo
1062 1296 1226 1366 igitur
1284 1294 1422 1349 idem
1480 1293 1588 1347 erit
1643 1307 1765 1346 cum
1819 1290 2117 1359 praeterito,

544 1390 754 1443 tametsi
780 1388 1013 1443 nondum
1044 1386 1336 1441 secundum
1378 1398 1593 1439 carnem
1625 1392 1784 1436 natus
1816 1380 1928 1436 sit?

612 1473 675 1531 Β.
706 1473 840 1540 Quia
866 1483 981 1528 erat
1012 1471 1248 1527 Verbum
1287 1471 1447 1525 etiam
1490 1471 1543 1524 in
1571 1470 1859 1539 principio,
1908 1478 1962 1523 et
1997 1478 2118 1522 tan-

2283 731 2344 782 B.
2376 725 2504 781 Ναί.
2536 725 2667 786 Ταῖς
2701 721 2807 791 γάρ
2841 735 2924 772 τοι
2954 714 3130 777 θείαις
3168 711 3268 765 οὐκ
3303 703 3641 779 ἁντεροῦμεν
3663 700 3815 769 Γρα-

2213 820 2358 888 φαῖς.

2283 911 2348 965 Α.
2377 908 2451 960 Τὸ
2477 907 2534 960 δὲ
2564 905 2628 977 δὴ
2661 904 2818 975 χθὲς,
2854 900 2977 954 εἰπέ
3010 915 3119 969 μοι,
3165 892 3262 949 xui
3305 891 3564 961 τήμερον,
3610 881 3824 977 καιρξον

2212 1005 2366 1073 ἡμῖν,
2402 994 2448 1053 ὦ
2478 973 2724 1070 φιλότής,
2750 995 2872 1065 οὐχὶ
2914 992 3005 1045 τὸν
3043 988 3371 1058 ἐνεστήκοτα
3412 981 3508 1035 xui
3554 978 3656 1031 τὸν
3706 973 3823 1045 ἤδη

2217 1091 2585 1165 παρῳχηκότα
2613 1085 3057 1156 κατασημήνειαν
3086 1082 3186 1145 άνς

2382 1183 2630 1338 ζηῶῗίοῦν
2658 1272 2686 1325 ὁ
2707 1269 2867 1332 αὐτὸς
2888 1266 2976 1336 εἴη
3006 1263 3072 1318 ἂν
3101 1260 3179 1324 εἷς
3209 1275 3273 1329 γε
3300 1257 3389 1313 τὸν
3406 1252 3818 1326 παρῳχηκότα,

2219 1369 2399 1423 καίτοι
2422 1366 2637 1435 γένεσιν
2660 1360 2811 1416 οΰπω
2847 1358 2944 1429 τὴν
2983 1352 3124 1410 κατὰ
3160 1352 3340 1421 σάρκα
3370 1347 3549 1401 λαϐὼν
3575 1364 3589 1413 ;

2290 1459 2352 1511 Β.
2380 1433 2503 1508 ’Ότι
2527 1450 2595 1525 ἦν
2615 1454 2643 1505 ὁ
2669 1451 2839 1519 Λόγος
2864 1446 2959 1503 xui
3005 1448 3063 1498 ὲν
3103 1445 3269 1513 ἀρχῇ,
3304 1439 3397 1494 καὶ
3428 1439 3502 1503 ὡς
3540 1437 3600 1504 ἐξ
3631 1433 3821 1489 ἀϊδίου

543 1525 831 1633 quant-ge:
872 1574 1074 1618 aeterno
1127 1572 1292 1631 atque
1343 1525 1664 1617 immutabili
1709 1561 1818 1616 Deo
1850 1574 1914 1614 ac
1961 1558 2120 1614 Patre

2241 1551 2314 1603 cui
2338 1548 2608 1619 άτρέπτου
2636 1539 2890 1613 πεφηνὼς
2922 1536 3015 1591 τοῦ
3038 1533 3173 1589 Θεοῦ
3190 1534 3284 1587 xui
3303 1530 3534 1633 Πατρὸς,
3564 1529 3686 1597 ἔχει
3719 1525 3821 1577 καὶ

546 1656 862 1724 procedens,
917 1655 1274 1709 aeternitatem
1322 1669 1537 1724 quoque
1566 1664 1727 1724 atque
1758 1651 2113 1709 immutabili-

546 1757 707 1800 talem
747 1746 799 1799 in
829 1761 888 1800 se
917 1747 1097 1800 habet.

616 1840 681 1892 Α.
749 1837 934 1891 Laudo
993 1846 1139 1891 tuam
1194 1838 1571 1904 sententiam;
1616 1836 1919 1893 rectissima
1974 1836 2117 1890 enim

546 1940 649 1985 cst.
680 1928 947 1985 Caeterum
976 1930 1077 1983 hoc
1104 1930 1267 1982 etiam
1297 1928 1426 1983 mibi
1465 1929 1636 1985 dicas.

620 2108 683 2162 Β.
717 2107 980 2174 Quidnam
1006 2106 1031 2160 ἲ

621 2202 689 2255 Δ.
740 2198 928 2254 Nonne
982 2214 1173 2254 recens
1218 2203 1506 2254 admodum
1560 2209 1643 2255 est
1706 2216 1901 2254 nomen
1967 2199 2123 2254 Jesus

2224 1640 2387 1702 αὐτὸς
2414 1638 2488 1701 ὼς
2511 1638 2567 1688 ἐν
2600 1634 2707 1704 ἰδίᾳ
2731 1629 2893 1701 φύσει
2922 1628 2982 1681 τὸ
2998 1625 3167 1680 ἀΐδιόν
3194 1640 3253 1677 τε
3288 1622 3385 1676 xui
3405 1621 3710 1692 ἄτρεπτον.

2294 1838 2358 1890 Δ.
2406 1830 2643 1887 Ἐπαινῶ
2684 1828 2785 1900 τὴν
2829 1824 3004 1890 δόξαν·
3060 1822 3174 1893 ἔχει
3221 1821 3330 1891 γὰρ
3360 1812 3486 1881 ὧδε,
3537 1819 3635 1872 xui
3693 1817 3821 1869 λίαν

2152 1894 2196 1952 Β
2224 1928 2419 2001 ὀρθῶςο
2458 1894 2903 1995 φιλοπευστοῦντι
2942 1916 2988 1969 δ’
3019 1910 3111 1969 οὗν
3150 1914 3299 1984 ὅμως
3356 1913 3591 1983 φράσαις
3624 1911 3723 1973 ἂν,
3778 1904 3824 1962 ὦ

2226 2019 2421 2088 ἀγαθέ.

2346 2104 2579 2170 .’Ῐὸτί,

2346 2147 2359 2161 .
2391 2109 2464 2159 Τὸ
2490 2109 2541 2159 τί
2564 2146 2579 2170 ,

2298 2109 2363 2253 Ξ.
2389 2194 2466 2251 Ἦ
2503 2196 2624 2266 οὐχὶ
2662 2194 2928 2249 νεώτατον
2966 2192 3183 2264 κομιδῇ,
3227 2190 3321 2244 xui
3357 2189 3471 2251 τοῖς
3513 2185 3617 2255 τῆς
3651 2185 3821 2238 {vav—

552 2292 819 2357 (Zhristus,
872 2302 1032 2360 atque
1083 2295 1199 2360 ipso
1249 2291 1636 2347 incarnationis
1678 2302 1916 2362 tempore
1948 2291 2124 2346 Verbo

2241 2292 2568 2364 θρωπήσεως
2600 2289 2811 2359 χρόνοις
2836 2283 3273 2357 συνδεδραμηκδς
3317 2282 3486 2350 ὄνομα
3519 2277 3600 2349 τῷ
3629 2276 3823 2344 Λόγῳ,

553 2383 779 2438 inditum
809 2383 832 2436 ?

624 2474 685 2528 Β.
746 2474 857 2529 lloc
914 2485 1060 2529 certe
1108 2476 1519 2545 quamplurimis
1570 2478 1907 2545 argumentis
1970 2476 2127 2530 nobis

553 2576 771 2621 εειρηξιι
782 2582 828 2618 m
870 2577 973 2621 est.

626 2680 693 2735 A.
743 2677 1001 2749 lntelligis
1067 2681 1248 2749 itaque
1304 2681 1442 2749 quod
1493 2681 1768 2736 Christum
1823 2680 2028 2744 Jesum,
2076 2693 2131 2735 et

557 2788 661 2825 non
697 2771 1013 2839 simpliciter
1038 2771 1270 2827 Verbum
1298 2773 1411 2826 beri
1462 2782 1515 2827 et
1553 2774 1712 2825 hodie
1736 2774 1984 2827 eumdem
2012 2788 2132 2827 esse

556 2861 719 2923 dicat.
755 2872 806 2915 et
838 2863 888 2915 in
926 2862 1141 2919 saecula.
1180 2861 1297 2927 Quo
1331 2872 1486 2930 pacto
1520 2873 1696 2917 autem
1756 2863 1828 2917 sit
1882 2864 2134 2917 immuta-

560 2950 704 3016 bilis,
739 2963 792 3006 et
821 2952 874 3006 in
912 2955 1099 3007 eodem
1123 2969 1337 3022 semper
1368 2962 1511 3007 statu
1562 2964 1874 3023 permaneat
1903 2956 2135 3011 hominis

561 3052 775 3107 natura,
840 3058 961 3097 cum
1007 3044 1211 3111 alioqui
1259 3053 1460 3099 motum
1497 3046 1785 3114 sustineat,
1836 3056 1890 3102 et
1916 3047 2133 3116 quidem

560 3146 670 3199 prae
707 3130 827 3186 aliis
853 3146 974 3185 emn
1004 3133 1094 3202 qni
1130 3132 1189 3186 lit
1214 3146 1243 3185 a
1272 3147 1376 3186 non
1403 3147 1525 3188 esse
1566 3139 1632 3188 ad
1667 3150 1789 3191 esse
1815 3151 1878 3191 ac
1902 3137 2085 3192 vivere
2112 3135 2143 3190 ἲν

2230 2385 2314 2447 τὸ,
2357 2382 2564 2453 Ἰησοῦς
2601 2380 2835 2451 Χριστός
2854 2394 2870 2445 ;

2308 2475 2364 2529 Β.
2422 2473 2535 2529 Kui
2598 2470 2704 2541 μὴν
2788 2467 2948 2522 τοῦτο
3009 2467 3142 2537 ήμῖν
3192 2462 3281 2515 διὰ
3344 2460 3612 2514 πλείστων
3671 2458 3833 2510 ὅσων.

2235 2565 2474 2635 ἐδείχθη.

2308 2679 2375 2733 Α.
2407 2678 2572 2741 Σύνες
2603 2675 2717 2740 οὖν,
2748 2676 2831 2729 ὅτι
2858 2672 3092 2743 Χριστὸν
3135 2667 3342 2742 Ἰησοῦν
3372 2667 3465 2721 xui
3494 2666 3553 2718 οὐ
3603 2679 3825 2735 μονοει-

2238 2772 2343 2834 δῶς
2366 2770 2457 2823 τὸν
2485 2769 2657 2837 Λόγον
2688 2766 2815 2838 χθές
2866 2781 2926 2816 τε
2965 2762 3061 2825 καὶ
3097 2764 3338 2832 σήμερον
3375 2758 3461 2811 τὸν
3491 2754 3655 2811 αὑτὸν
3678 2749 3828 2805 εἶναί

2242 2882 2394 2939 φησι.
2424 2865 2517 2919 καὶ
2543 2861 2781 2927 εἴς”ιτιὺς
2804 2858 3026 2921 αἰῶνας.
3069 2855 3192 2919 Πῶς
3220 2854 3263 2906 δ’
3294 2853 3362 2906 ἂν
3402 2850 3513 2921 ἔχοι
3555 2848 3618 2902 τὸ
3657 2847 3825 2939 άτρεο

2242 2938 2377 3012 πτόν
2401 2975 2461 3011 τε
2494 2957 2588 3010 xui
2610 2954 2708 3026 τὴν
2738 2955 2796 3005 ὲν
2827 2951 3116 3019 ταυτότητι
3143 2945 3407 3017 διαμονὴν
3452 2945 3485 3014 ή
3525 2938 3828 3011 ἀνθρώπου

2244 3051 2406 3121 φύσις
2435 3093 2449 3117 ,
2493 3046 2673 3103 καίτοι
2710 3044 2923 3113 κίνησιν
2957 3037 3323 3109 ὑπομένουσα,
3366 3034 3460 3087 xui
3493 3032 3599 3102 πρό
3619 3047 3684 3099 γε
3711 3028 3830 3082 τῶν

2245 3143 2476 3205 ἄλλλων,
2503 3138 2602 3210 τὴν
2630 3135 2690 3201 ἐξ
2721 3136 2821 3188 οὐκ
2847 3133 3018 3186 ὄντων
3047 3132 3126 3194 είς
3148 3129 3209 3182 τὸ
3229 3122 3368 3180 εἶναι
3396 3124 3490 3179 xui
3512 3124 3609 3194 ζῇν
3637 3139 3653 3187 ;

631 3240 693 3295 Β.
751 3240 1035 3294 Aberravit
1076 3241 1255 3310 itaque
1285 3257 1314 3295 a
1354 3258 1481 3297 vero
1529 3260 1683 3298 sacra
1728 3244 2039 3317 Scriptura,
2080 3257 2135 3304 et.

2310 3258 2372 3309 B.
2402 3252 2788 3323 Διημάρτηκεν
2814 3239 2907 3298 οὖν
2929 3243 3037 3313 ἄρα
3053 3237 3318 3305 τάληθοῦς
3337 3239 3468 3307 ἡμῖν
3496 3234 3559 3288 τὸ
3584 3232 3843 3303 ι’ράμμσ.

560 3334 652 3404 qui
690 3332 848 3387 hodie
880 3341 1106 3395 nonest,
1140 3334 1292 3403 prius
1324 3335 1599 3390 exstitisse
1630 3338 1810 3392 dicit?

628 3424 695 3477 Α.
731 3420 992 3490 Equidem
1033 3423 1085 3477 id
1118 3438 1455 3491 nequaquam
1480 3425 1731 3480 dixerim.
1778 3426 1962 3498 Longe
1991 3429 2135 3482 enim

562 3518 735 3569 abest.
774 3512 901 3566 Heri
933 3521 986 3566 et
1032 3515 1188 3567 hodie
1224 3514 1387 3577 idem,
1452 3517 1580 3570 etin
1631 3517 1827 3571 szecnla
1889 3518 2140 3574 Christus

564 3606 737 3660 Jesus.
808 3602 973 3658 Verbi
1000 3613 1178 3659 autem
1237 3607 1613 3674 antiquitatem
1684 3617 1739 3662 et
1797 3609 2142 3664 immutabili-

568 3702 728 3746 tatem
776 3706 1112 3761 nequaquam
1171 3695 1504 3763 negaverim,
1563 3695 1776 3749 tametsi
1817 3695 2015 3751 factum
2068 3697 2141 3752 sit

566 3800 695 3839 caro
729 3802 742 3837 :
771 3791 825 3836 at
888 3784 1069 3852 potius
1129 3785 1432 3839 censuerim
1479 3786 1685 3840 ratione
1747 3789 1966 3842 unitatis
2015 3806 2138 3842 cum

568 3878 781 3946 proiiria
834 3892 929 3931 sua
987 3892 1171 3941 carne,
1228 3877 1473 3945 eumqui
1531 3878 1647 3931 heri
1686 3888 1825 3942 erat,
1875 3888 2143 3950 anteaque

567 3968 887 4034 exsistebat,
946 3984 1132 4022 rursus
1180 3969 1444 4023 declarari
1512 3981 1673 4037 atque
1723 3972 1930 4025 ostendi
1982 3986 2142 4025 eum-

568 4064 711 4116 dem.
767 4061 976 4116 Idcirco
1027 4064 1255 4116 oderant
1308 4063 1454 4116 illum
1509 4071 1563 4117 et
1601 4063 1866 4132 lapidibus
1908 4063 2145 4121 obruere

570 4153 817 4206 volebant
841 4154 1114 4209 dementes
1135 4152 1330 4216 Judaai,
1358 4156 1514 4208 tidem
1543 4156 1641 4223 ipsi
1676 4172 1778 4210 non
1800 4156 2142 4215 adhibentes.

574 4243 686 4301 Hoc
716 4246 859 4299 enim
893 4245 1011 4299 illos
1044 4246 1303 4300 ailOllilOS
1354 4246 1589 4311 tenebat,
1623 4248 1765 4316 quod
1812 4264 1931 4302 cum
1978 4264 2144 4318 appa-

577 4346 721 4391 reret
754 4337 916 4391 homo
963 4338 1132 4391 nostri
1177 4337 1391 4401 similis,
1434 4338 1807 4405 antiquitatem
1840 4339 1941 4393 sibi
1979 4339 2145 4407 majo-

577 4443 687 4482 rem
722 4442 883 4497 quam
909 4442 1030 4497 quae
1060 4428 1111 4482 in
1136 4428 1408 4482 hominem
1453 4430 1598 4483 cadit
1631 4438 1930 4498 arrogaret,
1961 4431 2146 4486 dicens

2238 3352 2299 3406 τὸ
2331 3350 2496 3421 ἱερὸν,
2526 3347 2617 3400 xui
2653 3342 2744 3397 τὸν
2772 3341 2898 3413 χθὲς
2921 3339 3021 3392 οὐκ
3043 3337 3171 3390 ὄντα
3200 3331 3446 3406 προεῖναι
3476 3344 3678 3421 φησινξ

2310 3418 2573 3510 ΛίΦαίην
2607 3437 2672 3491 ἂν
2712 3435 2832 3505 οὐχὶ
2867 3431 3027 3485 τοῦτο
3070 3428 3202 3497 ἐγώ.
3248 3422 3448 3478 Πολλοῦ
3484 3439 3548 3490 γε
3589 3420 3689 3473 xui
3718 3418 3828 3471 δεῖ.

2242 3535 2383 3597 Χθὲς
2431 3532 2527 3586 καὶ
2579 3531 2819 3599 σήμερον
2868 3524 2896 3576 ό
2939 3521 3100 3581 αὐτὸς
3146 3519 3237 3573 xui
3278 3519 3357 3580 είς
3408 3515 3537 3577 τοὺς
3591 3511 3833 3575 αἰῶνας,

2242 3621 2475 3694 Χριστὸς
2517 3617 2743 3689 Ἰησοῦς.
2787 3615 2861 3667 Τὸ
2891 3613 2947 3666 δὲ
2981 3609 3075 3664 τοῦ
3108 3609 3281 3677 Λόγου
3324 3604 3699 3677 πρεσϐύτατον
3728 3602 3829 3654 xui

2244 3693 2484 3779 άκλινὲς,
2513 3712 2713 3781 ἥκιστα
2747 3706 2844 3776 μὲν
2885 3704 3216 3776 ἀρνήσομαι,
3247 3700 3343 3753 xui
3372 3700 3421 3751 εἱ
3446 3696 3638 3765 γέγονε
3664 3693 3829 3763 σάρξο

2244 3809 2501 3877 οἰήσομαι
2532 3802 2589 3855 δὲ
2620 3800 2740 3854 καθ’
2780 3798 2975 3850 ἕνωσιν
3011 3793 3148 3863 μετὰ
3181 3791 3279 3863 τῆς
3320 3790 3457 3852 ἰδίας
3486 3788 3709 3858 σαρκὸς,
3747 3786 3829 3846 ὡς

2245 3898 2373 3969 χθὲς
2406 3896 2534 3949 ὅντα
2566 3891 2661 3945 xui
2695 3886 3137 3960 προϋπάρχοντα,
3188 3879 3618 3950 καταδηλοῦσθαι
3660 3878 3831 3930 πάλιν

2246 3989 2427 4043 αὐτόν.
2457 3986 2568 4038 Kui
2596 3982 2726 4052 γοῦν
2781 3978 3115 4049 ἐμυσάττετο
3151 3975 3248 4042 μὲν
3284 3974 3313 4025 ὁ
3344 3972 3649 4042 παράφρων
3691 3971 3828 4023 Ἰουο

2245 4081 2391 4143 δαῖος
2426 4077 2521 4131 xui
2546 4072 2867 4130 καταλιοοῦν
2895 4068 3190 4137 ἐπεχείρει,
3227 4066 3327 4134 τὴν
3360 4065 3543 4116 πίστιν
3559 4063 3618 4115 οὐ
3655 4078 3828 4131 προσ-

2250 4175 2480 4244 ιέμενος.
2542 4164 2927 4237 Κατατεθήπει
2968 4162 3112 4232 γὰρ,
3166 4160 3249 4213 ὅτι
3293 4156 3468 4211 καίτοι
3513 4153 3633 4208 καθ’
3678 4155 3827 4223 ἡμᾶς

2247 4262 2522 4335 ὁρώμενος
2545 4257 2850 4329 ἄνθρωπος,
2876 4254 2977 4324 τῆς
3000 4251 3138 4323 ὑπὲρ
3158 4248 3443 4320 ἄνθρωπον
3466 4245 3831 4335 ἀρχαιότητος,

2251 4334 2427 4424 ἑαυτῷ
2457 4353 2516 4406 τὸ
2544 4348 2909 4423 πρεσϐύτερον
2937 4340 3329 4414 ἐπεμαρτύρει,
3370 4338 3543 4405 λέγων
3574 4335 3648 4399 ὼς
3669 4334 3824 4398 Θεός⁴

2256 4467 2274 4498 ι
2310 4445 2502 4517 Ἀμὴν,
2538 4442 2702 4513 ἀμὴν,
2734 4440 2877 4508 λέγω
2902 4438 3052 4505 ὑμῖν,
3085 4435 3214 4505 πρὶν
3260 4430 3510 4502 Ἀϐραάμ
3548 4428 3825 4497 γενέσθαι,

573 4531 632 4574 ιιι
685 4520 868 4575 Dens:
909 4538 927 4570 ι
992 4520 1186 4582 Amen,
1233 4535 1387 4573 amen
1459 4521 1579 4574 dico
1631 4521 1804 4585 vobis,
1853 4531 2139 4592 antequam

2252 4539 2362 4609 ἐγώ
2395 4539 2529 4608 εἰμι.
2556 4554 2575 4587 ι
2631 4535 2759 4587 Ὅτε
2798 4529 2892 4583 xui
2934 4526 3069 4599 πρὸς
3111 4524 3270 4578 τοῦτο
3318 4522 3555 4592 ἔφασκον
3606 4520 3822 4609 ἐκείνοι·

570 4615 843 4669 Abraham
878 4612 1053 4677 ﬁeret,
1086 4626 1183 4681 ego
1207 4628 1323 4666 sum
1368 4613 1431 4666 ιν.
1472 4632 1491 4664 ι
1526 4612 1610 4667 Ad
1637 4615 1782 4683 quod
1823 4613 1895 4669 illi
1924 4587 2139 4683 respon-

2253 4587 2638 4699 ;.llwsv;iixowu
2676 4622 2771 4690 ἔτη
2805 4587 3168 4687 οὔπω-ἔχεις,
3214 4614 3309 4668 καὶ
3362 4587 3615 4682 Ἆϐραάμ
3656 4607 3829 4678 ἐώρα-

572 4708 763 4760 derunt
802 4722 816 4758 :
851 4724 869 4758 ι
916 4704 1319 4773 Quinquaginta
1369 4720 1539 4759 annos
1593 4707 1832 4759 nondum
1874 4706 2059 4771 habes,
2092 4714 2147 4760 et

571 4798 844 4852 Abraham
903 4795 1079 4849 vidisti
1110 4796 1157 4828 ¹⁰
1196 4795 1220 4848 ?
1275 4815 1292 4847 ι
1344 4794 1481 4861 Quin
1543 4805 1596 4850 et
1634 4795 1870 4849 Joannes
1897 4797 1966 4849 ita
2021 4798 2142 4850 ait:

578 4907 597 4941 ι
631 4888 730 4954 Qui
752 4896 871 4956 post
894 4902 979 4941 me
1007 4897 1268 4941 venturus
1289 4895 1391 4950 est,
1422 4899 1657 4942 anteme
1689 4886 1865 4940 factus
1888 4897 1991 4950 est,
2019 4888 2144 4956 quia

572 4982 720 5053 prior
753 4996 838 5036 me
864 4991 983 5036 erat
1005 4982 1071 5034 ²¹.
1108 4998 1127 5032 t
1171 4981 1331 5049 Atqui
1367 4982 1636 5050 quomodo
1663 4996 1821 5049 quem
1874 4977 2145 5035 hominem

572 5087 693 5128 esse
748 5082 903 5127 norat
956 5080 1011 5126 et
1056 5073 1283 5127 vocabat
1346 5069 1775 5135 Emmanuelem,
1824 5079 1951 5123 ante
1990 5085 2048 5124 se
2090 5078 2145 5125 et

574 5167 803 5234 priorem
838 5165 1034 5219 factum
1073 5178 1195 5219 esse
1239 5165 1391 5228 dicit,
1438 5178 1559 5216 cum
1616 5171 1736 5231 post
1784 5162 1958 5232 ipsum
1990 5171 2147 5217 natus

574 5259 735 5315 fuerit
756 5259 779 5313 ?

646 5379 709 5432 Β.
733 5378 875 5432 Ante
910 5378 1084 5446 ipsum
1138 5375 1341 5429 factum
1392 5387 1514 5429 esse
1543 5382 1673 5429 otett
1706 5372 1914 5428 ratione
1942 5372 2143 5444 gloriae,

578 5480 635 5525 ut
669 5485 768 5540 ego
801 5471 1012 5539 quidem
1063 5468 1221 5539 711
1255 5466 1515 5537 intelligo.

647 5583 711 5637 A.
755 5583 923 5637 Porro
971 5581 1160 5635 falsum
1211 5579 1614 5649 absurdumque
1661 5592 1781 5635 esse
1831 5582 1900 5634 ita
1951 5581 2155 5635 sentire

584 5673 769 5743 paucis
799 5674 1087 5740 intelliges.
1120 5671 1251 5725 Nam
1283 5671 1328 5725 si
1361 5671 1486 5725 illud
1508 5713 1522 5738 ,
1551 5682 1705 5737 ante,
1735 5673 2156 5740 interpretemur

658 5853 697 5882 "
721 5848 875 5906 Joan.
910 5865 1027 5917 \‘llt,
1056 5849 1145 5913 58,
1222 5849 1264 5878 ’⁵
1293 5846 1419 5905 ibid.
1459 5845 1547 5901 57.
1624 5848 1665 5879 ²¹
1696 5843 1850 5901 Joan.
1891 5859 1927 5912 t,
1952 5844 2043 5899 27.

2251 4738 2417 4785 καςς»
2454 4719 2598 4788 Ἔφη
2625 4716 2683 4769 δὲ
2715 4714 2809 4768 xui
2853 4710 3127 4779 Ἰωάννης·
3184 4727 3201 4758 ι
3243 4709 3301 4759 '0
3336 4705 3512 4757 ὀπίσω
3540 4718 3642 4773 μου
3673 4701 3828 4770 ἐρχό-

2256 4830 2436 4884 μενος,
2469 4806 2777 4880 ἕμπροσθέν
2811 4822 2911 4876 μου
2933 4803 3178 4872 γέγονεν,
3202 4799 3284 4852 ὅτι
3318 4796 3533 4867 πρῶτός
3560 4811 3661 4865 μου
3689 4789 3781 4863 ἦν.
3801 4812 3818 4843 ι

2249 4903 2447 4960 Καίτοι
2476 4899 2594 4962 πῶς
2621 4896 2787 4968 ἄνδρα
2807 4912 2865 4949 τε
2891 4892 3045 4956 εἰδὼς
3067 4892 3161 4945 xui
3188 4887 3469 4959 ὀνομάζων
3489 4885 3580 4939 τὸν
3620 4884 3835 4953 Ἐμμας

2255 4995 2435 5067 νουήλ,
2482 4989 2788 5063 ἔμπροσθέν
2842 5005 2901 5039 τε
2968 4982 3128 5043 αὐτοῦ
3184 4983 3278 5036 xui
3319 4980 3535 5053 πρῶτον
3577 4975 3829 5047 γενέσθαι

2256 5088 2389 5160 φησὶ
2417 5087 2506 5140 τὸν
2536 5081 2759 5155 ὀψιγενῆ
2784 5098 2842 5134 τε
2870 5079 2966 5139 xui
2996 5078 3112 5150 μετ’
3134 5073 3329 5140 αὐτόν;

2330 5374 2389 5425 Β.
2431 5368 2777 5441 Ἐμπροσθεν
2816 5363 2977 5419 αὐτὸν
3020 5363 3112 5416 xui
3141 5357 3356 5431 πρῶτον
3382 5352 3634 5425 γενέσθαι
3676 5350 3825 5421 φησὶ,

2261 5464 2401 5518 κατά
2434 5478 2495 5531 γε
2530 5459 2626 5530 τὴν
2656 5457 2834 5523 δόξαν,
2860 5456 3046 5523 ὥσπερ
3076 5445 3168 5503 οὖν
3202 5443 3382 5499 ἔπεισί
3409 5460 3497 5514 μοι
3528 5442 3689 5493 νοεῖν.

2332 5580 2397 5630 Α.
2426 5574 2536 5629 Καὶ
2580 5573 2686 5643 μὴν
2743 5572 2825 5624 ὅτι
2862 5564 3111 5637 κίϐδηλόν
3157 5578 3215 5615 τε
3254 5558 3351 5613 xui
3382 5554 3586 5626 ἀμαθὲς
3612 5551 3676 5604 τὸ
3707 5547 3830 5643 mea

2263 5672 2420 5733 νοεῖν,
2450 5667 2548 5719 οὐκ
2571 5640 2883 5735 έκ-μακρῶν
2905 5658 3025 5730 εἴσῃ
3043 5654 3237 5723 λόγων.
3260 5644 3701 5724 Παραδεξάμενοι
3726 5640 3833 5708 γὰρ
