4122 6554
286 366 428 423 1249

1386 369 1475 424 DE
1514 365 2037 426 INCARNATIONE
2074 366 2449 425 UNIGENITI.

3417 377 3556 431 {250

282 482 346 537 τὸ
374 480 687 553 ἔμπροσθεν
717 481 797 546 εἰς
828 481 890 536 τὸ
914 481 1137 553 ἄμεινον
1174 485 1233 537 ἐν
1278 484 1427 559 δόξῃ,
1458 486 1598 539 κατὰ
1636 487 1727 541 τὸν
1754 488 1871 542 τσον

1984 488 2045 542 de
2077 487 2385 557 pmslantia
2421 486 2606 557 gloria:
2637 503 2652 541 :
2684 487 2871 542 eadem
2903 501 3119 558 quoque
3151 488 3361 544 ratione
3390 490 3554 543 etiam

285 591 389 626 που
421 573 579 641 λόγον
608 573 703 625 xui.
735 573 796 626 τὸ
828 573 1005 627 ὀπίσω
1043 576 1312 645 φήσομεν,
1347 578 1409 630 τὸ
1443 577 1518 642 ὡς
1551 578 1608 630 ἐν
1633 578 1863 648 εὐκλείᾳ

283 664 539 735 δεύτερον
571 661 631 718 εὖ
665 664 810 735 μάλα
842 666 1197 737 καταδηλοῦν.

355 756 416 809 Β.
451 754 719 826 Περιέστη
742 754 806 825 δὴ
842 750 956 822 οὖν,
987 756 1063 820 ὠς
1099 757 1266 825 ἔοικε,
1296 759 1395 829 τῆς
1439 761 1684 816 Ἰωάννου
1714 762 1877 833 δόξης

285 848 550 919 ἡττᾶσθαι
611 846 866 919 Χριστὸν,
930 849 1024 902 καὶ
1090 848 1265 902 ὀπίσω
1318 850 1545 921 δραμεῖν
1600 852 1879 916 ἀσυνέτως

286 943 556 995 ὑπονοείνο
584 939 686 1010 ἔφη
712 940 842 1010 γὰρ,
866 941 947 993 ὅτι
988 939 1192 993 Ὀπίσω
1221 958 1320 1011 μου
1354 941 1571 1013 ἔρχεται
1606 944 1768 1013 ἁνήρ.

357 1035 423 1087 Α.
470 1031 575 1085 Φεῦ
628 1032 727 1101 τῆς
779 1031 1030 1094 ἀτοπίαςί
1090 1032 1400 1102 Οἰησόμεθα
1457 1033 1566 1104 γὰρ
1625 1035 1723 1103 οὐχ
1775 1026 1877 1089 ὧδε

289 1124 456 1196 ἔχειν,
483 1125 862 1195 ἐννενοηκότες
889 1124 1071 1195 ὀρθῶς
1116 1125 1177 1179 τδ
1225 1129 1282 1179 ἐν
1325 1125 1582 1196 Ψαλμοῖς
1627 1144 1877 1199 γεγραμ-

292 1217 474 1287 μένον.
514 1216 597 1268 ὅτι
631 1233 651 1265 ι
676 1215 774 1278 Τίς
797 1216 857 1267 ἐν
884 1215 1135 1283 νεφέλαις
1186 1216 1518 1287 ἰσωθήσεται
1546 1216 1625 1287 τῷ
1651 1218 1875 1289 Κυρίῳ;

289 1308 383 1361 καὶ
408 1307 491 1370 τίς
522 1306 923 1376 ὁμοιωθήσεται
949 1306 1027 1377 τῷ
1057 1307 1176 1378 Θεῷ
1209 1311 1267 1362 ἐν
1297 1310 1437 1373 υἱοῖς
1462 1309 1596 1363 Θεοῦ
1620 1326 1633 1376 ;
1660 1329 1679 1362 ι
1720 1312 1875 1364 Ἀνα-

290 1397 471 1451 θετέον
513 1393 605 1450 οὖν
643 1396 751 1468 ἄρα
792 1398 887 1451 καὶ
924 1397 1061 1467 μετὰ
1110 1398 1310 1469 σαρκὸς
1359 1399 1510 1470 αὐτῷ
1547 1399 1609 1453 rb
1642 1400 1880 1472 πρεσϐύ-

289 1504 475 1551 τατον,
518 1486 594 1551 ὡς
632 1487 750 1558 Θεῷ
796 1488 937 1542 κατὰ
976 1487 1137 1557 φύσιν
1167 1488 1422 1542 ἐνωθέντι
1454 1489 1638 1560 σαρκὶ,
1682 1491 1775 1543 καὶ
1812 1490 1879 1544 τὰ

289 1578 390 1648 τῆς
420 1578 557 1642 ἰδίας
586 1577 801 1647 φύσεως
852 1578 1036 1646 ἀγαθὰ
1064 1582 1392 1645 κοινοποιείν
1421 1573 1733 1652 εἰωθότιτῷ
1765 1581 1879 1653 ἰδίῳ

292 1669 530 1741 σώματι.

363 1762 424 1816 Β.
456 1764 685 1832 Ἀριστα
716 1760 875 1832 ἔφης.

362 1854 427 1905 Α.
461 1853 631 1906 Τοῦτο
656 1852 700 1905 δ’
736 1853 803 1906 ἂν
842 1853 1053 1924 μάθοις,
1083 1846 1187 1907 ὧδέ
1217 1871 1278 1905 τε
1314 1852 1434 1923 ἔχον
1471 1853 1567 1907 καὶ
1591 1854 1879 1925 εἰρημένον

279 1943 488 2014 ’ὀρθῶς
520 1944 613 1998 καὶ
640 1943 699 2008 ἐξ
726 1945 946 2015 ἐτέρων.
963 1938 1008 1997 ὧ
1032 1946 1151 2010 τᾶν,
1176 1945 1336 2015 εἰπερ
1355 1945 1514 2009 ἐλοιο,
1544 1944 1877 2017 μαρτυριῶν.

295 2036 441 2106 Ἔφη
499 2035 600 2104 μέν
638 2036 749 2105 γάρ
798 2052 903 2088 που
955 2036 1086 2099 Θεὸς
1134 2037 1269 2106 περὶ
1318 2035 1412 2088 τοῦ
1462 2039 1525 2090 ἐκ
1566 2036 1880 2107 σπέρματος

289 2125 478 2188 »Δασὶδ.
517 2126 579 2179 τὸ
607 2126 747 2181 κατὰ
778 2127 958 2197 σάρκα
992 2128 1258 2198 Χριστοῦ,
1302 2128 1370 2180 δι’
1405 2128 1522 2191 ἐνὸς
1566 2130 1674 2182 τῶν
1708 2130 1879 2198 ἁγίων

292 2219 611 2290 προφητῶνο
651 2237 669 2269 ι
693 2220 803 2272 Καὶ
837 2221 923 2285 σὺ,
959 2220 1225 2291 Βηθλεέμ,
1274 2216 1423 2282 οἰκος
1462 2220 1556 2274 τοῦ
1612 2222 1875 2293 Ἐφραθᾶ,

284 2310 570 2379 ’ὀλιγοστὸς
617 2308 666 2363 εἰ
711 2310 806 2364 τοῦ
849 2307 989 2365 εἶναι
1037 2314 1095 2365 ἐν
1147 2312 1389 2381 χιλιάσιν
1442 2313 1631 2365 Ἰούδαο
1680 2316 1744 2367 ἐκ
1781 2312 1876 2367 σοῦ

290 2418 389 2470 μοι
415 2400 755 2467 ἐξελεύσεται
776 2401 870 2455 τοῦ
902 2398 1040 2457 εἶναι
1069 2404 1149 2467 εἰς
1174 2404 1417 2475 ἄρχοντα
1447 2406 1504 2457 ἐν
1533 2403 1609 2475 τῷ
1641 2406 1874 2476 Ἰσραὴλ,

289 2494 391 2546 «καὶ
427 2494 483 2547 αἰ
522 2493 686 2558 ἔξοδοι
734 2494 899 2548 αὐτοῦ
942 2496 1196 2566 ἀπαρχῆς
1237 2495 1300 2560 ἐξ
1350 2496 1573 2566 ἡμερῶν
1613 2496 1827 2559 αἰῶνος.
1854 2515 1873 2549 ι

294 2582 434 2659 Περὶ
460 2587 517 2641 δέ
546 2604 610 2655 γε
656 2586 766 2641 τῶν
803 2587 935 2641 υίῶν
980 2587 1216 2658 Ἰσραὴλ,
1252 2590 1283 2640 ὁ
1324 2586 1613 2658 ἰερώτατος
1648 2587 1876 2651 Παῦλος·

295 2699 323 2732 τι
353 2682 473 2734 Ὀτι
522 2680 724 2744 πάντες
764 2681 843 2743 εἰς
892 2680 983 2733 τὸν
1031 2680 1240 2750 Μωσῆν
1282 2678 1694 2750 ἐϐαπτίσθησαν
1728 2680 1786 2732 ἐν
1812 2682 1879 2751 τῇ

299 2772 495 2844 νεφέλῃ
536 2772 633 2825 καὶ
680 2774 738 2825 ἐν
782 2774 848 2842 τῇ
891 2772 1156 2844 θαλάσσῃ,
1199 2781 1298 2824 και
1338 2770 1540 2832 πάντες
1575 2771 1769 2841 βρῶμα
1820 2771 1881 2823 τὸ

297 2861 668 2931 πνευματικὸν
718 2860 944 2930 ἔφαγον,
994 2862 1090 2914 καὶ
1139 2862 1343 2922 πάντες
1384 2859 1446 2912 τὸ
1476 2859 1608 2913 αὐτὸ
1640 2877 1882 2931 πνευμα-

297 2954 449 3008 τικὸν
485 2954 637 3007 ἐπιον
666 2953 841 3024 πόμα.
882 2955 1105 3007 Ἐπινον
1131 2954 1238 3023 γὰρ
1261 2954 1328 3007 ἐκ
1348 2954 1723 3024 πνευματικῆς
1747 2954 1879 3006 ἁκο-

298 3043 595 3113 ὶουθούσης
648 3045 876 3115 πέτρας.
940 3044 1005 3096 Ἡ
1057 3045 1231 3115 πέτρα
1278 3043 1337 3097 δὲ
1387 3039 1455 3114 ἦν
1496 3044 1525 3095 δ
1570 3044 1824 3115 Χριστός.
1856 3063 1875 3095 ι

304 3134 495 3207 Ἅθρει
520 3134 589 3206 δὴ
624 3130 715 3187 οῦν
738 3136 795 3187 ἐν
821 3133 1042 3206 Χριστῷ
1079 3132 1253 3203 Ἰησοῦ
1290 3132 1413 3186 καθ’
1449 3134 1641 3186 ἕνωσιν
1675 3136 1881 3187 οἰκονο-
1910 3158 1951 3213 C

296 3226 470 3298 μικὴν
513 3223 574 3279 τὸ
625 3226 806 3290 ἰδικῶς
846 3226 941 3279 τοῦ
986 3226 1158 3293 Λόγου
1214 3224 1606 3297 πρεσϐύτατον.
1661 3221 1737 3279 Ἦ
1786 3227 1883 3280 οὐκ

301 3322 537 3392 ἐναργὴς
597 3322 626 3373 ό
674 3320 870 3388 λόγος;
921 3319 1023 3372 Τδν
1074 3320 1181 3389 γάρ
1232 3335 1316 3371 τοι
1376 3319 1754 3389 Βηθλεεμίτην
1810 3320 1886 3384 ὡς

301 3411 587 3483 ἄνθρωπον
618 3411 713 3465 καὶ
743 3412 808 3464 ἐκ
834 3410 1117 3480 γυναικὸς,
1150 3410 1404 3480 ἁπαρχῆς
1452 3411 1644 3470 αἰῶνος
1668 3411 1767 3475 τὰς
1795 3410 1885 3477 ἐξ·

302 3504 453 3568 όδους
481 3503 624 3574 ἐχειν
654 3500 713 3557 εὖ
739 3503 884 3575 μάλα
913 3503 1097 3573 φησίν.
1115 3503 1204 3557 Ἐν
1232 3504 1374 3574 ἀρχῇ
1403 3502 1511 3572 γὰρ
1538 3499 1627 3574 ἦν,
1664 3505 1758 3557 καὶ
1781 3505 1887 3576 πρὸ

303 3597 505 3661 παντὸς
538 3596 754 3661 αἰῶνος,
791 3598 819 3650 ό
844 3595 1271 3665 ἐνανθρωπήσας
1301 3596 1493 3663 Λόγος,
1511 3598 1605 3650 καὶ
1631 3598 1793 3661 αὐτὸς
1817 3593 1887 3669 ἦν

304 3688 339 3756 ἡ
374 3685 582 3756 πέτρα,
622 3684 946 3755 δεδιψηκότα
985 3684 1077 3737 τὸν
1121 3684 1337 3755 Ἰσραὴλ
1384 3687 1497 3747 τοῖς
1528 3686 1659 3757 παρ’
1697 3685 1887 3740 ἐλπίδα

305 3780 398 3833 καὶ
425 3778 708 3850 ἀδοκήτοις
732 3777 1088 3849 ἐκμεθύσκων
1126 3776 1352 3847 νάμασι,
1384 3776 1562 3831 καίτοι
1604 3778 1886 3849 γεννηθεὶς

304 3868 446 3924 κατά
482 3886 547 3937 γε
581 3869 679 3940 τὴν
711 3869 889 3940 σάρκα
929 3870 1023 3923 καὶ
1065 3868 1125 3922 τὸ
1152 3868 1492 3940 ἀνθρώπινον
1535 3871 1593 3922 ἐν
1635 3871 1887 3941 ἐσχάτοις

304 3961 534 4031 καιροῖς,
567 3960 659 4013 καὶ
687 3960 1043 4031 κεχρισμένος
1072 3960 1151 4022 εἰς
1182 3959 1283 4029 τὴν
1312 3960 1390 4023 εἰς
1423 3958 1630 4028 κόσμον
1656 3961 1888 4015 ἀποστο-

302 4050 400 4123 λὴν
430 4052 579 4124 παρὰ
611 4051 705 4105 τοῦ
730 4052 864 4106 Θεοῦ
895 4053 990 4106 καὶ
1019 4050 1252 4120 Πατρός.
1301 4049 1738 4117 Κατωνόμασται
1777 4052 1886 4123 γάρ

302 4146 401 4215 οὐχ
451 4146 638 4215 ἐτέρου
689 4162 784 4199 του
833 4143 1014 4215 χάριν,
1063 4142 1179 4196 ἀλλ’
1220 4142 1252 4211 ἢ
1302 4142 1389 4195 διὰ
1437 4146 1598 4199 τοῦτο
1628 4146 1881 4215 Χριστός·

302 4236 537 4307 Χριστὸς
601 4236 657 4287 δέ
695 4230 762 4304 ἦν
809 4236 843 4303 ἠ
893 4234 1089 4305 πέτρα,
1118 4234 1258 4286 κατά
1295 4234 1385 4289 τὸν
1424 4236 1655 4291 Παῦλον.
1683 4233 1759 4290 Ἦ
1796 4239 1885 4290 ὲν-

303 4327 546 4381 ὃοιαστον
570 4327 631 4380 τὸ
662 4327 851 4398 χρῆμα
874 4328 1018 4398 ἐρεῖς
1040 4343 1053 4391 ἓ

372 4419 435 4472 Β.
469 4418 755 4488 Οὐδαμῶς.

1982 578 2130 643 illud,
2159 589 2298 649 post,
2329 580 2569 634 dicemus
2595 579 2900 649 signilicare
2930 581 3241 636 inferiorem
3270 581 3463 652 gloria.

2052 777 2112 830 Β.
2156 778 2509 832 Statuendntn
2540 777 2719 847 itaque
2742 777 2867 843 erit,
2891 792 3012 832 meo
3030 777 3255 846 judicio,
3281 778 3554 835 Christum

1978 868 2184 925 Joanne
2212 869 2521 924 inferiorem
2550 869 2718 940 gloria
2746 885 2889 924 esse.
2922 870 3070 925 Dixit
3094 871 3236 924 enim
3269 889 3281 924 :
3315 871 3441 927 Post
3470 890 3556 930 me

1978 963 2157 1016 veniet
2186 962 2285 1017 vir.

2051 1053 2118 1110 A.
2158 1052 2312 1107 Absit
2348 1060 2494 1107 tanta
2528 1052 2870 1108 absurditas!
2900 1051 3081 1107 Facile
3111 1053 3255 1107 enim
3289 1055 3556 1124 indicabi-

1981 1159 2101 1198 mus
2131 1159 2240 1198 rem
2270 1144 2342 1199 ita
2370 1158 2428 1198 se
2460 1159 2563 1199 non
2593 1145 2812 1210 habere,
2838 1145 2882 1201 si
2915 1145 3125 1200 illud'in
3154 1145 3385 1203 Psalmis
3412 1148 3553 1202 scri—

1979 1241 2129 1301 ptum
2165 1242 2310 1287 recte
2344 1233 2706 1303 intelligamus
2738 1252 2751 1288 :
2791 1252 2809 1285 ι
2849 1234 3114 1300 Quoniam
3150 1235 3271 1305 quis
3303 1236 3357 1289 in
3392 1236 3553 1290 nuhi-

1981 1326 2081 1379 bus
2112 1326 2416 1393 aequabitur
2447 1322 2718 1379 Domino?
2749 1335 2803 1378 et
2836 1325 2958 1394 quis
2992 1326 3186 1380 similis
3219 1328 3322 1380 erit
3358 1327 3469 1382 Deo
3501 1328 3553 1381 in

1984 1416 2105 1470 [iliis
2135 1417 2225 1471 Dei
2246 1417 2328 1470 "2
2366 1436 2383 1467 ι
2420 1414 2726 1470 Tribuenda
2761 1416 2939 1485 itaque
2968 1427 3053 1471 est
3084 1416 3205 1486 ipsi,
3239 1420 3399 1471 etiam
3433 1432 3556 1472 cum

1981 1523 2169 1574 carne,
2202 1508 2541 1578 antiquitatis
2558 1510 2941 1577 praerogativa,
2972 1509 3225 1563 nimirum
3248 1520 3305 1563 ut
3326 1509 3435 1565 Deo
3465 1526 3559 1564 na-

1984 1600 2228 1654 turaliter
2270 1602 2424 1654 nnito
2467 1601 2641 1663 carni,
2682 1602 2880 1670 quique
2930 1602 3161 1670 propriae
3199 1616 3311 1655 sua!
3360 1611 3560 1656 natura:

1983 1688 2121 1743 bona
2151 1691 2361 1759 corpori
2395 1691 2556 1744 etiam
2588 1706 2685 1745 suo
2715 1693 3119 1747 communicare
3145 1694 3451 1748 consuevit.

2056 1779 2115 1831 Β.
2157 1779 2369 1849 Optime
2400 1782 2555 1835 dicis.

2054 1872 2121 1925 A.
2163 1869 2275 1925 Hoc
2300 1886 2427 1925 vero
2455 1873 2524 1926 ita
2553 1886 2610 1926 se
2637 1872 2857 1940 habere,
2887 1881 3140 1943 recteque
3166 1874 3269 1929 dici
3300 1874 3463 1929 etiam
3492 1891 3557 1930 ex

1984 1959 2102 2015 aliis
2132 1961 2455 2015 testimoniis
2482 1961 2694 2015 discere
2720 1963 2940 2030 poteris.
2970 1962 3043 2015 Ita
3074 1964 3218 2017 enim
3251 1965 3392 2018 Deus
3423 1964 3553 2017 alihi

1983 2065 2078 2118 per
2110 2050 2398 2120 quemdam
2446 2052 2830 2119 prOphctarum
2875 2051 2941 2105 de
2981 2052 3197 2105 Christo
3240 2068 3305 2107 ex
3355 2054 3562 2107 semine

1982 2139 2149 2192 David
2185 2138 2479 2192 secundum
2518 2153 2738 2191 carnem
2780 2140 3015 2206 loquitur
3048 2158 3061 2193 :
3104 2160 3123 2191 ι
3166 2139 3232 2193 Et
3271 2151 3359 2209 tu,
3399 2142 3563 2196 Beth-

1982 2228 2176 2293 lehem,
2201 2229 2389 2282 domus
2412 2226 2710 2296 Ephrathn,
2733 2230 2952 2282 minima
2978 2244 3035 2284 es
3058 2230 3113 2284 in
3142 2230 3374 2285 millibus
3392 2228 3561 2296 Iuda;

1981 2335 2047 2373 ex
2085 2329 2135 2373 te
2170 2320 2299 2373 mihi
2336 2320 2645 2388 egredietur
2678 2321 2767 2388 qui
2806 2321 2877 2374 sit
2914 2321 3222 2376 dominator
3256 2323 3308 2377 in
3343 2322 3509 2379 Israel
3544 2339 3560 2376 :

1981 2418 2035 2464 et
2068 2424 2320 2479 egressus
2353 2410 2468 2478 ejus
2502 2411 2570 2465 ab
2607 2411 2760 2465 initio
2794 2427 2821 2464 a
2860 2412 3051 2467 diebus
3084 2414 3497 2469 aeternitatis“.
3535 2434 3556 2467 ι

1984 2500 2057 2554 De
2094 2500 2218 2553 liliis
2256 2508 2433 2553 autem
2476 2499 2639 2554 Israel
2679 2501 3047 2555 divinissimus
3086 2500 3284 2558 Paulus
3320 2504 3391 2557 ita
3430 2505 3507 2559 ait
3541 2524 3557 2559 τ

1989 2610 2007 2642 ι
2041 2590 2176 2656 Quia
2207 2606 2394 2645 omnes
2427 2591 2477 2643 in
2512 2592 2693 2663 Moyse
2726 2592 2979 2662 baptizati
3011 2602 3137 2648 sunt
3170 2594 3221 2647 in
3256 2594 3397 2649 nube
3423 2605 3475 2649 et
3503 2594 3558 2650 in

1984 2680 2142 2745 mari,
2175 2689 2229 2734 et
2257 2695 2448 2734 omnes
2473 2682 2719 2734 eamdem
2750 2696 2932 2735 escam
2965 2680 3300 2748 spiritualem
3336 2682 3559 2736 mandu-

1984 2780 2268 2834 caverunt,
2303 2780 2357 2825 et
2388 2786 2576 2825 omnes
2611 2770 2861 2824 eumdem
2898 2783 3080 2839 potum
3116 2771 3446 2841 spiritualem
3480 2771 3561 2827 bi-

1984 2860 2196 2915 berunt.
2246 2861 2507 2914 Bibebaut
2560 2860 2704 2914 enim
2753 2860 2822 2915 de
2870 2861 3134 2930 spirituali
3190 2874 3561 2930 consequente

1946 2966 1951 2971 ‘
1984 2963 2077 3003 eos
2111 2958 2282 3018 petra.
2316 2945 2473 3000 Petra
2508 2955 2686 3001 autem
2718 2956 2835 3001 erat
2864 2946 3111 3003 Christus
3134 2949 3203 3004 ³⁵.
3245 2968 3264 3001 ι
3300 2950 3561 3004 Animad-

1984 3050 2134 3094 verte
2163 3039 2344 3107 itaque
2375 3039 2427 3092 in
2457 3037 2676 3092 Christo
2703 3037 2831 3092 Jesu
2863 3040 3073 3093 ratione
3102 3040 3323 3093 unitatis
3353 3054 3452 3109 per
3480 3041 3561 3095 in-

1986 3132 2353 3185 carnationem
2400 3129 2552 3183 factae
2596 3129 2922 3198 peculiarem
2958 3129 3117 3184 Verbi
3163 3131 3559 3200 antiquitatem.

1986 3221 2178 3277 Nonne
2223 3222 2316 3275 tibi
2361 3222 2491 3275 satis
2536 3230 2722 3289 aperte
2766 3221 2882 3276 haec
2926 3221 3066 3276 dicta
3104 3223 3387 3279 videntur?
3426 3222 3559 3278 Nam

1984 3314 2455 3377 Bethlehemitam,
2476 3325 2533 3367 ut
2554 3314 2822 3367 hominem
2850 3322 2903 3367 et
2930 3327 2996 3366 ex
3024 3314 3245 3368 muliere
3273 3326 3474 3378 natum,
3495 3317 3563 3369 ab

1988 3409 2142 3464 initio
2189 3406 2368 3461 saaculi
2420 3420 2672 3474 egressus
2726 3405 2921 3458 habere
2977 3405 3127 3458 dicit.
3184 3406 3240 3459 In
3296 3407 3562 3477 principh

1985 3501 2129 3556 enim
2168 3509 2309 3564 erat,
2347 3510 2401 3553 et
2441 3507 2566 3551 ante
2602 3498 2780 3551 omnia
2822 3494 3016 3549 saecula
3063 3496 3400 3550 incarnalum
3434 3498 3562 3553 Ver.

1986 3593 2135 3658 bum,
2174 3601 2229 3645 et
2274 3593 2447 3661 ipsum
2490 3598 2608 3644 erat
2654 3600 2826 3656 petra,
2866 3590 3121 3645 lsraelem
3170 3591 3260 3644 siti
3309 3589 3559 3646 allectum

1988 3685 2266 3755 repentina
2304 3692 2469 3751 atque
2503 3681 2777 3751 inopinata
2813 3696 3075 3751 aquarum
3110 3683 3440 3754 scaturigine
3475 3698 3564 3739 sa-

1988 3779 2147 3842 tians,
2180 3776 2389 3831 tametsi
2421 3784 2604 3829 natum
2632 3774 2699 3829 sit
2728 3772 3021 3829 secundum
3050 3790 3265 3829 carnem
3292 3784 3345 3828 et
3372 3776 3563 3830 huma-

1986 3869 2208 3923 nitatem
2259 3868 2311 3921 in
2359 3866 2669 3921 novissimis
2716 3868 3045 3934 temporibus
3090 3883 3104 3919 :
3156 3876 3457 3936 unctusque
3506 3868 3559 3922 in

1988 3959 2347 4031 apostolatum
2389 3959 2440 4011 in
2480 3958 2735 4011 mundum
2778 3972 2807 4010 a
2842 3956 2952 4011 Deo
2995 3972 3058 4011 ac
3094 3957 3272 4013 Patre.
3310 3958 3443 4011 Nam
3484 3959 3564 4014 id-

1988 4054 2154 4115 circo,
2188 4064 2366 4119 neque
2395 4049 2557 4102 aliam
2588 4051 2657 4102 ob
2686 4062 2902 4102 causam
2934 4058 3152 4104 vocatus
3177 4058 3259 4104 est
3287 4049 3559 4114 Christus,

1987 4146 2100 4199 sive
2137 4153 2351 4197 unctus.
2385 4141 2632 4196 Christus
2662 4150 2840 4195 autem
2872 4153 2989 4195 erat
3020 4149 3201 4209 petra,
3229 4142 3381 4212 juxta
3420 4144 3560 4198 Pau-

1989 4238 2117 4291 lum.
2160 4237 2316 4291 Anne
2364 4236 2714 4291 dubitandum
2761 4235 2861 4290 hac
2907 4235 2958 4288 in
3005 4249 3061 4289 re
3106 4236 3398 4305 quidquam
3441 4251 3562 4293 esse

1988 4328 2218 4383 censes?

2063 4420 2123 4473 Β.
2167 4418 2537 4489 Nequaquam.

371 4512 440 4565 Δ.
487 4511 903 4578 Ἐπαγωνιείται
930 4512 987 4564 δέ
1024 4513 1116 4566 καὶ
1161 4513 1483 4585 συναθλήσει
1513 4515 1590 4584 τῷ
1614 4514 1757 4586 λόγῳ
1791 4517 1882 4568 καὶ

2064 4513 2129 4565 Δ.
2168 4511 2469 4565 Conﬁrmat
2515 4524 2642 4563 vero
2690 4508 2830 4564 hanc
2877 4510 3238 4576 sententiam,
3283 4520 3336 4564 et
3382 4520 3563 4567 tuetur

304 4603 334 4655 δ
386 4602 548 4670 σοφὸς
601 4601 855 4671 Ἰωάννης
879 4642 894 4666 ,
945 4604 1229 4674 μονονουχὶ
1271 4607 1362 4657 καὶ
1407 4606 1741 4677 συναγείρων
1784 4607 1883 4671 τὰς

304 4692 514 4761 φύσεις,
551 4694 642 4747 καὶ
680 4695 758 4757 εἰς
787 4696 1149 4763 μισγάγκειαν
1176 4697 1323 4763 ἄγων
1348 4696 1452 4750 τῶν
1484 4698 1720 4769 ἑκατέρᾳ
1747 4716 1882 4770 πρε-

306 4783 515 4838 πόντων
544 4785 848 4855 ἰδιωμάτων
896 4786 996 4857 τὴν
1026 4785 1277 4857 δυνάμιν.
1330 4788 1437 4840 Θέα
1468 4788 1573 4859 γὰρ
1613 4789 1641 4841 ὅ
1679 4806 1843 4859 φησιν
1864 4807 1877 4820 ·

311 4891 330 4925 ι
356 4876 420 4926 Ὃ
461 4870 530 4945 ἦν
568 4876 843 4947 ἀπαρχῆς,
877 4876 905 4928 ὃ
952 4877 1292 4947 ἀκηκόαμεν,
1335 4879 1363 4931 ὃ
1406 4880 1731 4949 ἑωράκαμεν
1769 4885 1882 4944 τοῖς

305 4964 604 5035 ὀφθαλμοῖς
629 4966 809 5037 ἡμῶν,
837 4966 864 5019 ὃ
894 4966 1258 5037 ἐθεασάμεθα,
1299 4970 1391 5021 καὶ
1419 4970 1473 5021 αἰ
1515 4973 1697 5040 χεῖρες
1723 4972 1754 5039 ἡ
1766 4970 1881 5040 μῶν

308 5055 665 5126 ἐψηλάφησαν
706 5058 833 5129 περὶ
876 5056 969 5110 τοῦ
1006 5059 1181 5127 Λόγου
1219 5060 1318 5128 τῆς
1359 5058 1525 5128 ζωῆς,
1575 5061 1731 5131 καὶὴ
1768 5062 1880 5133 ζωὴ

308 5145 649 5214 ἐφανερώθη,
673 5147 765 5199 καὶ
786 5148 1131 5217 ἑωράκαμεν,
1151 5148 1243 5201 καὶ
1272 5150 1675 5221 μαρτυροῦμεν,
1704 5152 1883 5218 ἀπαγ-

309 5236 572 5306 γέλλομεν
603 5238 729 5307 ὑμῖν
756 5237 855 5308 τὴν
902 5236 1046 5309 ζωὴν
1074 5239 1172 5310 τὴν
1202 5239 1439 5304 αἰώνιον,
1474 5241 1593 5309 ἥτις
1636 5236 1703 5307 ἦν
1746 5242 1881 5312 πρὸς

307 5327 399 5379 τὸν
437 5328 674 5399 Πατέρα,
719 5330 813 5381 καὶ
849 5330 1169 5402 ἐφανερώθη
1213 5334 1362 5402 ἡμῖν.
1394 5351 1410 5382 ι
1458 5331 1590 5384 ’ἰδοὺ
1632 5333 1721 5385 τὸν
1758 5333 1885 5386 ὄντα

308 5416 587 5487 ἀπαρχῆς,
633 5412 813 5486 ὦφθαι
846 5423 911 5489 γέ
966 5440 1128 5493 φησιν
1178 5422 1445 5493 ἐναργῶς,
1491 5424 1776 5493 ὑπομεῖναί
1828 5442 1885 5477 τε

310 5510 404 5563 καὶ
428 5508 590 5581 ἁφήν.
642 5510 1025 5583 Ἀνεκεκράγει
1052 5514 1161 5585 γὰρ
1202 5517 1229 5568 ό
1281 5515 1502 5585 Θωμᾶς·
1532 5534 1550 5566 ι
1581 5516 1637 5569 Ὀ
1680 5515 1886 5587 Κύριός

313 5618 445 5672 μου,
495 5602 587 5655 καὶ
612 5604 640 5656 ὀ
662 5601 795 5668 Θεός
822 5622 945 5676 μου,
972 5624 990 5659 ι
1024 5607 1410 5680 άναμετρήσας
1441 5609 1690 5679 δακτύλῳ
1724 5609 1886 5661 πλευ.

384 5777 429 5809 ’⁸
450 5774 596 5835 Psal.
628 5795 890 5844 Lxxxvm,
920 5780 970 5836 7.

1990 4604 2245 4668 Joannes,
2273 4604 2433 4673 712
2466 4610 2673 4656 tantum
2706 4617 2807 4655 non
2836 4616 3168 4671 congregans
3195 4604 3243 4656 in
3274 4620 3435 4658 unum
3466 4621 3561 4658 na-

1990 4706 2173 4758 turas,
2205 4706 2259 4748 et
2291 4694 2674 4765 proprietatum
2709 4706 2827 4759 quae
2858 4693 3068 4762 utrique
3097 4695 3424 4747 conveniunt
3453 4698 3558 4748 vim

1990 4802 2053 4840 ac
2080 4787 2330 4839 virtutem
2360 4785 2410 4837 in
2442 4799 2602 4837 unam
2633 4784 2988 4839 conﬂuentem
3016 4786 3239 4838 ducens.
3263 4785 3391 4839 Vide
3418 4786 3560 4839 enim

1988 4878 2118 4948 quid
2165 4878 2308 4931 dicat
2345 4894 2359 4929 :
2412 4893 2429 4925 ι
2474 4876 2624 4940 Quod
2665 4886 2784 4929 erat
2830 4876 2897 4929 ab
2942 4874 3127 4941 initio;
3171 4878 3312 4944 quod
3358 4877 3562 4930 audivi-

1992 4986 2129 5034 mus,
2166 4971 2309 5039 quod
2350 4969 2583 5023 vidimus
2621 4966 2793 5021 oculis
2838 4968 3069 5033 nostris;
3108 4974 3247 5036 quod
3288 4968 3562 5037 perspexi-

1989 5076 2144 5123 mus,
2186 5070 2239 5113 et
2284 5075 2475 5112 manus
2518 5066 2713 5112 nostra:
2759 5066 3235 5111 contrectaverunt
3281 5062 3347 5110 de
3384 5056 3562 5109 Verbo

1989 5152 2132 5204 vitae.
2163 5149 2230 5205 Et
2260 5154 2365 5203 vita
2400 5148 2743 5203 manifestata
2781 5158 2892 5213 est,
2927 5160 2982 5202 et
3013 5150 3278 5213 vidimus,
3311 5158 3364 5201 ct
3399 5158 3562 5203 testa-

1991 5258 2131 5306 mur,
2177 5243 2557 5295 annuntiamus
2600 5241 2752 5296 vobis
2790 5241 2951 5293 vitam
2993 5249 3248 5294 aeternam
3291 5255 3407 5308 qme
3445 5249 3559 5293 erat

1988 5335 2126 5402 apud
2161 5334 2396 5399 Patrem,
2428 5344 2483 5387 et
2512 5335 2758 5404 apparuit
2790 5334 2942 5388 nobis
2963 5335 3030 5389 ".
3072 5353 3089 5385 ι
3127 5331 3286 5387 Vides
3317 5348 3437 5387 eum
3468 5334 3557 5400 qui

1990 5424 2091 5478 fuit
2116 5425 2183 5479 ab
2211 5424 2384 5488 initio,
2416 5423 2702 5479 manifeste
2726 5425 2899 5479 visum
2928 5424 3115 5489 fuisse,
3146 5434 3199 5477 et
3227 5424 3368 5494 tangi
3398 5425 3560 5477 susti-

1992 5515 2191 5570 nuisse.
2218 5514 2548 5569 Exclamavit
2576 5517 2715 5569 enitu
2739 5514 2975 5570 Thomas
3002 5533 3015 5569 :
3049 5535 3067 5567 ι
3104 5514 3358 5569 Dominus
3386 5527 3558 5577 meus,

1990 5618 2045 5660 et
2089 5605 2229 5661 Dens
2274 5621 2423 5661 meus
2451 5608 2519 5673 “,
2572 5626 2590 5659 ι
2640 5623 2758 5661 cum
2811 5616 3166 5677 pertentasset
3207 5606 3372 5677 digito
3417 5604 3559 5658 latus

1069 5783 1114 5814 ⁸³
1146 5782 1307 5838 Mich.
1343 5798 1396 5849 ν,
1433 5784 1489 5839 2.
1565 5785 1610 5815 “
1638 5784 1655 5837 l
1680 5783 1807 5839 Cor.
1840 5799 1882 5836 xi

1984 5784 2049 5840 4.
2128 5784 2173 5816 ’⁸
2202 5785 2218 5840 l
2250 5785 2403 5840 Joan.
2438 5803 2472 5854 I,
2510 5787 2560 5850 l,
2597 5787 2650 5840 2.
2727 5788 2771 5818 ²⁶
2801 5785 2959 5840 Joan.
2993 5801 3082 5849 xx,
3110 5786 3200 5841 28.
