4122 6568
504 371 636 428 £251

1496 361 1556 418 S.
1596 354 1875 414 CYRlLLl
1914 348 2392 408 ALEXANDRINI
2431 347 2746 404 ARCHIEP.

3644 342 3798 398 I252

504 488 775 561 corporis,
819 495 872 543 et
918 483 1265 556 pertusiones
1307 481 1423 537 slve
1474 477 1740 534 foramina
1787 475 2082 530 clavorum.

2193 468 2291 539 ράν
2314 485 2374 521 τι
2408 466 2506 537 τὴν
2560 465 2813 537 σώματος
2854 466 2950 519 καὶ
2982 465 3084 528 τὰς
3117 464 3432 537 διατρησεις
3462 463 3574 517 τῶν
3610 463 3790 535 ἥλων.

503 582 642 649 Quin
674 590 730 635 et
764 579 975 635 divinus
1008 575 1181 630 Lucas
1212 574 1289 628 ait
1320 579 1538 628 sanctos
1568 568 1842 639 apostolos
1875 575 2089 635 specta-

507 685 651 727 torc-s
688 681 743 725 et
784 669 1063 724 ministros
1089 666 1248 721 Verbi
1287 664 1455 718 fuisse
1476 661 1545 715 ⁸⁷.
1583 659 1782 715 Factus
1821 668 1905 712 est
1940 656 2086 711 enim

504 764 831 835 censpicuus
879 762 968 829 qui
1019 768 1103 815 est
1149 758 1533 826 incorporeus,
1578 762 1635 808 et
1681 748 2089 807 contrectabilis

504 856 596 924 qui
632 853 775 923 tangi
810 852 1029 922 nequit,
1062 863 1285 904 carnem
1316 860 1477 917 quam
1511 842 1689 897 induit
1719 856 1825 896 non
1856 840 2087 895 alienam

505 961 537 1000 a
571 959 629 999 se
662 943 901 1008 habens,
938 940 1031 996 sed
1067 939 1344 1009 proprium
1379 935 1481 991 sibi
1522 933 1777 1004 templum
1810 931 2085 995 elliciens;

507 1046 562 1091 et
610 1050 732 1090 cum
780 1049 844 1088 ea
896 1032 1143 1103 cognitus
1195 1040 1254 1085 ut
1306 1030 1447 1083 Deus
1496 1036 1551 1081 et
1605 1024 1883 1105 Dominus.
1937 1022 2087 1076 Nosti

509 1129 673 1181 etiam
699 1126 826 1197 quid
852 1124 1232 1181 sanctissimus
1257 1123 1345 1175 ille
1370 1119 1568 1175 Paulus
1592 1117 1783 1195 scribit
1808 1135 1822 1171 :
1850 1134 1868 1167 ι
1898 1113 2088 1181 Nemo,

513 1221 711 1289 inquit,
754 1229 995 1275 nostrum
1037 1216 1141 1271 sibi
1182 1215 1336 1275 vivit,
1381 1221 1435 1265 et
1477 1224 1639 1264 nemo
1686 1208 1788 1262 sibi
1837 1209 2087 1260 moritur.

514 1313 640 1366 Sive
667 1310 811 1365 enim
837 1310 1089 1370 vivimus,
1120 1306 1342 1359 Domino
1369 1303 1629 1365 vivimus;
1657 1301 1772 1354 sive
1802 1300 2085 1363 morimur,

518 1401 743 1455 Domino
768 1400 1047 1454 morimur.
1078 1396 1203 1451 Sive
1227 1410 1355 1461 ergo
1383 1392 1636 1455 vivimus,
1664 1391 1779 1444 sive
1808 1387 2087 1454 morimur,

511 1492 721 1547 Dontlni
760 1506 968 1545 sumus.
1006 1490 1059 1542 In
1100 1488 1202 1541 hoc
1238 1486 1381 1539 enim
1416 1482 1668 1537 Christus
1702 1490 1947 1534 mortuus
1983 1487 2087 1541 est,

509 1595 565 1639 et
595 1582 915 1645 resurrexit,
944 1589 1000 1634 ut
1032 1589 1086 1635 et
1117 1578 1361 1631 vivorum
1394 1584 1449 1629 et
1477 1583 1813 1627 mortuorum
1846 1569 2091 1623 domine-

509 1688 599 1731 tur
632 1675 698 1730 ⁸⁸.
738 1693 757 1726 ι
793 1672 1018 1728 Constat
1052 1670 1232 1739 itaque
1270 1668 1410 1737 quod
1446 1680 1635 1720 revera
1668 1664 1977 1718 dominatus
2022 1660 2093 1715 sit

2191 559 2523 629 Γεγενῆσθαι
2570 558 2629 612 δέ
2664 574 2796 627 φησι
2835 558 2963 621 τοὺς
2996 557 3190 626 ἀγίους
3234 554 3572 619 ἀποστόλους
3614 556 3715 609 καὶ
3762 558 3797 610 6

2190 650 2333 713 θεῖος
2361 652 2494 721 ἡμῖν
2529 651 2749 712 Λουκᾶς
2802 648 3080 712 αὐτόπτας
3126 665 3188 701 τε
3231 648 3329 701 καί⁵
3361 644 3653 718 ’ὑπηρέτας
3690 647 3791 701 τοῦ

2191 742 2388 811 Λόγου.
2414 743 2611 811 Γέγονε
2640 741 2750 813 γὰρ
2765 740 3016 812 ἐμφανὴς
3045 743 3073 795 6
3095 738 3408 811 ἀσώματος,
3445 739 3542 792 καλ⁵
3568 739 3743 802 ἁπτὸς
3762 742 3795 792 6

2190 834 2425 905 ἀναφὴς,
2452 835 2553 888 οὐκ
2580 833 2789 887 ὀθνεῖον
2809 833 2949 903 ἔχων
2977 832 3055 886 ἔτι
3084 830 3401 903 περίϐλημα
3430 832 3529 902 τὴν
3550 830 3661 885 ἀπὸ
3682 830 3794 900 γῆς

2192 925 2391 997 σάρκα,
2420 925 2534 978 ἀλλ’
2571 925 2701 977 ἴδιον
2734 924 2908 995 αὐτὴν
2938 924 3311 995 ποιησάμενος
3355 923 3502 989 ναὸν,
3546 923 3645 975 καὶ
3692 925 3796 975 σὺν

2191 1018 2327 1089 αὐτῇ
2363 1017 2786 1088 γνωριζόμενος,
2817 1016 2894 1081 ὼς
2921 1016 3057 1080 Θεὸς
3083 1015 3179 1068 καὶ
3207 1014 3428 1087 Κύριος.
3462 1014 3799 1083 Γεγραφότα

2191 1110 2247 1162 δὲ
2284 1105 2445 1163 οἷσθά
2491 1127 2594 1163 που
2645 1110 2737 1162 τὸν
2780 1108 3075 1180 ἱερώτατον
3127 1106 3359 1161 Παῦλον·
3411 1107 3646 1169 «Οὐδεὶς
3679 1106 3797 1175 γὰρ

2194 1202 2352 1273 ἡμῶν
2381 1201 2564 1273 ἑαυτῷ
2591 1202 2683 1272 ζῇ,
2712 1203 2808 1254 καὶ⁵
2842 1201 3017 1265 οὐδεὶς
3049 1199 3229 1270 ἐαυτῷ
3262 1198 3616 1270 ἀποθνήσκει,
3662 1198 3795 1250 Ἐάν

2194 1312 2253 1347 τε
2285 1295 2395 1364 γὰρ
2423 1292 2625 1364 ζῶμεν,
2649 1292 2727 1363 τῷ
2757 1292 2947 1363 Κυρίῳ
2977 1292 3186 1362 ζῶμεν·
3219 1291 3313 1344 ἐάν
3340 1307 3399 1343 τε
3431 1289 3799 1360 ἀποθνήσκω-

2197 1402 2315 1456 μεν,
2358 1384 2435 1453 τῷ
2480 1385 2673 1455 Κυρίῳ
2713 1384 3154 1453 ἀποθνήσκομεν.
3193 1381 3319 1436 Ἐάν
3352 1398 3412 1433 τε
3450 1376 3544 1433 οὖν
3580 1379 3794 1449 ζῶμεν,

2194 1476 2290 1529 ἐάν
2322 1493 2381 1529 τε
2412 1475 2874 1549 ἀποθνήσκωμεν,
2920 1475 3014 1528 τοῦ
3042 1475 3250 1544 Κυρίου
3285 1475 3473 1545 ἐσμέν.
3512 1474 3607 1537 Εἰς
3628 1472 3797 1526 τοῦτο

2194 1567 2302 1638 γὰρ
2332 1565 2567 1636 Χριστὸς
2597 1563 2861 1627 ἀπέθανε,
2908 1566 3002 1619 καὶ
3047 1564 3265 1635 ἔζησεν,
3314 1564 3400 1617 ἵνα
3446 1564 3538 1617 καὶ
3576 1562 3795 1634 νεκρῶν

2193 1658 2291 1712 καὶ
2320 1656 2539 1721 ζώντων
2570 1657 2856 1729 κυριεύσῃ.
2890 1676 2908 1706 ι
2956 1657 3194 1727 Ἀραρεν
3222 1649 3336 1719 οὖν,
3375 1655 3454 1707 ὅτι
3498 1654 3795 1725 κεκυρίευο

512 1779 850 1821 mortuorum
882 1775 936 1819 et
967 1764 1289 1825 viventium,
1320 1760 1408 1828 qui
1443 1773 1548 1812 non
1579 1756 1648 1810 ob
1678 1756 1837 1810 aliain
1870 1768 2088 1808 causam

2198 1771 2294 1808 κεν
2320 1752 2538 1823 ἀληθῶς
2567 1751 2782 1823 νεκρῶν
2812 1768 2872 1803 τε
2906 1750 3000 1803 καί
3040 1751 3261 1815 ζώντων
3287 1750 3316 1802 6
3367 1748 3441 1819 μὴ
3472 1750 3659 1819 ἐτέρου
3693 1764 3793 1800 του

512 1876 672 1931 quam
701 1860 770 1914 ob
802 1859 941 1913 hanc
970 1856 1138 1912 solam
1174 1866 1422 1909 mortuus
1452 1862 1535 1906 est
1567 1861 1622 1906 et
1653 1849 1972 1905 resurrexit.

583 2037 645 2092 B.
687 2036 939 2092 Omnino.

584 2132 648 2182 Α.
691 2129 990 2195 Quemnam
1047 2125 1210 2195 igitur
1252 2122 1496 2177 dicemus
1545 2119 1776 2175 subiisse
1829 2128 2093 2182 mortem,

513 2234 840 2289 rursumque
870 2214 1267 2273 resurrexisse?

583 2310 645 2363 Β.
690 2309 885 2363 Filium
915 2308 1177 2378 profecto.

585 2404 650 2455 A.
692 2399 886 2455 Filium
923 2400 1138 2469 quidem
1179 2408 1323 2455 recte
1360 2398 1521 2463 dicis,
1552 2407 1716 2467 atque
1746 2411 1847 2467 ego
1887 2396 1939 2451 id
1974 2410 2100 2466 pro-

514 2492 711 2546 barim.
750 2491 1018 2546 Caeterum
1060 2490 1165 2545 hoc
1207 2506 1272 2545 ex
1320 2500 1371 2545 te
1416 2490 1571 2543 velim
1619 2501 1983 2557 cognoscere,
2027 2501 2095 2539 an

515 2581 751 2636 Verbum
781 2598 848 2636 ex
876 2582 984 2637 Deo
1013 2580 1176 2636 Patre
1204 2580 1277 2635 sit
1310 2579 1539 2636 mortale
1564 2588 1618 2633 et
1646 2578 1976 2647 corruptioni
2002 2578 2099 2631 ob-

513 2675 768 2737 noxium;
807 2689 875 2727 an
914 2674 1091 2744 potius
1131 2682 1305 2728 morte
1344 2681 1399 2727 et
1437 2670 1786 2741 corruptione
1822 2672 2094 2741 superius,

514 2774 572 2819 ut
600 2765 730 2820 vita.

586 2859 647 2916 Β.
688 2859 965 2916 Posterius
992 2874 1096 2917 noc
1124 2858 1525 2916 aﬂirmaverim.

586 2952 649 3004 Α.
692 2950 972 3017 Quomodo
1000 2951 1164 3021 igitur
1190 2952 1419 3005 mortuis
1446 2955 1835 3003 annumeratus
1860 2957 1939 3003 est
1959 2991 1973 3015 ,
2003 2951 2094 3020 qui

513 3040 653 3096 liber
673 3051 756 3096 est
783 3043 1078 3096 secundum
1109 3039 1455 3111 Scripturas?
1481 3037 1665 3110 Neque
1690 3039 1835 3093 enim
1857 3036 2093 3094 Verbum

514 3150 609 3204 per
632 3148 691 3189 se
718 3134 853 3187 mori
884 3143 1067 3202 queat.

585 3224 645 3279 Β.
688 3224 823 3291 Quia
868 3234 1078 3278 mortua
1124 3222 1291 3294 ipsius
1329 3238 1515 3292 carne,
1553 3223 1670 3294 ipse
1712 3225 1812 3278 hoc
1858 3224 1966 3294 pati
2010 3223 2093 3278 di-

513 3316 673 3371 citur.

586 3411 652 3462 Α.
696 3408 1017 3464 [lectissime
1041 3408 1233 3464 sentis.
1260 3409 1519 3473 Proinde.
1547 3424 1653 3464 non
1681 3410 1883 3478 absque
1907 3421 2092 3474 carne,

514 3500 609 3556 sed
638 3501 816 3571 potius
843 3501 1003 3555 simul
1029 3517 1150 3556 cum
1180 3501 1269 3556 illa
1296 3501 1687 3558 dominationis
1712 3502 1937 3573 gloriam
1964 3516 2094 3556 con-

515 3604 735 3649 secutus
761 3603 876 3657 est,
905 3594 996 3663 qui
1028 3592 1143 3663 lege
1171 3595 1358 3648 carnis
1387 3603 1441 3649 et
1473 3605 1665 3649 natura
1700 3595 1859 3649 simili
1895 3605 2095 3649 nostra:

515 3695 762 3741 mortuus
798 3696 882 3742 est
918 3697 973 3741 et
1012 3687 1326 3741 resurrexit.
1366 3686 1613 3741 llumana
1652 3686 1871 3757 quidem
1914 3690 2095 3759 passio

514 3780 600 3831 est
634 3778 804 3839 mori;
841 3776 1000 3847 713
1036 3778 1275 3831 divinam
1313 3792 1440 3831 vero
1476 3778 1583 3831 vim
1621 3788 1786 3847 atque
1817 3781 2095 3846 operatio-

516 3884 641 3923 nem
672 3876 1001 3940 resurgendo
1028 3870 1267 3922 ostendit
1300 3888 1313 3923 :
1347 3880 1406 3923 ut
1435 3884 1529 3939 per
1556 3879 1848 3938 utrumque
1878 3871 1977 3924 hoc
2004 3886 2095 3925 co-

514 3970 827 4029 gnoscatur,
870 3969 925 4013 et
966 3958 1160 4014 similis
1200 3959 1389 4023 nobis,
1428 3969 1486 4015 et
1530 3960 1687 4015 nobis
1730 3961 1996 4029 superior,
2041 3972 2097 4015 ut

517 4054 662 4110 Deus
711 4054 1107 4117 universorum,
1151 4062 1204 4107 et
1264 4053 1551 4107 nobiscum
1604 4052 1799 4117 factus,
1843 4064 2099 4107 cernatur

515 4162 638 4202 cum
670 4146 848 4201 Patre.
878 4146 988 4201 Iloc
1018 4155 1175 4215 pacto
1205 4144 1381 4215 ipsum
1410 4160 1744 4215 cognoscens
1771 4143 2094 4209 Natlianael,

515 4235 653 4288 dixit
708 4250 723 4288 :
778 4252 796 4284 ι
860 4233 1133 4302 Magister,
1197 4243 1251 4288 tu
1296 4250 1355 4289 es
1393 4233 1564 4289 Filius
1606 4236 1731 4302 Dei;
1799 4246 1853 4290 tu
1898 4252 1957 4291 es
2003 4253 2097 4290 rex

514 4323 766 4379 Israel”.
801 4345 819 4375 ι
853 4325 970 4395 Ipse
1025 4341 1154 4379 vero
1199 4325 1313 4381 suis
1368 4325 1653 4395 discipulis
1694 4328 1909 4395 inquit:
1942 4347 1959 4379 ι
1988 4327 2098 4383 Vos

514 4426 697 4470 autem
724 4416 927 4469 vocatis
958 4430 1040 4468 me
1070 4413 1358 4468 Dominum
1391 4425 1444 4469 et
1478 4415 1828 4485 magistrum;
1866 4430 1921 4473 et
1952 4432 2101 4475 recte

2129 1821 2171 1876 Β
2201 1849 2380 1919 χάριν,
2482 1847 2564 1899 ὅτι
2592 1821 2745 1899 τοῧδε
2802 1846 2898 1898 καὶ
2934 1844 3102 1914 μόνου
3136 1839 3369 1906 τεθνεὼς
3411 1844 3506 1896 καί⁵
3549 1843 3798 1912 ἐγηγερ-

2199 1939 2382 2010 μένος.

2272 2032 2336 2085 Β.
2372 2032 2631 2101 Ἀραρεν.

2270 2123 2335 2174 Α.
2367 2120 2503 2173 Τίνα
2530 2120 2595 2191 δὴ
2628 2115 2740 2182 οὖν,
2786 2114 2831 2173 ὦ
2868 2122 3107 2189 γενναῖε,
3135 2118 3340 2189 φαμὲν,
3364 2116 3440 2181 ὡς
3477 2114 3649 2170 ὑπέδυ
3690 2114 3796 2185 μιν

2200 2214 2453 2278 θάνατον,
2484 2213 2686 2267 ἀνεϐίω
2714 2213 2773 2266 δὲ
2802 2208 2903 2278 αὖ;

2270 2307 2331 2361 Β.
2365 2306 2467 2359 Τὸν
2496 2305 2624 2358 Υίὸν
2649 2304 2910 2375 δηλονότι.

2260 2402 2328 2453 Α.
2378 2396 2518 2451 Ἀλλ’
2544 2398 2629 2451 ὅτι
2663 2398 2762 2467 μέν
2792 2398 2883 2450 τὸν
2925 2395 3073 2459 Υίὸν,
3108 2390 3168 2450 εὖ
3197 2394 3396 2461 λέγεις’
3427 2393 3800 2462 ἐπαινέσομαι

2198 2489 2306 2561 γὰρ
2331 2484 2444 2544 οὖν.
2478 2488 2755 2560 Ἐθέλοιμι
2783 2488 2907 2544 δ’ἀν
2939 2505 3030 2542 σου
3055 2487 3365 2559 διαμαθεῖν,
3399 2486 3629 2557 πότερον
3664 2483 3800 2555 θνῆ-

2196 2581 2288 2645 τδς
2352 2582 2446 2635 καὶ
2481 2581 2661 2653 φθορᾷ
2700 2582 2933 2651 κάτοχος
2960 2581 2988 2633 6
3029 2582 3093 2633 ἐκ
3122 2579 3257 2633 Θεοῦ
3285 2579 3497 2650 Πατρδς
3532 2578 3730 2645 Λόγος,
3758 2575 3796 2646 ἢ

2198 2673 2342 2743 πέρα
2376 2673 2605 2727 θανάτου
2633 2674 2728 2727 καὶ
2760 2672 2965 2743 φθορᾶς
2994 2671 3254 2740 ἀμείνων,
3290 2670 3363 2733 ὼς
3389 2668 3521 2741 ζωή.

2269 2851 2331 2907 Β.
2367 2850 2525 2906 Οὕτω
2551 2851 2715 2923 φημί.

2266 2947 2331 2998 Α.
2367 2939 2501 2998 Εἶτα
2543 2942 2662 3007 πῶς
2708 2944 2932 3012 γέγονεν
2988 2943 3047 2995 ἐν
3084 2945 3319 3013 νεκροῖς,
3361 2942 3456 2996 καὶ
3503 2941 3794 3013 ἐλεύθερος

2197 3035 2293 3103 ὢν,
2337 3035 2481 3090 κατὰ
2523 3034 2625 3099 τὰς
2676 3034 2931 3106 Γραφάςς
2984 3033 3221 3105 Τεθναίη
3260 3034 3368 3104 γὰρ
3406 3034 3473 3088 ἂν
3518 3032 3635 3087 οὔτι
3683 3050 3794 3087 που

2122 3158 2165 3216 c
2198 3128 2320 3182 καθ’
2347 3128 2538 3181 ἑαυτὸν
2565 3130 2594 3182 6
2622 3128 2816 3196 Λόγος.

2272 3229 2332 3282 Β.
2366 3225 2817 3298 ’Ότιτεθνεώσης
2849 3225 3013 3279 αὐτοῦ
3039 3224 3139 3295 τῆς
3185 3224 3407 3296 σαρκὸς,
3438 3223 3597 3287 αὐτὸς
3629 3222 3794 3276 τοῦτο

2196 3315 2414 3384 λέγεται
2444 3313 2658 3369 παθεῖν.

2267 3411 2332 3465 Α.
2370 3406 2671 3479 Ὀρθότατά
2714 3425 2778 3476 γε
2825 3407 2919 3461 καὶ
2952 3406 3227 3470 ἀπλανῶς.
3282 3406 3513 3472 Οὐκοῦν,
3556 3407 3615 3459 οὐ
3662 3406 3792 3475 δίχα

2196 3500 2420 3571 σαρκὸς,
2449 3501 2546 3554 σὺν
2573 3500 2711 3570 αὐτῇ
2742 3500 2800 3553 δὲ
2832 3498 3034 3570 μᾶλλον
3058 3500 3152 3553 κα)⁵
3188 3499 3307 3570 μετ’
3336 3499 3526 3569 αὐτῆς,
3562 3498 3660 3568 τὴν
3686 3500 3789 3567 τῆς

2195 3591 2519 3661 κυριότητος
2565 3589 2866 3661 ἀνεδήσατο
2922 3589 3103 3654 δόξαν,
3151 3593 3179 3642 ό
3242 3590 3393 3659 νόμῳ
3449 3572 3650 3657 σαρκδς
3691 3588 3788 3640 καὶ

2198 3682 2357 3753 φύσει
2388 3684 2456 3752 τῇ
2489 3682 2613 3735 καθ’
2645 3683 2791 3752 ἡμᾶς
2824 3681 3056 3744 τεθνεὼς
3102 3684 3194 3736 καὶ
3226 3682 3618 3753 ἐγηγερμένος.
3662 3680 3786 3732 Ἀν-

2197 3775 2469 3847 θρώπινον
2494 3775 2592 3845 μὲν
2611 3774 2671 3827 τὸ
2692 3774 2944 3828 τεθνάναι
2975 3775 3168 3840 πάθος,
3217 3775 3499 3845 ἐνέργημα
3524 3773 3580 3826 δὲ
3606 3772 3787 3826 θεῑκδν

2196 3869 2256 3921 τὸ
2298 3866 2601 3922 ἀναϐιῶναι
2651 3867 2888 3933 δεικνὺς,
2947 3867 3031 3920 ἶνα
3062 3867 3131 3920 δι’
3179 3867 3382 3937 ἀμφοῖν
3426 3865 3784 3937 γνωρίζηται,

2198 3960 2322 4014 καθ’
2356 3961 2509 4030 ἡμᾶς
2535 3976 2595 4011 τε
2622 3958 2741 4030 ἅμα
2767 3959 2862 4011 καὶ
2892 3959 3032 4029 ὑπὲρ
3059 3961 3207 4029 ἡμᾶς
3237 3960 3313 4023 ὡς
3338 3960 3473 4023 Θεὸς
3494 3961 3602 4012 τῶν
3624 3960 3783 4023 ὅλων,

2198 4054 2293 4107 καὶ
2318 4052 2440 4120 μεθ’
2469 4054 2501 4122 ἡ
2513 4052 2631 4123 μῶν
2658 4055 2923 4121 γεγονὼς,
2952 4052 3125 4122 ὁρῷτο
3158 4052 3300 4123 μετά
3334 4054 3568 4123 Πατρός.
3598 4052 3787 4117 Οὕτως

2198 4144 2360 4197 αὑτὸν
2387 4146 2415 4198 6
2449 4142 2746 4215 Ναθαναὴλ
2790 4145 3193 4211 ἐπιγινώσκων,
3229 4145 3457 4214 ἔφασκε·
3512 4166 3530 4197 ι
3571 4146 3781 4205 Ῥαϐϐὶ.

2200 4239 2265 4291 σὺ
2326 4233 2378 4290 εῐ
2436 4239 2464 4290 6
2530 4237 2656 4301 Υἱὸς
2716 4236 2813 4290 τοῦ
2870 4236 3040 4304 Θεοῦ,
3104 4238 3169 4291 σὺ
3220 4234 3272 4291 εἷ
3316 4241 3345 4292 6
3388 4238 3639 4309 βασιλεὺς
3688 4239 3781 4292 τοῦ

2198 4330 2439 4401 Ἰσραήλ.
2470 4350 2487 4381 ι
2512 4330 2681 4393 Αὐτὸς
2705 4330 2762 4383 δὲ
2786 4333 2899 4394 τοῖς
2918 4330 3112 4383 ἑαυτοῦ
3136 4329 3429 4402 μαθηταῖς·
3459 4352 3476 4382 ι
3509 4332 3697 4401 Ὑμεῖς
3727 4333 3781 4384 δὲ

2200 4422 2414 4476 καλεῖτέ
2457 4440 2545 4491 με,
2592 4422 2779 4493 φησὶν,
2824 4424 2853 4474 6
2901 4422 3103 4494 Κύριος
3151 4424 3248 4477 καὶ
3293 4424 3645 4487 διδάσκαλος,
3689 4425 3782 4475 κοιλ⁸

516 4508 724 4575 dicitis,
762 4522 879 4562 stnn
920 4507 1063 4561 enim
1094 4506 1160 4559 ⁸⁸.
1207 4524 1225 4557 ι
1268 4506 1343 4562 Re
1380 4520 1559 4561 autem
1599 4508 1711 4576 ipsa
1750 4510 1802 4564 id
1839 4526 2092 4582 compro-

2200 4514 2380 4579 καλῶς
2412 4514 2621 4583 λέγετε·
2654 4516 2771 4585 είμὶ
2796 4514 2923 4585 γάρ.
2958 4533 2975 4565 ι
3014 4515 3204 4585 Ἐργῳ
3219 4515 3275 4567 δὲ
3299 4515 3432 4568 αὐτὸ
3458 4516 3783 4585 πιστευόμε-

514 4605 669 4665 bans,
700 4601 927 4657 remittit
956 4609 1196 4671 peccata,
1225 4608 1278 4654 et
1309 4610 1629 4669 potestatem
1660 4604 1808 4657 dedit
1836 4604 2093 4660 adversus

513 4694 738 4765 spiritus
768 4693 1093 4756 immundos,
1124 4692 1197 4744 ita
1229 4702 1288 4746 ut
1318 4694 1524 4762 possint
1555 4694 1754 4761 ejicere
1781 4712 1895 4762 eos,
1925 4707 1979 4752 et
2005 4713 2095 4753 sa-

514 4799 648 4838 nare
674 4796 832 4837 omne
858 4796 1028 4851 genus
1060 4782 1229 4836 morbi
1261 4784 1535 4853 popularis
1554 4784 1621 4840 ³¹.
1650 4785 1839 4842 Νοιιιιε
1867 4789 2009 4842 enim
2040 4791 2092 4844 in

514 4875 730 4930 nomine
769 4873 893 4928 Jesu
939 4874 1137 4930 Christi
1182 4873 1447 4931 Nazareni
1494 4890 1723 4932 sanatur
1758 4880 1985 4934 claudus
2026 4898 2092 4936 ex

512 4979 745 5038 utroque
783 4969 936 5036 pede,
977 4969 1170 5023 sedens
1209 4970 1275 5023 ad
1317 4981 1527 5040 portam
1568 4986 1687 5040 qua:
1728 4972 1925 5027 dicitur
1963 4972 2097 5043 Spe-

511 5062 656 5115 ciosa
680 5059 762 5114 ⁸⁸2
790 5059 863 5113 Ita
893 5062 1056 5116 etiam
1090 5076 1119 5114 a
1153 5061 1409 5116 diuturno
1440 5064 1869 5133 gravissimoqne
1904 5067 2094 5120 morbo

512 5152 774 5208 liberatus
803 5163 885 5208 est
912 5152 1137 5218 IEneas,
1165 5153 1377 5208 dicente
1407 5154 1473 5208 ad
1505 5166 1626 5208 eum
1660 5156 1842 5211 divino
1871 5156 2037 5211 Paulo
2076 5175 2089 5209 :

519 5264 537 5296 ι
573 5243 769 5311 Ᾰίιιεε,
801 5254 961 5301 sanat
993 5256 1045 5300 te
1076 5244 1235 5301 Jesus
1267 5246 1518 5302 Christus
1533 5244 1600 5298 ³³.
1641 5264 1659 5297 ι

587 5422 648 5477 Β.
688 5424 761 5477 Ita
792 5435 895 5480 est.

556 5598 559 5601 Ι
589 5515 653 5568 Α.
693 5511 851 5571 Omni
880 5516 1042 5588 igitur
1067 5532 1131 5573 ex
1162 5528 1315 5591 parte
1343 5521 1603 5590 compulsi
1634 5522 1700 5577 ad
1730 5523 2008 5579 veritatem
2038 5535 2094 5580 ει

2197 4626 2307 4671 νος,
2344 4609 2527 4678 ἀνίησι
2575 4607 2672 4678 μὲν
2715 4606 3012 4678 ἁμαρτίας,
3045 4607 3296 4673 ἐξουσίαν
3335 4606 3392 4660 δὲ
3438 4607 3607 4660 ἔδωκε
3644 4607 3785 4660 κατά

2198 4701 2527 4771 πνευμάτων
2575 4699 2924 4770 ἀκαθάρτων,
2977 4699 3115 4752 ὥστε
3156 4698 3440 4752 ἐκϐάλλειν
3481 4700 3642 4761 αὐτὰ,
3689 4699 3784 4751 καὶ

2198 4793 2527 4865 θεραπεύειν
2558 4793 2738 4844 πᾶσαν
2777 4791 2930 4844 νόσον
2962 4791 3056 4843 καὶ
3089 4793 3270 4844 πᾶσαν
3309 4791 3580 4861 μαλακίαν
3615 4792 3672 4844 ἐν
3707 4790 3784 4860 τῷ

2198 4882 2335 4953 λαῷ.
2361 4879 2435 4934 Ἦ
2468 4883 2570 4935 οὐκ
2594 4883 2650 4933 ὲν
2681 4881 2904 4949 ὀνόματι
2951 4881 3126 4951 Ἰησοῦ
3162 4879 3400 4951 Χριστοῦ
3437 4881 3779 4952 Ναζωραίου,

2196 4975 2593 5041 τεθεράπευται
2644 4971 2743 5042 μὲν
2782 4973 2809 5023 ό
2846 4970 2925 5023 τὼ
2967 4972 3096 5025 πόδε
3132 4972 3534 5043 λελωϐημένος,
3581 4973 3679 5025 καὶ
3714 4977 3781 5044 τῇ

2194 5068 2373 5140 ὡραία
2413 5065 2760 5138 προσιζάνων
2807 5065 2994 5137 πύλῃς
3042 5065 3356 5136 ἀρρωστίαν
3397 5065 3453 5119 δὲ
3514 5065 3611 5136 τὴν
3646 5064 3785 5117 οὕτω

2197 5157 2414 5229 μακρὰν
2445 5156 2797 5221 ἀπεσείσατο,
2825 5154 2921 5208 καὶ
2963 5154 3159 5226 κομιδῇ
3190 5154 3581 5222 δυσδιάφυκτον
3604 5154 3786 5224 διέδρα

2193 5250 2349 5302 νόσον
2402 5248 2623 5311 Αἰνέας,
2684 5247 2820 5319 πρὸς
2865 5246 2924 5298 ὃν
2977 5248 3006 5299 6
3050 5246 3338 5311 θεσπέσιος
3388 5246 3494 5318 ἔφη
3552 5247 3783 5310 Παῦλος·

2199 5360 2217 5392 ι
2243 5342 2427 5406 Αἰνέα,
2454 5341 2598 5394 ἰᾶταί
2624 5357 2683 5393 σε
2722 5340 2931 5411 Ἰησοῦς
2953 5341 2981 5393 ό
3004 5339 3264 5411 Χριστός.
3304 5359 3323 5391 ι

2271 5435 2330 5486 Β.
2372 5432 2617 5503 Ἀληθές.

2271 5529 2335 5579 Α.
2377 5525 2724 5597 Πανταχόθεν
2761 5520 2853 5578 οὖν
2897 5524 3005 5597 ἄρα
3051 5524 3454 5596 συνωθούμενοι
3481 5526 3618 5597 πρὸς
3658 5524 3793 5596 ἀλήσ-

614 5721 657 5754 ²²
684 5719 811 5774 Luc.
843 5720 947 5800 ll?
1044 5723 1089 5755 "
1113 5722 1268 5780 Rom.
1302 5740 1411 5791 xtv,
1434 5725 1552 5780 7-9.
1630 5727 1676 5760 "
1699 5724 1855 5781 Joan.
1892 5741 1928 5792 t,
1958 5727 2047 5785 49.

2196 5726 2353 5783 Joan.
2392 5744 2511 5800 xm,
2545 5728 2638 5783 15.
2718 5729 2761 5760 ³⁸
2787 5727 2979 5785 Matth.
3014 5743 3069 5794 x,
3096 5727 3150 5783 8.
3228 5729 3273 5761 "
3295 5730 3418 5785 Act.
3447 5745 3531 5797 ιιι,
3565 5729 3599 5784 2
3630 5743 3785 5800 seqq.

518 5794 566 5828 ³³
587 5794 707 5849 Act.
746 5806 821 5859 ix,
853 5790 945 5846 54.
