4122 6518
402 370 539 426 1235

1530 371 1718 439 QUOD
1756 371 1948 430 UNUS
1987 367 2096 426 SIT
2134 368 2506 427 CHRISTUS.

3511 370 3647 438 1351

397 487 569 551 θειαν,
608 487 703 542 καὶ
732 486 794 542 τὸ
833 487 945 553 τοῖς
982 488 1147 562 ἱεροῖς
1178 487 1475 563 Γράμμασι
1509 489 1702 546 δοκοῦν
1749 492 1969 562 ιχνηλα-
2003 541 2004 547 η

2079 502 2348 543 sacrarum
2388 487 2794 558 Scripturarum
2829 486 3137 545 auctoritati
3172 484 3520 557 acquiescere
3550 500 3647 540 τοο

394 579 510 631 τεῖν
548 571 607 630 εὖ
658 576 808 645 μάλα
846 578 1259 647 σπουδάζοντες,
1295 580 1389 633 καὶ
1429 582 1551 644 ταῖς
1594 580 1702 634 τῶν
1750 581 1973 652 πατρῶν

396 669 653 741 ἑπόμενοι
692 671 893 734 δόξαις,
919 671 1009 724 τὸν
1032 672 1097 725 ὲκ
1121 669 1277 743 ῥίζης
1319 672 1540 737 Ἰεσσαὶ,
1578 672 1668 726 τὸν
1707 675 1770 727 ὲκ
1801 674 1973 745 σπέρ-

399 778 567 832 ματος
596 759 904 823 Δαϐὶδπτὸν
932 763 997 814 ὲκ
1032 761 1287 828 γυναικὸς
1325 762 1466 817 κατά
1499 762 1699 834 σάρκα,
1731 764 1823 817 τὸν
1855 764 1973 834 μεθ’

395 852 553 923 ήμῶν
582 852 687 905 ὑπὸ
726 852 889 922 νόμον
928 851 1003 915 ὡς
1030 852 1338 924 ἄνθρωπον,
1374 854 1469 907 καὶ
1500 855 1640 925 ὑπὲρ
1667 856 1812 925 ἡμᾶς
1835 855 1973 926 ὑπὲρ

395 944 559 1013 νόμον
587 944 662 1006 ὡς
689 942 840 1006 Θεὸν,
887 942 978 996 τὸν
1002 943 1069 996 δι’
1116 945 1264 1015 ἡμᾶς
1316 962 1374 999 τε
1418 946 1512 1000 καὶ
1545 947 1677 1017 μεθ’
1727 948 1884 1017 ήμῶν
1917 949 1973 1000 ὲν

396 1035 627 1104 νεκροῖς,
653 1033 745 1085 τὸν
775 1031 915 1102 ὑπὲρ
934 1032 1082 1103 ἡμᾶς
1096 1032 1160 1086 δι’
1185 1032 1375 1087 ἑαυτὸν
1402 1034 1661 1097 ζωοποιὸν
1683 1036 1777 1088 καὶ
1808 1034 1959 1105 ζωὴν,

397 1124 523 1177 Υἱὸν
558 1118 699 1176 εἶναι
727 1122 823 1175 τοῦ
850 1122 985 1177 Θεοῦ
1016 1122 1160 1177 κατά
1190 1124 1449 1197 ἀλήθειαν
1479 1125 1826 1197 πιστεύομεν,
1852 1126 1969 1179 οὔτε

395 1215 677 1285 ψιλοῦντες
710 1215 963 1286 θεότητος
985 1215 1046 1269 τὸ
1074 1214 1439 1288 ἀνθρώπινον,
1467 1216 1590 1271 οὔτε
1621 1219 1726 1289 μήν
1760 1218 1972 1290 ἀνθρω-

396 1304 628 1373 πότητος
657 1304 1132 1374 άπαμφιεννύντες
1163 1307 1256 1359 τὸν
1281 1307 1453 1376 Λόγον
1498 1309 1634 1377 μετὰ
1666 1309 1763 1378 τὴν
1800 1308 1975 1378 ἄφρα-

398 1412 521 1449 στον
551 1413 614 1448 συ
623 1394 891 1466 μπλοκὴν,
919 1395 1034 1450 ἀλλ’
1063 1397 1160 1451 ἕνα
1184 1398 1277 1451 καὶ
1297 1397 1388 1453 τὸν
1407 1399 1568 1452 αὐτὸν
1587 1400 1975 1469 ὁμολογοῦντες

396 1489 545 1554 Υἱὸν,
577 1489 641 1541 ὲκ
668 1487 816 1541 δυοῖν
869 1488 1239 1558 πραγμάτοιν,
1275 1491 1354 1553 εἰς
1397 1490 1455 1543 εν
1489 1508 1542 1543 τι
1578 1491 1640 1544 τὸ
1678 1491 1738 1556 ἐξ
1772 1493 1973 1562 ἀμφοῖν

397 1581 725 1651 ἀπορρήτους
785 1580 1147 1651 ὲκπεφηνότα,
1198 1581 1321 1635 καθ’
1364 1581 1561 1637 ἕνωσιν
1602 1583 1842 1653 δηλονότι
1876 1584 1974 1655 τὴν

398 1670 690 1731 ἀνωτάτω,
742 1668 836 1721 καὶ
881 1669 942 1721 οὐ
989 1669 1202 1738 φύσεως
1242 1675 1620 1745 παρατροπήν.
1662 1674 1824 1728 Ὅσον
1866 1674 1975 1745 γὰρ

399 1755 540 1810 οῦτω
574 1756 856 1823 δοξάζουσι
879 1758 1165 1829 περιέσται
1192 1760 1252 1813 τὸ
1277 1761 1484 1832 κέρδος,
1516 1766 1774 1832 σαφηνι-εῖ
1801 1763 1975 1833 λέγων

399 1847 427 1898 6
449 1845 683 1917 Χριστοῦ
726 1844 998 1916 μαθητής·
1034 1866 1052 1898 ι
1077 1849 1174 1911 Ὃς
1206 1848 1271 1902 ἂν
1304 1850 1633 1923 ὁμολογήσῃ,
1653 1852 1734 1906 ὃτι
1767 1852 1974 1923 Ἰησοῦς

398 1938 546 1989 ἔστιν
574 1939 602 1989 6
648 1935 775 1993 Υἱὸς
806 1935 899 1989 τοῦ
930 1935 1087 2003 Θεοῦ,
1139 1940 1167 1991 6
1216 1938 1349 2001 Θεὸς
1381 1941 1438 1992 ὲν
1481 1941 1632 2011 αὐτῷ
1668 1940 1840 2013 μένει,
1879 1942 1973 1998 καὶ

398 2026 560 2090 αὐτὸς
601 2027 659 2079 ὲν
697 2026 777 2098 τῷ
813 2025 950 2097 Θεῷ.
981 2046 1000 2079 ι
1053 2029 1176 2082 Ὅτι
1218 2029 1274 2081 δὲ
1320 2030 1525 2100 Ἰησοῦς
1553 2033 1786 2103 Χριστὸς
1828 2036 1856 2087 6
1907 2036 1973 2088 ὲκ

399 2117 563 2171 Δαΰὶδ
590 2118 730 2171 κατά
763 2119 964 2191 σάρκα,
995 2119 1140 2173 κατὰ
1171 2120 1332 2190 φύσιν
1358 2123 1451 2175 καὶ
1471 2123 1687 2193 ἀληθῶς
1707 2125 1834 2189 Υἱός
1856 2126 1973 2179 ἐστι

398 2208 493 2262 τοῦ
522 2208 679 2273 Θεοῦ,
704 2208 836 2262 καθὸ
858 2211 1051 2277 γέγονε
1086 2211 1223 2283 σὰρξ
1273 2213 1300 2265 6
1324 2212 1514 2280 Λόγος,
1545 2216 1638 2266 καὶ
1666 2216 1973 2286 ἐσκήνωσεν

401 2304 458 2354 ὲν
503 2303 672 2373 ἡμῖν,
738 2307 1142 2375 κατασφραγιεῖ
1182 2304 1356 2371 λέγων
1401 2306 1428 2357 6
1480 2306 1638 2375 σοφὸς
1703 2308 1975 2378 Ἰωάννης·

408 2413 425 2445 ι
450 2392 560 2446 Καὶ
595 2392 816 2464 οἴδαμεν
848 2394 929 2447 ὃτι
964 2395 992 2447 ὁ
1028 2394 1155 2459 Υἱὸς
1190 2396 1282 2449 τοῦ
1315 2396 1450 2450 Θεοῦ
1480 2398 1625 2469 ἥκει,
1654 2400 1746 2452 καὶ
1781 2400 1981 2454 ἔδωκεν

401 2485 535 2553 ἡμῖν
572 2483 833 2547 διάνοιαν,
865 2484 955 2536 ἵνα
1000 2484 1361 2555 γινώσκωμεν
1401 2486 1492 2539 τὸν
1529 2486 1784 2558 ἀληθινὸν
1827 2488 1979 2551 Θεὸν,

403 2574 497 2625 καὶ
531 2571 699 2641 ἐσμὲν
729 2573 787 2625 ὲν
830 2572 907 2643 τῷ
940 2572 1202 2643 ἀληθινῷ,
1249 2575 1308 2626 ὲν
1342 2572 1420 2643 τῷ
1451 2573 1565 2644 Υἱῴ
1597 2574 1761 2627 αὑτοῦ
1804 2574 1977 2645 Ἰησοῦ

403 2662 642 2735 Χριστῷ.
671 2658 839 2726 Οὗτός
887 2665 1036 2717 ἐστιν
1063 2666 1091 2717 6
1117 2663 1369 2734 ἀληθινὸς
1400 2663 1531 2728 Θεὸς
1567 2664 1661 2716 καὶ
1690 2662 1803 2734 ζωὴ
1848 2664 1980 2717 αἰώ-

402 2770 535 2817 νιος,
563 2772 582 2806 ›
618 2754 712 2807 καὶ
742 2754 809 2807 δι’
844 2754 1011 2808 αὐτοῦ
1041 2772 1123 2819 τε,
1166 2756 1259 2809 καὶ
1291 2756 1388 2808 σὺν
1416 2753 1584 2824 αὐτῷ,
1621 2754 1697 2825 τῷ
1732 2753 1851 2825 Θεῷ
1887 2755 1982 2808 καὶ

405 2844 579 2915 Πατρὶ
618 2846 650 2915 ἡ
684 2844 810 2909 δόξα
855 2845 953 2899 σὺν
998 2844 1137 2917 ἁγίῳ
1180 2845 1478 2915 Πνεῦματι,
1509 2846 1590 2908 εὶς
1617 2845 1744 2906 τοὺς
1780 2843 1982 2907 αἰῶνας

402 2935 511 2989 τῶν
546 2935 778 2991 αἰώνων.
830 2935 1023 3008 Ἀμήν.

475 3072 741 3129 8“Hoan.
774 3073 962 3141 1ν,15.
1038 3073 1084 3107 ³⁵
1103 3072 1256 3130 Juan.
1293 3093 1329 3140 ι,
1366 3075 1453 3129 14.
1528 3075 1574 3105 ³⁸⁸
1600 3075 1615 3127 Ι
1642 3072 1797 3129 Jnan.
1832 3091 1880 3138 v,
1913 3073 2003 3129 ‘20.

431 3264 1289 3297 mm:

2074 579 2276 644 lentes,
2312 588 2369 634 et
2398 579 2616 634 Patrum
2657 580 2979 635 sententiam
3017 588 3336 649 sequentes,
3375 576 3649 631 credimus

2072 686 2195 726 eum
2228 672 2319 734 qui
2350 686 2417 724 ex
2450 671 2630 725 radice
2657 670 2847 735 Jessze,
2878 670 2966 739 qui
2999 685 3063 724 ex
3096 669 3300 724 semine
3330 667 3520 729 David,
3551 666 3644 735 qui

2073 777 2137 817 ex
2182 762 2398 832 Virgine
2441 764 2736 817 secundum
2785 774 3037 823 carnem,
3085 761 3175 830 qui
3222 761 3499 815 nobiscum
3548 757 3651 813 sub

2076 852 2315 923 legerest
2354 862 2412 905 ut
2456 854 2635 918 homo,
2677 861 2732 906 et
2775 867 2935 919 supra
2982 866 3098 911 nos,
3142 865 3303 919 supra
3354 850 3549 920 legem,
3593 858 3652 902 ut

2076 944 2240 1007 Deus,
2271 944 2360 1012 qui
2393 954 2612 1013 prapter
2641 956 2736 997 nos
2768 941 3044 996 nobiscum
3075 951 3158 995 est
3194 942 3335 995 inter
3366 950 3648 1003 mortuos;

2073 1035 2162 1105 qui
2194 1050 2353 1103 supra
2385 1049 2480 1088 nos
2508 1048 2604 1105 per
2627 1034 2861 1104 seipsum
2890 1042 2974 1088 est
2999 1032 3275 1085 viviﬁcans
3305 1041 3358 1083 et
3384 1032 3528 1096 vita;
3564 1044 3651 1083 re-

2075 1142 2201 1182 vera
2242 1142 2362 1182 esse
2403 1126 2598 1180 Filium
2644 1126 2755 1181 Dei.
2792 1123 2976 1193 Neque
3018 1121 3407 1175 humanitatem
3453 1120 3646 1173 divini-

2078 1226 2186 1272 tate
2230 1219 2516 1282 nudantes,
2561 1230 2735 1287 neque
2777 1229 2963 1268 rursus
3004 1222 3264 1267 exuentes
3309 1212 3652 1266 humanitate

2076 1306 2334 1373 Verbum,
2369 1320 2490 1378 post
2521 1308 2664 1361 illam
2696 1305 3019 1361 ineﬂahilem
3052 1304 3322 1373 copulam,
3359 1303 3450 1357 sed
3484 1317 3649 1356 unum

2074 1408 2233 1467 atque
2260 1404 2506 1454 eumdem
2540 1399 2853 1467 proﬁtentes
2880 1411 3005 1451 esse
3038 1395 3256 1456 Filium,
3291 1394 3379 1462 qui
3415 1409 3481 1447 ex
3520 1393 3655 1446 dna-

2075 1490 2175 1545 bus
2214 1491 2375 1545 rebus
2418 1490 2469 1543 in
2512 1505 2676 1544 unum
2723 1488 2849 1557 quid
2895 1503 2961 1541 ex
3008 1485 3269 1540 ambobus
3311 1482 3656 1538 ineﬂ‘abiliter

2074 1582 2405 1652 apparuerit,
2444 1581 2739 1636 secundum
2779 1579 3028 1633 unionem
3070 1576 3323 1632 nimirum
3363 1590 3651 1636 summam.

2076 1688 2181 1728 non
2211 1680 2387 1727 autem
2415 1671 2711 1727 secundum
2736 1678 2945 1725 natura:
2972 1669 3353 1723 mutationem.
3374 1665 3650 1732 Quantum

2076 1764 2220 1818 enim
2264 1765 2353 1833 qui
2402 1764 2475 1818 ita
2519 1764 2763 1818 sentiunt
2804 1760 3137 1816 lucrifacturi
3181 1760 3319 1823 sint,
3361 1756 3652 1812 manifeste

2007 1832 2048 1886 Β
2076 1832 2315 1908 declarat
2346 1852 2549 1906 Christi
2584 1851 2876 1919 discipulus
2909 1851 3094 1903 dicens
3125 1865 3140 1902 :
3175 1868 3193 1897 ι
3227 1846 3487 1915 Quisquis
3516 1861 3651 1900 con-

2081 1944 2255 1999 fessus
2288 1944 2449 1997 fuerit
2480 1946 2733 2012 quoniam
2765 1942 2921 1997 .lesus
2952 1950 3035 1994 est
3066 1940 3233 1995 Filius
3271 1940 3391 2002 Dei;
3433 1938 3571 1991 Dens
3602 1939 3655 1989 in

2079 2050 2145 2091 eo
2184 2045 2408 2099 manet,
2451 2044 2507 2089 et
2548 2034 2666 2104 ipse
2711 2035 2763 2087 in
2812 2033 2921 2088 Deo
2945 2033 3011 2087 “.
3065 2052 3084 2086 ι
3136 2032 3289 2099 Quod
3335 2045 3460 2085 vero
3501 2030 3659 2084 Jesns

2079 2127 2332 2182 Christus
2357 2126 2446 2193 qui
2478 2135 2558 2179 est
2588 2141 2651 2179 ex
2684 2125 2848 2179 David
2880 2125 3174 2179 secundum
3198 2138 3441 2185 carnem,
3468 2122 3535 2175 sit
3566 2137 3657 2173 na-

2084 2216 2330 2271 turaliter
2358 2231 2420 2268 ac
2449 2231 2575 2270 vere
2611 2212 2780 2271 Filius
2815 2216 2931 2279 Dei,
2966 2225 3231 2287 quatenus
3259 2213 3489 2267 Verbum
3531 2227 3661 2266 caro

2083 2307 2281 2361 factum
2318 2316 2432 2367 est,
2470 2316 2524 2359 et
2564 2307 2826 2361 habitavit
2867 2306 2921 2360 in
2965 2305 3118 2359 nobis
3141 2305 3208 2369 ⁸⁸,
3246 2304 3528 2359 conﬁrmat
3571 2319 3659 2355 sa-

2078 2398 2233 2466 piens
2275 2395 2365 2449 ille
2410 2394 2645 2451 Joannes
2688 2396 2876 2450 dicens
2916 2412 2930 2448 :
2974 2412 2998 2447 ν(
3051 2395 3115 2449 Et
3158 2394 3363 2449 scimus
3402 2391 3657 2462 quoniam

2091 2486 2258 2541 Filius
2287 2486 2376 2540 Dei
2406 2487 2578 2550 venit,
2604 2496 2658 2540 et
2683 2486 2829 2539 dedit
2857 2484 3012 2539 nobis
3037 2500 3259 2539 sensum
3285 2497 3344 2537 ut
3370 2497 3662 2552 cognosca-

2085 2593 2205 2633 mus
2256 2591 2442 2631 verum
2498 2576 2708 2643 Deum,
2760 2586 2814 2629 ct
2855 2576 3027 2630 simus
3072 2578 3124 2630 in
3179 2590 3302 2629 vero
3343 2574 3462 2643 ejus
3505 2571 3659 2626 Filio.

2087 2666 2251 2739 714
2276 2666 2374 2723 Hic
2399 2676 2481 2722 est
2507 2682 2665 2721 verus
2696 2667 2854 2732 Dens,
2882 2676 2936 2719 et
2962 2666 3068 2720 vita
3096 2673 3297 2720 aeterna
3317 2664 3395 2729 ³⁶;
3434 2682 3452 2714 ι
3485 2674 3540 2717 et
3570 2679 3663 2732 per

2084 2759 2293 2827 ipsum,
2323 2766 2377 2812 et
2409 2772 2530 2811 cum
2565 2756 2681 2826 ipso
2715 2757 2822 2810 Deo
2852 2772 2913 2811 ac
2942 2755 3091 2811 Patri
3122 2755 3287 2825 gloria
3320 2770 3443 2809 cum
3476 2762 3665 2809 sancto

2088 2847 2312 2920 Spiritu,
2348 2849 2399 2903 in
2434 2848 2627 2903 saecula
2660 2848 3000 2904 saeculorum.
3032 2849 3221 2902 Amen.

1923 3264 2630 3275 -——-—--a—-‘——-—_—-..

1298 3266 2187 3278 ..__..__..___.___..____.
2206 3264 3163 3290 *wmn
3167 3261 3644 3290 an

1596 3427 1895 3543 ΤΟΥ
1976 3424 2466 3541 ΑΥΤΟΥ

1115 3679 1412 3817 ΟΤΙ
1509 3683 1769 3811 ΕΙΣ
1856 3680 1974 3813 Ο
2069 3678 2799 3814 ΧΡΙΣΤΟΣ
2867 3676 2947 3801 ⁸.

1714 4088 2349 4206 EJUSDEM

1195 4325 1526 4433 QUOD
1601 4328 1918 4419 UNUS
1987 4328 2179 4418 SIT
2252 4328 2874 4420 CHRISTUS.

1980 4552 2054 4566 λη

487 4666 552 4719 Δ.
593 4663 949 4736 Μαθημάτων
990 4679 1089 4736 μεν
1127 4681 1237 4717 των
1265 4665 1427 4738 ιερῶν
1462 4666 1623 4740 κόρος
1673 4668 1741 4723 ἂν
1782 4670 1988 4739 γένοιτο

2164 4672 2454 4728 Sacrarum
2512 4671 2918 4741 disciplinarum
2977 4680 3138 4740 atque
3196 4668 3458 4724 doctrina:
3518 4667 3662 4722 nulla

411 4756 690 4821 παντελῶς
734 4756 909 4821 οὐδεὶς
959 4758 1073 4821 τοῖς
1125 4774 1188 4826 γε
1237 4757 1452 4830 άληθῶς
1513 4762 1836 4835 άρτῐφροσι,
1894 4766 1987 4819 κα)⁵

411 4849 610 4919 γνῶσιν
642 4849 722 4912 εἰς
747 4848 872 4903 νοῦν
900 4849 998 4919 τὴν
1026 4848 1288 4912 ζωοποιὸν
1314 4854 1757 4925 συνεγηγερκόσι.
1783 4856 1988 4927 Γέγρα-

414 4960 544 4995 πται
566 4941 695 5011 γάρ·
744 4960 762 4991 ‹
793 4940 914 4993 Ὅτι
937 4940 1037 4994 οὐκ
1058 4942 1143 4995 ἐπ’
1174 4942 1325 5014 ἄρτῳ
1352 4944 1497 5013 μόνῳ
1526 4944 1749 5015 ζήσεται
1780 4946 1993 5017 ἄνθρω-

418 5051 536 5097 πος,
577 5034 695 5087 ἀλλ’
726 5032 819 5086 ἐπὶ
874 5033 1038 5086 παντὶ
1067 5034 1274 5106 ῥήματι
1298 5036 1715 5106 ἐκπορευομένῳ
1752 5036 1839 5089 διὰ
1870 5038 1993 5089 στό-

420 5139 585 5192 ματος
611 5121 768 5176 Θεοῦ.
799 5143 818 5175 ι
853 5122 1039 5193 Τροφὴ
1066 5122 1175 5194 γὰρ
1202 5122 1319 5189 νοῦ,
1358 5126 1386 5177 6
1410 5124 1565 5192 λόγος
1597 5127 1625 5177 6
1655 5126 1807 5195 παρὰ
1834 5125 1991 5191 Θεοῦ,

415 5209 509 5262 καὶ
534 5208 697 5279 ἄρτος
720 5211 1108 5281 πνευματικὸς,
1138 5212 1407 5282 στηρίζων
1427 5212 1712 5285 ἀνθρώπου
1742 5215 1989 5286 καρδίαν,

413 5297 556 5351 κατά
584 5297 645 5350 τό
672 5301 729 5351 ὲν
758 5300 922 5373 βίϐλῳ
954 5301 1200 5372 Ψαλμῶν
1240 5302 1593 5374 ὑμνούμενον.

485 5390 545 5443 B.
581 5385 654 5443 Εὖ
683 5390 883 5458 λέγεις.

487 5482 551 5532 Α.
604 5479 871 5554 Ἑλλήνων
895 5485 993 5554 μὲν
1039 5482 1132 5541 οὖν
1161 5488 1209 5541 οἱ
1235 5486 1387 5556 σοφοὶ
1415 5487 1509 5541 καὶ
1548 5487 1766 5557 λογάδες
1792 5488 1986 5541 τεθαυ-

505 5638 546 5670 ³¹¹
576 5637 761 5693 Matth.
790 5655 860 5706 tv,
886 5640 939 5695 4.
1024 5641 1068 5674 ³⁸
1092 5641 1233 5697 Psal.
1266 5658 1383 5709 cm,
1420 5644 1507 5700 15.

2095 4765 2252 4836 plane
2278 4775 2362 4819 est
2392 4764 2650 4831 satietas,
2685 4764 2751 4819 iis
2782 4763 2872 4834 qui
2911 4776 3099 4817 revera
3134 4771 3284 4815 recte
3314 4760 3585 4821 sentiunt.
3615 4768 3670 4814 et

2095 4856 2455 4909 vivificantem
2502 4856 2746 4909 notitiam
2796 4864 2979 4908 mente
3031 4854 3348 4908 hauserunt.
3397 4850 3668 4918 Scriptum

2096 4954 2180 5000 est
2208 4947 2353 5001 enim
2386 4964 2399 5000 :
2436 4966 2454 4998 ι
2492 4946 2625 5015 Quia
2659 4962 2762 5002 non
2800 4948 2849 5000 in
2883 4945 2999 4999 solo
3028 4959 3164 5014 pane
3196 4942 3339 4995 vivet
3370 4941 3551 5006 homo,
3581 4941 3673 4994 sed

2098 5035 2150 5089 in
2182 5037 2326 5091 omni
2358 5038 2523 5093 verbo
2553 5037 2694 5105 quod
2728 5034 2967 5105 procedit
2997 5049 3062 5088 ex
3090 5049 3185 5087 ore
3222 5032 3310 5085 Dei
3336 5030 3402 5083 ³⁷.
3441 5049 3460 5082 ι
3490 5028 3677 5083 Nutri-

2096 5136 2336 5183 mentum
2366 5130 2509 5183 enim
2542 5128 2738 5181 mentis
2769 5137 2855 5181 est
2881 5125 3103 5179 verbum
3141 5124 3257 5187 Dei,
3288 5132 3342 5177 et
3374 5122 3529 5190 panis
3562 5119 3673 5189 spi-

2098 5219 2309 5273 ritualis
2334 5218 2667 5273 conﬁrmans
2691 5233 2756 5272 ac
2786 5220 3048 5271 roborans
3074 5230 3167 5269 cor
3191 5214 3455 5277 hominis;
3486 5226 3676 5280 quem-

2094 5312 2384 5367 admodum
2416 5312 2465 5366 in
2493 5311 2728 5367 Psalmis
2757 5310 3056 5366 canitur”.

2169 5400 2229 5456 Β.
2271 5400 2437 5457 Recte
2468 5403 2567 5455 ais.

2166 5490 2231 5544 Α.
2272 5488 2564 5545 Gentilium
2616 5487 2832 5560 quidem
2883 5478 3155 5559 sapientes
3203 5492 3537 5540 venustatem
3595 5481 3674 5536 di-

495 5820 511 5841 ‘
545 5819 794 5882 Dialoaus
826 5824 913 5878 hic
950 5824 1000 5878 in
1025 5824 1260 5882 editione
1285 5824 1513 5881 Auberti
1550 5840 1833 5889 perperam
1860 5835 2177 5882 numeratur
2202 5838 2374 5881 nonus
2401 5839 2465 5879 cx
2497 5823 2585 5879 his
2618 5822 2707 5892 qui
2740 5838 2860 5879 cum
2885 5818 3102 5879 Hermia
3137 5822 3305 5879 habiti
3338 5830 3481 5878 sunt.
3510 5817 3663 5871 Εοιτ.
