4122 6572
432 372 572 429 i255

1422 365 1482 425 S.
1523 364 1797 422 CYRILLI
1836 358 2301 418 ALEXANDRINI
2339 355 2662 417 ARCHIEP.

3556 356 3711 410 1256

429 483 584 542 eendi
612 481 859 538 admirati
886 481 1133 547 fuerunt.
1159 481 1634 552 eloquentiamque
1655 494 1867 535 summo
1890 486 1999 531 stu.
2033 530 2035 537 Α

2138 478 2320 531 ιάκασι
2359 476 2431 546 τὸ.
2466 474 2780 538 καλλιεπές,
2839 476 2937 528 καὶ
2972 474 3082 528 τῶν
3123 470 3205 527 ὅτι
3262 471 3495 542 μάλιστα
3566 484 3709 521 κατ-

426 578 518 633 dio
544 573 817 640 aﬁ'ectant,
841 582 897 628 et
921 574 1105 629 subtili
1134 573 1422 627 verborum
1451 583 1648 627 ornatu
1674 569 1999 640 gloriamur,

427 665 800 733 orationisque
830 679 1023 734 pompa
1052 678 1115 718 ac
1147 664 1286 719 fastu
1317 663 1681 718 delectantur.
1711 663 1788 714 Ac
1817 667 2001 728 poeta.

2105 565 2563 636 εσπουδασμὲνων
2595 566 2727 636 παρ’
2748 564 2934 629 αὐτοῖς
2975 566 3093 617 ἐστι
3137 563 3200 617 τὸ
3229 561 3571 632 ἀλληγορεῖν,
3603 560 3712 612 καὶ

2104 660 2290 729 ψιλαῖς
2334 658 2596 729 ῥημάτων
2639 654 2941 726 ἑπαυχοῦσι
2994 654 3307 725 κομψείαιςν
3349 652 3443 706 καὶ
3490 651 3571 722 τῷ
3600 650 3712 720 τῆς

429 774 546 812 rum
577 756 794 826 quidem
825 756 1081 810 materies
1111 766 1196 810 est
1228 754 1592 818 mendacium,
1619 753 1705 806 cui
1739 751 2005 821 rhythmis

2142 750 2307 817 έξεως
2335 747 2728 819 ἑναὸρύνονται
2754 747 2974 818 κόμπῳ.
3030 745 3143 800 Καὶ
3166 742 3263 815 ὕλη
3299 744 3402 826 μένῗ
3424 744 3712 812 ποιηταῖς,

426 849 539 902 suis
572 825 636 902 ae
670 847 911 902 numeris
946 849 1173 917 gratiam
1209 856 1264 902 et
1293 854 1628 901 venustatem
1660 840 2008 897 addunt.Ve-

2142 840 2169 893 ὸ
2198 838 2414 909 ψεῦδος,
2443 838 2674 909 ῥυθμοῖς
2702 838 2799 891 καὶ
2829 837 3050 907 μέτροις
3078 837 3158 898 είς
3186 833 3248 887 τὸ
3270 825 3492 903 ἐπίίαρί
3518 848 3579 885 τε
3608 832 3715 885 καὶ

429 937 611 992 ritatis
649 946 830 990 autem
863 951 1122 1006 perquam
1152 936 1344 1007 exigua
1377 936 1444 990 ab
1473 934 1553 989 eis
1588 934 1725 987 ratio
1757 932 2007 997 habetur,

428 1028 558 1095 quin
603 1028 783 1096 potius
824 1042 1037 1082 summa
1073 1028 1321 1083 laborant
1355 1025 1533 1095 inepia
1571 1038 1714 1079 vera:
1755 1022 2011 1091 utilisque

431 1119 738 1181 sententiae,
767 1118 836 1173 de
868 1118 999 1179 Deo.
1033 1119 1275 1189 inquam,
1311 1116 1639 1172 naturaliter
1665 1130 1731 1171 ac
1758 1129 1886 1169 vere
1914 1128 2012 1169 ex—

432 1209 679 1275 sistente,
708 1218 765 1264 et
797 1219 856 1263 ut
888 1208 1091 1264 Paulus
1126 1209 1300 1277 inquit
1336 1226 1351 1262 :
1388 1226 1407 1261 (
1449 1207 1802 1261 Evannerunt
1834 1205 1887 1259 in
1921 1219 2015 1260 co-

433 1300 784 1370 gitationibus
827 1301 971 1365 suis,
1009 1308 1065 1355 et
1103 1300 1451 1355 obscuratum
1494 1308 1578 1353 est
1618 1297 1883 1366 insipiens
1920 1309 2016 1350 cor

435 1407 646 1449 eorum.
678 1392 929 1449 Dicentes
957 1394 1103 1447 enim
1136 1408 1194 1448 se
1223 1408 1345 1448 esse
1374 1393 1671 1461 sapientes,
1701 1390 1851 1444 stulti
1888 1388 2015 1444 facti

436 1494 598 1547 sunt,
631 1493 683 1539 et
719 1492 1065 1539 mutaverunt
1102 1482 1331 1553 gloriam
1368 1481 1797 1550 incorruptibilis
1832 1479 1928 1534 Dei
1964 1479 2016 1533 in

438 1572 842 1629 similitudinem
873 1573 1124 1644 imaginis
1152 1572 1523 1642 corruptibilis
1555 1571 1816 1635 hominis,
1842 1578 1897 1625 et
1927 1584 2021 1623 vo-

440 1663 670 1728 lucrum,
700 1672 755 1718 et
784 1663 1217 1734 quadrupedum,
1249 1674 1303 1719 et
1334 1662 1670 1733 serpentium
1694 1662 1760 1715 ”.
1804 1681 1821 1713 ι

516 1878 581 1934 Β.
620 1878 697 1935 ita
727 1889 833 1937 est.

509 2012 575 2068 Α.
618 2012 694 2068 De
720 2013 786 2069 iis
814 2013 993 2083 itaque
1021 2029 1117 2084 per
1136 2031 1324 2072 vocem
1349 2016 1499 2073 Isaiae
1531 2018 1669 2074 Deus
1698 2019 1771 2074 ita
1804 2019 1978 2088 inquit
2004 2039 2018 2075 :

443 2108 648 2165 Scitote
674 2109 800 2180 quia
823 2108 963 2164 cinis
986 2119 1068 2165 est
1090 2127 1185 2166 cor
1204 2127 1416 2179 eorum,
1438 2122 1489 2167 et
1515 2124 1720 2167 errant.
1744 2113 1904 2184 715
1928 2114 2024 2169 At-

444 2216 550 2271 que
582 2201 635 2255 hi
670 2201 885 2270 quidem
922 2202 992 2255 ita
1028 2200 1203 2256 alreeti
1246 2214 1392 2258 sunt.
1429 2203 1528 2270 Qui
1568 2218 1695 2259 vero
1735 2206 2021 2275 impiarum

446 2293 735 2348 haresium
778 2301 1029 2348 auctores
1062 2294 1423 2360 exstiterunt,
1463 2296 1657 2365 impuri
1694 2306 1858 2365 atque
1896 2313 2027 2366 apo-

447 2392 640 2447 stalai,
691 2381 893 2451 quique
946 2383 1210 2439 adversus
1260 2385 1494 2438 divinam
1549 2384 1773 2455 gloriam
1827 2387 2026 2440 buccas

448 2492 577 2530 suas
621 2477 881 2543 dilatant,
928 2488 1181 2547 perversa
1239 2478 1556 2548 nefariaque
1608 2479 1925 2549 loquentes,
1972 2479 2024 2534 in

452 2570 618 2623 nihilo
647 2571 935 2636 minorem,
963 2574 1071 2626 imo
1102 2571 1360 2641 majorem
1391 2587 1548 2641 quam
1580 2570 1832 2642 gentiles,
1861 2572 2029 2640 impe-

452 2658 633 2712 riliarl
663 2658 899 2728 prolapsi
949 2675 1067 2715 esse
1114 2673 1430 2717 cernuntur.
1480 2661 1664 2733 Longe
1689 2664 1832 2717 enim
1860 2665 2029 2719 satius

453 2749 640 2805 luisset
673 2765 769 2806 eos
794 2752 937 2806 viam
968 2753 1215 2808 veritatis
1246 2770 1351 2809 non
1381 2756 1702 2825 cognovisse
1722 2797 1738 2823 ,
1768 2772 1930 2826 quam
1965 2773 2028 2811 ea

449 2842 701 2913 cognita,
750 2853 1045 2899 retrorsum
1101 2846 1387 2902 deﬂectere
1439 2863 1469 2900 a
1523 2858 1712 2902 sancto
1763 2856 2030 2917 prmcepto

451 2937 598 3003 qtud
633 2937 765 3005 ipsis
794 2938 975 2990 datum
1008 2946 1113 2993 est.
1136 2938 1351 2993 Accidit
1381 2940 1526 2993 enim
1562 2940 1666 2994 illis
1690 2939 1844 3007 juxta
1869 2942 2033 2995 veris-

451 3028 650 3081 simum
685 3029 1027 3096 proverbium
1064 3046 1079 3081 :
1118 3046 1136 3079 ι
1173 3029 1341 3084 Canis
1377 3045 1626 3085 reversus
1659 3032 1724 3084 ad
1759 3047 1913 3085 suum
1945 3047 2033 3087 vo.

456 3120 669 3185 mltum,
703 3129 757 3173 et
777 3134 869 3175 sus
916 3120 1021 3174 lota
1045 3120 1097 3174 in
1118 3121 1627 3190 volutabruchmui
1653 3122 1975 3177 revoluta“.
2007 3142 2025 3174 ι

2110 930 2346 1001 ἐμμελὲς
2396 928 2872 1001 ἐκτετορευμένον,
2939 926 3092 997 ὀλίγη
3154 926 3212 980 δὲ
3264 924 3545 987 παντελῶς
3602 924 3717 992 τῆς

2112 1022 2373 1094 ἀληθείας
2396 1022 2637 1094 φροντὶς,
2663 1021 3053 1093 ὴρρωστήκασι
3080 1018 3139 1072 δέ
3167 1018 3260 1071 καὶ
3304 1019 3503 1071 σπάνιν
3528 1015 3713 1086 ὀρθῆς

2114 1116 2211 1168 καὶ
2254 1115 2580 1185 ὀνησιφόρον
2628 1112 2807 1182 δόξης,
2858 1111 2958 1181 τῆς
3002 1108 3097 1166 ἐπί
3130 1126 3216 1178 γε,
3261 1108 3426 1178 φημὶ,
3456 1107 3535 1175 τῷ
3559 1104 3718 1159 κατὰ

2116 1205 2278 1276 φύσιν
2310 1205 2406 1259 καὶ
2436 1204 2653 1276 ἀληθῶς
2681 1204 2795 1257 ὄντι
2821 1201 2961 1274 Θεῷ,
2997 1201 3199 1272 μᾶλλον
3224 1200 3281 1253 δέ
3312 1199 3457 1253 καθά
3484 1215 3652 1268 φησιν
3679 1196 3717 1247 ὁ

2120 1296 2408 1368 ἱερώτατος
2460 1295 2702 1359 Παῦλος·
2769 1312 2789 1347 ι
2821 1292 3276 1365 Ἐματαιώθησαν
3325 1292 3385 1344 ἐν
3426 1292 3539 1351 τοῖς
3584 1289 3718 1341 δια-

2117 1388 2398 1458 λογισμοῖς
2437 1384 2638 1451 αὐτῶν,
2681 1386 2776 1440 καὶ
2818 1384 3106 1455 ἐσκοτίσθη
3148 1384 3183 1455 ἡ
3221 1382 3481 1445 ἀσύνετος
3524 1378 3715 1434 αὐτῶν

2119 1478 2337 1549 καρδία.
2377 1477 2681 1541 Φάσκοντες
2723 1474 2862 1531 εἶναι
2902 1477 3079 1545 σοφοὶ.
3134 1474 3554 1547 ἐμωράνθησαν,
3611 1475 3714 1528 καὶ

2121 1569 2359 1641 ἡλλαξαν
2384 1570 2484 1640 τὴν
2506 1569 2667 1635 δόξαν
2699 1569 2796 1622 τοῦ
2830 1567 3109 1639 ἀφθάρτου
3148 1566 3285 1620 Θεοῦ
3314 1567 3373 1619 ἐν
3400 1565 3711 1637 ὁμοιώματι

2123 1663 2332 1725 εἰκόνος
2360 1660 2601 1733 φθαρτοῦ
2622 1660 2933 1734 ἀνθρώπου,
2957 1661 3053 1715 καὶ
3076 1658 3364 1727 πετεινῶν,
3396 1660 3491 1713 καὶ
3512 1675 3712 1728 τετρα-

2126 1754 2324 1819 πόδων,
2352 1756 2448 1807 καὶ
2477 1753 2744 1826 ἑρπετῶν.
2764 1771 2785 1805 ι

2198 1889 2259 1942 Β.
2316 1885 2559 1958 Ἀληθές.

2198 2021 2261 2073 Δ.
2315 2020 2460 2090 Ἔφη
2513 2018 2644 2086 γοῦν
2688 2019 2818 2089 περὶ
2860 2018 3039 2073 αὐτῶν
3087 2016 3176 2071 διὰ
3219 2016 3403 2088 φωνῆς
3452 2014 3705 2077 Ἡσαΐου,

2129 2111 2294 2174 Θεός·
2333 2110 2512 2163 Γνῶτε
2557 2110 2639 2162 ὃτι
2674 2109 2866 2173 σποδὸς
2899 2110 2932 2179 ὴ
2974 2109 3175 2180 καρδία
3204 2107 3406 2171 αὐτῶν,
3440 2108 3534 2161 καὶ
3566 2107 3710 2160 πλα-

2131 2204 2349 2257 νῶνται.
2393 2201 2532 2255 Ἀλλ’
2576 2194 2678 2254 ὦδε
2715 2200 2813 2270 μὲν
2841 2200 2910 2255 τά
2941 2202 3185 2256 ἐκείνων.
3236 2199 3305 2253 Οἵ
3345 2215 3409 2267 γε
3460 2199 3565 2270 μὴν
3597 2198 3714 2252 τῶν

2131 2294 2361 2349 ἀνοσίων
2391 2292 2658 2364 αἱρέσεων
2691 2294 2912 2362 εὑρεταὶ
2949 2293 3257 2360 γεγονότες,
3304 2291 3355 2343 oi
3396 2287 3609 2360 βέϐηλοί
3651 2304 3716 2341 τε

2134 2387 2229 2441 καὶ
2279 2385 2600 2452 ἀποστάται,
2654 2386 2751 2438 καὶ
2805 2385 2906 2452 τῆς
2962 2385 3112 2448 θείας
3163 2382 3322 2454 δόξης
3361 2381 3421 2435 τὸ
3477 2381 3717 2455 ἀκρατὲς

2133 2480 2341 2535 ἑαυτῶν
2392 2480 2820 2547 κατευρύνοντες
2882 2478 3094 2549 στόμα,
3159 2478 3254 2532 καὶ
3318 2475 3600 2539 λαλοῦντες
3646 2474 3719 2528 τά

2132 2573 2580 2644 διεστραμμένα,
2653 2570 3102 2641 καταφωραθεῖεν
3163 2569 3231 2623 ἂν
3278 2568 3381 2621 οὐκ
3424 2569 3482 2621 ἐν
3532 2566 3717 2636 μείοσι

2134 2666 2373 2734 γραφαῖς
2404 2662 2506 2733 τῆς
2554 2661 2824 2733 Ἑλλήνων
2848 2660 3197 2732 ἀϐελτηρίας,
3228 2658 3286 2725 ἐξ
3308 2657 3564 2720 ἀπονοίας
3589 2656 3720 2710 ὠλι-

2138 2756 2420 2828 σθηκότες,
2446 2754 2479 2825 ἢ
2504 2752 2644 2824 τάχα
2669 2768 2771 2806 που
2810 2753 2905 2806 καὶ
2954 2754 3013 2806 ἐν
3046 2755 3160 2815 τοῖς
3195 2751 3470 2804 ἐπέκεινα.
3524 2750 3719 2817 Κρεῖτ-

2135 2864 2227 2901 τον
2249 2846 2357 2917 γὰρ
2384 2841 2453 2915 ἦν
2486 2845 2668 2908 αὐτοῖς
2701 2844 2776 2915 μὴ
2800 2845 3174 2911 ἐπεγνωκέναι
3202 2841 3302 2914 τὴν
3326 2841 3443 2895 ὁδὸν
3462 2840 3562 2906 τῆς
3588 2838 3721 2907 ἀλη-

2138 2939 2311 3002 θείας,
2343 2938 2375 3008 ἢ
2404 2936 2796 3006 ἐπεγνωκόσιν,
2832 2936 2912 2999 είς
2944 2935 3014 2988 τὰ
3059 2935 3236 2988 ὀπίσω
3260 2932 3580 3003 ἀνακάμψαι
3609 2930 3719 2985 άπὸ

2136 3031 2235 3101 τῆς
2259 3029 2502 3099 δοθείσης
2527 3030 2710 3091 αὐτοῖς
2736 3027 2899 3095 ἁγίας
2927 3026 3166 3097 ἐντολῆς.
3188 3026 3382 3095 Γέγονε
3404 3024 3513 3096 γὰρ
3536 3025 3719 3086 αὐτοῖς

2139 3120 2199 3173 τὸ
2222 3120 2320 3189 τῆς
2345 3117 2577 3190 ἀληθοῦς
2595 3118 2913 3189 παροιμίας,
2937 3135 2957 3169 ι
2983 3117 3145 3171 Κύων
3169 3116 3506 3186 ἐπιστρέψας
3535 3114 3626 3168 ἐπὶ
3656 3113 3721 3167 τὸ

458 3212 808 3281 Ιὲιίειεριιριιιὶω
832 3215 976 3267 enim
1004 3215 1054 3268 in
1077 3214 1353 3269 ChriSIum
1380 3215 1629 3281 obnoxii,
1656 3216 1817 3270 veluti
1847 3226 2028 3270 truces

2138 3211 2265 3265 ίδιον
2305 3209 2572 3281 ἐξέραμα,
2622 3210 2717 3264 καὶ
2751 3202 2813 3273 ὗς
2849 3209 3159 3280 λουσαμένη
3194 3211 3274 3272 εἰς
3309 3208 3550 3278 κύλισμα
3596 3206 3720 3277 βορ-

454 3303 674 3371 quidam
699 3314 857 3372 atque
880 3304 1141 3358 immanes
1167 3306 1298 3372 lupi,
1317 3306 1599 3359 devastant
1621 3322 1811 3376 greges
1833 3307 2035 3372 ovium,

460 3409 557 3461 pro
590 3394 788 3463 quibus
821 3395 1071 3449 Christus
1108 3406 1356 3452 mortuus
1391 3408 1507 3462 est,
1542 3406 1594 3451 et
1626 3397 1888 3467 diripiunt
1920 3415 2038 3467 quae

460 3485 630 3553 ipsius
672 3494 830 3553 sunt,
876 3499 1259 3543 coacervantes
1288 3488 1392 3543 sibi
1439 3490 1571 3558 ipsis
1601 3506 1721 3560 quae
1763 3507 1869 3544 non
1917 3503 2041 3545 sunt

460 3578 734 3647 ipsorum,
776 3578 917 3633 sicut
960 3580 1220 3649 scriptum
1270 3590 1385 3646 est;
1433 3592 1488 3635 et
1531 3591 1819 3652 gravantes
1854 3584 2039 3654 jugtm

462 3670 704 3738 ipsorum
733 3669 962 3737 fortiter,
989 3672 1054 3725 de
1081 3671 1277 3741 quibus
1304 3676 1500 3729 merito
1528 3676 1635 3729 dici
1666 3677 1834 3745 possit
1862 3694 1877 3732 :
1910 3694 1928 3727 ι
1961 3675 2040 3731 Ex

466 3759 621 3813 nobis
650 3759 916 3824 exierunt,
941 3760 1034 3815 sed
1053 3777 1156 3815 non
1178 3771 1336 3816 erant
1364 3777 1431 3817 ex
1465 3764 1653 3829 nobis,
1698 3785 1717 3817 ι
1743 3777 2042 3835 opportune

461 3847 607 3902 enim
644 3849 743 3902 hoc
774 3849 839 3903 de
873 3848 1200 3917 ejuscemodi
1232 3852 1541 3909 hominibus
1572 3870 1601 3907 a
1637 3856 1791 3911 nobis
1824 3857 2039 3911 dicitur.

465 3937 606 3993 Sunt
642 3940 784 3994 enim
826 3942 1068 3997 noonulli
1110 3943 1199 4013 qui
1244 3944 1493 4013 imperite
1535 3948 1820 4001 admodum
1861 3951 2044 4021 unige-

466 4032 637 4085 nitum
665 4032 760 4085 Dei
784 4032 1017 4088 Verbum
1044 4050 1297 4104 suprema
1322 4035 1412 4091 illa
1437 4038 1758 4093 excellentia
1785 4040 2042 4110 spoliare,

463 4131 520 4175 et
557 4122 626 4177 ab
667 4123 973 4192 aequalitate
1012 4140 1136 4180 cum
1180 4126 1289 4183 Deo
1330 4142 1394 4183 ac
1433 4127 1592 4183 Patre
1630 4130 1918 4187 excludere
1954 4147 2046 4186 co-

466 4221 685 4278 nantur,
726 4214 1242 4271 consubstantialem
1290 4219 1464 4288 ipsum
1509 4234 1630 4274 esse
1675 4232 1954 4291 negantes,
1992 4232 2047 4276 et

470 4304 771 4358 naturalem
815 4305 1292 4376 onmimodamque
1336 4309 1675 4365 identitatem
1717 4313 1764 4365 ei
1814 4313 2048 4367 tribuere

472 4405 806 4451 recusantes.
848 4397 949 4451 Alii
993 4413 1119 4452 vero
1164 4398 1407 4454 eamdem
1452 4398 1567 4455 fere
1612 4412 1774 4471 atque
1817 4403 1870 4457 hi
1913 4419 2048 4473 quos

470 4490 706 4542 diximus
742 4490 880 4541 viam
919 4490 1263 4556 insistentes,
1301 4500 1464 4559 atque
1504 4492 1556 4545 in
1596 4494 1728 4547 retia
1767 4495 1959 4550 mortis
1993 4506 2048 4549 et

469 4578 717 4646 laqueum
764 4580 960 4633 inferni
1007 4551 1261 4650 prolapsi,
1300 4551 1571 4652 Uti-igeniti
1615 4586 1932 4653 mysterium
1976 4587 2044 4642 ab
2081 4551 2125 4606 υ

469 4672 943 4725 administratione
990 4673 1041 4725 iu
1090 4686 1255 4726 carne
1300 4675 1413 4727 sive
1458 4675 1828 4731 incarnatione
1870 4676 2045 4732 seclu—

470 4765 605 4816 dunt
628 4777 692 4816 ac
721 4772 995 4831 separant,
1021 4773 1073 4817 et
1101 4765 1264 4818 sitnili
1298 4766 1685 4836 propemodum
1716 4778 1876 4835 atque
1902 4770 2045 4824 aliini

471 4871 594 4909 cum
625 4854 895 4924 prioribus
928 4855 1032 4910 illis
1062 4857 1295 4912 amentia
1328 4858 1597 4915 laborant.
1635 4860 1712 4915 llli
1746 4865 1890 4916 enim
1914 4862 2050 4917 Ver-

472 4946 599 5001 bum
638 4963 702 5001 ex
747 4948 854 5001 Deo
894 4946 1054 5003 Patre
1089 4950 1327 5019 genitum
1364 4954 1524 5004 etiam
1560 4964 1684 5007 ante
1720 4954 2048 5010 incarnatio-

474 5056 617 5101 nem.
666 5040 965 5095 divinitatis
1011 5041 1330 5095 excellentia
1378 5051 1639 5112 quantum
1690 5044 1742 5098 in
1794 5046 1925 5115 ipsis
1969 5054 2051 5101 est

474 5134 706 5200 spoliant
754 5150 769 5187 :
824 5134 874 5187 hi
921 5149 1051 5189 vero
1101 5136 1264 5188 etiam
1314 5139 1599 5192 incarnato
1643 5136 1824 5192 Verbo
1871 5138 2050 5193 infesti

475 5232 630 5287 stitit,
673 5232 728 5277 et
773 5223 1067 5279 beneﬁcam
1118 5224 1289 5294 ipsius
1338 5226 1566 5295 gratiam
1613 5243 1716 5296 qua
1762 5229 2049 5282 humanam

477 5324 721 5367 naturam
758 5316 1071 5385 complexus
1107 5327 1212 5381 est,
1246 5327 1451 5370 tantum
1489 5334 1592 5373 non
1630 5318 1936 5388 improbant
1969 5330 2053 5373 at-

475 5421 580 5475 que
615 5408 865 5460 incusant
896 5426 911 5463 :
947 5424 1051 5462 non
1087 5420 1233 5463 recte
1263 5407 1363 5462 sibi
1395 5409 1732 5465 consuluisse
1763 5425 1885 5466 eum
1918 5427 2050 5467 con-

480 5497 759 5553 tendentes
785 5499 927 5568 quod
954 5514 1171 5554 carnem
1204 5503 1586 5571 assumpserit,
1613 5517 1778 5572 seque
1806 5504 2053 5559 exinani-

478 5587 645 5654 verit;
679 5588 793 5643 sive
826 5591 967 5658 quod
1006 5590 1183 5645 factus
1215 5592 1287 5645 sit
1322 5594 1501 5659 homo,
1535 5595 1785 5663 quodque
1819 5597 1868 5647 in
1906 5605 2048 5650 terra

548 5764 595 5797 "
620 5764 773 5822 Rom.
812 5782 848 5835 ι,
878 5767 939 5822 21
977 5768 1065 5824 23.
1144 5768 1188 5801 δ’
1210 5769 1247 5823 ll
1277 5767 1421 5825 Pctr.
1456 5785 1515 5835 ιι,
1549 5770 1640 5837 2|,
1668 5772 1760 5825 22.

2140 3303 2322 3372 ϐόρου.
2349 3322 2367 3353 ι
2402 3302 2790 3373 Διεμερίσαντο
2819 3302 2927 3373 γὰρ
2954 3303 3051 3371 τῆς
3088 3300 3228 3354 κατά
3255 3298 3494 3372 Χριστοῦ
3518 3299 3722 3367 δυσφηο

2143 3395 2270 3463 μίας
2291 3393 2361 3447 τὰ
2387 3394 2732 3464 ἐγκλήματα,
2768 3394 2866 3447 καὶ
2888 3387 2978 3447 οἷά
3006 3409 3151 3455 τινες
3186 3391 3342 3445 λύκοι
3387 3391 3601 3461 δριμεῖς
3626 3388 3725 3441 καὶ

2141 3486 2349 3557 πικροὶ,
2374 3485 2808 3555 διαλυμαίνονται
2833 3487 2948 3548 τοῖς
2972 3485 3267 3555 ποιμνίοις,
3317 3484 3459 3554 ὑπὲρ
3488 3476 3561 3536 ὧν
3586 3483 3721 3555 Χρι-

2143 3576 2263 3640 στὸς
2304 3576 2565 3645 ἀπέθανε,
2599 3578 2693 3632 καί¹
2737 3577 3103 3648 διαρπάζουσι
3148 3577 3217 3629 τὰ
3286 3576 3473 3641 αὐτοῦ,
3516 3572 3724 3643 πληθύ-

2142 3685 2331 3731 νοντες
2362 3670 2578 3733 ἑαυτοῖς
2613 3670 2683 3724 τὰ
2702 3670 2802 3723 οὐκ
2827 3669 2955 3723 ὅντα
2986 3669 3189 3736 αὐτῶν,
3219 3669 3362 3721 καθά
3396 3668 3724 3738 γέγραπται,

2144 3762 2239 3815 καὶ
2272 3762 2600 3833 βαρύνοντες
2624 3763 2716 3816 τὸν
2743 3762 2920 3816 κλοιὸν
2947 3762 3127 3816 αὐτῶν
3168 3760 3460 3833 στιϐαρῶς,
3502 3759 3628 3828 περὶ
3651 3752 3727 3811 ὧν

2143 3852 2209 3907 ἂν
2253 3854 2463 3921 λέγοιτο
2499 3855 2594 3909 καὶ
2625 3854 2773 3924 μάλα
2808 3855 3053 3916 εἰκότως·
3108 3872 3125 3905 ι
3161 3853 3252 3918 Ἐξ
3289 3853 3449 3924 ἡμῶν
3484 3849 3727 3919 ἐξῆλθον,

2145 3945 2259 4000 ἀλλ’
2316 3946 2417 3999 οὐκ
2480 3942 2619 4016 ἦσαν
2674 3946 2734 4012 ἐξ
2793 3947 2973 4017 ἡμῶν.
3008 3966 3027 3998 ι
3093 3944 3398 4017 Ούγαροῦν.
3460 3941 3598 3995 Ἀλλ’
3648 3942 3729 4001 εἰς

2145 4037 2334 4107 καιρὸν
2364 4038 2496 4108 ημῖν
2524 4040 2552 4090 ό
2585 4038 2712 4109 περί
2744 4055 2807 4106 γε
2837 4037 2944 4090 τῶν
2972 4036 3230 4091 τοιούτων
3260 4035 3507 4107 κρίνεται
3550 4033 3722 4101 λόγος.

2147 4128 2596 4197 Κατακομίζουσι
2630 4129 2731 4199 μὲν
2772 4129 2880 4201 γὰρ
2914 4129 3191 4192 ἀσυνέτως
3234 4128 3378 4191 τινὲς
3428 4125 3521 4179 τὸν
3565 4140 3724 4195 μονο-

2146 4220 2278 4290 γενῆ
2304 4218 2396 4272 τοῦ
2453 4218 2587 4272 Θεοῦ
2629 4220 2803 4288 Λόγον
2834 4221 2935 4290 τῆς
2975 4220 3288 4291 ὑπερτάτης
3316 4216 3611 4288 ὑπεροχῆς,
3636 4215 3729 4269 καὶ

2149 4309 2538 4375 ὐποδιὸάξουσι
2563 4310 2664 4381 τῆς
2697 4312 2940 4383 ἰσότητος
2962 4315 3062 4383 τῆς
3098 4312 3235 4384 πρὸς
3263 4311 3355 4365 τὸν
3386 4310 3609 4380 Πατέρα
3636 4308 3728 4360 καὶ

2148 4401 2301 4467 Θεὸν,
2329 4402 2439 4471 ζούχ
2466 4402 2752 4471 ὁμοούσιον
2787 4399 2925 4456 εἶναι
2960 4404 3209 4472 λέγοντες
3236 4402 3419 4464 αὐτὸν,
3464 4400 3589 4454 οὔτε
3619 4398 3726 4470 μὴν

2152 4496 2354 4564 φυσικῇ
2423 4493 2518 4546 καὶ
2594 4494 3001 4566 ἀπαραλλάκτῳ
3074 4495 3364 4565 ταυτότητι
3433 4490 3728 4562 στεφανοῦν

2150 4584 2447 4646 ἐθέλοντες.
2488 4583 2709 4656 ’Ἐτεροι
2747 4586 2805 4638 δέ
2848 4590 2963 4651 τοῖς
2996 4585 3407 4657 ὠνομασμένοις
3435 4586 3533 4655 τὴν
3564 4582 3729 4651 αὐτὴν

2152 4673 2341 4745 ὥσπερ
2393 4674 2678 4745 ἐρχόμενοι
2720 4676 2925 4747 τρίϐον,
2974 4680 3068 4730 καὶ
3099 4678 3180 4740 είς
3228 4677 3429 4744 παγίδα
3479 4674 3727 4735 θανάτου,

2154 4766 2247 4818 καὶ
2294 4768 2371 4828 εἰς
2408 4766 2680 4837 πέταυρον
2722 4765 2852 4837 ᾅδου
2898 4768 3423 4830 κατολισθαίνοντες,
3459 4766 3557 4835 τῆς
3599 4762 3732 4836 μετά

2155 4858 2359 4930 σαρκὸς
2386 4860 2699 4929 οἰκονομίας
2744 4859 2838 4914 τοῦ
2872 4860 3210 4929 Μονογενοῦς
3242 4858 3641 4932 παρευθύνουσι
3675 4856 3733 4909 τὸ

2158 4950 2480 5022 μυστήριον,
2513 4951 2607 5003 καὶ
2638 4951 2875 5024 ἀδελφὴν
2902 4952 3090 5024 ὥσπερ
3124 4954 3236 5015 τοῖς
3269 4951 3507 5022 πρώτοις
3550 4952 3734 5018 ἐπιτη-

2155 5042 2370 5095 δεύουσι
2413 5044 2511 5114 τὴν
2548 5045 2827 5099 ἀπόνοιαν.
2875 5049 2937 5100 Oi
2974 5049 3073 5119 μὲν
3104 5047 3234 5118 γὰρ,
3270 5045 3424 5100 ούπω
3458 5062 3734 5115 σεσαρκω-

2160 5131 2320 5200 μένον
2370 5132 2462 5184 τὸν
2511 5134 2575 5187 ἐκ
2618 5134 2755 5188 Θεοῦ
2798 5136 3008 5207 [ἰατρὸς
3045 5136 3217 5206 φύντα
3250 5136 3442 5201 Λόγον,
3492 5135 3599 5188 τῶν
3642 5134 3737 5204 τῆς

2159 5220 2412 5293 θεότητος
2447 5224 2758 5295 ὑψωμάτων
2806 5228 3086 5298 μονονουχὶ
3126 5226 3550 5299 κατασύροντες,
3582 5226 3641 5279 τό
3676 5241 3736 5293 γε

2156 5310 2291 5385 ἧκον
2321 5316 2406 5369 ἐπ’
2440 5316 2646 5382 αὐτοῖς,
2678 5317 2860 5371 ἁλοῖεν
2888 5319 2953 5373 ἀν
2974 5333 2988 5348 ·
3025 5320 3073 5371 οἱ
3101 5318 3178 5384 δὲ,
3216 5320 3312 5372 καὶ
3338 5318 3739 5389 σεσαρκωμένῳ

2160 5408 2417 5478 πολεμεῖν
2464 5408 2762 5479 ἐγνώκασι,
2810 5411 3091 5482 μονονουχὶ
3136 5411 3231 5464 καὶ
3261 5410 3642 5482 ,ἐπιτιμῶντες
3692 5407 3739 5460 οἱ

2160 5499 2379 5571 θρασεῖς
2422 5503 2489 5572 τῇ
2544 5500 2913 5572 φιλανθρώπῳ
2975 5502 3179 5572 χάριτι,
3231 5503 3333 5555 οὐκ
3380 5501 3516 5572 ὀρθά
3557 5499 3741 5570 3560‘;-

2157 5591 2381 5645 λεῦσθαι
2418 5593 2558 5663 τάχα
2599 5610 2701 5647 που
2748 5592 3159 5664 διατεινόμενοι,
3199 5593 3287 5647 διά
3320 5594 3381 5647 τὸ
3419 5590 3741 5662 ἀνασχέσθαι
