4122 6534
311 387 453 447 1257

1474 372 1663 440 QUOD
1704 371 1894 429 UNUS
1934 370 2041 428 SIT
2081 369 2448 427 CHRISTUS.

3448 363 3587 422 {258

312 501 541 574 σαρκὸς,
581 499 676 552 καὶ
716 500 826 551 τῶν
862 497 959 567 τῆς
994 493 1273 555 κενώσεως
1324 490 1564 563 μέτρων,
1611 492 1779 561 ἤγουν
1819 490 1901 543 ὃτι

2022 490 2341 560 apparuerit,
2366 497 2563 542 etcum
2588 484 2898 539 hominibus
2920 490 3168 538 versatus
3191 479 3284 543 sit,
3306 494 3429 534 cum
3455 478 3591 531 alio-

308 596 533 663 γέγονεν
576 588 884 659 ἄνθρωπος,
923 588 1018 640 καὶ
1053 586 1147 640 ἰπὶ
1187 586 1286 656 τῆς
1315 585 1418 654 γῆς
1445 582 1625 653 ὤφθη,
1671 583 1902 645 καὶτοῖς

309 683 625 754 ἀνθρώποις
656 676 1097 746 συνανεστράτρη,
1129 675 1307 730 καίτοι
1336 674 1468 738 Θεὸς
1488 673 1563 727 ὢν
1595 672 1778 742 φύσει,
1810 670 1904 725 καὶ

381 960 446 1012 Δ.
483 952 971 1023 Κατακεκρὰξεται
997 954 1041 1006 δ’
1067 948 1161 1007 οὖν
1187 952 1289 1022 τῆς
1322 953 1381 1006 ὲν
1410 952 1618 1023 ἀμφοῖν
1662 949 1906 1019 ἀμαθίας

310 1053 346 1121 ἠ
387 1050 744 1111 θεόπνευστος
795 1046 834 1099 Γ
839 1046 1012 1119 ραφὴ,
1062 1045 1444 1116 πρεσϐεύουσα
1494 1042 1764 1113 τάληθὲς,
1810 1042 1906 1094 καὶ

312 1141 405 1195 τὸν
438 1140 538 1210 μὲν
580 1139 692 1209 γὰρ
753 1137 984 1199 ἐκείνοις
1026 1135 1183 1203 λόγον
1230 1135 1440 1206 ἀδρανῆ
1491 1134 1584 1187 καὶ
1626 1132 1906 1201 ἀσύφηλον

312 1230 713 1300 ἀποφαίνουσα,
741 1228 1010 1296 ὲφιστᾶσα
1036 1226 1092 1280 δὲ
1114 1230 1235 1290 ταῖς
1262 1227 1363 1295 τῆς
1391 1224 1646 1295 θεότητος
1673 1224 1903 1294 τρίδοις,

312 1324 437 1386 τοὺς
482 1319 651 1392 ἰσχνῷ
698 1336 757 1371 τε
808 1320 903 1373 καὶ
963 1318 1184 1389 ἀκριϐεῖ
1221 1316 1463 1379 διανοίας
1510 1316 1718 1387 ὄμματι
1770 1330 1906 1369 κατ-

312 1410 502 1480 αθρεῖν
530 1408 791 1471 είωθότας
820 1407 883 1460 τὸ
908 1408 994 1461 ἐπ’
1018 1407 1170 1476 αὐτῷ
1197 1408 1519 1479 μυστήριον.

385 1500 444 1555 Β.
484 1497 639 1559 Τίνες
668 1497 713 1550 δ’
738 1497 805 1551 ἂν
832 1494 967 1562 εἶεν,
992 1500 1041 1550 οἱ
1071 1498 1171 1568 τὴν
1196 1496 1342 1551 οὕτω
1370 1498 1578 1567 σεπτὴν
1612 1495 1707 1549 καὶ
1731 1495 1906 1566 ἁπόρο

316 1591 480 1661 ρητον
506 1588 602 1640 τοῦ
632 1587 885 1660 Σωτῆρος
914 1589 1249 1659 οἰκονομίαν,
1293 1588 1526 1651 ἀνοσίως
1553 1586 1909 1656 κεκιϐδηλευ-

315 1678 472 1740 κότες
505 1676 711 1747 (ἔοικας
756 1676 866 1747 γὰρ
914 1676 976 1730 οὐ
1015 1678 1253 1748 μετρίως
1301 1678 1388 1730 ἐπ’
1428 1677 1581 1748 αὺτῷ
1624 1676 1689 1748 δὴ
1733 1675 1908 1745 τούτῳ

314 1768 650 1839 δυσφορεῖν),
686 1766 922 1838 ἐθέλοιμ’
950 1767 1016 1821 ἂν
1041 1769 1403 1823 διαπυθέσθαι
1438 1786 1554 1823 σου.

2008 582 2097 650 qui
2127 581 2197 636 sit
2229 589 2417 633 natura
2448 576 2618 641 Deus,
2645 586 2699 630 et
2727 575 2901 631 Patris
2928 588 3194 630 assessor.

2079 850 2138 903 Β.
2181 848 2346 905 Recte
2378 846 2595 917 quidem
2629 845 2766 900 dicis

2080 942 2144 994 A.
2186 938 2465 995 Ocelamat
2497 953 2628 992 vero
2664 937 2946 990 amborum
2986 933 3268 1003 imperitia:
3310 932 3589 1005 Scriptura

2009 1030 2269 1086 divinitus
2317 1030 2616 1100 inspirata,
2678 1027 2963 1081 veritatem
3032 1024 3187 1078 nobis
3238 1024 3543 1078 edisserens
3574 1065 3588 1085 ,

2010 1135 2174 1194 atque
2208 1122 2419 1177 illorum
2446 1122 2664 1191 quidem
2698 1119 2937 1173 rationes
2964 1131 3130 1171 vanas
3156 1131 3220 1169 ac
3241 1116 3466 1170 stolidas
3495 1118 3588 1168 di:-

2009 1215 2225 1270 clarans
2258 1254 2273 1278 ,
2296 1214 2462 1285 716
2490 1228 2583 1268 eos
2615 1228 2743 1266 vero
2778 1211 2868 1280 qui
2903 1208 3086 1264 subtili
3133 1218 3297 1277 atque
3332 1218 3593 1262 accurato

2010 1309 2210 1362 mentis
2233 1307 2391 1362 oculo
2424 1307 2741 1375 mysterium
2775 1302 2931 1373 quod,
2954 1303 3005 1356 in
3040 1303 3141 1356 hoc
3178 1302 3307 1355 latet
3340 1311 3590 1355 conteru-

2009 1402 2145 1473 plari
2182 1404 2378 1465 solent,
2406 1403 2473 1455 ad
2512 1402 2761 1455 semitam
2798 1398 3097 1453 divinitatis
3129 1395 3422 1449 deducens.

2080 1494 2141 1549 Β.
2182 1493 2410 1560 Quinam
2467 1506 2596 1546 vero
2647 1492 2757 1545 sint
2802 1489 2835 1542 ii
2887 1490 2979 1558 qui
3030 1490 3167 1543 adeo
3229 1488 3595 1542 venerandam

2009 1598 2172 1657 atque
2214 1585 2545 1639 iuell‘abilem
2578 1582 2890 1638 Servatoris
2933 1582 3101 1635 nostri
3136 1581 3594 1649 dispensationem

2010 1679 2385 1735 adulterarum
2419 1676 2645 1749 (videris
2673 1676 2816 1729 enim
2856 1674 2983 1727 milii
3032 1689 3133 1727 non
3173 1688 3362 1741 parum
3400 1672 3502 1728 bac
3530 1674 3599 1728 de

2011 1787 2174 1827 causa
2203 1781 2510 1824 commotus
2540 1769 2706 1838 esse),
2736 1768 2896 1821 velim
2920 1781 2986 1821 ex
3018 1777 3068 1819 te
3097 1778 3451 1835 cognoscere.

386 1863 452 1914 A.
486 1860 863 1931 Διατεκμαίρῃ
919 1859 1125 1923 καλῶς.
1178 1860 1368 1931 Ζηλῶν
1412 1861 1522 1931 γὰρ
1552 1862 1801 1933 ἐζήλωσα
1831 1861 1910 1932 τῷ

2088 1865 2155 1916 Α.
2202 1862 2369 1917 Recte
2396 1861 2631 1931 judicas.
2663 1862 2794 1916 Zelo
2825 1862 2969 1915 enim
3016 1860 3222 1915 zelatus
3260 1876 3380 1915 sum
3415 1860 3601 1915 Domi-

314 1951 528 2023 Κυρίῳ,
563 1952 659 2005 καὶ⁵
690 1952 829 2022 πρός
850 1968 915 2020 γε
945 1952 1097 2006 τουτὶ
1128 1954 1606 2024 κατατεθηγμένος
1634 1954 1785 2006 ἀλύω
1814 1954 1911 2007 καὶ

318 2043 545 2126 σφόδρα.
590 2041 664 2095 Τὸ
706 2042 765 2095 δὲ
814 2043 937 2095 ὅποι
982 2043 1113 2095 ποτὲ
1168 2045 1639 2115 καταστρέψουσιν
1687 2045 1736 2096 οί
1780 2043 1909 2116 παρ’

317 2134 542 2188 ἐκείνων
579 2135 729 2203 λόγοι
752 2176 767 2201 ,
803 2134 953 2188 δέδια
1002 2135 1275 2205 καθορῶν.
1308 2136 1420 2206 Τὴν
1465 2137 1573 2207 γὰρ
1605 2153 1689 2190 τοι
1728 2153 1907 2208 παρα-

317 2226 567 2281 δοθεῖσαν
596 2230 730 2297 ἡμῖν
774 2226 1058 2281 νοθεύουσι
1106 2228 1315 2291 πίστιν,
1345 2228 1639 2300 δράκοντος
1674 2229 1910 2298 ἁρτιφα-

319 2317 445 2380 νοῦς
478 2316 753 2389 εὑρήμασι
788 2315 1145 2387 κεχρημένοι,
1178 2312 1275 2371 καὶ
1313 2319 1436 2379 ταῖς
1468 2316 1578 2369 τῶν
1614 2315 1913 2369 ἁπλουστέ-

324 2425 434 2478 ρων
477 2408 679 2479 ψυχαῖς
724 2408 806 2462 ίοῦ
840 2409 998 2479 δίκην
1046 2410 1367 2478 ἐγχέοντες,
1414 2408 1603 2479 ψυχρά
1648 2425 1772 2461 τινα
1820 2409 1913 2462 καὶ

320 2499 730 2571 διεστραμμένα
754 2502 847 2554 καὶ
876 2499 1208 2569 ἁδελτηρίας
1237 2498 1461 2570 έμπλεω

397 2591 459 2645 Β.
502 2589 641 2646 Εἶτα
681 2592 765 2655 τίς
797 2593 825 2645 6
868 2592 1176 2662 ἁρτιφανής
1215 2592 1333 2643 ἐστι
1368 2590 1606 2661 δράκων,
1654 2590 1817 2642 ὁποῖα
1859 2588 1915 2640 δὲ

322 2682 465 2741 ἄττα
496 2684 564 2739 τὰ
609 2686 743 2756 παρ’
784 2684 950 2738 αὑτοῦ
994 2683 1426 2754 πεφλυαρημένα
1476 2682 1620 2737 κατὰ
1657 2682 1766 2736 τῶν
1817 2685 1915 2753 τῆς

322 2777 585 2847 ἀληθείας
613 2777 924 2847 δογμάτων,
962 2777 1206 2848 ἐρομένῳ
1236 2777 1467 2847 φράσον.

397 2874 464 2926 Δ.
514 2869 846 2941 Ἀρτιφανὴς
880 2869 978 2940 μὲν
1002 2868 1242 2939 δράκων,
1273 2871 1301 2920 ὁ
1336 2867 1550 2930 σκολιὸς
1586 2867 1791 2932 οὑτοσὶ,
1823 2868 1917 2921 καὶ

326 2962 394 3035 ἰῷ
424 2962 731 3032 μεθύουσαν
753 2961 891 3031 ἔχων
917 2960 1017 3031 τὴν
1045 2959 1314 3029 γλῶτταν,
1338 2962 1366 3012 6
1390 2963 1457 3031 τῇ
1488 2960 1783 3033 παραδόσει
1808 2961 1918 3014 τῶν

326 3056 429 3126 τῆς
473 3054 801 3124 οἰκουμένης
841 3052 1245 3123 μυσταγωγῶν,
1287 3052 1487 3123 μᾶλλον
1532 3053 1591 3105 δὲ
1635 3054 1729 3105 καὶ
1769 3054 1919 3126 πάσῃ

328 3150 397 3218 τῇ
427 3145 772 3216 θεοπνεύστῳ
803 3146 994 3216 Γραφῇ
1026 3146 1309 3215 μονονουχὶ
1336 3144 1548 3216 χαίρειν
1572 3144 1762 3208 εἰπὼν,
1796 3162 1921 3198 και-

329 3240 637 3310 νοτομήσας
662 3237 722 3292 δὲ
746 3237 809 3291 16
838 3238 989 3308 αὑτῷ
1017 3238 1229 3304 δοκοῦν,
1275 3239 1367 3291 καὶ
1393 3237 1656 3289 Θεοτόκον
1689 3237 1787 3305 μὲν
1818 3238 1920 3291 οὐκ

328 3325 468 3384 εἶναι
516 3328 692 3399 λέγων
743 3330 843 3399 τὴν
883 3329 1047 3397 ἁγίαν
1100 3329 1399 3400 Παρθένον,
1448 3327 1815 3398 Χριστοτόκον
1863 3327 1919 3380 δὲ

333 3423 537 3493 μᾶλλον
580 3424 677 3477 καὶ
704 3422 1120 3493 ἁνθρωποτόκον
1150 3439 1166 3454 ·
1214 3421 1380 3491 ἕτερα
1421 3421 1477 3474 δὲ
1527 3422 1662 3491 πρὸς
1709 3421 1921 3483 τούτοις

331 3517 522 3588 ἁπηχῆ
571 3517 666 3569 καὶ
713 3515 1067 3585 ἀπόπληκτα,
1099 3517 1211 3577 τοῖς
1242 3514 1426 3585 ὀρθοῖς
1456 3516 1551 3567 καὶ
1599 3515 1919 3585 εἰλικρινέσι

330 3608 433 3679 τῆς
464 3609 757 3680 καθολικῆς
793 3607 1122 3677 Ἐκκλησίας
1147 3607 1526 3677 ἐπεισφρήσας
1556 3606 1811 3676 δόγμασι.

362 3789 469 3844 ..8.
504 3787 821 3860 Νεστόριον,
844 3782 1019 3856 οἶμαι,
1055 3787 1180 3858 φης.
1225 3785 1454 3857 Συνίημι
1485 3787 1593 3857 γὰρ
1636 3788 1733 3858 ἤδη
1771 3806 1916 3853 πως,

334 3878 474 3933 ἀλλὰ
512 3879 566 3931 τί
598 3879 659 3931 τὸ
688 3880 897 3949 χρῆμα,
925 3872 969 3930 ὧ
996 3879 1111 3940 τᾶν,
1160 3876 1269 3931 τῶν
1315 3877 1527 3931 ἐκείνου
1583 3878 1775 3946 λόγων,
1822 3881 1923 3932 οὐκ

335 3973 445 4044 ἔχω
474 3975 636 4027 νοεῖν·
663 3972 925 4026 Θεοτόκον
953 3972 1011 4024 δὲ
1041 3971 1157 4034 πῶς
1182 3972 1283 4024 οὐκ
1309 3967 1450 4024 εἷναί
1477 3988 1610 4041 φησι
1637 3971 1735 4042 τὴν
1760 3972 1923 4040 ἁγίαν

334 4064 613 4136 Παρθένον
631 4082 646 4131 ;

409 4160 475 4209 Α.
511 4158 586 4209 Οὐ
620 4156 730 4225 γάρ
762 4173 864 4223 τοι,
898 4154 1053 4225 φησὶ,
1097 4152 1231 4206 Θεὸν
1266 4153 1577 4209 ὲκτέτοκεν.
1605 4150 1715 4207 Ἦν
1758 4155 1868 4226 γὰρ
1895 4157 1923 4209 6

337 4248 512 4315 Λόγος
547 4247 641 4300 καὶ
687 4247 795 4317 πρὸ
846 4247 1039 4316 αὐτῆς,
1095 4247 1301 4315 μᾶλλον
1351 4246 1410 4299 δὲ
1443 4246 1537 4298 καὶ
1574 4246 1683 4315 πρὸ
1719 4246 1924 4309 παντὸς

339 4340 535 4402 αίῶνος
566 4339 659 4392 καὶ
697 4338 910 4409 χρόνου,
954 4338 1223 4401 συναῖδιος
1254 4336 1329 4390 ὣν
1353 4337 1434 4408 τῷ
1462 4338 1581 4408 Θεῷ
1605 4338 1700 4390 καί
1727 4339 1921 4409 Πατρί.

341 4434 793 4502 Καταρνήσονται
818 4430 884 4501 δὴ
915 4425 1010 4483 οὖν
1039 4432 1133 4483 καὶ
1159 4429 1319 4482 τοῦτο
1347 4430 1671 4498 ἀναφανδὸν,
1702 4429 1778 4492 ὼς
1810 4430 1925 4484 ἔστι

2013 1971 2164 2009 num.
2199 1954 2364 2023 Angit
2396 1968 2524 2008 vero
2565 1968 2649 2007 me
2695 1964 2751 2007 et
2796 1953 3014 2021 quidem
3060 1952 3433 2015 vehementer,
3475 1968 3596 2007 cum

2015 2061 2226 2099 mecum
2257 2060 2361 2099 non
2390 2045 2593 2112 absque
2636 2045 2827 2097 timore
2879 2043 3057 2111 cogito
3092 2056 3328 2111 quonam
3384 2044 3599 2098 illorum

2014 2153 2294 2193 sermones
2326 2140 2438 2193 sint
2467 2137 2710 2191 evasuri.
2746 2134 2931 2190 Fidem
2960 2136 3105 2189 enim
3154 2136 3312 2190 nobis
3343 2136 3603 2190 traditam

2013 2241 2393 2300 corrumpunt,
2423 2230 2677 2284 draconis
2704 2243 2894 2283 recens
2924 2228 3053 2282 editi
3096 2228 3330 2282 inventis
3366 2237 3603 2292 utentes,

2015 2333 2070 2377 et
2101 2323 2282 2377 iuauia
2313 2322 2559 2391 quaedam
2587 2336 2651 2376 ac
2676 2335 2837 2382 vana,
2860 2320 3257 2387 dementiteque
3293 2324 3448 2390 plena
3474 2321 3607 2390 dog-

2020 2424 2165 2470 mata
2194 2414 2586 2484 simplicioruiu
2626 2413 2822 2467 animis
2846 2409 3211 2466 infundentes.

2092 2592 2151 2647 Β.
2195 2591 2455 2658 Quisnam
2502 2607 2666 2661 porro
2717 2592 2788 2647 sit
2833 2590 3000 2646 draco
3048 2590 3150 2645 iste
3184 2605 3375 2646 recens
3408 2591 3607 2655 editus,

2018 2692 2073 2737 et
2097 2683 2275 2753 qualia
2302 2686 2518 2737 tandem
2552 2684 2662 2737 sint
2690 2699 2751 2738 ea
2776 2698 2896 2752 qua:
2914 2685 3175 2739 adversus
3205 2684 3451 2741 veritatis
3477 2687 3609 2756 dog-

2022 2788 2167 2831 mata
2197 2777 2519 2838 deblaterat,
2548 2776 2780 2845 expliea,
2811 2776 3060 2831 obsecro.

2086 2870 2150 2924 A.
2192 2868 2401 2923 Recens
2440 2869 2658 2936 quidem
2696 2868 2858 2922 draco
2897 2880 2981 2922 est
3027 2882 3259 2937 nequam
3304 2868 3393 2924 ille
3433 2881 3488 2923 et
3517 2885 3608 2923 ve-

2022 2976 2162 3016 neno
2186 2963 2531 3014 temulentam
2556 2960 2760 3014 habens
2784 2959 3042 3028 linguam,
3063 2961 3283 3029 quique,
3299 2972 3605 3031 contempta

2025 3050 2313 3105 traditione
2356 3064 2546 3103 eorum
2595 3051 2685 3119 qui
2743 3050 2934 3103 orbem
2975 3062 3242 3104 terrarqu
3284 3066 3441 3106 sacra
3491 3069 3608 3123 my-

2024 3141 2189 3197 steria
2225 3143 2544 3205 docuerunt,
2597 3140 2707 3195 imo
2752 3140 2933 3207 potius
2979 3140 3229 3195 universa
3267 3155 3422 3196 Sacra
3460 3141 3611 3197 Scri-

2024 3244 2181 3305 ptura
2211 3234 2389 3288 valere
2415 3234 2590 3301 jussa,
2632 3231 2901 3300 rebusque
2932 3233 3083 3285 novis
3121 3248 3217 3299 pro
3263 3247 3356 3286 sua
3388 3232 3608 3288 libidine

2024 3323 2382 3386 introductis,
2423 3332 2666 3375 sanctam
2712 3318 2985 3389 Virginem
3032 3319 3316 3387 Deiparam
3351 3335 3470 3375 esse
3517 3338 3609 3375 ne-

2023 3428 2135 3489 gat,
2172 3418 2265 3471 sed
2299 3416 2479 3484 potius
2506 3413 2787 3468 Christum
2832 3413 2947 3466 sive
2984 3412 3258 3465 hominem
3297 3414 3604 3481 peperisse,

2023 3513 2237 3580 aliaque
2273 3509 2356 3563 his
2385 3506 2563 3561 alliuia
2597 3520 2855 3574 perquam
2905 3505 3138 3557 absurda
3186 3514 3351 3573 atque
3392 3507 3607 3575 stupida

2025 3606 2193 3660 rectis
2229 3618 2292 3657 ac
2320 3602 2471 3673 puris
2502 3597 2823 3653 universalis
2858 3594 3115 3651 Ecclesia:
3142 3596 3483 3666 dogmatibus
3513 3614 3606 3650 su-

2023 3694 2381 3765 perinferens.

2099 3787 2158 3840 Β.
2202 3784 2533 3847 Nestorium,
2572 3791 2632 3835 ut
2660 3779 2916 3840 arbitror,
2969 3776 3266 3847 signiﬁcas.
3310 3775 3429 3829 .lam
3464 3777 3609 3831 enim

2028 3879 2289 3947 intelligo.
2343 3875 2628 3944 Opiniouis
2675 3887 2806 3925 vero
2848 3869 2967 3938 ejus
3019 3869 3159 3922 ratio
3213 3868 3343 3923 milii
3390 3871 3611 3937 cognita

2025 3988 2134 4029 non
2173 3983 2277 4026 est.
2316 3970 2561 4035 Quonam
2606 3972 2791 4020 autem
2841 3972 3002 4041 pacto
3035 3971 3279 4017 sanctam
3334 3960 3609 4031 Virginem

2027 4064 2310 4133 Deiparam
2342 4075 2461 4115 esse
2493 4058 2693 4127 negat?
2948 4048 2973 4061 '
3002 4046 3011 4053 ’

2098 4155 2166 4207 Α.
2209 4152 2393 4222 Neque
2418 4151 2583 4214 enim,
2612 4148 2804 4218 inquit,
2835 4149 3002 4204 Deum
3035 4162 3101 4202 ex
3126 4161 3185 4203 se
3212 4146 3442 4216 peperit.
3476 4143 3611 4200 Nam

2032 4247 2270 4301 Verbum
2312 4255 2437 4298 ante
2482 4244 2654 4313 ipsam
2695 4252 2833 4308 erat,
2866 4252 3032 4311 atque
3083 4242 3216 4297 adeo
3258 4251 3385 4295 ante
3428 4242 3613 4294 omnia

2028 4339 2222 4396 saecula
2248 4348 2303 4393 et
2330 4348 2593 4407 tempora,
2629 4347 2813 4405 utpote
2848 4346 3176 4391 eoaeternum
3216 4332 3325 4389 Deo
3348 4348 3412 4389 ae
3440 4332 3610 4388 Patri.

2028 4436 2357 4507 Negaverint
2388 4435 2570 4503 itaque
2602 4432 2766 4487 etiam
2799 4432 2903 4487 hoc
2946 4440 3154 4500 aperte,
3203 4430 3345 4499 quod
3386 4429 3615 4484 Emma-

338 4525 473 4589 Θεὸς
511 4528 541 4579 6
575 4524 954 4596 Ἐμμανουὴλ,
999 4525 1122 4594 εἰκῆ
1166 4525 1223 4577 δὲ
1263 4524 1338 4587 ὡς
1386 4524 1531 4578 ἔοικε
1575 4524 1916 4595 διερμηνεύει

2034 4530 2157 4584 nuel
2192 4528 2264 4581 sit
2295 4526 2458 4582 Deus.
2499 4525 2681 4594 Inepte
2710 4526 2876 4593 igitur
2910 4524 3040 4579 illud
3080 4522 3471 4592 interpretatus
3495 4522 3612 4576 fue-

338 4616 596 4688 τοῦνομα,
646 4616 819 4685 λέγων
857 4619 886 4670 6
933 4616 1359 4685 εὐαγγελιστήςο
1397 4635 1415 4667 ι
1450 4617 1517 4668 Ὃ
1564 4618 1679 4669 ἐστι
1729 4616 1925 4689 μεθερ-

344 4710 736 4780 μηνευόμενον,
770 4707 905 4760 Μεθ’
935 4706 1094 4777 ἡμῶν
1118 4708 1146 4759 6
1176 4705 1362 4770 Θεός.»
1400 4706 1557 4760 υῦτω
1589 4708 1698 4779 γὰρ
1723 4710 1925 4781 χρῆναι

340 4800 813 4873 κατονομάζεσθαι
866 4798 1237 4853 διεϐεϐαιοῦτο
1293 4798 1478 4867 σαφῶς
1526 4800 1616 4854 διὰ
1666 4800 1766 4870 τῆς
1829 4801 1924 4855 τοῦ

343 4895 627 4963 προφήτου
657 4891 845 4962 φωνῆς
871 4894 899 4945 6
923 4892 1057 4954 Θεὸς
1083 4890 1177 4945 καὶ⁸
1203 4890 1414 4962 Πατὴρ,
1438 4892 1529 4944 τὸν
1551 4893 1615 4944 ἐκ
1641 4893 1740 4964 τῆς
1766 4894 1926 4961 ἁγίας

340 4986 619 5058 Παρθένου
644 4986 785 5039 κατὰ
817 4984 995 5055 σάρκα
1025 4988 1440 5054 γεγεννημένον,
1476 4985 1550 5047 ὡς
1582 4984 1931 5058 ἐνανθρωπή-

344 5095 511 5131 σαντα
541 5078 698 5132 Θεόν.

414 5168 474 5221 Β.
510 5168 700 5220 Καίτοι
730 5168 878 5222 δοκεῖ
925 5168 1022 5239 μὲν
1053 5168 1280 5231 ἐκείνοις
1311 5167 1410 5237 οὐχ
1441 5159 1542 5220 ὦδε
1576 5166 1729 5219 ταῦτ’
1761 5167 1923 5236 ἔχειν,

348 5259 465 5330 μεθ’
489 5258 647 5328 ἡμῶν
676 5258 732 5311 δὲ
762 5262 920 5327 φαῖεν
952 5260 1203 5328 γενέσθαι
1234 5260 1385 5325 Θεὸν,
1421 5261 1541 5330 ἤτοι
1574 5259 1664 5312 τὸν
1693 5261 1757 5312 ὲκ
1788 5259 1925 5313 Θεοῦ

344 5352 535 5419 Λόγον,
570 5351 710 5403 κατά
759 5367 822 5417 γε
862 5351 988 5415 τοὺς
1018 5353 1117 5422 τῆς
1164 5354 1486 5423 ἐπικουρίας
1534 5352 1790 5423 τρόπους.
1835 5353 1932 5405 Σέ-

347 5461 491 5500 σωκε
528 5444 638 5515 γὰρ
670 5444 768 5515 τὴν
801 5445 893 5496 ὑπ’
921 5446 1146 5516 οὐρανὸν
1188 5447 1277 5501 διὰ
1323 5448 1418 5501 τοῦ
1466 5446 1820 5517 γεννηθέντος
1866 5447 1931 5499 ἐκ

345 5538 629 5606 γυναικός.

416 5632 480 5682 Α.
513 5630 588 5683 Οὐ
622 5628 729 5700 γὰρ
762 5625 848 5699 ἦν,
900 5631 1019 5684 εἱπὲ
1060 5650 1169 5701 μοι,
1217 5634 1312 5686 καὶ
1365 5633 1503 5702 μετὰ
1543 5633 1787 5696 Μωσέως
1826 5634 1925 5705 τῆς

416 5809 454 5837 δ’
482 5807 670 5863 Matth.
704 5824 743 5873 ι,
775 5808 865 5861 23.

663 5906 930 5965 PATROL.
978 5906 1093 5965 Gn.
1145 5906 1365 5967 LXXV.

2034 4624 2106 4677 rit
2142 4621 2470 4688 evangelista
2496 4657 2512 4681 ,
2550 4619 2735 4671 dicens
2766 4630 2781 4669 :
2817 4634 2837 4667 ί
2867 4615 3022 4681 Quod
3068 4614 3487 4681 interpretatur,
3518 4611 3618 4665 No-

2034 4713 2242 4768 biscum
2274 4712 2417 4765 Deus
2440 4711 2505 4764 δ’.
2540 4729 2558 4761 ι
2593 4709 2669 4762 lta
2705 4709 2850 4763 enim
2879 4706 3166 4761 manifeste
3197 4706 3337 4761 Deus
3364 4721 3428 4760 ac
3457 4704 3620 4759 Pater

2035 4821 2133 4875 per
2167 4819 2353 4859 vocem
2384 4801 2769 4873 prophetarum
2816 4800 3105 4854 allirmavit
3139 4808 3392 4868 oportere
3435 4798 3615 4853 vocari

2036 4910 2160 4948 eum
2191 4895 2281 4965 qui
2318 4909 2381 4948 ex
2413 4902 2599 4947 sancta
2626 4888 2848 4961 Virgine
2876 4889 3173 4946 secundum
3204 4904 3430 4945 carnem
3462 4898 3622 4943 natus

2039 4995 2202 5051 esset,
2234 4998 2290 5040 ut
2322 4985 2489 5039 Deum
2517 4986 2881 5038 incarnatum.

2110 5169 2171 5224 Β.
2212 5167 2369 5236 Atqui
2398 5164 2501 5220 illis
2534 5180 2621 5219 res
2657 5178 2762 5219 non
2796 5166 2867 5219 ita
2903 5178 2961 5218 se
2996 5162 3197 5217 habere
3229 5160 3483 5215 videtur:
3518 5174 3619 5215 no-

2035 5262 2241 5316 biscum
2294 5274 2420 5313 vero
2474 5261 2671 5311 laetum
2721 5272 2842 5312 esse
2902 5257 3068 5310 Deum
3121 5254 3459 5309 contendunt
3505 5253 3619 5307 sive

2044 5352 2274 5408 Verbum
2312 5365 2377 5404 ex
2411 5350 2540 5414 Deo,
2586 5349 2796 5403 ratione
2820 5346 3033 5402 auxilii.
3071 5344 3315 5399 Salvavit
3343 5346 3487 5400 enim
3527 5360 3617 5398 or-

2034 5445 2156 5501 bem
2198 5455 2468 5499 terrarum
2504 5457 2598 5512 per
2632 5456 2753 5495 eum
2799 5442 2889 5509 qui
2936 5456 3004 5495 ex
3038 5440 3265 5495 muliere
3322 5446 3482 5494 natus
3512 5449 3617 5492 est.

2105 5632 2170 5685 Α.
2214 5629 2390 5695 Anne,
2438 5627 2690 5694 obsecro,
2739 5632 2791 5679 et
2826 5638 2949 5681 cum
2997 5622 3181 5694 Moyse
3222 5629 3375 5685 erat,
3409 5635 3438 5675 e
3473 5628 3619 5673 terra

3230 5898 3306 5961 40
