4122 6530
282 465 413 522 1261

1410 460 1597 532 QUOD
1639 457 1827 521 UNUS
1863 458 1968 521 ειτ
2007 463 2376 524 CHRISTUS.

3396 467 3535 525 ηδε

275 580 339 635 re
380 582 463 635 ὅτι
497 594 730 651 μαλιστα
780 579 987 653 πρέπον
1021 596 1081 634 τι
1129 581 1221 634 καὶ
1255 580 1430 645 ἐοικὸς
1476 581 1553 653 τῷ
1602 581 1852 653 ἀτρέπτῳ

1962 583 2015 639 id
2052 586 2193 654 quod
2238 584 2347 639 Deo
2382 582 2700 637 immutabili
2754 586 2987 640 maxime
3033 586 3288 640 convenit
3320 600 3535 641 accom-

275 670 426 743 Θεῷς
456 673 579 737 Πῶς
604 673 670 744 δὴ
697 668 791 727 οῦν
818 673 925 742 ἄρα
953 672 1032 735 εἰς
1064 673 1242 742 σάρκα
1272 672 1451 742 φαμὲν
1481 672 1735 741 γενέσθαι
1768 671 1859 726 τὸν

226 794 243 818 ς
275 764 465 832 Λόγον,
506 764 568 816 τῖι
599 764 866 835 άτρεπτόν
898 781 953 817 τε
1000 764 1095 816 καὶ
1123 763 1477 817 ἀναλλοίωτον
1514 764 1589 828 ὡς
1638 764 1768 817 ἴδιόν
1798 781 1858 818 τε

221 874 240 909 ι
273 857 368 911 καὶ
394 854 649 919 οὐσιῶδες
676 857 772 907 καὶ
817 854 1134 924 ἐμπεφυκὸς
1173 853 1323 926 αὑτῷ
1369 854 1661 926 τηροῦντες
1693 855 1802 919 ἀεὶ,
1830 857 1860 908 ό

216 945 236 1010 ξ
273 949 546 1018 πάνσοφος
578 946 807 1011 Παῦλος,
833 949 861 1000 ό
893 945 1000 1001 τῶν
1026 944 1193 999 αὑτοῦ
1232 946 1544 1017 μυστηρίων
1574 946 1797 1015 ταμίας,
1829 947 1859 999 ό

274 1038 379 1093 τῶν
412 1038 789 1108 εὑαγγελικῶν
839 1037 1215 1110 κηρυγμάτων
1264 1037 1567 1107 ἱερουργδς,
1606 1040 1860 1106 σαφηνιεί

273 1132 465 1200 λέγων’
506 1152 523 1183 ι
554 1132 726 1186 Τοῦτο
765 1134 1013 1201 φρονεῖτε
1070 1130 1300 1193 ἕκαστος
1328 1133 1386 1182 ὲν
1422 1131 1552 1199 ὑμῖν
1590 1130 1795 1193 αὑτοῖς,
1828 1128 1857 1181 ὃ

273 1226 365 1278 καὶ
395 1227 451 1277 ἑν
489 1224 713 1293 Χριστῴ
750 1222 948 1293 Ἰησοῦ,
989 1222 1049 1285 ὃς
1094 1224 1150 1274 ἐν
1183 1225 1365 1292 μορφῇ
1404 1221 1540 1273 Θεοῦ
1570 1221 1854 1290 ὑπάρχων,

272 1311 368 1382 οὐχ
396 1312 693 1385 ἁρπαγμὸν
721 1314 963 1382 ἡγήσατο
993 1312 1053 1365 τὸ
1079 1307 1218 1364 εἶναι
1250 1312 1340 1364 ἴσα
1361 1309 1501 1379 Θεῷ,
1530 1310 1640 1363 ἀλλ’
1667 1309 1857 1363 ἑαυτὸν

272 1403 526 1467 ὶκένωσε,
579 1402 794 1473 μορφὴν
845 1401 1032 1454 δοῦλον
1077 1402 1274 1467 λαϐὼν,
1321 1402 1380 1453 ἐν
1421 1400 1727 1470 ὁμοιώματι
1758 1401 1855 1451 ἁν-

272 1494 504 1564 θρὼπων
535 1496 849 1566 γενόμενος,
880 1496 975 1547 καὶ
1010 1497 1247 1566 σχήματι
1276 1494 1518 1566 εὑρεθεὶς
1549 1494 1624 1557 ῶς
1649 1491 1858 1562 άνορω-

272 1601 392 1648 πος,
432 1585 796 1637 ἐταπείνωσεν
828 1584 1042 1647 ἑαυτὸν,
1088 1585 1378 1653 γενόμενος
1418 1585 1659 1654 ὑπήκοος
1693 1583 1854 1653 μέχρι

271 1676 523 1740 θανάτου,
555 1676 782 1730 θανάτου
812 1676 868 1730 δὲ
901 1675 1156 1747 σταυροῦ.
1186 1694 1204 1725 ι
1245 1674 1439 1728 Καίτοι
1482 1675 1590 1744 γάρ
1616 1674 1748 1737 Θεός
1792 1690 1854 1726 τε

272 1770 369 1822 καὶ
392 1773 457 1823 ἐκ
485 1770 618 1822 Θεοῦ
654 1770 795 1823 κατὰ
841 1770 1001 1837 φύσιν
1027 1769 1287 1837 ὑπάρχων
1309 1767 1338 1819 ό
1368 1766 1659 1836 μονογενὴς
1688 1763 1853 1818 αὑτοῦ

272 1862 469 1929 Λόγος,
513 1863 576 1915 τὸ
610 1862 953 1930 ἀπαύγασμα
996 1862 1093 1929 τῆς
1128 1861 1310 1930 δόξης,
1362 1859 1453 1911 καὶ
1500 1861 1528 1911 ὁ
1565 1859 1854 1929 χαρακτὴρ

270 1952 369 2022 τῆς
399 1952 747 2014 ὑποστάσεως
775 1953 869 2005 τοῦ
895 1954 1273 2021 γεννήσαντος,
1303 1950 1522 2017 γέγονεν
1546 1950 1847 2019 ἄνθρωπος,

268 2045 363 2097 καὶ
392 2044 493 2096 οὑκ
519 2045 600 2107 είς
640 2047 815 2116 σάρκα
856 2044 1116 2113 τραπεὶς,
1156 2043 1188 2111 ἢ
1226 2041 1460 2111 φυρμὸν,
1498 2042 1530 2111 ἢ
1564 2042 1779 2106 κρᾶσιν,
1816 2042 1850 2111 ἦ

269 2154 322 2192 τι
354 2138 460 2191 τῶν
486 2138 743 2191 τοιούτων
782 2137 966 2209 ἕτερον
1002 2136 1320 2205 ὑπομείνας,
1352 2134 1538 2197 καθεὶς
1564 2135 1620 2186 δὲ
1652 2133 1852 2203 μᾶλλον

270 2230 461 2284 ἑαυτὸν
493 2233 573 2294 εἰς
602 2231 852 2290 κένωσιν,
886 2230 979 2282 καὶ⁸
1017 2229 1136 2282 ἁντί
1167 2230 1263 2298 τῆς
1302 2226 1670 2298 προκειμένης
1701 2225 1852 2296 αὑτῷ

270 2325 464 2394 χαρᾶς,
488 2322 750 2393 αἰσχύνης
776 2320 1217 2390 καταφρονήσας,
1250 2319 1343 2372 καὶ
1370 2319 1468 2388 τὴν
1507 2319 1605 2387 τῆς
1636 2318 1850 2387 ἁνθρωυ

268 2417 501 2487 πότητος
540 2415 815 2485 πτωχείαν
858 2414 957 2467 οὑκ
989 2413 1282 2483 ἀτιμάσας.
1315 2411 1574 2482 Ἠθέλησε
1609 2411 1740 2482 γὰρ,
1775 2412 1852 2476 ὼς

268 2510 423 2573 Θεὸς,
462 2512 560 2580 τὴν
600 2508 814 2578 Θανάτῳ
854 2509 948 2563 καὶ
992 2507 1236 2577 ἁμαρτίᾳ
1279 2507 1608 2577 ὲνεχομὲνην
1648 2506 1849 2576 σάρκα,

268 2604 364 2657 καὶ
402 2602 634 2657 θανάτοὺ
678 2603 773 2655 καὶ
822 2602 1052 2671 αἵματος
1095 2598 1372 2669 ἀποφῆναι
1420 2598 1726 2669 κρείττονα,
1758 2597 1852 2650 καὶ

267 2696 598 2766 ἀνακομίσαι
633 2694 769 2765 πρὸς
812 2694 872 2746 τὸ
909 2694 967 2745 ὲν
996 2694 1214 2763 ἀρχαῖς,
1248 2691 1383 2743 ἰδίαν
1416 2690 1586 2760 αὑτὴν
1619 2690 1851 2759 ποιησά-

272 2802 460 2857 μενος,
505 2786 600 2837 καὶ
641 2786 739 2837 οὑκ
770 2783 978 2853 ἄψυχόν
1010 2800 1073 2851 γε
1105 2782 1247 2835 κατά
1278 2797 1449 2845 τινας,
1491 2782 1851 2852 ἐψυχωμένην

266 2878 327 2933 δὲ
364 2877 564 2948 μᾶλλον
596 2877 740 2946 ψυχῇ
774 2876 962 2946 νοερᾷο
1009 2874 1145 2926 ἰέναι
1192 2890 1255 2941 γε
1292 2874 1397 2944 μὴν
1444 2874 1541 2943 τὴν
1581 2871 1658 2943 τῷ
1704 2874 1850 2943 πρά-

266 2987 440 3041 γματι
485 2970 801 3040 πρέπουσαν
848 2969 950 3020 οὐκ
996 2963 1315 3031 ἀπαξιώσας
1360 2964 1565 3036 τρίϐον,
1596 2964 1694 3035 τὴν
1728 2964 1851 3018 καθ’

266 3063 415 3133 ἡμᾶς
460 3062 712 3130 γέννησιν
745 3059 1034 3126 ὑπομεῖναι
1077 3056 1317 3125 λέγεται,
1352 3054 1677 3125 μεμενηκὼς
1713 3057 1852 3127 ὅπερ

265 3148 355 3226 ἦν.
405 3153 444 3206 Γ
448 3152 729 3221 εγὲννηται
762 3150 870 3220 γὰρ
910 3148 1229 3217 παραδόξως
1281 3148 1422 3201 κατὰ
1471 3149 1693 3218 σάρκα⁰,
1728 3148 1761 3219 ἦ
1795 3151 1851 3201 ἑν

267 3242 401 3296 εῖδει
429 3240 536 3312 τῷν
563 3239 684 3293 καθ’
710 3240 859 3310 ἡμᾶς
887 3238 1114 3307 ὀφθῆναι
1141 3240 1253 3300 τοῖς
1280 3238 1373 3289 ἐπὶ
1403 3237 1525 3306 γῆς,
1554 3239 1644 3291 τὸν
1670 3240 1849 3305 ἀναφῆ
1880 3282 1923 3339 C

268 3334 363 3387 καὶ
392 3330 723 3402 ἁσώματον“.
744 3330 887 3399 Πλὴν
920 3327 1340 3399 ὲνανθρωπῆσαι
1371 3328 1657 3399 κρίναντα,
1686 3330 1780 3383 καὶ
1797 3331 1853 3381 ἐν

267 3422 446 3493 ἑαυτῷ
487 3424 581 3476 καὶ
626 3423 771 3492 μόνῳ
816 3423 927 3482 τοῖς
970 3420 1070 3490 τῆς
1116 3419 1369 3490 θεότητος
1414 3419 1719 3484 ἀξιώμασιν
1756 3422 1851 3472 ἐκ·

268 3516 458 3587 πρεπῆ
484 3515 581 3585 τὴν
618 3512 774 3583 ἡμῶν
805 3512 1081 3580 ἀποφῆναι
1123 3510 1283 3580 φύσιν
1304 3527 1318 3540 ·
1352 3506 1421 3581 ἦν
1462 3512 1568 3583 γὰρ
1598 3512 1625 3562 ὁ
1665 3511 1849 3575 αὐτὸς,

266 3609 400 3671 θεός
431 3624 493 3676 γε
539 3607 674 3678 ὁμοῦ
718 3608 813 3659 καὶ
842 3605 1160 3674 ἄνθρωπος,
1193 3605 1284 3657 καὶ
1328 3606 1385 3657 ὲν
1418 3603 1719 3674 ὁμοιώματι
1752 3603 1851 3672 μὲν

266 3698 576 3769 ἀνθρώπου,
607 3696 742 3750 καθὸ
778 3695 918 3764 μετὰ
956 3693 1145 3747 τούτου
1178 3696 1271 3747 καὶ
1316 3694 1448 3757 Θεὸς
1489 3690 1578 3765 ἦν,
1610 3694 1850 3765 σχήματι

265 3791 323 3845 δὲ
348 3790 421 3854 ὼς
449 3790 751 3863 ἄνθρωπος.
779 3788 911 3850 Θεὸς
940 3787 1048 3859 γάρ
1083 3782 1151 3857 ἦν
1174 3788 1231 3839 ὲν
1261 3786 1391 3840 εἴδει
1421 3784 1499 3856 τῷ
1529 3786 1649 3838 καθ’
1680 3787 1849 3856 ἡμᾶς,

265 3883 363 3937 κα)⁵
416 3884 475 3935 ἐν
519 3881 707 3936 δούλου
750 3883 967 3951 μορφῇ,
1012 3881 1309 3950 Δεσπότης.
1340 3879 1530 3950 Σάρκα
1569 3879 1678 3948 γὰρ
1708 3877 1853 3930 οῦτω

266 3977 449 4048 φαμὲν
477 3976 754 4045 γενέσθαι.
785 3976 1053 4048 Ταὺτῃτοι
1089 3976 1182 4029 καὶ
1209 3975 1470 4029 Θεοτόκον
1503 3971 1644 4028 εἶναι
1671 3973 1852 4028 διαϐε-

266 4068 570 4141 ϐαιούμεθα
597 4070 694 4141 τὴν
723 4069 885 4138 ἁγίαν
916 4068 1211 4139 Παρθένον.

1964 675 2222 729 modare?
2280 675 2523 741 Quonam
2572 675 2735 745 igitur
2784 686 2941 745 pacto
2998 676 3052 730 in
3102 692 3266 732 carne
3330 678 3531 733 factum

1961 763 2130 820 fuisse
2157 764 2387 821 Verbum
2428 766 2692 829 dicamus,
2736 767 3228 821 immutabilitatem
3277 784 3399 837 qua:
3432 769 3535 839 ipsi

1960 859 2177 925 propria
2223 871 2385 927 atque
2435 858 2738 914 essentialis
2800 869 2855 913 ct
2892 860 3087 924 insita,
3136 869 3218 915 est
3272 869 3534 930 perpetuo

1959 961 2373 1017 conservantes,
2423 951 2856 1017 sapientissimus
2901 950 3120 1016 Paulus,
3156 954 3532 1022 mysteriorum

1960 1039 2129 1108 ipsius
2226 1042 2568 1111 dispensator
2642 1042 3075 1110 evangelicazque
3139 1045 3535 1111 przcdicationis

1963 1133 2235 1201 minister,
2263 1135 2522 1199 declarat,
2560 1136 2782 1189 dicens:
2817 1153 2836 1185 ι
2876 1134 2987 1189 Hoc
3023 1139 3221 1190 sentite
3244 1140 3536 1207 unusquis-

1959 1239 2065 1293 que
2097 1226 2147 1277 in
2180 1228 2330 1280 vobis
2358 1229 2497 1294 quod
2548 1238 2603 1281 et
2648 1228 2699 1279 in
2732 1227 2952 1281 Christo
2983 1226 3131 1292 Jesu,
3161 1230 3277 1295 qui,
3321 1244 3441 1283 cunt
3480 1232 3534 1287 in

1961 1312 2133 1366 forma
2185 1313 2274 1367 Dei
2325 1324 2492 1377 esset,
2545 1330 2648 1368 nou
2704 1317 2945 1385 rapinam
2993 1319 3294 1372 arbitratus
3345 1328 3429 1373 est
3476 1334 3535 1375 se

1957 1420 2079 1460 esse
2128 1407 2384 1474 tequidem
2439 1407 2545 1460 Deo
2587 1425 2601 1460 :
2643 1408 2735 1461 sed
2785 1409 3136 1478 semetipsum
3195 1411 3532 1472 exinauivit.

1959 1494 2184 1548 fortnam
2215 1498 2355 1549 servi
2394 1498 2684 1565 accipiens.
2719 1497 2771 1550 itt
2805 1498 3210 1553 similitudinem
3256 1500 3531 1556 hominum

1958 1584 2155 1651 factus,
2200 1598 2254 1640 et
2288 1588 2473 1640 habitu
2511 1590 2759 1643 iuventus
2802 1599 2860 1641 ιιι
2889 1590 3070 1653 homo,
3103 1592 3411 1646 humiliavit
3444 1609 3533 1647 se-

1957 1673 2154 1743 ipsum,
2189 1675 2360 1730 factus
2391 1675 2650 1728 obedicns
2685 1691 2854 1745 usque
2891 1678 2958 1730 ad
2993 1688 3218 1731 mortem
3254 1718 3268 1742 ,
3303 1692 3531 1737 mortem

1956 1776 2135 1818 autem
2182 1767 2361 1818 crucis
2382 1764 2445 1817 ".
2478 1784 2497 1815 ι
2536 1766 2673 1819 Deus
2710 1768 2854 1819 enim
2890 1776 2944 1820 et
2985 1781 3047 1820 es
3089 1766 3199 1822 Deo
3237 1771 3533 1825 secundum

1957 1867 2205 1909 naturam
2254 1859 2522 1910 cxsisteus
2566 1857 2899 1923 unigenitum
2960 1858 3129 1925 ipsius
3169 1858 3431 1926 Verbum,
3478 1876 3536 1919 et

1957 1947 2209 2017 splendor
2264 1948 2479 2017 gloriae,
2526 1960 2581 2002 et
2626 1948 2911 2002 character
2958 1952 3273 2007 substantia)
3310 1952 3536 2010 Genito-

1959 2039 2036 2093 ris
2055 2036 2126 2099 ⁵⁸,
2162 2038 2359 2090 laetum
2387 2048 2468 2091 est
2498 2038 2682 2098 homo,
2703 2048 2757 2090 et
2789 2053 2893 2089 nou
2926 2039 2977 2091 itt
3006 2055 3225 2094 Carnem
3248 2053 3535 2107 mutatum,

1959 2143 2133 2197 neque
2164 2130 2325 2183 ttllattt
2379 2139 2473 2182 aut
2516 2131 2824 2193 tuisturaut,
2867 2142 2962 2185 aut
2997 2144 3414 2199 temperaturam
3443 2147 3538 2190 aut

1958 2220 2102 2275 aliud
2137 2220 2411 2291 quidpiam
2457 2220 2826 2287 hujuscemodi
2876 2221 3061 2286 subiit,
3106 2223 3198 2276 sed
3229 2228 3406 2292 potius
3437 2228 3535 2280 de—

1959 2314 2180 2366 tuitteus
2232 2327 2292 2366 se
2327 2312 2393 2379 ad
2441 2311 2905 2374 cxinanitiuuent,
2943 2322 2996 2366 et
3051 2328 3149 2379 pro
3200 2316 3398 2385 gaudio
3432 2298 3536 2372 sibi

1959 2403 2271 2473 proposito,
2330 2402 2566 2457 dedecus
2623 2414 3016 2465 centemuens,
3070 2405 3537 2478 humanitatisque

1960 2496 2231 2550 tniseriam
2285 2506 2448 2563 atque
2493 2496 2840 2563 indigentiam
2884 2511 2988 2550 non
3040 2510 3381 2567 aspernatus.
3427 2500 3532 2557 Vo-

1958 2587 2059 2641 luit
2103 2590 2248 2642 euim
2300 2598 2357 2641 ut
2404 2586 2544 2643 Deus
2577 2603 2796 2643 carnem
2856 2591 3014 2642 morti
3068 2601 3122 2644 et
3166 2604 3392 2660 peccato
3439 2597 3536 2651 ob-

1960 2679 2203 2743 noxiam,
2249 2688 2424 2734 morte
2475 2696 2536 2733 ac
2581 2691 2806 2749 peccato
2848 2683 3182 2750 superiorem
3233 2686 3534 2752 declarare.

1958 2773 2309 2844 pristiumque
2361 2772 2657 2841 integritati
2722 2774 3031 2841 restituere,
3090 2778 3362 2844 propriam
3413 2795 3533 2835 eam

1958 2864 2060 2918 sibi
2091 2863 2313 2925 faciens,
2345 2873 2399 2916 et
2434 2863 2650 2930 quidem
2687 2862 2830 2916 illaut
2873 2881 2977 2918 non
3020 2868 3197 2939 anima
3234 2882 3533 2939 carentem,

1959 2965 2013 3006 ut
2044 2951 2260 3020 quidam
2296 2952 2613 3019 opinantur,
2642 2951 2750 3005 imo
2781 2954 2960 3022 potius
2993 2956 3172 3010 anima
3199 2958 3535 3031 intelligente

1959 3045 2274 3097 animatum.
2330 3043 2500 3097 Porro
2557 3044 2641 3096 via
2694 3059 2814 3113 quae
2873 3046 2999 3099 huic
3040 3050 3252 3118 negotio
3300 3056 3535 3121 gerendo

1960 3135 2276 3188 conveniret
2330 3133 2583 3189 incedere
2636 3149 2739 3188 non
2802 3134 3144 3207 dedignatus,
3195 3145 3534 3202 nativitatem

1962 3229 2120 3281 nobis
2152 3226 2382 3282 similem
2421 3228 2654 3281 subiisse
2699 3227 2919 3291 dicitur,
2954 3245 3280 3299 permanens
3315 3251 3443 3292 vero
3484 3240 3536 3293 id

1958 3324 2102 3392 quod
2152 3333 2290 3375 erat.
2329 3320 2499 3376 Natus
2528 3321 2671 3375 enim
2719 3330 2802 3374 est
2833 3322 3142 3377 adu‘iirabili
3195 3329 3407 3383 ratione
3445 3344 3536 3386 se-

1959 3416 2194 3471 cundum
2239 3430 2459 3469 catnem
2489 3430 2554 3468 ex
2604 3415 2871 3468 muliere:
2907 3431 3080 3485 neque
3127 3421 3271 3474 enim
3323 3435 3539 3490 poterat

1958 3509 2138 3570 aliter,
2172 3508 2311 3561 Deus
2352 3507 2647 3561 secundum
2682 3516 2929 3561 naturam
2958 3511 3249 3575 exsisteus,
3287 3529 3446 3582 quam
3481 3519 3534 3573 in

1958 3602 2140 3672 specie
2178 3616 2299 3668 qua:
2340 3609 2538 3651 nostra:
2584 3598 2779 3653 similis
2830 3609 2972 3653 esset
3016 3604 3333 3660 mortalibus
3362 3624 3537 3678 appa-

1960 3708 2103 3756 rere,
2148 3692 2242 3762 qui
2279 3692 2635 3759 incorporeus
2684 3700 2768 3745 est
2808 3703 2862 3744 et
2899 3694 3040 3762 tangi
3094 3700 3302 3765 nequit.
3354 3698 3539 3769 Neque

1954 3785 2097 3840 enim
2136 3792 2348 3852 poterat
2381 3782 2539 3834 aliter
2561 3796 2722 3850 quam
2756 3796 2853 3849 per
2887 3782 3340 3854 incarnationem,
3368 3801 3533 3861 atque

1956 3876 2010 3930 in
2045 3876 2223 3943 scipso
2256 3884 2308 3927 et
2339 3872 2556 3941 quidem
2610 3871 2723 3925 solo
2757 3888 2995 3927 uosuam
3028 3888 3276 3932 naturam
3316 3882 3535 3939 deitati.

1957 3965 2309 4036 dignitatibus
2355 3965 2634 4017 decorare.
2682 3961 2813 4018 Erat
2852 3968 2996 4019 enim
3030 3966 3144 4037 ipse
3185 3970 3327 4027 Deus
3368 3975 3533 4031 simul

1957 4074 2014 4119 et
2045 4063 2228 4120 homo,
2262 4054 2428 4127 719
2454 4066 2508 4109 et
2531 4055 2583 4108 itt
2611 4056 2966 4114 suuilitudiue
3009 4062 3230 4131 quidem
3271 4066 3529 4134 hominis,

266 4176 537 4234 quatenus
580 4179 686 4218 una
720 4179 845 4218 cum
901 4164 1003 4217 hac
1050 4164 1213 4218 etiam
1270 4164 1412 4217 Deus
1468 4173 1621 4231 erat;
1693 4163 1882 4221 habitu
1922 4177 2073 4226 vero,
2120 4165 2180 4211 ut
2231 4155 2416 4209 homo.
2454 4151 2595 4206 Deus
2658 4152 2803 4206 enim
2846 4165 2965 4210 erat
3015 4156 3067 4209 in
3118 4160 3300 4229 Specie
3334 4172 3534 4220 nostra:

267 4257 459 4320 simili,
498 4265 553 4309 et
580 4255 633 4308 in
663 4256 833 4308 forma
859 4256 1023 4319 servi,
1055 4255 1336 4311 Dominus.
1371 4254 1482 4311 lloc
1509 4258 1655 4312 enim
1692 4260 1851 4314 modo
1888 4268 2107 4315 carnem
2135 4250 2337 4306 factum
2368 4261 2492 4304 esse
2531 4246 2803 4304 dicimus:
2833 4263 2897 4305 ac
2956 4252 3179 4321 proinde
3244 4254 3531 4328 Deiparam

267 4366 483 4421 quoque
505 4352 782 4404 exstitisse
806 4363 1206 4405 sacrosanctam
1232 4350 1503 4421 Virginem
1528 4353 1844 4408 asserimus.

338 4443 400 4496 Β.
442 4440 663 4506 Βούλει,
691 4443 803 4504 τοῖς
846 4443 959 4504 σοῖς
1001 4443 1529 4513 ἀντιπαρεξάγοντες
1556 4444 1737 4513 λόγοις
1775 4446 1844 4501 τά

2028 4439 2089 4493 Β.
2119 4436 2374 4494 Placetne
2400 4445 2483 4501 ut,
2514 4435 2725 4491 illorum
2748 4436 3083 4507 objectiones
3112 4441 3219 4495 tuis
3245 4444 3405 4502 dictis
3428 4462 3529 4518 0p-

270 4537 401 4607 παρ⁴
434 4535 683 4597 ἐκείνων,
720 4534 1035 4604 ἰσχνοτέραν
1081 4535 1440 4607 άποτελῶμεν
1488 4538 1596 4591 τῶν
1630 4538 1847 4593 ἐννοιῶν

1956 4541 2234 4604 ponentes,
2266 4530 2655 4584 accuratiorem
2689 4538 2744 4584 et
2769 4530 3108 4584 subtiliorem
3142 4533 3529 4604 rciproposita:

263 4629 368 4702 τὴν
414 4629 668 4700 βάσανον,
710 4627 744 4697 ἢ
782 4627 1204 4699 παραχωρῶμεν
1238 4629 1427 4694 ἁπλῶς
1475 4631 1687 4701 λέγοντί
1738 4648 1843 4695 σοι,

264 4720 329 4776 τὸ
352 4715 411 4773 εὖ
440 4720 586 4790 ἔχειν
624 4717 1062 4788 ὑπειλημμένονς

335 4899 402 4951 Δ.
455 4894 885 4965 Ἀνεπίπληκτον
920 4892 1041 4964 μὲν,
1071 4892 1147 4957 ὥς
1170 4910 1233 4963 γε
1268 4888 1444 4964 οἶμαι.
1475 4897 1583 4949 πᾶν
1610 4896 1747 4967 ὅπερ
1779 4896 1846 4951 ἂν

266 4989 481 5057 λέγοιτο
514 4988 652 5060 πρὸς
697 4986 854 5058 ἡμῶν
884 4986 1063 5056 σοφῶς
1095 5003 1155 5040 τε
1186 4988 1280 5041 καὶ
1312 4988 1723 5059 ἐπιστημόνως,
1753 4988 1848 5041 καὶ

265 5082 369 5134 οὑκ
412 5080 727 5150 άπαδόντως
777 5080 901 5151 ἔχον
967 5082 1089 5144 ταῖς
1154 5078 1532 5144 θεοπνεύστοις
1578 5081 1841 5153 Γραφαῖς.

264 5165 444 5235 Φράζε
483 5165 540 5219 δὲ
571 5167 667 5220 καὶ
697 5168 861 5231 αὑτὸς
908 5168 971 5222 τὸ
1003 5167 1217 5224 δοκοῦν.
1252 5169 1498 5223 Ἐκτέκοι
1537 5170 1648 5242 γάρ
1694 5170 1763 5224 ἄν
1788 5187 1841 5223 τι

264 5257 375 5311 τῶν
399 5258 738 5331 όνησιφόρων
767 5262 799 5331 ἡ
824 5262 1159 5327 ἀντίστασις.

337 5443 399 5497 Β.
453 5441 512 5495 Ὀ
545 5440 835 5505 θεσπέσιος
875 5444 1095 5515 γράφει,
1128 5445 1284 5515 φασὶ,
1338 5443 1551 5508 Παῦλος
1594 5443 1844 5517 περὶτοῦ

267 5533 400 5591 Υίοῦ
426 5576 439 5598 ,
474 5535 568 5589 Em
598 5533 665 5607 δὴ
713 5534 998 5603 γεγονότος
1034 5538 1279 5607 κατάρας
1327 5553 1386 5589 τε
1420 5537 1516 5590 καὶ⁵
1548 5536 1842 5609 ἁμαρτίας.

267 5626 412 5696 Ἔφη
458 5624 598 5700 γὰρ,
654 5626 739 5679 ὅτι
797 5645 818 5677 ι
850 5625 954 5680 Τὸν
1001 5626 1076 5697 μὴ
1121 5627 1319 5693 γνόντα
1368 5627 1669 5699 ἁμαρτίαν,
1705 5627 1846 5699 ὑπὲρ

265 5718 422 5790 ἡμῖν»
468 5717 743 5791 ἁμαρτίαν
787 5718 1031 5789 εποίησε.
1068 5736 1087 5768 ο
1154 5716 1257 5773 Καὶ
1304 5714 1496 5773 πάλιν·
1550 5738 1569 5772 ι
1610 5720 1845 5792 Χριστος

337 5896 385 5929 “
413 5894 644 5967 Philipp.
683 5912 743 5956 tt.
774 5895 893 5952 5~8.
983 5894 1027 5927 ’δν
1050 5892 1212 5950 Hebr.
1241 5910 1280 5959 ι,
1319 5895 1371 5949 5.

1955 4625 2435 4694 investigationem
2470 4622 2820 4678 instituamus
2844 4662 2860 4687 ,
2888 4639 2952 4677 an
2989 4626 3168 4694 potius
3196 4629 3522 4698 simpliciter

1953 4718 2187 4774 orationi
2228 4725 2333 4770 tua:
2375 4716 2532 4770 tidem
2556 4715 2897 4780 adhibentes,
2927 4717 2997 4770 ita
3028 4732 3152 4775 sese
3181 4735 3293 4775 rem
3321 4724 3525 4783 habere

1950 4807 2288 4865 statuamus?

2025 4899 2093 4952 A.
2126 4897 2289 4952 Extra
2317 4896 2794 4966 reprehensionem
2825 4912 3039 4953 onmem
3069 4902 3307 4970 positum
3340 4912 3443 4967 est,
3467 4916 3523 4960 ut

1954 4989 2211 5054 arbitror,
2239 4990 2383 5058 quod
2424 5003 2453 5041 a
2486 4988 2642 5042 nobis
2692 4990 2828 5043 scite
2877 4989 3261 5064 sapienterque
3316 4996 3519 5050 dictmu

1953 5093 2061 5148 est,
2087 5097 2259 5152 neque
2299 5096 2405 5134 una
2439 5080 2652 5135 ratione
2683 5096 2712 5134 a
2759 5082 2931 5135 sacris
2961 5081 3259 5151 Seripturis
3304 5086 3521 5143 dissen-

1953 5174 2036 5228 tit.
2070 5174 2162 5226 Dic
2212 5185 2340 5226 vero
2380 5172 2547 5225 etiam
2588 5180 2643 5226 tu
2684 5172 2827 5241 quod
2882 5172 2977 5225 tibi
3021 5174 3233 5228 videtur
3275 5191 3289 5227 :
3332 5177 3521 5233 all'eret

1950 5265 2094 5320 enim
2131 5263 2381 5320 nonnihil
2414 5262 2660 5320 utilitatis
2690 5265 2978 5321 contraria:
3009 5269 3294 5323 sententiae
3352 5287 3521 5343 oppo-

1945 5358 2090 5413 sitio.

1934 5482 1943 5489 ι
2019 5450 2080 5506 Β.
2114 5448 2339 5506 Divinos
2360 5449 2575 5514 Paulus,
2628 5453 2802 5517 aiunt,
2862 5451 3053 5507 scribit
3086 5454 3155 5507 de
3190 5453 3353 5519 Filio,
3411 5467 3522 5511 tan-
3604 5478 3607 5481 ·

1946 5554 2113 5610 quam
2165 5541 2255 5610 qui
2290 5540 2466 5597 factus
2491 5541 2565 5597 sit
2623 5542 2931 5598 maledictio
2956 5553 3011 5597 et
3067 5555 3369 5614 peccatum.
3433 5544 3521 5601 l'u-

1947 5634 2066 5707 quit
2093 5634 2422 5706 enim,quod
2458 5653 2479 5686 ‹
2514 5635 2646 5691 Eum
2674 5636 2766 5705 qui
2795 5652 2901 5693 nou
2925 5636 3074 5692 novit
3099 5650 3401 5709 peccatum,
3424 5656 3523 5710 pro

1951 5727 2105 5783 nobis
2142 5737 2423 5799 peccatum
2479 5726 2608 5783 fecit
2638 5722 2707 5785 “.
2751 5747 2769 5781 ι
2808 5728 2871 5785 Et
2920 5745 3154 5787 rursus:
3203 5749 3222 5785 ι
3272 5732 3527 5789 Cbrisms

1451 5897 1497 5929 '°
1532 5895 1571 5953 Il
1600 5895 1826 5971 Corgv,
1863 5895 1957 5952 21.
