4122 6524
308 402 451 470 1265

376 529 436 584 Β.
492 530 600 583 Ὠδὶ
630 532 722 586 καὶ
756 536 909 588 αὐτοί
940 554 1121 605 φασιν.

373 623 441 676 Α.
482 622 691 677 Οὐκοῦν
727 626 884 698 εἴπερ
910 628 1056 680 ἐστὶν
1084 628 1283 699 ἀληθὲς
1302 674 1315 695 ,
1350 633 1490 686 κατά
1521 650 1581 702 γε
1609 634 1670 688 τὸ
1695 636 1878 701 αὐτοῖς

306 707 362 766 εὖ
413 711 559 783 ἔχειν
605 713 1039 786 ὑπειλημμένον,
1089 720 1171 772 ὃτι
1226 721 1450 789 γέγονεν
1494 723 1637 777 οὕτω
1673 725 1811 797 σὰρξ
1850 730 1879 781 ὁ

307 802 494 872 Λόγος,
527 804 671 859 καθά
700 808 794 859 καὶ
835 808 1051 880 κατάρα
1075 812 1169 863 καὶ
1196 812 1459 883 ἁμαρτία,
1492 816 1579 868 ἐπ’
1605 818 1880 888 ἀναιρέσει

307 895 531 966 σαρκὸς,
560 891 680 949 εἶτα
709 896 827 960 πῶς
852 897 1125 970 ἀνρθαρτὸν
1151 918 1211 954 τε
1241 906 1335 956 καὶ
1364 904 1669 978 ἀνώλεθρον
1710 909 1881 981 αὐτὴν

306 987 634 1055 ἀποφαίνει,
664 988 740 1051 ὡς
788 989 845 1041 ἕν
887 1007 950 1059 γε
1001 993 1189 1066 πρώτῃ
1238 997 1595 1066 κατορθώσας
1622 1000 1782 1053 τοῦτο
1814 1003 1880 1072 τῇ

310 1078 415 1142 ίδία
447 1078 642 1150 σαρκί;
676 1078 736 1132 οὐ
789 1081 896 1152 γάρ
929 1099 1009 1136 τοι
1059 1083 1260 1157 θνητὴν
1302 1088 1594 1159 ἀπομείναι
1638 1091 1733 1142 καὶ
1776 1092 1884 1144 ὑπὸ

309 1170 513 1241 φθοράν
541 1170 751 1241 ἀφῆκεν
779 1174 949 1244 αὐτὴν
991 1176 1474 1248 (παραπέμποντος
1506 1184 1587 1245 είς
1610 1184 1759 1252 ἡμᾶς
1786 1181 1882 1237 τοῦ

319 1264 491 1334 Ἀδὰμ
525 1265 622 1336 τήν
655 1267 746 1319 ἐπὶ
785 1270 850 1336 τῇ
900 1269 1207 1338 παραϐάσει
1256 1272 1471 1343 δίκην),
1498 1274 1575 1336 ὡς
1608 1274 1790 1345 σάρκα
1827 1275 1885 1330 δὲ

308 1357 506 1426 μᾶλλον
557 1357 834 1429 ἀφθάρτου
886 1361 1054 1427 Θεοῦ,
1108 1364 1416 1430 τουτέστιν,
1477 1366 1651 1433 ίδίαν,
1715 1369 1884 1439 ήγουν

309 1448 501 1502 ἑαυτοῦ
526 1450 620 1503 καὶ
646 1449 878 1505 θανάτου
904 1454 996 1506 καὶ
1021 1455 1225 1527 φθορᾶς
1255 1457 1515 1513 ἐπέκεινα
1544 1458 1654 1524 θείς
1677 1475 1694 1525 ;

375 1629 437 1683 B.
480 1626 553 1683 Εὖ
593 1629 749 1700 ἔφης.

375 1722 441 1775 Δ.
486 1720 629 1794 Ἔφη
674 1722 731 1776 δέ
780 1740 881 1777 που
930 1725 989 1780 τὸ
1033 1727 1273 1800 Γράμμα
1321 1730 1383 1784 τὺ
1430 1732 1596 1804 ἱερὸν,
1643 1734 1734 1787 τὸν
1787 1733 1886 1805 μὲν

313 1812 523 1884 πρῶτον
566 1813 852 1885 ἄνθρωπον
876 1855 891 1881 ,
926 1818 1202 1873 τουτέστιν
1238 1822 1408 1893 Ἀδάμ
1428 1864 1442 1887 ,
1475 1825 1556 1887 είς
1587 1824 1765 1895 ψυχὴν
1796 1843 1887 1893 γε·

1438 420 1626 489 QUOD
1664 420 1853 480 UNUS
1894 424 2000 485 SlT
2039 425 2403 486 CHRISTUS.

1908 550 1955 607 Α
2051 546 2114 602 Β.
2145 547 2219 602 Ita
2251 549 2414 603 etiam
2450 548 2552 618 ipsi
2581 550 2787 604 dicunt.

3432 437 3570 490 {SC-6'

2052 637 2117 692 A.
2146 639 2412 705 Quocirca
2443 639 2489 693 si
2526 653 2611 693 res
2650 639 2722 693 ita
2757 654 2815 694 se
2845 638 3024 703 habet.
3084 650 3244 710 prout
3277 642 3407 712 ipsis
3449 643 3567 711 pla-

1982 735 2088 791 cet,
2109 729 2249 795 quod
2276 728 2507 782 Verbum
2535 728 2720 782 eadem
2751 729 2959 783 ratione
2977 731 3047 784 sit
3079 731 3277 786 factum
3304 749 3432 787 caro
3458 750 3563 802 qua

1982 816 2287 872 maledictio
2318 828 2372 873 et
2399 828 2704 888 peccatum,
2734 821 2799 872 ad
2828 819 3188 876 sublationem
3208 824 3410 890 carnis,
3433 840 3566 894 quo-

1984 911 2141 963 modo
2178 909 2640 979 incorruptibilem
2675 919 2839 978 atque
2867 910 3117 966 interitus
3170 921 3446 982 expertem
3498 915 3563 968 il-

1984 998 2090 1053 lam
2119 999 2314 1063 eﬂ‘ecit,
2348 1002 2545 1069 quippe
2576 1000 2665 1069 qui
2697 1002 2748 1053 in
2788 1002 2963 1069 prima
2992 1003 3209 1069 propria
3259 1020 3355 1059 sua
3396 1022 3564 1061 carne

1984 1089 2087 1143 hoc
2120 1090 2470 1156 praestiterit?
2493 1089 2676 1159 Neque
2701 1093 2845 1145 enim
2870 1091 3152 1146 mortalem
3186 1092 3331 1146 illam
3368 1110 3561 1150 corru-

1985 1179 2263 1247 ptionique
2308 1182 2599 1235 obnoxiam
2683 1197 2902 1236 manere
2953 1183 3195 1251 permisit
3251 1184 3570 1254 (transmit~

1986 1276 2132 1322 tonte
2160 1268 2211 1322 in
2246 1284 2343 1324 nos
2405 1270 2612 1324 Adamo
2649 1271 3099 1337 transgressionis
3154 1272 3432 1345 poenam):
3475 1277 3569 1328 sed

1986 1359 2167 1429 potius
2192 1368 2445 1429 tanquam
2480 1376 2701 1416 carnem
2730 1363 3156 1431 incorruptibilis
3195 1364 3312 1433 Dei,
3332 1364 3432 1420 hoc
3461 1374 3567 1428 est,

1986 1452 2282 1520 propriam,
2322 1451 2437 1507 sive
2475 1468 2625 1508 suam
2679 1467 2853 1510 morte
2905 1457 3363 1526 corruptioneque
3408 1471 3571 1527 supe-

1989 1539 2186 1593 riorem
2218 1541 2417 1597 elfecit.

2060 1631 2120 1685 Β.
2156 1630 2321 1688 Recte
2340 1635 2441 1689 ais.

2059 1724 2127 1778 A.
2170 1726 2330 1797 Atqui
2394 1743 2548 1783 sacra
2595 1729 2876 1799 Scriptura
2906 1730 3101 1786 alicubi
3143 1731 3293 1798 dicit,
3323 1732 3557 1801 primum

1989 1814 2284 1878 hominem.
2309 1818 2412 1873 hoc
2435 1819 2845 1885 est,Adamum,
2872 1821 3068 1874 factum
3099 1835 3221 1876 esse
3251 1823 3303 1876 in
3334 1824 3567 1877 animam

309 1902 493 1957 νέσθαι
544 1903 748 1971 ζῶσαν,
792 1906 885 1960 τὸν
930 1907 987 1961 δὲ
1031 1908 1279 1981 ὕστερον,
1335 1885 1479 1984 φημὶ
1523 1885 1778 1985 Χριστδν,
1808 1885 1886 1978 είς

1993 1906 2260 1961 viventem
2293 1925 2307 1975 ;
2342 1908 2570 1964 alterum
2611 1926 2742 1965 vero
2774 1898 3155 1980 posteriorem,
3188 1912 3461 1967 Christum
3487 1912 3597 1967 in;

310 1996 527 2066 πνεῦμα
578 1994 1016 2071 ξωοποιόν.⁷Δρ’
1071 1997 1184 2067 οὖν,
1227 2002 1416 2075 ὥσπερ
1470 2006 1557 2058 ἐπ’
1607 2006 1887 2076 ἀναιρέσει

306 2087 551 2159 κατάρας
585 2090 679 2142 καὶ
706 2090 980 2161 ἁμαρτίας
997 2132 1009 2155 ,
1034 2093 1225 2162 γέγονε
1260 2096 1475 2167 κατάρα
1503 2100 1594 2150 καὶ
1620 2100 1887 2169 ἁμαρτία,

306 2176 482 2242 οὕτως
530 2181 618 2234 ἐπ’
664 2182 945 2253 ἀνατροπῇ
990 2182 1085 2235 τοῦ
1132 2181 1270 2237 εἶναι
1324 2186 1404 2250 είς
1447 2188 1627 2259 ψυχήν
1680 2188 1883 2252 ζῶσαν,

307 2272 559 2339 γενέσθαι
606 2273 788 2343 φαμὲν
839 2275 1003 2328 αὑτὸν
1053 2278 1133 2338 είς
1188 2276 1404 2348 πνεῦμα
1453 2278 1735 2343 ζωοποιόν.
1777 2282 1888 2355 Τήν

310 2362 412 2433 γάρ
452 2378 535 2415 τοι
564 2362 656 2415 τοῦ
701 2362 954 2432 γενέσθαι
995 2364 1224 2436 δύναμιν
1253 2369 1332 2430 είς
1362 2368 1424 2421 τὸ
1469 2368 1681 2439 ἀπηχὲς
1724 2389 1885 2443 περι-

308 2451 616 2523 τρέποντες,
642 2453 784 2509 οὕτω
810 2456 1089 2525 γενέσθαι
1124 2459 1301 2529 σάρκα
1326 2461 1489 2530 φασὶν
1518 2462 1701 2527 αὐτὸν,
1741 2463 1887 2517 καθὰ

307 2544 399 2598 καὶ
425 2545 564 2616 ἀράν
594 2562 652 2598 τε
686 2548 779 2599 καὶ
809 2548 1105 2619 ἁμαρτίαν.
1147 2552 1484 2622 Ἀναιρετέον
1515 2550 1607 2608 οὖν
1638 2556 1747 2625 ἄρα
1790 2554 1883 2609 τοῦ

307 2636 482 2705 Λόγου
507 2635 607 2707 τὴν
634 2639 933 2710 σάρκωσιν,
963 2642 1130 2712 ἤγουν
1156 2643 1587 2716 ὲνανθρώπησιν·
1613 2639 1674 2699 οῦ
1703 2664 1884 2718 παρα-

306 2726 588 2799 δεχθέντος
619 2732 696 2793 είς
729 2730 1009 2803 ἀλήθειαν,
1046 2734 1252 2804 οἴχεται
1287 2735 1385 2803 μὲν
1413 2736 1556 2801 ἄπας
1583 2739 1716 2808 ἡμῖν
1740 2741 1767 2792 ὁ
1790 2740 1884 2793 τοῦ

311 2824 615 2892 μυστηρίου
662 2823 855 2892 λόγος’
900 2824 1025 2878 οὔτε
1070 2827 1127 2879 δὲ
1173 2827 1436 2899 ἐγεννήθη
1466 2831 1728 2901 Χριστὸς,
1762 2831 1885 2885 οῦτε

309 2913 598 2978 ἀπέθανεν,
647 2914 771 2969 οὕτε
800 2919 1117 2991 ἐγήγερται,
1177 2920 1317 2973 κατά
1349 2920 1446 2985 τὰς
1489 2922 1731 2993 Γραφάς.
1774 2923 1885 2978 Ποῦ

309 3008 600 3080 τοιγαροῦν
627 3012 661 3081 ή
696 3011 897 3076 πίστις,
950 3014 1068 3082 ήτοι
1114 3013 1176 3067 τὸ
1216 3015 1365 3084 ῥῆμα
1409 3018 1508 3085 τῆς
1548 3015 1817 3080 πίστεως,
1857 3016 1887 3068 ὃ

309 3097 697 3170 κηρύσσομεν;
752 3100 876 3165 Πῶς
921 3102 1029 3174 γὰρ
1074 3105 1296 3176 ἤγειρεν
1342 3106 1504 3159 αὑτὸν
1549 3109 1579 3159 ό
1635 3107 1769 3171 Θεὸς
1821 3110 1886 3160 ὲκ

1993 2014 2176 2069 quant,
2204 1997 2408 2054 factum
2445 2016 2567 2056 esse
2596 2003 2647 2055 in
2672 2005 2921 2071 spiritum
2947 2004 3331 2058 viviﬁcantem.
3361 2005 3560 2059 Proin-

1992 2090 2077 2155 de,
2109 2089 2559 2158 quemadmodum
2583 2092 2649 2145 ad
2694 2092 2982 2147 tollendam
3034 2093 3461 2149 maledictionem
3518 2104 3573 2149 et

1989 2191 2296 2252 peccatum,
2333 2182 2509 2239 factus
2543 2193 2626 2238 est
2671 2186 2975 2241 maledictio
3007 2196 3061 2240 et
3117 2198 3397 2257 peccatum
3431 2204 3446 2240 :
3499 2188 3571 2242 ita

1990 2275 2057 2328 ad
2084 2274 2490 2329 subverslnttem
2541 2276 2835 2331 exsistendi
2881 2278 2932 2331 in
2995 2279 3230 2332 animam
3277 2280 3569 2344 viventem,

1989 2366 2191 2420 factum
2226 2367 2400 2437 ipsum
2419 2381 2537 2422 esse
2570 2369 2799 2423 dicimus
2829 2370 2880 2423 in
2900 2370 3148 2438 spiritum
3182 2371 3566 2426 viviﬁcantem.

1988 2458 2321 2514 Facultatem
2352 2460 2497 2514 enim
2529 2475 2592 2515 ac
2623 2465 2727 2515 vim
2756 2463 2928 2525 verbi,
2971 2462 3167 2531 factum
3222 2480 3351 2527 esse,
3381 2465 3447 2519 ad
3473 2464 3569 2518 ab-

1988 2550 2212 2606 surdum
2239 2560 2638 2616 convertentes,
2664 2554 2732 2605 ita
2768 2569 2939 2623 ipsum
2960 2569 3176 2608 carnem
3219 2555 3415 2609 factum
3451 2570 3573 2611 esse

1988 2642 2160 2705 aiunt,
2191 2643 2330 2696 sicut
2361 2652 2416 2697 et
2467 2646 2900 2698 exsecrationem
2963 2656 3017 2698 et
3077 2653 3381 2714 peceatum.
3444 2643 3567 2700 Tol-

1988 2732 2144 2786 lenda
2173 2734 2356 2801 itaque
2384 2734 2487 2788 erit
2511 2733 2671 2789 Verbi
2709 2736 3034 2802 incarttatio,
3094 2737 3207 2790 sive
3234 2736 3569 2792 humauatio.

1988 2823 2139 2889 Quod
2176 2824 2221 2879 si
2254 2832 2311 2877 ut
2344 2840 2531 2879 verum
2573 2826 2917 2891 admittatur,
2949 2829 3198 2881 universa
3263 2827 3418 2881 nobis
3451 2842 3571 2899 my-

1986 2915 2135 2969 sterii
2172 2915 2310 2969 ratio
2345 2926 2582 2971 corruet.
2621 2917 2805 2987 Neque
2835 2928 2992 2970 natus
3027 2926 3114 2971 est
3153 2918 3423 2981 Christus,
3471 2934 3566 2972 ne-

1988 3021 2093 3076 que
2116 3017 2359 3062 mortuus
2391 3014 2497 3072 est,
2516 3022 2689 3074 neque
2719 3008 3035 3073 resurrexit,
3076 3009 3375 3063 secundum
3427 3008 3579 3062 Seri-

1988 3106 2194 3167 pturas.
2225 3094 2483 3161 Quaenam
2513 3097 2674 3165 igitur
2697 3099 2801 3152 erit
2829 3098 2960 3153 ﬁdes
2984 3107 3190 3159 nostra,
3217 3098 3333 3153 sive
3350 3100 3571 3153 verbum

310 3192 543 3263 νεκρῶν,
568 3196 615 3247 εί
644 3195 717 3266 μὴ
745 3197 840 3248 καὶ
865 3198 1133 3263 ἀπέθανες
1158 3199 1274 3263 πῶς
1303 3199 1348 3252 δ’
1383 3200 1448 3254 ἂν
1474 3202 1568 3253 καὶ
1590 3202 1882 3268 ἀπέθανεν,

1993 3185 2116 3239 ﬁdei
2144 3186 2286 3254 quod
2319 3181 2716 3255 praedicamus?
2771 3187 3052 3253 Quomodo
3102 3186 3246 3239 enim
3297 3188 3576 3242 suscitavit

311 3286 359 3336 εί
404 3285 478 3357 μή
512 3285 834 3357 γεγέννηται
873 3288 1015 3342 κατὰ
1046 3291 1257 3360 σάρκας
1306 3289 1406 3344 ποῦ
1452 3291 1508 3343 δὲ
1559 3293 1654 3345 καὶ
1699 3294 1731 3362 ή
1777 3294 1887 3347 τῶν

313 3378 522 3448 νεκρῶν
575 3380 905 3446 ἀναθίωσις,
946 3382 1134 3437 ἐλπίδα
1176 3387 1289 3447 τοῖς
1338 3383 1514 3452 ἁγίοις
1561 3386 1887 3456 εἰσφέρουσα

310 3475 411 3545 τῆς
455 3474 813 3546 ἀτελευτήτου
860 3476 1004 3547 ζωῆς
1028 3518 1043 3541 ,
1096 3478 1144 3530 εί
1181 3478 1254 3549 μὴ
1295 3480 1588 3549 ἐγήγερται
1622 3481 1885 3552 Χριστός;

313 3565 419 3620 ποῦ
457 3568 514 3620 δὲ
543 3569 639 3621 καὶ
668 3570 700 3639 ὴ
731 3570 838 3624 τῶν
864 3571 1223 3642 ἀνθρωπίνων
1251 3572 1515 3643 σωμάτων
1540 3572 1884 3645 ζωοποίησις,

312 3660 347 3728 ή
380 3659 522 3713 κατά
554 3660 770 3731 μέθεξιν
798 3662 1096 3735 τελουμένη
1139 3664 1239 3733 τῆς
1271 3665 1435 3732 ἁγίας
1468 3663 1633 3719 αὑτοῦ
1684 3665 1889 3737 σαρκὸς

314 3751 408 3805 καὶ
438 3752 675 3824 αἵματος
697 3772 712 3821 ;

384 4013 447 4071 Β.
487 4017 673 4087 Σάρκα
702 4017 765 4088 δὴ
794 4013 888 4072 οὖν
921 4036 1101 4089 φαμεν
1130 4020 1382 4089 γενέσθαι
1408 4021 1500 4074 τὸν
1532 4022 1728 4091 Λόγον,
1748 4025 1892 4077 κατά

313 4121 379 4175 γε
408 4105 508 4178 τὴν
558 4110 623 4161 ὲκ
663 4111 916 4176 γυναικὸς
961 4112 1103 4165 κατά
1152 4112 1332 4182 σάρκα
1388 4113 1663 4184 γέννησιν,
1718 4116 1786 4184 ἢν
1834 4117 1893 4168 ὲν

315 4201 565 4270 ἐσχάτοις
612 4201 708 4254 τοῦ
763 4204 957 4265 αἰῶνος
1016 4208 1229 4273 καιροῖς
1287 4207 1578 4275 ὑπομεῖναι
1635 4207 1888 4275 λέγεταιο

315 4294 493 4348 καίτοι
522 4294 624 4366 πρὸ
656 4295 851 4359 παντὸς
878 4295 972 4349 τοῦ
1013 4297 1205 4360 αίῶνος
1238 4299 1498 4368 ὑπάρχων
1526 4300 1602 4363 ὡς
1630 4301 1763 4364 Θεός

385 4470 451 4522 Α.
496 4467 643 4523 Πάνυ
675 4468 772 4539 μὲν
801 4466 912 4523 οὖν.
949 4470 1104 4524 Οῦτω
1133 4471 1242 4543 γάρ
1268 4473 1490 4541 γέγονεν
1533 4475 1593 4527 ὲν
1635 4476 1892 4546 ὁμοιώσει

1990 3291 2112 3331 eum
2144 3276 2284 3331 Dens
2314 3292 2343 3331 e
2375 3278 2625 3340 mortuis,
2658 3278 2761 3332 nisi
2789 3287 2845 3331 et
2878 3287 3121 3331 mortuus
3143 3276 3266 3331 est?
3322 3286 3414 3330 aut
3441 3291 3579 3346 quo-

1988 3370 2149 3424 modo
2180 3369 2343 3423 etiam
2370 3381 2617 3425 mortuus
2650 3379 2754 3433 est,
2789 3371 2891 3424 nisi
2930 3381 3086 3425 natus
3136 3383 3224 3427 est
3274 3371 3574 3425 secundum

1990 3462 2252 3516 carnem?
2282 3471 2374 3516 aut
2417 3478 2663 3533 quaenam
2690 3462 2907 3516 tandem
2933 3463 3037 3517 erit
3072 3463 3399 3518 resurrectio
3424 3477 3572 3519 mero

1993 3561 2231 3619 tuorum,
2255 3569 2376 3623 quae
2406 3553 2663 3622 perennis
2696 3554 2817 3607 vita:
2851 3568 3003 3623 spem
3050 3554 3259 3608 sanctis
3307 3554 3571 3616 immittit.

1991 3643 2037 3699 si
2071 3644 2318 3699 Christus
2348 3662 2451 3698 non
2477 3644 2813 3700 resurrexit?
2840 3643 3103 3711 Quaenam
3149 3659 3291 3699 vero
3345 3645 3449 3699 erit
3476 3643 3576 3700 htt-

1991 3750 2273 3791 ntanorum
2337 3751 2625 3805 corporum
2675 3736 2985 3801 viviﬁcatio,
3050 3751 3170 3805 qua:
3223 3750 3318 3805 per
3376 3745 3576 3791 sanctae

1993 3828 2159 3897 ipsius
2198 3829 2381 3883 carnis
2423 3836 2477 3883 et
2537 3828 2815 3898 sanguinis
2883 3828 3349 3898 participationem
3405 3826 3571 3882 emi-i-

1995 3928 2081 3972 tur
2102 3917 2126 3969 Ἰ

2065 4008 2221 4077 72],
2272 4007 2332 4063 B.
2383 4008 2623 4062 Dicimus
2679 4006 2865 4076 itaque
2916 4008 3152 4063 Verbum
3189 4022 3408 4063 carnem
3451 4022 3576 4064 esse

1993 4098 2217 4161 factum,
2287 4098 2498 4152 ratione
2562 4098 2858 4153 nativitatis
2903 4100 3197 4154 secundum
3247 4112 3465 4153 carnem
3507 4113 3574 4153 ex

1994 4187 2243 4251 muliere,
2267 4201 2429 4257 quam
2449 4186 2501 4240 itt
2520 4186 2832 4241 novissimis
2853 4186 3034 4242 saculi
3079 4187 3414 4256 temporibus
3454 4187 3576 4241 sub-

1996 4278 2125 4334 iisse
2156 4279 2372 4344 dicitur,
2405 4279 2619 4333 tametsi
2652 4287 2779 4333 ante
2816 4278 2995 4333 omnia
3038 4280 3231 4332 sarcula
3278 4276 3569 4341 exstiterit,

1995 4381 2055 4425 ut
2076 4371 2236 4427 Deus.

2067 4464 2133 4518 A.
2180 4463 2435 4520 Omnino.
2471 4464 2547 4518 Ita
2579 4465 2720 4518 enim
2746 4462 2921 4518 factus
2946 4472 3026 4516 est
3060 4460 3374 4517 omnimode
3420 4461 3573 4515 nobis

315 4562 382 4632 τῇ
416 4561 552 4633 πρὸς
575 4563 724 4632 ἡμᾶς
764 4565 832 4633 τῇ
877 4562 1019 4616 κατὰ
1062 4566 1168 4617 πᾶν
1193 4565 1393 4627 ὁτιοῦν.
1431 4568 1556 4639 δίχα
1587 4570 1683 4641 τῆς
1712 4572 1888 4643 ἀμαρ-

1998 4558 2208 4625 similis,
2242 4568 2467 4626 excepto
2521 4567 2760 4627 peccato.
2818 4555 2976 4623 Quod
3034 4565 3088 4609 et
3141 4554 3573 4625 sapientissimus

314 4653 459 4716 τίας.
506 4652 618 4705 Καὶ
668 4653 1009 4724 μαρτυρήσει
1049 4654 1220 4722 λέγων
1262 4658 1291 4710 ὀ
1337 4660 1614 4730 πάνσοφος
1648 4662 1886 4727 Παῦλος·

323 4763 342 4797 t
367 4744 584 4816 Ἐπειδὴ
616 4743 723 4816 γὰρ
756 4744 824 4797 τὰ
869 4746 1057 4798 παιδία
1093 4748 1489 4821 κεκοινώνηκεν
1524 4752 1763 4824 αἵματος
1795 4757 1892 4810 καὶ

321 4836 547 4909 σαρκὸς,
600 4838 693 4890 καὶ
739 4836 900 4900 αὐτὸς
939 4839 1332 4907 παραπλησίως
1386 4844 1613 4915 μετέσχε
1645 4846 1754 4900 τῶν
1796 4849 1892 4901 αὑ-

318 4928 451 4992 τῶν,
495 4928 583 4982 ἵνα
630 4926 719 4981 διὰ
747 4928 840 4981 τοῦ
874 4926 1104 4981 θανάτου
1138 4933 1455 5002 καταργήσῃ
1486 4933 1578 4988 τὸν
1601 4935 1662 4989 τὸ
1694 4936 1895 5006 κράτος

321 5019 514 5089 ἔχοντα
541 5019 633 5073 τοῦ
669 5019 923 5085 θανάτου,
951 5021 1216 5087 τουτέστι,
1246 5022 1336 5075 τὸν
1365 5023 1629 5088 διάϐολον,
1658 5027 1753 5079 καὶ
1790 5028 1896 5080 ἀπο

323 5108 528 5181 ἀλλάξῃ
557 5110 778 5175 τούτους
798 5150 812 5174 ,
857 5112 970 5165 ὅσοι
1000 5112 1150 5182 φόϐῳ
1179 5112 1410 5166 θανάτου
1439 5113 1530 5167 διὰ
1565 5115 1766 5178 παντὸς
1801 5116 1897 5169 τοῦ

325 5203 425 5273 ζῇν
468 5202 639 5271 ἔνοχοι
685 5197 826 5272 ἦσαν
866 5204 1126 5266 δουλείας.
1176 5206 1247 5258 Οὐ
1293 5205 1402 5277 γάρ
1448 5206 1619 5276 δήπου
1650 5207 1900 5275 ἀγγέλων

325 5292 755 5362 ἐπιλαμϐάνεται
780 5334 795 5359 ,
839 5294 978 5349 ἀ).λά
1024 5297 1338 5367 σπέρματος
1378 5297 1628 5370 Ἀϐραὰμ
1663 5299 1895 5370 ἐπιλαμ-

325 5384 549 5439 ϐάνεται
588 5400 602 5415 ’
670 5384 791 5438 ὅθεν
840 5384 1039 5455 ὤφειλε
1093 5386 1161 5441 τά
1225 5388 1405 5441 πάντα
1474 5390 1586 5451 τοῖς
1648 5388 1896 5458 ἀδελφοῖς

323 5475 676 5547 ὁμοιωθῆναι.
705 5494 723 5526 ι
767 5476 831 5529 Ἢ
851 5475 906 5528 δὲ
943 5498 960 5529 ι
994 5476 1136 5531 κατά
1155 5478 1332 5532 πάντα
1367 5496 1385 5530 ι
1426 5479 1703 5546 ὁμοίωσις,
1726 5478 1899 5551 ἀρχὴν

325 5567 518 5638 ὥσπερ
542 5567 662 5620 τινὰ
688 5566 780 5621 καὶ
810 5568 1164 5639 προεισϐολὴν
1193 5568 1285 5621 τοῦ
1318 5568 1645 5641 πράγματος
1663 5611 1677 5633 ,
1708 5572 1806 5642 τήν
1832 5572 1898 5624 ὲκ

326 5660 587 5730 γυναικὸς
618 5659 873 5726 ἀπότεξιν
904 5661 1035 5729 ἔχει,
1065 5661 1158 5714 καὶ
1184 5661 1282 5733 τὴν
1317 5664 1374 5714 ὲν
1398 5662 1562 5734 σαρκὶ
1591 5662 1896 5733 φανέρωσιν

398 5841 464 5873 δι’
490 5838 508 5894 ι
538 5838 663 5894 Cur.
698 5855 785 5905 xv,
822 5838 910 5894 i3.
990 5840 1033 5871 δ’
1068 5836 1229 5894 llebr.
1253 5854 1310 5904 ιι,
1346 5837 1531 5896 14-17.

1998 4648 2199 4705 Paulus
2231 4658 2482 4716 testatur,
2503 4648 2754 4718 inquiens
2787 4663 2800 4700 :
2840 4664 2859 4696 ι
2886 4646 3021 4713 Quia
3051 4660 3181 4716 ergo
3238 4646 3391 4715 pueri
3418 4659 3573 4699 com~

1999 4740 2577 4797 tnunicaverttntcarni
2649 4749 2702 4795 et
2755 4737 3027 4809 sanguini,
3075 4747 3131 4792 et
3194 4734 3577 4807 ipsesimiliter

2000 4836 2342 4905 participavit
2371 4834 2611 4898 eisdem;
2653 4841 2711 4887 ut
2738 4846 2832 4902 per
2867 4840 3097 4886 mortem
3123 4830 3430 4884 destrueret
3449 4842 3572 4882 eum

2007 4927 2091 4997 qui
2118 4927 2348 4981 habebat
2379 4927 2570 4982 mortis
2609 4926 2918 4995 imperium,
2955 4925 3007 4978 id
3037 4934 3123 4978 est
3174 4921 3473 4984 diabolum,
3520 4926 3577 4972 et

2005 5018 2262 5072 liberaret
2324 5032 2420 5072 eos
2477 5016 2571 5087 qui
2622 5016 2815 5071 timore
2849 5016 3039 5069 mortis
3091 5028 3186 5083 per
3214 5022 3378 5067 totam
3408 5010 3572 5064 vitam

2006 5117 2160 5163 erant
2192 5108 2409 5163 obnoxii
2444 5108 2717 5163 servituti.
2751 5106 3023 5175 Nusquam
3056 5105 3199 5159 enim
3232 5101 3453 5172 angelos
3481 5115 3577 5171 ap-

2008 5202 2312 5271 prehendit,
2339 5203 2430 5256 sed
2461 5216 2646 5256 semen
2703 5200 2933 5256 Abraha:
2991 5195 3365 5267 apprehendit.
3421 5193 3578 5248 Unde

2006 5294 2188 5347 debuit
2216 5309 2312 5364 per
2327 5294 2507 5349 omnia
2533 5294 2789 5349 fratribus
2819 5291 3106 5347 assimilari
3134 5292 3240 5344 “.t
3265 5288 3575 5345 Similitudo

2004 5393 2184 5440 autem
2220 5405 2237 5437 ι
2276 5401 2372 5454 per
2423 5386 2634 5451 omnia,
2676 5402 2695 5436 ι
2730 5385 2942 5439 initium
2990 5380 3385 5453 quodammodo
3416 5390 3578 5449 atque

2003 5479 2354 5547 primordium
2380 5480 2537 5533 habet
2570 5478 2904 5532 nativitatem
2929 5492 2994 5531 ex
3034 5474 3278 5536 muliere,
3309 5480 3364 5525 et
3406 5470 3577 5523 mani-

2001 5568 2345 5625 festationem
2368 5570 2420 5625 in
2448 5583 2611 5625 carne
2632 5568 2747 5638 ejus
2768 5567 2858 5639 qui
2889 5567 3039 5638 juxta
3108 5563 3380 5632 propriam
3416 5570 3577 5617 natu-

2002 5676 2119 5718 ram
2150 5661 2297 5718 cerni
2350 5660 2555 5731 nequit,
2602 5669 2654 5717 et
2712 5658 3128 5730 dispettsativatu
3186 5654 3575 5712 habitationem
