4122 6528
562 383 699 441 1267

1584 385 1644 443 S.
1682 385 1957 443 CYBILLI
1995 385 2462 444 ALEXANDle
2502 388 2823 444 ARCHIEP.

3676 379 3849 437 ιεσσ

558 505 700 557 inter
753 500 1018 573 nos,ejus
1074 502 1164 572 qui
1226 502 1741 557 excellentissimum
1790 517 1986 558 nomen
2043 512 2114 556 εει

2226 499 2321 553 τοῦ
2355 500 2498 555 κατὰ
2544 501 2708 573 φύσιν
2760 500 2894 555 ἰδίαν
2928 501 3026 570 οὐχ
3069 495 3298 569 ὁρατοῦ,
3332 496 3426 548 καὶ.
3470 494 3569 563 τὴν
3603 495 3663 546 ὲν
3700 496 3846 554 τοις

556 603 897 658 consecutus,
933 604 987 649 et
1027 594 1460 649 lmmilitatemin
1496 594 1857 657 humanitate,
1887 593 2004 662 ejus
2031 592 2123 661 qui

557 684 612 738 in
639 684 907 752 supremis
964 685 1172 738 tltrouis
1192 684 1445 754 ell‘ulget;
1474 694 1527 739 et
1558 684 1770 738 servilis
1799 684 2125 738 conditionis

551 774 750 831 factum
808 791 948 840 esse,
997 776 1082 831 cui
1116 777 1408 830 dominium
1458 776 1776 832 naturaliter
1818 777 2120 846 competit:

555 886 576 919 s
612 867 749 923 Deus
778 868 920 922 enim
951 878 1067 923 erat
1100 868 1329 922 Verbum
1368 868 1434 925 ⁸³.
1467 887 1485 919 ι

619 1047 680 1102 Β.
708 1046 876 1103 Recte
904 1047 1120 1117 quidem
1177 1047 1414 1103 disseris.
1470 1047 1737 1101 Caeterum
1783 1046 1911 1101 illm!
1956 1048 2121 1102 etiam

548 1140 699 1209 ipsos
730 1141 907 1194 direre
943 1156 985 1193 ε‹
1006 1141 1100 1202 ἰιο,
1138 1155 1314 1206 neque
1344 1140 1488 1193 enim
1513 1139 1735 1207 intelligi
1760 1153 1937 1205 posse,
1963 1148 2124 1206 atque

549 1232 687 1283 adeo
709 1230 1002 1284 absurdum
1032 1246 1153 1285 esse
1183 1231 1496 1284 existimare
1544 1240 1596 1284 et
1631 1230 1809 1285 dicere
1862 1230 2118 1295 Verbum,

549 1323 691 1390 quod
711 1321 963 1375 ineﬂ'allili
999 1323 1228 1389 quadam
1258 1323 1464 1376 ratione
1491 1333 1654 1391 atque
1676 1322 2003 1377 intellectum
2027 1337 2124 1377 ex-

547 1413 772 1467 cedente
797 1428 861 1466 ex
898 1413 1004 1466 Deo
1031 1411 1190 1466 Patre
1216 1422 1318 1477 est,
1342 1414 1631 1466 secundam
1662 1427 1875 1481 quoque
1903 1427 1971 1467 ex
2004 1428 2123 1467 mtt-

547 1502 682 1558 liere
710 1504 1043 1558 nativitatem
1075 1503 1327 1559 subiisse.
1362 1502 1616 1557 Suﬂicere
1647 1504 1789 1557 enim
1822 1504 1922 1571 ipsi
1947 1506 2119 1569 aiunt,

545 1596 687 1664 quod
732 1594 900 1649 semel
958 1610 1023 1649 ex
1063 1594 1223 1648 Patre
1255 1595 1436 1648 divino
1468 1610 1618 1650 more
1645 1596 1857 1664 genitus
1884 1596 1973 1651 sit.

614 1683 683 1741 A.
718 1682 984 1740 lusultant
1011 1685 1188 1752 itaque
1216 1684 1388 1751 Filio;
1422 1700 1596 1754 neque
1629 1695 1780 1741 recte
1813 1686 1986 1755 ipsum
2016 1685 2119 1740 sibi

544 1776 887 1834 consuluisse
917 1777 1087 1841 aiunt,
1135 1778 1224 1846 qui
1258 1777 1610 1832 voluntariam
1649 1792 1745 1846 pro
1799 1777 1951 1831 nobis
2018 1792 2118 1832 ex-

2227 591 2352 646 xae'
2396 596 2548 664 ἡμᾶς
2596 593 2822 647 κάθεσιν
2848 591 3197 661 οἰκονομικὴν
3231 586 3325 642 τοῦ
3372 588 3431 640 ὲν
3479 584 3840 655 ὑπερτάτοις

2226 682 2377 748 ὄντος
2401 684 2650 754 ὀνόμασι,
2680 684 2774 739 καὶ
2803 685 2862 737 τὸ
2896 685 2953 736 ὲν
2985 680 3363 752 ἀνθρωπότητι
3394 679 3681 738 ταπεινὸν,
3716 675 3837 730 τοῦ

2223 779 2335 839 τοῖς
2376 777 2642 831 ἀνωτάτω
2673 775 2880 845 θρόνοις
2914 774 3292 845 ἐμπρέποντος
3318 811 3332 829 .
3375 770 3469 825 καὶ
3508 770 3569 823 τὸ
3612 771 3674 823 ἰν
3716 767 3833 838 μὲ-

2224 882 2374 936 τροις
2412 866 2664 934 γενέσθαι
2701 867 2812 929 τοῖς
2856 866 3149 925 οἰκετικοῖς
3181 862 3274 916 τδν
3303 864 3360 915 ὲν
3384 860 3669 934 κυριότητι
3720 877 3836 928 φυ-

2226 959 2350 1027 σικῇ
2374 973 2389 988 ο
2421 976 2440 1008 ι
2474 957 2607 1021 Θεὸς
2638 957 2747 1028 γὰρ
2781 957 2950 1023 Λόγος
2983 952 3071 1025 ἦν.
3106 974 3125 1006 ι

2292 1050 2353 1105 Β.
2377 1051 2570 1121 Διανοῇ
2596 1050 2694 1119 μὲν
2721 1047 2895 1119 ὀρθῶς
2912 1064 2925 1078 ’
2967 1047 3107 1117 πλὴν
3133 1045 3243 1101 ἴσθι
3267 1062 3349 1100 τοι
3378 1045 3601 1099 κάκεῖνο
3619 1041 3835 1116 ἐροῦν-

2221 1158 2321 1205 τας
2343 1184 2358 1207 ,
2409 1141 2486 1205 ὡς
2526 1141 2816 1209 ἀνέφικτον
2854 1140 2938 1211 εἴη
2971 1138 3112 1209 τάχα
3142 1154 3248 1191 που
3277 1137 3371 1192 καὶ
3400 1137 3632 1200 ἀκαλλὲς
3658 1178 3677 1201 ,
3717 1134 3827 1189 τὸν

2221 1232 2287 1284 ὲκ
2308 1231 2443 1285 Θεοῦ
2477 1231 2711 1301 [ἰατρὸς.
2740 1270 2755 1285 .
2787 1272 2800 1287 .
2840 1269 2856 1286 .
2897 1268 2911 1283 .
2950 1229 3021 1283 τὰ
3048 1230 3241 1295 Λόγον,
3272 1229 3602 1300 άποῤῥήτως
3626 1244 3688 1281 τε
3712 1225 3827 1280 καὶ

2223 1321 2363 1390 ὑπὲρ
2401 1321 2547 1381 νοῦν,
2577 1320 2785 1374 οἴεσθαί
2828 1336 2889 1373 τε
2924 1319 3021 1373 καὶ
3044 1318 3244 1387 λέγειν,
3294 1319 3386 1371 καὶ
3410 1318 3668 1388 δευτέραν
3706 1316 3823 1387 τὴν

2221 1412 2287 1465 ἑκ
2317 1410 2575 1478 γυναικὸς
2602 1412 2895 1481 ὑπομεῖναι
2928 1412 3205 1481 γέννησιν.
3225 1408 3466 1480 ’Λπόχρη
3491 1410 3603 1478 γὰρ
3626 1409 3818 1480 αὐτῷ.

2222 1503 2374 1570 φασὶ,
2412 1501 2472 1555 τὸ
2498 1499 2644 1566 απαξ
2684 1504 2750 1555 ὲκ
2778 1503 2991 1574 Πατρδς
3021 1501 3349 1572 γεννηθῆναι
3380 1499 3735 1571 θεοπρεπῶς.

2292 1687 2356 1739 Α.
2393 1686 2624 1755 Οὐκοῦν,
2667 1688 3057 1759 ἐπιπλήττουσι
3084 1688 3162 1759 τῷ
3191 1688 3307 1760 Υίῷ
3330 1730 3346 1754 ,
3377 1688 3472 1743 καὶ
3515 1689 3617 1743 οὐκ
3664 1686 3819 1759 ὁρθά

2229 1776 2577 1847 βεϐουλεῦθαί
2614 1796 2779 1847 φασιν
2809 1781 2992 1842 αὑτὸν,
3018 1781 3116 1852 τὴν
3140 1782 3206 1835 δι’
3242 1783 3388 1852 ἡμᾶς
3422 1782 3653 1835 κένωσιν
3677 1780 3816 1834 ἑοι-

543 1868 902 1923 inanilionem
958 1867 1208 1922 subierit.
1263 1866 1469 1921 Vanum
1526 1877 1705 1920 autem
1767 1865 1923 1922 fuerit
1959 1876 2114 1937 atque

2220 1866 2431 1922 λούσιον
2482 1870 2872 1940 ὑπομείναντα.
2920 1873 3279 1943 Κατήργηται
3328 1872 3406 1935 δὲ,
3453 1873 3548 1926 καὶ
3591 1874 3814 1926 εἰκαῖον

544 1962 702 2017 inane
730 1961 1091 2016 veneramlum
1115 1975 1177 2014 ac
1200 1975 1450 2024 magnum
1476 1958 1749 2028 religionis
1778 1958 2115 2028 mysterium,

541 2064 595 2109 ct
619 2054 932 2122 przeclaram
965 2054 1107 2106 illam
1140 2068 1203 2106 ac
1228 2052 1550 2120 singularem
1572 2049 1839 2121 Unigeuiti
1874 2050 1925 2104 iu
1955 2064 2119 2105 carne

543 2146 999 2215 dispensationem
1034 2143 1587 2212 int‘rugil‘erantplaue
1641 2143 1945 2197 hominibus
1995 2158 2118 2199 esse

544 2240 1107 2295 statunnLleerum
1172 2238 1383 2290 illorutn
1454 2252 1626 2305 nugas
1674 2235 1849 2291 locum
1910 2235 2116 2291 nullum

544 2334 748 2388 babere
776 2333 973 2387 debere
1002 2329 1216 2384 Veritas
1246 2331 1357 2396 ipsa
1390 2328 1757 2396 evincit,qnin
1791 2329 1965 2397 potius
1996 2328 2116 2383 illos

542 2425 817 2493 redarguit
848 2424 1179 2492 ineptissimo
1219 2422 1509 2485 blaterare,
1565 2431 1619 2474 et
1652 2419 1853 2474 Cill‘lSli
1916 2430 2116 2491 myste-

530 2517 681 2570 rium
717 2515 860 2568 nullo
880 2515 1090 2583 penitus
1150 2515 1307 2569 tnodo
1380 2514 1694 2582 intelligere.
1745 2510 1879 2565 Nam
1930 2512 2118 2580 genuit

538 2608 754 2677 quidem
794 2604 935 2661 Deus
966 2622 1027 2659 ac
1061 2605 1220 2661 Pater
1270 2604 1465 2659 Filium
1524 2621 1590 2658 ex
1652 2604 1851 2672 seipse,
1891 2618 2119 2671 genera-

538 2700 687 2754 tione
716 2713 839 2752 una.
879 2699 1144 2752 Caeterum
1185 2698 1385 2767 placuit
1432 2697 1480 2750 ei
1529 2698 1841 2751 instaurare
1890 2700 1941 2749 in
2000 2696 2116 2765 ipso

538 2805 706 2863 genus
737 2791 1027 2845 humanum
1057 2805 1152 2859 per
1179 2789 1601 2843 incarnationem
1682 2788 1798 2843 sive
1853 2789 2114 2842 humana-

538 2884 763 2946 Iionem,
820 2897 980 2950 quam
1033 2881 1254 2935 omnino
1308 2880 1422 2935 ﬁeri
1473 2881 1713 2949 opovtuit
1764 2896 1860 2949 per
1915 2881 2114 2935 nativi-

538 2985 704 3031 tatem
733 2989 798 3029 cx
830 2974 1075 3032 muliere.
1101 2972 1261 3043 722
1293 2980 1350 3026 ttt
1380 2987 1474 3042 per
1508 2972 1917 3027 similitudinem
1952 2987 2113 3040 quam

538 3068 815 3124 nobiscum
848 3065 1007 3119 habet
1031 3063 1260 3118 Verbum
1290 3081 1359 3119 ex
1396 3064 1501 3117 Deo
1531 3074 1736 3128 ortum,
1780 3064 2114 3119 condemne—

538 3171 628 3215 tur
659 3161 877 3230 quidem
906 3158 957 3211 in
980 3156 1237 3211 memluis
1270 3158 1453 3211 carnis
1504 3167 1703 3210 nostra:
1754 3156 1836 3210 lex
1867 3156 2109 3225 peccati;

537 3251 595 3305 in
634 3249 989 3304 similitudine
1025 3258 1204 3302 autem
1237 3246 1428 3300 mortis
1472 3244 1589 3313 ejus
1611 3247 1700 3315 qui
1750 3258 1977 3301 mortem
2003 3262 2110 3300 non

539 3339 710 3402 novit,
739 3348 1031 3392 evacurtnr
1064 3351 1229 3389 mors.
1267 3354 1285 3386 ι
1326 3335 1381 3389 Si
1408 3337 1549 3388 enim
1584 3334 1932 3403 complantati
1985 3335 2114 3391 facti

540 3445 748 3492 sumus,
782 3429 978 3497 inquit,
1027 3426 1365 3481 similitudini
1416 3426 1607 3479 mortis
1666 3424 1780 3494 rjus
1814 3426 2016 3480 :sintnl
2060 3435 2117 3481 et

536 3520 922 3580 resurrectioni
955 3518 1159 3571 erimus
1183 3518 1255 3572 ⁸⁸.
1296 3535 1314 3568 ι
1358 3514 1678 3571 Necessario
1708 3520 1890 3587 itaque
1931 3517 1978 3570 is
2022 3517 2113 3586 qui

537 3626 754 3682 semper
782 3612 1016 3673 exsistit.
1053 3618 1303 3665 natusest
1337 3611 1634 3666 secundum
1659 3626 1903 3672 carnem,
1928 3622 2113 3665 nostra

537 3708 591 3760 in
617 3706 851 3775 seipsum
886 3704 1236 3769 transferens,
1273 3713 1331 3755 ttt
1370 3703 1621 3756 nimirum
1653 3702 1925 3771 genimina
1989 3717 2113 3757 car-

541 3798 645 3859 nis.
672 3797 773 3851 hoc
800 3804 901 3858 est,
930 3811 1048 3855 nos.
1074 3794 1406 3861 rorruptioni
1437 3793 1837 3861 perditiuniqne
1867 3793 2110 3858 obnoxii,

538 3904 855 3945 maneamus
880 3889 932 3943 in
992 3888 1128 3956 ipso,
1189 3886 1385 3955 quippe
1428 3885 1541 3953 qui,
1587 3900 1709 3951 qua:
1741 3895 1926 3939 nostra
1963 3896 2106 3951 sunt,

536 3982 754 4053 propria
785 3981 886 4035 sibi
923 3978 1133 4043 fecerit,
1157 3988 1212 4033 et
1240 3993 1338 4032 sua
1366 3977 1543 4032 nobis.
1578 3976 1804 4046 l‘ropter
1835 3992 1933 4031 nos
1962 3978 2106 4031 enim

536 4073 704 4143 eguit,
739 4089 860 4127 cum
914 4079 1060 4125 esset
1116 4070 1295 4134 dives,
1360 4078 1417 4122 ut
1461 4069 1747 4138 nosipsius
1770 4070 1946 4137 inopia
1972 4071 2111 4125 dites

538 4166 893 4222 evaderemus
917 4163 986 4218 ⁸⁸.
1014 4162 1112 4228 Qui
1142 4178 1270 4216 vero
1324 4171 1576 4215 asserunt
1628 4176 1733 4213 non
1774 4161 1947 4228 ipsum
1980 4158 2112 4214 Ver-

534 4260 666 4315 bum
696 4271 760 4311 ex
786 4255 893 4310 [leo
928 4254 1127 4308 factum
1156 4268 1276 4308 esse
1304 4267 1520 4307 carnem
1541 4267 1603 4305 ex
1635 4251 1878 4314 muliere,
1894 4266 2109 4306 omnem

538 4349 731 4405 salutis
752 4357 950 4401 nostra:
997 4346 1462 4415 dispensationem
1517 4344 1731 4398 tollunt.
1790 4342 1902 4396 Nisi
1963 4344 2108 4397 enim

538 4442 691 4496 dives
720 4455 838 4493 cum
871 4448 1015 4493 esset
1043 4438 1334 4505 eguit,prze
1358 4439 1618 4489 immensa
1652 4450 1746 4489 sua
1778 4435 2109 4503 benignitate

2222 1961 2323 2031 ἤδη
2357 1961 2470 2027 πώς
2500 1964 2614 2015 ἐστι
2650 1964 2712 2017 τὸ
2743 1965 2940 2018 σεπτὸν
2974 1966 3065 2018 καὶ
3093 1966 3233 2036 μέγα
3261 1965 3362 2035 τῆς
3384 1964 3669 2027 εὐσεϐείας
3696 1982 3815 2033 pu-

2220 2053 2441 2123 στήριον
2460 2094 2475 2118 ,
2502 2053 2562 2106 τὸ
2592 2054 2689 2125 τῆς
2740 2056 2880 2126 μετά
2928 2054 3127 2125 σαρκὸς
3154 2055 3462 2125 οἰκονομίας
3498 2053 3588 2107 τοῦ
3622 2054 3815 2108 Μονοο

2218 2146 2410 2213 γενοῦς
2438 2147 2688 2217 εὐτεχνὲς
2708 2187 2723 2210 ,
2756 2148 3013 2219 ἀνόνητον
3047 2147 3404 2215 ἀποφαίνουσι
3433 2149 3545 2209 τοῖς
3576 2145 3670 2198 ἐπὶ
3698 2144 3816 2215 τῆς

2218 2237 2352 2307 γῆς’
2408 2238 2523 2292 ἀλλ’
2574 2240 2634 2292 οὑ
2682 2243 2791 2303 τοῖς
2825 2240 3047 2293 ἐκείνων
3092 2238 3480 2309 βατταρισμοῖς
3505 2236 3566 2290 τὸ
3600 2236 3815 2306 χρῆναι

2218 2332 2440 2399 κρατεῖν
2485 2332 2513 2384 ό
2556 2330 2654 2399 τῆς
2707 2330 2965 2401 ἀληθείας
3018 2330 3204 2399 ἐφίησι
3244 2328 3440 2397 λόγος,
3494 2327 3703 2394 ἐλέγξει
3745 2325 3816 2380 δὲ

2224 2420 2446 2489 μᾶλλον,
2474 2421 2857 2476 ἀσυνετώτατα
2890 2423 2986 2492 μὲν
3011 2421 3487 2491 πεφλυαρηκότας,
3513 2418 3724 2479 εἰδότας
3744 2416 3813 2471 δδ

2217 2511 2339 2564 κατ’
2356 2510 2544 2563 οὐδένα
2562 2512 2761 2582 τρόπον
2790 2511 2849 2565 τὸ
2876 2511 3111 2582 Χριστοῦ
3148 2510 3461 2581 μυστήριον.
3494 2507 3810 2577 Γεγέννηκε

2220 2604 2318 2673 μὲν
2342 2601 2450 2673 γάρ
2478 2604 2507 2656 ό
2539 2602 2669 2666 Θεὸς
2701 2604 2794 2657 καὶ
2829 2603 3019 2675 Πατὴρ
3066 2602 3158 2656 τὸν
3198 2601 3324 2655 Υἱον
3352 2600 3411 2666 ἒξ
3440 2598 3808 2665 homines-

2216 2697 2368 2765 νήσει
2419 2697 2544 2767 μιᾷ⁸
2589 2696 2727 2767 πλὴν
2766 2696 3057 2766 εὐδόκησεν
3090 2697 3149 2748 ὲν
3184 2694 3333 2764 αύτῷ
3363 2694 3423 2748 τδ
3456 2691 3806 2764 ἀνθρώπινον

2215 2786 2492 2841 ἀνασῶσαι
2548 2787 2745 2854 γένος,
2793 2788 2979 2860 τρόπῳ
3030 2787 3108 2859 τῷ
3163 2786 3305 2842 κατά
3348 2785 3443 2855 τὴν
3495 2787 3805 2856 σάρκωσιν,

2216 2878 2383 2948 ἤγουν
2413 2879 2854 2950 ὲνεινθρώττησιν,
2886 2880 2951 2951 ἢν
2979 2882 3157 2949 πάντη
3185 2896 3246 2932 τε
3280 2880 3373 2932 καὶ
3397 2878 3612 2943 πάντως
3643 2874 3806 2945 γενέ-

2218 2971 2341 3023 σθαι
2371 2970 2562 3040 ἐχρῆν,
2588 2969 2677 3023 διὰ
2705 2973 3009 3041 γεννήσεως
3034 2971 3275 3041 δηλονότι
3300 2970 3396 3039 τὴν
3428 2972 3493 3023 ὲκ
3516 2968 3801 3037 γυναικὸς,

2216 3064 2305 3119 ίνα
2336 3068 2403 3136 τῇ
2435 3065 2571 3133 πρὸς
2597 3067 2744 3135 ἡμᾶς
2775 3066 3035 3136 ὁμοιώσει
3061 3065 3154 3119 τοῦ
3191 3066 3255 3118 ὲκ
3286 3063 3421 3118 Θεοῦ
3452 3064 3645 3131 φύντος
3689 3062 3804 3117 Λό·

2217 3178 2339 3229 γου,
2389 3160 2787 3231 κατακρίνηται
2838 3160 2938 3228 μὲν
2977 3163 3035 3212 ὲν
3071 3160 3182 3220 τοῖς
3219 3157 3405 3228 μέλεσι
3446 3158 3545 3226 τῆς
3594 3154 3804 3226 σαρκὸς

2220 3253 2320 3322 τῆς
2348 3252 2622 3322 ἁμαρτίας
2653 3254 2682 3306 ὁ
2710 3252 2894 3321 νόμος,
2932 3254 2989 3305 ἐν
3013 3249 3322 3321 ὁμοιώματι
3346 3248 3402 3302 δὲ
3428 3249 3661 3302 Θανάτου
3701 3246 3801 3301 τοῦ

2224 3344 2299 3415 μὴ
2359 3344 2562 3407 εἰδότος
2618 3342 2783 3397 αὐτὸν
2830 3342 3177 3410 καταργῆται
3228 3340 3477 3402 θάνατος.
3533 3357 3553 3389 ι
3590 3339 3653 3392 Εἰ
3688 3339 3803 3410 γάρ

2223 3437 2498 3506 σύμφυτοι
2546 3442 2883 3506 γεγόναμεν,
2917 3435 3052 3504 φησί
3073 3475 3087 3493 .
3120 3433 3198 3503 τῷ
3231 3431 3538 3502 ὁμοιώματι
3578 3430 3673 3484 τοῦ
3703 3430 3804 3489 θα.

2217 3529 2378 3582 νάτου
2408 3527 2572 3582 αξιτοῦ
2600 3570 2614 3590 ,
2648 3527 2780 3580 ἀλλα
2811 3526 2906 3579 καὶ
2940 3525 3036 3594 τῆς
3074 3525 3423 3587 ἀναστάσεως
3463 3521 3721 3591 ἐσόμεθα.
3772 3540 3793 3572 ι

2219 3618 2425 3673 Οὐκοῦν
2466 3619 2778 3687 ἀναγκαίως
2811 3620 2837 3670 ό
2866 3615 2942 3669 ὢν
2980 3617 3073 3669 καὶ
3099 3617 3127 3669 ὁ
3166 3614 3428 3686 ὑπάρχων
3470 3612 3799 3681 γεγέννηται

2217 3712 2357 3764 κατά
2394 3710 2593 3779 σάρκα,
2624 3709 2694 3762 τὰ
2728 3708 2888 3779 ἡμῶν
2923 3710 3002 3769 εἰς
3048 3706 3239 3760 ἑαυτὸν
3269 3706 3542 3775 μεταθεὶς,
3593 3704 3681 3757 ἵνα
3727 3702 3801 3757 τά

2221 3802 2426 3873 σαρκὸς
2450 3802 2789 3873 γεννήματα,
2814 3800 3111 3863 τουτέστιν,
3165 3799 3329 3867 ἡμεῖς
3372 3799 3422 3850 oi
3474 3795 3702 3867 ςρθαρτοί
3736 3811 3797 3847 τε

2219 3896 2313 3950 καὶ
2354 3894 2759 3962 ἀπολλύμενοι,
2832 3890 3084 3960 μένωμεν
3131 3891 3189 3941 ἐν
3236 3888 3408 3959 αὐτῷ,
3457 3888 3562 3941 ίδια
3606 3885 3795 3940 λοιπὸν

2217 3986 2391 4057 ἔχοντι
2420 3986 2488 4038 τε
2530 3983 2709 4055 ἡμῶν,
2745 3983 2831 4035 ἵνα
2863 3981 2955 4037 καὶ
2993 3982 3153 4051 ἡμεῖς
3202 3978 3271 4032 τὰ
3309 3978 3494 4033 αὑτοῦ.
3537 3976 3615 4031 Δι’
3644 3979 3796 4047 ἡμᾶς

2215 4080 2325 4148 γάρ
2368 4074 2680 4145 ὲπτὼχευσε
2713 4075 2967 4135 πλούσιος
3011 4070 3107 4136 ὢν,
3145 4071 3231 4125 ἴνα
3277 4073 3438 4141 ἡμεῖς
3484 4073 3551 4140 τῇ
3584 4070 3792 4123 ἐκείνου

2216 4166 2461 4237 πτωχείᾳ
2487 4166 2899 4236 πλουτήσωμεν.
2930 4163 3236 4225 Φάσκοντές
3259 4179 3324 4230 γε
3349 4162 3475 4231 μὴν,
3502 4161 3603 4214 οὐκ
3626 4158 3789 4213 αὑτὸν

2211 4259 2462 4329 γενέσθαι
2502 4260 2681 4328 σάρκα
2721 4259 2811 4311 τὸν
2842 4260 2908 4310 ἐκ
2950 4255 3087 4310 Θεοῦ
3131 4254 3326 4322 Λόγον,
3363 4253 3481 4323 ἦτοι
3533 4251 3785 4318 γέννησιν

2214 4352 2507 4422 ὑπομεῖναι
2541 4352 2640 4421 τὴν
2675 4350 2816 4403 κατά
2858 4351 3036 4421 σάρκα
3087 4348 3150 4399 ἐκ
3191 4344 3466 4411 γυναικὸς,
3510 4341 3785 4412 ἀναιροῦσι

2214 4443 2313 4514 τὴν
2345 4444 2679 4513 οἰκονομίαν.
2721 4443 2782 4495 Εἰ
2814 4442 2924 4513 γὰρ
2955 4441 3030 4511 μὴ
3058 4438 3311 4501 πλούσιος
3343 4435 3421 4490 ὣν
3460 4436 3787 4514 ἐπτώχερσι.

538 4548 601 4587 se
638 4529 705 4584 ad
737 4539 919 4583 nostra
940 4528 1252 4592 demittens,
1288 4541 1354 4579 ne
1384 4541 1479 4579 nos
1517 4525 1735 4594 quidem
1765 4541 1887 4594 qua:
1941 4525 2110 4593 ipsius

2219 4535 2404 4598 καθεὶς
2436 4535 2627 4588 ἑαυτὸν
2654 4537 2765 4597 τοῖς
2796 4532 2916 4588 καθ’
2945 4533 3093 4602 ἡμᾶς
3118 4533 3184 4585 ἐκ
3210 4528 3639 4599 φιλανθρωπίας,
3667 4501 3787 4579 3ύᾶ

538 4633 664 4677 sunt
687 4621 961 4677 consecuti
991 4634 1177 4675 sumus
1208 4637 1221 4672 ε
1248 4620 1339 4673 sed
1370 4619 1543 4674 adhuc
1570 4619 1621 4671 in
1656 4619 1821 4672 veteri
1871 4628 2112 4688 egestate

537 4728 845 4775 versamur,
896 4711 1372 4780 exsecrationique
1428 4721 1483 4766 et
1541 4711 1705 4766 morti
1759 4726 1822 4765 ae
1887 4720 2111 4777 peccato

537 4805 759 4861 obnoxii
784 4819 993 4859 sumus.
1045 4801 1177 4856 Nam
1231 4817 1297 4858 eo
1358 4803 1473 4872 ipso
1531 4805 1673 4872 quod
1716 4802 1950 4857 Verbum
1985 4818 2112 4858 raro

536 4899 741 4954 factum
776 4906 881 4963 est,
905 4896 1115 4950 sublata
1144 4905 1269 4950 sunt
1305 4911 1367 4951 ea
1397 4911 1519 4965 quae
1541 4911 1605 4949 ex
1643 4894 2024 4950 ntaledictioue
2055 4905 2113 4949 et

536 4990 992 5049 condemnatioue
1029 4990 1277 5042 humana:
1304 4999 1513 5042 uatum
1569 4986 1901 5042 acciderant.
1962 4985 2111 5053 Quo-

534 5084 684 5139 circa
720 5082 764 5136 si
795 5081 988 5136 salutis
1015 5090 1215 5134 nostra:
1249 5079 1485 5134 radicem
1526 5080 1855 5142 convellunt,
1910 5088 1963 5133 et
1995 5079 2108 5147 spei

534 5174 1166 5231 nortmfttntlamentum
1224 5174 1565 5233 subvertunt,
1591 5171 1717 5241 quid
1769 5172 2022 5239 deinceps
2049 5171 2115 5223 de

535 5268 693 5325 nobis
719 5267 846 5321 llet?
889 5265 1021 5321 Nam
1048 5266 1092 5319 si
1123 5264 1360 5319 Verbum
1391 5279 1523 5319 caro
1555 5263 1753 5317 factum
1780 5279 1885 5317 non
1932 5272 2035 5326 est,
2056 5269 2116 5317 ut

534 5360 669 5421 dixi,
704 5374 771 5412 ne
800 5358 993 5411 mortis
1025 5356 1240 5426 quidem
1293 5354 1577 5424 imperium
1611 5367 1896 5407 excussum
1920 5361 2022 5413 est,
2052 5361 2109 5405 et

536 5460 818 5517 peceatum
870 5447 1009 5503 nulla
1031 5448 1239 5501 ratione
1274 5446 1533 5501 abolitum
1573 5446 1755 5508 fuerit,
1802 5444 1895 5499 sed
1940 5443 2119 5499 adhue

538 5539 703 5608 primi
728 5540 987 5609 parentis,
1024 5540 1127 5594 hoc
1152 5548 1257 5606 est,
1282 5538 1496 5602 Adami,
1532 5535 1963 5607 praevaricationi
2017 5535 2112 5589 ob-

538 5632 685 5687 noxii
718 5646 925 5697 sumus,
972 5645 1149 5701 neque
1179 5631 1232 5685 in
1290 5630 1563 5687 meliorem
1611 5638 1811 5685 statum
1872 5625 2111 5682 translati

1541 5812 1582 5842 "
1606 5807 1650 5865 ll
1678 5807 1803 5868 Cor.
1836 5825 1950 5875 vm,
1979 5809 2029 5861 9.

610 5814 659 5850 ”
683 5811 844 5878 Joao.
866 5827 905 5882 t,
932 5810 979 5866 ι.
1059 5810 1102 5840 ⁸⁸
1129 5808 1287 5866 Rom.
1309 5826 1380 5879 vi,
1411 5811 1463 5862 5.

2217 4629 2379 4699 ἡμεῖς
2424 4627 2491 4681 τά
2526 4626 2691 4681 αὑτοῦ
2741 4625 3220 4695 πεπλουτήκαμεν,
3270 4621 3385 4678 ἀλλ’
3417 4622 3584 4692 ἐσμὲν
3619 4621 3677 4673 ὲν
3714 4618 3788 4688 τῷ

2215 4719 2515 4790 πτωχεύειν
2571 4719 2650 4774 ἔτι
2702 4720 2795 4774 καὶ
2841 4719 2951 4788 ἀρᾷ
3001 4717 3098 4771 καὶ
3143 4716 3358 4786 θανάτῳ
3406 4716 3499 4769 καί
3546 4711 3786 4783 ἁμαρτίᾳ

2215 4812 2582 4882 ὲνισχημένοι.
2618 4812 2690 4864 Τὸ
2723 4811 2916 4881 γάρτοι
2965 4808 3218 4877 γενέσθαι
3250 4809 3430 4879 σάρκα
3474 4806 3567 4859 τὸν
3597 4806 3787 4874 Λόγον,

2220 4904 2374 4959 λύσιν
2412 4904 2523 4974 ἔχει
2554 4905 2646 4958 καὶ
2677 4902 2992 4973 ἀνατροπὴν
3023 4902 3131 4954 τῶν
3156 4900 3218 4965 ἐξ
3243 4901 3382 4971 ἀράς
3406 4900 3501 4953 καὶ
3529 4899 3685 4969 δίκης
3723 4900 3786 4968 τῇ

2218 4996 2313 5049 τοῦ
2373 4995 2657 5066 ἀνθρώπου
2716 4995 2875 5065 φύσει
2929 4992 3374 5064 συμϐεδηκότων.
3431 4990 3675 5053 Οὐκοῦν,
3741 4990 3786 5043 εί

2219 5087 2642 5156 ἀναδοθρεύουσι
2672 5089 2772 5156 τῆς
2816 5088 3091 5156 σωτηρίας
3125 5083 3279 5154 ἡμῶν
3322 5083 3421 5154 τὴν
3472 5080 3659 5152 ῥίζαν,
3701 5081 3785 5134 καὶ

2220 5177 2311 5232 τὸν
2353 5178 2451 5247 τῆς
2485 5176 2699 5240 ἐλπίδος
2734 5176 2983 5247 θεμέλιον
3016 5175 3401 5247 ἀνορύττουσι,
3434 5175 3536 5228 πού
3565 5173 3635 5227 τά
3676 5172 3785 5243 μετ’

2220 5270 2382 5323 αὑτὸν
2430 5268 2511 5321 ἔτι
2562 5268 2838 5333 κείσεταις
2889 5270 2965 5323 Ού
3012 5269 3117 5338 γάρ
3160 5270 3466 5336 γεγονότος,
3516 5266 3591 5331 ὡς
3633 5266 3783 5336 ἔφην,

2222 5360 2422 5432 σαρκὸς
2451 5360 2547 5413 τοῦ
2576 5362 2774 5430 Λόγου,
2800 5360 2924 5415 οὔτε
2960 5360 3055 5415 τοῦ
3106 5360 3338 5414 θανάτου
3372 5357 3693 5426 κατεσείσθη
3731 5355 3783 5411 τὶ

2218 5453 2440 5521 κράτος,
2476 5453 2821 5522 κατήργηται
2861 5452 2920 5505 δὲ
2949 5452 3069 5504 κατ’
3100 5451 3294 5504 οὐδένα
3323 5450 3522 5521 τρόπον
3547 5450 3580 5519 ἡ
3609 5449 3777 5517 ἀμαρ-

2217 5541 2325 5606 τία,
2374 5542 2468 5598 καὶ
2516 5542 2687 5613 ἐσμὲν
2729 5543 2810 5596 ἔτι
2854 5545 2975 5605 ταῖς
3015 5542 3108 5597 τοῦ
3148 5542 3366 5613 πρώτου
3420 5540 3780 5612 παραϐάσεσιι

2220 5631 2432 5701 ἔνοχοι,
2500 5633 2777 5687 τουτέστιν
2837 5634 3045 5703 Ἀδὰμ,
3109 5632 3365 5703 οὐδεμίαν
3438 5631 3779 5699 ἀναφοίτησιι
