4122 6522
323 389 462 447 1259

1402 429 1408 434 -
1451 395 1644 464 QUOD
1684 395 1872 455 UNUS
1912 399 2022 457 Sl'l‘
2061 401 2434 464 CHRISTUS.

3440 406 3579 464 1270

320 506 540 600 ἔχοντες
567 509 649 600 εἰς
679 509 740 564 τὸ
761 509 1004 581 ἄμεινον,
1032 513 1131 586 τὴν
1167 515 1257 570 διά
1280 516 1344 584 γέ
1389 534 1533 589 φημι
1561 519 1656 573 τοῦ
1683 521 1902 578 πάντων

2033 541 2209 593 umus,
2250 544 2347 598 per
2385 528 2681 595 Clu-istum,
2733 530 2974 600 inquam,
3023 530 3263 584 omnium
3324 525 3580 585 Servato-

316 596 477 668 ήμῶν
503 598 759 669 Σωτῆρος
785 602 1045 672 Χριστοῦ.

389 687 453 743 Β.
496 688 730 760 Συνίημι
758 691 788 743 6
812 695 938 762 φής.

389 782 452 833 Δ.
496 782 595 846 Τίς
623 782 670 834 δ’
699 785 766 836 ἂν
794 786 889 839 καὶ
943 790 1116 842 νοοῖτο
1161 791 1301 863 πρὸς
1337 794 1496 864 ἡμῶν
1528 797 1558 850 6
1607 800 1900 870 παραπλη-

321 871 454 937 σίως
482 875 614 944 ἡμῖν
646 878 1001 948 μετεσχηκὼς
1043 881 1274 952 αἵματος
1297 885 1388 938 καὶ
1419 889 1641 959 σαρκὸς,
1678 890 1754 954 ὡς
1784 891 1919 944 ἓτεο·

324 983 414 1037 ρος
443 964 519 1020 ὢν
555 969 684 1038 παρ’
715 971 861 1039 ἡμᾶς
896 972 1038 1025 κατὰ
1071 975 1266 1042 φύσιν;
1296 979 1370 1030 Οῦ
1395 979 1504 1051 γάρ
1535 997 1617 1033 τοι
1653 985 1786 1053 φαίη
1817 999 1902 1046 τις

321 1054 389 1110 ἂν
415 1056 689 1129 ἀνθρώπῳ
721 1061 975 1130 πρέπειν,
1024 1064 1083 1117 τὸ
1130 1067 1544 1138 ἀνθρωπότητος
1589 1076 1898 1144 μετασχεῖν.

328 1149 395 1202 ὐ
425 1151 534 1218 γάρ
577 1152 696 1204 ἐστι
741 1153 881 1207 κατά
923 1156 1104 1224 φύσιν,
1137 1159 1253 1222 πῶς
1281 1160 1346 1214 ἄν
1375 1178 1458 1225 τις
1491 1166 1664 1216 νοοῖτο
1695 1165 1900 1233 λαϐὼν,

322 1240 399 1300 ὼς
445 1242 630 1313 ἕτερον
673 1245 732 1298 ὃν
777 1263 830 1298 τι
865 1249 993 1320 παρ’
1033 1253 1170 1321 ὅπερ
1210 1253 1386 1318 ἑστίνς
1415 1249 1540 1325 Ἆρ’
1580 1257 1639 1308 οὐ
1682 1258 1816 1312 πολὺ
1844 1259 1904 1312 τὸ

324 1335 473 1401 εἰκὸς
498 1337 527 1389 6
556 1337 713 1407 λόγος
744 1338 892 1410 ἔχεις

395 1514 460 1569 Β.
499 1515 650 1569 Πάνυ
689 1518 786 1586 μὲν
817 1512 930 1573 οὖν.

397 1608 460 1660 Δ.
499 1608 769 1679 Ἀθρειδὲ
803 1610 866 1681 δὴ
908 1612 1000 1664 καὶ
1050 1615 1272 1685 ἑτέρως,
1312 1617 1388 1680 ὠς
1436 1618 1654 1674 ἀνόσιόν
1676 1621 1742 1674 ’τέ
1791 1622 1907 1675 ἐστι

329 1703 425 1756 καὶ
463 1705 700 1774 ἀπηχὲς.
733 1706 794 1759 τὸ
822 1708 1067 1780 ἀναιρεῖν
1104 1711 1399 1782 πειρᾶσθαι
1429 1714 1522 1768 τοῦ
1555 1715 1692 1769 Θεοῦ
1730 1718 1905 1786 Λόγου

329 1793 430 1863 τὴν
486 1797 548 1848 ὲκ
582 1798 837 1863 γυναικὸς
896 1801 1038 1854 κατὰ
1096 1802 1274 1873 σάρκα
1321 1805 1592 1876 γέννησιν.
1647 1807 1766 1861 Τίνι
1799 1810 1909 1880 γὰρ

1999 635 2132 676 rem.

2071 709 2132 769 Β.
2165 713 2406 783 intelligo
2426 712 2553 782 quid
2587 713 2742 768 velis.

2069 803 2138 858 Α.
2176 803 2310 871 Quis
2337 820 2463 859 vero
2496 804 2830 874 intelligatur
2859 819 2889 858 a
2920 804 3076 859 nobis
3102 804 3193 874 qui
3224 804 3449 874 perinde
3500 813 3581 858 at-

2001 910 2106 966 que
2129 912 2226 950 nos
2252 895 2534 964 sanguinis
2585 911 2649 951 ac
2707 895 2891 950 carnis
2930 896 3200 963 particeps
3251 894 3429 949 iactus
3483 895 3580 958 sit,

2005 995 2258 1056 tanquam
2295 988 2542 1041 diversus
2569 1001 2597 1039 a
2633 985 2788 1040 nobis
2816 985 3110 1040 secundum
3158 983 3448 1038 naturam?
3478 985 3584 1039 Nec

2003 1089 2108 1143 que
2133 1075 2277 1129 cnim
2310 1077 2574 1145 quispiam
2615 1074 3134 1130 dixeritconvcnire
3194 1073 3426 1137 homini,
3487 1073 3588 1127 bu-

2005 1167 2282 1220 manitatis
2323 1167 2640 1236 participem
2697 1163 2991 1220 iicri.Nam
3038 1165 3090 1218 id
3132 1164 3275 1233 quod
3313 1162 3586 1230 naturali-

2007 1268 2090 1312 ter
2121 1265 2227 1322 est,
2254 1273 2363 1328 quo
2393 1270 2550 1327 pacto
2591 1259 2716 1329 quis
2745 1256 3020 1326 accepisse
3057 1254 3412 1323 intelligatur,
3433 1253 3584 1322 quasi

2005 1350 2150 1404 aliud
2174 1350 2426 1419 sitquam
2450 1351 2591 1419 quod
2617 1350 2743 1404 est?
2785 1346 2974 1404 Nouue
3021 1346 3118 1403 tibi
3177 1353 3587 1401 consentaneus

2007 1455 2137 1496 vero
2162 1456 2343 1496 sermo
2377 1458 2528 1498 meus
2552 1442 2804 1498 videtur?

2077 1531 2139 1587 Β.
2170 1533 2422 1590 Omnino.

2076 1625 2140 1681 Α.
2173 1627 2305 1681 Vide
2329 1636 2509 1682 autem
2535 1627 2698 1681 etiam
2743 1626 2845 1682 alia
2900 1626 3114 1681 ratione
3135 1639 3297 1695 quam
3333 1623 3583 1693 impium,

2008 1731 2278 1786 quamque
2303 1719 2595 1772 absurdum
2624 1720 2692 1773 sit
2722 1718 2882 1773 Verbi
2929 1733 2994 1774 ex
3028 1719 3254 1772 muliere
3280 1714 3582 1771 secundum

2009 1821 2231 1861 carnem
2263 1809 2596 1862 nativitatem
2630 1809 2817 1864 tollere
2855 1809 3062 1863 conari.
3100 1807 3216 1874 Quo
3254 1807 3400 1862 enim
3430 1813 3590 1876 pacto

330 1887 516 1957 τρόπῳ
548 1887 938 1960 ζωοποιήσειεν
962 1892 1026 1946 ἂν
1053 1894 1115 1945 τὸ
1149 1894 1310 1965 σῶμα
1348 1897 1533 1962 αὑτοῦ,
1569 1901 1616 1952 εἰ
1647 1901 1721 1971 μὴ
1759 1902 1906 1954 ἐστιν

2031 1898 2286 1953 tivilicare
2317 1903 2486 1969 possit
2519 1914 2715 1969 corpus
2743 1915 2922 1964 suum,
2957 1900 3058 1954 nisi
3081 1900 3153 1952 sit
3197 1898 3476 1968 proprium
3505 1897 3590 1967 ip-

333 1975 462 2029 ῐδιον
490 1976 675 2038 αὑτοῦ,
702 1979 759 2042 ὃς
788 1981 903 2031 ἐστι
941 1980 1088 2050 {toi};
1124 1981 1240 2044 πῶς
1273 1984 1332 2035 τὸ
1355 1978 1494 2053 αἷμα
1534 1985 1710 2054 Ἰησοῦ
1738 1986 1910 2040 καθα-

335 2069 473 2139 ρίζει
499 2071 648 2139 ἡμᾶς
678 2071 786 2124 ἀπὸ
814 2073 993 2143 πάσης
1025 2075 1316 2146 ἁμαρτίας,
1341 2074 1500 2147 εἴπερ
1529 2077 1679 2130 ἐστὶν
1702 2075 1914 2148 ἀνθρὼ-

333 2177 436 2214 που
458 2161 639 2214 κοινοῦ
674 2164 770 2216 καὶ
795 2164 947 2228 ὄντος
977 2167 1068 2234 ὑφ’
1100 2168 1411 2237 ἁμαρτίανς
1446 2169 1563 2232 πῶς
1588 2169 1912 2223 ἀπέστειλεν

331 2251 360 2302 6
389 2251 521 2314 Θεὸς
555 2255 648 2307 καὶ
677 2256 867 2325 Πατὴρ
895 2257 984 2309 τὸν
1015 2258 1143 2310 Υίὸν
1166 2257 1354 2320 αὸτοῦ,
1389 2260 1682 2330 γενόμενον
1720 2261 1784 2314 ἐκ
1813 2277 1915 2329 γυ·-

333 2344 543 2406 ναικὸς,
577 2347 866 2416 γενόμενον
925 2349 1030 2402 ὑπὸ
1077 2349 1276 2419 νόμον;
1319 2351 1434 2414 πῶς
1482 2352 1770 2422 κατέκρινε
1815 2353 1915 2424 τὴν

334 2435 612 2507 ἁμαρτίαν
644 2439 702 2489 ἐν
731 2441 796 2509 τῇ
829 2441 1026 2510 σαρκί;
1055 2443 1130 2495 Οὐ
1158 2443 1267 2514 γὰρ
1298 2438 1366 2514 ἦν
1389 2443 1679 2515 ἀνθρώπου
1709 2444 1914 2510 κοινοῦ,

336 2527 430 2580 καὶ
481 2531 924 2600 τυραννουμένην
986 2532 1204 2602 ἔχοντος
1267 2535 1385 2605 μεθ’
1444 2535 1602 2605 ἡμῶν
1660 2535 1766 2588 ὑπὸ
1819 2537 1918 2607 τῆς

337 2619 608 2692 ἁμαρτίας
650 2622 751 2690 τὴν
789 2622 974 2691 φύσιν,
1016 2625 1079 2677 τὸ
1121 2629 1448 2697 κατακρῖναι
1486 2626 1584 2697 τὴν
1617 2627 1916 2698 ἁμαρτίαν.

349 2711 503 2764 Ἐπεὶ
527 2712 582 2766 δὲ
615 2713 774 2783 σῶμα
822 2716 1013 2784 γέγονε
1061 2717 1155 2770 τοῦ
1190 2718 1529 2788 πλημμελεῖν
1569 2721 1668 2773 οὐκ
1696 2720 1919 2786 εἰδότος,

347 2802 596 2875 ταύτῃτοι
639 2807 734 2859 καὶ
775 2809 920 2877 μάλα
957 2811 1181 2875 εἰκότως
1212 2810 1311 2882 τὴν
1351 2812 1452 2881 τῆς
1497 2813 1773 2886 ἁμαρτίας
1817 2815 1921 2866 ὰπ-

341 2896 591 2950 εσείσατο
631 2900 944 2970 τυραννίδα,
987 2903 1080 2956 καὶ
1130 2903 1230 2974 τὴν
1279 2903 1515 2974 ἰδιότητα
1573 2906 1795 2958 πλουτεῖ
1825 2905 1919 2959 τοῦ

342 2987 635 3058 ἀφράστως
663 2992 799 3062 αὐτῇ
849 2994 944 3046 καὶ
978 2995 1052 3056 ὼς
1092 2995 1191 3048 οὐκ
1219 2994 1368 3048 ἔστιν
1399 2995 1690 3060 ὲνωθέντος
1719 2997 1918 3066 Λόγου,

343 3080 500 3148 ἅγιόν
546 3098 606 3135 τε
645 3085 738 3136 καὶ
794 3083 1057 3149 ζωοποιόν
1114 3089 1254 3148 ἐστι.
1301 3089 1394 3142 καί⁵
1443 3090 1542 3160 τῆς
1586 3088 1922 3160 θεοπρεποῦς

343 3174 626 3244 ἐνεργείας
655 3174 928 3244 ἔμπλεων.
967 3177 1054 3240 Ὠς
1087 3179 1143 3231 ὲν
1174 3179 1398 3252 άπαρχῇ
1432 3181 1488 3233 δὲ
1517 3181 1757 3251 Χριστῷ,
1798 3197 1922 3251 μετ·

346 3266 772 3337 εστοιχειώμεθα
801 3270 896 3322 καὶ
919 3271 1100 3340 ἡμεῖς,
1126 3274 1207 3335 εἰς
1232 3271 1292 3325 τὸ
1316 3269 1453 3325 εἶναι
1483 3274 1576 3326 καὶ
1601 3273 1806 3345 φθορᾶς
1830 3273 1927 3327 καὶ
1953 3253 1996 3310 C

347 3358 628 3429 ἁμαρτίας
658 3360 988 3430 κρείττονες.
1012 3363 1123 3415 Καὶ
1153 3362 1373 3432 ἀληθὲς,
1405 3364 1508 3428 ὃτι,
1533 3365 1675 3418 κατὰ
1704 3365 1803 3434 τὴν
1834 3363 1926 3417 τοῦ

351 3452 624 3522 μακαρίου
670 3452 881 3506 Παύλου
915 3456 1118 3522 φωνὴν,
1158 3473 1176 3504 ι
1207 3454 1422 3524 Ὥσπερ
1445 3454 1785 3524 ἐφορέσαμεν
1833 3452 1929 3523 τὴν

350 3542 537 3596 εἰκόνα
579 3543 674 3595 τοῦ
721 3544 938 3613 χοϊκοῦ,
975 3545 1282 3616 φορέσομεν
1314 3546 1408 3598 καὶ
1456 3545 1555 3617 τὴν
1611 3545 1794 3599 εἰκόνα
1835 3544 1929 3598 τοῦ

351 3632 698 3705 ἐπουρανίου,
735 3651 754 3685 ι
781 3634 1028 3687 τουτέστι
1062 3636 1102 3687 Χ
1116 3634 1316 3705 ριστοῦ.
1356 3636 1704 3706 Ἐπουράνιος
1741 3635 1796 3688 δὲ
1840 3635 1932 3689 ἄν·

353 3722 572 3793 θρωπος
597 3726 797 3777 νοεῖται
833 3725 1092 3796 Χριστὸς,
1119 3728 1217 3797 οὐχ
1248 3726 1323 3790 ὡς
1355 3727 1560 3782 ἄνωθεν
1583 3729 1714 3798 ἡμῖν
1746 3729 1840 3781 καί
1875 3727 1933 3794 ἐξ

353 3814 586 3886 οὐρανοῦ
621 3815 720 3887 τὴν
756 3817 934 3889 σάρκα
979 3818 1346 3888 κατενεγκὼν,
1390 3821 1506 3874 ἀλλ’
1539 3822 1620 3874 ὅτι
1648 3821 1781 3885 Θεὸς
1807 3820 1882 3874 ὢν
1907 3822 1936 3874 6

357 3912 550 3982 Λόγος,
579 3912 958 3980 καταϐέϐηκεν
990 3913 1050 3977 ἐξ
1070 3912 1337 3985 οὐρανῶν.
1363 3913 1458 3967 καὶ
1493 3913 1591 3984 τὴν
1620 3915 1755 3984 πρὸς
1788 3917 1937 3985 ἡμᾶς

359 4005 617 4076 ὁμοίωσιν
647 4004 915 4070 ὑπελθὼν,
937 4005 1207 4068 τουτέστι,
1233 4007 1488 4075 γέννησιν
1517 4007 1817 4075 ὑπομείνας
1838 4007 1938 4076 τὴν

359 4096 500 4148 κατὰ
532 4095 708 4167 σάρκα
736 4097 798 4149 ὲκ
819 4097 1096 4164 γυναικὸς,
1119 4097 1432 4167 μεμένηκεν
1461 4099 1596 4169 ὅπερ
1625 4096 1715 4169 ἦν,
1734 4097 1938 4151 ἄνωθεν

360 4193 605 4262 δηλονότι
627 4194 721 4245 καὶ
755 4192 813 4256 ἐξ
833 4195 1096 4264 οὐρανῶν,
1123 4194 1217 4246 καὶ
1251 4194 1433 4247 ἐπάνω
1454 4195 1670 4247 πάντων
1691 4195 1767 4258 ὡς
1785 4194 1938 4260 Θεὸς,

365 4289 461 4341 καὶ
494 4286 630 4357 μετὰ
661 4287 884 4358 σαρκός.
925 4287 1081 4340 Οῦτω
1126 4287 1234 4359 γάρ
1281 4286 1382 4339 πού
1406 4305 1570 4358 φησιν
1597 4289 1624 4340 6
1656 4287 1942 4350 θεσπέσιος

377 4379 630 4450 Ἰωάννης
655 4379 784 4451 περί
808 4381 996 4433 αὐτοῦ·
1031 4401 1048 4431 ι
1090 4380 1147 4432 Ὀ
1181 4380 1388 4435 ἄνωθεν
1420 4382 1736 4451 ἐρχόμενος,
1757 4382 1943 4437 ἐπάνω

368 4474 586 4527 πάντων
628 4473 795 4526 ἐστίν.
830 4490 847 4524 ι
893 4473 1310 4543 Ἀπομεμένηκε
1360 4473 1466 4546 γάρ
1501 4475 1610 4526 τῶν
1651 4474 1786 4528 ὅλων
1831 4475 1944 4528 Κῦ-

2013 1987 2148 2050 sius,
2175 1987 2266 2057 qui
2289 1998 2372 2042 est
2395 1989 2500 2042 vita
2516 1989 2541 2041 ’ἶ
2561 2001 2654 2042 aut
2677 1988 2945 2058 quomodo
2970 1987 3192 2056 sanguis
3213 1985 3416 2041 Christi
3437 2000 3592 2038 mun-

2013 2078 2165 2134 dabit
2229 2094 2326 2134 nos
2378 2079 2445 2133 ab
2483 2078 2630 2133 omni
2681 2087 2925 2147 peccato,
2957 2075 3119 2146 723
3159 2075 3202 2129 si
3255 2075 3329 2129 sit
3359 2072 3594 2128 hominis

2012 2173 2316 2228 communis
2344 2180 2397 2226 et
2421 2180 2644 2240 peccato
2671 2169 2889 2224 obnoxii
2914 2169 2938 2222 ?
2977 2185 3085 2238 quo
3102 2175 3257 2236 pacto
3288 2165 3436 2220 misit
3456 2163 3596 2218 Deus

2015 2281 2077 2322 ac
2098 2265 2258 2319 Pater
2285 2263 2476 2318 Filium
2506 2276 2664 2315 suum
2696 2261 2899 2316 factum
2951 2274 3014 2314 ex
3074 2257 3320 2321 muliere,
3396 2255 3595 2309 factum

2015 2360 2116 2412 sub
2149 2358 2264 2426 lege
2283 2357 2362 2410 "?
2382 2356 2649 2425 quomodo
2675 2353 2997 2408 condemnat
3017 2357 3294 2421 peccatum
3328 2347 3381 2402 in
3410 2344 3600 2401 carne?

2015 2447 2202 2516 Neque
2229 2449 2370 2500 enim
2411 2457 2528 2499 erat
2556 2445 2789 2499 hominis
2811 2443 3075 2513 vulgaris,
3107 2451 3162 2496 et
3187 2438 3341 2509 cujus
3396 2449 3589 2494 natura

2019 2557 2124 2596 una
2155 2539 2430 2594 nobiscmn
2461 2539 2561 2593 sub
2589 2536 2794 2608 peccati
2830 2535 3058 2603 imperio
3091 2548 3154 2588 ac
3186 2531 3314 2602 jugo
3367 2529 3597 2584 teneba-

2020 2642 2126 2698 tur,
2151 2634 2514 2688 condemnare
2542 2628 2990 2701 peccatum.Cum
3015 2643 3145 2683 vero
3169 2641 3364 2696 corpus
3398 2623 3598 2679 factum

2020 2724 2090 2779 sit
2123 2724 2239 2794 ejus
2268 2724 2358 2792 qui
2386 2733 2662 2792 peccatum
2698 2737 2800 2777 non
2841 2721 3009 2786 novit,
3040 2719 3263 2781 idcirco,
3301 2725 3356 2771 et
3383 2715 3602 2786 quidem

2019 2818 2225 2885 optimo
2251 2817 2371 2886 jure
2400 2816 2604 2885 peccati
2663 2815 3001 2886 tyrannidem
3042 2812 3303 2877 excussit,
3357 2824 3604 2864 commu-

2023 2908 2326 2978 nicatisque
2353 2923 2476 2962 cum
2505 2909 2596 2961 illo
2632 2906 3052 2976 proprietatibus
3086 2903 3248 2959 Verbi
3309 2901 3452 2971 quod
3512 2901 3601 2955 in-

2023 2998 2220 3055 ell‘abili
2254 3001 2412 3056 modo
2435 3000 2536 3069 ipsi
2565 2999 2773 3052 unitum
2805 3008 2910 3063 εει,
2940 3006 3188 3052 sanctum
3223 3010 3286 3050 ac
3317 2995 3592 3051 vivilicum

2023 3095 2274 3150 eﬂ'ectum
2333 3105 2437 3157 est,
2481 3101 2538 3148 et
2589 3091 2790 3145 divina:
2831 3090 3106 3145 facultatis
3155 3087 3599 3158 operationisque

2025 3192 2266 3261 plenum.
2291 3188 2400 3243 Nos
2428 3203 2556 3242 vero
2574 3187 2626 3240 in
2650 3185 2866 3241 Christo
2890 3195 3144 3254 tanquam
3163 3181 3414 3250 primitiis
3433 3191 3607 3235 trans-

2031 3281 2244 3335 [οι-ιυριιί
2291 3279 2450 3333 etiam
2481 3292 2689 3340 sumus,
2719 3283 2775 3330 et
2808 3273 3030 3329 interitu
3060 3282 3224 3341 atque
3271 3277 3494 3339 peccato
3514 3283 3609 3322 su-

2031 3374 2272 3443 periorcs
2303 3369 2581 3424 declarati.
2615 3366 2694 3422 Ae
2713 3381 2895 3421 verum
2917 3366 3137 3419 omnino
3162 3370 3267 3426 est,
3290 3361 3443 3431 juxta
3467 3359 3608 3414 beati

2032 3463 2180 3518 Pauli
2205 3460 2549 3525 sententiam,
2581 3459 2722 3528 quod
2771 3476 2789 3509 ι
2833 3453 3306 3523 Quemadmodum
3360 3451 3615 3521 portavi-

2033 3573 2154 3611 mus
2185 3555 2470 3625 imaginem
2505 3550 2726 3616 terreni,
2753 3549 3088 3618 portabimus
3122 3547 3283 3600 etiam
3323 3542 3613 3612 imaginem

2035 3649 2291 3712 cozlestis,
2323 3648 2367 3679 ⁸⁷
2401 3665 2420 3699 ι
2460 3645 2564 3700 hoc
2586 3653 2691 3708 est,
2722 3640 2947 3697 Christi.
2977 3638 3226 3694 lecstis
3258 3644 3434 3691 autem
3456 3635 3617 3689 homo

2037 3741 2356 3810 intelligitur
2379 3737 2661 3800 Christus;
2696 3751 2802 3791 non
2837 3743 3093 3803 tanquam
3112 3743 3347 3800 superne
3376 3738 3538 3796 atque
3579 3743 3608 3779 a

2037 3834 2178 3889 caelo
2227 3845 2447 3887 carnem
2477 3831 2540 3884 ad
2575 3845 2672 3883 nos
2705 3826 2988 3889 detulerit,
3024 3823 3118 3879 sed
3163 3823 3304 3893 quod
3351 3821 3490 3874 Deus
3519 3835 3616 3873 es-

2039 3927 2237 3981 sistens
2269 3921 2523 3984 Verbum,
2553 3919 2831 3975 descendit
2855 3932 2885 3972 e
2913 3916 3102 3980 caelis;
3128 3924 3182 3968 et
3208 3913 3615 3967 similitudinem

2039 4015 2212 4070 nostri
2247 4013 2486 4076 sabiens,
2524 4012 2626 4065 boc
2649 4019 2752 4073 est,
2769 4007 3063 4062 secundum
3089 4019 3305 4059 carnem
3335 4019 3365 4058 e
3393 4004 3620 4057 muliere

2041 4108 2184 4160 sicut
2217 4119 2314 4159 nos
2351 4112 2535 4164 natus,
2573 4097 2871 4169 permansit
2893 4097 2946 4151 id
2973 4096 3114 4166 quod
3132 4106 3270 4159 erat,
3301 4109 3330 4149 e
3371 4094 3619 4162 supernis

2045 4195 2297 4250 nimirum
2326 4203 2488 4262 atque
2514 4207 2544 4245 c
2576 4190 2750 4256 ccelis,
2781 4201 2836 4244 et
2862 4203 3023 4257 supra
3075 4201 3264 4243 omnes
3325 4195 3383 4239 ut
3411 4185 3577 4254 Deus
3601 4224 3618 4249 ,

2045 4289 2208 4344 etiam
2239 4303 2360 4343 cum
2385 4301 2569 4341 carne.
2601 4284 2674 4339 Ita
2703 4283 2846 4337 enim
2883 4281 3007 4336 alibi
3038 4277 3254 4333 divinas
3273 4277 3510 4333 Joannes
3541 4277 3622 4330 iu-

2047 4383 2163 4451 quit
2190 4397 2202 4433 :
2250 4398 2269 4433 ι
2297 4379 2398 4446 Qui
2436 4393 2466 4434 e
2496 4376 2748 4448 supernis
2772 4374 2940 4437 venit,
2968 4385 3126 4440 supra
3161 4385 3350 4425 omnes
3373 4378 3456 4424 est.
3490 4367 3557 4423 ⁸⁸.
3600 4387 3619 4417 ι

2048 4473 2354 4529 Permansit
2414 4469 2557 4525 enim
2611 4468 2773 4522 totius
2813 4465 3052 4520 universi
3091 4461 3372 4526 Dominus,
3412 4459 3623 4513 tametsi

372 4582 507 4635 ριος,
541 4565 632 4618 καὶ
660 4566 720 4617 ὲν
760 4568 829 4636 τῇ
869 4565 963 4618 τοῦ
1002 4565 1192 4618 δούλου
1246 4570 1427 4639 μορφῇ
1459 4565 1698 4635 γεγονὼς
1733 4569 1930 4620 οἰκονο⁴

2051 4567 2260 4620 ratione
2291 4561 2679 4619 incarnationis
2708 4560 2940 4614 formam
3003 4553 3147 4610 servi
3188 4551 3480 4620 acceperit,
3541 4561 3626 4603 at-

373 4653 571 4726 μικῶς,
606 4655 699 4707 καὶ
728 4655 1028 4725 παράδοξον
1052 4656 1265 4726 ἀληθῶς
1282 4656 1370 4708 διὰ
1399 4656 1574 4710 ταῦτά
1602 4658 1718 4710 ἐστι
1740 4657 1950 4730 τὸΧρι-

371 4748 498 4801 στοῦ
538 4749 856 4818 μυστήριον.
891 4749 1000 4801 Καὶ
1034 4747 1162 4815 γοῦν
1195 4748 1298 4818 ἔφη
1332 4767 1434 4802 που
1485 4750 1620 4820 πρὸς
1662 4750 1950 4814 Ἰουδαίους

368 4842 438 4895 δι’
463 4841 579 4905 ἑνὸς
606 4841 716 4894 τῶν
748 4841 1044 4912 προεξητῶν
1069 4843 1095 4895 6
1125 4840 1255 4904 Θεὸς
1284 4842 1378 4895 καὶ
1401 4843 1610 4914 Πατήρ⁸
1640 4861 1657 4892 ι
1683 4843 1874 4907 Ἴδετε,
1899 4845 1948 4896 οἱ

371 4933 804 5003 καταφρονηταὶ,
837 4934 929 4985 καὶ
969 4933 1326 5003 ἀφανίσθητε,
1357 4935 1451 4986 καὶ
1493 4933 1838 5004 Θαυμάσατε,
1865 4936 1948 4988 ὅτι

371 5025 533 5093 ἔργον
566 5026 675 5093 ἐγὼ
703 5023 1008 5095 ἐργάζομαι
1048 5027 1105 5077 ἐν
1139 5029 1259 5088 ταῖς
1293 5027 1526 5095 ἡμέραις
1561 5027 1734 5096 ὑμῶν,
1788 5028 1950 5098 ἔργον

371 5109 417 5181 ᾧ
465 5115 523 5167 οὐ
559 5116 633 5186 μὴ
675 5117 1028 5185 πιστεύσητε,
1057 5118 1151 5171 ὲόιν
1193 5135 1276 5181 τις
1316 5118 1708 5189 ὲκδιηγήσηται
1745 5119 1891 5188 ὑμῖν.
1926 5137 1945 5169 ι

376 5205 727 5259 Κινδυνεῦσει
753 5207 862 5279 γὰρ
886 5208 1232 5262 ἀπιστεῖσθαι
1269 5210 1328 5262 τὸ
1353 5209 1589 5280 Χριστοῦ
1627 5212 1947 5281 μυστήριον,

375 5296 463 5351 διὰ
485 5295 579 5367 τὴν
599 5297 691 5349 τοῦ
712 5298 984 5369 θαύματος
1003 5301 1333 5372 ὑπερϐολήν.
1355 5301 1487 5364 Θεὸς
1509 5297 1576 5371 ἦν
1595 5303 1650 5353 ἐν
1670 5301 1955 5373 ἀνθρωπό-

377 5404 500 5459 τητι
536 5390 626 5441 καὶ
658 5389 718 5441 ἐν
753 5394 863 5454 τοῖς
897 5393 1016 5446 καθ’
1058 5395 1227 5464 ἡμᾶς,
1261 5396 1288 5447 6
1331 5395 1470 5466 ὑπὲρ
1500 5398 1680 5448 πᾶσαν
1713 5395 1810 5467 τὴν
1836 5397 1956 5448 κτί-

380 5497 466 5532 σιν
487 5495 500 5508 ο
530 5480 784 5552 ἀόρατος,
810 5485 1001 5554 ὁρατὸς
1043 5488 1186 5540 κατὰ
1230 5488 1428 5560 σάρκα.
1459 5489 1486 5539 ὁ
1510 5487 1568 5553 ἐξ
1595 5489 1821 5560 οὐρανοῦ
1862 5489 1958 5542 καὶ

382 5571 610 5637 ἀνωθεν,
656 5575 712 5625 ἐν
743 5574 870 5626 εῖδει
904 5577 1011 5629 τῶν
1057 5581 1282 5648 χοῖκῶνο
1338 5581 1524 5642 ἁπτὸς,
1573 5582 1598 5633 6
1633 5582 1842 5651 ἀναφὴς
1869 5596 1880 5608 °
1928 5583 1954 5631 6

385 5665 524 5720 κατὰ
566 5665 725 5734 φύσιν
767 5667 900 5721 ἰδίαν
952 5669 1252 5742 ἐλεύθερος,
1305 5675 1361 5722 ὲν
1411 5672 1596 5725 δούλου
1659 5675 1874 5744 μορςςῇο
1929 5672 1954 5724 6

460 5849 505 5879 ⁸⁵
534 5847 712 5903 ϐριλι.
754 5865 823 5911 ιν,
868 5847 917 5900 4.
997 5848 1087 5901 "i
1135 5849 1257 5903 Cor.
1300 5866 1383 5913 xv,
1443 5852 1521 5905 49.

1602 5852 1646 5880 ’⁵⁵
1669 5849 1824 5904 Joan.
1875 5864 1953 5914 ιιι,
2004 5849 2088 5904 31.

2053 4675 2157 4729 que
2179 4658 2554 4713 admirandum
2582 4669 2764 4708 revera
2791 4661 2875 4706 est
2897 4651 2968 4705 ob
3000 4649 3114 4702 inec
3169 4646 3373 4702 Christi
3425 4656 3628 4715 myste-

2053 4755 2215 4809 rium.
2254 4751 2456 4806 Idcirco
2503 4747 2644 4801 Deus
2673 4761 2738 4800 ac
2769 4745 2929 4799 Pater
2972 4742 3098 4797 alibi
3153 4742 3219 4795 ad
3273 4739 3487 4796 Judazos
3535 4753 3630 4809 per

2052 4845 2337 4916 quemdam
2382 4845 2697 4911 prophetam
2727 4839 2842 4893 ait:
2885 4857 2903 4890 ι
2956 4835 3170 4899 Videte.
3199 4843 3623 4905 contemptores.

2055 4946 2110 4990 et
2138 4933 2502 5000 admiramini,
2531 4942 2584 4985 et
2612 4930 2982 4998 disperdimini
3018 4944 3033 4981 :
3080 4929 3206 4998 quia
3260 4941 3394 4994 Opus
3431 4939 3630 4992 operor

2056 5043 2156 5096 ego
2192 5026 2455 5080 iudicbus
2483 5023 2698 5083 vestris.
2737 5037 2872 5090 Opus
2933 5022 3075 5090 quod
3140 5034 3244 5072 non
3299 5015 3519 5069 creditis
3586 5017 3630 5068 si

2056 5119 2178 5186 quis
2204 5116 2543 5172 enarraverit
2570 5116 2722 5168 vobis
2747 5113 2812 5166 ⁵⁵.
2839 5131 2856 5164 ι
2889 5110 3194 5165 Periculum
3219 5107 3362 5162 enim
3402 5106 3508 5160 erit
3567 5123 3632 5160 ne

2061 5210 2349 5278 derogetur
2396 5207 2530 5262 ﬁdes
2564 5206 2824 5276 mysterio
2859 5202 3085 5268 Christi,
3121 5202 3190 5256 ob
3219 5198 3464 5253 miraculi
3514 5213 3629 5252 ma-

2059 5301 2417 5369 gnitudinem.
2453 5295 2592 5350 Deus
2625 5303 2742 5350 erat
2782 5295 2942 5348 homo
2981 5289 3149 5344 nostri
3181 5285 3375 5342 similis
3420 5285 3628 5345 factus.

2059 5390 2150 5458 qui
2189 5405 2346 5457 supra
2383 5403 2596 5443 omnem
2630 5396 2936 5441 creaturam
2956 5392 3067 5450 est;
3130 5379 3439 5446 invisibilis,
3461 5378 3634 5433 factus

2060 5491 2142 5535 est
2168 5481 2392 5535 visibilis
2426 5480 2724 5534 secundum
2759 5492 3010 5531 carnem:
3047 5475 3138 5545 qui
3188 5488 3252 5528 ex
3309 5471 3445 5526 casio
3476 5480 3635 5540 atque

2063 5592 2090 5628 e
2129 5574 2397 5644 superuis,
2432 5573 2658 5629 formam
2715 5570 3050 5627 terrestrium
3113 5567 3319 5622 induit:
3362 5564 3636 5634 tangibilis

2064 5680 2162 5728 est,
2207 5666 2295 5736 qui
2335 5666 2478 5736 tangi
2523 5665 2707 5734 nequit
2747 5679 2761 5716 :
2797 5662 2884 5731 qui
2927 5676 2991 5714 ex
3054 5659 3272 5729 propria
3314 5671 3406 5712 sua
3443 5666 3633 5710 natura

2171 5851 2211 5881 η
2257 5848 2458 5902 "alma
2510 5865 2544 5912 ι,
2585 5846 2647 5912 5;
2705 5849 2818 5903 Act.
2853 5860 2970 5902 xttt.
3015 5842 3102 5897 Μ.
