4122 6552
492 396 618 454 1871

1469 387 1528 445 S.
1569 385 1849 446 CYRlLLl
1887 380 2356 439 ALEXANDRINI
2395 379 2718 438 ARCHIEP.

3606 371 3768 430 £272

490 514 625 576 liber
645 522 751 579 est,
791 513 930 568 servi
967 512 1194 568 formant
1214 510 1422 580 accepit
1457 526 1472 564 :
1504 509 1597 579 qui
1656 505 1923 562 creaturis
1974 504 2069 560 be-

2173 502 2412 572 εὑλογῶν
2442 502 2540 572 τὴν
2586 501 2784 565 κτίσιν,
2815 498 3110 570 ἐπάρατος,
3144 498 3240 553 καὶ
3269 497 3330 550 ὲν
3355 496 3469 559 τοῖς
3500 493 3762 564 ἀνόμοις,

490 605 715 668 nedicit,
748 604 924 660 factus
956 615 1040 659 est
1076 600 1463 666 exsecrabilis;
1503 606 1925 665 numeratusque
1979 602 2063 650 est

489 709 628 753 inter
651 699 1090 768 praevaricatores
1132 697 1262 767 legis
1285 697 1331 750 is
1358 694 1451 766 qui
1479 701 1562 748 est
1608 691 1786 746 omnis
1827 688 2058 759 iustitia,

488 792 997 862 u'tortemquesubiit
1033 794 1144 846 vita
1165 792 1302 862 ipsa.
1329 789 1514 860 Neque
1529 789 1672 844 enim
1695 798 1810 844 erat
1837 784 2061 841 alterius

488 882 806 953 cujuSpiam.
827 885 920 939 sed
953 885 1132 953 potius
1160 883 1332 954 ipsius
1368 882 1661 936 secundum
1693 889 1940 934 naturam
1970 875 2062 930 Fi-

487 973 541 1026 lii
569 989 791 1042 corpus,
815 975 866 1030 id
892 976 1034 1044 quod
1060 985 1287 1030 mortem
1315 972 1479 1044 724ι
1511 973 1698 1028 subiit.
1754 971 1910 1026 Anne
1933 985 2062 1023 vero

487 1073 748 1134 tanquam
789 1080 896 1121 non
932 1076 1077 1121 recte
1109 1066 1288 1130 factis,
1331 1070 1444 1122 sive
1492 1082 1520 1120 a
1573 1065 1731 1121 nobis
1755 1064 1933 1127 dictis,
1963 1060 2062 1116 ali-

487 1155 615 1224 quid
645 1155 812 1212 habes
851 1159 994 1226 quod
1022 1158 1104 1214 his
1138 1159 1400 1227 objicias?

553 1245 618 1301 Β,
659 1249 1032 1317 Nequaquam.

551 1338 621 1393 A.
662 1338 928 1394 Caeterum
971 1343 1073 1396 hoc
1103 1341 1233 1396 mihi
1267 1352 1529 1411 praeterea
1597 1339 1987 1396 animadverte.

555 1428 617 1484 B.
641 1430 929 1499 Quidnam,
952 1433 1214 1488 obsecro?

558 1520 621 1574 A.
651 1519 894 1575 Christus
947 1521 1143 1576 alicubi
1205 1522 1271 1577 ad
1336 1538 1430 1578 eos
1469 1522 1558 1592 qui
1605 1521 2058 1586 resurrectionem

487 1621 820 1668 mortuorum
865 1613 1051 1669 tollere
1104 1614 1375 1681 nituntur,
1397 1616 1534 1670 dixit
1571 1632 1584 1666 :
1620 1633 1638 1666 ι
1698 1613 1814 1668 Νυη
1855 1613 2062 1683 legistis

486 1703 722 1774 quiaqui
753 1703 879 1760 fecit
908 1706 1180 1762 hominem
1225 1709 1292 1761 ab
1319 1707 1494 1771 initio,
1539 1705 1836 1761 masculum
1893 1715 1947 1760 et
1981 1703 2062 1759 fe-

486 1793 686 1848 minam
743 1796 864 1850 fecit
890 1798 1078 1853 eos“?
1141 1817 1158 1850 ι
1219 1798 1420 1854 Scribit
1466 1814 1596 1853 vero
1655 1797 1818 1851 etiam
1849 1795 2062 1851 divinus

488 1885 720 1942 Paulus:
755 1907 772 1939 ι
799 1887 1119 1944 llonorabile
1143 1889 1474 1946 eonnubium
1514 1889 1566 1942 in
1595 1888 1866 1953 omnibus,
1897 1896 1953 1942 et
1979 1894 2062 1942 to-

2172 1887 2190 1920 (
2219 1865 2410 1936 Τίμιος

488 1989 580 2030 rus
626 1977 1002 2032 tntmaculatus
1031 1979 1096 2033 ⁸³.
1137 1997 1156 2030 ι
1213 1979 1332 2045 Quo
1357 1989 1514 2048 pacto
1554 1993 1682 2033 vero
1731 1977 2064 2048 unigenitum

487 2065 578 2122 Dei
606 2066 859 2130 Verbum,
884 2085 1003 2124 cum
1048 2080 1292 2136 nostrain
1321 2070 1726 2126 similitudinem
1748 2070 1930 2124 subire
1962 2068 2068 2123 vel-

487 2159 584 2224 let,
611 2161 678 2213 ad
701 2161 1143 2218 constitutionem
1174 2164 1286 2218 sive
1309 2165 1712 2234 generationem
1735 2178 1844 2216 sua:
1862 2163 2064 2226 carnis,

488 2251 738 2307 humanae
767 2265 972 2310 naturae
1001 2254 1146 2324 leges
1198 2255 1380 2310 valere
1433 2255 1638 2310 uoluit?
1690 2252 1875 2322 Neque
1921 2253 2064 2306 enim

487 2355 553 2394 ex
587 2352 705 2398 toro
729 2354 781 2399 et
813 2346 1062 2416 conjugio
1088 2347 1237 2402 nasci
1263 2347 1453 2412 voluit,
1495 2348 1589 2401 sed
1623 2361 1688 2400 ex
1722 2346 1944 2414 Virgine
1962 2343 2065 2399 viri

488 2433 704 2498 nescia,
743 2444 1052 2506 praegnante
1100 2451 1165 2490 ex
1237 2435 1464 2506 Spiritu,
1527 2437 1892 2490 obumbrante
1966 2433 2067 2502 ipsi

488 2522 686 2578 sirtute
711 2523 828 2588 Dei,
871 2526 1013 2582 sicut
1045 2528 1305 2597 scriptum
1332 2527 1502 2583 est".
1526 2527 1662 2582 Cum
1717 2526 1900 2596 itaque
1927 2524 2069 2578 Deus

487 2615 790 2683 conjugium
811 2633 916 2672 non
962 2631 1302 2686 aspernetur,
1325 2621 1420 2673 sed
1461 2619 1640 2690 potius
1690 2617 2068 2672 benedictione

487 2721 583 2761 sua
609 2707 734 2762 illud
760 2710 1368 2780 tlecoret,quamobrem
1391 2710 1666 2781 Virginem
1697 2717 2067 2780 praegnantem

489 2813 551 2852 ex
581 2798 809 2868 Spiritu.
873 2803 1054 2856 carnis
1094 2817 1207 2858 suae
1249 2811 1478 2858 matrem
1521 2817 1643 2858 esse
1673 2799 2068 2855 volueritDeus

489 2891 752 2946 exsistens
782 2891 1160 2959 Verbum,non
1193 2893 1352 2949 facile
1378 2893 1634 2948 dixerim.
1661 2891 1902 2946 Tametsi
1929 2906 2068 2962 quo-

490 2985 648 3038 modo
674 2999 780 3038 non
809 2985 982 3040 cuivis
1011 2985 1296 3039 manifesta
1332 2984 1501 3040 fuerit
1531 2983 1647 3054 ejus
1698 2985 1774 3039 rei
1826 2983 2067 3050 occasio,

487 3073 616 3129 illud
641 3076 1049 3131 consideranti?
1084 3077 1374 3133 Descendit
1404 3078 1571 3143 enim,
1614 3077 1728 3131 sive
1788 3075 1949 3132 homo
1989 3075 2070 3129 fa-

493 3174 607 3220 ctus
632 3176 716 3222 est
762 3167 953 3234 Filius,
1001 3168 1408 3224 insnauraturus
1461 3179 1644 3224 nostra
1699 3179 1952 3238 tauquam
2012 3170 2135 3264 inC

492 3259 705 3328 seipso;
749 3274 813 3314 ac
842 3261 1078 3330 prinmm
1128 3263 1347 3331 quidem
1410 3260 1464 3316 in
1499 3270 1741 3316 sanctam
1775 3259 2065 3330 quamdam

493 3359 656 3418 atque
688 3350 1059 3407 admirabilem
1132 3354 1468 3408 nativitatem
1520 3362 1574 3407 et
1626 3354 1816 3406 vitam.
1866 3351 2068 3406 Factus

492 3452 678 3498 autem
705 3450 789 3498 est
813 3444 974 3498 etiam
1006 3445 1212 3514 primus
1239 3447 1354 3514 ipse
1394 3453 1556 3499 natus
1597 3457 1661 3498 ex
1713 3442 1919 3511 Spiritu
1959 3442 2069 3508 (se-

491 3535 726 3589 cundum
772 3549 993 3590 carnem
1057 3535 1321 3603 inquam),
1380 3543 1438 3588 ut
1507 3535 1608 3588 hac
1674 3541 1927 3600 tauquam
1982 3531 2068 3584 via

491 3627 658 3680 etiam
683 3625 734 3678 in
760 3641 859 3680 nos
895 3626 1048 3691 ipsos
1101 3633 1418 3679 transeunte
1445 3624 1639 3698 gratia,
1669 3639 1774 3676 non
1831 3637 1898 3675 ex
1939 3635 2070 3674 san-

500 3716 957 3788 guinibus,neque
984 3730 1049 3770 ex
1081 3714 1352 3770 voluntate
1373 3716 1574 3778 carnis,
1599 3727 1771 3782 neque
1786 3728 1853 3768 ex
1878 3713 2071 3767 volun-

497 3817 605 3862 tate
634 3807 755 3873 viri,
775 3810 870 3864 sed
905 3824 970 3864 ex
1002 3807 1110 3863 Deo
1146 3823 1242 3876 per
1275 3807 1534 3870 Spiritum
1595 3806 2065 3878 regenerationem

494 3899 912 3955 intellectualem
955 3900 1232 3956 consecuti
1265 3900 1330 3966 ⁸³,
1366 3909 1421 3954 et
1473 3897 1906 3955 conformitatem
1968 3897 2073 3967 spi-

495 3993 743 4048 ritualem
767 4009 888 4049 cum
919 4009 985 4050 eo
1010 3993 1102 4064 qui
1145 4001 1338 4048 natura
1369 4006 1436 4047 ac
1460 4006 1588 4047 vere
1615 3989 1884 4046 estFilius
1907 3988 2072 4059 adep-

493 4085 560 4152 ti,
590 4084 757 4140 Deum
816 4100 1071 4140 vocemus
1092 4084 1309 4140 Patrem
1329 4124 1342 4149 ,
1376 4091 1539 4154 atque
1561 4083 1634 4137 ita
1687 4081 2072 4150 incorruptibi-

494 4176 572 4233 les
599 4192 1042 4249 permaneatnus;
1071 4193 1176 4232 non
1193 4174 1306 4245 jam
1336 4176 1567 4246 amplius
1629 4174 1860 4245 priorem
1897 4173 2066 4237 illum,

495 4272 598 4327 hoc
633 4280 738 4334 est,
767 4272 1030 4325 Adamum
1058 4281 1266 4340 patrem
1303 4269 1582 4331 habentes,
1620 4270 1672 4320 in
1724 4282 1831 4337 quo
1871 4276 1925 4322 et
1947 4281 2071 4322 cor-

496 4365 640 4434 rupti
673 4378 910 4420 eramus.
934 4361 1141 4416 ldcirco
1165 4372 1215 4417 et
1243 4361 1491 4415 Christus
1519 4359 1716 4428 inquit,
1767 4358 1893 4412 alibi
1952 4358 2073 4427 qui-

493 4458 616 4510 dem
647 4471 660 4510 :
700 4473 718 4506 c
759 4454 936 4508 Nolite
951 4468 1143 4508 vocare
1160 4462 1368 4522 patrem
1391 4461 1626 4506 vestrum
1654 4449 1706 4504 in
1739 4449 2074 4506 terris.Unus

493 4549 639 4602 enim
688 4556 772 4604 est
797 4545 958 4601 Pater
1007 4555 1187 4600 vester
1222 4543 1278 4598 in
1308 4543 1550 4610 caelis“,
1587 4562 1606 4595 ι
1641 4541 1768 4597 alibi
1810 4557 1960 4607 vero,

496 4639 585 4707 qui
619 4639 819 4693 idcirco
844 4639 910 4691 ad
939 4652 1036 4691 uos
1062 4634 1362 4699 descendit,
1405 4645 1464 4688 ut
1517 4649 1615 4688 nos
1662 4631 1958 4688 trans-lerat
2005 4633 2073 4687 ad

496 4729 766 4798 propriam
792 4743 947 4783 suam
979 4741 1042 4780 ac
1063 4726 1305 4779 divinant
1355 4723 1668 4794 dignitatem
1698 4741 1712 4778 :
1739 4742 1758 4775 ι
1811 4723 1959 4779 Vade
2007 4721 2074 4777 ad

496 4820 709 4875 Patrem
747 4837 944 4884 meum,
973 4828 1026 4873 et
1059 4817 1272 4873 Patrem
1308 4826 1542 4874 vestrum
1571 4857 1587 4882 ,
1614 4825 1670 4872 et
1700 4815 1867 4872 Deum
1895 4831 2072 4870 meum

495 4925 548 4970 et
578 4913 746 4969 Deum
783 4921 1021 4968 vestrum
1052 4913 1118 4964 ⁸³.
1157 4930 1176 4962 ι
1210 4911 1386 4982 Ipsius
1428 4909 1572 4964 enim
1626 4917 1710 4965 est
1754 4919 1948 4963 natura
1979 4907 2075 4961 Pa-

495 5022 600 5077 ter,
636 5011 728 5080 qui
761 5009 813 5062 in
843 5007 996 5064 cmlis
1037 5014 1150 5072 est,
1198 5014 1382 5062 uoster
1402 5014 1579 5059 autem
1606 5002 1768 5058 Deus.
1821 5002 1957 5057 Cum
1990 5017 2075 5057 ve-

496 5118 556 5158 ro
587 5102 676 5171 qui
703 5109 895 5154 natura
928 5112 992 5153 ac
1020 5114 1145 5152 vere
1185 5107 1267 5151 est
1294 5096 1484 5162 Filius,
1527 5094 1704 5151 iactus
1757 5103 1843 5150 est
1910 5095 2071 5149 homo

494 5193 666 5250 nostri
705 5194 920 5256 similis,
955 5192 1121 5246 Deum
1147 5191 1318 5260 ipsum
1345 5189 1598 5245 habuisse
1630 5188 1780 5253 dicit,
1814 5188 2069 5242 nimirum

495 5286 657 5358 725
681 5287 890 5340 ratione
919 5284 1329 5340 exiuanitinnis.
1359 5281 1514 5337 Dedit
1542 5290 1721 5335 autem
1777 5279 1939 5333 etiam
1973 5293 2070 5332 no-

493 5378 578 5432 bis
607 5393 764 5432 suum
800 5375 1043 5431 Patrem.
1077 5375 1351 5444 Scriptum
1379 5384 1464 5428 est
1501 5373 1644 5428 enim
1672 5390 1686 5429 :
1719 5390 1737 5423 ι
1797 5371 2071 5438 Quotquot

496 5473 677 5518 autem
704 5473 1026 5533 receperunt
1061 5479 1208 5528 eum,
1261 5463 1412 5518 dedit
1459 5463 1542 5518 eis
1564 5470 1888 5532 potestatem
1933 5459 2072 5514 ﬁlios

495 5551 588 5606 Dei
622 5553 865 5617 ﬁeri,his
881 5553 969 5622 qui
1001 5555 1226 5609 credunt
1255 5554 1306 5607 in
1340 5553 1559 5608 nomine
1593 5551 1762 5622 ipsius
1782 5549 1920 5602 “"7.
1951 5568 1968 5600 ν
2003 5549 2073 5602 At

500 5657 630 5697 vero
670 5642 716 5698 si
743 5643 1268 5714 intperitettegemus
1299 5644 1365 5698 ad
1391 5652 1630 5697 nostram
1661 5637 2068 5693 similitudinem

566 5760 609 5788 ~‘°
655 5757 840 5813 Matth.
877 5775 990 5818 χιι,
1023 5758 1073 5811 ι.
1151 5757 1193 5788 ⁶¹
1227 5759 1384 5813 Hebr.
1416 5773 1534 5822 χιιι,
1565 5755 1596 5810 αἱ

497 5831 580 5890 47,
661 5830 777 5869 (θςδτ
811 5827 962 5877 .lttzttt.
1007 5843 1040 5876 1.
1082 5829 1159 5876 Η.

1701 5757 1743 5787 θ’
1775 5752 1906 5808 Luc.
1948 5767 1984 5817 ι,
2017 5747 2203 5805 30-55.

2170 598 2202 668 ἡ
2243 599 2390 650 πᾶσα
2416 593 2755 664 δικαιοσύνη,
2779 596 2874 647 καὶ
2895 594 2953 645 ὲν
2989 592 3208 663 δοκήσει
3254 590 3484 646 θανάτου
3524 587 3764 656 γέγονεν

2168 690 2202 760 ὴ
2233 688 2345 758 ζωή
2395 689 2469 741 Οὐ
2507 686 2615 758 γὰρ
2646 681 2714 756 ἦν
2739 685 2925 754 ἑτέρου
2949 684 3115 748 τινὸς,
3146 683 3312 735 αὐτοῦ
3333 681 3391 735 δὲ
3425 679 3626 752 μᾶλλον
3652 675 3764 732 τοῦ

2171 778 2314 836 κατὰ
2359 777 2520 846 φύσιν
2549 775 2704 839 Υἱοῦ,
2741 776 2802 829 τὸ
2827 774 2924 828 τοῦ
2947 774 3179 828 θανάτου
3199 773 3534 842 γευσάμενον
3565 769 3759 839 σῶμα.

2167 864 2295 941 'Ap‘
2341 869 2416 933 ὡς
2447 869 2550 922 οὑκ
2585 863 2645 921 εὖ
2677 865 2981 934 γεγονόσιν,
3029 865 3197 935 ἣγουν
3241 862 3376 933 πρὸς
3410 860 3568 932 ἡμῶν
3595 861 3765 931 clpa;-

2171 961 2356 1033 μένοις
2378 960 2525 1032 ἔχεις
2556 978 2607 1014 τι
2644 959 2856 1022 τούτοις
2882 957 3179 1027 ὲπιτιμᾷνς

2238 1231 2300 1285 Β.
2341 1225 2605 1298 Οὐδαμῶς

2241 1325 2306 1377 Δ.
2343 1320 2536 1392 ’Λθρει
2564 1318 2628 1389 δή
2661 1333 2751 1387 μοι
2782 1315 3003 1369 κάκεῖνο
3032 1310 3167 1383 πρὸς
3196 1306 3427 1372 τούτοις.

2239 1415 2301 1468 B.
2344 1412 2418 1464 τδ
2445 1410 2498 1464 τι
2526 1408 2591 1479 δὴ
2617 1407 2760 1477 φήςς

2239 1508 2306 1559 Α.
2350 1504 2496 1572 Ἔφη
2533 1516 2637 1552 που
2668 1495 2904 1568 Χριστὸς
2935 1495 3048 1558 τοῖς
3084 1492 3327 1562 ἀναιρεῖν
3367 1485 3610 1541 ἐθέλουσι
3650 1482 3766 1553 τὴν

2167 1600 2468 1654 ἀνάστασιν
2505 1591 2612 1646 τῶν
2647 1588 2886 1660 νεκρῶνο
2925 1606 2944 1638 ι
2975 1587 3090 1639 Οὐκ
3119 1583 3412 1650 ἀνέγνωτε,
3433 1578 3561 1632 ὅτιὸ
3594 1576 3765 1644 ποιή-

2171 1701 2269 1748 σας
2298 1683 2389 1736 τὸν
2418 1680 2704 1749 ἄνθρωπον
2731 1677 2788 1728 ὲν
2812 1676 3030 1745 ἀρχαῖς,
3069 1673 3237 1744 ἄρσεν
3273 1668 3368 1722 καὶ
3395 1666 3527 1736 θῆλυ
3561 1663 3765 1734 εποίη-

2171 1794 2263 1830 σεν
2287 1772 2484 1837 αὐτούς
2505 1788 2520 1836 ;
2555 1790 2572 1822 ³
2629 1768 2834 1841 Γράφει
2872 1766 2930 1820 δὲ
2971 1765 3064 1820 καὶ
3109 1766 3138 1817 ό
3168 1761 3453 1823 Θεσπέσιος
3501 1756 3719 1841 Παῦλος
3745 1770 3761 1784 ο

2440 1864 2469 1916 ὁ
2495 1839 2747 1932 γάμοςνὲν
2765 1859 2918 1922 πᾶσι,
2944 1855 3039 1909 καὶ
3055 1855 3088 1925 ἡ
3105 1851 3260 1922 κοίτη
3283 1848 3596 1920 ἀμίαντος.»
3619 1839 3762 1897 Εἶτα

2169 1935 2349 2020 πῶςγό
2394 1952 2688 2024 μονογενὴς
2720 1947 2810 2002 τοῦ
2850 1945 2985 2000 Θεοῦ
3031 1945 3224 2011 Λόγος,
3266 1939 3362 2010 τὴν
3416 1937 3549 2008 πρὸς
3601 1935 3759 2005 ἡμᾶς

2167 2050 2425 2120 ὁμοίωσιν
2463 2042 2710 2098 ἐπελθεῖν
2743 2039 3028 2110 ἐθελήσας,
3066 2037 3128 2089 οὐ
3175 2037 3286 2097 τοῖς
3334 2033 3433 2101 τῆς
3463 2027 3759 2100 ἀνθρωπόο

2167 2154 2328 2210 τητος
2358 2136 2544 2205 νόμοις
2574 2133 2746 2202 ὲιρῆκε
2771 2132 3013 2200 κρατεῖν,
3053 2127 3133 2190 εἰς
3170 2123 3449 2185 σύστασιν,
3475 2121 3593 2190 ιἦτοι
3622 2119 3759 2186 γένο

2168 2248 2323 2304 νησιν
2353 2233 2453 2300 τῆς
2479 2227 2615 2289 ἰδίας
2642 2222 2808 2277 αὑτοῦ
2835 2219 3036 2292 σαρκός
3061 2236 3074 2284 ;
3110 2219 3184 2272 Ού
3219 2217 3328 2288 γὰρ
3362 2217 3425 2268 ὲκ
3449 2213 3636 2281 κοίτης
3659 2209 3762 2264 καὶ

2170 2323 2364 2394 γάμων
2406 2318 2666 2390 ἠνέσχετο
2710 2314 2894 2368 λαϐεῖν
2940 2312 3148 2382 αὐτὴν,
3193 2309 3308 2365 ἀλλ’
3360 2311 3425 2362 ὲκ
3472 2306 3759 2378 Παρθένου

2171 2413 2378 2486 σεμνῆς
2430 2410 2526 2464 καὶ
2581 2406 2983 2476 ἀπειρογὰμου,
3021 2401 3440 2473 κυοφορησάοης
3485 2401 3550 2452 ὲκ
3577 2396 3759 2451 Πνεύ-

2173 2523 2375 2578 ματος,
2431 2500 2833 2570 ἐπισκιασάσης
2887 2497 3026 2566 αὐτῇ
3069 2494 3352 2564 δυνάμεως
3390 2490 3555 2556 Θεοῦ,
3607 2487 3762 2544 καθὰ

2169 2600 2501 2669 γέγραπται.
2539 2593 2674 2647 Θεοῦ
2717 2588 3010 2660 τοιγαροῦν
3049 2587 3140 2640 τὸν
3189 2586 3368 2654 γάμον
3416 2585 3516 2637 ούιι
3556 2580 3760 2652 ἀτιμὰ-

2172 2706 2386 2754 σαντος,
2417 2685 2618 2757 μᾶλλον
2659 2683 2716 2737 δὲ
2751 2682 2845 2735 καὶ
2878 2680 3098 2750 εὐλογίᾳ
3130 2679 3486 2748 τιμήσαντος,
3526 2673 3759 2728 ἀνθότου

2169 2781 2447 2853 Παρθένον
2478 2775 2849 2848 κυοφοροῦσαν
2881 2776 2946 2827 ἐκ
2970 2771 3109 2828 Πνεύ
3120 2787 3306 2841 ματος,
3328 2769 3428 2839 τῆς
3462 2767 3595 2831 ἰδίας
3618 2782 3758 2836 cap-

2170 2875 2265 2937 κὸς
2299 2873 2592 2942 ἐποιήσατο
2628 2866 2838 2938 μητέρα
2874 2863 3008 2918 θεοῦ
3055 2865 3082 2917 ὁ
3113 2863 3305 2931 Λόγος,
3345 2860 3447 2913 οὐκ
3477 2859 3585 2928 ἔχω
3609 2857 3758 2927 φρᾶο

2173 2984 2284 3020 σαι.
2327 2963 2523 3019 Καίτοι
2558 2960 2676 3024 πῶς
2721 2958 2820 3029 οὐχ
2869 2957 3074 3011 ἅπασιν
3109 2951 3344 3025 ἐναργὴς
3373 2950 3569 3020 γένοιτ’
3609 2948 3677 3001 ἂν
3719 2948 3756 3018 ἡ

2169 3057 2324 3112 τοῦδε
2349 3055 2642 3126 πρόφασις,
2667 3052 2843 3104 έκεῖνο
2872 3049 3051 3102 διεσκε
3061 3064 3096 3117 μ
3105 3045 3286 3116 μένοις
3305 3062 3320 3111 ;
3338 3043 3590 3110 ’Λφίκετο
3620 3040 3756 3110 γὰρ,

2171 3151 2247 3213 ὡς
2274 3149 2433 3219 ἔφην,
2465 3146 2634 3218 ἤγουν
2669 3140 3096 3214 ὲνηνθρώπησεν
3129 3139 3158 3190 ὁ
3196 3137 3341 3202 Υἱὸς,
3370 3130 3754 3202 ἁναστοιχειὼ-

2173 3258 2280 3296 σων
2312 3243 2380 3294 τὰ
2396 3238 2516 3292 καθ’
2544 3238 2691 3306 ἡμᾶς
2724 3235 2799 3299 ὡς
2825 3235 2881 3288 ὲν
2907 3231 3108 3302 ἑαυτῷ,
3139 3230 3231 3283 καὶ
3254 3227 3470 3300 πρῶτον
3493 3228 3573 3290 εἰς
3594 3223 3754 3293 ἁγίαν

2169 3331 2291 3386 τινὰ
2320 3332 2413 3384 καὶ
2451 3327 2912 3398 τεθαυμασμένην
2945 3324 3020 3386 ὡς
3054 3326 3111 3376 ὲν
3158 3321 3358 3392 ἐαυτῷ,
3397 3319 3487 3373 καὶ
3521 3316 3751 3389 παραδο-

2173 3424 2261 3490 ξον
2288 3421 2501 3493 ἀληθῶς
2533 3418 2785 3484 ἀπότεξιν
2831 3419 2925 3471 καὶ
2955 3416 3100 3487 ζωήν
3122 3431 3137 3445 ⁸
3175 3414 3367 3483 γέγονε
3395 3412 3452 3465 δὲ
3490 3411 3584 3463 καὶ
3611 3408 3750 3479 πρῶ-

2169 3531 2259 3577 τος
2294 3512 2453 3575 αὐτὸς
2497 3511 2755 3579 γεννητὸς
2783 3508 2878 3561 τοῦ
2920 3506 3074 3575 ἁγίου
3110 3504 3427 3574 Πνεύματος
3461 3502 3624 3570 (κατᾶ
3656 3515 3750 3567 γε,

2173 3605 2338 3676 φημὶ,
2369 3603 2464 3675 τὴν
2487 3602 2706 3673 σάρκα),
2729 3600 2792 3652 ἵν’
2818 3599 3008 3669 ὥσπερ
3029 3595 3132 3666 ὁδῷ
3153 3595 3246 3649 καὶ
3270 3597 3350 3656 εἰς
3370 3593 3518 3663 ἡμᾶς
3543 3589 3748 3651 αὐτοὺς

2171 3695 2551 3760 διαὸαινούσης
2585 3696 2684 3765 τῆς
2713 3693 2955 3764 χάριτος,
2996 3690 3096 3743 οὐκ
3126 3687 3186 3752 ἐξ
3218 3686 3492 3756 αἱμάτων,
3535 3681 3660 3736 οὐδὲ
3689 3681 3745 3733 ἐν

2174 3789 2478 3860 θελήματος
2510 3786 2731 3858 σαρκὸς,
2753 3783 2874 3836 οὐδὲ
2899 3785 2962 3835 ἐκ
2987 3780 3293 3850 θελήματος
3322 3775 3533 3845 ἀνδρὸς,
3551 3773 3664 3827 ἀλλ’
3689 3770 3746 3823 ὲκ

2173 3879 2311 3934 Θεοῦ
2345 3879 2435 3933 διὰ
2468 3877 2784 3946 Πνεύματος
2823 3873 2922 3944 τὴν
2961 3871 3161 3942 νοητὴν
3203 3869 3419 3939 ἔχοντες
3458 3864 3750 3934 ἁναγέννηο

2175 3990 2280 4036 σιν,
2313 3970 2408 4024 καὶ
2454 3970 2554 4040 τὴν
2588 3967 2725 4038 πρός
2771 3983 2834 4036 γε
2883 3965 2975 4018 τὸν
3029 3962 3188 4032 φύσει
3221 3961 3316 4014 καὶ
3360 3955 3576 4028 ἀληθῶς
3626 3953 3748 4008 Υἱὸν

2175 4080 2238 4115 συ
2247 4059 2528 4132 μμορφίαν
2549 4057 2946 4128 πνευματικὴν,
2967 4054 3187 4126 Πατέρα
3215 4051 3471 4122 καλῶμεν
3491 4050 3582 4103 τὸν
3600 4047 3748 4111 Θεὸν,

2172 4158 2315 4213 οὕτω
2342 4172 2401 4208 τε
2441 4150 2709 4224 ἄφθαρτοι
2761 4148 3126 4219 διαμένωμεν,
3169 4145 3245 4208 ὼς
3283 4143 3385 4196 οὐκ
3429 4141 3510 4195 ἔτι
3543 4138 3746 4204 πατέρα

2174 4253 2264 4306 τὸν
2293 4250 2506 4321 πρῶτον
2532 4245 2769 4317 ἔχοντες,
2808 4239 3088 4292 τουτέστιν
3137 4235 3330 4305 Ἀδὰμ,
3358 4234 3417 4287 έν
3459 4224 3504 4300 ᾧ
3532 4230 3628 4284 καὶ
3655 4231 3746 4296 se-

2177 4317 2449 4414 θάρμεθα.
2474 4338 2584 4392 Καὶ
2625 4335 2754 4404 γοῦν
2787 4331 2888 4400 ἔφη
2925 4327 3179 4398 Χριστὸς,
3215 4325 3294 4395 πῆ
3327 4324 3449 4414 μὲν,
3477 4323 3559 4414 ὅτι
3595 4317 3742 4414 ι-Καὶ

2177 4407 2390 4506 πατέρα
2427 4430 2500 4502 μὴ
2520 4427 2782 4494 καλέσητε
2805 4421 2959 4493 ὑμῶν
2989 4419 3082 4472 ἐπὶ
3095 4417 3196 4486 τῆς
3217 4416 3341 4484 γῆς,
3368 4407 3449 4477 εἷς
3604 4411 3746 4506 ἐστιν

2012 4503 2070 4596 υἱ
2105 4549 2146 4603 υ
2179 4503 2416 4596 ὁΠατὴρ
2449 4521 2602 4594 ὑμῶν
2621 4519 2648 4570 ὁ
2667 4517 2852 4578 ἐντοῖς
2873 4512 3139 4583 οὐρανοῖς.
3158 4528 3174 4560 ι
3193 4509 3276 4582 Πῆ
3299 4507 3355 4560 δε
3373 4504 3620 4577 δὴ,ὡςέν
3641 4503 3745 4564 τοῖς

2181 4594 2464 4691 καθ’ὴμᾶς
2492 4614 2580 4670 διὰ
2603 4612 2759 4667 τοῦτο
2774 4607 3126 4678 καθιγμένος,
3154 4603 3220 4656 ἵν’
3245 4605 3278 4672 ἡ
3289 4603 3392 4670 μᾶς
3412 4594 3745 4691 ἀγάγῃ-πρὸς

2179 4715 2240 4768 τὸ
2275 4713 2404 4766 ἴδιον
2444 4706 2607 4762 αὑτοῦ
2635 4703 2730 4758 καὶ
2753 4699 3056 4771 θεοπρεπὲς
3093 4695 3310 4764 ἀξίωμα
3332 4707 3345 4720 °
3386 4709 3404 4742 ι
3442 4687 3749 4760 Πορεύομαι

2183 4807 2318 4878 πρὸς
2335 4803 2425 4856 τὸν
2443 4799 2661 4869 Πατέρα
2691 4811 2792 4867 μου
2819 4793 2912 4846 καὶ
2937 4789 3154 4858 Πατέρα
3175 4783 3464 4857 ὑμῶν,ξκαὶ
3489 4779 3620 4834 θεόν
3649 4793 3749 4856 μου

2180 4871 2275 4950 καὶ
2300 4894 2432 4948 Θεὸν
2464 4890 2636 4960 ὑμῶν.
2667 4907 2684 4938 ι
2708 4883 2882 4938 Αὑτοῦ
2929 4882 3026 4952 μὲν
3063 4880 3171 4948 γὰρ
3200 4879 3358 4947 φύσει
3390 4872 3580 4943 Πατὴρ
3695 4871 3750 4921 ὲν

2178 4991 2291 5052 τοῖς
2323 4985 2603 5056 οὐρανοῖς,
2640 4977 2795 5049 ἡμῶν
2848 4973 2902 5026 δὲ
2950 4971 3100 5034 Θεός.
3166 4965 3388 5037 Ἐπειδὴ
3426 4964 3481 5016 δὲ
3521 4963 3548 5013 ὁ
3593 4959 3748 5029 φύσει

2179 5083 2274 5134 καὶ
2302 5054 2515 5149 ἀληθῶς
2539 5074 2664 5136 Υἱὸς
2692 5070 2884 5139 γέγονε
2929 5065 3047 5119 καθ’
3079 5063 3247 5134 ἡμᾶς,
3286 5059 3419 5114 Θεὸν
3462 5054 3750 5149 ἐσχηκέναι

2178 5173 2343 5244 φησιν
2383 5167 2563 5230 αὑτὸν,
2595 5162 2735 5218 κατὰ
2763 5178 2827 5230 γε
2852 5159 2943 5212 τὸν
2976 5159 3042 5228 τῇ
3078 5152 3302 5209 κενώσει
3347 5149 3623 5221 πρέποντα
3661 5145 3749 5198 3.6-

2177 5241 2292 5334 γον.
2323 5261 2530 5315 Δὲδωκε
2553 5257 2608 5310 δὲ
2640 5255 2733 5308 καὶ
2759 5253 2892 5325 ἡμῖν
2923 5248 3013 5303 τὸν
3043 5243 3238 5302 ἑαυτοῦ
3265 5243 3485 5314 Πατέρα
3505 5257 3519 5270 °
3551 5241 3749 5309 γέγρα-

2177 5330 2308 5410 πται
2350 5353 2487 5424 γὰρ,
2529 5352 2610 5404 ὅτι
2647 5368 2664 5400 ι
2686 5347 2842 5399 Ὅσοι
2867 5343 2923 5396 δὲ
2951 5340 3141 5394 ἔλαϐον
3178 5336 3376 5399 αὐτὸν,
3413 5333 3608 5386 ἔδωκεν
3650 5330 3744 5383 a5-

2176 5453 2290 5514 τοῖς
2320 5422 2569 5515 ἐξουσίαν
2597 5440 2764 5496 τέκνα
2804 5434 2940 5490 Θεοῦ
2965 5430 3218 5501 γενέσθαι
3245 5429 3357 5490 τοῖς
3403 5422 3747 5478 πιστεύουσιν

2175 5509 2552 5608 εἰςντὸνὸνομα
2581 5530 2765 5588 αὐτοῦ.
2793 5548 2810 5580 ι
2844 5528 2907 5580 Εἰ
2935 5525 2992 5578 δὲ
3032 5523 3399 5592 ἀναιρήσομεν
3431 5514 3656 5586 ἀμαθῶς
3690 5509 3750 5564 τὺ

2175 5605 2516 5698 ὲν-ἁποτέξει
2561 5621 2817 5694 γενέσθαι
2851 5620 2916 5689 τῇ
2949 5614 3071 5670 καθ’
3124 5613 3271 5683 ἡμᾶς
3304 5609 3394 5664 τὸν
3432 5609 3496 5661 ὲκ
3542 5605 3750 5676 Πατρδς

2281 5746 2326 5776 ’⁸³
2360 5743 2510 5799 Joan.
2551 5757 2585 5804 ι,
2619 5738 2698 5794 15.
2777 5732 2820 5763 ⁸⁸
2852 5727 3038 5784 Matth.
3072 5740 3201 5780 χλιιι
3228 5766 3240 5790 ,
3271 5723 3323 5779 9.
3402 5722 3444 5753 ⁸³
3472 5720 3622 5776 Ιοιιιι.
3658 5731 3744 5777 λς,
