4122 6550
365 429 505 484 1275

1493 429 1686 496 QL’OD
1728 427 1917 485 UNUS
1958 427 2068 484 SIT
2101 428 2462 489 CHRISTUS.

3491 432 3628 489 127i

361 546 497 598 Θεοῦ
525 544 719 613 Λόγον,
759 545 851 597 τὸν
882 548 939 599 ὲν
972 547 1104 598 πᾶσι
1136 562 1508 615 πρωτευοντα,
1541 547 1685 603 κατὰ
1725 545 1822 617 τὴν
1851 544 1929 599 τοί

2052 556 2235 601 natum
2266 562 2386 602 esse
2420 545 2657 601 Verbum
2682 547 2862 603 Deiex
2894 549 3077 614 Patre,
3106 549 3250 618 quod
3274 550 3324 602 in
3373 554 3627 606 omnibus

361 638 674 706 σοφωτάτου
726 636 940 690 Παύλου
972 636 1175 707 φωνὴν,
1222 638 1358 709 πρὸς
1412 639 1534 691 τίνα
1581 639 1765 692 λοιπὸν
1806 656 1938 709 μορ-

361 729 649 798 φούμενοι,
679 730 930 799 γεννητοὶ
959 730 1095 783 Θεοῦ
1123 730 1213 784 διὰ
1252 730 1568 802 Πνεύματος
1604 734 1941 804 χρηματιοῦ-

363 836 463 890 μεν
498 824 660 891 ἡμεῖς
685 838 698 887 ;
722 821 841 874 τινα
862 820 954 874 τοῦ
990 824 1317 892 πράγματος
1351 824 1605 887 λαϐόντες
1635 825 1733 893 τὴν
1760 825 1940 896 ἀπαρ-

359 911 480 982 χὴν,
516 912 548 981 ἢ
591 912 686 964 καὶ
711 913 854 975 τίνος
883 913 1017 976 ὅλως
1049 915 1125 978 εἰς
1152 917 1299 985 ἡμᾶς
1332 917 1639 982 πέμποντος
1678 916 1739 970 τὸ
1775 917 1941 982 ἀξίω-

363 1020 473 1073 μα;
507 1004 670 1056 Φαῖεν
698 1004 782 1065 ἂν,
803 1004 878 1067 ὣς
905 1022 968 1071 γε
997 1002 1170 1075 οἶμαι,
1195 1008 1286 1060 καὶ
1314 1008 1467 1060 αὐτοί
1488 1025 1501 1038 ·
1534 1008 1641 1061 Τοῦ
1669 1009 1941 1080 ὲνανθρω-

359 1098 435 1166 πή
447 1112 638 1160 σαντος
661 1096 856 1164 Λόγου.
889 1095 1018 1151 Εἶτα
1049 1098 1165 1163 πῶς
1189 1100 1339 1153 ἔσται
1366 1102 1520 1155 τοῦτο
1539 1101 1756 1172 ἀληθὲς,
1790 1103 1837 1153 εἰ
1863 1102 1936 1172 μὴ

360 1188 523 1252 αὐτὸς
551 1189 741 1258 γέγονε
774 1188 933 1260 σὰρξ,
972 1194 1249 1247 τουτέστιν
1280 1194 1583 1263 ἄνθρωπος,
1623 1195 1752 1248 ἴδιον
1781 1212 1939 1266 ποιη-

362 1280 593 1349 σάμενος
630 1282 790 1351 σῶμα
816 1283 876 1336 τὸ
901 1282 1262 1355 ἀνθρώπινον,
1288 1286 1411 1338 καθ’
1444 1285 1640 1338 ἕνωσιν
1672 1286 1938 1340 ἀδιάσπα-

361 1388 505 1437 στον,
531 1373 618 1426 ἴνα
645 1373 736 1427 καὶ
764 1374 929 1427 αὐτοῦ
960 1376 1165 1445 νοῆται,
1190 1377 1284 1429 καὶ
1308 1376 1431 1448 [μὴ]
1458 1376 1517 1442 ἐξ
1541 1378 1727 1447 ἑτέρου
1756 1378 1933 1446 τινός;

359 1462 576 1533 Πέμψει
615 1466 723 1538 γὰρ
753 1465 896 1520 οὕτω
941 1468 1036 1521 καὶ⁸
1080 1470 1159 1531 εἰς
1202 1471 1352 1539 ἡμᾶς
1392 1471 1492 1540 τῆς
1529 1469 1802 1534 υἱοθεσίας
1839 1470 1937 1541 τὴν

358 1553 540 1623 χάριν,
580 1558 673 1608 καὶ
709 1559 959 1629 γεννητοὶ
991 1558 1310 1630 Πνεύματος
1348 1562 1585 1631 ἐσόμεθα
1616 1563 1708 1615 καὶ
1749 1564 1932 1632 ἡμεῖς,

359 1644 453 1698 ἅτε
486 1647 549 1716 δὴ
580 1651 677 1719 τῆς
724 1650 1016 1721 ἀνθρώπου
1056 1651 1272 1720 φύσεως
1311 1655 1369 1707 ὲν
1400 1654 1551 1724 αὐτῷ
1588 1655 1683 1708 καὶ
1732 1652 1936 1726 πρώτῳ

358 1737 630 1811 λαχούσης
659 1740 835 1796 τοῦτο.
860 1742 967 1796 Καί
991 1760 1078 1813 μοι
1104 1744 1251 1797 δοκεῖ
1267 1744 1505 1799 τοιοῦτόν
1525 1764 1576 1798 τι
1599 1747 1719 1799 καθ’
1744 1747 1934 1801 ἑαυτὸν

358 1829 708 1901 ὲννενοηκὼς,
742 1832 909 1901 φάναι
936 1851 1037 1886 που
1076 1836 1167 1888 καὶ
1197 1837 1343 1906 μάλα
1372 1836 1550 1907 ὀρθῶς
1578 1838 1606 1890 6
1646 1838 1933 1903 θεσπέσιος

2048 640 2251 710 primas
2272 640 2478 693 obtinet
2506 639 2569 703 ⁵⁸,
2594 637 2747 705 juxta
2777 638 2925 695 Pauli
2982 640 3363 709 sapientissimi
3414 655 3627 706 vocem,

2047 732 2113 784 ad
2139 746 2299 799 quem
2349 732 2564 783 tandem
2619 729 2969 797 conformati,
3020 746 3083 786 ex
3145 731 3253 787 Deo
3305 732 3470 802 geniti
3530 747 3629 800 per

2048 822 2309 891 Spiritum
2369 822 2778 891 appellabimur,
2832 832 2925 876 aut
2983 840 3146 892 quem
3214 823 3376 891 hujus
3422 824 3621 893 negotii

2046 913 2344 982 principem
2412 928 2476 968 ac
2537 922 2699 983 caput
2728 913 3085 969 habebimus?
3130 925 3223 969 aut
3252 918 3373 984 quis
3400 917 3625 971 omnino

2046 1006 2184 1061 hanc
2214 1006 2527 1075 dignitatem
2551 1006 2604 1060 in
2645 1022 2745 1063 nos
2796 1008 3197 1062 transmiserit?
3245 1009 3432 1065 Dicent
3493 1025 3623 1075 pro-

2045 1098 2207 1162 fecto,
2242 1107 2301 1153 ut
2330 1098 2563 1152 arbitror
2582 1141 2598 1165 ,
2630 1099 2795 1154 etiam
2821 1099 2921 1167 ipsi
2950 1118 2964 1153 :
2994 1098 3227 1153 Verbum
3258 1102 3619 1154 incarnatum.

2043 1192 2205 1260 Atqui
2226 1207 2332 1260 quo
2358 1203 2516 1261 pacto
2552 1207 2738 1247 verum
2763 1194 2861 1246 hoc
2894 1192 3018 1256 erit,
3049 1192 3150 1245 nisi
3172 1191 3345 1259 ipsum
3387 1190 3619 1245 Verbum

2045 1283 2245 1337 factum
2280 1293 2533 1344 estcaro.
2564 1284 2666 1337 hoc
2682 1294 2785 1348 est,
2812 1284 3013 1345 homo“,
3069 1284 3267 1351 quippe
3307 1282 3449 1350 quod
3494 1296 3621 1349 pro-

2044 1376 2217 1443 prium
2249 1376 2348 1429 sibi
2370 1374 2557 1429 fecerit
2581 1390 2777 1445 corpus
2806 1392 2867 1429 ea
2898 1376 3104 1430 unitate
3130 1391 3249 1444 qua:
3267 1375 3448 1430 divelli
3474 1374 3620 1428 nulla

2044 1465 2256 1519 ratione
2273 1474 2471 1534 queat:
2500 1465 2574 1518 ita
2612 1465 2867 1518 nimirum
2893 1476 2948 1517 ut
2982 1466 3151 1532 ipsius
3193 1464 3350 1518 Verbi
3397 1478 3621 1519 censea-

2043 1565 2151 1623 tur,
2186 1567 2361 1613 etnon
2385 1558 2607 1612 alterius
2628 1556 2964 1627 cuiuspiam?
2990 1557 3101 1611 Hoc
3121 1558 3264 1611 enim
3279 1567 3436 1626 pacto
3452 1556 3623 1611 etiam

2044 1651 2096 1703 in
2127 1664 2224 1702 nos
2266 1649 2593 1703 transmittet
2650 1648 2921 1702 liliationis
2972 1648 3530 1717 gratiam,genitique
3588 1663 3621 1703 e

2046 1736 2248 1807 Spiritu
2280 1738 2483 1792 erimus
2529 1738 2690 1792 etiam
2730 1756 2851 1804 nos,
2904 1749 3092 1807 utpote
3152 1748 3347 1793 natura
3379 1739 3619 1793 humana

2043 1829 2213 1883 hocin
2234 1829 2351 1898 ipso
2373 1837 2426 1882 et
2446 1827 2665 1898 quidem
2705 1830 2879 1897 primo
2906 1838 3221 1883 consecuta.
3246 1830 3324 1883 Ac
3346 1829 3476 1883 mihi
3506 1828 3621 1898 qui-

356 1920 601 1985 Παῦλος’
636 1942 654 1974 ι
693 1924 906 1996 Ὠσπερ
946 1926 1053 1996 γὰρ
1088 1926 1433 1997 ὲῳορέσαμεν
1467 1928 1565 1998 τὴν
1609 1930 1792 1982 εἰκόνα
1835 1930 1927 1983 τοῦ

2035 1920 2155 1973 dem
2216 1919 2431 1974 videtur
2476 1920 2640 1974 etiam
2683 1921 2900 1974 divinus
2966 1921 3187 1985 Paulus,
3246 1921 3617 1989 hujuscemodi

353 2014 560 2083 χοϊκοῦ,
597 2015 902 2087 φορέσομεν
936 2019 1029 2072 καὶ
1066 2018 1164 2085 τῂν
1198 2019 1383 2073 εἰκόνα
1415 2020 1506 2072 τοῦ
1533 2022 1855 2091 ἐπουρανίου
1877 2040 1925 2075 ἰ

353 2106 447 2158 καὶ
474 2106 567 2158 τὸν
616 2107 715 2176 μὲν
767 2108 983 2179 πρῶτον
1015 2110 1302 2177 ἄνθρωπον
1344 2112 1410 2164 ὲκ
1447 2113 1549 2181 γῆς
1590 2114 1692 2183 ἔφη
1726 2113 1930 2185 χοῖκὸν,

351 2196 445 2249 τὸν
492 2196 548 2249 δὲ
584 2196 834 2269 δεύτερον
874 2199 933 2265 ἐξ
975 2199 1245 2269 οὐρανοῦ⁶
1288 2220 1306 2251 ‹
1346 2201 1483 2253 Ἀλλ’
1531 2197 1643 2266 οἷος
1673 2203 1700 2254 6
1728 2204 1930 2273 χοῖκὸς,

350 2286 579 2342 τοιοῦτοι
627 2290 722 2342 καὶ
745 2292 793 2343 οἱ
828 2291 1021 2360 χοῖκοὶ,
1068 2292 1222 2363 φησὶ,
1256 2292 1350 2345 καὶ
1382 2289 1493 2357 οἷος
1523 2296 1552 2347 6
1588 2297 1930 2366 ἐπουράνιος,

350 2379 584 2433 τοιοῦτοι
615 2382 709 2434 καὶ
741 2383 789 2434 oi
840 2383 1179 2452 ἐπουράνιοι.
1208 2403 1225 2434 ι
1266 2385 1455 2437 Χοῖκοὶ
1495 2387 1602 2457 γάρ
1638 2389 1825 2456 ἐσμεν,
1858 2388 1934 2453 ὡς

351 2473 415 2525 ὲκ
456 2472 642 2541 χοϊκοῦ
677 2472 771 2525 τοῦ
810 2474 980 2544 Ἀδὰμ
1015 2476 1481 2545 παρεμπεσούσης
1517 2480 1597 2539 εἰς
1634 2480 1780 2547 ἡμᾶς
1831 2479 1934 2548 τῆς

349 2563 490 2633 ἀρᾶς
529 2564 630 2633 τῆς
669 2566 898 2636 φθορᾶς,
929 2566 995 2618 δι’
1029 2563 1098 2639 ἦς
1125 2569 1217 2620 καὶ
1248 2570 1276 2621 6
1317 2570 1417 2638 τῆς
1450 2569 1725 2640 ἁμαρτίας
1754 2570 1931 2623 εἰσέδυ

347 2655 533 2725 νόμος.
565 2659 591 2709 ὁ
614 2658 671 2708 ἐν
691 2661 802 2720 τοῖς
836 2658 1022 2727 μέλεσι
1054 2662 1166 2723 τοῖς
1194 2660 1293 2728 τῆς
1328 2661 1551 2731 σαρκός.
1588 2663 1932 2733 Ἐπουράνιοι

346 2745 405 2799 δὲ
436 2747 763 2817 γεγόναμεν,
814 2749 890 2813 ὡς
942 2752 1000 2805 ἐν
1054 2751 1276 2821 Χριστῷ
1321 2751 1578 2817 λαϐόντες
1624 2753 1683 2807 τὸ
1718 2755 1929 2825 χρῆμα.

348 2835 481 2899 Θεὸς
506 2837 616 2908 γὰρ
658 2836 733 2890 ὣν
775 2839 935 2907 φύσει
961 2841 1055 2894 καὶ
1104 2844 1167 2894 ἐκ
1203 2841 1338 2895 Θεοῦ
1361 2843 1455 2895 καὶ
1498 2843 1726 2910 ἄνωθεν,
1762 2862 1934 2899 κατα-

354 2929 689 2999 πεφοίτηκεν
739 2932 799 2984 ὲν
845 2935 960 2997 τοῖς
1009 2933 1133 2987 καθ’
1178 2936 1330 3004 ἡμᾶς
1388 2937 1672 3006 ἀσυνήθως
1728 2955 1787 2990 τε
1838 2939 1933 2993 καὶ

349 3018 535 3084 ξένως,
559 3023 814 3092 γεννητὸς
840 3024 981 3078 κατὰ
1005 3025 1183 3099 σάρκα
1211 3025 1450 3095 γεγονὼς
1479 3028 1573 3081 τοῦ
1598 3030 1928 3101 πνεύματος,

349 3109 438 3163 ἴνα
493 3113 639 3180 ἆγιοί
693 3131 751 3167 τε
802 3117 895 3169 καὶ
955 3117 1221 3192 ἄφθαρτοι
1261 3120 1353 3173 καὶ
1401 3123 1565 3190 ἡμεῖς
1597 3122 1718 3175 κατ’
1768 3122 1932 3177 αὐτὸν

347 3200 712 3273 διαμείνωμεν
738 3205 813 3270 ὡς
852 3206 912 3272 ἐξ
941 3209 1113 3279 ἀρχῆς
1141 3210 1236 3263 καὶ⁵
1273 3209 1429 3282 ῥίζης
1452 3212 1713 3283 δευτέρας
1742 3213 1927 3278 αὑτοῦ,

348 3289 590 3361 δηλονότι
620 3297 1053 3369 καταϐαινούσης
1088 3302 1168 3363 εις
1193 3302 1343 3372 ἡμᾶς
1382 3303 1479 3372 τῆς
1508 3304 1750 3374 χάριτος.

419 3572 480 3626 Β.
520 3573 753 3643 Ἀριστα
795 3577 949 3644 εφης.

418 3665 482 3719 Α.
523 3665 656 3717 Τίνα
709 3663 765 3716 δὲ
814 3666 1017 3734 τρόπον
1066 3665 1160 3718 καὶ
1188 3665 1505 3735 ὡμοιῶσθαί
1549 3682 1714 3734 φασιν
1768 3665 1930 3719 αὐτὸν

349 3751 494 3805 κατὰ
535 3753 714 3806 πάντα
756 3755 870 3815 τοῖς
918 3753 1188 3821 ἀδελφοῖς,
1234 3754 1512 3807 τουτέστιν
1550 3756 1716 3824 ήμῖν;
1767 3754 1799 3826 ἢ
1836 3754 1931 3808 καὶ

348 3844 433 3907 τίς
470 3844 607 3907 ὅλως
646 3844 804 3899 νοοῖτ’
844 3845 911 3899 ἂν
951 3848 980 3898 ό
1013 3845 1113 3916 τὴν
1157 3846 1418 3915 ὁμοίωσιν
1462 3845 1744 3910 ὑπελθὼν,
1776 3848 1824 3899 si
1854 3845 1928 3918 μὴ

346 3935 490 3989 κατὰ
517 3936 676 4004 φύσιν
696 3936 880 4003 ἕτερος
901 3931 990 4005 ἦν,
1022 3936 1115 3989 καὶ
1147 3937 1246 3990 οὐκ
1284 3936 1340 3989 ἐν
1362 3953 1425 4004 γε
1452 3938 1564 4000 τοῖς
1597 3935 1718 3989 καθ’
1745 3937 1924 4005 ἡμᾶς

346 4027 419 4080 Τὸ
475 4028 584 4099 γάρ
626 4028 689 4096 γέ
735 4045 878 4081 τισιν
933 4028 1309 4099 ὁμοιούμενον,
1349 4025 1489 4081 εἴναί
1540 4046 1641 4081 που
1710 4028 1928 4090 πάντως

345 4119 561 4188 ἀνάγκη
592 4120 847 4190 διάφορον
871 4122 1001 4190 παρ’
1032 4121 1252 4183 αὐτοὺς,
1277 4120 1373 4174 καὶ
1397 4121 1496 4173 οὐκ
1514 4120 1688 4184 ἐοικὸς
1720 4121 1925 4186 αὐτοῖς,

345 4211 641 4281 ἑτεροειδὲς
688 4211 745 4264 δὲ
795 4211 1017 4280 μᾶλλον,
1059 4211 1236 4265 εῖτουν
1288 4214 1601 4283 ὲτεροφυές.
1651 4212 1928 4283 Ἀνόμοιος

344 4304 525 4356 τοίνυν
587 4303 851 4373 ὑπάρχων
900 4305 1033 4373 ἡμῖν
1094 4303 1238 4357 κατὰ
1285 4304 1447 4374 φύσιν
1490 4308 1519 4359 6
1575 4306 1923 4375 Μονογενὴς,

343 4392 663 4464 ὠμοιῶσθαι
708 4395 925 4463 λέγεται
968 4394 1207 4463 γεγονὼς
1258 4396 1378 4449 καθ’
1431 4398 1610 4468 ἡμᾶς,
1648 4397 1924 4449 τουτέστιν

343 4483 651 4555 ἄνθρωπος.
689 4486 727 4536 Γ
731 4486 900 4540 ἐνοιτο
928 4486 972 4539 6‘
1014 4486 1080 4539 ἂν
1107 4486 1264 4540 τοῦτο
1296 4488 1393 4541 καὶ
1435 4488 1579 4556 μάλα
1620 4487 1796 4558 ὀρθῶς
1831 4489 1926 4541 καὶ

2038 2010 2313 2081 quidpiam
2344 2011 2604 2076 sentiens,
2637 2012 2763 2064 alibi
2790 2012 2863 2064 ita
2926 2020 3072 2066 recte
3116 2012 3404 2066 admodum
3444 2014 3619 2067 dixis-

2036 2117 2139 2159 se:
2181 2121 2204 2155 σ
2233 2103 2701 2169 Quemadmodum
2748 2103 2894 2156 enim
2938 2103 3274 2172 portavimus
3324 2105 3619 2173 imaginem

2039 2197 2260 2261 terreni,
2292 2195 2631 2264 portabimus
2660 2193 2825 2248 etiam
2864 2195 3153 2263 imaginem
3213 2196 3453 2251 ctelestis
3489 2196 3556 2249 “.
3593 2214 3614 2247 ι

2036 2287 2105 2342 Ει
2134 2289 2368 2358 primum
2408 2286 2624 2356 quidem
2670 2286 2942 2341 hominem
2976 2301 3043 2341 ex
3087 2296 3249 2350 terra,
3282 2286 3417 2341 dixit
3458 2297 3624 2341 terre-

2036 2397 2196 2446 num;
2229 2382 2524 2434 secundum
2545 2394 2674 2433 vero
2697 2395 2759 2434 ex
2790 2378 2948 2444 caelo,
2974 2379 3272 2434 ctelestem.
3308 2396 3327 2430 ι
3356 2378 3462 2433 Sed
3483 2394 3622 2449 qua-

2036 2473 2102 2528 lis
2138 2483 2406 2536 terrenus,
2462 2471 2595 2526 tales
2652 2480 2709 2525 et
2766 2472 3005 2537 terreni;
3058 2482 3111 2527 et
3155 2472 3617 2541 qualiscoelestis,

2036 2566 2170 2620 tales
2199 2574 2253 2620 et
2298 2566 2575 2620 caelestes.
2616 2584 2634 2616 ι
2667 2564 2892 2619 Tcrreui
2950 2566 3095 2620 enim
3158 2581 3366 2630 sumus,
3433 2574 3621 2631 utpote

2038 2653 2355 2709 transmissa
2385 2654 2437 2707 in
2480 2670 2577 2709 nos
2633 2669 2700 2709 ex
2748 2667 2962 2709 terreno
3011 2655 3183 2708 Adam
3236 2655 3622 2710 maledictione

2034 2745 2423 2817 corruptionis,
2466 2762 2741 2817 perquam
2771 2758 2827 2801 et
2852 2748 2933 2801 lex
2968 2749 3175 2818 peccati
3215 2748 3463 2818 irrepsit,
3494 2763 3619 2817 qua:

2033 2848 2116 2892 est
2141 2838 2193 2891 in
2222 2840 2483 2893 membris
2516 2840 2716 2893 carnis.
2748 2838 3010 2894 leestes
3028 2852 3204 2895 autem
3238 2840 3364 2894 facti
3405 2856 3615 2905 smnus,

2034 2931 2085 2984 in
2110 2929 2327 2985 Christo
2351 2930 2403 2984 id
2427 2931 2725 2985 consecuti.
2762 2931 2903 2986 Deus
2926 2932 3071 2986 enim
3096 2933 3371 2986 exsisteus
3401 2941 3615 2995 natura,

2030 3031 2086 3076 et
2114 3037 2179 3076 ex
2217 3021 2325 3079 Deo
2346 3031 2510 3091 atque
2541 3037 2605 3076 ex
2633 3022 2902 3091 supernis,
2972 3023 3252 3077 descendit
3291 3025 3356 3077 ad
3405 3034 3614 3088 nostra,

2033 3129 2171 3168 novo
2198 3125 2360 3182 atque
2406 3112 2667 3168 inusitato
2704 3127 2854 3167 more
2876 3113 3092 3181 genitus
3140 3114 3439 3169 secundum
3489 3130 3616 3169 car-

2036 3222 2156 3261 nem
2182 3205 2355 3260 factus
2377 3214 2461 3260 est
2508 3203 2764 3273 Spiritus,
2816 3214 2871 3258 ut
2905 3204 3162 3260 videlicet
3215 3206 3389 3260 sancti
3447 3215 3615 3277 atque

2038 3297 2477 3365 incorruptibiles
2527 3294 2690 3350 etiam
2750 3310 2849 3351 nos
2896 3297 2948 3350 in
3016 3297 3135 3365 ipso
3205 3310 3521 3353 maneamus
3547 3312 3616 3352 ex

2040 3391 2179 3460 ipso,
2226 3398 2484 3459 tanquam
2516 3407 2581 3445 ex
2621 3388 2893 3459 principio
2918 3396 2973 3443 et
3026 3387 3214 3444 radice
3266 3389 3526 3455 secunda,
3561 3390 3618 3446 in

2036 3478 2135 3537 nos
2166 3479 2487 3535 transmissa
2514 3482 2710 3550 gratia.

2104 3573 2165 3626 Β.
2205 3572 2421 3642 Optime
2451 3573 2659 3627 dixisti.

2102 3666 2169 3718 Α.
2209 3663 2453 3731 Quonam
2486 3679 2617 3719 vero
2657 3672 2813 3733 pacto
2854 3663 3019 3719 etiam
3048 3663 3280 3719 similem
3317 3663 3490 3734 ipsum
3532 3663 3618 3719 fa-

2032 3765 2179 3813 ctum
2212 3772 2333 3811 esse
2360 3756 2510 3811 aiunt
2534 3771 2629 3823 per
2650 3757 2831 3809 omnia
2863 3755 3143 3823 fratribus,
3174 3756 3273 3811 hoc
3299 3768 3401 3821 εει,
3428 3757 3619 3812 nobis?

2032 3858 2125 3903 aut
2153 3848 2400 3917 quisnam
2433 3848 2655 3902 omnino
2685 3855 2975 3901 censeatur
3014 3845 3185 3900 fuisse
3216 3845 3262 3900 is
3290 3846 3381 3915 qui
3417 3846 3614 3900 simili-

2035 3941 2271 3995 tudinem
2308 3949 2548 3994 nostram
2577 3939 2761 4003 subiit,
2788 3938 2887 3992 nisi
2922 3939 3215 3991 secundum
3247 3948 3492 3991 naturam
3528 3940 3616 3991 dl-

2031 4047 2219 4087 versus
2255 4042 2393 4094 erat,
2433 4040 2489 4085 et
2531 4045 2642 4083 non
2688 4030 2843 4084 nobis
2881 4029 3118 4084 similis?
3145 4028 3296 4095 Quod
3328 4028 3473 4083 enim
3511 4028 3616 4083 ali-

2030 4124 2224 4193 quibus
2253 4122 2431 4177 simile
2463 4120 2721 4185 efficitur,
2772 4134 2992 4176 necesse
3024 4132 3109 4176 est
3140 4131 3198 4173 ut
3228 4120 3499 4175 diversum
3546 4121 3617 4175 ab

2030 4217 2096 4272 iis
2125 4215 2419 4279 exstiterit,
2455 4230 2627 4285 neque
2674 4214 2848 4269 simile
2880 4214 3031 4283 ipsis,
3064 4215 3159 4269 sed
3186 4214 3365 4283 potius
3394 4213 3616 4268 alterius

2029 4305 2251 4377 speciei,
2283 4307 2400 4360 sive
2436 4316 2663 4361 naturae.
2696 4305 2859 4376 726
2887 4304 3177 4359 Dissimilis
3201 4304 3384 4373 itaque
3408 4314 3616 4359 natura:

2030 4417 2060 4455 a
2096 4400 2252 4456 nobis
2277 4401 2546 4455 exsistens
2578 4399 2919 4469 Unigenitus,
2950 4398 3143 4451 similis
3171 4396 3344 4451 factus
3383 4411 3502 4451 esse
3526 4396 3613 4450 di-

2029 4492 2191 4555 citur,
2222 4495 2396 4545 factus
2442 4491 2492 4544 id
2528 4492 2667 4559 quod
2702 4504 2819 4555 nos,
2876 4487 2979 4542 hoc
3011 4497 3114 4552 est,
3163 4486 3341 4539 liomo.
3386 4485 3613 4538 Factum

347 4578 545 4648 μόνως.
578 4580 635 4630 ὲν
657 4579 908 4645 ἀποτέξει
940 4581 1006 4650 τῇ
1043 4579 1164 4632 καθ’
1190 4582 1362 4649 ἡμᾶς,
1386 4582 1433 4633 εὶ
1463 4582 1558 4633 καὶ
1585 4578 1922 4651 παραδόξως,

2035 4595 2212 4639 autem
2242 4584 2342 4637 fuit
2368 4584 2489 4647 hoc,
2529 4593 2582 4636 et
2607 4591 2751 4636 recte
2785 4581 3072 4634 admodum
3103 4593 3166 4633 ac
3197 4578 3535 4633 solummodo
3559 4577 3612 4629 in

343 4668 429 4721 ἐπ’
452 4668 639 4723 αὑτοῦ.
668 4669 800 4732 Θεὸς
822 4669 931 4740 γὰρ
962 4666 1028 4740 ἦν
1055 4672 1083 4724 ὁ
1107 4671 1496 4741 σαρκούμενος.
1528 4672 1921 4741 Ὁμολογείσθω

342 4776 405 4829 γε
440 4763 547 4833 μὴν
586 4763 661 4825 ὡς
700 4763 946 4833 ὲψύχωτο
976 4767 1177 4833 νοερῶς
1210 4764 1270 4816 τὸ
1318 4764 1516 4818 ἑνωθὲν
1554 4765 1699 4836 αὐτῷ
1739 4765 1919 4836 σῶμα.

344 4853 419 4906 Οὐ
450 4853 559 4924 γάρ
595 4871 678 4907 τοι
706 4854 768 4907 τὸ
805 4856 1052 4925 κρεῖττον
1081 4855 1190 4907 τῶν
1224 4856 1280 4907 ἐν
1308 4858 1441 4926 ἡμῖν
1468 4857 1646 4927 ἀφεὶς,
1675 4861 1921 4913 τουτέστι

341 4946 539 5016 ψυχὴν,
573 4946 737 5017 μόνου
770 4947 1065 5018 πεποίηται
1087 4946 1253 5015 φειδὼ
1282 4949 1474 5017 γηῖνου
1506 4949 1781 5019 σώματος,
1805 4951 1919 5004 ἀλλ’

341 5037 476 5105 ὁμοῦ
508 5039 685 5109 ψυχῆς
724 5041 816 5093 καὶ
862 5039 1113 5111 σώματος
1148 5041 1445 5112 προενόησε
1490 5042 1665 5113 σοφῶς
1692 5044 1819 5108 Θεὸς
1846 5044 1921 5098 ῶν

344 5128 373 5178 6
400 5128 592 5197 Λόγος.

412 5305 474 5357 Β.
517 5305 778 5377 Σύμφημι
798 5325 813 5339 ο
845 5313 1061 5381 φρονεῖς
1088 5312 1198 5383 γὰρ
1224 5315 1420 5386 ὀρθῶς.

411 5396 474 5448 Α.
516 5395 726 5450 Οὐκοῦν
762 5399 811 5451 εἰ
853 5400 1058 5468 λέγοιεν
1086 5405 1133 5455 οἱ
1169 5404 1236 5457 δι’
1275 5406 1543 5471 ἐναντίας,
1580 5410 1777 5479 ἥκιστα
1819 5412 1918 5481 μὲν

340 5486 602 5539 Θεοτόκον
624 5488 983 5559 ὀνομάζεσθαι
1013 5494 1123 5547 δεῖν
1152 5495 1249 5567 τὴν
1272 5498 1437 5566 ἁγίαν
1468 5500 1760 5570 Παρθένον,
1784 5504 1916 5574 Χρι-

344 5578 595 5633 στοτόκον
619 5579 675 5633 δὲ
705 5581 924 5650 μᾶλλον,
955 5584 1329 5657 δυσφημοῢσιν
1352 5590 1677 5660 ἀναφανδὸν,
1702 5596 1794 5647 καὶ
1820 5595 1917 5648 τοῦ

342 5662 480 5722 εἶναι
509 5668 642 5723 Θεὸν
675 5670 767 5723 καὶ
796 5671 925 5726 Υἱὸν
959 5672 1177 5744 ἀληθῶς
1210 5678 1540 5733 ἁποσοϐοὖσι
1566 5683 1818 5753 Χριστόν.
1853 5685 1915 5738 Εἰ

345 5759 453 5829 γὰρ
493 5755 631 5814 εἶναι
677 5762 990 5817 πιστεύουσι
1030 5766 1163 5818 Θεὸν
1189 5768 1401 5839 ἀληθῶς
1456 5774 1637 5842 αὐτὸν,
1671 5776 1746 5840 ὡς
1795 5777 1915 5831 καθ’

414 5851 457 5883 (⁸
487 5852 506 5907 l
542 5855 665 5910 Cor.
706 5872 788 5921 xv,
819 5856 905 5910 25.
986 5856 1028 5890 θ’
1065 5859 1194 5915 ibid.
1224 5861 1307 5917 49.

2029 4676 2308 4731 nativitate
2342 4684 2540 4729 nostrae
2582 4673 2770 4737 simili,
2806 4674 3016 4726 tametsi
3043 4669 3432 4724 admirabiliter
3470 4667 3614 4737 quod

2029 4768 2094 4821 ad
2137 4767 2312 4836 ipsum
2357 4766 2569 4819 attinet.
2616 4763 2759 4818 Deus
2802 4761 2946 4816 enim
3002 4771 3143 4827 erat,
3175 4760 3265 4828 qui
3300 4759 3613 4813 incarnatus

2028 4867 2131 4914 est.
2170 4857 2528 4912 Proliteamur
2567 4856 2753 4924 utique
2792 4853 3087 4905 animatum
3120 4864 3240 4905 esse
3275 4850 3613 4904 intellectua-

2028 4951 2154 5005 liter
2177 4965 2375 5019 corpus
2418 4948 2517 5017 ipsi
2567 4948 2797 5001 unitum.
2847 4943 3033 5013 Neque
3062 4943 3205 4997 enim
3238 4940 3613 5012 praestantiore

2027 5043 2199 5099 nostri
2234 5052 2408 5112 parte,
2446 5041 2547 5095 hoc
2570 5047 2673 5105 est,
2708 5038 2887 5092 anima
2915 5035 3180 5106 neglecta,
3209 5032 3376 5089 solius
3407 5032 3606 5087 terreni

2026 5135 2274 5204 corporis
2307 5148 2436 5187 cura
2478 5133 2663 5187 habita
2699 5139 2800 5196 est,
2842 5129 2934 5183 sed
2966 5128 3126 5182 simul
3154 5125 3350 5179 animae
3388 5132 3444 5179 et
3483 5139 3609 5179 cor-

2026 5227 2143 5298 pori
2177 5226 2451 5295 sapienter
2472 5223 2752 5294 prospexit
2781 5221 2920 5275 Deus
2946 5218 3214 5273 exsistens
3241 5216 3500 5271 Verbum.

2095 5320 2154 5374 Β.
2194 5318 2478 5373 Αεςειιιὶοι·
2508 5335 2520 5371 :
2560 5327 2705 5370 recte
2728 5313 2871 5368 enim
2907 5311 3100 5366 sentis.

2096 5409 2162 5463 A.
2197 5408 2432 5464 Proinde
2453 5407 2500 5461 si
2523 5407 2704 5461 dicant
2725 5402 3043 5464 adversarii,
3063 5408 3308 5455 sanctam
3333 5396 3607 5469 Virginem

2025 5500 2166 5556 nulla
2215 5499 2426 5554 ratione
2477 5496 2761 5566 Deiparam
2789 5492 3045 5564 appellari
3074 5492 3291 5554 debere,
3314 5490 3406 5545 sed
3434 5490 3609 5558 potius

2025 5592 2445 5662 Christiparam,
2479 5589 2765 5645 manifeste
2815 5584 3211 5654 blasphemant,
3244 5591 3297 5637 et
3331 5580 3606 5637 Christum

2027 5687 2192 5741 Deum
2239 5700 2302 5739 ac
2347 5699 2472 5739 rcrc
2515 5681 2713 5737 Filium
2748 5693 2867 5734 esse
2900 5685 3118 5748 negant.
3150 5674 3282 5731 Nam
3324 5673 3368 5729 si
3422 5673 3604 5741 ipsum

2027 5792 2212 5834 revera
2278 5775 2445 5831 Deum
2509 5787 2630 5828 csse
2680 5770 2924 5833 credunt,
2989 5777 3169 5839 utpotc
3223 5765 3392 5823 nostri
3437 5760 3603 5819 simili
