4122 6530
545 415 680 473 1273

1563 416 1621 470 8.
1659 413 1934 471 εγιιειιι
1975 411 2446 470 ALEXANDIHNI
2485 415 2804 472 ABCHIEP.

3673 414 3815 470 £276

543 531 685 584 iacto
717 528 1024 597 Uuigeulto,
1057 545 1157 584 cur
1181 529 1348 599 Ipsius
1383 530 1697 597 genitricem
1723 528 2005 596 Deiparam
2031 544 2123 599 ap-

2228 528 2380 597 ἡμᾶς
2403 528 2692 596 γεγονότος
2731 525 2828 581 τοῦ
2860 527 3224 594 Μονογενοῦς.
3259 527 3376 580 ἀνθ’
3405 528 3526 582 ὅτου
3561 543 3816 582 καταπι-

543 623 741 692 pellare
787 631 1062 688 verentur,
1107 621 1404 677 secundum
1435 635 1653 676 carnem
1688 619 1948 690 inquam?

611 796 674 852 Β.
715 797 826 852 lmo
877 797 1030 852 aiunt
1063 815 1078 852 :
1115 798 1365 853 convenit
1417 797 1561 852 enim
1622 797 1872 867 privatim
1926 812 2122 853 nomen

540 892 738 946 Christi
773 894 820 946 ei
849 893 1050 960 quiest
1078 903 1141 943 ex
1185 891 1410 945 muliere
1452 899 1505 942 ct
1538 890 1747 943 semine
1781 889 1970 954 David,
2003 890 2125 944 ideo

540 987 682 1054 quod
716 985 789 1039 sit
823 997 1020 1038 unctus
1049 985 1253 1048 Spiritu
1289 995 1500 1038 sancto.
1527 983 1594 1035 At
1627 981 1860 1037 Verbum
1887 999 1952 1038 ex
1993 985 2121 1048 Deo,

541 1087 800 1146 quantum
825 1078 890 1130 ad
925 1078 1195 1145 propriam
1223 1093 1374 1131 suam
1397 1087 1646 1130 naturam
1669 1077 1885 1138 attinet,
1917 1091 2123 1146 nequa-

541 1183 701 1238 quam
750 1170 1078 1238 cjuscetuodi
1113 1169 1284 1237 gratia
1323 1169 1544 1238 indiget,
1593 1168 1858 1236 siquidem
1903 1183 1967 1222 ex
2023 1182 2121 1222 sua

541 1271 732 1313 natura
763 1269 1010 1314 sanctum
1045 1270 1148 1312 est.
1178 1257 1366 1314 Nonne
1393 1260 1536 1313 cnitn
1569 1274 1762 1313 nomen
1794 1258 1995 1314 Christi
2020 1276 2124 1313 un-

540 1349 772 1404 ctiouetu
812 1349 1048 1418 aliquam
1077 1349 1276 1403 factam
1312 1349 1625 1418 significat?

608 1442 676 1494 Α.
721 1440 884 1494 Recte
921 1441 1139 1507 quidem
1179 1440 1314 1495 dicis
1354 1457 1369 1493 :
1403 1441 1654 1494 nimirum
1691 1443 1832 1512 quod
1863 1444 1986 1512 quia
2023 1457 2124 1496 un-

539 1540 659 1586 ctus
698 1540 779 1585 est
815 1532 1150 1588 solummodo
1205 1532 1455 1587 Christus
1483 1542 1736 1596 vocatur;
1772 1536 2123 1602 quemadtt‘to-

543 1621 665 1675 llum
706 1630 759 1676 et
790 1623 1088 1688 apostolus,
1126 1633 1348 1690 propter
1385 1623 1484 1692 τὴν
1528 1623 1855 1693 ἀποστολήν.
1884 1627 1985 1680 hoc
2017 1636 2120 1694 est,

543 1713 890 1782 legationem,
922 1715 1146 1784 angelus
1173 1715 1262 1768 διὰ
1301 1716 1360 1768 τὸ
1383 1715 1687 1784 ἀγγέλλειν,
1735 1730 1955 1787 propter
1991 1735 2126 1773 nun-

541 1807 817 1860 tiatinuent
865 1825 878 1861 :
935 1823 1056 1860 nam
1111 1807 1269 1876 huius
1321 1812 1538 1877 generis
1576 1811 1791 1863 nomina
1849 1812 2122 1865 actionum

2228 617 2455 688 φρίκασι
2482 617 2745 670 Θεοτόκον
2775 618 2949 670 εἰπεῖν
2989 618 3089 687 τὴν
3121 615 3390 670 τεκοῦσαν
3431 616 3618 681 αὑτὸν,
3663 618 3816 672 κα.τὰ

2224 727 2311 778 γε,
2342 711 2486 780 φημὶ
2515 711 2617 779 τῂν
2647 711 2862 780 σάρκας

2295 802 2356 858 Β.
2397 803 2525 867 Ναὶ,
2558 803 2759 870 φασίν·
2788 803 2935 855 ἔοικε
2976 801 3088 873 γᾶρ
3119 801 3438 872 καταμόνας
3479 801 3557 871 τῷ
3605 803 3670 856 ἐκ
3713 819 3818 870 γυ-
3861 799 3868 827 ⁸

2225 893 2410 957 ναικὸς
2459 897 2553 948 καὶ
2596 896 2660 947 έκ
2712 895 3034 963 σπέρματος
3079 895 3174 948 τοῦ
3222 893 3408 956 Δαύὶδ,
3446 893 3508 946 τὸ
3551 895 3819 962 Χριστι’·ς

2225 985 2417 1054 ὄνομα.
2438 985 2525 1040 διὰ
2551 985 2614 1039 τὸ
2647 985 2934 1055 κεχρῖσθαι
2964 985 3044 1055 τῷ
3078 985 3218 1054 ἁγίῳ
3244 984 3520 1053 Πνεύματι
3540 1000 3552 1011 ’
3584 985 3816 1054 δεηθείη

2224 1077 2270 1130 δ’
2305 1077 2372 1130 ἂν
2403 1077 2684 1146 οὐδαμῶς.
2709 1077 2770 1131 τό
2805 1093 2867 1145 γε
2900 1073 3035 1150 ἧκον
3067 1079 3150 1140 ei;
3183 1077 3320 1131 ίδίαν
3355 1076 3538 1145 φύσιν,
3570 1079 3638 1130 ἐκ
3668 1076 3816 1130 Θεοῦ

2225 1168 2399 1235 Λόγος
2439 1168 2534 1222 τοῦ
2579 1169 2786 1222 τοιοῦδε
2830 1171 3209 1240 χαρίσματος,
3254 1169 3416 1239 εἴπερ
3456 1171 3605 1222 ἐστὶν
3652 1169 3817 1236 ᾶγιος

2226 1261 2368 1314 κατά
2415 1260 2596 1329 φύσιν.
2620 1256 2697 1314 Ἦ
2729 1262 2837 1332 γὰρ
2873 1263 2997 1331 οὐχὶ
3028 1262 3090 1314 τὸ
3115 1261 3368 1328 Χριστὸς
3409 1260 3580 1331 ὄνομα
3617 1259 3812 1332 κρίσιν

2225 1351 2348 1406 τινὰ
2378 1353 2680 1423 γενομένην
2710 1355 3084 1425 ύπεμφήνειεν
3109 1355 3210 1420 (iv;

2295 1447 2358 1498 Δ.
2403 1445 2580 1514 Ἔφης
2615 1447 2715 1515 μὲν
2754 1445 2956 1514 ὀρθῶς,
2976 1445 3051 1508 ὡς
3077 1445 3169 1499 διὰ
3189 1462 3272 1498 τοι
3309 1445 3370 1498 τὸ
3395 1443 3680 1514 κεχρῖσθαι
3711 1444 3814 1513 μό-

2225 1555 2316 1592 νον
2347 1538 2580 1604 Χριστὸς
2626 1537 2972 1608 ὀνομάζεται,
3017 1538 3270 1608 καθάπερ
3308 1537 3499 1607 ἀμέλει
3533 1538 3628 1590 καὶ
3672 1537 3812 1590 ἁπό-

2227 1630 2412 1693 στολος
2427 1631 2517 1684 διὰ
2545 1631 2642 1699 τὴν
2668 1632 2994 1701 ἀποστολὴν,
3024 1631 3253 1698 ἄγγελός
3291 1647 3349 1682 τε
3390 1629 3476 1682 διὰ
3510 1630 3568 1682 τὸ
3608 1627 3812 1696 ἀγγέλ-

2225 1721 2357 1774 λειν.
2383 1721 2462 1775 Τὰ
2490 1722 2598 1791 γὰρ
2629 1723 2804 1775 τοιάδε
2831 1722 2938 1776 τῶν
2959 1723 3262 1792 ὀνομάτων,
3282 1722 3622 1792 πραγμάτων
3644 1720 3810 1773 τινῶν

2229 1813 2462 1865 ποιεῖται
2492 1811 2745 1882 δήλωσιν,
2775 1812 2876 1882 οὐχ
2917 1811 3269 1864 ὑποστάσεων
3308 1811 3509 1872 ίδικῶν,
3542 1809 3665 1863 οὗτε
3699 1810 3813 1879 μὴν

541 1898 894 1964 quarumdam
926 1898 1340 1966 explicationem
1372 1899 1621 1963 iunuttnl,
1656 1915 1758 1952 non
1793 1915 1923 1955 vero
1957 1916 2122 1970 peru-

2229 1877 3043 1974 npoatimwv'bpoloyoupévwv.
3101 1903 3407 1973 Κέκληνται
3455 1902 3561 1971 γὰρ
3615 1877 3715 1955 καί
3759 1877 3811 1954 οι

542 1989 704 2044 liarcs
738 1991 1070 2045 substantias
1111 1991 1224 2044 sive
1272 2006 1536 2059 personas
1583 1993 1864 2047 evidentes
1917 1994 2124 2064 signiti-

541 2093 684 2138 caut.
715 2081 901 2136 Vocati
932 2084 1076 2136 enim
1109 2093 1232 2136 sunt
1261 2084 1534 2152 propheta:
1568 2086 1780 2148 christi,
1812 2087 1967 2153 juvta
1994 2087 2121 2142 illud

541 2173 594 2228 itt
619 2173 844 2228 Psalmis
866 2184 1138 2229 cantatum
1167 2194 1181 2229 :
1213 2194 1231 2226 ι
1259 2176 1432 2230 Nolite
1457 2186 1674 2244 tangere
1697 2178 1928 2233 christos
1951 2193 2118 2244 meos,

541 2265 676 2320 etin
714 2265 992 2334 prophetis
1035 2267 1166 2319 meis
1199 2266 1369 2320 nolite
1408 2268 1690 2336 malignari
1730 2269 1795 2323 ’°.
1839 2289 1858 2322 ι
1895 2272 2033 2336 Quin
2070 2282 2124 2325 et

543 2356 803 2422 propheta
837 2353 1089 2410 llabacuc
1122 2356 1193 2410 ita
1226 2357 1302 2409 ait
1329 2375 1342 2412 :
1378 2376 1396 2407 ι
1427 2356 1694 2426 Egressus
1719 2373 1776 2413 es
1807 2360 1860 2412 itt
1894 2360 2122 2415 salutem

543 2446 722 2515 populi
761 2448 857 2511 ttti,
886 2447 1096 2502 salvare
1131 2449 1366 2503 t‘ltristos
1391 2460 1511 2504 tuos
1533 2450 1600 2505 ".
1636 2471 1653 2502 ι
1680 2450 1950 2506 Caeterum
1989 2453 2122 2508 illud

539 2537 702 2592 etiam
733 2537 916 2592 dicito.
951 2537 1082 2592 Nam
1117 2551 1171 2594 et
1198 2540 1298 2610 ipsi
1332 2545 1665 2598 contendunt
1701 2544 1978 2600 Christum
2016 2561 2121 2601 non

539 2642 660 2682 esse
686 2644 873 2690 unum,
911 2639 965 2683 et
990 2629 1210 2693 Filium.
1246 2641 1500 2702 tauquam
1533 2636 1814 2689 Dominum
1847 2637 2120 2694 hominem

539 2718 742 2774 factum
775 2731 936 2791 atque
969 2722 1312 2777 incarnatum
1348 2725 1682 2793 unigenitum
1731 2727 1822 2782 Dei
1862 2728 2119 2786 Verbum.

609 2813 672 2869 Β.
714 2815 1106 2870 Contenderint
1151 2814 1399 2871 fortasse.
1454 2818 1646 2872 Volunt
1691 2820 1876 2888 utique
1925 2837 2120 2876 nomen

539 2908 663 2973 hoc,
697 2906 968 2973 Christus,
1007 2924 1111 2961 non
1145 2909 1214 2961 ita
1240 2911 1534 2964 convenire
1565 2909 1744 2964 Verbo
1771 2927 1835 2966 ex
1872 2913 1980 2968 Deo
2016 2913 2124 2967 Pa-

541 3011 622 3054 tre
653 2999 834 3066 genito
872 3015 885 3052 :
921 2999 1066 3067 quod
1118 2999 1374 3054 nimirum
1418 3015 1524 3054 non
1557 3002 1626 3055 sit
1660 3011 1878 3056 unctum
1923 3018 2121 3059 secuno

537 3089 664 3144 dum
697 3092 968 3160 propriam
1001 3108 1154 3145 suam
1204 3101 1476 3156 naturam,
1515 3103 1697 3159 utpote
1732 3094 1896 3150 Deus.
1929 3096 2036 3151 Sed
2067 3107 2122 3152 et

538 3181 667 3237 illud
699 3197 915 3252 quoque
960 3184 1221 3252 adjiciunt
1255 3206 1266 3240 :
1307 3184 1490 3252 Neque
1523 3188 1689 3250 enim,
1738 3189 2008 3257 inquiunt,
2039 3199 2121 3245 est
2149 3210 2192 3267 ο

540 3287 709 3328 unum
737 3289 800 3328 ex
837 3275 901 3327 iis
928 3277 1235 3329 nominibus
1267 3292 1386 3346 qua:
1417 3278 1578 3348 72-7
1605 3293 1632 3331 a
1659 3278 1815 3334 nobis
1867 3281 1933 3334 de
1964 3279 2126 3336 Patre

537 3377 596 3424 et
629 3367 833 3436 Spiritu
861 3378 1050 3423 sancto
1081 3371 1462 3438 prmtlicantur.

608 3460 674 3516 A.
718 3459 966 3516 Nondum
1015 3462 1151 3516 satis
1199 3461 1482 3516 manifesta
1531 3471 1613 3517 est
1659 3465 1853 3520 oratio.
1903 3465 2122 3522 Declara

537 3555 748 3624 itaque.
785 3553 950 3610 Rei-te
980 3556 1125 3609 enim
1162 3553 1374 3609 feceris.

609 3646 672 3706 Β.
715 3649 851 3702 Audi
888 3648 1070 3716 igitur.
1100 3648 1528 3717 Qttatttplut‘imte
1555 3659 1703 3713 sunt,
1735 3666 1922 3723 eatque
1948 3655 2127 3709 diver-

535 3757 610 3798 sae
631 3741 683 3796 in
709 3742 880 3796 sacris
909 3739 1130 3794 Litteris
1152 3739 1268 3794 Filii
1287 3740 1696 3810 appellationes.
1721 3741 1956 3798 Vocatur
1979 3748 2124 3800 enim

537 3832 678 3888 Deus
710 3843 763 3886 et
795 3832 1070 3897 Dominus,
1102 3841 1154 3884 et
1189 3833 1278 3886 lux
1313 3842 1366 3886 et
1405 3832 1532 3897 vita,
1563 3847 1771 3887 necnon
1806 3850 1897 3888 rex
1931 3847 1985 3890 et
2013 3837 2124 3890 vir-

539 3934 711 3980 tutum
749 3923 1029 3989 Dominus,
1077 3935 1304 3980 sanctus
1357 3934 1410 3979 et
1444 3927 1810 3994 omnipotens.
1857 3927 2122 3983 Caeterum

536 4017 581 4072 si
617 4019 739 4088 quis
771 4018 886 4072 iure
930 4018 1042 4087 ipsa
1086 4016 1154 4070 de
1207 4015 1366 4072 Patre
1400 4019 1516 4073 sive
1565 4021 1633 4073 de
1679 4016 1886 4087 Spiritu
1937 4034 2125 4080 sancto

534 4111 934 4180 praedicaverit,
969 4111 1607 4178 nequaquamerraverit.
1642 4110 1809 4166 Unius
1836 4111 1980 4166 enim
2013 4128 2126 4166 na—

541 4213 693 4271 turae,
732 4220 835 4257 tina
862 4203 1028 4257 etiam
1066 4201 1228 4257 fuerit
1254 4205 1476 4256 omnino
1501 4216 1555 4257 et
1589 4205 1910 4272 dignitatum
1945 4208 2125 4262 excel-

535 4296 724 4351 lentia.
758 4297 814 4352 Si
843 4309 970 4365 ergo
1001 4311 1196 4349 nomen
1229 4294 1430 4350 Christi
1462 4309 1585 4349 vere
1626 4299 1879 4351 convenit
1927 4297 2122 4370 Uuige-

538 4387 673 4453 nito,
727 4389 1000 4441 tribuatur
1045 4388 1235 4452 etiam,
1275 4387 1542 4457 inquiunt,
1598 4387 1967 4444 iudiﬂereutcr
2017 4407 2123 4446 una

537 4495 659 4536 cum
697 4479 819 4534 aliis
855 4479 1302 4550 appellationibus
1325 4490 1376 4533 et
1405 4479 1550 4533 Patri
1573 4490 1627 4534 et
1651 4478 1877 4551 Spiritui
1913 4495 2119 4538 sancto.

2226 1995 2504 2063 προφῆται
2531 1995 2762 2064 χριστοὶ,
2796 1995 2934 2047 κατὰ
2961 1994 3023 2046 τὸ
3052 1995 3111 2047 ἐν
3145 1994 3394 2064 Ψαλμοῖς
3424 1994 3769 2063 ὑμνούμενον
3794 2010 3808 2022 ο

2231 2102 2249 2134 ι
2285 2085 2376 2152 Μὴ
2405 2085 2641 2138 ἅπτεσθε
2685 2087 2794 2138 τῶν
2841 2085 3076 2156 χριστῶν
3128 2102 3252 2155 μου,
3301 2085 3392 2137 καὶ
3430 2086 3487 2137 ὲν
3519 2087 3633 2148 τοῖς
3673 2099 3814 2153 προ-

2225 2179 2425 2247 φήταις
2451 2195 2553 2247 μου
2580 2178 2655 2246 μὴ
2691 2177 3078 2248 πονηρεύεσθε.
3113 2195 3129 2228 t
3163 2177 3304 2247 Ἔφη
3333 2176 3390 2230 δὲ
3421 2177 3558 2230 καὶὸ
3593 2180 3814 2247 προφή-

2223 2285 2324 2339 της
2362 2267 2677 2338 Ἀδὸακούμ
2704 2285 2716 2297 ·
2758 2289 2777 2320 ι
2818 2267 3070 2338 Ἐξῆλθες
3116 2269 3196 2331 είς
3240 2269 3510 2338 σωτηρίαν
3539 2268 3673 2321 λαοῦ
3708 2285 3812 2322 σου

2223 2362 2318 2416 τοῦ
2354 2361 2526 2416 σῶσαι
2567 2363 2696 2425 τοὺς
2739 2362 2999 2433 χριστούς
3041 2379 3158 2416 σου.
3195 2381 3214 2412 ι
3254 2360 3400 2431 Πλὴν
3453 2362 3634 2415 ἐκεῖνο
3665 2362 3814 2432 φράο

2227 2468 2350 2505 σον·
2385 2453 2447 2506 ού
2484 2453 2594 2523 γὰρ
2623 2449 2761 2505 εἷναί
2797 2470 2929 2521 φασι
2977 2453 3072 2506 καὶ
3105 2453 3262 2506 αὐτοὶ
3302 2453 3537 2522 Χριστὸν
3581 2453 3680 2506 ἕνα
3712 2455 3814 2506 καὶ

2225 2543 2374 2608 Υίὸν,
2399 2543 2475 2607 ὡς
2506 2543 2709 2614 Κύριον
2745 2543 3241 2614 ὲνανθρωπήσαντα
3268 2544 3362 2597 καὶ
3383 2545 3812 2614 σεσαρκωμένον

2223 2635 2314 2690 τὸν
2341 2636 2622 2711 Μονογενῆ
2656 2633 2750 2688 τοῦ
2773 2634 2907 2688 Θεοῦ
2943 2634 3133 2702 Λόγον.

2294 2816 2355 2869 Β.
2395 2816 2555 2868 Φαῖεν
2591 2814 2657 2868 ἂν
2707 2816 2872 2878 ἴσως,
2922 2815 3156 2869 ἐοικέναι
3195 2833 3256 2884 γε
3307 2815 3434 2886 μὴν,
3477 2815 3598 2885 οὐχὶ
3628 2815 3810 2885 δήπου

2227 2905 2427 2977 μᾶλλον
2459 2905 2536 2974 τῷ
2565 2909 2628 2959 ὲκ
2655 2904 2790 2959 Θεοῦ
2819 2906 3034 2977 Πατρδς
3075 2906 3234 2975 φύντι
3270 2907 3424 2976 Λόγῳ
3452 2905 3513 2958 τὸ
3545 2906 3811 2974 Χριστὸς

2224 2998 2397 3069 ὄνομα
2431 2997 2730 3068 βούλονται,
2757 2998 2846 3050 διά
2875 3015 2956 3051 τοι
2991 2998 3050 3051 τὸ
3091 2997 3166 3069 μὴ
3194 2997 3480 3068 κεχρῖσθαι
3511 2999 3631 3049 κατ’
3670 2996 3814 3049 ἰδίαν

2226 3091 2388 3161 φύσιν
2439 3090 2516 3154 ὡς
2565 3091 2720 3144 Θεόν.
2774 3092 3190 3160 Προσεπάγουσι
3237 3091 3294 3144 δὲ
3345 3090 3516 3161 τούτῳ
3561 3091 3808 3144 κάκεῖνο.

2224 3186 2299 3238 Ού
2333 3183 2442 3255 γάρ
2471 3201 2575 3250 τοι,
2616 3185 2799 3252 φασὶν,
2836 3183 2910 3246 ὡς
2943 3183 3002 3235 ’ἐν
3032 3184 3148 3235 ἐστι
3184 3181 3294 3235 τῶν
3319 3183 3619 3252 ὀνομάτων,
3663 3181 3812 3248 ἅπερ

2224 3277 2290 3330 ἂν
2311 3276 2521 3345 λέγοιτο
2553 3275 2689 3345 πρὸς
2718 3275 2895 3344 ἡμῶν,
2945 3276 3040 3329 καὶ
3069 3274 3157 3328 ἐπ’
3191 3273 3356 3328 αὑτοῦ
3395 3273 3490 3327 τοῦ
3524 3273 3740 3342 [Ιατρδς
3773 3272 3808 3341 ἢ

2224 3370 2317 3423 καὶ
2343 3369 2435 3422 τοῦ
2468 3367 2622 3436 ἁγίου
2650 3366 2990 3437 Πνεύματος.

2291 3466 2355 3515 Α.
2398 3460 2564 3514 Οὖπω
2592 3460 2737 3531 μάλα
2775 3461 2922 3512 ἐστὶν
2952 3459 3192 3531 ἐναργὴς
3241 3461 3268 3513 ὀ
3301 3459 3490 3528 λόγος·
3525 3459 3806 3526 Διασὰφει

2222 3549 2346 3607 οὖν⁸
2376 3553 2595 3625 δράσεις
2629 3552 2737 3622 γὰρ
2773 3551 2968 3622 ὀρθῶς.

2296 3647 2355 3700 Β.
2391 3648 2592 3699 ’Ἄκουε
2636 3645 2723 3715 δή.
2777 3644 3048 3712 Πλείστην
3095 3643 3194 3714 μὲν
3235 3643 3345 3714 γὰρ
3390 3642 3484 3697 καὶ
3533 3641 3808 3712 διαφόρως

2225 3736 2652 3807 ἐξενηνεγμένην
2681 3735 2779 3805 τὴν
2813 3733 2908 3786 τοῦ
2942 3735 3072 3787 Υίού
3111 3735 3325 3803 κλῆσιν,
3358 3735 3508 3805 παρὰ
3539 3737 3662 3796 ταῖς
3690 3733 3808 3786 fiso-

2227 3829 2516 3892 πνεύστοις
2567 3829 2813 3898 Γραφαῖς
2860 3825 3067 3879 ἔνεστιν
3123 3825 3271 3878 ἰδεῖν.
3319 3826 3640 3894 Ὠνόμασται
3695 3824 3809 3895 γὰρ

2224 3923 2356 3985 Θεὸς
2387 3923 2481 3974 καὶ
2519 3921 2746 3992 Κύριος,
2772 3920 2867 3972 καὶ
2900 3917 3037 3988 φῶς,
3071 3918 3165 3970 καὶ
3206 3915 3342 3989 ζωὴ,
3371 3920 3462 3971 καὶ
3494 3919 3678 3987 μέντοι
3712 3920 3805 3970 καὶ

2229 4013 2505 4084 βασιλεὺς.
2557 4013 2653 4067 καὶ
2700 4011 2811 4066 τῶν
2841 4013 3124 4082 δυνάμεων
3166 4011 3400 4082 Κύριος,
3431 4013 3586 4080 ἅγιός
3624 4028 3683 4063 τε
3713 4011 3803 4063 καὶ

2227 4107 2645 4177 παντοκράτωρ.
2696 4106 2837 4159 Ἀλλ’
2867 4108 2915 4159 εί
2965 4105 3207 4176 βούλοιτό
3247 4122 3331 4168 τις
3375 4106 3467 4158 καὶ
3517 4105 3606 4156 ἐπ’
3637 4103 3803 4157 αὑτοῦ

2226 4202 2390 4271 φάναι
2418 4201 2575 4253 ταυτὶ
2604 4200 2698 4254 τοῦ
2745 4199 2982 4270 Πατρὸς,
3011 4200 3180 4269 ἤγουν
3207 4195 3301 4251 τοῦ
3347 4197 3502 4264 ἁγίου
3550 4197 3802 4266 Πνεύμαο

2225 4313 2337 4358 τος,
2367 4295 2469 4348 οὐκ
2495 4293 2562 4347 ἂν
2601 4293 2839 4364 ἁμάρτοι
2875 4291 2970 4346 τοῦ
3006 4291 3340 4363 πρέποντοςο
3393 4292 3523 4360 μιᾶς
3559 4289 3669 4358 γὰρ
3704 4289 3800 4357 φύ-

2229 4405 2366 4451 σεως
2401 4385 2496 4456 μία
2518 4403 2620 4438 που
2644 4386 2860 4444 πάντως
2890 4384 3042 4436 ἔσται
3076 4384 3108 4452 ἡ
3143 4382 3252 4436 τῶν
3277 4381 3604 4451 ἀξιωμάτων
3636 4383 3800 4451 ὑπερο

2225 4481 2348 4551 οχή.
2399 4479 2571 4548 Εἴπερ
2615 4475 2710 4531 οὖν
2759 4479 2908 4530 ἐστιν
2942 4474 3156 4544 ἀληθῶς
3187 4474 3364 4536 ἐοικὸς
3393 4473 3564 4542 ὄνομα
3591 4474 3668 4543 τῷ
3692 4474 3800 4526 Mo-

535 4574 668 4627 (Zum
719 4587 848 4626 vero
891 4573 1181 4626 absurdum
1239 4573 1586 4628 vehementer
1638 4575 1727 4638 sit,
1777 4573 1828 4627 id
1884 4577 2119 4631 nominis

2227 4572 2427 4639 νογενεῖ
2446 4570 2505 4622 τὸ
2527 4567 2800 4638 Χριστὸς,
2821 4567 3090 4638 χωρείτω,
3110 4565 3296 4632 φασὶν,
3315 4565 3639 4634 ἀδιακρίτως
3666 4565 3803 4634 μετὰ

535 4661 682 4717 Patri
717 4671 769 4718 et
799 4664 1022 4732 Spiritui
1053 4673 1242 4718 sancto
1286 4663 1578 4728 ascribere,
1629 4679 1803 4733 neque
1837 4666 1932 4734 ipsi
1974 4667 2114 4719 veri-

536 4755 790 4809 similiter
834 4754 1120 4825 Uuigcuito
1161 4756 1478 4822 conveniet;
1527 4755 1622 4809 sed
1669 4757 1846 4826 potius
1879 4771 1942 4812 ac
1987 4773 2115 4812 vere

537 4848 809 4902 tribuetur
836 4848 909 4902 illi
942 4849 1030 4918 qui
1067 4859 1150 4903 est
1185 4864 1249 4902 ex
1281 4850 1488 4904 semine
1515 4849 1702 4914 David,
1735 4851 1801 4905 de
1837 4866 1942 4918 quo
1969 4863 2118 4907 recte

533 4950 590 4994 et
620 4940 830 4994 censeri
863 4949 916 4994 et
947 4939 1048 4993 dici
1081 4949 1257 5007 potest
1286 4939 1428 5010 quod
1459 4949 1656 4993 unctus
1683 4941 1750 4992 sit
1781 4941 2004 5009 Spiritu.

2220 4661 2331 4714 τῶν
2359 4660 2533 4714 ἄλλων
2571 4659 2663 4711 καὶ
2693 4657 2780 4708 ἐπ’
2813 4655 2976 4709 αὑτοῦ
3003 4654 3097 4708 τοῦ
3125 4655 3340 4725 Πατρδς
3379 4656 3475 4708 καὶ
3519 4655 3612 4708 τοῦ
3647 4654 3803 4722 ἁγίου

2223 4755 2557 4825 Πνεύματος.
2612 4751 2832 4822 Ἐπειδὴ
2867 4750 2924 4803 δέ
2972 4752 3115 4802 ἐστιν
3169 4749 3431 4802 ἀπίθανον
3481 4748 3703 4819 κομιδῇ,
3745 4747 3802 4800 τὲ

2225 4847 2558 4918 ἐφαρμόζειν
2592 4844 2725 4897 αύτό
2757 4843 2834 4913 τῷ
2876 4841 3050 4912 Πατρὶ
3089 4842 3182 4894 καὶ
3210 4841 3288 4912 τῷ
3331 4841 3470 4911 ἁγίῳ
3502 4839 3804 4909 Πνεύματι,

2226 4941 2332 4994 οὐδ’
2363 4939 2428 4994 ἂν
2469 4935 2638 5006 αύτῷ,
2677 4934 2820 4988 κατὰ
2856 4935 2916 4986 τὸ
2950 4935 3116 5000 εἰκὸς,
3145 4934 3302 4988 ἔσται
3345 4932 3424 5003 τῷ
3470 4933 3800 4998 Μονογενεῖο

535 5038 897 5110 ὲκνενέμηται
926 5036 982 5090 δὲ
1015 5037 1237 5106 μᾶλλον,
1273 5037 1347 5100 ὡς
1377 5036 1613 5106 ἀληθῶς,
1665 5036 1743 5107 τῷ
1807 5037 1871 5090 ὲκ
1917 5039 2236 5110 σπέρματος
2299 5035 2389 5090 τοῦ
2420 5033 2605 5094 Δαδὶδ,
2645 5033 2732 5100 ἐφ’
2775 5024 2948 5104 οὗπερ
3019 5031 3087 5084 ἂν
3135 5031 3221 5102 εἴη
3253 5029 3345 5082 καὶ
3392 5029 3804 5098 ἀνεπίπληκτον

535 5131 733 5201 κομιδῇ
780 5130 840 5184 τὸ
888 5128 1171 5200 κεχρῖσθαι
1222 5128 1301 5199 τῷ
1353 5129 1631 5198 Πνεύματι
1678 5129 1770 5181 καὶ
1828 5133 1967 5182 νοεῖν
2021 5133 2115 5186 καὶ
2151 5133 2352 5199 λέγειν.

609 5225 674 5278 A'.
717 5223 1033 5278 Communia
1088 5224 1304 5292 quidem
1355 5238 1475 5278 eSse
1526 5223 1758 5277 dicimus
1811 5226 1969 5278 etiam
2026 5241 2122 5281 nos

536 5314 683 5369 Patri
713 5324 768 5369 et
799 5314 931 5369 Filio
971 5325 1024 5368 ct
1055 5314 1281 5382 Spirittti
1319 5323 1511 5368 sancto
1541 5315 1840 5369 divinarum
1892 5315 2120 5385 dignita-

538 5418 651 5459 tum
688 5406 926 5471 uontina,
963 5406 1186 5476 parique
1217 5407 1420 5461 honore
1447 5407 1708 5460 decorare
1735 5410 2120 5463 consuevimus

495 5571 500 5575 ἱ
538 5512 646 5569 quo
691 5495 925 5561 Patrem,
964 5495 1157 5552 Filium
1206 5515 1418 5568 quoque
1468 5515 1535 5553 ex
1592 5500 1709 5568 ipso
1757 5501 2020 5570 genitum,
2055 5515 2117 5554 ac

539 5597 799 5658 pratterea
831 5588 1090 5658 Spiritum
1123 5602 1388 5644 sanctum.
1418 5591 1710 5657 Caeterum,
1754 5609 1786 5645 o
1821 5593 1942 5646 boui
1990 5592 2114 5654 \‘iri,

537 5676 771 5732 dixerim
812 5681 1085 5747 equidem,
1125 5698 1314 5736 nomen
1368 5682 1595 5747 Christi,
1641 5687 1690 5740 id
1723 5695 1826 5748 est,
1863 5687 2029 5747 unt-ti,
2066 5697 2118 5738 ot

612 5860 660 5891 '°
687 5859 833 5914 Psal.
864 5875 949 5913 etv
1007 5861 1088 5915 15.
1167 5865 1208 5894 ’ί
1255 5861 1456 5918 liabac.
1501 5881 1579 5931 tu,
1623 5866 1707 5922 15.

2303 5226 2367 5278 Α.
2405 5224 2572 5276 Κοινὰ
2605 5221 2702 5290 μὲν
2744 5213 2884 5273 εἷναί
2916 5234 3093 5288 φαμεν
3132 5217 3226 5271 καὶ
3254 5218 3414 5287 ἡμεῖς
3448 5217 3600 5269 αὐτοὶ
3627 5214 3802 5287 Πατρὶ

2229 5319 2322 5372 καὶ
2348 5315 2460 5385 Υἱῴ
2485 5317 2578 5368 καὶ
2616 5313 2758 5382 ἁγίῳ
2797 5311 3094 5381 Πνεύματι,
3128 5311 3235 5363 τῶν
3287 5308 3607 5379 θεοπρεπῶν
3637 5308 3800 5372 ἀξιω-

2232 5411 2416 5481 μάτων
2439 5408 2507 5460 τὰ
2538 5406 2798 5475 ὀνόματα,
2833 5403 2928 5457 καὶ
2957 5402 3266 5474 ἰσομέτροις
3293 5401 3562 5464 εύκλεὶαις
3600 5417 3800 5469 στείρας

2224 5501 2350 5556 νοῦν
2396 5497 2703 5569 εἰθίσμεθα,
2739 5496 2875 5567 ὁμοῦ
2919 5495 2998 5565 τῷ
3037 5497 3357 5562 γεννήσαντι
3393 5494 3483 5546 τὸν
3529 5491 3588 5557 ἐξ
3637 5489 3800 5546 αὐτοῦ

2227 5590 2554 5662 γεννηθέντα
2583 5588 2731 5652 Υἰδν,
2763 5589 2858 5641 καὶ
2900 5587 3124 5658 προσέτι
3152 5584 3211 5639 τὸ
3259 5585 3480 5655 Πνεῦμα
3515 5583 3575 5637 τὸ
3611 5584 3800 5652 ἅγιον·

2231 5685 2390 5753 πλὴν,
2419 5676 2463 5737 ὧ
2492 5680 2775 5750 βέλτιστοι,
2809 5680 2971 5748 φιίνγι
3002 5677 3085 5741 ἂν,
3121 5678 3180 5729 τὸ
3209 5674 3465 5744 Χριστὸς
3485 5675 3674 5742 ὄνομα,
3705 5675 3799 5726 καὶ

3670 6466 4060 6512 η-ῄ--ιια
