4122 6566
378 450 511 507 1277

1501 442 1691 512 QUOD
1728 442 1921 501 ΠΝυὸ
1961 442 2075 497 SIT
2115 442 2486 505 CHRISTUS.

3491 466 3629 522 12-78

372 567 503 623 αὐτὸ
538 566 596 620 δὲ
627 566 689 619 τὸ
717 566 927 637 χρῆμα,
955 566 1229 620 τουτέστιν
1256 566 1289 636 ἠ
1321 564 1519 635 χρίσις,
1553 563 1691 634 μετὰ
1711 563 1816 618 τῶν
1844 562 1925 631 sip

2049 578 2136 619 res
2169 565 2303 634 ipsa,
2346 566 2447 620 hoc
2485 578 2589 632 est,
2626 571 2830 639 unctio,
2881 586 3159 645 postquam
3200 582 3625 637 exinanitionem

370 658 656 722 κενώσεως
682 658 899 729 τρόπων
934 658 1263 727 προσγέγονε
1296 657 1375 727 τῷ
1402 657 1714 723 Μονογενεῖ,
1738 655 1944 724 έναργῆ

368 752 468 823 τῆς
522 751 991 821 ένανθρωπήσεως
1041 753 1155 813 τοῖς
1211 750 1580 820 ἀκροωμένοις
1630 746 1943 817 εἰσκομίζον

366 842 466 913 τὴν
511 842 766 912 δήλωσιν.
796 841 919 894 Ὀτι
952 842 1062 910 γὰρ
1090 840 1374 910 κέχρισται
1412 840 1546 893 καθὸ
1580 839 1817 906 πέφηνεν
1846 835 1941 889 άν-

364 928 605 1002 θρωπος.
644 931 1084 998 κατασημήνειεν
1125 928 1190 982 ἂν
1218 926 1278 981 εὖ
1321 930 1485 999 μάλα.
1512 929 1572 980 Εἰ
1606 928 1704 995 μὲν
1745 922 1838 979 οὖν
1863 924 1938 994 μὴ

363 1020 527 1075 αὐτὸν
550 1023 649 1090 τῆς
685 1020 820 1089 μετά
850 1019 1053 1090 σαρκὸς
1075 1020 1384 1089 οἰκονομίας
1420 1017 1811 1083 ἐϐασανίζομεν
1839 1014 1940 1068 Λό-

364 1126 480 1180 γον.
507 1113 625 1167 ἀλλ’
662 1112 768 1177 ἔξω
802 1128 903 1164 που
935 1112 1070 1174 τέως
1101 1110 1207 1164 τῶν
1243 1111 1342 1179 τῆς
1376 1107 1658 1171 κενώσεως
1685 1108 1812 1161 ὄντα
1842 1107 1938 1177 μέ-

363 1218 508 1271 τρων
539 1204 832 1275 προῦκειτο
870 1202 1086 1273 βλέπειν
1125 1203 1215 1255 τὸν
1254 1202 1514 1271 μονογενῆ
1544 1201 1638 1254 τοῦ
1669 1199 1803 1253 Θεοῦ
1836 1200 1936 1253 Λό-

362 1309 482 1363 γον.
510 1289 579 1366 ἦν
606 1296 673 1349 ἂν
696 1295 791 1349 καὶ
832 1296 976 1365 μάλα
1007 1296 1229 1358 εἰκότως
1257 1293 1528 1362 ἀσύφηλον
1558 1290 1773 1362 κομιδῇ,
1799 1293 1935 1361 Χρι-

365 1388 491 1443 στὸν
538 1386 824 1459 ὀνομάζειν
868 1390 961 1442 τὸν
998 1388 1073 1459 μὴ
1104 1388 1483 1459 κεχρισμένον.
1520 1386 1739 1455 Ἐπειδὴ
1777 1385 1835 1438 δὲ
1874 1384 1935 1437 τὸ

364 1478 505 1534 θεῖον
534 1482 627 1535 καί⁵
660 1480 949 1552 ίερώτατον
981 1481 1241 1550 Γράμμα.
1278 1480 1455 1551 σάρκα
1486 1478 1735 1548 γενέσθαι
1769 1476 1933 1547 φησὶν

361 1571 546 1632 αὐτὸν.
577 1571 781 1643 πρέποι
826 1571 872 1624 δ’
904 1570 972 1625 ἂν
1017 1572 1118 1643 ἤδη
1159 1572 1255 1625 καὶ
1285 1573 1317 1642 ἡ
1351 1570 1530 1642 χρίσις
1578 1570 1747 1640 αὐτῷ.
1780 1585 1933 1637 γενο-

365 1661 502 1733 μένη
536 1663 665 1732 περὶ
695 1663 795 1732 τὴν
828 1664 1122 1733 σάρκωσιν,
1161 1663 1282 1733 ἥτις
1327 1664 1472 1715 ἐστὶν
1501 1660 1682 1717 αὑτοῦ.
1724 1661 1763 1713 Γ
1769 1662 1931 1732 ράφει

362 1752 496 1823 γοῦν
520 1756 549 1807 δ
579 1752 850 1823 πάνσοιρος
888 1753 1095 1817 Παῦλος
1121 1771 1136 1785 ·
1171 1774 1189 1805 ι
1217 1755 1284 1808 Ὅ
1310 1772 1368 1807 τε
1394 1755 1503 1825 γὰρ
1545 1752 1809 1821 ἁγιάζων,
1837 1751 1931 1807 καὶ

365 1844 416 1899 οἰ
451 1845 818 1916 ἁγιαζόμενοι,
868 1845 927 1912 ἐξ
957 1847 1074 1909 ἑνὸς
1131 1847 1359 1909 πάντες·
1394 1848 1462 1900 δι’
1514 1847 1581 1918 ἣν
1622 1848 1801 1899 αἰτίαν
1829 1846 1930 1899 οὐκ

364 1938 751 2008 ἐπαισχύνεται
772 1939 1034 2007 ἀδελφοὺς
1060 1939 1258 2003 αὐτοὺς
1287 1938 1492 2001 καλεῖν,
1519 1939 1710 2006 λέγων’
1730 1939 1933 2004 Ἀπαγ-

361 2029 504 2101 γελῶ
524 2031 584 2085 τὸ
612 2032 782 2101 ὄνομά
807 2049 900 2085 σου
925 2036 1036 2095 τοίς
1059 2033 1306 2101 ἀδελφοῖς
1335 2049 1468 2101 μου·
1499 2050 1516 2082 ι
1544 2031 1798 2101 ήγιάζετο
1824 2033 1933 2098 γὰρ

365 2124 485 2195 μεθ’
502 2124 681 2193 ἡμῶν,
703 2126 790 2178 ὅτε
812 2127 1001 2194 γέγονε
1026 2125 1145 2178 καθ’
1167 2125 1464 2194 ἡμᾶ;.”υτι
1487 2123 1543 2176 δὲ
1565 2122 1779 2194 άληθῶς
1809 2122 1932 2187 Υἱὸς

360 2215 705 2286 ὸχριόμενος
755 2212 843 2285 ἦν,
892 2216 1024 2270 καθὸ
1062 2218 1251 2285 γέγονε
1301 2214 1459 2285 σάρ-Ξ,
1509 2216 1679 2285 ἤγουν
1729 2216 1930 2279 τέλειος

356 2305 663 2375 ἄνθρωπος,
691 2308 1023 2362 πιστώσεται
1050 2308 1226 2374 λέγων
1244 2310 1272 2360 ὁ
1293 2308 1576 2369 Θεσπέσιος
1606 2306 1767 2359 Δαϐἰδ
1795 2306 1930 2376 πρὸς

355 2398 550 2451 αὐτόν’
597 2418 617 2450 ι
662 2400 718 2453 ⁸0
751 2398 937 2470 Θρόνος
970 2417 1085 2460 σου.
1120 2402 1147 2453 ό
1191 2399 1342 2463 Θεὸς,
1385 2402 1464 2461 εἰς
1492 2398 1583 2451 τὸν
1613 2398 1784 2450 αἰῶνα
1833 2397 1927 2450 τοῦ

355 2486 583 2551 αἰῶνος·
635 2488 833 2559 ῥάϐδος
863 2488 1161 2558 εὐθύτητος
1192 2490 1226 2557 ἡ
1267 2487 1460 2560 ῥάϐδος
1513 2486 1613 2555 τῆς
1650 2486 1929 2556 βασιλείας

356 2594 474 2634 σου.
509 2579 831 2649 Ἡγάπησας
856 2580 1222 2649 δικαιοσύνην,
1255 2581 1349 2633 καὶ
1378 2579 1646 2650 ἐμίσησας
1675 2577 1926 2647 ἀνομίαν,

352 2669 440 2724 διὰ
458 2670 617 2724 τοῦτο
644 2671 830 2742 ἕχρισέ
865 2689 921 2725 σε
951 2674 979 2725 ὁ
1010 2672 1161 2735 Θεὸς,
1192 2674 1221 2725 ὁ
1244 2672 1375 2735 Θεός
1413 2688 1528 2733 σου,
1553 2670 1730 2723 ἔλαιον
1756 2670 1925 2737 ἀγαλο

354 2759 583 2825 λιάσεως
621 2763 772 2833 παρά
799 2763 925 2826 τοὺς
959 2763 1215 2833 μετόχους
1248 2780 1360 2815 σου.
1396 2782 1414 2813 ι
1451 2762 1617 2824 Σύνες
1644 2757 1928 2825 οὖν,ὂπως

352 2855 448 2907 καὶ
478 2852 610 2907 Θεὸν
639 2854 830 2915 εἰπὼν.
857 2857 951 2909 καὶ
982 2855 1171 2927 θρόνον
1194 2855 1341 2926 αὑτῷ
1363 2855 1455 2908 τὸν
1476 2858 1554 2920 εἰς
1576 2855 1749 2909 αἰῶνα
1780 2856 1924 2917 δοὺς,

350 2944 640 3015 κεχρῖσθαί
669 2963 801 3015 φησι
839 2947 990 3018 παρά
1014 2946 1170 3010 Θεοῦ,
1195 2947 1350 3017 δῆλον
1372 2947 1429 3001 δὲ
1462 2948 1542 3001 ὅτι
1566 2946 1660 3000 τοῦ
1691 2946 1923 3016 Πατρὸς,

352 3032 617 3107 ἐξαιρέτῳ
658 3038 763 3090 τινί
802 3039 981 3109 χρίσει
1017 3038 1166 3109 παρά
1204 3037 1331 3100 τοὺς
1370 3037 1697 3108 μετέχοντας
1735 3036 1924 3099 αὐτοῦ,

349 3127 624 3181 τουτέστιν
660 3130 828 3199 ἡμᾶς.
866 3132 925 3183 Εἰ
967 3130 1074 3200 γὰρ
1115 3129 1337 3197 γέγονεν
1384 3129 1692 3200 ἄνθρωπος,
1742 3129 1924 3182 καίτοι

2044 656 2228 721 subiit,
2265 655 2549 727 Unigenito
2574 664 2825 727 accessit,
2857 668 3197 724 manifestam
3237 674 3625 728 incarnationis

2043 744 2156 797 sive
2196 746 2598 804 hutnanatiouis
2633 752 3082 819 significationem
3137 764 3471 817 auditoribus
3520 765 3623 818 itu-

2044 834 2279 888 mitteus.
2323 835 2475 901 Quod
2513 842 2658 892 enim
2706 854 2901 897 unctus
2938 848 3029 911 sit,
3061 861 3328 915 quatenus
3371 854 3621 921 apparuit

2040 920 2222 985 homo,
2259 928 2459 992 Oplittte
2495 929 2754 983 declarat.
2784 930 2841 985 Si
2885 950 3013 1005 ergo
3040 920 3449 999 consideremus
3487 945 3617 1001 Ver-

2039 1012 2187 1081 bum,
2234 1032 2337 1069 non
2369 1020 2529 1086 quale
2563 1035 2645 1075 est
2689 1037 2971 1095 postquam
3002 1030 3523 1093 adminisuratiouem
3560 1039 3614 1095 iu

2039 1118 2200 1159 Carne
2226 1108 2411 1170 subiit,
2439 1112 2531 1163 sed
2563 1115 2720 1181 quale
2747 1126 2865 1169 erat
2896 1118 3229 1188 unigenitum
3259 1122 3348 1178 Dei
3384 1126 3615 1183 Verbum

2038 1206 2326 1264 antequam
2363 1201 2785 1259 cxiuanitionem
2809 1211 3067 1263 sustinuit
3101 1228 3115 1265 :
3153 1215 3446 1270 absurdum
3482 1233 3617 1275 Sttltc

2039 1287 2203 1344 fuerit
2225 1290 2499 1346 Christum
2524 1309 2873 1360 vocare,eum
2900 1302 2988 1366 qui
3018 1314 3213 1358 unctus
3238 1321 3343 1359 non
3364 1308 3453 1363 sit.
3479 1308 3614 1364 Cum

2039 1393 2168 1432 vero
2198 1380 2374 1434 divina
2398 1394 2451 1434 et
2473 1386 2838 1441 sacratissima
2871 1390 3145 1459 Scriptura
3190 1411 3405 1451 carnem
3442 1399 3614 1468 ipsum

2035 1466 2235 1523 factum
2261 1487 2381 1525 esse
2398 1472 2498 1537 ait,
2518 1476 2697 1528 unctio
2713 1488 2861 1532 certe
2883 1481 2983 1548 ipsi
3012 1486 3298 1540 conveniat
3319 1466 3614 1546 facta'eirca
3664 1500 3665 1503 ‘

2035 1559 2622 1633 inearuationem,qum
2648 1568 2812 1635 ipsius
2844 1580 2947 1628 est.
2970 1572 3169 1629 Scribit
3204 1577 3384 1647 itaque
3412 1583 3618 1650 sapien-

2036 1653 2277 1715 tissimus
2319 1654 2555 1712 Paulus:
2596 1678 2615 1710 t
2644 1659 2743 1727 Qui
2788 1663 2933 1717 enim
2983 1669 3615 1740 sanctiﬁcatetquisan-

2031 1748 2365 1810 etilicantur,
2403 1762 2469 1800 ex
2533 1764 2639 1802 uno
2685 1766 2894 1809 omnes.
2948 1755 3174 1826 Propter
3204 1777 3365 1828 quam
3396 1779 3615 1821 causam

2035 1851 2140 1888 non
2169 1835 2519 1890 coufumlitnr
2553 1839 2749 1896 fratres
2784 1858 2877 1897 eos
2909 1860 3122 1913 vocare,
3162 1849 3348 1906 dicens
3397 1868 3411 1905 :
3468 1852 3609 1909 Nun-

2040 1926 2185 1980 tiabo
2212 1942 2405 1983 nomen
2462 1938 2612 1983 tttttm
2651 1928 2911 1987 fratribus
2961 1938 3096 1992 meis
3125 1941 3194 1991 ⁷⁸.
3233 1960 3251 1992 ι
3296 1940 3613 1998 Sanctiﬁca-

2039 2026 2123 2069 tus
2162 2018 2305 2069 cuitu
2353 2029 2435 2072 est
2486 2021 2793 2086 nobiseum,
2845 2029 3057 2090 quando
3104 2030 3279 2086 factus
3324 2044 3407 2087 est
3444 2036 3612 2090 ItOstt‘i

2034 2106 2247 2160 similis.
2286 2108 2436 2175 Quod
2471 2120 2648 2164 autem
2676 2127 2799 2167 vere
2824 2115 2993 2170 Filius
3016 2130 3131 2172 erat
3165 2124 3255 2190 qui
3288 2133 3483 2179 unt-tus
3509 2136 3612 2190 εει,

2033 2210 2297 2265 quatenus
2325 2203 2495 2255 factus
2519 2213 2601 2256 est
2629 2219 2777 2269 caro,
2802 2208 2916 2262 sive
2947 2210 3219 2276 perfectus
3252 2215 3433 2275 homo.
3457 2217 3612 2271 fidem

2034 2289 2193 2344 faciet
2225 2292 2438 2346 divinus
2456 2294 2643 2357 David,
2668 2295 2739 2348 ita
2771 2298 2839 2349 ad
2870 2313 2990 2352 eum
3014 2301 3489 2376 loquens:728t
3525 2306 3610 2362 Ser

2033 2384 2127 2434 des
2163 2392 2273 2446 tua,
2300 2382 2462 2447 Deus,
2500 2386 2550 2437 in
2578 2386 2829 2439 smculum
2857 2393 3034 2445 saeculi
3064 2412 3076 2445 :
3104 2394 3248 2465 virga
3281 2397 3611 2465 dirrctionis,

2030 2472 2180 2536 virga
2205 2474 2351 2542 regni
2390 2476 2485 2527 tui.
2520 2475 2761 2532 Dilexisti
2793 2480 3082 2546 justitiam,
3112 2494 3167 2538 et
3194 2488 3358 2541 odisti
3403 2487 3607 2559 iniqui-

2034 2571 2195 2616 tatem
2227 2581 2240 2616 :
2271 2576 2547 2634 propterea
2582 2572 2734 2623 unxit
2758 2580 2809 2625 te
2844 2572 3001 2640 Deus,
3031 2576 3173 2631 Deus
3204 2588 3328 2634 tuus
3362 2580 3482 2634 oleo
3519 2582 3607 2638 ιωε

2033 2652 2159 2704 titia:
2185 2668 2296 2721 prae
2330 2658 2675 2712 consortibus
2708 2660 2812 2715 tuis
2851 2662 2920 2711 ”.
2953 2682 2972 2713 1
3008 2664 3395 2723 Animadverte
3433 2672 3613 2739 itaque

2030 2759 2138 2812 quo
2169 2756 2325 2813 pacto
2354 2762 2474 2800 cum
2522 2759 2576 2802 et
2626 2749 2791 2803 Deum
2850 2754 3165 2818 nominarit,
3201 2767 3253 2809 et
3292 2759 3470 2812 sedem
3509 2760 3610 2830 ipsi

2031 2832 2083 2887 in
2119 2836 2312 2889 saecula
2346 2839 2676 2906 aut-iuuerit,
2708 2854 2928 2898 unetum
2955 2858 3079 2899 esse
3110 2848 3241 2901 dicit
3269 2864 3298 2901 a
3333 2850 3461 2916 Deo,
3499 2866 3611 2906 ma-

2030 2926 2285 2983 nifestum
2329 2942 2507 2986 autem
2549 2944 2634 2986 est
2673 2937 2814 3003 Quod
2856 2951 2884 2988 a
2928 2936 3108 3001 Patre,
3142 2941 3339 2993 eximia
3378 2944 3610 3011 quadam

2028 3022 2282 3075 unctione
2331 3038 2439 3091 pra:
2484 3027 2695 3078 caeteris
2743 3028 3098 3095 participibus
3144 3030 3332 3098 ipsius,
3375 3034 3477 3088 hoc
3508 3044 3609 3099 est,

2032 3113 2206 3166 nobis.
2235 3112 2471 3166 Tametsi
2503 3115 2646 3168 enim
2675 3116 2875 3170 factum
2912 3129 2994 3172 est
3031 3120 3214 3183 homo,
3248 3121 3387 3177 Deus
3412 3126 3609 3195 alioqui

349 3214 483 3278 Θεὸς
504 3214 578 3268 ὢν
608 3218 636 3270 ὁ
663 3217 855 3285 Λόγος,
886 3217 1000 3271 ἀλλ’
1031 3214 1099 3287 ἦν
1129 3219 1222 3271 καὶ
1255 3216 1429 3281 οὕτως
1471 3217 1774 3288 ἀπροσδεὴς
1817 3215 1924 3270 τῶν

2029 3207 2302 3262 exsistens
2345 3204 2610 3271 Verbum,
2648 3220 2767 3263 erat
2813 3220 2993 3264 tamen
3035 3212 3201 3265 etiam
3249 3214 3351 3268 hac
3402 3217 3607 3273 ration!

350 3307 450 3374 τῆς
488 3307 624 3370 ἰδίας
666 3308 883 3376 φύσεως
926 3309 1170 3376 ἀγαθῶν,
1216 3309 1511 3380 αὐτοτελής
1554 3326 1613 3361 τε
1664 3308 1925 3380 ὑπάρχων

350 3399 446 3453 καὶ
494 3399 709 3470 πλήρης
766 3400 987 3470 χάριτος
1045 3402 1140 3455 καὶ
1194 3401 1473 3472 ἀληθείας.
1522 3401 1663 3454 κατά
1718 3418 1781 3469 γε
1827 3403 1926 3471 τὴν

362 3491 611 3547 Ἰωάννου
642 3495 856 3563 φωνήν·
886 3493 979 3546 καὶ
1014 3493 1125 3565 ἔχει
1162 3494 1260 3563 μὲν
1288 3495 1449 3557 αὐτὸς
1475 3494 1677 3563 ἀρτίως
1715 3495 1794 3557 εἰς
1816 3496 1926 3549 πᾶν

349 3583 525 3638 ὁτιοῦν
550 3583 657 3637 τῶν
683 3582 1023 3655 θεοπρεπῶν,
1056 3587 1163 3640 ἀπὸ
1193 3586 1249 3640 δὲ
1285 3586 1378 3639 τοῦ
1422 3585 1783 3657 πληρώματος
1823 3589 1926 3642 αῦ-

347 3675 443 3730 τοῦ
480 3676 678 3739 πάντες
715 3679 870 3748 ἡμεῖς
910 3677 1198 3747 ἐλάϐομεν,
1241 3678 1381 3732 κατά
1412 3679 1469 3731 τὸ
1516 3680 1922 3749 γεγραμμένον.

358 3762 526 3836 Ὀμοῦ
563 3768 852 3838 τοιγαροῦν
894 3772 1008 3833 τοῖς
1038 3771 1136 3839 τῆς
1194 3770 1328 3833 ἰδίας
1374 3770 1793 3841 ἀνθρωπότητος
1830 3772 1924 3842 μέ-

346 3872 493 3926 τροις
526 3859 625 3913 καὶ
662 3860 736 3912 τὰ
764 3859 927 3913 αὑτοῦ
964 3859 1354 3928 οἰκειούμενος,
1395 3862 1629 3932 Χριστὸς
1658 3862 1922 3932 ὀνομάζε-

345 3950 457 4012 τιτι,
486 3948 587 4003 κᾶν
610 3952 657 4003 εἰ
688 3950 760 4020 μὴ
790 3950 1075 4021 κεχρῖσθαι
1115 3954 1306 4012 νοοῖτο,
1337 3955 1476 4009 κατά
1503 3970 1589 4020 γε,
1615 3954 1776 4024 φημὶ,
1802 3954 1919 4023 τὴν,

354 4042 454 4112 τῆς
487 4041 740 4113 θεότητος
774 4043 953 4111 φύσιν,
990 4045 1158 4114 ἤγουν
1187 4044 1322 4097 καθὸ
1352 4048 1549 4100 νοεῖται
1575 4045 1727 4108 Θεός.
1773 4047 1924 4100 Ἐπεὶ

348 4134 573 4204 φράσον,
610 4134 724 4195 πῶς
743 4134 945 4204 ἑτέρως
979 4135 1137 4187 νοοῖτ’
1170 4134 1236 4188 ἀν
1257 4136 1512 4204 Χριστὸς,
1538 4136 1666 4198 Υἱὸς
1693 4136 1786 4189 καὶ
1807 4137 1922 4190 Κύ-

348 4241 483 4293 ριος,
524 4224 878 4291 ἀπαξιοῦντος
907 4224 1003 4277 τοῦ
1050 4226 1389 4293 Μονογενοῦς
1434 4226 1531 4297 τὴν
1577 4228 1781 4297 χρίσιν,
1824 4227 1921 4282 καὶ

344 4315 453 4369 τῶν
485 4316 584 4387 τῆς
617 4315 896 4380 κενώσεως
930 4316 1142 4388 μέτρων
1170 4318 1270 4370 οὐκ
1301 4318 1659 4388 ἀνεχομένους

415 4491 477 4546 Β.
527 4490 752 4558 Ἑτέραν
769 4491 833 4559 γέ
864 4509 981 4555 πως
1006 4492 1038 4563 ἦ
1074 4493 1196 4546 καθ’
1226 4495 1373 4566 ἡμᾶς
1416 4494 1586 4549 ἵενται
1616 4496 1828 4568 τρίϐον,
1859 4498 1920 4552 τὸ

2030 3299 2258 3367 propriae
2297 3313 2407 3353 sine
2453 3310 2657 3352 naturae
2694 3302 2955 3354 bonorum
2993 3317 3329 3372 nequaquam
3374 3306 3607 3377 indigus,

2028 3403 2123 3457 per
2144 3404 2203 3440 se
2235 3388 2505 3453 pcrfrCltts
2541 3390 2828 3453 cxsiSIens,
2866 3402 2920 3444 et
2956 3408 2975 3441 t
3008 3392 3201 3460 plenus
3228 3397 3413 3464 gratia:
3440 3407 3495 3449 et
3520 3412 3611 3453 ve-

2027 3482 2204 3534 ritatis
2244 3480 2311 3543 ⁷³,
2346 3499 2363 3531 ι
2405 3490 2462 3532 ιιι
2505 3481 2678 3550 inquit
2724 3479 2984 3537 Joannes.
3013 3484 3188 3552 Atque
3232 3487 3344 3552 ipse
3392 3488 3608 3557 quidem

2025 3572 2170 3625 Omni
2203 3586 2398 3640 genere
2425 3572 2729 3625 divinorum
2764 3574 3025 3627 honorum
3062 3577 3332 3630 abundat:
3367 3596 3385 3628 t
3424 3579 3469 3632 Α
3497 3579 3599 3647 ple-

2026 3665 2272 3719 nitudine
2297 3680 2423 3719 vero
2457 3665 2624 3732 ipsius
2652 3681 2841 3721 omnes
2865 3683 2961 3720 nos
2986 3670 3292 3737 accepimus
3310 3672 3376 3733 ⁷⁵,
3407 3690 3425 3723 1
3454 3672 3605 3740 juxta

2026 3752 2384 3822 Scriptorum.
2435 3753 2686 3809 Christus
2737 3755 2916 3823 itaque
2962 3767 3207 3824 vocatur,
3253 3760 3343 3829 qui
3378 3760 3445 3814 ad
3484 3776 3607 3831 pro-

2024 3845 2156 3912 pria:
2184 3859 2296 3897 sua:
2331 3845 2682 3897 humanitatis
2706 3848 3067 3901 conditionem
3100 3850 3260 3903 etiam
3290 3866 3407 3919 qua:
3438 3853 3608 3920 ipsius

2028 3949 2157 3993 sunt
2204 3938 2511 4006 conjunxit,
2552 3942 2761 3994 tametsi
2812 3957 2915 3997 non
2970 3945 3298 4012 intelligatur
3343 3962 3463 4003 esse
3506 3966 3604 4003 un-

2022 4039 2162 4091 ctus,
2196 4029 2472 4091 nimirum,
2516 4032 2816 4084 secundum
2856 4041 3102 4088 naturam
3138 4035 3457 4098 divinitatis,
3489 4038 3604 4094 sivo

2022 4130 2284 4190 quatenus
2332 4131 2581 4176 censetur
2630 4121 2791 4179 Deus.
2852 4124 3129 4195 Siquidem
3182 4128 3303 4191 dic,
3338 4130 3599 4201 obsecro,

2020 4215 2288 4283 quomodo
2322 4213 2476 4266 aliter
2507 4214 2725 4284 intelligi
2755 4217 2921 4284 possit
2942 4218 3189 4273 Christus
3214 4219 3380 4273 Filius
3413 4231 3467 4274 et
3493 4221 3600 4278 Do-

2022 4307 2219 4372 minus,
2251 4306 2294 4359 si
2329 4304 2649 4376 Uuigenitus
2687 4310 2995 4363 unctionem
3042 4311 3388 4381 dediguetur,
3432 4323 3596 4384 atque

2018 4397 2404 4451 exinanitionis
2427 4399 2789 4453 conditionem
2823 4402 3121 4456 detrectet?

2090 4487 2152 4541 Β.
2192 4489 2308 4543 Alia
2342 4489 2497 4559 longe
2526 4505 2687 4558 quam
2734 4506 2829 4545 nos
2872 4494 2954 4545 via
3002 4494 3278 4560 incedunt,
3320 4496 3597 4569 religionis

343 4588 443 4656 τῆς
476 4586 758 4650 εὐσεϐείας
806 4588 1101 4659 μυστήριον
1144 4588 1416 4651 ἀσυνέτως
1442 4589 1912 4660 διερμηνεῦοντες.

2029 4581 2333 4653 mysterium
2367 4584 2614 4649 imperite
2640 4583 2996 4651 explicantes.
3039 4587 3205 4640 Aiunt
3252 4590 3419 4652 enim,
3455 4593 3596 4659 quod

341 4676 480 4730 Φασὶ
509 4677 614 4745 γὰρ
640 4675 714 4737 ὡς
742 4677 770 4727 ὁ
799 4674 931 4738 Θεὸς
956 4675 1125 4743 Λόγος
1152 4677 1442 4747 ἄνθρωπον
1471 4679 1661 4749 εἴληφε
1687 4680 1914 4746 τέλειον,

342 4767 410 4822 ἑκ
440 4768 753 4839 σπέρματος
786 4767 917 4822 ὄντα
950 4768 1201 4840 Ἀϐραὰμ
1258 4772 1351 4823 καί
1403 4772 1586 4838 Δαϐἰδ,
1641 4774 1787 4828 κατά
1816 4775 1916 4845 τὴν

342 4861 686 4933 διαγόρευσιν
710 4860 820 4913 τῶν
849 4860 1102 4930 Γραφῶν,
1133 4861 1293 4915 τοῦτο
1321 4862 1449 4915 ὄντα
1470 4862 1567 4934 τὴν
1592 4864 1753 4928 φύσιν
1778 4866 1916 4938 ὅπερ

342 4947 483 5022 ἦσαν
517 4953 735 5013 ἐκεῖνοι,
782 4940 967 5021 ὦνπερ
1017 4952 1083 5004 ἐκ
1129 4952 1441 5022 σπέρματος
1492 4950 1582 5023 ἦν,
1625 4954 1912 5025 ἄνθρωπον

341 5042 546 5095 τέλειον
577 5042 675 5114 τὴν
702 5042 886 5113 φύσιν,
915 5044 979 5095 ὲκ
1010 5042 1190 5113 ψυχῆς
1241 5061 1301 5096 τε
1335 5047 1528 5117 νοερᾶς
1572 5047 1665 5098 καὶ
1709 5047 1912 5118 σαρκὸς

345 5134 654 5187 συνεστῶτα
676 5135 1044 5207 ἀνθρωπίνης,
1075 5135 1133 5189 ὃν
1164 5135 1448 5207 ἄνθρωπον
1467 5138 1595 5191 ὄντα
1621 5138 1741 5192 καθ’
1767 5142 1914 5210 ἡμᾶς

342 5224 440 5296 τὴν
464 5223 644 5292 φύσιν,
670 5227 987 5299 Πνεῦματος
1018 5229 1173 5297 ἁγίου
1202 5229 1428 5299 δυνάμει
1461 5232 1519 5283 ὲν
1540 5234 1605 5301 τῇ
1635 5231 1735 5301 τῆς
1762 5232 1910 5301 Παρ-

342 5315 495 5369 θένου
531 5316 715 5386 μήτρᾳ.
751 5316 1168 5381 διαπλασθέντα,
1202 5319 1491 5389 γενόμενόν
1531 5338 1591 5373 τε
1622 5324 1686 5374 ὲκ
1728 5338 1916 5388 γυναι-

341 5403 456 5467 κὸς,
486 5404 774 5473 γενόμενον
813 5405 916 5457 ὑπὸ
941 5406 1128 5477 νόμον,
1164 5407 1250 5459 ἵνα
1299 5407 1504 5469 πάντας
1536 5409 1685 5477 ἡμᾶς
1714 5408 1909 5474 ἐξαγο-

341 5494 486 5567 ράσῃ
529 5493 627 5563 τῆς
658 5493 753 5546 τοῦ
795 5496 957 5566 νόμου
1013 5498 1275 5563 δουλείας,
1318 5498 1417 5569 τὴν
1458 5498 1739 5570 πόρρωθεν
1777 5516 1911 5570 προ-

336 5581 649 5653 ωρισμένην
693 5581 962 5637 υἱοθεσίαν
994 5586 1387 5651 ἀπολαϐόντας,
1429 5587 1631 5650 καινῶς
1673 5588 1909 5658 συνῆψεν

337 5672 537 5743 ἑαυτῷ,
584 5674 813 5727 θανάτου
846 5676 944 5747 μὲν
997 5678 1175 5743 αὐτὸν,
1218 5680 1357 5735 κατά
1389 5680 1551 5751 νόμον
1586 5680 1907 5752 ἀνθρώπων,

410 5789 453 5858 rs
488 5786 647 5841 ηοω-ο
688 5803 747 5854 ιι⁹
781 5787 863 5841 12,
941 5791 986 5820 ’⁷³
1022 5789 1159 5844 Psal.
1211 5807 1354 5856 ιιιν,
1383 5792 1432 5858 7,
1471 5793 1504 5844 δ

338 5859 382 5892 ν’
413 5857 582 5913 Colat.
626 5872 695 5923 IV,
735 5858 785 5919 ι,
824 5858 871 5911 5.

1628 5792 1669 5823 "
1696 5791 1853 5849 Joan.
1889 5796 2041 5863 ι,1ι.

2023 4674 2162 4727 Deus
2197 4669 2430 4725 Verbum
2488 4673 2760 4727 hominem
2808 4677 3038 4742 sumpsit
3087 4677 3406 4745 perfectum,
3450 4683 3595 4736 exsi-

2018 4774 2248 4818 steutem
2274 4776 2340 4817 ex
2376 4763 2584 4817 semine
2612 4764 2841 4819 Abrahae
2871 4774 2922 4819 et
2949 4765 3112 4818 David
3144 4767 3211 4832 ⁷⁸,
3243 4768 3311 4821 ita
3349 4780 3406 4822 ut
3432 4771 3596 4825 edixit

2021 4855 2324 4923 Scriptura,
2364 4855 2414 4908 id
2437 4856 2609 4922 ipsum
2650 4866 2839 4909 natura
2884 4858 3258 4924 exsisteutem,
3299 4862 3439 4929 quod
3485 4862 3596 4917 fucc

2018 4956 2142 5001 rant
2175 4948 2246 5000 illi
2276 4962 2552 5016 equorum
2588 4949 2792 5003 semine
2818 4958 2934 5003 erat
2964 4950 3030 5013 ⁷⁷,
3070 4951 3339 5005 hominem
3385 4955 3592 5021 perfec-

2020 5049 2130 5093 tum
2154 5050 2369 5104 natura,
2395 5056 2459 5094 ex
2487 5041 2664 5093 anima
2699 5040 3028 5110 intelligente
3064 5053 3119 5096 et
3171 5058 3335 5097 carne
3362 5047 3593 5097 humana

2018 5143 2377 5198 constantem,
2401 5148 2556 5201 quem
2578 5134 2791 5201 quidem
2825 5134 3115 5194 hominem.
3142 5150 3262 5189 cum
3285 5150 3427 5190 esset
3455 5138 3595 5207 ejus-

2021 5226 2140 5279 dem
2187 5227 2471 5280 nobiseum
2527 5234 2752 5289 naturae,
2803 5225 3037 5294 Spiritus
3085 5228 3256 5282 sancti
3296 5230 3492 5283 virtute
3541 5230 3593 5282 iu

2025 5327 2180 5371 utero
2212 5316 2448 5385 Virginis
2492 5315 2801 5381 formatum,
2851 5317 3053 5371 factum
3096 5318 3196 5373 sub
3226 5319 3360 5389 lege,
3399 5330 3457 5373 ut
3496 5336 3592 5374 nos

2017 5423 2208 5463 omnes
2239 5390 2527 5462 redimeret
2555 5424 2582 5460 a
2614 5409 2871 5461 servitute
2898 5409 3030 5478 legis
3052 5410 3118 5473 ⁷⁸,
3150 5409 3456 5465 tiliatiouem
3478 5409 3588 5479 jam

2018 5500 2146 5555 olim
2176 5501 2607 5570 prtedestinatam
2636 5501 2877 5568 adeptos,
2909 5516 3033 5554 eum
3057 5501 3354 5555 admirabili
3384 5503 3588 5556 ratione

2019 5592 2296 5661 conjunxit
2339 5600 2394 5645 et
2424 5590 2934 5659 eonglutinavitsibi
2960 5632 2975 5656 ,
3022 5604 3075 5646 et
3110 5602 3332 5648 mortem
3373 5594 3585 5664 quidem

2020 5682 2255 5738 humano
2280 5697 2428 5737 more
2446 5683 2596 5736 obire
2625 5681 2821 5749 voluit;
2847 5684 3123 5739 suSritavit
3146 5700 3271 5740 vero
3288 5684 3530 5742 eumdem
3554 5703 3582 5738 a

2120 5793 2165 5825 "
2195 5792 2321 5849 ibid.
2361 5791 2443 5847 16.
2520 5794 2564 5823 ⁷⁸
2588 5790 2742 5847 Joan.
2778 5810 2873 5860 vtt,
2912 5796 2993 5851 l2.
3072 5798 3115 5830 "
3150 5796 3188 5851 ll
3222 5796 3343 5851 Cor.
3381 5812 3456 5861 ιι,
3491 5797 3575 5851 22.
