4122 6542
527 421 669 477 1279
1570 419 1628 476 S.
1671 419 1943 477 CYRlLLl
1979 417 2113 473 ALE

2218 417 2447 473 NDRI‘NI
2494 416 2812 474 ABCIIIEP.
3666 420 3825 477 1280

528 529 781 596 mortuis,
811 536 865 585 et
890 529 1068 584 evexit
1097 528 1148 583 in
1179 530 1399 595 ctelum,
1436 541 1491 586 et
1516 533 1800 587 collocavit
1844 548 1872 586 a
1911 532 2114 587 dextris

2224 532 2587 602 πειρασθῆναι
2617 532 3065 601 παρασκευάσας,
3109 534 3352 605 ἐγείρας-
3371 534 3427 588 δὲ
3464 536 3531 587 ἐκ
3566 535 3817 604 νεκρῶν.

531 620 644 673 Dei.
672 617 825 672 Unde
852 626 909 672 et
938 632 1098 687 supra
1129 632 1344 671 omnem
1376 622 1646 675 exsistens
1671 619 2036 689 Principatum
2063 628 2114 675 et

2219 624 2312 677 καὶ
2340 622 2634 691 ἀναγαγὼν
2672 625 2752 685 εἰς
2776 622 3027 693 οὐρανὸν,
3066 624 3160 677 καὶ
3211 625 3440 688 καθίσας
3493 627 3559 678 ἐκ
3604 625 3821 690 δεξιῶν

529 709 851 773 Potestates,
881 708 1123 764 Virtutes
1152 724 1215 764 ac
1240 711 1667 776 Dmninationes,
1701 723 1931 783 etsupra
1954 728 2117 768 einne

528 816 722 856 nomen
765 802 909 872 quod
950 802 1263 857 nominatur
1292 818 1394 857 non
1440 805 1612 859 solum
1660 807 1711 859 in
1747 806 1850 861 hoc
1895 806 2113 873 saeculo,

526 908 712 947 verum
737 895 900 948 etiam
931 896 983 948 in
1011 895 1190 949 futuro
1208 897 1351 961 ",ab
1372 898 1517 951 omni
1549 908 1798 952 creatura
1825 901 2113 965 adorator;

527 992 713 1054 utpote
740 986 1159 1054 inseparabilem
1192 1003 1315 1041 eum
1351 988 1533 1041 divina
1567 1000 1757 1043 natura
1789 991 2119 1061 conjunctio-

527 1093 652 1133 nem
700 1080 928 1145 habens,
965 1080 1216 1149 quodque
1248 1080 1338 1134 Dei
1372 1092 1615 1150 respectu
1645 1091 1811 1151 atque
1843 1084 2115 1137 intellectu

525 1172 705 1226 omnis
754 1181 1003 1226 creatura
1051 1173 1101 1226 ei
1154 1174 1528 1228 adorationem
1566 1174 1794 1230 deierat.
1844 1174 2008 1245 729
2052 1175 2117 1230 Et

530 1277 703 1332 neque
746 1267 881 1319 duos
923 1266 1150 1320 dicimus
1198 1265 1359 1326 ﬁlios,
1430 1280 1602 1335 neque
1649 1267 1782 1322 duos
1842 1268 2112 1323 dominos.

527 1356 660 1409 Cum
708 1367 887 1410 autem
941 1357 1109 1410 Filius
1160 1358 1229 1411 sit
1288 1358 1581 1410 secundum
1629 1359 1919 1411 essentiam
1975 1359 2116 1414 Deus

530 1445 788 1512 Verbum,
817 1447 1126 1515 unigenitus
1170 1446 1341 1500 Filius
1370 1446 1567 1513 Patris,
1606 1448 1689 1501 cui
1721 1449 1809 1502 hic
1833 1450 2115 1519 copulatus

526 1547 613 1594 est
657 1549 711 1593 et
762 1540 1057 1609 particeps,
1104 1554 1445 1593 communem
1484 1540 1645 1594 etiam
1681 1556 1803 1595 cum
1834 1556 1899 1596 eo
1929 1542 2113 1610 appel-

526 1631 781 1685 lationem
812 1631 1146 1700 gloriamque
1172 1631 1522 1685 nanciscitur.
1550 1630 1615 1685 Et
1643 1633 1901 1688 Dominus
1924 1650 2118 1689 secun-

527 1723 653 1775 dum
686 1722 981 1776 essentiam
1017 1722 1156 1775 Deus
1181 1721 1440 1787 Verbum,
1464 1723 1549 1777 cui
1571 1724 1854 1793 c0pulatus
1883 1725 1991 1789 hic,
2020 1726 2118 1781 ho-

2215 712 2311 766 τοῦ
2336 713 2667 767 Θεοῦ.”Οθεν
2691 713 2755 783 δὴ
2792 714 3049 783 ὑπεράνω
3094 716 3274 785 πάσης
3304 716 3565 787 ὑπάρχων
3601 716 3820 787 ’Δρχῆς

2216 822 2274 857 τε
2305 805 2400 858 καὶ
2433 804 2731 869 Ἐξουσίας,
2758 805 2856 858 καὶ
2885 805 3196 873 Δυνάμεως,
3214 805 3308 858 καὶ
3325 806 3686 874 κυριότητος,
3713 805 3821 858 καὶ

2216 897 2416 959 παντὸς
2443 897 2703 966 ὀνόματος
2728 895 3132 966 ὀνομαζομένου
3161 896 3261 949 οὑκ
3286 898 3346 949 ἐν
3383 897 3462 967 τῷ
3487 896 3645 949 αἰῶνι
3681 897 3823 949 τού-

2215 1003 2292 1057 τῳ
2321 989 2501 1058 μόνον,
2529 987 2663 1041 ἀλλὰ
2692 990 2785 1040 καὶ
2820 990 2876 1039 ὲν
2905 987 2985 1057 τῷ
3022 986 3288 1056 μέλλοντι,
3313 988 3413 1058 τὴν
3441 988 3594 1059 παρὰ
3619 988 3821 1059 πάσης

2214 1080 2319 1151 τῆς
2370 1081 2599 1144 κτίσεως
2643 1081 2859 1151 δέχεται
2912 1079 3314 1150 προσκύνησιν,
3365 1081 3441 1144 ὡς
3496 1079 3818 1151 ἀχώριστον

2217 1174 2357 1244 πρὸς
2394 1173 2491 1243 τὴν
2534 1172 2686 1226 θείαν
2712 1173 2873 1243 φύσιν
2900 1172 3042 1242 ἔχων
3064 1173 3161 1244 τὴν
3208 1174 3524 1240 συνάφειαν,
3552 1171 3819 1242 ἀναφορᾷ

2214 1267 2351 1321 Θεοῦ
2379 1268 2473 1320 καὶ
2512 1267 2691 1337 ὲννοίᾳ
2717 1266 2898 1338 πάσης
2925 1266 3075 1337 αὑτῷ
3111 1266 3213 1335 τῆς
3242 1267 3471 1328 κτίσεως
3508 1265 3606 1336 τὴν
3633 1281 3819 1334 προσ-

2216 1359 2444 1428 κύνησιν
2463 1357 2864 1428 ἀπονεμούσης,
2887 1360 2986 1413 καὶ
3007 1358 3129 1413 οὑτε
3161 1358 3255 1412 δύο
3276 1357 3457 1427 φαμὲν
3481 1357 3651 1419 υίοὸς,
3675 1357 3813 1410 οὔτε

2213 1451 2309 1504 δύο
2341 1451 2562 1521 κυρίους
2583 1467 2596 1479 °
2618 1450 2881 1520 ἐπειδὴδὲ
2904 1451 3030 1514 Υἱὸς
3048 1451 3169 1504 κατ’
3190 1449 3376 1503 οὐσίαν
3402 1451 3430 1502 6
3450 1448 3584 1511 Θεὸς
3602 1449 3808 1517 Λόγος,

2214 1547 2242 1598 6
2287 1542 2588 1615 μονογενὴς
2619 1544 2749 1606 Υἱὸς
2767 1541 2862 1596 τοῦ
2884 1543 3115 1613 Πατρὸς,
3154 1536 3308 1611 ᾧπερ
3337 1535 3494 1604 οῦτος
3514 1542 3816 1611 συνημμέ-

2213 1636 2303 1701 νός
2326 1654 2386 1689 τε
2416 1637 2512 1690 καὶ
2542 1636 2805 1707 μετέχων,
2831 1636 3081 1688 κοινωνεῖ
3116 1635 3213 1705 τῆς
3256 1633 3387 1687 Υίοῦ
3421 1634 3812 1703 προσηγορίας

2215 1730 2310 1783 κα)⁸
2336 1732 2522 1800 τιμῆς,
2574 1728 2669 1781 καὶ
2704 1727 2908 1798 Κύριος
2948 1729 3068 1780 κατ’
3099 1726 3292 1779 οὑσίαν
3314 1728 3343 1779 6
3370 1726 3503 1789 Θεὸς
3528 1727 3730 1793 Λόγος,

528 1813 673 1867 noris
718 1815 880 1867 etiam
908 1813 1178 1882 particeps
1214 1814 1294 1879 (it,
1325 1822 1487 1883 atque
1532 1816 1731 1870 idcirco
1760 1830 1933 1885 neque
1982 1818 2114 1871 duos

2218 1821 2563 1893 συνημμένος
2582 1813 2757 1883 οὗτος,
2788 1820 3038 1872 κοινωνεῖ
3055 1819 3151 1887 τῆς
3175 1817 3363 1888 τιμῆς.
3392 1818 3501 1870 Καὶ
3528 1817 3619 1871 διὰ
3641 1817 3812 1870 τοῦτο

524 1904 756 1959 dicimus
791 1904 949 1971 ﬁlios,
1004 1920 1180 1973 neque
1207 1907 1342 1961 duos
1368 1907 1632 1961 dominos.
1680 1907 1958 1976 Siquidem
1991 1923 2112 1962 cum

524 1996 842 2050 manifestus
878 1996 1064 2064 sitqui
1103 1998 1338 2051 essentia
1389 2013 1482 2051 sua
1518 2007 1602 2052 est
1640 1998 1895 2052 Dominus
1940 2009 1994 2053 et
2023 1999 2113 2053 Fi-

525 2085 663 2152 lius,
710 2086 1124 2155 inseparabilem
1162 2088 1368 2141 habens
1413 2104 1535 2141 cum
1573 2103 1637 2143 eo
1671 2087 2112 2158 conjunctionem

524 2176 574 2233 is
602 2179 692 2246 qui
721 2186 917 2231 nostra:
946 2177 1133 2231 salutis
1166 2193 1329 2233 causa
1356 2191 1604 2248 sumptus
1636 2190 1737 2244 est,
1765 2179 1923 2233 simul
1949 2182 2113 2237 etiam

527 2268 757 2323 infertur
802 2278 963 2338 atque
1006 2270 1324 2341 intelligitur
1367 2286 1493 2325 cum
1531 2271 1891 2341 appellatione
1951 2284 2115 2344 atque

525 2362 692 2429 gloria
722 2360 839 2414 Filii
865 2370 917 2415 et
950 2360 1185 2415 Domini.

596 2456 664 2507 A.
702 2451 747 2507 Ο
776 2453 1050 2522 ingentem
1080 2453 1407 2522 imperitiam
1444 2464 1608 2524 atque
1636 2457 1902 2513 insaniam
1925 2474 2111 2515 eorum

524 2544 617 2613 qui
650 2543 721 2598 ita
758 2558 880 2598 sese
916 2560 1027 2599 rem
1066 2545 1266 2600 habere
1305 2547 1409 2601 sibi
1450 2550 1811 2617 persuadent!
1862 2552 2116 2607 lncredu-

525 2635 653 2691 iitas
679 2637 820 2691 enim
858 2652 1004 2692 mera
1031 2648 1114 2692 est
1143 2639 1255 2692 haec
1292 2654 1379 2693 res
1412 2640 1807 2710 impiarnmque
1847 2643 2116 2699 inventio-

526 2744 654 2783 num
690 2729 924 2795 novitas,
959 2739 1013 2782 et
1044 2731 1207 2783 totius
1239 2731 1436 2786 divina:
1460 2748 1738 2801 sacrasque
1770 2736 2114 2803 praedicatio-

526 2820 612 2875 nis
664 2821 981 2885 subversio,
1032 2836 1153 2889 quze
1202 2838 1366 2876 unum
1421 2838 1541 2878 esse
1594 2824 1880 2879 Dominum
1928 2828 2114 2881 Jesum

524 2908 801 2963 Christum
850 2907 1046 2961 Filium
1094 2909 1187 2963 Dei
1232 2912 1552 2979 proclamat,
1587 2914 1840 2968 nimirum
1879 2914 2113 2971 Verbum

524 3014 617 3072 ex_
640 3001 747 3055 Deo
782 3001 939 3055 Patre
976 3001 1251 3056 hominem
1298 3002 1500 3056 iactum
1551 3014 1714 3074 atque
1750 3008 2113 3074 iucarnatum,

523 3075 603 3144 1ta
639 3101 696 3144 ut
723 3091 794 3145 sit
825 3091 936 3160 ipse
987 3089 1131 3146 Dens
1162 3091 1319 3146 simul
1348 3100 1401 3146 et
1424 3093 1619 3159 homo;
1654 3104 1707 3148 et
1738 3094 1898 3150 unius
1934 3096 2113 3150 omnia

2216 1912 2338 1967 οὕτε
2373 1912 2466 1966 δύο
2503 1911 2683 1981 φαμὲν
2743 1910 2928 1973 υἱοὺς,
2984 1908 3108 1961 οῦτε
3153 1909 3248 1962 δύο
3296 1908 3543 1978 κυρίους.
3578 1907 3810 1979 Ἐπειδὴ

2215 2003 2374 2072 δήλου
2402 2003 2497 2056 τοῦ
2520 2003 2640 2056 κατ’
2673 2001 2858 2054 οὑσίαν
2879 2000 3031 2063 ὄντος
3052 1999 3265 2069 Κυρίου
3290 1999 3384 2052 καὶ⁸
3412 1997 3565 2065 Υἰοῦ,
3594 1999 3811 2069 ἀχώριο

2218 2113 2342 2150 στον
2391 2094 2530 2165 ἔχων
2560 2094 2658 2164 τὴν
2695 2094 2830 2162 πρὸς
2875 2092 3041 2145 αὑτὸν
3074 2092 3372 2161 συνάφειαν
3401 2094 3429 2146 6
3468 2092 3571 2162 τῆς
3596 2094 3811 2162 ἡμετὲ-

2221 2205 2319 2258 ρας
2354 2186 2628 2259 σωτηρίας
2654 2184 2882 2254 ληφθεὶς
2916 2183 3123 2247 ἕνεκεν,
3169 2183 3602 2253 συναναφέρεται
3632 2186 3699 2256 τῇ
3741 2198 3811 2236 τι

2216 2275 2479 2349 ὀνομασίᾳ
2511 2276 2606 2329 καλ⁸
2631 2278 2696 2346 τῆ
2722 2277 2853 2345 τιμῇ
2876 2272 2969 2327 τοῦ
3006 2273 3133 2328 Υίοῦ
3164 2273 3372 2327 καὶτοῦ
3406 2274 3638 2346 Κυρίου.

2290 2454 2353 2506 Α.
2395 2451 2570 2506 Βαθαὶ
2605 2454 2710 2522 τῆς
2756 2450 3046 2514 ἀσυνεσίας
3093 2449 3187 2503 καὶ
3237 2450 3553 2521 ἐμπλήκτου
3601 2451 3811 2521 φρενὸς

2218 2544 2325 2599 τῶν
2369 2539 2472 2598 ὦδε
2516 2542 2671 2596 ταῦτ’
2712 2542 2857 2611 ἔχειν
2897 2542 3000 2595 οὑκ
3047 2538 3144 2597 οἷδ’
3184 2545 3332 2606 ὅπως
3380 2541 3805 2613 ὑπειληφότωνε

2218 2636 2445 2690 ἀπιστία
2470 2634 2579 2705 γὰρ
2607 2635 2667 2687 τὸ
2693 2635 2902 2705 χρῆμα,
2936 2634 3031 2687 καὶ
3069 2635 3255 2705 ἕτερον
3280 2634 3453 2701 οὐδὲν,
3486 2635 3581 2687 καὶ
3605 2634 3812 2688 δυσσσ·

2218 2726 2330 2780 σῶν
2363 2726 2684 2797 εὑρεμάτων
2713 2725 2991 2793 καινότης,
3035 2724 3131 2777 καὶ
3166 2724 3446 2795 ἀνατροπὴ
3484 2724 3595 2778 τῶν
3641 2722 3810 2776 θείων

2216 2835 2276 2873 τε
2320 2819 2416 2873 καὶ
2461 2816 2622 2886 ἱερῶν
2649 2816 3040 2887 κηρυγμάτων,
3071 2815 3167 2868 ἕνα
3196 2815 3397 2886 Κύριον
3440 2814 3651 2884 Ἰησοῦν
3675 2815 3811 2885 Χριο

2220 2908 2364 2975 στὸν,
2397 2909 2489 2961 τὸν
2516 2908 2648 2963 Υίὸν
2673 2906 2767 2960 τοῦ
2802 2906 2937 2960 Θεοῦ
2968 2906 3431 2978 διακεκραγότων,
3466 2906 3558 2960 τὸν
3580 2908 3646 2960 ἐκ
3664 2905 3808 2960 Θεοῦ

2218 3001 2433 3071 Πατρὸς
2463 2999 2704 3071 δηλονότι
2741 2999 2912 3067 Λόγον
2947 2998 3446 3069 ὲνανθρωπήσαντα
3472 2999 3569 3052 καὶ
3600 3013 3806 3068 σεσαρ-

2220 3092 2489 3163 κωμένον,
2532 3090 2672 3143 ὥστε
2717 3089 2855 3143 εἶναι
2884 3090 2975 3142 τὸν
3005 3089 3188 3153 αὑτὸν,
3227 3088 3358 3143 Θεὸν
3385 3088 3521 3159 ὁμοῦ
3569 3088 3668 3143 καὶ
3709 3089 3812 3143 ἄν·

524 3180 727 3247 divina,
754 3196 818 3236 ac
854 3193 1113 3251 praeterea
1150 3183 1406 3238 humana.
1442 3183 1540 3240 ilic
1578 3187 1719 3240 enim
1746 3203 1868 3242 cum
1902 3205 2114 3255 semper

2222 3188 2457 3257 θρωπον,
2484 3188 2579 3242 καὶ
2603 3188 2721 3250 ἑνὸς
2740 3188 2808 3241 τὰ
2836 3186 3014 3240 πάντα
3036 3187 3105 3239 τὰ
3133 3185 3431 3255 θεοπρεπῆ,
3454 3185 3548 3237 καὶ
3576 3184 3807 3256 προσέτι

524 3273 756 3330 exsistat
797 3285 1067 3343 quatenus
1101 3285 1185 3329 est
1224 3275 1387 3340 Deus,
1437 3278 1771 3333 nativitatem
1816 3284 2112 3337 secundum

524 3378 745 3419 carnem
780 3381 845 3420 ex
873 3366 1098 3420 muliere
1125 3368 1311 3422 subiit.
1348 3368 1520 3424 Unius
1552 3369 1734 3440 itaque
1780 3382 1940 3442 atque
1973 3372 2116 3442 ejus-

523 3458 646 3514 dem
684 3468 786 3521 est,
833 3467 888 3513 et
922 3459 990 3514 ab
1030 3470 1235 3514 aeterno
1269 3476 1390 3515 esse
1426 3471 1589 3532 atque
1620 3464 1936 3533 subsistere,
1967 3476 2022 3521 et
2063 3468 2114 3521 in

525 3549 731 3603 ultimis
768 3550 1102 3618 temporibus
1144 3551 1438 3606 secundum
1470 3568 1689 3607 carnem
1735 3564 1921 3608 natum
1966 3570 2109 3610 esse.

525 3640 629 3706 Qui
679 3655 800 3694 rum
854 3643 925 3694 sit
971 3653 1192 3697 sanctus
1241 3644 1538 3698 secundum
1591 3654 1881 3708 naturam,
1932 3656 2117 3716 utpote

528 3732 689 3799 Deus,
728 3732 1099 3788 sanctificatus
1120 3746 1201 3790 est
1229 3737 1542 3802 nobiscum,
1571 3745 1843 3806 quatenus
1868 3742 2116 3808 apparuit

528 3824 709 3889 homo,
743 3824 828 3878 cui
858 3828 1074 3893 proprie
1109 3829 1368 3882 convenit
1412 3830 1763 3884 sanctiﬁcari.
1791 3830 2034 3902 Cumque
2060 3845 2119 3887 ut

526 3924 724 3971 natura
762 3914 1021 3972 Dominus
1050 3934 1261 3972 summa
1290 3918 1553 3989 dignitate
1583 3921 1894 3989 excelleret,
1930 3924 2113 3978 servili

526 4005 701 4061 forma
749 4017 808 4061 ut
858 4009 1077 4078 propria
1127 4024 1427 4081 assumpta,
1469 4012 1683 4067 Patrem
1738 4018 1892 4069 suum
1948 4015 2114 4071 Deum

526 4102 759 4164 vocavit,
784 4110 839 4155 et
871 4118 993 4157 cum
1026 4102 1142 4172 ipse
1182 4105 1251 4158 sit
1292 4105 1401 4159 vita
1446 4115 1500 4159 et
1533 4105 1835 4171 viviﬁcans,
1863 4117 1916 4161 ut
1954 4107 2113 4175 Deus,

524 4196 829 4250 vivillcatus
863 4211 890 4248 a
934 4197 1093 4250 Patre
1123 4211 1242 4251 esse
1289 4197 1505 4265 dicitur,
1534 4210 1800 4268 quatenus
1843 4201 2003 4255 homo
2033 4201 2114 4255 fa-

522 4298 644 4343 ctus
669 4298 774 4343 est.
801 4286 993 4342 Omnia
1019 4288 1201 4357 itaque
1224 4288 1395 4358 ipsius
1420 4301 1568 4356 sunt,
1591 4300 1772 4345 etnon
1799 4292 2116 4362 dedignatus

521 4390 606 4435 est
638 4380 1162 4435 administrationem
1206 4380 1257 4434 in
1298 4396 1479 4447 carne,
1515 4398 1676 4452 quam
1710 4394 1762 4437 et
1803 4384 1969 4441 Pater
2000 4387 2117 4457 ipse

523 4474 898 4543 comprobavit
925 4491 937 4528 :
973 4472 1241 4542 siquidem
1268 4488 1393 4527 vera
1429 4484 1554 4527 sunt
1588 4491 1707 4544 quae
1738 4475 1935 4532 Paulus
1960 4480 2110 4533 dicit.

2220 3281 2291 3334 τὰ
2320 3278 2658 3351 ἀνθρώπινα.
2698 3273 2866 3341 Οὗτος
2895 3277 3004 3349 γὰρ
3029 3278 3293 3347 ὑπάρχων
3312 3277 3399 3330 ἀεὶ
3426 3276 3520 3330 καὶ
3566 3276 3808 3344 ὑφεστη-

2221 3370 2331 3435 κὼς
2377 3370 2520 3424 κατά
2552 3388 2615 3440 γε
2652 3371 2713 3424 τὸ
2755 3367 2894 3423 εῖναι
2928 3370 3080 3434 Θεὸς,
3132 3369 3392 3439 ὑπέμεινε
3420 3369 3679 3439 γέννησιν
3704 3367 3807 3438 τὴν

2220 3466 2359 3519 κατά
2404 3465 2582 3535 σάρκα
2635 3466 2699 3517 ὲκ
2750 3463 3027 3531 γυναικός.
3089 3462 3241 3525 Ἐνὸς
3283 3458 3377 3515 οῦν
3412 3462 3521 3532 ἄρα
3568 3461 3662 3514 καὶ
3706 3461 3803 3514 τοῦ

2217 3555 2384 3609 αὑτοῦ
2431 3556 2526 3609 καλ⁵
2558 3556 2619 3609 τὸ
2652 3556 2842 3618 ἀῖδίως
2896 3550 3037 3608 εἶναι
3072 3553 3167 3607 καὶ
3219 3553 3556 3623 ὑφεστάναι,
3594 3554 3692 3607 καὶ
3744 3555 3806 3607 ὲν

2218 3651 2469 3721 ἐσχάτοις
2503 3653 2714 3719 καιροῖς
2761 3648 2906 3702 κατὰ
2936 3648 3113 3715 σάρκα
3156 3648 3506 3717 γεννηθῆναι.
3553 3647 3615 3709 ὃς
3645 3648 3803 3716 ἅγιος

2222 3740 2298 3793 ὢν
2344 3740 2485 3795 κατά
2527 3739 2690 3808 φύσιν
2719 3738 2795 3802 ὡς
2840 3737 2993 3802 Θεὸς,
3025 3737 3283 3807 ἡγιάζετο
3326 3736 3441 3807 μεθ’
3477 3738 3635 3806 ἡμων
3665 3734 3806 3789 καθὸ

2220 3832 2465 3903 πέφηνεν
2494 3831 2799 3901 ἅνθρωπος,
2835 3823 2989 3901 ᾧπερ
3023 3829 3090 3882 ἂν
3122 3829 3325 3900 πρέποι
3354 3828 3414 3881 τὸ
3440 3827 3803 3896 ἁγιάζεσθαι·

2220 3924 2313 3977 καὶ
2347 3925 2406 3978 ὲν
2433 3925 2784 3986 Δεσποτικοῖς
2820 3921 3083 3992 ὑπάρχων
3125 3920 3417 3991 ἀξιώμασι,
3462 3922 3555 3973 καὶ
3583 3920 3683 3991 τὴν
3707 3919 3803 3974 τοῦ

2218 4014 2405 4068 δούλου
2443 4014 2655 4085 μορφὴν
2688 4013 2762 4076 ὡς
2795 4012 2929 4066 ἰδίαν
2961 4013 3122 4083 ἔχων,
3152 4012 3287 4065 Θεὸν
3318 4012 3602 4083 ὠνόμαζεν
3633 4010 3801 4065 αὑτοῦ

2218 4107 2309 4160 τὸν
2324 4106 2564 4177 Πατέρα’
2595 4104 2734 4178 [καὶ]
2754 4104 2866 4177 ζωὴ
2883 4105 2976 4158 καὶ
2996 4105 3258 4168 ζωοποιὸς
3274 4105 3536 4176 ὑπάρχων
3552 4103 3629 4167 ὼς
3643 4103 3797 4169 Θεὸς,

2219 4195 2600 4261 ζωοποιεῖσθαι
2638 4196 2859 4264 λέγεται
2903 4195 3054 4267 παρά
3083 4195 3180 4249 τοῦ
3212 4197 3422 4266 Πατρὸς
3454 4195 3588 4249 καθὸ
3620 4195 3799 4264 πέφη-

2219 4303 2308 4338 νεν
2330 4285 2426 4340 ἄνθ
2437 4302 2635 4356 ρωπος.
2661 4286 2845 4338 Πάντα
2871 4286 3050 4338 τοίνυν
3075 4285 3238 4339 αὑτοῦ
3257 4324 3271 4349 ,
3300 4286 3391 4338 καὶ
3413 4286 3514 4337 οὑκ
3542 4284 3798 4355 ἀτιμάζει

2219 4379 2318 4450 τὴν
2344 4378 2675 4449 οἰκονομίαν,
2691 4380 2756 4448 ῆν
2781 4378 2875 4431 καὶ⁹
2896 4378 3061 4442 αὐτὸς
3084 4376 3346 4448 ἐπῄνεσεν
3361 4379 3390 4431 6
3411 4377 3618 4448 Πατὴρ,
3642 4378 3795 4447 εἴπερ

2220 4471 2369 4525 ἐστὶν
2415 4470 2590 4541 ἀληθῆ
2641 4470 2710 4523 τὰ
2755 4468 2843 4523 διὰ
2884 4469 2986 4538 τῆς
3031 4468 3127 4524 τοῦ
3162 4469 3373 4524 Παύλου
3423 4470 3625 4539 φωνῆς.
3661 4469 3798 4521 Ποτὲ

521 4564 663 4619 Alibi
690 4565 832 4619 enim
861 4566 931 4619 ita
965 4566 1041 4621 ait
1071 4583 1084 4619 :
1120 4584 1139 4616 ι
1177 4563 1311 4618 Eum
1331 4568 1420 4634 qui
1451 4582 1554 4621 non
1590 4578 2113 4637 noveratpeccatum

2222 4564 2322 4633 μὲν
2348 4563 2458 4633 γὰρ
2487 4562 2613 4632 ἔφη’
2638 4582 2655 4613 ι
2683 4561 2787 4615 Τὸν
2811 4561 2885 4632 μὴ
2905 4560 3101 4630 γνόντα
3131 4562 3427 4632 ἁμαρτίαν,
3462 4560 3603 4629 ὑπὲρ
3642 4558 3798 4629 ἡμῶν

523 4673 620 4724 pro
659 4657 812 4711 nobis
840 4668 1124 4727 peccatum
1161 4658 1309 4723 fecit,
1341 4670 1397 4713 ut
1425 4675 1523 4714 nos
1549 4661 1738 4715 llatnus
1764 4661 1978 4729 iustitia
2016 4662 2112 4717 Dei

522 4750 578 4803 in
603 4748 722 4816 ipso
744 4749 812 4814 ⁸⁰;
828 4767 845 4799 ι
867 4749 1135 4805 alibivero
1158 4766 1368 4806 rursum
1398 4766 1450 4817 τι
1480 4751 1580 4817 Qui
1605 4752 1825 4822 proprio
1842 4752 1979 4807 Filio
2007 4770 2110 4810 non

522 4842 785 4911 pepercit,
822 4842 914 4897 sed
953 4858 1051 4913 pro
1084 4845 1239 4900 nobis
1288 4845 1541 4899 omnibus
1586 4844 1807 4898 tradidit
1842 4844 2015 4911 illum,
2057 4856 2116 4900 ut

522 4945 579 4987 et
621 4950 743 4989 cum
780 4936 897 5005 ipso
944 4937 1125 4991 omnia
1170 4937 1325 4991 nobis
1368 4936 1717 5006 largiatur".
1753 4956 1772 4989 ι
1813 4937 1968 4991 Anne
2019 4937 2113 4992 tibi

521 5038 888 5083 consentanea
933 5029 1104 5084 sacris
1148 5028 1368 5085 Litteris
1405 5029 1672 5084 sententia
1717 5045 1835 5085 mea
1862 5030 2117 5087 videtur?

594 5209 653 5264 Β.
696 5209 953 5265 Omnino.

595 5301 662 5355 A.
705 5301 763 5355 Si
796 5316 946 5365 vero,
984 5309 1044 5356 ut
1070 5300 1366 5356 adversarii
1415 5298 1602 5355 volunt
1630 5299 1843 5370 sibique
1884 5312 2108 5368 persua-

524 5392 678 5457 dent,
712 5393 1047 5464 unigenitum
1092 5392 1183 5448 Dei
1228 5393 1483 5456 Verbum,
1520 5402 1743 5461 accepto
1792 5392 2011 5446 homine
2038 5405 2105 5444 ex

524 5483 735 5540 semine
778 5485 947 5540 David
979 5493 1034 5540 et
1078 5484 1374 5550 Abraham,
1411 5484 1575 5556 730
1606 5483 1826 5538 formari
1871 5482 2019 5537 illum
2060 5482 2110 5535 in

507 5581 718 5631 sancta
744 5576 958 5648 Virgine
979 5578 1208 5644 curavit,
1227 5589 1387 5647 atque
1404 5578 1546 5632 hunc
1568 5577 1666 5631 sibi
1694 5576 1792 5647 ipsi
1818 5575 2112 5647 copulavit,

530 5675 870 5738 mortemque
921 5669 1155 5739 experiri
1211 5670 1399 5736 voluit,
1454 5684 1660 5725 necnon
1711 5669 2025 5724 suscitatqu
2083 5683 2113 5721 e

604 5846 649 5877 "
677 5843 868 5916 Ephcs.
898 5860 913 5898 ι
967 5841 1173 5911 20,21.
1253 5843 1296 5875 ³⁸
1326 5841 1369 5897 ll
1412 5843 1533 5898 Cor.
1578 5858 1628 5912 v,
1656 5842 1743 5896 2|.

2223 4655 2498 4725 ἁμαρτίαν
2530 4653 2806 4725 ἐποίησεν,
2849 4654 2936 4706 ἵνα
2967 4654 3128 4721 ἡμεῖς
3156 4652 3442 4723 γενώμεθα
3484 4650 3797 4719 δικαιοσύνη

2221 4746 2357 4800 Θεοῦ
2393 4747 2450 4799 ὲν
2479 4746 2656 4818 αὑτῷ·
2698 4764 2715 4796 ι
2747 4746 2876 4799 ποτὲ
2909 4744 2967 4797 δὲ
2998 4744 3160 4797 πάλιν
3183 4759 3196 4771 ·
3239 4762 3259 4795 ι
3302 4745 3402 4806 ’ος
3439 4759 3505 4811 γε
3534 4740 3629 4794 τοῦ
3666 4740 3796 4794 ίδίου

2223 4839 2354 4894 Υἱοῦ
2392 4840 2494 4893 οὑκ
2525 4838 2801 4909 ἐφείσατο,
2841 4836 2953 4890 ἀλλ’
2987 4836 3126 4907 ὑπὲρ
3149 4834 3307 4907 ἡμῶν
3344 4836 3601 4888 ἁπάντων
3650 4850 3796 4904 παρ

2223 4930 2423 4985 ἔδωκεν
2440 4930 2622 4989 αὑτὸν.
2642 4930 2729 4981 ἴνα
2760 4929 2854 4981 καὶ
2885 4927 2982 4980 σὺν
3010 4927 3158 4997 αὑτῷ
3184 4926 3255 4979 τά
3284 4926 3460 4980 πάντα
3483 4927 3614 4995 ἡμῖν
3644 4920 3798 4993 χαρί·

2222 5038 2404 5090 σηται.
2440 5039 2457 5071 ι
2495 5016 2620 5090 Ἀρ*
2640 5014 2732 5072 οῦν
2770 5018 2869 5070 οὑκ
2902 5016 3030 5069 εὑθὺ
3065 5015 3271 5069 σκοποῦ
3298 5015 3406 5068 τῶν
3433 5013 3593 5067 ίεοῶν
3614 5013 3653 5066 Γ
3659 5030 3799 5084 ραμ·

2221 5113 2409 5182 μάτων
2445 5111 2473 5163 ὁ
2502 5112 2639 5181 πρὸς
2665 5109 2825 5182 ἡμῶν
2859 5111 2974 5162 ἐστι
3003 5108 3193 5177 My“;

2290 5204 2350 5258 B.
2394 5203 2516 5267 Πῶς
2543 5203 2651 5273 γὰρ
2683 5202 2780 5267 οῦς

2287 5297 2350 5351 Λ.
2396 5297 2456 5349 Ei
2483 5296 2537 5348 δὲ
2568 5296 2651 5368 δὴ,
2687 5296 2831 5350 καθά
2860 5310 3024 5364 φασιν
3057 5294 3107 5348 οἱ
3138 5295 3205 5348 δι’
3246 5291 3496 5357 ἐναντίας
3531 5292 3627 5345 καὶ
3660 5307 3793 5361 (ppo-

2218 5390 2328 5442 νεῖν
2354 5388 2679 5457 ἐγνώκασιν,
2702 5390 2730 5441 6
2764 5389 3057 5460 μονογενὴς
3098 5388 3195 5441 τοῦ
3225 5386 3361 5441 Θεοῦ
3392 5386 3587 5454 Λόγος,
3617 5382 3795 5437 λαϐὼν

2212 5482 2498 5551 ἄνθρωπον
2550 5484 2614 5534 ὲκ
2664 5481 2982 5553 σπέρματος
3027 5479 3119 5533 τοῦ
3170 5477 3460 5533 Θεσπεσίου
3508 5476 3673 5532 Δαΰὶδ
3703 5475 3793 5529 καὶ

2225 5573 2499 5646 Ἀδραάμ,
2535 5573 2835 5641 πλασθῆναι
2883 5574 2978 5645 μὲν
3015 5576 3075 5627 ὲν
3103 5577 3169 5646 τῇ
3202 5572 3333 5645 ἁγίᾳ
3364 5570 3630 5641 Παρθένῳ
3659 5584 3791 5639 παρ-

2216 5664 2481 5719 εσκεύασέ
2511 5682 2567 5718 τε
2608 5668 2699 5719 καὶ
2724 5665 2906 5720 τυῦτον
2938 5664 3114 5737 ἐαυτῷ
3165 5664 3390 5736 συνῆιᾲε,
3424 5663 3516 5716 καὶ
3563 5661 3789 5715 θανάτου

1828 5841 1867 5872 ⁸¹
1913 5841 2067 5895 llum.
2105 5856 2221 5906 vm,
2255 5838 2340 5893 3?.
