4122 6558
365 413 498 468 {26!
1493 419 1684 486 QUOD
1725 420 1916 480 ΕΝυὸ

2049 425 2065 477 Γ
2103 426 2480 486 CHRISTUS.
3512 433 3650 490 ηδε

363 524 665 592 πεποίηκεν
693 527 771 590 είς
801 530 997 600 πεῖραν
1025 528 1219 590 ἐλθεῖν,
1249 528 1342 582 καὶ
1375 529 1481 602 μὴν
1511 532 1606 585 καὶ
1638 532 1861 603 ἐγείρας
1890 536 1943 587 ὲκ

2063 540 2292 595 mortuis
2326 541 2376 595 in
2409 541 2606 597 coelum
2637 546 2880 612 sustulit,
2912 556 2967 602 et
3015 547 3083 601 ad
3115 547 3398 602 dexteram
3443 547 3534 602 Dei
3566 546 3683 628 διε-ξ

361 613 574 686 νεκρῶν
605 616 934 688 ἀνεκόμισεν
960 621 1038 683 είς
1066 621 1159 672 τδν
1202 621 1453 690 οὐρανὸν,
1484 623 1579 674 καὶ
1607 623 1863 678 ἐκάθισεν
1895 627 1954 678 ἐν

2056 630 2187 687 dere
2209 633 2393 702 jussit,
2448 648 2872 704 supervacanee,
2907 645 2964 692 ut
2995 639 3226 704 videtur,
3254 653 3284 692 a
3316 639 3520 694 sanctis
3549 637 3654 693 Pa-

358 705 512 778 δεξιᾷ
557 707 652 761 τοῦ
696 707 832 762 Θεοῦ
857 725 872 741 ⁸
908 711 1202 782 περιττῶς.
1252 713 1329 774 ὡς
1368 713 1533 780 ἔοικε.
1569 715 1706 787 πρός
1753 733 1810 770 τε
1847 717 1955 770 τῶν
2058 727 2251 787 tribus.
2278 739 2335 784 et
2368 745 2398 783 a
2427 729 2581 784 nobis
2608 731 2760 787 ipsis.
2795 743 2958 787 atque
2991 733 3128 787 adeo
3159 733 3229 787 ab
3258 735 3510 787 universa
3562 714 3680 787 sa?

359 796 536 865 ἀγίων
565 799 842 868 πατέρων,
874 803 970 856 καὶ
1001 803 1140 874 πρός
1161 820 1226 872 γε
1261 805 1417 875 ἡμῶν
1444 806 1644 869 αὐτῶν,
1683 809 1777 862 καὶ
1805 809 1955 862 ἀπά-

360 903 462 958 σης
500 905 565 958 γε
596 890 697 960 τῆς
743 890 1106 947 θεοπνεύστου
1142 895 1366 968 Γραφῆς
1398 898 1821 972 ὲνανθρωπῆσαι
1869 902 1956 957 λέ-

376 997 533 1049 γεται
559 997 572 1010 ·
603 983 755 1053 δηλοί
799 985 932 1056 γὰρ,
974 983 1149 1056 οἶμαι,
1187 991 1356 1054 τουτὶ,
1391 993 1482 1044 καὶ
1513 992 1700 1064 ἕτερον
1727 995 1900 1060 οὐδὲν,
1927 996 1955 1048 ὁ

361 1074 638 1144 πάνσοφος
677 1075 952 1147 Ἰωάννης,
984 1078 1300 1150 γεγραφὼς,
1328 1082 1411 1135 ὅτι
1449 1101 1468 1134 ι
1519 1082 1580 1135 '0
1608 1085 1783 1153 Λόγος
1815 1084 1955 1156 σὰρξ

359 1165 600 1233 ὲγένετο.
633 1186 651 1218 ι
697 1167 1126 1240 Ἀντὲστραπται
1159 1170 1240 1236 δὲ,
1293 1174 1434 1228 κατά
1481 1174 1542 1226 τὸ
1593 1177 1763 1240 εἰκὸς,
1815 1176 1954 1245 πρὸς

360 1258 470 1310 πᾶν
498 1259 829 1320 τούναντίον,
863 1260 962 1330 τῆς
994 1263 1135 1332 μετά
1183 1266 1384 1335 σαρκὸς
1409 1268 1721 1339 οἰκονομίας
1749 1268 1810 1322 τὸ
1846 1287 1953 1340 μυ-

361 1349 604 1420 στήριον.
638 1351 711 1403 Ού
737 1351 846 1423 γὰρ
877 1352 1024 1406 ἔστιν
1075 1354 1221 1420 ίδεῖν,
1263 1356 1340 1420 ὠς
1380 1358 1512 1424 θεὸς
1537 1357 1614 1413 ὢν
1654 1361 1815 1429 φύσει
1859 1364 1955 1418 καὶ

358 1439 425 1492 ὲκ
471 1440 606 1493 θεοῦ
656 1443 913 1512 πεφηνὼς
947 1445 976 1498 ὁ
1013 1445 1204 1514 Λόγος,
1251 1448 1495 1520 καθῆκεν
1528 1452 1718 1506 ἑαυτὸν
1752 1456 1832 1518 είς
1862 1456 1953 1510 κέ-

357 1547 556 1596 νωσιν,
613 1534 827 1606 μορφὴν
877 1535 1064 1590 δούλου
1115 1537 1333 1606 λαϐὼν,
1397 1544 1493 1595 καὶ
1549 1546 1952 1602 τεταπείνωκεν

359 1624 572 1690 ἑαυτὸν,
626 1627 740 1680 ἀλλ’
778 1627 845 1683 ἐκ
882 1647 945 1698 γε
991 1631 1097 1686 τῶν
1143 1634 1423 1701 ἐναντίων,
1465 1638 1801 1710 ἀνεκομίσθη
1851 1641 1952 1711 μὲν

358 1715 643 1786 ἄνθρωπος
678 1719 759 1783 είς
786 1719 883 1790 τὴν
916 1722 1014 1794 τῆς
1054 1722 1305 1796 θεότητος
1344 1727 1522 1794 δόξαν,
1557 1733 1650 1784 καὶ
1679 1733 1780 1803 τὴν
1811 1733 1954 1788 κατά

363 1808 584 1864 πάντων
632 1809 928 1883 ὑπεροχὴν,
965 1813 1126 1868 ἔλαϐε
1166 1816 1222 1869 δὲ
1255 1819 1350 1870 καὶ
1394 1819 1530 1873 Θεοῦ
1569 1825 1806 1892 μορφὴν,
1854 1825 1950 1878 καὶ

2058 727 2251 794 tribus,
2278 739 2335 784 et
2368 745 2398 783 a
2427 729 2581 784 nobis
2608 731 2760 800 ipsis,
2795 743 2958 802 atque
2991 733 3128 788 adeo
3159 733 3229 788 ab
3258 735 3510 790 universa
3562 749 3652 788 sa-

2056 834 2148 875 cra
2194 829 2250 874 et
2287 821 2546 876 divinitus
2591 823 2854 892 inspirata
2899 823 3179 895 Scriptura
3227 825 3388 881 homo
3443 827 3649 880 factum

2056 925 2180 966 esse
2205 911 2424 966 dicitur.
2459 911 2572 968 Hoc
2602 915 2771 978 enim,
2808 930 2984 984 neque
3017 918 3162 970 aliud
3195 917 3488 987 quidquam
3515 917 3650 972 mihi

2055 1001 2366 1070 signiﬁcare
2401 1003 2616 1058 videtur
2659 1006 3101 1071 sapientissimus
3146 1005 3385 1062 Joannes
3415 1024 3536 1062 cum
3571 1009 3652 1061 in-

2055 1091 2175 1160 quit
2204 1108 2218 1144 :
2253 1110 2271 1142 ι
2303 1091 2542 1148 Verbum
2589 1109 2716 1149 caro
2759 1096 2962 1151 factum
3009 1106 3114 1151 est.
3144 1116 3163 1148 ι
3199 1097 3304 1152 Sed
3335 1099 3648 1152 universqu

2057 1182 2551 1240 administrationis
2588 1187 2640 1241 in
2673 1203 2838 1242 carne
2873 1191 3195 1260 mysterium
3240 1189 3396 1259 plane
3437 1189 3490 1243 in
3522 1204 3651 1244 con-

2057 1274 2281 1328 trarium
2325 1276 2645 1340 mutabitur.
2696 1275 2884 1346 Neque
2917 1278 3062 1332 enim
3112 1277 3254 1334 Deus
3287 1288 3476 1332 natura
3506 1279 3651 1332 exsi-

2055 1373 2207 1418 stens
2239 1376 2404 1433 atque
2457 1381 2522 1421 ex
2566 1366 2677 1422 Deo
2723 1367 2982 1434 Verbum,
3033 1371 3271 1440 seipsum
3302 1373 3368 1424 ad
3397 1368 3650 1424 exinani-

2058 1455 2256 1510 tionem
2297 1455 2584 1512 demisisse
2615 1459 2882 1526 cernitur,
2927 1475 3102 1530 neque
3163 1462 3531 1516 humiliaverit
3565 1474 3652 1515 se—

2056 1546 2234 1617 ipsutn
2267 1569 2280 1604 :
2313 1551 2407 1606 sed
2438 1565 2468 1606 e
2497 1554 2772 1608 contrario
2801 1555 3004 1610 relatus
3042 1557 3259 1626 quidem
3299 1557 3458 1611 fuerit
3490 1558 3651 1611 homo

2057 1639 2112 1694 in
2145 1641 2364 1697 deitatis
2387 1642 2636 1712 gloriam,
2667 1647 2831 1715 inque
2856 1650 3241 1704 excellentiam
3274 1652 3516 1704 omnium
3551 1667 3643 1706 su-

2054 1748 2330 1802 premam;
2357 1739 2631 1806 acceperit
2654 1755 2783 1794 vero
2813 1750 2866 1795 et
2887 1741 3120 1797 formam
3147 1743 3264 1807 Dei,
3292 1756 3348 1799 et
3375 1745 3649 1798 exaltatus

2054 1820 2240 1888 fuerit,
2280 1840 2526 1882 assessor
2557 1827 2700 1885 Patri
2740 1831 2941 1887 factus.
2983 1833 3138 1888 Anne
3170 1833 3265 1888 tibi
3300 1850 3426 1891 vere
3468 1835 3649 1892 dicere

363 1898 550 1968 ὑψώθη
577 1899 794 1970 μᾶλλον,
828 1901 1114 1974 σύνθρονος
1145 1906 1385 1976 γεγονὼς
1414 1909 1490 1980 τῷ
1521 1910 1718 1982 Πατρί.
1749 1908 1826 1966 Ἦ
1851 1914 1950 1968 ούκ
1986 1903 2029 1958 Β
2059 1913 2283 1970 videor?

355 1987 577 2057 ἀληθὲς,
607 1989 635 2041 ὃ
664 2005 844 2060 φημι;

427 2078 489 2131 Β.
533 2079 854 2135 Παντάπασι
891 2081 992 2152 μὲν
1024 2078 1138 2139 οὖν.

427 2171 492 2225 Α.
534 2172 595 2224 Ei
648 2171 706 2225 δὲ
754 2174 976 2245 ἀληθὲς,
1020 2176 1164 2232 καθά
1203 2194 1357 2247 φασι,
1408 2181 1504 2233 καὶ
1535 2181 1818 2253 ἀπηξίωσε
1851 2185 1949 2259 τὴν

356 2265 668 2336 οἰκονομίαν
702 2269 730 2320 ὀ
757 2269 1088 2340 Μονογενὴς,
1127 2270 1284 2335 ποίας
1315 2270 1394 2324 ἔτι
1425 2275 1834 2346 κατεφρόνησεν
1863 2279 1948 2331 ai-

357 2350 594 2422 σχύνης;
637 2355 740 2407 ποῦ
789 2355 845 2408 δὲ
893 2356 1116 2426 γέγονεν
1156 2359 1398 2429 ὑπήκοος
1435 2361 1513 2432 τῷ
1549 2364 1725 2435 Πατρὶ
1780 2367 1947 2438 μέχρι

357 2443 611 2510 θανάτου,
652 2445 882 2500 θανάτου
907 2447 965 2500 δὲ
996 2450 1262 2520 σταυροῦ;
1299 2452 1410 2504 Καὶ
1439 2454 1489 2505 εἰ
1523 2453 1703 2508 λαϐὼν
1731 2456 1946 2529 ἀνθρω-

356 2538 481 2602 mir,
514 2535 687 2606 ήγαγε
719 2535 820 2608 μὲν
869 2537 967 2591 καὶ
999 2539 1079 2602 είς
1128 2542 1324 2611 πεῖραν
1351 2541 1514 2594 αὑτὸν
1544 2543 1637 2597 τοῦ
1687 2544 1944 2614 θανάτου,

356 2626 695 2698 ἀνακομίσας
743 2629 799 2682 δὲ
852 2629 950 2684 καὶ
987 2631 1068 2694 είς
1104 2631 1372 2701 οὐρανοὺς
1400 2633 1654 2708 σύνεδρον
1695 2638 1944 2709 ἀπέφηνε

355 2720 435 2792 τῷ
469 2721 663 2792 Πατρὶ,
695 2724 786 2775 ποῖ
812 2721 876 2793 δὴ
905 2721 1014 2793 ἀρα
1043 2722 1227 2776 λοιπὸν
1263 2726 1290 2778 ὁ
1322 2725 1488 2778 αὑτοῦ
1529 2733 1778 2796 φανεῖται
1810 2731 1940 2802 θρό-

356 2831 466 2878 νος,
503 2815 660 2884 είπερ
698 2814 758 2866 ού
804 2813 896 2867 δύο
936 2816 1100 2883 φασὶν
1144 2818 1316 2880 υἱοὺς,
1365 2817 1458 2872 ἕνα
1489 2819 1545 2872 δὲ
1603 2821 1803 2892 μᾶλλον
1852 2823 1944 2876 τὸν

341 2887 767 2974 συνεδρεύοντα,
814 2903 906 2957 τὸν
943 2907 1008 2958 ὲκ
1043 2907 1358 2977 σπέρματος
1396 2908 1640 2980 δηλονότι
1689 2911 1852 2966 Δαϐίδ
1883 2930 1942 2967 τε

357 2997 452 3051 καὶ
502 2996 787 3069 Ἀϐραάμ;
837 2997 954 3060 πῶς
984 2998 1030 3051 δ’
1060 2999 1125 3053 ἂν
1157 3000 1252 3054 καὶ
1298 3001 1460 3064 αὐτὸς
1501 3003 1697 3076 Σωτὴρ
1733 3004 1944 3074 λέγοιτο

355 3087 608 3155 γενέσθαι
636 3089 730 3143 τοῦ
767 3090 1000 3160 κόσμου,
1041 3091 1134 3145 καὶ
1166 3093 1286 3164 οὐχὶ
1313 3093 1378 3166 δὴ
1415 3095 1618 3166 μᾶλλον
1649 3098 1940 3168 ἀνθρώπου

356 3181 635 3251 πρόξενος,
668 3182 788 3252 ἦτοι
815 3182 1253 3254 παρακομιστὴς,
1272 3184 1338 3237 δι’
1364 3181 1424 3238 οὗ
1459 3186 1553 3238 καὶ
1583 3186 1936 3258 σεσώσμεθαο

357 3275 454 3329 καὶ
496 3275 646 3337 τέλος
684 3274 849 3343 νόμον
887 3278 981 3326 καὶ
1031 3274 1329 3346 προφητῶν
1368 3276 1590 3344 γέγονεν
1624 3277 1936 3348 ἄνθρωπος,

356 3367 542 3438 ἔτερος
584 3364 660 3420 ῶν
701 3366 831 3438 παρ’
884 3366 1069 3420 αὐτόν.
1103 3366 1271 3419 Λαλεῖ
1315 3367 1424 3439 γὰρ
1455 3370 1484 3421 ὁ
1517 3368 1681 3438 νόμος
1711 3370 1772 3424 τὸ
1803 3372 1942 3444 Χρι-

357 3457 486 3512 στοῦ
517 3458 834 3528 μυστήριον,
871 3457 966 3510 καὶ
993 3457 1119 3527 περὶ
1149 3457 1316 3512 αὐτοῦ
1343 3459 1618 3530 γέγραφεν
1657 3463 1685 3514 ὁ
1711 3462 1940 3534 Μωσῆς,

355 3548 415 3614 ὃς
434 3550 524 3602 καὶ
544 3548 765 3616 γέγονεν
783 3549 815 3618 ἡ
823 3550 912 3619 μίν
944 3549 1293 3618 παιδαγωγὸς
1323 3551 1412 3603 ἐπ’
1432 3552 1616 3606 αὐτόν.
1637 3553 1856 3625 Οίχεται
1884 3558 1941 3611 δέ

357 3658 460 3696 που
487 3640 623 3712 πρὸς
649 3640 710 3693 τὸ
733 3641 947 3712 μηδὲνή
967 3641 1167 3707 πίστις,
1191 3642 1339 3714 ἔρρει
1360 3643 1465 3714 γάρ
1485 3661 1497 3674 ·
1517 3645 1651 3698 ὅπου
1671 3646 1727 3700 δὲ
1747 3664 1942 3702 παντε-

355 3734 484 3799 λῶς,
498 3735 651 3788 οὐδὲν
667 3735 726 3788 τὸ
742 3733 937 3788 σεπτὸν
953 3736 984 3806 ἡ
993 3735 1108 3804 μῶν
1127 3737 1446 3809 μυστήριον.
1467 3738 1532 3791 Ὃ
1554 3738 1618 3810 δὴ
1637 3741 1730 3793 καὶ
1755 3739 1783 3790 ὁ
1801 3757 1940 3794 παν-

357 3829 575 3900 άριστος
619 3827 827 3891 Παῦλος
861 3828 1156 3901 διατρανοί,
1189 3829 1361 3899 λέγων
1381 3847 1396 3860 ’
1437 3851 1455 3884 ι
1485 3831 1578 3904 Μὴ
1595 3833 1754 3905 εἴπῃς
1780 3836 1837 3887 ὲν
1871 3838 1937 3906 τῇ

357 3924 554 3994 καρδίᾳ
602 3939 693 3976 σού
716 3939 729 3954 ·
763 3922 858 3986 Τίς
899 3923 1233 3994 ἀναϐήσεται
1281 3925 1360 3988 είς
1403 3925 1494 3978 τὸν
1525 3927 1786 4000 οὐρανόν;
1816 3945 1941 3980 του-

353 4013 502 4066 τέστι
532 4013 769 4084 Χριστὸν
799 4015 1154 4082 καταγαγεῖν,
1182 4013 1214 4085 ἢ
1237 4013 1319 4078 τίς
1339 4014 1712 4087 καταϐήσεται
1733 4018 1813 4079 εἰς
1841 4017 1940 4088 τὴν

355 4105 628 4169 ἀϐυσσον;
663 4107 910 4158 τουτέστι
957 4105 1193 4176 Χριστὸν
1244 4107 1540 4176 ἀναγαγεῖν
1587 4109 1652 4161 ἐκ
1707 4108 1936 4179 νεκρῶν.

367 4194 530 4247 ’Λλλά
559 4194 610 4246 τί
641 4193 788 4262 λέγει
814 4196 848 4263 ἡ
874 4195 1102 4265 Γραφή;
1143 4195 1336 4264 Ἐγγύς
1369 4214 1461 4249 σου
1496 4197 1558 4250 τὺ
1589 4199 1740 4268 ρῆμά
1765 4200 1937 4265 ἐστιν,

356 4289 418 4342 ἐν
460 4287 538 4357 τῷ
586 4287 814 4356 στόματί
847 4303 940 4340 σου
985 4290 1081 4342 καὶ
1114 4290 1172 4341 ἐν
1201 4291 1268 4359 τῇ
1314 4289 1510 4361 καρδίᾳ
1545 4307 1661 4352 σου,
1694 4292 1941 4346 τουτέστι

350 4378 416 4432 τὸ
444 4380 593 4449 ῥῆμα
622 4378 719 4448 τῆς
748 4377 1006 4442 πίστεως,
1039 4379 1067 4433 ὂ
1105 4383 1475 4452 κηρύσσομεν,
1508 4383 1588 4435 ὅτι
1637 4383 1731 4437 ἐὰν
1779 4385 1940 4455 εἴπῃς

355 4472 413 4525 ὲν
436 4471 513 4542 τῷ
542 4471 768 4540 στόματί
801 4487 916 4534 σου,
943 4469 1147 4542 Κύριος
1178 4471 1406 4541 Ἰησοῦς,
1433 4473 1526 4526 καὶ
1561 4475 1861 4547 πιστεύσῃς
1881 4478 1939 4529 ὲν

2124 2071 2188 2126 Β.
2230 2069 2486 2131 Omnino.

2120 2164 2186 2218 A.
2222 2165 2291 2220 At
2312 2171 2356 2222 si
2393 2183 2578 2224 verum
2603 2180 2689 2226 est
2714 2173 2858 2243 quod
2887 2173 3098 2242 dicunt,
3134 2187 3190 2232 et
3215 2177 3538 2249 dedignatus
3563 2189 3649 2238 est

2051 2255 2378 2328 Unigeuittts
2422 2261 2874 2330 incarnationem,
2927 2281 3091 2336 quam
3150 2270 3368 2325 tandem
3416 2270 3648 2341 ignoiui-

2053 2348 2195 2403 niam
2230 2354 2599 2422 contempsit?
2626 2366 2720 2410 aut
2747 2372 2856 2426 quo
2881 2369 3039 2426 pacto
3066 2359 3244 2418 factus
3273 2374 3357 2417 est
3388 2361 3646 2419 obediens

2047 2437 2195 2494 Patri
2242 2456 2410 2510 usque
2449 2445 2516 2497 ad
2548 2456 2801 2511 mortem,
2827 2459 3056 2504 mortem
3089 2463 3268 2506 autem
3292 2451 3644 2508 crucis?Jatn

2048 2543 2179 2584 vero
2210 2535 2254 2585 si
2293 2544 2571 2604 acceptum
2603 2535 2751 2589 illum
2785 2537 3060 2594 hominem
3091 2551 3320 2597 mortem
3351 2545 3503 2598 obire
3528 2542 3647 2611 jus-

2047 2619 2137 2687 sit,
2176 2629 2230 2675 et
2258 2634 2506 2676 evectum
2554 2624 2606 2678 in
2647 2625 2845 2680 ctelum
2887 2643 3220 2683 assessorem
3262 2628 3406 2684 Patri
3435 2631 3644 2686 consti-

2046 2712 2173 2776 tuit,
2207 2713 2424 2769 ubinam
2456 2717 2714 2784 deinceps
2751 2720 2857 2774 erit
2887 2721 3114 2776 thronus
3154 2720 3275 2776 Filii
3304 2762 3320 2788 ,
3374 2723 3643 2793 siquidem

2046 2820 2387 2876 nequaquam
2442 2812 2579 2865 duos
2640 2812 2778 2865 ﬁlios
2837 2827 2959 2868 esse
3005 2824 3274 2881 statuunt,
3324 2816 3418 2870 sed
3465 2815 3647 2884 potius

2047 2913 2214 2951 unum
2261 2900 2591 2956 assidentem
2631 2945 2646 2967 ,
2705 2905 2960 2959 nimirum
3013 2919 3078 2960 ex
3131 2910 3338 2963 semine
3379 2907 3546 2963 David
3589 2919 3645 2964 et

2043 2990 2315 3046 Mirabar?
2340 3001 2431 3046 aut
2455 2994 2728 3063 quomodo
2756 2995 2872 3064 ipse
2904 2997 3119 3052 dicatur
3162 2999 3339 3054 factus
3368 3016 3491 3056 csse
3528 2999 3645 3055 Sal-

2046 3092 2202 3135 vator
2239 3083 2445 3148 mundi,
2474 3095 2529 3138 et
2563 3100 2667 3138 non
2702 3087 2885 3154 potius
2919 3087 3154 3143 hominis
3192 3102 3491 3158 proxeneta
3525 3094 3642 3149 sive

2045 3174 2294 3242 pararius
2336 3173 2522 3240 fuisse,
2555 3191 2651 3245 per
2675 3193 2835 3249 quem
2877 3179 3070 3235 salvati
3121 3182 3316 3236 simus?
3352 3183 3528 3254 Atque
3566 3186 3641 3240 ita

2052 3264 2177 3322 ﬁnis
2208 3268 2341 3338 legis
2368 3278 2420 3322 et
2445 3271 2832 3340 prophetarum
2862 3270 3042 3327 factus
3065 3281 3150 3327 est
3186 3275 3368 3342 homo,
3397 3276 3641 3334 diversus

2051 3360 2121 3413 ah
2155 3360 2272 3429 ipso
2298 3360 2592 3416 exsistens.
2619 3360 2889 3432 Loquitur
2922 3362 3067 3418 enim
3097 3363 3180 3417 lex
3212 3363 3416 3420 Christi
3441 3377 3640 3436 myste-

2051 3454 2215 3518 rium,
2260 3464 2315 3508 et
2335 3453 2401 3508 dc
2439 3454 2556 3524 ipso
2597 3455 2822 3524 scripsit
2866 3454 3100 3526 Moyses,
3131 3457 3224 3526 qui
3267 3467 3321 3512 et
3360 3459 3535 3516 factus
3562 3469 3639 3517 est

2050 3544 2209 3599 nobis
2245 3546 2570 3614 paedagogus
2595 3547 2662 3598 ad
2694 3546 2890 3614 ipsum.
2930 3545 3092 3600 Fides
3120 3562 3248 3603 vero
3273 3561 3456 3604 nostra
3491 3550 3640 3605 irrita

2049 3637 2122 3692 sit
2147 3647 2201 3691 et
2230 3637 2282 3690 in
2312 3636 2542 3691 nihilum
2571 3636 2871 3708 redigatur,
2903 3648 2957 3692 et
2993 3643 3361 3694 venerandum
3393 3653 3641 3696 nostrum

2049 3729 2366 3801 mysterium
2417 3729 2575 3798 plane
2634 3729 3012 3787 labefactetur.
3065 3731 3218 3798 Quod
3284 3744 3340 3787 et
3401 3737 3641 3806 optimus

2049 3821 2252 3878 Paulus
2278 3822 2538 3888 declarat,
2573 3823 2801 3878 dicens:
2835 3842 2854 3874 ι
2886 3822 2964 3878 Ne
2995 3824 3201 3879 dixeris
3238 3826 3289 3880 in
3316 3828 3479 3881 corde
3505 3837 3639 3883 tuo:

2049 3915 2182 3981 Quis
2204 3918 2461 3971 ascendet
2485 3915 2536 3969 iu
2563 3915 2801 3969 malum?
2824 3915 2874 3968 id
2903 3925 3008 3978 est,
3037 3915 3312 3970 Christum
3337 3919 3638 3986 deducere;

2049 4021 2145 4064 aut
2173 4009 2296 4078 quis
2333 4009 2628 4061 descendet
2652 4007 2703 4060 itt
2750 4007 3055 4076 abyssum?
3100 4007 3203 4062 hoc
3234 4017 3318 4063 est
3361 4008 3639 4066 Cltrisunn

2049 4119 2079 4157 a
2111 4102 2345 4158 mortuis
2367 4114 2650 4156 revocare.
2678 4100 2782 4153 Sed
2814 4101 2940 4169 quid
2965 4101 3094 4154 dicit
3121 4098 3441 4171 Scriptura?
3464 4101 3638 4174 Prope

2049 4207 2134 4252 est
2178 4195 2400 4250 verbum
2435 4196 2487 4248 in
2531 4207 2626 4248 ore
2660 4204 2770 4258 tuo,
2817 4202 2870 4246 et
2923 4193 2974 4246 in
3025 4193 3190 4247 corde
3241 4205 3350 4259 tuo,
3387 4196 3488 4250 hoc
3534 4207 3639 4261 est,

2048 4289 2272 4343 verbum
2318 4287 2440 4341 ﬁdei
2472 4286 2615 4356 quod
2645 4285 3022 4356 prwdicamus.
3065 4285 3202 4353 Quia
3247 4287 3289 4340 si
3327 4287 3639 4344 conﬁtearis

2049 4381 2102 4435 in
2127 4395 2221 4434 ore
2254 4390 2344 4433 tuo
2376 4378 2664 4432 Dominum
2702 4375 2912 4441 Jesum,
2947 4386 3001 4430 et
3046 4379 3097 4431 iu
3136 4379 3300 4432 corde
3340 4389 3432 4434 tuo
3461 4381 3639 4436 credi-

2048 4475 2194 4531 deris
2240 4473 2399 4544 731
2450 4475 2592 4541 quod
2627 4470 2768 4525 Deus
2801 4470 2950 4524 illum
2996 4470 3280 4525 suscitavit
3315 4487 3342 4525 a
3383 4473 3638 4538 mortuis,

353 4567 422 4636 τῇ
456 4563 656 4634 καρδίᾳ
687 4579 802 4630 σου,
832 4563 914 4616 ὅτι
946 4563 974 4615 ὁ
1000 4563 1132 4627 Θεὸς
1154 4565 1316 4617 αύτὺν
1355 4567 1574 4637 ἤγειρεν
1607 4570 1671 4622 ἐκ
1705 4569 1934 4640 νεκρῶν,

2049 4572 2228 4627 salvus
2261 4570 2373 4624 eris
2400 4567 2468 4621 δ’.
2503 4585 2522 4617 ι
2555 4565 2672 4633 Quo
2701 4575 2860 4635 pacto
2889 4564 3051 4632 igitur
3086 4563 3190 4616 erit
3232 4564 3485 4633 deinceps
3523 4582 3637 4620 ma-

351 4654 600 4728 Δσωθήσῃ.
655 4674 674 4707 ι
726 4654 850 4716 Πῶς
890 4651 980 4708 οὖν
1005 4655 1082 4709 ἔτι
1112 4656 1256 4726 μέγα
1299 4674 1358 4711 τε
1390 4660 1484 4712 καὶ
1513 4660 1732 4724 εὐκλεὲς
1761 4662 1856 4715 καὶ
1880 4664 1938 4716 ὲν

357 4748 646 4820 ύπερτάτῳ
689 4745 930 4818 θαύματι
960 4748 1020 4802 τὸ
1050 4749 1146 4819 τῆς
1189 4751 1474 4816 εὐσεϐείας
1524 4755 1854 4825 μυστήριον,
1892 4757 1941 4808 εί

356 4840 460 4912 χρὴ
507 4837 804 4902 πιστεύειν,
850 4839 954 4904 ὅτι,
987 4839 1134 4894 καθά
1184 4859 1350 4910 φασιν
1400 4845 1450 4896 οἱ
1495 4844 1940 4917 διεστραμμένοι,

355 4932 638 5000 ἄνθρωπος
685 4931 931 5001 ληφθεὶς,
963 4932 1056 4985 καὶ
1089 4932 1164 5003 τῷ
1198 4934 1316 5005 Θεῷ
1345 4936 1502 5006 Λόγῳ
1531 4937 1791 5006 σχετικῶς
1823 4955 1946 4991 συν-

352 5023 620 5092 ημμὲνος,
661 5022 900 5077 ἀπέθανέ
936 5040 994 5077 τε
1044 5025 1140 5078 καὶ
1187 5026 1409 5092 ἀνεϐίω,
1462 5029 1557 5082 καὶ
1606 5029 1943 5099 ἀνεκομίσθη

360 5113 458 5182 μὲν
488 5116 565 5174 εἰς
591 5114 681 5167 τὸν
721 5116 986 5187 ούρανόν;
1039 5117 1300 5172 ’Δπιστον
1329 5118 1385 5170 δὲ
1418 5119 1546 5183 ἴσως
1581 5121 1827 5188 φανεῖταί
1856 5138 1939 5174 τι·

358 5218 464 5264 σιν,
499 5203 545 5253 εί
573 5204 649 5274 μὴ
679 5203 809 5270 Θεὸς
837 5205 912 5259 ὢν
947 5205 1106 5277 φύσει
1141 5209 1236 5262 καὶ
1268 5209 1502 5280 ἀληθῶς,
1535 5213 1648 5274 τοῖς
1695 5211 1794 5281 τῆς
1819 5211 1939 5266 θεό-

354 5309 517 5362 τητος
551 5294 902 5365 ἐναϐρύνεται
937 5299 1145 5365 θάκοις,
1177 5301 1503 5367 ὲξωσθέντος
1532 5304 1672 5374 τάχα
1705 5321 1806 5357 που
1842 5303 1937 5358 τοῦ

358 5386 500 5440 κατὰ
527 5385 690 5456 φύσιν
724 5388 876 5456 Υίού,
920 5394 1011 5446 καὶ¹
1041 5396 1419 5467 παρεστήκασι
1455 5395 1557 5466 μὲν
1590 5397 1740 5460 τάξιν
1787 5396 1938 5468 ἕχον-

356 5496 448 5542 τες
479 5479 576 5551 τὴν
617 5479 1014 5557 λειτουργικὴν,
1053 5487 1408 5576 ἀγγελοιικα)⁵
1454 5487 1806 5560 ἁρχάγγελοι,
1843 5488 1936 5542 καὶ

355 5570 424 5624 τὰ
455 5569 535 5624 ἔτι
565 5572 769 5626 τούτων
810 5573 1066 5630 ἐπέκεινα
1097 5569 1370 5651 Σεραφῖμ,
1404 5581 1464 5634 ού
1497 5580 1575 5652 τῷ
1617 5580 1760 5634 κατά
1801 5581 1936 5653 ἁλή-

357 5660 507 5716 θειαν
559 5661 672 5734 fit}:
722 5663 819 5717 καὶ
865 5664 1004 5737 Θεῷ,
1053 5668 1326 5743 ἀνθρώπῳ
1371 5672 1427 5726 δὲ
1479 5672 1701 5745 μᾶλλον,
1747 5673 1806 5726 τὸ
1837 5673 1936 5744 τῆς

429 5839 474 5869 ⁸⁸
501 5838 654 5898 Rom.
685 5857 741 5908 x,
798 5841 913 5896 6-9.

2041 4680 2206 4740 gnum
2251 4673 2306 4717 et
2351 4659 2642 4732 gloriosum
2702 4669 2865 4727 atque
2921 4655 3298 4710 admirandum
3357 4656 3637 4727 religionis

2039 4755 2378 4828 mysterium,
2417 4749 2460 4804 si
2491 4747 2817 4803 credendum
2859 4756 2962 4807 est.
3009 4755 3068 4798 ut
3091 4745 3176 4800 isti
3209 4759 3237 4798 a
3271 4746 3500 4801 veritate
3526 4747 3638 4802 dis-

2041 4848 2168 4903 torti
2217 4843 2424 4907 voluut,
2471 4842 2614 4910 quod
2643 4841 2804 4894 homo
2829 4847 3102 4908 sumptus,
3127 4850 3181 4892 et
3202 4839 3311 4894 Deo
3338 4838 3514 4894 Verbo
3548 4855 3638 4894 re-

2041 4940 2203 4994 lative
2241 4935 2543 5005 copulatus,
2588 4945 2838 4988 mortuus
2865 4942 2948 4988 est
2986 4943 3040 4987 et
3078 4933 3299 4998 revixit,
3332 4941 3387 4987 et
3433 4933 3648 4988 relatus-

2042 5043 2124 5088 est
2157 5032 2210 5085 in
2254 5027 2496 5085 ctelum?
2536 5026 2858 5082 Incredibile
2898 5039 3026 5079 vero
3059 5024 3334 5080 nonnullis
3365 5025 3636 5081 videbitur

2047 5124 2150 5178 nisi
2200 5132 2389 5177 natura
2444 5135 2508 5174 ac
2547 5135 2676 5174 vere
2717 5119 2858 5174 Deus
2889 5119 3196 5181 exsistens,
3236 5116 3457 5172 deitatis
3496 5117 3635 5173 solio

2047 5217 2330 5288 glorietur,
2363 5213 2586 5282 expulso
2627 5226 2693 5265 eo
2731 5209 2822 5280 qui
2861 5219 3057 5264 natura
3099 5224 3194 5264 sua
3225 5207 3394 5264 Filius
3417 5218 3522 5265 est.
3568 5210 3634 5265 Et

2045 5306 2479 5362 circumstabunt
2545 5304 2764 5374 quidem
2817 5302 2991 5372 angeli
3047 5307 3212 5371 atque
3280 5302 3632 5370 archangeli,

2045 5400 2238 5469 hisque
2269 5396 2630 5453 eminentiora
2661 5394 2970 5464 Seraphim,
3011 5409 3116 5448 non
3148 5404 3206 5448 ut
3236 5409 3366 5450 vero
3398 5393 3534 5448 Filio
3567 5409 3633 5451 ac

2045 5490 2156 5548 Deo
2188 5488 2499 5544 ministrent
2523 5497 2686 5556 atque
2725 5483 3046 5552 inserviant,
3073 5485 3166 5541 sed
3194 5488 3371 5557 potius
3402 5486 3630 5551 homini,

2043 5581 2136 5652 qui
2167 5579 2442 5635 liliationis
2485 5593 2680 5635 nomen
2729 5591 2824 5648 per
2864 5577 3342 5648 participationem
3387 5577 3631 5639 Egsinua-

2044 5674 2375 5744 tioncmque,
2415 5687 2479 5729 ac
2511 5681 2698 5730 nostro
2725 5684 2877 5726 more
2905 5669 3152 5742 adeptus,
3179 5679 3231 5727 ct
3257 5670 3324 5726 ad
3355 5669 3630 5727 divinissi-
