4122 6544
529 410 672 469 ηδε

1529 411 1587 467 S.
1630 413 1904 471 CYBlLLl
1948 416 2416 480 ALEXANDRINI
2458 422 2755 481 ABCRIEP

3673 424 3816 477 ιεδι

528 544 672 585 mam
698 528 837 583 hanc
860 527 1083 596 gloriam
1113 538 1333 583 evectus
1353 539 1456 583 est.
1480 527 1666 599 Neque
1687 533 1831 586 enim
1860 546 2107 590 verentur

2221 541 2464 613 υίότητος
2510 542 2699 612 ὄνομα,
2749 540 3025 612 μεθεκτῶς
3071 544 3166 595 καὶ
3205 544 3665 614 εισκεκριμένως,
3718 543 3823 595 καὶ

530 619 773 675 h:crctici
803 619 1139 689 cjuscemodi
1170 619 1535 688 blasphemiae
1561 622 1921 679 deblaterare.
1965 626 2118 682 Anne

526 727 655 765 vi-ro
692 712 855 766 etiam
912 714 1008 766 tibi
1062 727 1271 765 summa
1320 712 1606 780 impietate
1650 714 1848 767 referta
1900 716 2114 771 illorum

525 804 772 857 doctrina
802 805 1009 857 videtur
1026 805 1049 858 ’ί
1069 801 1200 857 Nam
1223 805 1367 871 quod
1393 805 1574 857 datum
1599 814 1761 873 atque
1786 806 2115 861 insinuatum

524 905 632 958 est,
667 895 1022 964 rejieieudum
1059 898 1253 951 merito
1297 896 1482 959 fuerit,
1515 905 1570 949 et
1598 896 1739 963 quod
1775 899 2118 953 extrinsecus

525 987 744 1040 advenit
771 988 1173 1059 ascititiumque
1204 999 1307 1053 est,
1345 989 1527 1041 damni
1554 990 1864 1058 suspicione
1886 1006 1991 1044 non
2022 1006 2117 1045 ca-

527 1090 611 1132 ret
644 1098 657 1132 :
693 1090 751 1133 ut
780 1083 847 1135 de
879 1081 1213 1149 blasphemia
1243 1091 1297 1135 et
1323 1082 1660 1136 absurditate
1690 1084 1949 1138 doctrina:
1982 1084 2115 1138 nihil

526 1170 728 1235 dicam,
766 1187 888 1225 cum
927 1170 1322 1225 inearuatioais
1359 1172 1740 1226 excellentiam
1776 1176 1841 1228 ad
1878 1176 2116 1244 turpitu-

526 1264 706 1318 dinem
756 1266 994 1332 rapiant,
1037 1274 1093 1317 et
1146 1265 1385 1316 divinum
1437 1266 1978 1335 Sacratissimumque
2023 1285 2118 1321 no-

525 1366 701 1409 strum
749 1356 976 1418 cultum,
1025 1356 1533 1424 aulhropolatriatn,
1585 1358 1686 1411 hoc
1737 1370 1841 1421 est,
1881 1359 2118 1413 hominis

525 1447 748 1506 cultrun.
780 1461 897 1501 esse
927 1456 1191 1511 statuant,
1224 1454 1277 1500 et
1314 1462 1341 1498 a
1386 1447 1529 1501 cultu
1569 1449 1678 1501 veri
1731 1447 1851 1502 Filii
1899 1466 1996 1503 nos
2025 1453 2119 1505 ab-

525 1540 806 1601 ducentes,
853 1541 1179 1606 persuadere
1229 1539 1397 1591 velint
1442 1549 1500 1593 ut
1543 1541 1832 1607 quemdam
1878 1542 1969 1609 qui
2011 1543 2112 1611 ipsi

525 1631 752 1684 relative
776 1632 1059 1696 copulatus
1084 1643 1166 1684 est
1195 1634 1503 1696 adoremus,
1540 1648 1697 1699 quem
1730 1649 1890 1701 supra
1927 1649 2119 1689 on'mes

522 1718 864 1788 Principatus
895 1730 949 1772 et
983 1719 1283 1775 Potestates
1312 1736 1375 1774 ac
1414 1722 1821 1776 Dominatioues
1848 1724 2115 1777 constitu—

526 1820 639 1862 tqu
677 1810 968 1874 volunt";
1008 1828 1112 1864 non
1155 1812 1220 1864 iis
1262 1812 1434 1865 solum
1479 1812 1570 1881 qui
1607 1812 1658 1865 in
1698 1814 1857 1867 terris
1892 1813 2112 1879 degunt,

523 1902 617 1954 sed
656 1912 710 1955 et
754 1903 884 1971 ipsis
923 1902 1240 1956 t-mlestibus
1281 1915 1334 1956 ct
1377 1904 1727 1956 rationalibus
1762 1904 2117 1969 potestatibus

2221 634 2409 705 τρόπῳ
2450 633 2530 704 τῷ
2576 633 2698 687 καθ’
2745 635 2891 703 ἡμᾶς
2942 634 3323 705 πλουτήσαντι,
3377 635 3470 686 καὶ
3512 632 3614 703 τῆς
3666 632 3819 687 οὕτω

2221 726 2700 797 θεοπρεπεστὰσης
2749 725 3032 789 ἀξιωθέντι
3092 725 3277 795 τιμῆς.
3340 727 3818 794 Καταπεφρίκασι

2219 815 2327 885 γάρ
2352 816 2552 887 ἤκιστά
2568 832 2630 883 γε
2657 816 2751 868 καὶ
2774 815 2931 869 τοῦτο
2953 815 3201 885 λέγοντες
3234 818 3280 869 οἱ
3312 815 3380 870 δι’
3402 812 3817 886 ἑιναντίαιςῙΔρν

2218 906 2279 958 οὐ
2313 905 2412 974 τῆς
2433 907 2667 977 ἐσχάτης
2692 908 3036 976 ἀνοσιότητός
3063 925 3121 961 τε
3148 909 3242 961 καὶ
3270 908 3592 971 δυσσεϐείας
3622 909 3818 969 αὐτοῖς

2220 997 2280 1049 τὸ
2313 997 2490 1067 δόγμα
2528 1000 2910 1069 μεμέστωται;
2954 1001 3028 1052 Τὸ
3065 1000 3171 1070 γάρ
3201 1017 3282 1053 τοι
3314 1001 3462 1053 δοτδν
3496 1004 3589 1054 καὶ
3621 1002 3813 1054 sicu-

2220 1090 2500 1159 κριμένον,
2547 1091 2854 1160 ἀπόϐλητον
2904 1092 2987 1160 εἴη
3020 1090 3106 1153 ἂν,
3148 1092 3241 1144 καὶ
3283 1092 3344 1143 τὸ
3374 1091 3611 1161 θύραθεν
3648 1106 3814 1160 πορι-

2221 1180 2367 1243 σθὲν,
2399 1183 2498 1235 οὐκ
2529 1181 2839 1235 ἀνύποπτον
2861 1182 2970 1252 ἔχει
3000 1184 3097 1255 τὴν
3127 1182 3349 1253 ζημίαν.
3386 1185 3494 1237 Καὶ
3524 1184 3722 1238 σιωπῶ
3752 1183 3815 1238 τὸ

2218 1273 2500 1342 δύσφημον
2530 1274 2609 1327 ἔτι
2646 1275 2737 1328 καὶ
2780 1275 2991 1343 ἀπηχὲς
3018 1278 3098 1339 εἰς
3125 1276 3333 1341 λόγους,
3362 1275 3585 1330 ἀνθότου
3620 1276 3687 1345 δὴ
3714 1273 3813 1331 οὖν

2218 1366 2319 1435 τῆς
2365 1366 2678 1436 οἰκονομίας
2735 1367 2793 1418 τὸ
2838 1366 3117 1437 ἐξαίρετον
3166 1367 3569 1438 κατασύρουσιν
3617 1369 3701 1430 είς
3751 1367 3814 1420 τὸ

2220 1457 2472 1522 ἀκαλλὲς,
2516 1460 2608 1510 καὶ
2640 1460 2739 1525 τὴν
2769 1458 2920 1510 θείαν
2945 1476 3002 1510 τε
3032 1460 3127 1511 καὶ
3163 1460 3447 1529 ἱεροτάτην
3479 1460 3637 1530 ἡμῶν
3667 1460 3812 1530 θρη-

2222 1549 2428 1613 σκείαν,
2464 1548 2975 1620 ἁνθρωπολατρείαν
3006 1551 3107 1620 ήδη
3152 1551 3244 1602 καὶ
3278 1550 3463 1622 ἕτερον
3503 1548 3671 1605 οὖσαν
3718 1552 3815 1604 ού-

2217 1640 2305 1692 δὲν
2339 1640 2720 1707 ἀποφαίνουσι,
2771 1642 3201 1709 ἀποκομίζοντες
3240 1642 3340 1711 μὲν
3380 1643 3471 1695 τοῦ
3519 1646 3643 1696 κατ’
3669 1643 3811 1713 ἀλή-

2219 1724 2368 1777 θειαν
2429 1725 2596 1789 Υίοῦ,
2651 1726 2991 1795 συναφθέντα
3041 1728 3099 1781 δέ
3153 1747 3275 1783 τινα
3338 1732 3605 1801 σχετικῶς
3658 1733 3812 1800 αύτῷ

2221 1819 2552 1884 προσκυνεῖν
2599 1818 3017 1883 ἀναπείθοντες,
3065 1819 3123 1872 ὃν
3176 1820 3272 1872 καὶ
3322 1822 3577 1892 ὑπεράνω
3629 1824 3813 1892 πάσης

2238 1904 2437 1975 Ἀρχῆς
2466 1924 2525 1959 τε
2574 1911 2668 1967 καὶ
2708 1910 3017 1974 Ἐξουσίας,
3054 1913 3148 1964 καὶ
3182 1914 3534 1985 Κυριοτήτων
3564 1915 3812 1971 διελάσαι

523 1996 731 2050 erroris
772 1995 946 2048 labem
980 1995 1303 2063 indigentes,
1332 1995 1376 2048 si
1424 2011 1527 2047 una
1557 1996 1832 2048 nobiscum
1866 1996 2107 2059 adorent,

2228 1998 2412 2063 φασὶν,
2455 2000 2575 2068 οὐχὶ
2612 2001 2794 2068 μόνοις
2842 2006 2953 2065 τοῖς
2992 2006 3083 2055 ἐπὶ
3121 2004 3246 2073 γῆς,
3283 2004 3420 2058 ἀλλὰ
3465 2008 3562 2059 καὶ
3615 2012 3814 2073 αὑταῖς

525 2103 632 2141 non
666 2087 1007 2140 iuearuatum
1052 2097 1248 2139 natura
1279 2104 1338 2140 ac
1371 2103 1498 2140 rere
1529 2086 1748 2151 Filium,
1781 2089 2031 2156 quodque
2052 2102 2118 2141 ex

524 2178 763 2231 essentia
815 2175 906 2229 llei
945 2191 1008 2227 ac
1056 2175 1233 2228 Patris
1277 2174 1477 2228 effulsit
1524 2174 1780 2239 Verbum,
1820 2176 1911 2229 sed
1952 2176 2118 2228 alittut

525 2272 815 2343 quemdam
855 2270 1128 2323 hominem
1163 2271 1231 2323 ab
1262 2271 1377 2338 ipse
1410 2284 1474 2323 ex
1507 2271 1715 2323 semine
1758 2269 1996 2333 Davidis,
2028 2269 2121 2338 qui

527 2362 642 2415 sola
675 2361 971 2425 voluntate,
1003 2372 1058 2415 et
1080 2362 1444 2414 exterioribus
1480 2361 1816 2414 ornamentis
1853 2360 2119 2415 formatus

528 2452 603 2507 sit
650 2449 814 2513 Deus,
853 2467 1040 2505 revera
1067 2461 1246 2504 autem
1279 2452 1329 2504 id
1376 2467 1477 2504 non
1508 2451 1599 2505 sit.

2224 2089 2345 2149 ταῖς
2398 2087 2510 2140 ἄνω
2558 2088 2804 2157 λογικαῖς
2851 2093 3113 2162 δυνάμεσι
3147 2096 3238 2147 τὸν
3282 2097 3375 2150 τοῦ
3429 2100 3815 2169 πεπλανῆσθαι

2224 2178 2412 2247 μῶμον
2452 2181 2768 2247 ἐπάγοντες,
2812 2186 2859 2237 εί
2896 2187 3264 2254 προσκυνοῦσι
3303 2192 3421 2258 μεθ’
3450 2192 3612 2261 ἡμῶν
3649 2194 3814 2247 ὲνανο

2221 2267 2588 2339 θρωπήσαντα
2636 2274 2734 2343 μὲν
2763 2274 3015 2344 οὐδαμῶς
3047 2278 3137 2329 τὴν
3184 2278 3343 2346 φύσει
3375 2298 3435 2334 τε
3466 2283 3561 2334 καὶ
3589 2282 3813 2353 ἀληθῶς

2222 2359 2370 2423 Υίϊν,
2403 2364 2494 2414 καὶ
2526 2365 2588 2415 ὲκ
2628 2366 2726 2434 τῆς
2756 2365 2851 2418 τοῦ
2904 2366 3038 2420 Θεοῦ
3069 2371 3163 2422 καὶ
3213 2372 3422 2441 Πατρὺς
3450 2375 3636 2437 οὐσίας
3668 2377 3813 2429 ἁνα-

2220 2450 2511 2520 λάμψαντα
2552 2454 2743 2522 Λόγον,
2792 2457 2867 2521 ὡς
2904 2459 3090 2530 ἕτερον
3132 2459 3187 2513 δέ.
3220 2478 3341 2515 τινα
3383 2464 3514 2532 παρ’
3540 2464 3704 2517 αὑτὸν
3745 2466 3813 2519 ἐκ

526 2547 840 2619 σπέρματος
874 2547 967 2599 τοῦ
1019 2545 1201 2610 Δαϐὶό,
1238 2546 1453 2617 θελήσει
1508 2548 1647 2616 τάχα
1697 2564 1797 2599 που
1855 2546 1994 2619 μόνῃ
2037 2546 2170 2619 παρ’
2214 2546 2380 2599 αὐτοῦ
2426 2550 2521 2601 καὶ
2561 2553 2674 2614 τοῖς
2712 2551 2946 2623 θύραθεν
2993 2555 3353 2627 ἐξωραῖσμοῖς
3400 2556 3812 2629 εἰδοποιηθέντα

523 2641 678 2706 Θεὸν,
714 2644 813 2695 ούκ
843 2642 970 2696 ὅντα
1017 2642 1073 2695 δὲ
1110 2642 1270 2695 τοῦτο
1296 2643 1437 2696 κατὰ
1485 2642 1765 2714 ἀλήθειαν,
1793 2642 2104 2713 ἄνθρωπον.

595 2734 655 2789 Β.
702 2735 868 2803 Atqui
926 2734 1140 2788 tametsi
1186 2737 1348 2788 homo
1399 2736 1707 2803 Speeialiter
1758 2735 2105 2801 intelligatur,

524 2827 798 2895 inquiunt,
851 2826 1073 2879 relative
1117 2836 1298 2880 tamen
1341 2837 1395 2880 et
1430 2837 1672 2896 respecm
1720 2825 1810 2878 Dei
1860 2825 1927 2877 ab
1960 2825 2108 2878 omni

523 2930 772 2974 creatura
795 2919 1070 2993 aduratur.

593 3014 663 3067 Α.
705 3010 949 3077 Quonam
984 3025 1114 3063 vero
1142 3018 1319 3078 pacto,
1367 3010 1617 3074 obsecro,
1641 3010 1863 3081 intelligi
1895 3026 1922 3063 a
1952 3009 2109 3064 nobis

525 3114 619 3159 aut
650 3104 811 3157 statui
845 3114 1021 3172 potest
1049 3104 1165 3157 lucc
1216 3105 1404 3156 relatio
1441 3120 1602 3172 quant
1650 3104 1721 3157 ita
1767 3104 2107 3173 prmdicaut?

531 3196 637 3251 Sed
663 3212 782 3264 age.
808 3197 1046 3248 divinant
1093 3211 1157 3249 ac
1195 3211 1406 3249 sacram
1454 3197 1793 3265 Scripturam
1838 3196 2107 3265 pervesti-

522 3300 732 3357 gantes,
765 3286 1261 3355 qumstiunislmjus
1310 3288 1572 3340 rationem
1622 3289 1689 3340 ab
1720 3304 1782 3341 ea
1830 3298 2104 3356 petamus.

525 3380 663 3451 Ergo
687 3395 806 3435 eum
1031 3379 1155 3430 nlint
1190 3377 1447 3432 Israelita:
1472 3388 1784 3448 contempto
1819 3390 1963 3433 metu
1988 3378 2104 3461 Dei,

521 3474 575 3530 in
608 3473 791 3529 Mosen
819 3456 871 3527 et
895 3479 1161 3527 Aarouem
1189 3473 1380 3526 acerbe
1409 3473 1817 3533 inveherentur,
1848 3456 2023 3527 Moses
2043 3482 2100 3527 et

522 3568 702 3621 Aaron
737 3568 805 3618 ita
842 3582 935 3619 eos
964 3565 1357 3633 compellarunt
1389 3582 1403 3619 :
1447 3582 1465 3615 ι
1506 3565 1638 3631 Quis
1660 3577 1741 3617 est
1774 3566 1915 3633 quod
1958 3581 2106 3617 mur-

523 3659 948 3712 muratiseoutra
970 3672 1090 3711 eum
1109 3655 1131 3708 ?
1152 3656 1261 3707 Non
1281 3656 1426 3709 enim
1448 3667 1632 3707 cutura
1660 3672 1777 3715 nos,
1798 3660 1888 3709 sed
1909 3669 2100 3711 contra

523 3750 689 3805 Deum
710 3760 790 3804 est
811 3754 921 3803 hinc
943 3749 1214 3803 ohloeutio
1237 3759 1412 3801 vestra
1434 3747 1533 3802 “.i
1564 3747 1859 3801 Pet-curant
1886 3749 2026 3802 enim
2055 3750 2106 3803 in

522 3843 703 3897 Mosen
723 3856 777 3896 et
798 3844 1091 3905 Aaronem,
1117 3843 1210 3896 sed
1238 3840 1436 3893 factum
1468 3841 1639 3909 ipsum
1666 3842 1730 3893 ad
1763 3842 1851 3892 llei
1877 3841 2106 3908 gloriam

520 3937 802 4004 pertinuit,
828 3946 880 3987 et
905 3936 969 3986 ad
995 3950 1112 3988 eam
1147 3934 1487 3987 referebatur
1508 3948 1696 3985 eorum
1728 3936 1819 4002 qui
1855 3934 2105 4002 injuriam

518 4026 825 4082 inferebant
858 4028 1135 4095 cogitatio.
1164 4026 1431 4079 (LL-terum
1471 4040 1573 4077 non
1604 4034 1765 4078 erant
1805 4025 1877 4078 dii
1928 4024 2106 4079 Moses

516 4131 571 4176 et
600 4122 800 4181 Aaron.
835 4135 1012 4185 neque
1057 4117 1279 4170 relitire
1323 4127 1377 4170 et
1408 4128 1655 4185 respectu
1711 4115 1802 4170 Dei
1854 4126 2102 4170 creatura

516 4228 612 4268 eos
636 4212 899 4266 adormit.
931 4210 1192 4281 Regnavit
1228 4209 1365 4263 Deus
1391 4224 1487 4277 per
1515 4208 1810 4276 prophetas
1863 4212 1913 4263 in
1944 4209 2103 4263 lsrael

516 4306 814 4358 secundum
852 4318 1098 4359 carnem.
1137 4300 1491 4356 Poslmodttut
1525 4311 1876 4353 accesserunt
1912 4303 1977 4354 ad
2023 4300 2105 4353 ύὶ-

516 4400 701 4452 vlnnm
733 4396 1039 4452 Satuuelem
1062 4397 1333 4449 dicentes:
1374 4410 1391 4443 ι
1433 4391 1541 4447 Fac
1565 4393 1939 4457 nobisregem,
1963 4392 2104 4445 sicut

516 4500 571 4545 et
595 4491 815 4559 reliqnze
837 4500 1048 4559 gentes.
1089 4506 1108 4540 ι
1155 4487 1309 4553 Quod
1349 4485 1437 4540 ille
1486 4482 1694 4551 Spiritu
1745 4484 1955 4537 alllatus
1988 4498 2103 4537 ῐιιο-

514 4584 652 4638 leste
682 4594 733 4638 et
774 4583 990 4651 quidem
1044 4580 1240 4634 merito
1296 4578 1420 4631 tulit
1470 4594 1484 4630 :

518 4678 788 4729 dicentem
825 4692 837 4727 :
882 4691 899 4723 ι
941 4672 1055 4726 Νυιι
1103 4683 1154 4723 te
1198 4676 1682 4737 contempserunt,
1743 4667 1837 4720 sed
1879 4681 1983 4731 me,
2026 4682 2096 4721 ne

520 4781 736 4836 regnem
770 4781 930 4833 snper
950 4780 1044 4816 eos
1060 4763 1126 4815 ⁸⁸.
1163 4782 1180 4813 ι
1214 4762 1289 4815 Ειι
1329 4770 1727 4829 rursusaperte
1753 4768 2102 4825 contemptus

518 4857 783 4911 rationem
826 4857 890 4907 ad
953 4854 1117 4907 Deum
1174 4854 1363 4907 referri
1424 4854 1520 4905 ait.
1588 4852 1726 4917 Quin
1763 4850 1924 4903 etiam
1987 4849 2101 4916 ipse

514 4946 757 5000 Omnium
787 4943 1039 4999 Salvator
1076 4960 1139 4998 ae
1192 4943 1451 4996 llmuinus
1476 4982 1494 5006 ,
1548 4943 1697 4995 deiis
1729 4941 1817 5009 qui
1855 4952 2100 5007 egestate

512 5045 858 5108 premuntur,
892 5038 1010 5089 ait:
1070 5053 1088 5085 ι
1143 5034 1416 5103 Quidquid
1465 5033 1673 5087 fecistis
1730 5033 1819 5085 nni
1866 5047 1930 5084 ex
1979 5031 2099 5087 istis

514 5130 775 5191 minimis,
808 5129 934 5182 mihi
978 5128 1183 5183 fecistis
1236 5128 1302 5181 ⁸⁸.
1343 5147 1362 5177 ι
1401 5126 1511 5179 llac
1569 5126 1735 5196 igitur
1791 5126 2002 5180 ratione
2036 5124 2096 5193 ,εἰ

512 5228 635 5293 quis
666 5227 877 5280 dicatur
913 5224 1096 5278 colere
1126 5238 1248 5277 eum
1282 5222 1372 5292 qui
1420 5232 1501 5275 est
1533 5236 1597 5273 ex
1653 5222 1858 5275 semine
1903 5219 2095 5285 David,

514 5315 723 5371 Filioue
745 5317 792 5370 id
814 5317 1104 5382 praestitit?
1126 5328 1178 5370 et
1203 5316 1305 5369 nisi
1340 5313 1460 5381 quis
1485 5314 1796 5379 crediderit,
1815 5312 2100 5368 oll'enderit

515 5409 758 5479 profecto
783 5423 907 5463 eum
947 5410 1036 5477 qui
1074 5419 1265 5462 natura
1295 5418 1378 5461 est
1406 5405 1596 5469 Filius.
1642 5407 1733 5474 qui
1788 5422 1847 5460 se
1881 5420 2098 5475 quoque

512 5498 614 5554 coli
643 5498 774 5565 vult,
809 5511 864 5555 et
894 5501 1079 5553 eodem
1116 5499 1271 5568 plane
1308 5499 1466 5551 modo
1489 5512 1518 5550 a
1555 5498 1709 5551 nobis
1736 5497 1905 5552 credi.
1946 5497 2095 5564 Quo-

498 5578 675 5646 Immin
703 5591 870 5652 igitur
898 5607 1004 5644 non
1057 5591 1130 5645 sit
1180 5592 1359 5644 factus
1385 5606 1484 5660 par
1525 5600 1688 5660 atque
1720 5589 1946 5658 atqualis
1994 5590 2093 5643 bo.

515 5698 644 5736 nore
692 5697 882 5737 servus
934 5697 1055 5737 cum
1099 5683 1361 5745 domino.
1412 5692 1465 5738 et
1511 5683 1729 5737 deitatis
1768 5681 2091 5738 excellentia

587 5857 634 5891 ⁸³
666 5856 860 5930 Ephoe.
903 5874 943 5925 ι,
972 5857 1061 5913 21.

1143 5859 1188 5892 ⁸⁸
1223 5859 1388 5916 Exod.
1423 5872 1533 5925 ινι,
1562 5858 1615 5914 8.
1693 5859 1739 5893 ’⁸⁵
1774 5857 1799 5919 ι
1823 5856 1955 5931 Reg.
1988 5874 2108 5926 vut,
2142 5858 2248 5915 4-8.

2288 2738 2349 2791 Β.
2404 2738 2564 2791 Ἀλλὰ
2612 2738 2714 2792 κᾶν
2756 2740 3042 2811 ἄνθρωπος
3094 2742 3277 2806 ίδικῶς
3325 2743 3547 2814 νοῆται,
3611 2744 3808 2814 φασὶν,

2215 2830 2463 2901 ἀναφορᾷ
2492 2830 2626 2883 Θεοῦ
2666 2833 2758 2885 καὶ
2794 2832 2972 2904 ἐννοίᾳ
3017 2832 3114 2904 τὴν
3148 2834 3299 2905 παρά
3342 2836 3519 2907 πάσης
3550 2836 3651 2907 τῆς
3690 2835 3812 2888 κτί-

2214 2938 2353 2986 σεως
2380 2922 2749 2992 προσκύνησιν
2784 2924 2918 2995 ἔχει.

2282 3013 2347 3063 Α.
2390 3008 2522 3063 Εἶτα
2552 3013 2671 3065 τίνα
2711 3015 2911 3083 τρόπον
2966 3015 3164 3086 πρέποι
3214 3014 3300 3076 ἂν,
3348 3016 3469 3069 είπὲ
3513 3034 3624 3087 μοι,
3660 3017 3804 3090 πρὸς

2211 3103 2369 3172 ἡμῶν
2414 3104 2652 3157 νοεῖσθαι
2695 3106 2789 3157 καὶ
2822 3106 3073 3172 λέγεσθαι
3107 3107 3206 3178 τῆς
3239 3110 3369 3179 παρ’
3407 3109 3586 3161 αὐτῶν
3639 3108 3810 3180 θρυλ-

2210 3194 2479 3267 λουμὲνης
2514 3198 2796 3266 ἀναφορᾶς
2825 3197 2886 3250 τὸ
2931 3198 3119 3269 χρῆμα
3147 3216 3162 3264 ;
3198 3200 3307 3252 Καὶ
3340 3200 3470 3269 φέρε
3515 3201 3616 3270 τὴν
3650 3200 3807 3255 θείαν

2214 3304 2275 3340 τε
2322 3287 2414 3340 καὶ
2457 3288 2606 3357 ίεράν
2637 3288 3218 3359 πολυπραγμονοῦντες
3249 3291 3491 3362 Γραφὴν,
3519 3294 3807 3365 καταθρήο

2218 3395 2401 3447 σωμεν
2446 3380 2541 3432 ἀπ’
2572 3379 2739 3450 αὐτῆς
2785 3384 2843 3432 τὸ
2873 3378 3225 3450 ζητούμενον,
3277 3383 3488 3435 Οὐκοῦν
3534 3385 3809 3455 ὀλιγωρήο

2218 3468 2408 3533 σαντές
2459 3485 2589 3522 ποτε
2639 3470 2738 3539 τῆς
2780 3471 2861 3533 είς
2910 3472 3042 3523 θεὸν
3094 3472 3274 3537 αἰδοῦς
3326 3474 3376 3525 oi
3432 3473 3492 3538 ἐξ
3561 3474 3805 3545 Ἰσραὴλ,

2214 3564 2405 3615 Μωσεῖ
2431 3580 2490 3615 τε
2537 3565 2630 3615 καὶ
2671 3563 2880 3635 Ἀαρὼν
2913 3566 3211 3633 ἐπεφύοντο
3242 3566 3475 3639 πικρῶς,
3513 3562 3633 3620 εἶτα
3665 3584 3806 3639 προσ

2216 3653 2513 3724 πεφώνηκε
2559 3656 2764 3723 Music
2810 3672 2868 3708 τε
2915 3658 3009 3709 καὶ
3051 3657 3293 3728 Ἀαρώνδ
3341 3677 3359 3709 ι
3407 3660 3502 3722 Τίς
3546 3664 3695 3712 ἐστιν
3722 3661 3808 3713 ὅτι

2213 3748 2605 3816 διαγογγύζετε
2641 3749 2762 3801 κατ’
2804 3749 3002 3810 αὐτοῦς
3032 3750 3107 3803 Ού
3140 3751 3248 3819 γαρ
3289 3751 3407 3803 καθ’
3442 3750 3620 3820 ἡμῶν,
3665 3752 3806 3806 ἀλλά

2214 3841 2355 3895 κατὰ
2385 3841 2520 3894 Θεοῦ
2549 3844 2576 3895 ὁ
2603 3844 2917 3913 γογγυσμὸς
2940 3842 3093 3913 ὑμῶν
3122 3838 3274 3906 οὗτος
3296 3846 3459 3898 ἐστιν.
3496 3869 3512 3895 ο
3558 3844 3808 3915 Ἐπλημ-

2216 3934 2413 4005 μέλουν
2450 3936 2547 4004 μὲν
2582 3938 2690 4006 γὰρ
2742 3937 2820 3999 είς
2862 3936 3067 3990 Μωσέα
3114 3939 3206 3989 καὶ
3256 3936 3485 4007 Ἀαρὼν,
3517 3937 3653 3990 ἀλλὰ
3701 3936 3806 4007 τῆς

2213 4027 2366 4092 θείας
2393 4030 2596 4098 ἥπτετο
2624 4030 2782 4099 δόξης
2810 4030 2870 4081 τὸ
2897 4029 3195 4099 δρώμενον.
3236 4031 3332 4082 καὶ
3360 4030 3448 4081 ἐπ’
3474 4028 3644 4099 αὐτὴν
3684 4025 3804 4098 εἶχε

2211 4113 2309 4185 τὴν
2331 4116 2631 4187 ἀναφορὰν,
2658 4116 2758 4186 τῆς
2774 4116 2882 4169 τῶν
2901 4116 3227 4188 ὑϐριζόντων
3251 4116 3542 4182 ὐπονοίαςό
3577 4120 3798 4189 τρόπος.

2212 4206 2361 4277 Πλὴν
2408 4207 2506 4260 οὐκ
2556 4202 2696 4277 ἦσαν
2727 4208 2853 4261 Θεοὶ
2908 4208 3113 4278 Μωσῆς
3158 4224 3218 4261 τε
3271 4208 3365 4260 καὶ
3414 4208 3642 4279 Ἀαρὼν,
3671 4207 3801 4262 οὔτε

2213 4297 2322 4367 μὴν
2364 4297 2614 4368 ἀναφορᾷ
2659 4296 2818 4354 Θεοῦ,
2852 4332 2870 4352 .
2900 4335 2916 4350 .
2950 4338 2963 4351 .
2998 4339 3012 4352 .
3044 4335 3060 4352 .
3097 4338 3112 4354 .
3147 4338 3160 4351 .
3220 4298 3308 4352 διὰ
3355 4299 3667 4370 προφητῶν,
3699 4298 3795 4353 τοῦ

2211 4390 2355 4442 κατά
2404 4390 2583 4461 σάρκα
2627 4390 2861 4460 Ἰσραήλ.
2903 4385 3035 4443 Εἶτα
3067 4390 3382 4461 προσῄεσαν
3418 4392 3668 4460 λέγοντες
3718 4391 3802 4463 τῷ

2209 4481 2482 4553 θεσπεσίῳ
2529 4484 2821 4554 Σαμουήλ’
2863 4504 2881 4535 ι
2935 4484 3168 4551 Ποίησον
3198 4487 3332 4554 ἡμῖν
3376 4486 3618 4554 βασιλέα.
3652 4486 3800 4539 καθά

1528 4579 1623 4631 sed
1679 4577 1885 4630 audivit
1933 4577 2096 4630 Deum

2214 4572 2307 4625 καὶ
2348 4572 2416 4624 τὰ
2459 4572 2620 4626 λοιπά
2675 4574 2824 4645 ἔθνη.
2876 4594 2894 4626 ι
2937 4574 3080 4645 Πρὸς
3119 4576 3292 4629 ταῦτα
3341 4577 3800 4645 κατεπικραίνετο

2210 4668 2306 4720 καὶ
2347 4667 2552 4738 σφόδρα
2600 4669 2825 4733 εἰκότως
2877 4669 2905 4719 ὁ
2958 4669 3426 4738 πνευματοφόρος,
3476 4666 3591 4721 ἀλλ’
3628 4668 3799 4738 ἧκουε

2201 4759 2298 4813 τοῦ
2324 4758 2460 4812 Θεοῦ
2500 4758 2772 4826 λέγοντος*
2813 4778 2832 4811 ι
2867 4760 2941 4812 Οὐ
2974 4759 3032 4812 σὲ
3064 4760 3505 4829 ἐξουθενήκασιν,
3532 4759 3645 4811 ἀλλ’
3670 4760 3794 4829 ἐμὲ,

2200 4851 2297 4904 τοῦ
2359 4852 2433 4920 μὴ
2489 4849 2794 4921 βασιλεύειν
2851 4852 2938 4903 ἐπ’
2983 4851 3201 4913 αὐτούς.
3246 4870 3264 4902 ι
3323 4851 3449 4905 Ἰδοὺ
3505 4850 3567 4921 δὴ
3610 4851 3795 4913 πάλιν,

2204 4942 2436 4996 κάνθάδε
2469 4942 2653 5011 σαφῶς
2685 4945 2713 4996 ὁ
2744 4942 2844 5013 τῆς
2876 4943 3271 5012 ἑξουθενήσεως
3310 4943 3510 5013 τρόπος
3550 4946 3634 5006 εἰς
3662 4943 3797 4995 Θεὸν

2206 5033 2319 5104 ἔχει
2362 5034 2459 5105 τὴν
2495 5035 2794 5107 ἀναφοράν.
2842 5036 2952 5088 Καὶ
2984 5035 3088 5107 μὴν
3133 5037 3225 5089 καί
3261 5036 3425 5100 αὐτὸς
3452 5037 3480 5087 ὁ
3521 5035 3631 5088 τῶν
3658 5036 3795 5088 ὅλων

2206 5127 2400 5199 Σωτὴρ
2439 5131 2531 5182 καὶ
2557 5128 2763 5199 Κύριος
2792 5128 2920 5199 περὶ
2960 5128 3068 5181 τῶν
3099 5129 3157 5180 ἐν
3186 5128 3366 5200 ἐνδείᾳ
3393 5129 3588 5199 φησίνο
3615 5145 3636 5179 ι
3679 5125 3793 5196 Ἐφ’

2205 5219 2329 5272 ὅσον
2382 5220 2674 5289 ἐποιήσατε
2736 5220 2817 5271 ἑνὶ
2863 5218 3070 5271 τούτων
3116 5216 3226 5270 τῶν
3277 5218 3612 5288 ἐλαχίστων,
3668 5215 3792 5285 ἐμοὶ

2205 5311 2526 5382 ἐποιήσατε.
2574 5332 2593 5363 ι
2636 5307 2764 5381 'Ap‘
2797 5307 2891 5365 οὖν
2924 5310 3066 5363 κατὰ
3113 5310 3305 5364 τοῦτον
3351 5312 3442 5364 τὸν
3480 5310 3703 5380 τρόπον,
3739 5306 3795 5360 εἴ

2205 5421 2288 5469 τις
2324 5405 2533 5473 λέγοιτο
2559 5406 2724 5476 τιμᾷν
2753 5404 2843 5457 τὸν
2873 5405 2938 5456 ἐκ
2980 5403 3299 5475 σπέρματος
3331 5402 3514 5461 Δαϐὶὸ.
3548 5400 3629 5472 τῷ
3672 5399 3791 5471 Υἰῷ

2204 5497 2511 5565 summa;
2559 5496 2662 5550 κᾶν
2713 5496 2763 5549 εί
2819 5496 2891 5568 μὴ
2943 5496 3291 5560 πιστεύσειε,
3344 5496 3788 5568 προσκέκρουκεν

2202 5590 2488 5661 ἀραρότως
2517 5590 2595 5661 τῷ
2626 5591 2769 5644 κατὰ
2804 5588 2966 5660 φύσιν
3015 5587 3149 5659 Υἱῷ,
3196 5587 3460 5660 τιμᾶσθαι
3501 5588 3641 5659 τάχα
3682 5602 3785 5639 που

2204 5682 2299 5735 καὶ
2350 5682 2511 5736 αὐτὸν
2568 5682 2842 5747 ἐθέλοντι,
2892 5683 2985 5737 καὶ
3028 5679 3382 5736 πιστεύεσθαι
3442 5680 3578 5752 πρὸς
3625 5679 3787 5752 ἡμῶν

2327 5860 2371 5893 ⁸⁸
2407 5858 2594 5915 Matth.
2631 5875 2756 5928 xxv,
2792 5859 2882 5915 40.
