4122 6550
345 388 486 442 1285

1480 393 1669 462 QUOD
1706 392 1896 450 ΗΝυὸ
1935 391 2041 446 SIT
2082 392 2452 452 CHRISTUS.

338 507 480 561 κατὰ
525 507 618 562 τὸν
668 509 784 564 ἴσον
833 514 927 566 καὶ
975 514 1412 586 ἀπαραλλάκτως
1460 513 1654 583 ἔχοντα
1703 512 1901 582 τρόπον

2032 510 2226 579 polleat
2275 513 2326 567 id
2373 513 2518 583 quod
2549 524 2792 570 creatum
2834 527 2939 582 est.
2995 530 3051 574 et
3106 519 3247 580 Deus
3291 533 3526 582 recens,
3554 528 3612 572 ut

335 596 470 656 Εἶτα
514 600 631 666 πῶς
675 603 736 656 οὑ
784 605 1007 675 γέγονεν
1055 607 1296 677 ίσότιμον
1332 605 1430 676 μὲν
1462 605 1539 675 τῷ
1575 605 1810 674 δεσπότῃ
1857 603 1921 657 τὸ

333 691 555 757 δοῦλον,
604 695 663 746 ὲν
700 695 999 767 ὑπεροχαῖς
1035 697 1092 750 δὲ
1127 697 1378 767 θεότητος
1420 698 1482 750 τὸ
1523 696 1918 767 πεποιημένον,

334 785 427 837 καὶ
457 785 589 847 Θεὸς
612 786 946 857 πρόσφατος,
975 789 1115 842 κατὰ
1139 789 1236 852 τὰς
1266 789 1305 842 Γ
1311 789 1520 861 ραφάς;
1562 789 1920 857 ὲπενήνεκται

330 874 388 928 δὲ
419 877 483 945 τῇ
514 875 646 945 ἁγία
684 877 778 928 καὶ
805 877 1076 949 όμοουσίῳ
1102 879 1294 949 Τριὰδι
1347 879 1408 931 τὸ
1450 877 1738 945 ἁνισοφυὲς
1779 875 1917 944 αὐτῇ

331 966 424 1020 καὶ
475 967 572 1020 σὺν
603 969 738 1037 αὐτῇ
777 969 1249 1040 προσκυνούμενον
1279 1011 1293 1034 ,
1347 969 1442 1022 καὶ
1483 969 1580 1039 τῆς
1621 967 1743 1037 ῖσης
1779 966 1918 1037 αὑτῇ

330 1057 623 1112 κοινωνοῦν
648 1059 930 1127 εύκλείας;

403 1150 463 1202 Β.
504 1151 640 1203 Φασὶ
671 1150 770 1222 τὴν
811 1153 1092 1224 ἀναφορὰν
1134 1151 1276 1209 κατὰ
1320 1153 1523 1207 τοιόνδε
1562 1149 1686 1203 τινὰ
1719 1148 1917 1220 χρῆναι

328 1239 709 1309 λαμϐάνεσθαι
763 1243 982 1312 τρόπον.
1050 1243 1390 1306 Ἐννοοῦντες
1431 1243 1540 1312 γὰρ
1592 1241 1682 1295 τὸν
1727 1239 1806 1310 τῷ
1852 1240 1917 1292 ὲκ

331 1332 648 1402 σπέρματος
697 1333 862 1387 Δαϐὶδ
901 1337 1219 1406 ἀχωρίστως
1264 1335 1606 1404 συναφθέντα
1646 1334 1777 1388 Θεὸν
1814 1331 1918 1386 Λό-

329 1437 448 1490 γον,
482 1423 900 1495 προσκυνοῦμεν
924 1426 1000 1488 ὠς
1029 1426 1181 1479 Θεὸν.

399 1514 464 1568 Α.
510 1508 636 1584 'Ap‘
681 1510 775 1567 οὖν
819 1517 1037 1586 ἀπόχρη
1090 1517 1224 1588 πρὸς
1256 1517 1318 1570 τὸ
1353 1516 1465 1570 δεῖν
1503 1514 1653 1586 αὐτῷ
1701 1515 1800 1586 τὴν
1837 1515 1916 1587 τῷ

329 1600 450 1674 Θεῷ
499 1603 814 1674 πρέπουσαν
865 1605 1023 1670 δόξαν
1071 1608 1233 1670 ἑλεῖν,
1268 1608 1361 1660 καὶ
1401 1606 1511 1660 τῶν
1554 1606 1654 1675 τῆς
1684 1606 1916 1669 κτίσεως

328 1691 737 1764 ὑπερφέρεσθαι
765 1696 998 1766 μέτρων,
1023 1697 1082 1748 τὸ
1116 1697 1383 1766 συνῆφθαι
1415 1698 1575 1767 μόνον
1607 1694 1786 1765 αύτῷ;
1820 1695 1914 1750 καὶ

326 1783 487 1838 τοῦτο
515 1787 885 1857 προσκυνητὸν
936 1789 1026 1840 τὸν
1073 1790 1171 1842 οὐκ
1224 1790 1351 1843 ὄντα
1398 1789 1531 1842 Θεὸν
1579 1790 1906 1860 ὲργὰσεται;

326 1875 446 1929 ἀλλ’
477 1878 717 1946 εὑρίσκοι
749 1878 869 1931 τινὰ
888 1877 966 1948 τῷ
999 1878 1116 1949 Θεῷ
1149 1881 1374 1949 λέγοντα
1401 1881 1489 1934 διὰ
1517 1881 1613 1951 τῆς
1638 1879 1731 1933 τοῦ
1760 1881 1909 1934 Ψὰλ·

323 1966 509 2029 λωντος
533 1968 699 2037 λύρας
723 1986 736 1999 ο
782 1992 801 2021 ι
843 1971 1137 2042 Ἐκολλήθη
1170 1974 1202 2042 ἡ
1235 1973 1379 2043 ψυχή
1414 1989 1512 2042 μου
1537 1973 1712 2025 ὀπίσω
1741 1989 1854 2025 σου.
1884 1990 1903 2023 t

324 2057 530 2128 Γράφει
564 2061 618 2112 δὲ
645 2061 737 2113 καὶ
778 2063 806 2114 ὁ
843 2063 1109 2132 μακάριος
1137 2063 1379 2126 Παῦλος
1413 2083 1431 2114 ι
1478 2064 1534 2115 ’0
1571 2062 1909 2132 κολλώμενος

323 2150 402 2220 τῷ
424 2151 632 2222 Κυρίῳ,
655 2151 713 2205 ἓν
741 2153 957 2223 πνεῦμά
985 2156 1149 2208 ἐστιν.
1193 2174 1211 2205 ι
1244 2151 1362 2225 Ἀρ⁹
1383 2150 1495 2220 οὖν,
1536 2153 1658 2206 εἰπέ
1683 2170 1793 2223 μοι,
1813 2153 1908 2206 καὶ

325 2241 544 2306 τούτους
583 2245 830 2316 ἀναφορᾷ
869 2247 1004 2300 Θεοῦ
1033 2249 1505 2319 προσκυνήσομεν,
1536 2246 1610 2310 ὡς
1649 2247 1909 2317 κεκολληο

326 2336 520 2404 μένους
553 2337 738 2406 αὑτῷ;
790 2338 985 2392 Καίτοι
1022 2339 1117 2392 τοῦ
1164 2338 1434 2408 συνῆφθαι
1463 2338 1658 2407 λέγειν.
1700 2339 1762 2392 τὸ
1807 2339 1905 2410 τῆς

323 2424 628 2495 κολλήσεως
671 2425 859 2496 ὄνομα,
905 2426 1125 2498 μείζονά
1163 2445 1265 2481 που
1303 2429 1518 2490 πάντως
1552 2429 1646 2480 καὶ
1691 2427 1902 2492 ἀξιολο-

320 2516 569 2587 γωτέραν
599 2517 698 2585 τὴν
741 2516 978 2586 ἔμφασιν
1023 2516 1170 2588 ἔχει·
1203 2517 1363 2588 εἴπερ
1395 2518 1542 2571 ἐστὶν
1586 2517 1781 2588 ἀληθὲς
1825 2519 1903 2569 εἰ·

321 2610 464 2669 πεῖν,
499 2607 574 2670 ὡς
606 2609 664 2661 τό
693 2626 801 2662 τισι
836 2609 1194 2680 κολλώμενον,
1232 2611 1289 2664 έν
1329 2612 1575 2664 ἐπιτάσει
1606 2610 1771 2680 πολλῇ
1806 2610 1904 2680 τὴν

321 2698 619 2767 συνάφειαν
653 2699 789 2770 ἔχει.

393 2788 452 2843 Β.
499 2791 735 2845 Ἔοικεν.

387 2880 454 2939 Α.
509 2883 756 2936 Ἀνθότου
808 2883 866 2937 δὲ
914 2884 980 2955 δὴ
1027 2883 1292 2954 παρέντες
1326 2884 1424 2955 τὴν
1458 2885 1672 2946 ἕνωσιν,
1724 2883 1901 2938 καίτοι

320 2973 508 3044 φωνὴν
541 2970 708 3026 οὖσαν
752 2975 974 3045 εὑτριϐἦ
1023 2977 1153 3046 παρ’
1187 2978 1316 3046 ἡμῖν
1369 2977 1571 3040 αὑτοῖς,
1611 2975 1809 3045 μᾶλλον
1842 2975 1899 3028 δὲ

320 3062 418 3116 καὶ
447 3065 512 3116 ὲκ
535 3063 643 3115 τῶν
668 3065 838 3132 ἁγίων
869 3065 1128 3135 Πατέρων
1156 3065 1589 3120 καταϐαίνουσαν
1619 3069 1697 3126 είς
1730 3067 1896 3136 ἡμᾶς,

321 3152 618 3222 συνάφειαν
649 3154 1006 3223 ὀνομάζουσι;
1043 3154 1236 3208 Καίτοι
1270 3159 1461 3226 συγχεῖ
1496 3157 1592 3224 μὲν
1630 3157 1663 3226 ὴ
1709 3155 1899 3219 ἓνωσις
1927 3185 1968 3242 c

315 3244 572 3314 οὐδαμῶς
602 3245 671 3299 τὰ
718 3248 837 3300 καθ’
866 3240 941 3301 ὧν
971 3248 1037 3301 ἂν
1068 3247 1298 3315 λέγοιτο,
1326 3248 1650 3302 διαδείκνυσι
1677 3247 1733 3300 δὲ
1761 3250 1898 3316 μᾶλ-

313 3335 406 3389 λον
439 3336 538 3408 τὴν
573 3339 653 3400 είς
695 3337 754 3390 ἒν
792 3355 844 3391 τι
895 3339 1200 3410 συνδρομὴν
1250 3339 1358 3392 τῶν
1393 3339 1633 3410 ἡνῶσθαι
1676 3341 1899 3410 νοουμέ-

315 3445 443 3482 νων.
475 3429 586 3482 Καὶ
619 3429 738 3498 οὐχὶ
788 3429 961 3500 πάντη
1011 3447 1071 3482 τε
1109 3432 1202 3483 καὶ
1245 3432 1461 3495 πάντως
1493 3430 1551 3484 ἓν
1587 3430 1654 3484 ἂν
1692 3430 1900 3500 λέγοιτο

319 3517 496 3587 μόνως
527 3518 589 3570 τὸ
618 3518 823 3571 ἁπλοῦν
855 3522 946 3572 καὶ
979 3521 1270 3590 μονοειδὲς,
1305 3521 1440 3574 ἀλλὰ
1472 3522 1580 3592 γὰρ
1616 3524 1710 3576 καὶ
1738 3524 1804 3575 τὰ
1835 3523 1900 3577 ὲκ

314 3610 461 3663 δυοῖν
497 3610 529 3682 ἦ
564 3610 826 3664 πλειόνων
854 3611 934 3664 ἔτι
970 3612 1066 3665 καὶ
1106 3611 1164 3676 ἐξ
1196 3613 1508 3684 ἐτεροειδῶν
1546 3615 1892 3685 συγκείμενα.

314 3705 473 3755 Δοκεῖ
519 3703 627 3772 γὰρ
654 3702 827 3767 οὑτως
873 3700 933 3756 εὖ
987 3703 1130 3774 ἔχειν
1157 3707 1271 3768 τοῖς
1316 3703 1490 3758 ταῦτα
1523 3709 1726 3774 σοφοῖς.
1781 3708 1896 3759 Ka-

315 3795 653 3865 κουργότατα
692 3796 869 3848 τοίνυν
921 3795 1012 3848 τὸν
1064 3796 1160 3850 ἕνα
1209 3796 1304 3849 καὶ
1341 3797 1500 3865 φύσει
1549 3799 1643 3850 καὶ
1680 3797 1897 3868 ἀληθῶς

317 3885 464 3950 Υίὸν,
498 3887 992 3957 ὲνανθρωπήσαντα
1023 3890 1120 3941 καὶ
1153 3889 1572 3958 σεσαρκωμὲνον
1595 3889 1894 3956 διιστάντες

313 3979 392 4040 εἰς
421 3978 531 4041 δύο,
565 3980 953 4051 παραιτοῦνται
989 3980 1088 4050 μὲν
1121 3981 1218 4052 τὴν
1249 3983 1464 4045 ἕνωσιν,
1498 3984 1794 4053 συνάφειαν
1836 3985 1894 4038 δὲ

313 4069 690 4140 ὀνομάζουσιν,
725 4072 791 4142 ἣν
824 4073 887 4126 ἂν
923 4073 1033 4142 ἔχοι
1064 4070 1227 4143 τυχὸν
1266 4075 1358 4126 καὶ
1399 4073 1584 4145 ἕτερός
1626 4093 1712 4138 τις
1757 4075 1894 4146 πρὸς

312 4160 465 4226 Θεὸν,
500 4162 576 4224 ὡς
600 4162 658 4226 ἐξ
685 4163 885 4233 ἀρετῆς
914 4165 1007 4215 καὶ
1040 4164 1313 4233 ἁγιασμοῦ
1347 4167 1626 4236 μονονουχὶ
1678 4167 1894 4220 συνδού-

315 4267 496 4321 μενος,
526 4252 668 4304 κατά
702 4269 767 4320 γε
795 4253 856 4305 τὸ
887 4254 992 4306 ὑπό
1025 4271 1116 4308 του
1139 4253 1248 4306 τῶν
1281 4256 1577 4326 προφητῶν
1606 4257 1783 4328 ὀρθῶς
1814 4260 1893 4311 εἰ·

315 4343 570 4414 ρημὲτον,
600 4346 713 4406 τοῖς
753 4344 1144 4397 ἀναπίπτουσιν
1176 4347 1256 4408 είς
1296 4345 1358 4398 τὸ
1405 4345 1648 4417 ῥᾴθυμον
1670 4363 1683 4376 ·
1721 4349 1891 4402 «Συν-

309 4435 511 4507 άχθητε
557 4435 650 4489 καὶ
689 4435 996 4506 συνδέθητε,
1041 4436 1102 4489 τὸ
1134 4435 1283 4500 ἔθνος
1313 4437 1372 4490 τὸ
1407 4438 1749 4504 ἀπαίδευτον,
1786 4441 1893 4512 πρὸ

2027 601 2307 671 Scriptura
2365 613 2597 658 testatur
2635 605 2734 660 "?
2776 607 3073 665 Asciscitnr
3097 625 3224 666 vero
3263 610 3317 664 ia
3359 621 3609 666 sanctam

2022 705 2077 749 et
2105 697 2620 752 consubstantialem
2653 697 2978 755 Trinitatem
3013 703 3064 756 id
3092 703 3236 772 quod
3271 701 3502 758 diversae
3541 701 3608 759 ab

2023 803 2082 840 ea
2116 799 2326 842 natura:
2353 797 2458 852 est,
2495 805 2714 860 unaque
2746 807 2868 845 cum
2891 806 2952 845 ea
2999 795 3259 848 adoratur
3285 835 3302 858 ,
3353 810 3602 851 cominu-

2023 891 2258 948 nemque
2283 887 2339 934 et
2362 894 2548 950 parem
2579 895 2702 936 cum
2721 895 2799 936 .ca
2829 882 3056 951 gloriam
3087 883 3291 939 habet?

2089 1140 2152 1199 Β.
2195 1141 2524 1196 Aiunthanc
2571 1142 2887 1198 relationem
2932 1143 3312 1212 hujuscemodi
3359 1148 3596 1217 quadam

2019 1234 2227 1289 ratione
2257 1235 2428 1303 accipi
2462 1235 2677 1290 debere.
2709 1237 3023 1292 Statuentes
3057 1239 3200 1292 enim
3232 1239 3356 1294 huic
3386 1240 3476 1310 qui
3513 1251 3600 1296 est

2018 1341 2082 1379 ex
2131 1327 2339 1381 semine
2384 1325 2550 1380 David
2609 1329 3045 1397 inseparabiliter
3096 1332 3406 1400 copulatum
3465 1347 3598 1392 esse

2019 1415 2187 1470 Deum
2227 1416 2484 1481 Verbum,
2523 1419 2817 1474 adoramus
2845 1432 2906 1476 ιιι
2951 1423 3140 1478 Deum.

2088 1509 2153 1562 A.
2175 1511 2334 1578 Atqui
2372 1510 2641 1567 Sllml'ilﬂe
2669 1514 2772 1568 hoc
2805 1514 2872 1567 ad
2897 1515 3240 1570 deferendam
3271 1516 3342 1570 illi
3366 1517 3592 1588 gloriam

2015 1614 2134 1668 qum
2167 1602 2272 1656 Deo
2293 1604 2543 1656 convenit
2572 1642 2588 1665 ,
2647 1615 2701 1659 et
2747 1605 2812 1658 ad
2862 1621 2984 1658 eum
3034 1607 3170 1661 trltra
3217 1620 3594 1665 creaturarum

2013 1692 2379 1746 conditimtem
2402 1694 2760 1757 evehendutn,
2786 1696 2927 1764 quod
2963 1696 3285 1765 conjuut-tus
3304 1699 3352 1754 ei
3379 1709 3593 1753 tantum

2012 1783 2103 1844 sit,
2144 1783 2303 1851 idque
2334 1783 2661 1838 adnrahilcttt
2696 1801 2819 1838 eum
2851 1785 3012 1839 faciet
3042 1789 3130 1856 qui
3165 1805 3268 1841 non
3295 1790 3366 1842 sit
3400 1789 3541 1843 Deus
3568 1786 3595 1844 ἲ

1943 1859 1982 1913 Β
2011 1873 2081 1926 At
2117 1874 2327 1940 reperio
2355 1874 2644 1942 quemdam
2688 1889 2786 1941 per
2838 1873 3136 1930 Psalmista:
3175 1877 3344 1946 lyram
3396 1879 3592 1932 dicen-

2014 1973 2120 2018 tem
2158 1979 2170 2014 :
2209 1982 2228 2013 ‹
2257 1963 2638 2031 Cuuglutiuata
2685 1977 2769 2018 est
2821 1969 2997 2030 anima
3045 1983 3158 2020 mea
3197 1980 3316 2036 post
3351 1979 3402 2026 te
3430 1969 3526 2036 ⁸⁸;
3566 1989 3585 2022 ι

2010 2065 2064 2110 et
2102 2056 2290 2109 beatus
2324 2054 2517 2108 Paulus
2567 2057 2638 2108 ita
2687 2057 2877 2110 scribit
2913 2073 2928 2112 :
2972 2077 2990 2107 ι
3033 2058 3132 2124 Qui
3181 2062 3590 2121 conglutinatus

2009 2157 2093 2199 cst
2128 2146 2356 2199 Domino
2385 2184 2400 2207 ,
2436 2161 2576 2199 unus
2613 2146 2838 2215 Spiritus
2885 2159 2970 2202 est
3009 2149 3100 2204 ⁸⁸⁸.
3150 2168 3170 2200 ι
3217 2151 3372 2205 Anne
3407 2153 3590 2222 igitur,

2007 2239 2256 2302 obsecro,
2281 2237 2442 2291 etiam
2477 2237 2578 2291 ltos
2603 2237 2953 2291 adoruhinttts
2982 2249 3225 2306 respectu
3265 2239 3378 2304 Dei,
3405 2253 3592 2310 utpote

2007 2330 2057 2385 ei
2111 2329 2557 2395 conglutinatus?
2614 2330 2775 2398 Atqui
2845 2332 3328 2402 conglutinationis
3395 2350 3588 2389 nomen

2007 2420 2270 2488 majorem
2307 2424 2413 2474 vim
2447 2421 2607 2492 733
2637 2433 2801 2491 atque
2868 2425 3169 2492 emphasim
3222 2425 3383 2478 habet
3425 2439 3587 2494 quatn

2007 2509 2427 2577 coniunctionis.
2463 2500 2744 2578 Siquidem
2783 2527 2909 2566 vere
2937 2514 3162 2579 "dicitur,
3198 2515 3241 2568 si
3272 2516 3401 2584 quid
3430 2515 3586 2568 alteri

2007 2603 2238 2671 enipiam
2263 2603 2700 2671 conglutinatam
2724 2617 2829 2667 est,
2873 2606 3246 2660 vehementem
3276 2608 3325 2660 ei
3350 2618 3587 2673 arctam-

2005 2710 2110 2766 que
2135 2711 2259 2750 eum
2287 2696 2377 2748 illo
2401 2694 2840 2763 cottjunctionem
2872 2697 3230 2754 intercedere.

2074 2786 2135 2840 B.
2169 2787 2244 2840 lla
2281 2787 2518 2841 videtur.

2074 2879 2138 2931 A.
2169 2879 2280 2932 Cur
2301 2889 2507 2945 autem,
2538 2879 2742 2950 rejecto
2770 2883 2990 2937 nomine
3029 2882 3271 2948 unitatis,
3303 2897 3422 2936 cum
3454 2883 3588 2937 alio-

2003 2969 2092 3037 qui
2122 2970 2190 3023 sit
2241 2970 2496 3022 usitatum
2548 2971 2704 3024 nobis
2735 2971 2890 3039 ipsis,
2938 2973 3048 3024 imo
3101 2989 3242 3026 vero
3302 2991 3330 3026 tt
3385 2977 3588 3031 sanctis

2006 3061 2252 3114 Pali-ibus
2292 3061 2356 3113 ad
2395 3075 2490 3114 nos
2515 3059 2753 3125 ﬂuxerit,
2783 3059 3224 3130 cunjttuctiouem
3278 3065 3457 3132 petius
3493 3081 3590 3121 vo-

2003 3152 2186 3206 cant?
2240 3153 2404 3221 Atqui
2453 3155 2633 3208 unitas
2690 3169 3027 3221 nequaquam
3073 3154 3355 3209 confundit
3400 3173 3462 3210 ea
3516 3159 3581 3214 de

2008 3244 2207 3312 quibus
2235 3244 2584 3310 praedicatur,
2614 3245 2709 3300 sed
2742 3245 2917 3314 potius
2941 3245 3214 3316 signiﬁcat
3257 3264 3581 3306 concursum

2007 3336 2060 3391 itt
2100 3351 2638 3406 ttutttneoruntoqua:
2680 3340 2826 3390 unita
2875 3353 2998 3393 esse
3040 3339 3431 3410 intelliguntur.
3480 3342 3587 3398 Sed

2007 3441 2182 3495 neque
2222 3428 2273 3480 itt
2311 3429 2622 3481 universum
2673 3428 2875 3482 dicitur
2919 3443 3084 3482 unum
3138 3432 3480 3486 solummodo
3531 3432 3584 3486 id

2005 3519 2144 3587 quod
2183 3518 2408 3586 simplex
2438 3529 2542 3580 est,
2569 3527 2730 3588 atque
2759 3521 2918 3574 unius
2949 3521 3172 3588 speciei,
3206 3537 3396 3576 verum
3417 3525 3584 3578 etiam

2005 3621 2068 3661 ca
2107 3623 2226 3675 qum
2266 3623 2331 3661 cx
2376 3609 2588 3660 duobus
2647 3617 2741 3662 aut
2789 3610 2953 3661 etiam
3019 3609 3266 3679 pluribus
3297 3612 3461 3666 ctiam
3505 3614 3586 3667 di-

2005 3715 2285 3752 versarum
2327 3700 2631 3768 specierum
2664 3700 2961 3768 composita
3000 3712 3145 3754 sunt.
3191 3703 3265 3756 Ita
3294 3704 3439 3758 enim
3468 3713 3584 3758 sta-

2007 3802 2164 3846 tttttnt
2202 3792 2394 3846 harum
2424 3806 2603 3845 rerum
2647 3793 2827 3859 periti.
2872 3793 3392 3849 Fratnlnlcutt’ssitne
3422 3797 3586 3866 igitur

2005 3898 2170 3935 ttnttttt
2203 3891 2257 3934 et
2295 3892 2482 3933 natura
2536 3891 2592 3935 et
2644 3896 2769 3934 vere
2820 3881 3013 3936 Filium
3059 3885 3328 3938 hominem
3373 3887 3579 3940 factum

2003 3980 2166 4038 atque
2207 3970 2544 4022 inearnatnm
2588 3970 2985 4038 distinguentes
3023 3974 3075 4026 in
3118 3975 3245 4036 duo,
3311 3977 3574 4032 unitateut

2001 4064 2221 4130 quidem
2269 4061 2614 4125 detrectant,
2671 4063 3111 4132 conjunctinnem
3155 4081 3286 4121 vero
3336 4079 3578 4137 vocant,

2001 4169 2162 4223 quam
2194 4154 2423 4206 fortasse
2450 4153 2612 4206 etiam
2642 4153 2779 4207 alius
2811 4155 3078 4224 quispiam
3109 4173 3228 4212 cum
3268 4160 3374 4214 Deo
3395 4161 3578 4228 habet,

2001 4255 2189 4314 ntpute
2223 4243 2420 4297 virtute
2454 4259 2520 4300 ac
2547 4247 2983 4302 sattctilicatione
3026 4257 3348 4306 tantumnon
3383 4255 3432 4306 ei
3466 4254 3579 4310 cel-

2000 4336 2221 4407 ligatus,
2247 4337 2400 4406 juxta
2443 4337 2572 4390 illttd
2604 4349 2753 4392 recte
2777 4354 2807 4391 a
2838 4339 3120 4408 prophetia
3150 4342 3355 4397 dictum
3389 4346 3455 4400 iis
3485 4348 3577 4415 qui

1999 4431 2065 4482 ad
2111 4429 2376 4496 ignaviam
2411 4430 2816 4484 devolvuntur:
2848 4449 2868 4483 ι
2907 4432 3345 4504 Congregamini,
3377 4448 3429 4491 et
3466 4439 3578 4492 rol-

308 4528 404 4584 τοῦ
435 4529 685 4608 γενέςεθαι
729 4529 872 4598 ὑμᾶς
918 4528 992 4590 ὡς
1026 4527 1184 4591 ἄνθος
1225 4531 1658 4600 παρερχόμενον.
1702 4551 1720 4583 ι
1760 4533 1889 4585 Συν-

2003 4522 2270 4588 ligatuitti.
2304 4539 2436 4593 gens
2469 4525 2742 4593 imperita,
2771 4536 3059 4595 antequam
3094 4529 3236 4580 lialis
3273 4542 3366 4582 vos
3396 4539 3450 4582 ut
3477 4527 3577 4585 llus

309 4620 534 4674 ἅπτοιτο
560 4621 605 4673 δ’
645 4620 710 4674 ἂν
764 4621 858 4674 καὶ
908 4619 1154 4690 μαθητὴς
1201 4621 1506 4693 διδασκάλῳ
1554 4625 1694 4677 κατὰ
1725 4642 1789 4692 γε
1836 4626 1897 4679 τὸ

309 4712 626 4782 φιλομαθὲς,
661 4713 754 4765 καὶ
786 4714 946 4782 ἡμεῖς
980 4713 1248 4783 ἀλλήλοις,
1282 4714 1342 4766 οὑ
1389 4716 1510 4766 καθ’
1541 4715 1636 4768 ἕνα
1667 4717 1891 4787 τρόπον,

307 4803 441 4856 ἀλλὰ
474 4803 720 4867 πολλούς.
761 4805 832 4856 ’Ἡ
865 4805 1003 4873 τάχα
1034 4821 1136 4856 που
1173 4804 1267 4856 καὶ
1299 4807 1327 4857 ὁ
1355 4803 1509 4858 τοῦδέ
1554 4823 1699 4870 τινος
1750 4809 1893 4879 πρά-

307 4913 511 4966 γματος
556 4895 847 4962 ὑπουργὸς,
883 4897 984 4948 οὑκ
1031 4895 1314 4966 ἁσυναφὴς
1365 4898 1506 4950 κατὰ
1545 4897 1602 4949 τὸ
1645 4900 1892 4953 ἑκούσιον

314 4987 463 5041 νοοῖτ’
492 4986 556 5040 ἂν
587 4987 812 5049 εἰκότως
845 4986 920 5056 τῷ
952 4987 1167 5039 λαϐόντι
1199 4988 1336 5058 πρὸς
1369 4989 1690 5059 ὑπουργίαν.
1732 4992 1796 5044 ‘0
1828 4991 1884 5044 δὲ

311 5077 511 5146 μᾶλλον
542 5077 716 5130 ἔοικεν
747 5079 779 5148 ἡ
803 5077 954 5148 παρὰ
975 5078 1081 5130 τῶν
1106 5080 1440 5149 καινοτόμων
1462 5084 1594 5152 ἡμῖν
1622 5085 1886 5153 συνάφεια

306 5166 516 5236 δηλοῦν.
570 5168 835 5222 Διεπύθου
887 5168 996 5238 γὰρ
1044 5170 1460 5240 διατεινομένων
1512 5175 1758 5242 ἀμαθῶς,
1803 5177 1884 5229 ὅτι

303 5257 484 5310 λαϐὼν
518 5258 820 5328 ἄνθρωπον,
849 5260 924 5324 ὡς
950 5261 1132 5332 ἔτερόν
1162 5279 1283 5314 τινα
1314 5263 1444 5333 παρ’
1481 5265 1670 5318 ἑαυτὸν
1714 5267 1827 5319 υἱὸν
1857 5269 1886 5320 ὁ

301 5346 436 5409 Θεὸς
473 5346 663 5412 Λόγος,
701 5349 970 5419 ὑπουργὸν
1009 5350 1198 5421 ὥσπερ
1245 5353 1366 5406 τινὰ
1421 5354 1530 5407 τῶν
1575 5357 1768 5410 ἑαυτοῦ
1801 5357 1889 5410 θε-

301 5435 562 5506 ἴημάτων
601 5437 879 5506 ἀπέφηνεν
908 5440 1088 5503 αὑτὸν,
1122 5440 1262 5495 ὥστε
1306 5445 1399 5497 καὶ
1427 5444 1656 5498 θανάτου
1693 5449 1887 5516 πεῖραν

301 5526 464 5592 ἑλεῖν,
501 5528 796 5580 ἀναϐιῶναί
828 5545 908 5590 τε,
939 5531 1127 5591 traici;
1156 5532 1318 5585 αὑτὸν
1348 5534 1635 5588 ἀνελθόντα
1676 5536 1764 5588 τὸν
1794 5537 1885 5590 οὑ-

303 5617 487 5688 ρανὸν.
515 5620 628 5681 τοῖς
667 5618 765 5688 τῆς
795 5619 1034 5691 ἀρρήτου
1079 5621 1332 5694 θεότητος
1382 5625 1626 5696 ὲνιζῆσαι
1671 5625 1878 5690 θάκοις.

370 5787 417 5827 ⁵¹¹
448 5795 592 5852 Psal.
623 5812 784 5864 uss,
815 5797 899 5852 l0.
981 5800 1023 5830 "'
1053 5799 1178 5856 Psal
1211 5817 1342 5868 ml,
1385 5802 1436 5858 9.

1518 5803 1584 5835 ⁸³⁸
1612 5800 1632 5855 ι
1659 5803 1782 5860 Ger.
1850 5819 1928 5871 Vt,
1960 5803 2039 5858 l7.

1995 4615 2311 4684 praeteriens
2347 4615 2414 4668 ⁸⁹.
2491 4615 2849 4683 Cnnjttngitttr
2899 4633 3026 4672 vero
3061 4620 3225 4672 etiam
3276 4623 3575 4690 discipulus

1995 4707 2259 4775 magistro
2295 4708 2504 4762 ratione
2533 4710 2822 4763 docilitatis
2848 4727 2862 4774 ;
2886 4718 2940 4763 et
2968 4726 3068 4764 nos
3102 4711 3241 4766 alter
3271 4713 3425 4766 alteri
3463 4731 3567 4768 non

1992 4814 2099 4850 ttno
2135 4800 2314 4861 modo,
2373 4801 2465 4854 sed
2516 4799 2784 4869 pluribus.
2845 4800 3026 4872 thui
3087 4804 3316 4870 alienius
3367 4809 3569 4877 negotii

1989 4890 2206 4959 adjutor
2234 4901 2346 4957 est,
2402 4908 2509 4946 non
2555 4903 2733 4959 potest
2772 4896 2967 4950 merito
3005 4897 3308 4964 disiunctus
3353 4899 3568 4957 censeri

1991 4985 2202 5039 ratione
2235 4986 2533 5040 voluntatis
2586 4987 2654 5040 ab
2701 5003 2766 5041 co
2817 4988 2906 5056 qui
2955 4990 3126 5056 ipsum
3165 4992 3214 5043 in
3255 4993 3562 5060 adjutoretn

1991 5077 2220 5144 accepit.
2257 5076 2366 5131 Hoc
2389 5089 2570 5132 autem
2599 5080 2776 5148 potius
2805 5080 3018 5135 videtur
3040 5083 3152 5136 hmc
3183 5084 3562 5139 ἰηιιονειιοιιιιιι

1991 5168 2303 5236 conjuuctio
2355 5170 2682 5239 signiﬁcare.
2732 5171 2947 5226 Audisti
2995 5175 3137 5227 enim
3168 5189 3262 5228 eos
3317 5176 3567 5243 imperite

1992 5261 2382 5314 contendentes
2407 5299 2422 5324 ,
2456 5262 2596 5328 quod
2627 5261 2764 5315 Dens
2798 5260 3058 5330 Verbum,
3095 5276 3320 5331 accepto
3348 5267 3564 5322 ltoutiue

1989 5359 2246 5417 tanquam
2274 5351 2384 5405 alio
2421 5353 2655 5421 quodam
2688 5367 2752 5406 ac
2797 5353 3011 5408 diverso
3047 5369 3078 5408 a
3124 5371 3182 5409 se
3217 5355 3346 5420 lilio,
3398 5357 3561 5413 veluti

1985 5441 2288 5511 adjutorem
2350 5444 2640 5513 quemdam
2697 5455 2861 5513 atque
2887 5457 3265 5501 exsecutorem
3312 5465 3424 5502 sum
3470 5463 3563 5503 vo-

1984 5535 2209 5588 luntatis
2239 5535 2412 5606 ipsum
2444 5537 2751 5600 constituit,
2780 5538 2849 5592 ita
2885 5547 2944 5592 ttt
2988 5549 3042 5592 et
3071 5550 3301 5594 mortem
3331 5540 3506 5594 obiret
3540 5578 3558 5603 .

1983 5636 2039 5681 ct
2072 5627 2444 5693 revivisceret,
2478 5637 2642 5698 atque
2674 5628 2726 5683 itt
2763 5629 2958 5684 omium
3003 5630 3230 5698 relatus,
3269 5630 3559 5689 inell'ahilis

2121 5804 2166 5838 "
2199 5804 2440 5876 Sophon.
2475 5820 2532 5874 rt,
2570 5805 2621 5872 Ι,
2651 5807 2704 5860 ε.
