4122 6530
562 386 585 441 1
599 385 699 442 237

1584 376 1644 433 8.
1684 374 1957 434 CVRILLI
2000 376 2467 434 ALEXANDRINI
2510 378 2824 438 ARCHIEP.

3702 385 3848 442 1288

559 502 784 557 deitatis
814 500 953 556 solio
984 497 1266 553 insideret.
1314 493 1509 550 Nonne
1544 496 1689 550 enim
1724 510 1791 551 ex
1824 496 1909 551 his
1958 497 2143 552 verbis

2269 494 2321 553 Ἠ
2348 500 2456 570 γὰρ
2487 500 2608 570 οὐχὶ
2651 501 2829 571 πάντη
2877 516 2937 553 τε
2972 498 3067 554 καὶ
3109 498 3328 565 πάντως
3368 500 3458 555 διὰ
3499 500 3709 556 τούτων
3735 504 3849 557 τῶν

559 596 809 649 diversus
842 593 1002 661 plane
1030 588 1274 645 cernitur
1331 587 1399 641 ab
1457 601 1522 641 eo
1570 587 1661 657 qui
1723 594 1805 643 est
1837 595 2031 641 natura
2092 594 2149 642 et

560 699 689 739 vere
722 684 938 738 Filius?

630 775 692 828 Β.
723 774 957 830 Omnino

634 866 703 922 Α.
736 867 805 919 At
835 879 956 918 cum
1001 861 1169 917 semel
1215 874 1280 916 eo
1327 860 1615 915 dementiae
1671 859 2035 927 devenerint,
2089 868 2151 914 ut

562 955 886 1008 existimem.
946 966 1111 1020 atque
1142 961 1390 1004 asserant
1420 963 1527 1003 non
1581 949 1757 1017 ipsum
1808 950 2145 1018 unigenitum

565 1047 661 1101 Dei
728 1047 965 1100 Verbum
1027 1042 1199 1098 nostri
1258 1042 1487 1097 similem
1548 1040 1749 1095 factum
1784 1040 2001 1106 fuisse,
2054 1043 2148 1096 sed

566 1138 841 1192 hominem
887 1136 1206 1203 sumpsisse,
1266 1148 1531 1202 quonam,
1572 1133 1823 1195 obsecro,
1862 1134 2023 1187 modo
2062 1147 2149 1186 as-

566 1226 929 1298 sumptionem
992 1229 1131 1281 hanc
1188 1241 1217 1279 a
1268 1225 1422 1279 nobis
1472 1225 1695 1292 intelligi
1740 1223 1967 1293 volunt?
1996 1226 2150 1278 Anne

566 1332 627 1376 ut.
694 1324 947 1376 edoctum
1000 1334 1065 1373 ac
1135 1318 1478 1386 designatum
1533 1317 1600 1369 ab
1680 1316 1799 1384 ipso
1857 1314 1924 1368 ad
1995 1328 2154 1368 exse-

566 1414 837 1484 quendum
871 1411 1072 1476 aliquid
1128 1411 1270 1479 quod
1311 1412 1410 1478 ipsi
1461 1407 1703 1476 placeret
1735 1423 1750 1459 :
1780 1406 2006 1475 perinde
2039 1404 2153 1460 fere

567 1517 731 1575 atque
783 1520 878 1574 per
915 1504 1201 1572 quemdam
1270 1516 1332 1555 ex
1401 1499 1606 1552 sanctis
1686 1496 1966 1567 prophetis
2017 1495 2155 1551 dici-

571 1608 671 1653 tur
705 1617 718 1652 :
767 1614 785 1647 ι
819 1596 885 1650 Et
921 1595 1057 1649 dixit
1087 1592 1346 1648 Dominus
1378 1593 1443 1644 ad
1493 1606 1578 1643 me
1609 1608 1621 1642 :
1662 1588 1840 1652 Vade,
1891 1589 2151 1658 propheta

569 1687 733 1760 734
781 1686 846 1739 ad
894 1684 1146 1754 populum
1191 1698 1374 1737 meum
1414 1682 1579 1735 Israel
1608 1680 1693 1734 ὀἳ
1725 1698 1742 1730 ι
1784 1678 1862 1733 Ex
1906 1681 2155 1749 caprario

569 1779 713 1831 enim
751 1777 1068 1845 prephetam
1122 1772 1343 1837 elfecit,
1394 1783 1449 1827 et
1504 1772 1887 1825 mandatorum
1927 1785 2152 1825 suorum

576 1877 955 1923 exsecutorem
995 1866 1320 1937 designavit.

643 1958 702 2010 Β.
760 1958 1007 2011 Dixerint
1053 1956 1286 2010 fortasse
1342 1971 1445 2008 non
1512 1956 1616 2009 hac
1670 1970 1893 2025 prorsus
1942 1953 2157 2008 ratione

572 2050 769 2105 factam
803 2064 924 2103 esse
960 2049 1412 2115 assumptioueni,
1450 2048 1542 2101 sed
1595 2046 1669 2099 ita
1717 2055 1775 2098 ut
1826 2045 2155 2115 intelligitur

573 2157 603 2194 a
638 2140 795 2194 nobis
823 2139 953 2192 illud
998 2151 1013 2190 :
1067 2156 1085 2188 ‹
1121 2137 1375 2192 Formam
1402 2138 1543 2191 servi
1571 2138 1847 2206 accipiens
1869 2138 1938 2190 °‘.
1979 2155 1997 2189 ι

645 2236 710 2288 Λ.
771 2232 912 2301 Ergo
958 2230 1258 2285 secundum
1313 2229 1575 2281 nnitatent
1632 2227 1982 2292 indivulsam,
2031 2240 2161 2295 pro-

575 2325 753 2393 prium
784 2320 988 2375 factum
1017 2334 1142 2374 esse
1175 2320 1226 2371 id
1262 2320 1404 2386 quod
1464 2328 1738 2385 sumptum
1788 2326 1871 2370 est
1910 2315 2029 2384 ejus
2068 2316 2161 2385 qui

577 2415 810 2484 accepit,
847 2413 1038 2466 merito
1070 2411 1379 2465 censebitur
1416 2426 1429 2461 ε
1467 2411 1537 2463 ita
1581 2418 1638 2462 ut
1682 2419 1737 2462 et
1792 2409 1935 2461 Deus
1966 2407 2038 2461 sit
2073 2405 2164 2462 Je-

578 2522 691 2569 sus,
720 2514 777 2559 ct
826 2504 935 2556 veri
974 2502 1062 2556 Dei
1107 2500 1295 2566 Filius,
1330 2514 1607 2569 unumque
1656 2514 1719 2553 ac
1750 2498 1926 2552 solum
1992 2506 2053 2552 ut
2094 2513 2163 2552 ex

580 2600 692 2654 Deo
723 2597 883 2651 Patre
915 2594 1147 2649 Verbum
1174 2610 1189 2659 ;
1240 2594 1454 2663 genitus
1491 2593 1709 2661 quidem
1747 2591 2007 2645 divinitus
2037 2600 2164 2644 ante

579 2689 759 2742 omnia
788 2685 984 2741 saecula
1018 2693 1073 2738 et
1103 2693 1369 2752 tempora,
1399 2682 1711 2735 novissimis
1738 2690 1919 2734 autem
1966 2678 2151 2734 saeculi

581 2780 913 2850 temporibus
948 2780 1084 2831 idem
1117 2777 1410 2830 secundum
1437 2790 1654 2829 carnem
1686 2788 1755 2827 ex
1786 2772 2033 2827 muliere.

652 2872 711 2926 Β.
742 2870 925 2940 Neque
953 2870 1097 2923 enim
1139 2876 1257 2921 erat
1282 2868 1507 2920 alterius
1535 2864 1838 2933 Cujuspiam
1865 2901 1879 2928 ,
1925 2863 2018 2917 sed
2076 2860 2161 2931 ip-

580 2964 694 3017 sius
722 2962 861 3014 facta
895 2969 978 3012 est
1014 2959 1154 3011 servi
1184 2958 1376 3008 forma.

650 3054 716 3107 A.
747 3050 1028 3117 Quomodo
1052 3046 1172 3102 ais?
1202 3051 1377 3111 Anne,
1412 3050 1665 3110 obsecro,
1731 3046 1781 3100 id
1820 3050 1960 3117 quod
1976 3057 2165 3102 natura

582 3156 794 3199 servum
847 3151 975 3205 est,
1035 3140 1249 3193 dicatur
1297 3154 1402 3192 non
1453 3139 1689 3192 absurde
1735 3139 1965 3193 formam
2020 3140 2163 3194 servi

2248 592 2426 660 λόγων
2455 592 2643 664 ἕτερος
2682 592 2758 645 ὢν
2790 593 2985 663 ὁρᾶται
3021 592 3301 657 παντελῶς
3352 594 3503 665 παρὰ
3545 592 3639 649 τὸν
3686 594 3848 663 φύσει

2249 686 2346 738 καὶ
2380 685 2597 755 ἀληθῶς
2626 685 2752 738 Υἱόν
2773 702 2789 751 ;

2322 777 2381 827 Β.
2422 775 2589 847 Φημί.

2320 872 2385 927 Λ.
2439 870 2658 941 Ἐπειδὴ
2700 872 2757 924 δὲ
2801 869 2949 936 ἅπαξ
2984 870 3065 932 εἰς
3111 868 3271 922 τοῦτο
3328 868 3666 922 κατώλισθον
3703 867 3853 938 ἁμαρ

2252 958 2393 1023 θίας,
2429 960 2505 1023 ὼς
2549 960 2756 1012 οἴεσθαί
2802 977 2860 1013 τε
2914 960 3010 1014 καὶ
3042 957 3223 1027 λέγειν
3265 960 3365 1012 οὐκ
3404 959 3565 1012 αὑτὸν
3595 959 3855 1027 γενέσθαι

2255 1053 2455 1123 μᾶλλον
2497 1052 2620 1105 καθ’
2668 1054 2815 1122 ἡμᾶς
2864 1052 2957 1105 τὸν
3009 1051 3272 1122 μονογενῆ
3319 1051 3411 1104 τοῦ
3455 1050 3592 1104 Θεοῦ
3650 1052 3856 1119 Λόγον,

2252 1142 2538 1213 ἄνθρωπον
2564 1142 2619 1195 δὲ
2648 1141 2832 1195 λαϐεῖν
2853 1159 2868 1172 ·
2894 1142 3036 1195 κατὰ
3062 1145 3214 1195 ποῖον
3239 1143 3346 1213 ἄρα
3380 1142 3621 1194 νοεῖσθαι
3642 1142 3857 1212 τρόπον

2252 1234 2498 1288 ἐθέλουσι
2538 1236 2674 1307 πρὸς
2722 1235 2880 1306 ἡμῶν
2923 1235 3023 1307 τὴν
3063 1235 3363 1305 ἀνάληψινς
3415 1229 3564 1306 *Λρα
3612 1234 3747 1304 γὰρ,
3775 1233 3857 1297 ὡς

2254 1327 2709 1399 προχειρισθέντα
2750 1329 2877 1398 παρ’
2926 1326 3091 1381 αὐτοῦ
3127 1328 3265 1398 πρός
3304 1343 3369 1395 γε
3404 1326 3467 1379 τὸ
3495 1327 3608 1381 δεῖν
3636 1328 3857 1379 ἀποπε-

2258 1418 2416 1491 ρᾶναί
2459 1436 2513 1472 τι
2557 1418 2664 1471 τῶν
2708 1418 2852 1471 κατὰ
2880 1419 3106 1490 γνώμην
3148 1418 3316 1488 αὐτῷ,
3350 1418 3605 1489 καθάπερ
3657 1418 3857 1486 ἀμέλει

2255 1510 2350 1563 καὶ
2388 1510 2506 1573 ἑνὸς
2543 1509 2651 1562 τῶν
2686 1511 2854 1577 ἁγίων
2898 1509 3230 1580 προφητῶν·
3272 1529 3290 1560 ς
3336 1510 3447 1561 Καὶ
3480 1502 3601 1560 εἷπε
3642 1507 3855 1578 Κύριος

2257 1598 2393 1670 πρός
2430 1615 2496 1669 με
2519 1613 2532 1627 ⁸
2569 1597 2779 1662 Βάδιζε,
2813 1599 3188 1669 προφήτευσον
3215 1595 3308 1648 ἐπὶ
3347 1598 3438 1648 τὸν
3467 1594 3597 1646 λαόν
3626 1610 3730 1663 μου
3760 1593 3855 1645 τὸν

2270 1690 2523 1763 Ἶσραήλς
2560 1711 2580 1744 ι
2625 1692 2857 1745 Λίπόλον
2887 1691 2994 1763 γὰρ
3023 1691 3171 1754 δντα,
3213 1691 3502 1760 προφήτην
3528 1687 3723 1750 ἐτίθει,
3755 1685 3855 1738 καὶ

2257 1781 2366 1836 τῶν
2400 1782 2595 1836 ἑαυτοῦ
2621 1782 2941 1852 θελημάτων
2972 1779 3244 1851 ὑπουργὸν
3274 1779 3596 1842 ἁπέστειλες

2332 1964 2395 2015 Β.
2435 1965 2598 2015 Φαῖεν
2644 1961 2710 2015 ἂν
2744 1960 2873 2024 ἴσως
2912 1959 3004 2028 οὐ)
3048 1951 3151 2012 ὧδέ
3196 1974 3299 2011 που
3336 1955 3553 2018 πάντως
3596 1954 3853 2023 γενέσθαι

2261 2055 2360 2127 τὴν
2394 2054 2579 2124 λῆψιν,
2623 2054 2737 2107 ἀλλ’
2767 2052 2842 2116 ὡς
2871 2052 2935 2105 ἂν
2964 2053 3144 2105 νοοῖτο
3171 2050 3307 2121 πρὸς
3336 2047 3491 2120 ἡμῶν
3521 2048 3617 2111 τὸ,
3647 2067 3665 2098 ι
3700 2047 3854 2116 Μορ-

2263 2146 2370 2217 φὴν
2406 2144 2590 2198 δούλου
2620 2144 2820 2197 λαϐών.
2860 2162 2880 2195 ο

2334 2240 2399 2290 Α.
2444 2234 2653 2289 Οὐκοῦν
2702 2235 2823 2288 καθ’
2864 2234 3060 2287 ἕνωσιν
3096 2232 3485 2295 ἀδιάσπαστον,
3522 2230 3655 2284 ῖδιον
3692 2246 3855 2298 γεγο-

2265 2328 2354 2392 νὸς
2386 2327 2480 2381 τοῦ
2512 2327 2769 2390 λαϐόντος
2799 2327 2859 2380 τὸ
2907 2326 3130 2397 ληφθὲν,
3177 2326 3334 2377 νοοῖτ*
3367 2324 3434 2378 ἂν
3478 2323 3731 2387 εἰκότως,
3776 2323 3855 2385 ὡς

2266 2421 2362 2472 καὶ
2392 2420 2522 2471 Θεὸν
2560 2416 2699 2471 εἶναι
2728 2418 2816 2471 τὸν
2857 2418 3085 2489 Ἰησοῦν,
3116 2418 3211 2469 καὶ
3249 2415 3385 2468 Θεοῦ
3428 2414 3522 2467 τοῦ
3551 2415 3693 2467 κατὰ
3724 2413 3858 2483 ἁλή-

2267 2508 2415 2560 θειαν
2457 2507 2602 2569 Υῐὸν,
2646 2507 2743 2559 ἕνα
2785 2524 2843 2558 τε
2892 2508 2984 2559 καὶ
3034 2506 3208 2577 μόνον,
3246 2504 3323 2566 ὼς
3354 2506 3419 2557 ὲκ
3463 2503 3603 2556 Θεοῦ
3637 2504 3854 2573 [11196;

2264 2599 2456 2666 Λόγον,
2492 2598 2822 2669 γεννηθέντα
2874 2597 2972 2667 μὲν
3011 2596 3205 2659 θεῖκῶς
3254 2594 3360 2663 πρὸ
3406 2593 3608 2655 παντὸς
3653 2593 3854 2655 αἰῶνος

2266 2690 2360 2743 καὶ
2393 2690 2610 2761 χρόνου,
2648 2691 2705 2741 ὲν
2753 2688 3001 2759 ἐσχάτοις
3030 2686 3086 2739 δὲ
3116 2685 3210 2739 τοῦ
3252 2684 3447 2747 αἰῶνος
3490 2685 3727 2755 καιροῖς,
3760 2684 3855 2735 τὸν

2266 2781 2427 2833 αὐτὸν
2452 2770 2593 2833 κατὰ
2627 2780 2803 2850 σάρκα
2847 2781 2911 2831 ἐκ
2941 2778 3220 2846 γυναικὸς.

2340 2873 2400 2927 Β.
2444 2873 2517 2925 Οὐ
2549 2871 2658 2943 γὰρ
2684 2868 2752 2943 ἦν
2782 2871 2968 2942 ἐτέρου
3004 2869 3170 2933 τινὸς,
3212 2867 3327 2921 ἀλλ’
3357 2867 3522 2922 αὐτοῦ
3555 2868 3789 2938 γέγονεν
3814 2870 3850 2937 ἡ

2265 2964 2361 3016 τοῦ
2393 2962 2578 3016 δούλου
2614 2962 2816 3033 μορφή.

2339 3057 2403 3109 Λ.
2447 3054 2572 3116 Πῶς
2615 3054 2783 3122 ἔφηςς
2828 3047 2974 3124 1’Λρα
3004 3053 3135 3121 γὰρ,
3181 3056 3299 3108 εἰπέ
3338 3072 3448 3125 μοι,
3474 3052 3537 3106 τὸ
3573 3056 3641 3123 τῇ
3689 3052 3857 3121 φύσει

2269 3144 2476 3202 δοῦλον,
2512 3142 2711 3211 λέγοιτ’
2741 3142 2809 3195 ἂν
2844 3142 2941 3195 οὐκ
2986 3142 3344 3204 ἀπεοικότως,
3396 3141 3611 3211 μορφὴν
3658 3140 3855 3192 δούλου

582 3234 895 3301 accepisse;
938 3247 1003 3285 an
1033 3246 1162 3285 vero
1214 3231 1267 3285 id
1310 3231 1455 3300 quod
1503 3246 1629 3284 vere
1666 3230 1896 3286 liberum
1926 3242 2011 3288 est
2040 3270 2056 3297 ,
2110 3240 2167 3287 et.

2269 3237 2469 3302 λαϐεῖν,
2504 3236 2536 3306 ἦ
2568 3235 2629 3287 τὸ
2658 3233 2943 3303 ἐλεύθερον
2968 3228 3204 3304 ἀληθῶς,
3234 3236 3327 3286 καὶ
3349 3233 3457 3286 τῶν
3481 3233 3582 3302 τῆς
3607 3231 3858 3293 δουλείας

584 3323 766 3379 servili
798 3322 1110 3377 conditione
1132 3322 1502 3375 essentialiter
1544 3322 1795 3390 superius
1824 3322 1848 3376 ἲ

655 3415 717 3469 Β.
751 3414 805 3469 Id
845 3414 987 3483 quod
1040 3413 1270 3466 liberum
1320 3421 1406 3466 est
1442 3415 1771 3467 censuerim.
1820 3414 1973 3480 Quod
2020 3415 2164 3469 enim

583 3516 704 3562 erat
729 3516 946 3569 natura,
972 3519 1079 3573 quo
1113 3514 1273 3573 pacto
1296 3503 1530 3573 amplius
1561 3504 1657 3558 ﬁat
1686 3504 1709 3557 ?

654 3597 720 3652 A.
749 3595 1134 3650 Animadverte
1154 3596 1334 3665 itaque
1353 3596 1516 3664 quod,
1538 3579 1752 3649 tame'tsr
1776 3597 1949 3652 nostri
1980 3597 2160 3651 simile

588 3697 788 3745 tactum
827 3699 911 3743 est
943 3689 1276 3757 unigenitum
1326 3688 1421 3741 Dei
1480 3688 1751 3754 Verbum,
1810 3697 1865 3743 et.
1914 3690 2168 3744 servilem

585 3781 955 3837 conditionem
987 3779 1216 3833 subierit
1242 3779 1456 3833 ratione
1489 3779 1847 3833 humanitatis
1877 3818 1892 3843 ,
1948 3790 2170 3834 natura-

589 3874 693 3928 lem
727 3884 907 3927 tamen
929 3886 1080 3925 suam
1108 3870 1414 3925 libertatem
1449 3869 1770 3924 testiﬁcatus
1796 3882 1879 3924 est
1899 3872 1948 3924 in
1976 3872 2168 3926 drach-

593 3981 804 4021 marum
863 3964 1208 4029 collationes,
1254 3963 1440 4016 dicens
1496 3980 1508 4016 :
1571 3981 1588 4013 ε
1636 3962 1777 4034 Ergo
1837 3964 1990 4018 liberi
2043 3974 2171 4018 sunt

594 4058 688 4113 lilii
724 4059 797 4111 ".
851 4076 869 4108 ›
925 4055 1166 4125 Suscipit
1217 4056 1401 4125 itaque
1450 4056 1588 4109 servi
1640 4055 1889 4121 formam,
1944 4072 2007 4112 ea
2052 4073 2171 4128 qua:

588 4149 947 4204 exiuinatioui
997 4163 1209 4202 annexa
1257 4158 1385 4201 sunt
1419 4148 1521 4201 sibi
1572 4149 1877 4212 asciscens,
1925 4159 1979 4204 et
2015 4150 2170 4205 simi-

592 4240 873 4294 litudinem
905 4238 1079 4293 nostri
1110 4254 1214 4291 non
1245 4247 1591 4308 aspernatus.
1640 4239 1825 4307 Neque
1873 4242 2019 4295 enim
2056 4240 2171 4296 ﬁeri

590 4338 805 4399 poterat
848 4336 907 4382 ut.
944 4328 1047 4381 alia
1086 4328 1296 4382 ratione
1338 4328 1572 4382 servitus
1606 4344 1728 4381 cum
1776 4329 1983 4385 honore
2017 4347 2170 4387 com-

592 4429 911 4485 mutaretnr,
936 4419 1041 4473 nisi
1072 4419 1121 4473 id
1148 4420 1292 4488 quod
1326 4420 1577 4474 servituti
1603 4424 1861 4477 convenit
1888 4426 2170 4494 proprium

591 4512 764 4582 ipsius
810 4513 1016 4565 factum
1066 4509 1279 4575 fuisset,
1319 4520 1378 4563 ut
1422 4521 1477 4565 et
1512 4512 1683 4580 ipsius
1727 4513 1897 4584 gloria
1931 4516 2169 4571 illustra-
2203 4550 2250 4608 Β

591 4613 759 4657 retur.
794 4600 973 4656 Vincit
1000 4602 1144 4655 enim
1175 4616 1392 4668 semper
1422 4603 1472 4656 id
1504 4606 1646 4672 quod
1684 4609 2033 4675 przestantius
2056 4619 2161 4674 est,

591 4707 647 4749 et
676 4695 951 4759 turpitude
982 4708 1047 4746 ex
1077 4694 1343 4748 servitute
1389 4704 1508 4748 orta
1562 4697 1614 4748 in
1654 4699 1808 4751 nobis
1837 4699 2035 4753 abolita
2065 4711 2168 4755 est.

590 4786 790 4841 Factus
826 4786 970 4840 enim
1002 4786 1174 4839 nostri
1205 4785 1421 4849 similis,
1474 4787 1564 4853 qui
1600 4789 1756 4843 nobis
1787 4792 2037 4858 superior
2066 4802 2170 4857 est,

592 4889 647 4931 et
672 4877 923 4933 servilem
954 4875 1322 4931 conditionem
1356 4878 1526 4931 subiit
1557 4879 1650 4947 qui
1679 4892 1867 4934 natura
1902 4893 1986 4936 est
2012 4883 2167 4937 liber.

593 4970 801 5024 idcirco
832 4969 995 5022 etiam
1030 4971 1081 5022 in
1126 4984 1227 5023 nos
1250 4970 1487 5037 dignitas
1517 4983 1811 5041 pr0pagata
1843 4982 1947 5027 est.
1984 4972 2171 5028 Vocati

591 5065 736 5117 enim
775 5078 964 5118 sumus
986 5074 1041 5116 et
1067 5077 1173 5117 nos
1197 5063 1292 5115 lilii
1329 5061 1448 5126 Dei,
1476 5074 1529 5116 et
1559 5063 1775 5117 Patrem
1809 5066 1964 5119 nobis
1996 5068 2172 5120 vindi-

593 5155 861 5214 cavimus,
881 5155 970 5222 qui
990 5154 1343 5223 peculiariter
1359 5154 1527 5220 ipsius
1548 5153 1821 5208 est.Facta
1843 5155 1985 5209 enim
2007 5158 2171 5211 etiam

596 5248 764 5316 ipsius
800 5262 920 5315 qua:
951 5246 1233 5301 hominum
1270 5246 1488 5314 propria
1542 5255 1717 5300 erant.
1781 5245 2016 5301 Proinde
2050 5263 2171 5302 cum

596 5339 828 5392 dicimus
857 5352 978 5390 eum
1018 5335 1245 5390 formam
1294 5336 1433 5390 servi
1491 5339 1808 5406 accepisse,
1855 5339 2169 5393 universum

598 5428 651 5482 in
686 5443 749 5483 eo
782 5428 1273 5482 administrationis
1326 5427 1377 5480 in
1409 5442 1575 5483 carne
1624 5430 1946 5499 mysterium
2000 5430 2177 5484 conti-

598 5528 776 5572 netur.
820 5517 875 5571 Si
910 5533 1038 5572 vero
1067 5516 1264 5571 Filium
1296 5516 1633 5586 proﬁtentes,
1668 5533 1835 5572 unum
1890 5527 1945 5572 et
1988 5515 2175 5571 Domi-

598 5624 748 5675 num,
783 5606 1014 5663 Verbum
1039 5623 1105 5663 ex
1141 5607 1252 5664 Deo
1300 5605 1481 5675 Patre,
1547 5608 1817 5663 hominem
1860 5606 2180 5676 simpliciter

2272 3322 2484 3393 μέτρων
2511 3319 2783 3381 οὐσιωδῶς
2811 3319 3067 3387 ἀνωτέρω
3096 3318 3383 3387 κείμενον;

2339 3415 2400 3469 Β.
2442 3412 2516 3467 T6
2538 3411 2820 3483 ἐλεύθερον
2849 3407 3001 3481 οἶμαί
3031 3428 3154 3464 που.
3196 3413 3261 3463 Ὃ
3290 3411 3397 3481 γὰρ
3424 3406 3492 3481 ἦν
3524 3410 3706 3479 φύσει,
3738 3424 3857 3472 πως

2270 3504 2336 3558 ἂν
2368 3504 2579 3573 γένοιτο
2610 3502 2687 3555 ἔτι
2715 3521 2729 3569 ;

2337 3600 2405 3649 A.
2448 3595 2638 3665 ’Λθρει
2666 3595 2729 3665 δὴ
2756 3590 2871 3659 οὖν,
2914 3595 3018 3657 ὅτι,
3060 3596 3235 3648 καίτοι
3264 3595 3385 3648 καθ’
3410 3596 3561 3665 ἡμᾶς
3610 3594 3855 3662 γεγονὼς

2269 3688 2298 3739 6
2336 3689 2630 3758 μονογενὴς
2670 3685 2766 3739 τοῦ
2804 3686 2941 3741 Θεοῦ
2984 3688 3175 3755 Λόγος,
3211 3689 3445 3751 καὶτοῖς
3480 3689 3577 3758 τῆς
3613 3687 3857 3749 δουλείας

2274 3778 2493 3847 μέτροις
2540 3776 2866 3847 ὲμὸεδηκὼς
2911 3778 3051 3830 κατὰ
3091 3777 3151 3829 τὸ
3194 3778 3562 3847 ἀνθρώπινον,
3614 3795 3857 3847 προσμεο

2275 3866 2629 3937 μαρτύρηκεν
2678 3865 2828 3935 αὐτῴ
2858 3866 2919 3919 τὸ
2964 3866 3105 3919 κατὰ
3140 3868 3302 3935 φύσιν
3339 3867 3644 3938 ἐλεύθερον,
3688 3871 3747 3921 ὲν
3789 3872 3853 3938 τῇ

2270 3957 2380 4011 τῶν
2411 3957 2669 4029 δραχμῶν
2706 3960 3037 4029 συνεισφορᾷ
3080 3958 3286 4026 λέγων’
3349 3978 3367 4008 ‹
3413 3960 3559 4029 ’Λρα
3602 3976 3671 4027 γε
3704 3960 3855 4012 ἐλεύ-

2273 4049 2420 4121 Θεροί
2454 4052 2589 4103 εἰσιν
2618 4051 2668 4103 οἱ
2698 4050 2824 4104 υἱοί.
2870 4068 2888 4101 ι
2938 4051 3162 4119 Δέχεται
3188 4050 3367 4103 τοίνυν
3397 4050 3583 4103 δούλου
3620 4052 3854 4122 μορφὴν,

2273 4142 2341 4195 τὰ
2369 4143 2433 4194 ὲκ
2455 4142 2555 4212 τῆς
2581 4140 2862 4205 κενώσεως
2887 4142 3278 4213 οἰκειούμενος,
3303 4143 3398 4195 καὶ
3421 4143 3520 4214 τὴν
3554 4143 3687 4213 πρὸς
3712 4145 3855 4213 ἡμᾶς

2272 4234 2531 4303 ὁμοίωσιν
2574 4235 2675 4287 οὐκ
2698 4235 2995 4305 ἀτιμάσας·
3041 4236 3102 4289 οὐ
3138 4236 3246 4307 γὰρ
3277 4232 3345 4307 ἦν
3377 4237 3579 4307 ἑτέρως
3624 4238 3857 4306 τιμῆσαι

2273 4325 2335 4378 τὸ
2368 4324 2571 4387 δοῦλον,
2603 4327 2649 4377 εί
2681 4326 2755 4396 μὴ
2794 4327 3016 4394 γέγονεν
3049 4328 3216 4380 αὐτοῦ
3256 4329 3314 4380 τὸ
3347 4327 3733 4399 δουλοπρεπὲς.
3769 4330 3856 4382 ἵνα

2275 4417 2369 4469 καὶ
2406 4418 2471 4487 τῇ
2517 4417 2647 4488 παρ’
2676 4418 2840 4470 αὐτοῦ
2893 4418 3406 4489 καταλαμπρύνοιτο
3437 4420 3583 4489 δόξῃ,
3630 4424 3759 4493 νικᾷ
3802 4421 3860 4474 δὲ

2276 4510 2337 4562 τὸ
2366 4506 2599 4580 προῦχον
2628 4511 2735 4572 ἀεὶ,
2782 4511 2875 4563 καὶ
2919 4510 2979 4563 τὸ
3020 4513 3086 4563 ἐκ
3118 4512 3215 4580 τῆς
3261 4512 3501 4575 δουλείας
3544 4510 3733 4583 αἶσχος
3776 4512 3861 4583 ἐφ’

2277 4601 2436 4673 ἡμῶν
2484 4604 2798 4672 ἠφανίζετο.
2855 4602 2992 4655 Καθ’
3037 4605 3184 4673 ἡμᾶς
3236 4604 3345 4676 γὰρ
3392 4605 3616 4673 γέγονεν
3660 4607 3690 4658 6

2277 4692 2447 4761 ἡμᾶς,
2479 4692 2575 4745 καὶ
2599 4686 2667 4761 ἦν
2696 4694 2754 4744 ὲν
2792 4692 3009 4763 μέτροις
3042 4696 3156 4757 τοῖς
3185 4696 3478 4758 οἱκετικοῖς
3514 4698 3543 4748 6
3574 4695 3859 4767 ἐλεύθερος

2282 4782 2462 4850 φύσει.
2495 4782 2764 4852 Ταύτῃτοι
2800 4782 3084 4854 κεχώρηκε
3116 4786 3209 4838 καὶ
3242 4788 3321 4847 εἰς
3350 4787 3499 4854 ἡμᾶς
3534 4788 3594 4838 τὸ
3618 4786 3861 4856 ἀξίωμα.

2282 4873 2615 4945 Κεκλήμεθσ.
2639 4874 2744 4945 γὰρ
2778 4875 2873 4927 και
2899 4876 3061 4945 ἡμεῖς
3095 4876 3201 4929 υἱοὶ
3238 4874 3395 4938 Θεοῦ,
3424 4877 3864 4947 ἐπεγραψάμεθά

2278 4983 2339 5018 τε
2368 4966 2587 5035 Πατέρα
2627 4966 2717 5018 τὸν
2761 4966 2943 5029 ἱδικῶς
2975 4965 3161 5023 αὐτοῦ.
3207 4968 3403 5035 Γέγονε
3429 4968 3539 5039 γὰρ
3566 4970 3663 5022 καὶ
3697 4969 3862 5021 αὑτοῦ

2279 5058 2349 5110 τὰ
2377 5059 2711 5129 ἀνθρώπινα.
2746 5059 2954 5112 Οὐκοῦν
2983 5062 3039 5112 ὲν
3082 5059 3160 5129 τῷ
3196 5060 3450 5124 λέγεσθαι
3479 5061 3669 5114 λαϐεῖν
3700 5063 3861 5114 αὐτὸν

2279 5146 2377 5219 τὴν
2419 5148 2604 5201 δούλου
2659 5150 2892 5219 μορφὴν,
2938 5150 3056 5203 ὅλον
3102 5152 3220 5204 ἐστὶ
3260 5152 3363 5221 τῆς
3410 5153 3721 5220 οἰκονομίας
3763 5151 3859 5221 τῆς

2286 5239 2425 5309 μετὰ
2456 5238 2657 5310 σαρκὸς
2686 5242 2747 5292 τὸ
2780 5241 3099 5311 μυστήριον.
3138 5242 3200 5293 Ei.
3228 5242 3285 5295 δὲ
3322 5242 3445 5295 Υίὸν
3473 5239 3859 5312 ὁμολογοῦντες

2281 5331 2378 5384 ἕνα
2414 5332 2508 5384 καὶ
2538 5332 2763 5398 Κύριον,
2799 5333 2892 5385 τὸν
2924 5334 2989 5385 ἐκ
3029 5332 3163 5386 Θεοῦ
3202 5334 3411 5405 Πατρὸς
3436 5333 3631 5399 Λόγον,
3673 5349 3861 5385 κοινω-

2282 5423 2373 5476 νὸν
2404 5423 2552 5493 αὐτῷ
2582 5423 2681 5493 τῆς
2717 5423 2980 5494 υἱότητος,
3021 5425 3117 5477 καὶ
3148 5425 3328 5495 μέντοι
3354 5425 3450 5495 τῆς
3472 5424 3631 5493 δόξης
3656 5423 3863 5494 ἄνθρω-

2287 5533 2386 5569 πον
2427 5515 2613 5579 ἁπλῶς
2664 5515 2933 5585 συνῆφθαί
2982 5534 3114 5585 φασι
3164 5518 3255 5569 τὸν
3297 5519 3362 5569 ἐκ
3412 5518 3728 5586 σπέρματος
3768 5514 3863 5567 τοῦ

2287 5604 2469 5671 Δαϐὶδ,
2507 5603 2624 5676 ὥρα
2654 5604 2834 5672 λέγειν
2863 5609 3007 5676 ἡμᾶς
3039 5610 3152 5671 τοῖς
3177 5602 3275 5661 ὦδε
3302 5610 3518 5677 φρονεῖν
3543 5606 3864 5677 ᾑρημένοις.

669 5789 713 5818 ⁹⁰
744 5786 947 5845 Jcrem.
979 5804 1041 5854 ιι,
1075 5786 1132 5843 2.
1210 5790 1249 5822 ⁹¹
1278 5786 1505 5857 Philipp.
1541 5801 1598 5850 ιι,
1636 5787 1687 5842 7.
1766 5790 1809 5819 ⁹²
1848 5784 2035 5840 Matth.
2066 5800 2198 5851 xrn,
2231 5784 2319 5839 25.
