  <div class='ocr_page' id='page_1' title='image "/cluster/home/n/w/nwhite01/storage/ocr_20150623/75/hvd.32044019207935/682.png"; bbox 0 0 4122 6516; ppageno 0'>
   <div class='ocr_carea' id='block_1_1' title="bbox 330 362 464 417">
    <p class='ocr_par' dir='ltr' id='par_1_1' title="bbox 330 362 464 417">
     <span class='ocr_line' id='line_1_1' title="bbox 330 362 464 417; baseline -0.03 1"><span class='ocrx_word' id='word_1_1' title='bbox 330 362 464 417; x_wconf 70' lang='grc'><strong>1289</strong></span> 
     </span>
    </p>
   </div>
   <div class='ocr_carea' id='block_1_2' title="bbox 1458 350 2429 424">
    <p class='ocr_par' dir='ltr' id='par_1_2' title="bbox 1458 350 2429 424">
     <span class='ocr_line' id='line_1_2' title="bbox 1458 350 2429 424; baseline -0.007 -12"><span class='ocrx_word' id='word_1_2' title='bbox 1458 354 1644 424; x_wconf 67' lang='lat' dir='ltr'><strong>QUOD</strong></span> <span class='ocrx_word' id='word_1_3' title='bbox 1688 352 1875 408; x_wconf 70' lang='lat' dir='ltr'><strong>[&#39;NUS</strong></span> <span class='ocrx_word' id='word_1_4' title='bbox 1915 352 2021 405; x_wconf 85' lang='lat' dir='ltr'><strong>SlT</strong></span> <span class='ocrx_word' id='word_1_5' title='bbox 2064 350 2429 405; x_wconf 79' lang='lat' dir='ltr'><strong>CHRISTUS.</strong></span> 
     </span>
    </p>
   </div>
   <div class='ocr_carea' id='block_1_3' title="bbox 3444 326 3577 425">
    <p class='ocr_par' dir='ltr' id='par_1_3' title="bbox 3444 326 3577 425">
     <span class='ocr_line' id='line_1_3' title="bbox 3444 326 3577 425; baseline 0.015 -22"><span class='ocrx_word' id='word_1_6' title='bbox 3444 326 3577 425; x_wconf 65' lang='lat' dir='ltr'><strong>isse</strong></span> 
     </span>
    </p>
   </div>
   <div class='ocr_carea' id='block_1_4' title="bbox 326 466 1929 547">
    <p class='ocr_par' dir='ltr' id='par_1_4' title="bbox 326 471 1901 547">
     <span class='ocr_line' id='line_1_4' title="bbox 326 471 1901 547; baseline -0.004 -17"><span class='ocrx_word' id='word_1_7' title='bbox 326 477 665 547; x_wconf 81' lang='grc' dir='ltr'>φιλαλλήλως</span> <span class='ocrx_word' id='word_1_8' title='bbox 696 476 1185 544; x_wconf 71' lang='grc' dir='ltr'>ἑπιστυτνὰζοντας</span> <span class='ocrx_word' id='word_1_9' title='bbox 1205 492 1218 505; x_wconf 85' lang='lat'><strong>&#39;</strong></span> <span class='ocrx_word' id='word_1_10' title='bbox 1245 495 1261 527; x_wconf 83' lang='lat' dir='ltr'><strong>t</strong></span> <span class='ocrx_word' id='word_1_11' title='bbox 1301 476 1393 539; x_wconf 77' lang='grc' dir='ltr'>Τίς</span> <span class='ocrx_word' id='word_1_12' title='bbox 1418 475 1576 528; x_wconf 84' lang='grc' dir='ltr'>δώσει</span> <span class='ocrx_word' id='word_1_13' title='bbox 1599 478 1663 544; x_wconf 81' lang='grc' dir='ltr'>τῇ</span> <span class='ocrx_word' id='word_1_14' title='bbox 1696 471 1901 543; x_wconf 77' lang='grc' dir='ltr'>κειραλῇ</span> 
     </span>
    </p>
   </div>
   <div class='ocr_carea' id='block_1_5' title="bbox 2031 466 3579 547">
    <p class='ocr_par' dir='ltr' id='par_1_5' title="bbox 2031 466 3579 538">
     <span class='ocr_line' id='line_1_5' title="bbox 2031 466 3579 538; baseline -0.001 -15"><span class='ocrx_word' id='word_1_15' title='bbox 2031 485 2075 524; x_wconf 59' lang='grc' dir='ltr'>ιι</span> <span class='ocrx_word' id='word_1_16' title='bbox 2101 468 2309 524; x_wconf 84' lang='lat' dir='ltr'><strong>semine</strong></span> <span class='ocrx_word' id='word_1_17' title='bbox 2342 467 2509 523; x_wconf 82' lang='lat' dir='ltr'><strong>David</strong></span> <span class='ocrx_word' id='word_1_18' title='bbox 2537 468 2742 523; x_wconf 88' lang='lat' dir='ltr'><strong>socium</strong></span> <span class='ocrx_word' id='word_1_19' title='bbox 2773 466 3050 525; x_wconf 83' lang='lat' dir='ltr'><strong>ﬁliationis</strong></span> <span class='ocrx_word' id='word_1_20' title='bbox 3094 473 3253 536; x_wconf 85' lang='lat' dir='ltr'><strong>atque</strong></span> <span class='ocrx_word' id='word_1_21' title='bbox 3298 466 3431 521; x_wconf 85' lang='lat' dir='ltr'><strong>adeo</strong></span> <span class='ocrx_word' id='word_1_22' title='bbox 3464 467 3579 538; x_wconf 74' lang='lat' dir='ltr'><strong>glo-</strong></span> 
     </span>
    </p>
   </div>
   <div class='ocr_carea' id='block_1_6' title="bbox 329 564 1900 639">
    <p class='ocr_par' dir='ltr' id='par_1_6' title="bbox 329 564 1900 639">
     <span class='ocr_line' id='line_1_6' title="bbox 329 564 1900 639; baseline -0.003 -18"><span class='ocrx_word' id='word_1_23' title='bbox 329 586 429 639; x_wconf 84' lang='grc' dir='ltr'>μου</span> <span class='ocrx_word' id='word_1_24' title='bbox 463 567 627 637; x_wconf 76' lang='grc' dir='ltr'>ὕδωρ,</span> <span class='ocrx_word' id='word_1_25' title='bbox 665 567 758 618; x_wconf 70' lang='grc' dir='ltr'><strong>καὶ</strong></span> <span class='ocrx_word' id='word_1_26' title='bbox 787 571 901 631; x_wconf 77' lang='grc' dir='ltr'>τοῖς</span> <span class='ocrx_word' id='word_1_27' title='bbox 936 567 1233 638; x_wconf 76' lang='grc' dir='ltr'><strong>ὀφθαλμοῖς</strong></span> <span class='ocrx_word' id='word_1_28' title='bbox 1274 585 1373 638; x_wconf 76' lang='grc' dir='ltr'>μου</span> <span class='ocrx_word' id='word_1_29' title='bbox 1411 567 1592 638; x_wconf 77' lang='grc' dir='ltr'>πηγὴν</span> <span class='ocrx_word' id='word_1_30' title='bbox 1624 564 1900 634; x_wconf 78' lang='grc' dir='ltr'>δακρύων,</span> 
     </span>
    </p>
   </div>
   <div class='ocr_carea' id='block_1_7' title="bbox 325 656 1906 730">
    <p class='ocr_par' dir='ltr' id='par_1_7' title="bbox 325 656 1906 730">
     <span class='ocr_line' id='line_1_7' title="bbox 325 656 1906 730; baseline -0.004 -16"><span class='ocrx_word' id='word_1_31' title='bbox 325 659 421 714; x_wconf 76' lang='grc' dir='ltr'><strong>καὶ</strong></span> <span class='ocrx_word' id='word_1_32' title='bbox 455 658 759 728; x_wconf 70' lang='grc' dir='ltr'>κλαύσομαι</span> <span class='ocrx_word' id='word_1_33' title='bbox 784 659 874 710; x_wconf 73' lang='grc' dir='ltr'>τὸν</span> <span class='ocrx_word' id='word_1_34' title='bbox 906 659 1033 712; x_wconf 79' lang='grc' dir='ltr'>λαόν</span> <span class='ocrx_word' id='word_1_35' title='bbox 1065 677 1164 730; x_wconf 83' lang='grc' dir='ltr'><strong>μου</strong></span> <span class='ocrx_word' id='word_1_36' title='bbox 1199 659 1386 713; x_wconf 78' lang='grc' dir='ltr'>τοῦτον</span> <span class='ocrx_word' id='word_1_37' title='bbox 1425 659 1635 730; x_wconf 73' lang='grc' dir='ltr'>ἡμέρας</span> <span class='ocrx_word' id='word_1_38' title='bbox 1659 656 1753 710; x_wconf 71' lang='grc' dir='ltr'><strong>καὶ</strong></span> <span class='ocrx_word' id='word_1_39' title='bbox 1778 672 1906 709; x_wconf 70' lang='grc' dir='ltr'>νυκο</span> 
     </span>
    </p>
   </div>
   <div class='ocr_carea' id='block_1_8' title="bbox 327 748 1908 821">
    <p class='ocr_par' dir='ltr' id='par_1_8' title="bbox 327 748 1908 821">
     <span class='ocr_line' id='line_1_8' title="bbox 327 748 1908 821; baseline -0.004 -17"><span class='ocrx_word' id='word_1_40' title='bbox 327 750 451 815; x_wconf 86' lang='grc' dir='ltr'>τός;</span> <span class='ocrx_word' id='word_1_41' title='bbox 490 750 986 820; x_wconf 71' lang='grc' dir='ltr'>Παρεκομίσθησαν</span> <span class='ocrx_word' id='word_1_42' title='bbox 1036 752 1144 821; x_wconf 78' lang='grc' dir='ltr'><strong>γὰρ</strong></span> <span class='ocrx_word' id='word_1_43' title='bbox 1194 753 1274 814; x_wconf 86' lang='grc' dir='ltr'>εἰς</span> <span class='ocrx_word' id='word_1_44' title='bbox 1313 751 1571 821; x_wconf 82' lang='grc' dir='ltr'>ἀδόκιμον</span> <span class='ocrx_word' id='word_1_45' title='bbox 1620 749 1764 814; x_wconf 77' lang='grc' dir='ltr'>νοῦν,</span> <span class='ocrx_word' id='word_1_46' title='bbox 1815 748 1908 801; x_wconf 81' lang='grc' dir='ltr'><strong>τὸν</strong></span> 
     </span>
    </p>
   </div>
   <div class='ocr_carea' id='block_1_9' title="bbox 328 838 1907 915">
    <p class='ocr_par' dir='ltr' id='par_1_9' title="bbox 328 838 1907 915">
     <span class='ocr_line' id='line_1_9' title="bbox 328 838 1907 915; baseline -0.003 -19"><span class='ocrx_word' id='word_1_47' title='bbox 328 844 678 915; x_wconf 77' lang='grc' dir='ltr'><strong>ἀγοράσαντα</strong></span> <span class='ocrx_word' id='word_1_48' title='bbox 723 844 919 904; x_wconf 66' lang='grc' dir='ltr'>αὐτοὺς</span> <span class='ocrx_word' id='word_1_49' title='bbox 952 844 1227 912; x_wconf 83' lang='grc' dir='ltr'>Δεσπότην</span> <span class='ocrx_word' id='word_1_50' title='bbox 1284 843 1629 914; x_wconf 76' lang='grc' dir='ltr'>ἀρνούμενοι..</span> <span class='ocrx_word' id='word_1_51' title='bbox 1689 860 1708 892; x_wconf 77' lang='grc' dir='ltr'><strong>ι</strong></span> <span class='ocrx_word' id='word_1_52' title='bbox 1764 838 1907 903; x_wconf 71' lang='grc' dir='ltr'>Δνὰς</span> 
     </span>
    </p>
   </div>
   <div class='ocr_carea' id='block_1_10' title="bbox 328 930 1912 1003">
    <p class='ocr_par' dir='ltr' id='par_1_10' title="bbox 328 930 1912 1003">
     <span class='ocr_line' id='line_1_10' title="bbox 328 930 1912 1003; baseline -0.003 -18"><span class='ocrx_word' id='word_1_53' title='bbox 328 934 437 1003; x_wconf 76' lang='grc' dir='ltr'><strong>γὰρ</strong></span> <span class='ocrx_word' id='word_1_54' title='bbox 476 934 605 1001; x_wconf 80' lang='grc' dir='ltr'>ἡμῖν</span> <span class='ocrx_word' id='word_1_55' title='bbox 633 930 764 983; x_wconf 78' lang='grc' dir='ltr'><strong>υἱῶν</strong></span> <span class='ocrx_word' id='word_1_56' title='bbox 789 931 1084 1001; x_wconf 66' lang='grc' dir='ltr'>ἀνισοφυὴς</span> <span class='ocrx_word' id='word_1_57' title='bbox 1112 931 1488 999; x_wconf 72' lang='grc' dir='ltr'><strong>ἀναφαίνεται,</strong></span> <span class='ocrx_word' id='word_1_58' title='bbox 1516 932 1610 983; x_wconf 71' lang='grc' dir='ltr'>καὶ</span> <span class='ocrx_word' id='word_1_59' title='bbox 1638 930 1765 1000; x_wconf 79' lang='grc' dir='ltr'>δόξῃ</span> <span class='ocrx_word' id='word_1_60' title='bbox 1795 930 1912 983; x_wconf 78' lang='lat' dir='ltr'><strong>Oeo-</strong></span> 
     </span>
    </p>
   </div>
   <div class='ocr_carea' id='block_1_11' title="bbox 330 1021 1910 1092">
    <p class='ocr_par' dir='ltr' id='par_1_11' title="bbox 330 1021 1910 1092">
     <span class='ocr_line' id='line_1_11' title="bbox 330 1021 1910 1092; baseline -0.002 -17"><span class='ocrx_word' id='word_1_61' title='bbox 330 1027 535 1092; x_wconf 83' lang='grc' dir='ltr'>πρεπεῖ</span> <span class='ocrx_word' id='word_1_62' title='bbox 601 1022 962 1091; x_wconf 75' lang='grc' dir='ltr'>στεφανοῦται.</span> <span class='ocrx_word' id='word_1_63' title='bbox 1044 1021 1104 1074; x_wconf 78' lang='grc' dir='ltr'>τὸ</span> <span class='ocrx_word' id='word_1_64' title='bbox 1170 1021 1389 1085; x_wconf 77' lang='grc' dir='ltr'>δοῦλον,</span> <span class='ocrx_word' id='word_1_65' title='bbox 1449 1023 1542 1075; x_wconf 70' lang='grc' dir='ltr'><strong>καὶ</strong></span> <span class='ocrx_word' id='word_1_66' title='bbox 1604 1022 1910 1091; x_wconf 72' lang='grc' dir='ltr'><strong>ἰσομέτροις</strong></span> 
     </span>
    </p>
   </div>
   <div class='ocr_carea' id='block_1_12' title="bbox 330 1109 1913 1185">
    <p class='ocr_par' dir='ltr' id='par_1_12' title="bbox 330 1109 1913 1185">
     <span class='ocr_line' id='line_1_12' title="bbox 330 1109 1913 1185; baseline -0.003 -18"><span class='ocrx_word' id='word_1_67' title='bbox 330 1114 623 1185; x_wconf 68' lang='grc' dir='ltr'>ὑπεροχαῖς</span> <span class='ocrx_word' id='word_1_68' title='bbox 670 1112 1112 1184; x_wconf 60' lang='grc' dir='ltr'>ἐπιλαμπρύνεται</span> <span class='ocrx_word' id='word_1_69' title='bbox 1166 1112 1318 1176; x_wconf 83' lang='grc' dir='ltr'>νόθος</span> <span class='ocrx_word' id='word_1_70' title='bbox 1368 1130 1451 1176; x_wconf 85' lang='grc' dir='ltr'><strong>τις</strong></span> <span class='ocrx_word' id='word_1_71' title='bbox 1500 1112 1614 1176; x_wconf 77' lang='grc' dir='ltr'>υίὸς</span> <span class='ocrx_word' id='word_1_72' title='bbox 1668 1112 1744 1181; x_wconf 80' lang='grc' dir='ltr'>τῷ</span> <span class='ocrx_word' id='word_1_73' title='bbox 1776 1109 1913 1163; x_wconf 78' lang='grc' dir='ltr'>κατὰ</span> 
     </span>
    </p>
   </div>
   <div class='ocr_carea' id='block_1_13' title="bbox 331 1198 1910 1273">
    <p class='ocr_par' dir='ltr' id='par_1_13' title="bbox 331 1198 1910 1273">
     <span class='ocr_line' id='line_1_13' title="bbox 331 1198 1910 1273; baseline -0.003 -15"><span class='ocrx_word' id='word_1_74' title='bbox 331 1205 492 1273; x_wconf 80' lang='grc' dir='ltr'>φύσιν</span> <span class='ocrx_word' id='word_1_75' title='bbox 530 1206 624 1257; x_wconf 77' lang='grc' dir='ltr'><strong>καὶ</strong></span> <span class='ocrx_word' id='word_1_76' title='bbox 665 1198 905 1273; x_wconf 80' lang='grc' dir='ltr'>ἀληθῶς,</span> <span class='ocrx_word' id='word_1_77' title='bbox 953 1204 1130 1257; x_wconf 89' lang='grc' dir='ltr'>καίτοι</span> <span class='ocrx_word' id='word_1_78' title='bbox 1172 1203 1307 1257; x_wconf 82' lang='grc' dir='ltr'>Θεοῦ</span> <span class='ocrx_word' id='word_1_79' title='bbox 1346 1204 1594 1271; x_wconf 80' lang='grc' dir='ltr'>λέγοντος</span> <span class='ocrx_word' id='word_1_80' title='bbox 1630 1201 1910 1272; x_wconf 78' lang='grc' dir='ltr'>ἐναργῶς·</span> 
     </span>
    </p>
   </div>
   <div class='ocr_carea' id='block_1_14' title="bbox 332 1294 1914 1367">
    <p class='ocr_par' dir='ltr' id='par_1_14' title="bbox 332 1294 1914 1367">
     <span class='ocr_line' id='line_1_14' title="bbox 332 1294 1914 1367; baseline 0 -21"><span class='ocrx_word' id='word_1_81' title='bbox 332 1313 356 1346; x_wconf 73' lang='grc' dir='ltr'><strong>ι</strong></span> <span class='ocrx_word' id='word_1_82' title='bbox 383 1296 494 1366; x_wconf 77' lang='grc' dir='ltr'>Τὴν</span> <span class='ocrx_word' id='word_1_83' title='bbox 524 1295 683 1360; x_wconf 78' lang='grc' dir='ltr'>δόξαν</span> <span class='ocrx_word' id='word_1_84' title='bbox 707 1313 809 1365; x_wconf 82' lang='grc' dir='ltr'>μου</span> <span class='ocrx_word' id='word_1_85' title='bbox 838 1295 1011 1367; x_wconf 75' lang='grc' dir='ltr'>ἑτέρῳ</span> <span class='ocrx_word' id='word_1_86' title='bbox 1041 1296 1102 1348; x_wconf 78' lang='grc' dir='ltr'><strong>οὐ</strong></span> <span class='ocrx_word' id='word_1_87' title='bbox 1131 1294 1308 1349; x_wconf 85' lang='grc' dir='ltr'>δώσω.</span> <span class='ocrx_word' id='word_1_88' title='bbox 1340 1314 1359 1347; x_wconf 84' lang='grc'><strong>›</strong></span> <span class='ocrx_word' id='word_1_89' title='bbox 1394 1295 1517 1358; x_wconf 81' lang='grc' dir='ltr'><strong>Πῶς</strong></span> <span class='ocrx_word' id='word_1_90' title='bbox 1543 1295 1652 1365; x_wconf 80' lang='grc' dir='ltr'><strong>γὰρ</strong></span> <span class='ocrx_word' id='word_1_91' title='bbox 1677 1294 1774 1363; x_wconf 78' lang='grc' dir='ltr'>οὐχ</span> <span class='ocrx_word' id='word_1_92' title='bbox 1795 1294 1914 1346; x_wconf 75' lang='grc' dir='ltr'>ἓτε-</span> 
     </span>
    </p>
   </div>
   <div class='ocr_carea' id='block_1_15' title="bbox 334 1384 1915 1459">
    <p class='ocr_par' dir='ltr' id='par_1_15' title="bbox 334 1384 1915 1459">
     <span class='ocr_line' id='line_1_15' title="bbox 334 1384 1915 1459; baseline -0.003 -19"><span class='ocrx_word' id='word_1_93' title='bbox 334 1406 425 1458; x_wconf 85' lang='grc' dir='ltr'><strong>ρος</strong></span> <span class='ocrx_word' id='word_1_94' title='bbox 473 1387 655 1452; x_wconf 76' lang='grc' dir='ltr'>ἰδικῶς</span> <span class='ocrx_word' id='word_1_95' title='bbox 686 1389 837 1459; x_wconf 70' lang='grc' dir='ltr'>παρὰ</span> <span class='ocrx_word' id='word_1_96' title='bbox 867 1388 959 1441; x_wconf 81' lang='grc' dir='ltr'><strong>τὸν</strong></span> <span class='ocrx_word' id='word_1_97' title='bbox 1003 1387 1159 1455; x_wconf 77' lang='grc' dir='ltr'>φύσει</span> <span class='ocrx_word' id='word_1_98' title='bbox 1202 1404 1260 1440; x_wconf 89' lang='grc' dir='ltr'><strong>τε</strong></span> <span class='ocrx_word' id='word_1_99' title='bbox 1302 1389 1397 1440; x_wconf 76' lang='grc' dir='ltr'><strong>καὶ</strong></span> <span class='ocrx_word' id='word_1_100' title='bbox 1444 1386 1659 1456; x_wconf 80' lang='grc' dir='ltr'>ἀληθῶς</span> <span class='ocrx_word' id='word_1_101' title='bbox 1708 1386 1856 1448; x_wconf 73' lang='grc' dir='ltr'>Υἱὸν,</span> <span class='ocrx_word' id='word_1_102' title='bbox 1885 1384 1915 1436; x_wconf 81' lang='grc' dir='ltr'><strong>ό</strong></span> 
     </span>
    </p>
   </div>
   <div class='ocr_carea' id='block_1_16' title="bbox 330 1478 1915 1551">
    <p class='ocr_par' dir='ltr' id='par_1_16' title="bbox 330 1478 1915 1551">
     <span class='ocr_line' id='line_1_16' title="bbox 330 1478 1915 1551; baseline -0.002 -21"><span class='ocrx_word' id='word_1_103' title='bbox 330 1479 459 1550; x_wconf 76' lang='grc' dir='ltr'>ψιλῇ</span> <span class='ocrx_word' id='word_1_104' title='bbox 506 1497 565 1531; x_wconf 88' lang='grc' dir='ltr'><strong>τε</strong></span> <span class='ocrx_word' id='word_1_105' title='bbox 621 1482 713 1533; x_wconf 72' lang='grc' dir='ltr'><strong>καὶ</strong></span> <span class='ocrx_word' id='word_1_106' title='bbox 779 1479 913 1551; x_wconf 80' lang='grc' dir='ltr'>μόνῃ</span> <span class='ocrx_word' id='word_1_107' title='bbox 964 1480 1229 1551; x_wconf 79' lang='grc' dir='ltr'>συναφείᾳ</span> <span class='ocrx_word' id='word_1_108' title='bbox 1280 1480 1661 1549; x_wconf 79' lang='grc' dir='ltr'><strong>τετιμημένος,</strong></span> <span class='ocrx_word' id='word_1_109' title='bbox 1714 1480 1809 1530; x_wconf 69' lang='grc' dir='ltr'><strong>καὶ</strong></span> <span class='ocrx_word' id='word_1_110' title='bbox 1859 1478 1915 1528; x_wconf 82' lang='grc' dir='ltr'>ὲν</span> 
     </span>
    </p>
   </div>
   <div class='ocr_carea' id='block_1_17' title="bbox 334 1568 1917 1643">
    <p class='ocr_par' dir='ltr' id='par_1_17' title="bbox 334 1568 1917 1643">
     <span class='ocr_line' id='line_1_17' title="bbox 334 1568 1917 1643; baseline -0.003 -18"><span class='ocrx_word' id='word_1_111' title='bbox 334 1572 606 1643; x_wconf 74' lang='grc' dir='ltr'><strong>ὑπηρέτου</strong></span> <span class='ocrx_word' id='word_1_112' title='bbox 632 1572 781 1635; x_wconf 80' lang='grc' dir='ltr'><strong>τάξει</strong></span> <span class='ocrx_word' id='word_1_113' title='bbox 812 1570 1059 1640; x_wconf 72' lang='grc' dir='ltr'>ληφθεὶς,</span> <span class='ocrx_word' id='word_1_114' title='bbox 1088 1574 1181 1625; x_wconf 77' lang='grc' dir='ltr'><strong>καὶ</strong></span> <span class='ocrx_word' id='word_1_115' title='bbox 1203 1572 1453 1637; x_wconf 72' lang='grc' dir='ltr'>ἀξιωθεὶς</span> <span class='ocrx_word' id='word_1_116' title='bbox 1484 1571 1749 1642; x_wconf 82' lang='grc' dir='ltr'>υίότητος,</span> <span class='ocrx_word' id='word_1_117' title='bbox 1774 1568 1917 1622; x_wconf 77' lang='grc' dir='ltr'>καθὰ</span> 
     </span>
    </p>
   </div>
   <div class='ocr_carea' id='block_1_18' title="bbox 332 1662 1915 1733">
    <p class='ocr_par' dir='ltr' id='par_1_18' title="bbox 332 1662 1915 1733">
     <span class='ocr_line' id='line_1_18' title="bbox 332 1662 1915 1733; baseline -0.001 -19"><span class='ocrx_word' id='word_1_118' title='bbox 332 1663 425 1715; x_wconf 76' lang='grc' dir='ltr'><strong>καὶ</strong></span> <span class='ocrx_word' id='word_1_119' title='bbox 453 1664 612 1732; x_wconf 64' lang='grc' dir='ltr'>ἡμεῖς</span> <span class='ocrx_word' id='word_1_120' title='bbox 639 1662 816 1723; x_wconf 74' lang='grc' dir='ltr'>αὐτοὶ.</span> <span class='ocrx_word' id='word_1_121' title='bbox 839 1664 934 1715; x_wconf 69' lang='grc' dir='ltr'>καὶ</span> <span class='ocrx_word' id='word_1_122' title='bbox 960 1663 1058 1732; x_wconf 76' lang='grc' dir='ltr'><strong>τῆς</strong></span> <span class='ocrx_word' id='word_1_123' title='bbox 1087 1665 1217 1733; x_wconf 80' lang='grc' dir='ltr'>παρ’</span> <span class='ocrx_word' id='word_1_124' title='bbox 1239 1663 1427 1733; x_wconf 78' lang='grc' dir='ltr'>ἐτέρου</span> <span class='ocrx_word' id='word_1_125' title='bbox 1458 1663 1615 1731; x_wconf 81' lang='grc' dir='ltr'>δόξης</span> <span class='ocrx_word' id='word_1_126' title='bbox 1651 1678 1915 1732; x_wconf 80' lang='grc' dir='ltr'>μετεσχη-</span> 
     </span>
    </p>
   </div>
   <div class='ocr_carea' id='block_1_19' title="bbox 334 1752 1913 1825">
    <p class='ocr_par' dir='ltr' id='par_1_19' title="bbox 334 1752 1913 1825">
     <span class='ocr_line' id='line_1_19' title="bbox 334 1752 1913 1825; baseline 0 -19"><span class='ocrx_word' id='word_1_127' title='bbox 334 1752 466 1815; x_wconf 79' lang='grc' dir='ltr'>κὼς,</span> <span class='ocrx_word' id='word_1_128' title='bbox 500 1754 642 1808; x_wconf 75' lang='grc' dir='ltr'>δόσει</span> <span class='ocrx_word' id='word_1_129' title='bbox 689 1769 748 1805; x_wconf 85' lang='grc' dir='ltr'><strong>τε</strong></span> <span class='ocrx_word' id='word_1_130' title='bbox 799 1755 892 1806; x_wconf 73' lang='grc' dir='ltr'><strong>καὶ</strong></span> <span class='ocrx_word' id='word_1_131' title='bbox 948 1756 1129 1825; x_wconf 74' lang='grc' dir='ltr'>χάριτι</span> <span class='ocrx_word' id='word_1_132' title='bbox 1181 1756 1317 1825; x_wconf 71' lang='grc' dir='ltr'>πρὸς</span> <span class='ocrx_word' id='word_1_133' title='bbox 1348 1755 1505 1809; x_wconf 72' lang='grc' dir='ltr'>τοῦτο</span> <span class='ocrx_word' id='word_1_134' title='bbox 1555 1756 1807 1824; x_wconf 77' lang='grc' dir='ltr'>ίγμένοςς</span> <span class='ocrx_word' id='word_1_135' title='bbox 1838 1754 1913 1807; x_wconf 68' lang='lat'><strong>0&#39;3</strong></span> 
     </span>
    </p>
   </div>
   <div class='ocr_carea' id='block_1_20' title="bbox 2011 558 3581 630">
    <p class='ocr_par' dir='ltr' id='par_1_20' title="bbox 2011 558 3581 630">
     <span class='ocr_line' id='line_1_20' title="bbox 2011 558 3581 630; baseline -0.003 -14"><span class='ocrx_word' id='word_1_136' title='bbox 2011 563 2089 617; x_wconf 80' lang='lat' dir='ltr'><strong>ria</strong></span> <span class='ocrx_word' id='word_1_137' title='bbox 2121 562 2168 616; x_wconf 92' lang='lat' dir='ltr'><strong>ei</strong></span> <span class='ocrx_word' id='word_1_138' title='bbox 2199 560 2551 628; x_wconf 73' lang='lat' dir='ltr'><strong>coniunctum</strong></span> <span class='ocrx_word' id='word_1_139' title='bbox 2582 575 2701 616; x_wconf 84' lang='lat' dir='ltr'><strong>esse</strong></span> <span class='ocrx_word' id='word_1_140' title='bbox 2726 562 2943 625; x_wconf 85' lang='lat' dir='ltr'><strong>dicunt,</strong></span> <span class='ocrx_word' id='word_1_141' title='bbox 3002 570 3364 630; x_wconf 80' lang='lat' dir='ltr'><strong>opportunum</strong></span> <span class='ocrx_word' id='word_1_142' title='bbox 3419 558 3581 614; x_wconf 76' lang='lat' dir='ltr'><strong>fuerit</strong></span> 
     </span>
    </p>
   </div>
   <div class='ocr_carea' id='block_1_21' title="bbox 2008 652 3584 721">
    <p class='ocr_par' dir='ltr' id='par_1_21' title="bbox 2008 652 3584 721">
     <span class='ocr_line' id='line_1_21' title="bbox 2008 652 3584 721; baseline -0.001 -14"><span class='ocrx_word' id='word_1_143' title='bbox 2008 663 2068 707; x_wconf 91' lang='lat' dir='ltr'><strong>ut</strong></span> <span class='ocrx_word' id='word_1_144' title='bbox 2103 668 2198 707; x_wconf 90' lang='lat' dir='ltr'><strong>nos</strong></span> <span class='ocrx_word' id='word_1_145' title='bbox 2225 668 2412 707; x_wconf 87' lang='lat' dir='ltr'><strong>eorum</strong></span> <span class='ocrx_word' id='word_1_146' title='bbox 2436 653 2523 721; x_wconf 88' lang='lat' dir='ltr'><strong>qui</strong></span> <span class='ocrx_word' id='word_1_147' title='bbox 2562 652 2634 706; x_wconf 90' lang='lat' dir='ltr'><strong>ita</strong></span> <span class='ocrx_word' id='word_1_148' title='bbox 2676 653 2916 706; x_wconf 83' lang='lat' dir='ltr'><strong>sentiunt</strong></span> <span class='ocrx_word' id='word_1_149' title='bbox 2939 653 3135 716; x_wconf 81' lang='lat' dir='ltr'><strong>vicem,</strong></span> <span class='ocrx_word' id='word_1_150' title='bbox 3170 666 3268 721; x_wconf 88' lang='lat' dir='ltr'><strong>pro</strong></span> <span class='ocrx_word' id='word_1_151' title='bbox 3315 665 3378 706; x_wconf 88' lang='lat' dir='ltr'><strong>ea</strong></span> <span class='ocrx_word' id='word_1_152' title='bbox 3431 666 3584 706; x_wconf 87' lang='lat' dir='ltr'><strong>eom-</strong></span> 
     </span>
    </p>
   </div>
   <div class='ocr_carea' id='block_1_22' title="bbox 2014 742 3582 815">
    <p class='ocr_par' dir='ltr' id='par_1_22' title="bbox 2014 742 3582 815">
     <span class='ocr_line' id='line_1_22' title="bbox 2014 742 3582 815; baseline -0.001 -17"><span class='ocrx_word' id='word_1_153' title='bbox 2014 745 2370 799; x_wconf 83' lang='lat' dir='ltr'><strong>miseratioue</strong></span> <span class='ocrx_word' id='word_1_154' title='bbox 2403 759 2565 815; x_wconf 87' lang='lat' dir='ltr'><strong>quam</strong></span> <span class='ocrx_word' id='word_1_155' title='bbox 2595 742 2751 797; x_wconf 88' lang='lat' dir='ltr'><strong>alteri</strong></span> <span class='ocrx_word' id='word_1_156' title='bbox 2782 743 2969 797; x_wconf 87' lang='lat' dir='ltr'><strong>alteris</strong></span> <span class='ocrx_word' id='word_1_157' title='bbox 2999 744 3277 808; x_wconf 86' lang='lat' dir='ltr'><strong>debemus,</strong></span> <span class='ocrx_word' id='word_1_158' title='bbox 3318 742 3582 805; x_wconf 81' lang='lat' dir='ltr'><strong>dolentes,</strong></span> 
     </span>
    </p>
   </div>
   <div class='ocr_carea' id='block_1_23' title="bbox 2009 835 3586 903">
    <p class='ocr_par' dir='ltr' id='par_1_23' title="bbox 2009 835 3586 903">
     <span class='ocr_line' id='line_1_23' title="bbox 2009 835 3586 903; baseline -0.005 -12"><span class='ocrx_word' id='word_1_159' title='bbox 2009 837 2414 891; x_wconf 79' lang='lat' dir='ltr'><strong>exclamemus:</strong></span> <span class='ocrx_word' id='word_1_160' title='bbox 2463 854 2481 886; x_wconf 79' lang='grc' dir='ltr'><strong>ι</strong></span> <span class='ocrx_word' id='word_1_161' title='bbox 2515 836 2645 901; x_wconf 76' lang='lat' dir='ltr'><strong>Quis</strong></span> <span class='ocrx_word' id='word_1_162' title='bbox 2689 836 2836 888; x_wconf 76' lang='lat' dir='ltr'><strong>dabit</strong></span> <span class='ocrx_word' id='word_1_163' title='bbox 2890 835 3051 903; x_wconf 79' lang='lat' dir='ltr'><strong>capiti</strong></span> <span class='ocrx_word' id='word_1_164' title='bbox 3104 849 3223 887; x_wconf 89' lang='lat' dir='ltr'><strong>meo</strong></span> <span class='ocrx_word' id='word_1_165' title='bbox 3279 848 3495 902; x_wconf 88' lang='lat' dir='ltr'><strong>aquam,</strong></span> <span class='ocrx_word' id='word_1_166' title='bbox 3532 842 3586 886; x_wconf 83' lang='lat' dir='ltr'><strong>et</strong></span> 
     </span>
    </p>
   </div>
   <div class='ocr_carea' id='block_1_24' title="bbox 2010 925 3587 1000">
    <p class='ocr_par' dir='ltr' id='par_1_24' title="bbox 2010 925 3587 1000">
     <span class='ocr_line' id='line_1_24' title="bbox 2010 925 3587 1000; baseline -0.004 -14"><span class='ocrx_word' id='word_1_167' title='bbox 2010 931 2183 986; x_wconf 85' lang='lat' dir='ltr'><strong>oculis</strong></span> <span class='ocrx_word' id='word_1_168' title='bbox 2213 930 2346 984; x_wconf 84' lang='lat' dir='ltr'><strong>meis</strong></span> <span class='ocrx_word' id='word_1_169' title='bbox 2380 928 2542 1000; x_wconf 79' lang='lat'><strong>735</strong></span> <span class='ocrx_word' id='word_1_170' title='bbox 2595 927 2795 983; x_wconf 82' lang='lat' dir='ltr'><strong>fontem</strong></span> <span class='ocrx_word' id='word_1_171' title='bbox 2837 927 3224 997; x_wconf 86' lang='lat' dir='ltr'><strong>lacrymarum,</strong></span> <span class='ocrx_word' id='word_1_172' title='bbox 3278 937 3335 981; x_wconf 91' lang='lat' dir='ltr'><strong>et</strong></span> <span class='ocrx_word' id='word_1_173' title='bbox 3381 925 3587 980; x_wconf 78' lang='lat' dir='ltr'><strong>deﬂebo</strong></span> 
     </span>
    </p>
   </div>
   <div class='ocr_carea' id='block_1_25' title="bbox 2010 1018 3584 1093">
    <p class='ocr_par' dir='ltr' id='par_1_25' title="bbox 2010 1018 3584 1093">
     <span class='ocr_line' id='line_1_25' title="bbox 2010 1018 3584 1093; baseline -0.003 -20"><span class='ocrx_word' id='word_1_174' title='bbox 2010 1023 2266 1093; x_wconf 79' lang='lat' dir='ltr'><strong>pupulum</strong></span> <span class='ocrx_word' id='word_1_175' title='bbox 2300 1037 2475 1074; x_wconf 80' lang='lat' dir='ltr'><strong>meum</strong></span> <span class='ocrx_word' id='word_1_176' title='bbox 2510 1023 2651 1074; x_wconf 86' lang='lat' dir='ltr'><strong>hunc</strong></span> <span class='ocrx_word' id='word_1_177' title='bbox 2685 1022 2799 1073; x_wconf 84' lang='lat' dir='ltr'><strong>dies</strong></span> <span class='ocrx_word' id='word_1_178' title='bbox 2825 1030 2877 1073; x_wconf 90' lang='lat' dir='ltr'><strong>et</strong></span> <span class='ocrx_word' id='word_1_179' title='bbox 2908 1019 3140 1073; x_wconf 64' lang='lat' dir='ltr'><strong>uol-tes?</strong></span> <span class='ocrx_word' id='word_1_180' title='bbox 3182 1018 3407 1071; x_wconf 75' lang='lat' dir='ltr'><strong>Adducti</strong></span> <span class='ocrx_word' id='word_1_181' title='bbox 3441 1018 3584 1069; x_wconf 88' lang='lat' dir='ltr'><strong>cnim</strong></span> 
     </span>
    </p>
   </div>
   <div class='ocr_carea' id='block_1_26' title="bbox 2017 1108 3590 1181">
    <p class='ocr_par' dir='ltr' id='par_1_26' title="bbox 2017 1108 3590 1181">
     <span class='ocr_line' id='line_1_26' title="bbox 2017 1108 3590 1181; baseline -0.005 -12"><span class='ocrx_word' id='word_1_182' title='bbox 2017 1124 2142 1169; x_wconf 84' lang='lat' dir='ltr'><strong>sunt</strong></span> <span class='ocrx_word' id='word_1_183' title='bbox 2172 1115 2224 1167; x_wconf 88' lang='lat' dir='ltr'><strong>in</strong></span> <span class='ocrx_word' id='word_1_184' title='bbox 2256 1123 2491 1165; x_wconf 88' lang='lat' dir='ltr'><strong>mentem</strong></span> <span class='ocrx_word' id='word_1_185' title='bbox 2521 1113 2834 1181; x_wconf 82' lang='lat' dir='ltr'><strong>reprobam,</strong></span> <span class='ocrx_word' id='word_1_186' title='bbox 2875 1108 3159 1164; x_wconf 89' lang='lat' dir='ltr'><strong>Dominum</strong></span> <span class='ocrx_word' id='word_1_187' title='bbox 3203 1108 3294 1177; x_wconf 91' lang='lat' dir='ltr'><strong>qui</strong></span> <span class='ocrx_word' id='word_1_188' title='bbox 3326 1108 3469 1175; x_wconf 86' lang='lat' dir='ltr'><strong>ipsos</strong></span> <span class='ocrx_word' id='word_1_189' title='bbox 3503 1121 3590 1161; x_wconf 85' lang='lat' dir='ltr'><strong>re-</strong></span> 
     </span>
    </p>
   </div>
   <div class='ocr_carea' id='block_1_27' title="bbox 2018 1198 3586 1273">
    <p class='ocr_par' dir='ltr' id='par_1_27' title="bbox 2018 1198 3586 1273">
     <span class='ocr_line' id='line_1_27' title="bbox 2018 1198 3586 1273; baseline -0.005 -16"><span class='ocrx_word' id='word_1_190' title='bbox 2018 1203 2185 1257; x_wconf 89' lang='lat' dir='ltr'><strong>demit</strong></span> <span class='ocrx_word' id='word_1_191' title='bbox 2214 1213 2475 1273; x_wconf 78' lang='lat' dir='ltr'><strong>negantes</strong></span> <span class='ocrx_word' id='word_1_192' title='bbox 2504 1204 2572 1254; x_wconf 83' lang='lat'><strong>&quot;.</strong></span> <span class='ocrx_word' id='word_1_193' title='bbox 2613 1221 2631 1254; x_wconf 72' lang='grc' dir='ltr'><strong>ι</strong></span> <span class='ocrx_word' id='word_1_194' title='bbox 2675 1201 2995 1255; x_wconf 86' lang='lat' dir='ltr'><strong>Dualitatem</strong></span> <span class='ocrx_word' id='word_1_195' title='bbox 3051 1201 3197 1253; x_wconf 90' lang='lat' dir='ltr'><strong>enim</strong></span> <span class='ocrx_word' id='word_1_196' title='bbox 3238 1199 3468 1250; x_wconf 74' lang='lat' dir='ltr'><strong>filiorum</strong></span> <span class='ocrx_word' id='word_1_197' title='bbox 3497 1198 3586 1249; x_wconf 87' lang='lat' dir='ltr'><strong>in-</strong></span> 
     </span>
    </p>
   </div>
   <div class='ocr_carea' id='block_1_28' title="bbox 2015 1285 3590 1362">
    <p class='ocr_par' dir='ltr' id='par_1_28' title="bbox 2015 1285 3590 1362">
     <span class='ocr_line' id='line_1_28' title="bbox 2015 1285 3590 1362; baseline -0.006 -14"><span class='ocrx_word' id='word_1_198' title='bbox 2015 1294 2239 1362; x_wconf 77' lang='lat' dir='ltr'><strong>:cqualis</strong></span> <span class='ocrx_word' id='word_1_199' title='bbox 2258 1304 2463 1346; x_wconf 58' lang='lat' dir='ltr'><strong>natura:</strong></span> <span class='ocrx_word' id='word_1_200' title='bbox 2480 1293 2836 1352; x_wconf 84' lang='lat' dir='ltr'><strong>constituunt,</strong></span> <span class='ocrx_word' id='word_1_201' title='bbox 2854 1302 2904 1344; x_wconf 90' lang='lat' dir='ltr'><strong>et</strong></span> <span class='ocrx_word' id='word_1_202' title='bbox 2923 1292 3156 1342; x_wconf 75' lang='lat' dir='ltr'><strong>divinam</strong></span> <span class='ocrx_word' id='word_1_203' title='bbox 3180 1288 3403 1357; x_wconf 76' lang='lat' dir='ltr'><strong>gloriam</strong></span> <span class='ocrx_word' id='word_1_204' title='bbox 3422 1285 3590 1340; x_wconf 85' lang='lat' dir='ltr'><strong>ascri-</strong></span> 
     </span>
    </p>
   </div>
   <div class='ocr_carea' id='block_1_29' title="bbox 2018 1380 3595 1455">
    <p class='ocr_par' dir='ltr' id='par_1_29' title="bbox 2018 1380 3595 1455">
     <span class='ocr_line' id='line_1_29' title="bbox 2018 1380 3595 1455; baseline -0.007 -15"><span class='ocrx_word' id='word_1_205' title='bbox 2018 1388 2151 1441; x_wconf 89' lang='lat' dir='ltr'><strong>bunt</strong></span> <span class='ocrx_word' id='word_1_206' title='bbox 2186 1401 2363 1449; x_wconf 79' lang='lat' dir='ltr'><strong>servo,</strong></span> <span class='ocrx_word' id='word_1_207' title='bbox 2402 1385 2709 1455; x_wconf 62' lang='lat' dir='ltr'><strong>mqualique</strong></span> <span class='ocrx_word' id='word_1_208' title='bbox 2762 1383 2986 1437; x_wconf 84' lang='lat' dir='ltr'><strong>honoris</strong></span> <span class='ocrx_word' id='word_1_209' title='bbox 3029 1380 3349 1436; x_wconf 79' lang='lat' dir='ltr'><strong>excellentia</strong></span> <span class='ocrx_word' id='word_1_210' title='bbox 3394 1385 3595 1431; x_wconf 84' lang='lat' dir='ltr'><strong>ornant</strong></span> 
     </span>
    </p>
   </div>
   <div class='ocr_carea' id='block_1_30' title="bbox 2021 1467 3595 1549">
    <p class='ocr_par' dir='ltr' id='par_1_30' title="bbox 2021 1467 3595 1549">
     <span class='ocr_line' id='line_1_30' title="bbox 2021 1467 3595 1549; baseline -0.006 -17"><span class='ocrx_word' id='word_1_211' title='bbox 2021 1479 2263 1549; x_wconf 81' lang='lat' dir='ltr'><strong>spurium</strong></span> <span class='ocrx_word' id='word_1_212' title='bbox 2315 1478 2626 1545; x_wconf 88' lang='lat' dir='ltr'><strong>quemdam,</strong></span> <span class='ocrx_word' id='word_1_213' title='bbox 2676 1490 2778 1544; x_wconf 87' lang='lat' dir='ltr'><strong>qua</strong></span> <span class='ocrx_word' id='word_1_214' title='bbox 2813 1473 3109 1527; x_wconf 71' lang='lat' dir='ltr'><strong>naturalem</strong></span> <span class='ocrx_word' id='word_1_215' title='bbox 3164 1486 3228 1525; x_wconf 86' lang='lat' dir='ltr'><strong>ac</strong></span> <span class='ocrx_word' id='word_1_216' title='bbox 3266 1485 3454 1524; x_wconf 74' lang='lat' dir='ltr'><strong>verum</strong></span> <span class='ocrx_word' id='word_1_217' title='bbox 3503 1467 3595 1522; x_wconf 85' lang='lat' dir='ltr'><strong>Fi-</strong></span> 
     </span>
    </p>
   </div>
   <div class='ocr_carea' id='block_1_31' title="bbox 2019 1559 3590 1637">
    <p class='ocr_par' dir='ltr' id='par_1_31' title="bbox 2019 1559 3590 1637">
     <span class='ocr_line' id='line_1_31' title="bbox 2019 1559 3590 1637; baseline -0.008 -12"><span class='ocrx_word' id='word_1_218' title='bbox 2019 1571 2172 1635; x_wconf 87' lang='lat' dir='ltr'><strong>lium,</strong></span> <span class='ocrx_word' id='word_1_219' title='bbox 2206 1585 2328 1624; x_wconf 88' lang='lat' dir='ltr'><strong>cum</strong></span> <span class='ocrx_word' id='word_1_220' title='bbox 2350 1568 2546 1637; x_wconf 84' lang='lat' dir='ltr'><strong>alioqui</strong></span> <span class='ocrx_word' id='word_1_221' title='bbox 2586 1567 2725 1620; x_wconf 88' lang='lat' dir='ltr'><strong>Deus</strong></span> <span class='ocrx_word' id='word_1_222' title='bbox 2754 1564 3043 1619; x_wconf 81' lang='lat' dir='ltr'><strong>manifeste</strong></span> <span class='ocrx_word' id='word_1_223' title='bbox 3074 1562 3220 1617; x_wconf 93' lang='lat' dir='ltr'><strong>dicat</strong></span> <span class='ocrx_word' id='word_1_224' title='bbox 3249 1580 3265 1617; x_wconf 87' lang='lat'><strong>:</strong></span> <span class='ocrx_word' id='word_1_225' title='bbox 3310 1580 3327 1613; x_wconf 78' lang='grc' dir='ltr'><strong>ι</strong></span> <span class='ocrx_word' id='word_1_226' title='bbox 3353 1559 3590 1617; x_wconf 80' lang='lat' dir='ltr'><strong>Gloriam</strong></span> 
     </span>
    </p>
   </div>
   <div class='ocr_carea' id='block_1_32' title="bbox 2017 1647 3598 1719">
    <p class='ocr_par' dir='ltr' id='par_1_32' title="bbox 2017 1647 3598 1719">
     <span class='ocr_line' id='line_1_32' title="bbox 2017 1647 3598 1719; baseline -0.008 -6"><span class='ocrx_word' id='word_1_227' title='bbox 2017 1674 2194 1713; x_wconf 88' lang='lat' dir='ltr'><strong>meam</strong></span> <span class='ocrx_word' id='word_1_228' title='bbox 2226 1657 2380 1711; x_wconf 85' lang='lat' dir='ltr'><strong>alteri</strong></span> <span class='ocrx_word' id='word_1_229' title='bbox 2417 1673 2519 1709; x_wconf 93' lang='lat' dir='ltr'><strong>non</strong></span> <span class='ocrx_word' id='word_1_230' title='bbox 2547 1656 2683 1709; x_wconf 83' lang='lat' dir='ltr'><strong>dabo</strong></span> <span class='ocrx_word' id='word_1_231' title='bbox 2712 1654 2781 1708; x_wconf 70' lang='grc'><strong>’⁸.</strong></span> <span class='ocrx_word' id='word_1_232' title='bbox 2838 1673 2857 1704; x_wconf 81' lang='grc' dir='ltr'><strong>ι</strong></span> <span class='ocrx_word' id='word_1_233' title='bbox 2898 1654 3179 1719; x_wconf 81' lang='lat' dir='ltr'><strong>Quomodo</strong></span> <span class='ocrx_word' id='word_1_234' title='bbox 3214 1652 3355 1706; x_wconf 90' lang='lat' dir='ltr'><strong>enim</strong></span> <span class='ocrx_word' id='word_1_235' title='bbox 3387 1667 3489 1703; x_wconf 89' lang='lat' dir='ltr'><strong>non</strong></span> <span class='ocrx_word' id='word_1_236' title='bbox 3527 1647 3598 1701; x_wconf 85' lang='lat' dir='ltr'><strong>sit</strong></span> 
     </span>
    </p>
   </div>
   <div class='ocr_carea' id='block_1_33' title="bbox 2020 1739 3595 1815">
    <p class='ocr_par' dir='ltr' id='par_1_33' title="bbox 2020 1739 3595 1815">
     <span class='ocr_line' id='line_1_33' title="bbox 2020 1739 3595 1815; baseline -0.003 -18"><span class='ocrx_word' id='word_1_237' title='bbox 2020 1750 2265 1802; x_wconf 79' lang='lat' dir='ltr'><strong>diversus</strong></span> <span class='ocrx_word' id='word_1_238' title='bbox 2300 1747 2591 1815; x_wconf 70' lang='lat' dir='ltr'><strong>separatim</strong></span> <span class='ocrx_word' id='word_1_239' title='bbox 2630 1762 2656 1797; x_wconf 90' lang='lat' dir='ltr'><strong>a</strong></span> <span class='ocrx_word' id='word_1_240' title='bbox 2695 1745 2924 1796; x_wconf 75' lang='lat' dir='ltr'><strong>naturali</strong></span> <span class='ocrx_word' id='word_1_241' title='bbox 2985 1760 3048 1797; x_wconf 91' lang='lat' dir='ltr'><strong>ac</strong></span> <span class='ocrx_word' id='word_1_242' title='bbox 3106 1759 3233 1797; x_wconf 74' lang='lat' dir='ltr'><strong>vero</strong></span> <span class='ocrx_word' id='word_1_243' title='bbox 3263 1741 3400 1796; x_wconf 86' lang='lat' dir='ltr'><strong>Filio</strong></span> <span class='ocrx_word' id='word_1_244' title='bbox 3430 1780 3444 1803; x_wconf 92' lang='lat'><strong>,</strong></span> <span class='ocrx_word' id='word_1_245' title='bbox 3505 1739 3595 1810; x_wconf 86' lang='lat' dir='ltr'><strong>qui</strong></span> 
     </span>
    </p>
   </div>
   <div class='ocr_carea' id='block_1_34' title="bbox 333 1829 1929 1913">
    <p class='ocr_par' dir='ltr' id='par_1_34' title="bbox 333 1837 1917 1913">
     <span class='ocr_line' id='line_1_34' title="bbox 333 1837 1917 1913; baseline 0.001 -19"><span class='ocrx_word' id='word_1_246' title='bbox 333 1842 627 1911; x_wconf 72' lang='grc' dir='ltr'>διαιρετέον</span> <span class='ocrx_word' id='word_1_247' title='bbox 660 1837 751 1895; x_wconf 75' lang='grc' dir='ltr'>οὖν</span> <span class='ocrx_word' id='word_1_248' title='bbox 800 1845 877 1905; x_wconf 89' lang='grc' dir='ltr'>εἰς</span> <span class='ocrx_word' id='word_1_249' title='bbox 908 1842 1192 1913; x_wconf 82' lang='grc' dir='ltr'>ἄνθρωπον</span> <span class='ocrx_word' id='word_1_250' title='bbox 1220 1843 1402 1906; x_wconf 79' lang='grc' dir='ltr'>ιδικῶς</span> <span class='ocrx_word' id='word_1_251' title='bbox 1444 1844 1539 1895; x_wconf 72' lang='grc' dir='ltr'><strong>καὶ</strong></span> <span class='ocrx_word' id='word_1_252' title='bbox 1578 1843 1710 1895; x_wconf 82' lang='grc' dir='ltr'>Θεὸν</span> <span class='ocrx_word' id='word_1_253' title='bbox 1746 1842 1917 1908; x_wconf 80' lang='grc' dir='ltr'>Λόγον</span> 
     </span>
    </p>
   </div>
   <div class='ocr_carea' id='block_1_35' title="bbox 2031 1829 3598 1913">
    <p class='ocr_par' dir='ltr' id='par_1_35' title="bbox 2031 1829 3598 1906">
     <span class='ocr_line' id='line_1_35' title="bbox 2031 1829 3598 1906; baseline -0.006 -16"><span class='ocrx_word' id='word_1_254' title='bbox 2031 1839 2167 1892; x_wconf 76' lang='lat' dir='ltr'><strong>tenui</strong></span> <span class='ocrx_word' id='word_1_255' title='bbox 2196 1855 2259 1891; x_wconf 88' lang='lat' dir='ltr'><strong>ac</strong></span> <span class='ocrx_word' id='word_1_256' title='bbox 2289 1839 2401 1891; x_wconf 84' lang='lat' dir='ltr'><strong>sola</strong></span> <span class='ocrx_word' id='word_1_257' title='bbox 2434 1836 3120 1906; x_wconf 81' lang='lat' dir='ltr'><strong>conjunctionedecoratus</strong></span> <span class='ocrx_word' id='word_1_258' title='bbox 3151 1843 3256 1898; x_wconf 91' lang='lat' dir='ltr'><strong>est,</strong></span> <span class='ocrx_word' id='word_1_259' title='bbox 3283 1841 3334 1885; x_wconf 87' lang='lat' dir='ltr'><strong>et</strong></span> <span class='ocrx_word' id='word_1_260' title='bbox 3364 1829 3598 1885; x_wconf 85' lang='lat' dir='ltr'><strong>ministri</strong></span> 
     </span>
    </p>
   </div>
   <div class='ocr_carea' id='block_1_36' title="bbox 335 1931 836 2001">
    <p class='ocr_par' dir='ltr' id='par_1_36' title="bbox 335 1931 836 2001">
     <span class='ocr_line' id='line_1_36' title="bbox 335 1931 836 2001; baseline 0.008 -17"><span class='ocrx_word' id='word_1_261' title='bbox 335 1931 425 1984; x_wconf 63' lang='grc' dir='ltr'>τὶν</span> <span class='ocrx_word' id='word_1_262' title='bbox 466 1931 836 2001; x_wconf 74' lang='grc' dir='ltr'>Ἐμμανουήλ.</span> 
     </span>
    </p>
   </div>
   <div class='ocr_carea' id='block_1_37' title="bbox 2027 1925 3600 1997">
    <p class='ocr_par' dir='ltr' id='par_1_37' title="bbox 2027 1925 3600 1997">
     <span class='ocr_line' id='line_1_37' title="bbox 2027 1925 3600 1997; baseline -0.003 -16"><span class='ocrx_word' id='word_1_263' title='bbox 2027 1930 2143 1983; x_wconf 88' lang='lat' dir='ltr'><strong>loco</strong></span> <span class='ocrx_word' id='word_1_264' title='bbox 2192 1938 2521 1997; x_wconf 90' lang='lat' dir='ltr'><strong>assumptus,</strong></span> <span class='ocrx_word' id='word_1_265' title='bbox 2558 1930 2780 1996; x_wconf 84' lang='lat' dir='ltr'><strong>quique,</strong></span> <span class='ocrx_word' id='word_1_266' title='bbox 2813 1928 2883 1979; x_wconf 89' lang='lat' dir='ltr'><strong>ita</strong></span> <span class='ocrx_word' id='word_1_267' title='bbox 2928 1937 2985 1978; x_wconf 92' lang='lat' dir='ltr'><strong>ut</strong></span> <span class='ocrx_word' id='word_1_268' title='bbox 3015 1943 3112 1980; x_wconf 90' lang='lat' dir='ltr'><strong>nos</strong></span> <span class='ocrx_word' id='word_1_269' title='bbox 3156 1926 3284 1994; x_wconf 85' lang='lat' dir='ltr'><strong>ipsi,</strong></span> <span class='ocrx_word' id='word_1_270' title='bbox 3314 1925 3600 1992; x_wconf 81' lang='lat' dir='ltr'><strong>adoptatus</strong></span> 
     </span>
    </p>
   </div>
   <div class='ocr_carea' id='block_1_38' title="bbox 336 2000 3601 2097">
    <p class='ocr_par' dir='ltr' id='par_1_38' title="bbox 336 2000 3601 2097">
     <span class='ocr_line' id='line_1_38' title="bbox 336 2000 3601 2097; baseline -0.002 -18"><span class='ocrx_word' id='word_1_271' title='bbox 336 2038 437 2092; x_wconf 70' lang='lat' dir='ltr'><strong>est,</strong></span> <span class='ocrx_word' id='word_1_272' title='bbox 470 2042 522 2083; x_wconf 91' lang='lat' dir='ltr'><strong>et</strong></span> <span class='ocrx_word' id='word_1_273' title='bbox 552 2030 621 2082; x_wconf 81' lang='lat' dir='ltr'><strong>ab</strong></span> <span class='ocrx_word' id='word_1_274' title='bbox 656 2028 760 2083; x_wconf 84' lang='lat' dir='ltr'><strong>alio</strong></span> <span class='ocrx_word' id='word_1_275' title='bbox 811 2026 992 2097; x_wconf 76' lang='lat' dir='ltr'><strong>gloria:</strong></span> <span class='ocrx_word' id='word_1_276' title='bbox 1038 2027 1314 2095; x_wconf 81' lang='lat' dir='ltr'><strong>particeps</strong></span> <span class='ocrx_word' id='word_1_277' title='bbox 1352 2026 1549 2090; x_wconf 75' lang='lat' dir='ltr'><strong>factus,</strong></span> <span class='ocrx_word' id='word_1_278' title='bbox 1596 2035 1651 2080; x_wconf 87' lang='lat' dir='ltr'><strong>et</strong></span> <span class='ocrx_word' id='word_1_279' title='bbox 1694 2028 1836 2080; x_wconf 88' lang='lat' dir='ltr'><strong>dono</strong></span> <span class='ocrx_word' id='word_1_280' title='bbox 1885 2034 1940 2078; x_wconf 87' lang='lat' dir='ltr'><strong>et</strong></span> <span class='ocrx_word' id='word_1_281' title='bbox 1974 2022 2148 2091; x_wconf 77' lang='lat' dir='ltr'><strong>gratia</strong></span> <span class='ocrx_word' id='word_1_282' title='bbox 2185 2023 2237 2075; x_wconf 88' lang='lat' dir='ltr'><strong>id</strong></span> <span class='ocrx_word' id='word_1_283' title='bbox 2295 2029 2619 2075; x_wconf 84' lang='lat' dir='ltr'><strong>consecutus</strong></span> <span class='ocrx_word' id='word_1_284' title='bbox 2645 2029 2727 2073; x_wconf 87' lang='lat' dir='ltr'><strong>est</strong></span> <span class='ocrx_word' id='word_1_285' title='bbox 2751 2017 2913 2086; x_wconf 76' lang='lat' dir='ltr'><strong>?_Non</strong></span> <span class='ocrx_word' id='word_1_286' title='bbox 2950 2026 3033 2071; x_wconf 88' lang='lat' dir='ltr'><strong>est</strong></span> <span class='ocrx_word' id='word_1_287' title='bbox 3062 2020 3245 2087; x_wconf 86' lang='lat' dir='ltr'><strong>itaque</strong></span> <span class='ocrx_word' id='word_1_288' title='bbox 3276 2000 3601 2071; x_wconf 79' lang='lat' dir='ltr'><strong>dividenst</strong></span> 
     </span>
    </p>
   </div>
   <div class='ocr_carea' id='block_1_39' title="bbox 339 2115 2025 2183">
    <p class='ocr_par' dir='ltr' id='par_1_39' title="bbox 339 2115 2025 2183">
     <span class='ocr_line' id='line_1_39' title="bbox 339 2115 2025 2183; baseline -0.006 -8"><span class='ocrx_word' id='word_1_289' title='bbox 339 2119 655 2175; x_wconf 79' lang='lat' dir='ltr'><strong>Eminanucl</strong></span> <span class='ocrx_word' id='word_1_290' title='bbox 703 2119 755 2172; x_wconf 90' lang='lat' dir='ltr'><strong>in</strong></span> <span class='ocrx_word' id='word_1_291' title='bbox 804 2119 1075 2173; x_wconf 85' lang='lat' dir='ltr'><strong>hominem</strong></span> <span class='ocrx_word' id='word_1_292' title='bbox 1102 2118 1357 2183; x_wconf 90' lang='lat' dir='ltr'><strong>seorsim,</strong></span> <span class='ocrx_word' id='word_1_293' title='bbox 1398 2126 1449 2170; x_wconf 89' lang='lat' dir='ltr'><strong>et</strong></span> <span class='ocrx_word' id='word_1_294' title='bbox 1478 2118 1527 2170; x_wconf 88' lang='lat' dir='ltr'><strong>in</strong></span> <span class='ocrx_word' id='word_1_295' title='bbox 1561 2117 1725 2170; x_wconf 81' lang='lat' dir='ltr'><strong>Deum</strong></span> <span class='ocrx_word' id='word_1_296' title='bbox 1767 2115 2025 2169; x_wconf 23' lang='lat' dir='ltr'><strong>Verbum’v</strong></span> 
     </span>
    </p>
   </div>
   <div class='ocr_carea' id='block_1_40' title="bbox 408 2216 879 2285">
    <p class='ocr_par' dir='ltr' id='par_1_40' title="bbox 408 2216 879 2285">
     <span class='ocr_line' id='line_1_40' title="bbox 408 2216 879 2285; baseline -0.006 -13"><span class='ocrx_word' id='word_1_297' title='bbox 408 2220 468 2272; x_wconf 91' lang='lat' dir='ltr'><strong>B.</strong></span> <span class='ocrx_word' id='word_1_298' title='bbox 507 2216 747 2270; x_wconf 75' lang='grc' dir='ltr'>Ἦκιστά</span> <span class='ocrx_word' id='word_1_299' title='bbox 776 2231 879 2285; x_wconf 75' lang='grc' dir='ltr'><strong>γε.⁴</strong></span> 
     </span>
    </p>
   </div>
   <div class='ocr_carea' id='block_1_41' title="bbox 406 2306 1918 2379">
    <p class='ocr_par' dir='ltr' id='par_1_41' title="bbox 406 2306 1918 2379">
     <span class='ocr_line' id='line_1_41' title="bbox 406 2306 1918 2379; baseline -0.004 -16"><span class='ocrx_word' id='word_1_300' title='bbox 406 2314 470 2363; x_wconf 83' lang='grc' dir='ltr'>Α.</span> <span class='ocrx_word' id='word_1_301' title='bbox 504 2310 714 2378; x_wconf 77' lang='grc' dir='ltr'>Χρῆναι</span> <span class='ocrx_word' id='word_1_302' title='bbox 752 2308 809 2361; x_wconf 81' lang='grc' dir='ltr'><strong>δέ</strong></span> <span class='ocrx_word' id='word_1_303' title='bbox 854 2325 1017 2379; x_wconf 81' lang='grc' dir='ltr'>φημι,</span> <span class='ocrx_word' id='word_1_304' title='bbox 1062 2307 1196 2361; x_wconf 79' lang='grc' dir='ltr'>Θεὸν</span> <span class='ocrx_word' id='word_1_305' title='bbox 1244 2306 1711 2378; x_wconf 83' lang='grc' dir='ltr'>ὲνηνθρωπηκότα</span> <span class='ocrx_word' id='word_1_306' title='bbox 1739 2306 1918 2375; x_wconf 77' lang='grc' dir='ltr'>λέγειν</span> 
     </span>
    </p>
   </div>
   <div class='ocr_carea' id='block_1_42' title="bbox 338 2397 1917 2463">
    <p class='ocr_par' dir='ltr' id='par_1_42' title="bbox 338 2397 1917 2463">
     <span class='ocr_line' id='line_1_42' title="bbox 338 2397 1917 2463; baseline -0.003 -8"><span class='ocrx_word' id='word_1_307' title='bbox 338 2402 517 2463; x_wconf 77' lang='grc' dir='ltr'>αὑτὸν,</span> <span class='ocrx_word' id='word_1_308' title='bbox 554 2397 693 2454; x_wconf 81' lang='grc' dir='ltr'>εἷναί</span> <span class='ocrx_word' id='word_1_309' title='bbox 724 2419 782 2454; x_wconf 89' lang='grc' dir='ltr'><strong>τε</strong></span> <span class='ocrx_word' id='word_1_310' title='bbox 812 2400 955 2455; x_wconf 81' lang='grc' dir='ltr'>κατὰ</span> <span class='ocrx_word' id='word_1_311' title='bbox 974 2399 1191 2461; x_wconf 86' lang='grc' dir='ltr'>ταυτὸν,</span> <span class='ocrx_word' id='word_1_312' title='bbox 1223 2398 1381 2451; x_wconf 79' lang='grc' dir='ltr'>τοῦτό</span> <span class='ocrx_word' id='word_1_313' title='bbox 1410 2415 1467 2450; x_wconf 81' lang='grc' dir='ltr'><strong>τε</strong></span> <span class='ocrx_word' id='word_1_314' title='bbox 1511 2400 1751 2453; x_wconf 81' lang='grc' dir='ltr'>κάκεῖνο.</span> <span class='ocrx_word' id='word_1_315' title='bbox 1782 2398 1917 2452; x_wconf 76' lang='grc' dir='ltr'>Οὔτε</span> 
     </span>
    </p>
   </div>
   <div class='ocr_carea' id='block_1_43' title="bbox 339 2489 1920 2567">
    <p class='ocr_par' dir='ltr' id='par_1_43' title="bbox 339 2489 1920 2567">
     <span class='ocr_line' id='line_1_43' title="bbox 339 2489 1920 2567; baseline -0.004 -18"><span class='ocrx_word' id='word_1_316' title='bbox 339 2495 447 2567; x_wconf 77' lang='grc' dir='ltr'><strong>γὰρ</strong></span> <span class='ocrx_word' id='word_1_317' title='bbox 484 2494 891 2564; x_wconf 76' lang='grc' dir='ltr'>ἀποπεφοίτηκε</span> <span class='ocrx_word' id='word_1_318' title='bbox 920 2492 1012 2545; x_wconf 82' lang='grc' dir='ltr'>τοῦ</span> <span class='ocrx_word' id='word_1_319' title='bbox 1057 2489 1196 2544; x_wconf 77' lang='grc' dir='ltr'>εἶναι</span> <span class='ocrx_word' id='word_1_320' title='bbox 1226 2490 1359 2553; x_wconf 82' lang='grc' dir='ltr'>Θεὸς</span> <span class='ocrx_word' id='word_1_321' title='bbox 1380 2492 1672 2560; x_wconf 84' lang='grc' dir='ltr'>γενόμενος</span> <span class='ocrx_word' id='word_1_322' title='bbox 1714 2490 1920 2560; x_wconf 81' lang='grc' dir='ltr'>ἄνθρω-</span> 
     </span>
    </p>
   </div>
   <div class='ocr_carea' id='block_1_44' title="bbox 340 2581 1922 2655">
    <p class='ocr_par' dir='ltr' id='par_1_44' title="bbox 340 2581 1922 2655">
     <span class='ocr_line' id='line_1_44' title="bbox 340 2581 1922 2655; baseline -0.004 -16"><span class='ocrx_word' id='word_1_323' title='bbox 340 2604 460 2651; x_wconf 86' lang='grc' dir='ltr'>πος,</span> <span class='ocrx_word' id='word_1_324' title='bbox 492 2585 613 2639; x_wconf 73' lang='grc' dir='ltr'>οὕτε</span> <span class='ocrx_word' id='word_1_325' title='bbox 646 2586 752 2655; x_wconf 76' lang='grc' dir='ltr'>μὴν</span> <span class='ocrx_word' id='word_1_326' title='bbox 793 2584 1170 2654; x_wconf 77' lang='grc' dir='ltr'>ἀπαρὰδεκτον</span> <span class='ocrx_word' id='word_1_327' title='bbox 1201 2581 1312 2653; x_wconf 79' lang='grc' dir='ltr'>ἔχει</span> <span class='ocrx_word' id='word_1_328' title='bbox 1362 2582 1458 2651; x_wconf 77' lang='grc' dir='ltr'><strong>τὴν</strong></span> <span class='ocrx_word' id='word_1_329' title='bbox 1496 2582 1828 2653; x_wconf 76' lang='grc' dir='ltr'>οἰκονομίαν,</span> <span class='ocrx_word' id='word_1_330' title='bbox 1862 2582 1922 2633; x_wconf 80' lang='grc' dir='ltr'><strong>τὸ</strong></span> 
     </span>
    </p>
   </div>
   <div class='ocr_carea' id='block_1_45' title="bbox 339 2673 1287 2749">
    <p class='ocr_par' dir='ltr' id='par_1_45' title="bbox 339 2673 1287 2749">
     <span class='ocr_line' id='line_1_45' title="bbox 339 2673 1287 2749; baseline -0.008 -17"><span class='ocrx_word' id='word_1_331' title='bbox 339 2683 437 2749; x_wconf 85' lang='grc' dir='ltr'>τῆς</span> <span class='ocrx_word' id='word_1_332' title='bbox 458 2676 740 2738; x_wconf 84' lang='grc' dir='ltr'><strong>κενώσεως</strong></span> <span class='ocrx_word' id='word_1_333' title='bbox 770 2674 1043 2744; x_wconf 78' lang='grc' dir='ltr'><strong>ἀτιμάσας</strong></span> <span class='ocrx_word' id='word_1_334' title='bbox 1071 2673 1287 2743; x_wconf 81' lang='grc' dir='ltr'>μέτρον.</span> 
     </span>
    </p>
   </div>
   <div class='ocr_carea' id='block_1_46' title="bbox 411 2762 1922 2836">
    <p class='ocr_par' dir='ltr' id='par_1_46' title="bbox 411 2762 1922 2836">
     <span class='ocr_line' id='line_1_46' title="bbox 411 2762 1922 2836; baseline -0.007 -11"><span class='ocrx_word' id='word_1_335' title='bbox 411 2773 471 2825; x_wconf 87' lang='grc' dir='ltr'>Β.</span> <span class='ocrx_word' id='word_1_336' title='bbox 495 2767 604 2823; x_wconf 88' lang='grc' dir='ltr'>Ἦν</span> <span class='ocrx_word' id='word_1_337' title='bbox 648 2763 740 2821; x_wconf 78' lang='grc' dir='ltr'><strong>οὖν</strong></span> <span class='ocrx_word' id='word_1_338' title='bbox 794 2766 922 2836; x_wconf 82' lang='grc' dir='ltr'>ἄρα,</span> <span class='ocrx_word' id='word_1_339' title='bbox 981 2764 1165 2832; x_wconf 67' lang='grc' dir='ltr'>φασιν,</span> <span class='ocrx_word' id='word_1_340' title='bbox 1202 2764 1486 2832; x_wconf 83' lang='grc' dir='ltr'>ὁμοούσιον</span> <span class='ocrx_word' id='word_1_341' title='bbox 1524 2762 1603 2834; x_wconf 83' lang='grc' dir='ltr'>τῷ</span> <span class='ocrx_word' id='word_1_342' title='bbox 1656 2764 1815 2834; x_wconf 85' lang='grc' dir='ltr'><strong>Λόγῳ</strong></span> <span class='ocrx_word' id='word_1_343' title='bbox 1861 2762 1922 2815; x_wconf 74' lang='grc' dir='ltr'>τὸ</span> 
     </span>
    </p>
   </div>
   <div class='ocr_carea' id='block_1_47' title="bbox 345 2847 1925 2933">
    <p class='ocr_par' dir='ltr' id='par_1_47' title="bbox 345 2847 1925 2933">
     <span class='ocr_line' id='line_1_47' title="bbox 345 2847 1925 2933; baseline -0.008 -16"><span class='ocrx_word' id='word_1_344' title='bbox 345 2864 503 2933; x_wconf 82' lang='grc' dir='ltr'>σῶμα</span> <span class='ocrx_word' id='word_1_345' title='bbox 529 2858 716 2922; x_wconf 79' lang='grc' dir='ltr'>αὐτοῦ,</span> <span class='ocrx_word' id='word_1_346' title='bbox 746 2857 962 2926; x_wconf 78' lang='grc' dir='ltr'>νοηθείη</span> <span class='ocrx_word' id='word_1_347' title='bbox 986 2855 1094 2923; x_wconf 80' lang='grc' dir='ltr'>γὰρ</span> <span class='ocrx_word' id='word_1_348' title='bbox 1126 2853 1189 2906; x_wconf 82' lang='grc' dir='ltr'><strong>ἂν</strong></span> <span class='ocrx_word' id='word_1_349' title='bbox 1216 2847 1315 2905; x_wconf 80' lang='grc' dir='ltr'>ὧδε</span> <span class='ocrx_word' id='word_1_350' title='bbox 1344 2853 1436 2905; x_wconf 80' lang='grc' dir='ltr'>καὶ</span> <span class='ocrx_word' id='word_1_351' title='bbox 1466 2853 1562 2923; x_wconf 77' lang='grc' dir='ltr'>οὐκ</span> <span class='ocrx_word' id='word_1_352' title='bbox 1592 2853 1815 2918; x_wconf 81' lang='grc' dir='ltr'>ἑτέρως,</span> <span class='ocrx_word' id='word_1_353' title='bbox 1843 2848 1925 2914; x_wconf 73' lang='grc' dir='ltr'><strong>εἷς</strong></span> 
     </span>
    </p>
   </div>
   <div class='ocr_carea' id='block_1_48' title="bbox 343 2951 801 3025">
    <p class='ocr_par' dir='ltr' id='par_1_48' title="bbox 343 2951 801 3025">
     <span class='ocr_line' id='line_1_48' title="bbox 343 2951 801 3025; baseline -0.015 -16"><span class='ocrx_word' id='word_1_354' title='bbox 343 2958 436 3011; x_wconf 72' lang='grc' dir='ltr'>καὶ</span> <span class='ocrx_word' id='word_1_355' title='bbox 467 2956 622 3025; x_wconf 80' lang='grc' dir='ltr'>μόνος</span> <span class='ocrx_word' id='word_1_356' title='bbox 654 2951 801 3014; x_wconf 73' lang='grc' dir='ltr'>Υἱός.</span> 
     </span>
    </p>
   </div>
   <div class='ocr_carea' id='block_1_49' title="bbox 412 3034 1925 3110">
    <p class='ocr_par' dir='ltr' id='par_1_49' title="bbox 412 3034 1925 3110">
     <span class='ocr_line' id='line_1_49' title="bbox 412 3034 1925 3110; baseline -0.008 -10"><span class='ocrx_word' id='word_1_357' title='bbox 412 3048 477 3101; x_wconf 77' lang='grc' dir='ltr'>Α.</span> <span class='ocrx_word' id='word_1_358' title='bbox 506 3044 697 3099; x_wconf 83' lang='grc' dir='ltr'>Καίτοι</span> <span class='ocrx_word' id='word_1_359' title='bbox 725 3042 841 3103; x_wconf 81' lang='grc' dir='ltr'><strong>πῶς</strong></span> <span class='ocrx_word' id='word_1_360' title='bbox 870 3041 930 3093; x_wconf 76' lang='grc' dir='ltr'><strong>οὐ</strong></span> <span class='ocrx_word' id='word_1_361' title='bbox 950 3039 1113 3110; x_wconf 79' lang='grc' dir='ltr'>λῆρος</span> <span class='ocrx_word' id='word_1_362' title='bbox 1142 3038 1244 3109; x_wconf 77' lang='grc' dir='ltr'>ἤδη</span> <span class='ocrx_word' id='word_1_363' title='bbox 1269 3036 1462 3101; x_wconf 78' lang='grc' dir='ltr'>ταῦτα,</span> <span class='ocrx_word' id='word_1_364' title='bbox 1496 3036 1590 3091; x_wconf 73' lang='grc' dir='ltr'>καὶ</span> <span class='ocrx_word' id='word_1_365' title='bbox 1621 3034 1713 3089; x_wconf 79' lang='grc' dir='ltr'>νοῦ</span> <span class='ocrx_word' id='word_1_366' title='bbox 1744 3051 1925 3104; x_wconf 86' lang='grc' dir='ltr'>παρα-</span> 
     </span>
    </p>
   </div>
   <div class='ocr_carea' id='block_1_50' title="bbox 2100 2206 2578 2273">
    <p class='ocr_par' dir='ltr' id='par_1_50' title="bbox 2100 2206 2578 2273">
     <span class='ocr_line' id='line_1_50' title="bbox 2100 2206 2578 2273; baseline -0.008 -14"><span class='ocrx_word' id='word_1_367' title='bbox 2100 2207 2161 2261; x_wconf 84' lang='grc' dir='ltr'>Β.</span> <span class='ocrx_word' id='word_1_368' title='bbox 2207 2206 2578 2273; x_wconf 83' lang='lat' dir='ltr'><strong>Nequaquam.</strong></span> 
     </span>
    </p>
   </div>
   <div class='ocr_carea' id='block_1_51' title="bbox 2109 2288 3607 2355">
    <p class='ocr_par' dir='ltr' id='par_1_51' title="bbox 2109 2288 3607 2355">
     <span class='ocr_line' id='line_1_51' title="bbox 2109 2288 3607 2355; baseline -0.007 -4"><span class='ocrx_word' id='word_1_369' title='bbox 2109 2301 2171 2351; x_wconf 87' lang='lat' dir='ltr'><strong>A.</strong></span> <span class='ocrx_word' id='word_1_370' title='bbox 2217 2296 2528 2351; x_wconf 87' lang='lat' dir='ltr'><strong>Censuerim</strong></span> <span class='ocrx_word' id='word_1_371' title='bbox 2562 2307 2724 2355; x_wconf 83' lang='lat' dir='ltr'><strong>vero,</strong></span> <span class='ocrx_word' id='word_1_372' title='bbox 2763 2291 3043 2346; x_wconf 87' lang='lat' dir='ltr'><strong>dicendum</strong></span> <span class='ocrx_word' id='word_1_373' title='bbox 3080 2303 3199 2346; x_wconf 87' lang='lat' dir='ltr'><strong>esse</strong></span> <span class='ocrx_word' id='word_1_374' title='bbox 3230 2288 3397 2344; x_wconf 86' lang='lat' dir='ltr'><strong>Deum</strong></span> <span class='ocrx_word' id='word_1_375' title='bbox 3433 2289 3607 2344; x_wconf 78' lang='lat' dir='ltr'><strong>ltomi-</strong></span> 
     </span>
    </p>
   </div>
   <div class='ocr_carea' id='block_1_52' title="bbox 2032 2381 3607 2452">
    <p class='ocr_par' dir='ltr' id='par_1_52' title="bbox 2032 2381 3607 2452">
     <span class='ocr_line' id='line_1_52' title="bbox 2032 2381 3607 2452; baseline -0.005 -11"><span class='ocrx_word' id='word_1_376' title='bbox 2032 2403 2153 2442; x_wconf 90' lang='lat' dir='ltr'><strong>nem</strong></span> <span class='ocrx_word' id='word_1_377' title='bbox 2201 2387 2472 2446; x_wconf 89' lang='lat' dir='ltr'><strong>indutum,</strong></span> <span class='ocrx_word' id='word_1_378' title='bbox 2513 2398 2741 2452; x_wconf 89' lang='lat' dir='ltr'><strong>esseque</strong></span> <span class='ocrx_word' id='word_1_379' title='bbox 2794 2383 3038 2436; x_wconf 74' lang='lat' dir='ltr'><strong>eunidem</strong></span> <span class='ocrx_word' id='word_1_380' title='bbox 3087 2382 3283 2451; x_wconf 85' lang='lat' dir='ltr'><strong>ipsum,</strong></span> <span class='ocrx_word' id='word_1_381' title='bbox 3330 2381 3517 2436; x_wconf 85' lang='lat' dir='ltr'><strong>ethoc</strong></span> <span class='ocrx_word' id='word_1_382' title='bbox 3553 2391 3607 2435; x_wconf 88' lang='lat' dir='ltr'><strong>et</strong></span> 
     </span>
    </p>
   </div>
   <div class='ocr_carea' id='block_1_53' title="bbox 2028 2472 3606 2545">
    <p class='ocr_par' dir='ltr' id='par_1_53' title="bbox 2028 2472 3606 2545">
     <span class='ocr_line' id='line_1_53' title="bbox 2028 2472 3606 2545; baseline -0.004 -13"><span class='ocrx_word' id='word_1_383' title='bbox 2028 2478 2179 2532; x_wconf 90' lang='lat' dir='ltr'><strong>illud.</strong></span> <span class='ocrx_word' id='word_1_384' title='bbox 2229 2476 2413 2545; x_wconf 84' lang='lat' dir='ltr'><strong>Neque</strong></span> <span class='ocrx_word' id='word_1_385' title='bbox 2460 2476 2604 2529; x_wconf 90' lang='lat' dir='ltr'><strong>enim</strong></span> <span class='ocrx_word' id='word_1_386' title='bbox 2644 2475 2821 2529; x_wconf 78' lang='lat' dir='ltr'><strong>factus</strong></span> <span class='ocrx_word' id='word_1_387' title='bbox 2859 2475 3019 2527; x_wconf 84' lang='lat' dir='ltr'><strong>homo</strong></span> <span class='ocrx_word' id='word_1_388' title='bbox 3074 2473 3231 2528; x_wconf 86' lang='lat' dir='ltr'><strong>desiit</strong></span> <span class='ocrx_word' id='word_1_389' title='bbox 3277 2489 3397 2527; x_wconf 87' lang='lat' dir='ltr'><strong>esse</strong></span> <span class='ocrx_word' id='word_1_390' title='bbox 3444 2472 3606 2537; x_wconf 89' lang='lat' dir='ltr'><strong>Deus,</strong></span> 
     </span>
    </p>
   </div>
   <div class='ocr_carea' id='block_1_54' title="bbox 2032 2564 3609 2639">
    <p class='ocr_par' dir='ltr' id='par_1_54' title="bbox 2032 2564 3609 2639">
     <span class='ocr_line' id='line_1_54' title="bbox 2032 2564 3609 2639; baseline -0.004 -15"><span class='ocrx_word' id='word_1_391' title='bbox 2032 2584 2205 2639; x_wconf 89' lang='lat' dir='ltr'><strong>neque</strong></span> <span class='ocrx_word' id='word_1_392' title='bbox 2237 2583 2425 2621; x_wconf 88' lang='lat' dir='ltr'><strong>rursus</strong></span> <span class='ocrx_word' id='word_1_393' title='bbox 2458 2565 2981 2620; x_wconf 84' lang='lat' dir='ltr'><strong>administrationem</strong></span> <span class='ocrx_word' id='word_1_394' title='bbox 3032 2564 3083 2617; x_wconf 91' lang='lat' dir='ltr'><strong>in</strong></span> <span class='ocrx_word' id='word_1_395' title='bbox 3133 2578 3298 2618; x_wconf 84' lang='lat' dir='ltr'><strong>earne</strong></span> <span class='ocrx_word' id='word_1_396' title='bbox 3341 2565 3609 2628; x_wconf 79' lang='lat' dir='ltr'><strong>detrecta-</strong></span> 
     </span>
    </p>
   </div>
   <div class='ocr_carea' id='block_1_55' title="bbox 2030 2655 3289 2722">
    <p class='ocr_par' dir='ltr' id='par_1_55' title="bbox 2030 2655 3289 2722">
     <span class='ocr_line' id='line_1_55' title="bbox 2030 2655 3289 2722; baseline -0.001 -13"><span class='ocrx_word' id='word_1_397' title='bbox 2030 2660 2127 2720; x_wconf 80' lang='lat' dir='ltr'><strong>vit.</strong></span> <span class='ocrx_word' id='word_1_398' title='bbox 2155 2657 2540 2713; x_wconf 76' lang='lat' dir='ltr'><strong>exinanitionis</strong></span> <span class='ocrx_word' id='word_1_399' title='bbox 2570 2656 2933 2712; x_wconf 81' lang='lat' dir='ltr'><strong>conditionem</strong></span> <span class='ocrx_word' id='word_1_400' title='bbox 2968 2655 3289 2722; x_wconf 68' lang='lat' dir='ltr'><strong>desliiciens.</strong></span> 
     </span>
    </p>
   </div>
   <div class='ocr_carea' id='block_1_56' title="bbox 2106 2744 3609 2814">
    <p class='ocr_par' dir='ltr' id='par_1_56' title="bbox 2106 2744 3609 2814">
     <span class='ocr_line' id='line_1_56' title="bbox 2106 2744 3609 2814; baseline 0.001 -15"><span class='ocrx_word' id='word_1_401' title='bbox 2106 2746 2167 2799; x_wconf 85' lang='lat' dir='ltr'><strong>B.</strong></span> <span class='ocrx_word' id='word_1_402' title='bbox 2210 2746 2339 2799; x_wconf 86' lang='lat' dir='ltr'><strong>Erat</strong></span> <span class='ocrx_word' id='word_1_403' title='bbox 2389 2746 2591 2814; x_wconf 87' lang='lat' dir='ltr'><strong>itaque,</strong></span> <span class='ocrx_word' id='word_1_404' title='bbox 2636 2746 2820 2809; x_wconf 89' lang='lat' dir='ltr'><strong>aiunt,</strong></span> <span class='ocrx_word' id='word_1_405' title='bbox 2859 2744 3321 2798; x_wconf 86' lang='lat' dir='ltr'><strong>consubstantiale</strong></span> <span class='ocrx_word' id='word_1_406' title='bbox 3356 2744 3609 2801; x_wconf 87' lang='lat' dir='ltr'><strong>Trinitati</strong></span> 
     </span>
    </p>
   </div>
   <div class='ocr_carea' id='block_1_57' title="bbox 2034 2834 3608 2908">
    <p class='ocr_par' dir='ltr' id='par_1_57' title="bbox 2034 2834 3608 2908">
     <span class='ocr_line' id='line_1_57' title="bbox 2034 2834 3608 2908; baseline 0 -17"><span class='ocrx_word' id='word_1_407' title='bbox 2034 2834 2200 2905; x_wconf 78' lang='lat' dir='ltr'><strong>ipsius</strong></span> <span class='ocrx_word' id='word_1_408' title='bbox 2230 2852 2449 2906; x_wconf 79' lang='lat' dir='ltr'><strong>corpus.</strong></span> <span class='ocrx_word' id='word_1_409' title='bbox 2490 2837 2561 2890; x_wconf 90' lang='lat' dir='ltr'><strong>Ita</strong></span> <span class='ocrx_word' id='word_1_410' title='bbox 2594 2837 2762 2896; x_wconf 87' lang='lat' dir='ltr'><strong>enim,</strong></span> <span class='ocrx_word' id='word_1_411' title='bbox 2800 2850 2974 2905; x_wconf 86' lang='lat' dir='ltr'><strong>neque</strong></span> <span class='ocrx_word' id='word_1_412' title='bbox 3001 2836 3103 2889; x_wconf 86' lang='lat' dir='ltr'><strong>alia</strong></span> <span class='ocrx_word' id='word_1_413' title='bbox 3140 2837 3349 2890; x_wconf 88' lang='lat' dir='ltr'><strong>ratione</strong></span> <span class='ocrx_word' id='word_1_414' title='bbox 3386 2838 3608 2908; x_wconf 76' lang='lat' dir='ltr'><strong>intelligi</strong></span> 
     </span>
    </p>
   </div>
   <div class='ocr_carea' id='block_1_58' title="bbox 2032 2929 2863 3001">
    <p class='ocr_par' dir='ltr' id='par_1_58' title="bbox 2032 2929 2863 3001">
     <span class='ocr_line' id='line_1_58' title="bbox 2032 2929 2863 3001; baseline 0 -18"><span class='ocrx_word' id='word_1_415' title='bbox 2032 2941 2193 3001; x_wconf 85' lang='lat' dir='ltr'><strong>queat</strong></span> <span class='ocrx_word' id='word_1_416' title='bbox 2219 2946 2356 2985; x_wconf 90' lang='lat' dir='ltr'><strong>unus</strong></span> <span class='ocrx_word' id='word_1_417' title='bbox 2386 2945 2451 2984; x_wconf 88' lang='lat' dir='ltr'><strong>ac</strong></span> <span class='ocrx_word' id='word_1_418' title='bbox 2496 2929 2645 2983; x_wconf 79' lang='lat' dir='ltr'><strong>solus</strong></span> <span class='ocrx_word' id='word_1_419' title='bbox 2672 2929 2863 2983; x_wconf 68' lang='lat' dir='ltr'><strong>Filius.</strong></span> 
     </span>
    </p>
   </div>
   <div class='ocr_carea' id='block_1_59' title="bbox 2102 3021 3613 3091">
    <p class='ocr_par' dir='ltr' id='par_1_59' title="bbox 2102 3021 3613 3091">
     <span class='ocr_line' id='line_1_59' title="bbox 2102 3021 3613 3091; baseline 0.001 -16"><span class='ocrx_word' id='word_1_420' title='bbox 2102 3023 2166 3077; x_wconf 85' lang='lat' dir='ltr'><strong>A.</strong></span> <span class='ocrx_word' id='word_1_421' title='bbox 2206 3023 2366 3091; x_wconf 85' lang='lat' dir='ltr'><strong>Atqui</strong></span> <span class='ocrx_word' id='word_1_422' title='bbox 2417 3022 2688 3090; x_wconf 88' lang='lat' dir='ltr'><strong>quomodo</strong></span> <span class='ocrx_word' id='word_1_423' title='bbox 2722 3036 2827 3074; x_wconf 88' lang='lat' dir='ltr'><strong>non</strong></span> <span class='ocrx_word' id='word_1_424' title='bbox 2877 3021 2927 3074; x_wconf 91' lang='lat' dir='ltr'><strong>id</strong></span> <span class='ocrx_word' id='word_1_425' title='bbox 2970 3034 3117 3075; x_wconf 86' lang='lat' dir='ltr'><strong>mera</strong></span> <span class='ocrx_word' id='word_1_426' title='bbox 3164 3021 3233 3076; x_wconf 86' lang='lat' dir='ltr'><strong>sit</strong></span> <span class='ocrx_word' id='word_1_427' title='bbox 3277 3021 3506 3088; x_wconf 84' lang='lat' dir='ltr'><strong>insania,</strong></span> <span class='ocrx_word' id='word_1_428' title='bbox 3556 3033 3613 3076; x_wconf 89' lang='lat' dir='ltr'><strong>et</strong></span> 
     </span>
    </p>
   </div>
   <div class='ocr_carea' id='block_1_60' title="bbox 345 3107 1929 3201">
    <p class='ocr_par' dir='ltr' id='par_1_60' title="bbox 345 3107 1926 3201">
     <span class='ocr_line' id='line_1_60' title="bbox 345 3107 1926 3201; baseline -0.009 -9"><span class='ocrx_word' id='word_1_429' title='bbox 345 3137 596 3197; x_wconf 84' lang='grc' dir='ltr'>παίοντος</span> <span class='ocrx_word' id='word_1_430' title='bbox 621 3132 891 3198; x_wconf 80' lang='grc' dir='ltr'>ἀπόδειξις</span> <span class='ocrx_word' id='word_1_431' title='bbox 917 3107 1188 3201; x_wconf 61' lang='grc' dir='ltr'>ἐναργήςς</span> <span class='ocrx_word' id='word_1_432' title='bbox 1216 3129 1341 3192; x_wconf 84' lang='grc' dir='ltr'><strong>Πῶς</strong></span> <span class='ocrx_word' id='word_1_433' title='bbox 1363 3128 1470 3198; x_wconf 83' lang='grc' dir='ltr'><strong>γὰρ</strong></span> <span class='ocrx_word' id='word_1_434' title='bbox 1492 3131 1549 3181; x_wconf 74' lang='grc' dir='ltr'>ὲν</span> <span class='ocrx_word' id='word_1_435' title='bbox 1572 3128 1761 3190; x_wconf 79' lang='grc' dir='ltr'>οὐσίας</span> <span class='ocrx_word' id='word_1_436' title='bbox 1789 3142 1926 3179; x_wconf 84' lang='grc' dir='ltr'>ταυ-</span> 
     </span>
    </p>
   </div>
   <div class='ocr_carea' id='block_1_61' title="bbox 2031 3107 3612 3201">
    <p class='ocr_par' dir='ltr' id='par_1_61' title="bbox 2031 3110 3612 3184">
     <span class='ocr_line' id='line_1_61' title="bbox 2031 3110 3612 3184; baseline -0.001 -15"><span class='ocrx_word' id='word_1_437' title='bbox 2031 3110 2221 3169; x_wconf 68' lang='grc' dir='ltr'>ειιιοιω</span> <span class='ocrx_word' id='word_1_438' title='bbox 2247 3114 2444 3169; x_wconf 89' lang='lat' dir='ltr'><strong>mentis</strong></span> <span class='ocrx_word' id='word_1_439' title='bbox 2473 3112 2836 3167; x_wconf 89' lang='lat' dir='ltr'><strong>certissimum</strong></span> <span class='ocrx_word' id='word_1_440' title='bbox 2863 3114 3284 3181; x_wconf 68' lang='lat' dir='ltr'><strong>argumentum?</strong></span> <span class='ocrx_word' id='word_1_441' title='bbox 3312 3112 3427 3181; x_wconf 84' lang='lat' dir='ltr'><strong>Quo</strong></span> <span class='ocrx_word' id='word_1_442' title='bbox 3456 3125 3612 3184; x_wconf 64' lang='lat' dir='ltr'><strong>paito</strong></span> 
     </span>
    </p>
   </div>
   <div class='ocr_carea' id='block_1_62' title="bbox 348 3212 1929 3296">
    <p class='ocr_par' dir='ltr' id='par_1_62' title="bbox 348 3212 1929 3296">
     <span class='ocr_line' id='line_1_62' title="bbox 348 3212 1929 3296; baseline -0.009 -16"><span class='ocrx_word' id='word_1_443' title='bbox 348 3228 529 3296; x_wconf 78' lang='grc' dir='ltr'>τότητι</span> <span class='ocrx_word' id='word_1_444' title='bbox 555 3222 760 3277; x_wconf 82' lang='grc' dir='ltr'>κατίδοι</span> <span class='ocrx_word' id='word_1_445' title='bbox 785 3238 868 3283; x_wconf 89' lang='grc' dir='ltr'><strong>τις</strong></span> <span class='ocrx_word' id='word_1_446' title='bbox 898 3219 962 3275; x_wconf 86' lang='grc' dir='ltr'><strong>ἂν</strong></span> <span class='ocrx_word' id='word_1_447' title='bbox 988 3218 1057 3273; x_wconf 83' lang='grc' dir='ltr'><strong>τὰ</strong></span> <span class='ocrx_word' id='word_1_448' title='bbox 1082 3221 1180 3288; x_wconf 82' lang='grc' dir='ltr'><strong>τῆς</strong></span> <span class='ocrx_word' id='word_1_449' title='bbox 1216 3218 1431 3286; x_wconf 81' lang='grc' dir='ltr'>φύσεως</span> <span class='ocrx_word' id='word_1_450' title='bbox 1464 3216 1641 3283; x_wconf 81' lang='grc' dir='ltr'>λόγοις</span> <span class='ocrx_word' id='word_1_451' title='bbox 1673 3212 1929 3267; x_wconf 79' lang='grc' dir='ltr'>τοσοῦτον</span> 
     </span>
    </p>
   </div>
   <div class='ocr_carea' id='block_1_63' title="bbox 350 3305 1931 3388">
    <p class='ocr_par' dir='ltr' id='par_1_63' title="bbox 350 3305 1931 3388">
     <span class='ocr_line' id='line_1_63' title="bbox 350 3305 1931 3388; baseline -0.01 -16"><span class='ocrx_word' id='word_1_452' title='bbox 350 3318 594 3388; x_wconf 83' lang='grc' dir='ltr'>ἀλλήλων</span> <span class='ocrx_word' id='word_1_453' title='bbox 647 3312 1012 3384; x_wconf 75' lang='grc' dir='ltr'>διῳκισμένας</span> <span class='ocrx_word' id='word_1_454' title='bbox 1054 3310 1280 3379; x_wconf 79' lang='grc' dir='ltr'>Ἕτερον</span> <span class='ocrx_word' id='word_1_455' title='bbox 1327 3308 1434 3378; x_wconf 83' lang='grc' dir='ltr'>γάρ</span> <span class='ocrx_word' id='word_1_456' title='bbox 1472 3324 1524 3361; x_wconf 90' lang='grc' dir='ltr'><strong>τι</strong></span> <span class='ocrx_word' id='word_1_457' title='bbox 1581 3306 1794 3376; x_wconf 83' lang='grc' dir='ltr'>θεότης,</span> <span class='ocrx_word' id='word_1_458' title='bbox 1836 3305 1931 3357; x_wconf 78' lang='grc' dir='ltr'>καὶ</span> 
     </span>
    </p>
   </div>
   <div class='ocr_carea' id='block_1_64' title="bbox 348 3398 1931 3483">
    <p class='ocr_par' dir='ltr' id='par_1_64' title="bbox 348 3398 1931 3483">
     <span class='ocr_line' id='line_1_64' title="bbox 348 3398 1931 3483; baseline -0.011 -17"><span class='ocrx_word' id='word_1_459' title='bbox 348 3413 531 3483; x_wconf 73' lang='grc' dir='ltr'>ἕτερον</span> <span class='ocrx_word' id='word_1_460' title='bbox 561 3406 943 3479; x_wconf 54' lang='lat' dir='ltr'><strong>avem)sz</strong></span> <span class='ocrx_word' id='word_1_461' title='bbox 997 3403 1121 3456; x_wconf 75' lang='grc' dir='ltr'>ἐπεὶ</span> <span class='ocrx_word' id='word_1_462' title='bbox 1166 3404 1326 3455; x_wconf 84' lang='grc' dir='ltr'>τίνων</span> <span class='ocrx_word' id='word_1_463' title='bbox 1358 3402 1436 3470; x_wconf 87' lang='lat' dir='ltr'><strong>(a)</strong></span> <span class='ocrx_word' id='word_1_464' title='bbox 1474 3400 1653 3469; x_wconf 76' lang='grc' dir='ltr'>φαμὲν</span> <span class='ocrx_word' id='word_1_465' title='bbox 1679 3398 1931 3468; x_wconf 81' lang='grc' dir='ltr'>γενέσθαι</span> 
     </span>
    </p>
   </div>
   <div class='ocr_carea' id='block_1_65' title="bbox 349 3485 1931 3575">
    <p class='ocr_par' dir='ltr' id='par_1_65' title="bbox 349 3485 1931 3575">
     <span class='ocr_line' id='line_1_65' title="bbox 349 3485 1931 3575; baseline -0.011 -17"><span class='ocrx_word' id='word_1_466' title='bbox 349 3503 447 3575; x_wconf 70' lang='grc' dir='ltr'>τὴν</span> <span class='ocrx_word' id='word_1_467' title='bbox 476 3503 692 3556; x_wconf 70' lang='grc' dir='ltr'>ἕνωσιν.</span> <span class='ocrx_word' id='word_1_468' title='bbox 716 3499 790 3551; x_wconf 81' lang='grc' dir='ltr'><strong>Οὐ</strong></span> <span class='ocrx_word' id='word_1_469' title='bbox 816 3497 922 3566; x_wconf 85' lang='grc' dir='ltr'><strong>γὰρ</strong></span> <span class='ocrx_word' id='word_1_470' title='bbox 944 3494 1001 3547; x_wconf 81' lang='grc' dir='ltr'><strong>’ἐν</strong></span> <span class='ocrx_word' id='word_1_471' title='bbox 1021 3493 1099 3563; x_wconf 82' lang='grc' dir='ltr'>τῷ</span> <span class='ocrx_word' id='word_1_472' title='bbox 1117 3492 1335 3564; x_wconf 82' lang='grc' dir='ltr'>ἀριθμῷ</span> <span class='ocrx_word' id='word_1_473' title='bbox 1352 3491 1486 3560; x_wconf 77' lang='grc' dir='ltr'>φαίη</span> <span class='ocrx_word' id='word_1_474' title='bbox 1513 3508 1595 3554; x_wconf 86' lang='grc' dir='ltr'><strong>τις</strong></span> <span class='ocrx_word' id='word_1_475' title='bbox 1615 3492 1680 3541; x_wconf 86' lang='grc' dir='ltr'><strong>ἂν</strong></span> <span class='ocrx_word' id='word_1_476' title='bbox 1706 3485 1843 3542; x_wconf 80' lang='grc' dir='ltr'>εἷναι</span> <span class='ocrx_word' id='word_1_477' title='bbox 1866 3488 1931 3540; x_wconf 80' lang='grc' dir='ltr'>τὰ</span> 
     </span>
    </p>
   </div>
   <div class='ocr_carea' id='block_1_66' title="bbox 347 3580 1683 3664">
    <p class='ocr_par' dir='ltr' id='par_1_66' title="bbox 347 3580 1683 3664">
     <span class='ocr_line' id='line_1_66' title="bbox 347 3580 1683 3664; baseline -0.013 -15"><span class='ocrx_word' id='word_1_478' title='bbox 347 3594 633 3664; x_wconf 64' lang='grc' dir='ltr'>ἑνούμενα,</span> <span class='ocrx_word' id='word_1_479' title='bbox 662 3589 800 3643; x_wconf 81' lang='grc' dir='ltr'>ἀλλὰ</span> <span class='ocrx_word' id='word_1_480' title='bbox 829 3586 922 3640; x_wconf 79' lang='grc' dir='ltr'><strong>δύο</strong></span> <span class='ocrx_word' id='word_1_481' title='bbox 952 3584 1136 3654; x_wconf 74' lang='grc' dir='ltr'>τυχὸν,</span> <span class='ocrx_word' id='word_1_482' title='bbox 1177 3584 1271 3635; x_wconf 73' lang='grc' dir='ltr'><strong>καὶ</strong></span> <span class='ocrx_word' id='word_1_483' title='bbox 1304 3581 1496 3634; x_wconf 78' lang='grc' dir='ltr'>τούτου</span> <span class='ocrx_word' id='word_1_484' title='bbox 1523 3580 1683 3649; x_wconf 81' lang='grc' dir='ltr'>πέρα.</span> 
     </span>
    </p>
   </div>
   <div class='ocr_carea' id='block_1_67' title="bbox 421 3758 1761 3839">
    <p class='ocr_par' dir='ltr' id='par_1_67' title="bbox 421 3758 1761 3839">
     <span class='ocr_line' id='line_1_67' title="bbox 421 3758 1761 3839; baseline -0.011 -14"><span class='ocrx_word' id='word_1_485' title='bbox 421 3773 480 3825; x_wconf 71' lang='grc' dir='ltr'>Β.</span> <span class='ocrx_word' id='word_1_486' title='bbox 514 3768 821 3839; x_wconf 83' lang='grc' dir='ltr'>Διαιρετέον</span> <span class='ocrx_word' id='word_1_487' title='bbox 852 3762 947 3818; x_wconf 72' lang='grc' dir='ltr'><strong>οὖν</strong></span> <span class='ocrx_word' id='word_1_488' title='bbox 973 3763 1080 3835; x_wconf 83' lang='grc' dir='ltr'>ἄρα</span> <span class='ocrx_word' id='word_1_489' title='bbox 1118 3762 1253 3831; x_wconf 72' lang='grc' dir='ltr'>φασὶ</span> <span class='ocrx_word' id='word_1_490' title='bbox 1279 3759 1347 3814; x_wconf 74' lang='grc' dir='ltr'>τὰ</span> <span class='ocrx_word' id='word_1_491' title='bbox 1374 3758 1761 3829; x_wconf 83' lang='grc' dir='ltr'>ὠνομασμένα.</span> 
     </span>
    </p>
   </div>
   <div class='ocr_carea' id='block_1_68' title="bbox 422 3849 1933 3929">
    <p class='ocr_par' dir='ltr' id='par_1_68' title="bbox 422 3849 1933 3929">
     <span class='ocr_line' id='line_1_68' title="bbox 422 3849 1933 3929; baseline -0.011 -12"><span class='ocrx_word' id='word_1_492' title='bbox 422 3866 485 3917; x_wconf 74' lang='grc' dir='ltr'>Δ.</span> <span class='ocrx_word' id='word_1_493' title='bbox 521 3863 595 3915; x_wconf 82' lang='grc' dir='ltr'><strong>Οὐ</strong></span> <span class='ocrx_word' id='word_1_494' title='bbox 626 3859 942 3929; x_wconf 79' lang='grc' dir='ltr'>διαιρετέον,</span> <span class='ocrx_word' id='word_1_495' title='bbox 977 3855 1052 3919; x_wconf 87' lang='grc' dir='ltr'>ὡς</span> <span class='ocrx_word' id='word_1_496' title='bbox 1089 3854 1248 3924; x_wconf 73' lang='grc' dir='ltr'>ἑιρην,</span> <span class='ocrx_word' id='word_1_497' title='bbox 1281 3854 1362 3916; x_wconf 83' lang='grc' dir='ltr'><strong>είς</strong></span> <span class='ocrx_word' id='word_1_498' title='bbox 1404 3851 1576 3923; x_wconf 79' lang='grc' dir='ltr'>ίδικὴν</span> <span class='ocrx_word' id='word_1_499' title='bbox 1616 3849 1933 3920; x_wconf 78' lang='grc' dir='ltr'>ἑτερότητα,</span> 
     </span>
    </p>
   </div>
   <div class='ocr_carea' id='block_1_69' title="bbox 351 3939 1935 4024">
    <p class='ocr_par' dir='ltr' id='par_1_69' title="bbox 351 3939 1935 4024">
     <span class='ocr_line' id='line_1_69' title="bbox 351 3939 1935 4024; baseline -0.011 -17"><span class='ocrx_word' id='word_1_500' title='bbox 351 3955 451 4024; x_wconf 77' lang='grc' dir='ltr'><strong>τὴν</strong></span> <span class='ocrx_word' id='word_1_501' title='bbox 493 3950 635 4006; x_wconf 86' lang='grc' dir='ltr'><strong>κατά</strong></span> <span class='ocrx_word' id='word_1_502' title='bbox 669 3966 731 4019; x_wconf 80' lang='grc' dir='ltr'><strong>γε</strong></span> <span class='ocrx_word' id='word_1_503' title='bbox 784 3948 846 4001; x_wconf 77' lang='grc' dir='ltr'><strong>τὸ</strong></span> <span class='ocrx_word' id='word_1_504' title='bbox 888 3946 980 4001; x_wconf 83' lang='grc' dir='ltr'><strong>ἀπ’</strong></span> <span class='ocrx_word' id='word_1_505' title='bbox 1024 3944 1269 4014; x_wconf 87' lang='grc' dir='ltr'>ἀλλήλων</span> <span class='ocrx_word' id='word_1_506' title='bbox 1313 3939 1452 3994; x_wconf 78' lang='grc' dir='ltr'>εἶναι</span> <span class='ocrx_word' id='word_1_507' title='bbox 1485 3941 1580 3993; x_wconf 74' lang='grc' dir='ltr'><strong>καὶ</strong></span> <span class='ocrx_word' id='word_1_508' title='bbox 1640 3939 1935 4008; x_wconf 83' lang='grc' dir='ltr'>ἀναμέρος.</span> 
     </span>
    </p>
   </div>
   <div class='ocr_carea' id='block_1_70' title="bbox 354 4028 1939 4115">
    <p class='ocr_par' dir='ltr' id='par_1_70' title="bbox 354 4028 1939 4115">
     <span class='ocr_line' id='line_1_70' title="bbox 354 4028 1939 4115; baseline -0.014 -14"><span class='ocrx_word' id='word_1_509' title='bbox 354 4043 753 4115; x_wconf 76' lang='grc' dir='ltr'>Σνγκομιστὲον</span> <span class='ocrx_word' id='word_1_510' title='bbox 783 4042 839 4095; x_wconf 81' lang='grc' dir='ltr'><strong>δὲ</strong></span> <span class='ocrx_word' id='word_1_511' title='bbox 877 4038 1075 4112; x_wconf 84' lang='grc' dir='ltr'>μᾶλλον</span> <span class='ocrx_word' id='word_1_512' title='bbox 1105 4040 1183 4100; x_wconf 76' lang='grc' dir='ltr'><strong>εἰς</strong></span> <span class='ocrx_word' id='word_1_513' title='bbox 1208 4035 1402 4088; x_wconf 69' lang='grc' dir='ltr'>ἕνωσιν</span> <span class='ocrx_word' id='word_1_514' title='bbox 1445 4032 1801 4101; x_wconf 80' lang='grc' dir='ltr'>ἁδιάτμητον.</span> <span class='ocrx_word' id='word_1_515' title='bbox 1838 4028 1939 4081; x_wconf 80' lang='grc' dir='ltr'><strong>Γέ-</strong></span> 
     </span>
    </p>
   </div>
   <div class='ocr_carea' id='block_1_71' title="bbox 357 4121 1935 4207">
    <p class='ocr_par' dir='ltr' id='par_1_71' title="bbox 357 4121 1935 4207">
     <span class='ocr_line' id='line_1_71' title="bbox 357 4121 1935 4207; baseline -0.013 -15"><span class='ocrx_word' id='word_1_516' title='bbox 357 4155 480 4207; x_wconf 77' lang='grc' dir='ltr'>γονε</span> <span class='ocrx_word' id='word_1_517' title='bbox 523 4137 632 4207; x_wconf 82' lang='grc' dir='ltr'><strong>γὰρ</strong></span> <span class='ocrx_word' id='word_1_518' title='bbox 672 4134 808 4204; x_wconf 69' lang='grc' dir='ltr'>σὰρξ</span> <span class='ocrx_word' id='word_1_519' title='bbox 842 4134 870 4183; x_wconf 86' lang='grc' dir='ltr'>ὁ</span> <span class='ocrx_word' id='word_1_520' title='bbox 899 4132 1087 4197; x_wconf 76' lang='grc' dir='ltr'>Λόγος.</span> <span class='ocrx_word' id='word_1_521' title='bbox 1132 4127 1274 4180; x_wconf 83' lang='grc' dir='ltr'>κατὰ</span> <span class='ocrx_word' id='word_1_522' title='bbox 1310 4126 1407 4195; x_wconf 86' lang='grc' dir='ltr'><strong>τὴν</strong></span> <span class='ocrx_word' id='word_1_523' title='bbox 1447 4123 1695 4177; x_wconf 77' lang='grc' dir='ltr'>Ἰωάννου</span> <span class='ocrx_word' id='word_1_524' title='bbox 1732 4121 1935 4189; x_wconf 77' lang='grc' dir='ltr'>φωνήν.</span> 
     </span>
    </p>
   </div>
   <div class='ocr_carea' id='block_1_72' title="bbox 426 4304 1941 4381">
    <p class='ocr_par' dir='ltr' id='par_1_72' title="bbox 426 4304 1941 4381">
     <span class='ocr_line' id='line_1_72' title="bbox 426 4304 1941 4381; baseline -0.009 -14"><span class='ocrx_word' id='word_1_525' title='bbox 426 4314 489 4368; x_wconf 76' lang='grc' dir='ltr'>Β.</span> <span class='ocrx_word' id='word_1_526' title='bbox 524 4313 587 4364; x_wconf 77' lang='grc' dir='ltr'><strong>Ἀ</strong></span> <span class='ocrx_word' id='word_1_527' title='bbox 600 4311 643 4381; x_wconf 78' lang='grc' dir='ltr'>ρ’</span> <span class='ocrx_word' id='word_1_528' title='bbox 676 4306 768 4363; x_wconf 75' lang='grc' dir='ltr'><strong>οὖν</strong></span> <span class='ocrx_word' id='word_1_529' title='bbox 798 4307 1176 4377; x_wconf 67' lang='grc' dir='ltr'>συγκέχυνται,</span> <span class='ocrx_word' id='word_1_530' title='bbox 1212 4306 1304 4357; x_wconf 73' lang='grc' dir='ltr'><strong>καὶ</strong></span> <span class='ocrx_word' id='word_1_531' title='bbox 1330 4305 1427 4373; x_wconf 81' lang='grc' dir='ltr'><strong>μία</strong></span> <span class='ocrx_word' id='word_1_532' title='bbox 1454 4304 1744 4371; x_wconf 78' lang='grc' dir='ltr'>γεγόνασιν</span> <span class='ocrx_word' id='word_1_533' title='bbox 1775 4304 1941 4373; x_wconf 78' lang='grc' dir='ltr'>ἄμφω</span> 
     </span>
    </p>
   </div>
   <div class='ocr_carea' id='block_1_73' title="bbox 365 4420 548 4475">
    <p class='ocr_par' dir='ltr' id='par_1_73' title="bbox 365 4420 548 4475">
     <span class='ocr_line' id='line_1_73' title="bbox 365 4420 548 4475; baseline 0 -18"><span class='ocrx_word' id='word_1_534' title='bbox 365 4420 548 4475; x_wconf 76' lang='grc' dir='ltr'>φυσις.</span> 
     </span>
    </p>
   </div>
   <div class='ocr_carea' id='block_1_74' title="bbox 2027 3204 3615 3274">
    <p class='ocr_par' dir='ltr' id='par_1_74' title="bbox 2027 3204 3615 3274">
     <span class='ocr_line' id='line_1_74' title="bbox 2027 3204 3615 3274; baseline -0.001 -14"><span class='ocrx_word' id='word_1_535' title='bbox 2027 3205 2175 3260; x_wconf 81' lang='lat' dir='ltr'><strong>enim</strong></span> <span class='ocrx_word' id='word_1_536' title='bbox 2223 3206 2274 3258; x_wconf 93' lang='lat' dir='ltr'><strong>in</strong></span> <span class='ocrx_word' id='word_1_537' title='bbox 2306 3220 2410 3257; x_wconf 88' lang='lat' dir='ltr'><strong>una</strong></span> <span class='ocrx_word' id='word_1_538' title='bbox 2446 3214 2607 3274; x_wconf 86' lang='lat' dir='ltr'><strong>atque</strong></span> <span class='ocrx_word' id='word_1_539' title='bbox 2643 3204 2830 3257; x_wconf 83' lang='lat' dir='ltr'><strong>eadem</strong></span> <span class='ocrx_word' id='word_1_540' title='bbox 2877 3204 3113 3257; x_wconf 85' lang='lat' dir='ltr'><strong>essentia</strong></span> <span class='ocrx_word' id='word_1_541' title='bbox 3146 3206 3444 3259; x_wconf 84' lang='lat' dir='ltr'><strong>consistere</strong></span> <span class='ocrx_word' id='word_1_542' title='bbox 3490 3222 3615 3274; x_wconf 90' lang='lat' dir='ltr'><strong>pos-</strong></span> 
     </span>
    </p>
   </div>
   <div class='ocr_carea' id='block_1_75' title="bbox 2034 3291 3612 3361">
    <p class='ocr_par' dir='ltr' id='par_1_75' title="bbox 2034 3291 3612 3361">
     <span class='ocr_line' id='line_1_75' title="bbox 2034 3291 3612 3361; baseline 0.001 -14"><span class='ocrx_word' id='word_1_543' title='bbox 2034 3291 2166 3356; x_wconf 84' lang='lat' dir='ltr'><strong>sint,</strong></span> <span class='ocrx_word' id='word_1_544' title='bbox 2194 3308 2316 3361; x_wconf 75' lang='lat' dir='ltr'><strong>quze</strong></span> <span class='ocrx_word' id='word_1_545' title='bbox 2348 3292 2555 3345; x_wconf 83' lang='lat' dir='ltr'><strong>ratione</strong></span> <span class='ocrx_word' id='word_1_546' title='bbox 2594 3302 2798 3345; x_wconf 64' lang='lat' dir='ltr'><strong>natura:</strong></span> <span class='ocrx_word' id='word_1_547' title='bbox 2829 3298 3115 3359; x_wconf 79' lang='lat' dir='ltr'><strong>tantopere</strong></span> <span class='ocrx_word' id='word_1_548' title='bbox 3166 3293 3305 3346; x_wconf 88' lang='lat' dir='ltr'><strong>iuler</strong></span> <span class='ocrx_word' id='word_1_549' title='bbox 3344 3310 3404 3348; x_wconf 87' lang='lat' dir='ltr'><strong>se</strong></span> <span class='ocrx_word' id='word_1_550' title='bbox 3452 3294 3612 3349; x_wconf 75' lang='lat' dir='ltr'><strong>dilic-</strong></span> 
     </span>
    </p>
   </div>
   <div class='ocr_carea' id='block_1_76' title="bbox 2035 3382 3611 3453">
    <p class='ocr_par' dir='ltr' id='par_1_76' title="bbox 2035 3382 3611 3453">
     <span class='ocr_line' id='line_1_76' title="bbox 2035 3382 3611 3453; baseline 0.003 -15"><span class='ocrx_word' id='word_1_551' title='bbox 2035 3384 2195 3438; x_wconf 83' lang='lat' dir='ltr'><strong>runt?</strong></span> <span class='ocrx_word' id='word_1_552' title='bbox 2223 3384 2380 3439; x_wconf 82' lang='lat' dir='ltr'><strong>Aliud</strong></span> <span class='ocrx_word' id='word_1_553' title='bbox 2411 3384 2551 3437; x_wconf 90' lang='lat' dir='ltr'><strong>enim</strong></span> <span class='ocrx_word' id='word_1_554' title='bbox 2586 3389 2670 3437; x_wconf 88' lang='lat' dir='ltr'><strong>est</strong></span> <span class='ocrx_word' id='word_1_555' title='bbox 2723 3382 2884 3447; x_wconf 86' lang='lat' dir='ltr'><strong>Deus,</strong></span> <span class='ocrx_word' id='word_1_556' title='bbox 2928 3383 3070 3437; x_wconf 88' lang='lat' dir='ltr'><strong>aliud</strong></span> <span class='ocrx_word' id='word_1_557' title='bbox 3102 3388 3299 3449; x_wconf 85' lang='lat' dir='ltr'><strong>homo;</strong></span> <span class='ocrx_word' id='word_1_558' title='bbox 3343 3386 3611 3453; x_wconf 87' lang='lat' dir='ltr'><strong>siquidem</strong></span> 
     </span>
    </p>
   </div>
   <div class='ocr_carea' id='block_1_77' title="bbox 2034 3473 3612 3545">
    <p class='ocr_par' dir='ltr' id='par_1_77' title="bbox 2034 3473 3612 3545">
     <span class='ocr_line' id='line_1_77' title="bbox 2034 3473 3612 3545; baseline 0 -15"><span class='ocrx_word' id='word_1_559' title='bbox 2034 3489 2219 3530; x_wconf 83' lang='lat' dir='ltr'><strong>eorum</strong></span> <span class='ocrx_word' id='word_1_560' title='bbox 2255 3475 2486 3528; x_wconf 80' lang='lat' dir='ltr'><strong>dicimus</strong></span> <span class='ocrx_word' id='word_1_561' title='bbox 2511 3473 2706 3528; x_wconf 74' lang='lat' dir='ltr'><strong>factam</strong></span> <span class='ocrx_word' id='word_1_562' title='bbox 2747 3488 2867 3529; x_wconf 90' lang='lat' dir='ltr'><strong>esse</strong></span> <span class='ocrx_word' id='word_1_563' title='bbox 2912 3475 3195 3527; x_wconf 89' lang='lat' dir='ltr'><strong>unitatem.</strong></span> <span class='ocrx_word' id='word_1_564' title='bbox 3243 3474 3428 3545; x_wconf 79' lang='lat' dir='ltr'><strong>Neque</strong></span> <span class='ocrx_word' id='word_1_565' title='bbox 3468 3481 3612 3532; x_wconf 88' lang='lat' dir='ltr'><strong>enim</strong></span> 
     </span>
    </p>
   </div>
   <div class='ocr_carea' id='block_1_78' title="bbox 2032 3564 3613 3636">
    <p class='ocr_par' dir='ltr' id='par_1_78' title="bbox 2032 3564 3613 3636">
     <span class='ocr_line' id='line_1_78' title="bbox 2032 3564 3613 3636; baseline 0.003 -19"><span class='ocrx_word' id='word_1_566' title='bbox 2032 3566 2302 3636; x_wconf 80' lang='lat' dir='ltr'><strong>quiSpiam</strong></span> <span class='ocrx_word' id='word_1_567' title='bbox 2358 3567 2629 3621; x_wconf 88' lang='lat' dir='ltr'><strong>censuerit</strong></span> <span class='ocrx_word' id='word_1_568' title='bbox 2681 3580 2845 3619; x_wconf 87' lang='lat' dir='ltr'><strong>unum</strong></span> <span class='ocrx_word' id='word_1_569' title='bbox 2902 3581 3130 3619; x_wconf 88' lang='lat' dir='ltr'><strong>numero</strong></span> <span class='ocrx_word' id='word_1_570' title='bbox 3183 3564 3322 3621; x_wconf 73' lang='lat' dir='ltr'><strong>facta</strong></span> <span class='ocrx_word' id='word_1_571' title='bbox 3377 3582 3497 3623; x_wconf 90' lang='lat' dir='ltr'><strong>esse</strong></span> <span class='ocrx_word' id='word_1_572' title='bbox 3549 3585 3613 3622; x_wconf 86' lang='lat' dir='ltr'><strong>ea</strong></span> 
     </span>
    </p>
   </div>
   <div class='ocr_carea' id='block_1_79' title="bbox 2036 3657 3258 3727">
    <p class='ocr_par' dir='ltr' id='par_1_79' title="bbox 2036 3657 3258 3727">
     <span class='ocr_line' id='line_1_79' title="bbox 2036 3657 3258 3727; baseline 0.002 -18"><span class='ocrx_word' id='word_1_573' title='bbox 2036 3674 2155 3726; x_wconf 77' lang='lat' dir='ltr'><strong>qua:</strong></span> <span class='ocrx_word' id='word_1_574' title='bbox 2186 3657 2331 3711; x_wconf 89' lang='lat' dir='ltr'><strong>unita</strong></span> <span class='ocrx_word' id='word_1_575' title='bbox 2364 3666 2511 3720; x_wconf 88' lang='lat' dir='ltr'><strong>sunt,</strong></span> <span class='ocrx_word' id='word_1_576' title='bbox 2548 3657 2641 3711; x_wconf 90' lang='lat' dir='ltr'><strong>sed</strong></span> <span class='ocrx_word' id='word_1_577' title='bbox 2677 3658 2803 3721; x_wconf 92' lang='lat' dir='ltr'><strong>duo,</strong></span> <span class='ocrx_word' id='word_1_578' title='bbox 2840 3667 2932 3711; x_wconf 90' lang='lat' dir='ltr'><strong>aut</strong></span> <span class='ocrx_word' id='word_1_579' title='bbox 2961 3657 3044 3710; x_wconf 80' lang='lat' dir='ltr'><strong>liis</strong></span> <span class='ocrx_word' id='word_1_580' title='bbox 3085 3657 3258 3727; x_wconf 84' lang='lat' dir='ltr'><strong>plura.</strong></span> 
     </span>
    </p>
   </div>
   <div class='ocr_carea' id='block_1_80' title="bbox 2111 3749 3614 3819">
    <p class='ocr_par' dir='ltr' id='par_1_80' title="bbox 2111 3749 3614 3819">
     <span class='ocr_line' id='line_1_80' title="bbox 2111 3749 3614 3819; baseline 0 -16"><span class='ocrx_word' id='word_1_581' title='bbox 2111 3751 2169 3803; x_wconf 76' lang='grc' dir='ltr'>Β.</span> <span class='ocrx_word' id='word_1_582' title='bbox 2204 3749 2529 3804; x_wconf 85' lang='lat' dir='ltr'><strong>Dividendas</strong></span> <span class='ocrx_word' id='word_1_583' title='bbox 2557 3749 2718 3818; x_wconf 82' lang='lat' dir='ltr'><strong>igitur</strong></span> <span class='ocrx_word' id='word_1_584' title='bbox 2744 3764 2866 3804; x_wconf 89' lang='lat' dir='ltr'><strong>esse</strong></span> <span class='ocrx_word' id='word_1_585' title='bbox 2899 3749 3048 3801; x_wconf 87' lang='lat' dir='ltr'><strong>aiunt</strong></span> <span class='ocrx_word' id='word_1_586' title='bbox 3082 3751 3179 3801; x_wconf 74' lang='lat' dir='ltr'><strong>llas</strong></span> <span class='ocrx_word' id='word_1_587' title='bbox 3206 3749 3614 3819; x_wconf 85' lang='lat' dir='ltr'><strong>appellationes.</strong></span> 
     </span>
    </p>
   </div>
   <div class='ocr_carea' id='block_1_81' title="bbox 2110 3840 3619 3911">
    <p class='ocr_par' dir='ltr' id='par_1_81' title="bbox 2110 3840 3619 3911">
     <span class='ocr_line' id='line_1_81' title="bbox 2110 3840 3619 3911; baseline 0.002 -18"><span class='ocrx_word' id='word_1_588' title='bbox 2110 3843 2175 3895; x_wconf 81' lang='grc' dir='ltr'>Δ.</span> <span class='ocrx_word' id='word_1_589' title='bbox 2218 3840 2331 3894; x_wconf 81' lang='lat' dir='ltr'><strong>Non</strong></span> <span class='ocrx_word' id='word_1_590' title='bbox 2366 3850 2490 3894; x_wconf 87' lang='lat' dir='ltr'><strong>sunt</strong></span> <span class='ocrx_word' id='word_1_591' title='bbox 2518 3840 2834 3905; x_wconf 63' lang='lat' dir='ltr'><strong>dividendus,</strong></span> <span class='ocrx_word' id='word_1_592' title='bbox 2880 3848 2937 3892; x_wconf 91' lang='grc' dir='ltr'><strong>ιιι</strong></span> <span class='ocrx_word' id='word_1_593' title='bbox 2976 3840 3113 3905; x_wconf 78' lang='lat' dir='ltr'><strong>dixi,</strong></span> <span class='ocrx_word' id='word_1_594' title='bbox 3152 3840 3203 3894; x_wconf 88' lang='lat' dir='ltr'><strong>in</strong></span> <span class='ocrx_word' id='word_1_595' title='bbox 3248 3842 3512 3911; x_wconf 84' lang='lat' dir='ltr'><strong>privatam</strong></span> <span class='ocrx_word' id='word_1_596' title='bbox 3555 3858 3619 3896; x_wconf 87' lang='lat' dir='ltr'><strong>ac</strong></span> 
     </span>
    </p>
   </div>
   <div class='ocr_carea' id='block_1_82' title="bbox 2041 3927 3617 4001">
    <p class='ocr_par' dir='ltr' id='par_1_82' title="bbox 2041 3927 3617 4001">
     <span class='ocr_line' id='line_1_82' title="bbox 2041 3927 3617 4001; baseline -0.001 -15"><span class='ocrx_word' id='word_1_597' title='bbox 2041 3931 2363 4001; x_wconf 84' lang='lat' dir='ltr'><strong>peculiarem</strong></span> <span class='ocrx_word' id='word_1_598' title='bbox 2391 3928 2786 3995; x_wconf 75' lang='lat' dir='ltr'><strong>diversitatem,</strong></span> <span class='ocrx_word' id='word_1_599' title='bbox 2828 3942 2947 3996; x_wconf 61' lang='lat' dir='ltr'><strong>quas</strong></span> <span class='ocrx_word' id='word_1_600' title='bbox 2979 3927 3173 3982; x_wconf 77' lang='lat' dir='ltr'><strong>elliciat</strong></span> <span class='ocrx_word' id='word_1_601' title='bbox 3204 3939 3263 3983; x_wconf 92' lang='lat' dir='ltr'><strong>ut</strong></span> <span class='ocrx_word' id='word_1_602' title='bbox 3296 3930 3553 3998; x_wconf 70' lang='lat' dir='ltr'><strong>sejunctze</strong></span> <span class='ocrx_word' id='word_1_603' title='bbox 3588 3949 3617 3984; x_wconf 76' lang='grc' dir='ltr'><strong>ιι</strong></span> 
     </span>
    </p>
   </div>
   <div class='ocr_carea' id='block_1_83' title="bbox 2040 4020 3620 4088">
    <p class='ocr_par' dir='ltr' id='par_1_83' title="bbox 2040 4020 3620 4088">
     <span class='ocr_line' id='line_1_83' title="bbox 2040 4020 3620 4088; baseline 0 -12"><span class='ocrx_word' id='word_1_604' title='bbox 2040 4038 2097 4077; x_wconf 87' lang='lat' dir='ltr'><strong>se</strong></span> <span class='ocrx_word' id='word_1_605' title='bbox 2129 4032 2316 4076; x_wconf 85' lang='lat' dir='ltr'><strong>mutuo</strong></span> <span class='ocrx_word' id='word_1_606' title='bbox 2350 4030 2407 4075; x_wconf 91' lang='lat' dir='ltr'><strong>et</strong></span> <span class='ocrx_word' id='word_1_607' title='bbox 2436 4020 2663 4074; x_wconf 88' lang='lat' dir='ltr'><strong>scorsim</strong></span> <span class='ocrx_word' id='word_1_608' title='bbox 2693 4021 2988 4073; x_wconf 85' lang='lat' dir='ltr'><strong>subsistant</strong></span> <span class='ocrx_word' id='word_1_609' title='bbox 3029 4036 3042 4071; x_wconf 88' lang='lat'><strong>:</strong></span> <span class='ocrx_word' id='word_1_610' title='bbox 3076 4020 3170 4073; x_wconf 90' lang='lat' dir='ltr'><strong>sed</strong></span> <span class='ocrx_word' id='word_1_611' title='bbox 3217 4021 3394 4088; x_wconf 90' lang='lat' dir='ltr'><strong>p0tius</strong></span> <span class='ocrx_word' id='word_1_612' title='bbox 3434 4021 3620 4076; x_wconf 67' lang='lat' dir='ltr'><strong>conle~</strong></span> 
     </span>
    </p>
   </div>
   <div class='ocr_carea' id='block_1_84' title="bbox 2043 4110 3615 4169">
    <p class='ocr_par' dir='ltr' id='par_1_84' title="bbox 2043 4110 3615 4169">
     <span class='ocr_line' id='line_1_84' title="bbox 2043 4110 3615 4169; baseline -0.001 -2"><span class='ocrx_word' id='word_1_613' title='bbox 2043 4115 2223 4169; x_wconf 69' lang='lat' dir='ltr'><strong>rendm</strong></span> <span class='ocrx_word' id='word_1_614' title='bbox 2274 4122 2399 4168; x_wconf 90' lang='lat' dir='ltr'><strong>sunt</strong></span> <span class='ocrx_word' id='word_1_615' title='bbox 2456 4113 2507 4165; x_wconf 90' lang='lat' dir='ltr'><strong>in</strong></span> <span class='ocrx_word' id='word_1_616' title='bbox 2568 4113 2827 4164; x_wconf 85' lang='lat' dir='ltr'><strong>unitatem</strong></span> <span class='ocrx_word' id='word_1_617' title='bbox 2885 4110 3335 4166; x_wconf 84' lang='lat' dir='ltr'><strong>iudissolubilem.</strong></span> <span class='ocrx_word' id='word_1_618' title='bbox 3382 4112 3615 4167; x_wconf 88' lang='lat' dir='ltr'><strong>Verbum</strong></span> 
     </span>
    </p>
   </div>
   <div class='ocr_carea' id='block_1_85' title="bbox 2044 4201 3363 4265">
    <p class='ocr_par' dir='ltr' id='par_1_85' title="bbox 2044 4201 3363 4265">
     <span class='ocr_line' id='line_1_85' title="bbox 2044 4201 3363 4265; baseline 0.001 -7"><span class='ocrx_word' id='word_1_619' title='bbox 2044 4207 2187 4259; x_wconf 87' lang='lat' dir='ltr'><strong>enim</strong></span> <span class='ocrx_word' id='word_1_620' title='bbox 2224 4220 2350 4260; x_wconf 84' lang='lat' dir='ltr'><strong>caro</strong></span> <span class='ocrx_word' id='word_1_621' title='bbox 2389 4206 2585 4258; x_wconf 76' lang='lat' dir='ltr'><strong>factum</strong></span> <span class='ocrx_word' id='word_1_622' title='bbox 2618 4214 2733 4265; x_wconf 83' lang='lat' dir='ltr'><strong>est,</strong></span> <span class='ocrx_word' id='word_1_623' title='bbox 2766 4213 2819 4256; x_wconf 93' lang='lat' dir='ltr'><strong>ut</strong></span> <span class='ocrx_word' id='word_1_624' title='bbox 2850 4201 3083 4258; x_wconf 74' lang='lat' dir='ltr'><strong>Joannes</strong></span> <span class='ocrx_word' id='word_1_625' title='bbox 3121 4213 3363 4259; x_wconf 88' lang='lat' dir='ltr'><strong>testatur.</strong></span> 
     </span>
    </p>
   </div>
   <div class='ocr_carea' id='block_1_86' title="bbox 2117 4294 3617 4365">
    <p class='ocr_par' dir='ltr' id='par_1_86' title="bbox 2117 4294 3617 4365">
     <span class='ocr_line' id='line_1_86' title="bbox 2117 4294 3617 4365; baseline 0.003 -18"><span class='ocrx_word' id='word_1_626' title='bbox 2117 4296 2174 4349; x_wconf 69' lang='lat' dir='ltr'><strong>li.</strong></span> <span class='ocrx_word' id='word_1_627' title='bbox 2217 4294 2464 4349; x_wconf 69' lang='lat' dir='ltr'><strong>Confusm</strong></span> <span class='ocrx_word' id='word_1_628' title='bbox 2505 4294 2687 4363; x_wconf 88' lang='lat' dir='ltr'><strong>itaque</strong></span> <span class='ocrx_word' id='word_1_629' title='bbox 2713 4302 2841 4345; x_wconf 82' lang='lat' dir='ltr'><strong>sunt</strong></span> <span class='ocrx_word' id='word_1_630' title='bbox 2886 4302 3123 4358; x_wconf 63' lang='lat' dir='ltr'><strong>naturae,</strong></span> <span class='ocrx_word' id='word_1_631' title='bbox 3155 4309 3370 4365; x_wconf 87' lang='lat' dir='ltr'><strong>unaque</strong></span> <span class='ocrx_word' id='word_1_632' title='bbox 3408 4310 3439 4351; x_wconf 91' lang='lat' dir='ltr'><strong>e</strong></span> <span class='ocrx_word' id='word_1_633' title='bbox 3483 4295 3617 4351; x_wconf 79' lang='lat' dir='ltr'><strong>dua—</strong></span> 
     </span>
    </p>
   </div>
   <div class='ocr_carea' id='block_1_87' title="bbox 2046 4386 2958 4442">
    <p class='ocr_par' dir='ltr' id='par_1_87' title="bbox 2046 4386 2958 4442">
     <span class='ocr_line' id='line_1_87' title="bbox 2046 4386 2958 4442; baseline -0.004 -2"><span class='ocrx_word' id='word_1_634' title='bbox 2046 4390 2147 4441; x_wconf 83' lang='lat' dir='ltr'><strong>lms</strong></span> <span class='ocrx_word' id='word_1_635' title='bbox 2185 4386 2395 4442; x_wconf 68' lang='lat' dir='ltr'><strong>eﬂet&#39;ta.</strong></span> <span class='ocrx_word' id='word_1_636' title='bbox 2956 4388 2958 4391; x_wconf 76' lang='grc'><em>’</em></span> 
     </span>
    </p>
   </div>
   <div class='ocr_carea' id='block_1_88' title="bbox 432 4462 1929 4554">
    <p class='ocr_par' dir='ltr' id='par_1_88' title="bbox 432 4462 1929 4554">
     <span class='ocr_line' id='line_1_88' title="bbox 432 4462 1929 4554; baseline -0.01 -5"><span class='ocrx_word' id='word_1_637' title='bbox 432 4462 667 4549; x_wconf 27' lang='grc' dir='ltr'>ΛδΕἴτα</span> <span class='ocrx_word' id='word_1_638' title='bbox 704 4489 787 4551; x_wconf 84' lang='grc' dir='ltr'><strong>τίς</strong></span> <span class='ocrx_word' id='word_1_639' title='bbox 815 4484 984 4549; x_wconf 77' lang='grc' dir='ltr'>οὕτως</span> <span class='ocrx_word' id='word_1_640' title='bbox 1012 4483 1375 4554; x_wconf 77' lang='grc' dir='ltr'>ἐμϐρόντητός</span> <span class='ocrx_word' id='word_1_641' title='bbox 1405 4500 1464 4535; x_wconf 87' lang='grc' dir='ltr'><strong>τε</strong></span> <span class='ocrx_word' id='word_1_642' title='bbox 1495 4483 1589 4535; x_wconf 74' lang='grc' dir='ltr'><strong>καὶ</strong></span> <span class='ocrx_word' id='word_1_643' title='bbox 1614 4483 1832 4554; x_wconf 72' lang='grc' dir='ltr'>ἀμαθὴς</span> <span class='ocrx_word' id='word_1_644' title='bbox 1852 4484 1929 4551; x_wconf 58' lang='grc' dir='ltr'>εἴη</span> 
     </span>
    </p>
   </div>
   <div class='ocr_carea' id='block_1_89' title="bbox 2031 4462 3628 4554">
    <p class='ocr_par' dir='ltr' id='par_1_89' title="bbox 2076 4478 3628 4550">
     <span class='ocr_line' id='line_1_89' title="bbox 2076 4478 3628 4550; baseline 0.001 -14"><span class='ocrx_word' id='word_1_645' title='bbox 2076 4536 2081 4540; x_wconf 72' lang='grc'><strong>,</strong></span> <span class='ocrx_word' id='word_1_646' title='bbox 2121 4482 2185 4536; x_wconf 77' lang='grc' dir='ltr'>Α.</span> <span class='ocrx_word' id='word_1_647' title='bbox 2226 4482 2292 4535; x_wconf 78' lang='grc' dir='ltr'><strong>Αἱ</strong></span> <span class='ocrx_word' id='word_1_648' title='bbox 2318 4481 2441 4550; x_wconf 88' lang='lat' dir='ltr'><strong>quis</strong></span> <span class='ocrx_word' id='word_1_649' title='bbox 2486 4480 2559 4532; x_wconf 87' lang='lat' dir='ltr'><strong>ita</strong></span> <span class='ocrx_word' id='word_1_650' title='bbox 2604 4478 2804 4534; x_wconf 84' lang='lat' dir='ltr'><strong>delirus</strong></span> <span class='ocrx_word' id='word_1_651' title='bbox 2845 4485 2937 4532; x_wconf 86' lang='lat' dir='ltr'><strong>aut</strong></span> <span class='ocrx_word' id='word_1_652' title='bbox 2981 4479 3265 4547; x_wconf 86' lang='lat' dir='ltr'><strong>imperitus</strong></span> <span class='ocrx_word' id='word_1_653' title='bbox 3307 4481 3412 4544; x_wconf 88' lang='lat' dir='ltr'><strong>sit,</strong></span> <span class='ocrx_word' id='word_1_654' title='bbox 3442 4492 3628 4537; x_wconf 81' lang='lat' dir='ltr'><strong>utaut</strong></span> 
     </span>
    </p>
   </div>
   <div class='ocr_carea' id='block_1_90' title="bbox 367 4575 1943 4653">
    <p class='ocr_par' dir='ltr' id='par_1_90' title="bbox 367 4575 1943 4653">
     <span class='ocr_line' id='line_1_90' title="bbox 367 4575 1943 4653; baseline -0.008 -13"><span class='ocrx_word' id='word_1_655' title='bbox 367 4588 431 4641; x_wconf 82' lang='grc' dir='ltr'><strong>ἂν</strong></span> <span class='ocrx_word' id='word_1_656' title='bbox 453 4584 585 4653; x_wconf 82' lang='grc' dir='ltr'><strong>ὡςῆ</strong></span> <span class='ocrx_word' id='word_1_657' title='bbox 625 4583 723 4653; x_wconf 76' lang='grc' dir='ltr'><strong>τὴν</strong></span> <span class='ocrx_word' id='word_1_658' title='bbox 761 4580 911 4633; x_wconf 81' lang='grc' dir='ltr'>Θείαν</span> <span class='ocrx_word' id='word_1_659' title='bbox 944 4577 1152 4631; x_wconf 79' lang='grc' dir='ltr'>οἴεσθαι</span> <span class='ocrx_word' id='word_1_660' title='bbox 1180 4575 1272 4628; x_wconf 78' lang='grc' dir='ltr'>τοῦ</span> <span class='ocrx_word' id='word_1_661' title='bbox 1309 4576 1483 4643; x_wconf 77' lang='grc' dir='ltr'>Λόγου</span> <span class='ocrx_word' id='word_1_662' title='bbox 1514 4575 1814 4646; x_wconf 76' lang='grc' dir='ltr'>τετράφθαι</span> <span class='ocrx_word' id='word_1_663' title='bbox 1839 4576 1943 4642; x_wconf 65' lang='grc' dir='ltr'><strong>φύς</strong></span> 
     </span>
    </p>
   </div>
   <div class='ocr_carea' id='block_1_91' title="bbox 368 4664 1947 4743">
    <p class='ocr_par' dir='ltr' id='par_1_91' title="bbox 368 4664 1947 4743">
     <span class='ocr_line' id='line_1_91' title="bbox 368 4664 1947 4743; baseline -0.008 -14"><span class='ocrx_word' id='word_1_664' title='bbox 368 4694 450 4728; x_wconf 84' lang='grc' dir='ltr'><strong>σιν</strong></span> <span class='ocrx_word' id='word_1_665' title='bbox 472 4677 550 4738; x_wconf 85' lang='grc' dir='ltr'>εἰς</span> <span class='ocrx_word' id='word_1_666' title='bbox 576 4673 713 4743; x_wconf 77' lang='grc' dir='ltr'>ὅπερ</span> <span class='ocrx_word' id='word_1_667' title='bbox 738 4670 838 4722; x_wconf 65' lang='grc' dir='ltr'>οὐκ</span> <span class='ocrx_word' id='word_1_668' title='bbox 870 4665 956 4739; x_wconf 81' lang='grc' dir='ltr'>ἦν,</span> <span class='ocrx_word' id='word_1_669' title='bbox 986 4666 1019 4737; x_wconf 77' lang='grc' dir='ltr'><strong>ἢ</strong></span> <span class='ocrx_word' id='word_1_670' title='bbox 1043 4666 1425 4737; x_wconf 78' lang='grc' dir='ltr'>μεταχωρῆσαι</span> <span class='ocrx_word' id='word_1_671' title='bbox 1452 4664 1550 4735; x_wconf 74' lang='grc' dir='ltr'>τὴν</span> <span class='ocrx_word' id='word_1_672' title='bbox 1572 4664 1772 4736; x_wconf 79' lang='grc' dir='ltr'>σάρκα,</span> <span class='ocrx_word' id='word_1_673' title='bbox 1805 4664 1947 4717; x_wconf 82' lang='grc' dir='ltr'>κατὰ</span> 
     </span>
    </p>
   </div>
   <div class='ocr_carea' id='block_1_92' title="bbox 368 4755 1944 4837">
    <p class='ocr_par' dir='ltr' id='par_1_92' title="bbox 368 4755 1944 4837">
     <span class='ocr_line' id='line_1_92' title="bbox 368 4755 1944 4837; baseline -0.006 -18"><span class='ocrx_word' id='word_1_674' title='bbox 368 4785 430 4837; x_wconf 84' lang='grc' dir='ltr'>γε</span> <span class='ocrx_word' id='word_1_675' title='bbox 472 4767 562 4820; x_wconf 86' lang='grc' dir='ltr'><strong>τὸν</strong></span> <span class='ocrx_word' id='word_1_676' title='bbox 595 4766 693 4837; x_wconf 82' lang='grc' dir='ltr'>τῆς</span> <span class='ocrx_word' id='word_1_677' title='bbox 738 4761 1075 4819; x_wconf 81' lang='grc' dir='ltr'>ἀλλοιώσεως</span> <span class='ocrx_word' id='word_1_678' title='bbox 1117 4757 1340 4827; x_wconf 79' lang='grc' dir='ltr'>τρόπον,</span> <span class='ocrx_word' id='word_1_679' title='bbox 1370 4758 1450 4819; x_wconf 81' lang='grc' dir='ltr'>εἰς</span> <span class='ocrx_word' id='word_1_680' title='bbox 1494 4755 1594 4826; x_wconf 83' lang='grc' dir='ltr'>τὴν</span> <span class='ocrx_word' id='word_1_681' title='bbox 1633 4755 1799 4808; x_wconf 80' lang='grc' dir='ltr'>αὐτοῦ</span> <span class='ocrx_word' id='word_1_682' title='bbox 1849 4756 1944 4809; x_wconf 79' lang='grc' dir='ltr'>τοῦ</span> 
     </span>
    </p>
   </div>
   <div class='ocr_carea' id='block_1_93' title="bbox 369 4846 1945 4929">
    <p class='ocr_par' dir='ltr' id='par_1_93' title="bbox 369 4846 1945 4929">
     <span class='ocr_line' id='line_1_93' title="bbox 369 4846 1945 4929; baseline -0.01 -16"><span class='ocrx_word' id='word_1_683' title='bbox 369 4861 544 4929; x_wconf 72' lang='grc' dir='ltr'>Λόγου</span> <span class='ocrx_word' id='word_1_684' title='bbox 570 4875 584 4923; x_wconf 91' lang='grc'><strong>;</strong></span> <span class='ocrx_word' id='word_1_685' title='bbox 635 4856 941 4926; x_wconf 73' lang='grc' dir='ltr'>Ἀμήχανον</span> <span class='ocrx_word' id='word_1_686' title='bbox 983 4851 1119 4919; x_wconf 68' lang='grc' dir='ltr'><strong>γάρ’</strong></span> <span class='ocrx_word' id='word_1_687' title='bbox 1161 4849 1260 4902; x_wconf 78' lang='grc' dir='ltr'><strong>ἕνα</strong></span> <span class='ocrx_word' id='word_1_688' title='bbox 1288 4864 1352 4915; x_wconf 76' lang='grc' dir='ltr'>γε</span> <span class='ocrx_word' id='word_1_689' title='bbox 1385 4846 1490 4917; x_wconf 74' lang='grc' dir='ltr'><strong>μὴν</strong></span> <span class='ocrx_word' id='word_1_690' title='bbox 1517 4847 1667 4910; x_wconf 71' lang='grc' dir='ltr'>Υἱὸν,</span> <span class='ocrx_word' id='word_1_691' title='bbox 1693 4849 1787 4902; x_wconf 75' lang='grc' dir='ltr'>καὶ</span> <span class='ocrx_word' id='word_1_692' title='bbox 1815 4849 1945 4919; x_wconf 82' lang='grc' dir='ltr'>μίαν</span> 
     </span>
    </p>
   </div>
   <div class='ocr_carea' id='block_1_94' title="bbox 370 4937 1945 5017">
    <p class='ocr_par' dir='ltr' id='par_1_94' title="bbox 370 4937 1945 5017">
     <span class='ocr_line' id='line_1_94' title="bbox 370 4937 1945 5017; baseline -0.015 -13"><span class='ocrx_word' id='word_1_693' title='bbox 370 4949 535 5004; x_wconf 75' lang='grc' dir='ltr'>αὐτοῦ</span> <span class='ocrx_word' id='word_1_694' title='bbox 573 4946 734 5017; x_wconf 83' lang='grc' dir='ltr'>φύσιν</span> <span class='ocrx_word' id='word_1_695' title='bbox 777 4940 916 4997; x_wconf 83' lang='grc' dir='ltr'><strong>εἷναί</strong></span> <span class='ocrx_word' id='word_1_696' title='bbox 957 4956 1157 5009; x_wconf 77' lang='grc' dir='ltr'>φαμεν,</span> <span class='ocrx_word' id='word_1_697' title='bbox 1188 4940 1289 4991; x_wconf 73' lang='grc' dir='ltr'><strong>κᾶν</strong></span> <span class='ocrx_word' id='word_1_698' title='bbox 1326 4940 1375 4991; x_wconf 78' lang='grc' dir='ltr'><strong>ει</strong></span> <span class='ocrx_word' id='word_1_699' title='bbox 1407 4940 1465 4990; x_wconf 82' lang='grc' dir='ltr'>ὲν</span> <span class='ocrx_word' id='word_1_700' title='bbox 1517 4937 1816 5008; x_wconf 73' lang='grc' dir='ltr'>προσλήψει</span> <span class='ocrx_word' id='word_1_701' title='bbox 1852 4957 1945 5007; x_wconf 76' lang='grc' dir='ltr'><strong>γε-</strong></span> 
     </span>
    </p>
   </div>
   <div class='ocr_carea' id='block_1_95' title="bbox 371 5026 1948 5107">
    <p class='ocr_par' dir='ltr' id='par_1_95' title="bbox 371 5026 1948 5107">
     <span class='ocr_line' id='line_1_95' title="bbox 371 5026 1948 5107; baseline -0.006 -17"><span class='ocrx_word' id='word_1_702' title='bbox 371 5039 559 5094; x_wconf 76' lang='grc' dir='ltr'>νέσθαι</span> <span class='ocrx_word' id='word_1_703' title='bbox 612 5036 831 5107; x_wconf 78' lang='grc' dir='ltr'>σαρκὸς.</span> <span class='ocrx_word' id='word_1_704' title='bbox 876 5032 1054 5103; x_wconf 74' lang='grc' dir='ltr'>ψυχὴν</span> <span class='ocrx_word' id='word_1_705' title='bbox 1103 5029 1333 5099; x_wconf 73' lang='grc' dir='ltr'>ἐχούσης</span> <span class='ocrx_word' id='word_1_706' title='bbox 1370 5026 1466 5097; x_wconf 81' lang='grc' dir='ltr'>τὴν</span> <span class='ocrx_word' id='word_1_707' title='bbox 1507 5028 1719 5097; x_wconf 74' lang='grc' dir='ltr'>νοερᾱω.</span> <span class='ocrx_word' id='word_1_708' title='bbox 1772 5027 1948 5083; x_wconf 78' lang='grc' dir='ltr'>Αὑτοῦ</span> 
     </span>
    </p>
   </div>
   <div class='ocr_carea' id='block_1_96' title="bbox 372 5117 1973 5200">
    <p class='ocr_par' dir='ltr' id='par_1_96' title="bbox 372 5117 1973 5200">
     <span class='ocr_line' id='line_1_96' title="bbox 372 5117 1973 5200; baseline -0.027 -4"><span class='ocrx_word' id='word_1_709' title='bbox 372 5130 506 5200; x_wconf 79' lang='grc' dir='ltr'>γὰρ,</span> <span class='ocrx_word' id='word_1_710' title='bbox 527 5128 600 5190; x_wconf 83' lang='grc' dir='ltr'>ὠς</span> <span class='ocrx_word' id='word_1_711' title='bbox 628 5122 784 5196; x_wconf 75' lang='grc' dir='ltr'>ἔφην,</span> <span class='ocrx_word' id='word_1_712' title='bbox 811 5123 1003 5192; x_wconf 73' lang='grc' dir='ltr'>γέγονε</span> <span class='ocrx_word' id='word_1_713' title='bbox 1035 5120 1098 5173; x_wconf 79' lang='grc' dir='ltr'><strong>τὸ</strong></span> <span class='ocrx_word' id='word_1_714' title='bbox 1119 5117 1480 5191; x_wconf 77' lang='grc' dir='ltr'>ἀνθρώπινον,</span> <span class='ocrx_word' id='word_1_715' title='bbox 1510 5118 1709 5171; x_wconf 81' lang='grc' dir='ltr'>νοεῖται</span> <span class='ocrx_word' id='word_1_716' title='bbox 1730 5118 1785 5171; x_wconf 71' lang='grc' dir='ltr'><strong>δὲ</strong></span> <span class='ocrx_word' id='word_1_717' title='bbox 1815 5119 1973 5188; x_wconf 16' lang='grc' dir='ltr'>πρὸς.</span> 
     </span>
    </p>
   </div>
   <div class='ocr_carea' id='block_1_97' title="bbox 300 5206 1953 5289">
    <p class='ocr_par' dir='ltr' id='par_1_97' title="bbox 300 5206 1953 5289">
     <span class='ocr_line' id='line_1_97' title="bbox 300 5206 1953 5289; baseline -0.007 -16"><span class='ocrx_word' id='word_1_718' title='bbox 300 5285 304 5289; x_wconf 23' lang='grc'><em>“</em></span> <span class='ocrx_word' id='word_1_719' title='bbox 376 5218 556 5289; x_wconf 71' lang='grc' dir='ltr'>ἡμῶν,</span> <span class='ocrx_word' id='word_1_720' title='bbox 590 5214 688 5288; x_wconf 73' lang='grc' dir='ltr'><strong>οὐχ</strong></span> <span class='ocrx_word' id='word_1_721' title='bbox 728 5215 949 5284; x_wconf 75' lang='grc' dir='ltr'>ἑτέρως,</span> <span class='ocrx_word' id='word_1_722' title='bbox 986 5211 1125 5283; x_wconf 75' lang='grc' dir='ltr'>πλὴν</span> <span class='ocrx_word' id='word_1_723' title='bbox 1167 5211 1248 5263; x_wconf 82' lang='grc' dir='ltr'>ὅτι</span> <span class='ocrx_word' id='word_1_724' title='bbox 1282 5208 1424 5262; x_wconf 76' lang='grc' dir='ltr'>κατὰ</span> <span class='ocrx_word' id='word_1_725' title='bbox 1459 5206 1645 5260; x_wconf 79' lang='grc' dir='ltr'>τοῦτον</span> <span class='ocrx_word' id='word_1_726' title='bbox 1680 5208 1841 5261; x_wconf 80' lang='grc' dir='ltr'>αὐτὸν</span> <span class='ocrx_word' id='word_1_727' title='bbox 1862 5208 1953 5262; x_wconf 81' lang='grc' dir='ltr'><strong>τὸν</strong></span> 
     </span>
    </p>
   </div>
   <div class='ocr_carea' id='block_1_98' title="bbox 377 5298 1477 5377">
    <p class='ocr_par' dir='ltr' id='par_1_98' title="bbox 377 5298 1477 5377">
     <span class='ocr_line' id='line_1_98' title="bbox 377 5298 1477 5377; baseline -0.01 -15"><span class='ocrx_word' id='word_1_728' title='bbox 377 5308 599 5377; x_wconf 76' lang='grc' dir='ltr'>τρόπον,</span> <span class='ocrx_word' id='word_1_729' title='bbox 628 5304 757 5367; x_wconf 73' lang='grc' dir='ltr'>Θεὸς</span> <span class='ocrx_word' id='word_1_730' title='bbox 788 5302 923 5375; x_wconf 82' lang='grc' dir='ltr'><strong>ὀμοῦ</strong></span> <span class='ocrx_word' id='word_1_731' title='bbox 954 5318 1014 5354; x_wconf 84' lang='grc' dir='ltr'><strong>τε</strong></span> <span class='ocrx_word' id='word_1_732' title='bbox 1044 5301 1138 5353; x_wconf 78' lang='grc' dir='ltr'><strong>καὶ</strong></span> <span class='ocrx_word' id='word_1_733' title='bbox 1171 5298 1477 5368; x_wconf 77' lang='grc' dir='ltr'>ἄνθρωπος.</span> 
     </span>
    </p>
   </div>
   <div class='ocr_carea' id='block_1_99' title="bbox 449 5385 1955 5466">
    <p class='ocr_par' dir='ltr' id='par_1_99' title="bbox 449 5385 1955 5466">
     <span class='ocr_line' id='line_1_99' title="bbox 449 5385 1955 5466; baseline -0.007 -14"><span class='ocrx_word' id='word_1_734' title='bbox 449 5396 512 5452; x_wconf 86' lang='grc' dir='ltr'>Β.</span> <span class='ocrx_word' id='word_1_735' title='bbox 552 5395 673 5466; x_wconf 73' lang='grc' dir='ltr'><strong>’Ἆρ’</strong></span> <span class='ocrx_word' id='word_1_736' title='bbox 702 5391 813 5456; x_wconf 75' lang='grc' dir='ltr'>οὖν,</span> <span class='ocrx_word' id='word_1_737' title='bbox 853 5394 915 5445; x_wconf 84' lang='grc' dir='ltr'><strong>οὑ</strong></span> <span class='ocrx_word' id='word_1_738' title='bbox 944 5390 1037 5445; x_wconf 76' lang='grc' dir='ltr'>δύο</span> <span class='ocrx_word' id='word_1_739' title='bbox 1075 5390 1268 5459; x_wconf 78' lang='grc' dir='ltr'>φύσεις</span> <span class='ocrx_word' id='word_1_740' title='bbox 1302 5385 1410 5441; x_wconf 76' lang='grc' dir='ltr'>εἷεν</span> <span class='ocrx_word' id='word_1_741' title='bbox 1444 5387 1531 5453; x_wconf 80' lang='grc' dir='ltr'>ἂν,</span> <span class='ocrx_word' id='word_1_742' title='bbox 1566 5388 1700 5442; x_wconf 75' lang='grc' dir='ltr'>Θεοῦ</span> <span class='ocrx_word' id='word_1_743' title='bbox 1734 5392 1831 5444; x_wconf 69' lang='grc' dir='ltr'>καὶ</span> <span class='ocrx_word' id='word_1_744' title='bbox 1860 5391 1955 5442; x_wconf 82' lang='grc' dir='ltr'><strong>ἀν-</strong></span> 
     </span>
    </p>
   </div>
   <div class='ocr_carea' id='block_1_100' title="bbox 381 5489 635 5561">
    <p class='ocr_par' dir='ltr' id='par_1_100' title="bbox 381 5489 635 5561">
     <span class='ocr_line' id='line_1_100' title="bbox 381 5489 635 5561; baseline -0.02 -17"><span class='ocrx_word' id='word_1_745' title='bbox 381 5489 600 5561; x_wconf 79' lang='grc' dir='ltr'>θρώπου</span> <span class='ocrx_word' id='word_1_746' title='bbox 622 5527 635 5539; x_wconf 94' lang='grc'><strong>.</strong></span> 
     </span>
    </p>
   </div>
   <div class='ocr_carea' id='block_1_101' title="bbox 451 5620 1494 5689">
    <p class='ocr_par' dir='ltr' id='par_1_101' title="bbox 451 5620 1494 5689">
     <span class='ocr_line' id='line_1_101' title="bbox 451 5620 1494 5689; baseline -0.005 -7"><span class='ocrx_word' id='word_1_747' title='bbox 451 5629 498 5662; x_wconf 77' lang='grc'><em>’³</em></span> <span class='ocrx_word' id='word_1_748' title='bbox 517 5626 717 5681; x_wconf 77' lang='lat' dir='ltr'><strong>lerem.</strong></span> <span class='ocrx_word' id='word_1_749' title='bbox 751 5638 825 5683; x_wconf 78' lang='lat' dir='ltr'><strong>Ix.</strong></span> <span class='ocrx_word' id='word_1_750' title='bbox 855 5622 908 5689; x_wconf 74' lang='grc'>1,</span> <span class='ocrx_word' id='word_1_751' title='bbox 935 5623 990 5676; x_wconf 72' lang='lat'><strong>2.</strong></span> <span class='ocrx_word' id='word_1_752' title='bbox 1066 5621 1111 5653; x_wconf 75' lang='lat'>“</span> <span class='ocrx_word' id='word_1_753' title='bbox 1142 5621 1244 5675; x_wconf 79' lang='lat' dir='ltr'><strong>lsa.</strong></span> <span class='ocrx_word' id='word_1_754' title='bbox 1277 5634 1412 5687; x_wconf 77' lang='lat' dir='ltr'><strong>ml,</strong></span> <span class='ocrx_word' id='word_1_755' title='bbox 1438 5620 1494 5678; x_wconf 87' lang='lat'><strong>8.</strong></span> 
     </span>
    </p>
   </div>
   <div class='ocr_carea' id='block_1_102' title="bbox 456 5736 1093 5813">
    <p class='ocr_par' dir='ltr' id='par_1_102' title="bbox 456 5736 1093 5813">
     <span class='ocr_line' id='line_1_102' title="bbox 456 5736 1093 5813; baseline -0.011 -15"><span class='ocrx_word' id='word_1_756' title='bbox 456 5744 530 5813; x_wconf 85' lang='lat' dir='ltr'><strong>(l)</strong></span> <span class='ocrx_word' id='word_1_757' title='bbox 561 5741 702 5810; x_wconf 81' lang='lat' dir='ltr'><strong>Lege</strong></span> <span class='ocrx_word' id='word_1_758' title='bbox 727 5738 952 5791; x_wconf 79' lang='grc' dir='ltr'>τούτων.</span> <span class='ocrx_word' id='word_1_759' title='bbox 996 5736 1093 5791; x_wconf 78' lang='lat' dir='ltr'><strong>En.</strong></span> 
     </span>
    </p>
   </div>
   <div class='ocr_carea' id='block_1_103' title="bbox 657 5829 1362 5892">
    <p class='ocr_par' dir='ltr' id='par_1_103' title="bbox 657 5829 1362 5892">
     <span class='ocr_line' id='line_1_103' title="bbox 657 5829 1362 5892; baseline -0.003 -1"><span class='ocrx_word' id='word_1_760' title='bbox 657 5833 929 5892; x_wconf 80' lang='lat' dir='ltr'><strong>PA&#39;l&#39;ltUL.</strong></span> <span class='ocrx_word' id='word_1_761' title='bbox 973 5829 1092 5890; x_wconf 81' lang='lat' dir='ltr'><strong>Gn.</strong></span> <span class='ocrx_word' id='word_1_762' title='bbox 1134 5829 1335 5889; x_wconf 83' lang='lat' dir='ltr'><strong>LXXV</strong></span> <span class='ocrx_word' id='word_1_763' title='bbox 1348 5876 1362 5889; x_wconf 94' lang='lat'><strong>.</strong></span> 
     </span>
    </p>
   </div>
   <div class='ocr_carea' id='block_1_104' title="bbox 2050 4572 3623 4649">
    <p class='ocr_par' dir='ltr' id='par_1_104' title="bbox 2050 4572 3623 4649">
     <span class='ocr_line' id='line_1_104' title="bbox 2050 4572 3623 4649; baseline 0.002 -21"><span class='ocrx_word' id='word_1_764' title='bbox 2050 4576 2287 4649; x_wconf 79' lang='lat' dir='ltr'><strong>divinam</strong></span> <span class='ocrx_word' id='word_1_765' title='bbox 2340 4581 2589 4627; x_wconf 89' lang='lat' dir='ltr'><strong>naturam</strong></span> <span class='ocrx_word' id='word_1_766' title='bbox 2644 4579 2905 4624; x_wconf 89' lang='lat' dir='ltr'><strong>mutatam</strong></span> <span class='ocrx_word' id='word_1_767' title='bbox 2953 4585 3072 4625; x_wconf 80' lang='lat' dir='ltr'><strong>esse</strong></span> <span class='ocrx_word' id='word_1_768' title='bbox 3128 4572 3178 4623; x_wconf 91' lang='lat' dir='ltr'><strong>in</strong></span> <span class='ocrx_word' id='word_1_769' title='bbox 3226 4572 3275 4625; x_wconf 90' lang='lat' dir='ltr'><strong>id</strong></span> <span class='ocrx_word' id='word_1_770' title='bbox 3324 4574 3466 4643; x_wconf 90' lang='lat' dir='ltr'><strong>quod</strong></span> <span class='ocrx_word' id='word_1_771' title='bbox 3518 4591 3623 4631; x_wconf 88' lang='lat' dir='ltr'><strong>non</strong></span> 
     </span>
    </p>
   </div>
   <div class='ocr_carea' id='block_1_105' title="bbox 2049 4663 3626 4729">
    <p class='ocr_par' dir='ltr' id='par_1_105' title="bbox 2049 4663 3626 4729">
     <span class='ocr_line' id='line_1_105' title="bbox 2049 4663 3626 4729; baseline -0.002 -6"><span class='ocrx_word' id='word_1_772' title='bbox 2049 4677 2168 4723; x_wconf 88' lang='lat' dir='ltr'><strong>erat</strong></span> <span class='ocrx_word' id='word_1_773' title='bbox 2199 4666 2492 4729; x_wconf 79' lang='lat' dir='ltr'><strong>existimet,</strong></span> <span class='ocrx_word' id='word_1_774' title='bbox 2541 4670 2635 4717; x_wconf 87' lang='lat' dir='ltr'><strong>aut</strong></span> <span class='ocrx_word' id='word_1_775' title='bbox 2691 4676 2910 4717; x_wconf 89' lang='lat' dir='ltr'><strong>carnem</strong></span> <span class='ocrx_word' id='word_1_776' title='bbox 2950 4663 3157 4716; x_wconf 83' lang='lat' dir='ltr'><strong>ratione</strong></span> <span class='ocrx_word' id='word_1_777' title='bbox 3202 4666 3517 4723; x_wconf 87' lang='lat' dir='ltr'><strong>mutationis</strong></span> <span class='ocrx_word' id='word_1_778' title='bbox 3572 4668 3626 4721; x_wconf 86' lang='lat' dir='ltr'><strong>in</strong></span> 
     </span>
    </p>
   </div>
   <div class='ocr_carea' id='block_1_106' title="bbox 2052 4753 3626 4825">
    <p class='ocr_par' dir='ltr' id='par_1_106' title="bbox 2052 4753 3626 4825">
     <span class='ocr_line' id='line_1_106' title="bbox 2052 4753 3626 4825; baseline -0.001 -12"><span class='ocrx_word' id='word_1_779' title='bbox 2052 4771 2297 4813; x_wconf 84' lang='lat' dir='ltr'><strong>naturam</strong></span> <span class='ocrx_word' id='word_1_780' title='bbox 2334 4756 2497 4811; x_wconf 77' lang='lat' dir='ltr'><strong>Verbi</strong></span> <span class='ocrx_word' id='word_1_781' title='bbox 2541 4754 2860 4809; x_wconf 83' lang='lat' dir='ltr'><strong>translatam</strong></span> <span class='ocrx_word' id='word_1_782' title='bbox 2906 4753 3120 4810; x_wconf 82' lang='lat' dir='ltr'><strong>fuisse?</strong></span> <span class='ocrx_word' id='word_1_783' title='bbox 3163 4755 3345 4825; x_wconf 78' lang='lat' dir='ltr'><strong>Neque</strong></span> <span class='ocrx_word' id='word_1_784' title='bbox 3392 4761 3537 4813; x_wconf 90' lang='lat' dir='ltr'><strong>enim</strong></span> <span class='ocrx_word' id='word_1_785' title='bbox 3575 4760 3626 4813; x_wconf 89' lang='lat' dir='ltr'><strong>id</strong></span> 
     </span>
    </p>
   </div>
   <div class='ocr_carea' id='block_1_107' title="bbox 2055 4844 3629 4916">
    <p class='ocr_par' dir='ltr' id='par_1_107' title="bbox 2055 4844 3629 4916">
     <span class='ocr_line' id='line_1_107' title="bbox 2055 4844 3629 4916; baseline 0.001 -13"><span class='ocrx_word' id='word_1_786' title='bbox 2055 4852 2163 4906; x_wconf 89' lang='lat' dir='ltr'><strong>ullo</strong></span> <span class='ocrx_word' id='word_1_787' title='bbox 2205 4849 2365 4904; x_wconf 90' lang='lat' dir='ltr'><strong>modo</strong></span> <span class='ocrx_word' id='word_1_788' title='bbox 2419 4850 2531 4902; x_wconf 78' lang='lat' dir='ltr'><strong>ﬁeri</strong></span> <span class='ocrx_word' id='word_1_789' title='bbox 2596 4855 2792 4915; x_wconf 85' lang='lat' dir='ltr'><strong>potest.</strong></span> <span class='ocrx_word' id='word_1_790' title='bbox 2848 4844 3021 4900; x_wconf 86' lang='lat' dir='ltr'><strong>Unum</strong></span> <span class='ocrx_word' id='word_1_791' title='bbox 3080 4861 3242 4916; x_wconf 89' lang='lat' dir='ltr'><strong>porro</strong></span> <span class='ocrx_word' id='word_1_792' title='bbox 3292 4847 3508 4916; x_wconf 70' lang='lat' dir='ltr'><strong>Filium,</strong></span> <span class='ocrx_word' id='word_1_793' title='bbox 3573 4863 3629 4906; x_wconf 87' lang='lat' dir='ltr'><strong>et</strong></span> 
     </span>
    </p>
   </div>
   <div class='ocr_carea' id='block_1_108' title="bbox 2057 4939 3626 5012">
    <p class='ocr_par' dir='ltr' id='par_1_108' title="bbox 2057 4939 3626 5012">
     <span class='ocr_line' id='line_1_108' title="bbox 2057 4939 3626 5012; baseline 0.001 -16"><span class='ocrx_word' id='word_1_794' title='bbox 2057 4959 2217 4998; x_wconf 83' lang='lat' dir='ltr'><strong>uuam</strong></span> <span class='ocrx_word' id='word_1_795' title='bbox 2255 4941 2425 5012; x_wconf 86' lang='lat' dir='ltr'><strong>ipsius</strong></span> <span class='ocrx_word' id='word_1_796' title='bbox 2453 4950 2700 4994; x_wconf 88' lang='lat' dir='ltr'><strong>naturam</strong></span> <span class='ocrx_word' id='word_1_797' title='bbox 2724 4944 2845 4994; x_wconf 81' lang='lat' dir='ltr'><strong>esse</strong></span> <span class='ocrx_word' id='word_1_798' title='bbox 2867 4939 3118 5003; x_wconf 78' lang='lat' dir='ltr'><strong>dicimus,</strong></span> <span class='ocrx_word' id='word_1_799' title='bbox 3156 4944 3364 4997; x_wconf 81' lang='lat' dir='ltr'><strong>tametsi</strong></span> <span class='ocrx_word' id='word_1_800' title='bbox 3405 4959 3626 4999; x_wconf 89' lang='lat' dir='ltr'><strong>carnem</strong></span> 
     </span>
    </p>
   </div>
   <div class='ocr_carea' id='block_1_109' title="bbox 2058 5031 3631 5103">
    <p class='ocr_par' dir='ltr' id='par_1_109' title="bbox 2058 5031 3631 5103">
     <span class='ocr_line' id='line_1_109' title="bbox 2058 5031 3631 5103; baseline -0.004 -14"><span class='ocrx_word' id='word_1_801' title='bbox 2058 5036 2237 5091; x_wconf 83' lang='lat' dir='ltr'><strong>anima</strong></span> <span class='ocrx_word' id='word_1_802' title='bbox 2290 5032 2623 5102; x_wconf 71' lang='lat' dir='ltr'><strong>intelligente</strong></span> <span class='ocrx_word' id='word_1_803' title='bbox 2673 5031 2949 5099; x_wconf 74' lang='lat' dir='ltr'><strong>praeditam</strong></span> <span class='ocrx_word' id='word_1_804' title='bbox 3016 5034 3393 5101; x_wconf 75' lang='lat' dir='ltr'><strong>assumpserit.</strong></span> <span class='ocrx_word' id='word_1_805' title='bbox 3457 5032 3631 5103; x_wconf 68' lang='lat' dir='ltr'><strong>Ipsius</strong></span> 
     </span>
    </p>
   </div>
   <div class='ocr_carea' id='block_1_110' title="bbox 2057 5122 3632 5194">
    <p class='ocr_par' dir='ltr' id='par_1_110' title="bbox 2057 5122 3632 5194">
     <span class='ocr_line' id='line_1_110' title="bbox 2057 5122 3632 5194; baseline -0.003 -11"><span class='ocrx_word' id='word_1_806' title='bbox 2057 5127 2228 5189; x_wconf 91' lang='lat' dir='ltr'><strong>enim,</strong></span> <span class='ocrx_word' id='word_1_807' title='bbox 2264 5133 2321 5176; x_wconf 90' lang='lat' dir='ltr'><strong>ut</strong></span> <span class='ocrx_word' id='word_1_808' title='bbox 2379 5124 2510 5185; x_wconf 77' lang='lat' dir='ltr'><strong>dixi,</strong></span> <span class='ocrx_word' id='word_1_809' title='bbox 2562 5122 2698 5177; x_wconf 78' lang='lat' dir='ltr'><strong>facta</strong></span> <span class='ocrx_word' id='word_1_810' title='bbox 2744 5131 2829 5176; x_wconf 85' lang='lat' dir='ltr'><strong>est</strong></span> <span class='ocrx_word' id='word_1_811' title='bbox 2881 5122 3207 5192; x_wconf 83' lang='lat' dir='ltr'><strong>immanitas.</strong></span> <span class='ocrx_word' id='word_1_812' title='bbox 3238 5122 3403 5194; x_wconf 75' lang='lat'><strong>736</strong></span> <span class='ocrx_word' id='word_1_813' title='bbox 3457 5126 3632 5194; x_wconf 83' lang='lat' dir='ltr'><strong>Atque</strong></span> 
     </span>
    </p>
   </div>
   <div class='ocr_carea' id='block_1_111' title="bbox 2059 5211 3631 5285">
    <p class='ocr_par' dir='ltr' id='par_1_111' title="bbox 2059 5211 3631 5285">
     <span class='ocr_line' id='line_1_111' title="bbox 2059 5211 3631 5285; baseline -0.002 -13"><span class='ocrx_word' id='word_1_814' title='bbox 2059 5218 2162 5272; x_wconf 85' lang='lat' dir='ltr'><strong>hoc</strong></span> <span class='ocrx_word' id='word_1_815' title='bbox 2190 5216 2405 5285; x_wconf 82' lang='lat' dir='ltr'><strong>quidem</strong></span> <span class='ocrx_word' id='word_1_816' title='bbox 2444 5223 2626 5283; x_wconf 83' lang='lat' dir='ltr'><strong>pacto,</strong></span> <span class='ocrx_word' id='word_1_817' title='bbox 2662 5226 2835 5283; x_wconf 83' lang='lat' dir='ltr'><strong>neque</strong></span> <span class='ocrx_word' id='word_1_818' title='bbox 2864 5211 2974 5267; x_wconf 79' lang='lat' dir='ltr'><strong>alio</strong></span> <span class='ocrx_word' id='word_1_819' title='bbox 3001 5212 3111 5267; x_wconf 90' lang='lat' dir='ltr'><strong>ullo</strong></span> <span class='ocrx_word' id='word_1_820' title='bbox 3142 5224 3392 5279; x_wconf 84' lang='lat' dir='ltr'><strong>censetur</strong></span> <span class='ocrx_word' id='word_1_821' title='bbox 3414 5231 3443 5269; x_wconf 89' lang='lat' dir='ltr'><strong>a</strong></span> <span class='ocrx_word' id='word_1_822' title='bbox 3476 5217 3631 5271; x_wconf 86' lang='lat' dir='ltr'><strong>nobis</strong></span> 
     </span>
    </p>
   </div>
   <div class='ocr_carea' id='block_1_112' title="bbox 2064 5302 3627 5362">
    <p class='ocr_par' dir='ltr' id='par_1_112' title="bbox 2064 5302 3627 5362">
     <span class='ocr_line' id='line_1_112' title="bbox 2064 5302 3627 5362; baseline -0.024 1"><span class='ocrx_word' id='word_1_823' title='bbox 2064 5309 2203 5362; x_wconf 83' lang='lat' dir='ltr'><strong>Deus</strong></span> <span class='ocrx_word' id='word_1_824' title='bbox 2226 5304 2384 5361; x_wconf 90' lang='lat' dir='ltr'><strong>simul</strong></span> <span class='ocrx_word' id='word_1_825' title='bbox 2413 5312 2468 5357; x_wconf 90' lang='lat' dir='ltr'><strong>et</strong></span> <span class='ocrx_word' id='word_1_826' title='bbox 2498 5304 2678 5360; x_wconf 83' lang='lat' dir='ltr'><strong>homo.</strong></span> <span class='ocrx_word' id='word_1_827' title='bbox 2941 5315 2949 5321; x_wconf 66' lang='grc' dir='ltr'><strong><em>τ</em></strong></span> <span class='ocrx_word' id='word_1_828' title='bbox 3296 5320 3307 5326; x_wconf 65' lang='grc' dir='ltr'><em>ρ</em></span> <span class='ocrx_word' id='word_1_829' title='bbox 3622 5302 3627 5309; x_wconf 63' lang='grc' dir='ltr'><strong>ν</strong></span> 
     </span>
    </p>
   </div>
   <div class='ocr_carea' id='block_1_113' title="bbox 2133 5378 3651 5463">
    <p class='ocr_par' dir='ltr' id='par_1_113' title="bbox 2133 5378 3651 5463">
     <span class='ocr_line' id='line_1_113' title="bbox 2133 5378 3651 5463; baseline -0.001 -12"><span class='ocrx_word' id='word_1_830' title='bbox 2133 5397 2213 5451; x_wconf 63' lang='grc' dir='ltr'>Β.</span> <span class='ocrx_word' id='word_1_831' title='bbox 2232 5395 2349 5453; x_wconf 82' lang='lat' dir='ltr'><strong>Non</strong></span> <span class='ocrx_word' id='word_1_832' title='bbox 2380 5402 2541 5451; x_wconf 86' lang='lat' dir='ltr'><strong>erunt</strong></span> <span class='ocrx_word' id='word_1_833' title='bbox 2562 5396 2748 5463; x_wconf 82' lang='lat' dir='ltr'><strong>itaque</strong></span> <span class='ocrx_word' id='word_1_834' title='bbox 2778 5393 2901 5451; x_wconf 62' lang='lat' dir='ltr'><strong>dum</strong></span> <span class='ocrx_word' id='word_1_835' title='bbox 2925 5400 3155 5457; x_wconf 70' lang='lat' dir='ltr'><strong>nam,</strong></span> <span class='ocrx_word' id='word_1_836' title='bbox 3178 5378 3275 5448; x_wconf 64' lang='grc' dir='ltr'>ὕει</span> <span class='ocrx_word' id='word_1_837' title='bbox 3303 5404 3357 5449; x_wconf 86' lang='lat' dir='ltr'><strong>et</strong></span> <span class='ocrx_word' id='word_1_838' title='bbox 3375 5379 3651 5450; x_wconf 71' lang='lat' dir='ltr'><strong>hominis.&#39;</strong></span> 
     </span>
    </p>
   </div>
   <div class='ocr_carea' id='block_1_114' title="bbox 3270 5816 3336 5877">
    <p class='ocr_par' dir='ltr' id='par_1_114' title="bbox 3270 5816 3336 5877">
     <span class='ocr_line' id='line_1_114' title="bbox 3270 5816 3336 5877; baseline 0.015 -1"><span class='ocrx_word' id='word_1_839' title='bbox 3270 5816 3336 5877; x_wconf 70' lang='lat'><strong>41</strong></span> 
     </span>
    </p>
   </div>
  </div>
