4122 6518
318 386 453 441 Η.θὸ

314 502 567 573 ἐροῦμεν·
602 520 620 551 ι
667 500 972 563 Πλανᾶσθε,
1010 502 1083 572 μὴ
1109 500 1311 564 ειδότες
1340 501 1438 565 τὰς
1463 502 1705 571 Γραφάς,
1755 502 1890 571 μηδὲ

1997 503 2095 574 ipsi
2159 504 2377 571 volunt,
2436 506 2632 560 iterum
2702 510 3204 577 respondebimus:

313 595 414 666 τὴν
444 592 674 661 δύναμιν
696 591 789 644 τοῦ
809 591 964 646 Θεοῦ.
990 610 1011 642 ι
1036 592 1109 645 Οὐ
1133 592 1241 663 γάρ
1269 587 1337 663 ἦν
1362 593 1644 664 ἀμήχανον
1659 592 1738 663 τῷ
1763 593 1888 662 φιλ-

318 682 594 753 ανθρῶπῳ
623 680 762 752 Θεῷ,
780 681 959 734 οίστδν
986 682 1179 736 ἑαυτὸν
1226 682 1508 753 ἀποφῆναι
1536 686 1648 747 τοῖς
1678 684 1778 754 τῆς
1798 685 1893 737 άν-

315 776 665 845 θρωπότητος
680 773 918 845 μέτροις,
935 773 1198 828 καὶτοῦτο
1214 776 1344 845 ἡμῖν
1357 780 1495 846 προῡ
1503 776 1739 845 πέφηνεν
1751 778 1893 829 αίνι-

314 864 617 936 γματωδῶς
636 864 837 918 Μωσέα
864 865 1262 934 μυσταγωγῶν,
1292 866 1387 918 καὶ
1412 864 1474 918 τὸ
1497 865 1598 935 τῆς
1623 866 1894 936 ὲνανθρω-

315 957 538 1025 πήσεως
595 955 897 1024 μυστήριον
947 955 1022 1018 ὡς
1076 957 1134 1008 ἐν
1187 955 1375 1017 τύποις
1423 955 1505 1007 ἔτι
1561 954 1888 1025 ζωγραφῶν.

327 1047 683 1116 Ἐπεφοίτησε
719 1048 817 1116 μὲν
854 1047 963 1117 γάρ
998 1049 1054 1099 ὲν
1084 1047 1214 1100 εἴδει
1258 1048 1430 1117 πυρὸς
1473 1046 1549 1116 τῷ
1582 1047 1727 1118 βάτῳ
1754 1048 1893 1100 κατά

314 1144 412 1216 τὴν
443 1143 649 1214 ἔρημον
681 1142 816 1211 (Η),
853 1142 949 1194 καὶ
977 1142 1315 1210 ὲνήστραπτε
1354 1141 1452 1210 μὲν
1489 1139 1568 1208 τῷ
1606 1141 1796 1210 θάμνῳ
1833 1142 1895 1193 τὸ

317 1237 447 1307 πῦρ,
485 1235 626 1306 πλὴν
667 1235 727 1286 οὐ
760 1232 1099 1286 κατεκαίετο.
1128 1231 1454 1301 Τεθαύμακε
1479 1231 1536 1284 δὲ
1578 1231 1675 1302 τὴν
1703 1232 1894 1299 ὅρασιν

314 1333 343 1383 ὁ
372 1329 597 1398 Μωσῆς.
632 1327 825 1379 Καίτοι
856 1324 971 1387 πῶς
998 1324 1097 1377 οὐκ
1119 1322 1431 1392 ἀσύμϐατον
1457 1320 1542 1392 εἴη
1573 1321 1638 1374 ἂν
1661 1322 1739 1392 τῷ
1760 1323 1895 1392 πυρὶ

314 1421 376 1474 τὸ
409 1419 602 1487 ξύλονς
636 1417 801 1486 Οἱστὴ
834 1416 890 1470 δὲ
927 1417 1075 1477 ὅπως
1118 1417 1238 1477 ταῖς
1268 1415 1366 1483 τῆς
1396 1413 1593 1483 φλογὸς
1635 1412 1894 1482 ὲμὸολαῖς

316 1515 349 1582 ὴ
380 1511 830 1580 εὐκατάπρηστος
862 1506 986 1576 ὕλη.
1029 1505 1168 1558 Ἀλλ’
1200 1500 1290 1576 ἦν,
1317 1504 1393 1567 ὡς
1432 1507 1559 1573 ἔφη.
1592 1503 1893 1585 μυστηρίου

316 1604 375 1658 τὸ
408 1605 595 1677 χρῆμα
639 1600 826 1663 τύπος,
853 1599 1036 1669 οἱστὴν
1082 1598 1475 1665 ἀποφαίνοντος
1514 1599 1624 1659 τοῖς
1646 1595 1747 1666 τῆς
1796 1598 1894 1648 ἀν-

315 1697 663 1766 θρωπότητος
689 1691 906 1762 μέτροις
929 1691 1026 1759 τὴν
1065 1689 1215 1742 θείαν
1240 1688 1333 1740 τοῦ
1364 1689 1539 1756 Λόγου
1579 1686 1763 1756 φύσιν,
1796 1687 1895 1739 αὐ-

315 1785 410 1839 τοῦ
466 1801 531 1851 γε
582 1782 888 1843 ἐθέλοντος·
942 1780 1194 1832 ἀδυνατεῖ
1250 1780 1359 1849 γάρ
1416 1777 1564 1847 αὐτῷ
1612 1777 1893 1842 παντελῶς

316 1876 488 1931 οὐδέν.

387 1968 447 2021 Β.
492 1968 579 2032 '5‘;
611 1964 670 2021 εὖ
714 1965 823 2020 ἴσθι
850 1983 953 2029 τοι,
997 1965 1072 2036 μὴ
1112 1964 1178 2019 ἂν
1210 1963 1428 2018 ἑλέσθαι
1461 1962 1528 2016 τά
1551 1961 1643 2014 ἴσα
1682 1964 1897 2032 φρονεῖν

315 2061 510 2123 αὐτοὺς
538 2060 733 2124 ἄλλως.

390 2155 454 2206 Α.
499 2153 693 2206 Ἔσται
726 2152 903 2206 τοίνυν
929 2154 1024 2206 καὶ
1068 2152 1453 2222 ἀναμφιλόγως
1471 2155 1619 2219 υἱοὺς
1644 2155 1773 2225 ἡμῖν
1806 2151 1898 2206 δύο

322 2245 410 2297 ea!
440 2246 695 2315 χριστοῦς
734 2246 764 2298 ὁ
810 2246 947 2316 πρὸς
985 2245 1167 2298 αὐτῶν
1206 2245 1525 2315 πρεσϐεύων
1556 2245 1733 2315 λόγος.

383 2335 449 2389 Β.
481 2333 585 2387 Δύο
623 2335 742 2403 μὲν,
790 2334 941 2404 οὐχί·
979 2335 1112 2404 φασὶ
1159 2334 1239 2396 δὲ,
1262 2335 1344 2386 ὄτι
1388 2329 1470 2398 εἷς
1520 2334 1620 2404 μέν
1671 2338 1820 2388 ἐστιν
1869 2335 1898 2385 ὁ

316 2423 458 2478 κατά
494 2421 654 2491 φύσιν
694 2422 843 2485 Υἱὸς,
875 2426 903 2476 ὁ
954 2425 1019 2477 ἐκ
1064 2423 1201 2476 Θεοῦ
1248 2424 1462 2495 Πατρὸς
1511 2426 1714 2493 Λόγοςο
1769 2428 1798 2477 ὁ
1841 2424 1897 2477 δὲ

316 2511 562 2585 ληφθεὶς,
603 2512 887 2582 ἄνθρωπος
921 2513 1022 2583 μέν
1046 2515 1163 2566 ὲστι
1222 2513 1381 2582 φύσει
1414 2514 1509 2568 τοῦ
1546 2516 1731 2579 Δαθὶδ,
1771 2517 1899 2579 Υἱὸς

313 2603 373 2656 δὲ
412 2603 503 2656 τοῦ
538 2602 693 2668 Θεοῦ,
718 2604 807 2658 διὰ
835 2605 896 2656 τὸ
917 2604 1239 2675 ἀνειλῆφθαι
1279 2606 1386 2659 ὑπὸ
1415 2607 1508 2660 τοῦ
1535 2607 1669 2661 Θεοῦ
1696 2608 1895 2676 Λόγου,

314 2694 376 2759 ὃς
411 2695 500 2748 διὰ
526 2693 587 2746 τδ
616 2696 995 2766 κατῳκηκέναι
1027 2699 1083 2749 ἐν
1119 2696 1267 2767 αὐτῷ
1298 2699 1390 2750 τὸν
1429 2698 1561 2752 Θεὸν
1585 2700 1777 2768 Λόγον,
1817 2702 1897 2764 εἱς

314 2786 520 2853 ταύτην
564 2781 697 2856 ἦλθε
742 2787 842 2855 τὴν
876 2786 1054 2852 ἀξίαν,
1104 2788 1198 2841 καὶ
1243 2790 1426 2858 χάριτι
1474 2790 1575 2861 τὴν
1625 2790 1898 2845 υἱοθεσίαν

317 2877 455 2948 εχει.

388 2971 452 3023 Α.
486 2966 621 3025 Εἶτα
656 2971 780 3023 ὅποι
812 2970 941 3024 ποτὲ
973 2970 1063 3023 νοῦ
1092 2972 1183 3025 καὶ
1215 2972 1412 3044 φρενὸς
1442 2973 1573 3027 ἴοιεν
1603 2973 1670 3027 ἂν
1694 2974 1743 3026 οἱ
1769 2973 1893 3043 τῇδε

317 3062 660 3129 δοξάζοντεςς
728 3064 798 3115 Ἦ
849 3062 966 3126 πῶς
1010 3065 1070 3116 οὐ
1126 3064 1290 3119 δυάδα
1330 3066 1493 3134 φασὶν
1555 3065 1708 3127 υἱῶν,
1764 3065 1897 3118 ἀπο-

316 3157 614 3221 διῖστάντες
652 3156 898 3227 ἀλλήλων
940 3157 1226 3227 ἄνθρωπον
1258 3159 1351 3212 καὶ
1386 3159 1553 3222 Θεόνς
1582 3159 1754 3229 Είπερ
1780 3159 1897 3211 ἐστὶ

316 3250 435 3305 κατ’
468 3250 686 3315 αὐτοὺς,
708 3251 737 3302 ὁ
764 3251 863 3319 μὲν
891 3250 1049 3316 φύσει
1078 3250 1169 3302 καὶ
1198 3250 1434 3318 ἀληθῶς,
1466 3253 1493 3302 ὁ
1515 3250 1571 3302 δὲ
1588 3250 1772 3319 χάριτι
1795 3251 1895 3320 τὴν

316 3341 588 3396 υἱοθεσίαν
630 3341 788 3411 ἔχων,
820 3341 914 3395 καὶ
942 3344 1022 3405 εἰς
1056 3340 1263 3412 ταύτην
1292 3337 1423 3411 ἦλθε
1462 3340 1559 3411 τὴν
1607 3340 1784 3407 ἀξίαν,
1819 3341 1897 3404 ὡς

317 3434 649 3497 ἐνοικοῦντος
699 3434 849 3505 αὐτῷ
890 3432 987 3487 τοῦ
1037 3433 1246 3500 Λόγου;
1286 3429 1414 3503 Ἆρ’
1451 3428 1687 3502 οὖνέχει
1734 3449 1787 3484 τι
1834 3433 1897 3486 τὸ

319 3526 502 3595 μεῖζον
533 3528 562 3580 ὁ
603 3527 723 3579 καθ’
758 3527 926 3597 ἡμᾶς,
962 3525 1302 3589 ἐναυλίζεται
1347 3524 1456 3593 γὰρ
1490 3525 1586 3577 καὶ
1619 3527 1750 3596 ἡμῖν
1797 3526 1896 3578 αὐ-

316 3618 448 3683 τοῖς,
485 3615 579 3669 καὶ
607 3615 742 3685 πρός
767 3631 831 3683 γε
859 3613 1019 3667 τοῦτο
1045 3614 1195 3684 ἡμᾶς
1232 3613 1456 3684 ὲμπεδοῖ
1478 3612 1652 3681 λέγων
1677 3616 1705 3667 ὁ
1734 3613 1895 3685 ἱερώ-

315 3725 473 3774 τατος
512 3707 758 3771 Παῦλος·
799 3726 819 3758 ι
865 3705 1069 3759 Τούτου
1113 3706 1274 3777 χάριν
1300 3706 1538 3775 κάμπτω
1582 3703 1653 3757 τὰ
1691 3705 1896 3773 γόνατά

319 3817 420 3870 μου
450 3800 586 3870 πρὸς
618 3800 711 3852 τὸν
737 3798 959 3870 Πατέρα
985 3794 1310 3870 τοῦΚυρίου
1350 3798 1507 3869 ἡμῶν
1546 3798 1719 3868 Ἰησοῦ
1749 3798 1890 3868 Χρι-

319 3889 464 3957 στοῦ,
514 3891 573 3958 ἐξ
618 3885 677 3944 οὗ
721 3892 872 3945 πᾶσα
916 3888 1121 3960 πατριά
1160 3890 1219 3943 ἐν
1257 3889 1472 3960 οὐρανῷ
1508 3889 1604 3942 καὶ
1660 3892 1753 3944 ἐπὶ
1788 3890 1894 3959 γῆς

314 3982 660 4054 ὀνομάζεται,
689 3982 775 4037 ἴνα
809 3982 884 4051 δῷ
912 3982 1040 4053 ὑμῖν
1068 3981 1211 4036 κατά
1232 3982 1324 4033 τὸν
1344 3980 1573 4035 πλοῦτον
1610 3981 1709 4051 τῆς
1733 3981 1894 4051 δόξης

314 4069 499 4134 αὐτοῦ,
529 4071 755 4140 δυνάμει
792 4070 1197 4142 κραταιωθῆναι
1226 4070 1314 4124 διὰ
1342 4071 1436 4124 τοῦ
1460 4070 1776 4141 Πνεύματος
1799 4072 1892 4123 αὐ-

312 4161 432 4225 τοῦ,
468 4163 793 4232 κατοικῆσαι
809 4163 900 4217 τὸν
927 4162 1161 4232 Χριστὸν
1182 4162 1238 4213 ὲν
1262 4164 1382 4223 ταῖς
1412 4160 1659 4231 καρδίαις
1680 4160 1886 4231 ὑμῶν.»

329 4255 420 4308 Ἐν
449 4255 578 4322 ἡμῖν
606 4254 714 4323 γάρ
747 4255 863 4305 ἐστι
880 4253 968 4305 διά
991 4252 1084 4305 τοῦ
1103 4253 1444 4322 Ππιεῦματος,
1478 4272 1496 4302 ι
1519 4254 1577 4304 ὲν
1605 4246 1651 4321 ᾧ
1687 4254 1893 4325 κράζο-

319 4357 441 4417 μεν·
469 4342 639 4395 Ἀὅϐᾶ
664 4344 693 4394 ὁ
721 4343 932 4412 Πατήρ.
949 4342 1184 4395 »Οὐκοῦν
1218 4342 1337 4395 κατ’
1362 4343 1553 4396 οὐδένα
1579 4344 1780 4415 τρόπον
1805 4346 1889 4417 εἴη

314 4438 381 4489 ἂν
408 4434 476 4488 τά
508 4433 630 4487 καθ’
656 4434 801 4504 ἡμᾶς
828 4434 886 4485 ἔν
926 4433 1154 4503 μείοσιν,
1192 4435 1240 4485 εἱ
1281 4433 1387 4486 τῶν
1422 4434 1554 4487 ἴσων
1588 4434 1890 4506 ὴξιούμεθα

1438 384 1628 451 QUOD
1666 384 1855 440 UNUS
1894 384 1999 439 SIT
2037 386 2401 442 CHRISTUS.

3431 394 3568 453 ιεθι

3285 528 3305 563 ι
3359 509 3570 568 Erratis

1996 594 2300 649 nescientes
2349 593 2682 663 Seripturas,
2734 610 2907 666 neque
2951 599 3246 666 potentiam
3306 597 3404 657 Dei
3424 600 3494 657 “.
3541 620 3563 656 ο

1994 682 2178 753 Neque
2200 685 2345 740 enim
2385 694 2506 740 erat
2537 683 2753 741 diﬂicile
2782 687 3167 759 benignissimo
3190 689 3299 745 Deo
3330 690 3570 760 gestablo

1997 774 2099 828 lem
2128 790 2192 830 ac
2223 775 2554 831 tolerabilem
2588 791 2645 832 se
2668 777 2912 846 praebere
2951 780 3201 835 humana:
3231 781 3565 849 conditioni;

1995 876 2157 935 atque
2220 867 2321 921 hoc
2367 869 2584 938 quidem
2648 868 2805 924 nobis
2865 868 3089 940 figurate
3132 872 3571 942 prmsignilicavit

1996 957 2175 1011 Mosen
2208 958 2501 1025 instruens,
2530 970 2585 1015 et
2613 961 3005 1017 incarnationis
3049 964 3365 1032 mysterium
3404 963 3568 1019 veluti

1996 1048 2050 1101 in
2095 1050 2234 1120 typis
2272 1052 2449 1106 adhuc
2503 1061 2667 1123 atque
2710 1054 2917 1109 umbris
2971 1056 3300 1109 describens.
3337 1055 3570 1112 Immisit

1995 1142 2137 1195 enim
2168 1158 2226 1195 se
2251 1142 2302 1196 in
2337 1143 2511 1198 forma
2540 1144 2678 1212 ignis
2707 1145 2841 1200 rubo
2870 1146 2922 1198 in
2947 1148 3181 1200 deserto.
3231 1145 3405 1214 Atque
3433 1146 3571 1215 ignis

1997 1234 2212 1300 quidem
2251 1234 2304 1288 in
2362 1234 2495 1289 rubo
2522 1236 2810 1301 emicabat,
2847 1251 3020 1306 neque
3075 1247 3252 1290 tamen
3304 1238 3573 1291 adureba-

1998 1332 2107 1378 tur.
2150 1323 2429 1380 Attonitus
2486 1325 2585 1379 fuit
2620 1329 2740 1395 ejus
2795 1328 2873 1380 rei
2930 1327 3238 1395 Spectaculo
3268 1325 3479 1397 Moyses
3499 1325 3570 1381 ”.

1997 1416 2157 1484 Atqui
2194 1430 2300 1485 quo
2331 1427 2485 1485 pacto
2509 1432 2614 1472 non
2647 1427 2771 1487 agat
2804 1418 2942 1485 ignis
2973 1418 3027 1471 in
3073 1418 3276 1488 lignum
3298 1417 3323 1471 ἱ)
3349 1416 3573 1472 Materia

1999 1518 2174 1563 tamen
2210 1524 2329 1576 quae
2354 1509 2510 1565 facile
2552 1510 2805 1565 succendi
2835 1519 3013 1578 potest
3039 1508 3268 1565 ﬂammae
3306 1510 3415 1562 vim
3453 1523 3575 1578 per-

2000 1600 2138 1653 tulit.
2190 1599 2459 1654 Cmterum
2512 1612 2652 1666 erat,
2708 1614 2767 1656 ut
2824 1603 2968 1668 dixi,
3028 1617 3117 1656 res
3168 1603 3283 1657 haec
3332 1601 3571 1673 mysterii

1998 1690 2375 1755 adumbratio,
2423 1693 2707 1773 declarans
2759 1694 3093 1749 tolerabilem
3154 1694 3271 1749 fore
3325 1694 3575 1749 lunuana:

2000 1780 2353 1836 imbecillitati
2399 1784 2635 1837 divinam
2684 1783 2843 1837 Verbi
2884 1794 3166 1847 naturam,
3194 1786 3311 1857 ipso
3355 1786 3429 1842 ita
3472 1800 3573 1841 vo-

1928 1867 1971 1922 B
2002 1873 2167 1927 lente.
2206 1871 2351 1926 Nihil
2383 1877 2526 1929 enim
2565 1876 2666 1944 ipsi
2694 1888 2779 1930 est
2804 1877 3157 1943 impossibile.

2070 1960 2134 2015 Β.
2177 1962 2347 2030 Quam
2380 1975 2527 2019 recte
2555 1966 2696 2020 nosti
2725 1965 2844 2022 iltos
2872 1966 2947 2021 ita
2974 1969 3181 2023 sentire
3214 1969 3396 2026 nollet

2071 2150 2137 2203 Α.
2198 2146 2343 2206 Duos
2394 2149 2575 2222 itaque
2629 2149 2813 2219 procul
2862 2152 3024 2207 dubio
3085 2148 3268 2221 alios,
3328 2159 3386 2209 et
3436 2151 3574 2210 duos

2001 2243 2235 2299 christos
2263 2243 2474 2298 illorum
2506 2258 2684 2297 sermo
2712 2242 2872 2298 nobis
2904 2242 3183 2314 praedicat.

2071 2332 2133 2387 Β.
2176 2334 2319 2389 Duos
2353 2334 2594 2403 quidem,
2637 2349 3005 2403 nequaquam.
3047 2334 3213 2388 Aiunt
3244 2347 3377 2390 vero
3409 2349 3578 2389 unum

2000 2423 2216 2493 quidem
2269 2438 2389 2478 esse
2427 2423 2721 2477 secumlmu
2762 2435 3010 2477 naturam
3057 2421 3293 2491 Filium,
3340 2423 3578 2481 Verbum

2000 2529 2064 2567 ex
2094 2515 2202 2568 Deo
2230 2513 2390 2568 Patre
2419 2533 2433 2569 :
2460 2530 2583 2567 emn
2610 2523 2790 2567 autem
2833 2516 2924 2583 qui
2968 2526 3280 2585 assumptus
3322 2527 3443 2580 est.
3478 2512 3578 2571 lto-

2001 2605 2201 2659 minem
2234 2606 2451 2673 quidem
2482 2618 2603 2658 csse
2629 2615 2821 2659 natura
2855 2604 3053 2672 David,
3086 2606 3179 2662 Dei
3224 2621 3353 2663 vero
3382 2606 3576 2662 Filium

2002 2695 2122 2750 ideo
2149 2697 2290 2766 quod
2322 2713 2350 2749 a
2382 2696 2560 2751 Verbo
2590 2697 2685 2752 Dei
2721 2708 3030 2768 assumptus
3053 2698 3145 2763 sit,
3176 2708 3231 2755 et
3267 2699 3391 2767 quia
3429 2699 3582 2754 iuba-

2000 2789 2187 2841 bitavit
2236 2788 2289 2841 in
2339 2788 2454 2855 ipso
2494 2787 2731 2843 Verbum
2779 2788 2906 2854 Dei,
2956 2789 3202 2844 eamdem
3257 2790 3576 2860 dignitatem

1999 2887 2323 2934 consecutus
2359 2888 2463 2941 est,
2494 2887 2548 2932 et
2578 2877 2746 2933 Filius
2772 2894 2870 2948 per
2900 2881 3129 2949 gratiam
3162 2888 3267 2935 est.

2069 2972 2133 3025 A.
2175 2970 2241 3023 At
2266 2984 2373 3039 quo
2414 2980 2568 3038 pacto
2593 2985 2697 3023 non
2734 2970 2848 3025 siut
2899 2981 3093 3026 emata:
3148 2971 3344 3028 mentis
3371 2971 3463 3043 qui
3500 2972 3577 3030 ita

1999 3061 2282 3118 statuunt?
2310 3062 2403 3115 aut
2427 3062 2695 3130 quomodo
2728 3076 2831 3116 non
2866 3061 3001 3117 duos
3038 3064 3176 3119 tilios
3210 3065 3454 3131 faciunt.
3493 3082 3581 3124 se-

2002 3165 2255 3224 parantes
2290 3154 2431 3209 inter
2464 3170 2522 3207 se
2563 3154 2833 3208 hominem
2860 3162 2914 3207 et
2940 3153 3147 3210 Deum?
3174 3156 3453 3226 Siquidem
3493 3166 3581 3213 est

1999 3259 2062 3296 ex
2114 3244 2355 3312 ipsorum
2410 3243 2677 3296 sententia
2721 3241 2809 3295 hic
2842 3242 3060 3310 quidem
3108 3255 3302 3300 natura
3340 3261 3405 3302 ac
3451 3261 3581 3303 vere

1999 3335 2191 3396 Filius,
2237 3334 2323 3387 hic
2359 3347 2488 3387 vero
2538 3348 2633 3402 per
2680 3332 3025 3401 adoptionem
3074 3335 3265 3392 eadem
3316 3339 3580 3408 dignitate

1999 3427 2255 3496 praiditus
2307 3434 2423 3490 est,
2491 3435 2676 3495 utpote
2728 3425 3066 3481 iultabitaute
3120 3429 3296 3500 ipsum
3359 3428 3580 3489 Verbo?

1998 3516 2171 3571 liabet
2198 3516 2381 3586 itaque
2409 3515 2615 3585 aliquid
2641 3517 2876 3585 amplius
2904 3517 3075 3572 nostri
3105 3518 3321 3576 similis.
3354 3520 3590 3579 lnhabi-'

2000 3617 2077 3662 tat
2124 3610 2267 3663 enim
2304 3608 2469 3661 etiam
2513 3608 2567 3661 in
2626 3609 2941 3679 nobisipsis.
2993 3607 3145 3676 Quod
3190 3620 3248 3667 et
3290 3612 3581 3670 conﬁrmat

1997 3698 2397 3754 sacratissimus
2425 3696 2624 3752 Paulus
2644 3698 2827 3752 dicens
2850 3713 2865 3749 :
2892 3698 3058 3770 738
3079 3719 3097 3750 ι
3113 3699 3282 3770 llujus
3302 3704 3378 3758 rei
3399 3708 3590 3773 gratia

1996 3792 2155 3847 ﬂecto
2215 3805 2387 3860 genua
2448 3805 2564 3843 mea
2597 3790 2664 3842 ad
2709 3787 2925 3843 Patrem
2982 3790 3197 3846 Domini
3246 3796 3414 3848 nostri
3448 3792 3576 3851 Jesu

1994 3882 2219 3947 Christi,
2267 3897 2334 3936 ex
2379 3895 2486 3948 quo
2514 3880 2690 3957 omnis
2745 3880 3044 3949 paternitas
3099 3883 3152 3936 in
3209 3884 3365 3940 caelis
3409 3895 3463 3941 et
3518 3887 3574 3941 in

1998 3983 2142 4028 terra
2185 3974 2516 4037 nominatur,
2560 3979 2619 4025 ut
2663 3971 2753 4025 det
2802 3973 2955 4027 vobis
3010 3976 3306 4031 secundum
3356 3977 3577 4035 divitias

1996 4066 2180 4137 gloria:
2206 4079 2339 4128 sum,
2374 4062 2570 4117 vit-tute
2614 4062 2953 4118 corroborari
2979 4078 3077 4133 per
3120 4065 3383 4136 Spiritum
3428 4072 3574 4142 ejus,

1998 4156 2244 4209 habitare
2269 4152 2546 4208 Christum
2582 4152 2637 4207 iu
2678 4154 3159 4222 cordibusjuostris
3192 4160 3232 4212 ί.
3272 4178 3291 4212 ι
3320 4158 3377 4216 in
3416 4163 3574 4219 nobis

1995 4248 2136 4300 enim
2170 4256 2255 4302 est
2290 4261 2385 4316 per
2412 4242 2726 4314 Spirituum
2764 4244 2818 4298 in
2874 4262 2980 4317 quo
3019 4248 3358 4307 clamamus:
3394 4254 3572 4319 Abba,

1994 4337 2158 4391 Pater
2181 4338 2224 4390 '.
2271 4354 2290 4387 ι
2339 4333 2493 4389 Nulla
2542 4335 2725 4404 itaque
2776 4337 2985 4393 ratione
3034 4339 3239 4395 erimus
3286 4342 3576 4401 inferiores

1995 4434 2156 4486 etiam
2190 4446 2320 4494 nos,
2344 4429 2613 4499 siquidem
2657 4431 2796 4485 Deus
2821 4446 2885 4484 ac
2915 4429 3079 4486 Pater
3112 4448 3210 4487 nos
3259 4434 3450 4491 iisdem
3480 4452 3575 4493 re-

314 4525 464 4598 παρὰ
496 4522 592 4577 τοῦ
625 4521 757 4576 Θεοῦ
803 4523 896 4575 καὶ
947 4524 1175 4594 Πατρός.
1218 4524 1413 4593 Χάριτι
1443 4525 1552 4596 γάρ
1594 4526 1685 4579 καὶ
1729 4528 1890 4597 ἡμεῖς

1997 4526 2096 4578 bus
2129 4524 2382 4590 dignatus
2426 4530 2530 4575 est.
2573 4518 2705 4574 Nam
2747 4532 2802 4576 et
2835 4536 2937 4578 nos
2971 4538 3066 4590 per
3098 4525 3327 4593 gratiam
3382 4538 3571 4585 sumus

315 4618 423 4671 υἱοὶ
460 4618 554 4670 καὶ
603 4613 735 4669 θεοί.
784 4614 1149 4687 Ἐνηνέγμεθα
1180 4614 1237 4667 δὲ
1290 4614 1509 4677 πάντως
1553 4617 1633 4678 εἰς
1687 4617 1890 4687 ταύτην

1998 4614 2090 4669 lilii
2131 4624 2183 4670 et
2206 4614 2302 4668 dii.
2330 4611 2601 4667 Trausiati
2634 4627 2796 4683 porro
2829 4628 3018 4669 sumus
3055 4616 3279 4671 omnino
3323 4619 3391 4674 ad
3419 4633 3572 4677 eam-

313 4710 414 4779 τὴν
447 4707 704 4779 ὑπερφυᾶ
734 4708 828 4759 καὶ
857 4704 1313 4778 τεθαυμασμένην
1342 4706 1519 4771 ἀξίαν,
1564 4706 1639 4770 ὡς
1665 4707 1888 4762 ἔναυλον

1997 4712 2119 4764 dem
2196 4708 2340 4761 illaut
2404 4707 2895 4775 superemineutem
2964 4720 3126 4778 atque
3193 4711 3570 4769 admirandam

314 4798 528 4868 ἔχοντες
564 4798 655 4851 τδν
701 4799 965 4870 μονογενῆ
1007 4797 1102 4850 τοῦ
1141 4796 1273 4851 Θεοῦ
1308 4797 1500 4866 Λόγον.
1549 4801 1786 4854 Ἀνόσιον
1831 4801 1889 4855 δὲ

1997 4800 2334 4870 dignitatem,
2374 4808 2559 4868 utpote
2608 4799 2943 4855 iubabitante
2995 4801 3050 4856 in
3104 4803 3258 4858 nobis
3294 4806 3572 4876 uuigenito

314 4886 408 4939 καὶ
439 4888 787 4959 ἀπόπληκτον
821 4888 1121 4952 παντελῶς,
1147 4888 1209 4942 τὸ
1257 4887 1522 4959 ἠξιῶσθαι
1569 4888 1746 4959 λέγειν
1786 4892 1887 4944 αὑ-

1997 4893 2088 4947 Dci
2123 4892 2317 4947 Verbo.
2354 4891 2579 4961 Impimu
2616 4906 2743 4946 vero
2774 4904 2828 4945 et
2870 4893 3165 4948 absurdum
3208 4909 3434 4965 prorsus
3460 4897 3569 4953 lue

312 4975 438 5039 τοὺς
470 4979 567 5047 τῆς
615 4977 883 5042 υἱοθεσίας
914 4980 1006 5031 τὸν
1055 4978 1283 5047 Ἰησοῦν,
1334 4977 1428 5031 καὶ
1475 4978 1551 5041 ὡς
1577 4982 1634 5032 ὲν
1665 4981 1885 5052 χάριτος

1997 4985 2065 5037 rit
2097 4983 2277 5037 dicere
2317 4981 2568 5051 dignatus
2610 4997 2733 5037 esse
2784 4996 2881 5037 nos
2922 4980 3108 5038 Iesum
3157 4982 3455 5052 ﬁliatione,
3502 5000 3569 5043 ac

316 5066 481 5137 μοίρᾳ
505 5067 603 5138 τὴν
630 5070 721 5122 ἐπὶ
752 5069 885 5139 τῷδε
905 5071 1060 5134 δόξαν
1086 5070 1245 5124 ἑλεῖν.

1998 5075 2156 5127 veluti
2184 5088 2279 5141 per
2299 5056 2527 5145 gratiam
2569 5074 2712 5130 hunc
2742 5074 2999 5130 honorem
3027 5076 3322 5146 accepisse.

2063 5166 2125 5221 Β.
2169 5165 2266 5222 Dic
2305 5165 2596 5236 quomodo.

2065 5256 2130 5309 Α.
2172 5253 2376 5310 Dicam.
2401 5253 2642 5310 Primum
2676 5257 2845 5323 enim,
2882 5268 2940 5311 ut
2982 5257 3115 5324 dixi,
3147 5257 3393 5315 dirersus
3423 5259 3567 5315 exsl-

383 5159 446 5213 B.
475 5161 714 5230 Φράσαις
741 5162 809 5217 ἂν
834 5166 1001 5228 ὅπως.

382 5250 446 5303 Α.
490 5250 598 5302 Καὶ
626 5251 786 5321 μάλα.
828 5254 1048 5325 Πρῶτον
1079 5256 1179 5324 μὲν
1225 5257 1356 5328 γὰρ,
1390 5256 1464 5321 ὡς
1507 5256 1664 5326 ἔφην,
1698 5255 1883 5328 ἕτερος

382 5429 426 5461 ⁶⁶
460 5427 649 5483 Matth.
702 5443 838 5493 nit,
870 5429 957 5483 29.
1032 5431 1078 5462 "
1124 5433 1291 5487 Exod.
1328 5450 1411 5499 ιη,
1443 5437 1478 5490 2
1513 5450 1668 5507 seqq.
1746 5435 1761 5467 ‘
1794 5433 1893 5504 Epi

2041 5449 2122 5497 ut,
2165 5434 2352 5489 “~16.
2430 5436 2449 5465 '
2481 5431 2657 5487 Galat.
2690 5447 2763 5499 ιν,
2796 5433 2849 5488 6.

1539 5612 1688 5671 BDN.
1733 5612 2056 5671 VULCANII
2096 5612 2324 5669 ΝΟΤΑΕ.

386 5785 496 5851 ιιι)
534 5782 761 5854 Cyrinus
787 5782 1069 5855 Glophyris
1110 5787 1167 5841 in
1201 5785 1443 5844 Eaedem
1474 5802 1593 5859 cap.
1624 5790 1680 5855 3,
1713 5790 1765 5845 id
1792 5788 2230 5871 latius_explicat.
