4122 6572
531 423 672 482 ηπ
1559 411 1614 464 S.
1654 408 1931 467 CYRILL‘I
1972 407 2444 463 ALEXANDI'HNI
2483 405 2807 463 ARCHIEP.
3654 403 3812 459 {296

533 551 685 599 stetis
750 534 1039 607 separatim
1090 532 1260 588 Filius
1307 540 1359 585 et
1407 531 1659 586 Christus
1714 540 1770 586 et
1815 531 2103 595 Dominus,

2235 534 2284 583 δν
2327 530 2508 593 ίδικῶς
2561 528 2686 590 Υίὸς
2716 528 2810 580 καὶ
2835 526 3068 597 Χριστὸς
3111 525 3203 577 καὶ
3236 523 3457 593 Κύριος,
3500 526 3651 594 παρὰ
3694 525 3812 575 τὸν

532 640 731 703 praeter
756 602 904 682 illum
947 625 1036 695 qui
1078 638 1205 678 vere
1234 632 1291 677 et
1330 622 1623 677 secundum
1666 629 1950 686 naturam,
1978 620 2105 676 hinc

2235 618 2385 688 ιληθῆ
2418 634 2477 670 τι
2508 617 2602 671 καὶ
2641 616 2782 669 κατὰ
2810 616 2992 684 φύσιν,
3041 613 3199 667 νοοῖτ⁹
3233 611 3298 665 ἂν
3345 610 3617 666 ἐντεῦθεν.
3660 602 3845 665 Εἷτί

534 696 885 792 intelligatur.
925 717 1194 772 Praeterea
1220 715 1361 769 aliud
1391 714 1556 768 etiam
1589 712 1882 767 absurdum
1915 725 2107 767 conse-

2235 706 2349 776 πρὸς
2393 703 2587 774 τούτῳ,
2618 704 2713 756 καὶ
2742 702 2929 772 ἕτερόν
2965 717 3019 754 τι
3057 696 3165 753 τῶν
3197 700 3494 770 ἀμηχάνων
3525 702 3810 771 είσκρὶνε-

534 816 742 886 quitur,
771 811 1044 880 rectisque
1071 805 1574 863 ratiocinationibus
1604 817 1927 872 repugnans.

2235 816 2321 861 :at,
2354 799 2447 851 καὶ
2473 800 2584 861 τοῖς
2604 800 2685 860 εἰς
2714 795 2981 867 ὀρθότητα
3010 796 3291 866 λογισμοῖς
3319 797 3420 849 οῦκ
3451 798 3812 860 ἀπεοικότως

2211 888 2685 959 ἁντανιστάμενον.

605 990 669 1045 Β.
711 985 1023 1056 Quidnam?

608 1080 675 1137 Δ.
718 1074 1161 1147 Sapientissimus
1208 1068 1445 1125 Joannes
1505 1067 1571 1122 de
1622 1066 1838 1121 Christo
1885 1064 2107 1132 inquit:

544 1190 564 1226 ι
598 1170 655 1225 ln
706 1170 922 1241 propria
971 1164 1149 1227 venit,
1202 1171 1258 1216 et
1311 1158 1393 1214 sui
1438 1172 1560 1212 eum
1610 1172 1715 1210 nou
1768 1162 2109 1224 receperunt.

541 1264 819 1331 Quotquot
853 1267 1030 1312 autem
1066 1261 1385 1323 receperunt
1410 1264 1555 1315 eum,
1585 1249 1732 1302 dedit
1761 1247 1840 1301 eis
1873 1255 2112 1315 potesta-

543 1363 650 1411 tem
680 1351 822 1407 ﬁlios
870 1347 961 1401 Dei
998 1345 1113 1400 iieri
1145 1343 1186 1398 ³.
1232 1361 1250 1395 ι
1283 1340 1384 1407 Qui
1427 1354 1555 1408 ergo
1582 1353 1676 1405 per
1710 1336 1938 1406 gratiam
1978 1335 2114 1388 ﬁlia-

543 1447 744 1502 tionem
803 1447 1125 1497 consecutus
1178 1442 1295 1498 est,
1348 1440 1402 1487 et
1456 1430 1745 1485 ascititiam
1802 1427 2113 1496 dignitatem
2182 1438 2185 1443 ‘

2286 981 2345 1033 Β.
2386 981 2458 1033 Τὸ
2486 981 2637 1034 ποῖόν
2663 999 2714 1034 τι
2750 983 2891 1052 (me;

2284 1072 2350 1126 A.
2404 1071 2462 1123 '0
2512 1071 2785 1140 πάνσοφος
2841 1071 3094 1140 Ἰωάννης
3139 1070 3267 1141 περὶ
3318 1070 3553 1141 Χριστοῦ
3608 1087 3813 1143 φησιν’

2219 1180 2239 1215 ι
2281 1165 2377 1227 Είς
2397 1163 2464 1218 τὰ
2495 1163 2603 1217 ίδια
2631 1160 2784 1235 ἦλθε,
2814 1164 2910 1215 καὶ
2940 1164 2988 1215 oi
3020 1162 3141 1215 ῖδιοι
3165 1162 3327 1216 αὐτὸν
3363 1164 3426 1217 οὐ
3460 1163 3812 1235 παρέλαϐον.

2216 1255 2373 1307 Ὅσοι
2401 1254 2455 1308 δὲ
2488 1254 2677 1307 ἔλαϐον
2704 1252 2886 1316 αὐτόν,
2923 1252 3122 1306 ἔδωκεν
3143 1254 3328 1316 αὐτοῖς
3356 1252 3606 1317 ἐξουσίαν
3628 1255 3818 1307 τέκνα.

2215 1347 2349 1401 Θεοῦ
2409 1347 2683 1416 γενέσθαι.
2718 1367 2735 1397 ι
2774 1342 2902 1416 Ἆρ’
2945 1340 3039 1398 οὖν
3077 1348 3106 1398 6
3157 1346 3339 1416 χάριτι
3373 1345 3473 1416 τὴν
3522 1345 3817 1425 υἱοθεσίαν

2217 1439 2386 1508 ἔχων,
2436 1442 2531 1491 καὶ
2578 1437 2991 1508 εἰσκεκριμένον
3038 1437 3180 1489 ἑλεῖν
3225 1437 3442 1506 ἀξίωμα
3491 1436 3553 1490 τὸ
3585 1433 3730 1489 εἶναι
3782 1436 3817 1488 ὅ

544 1535 768 1603 adeptus
801 1538 885 1585 est
932 1542 1053 1583 esse
1088 1525 1141 1580 id
1190 1522 1331 1593 quod
1385 1529 1487 1585 est,
1537 1519 1795 1589 largietur
1819 1516 1939 1569 aliis
1972 1515 2114 1584 quod

2235 1549 2354 1596 ιστι,
2392 1532 2668 1605 χαρίσαιτ’
2705 1532 2770 1585 ἂν
2820 1530 2913 1583 καὶ
2945 1530 3153 1601 ἑτέροις
3183 1530 3212 1582 ὃ
3239 1530 3583 1599 πεπλούτηκε
3618 1529 3809 1600 μόλις.

546 1624 661 1694 ipse
697 1636 837 1692 πετο
866 1629 1059 1675 nactus
1107 1625 1210 1671 est.
1243 1616 1434 1668 Annon
1486 1611 1578 1665 tibi
1627 1611 1680 1664 id
1715 1608 2116 1663 dissentaneum

542 1730 671 1769 vero
706 1710 987 1767 videatur?

610 1807 675 1863 Β.
707 1806 959 1861 Omnino.

2220 1624 2332 1676 Οὐκ
2354 1624 2616 1677 ἀπίθανον
2640 1619 2778 1676 εἷναί
2814 1639 2893 1674 σοι
2919 1621 2980 1674 τδ
3000 1623 3188 1692 χρῆμα
3215 1621 3361 1676 δοκεῖ
3382 1640 3395 1687 ;

2292 1805 2354 1858 Β.
2387 1804 2497 1857 Καὶ
2530 1802 2698 1873 μάλα.

610 1899 676 1954 Α.
715 1897 867 1965 Quod
896 1910 1023 1950 vero
1077 1908 1179 1948 non
1234 1888 1551 1945 naturaliter
1594 1885 1754 1951 inest,
1798 1886 1891 1939 sed
1942 1882 2117 1953 potius

2293 1898 2356 1949 Α.
2395 1897 2467 1949 Τὸ
2492 1868 2548 1949 δὲ
2577 1896 2651 1967 μὴ
2691 1895 2847 1963 φύσει
2880 1891 3103 1963 προσὸν,
3131 1893 3327 1959 ἔξωθεν
3363 1895 3646 1965 δὲμᾶλλον
3691 1895 3813 1946 εισ-

545 1992 898 2050 adventitium
925 1997 1026 2058 est,
1078 2001 1255 2042 nonne
1288 1982 1450 2039 etiam
1491 1979 1610 2035 ﬁeri
1644 1984 1821 2048 potest
1853 1985 1911 2030 ut
1962 1975 2120 2030 antit-

546 2086 729 2143 tatur?

616 2178 679 2234 Β.
719 2173 951 2243 Quidni?

618 2272 685 2326 Δ.
727 2268 871 2323 Fieri
902 2269 1084 2334 itaque
1104 2261 1304 2333 poterit
1326 2269 1385 2315 ut
1407 2268 1462 2314 et
1485 2257 1655 2315 Filius
1678 2251 1966 2323 aliquando
1990 2247 2123 2302 ﬁlia-

549 2362 697 2417 tione
744 2375 841 2415 sua
893 2356 1130 2411 excidat.
1186 2350 1375 2421 Neque
1434 2350 1580 2405 enim
1627 2356 1782 2402 extra
1841 2337 2122 2398 amittendi

548 2454 719 2510 aleam
752 2450 984 2522 positum
1013 2456 1095 2503 est
1122 2444 1263 2515 quod
1292 2452 1483 2498 natura
1512 2438 1811 2496 stabilitum
1859 2448 1963 2487 non
2015 2438 2119 2485 est.

616 2628 682 2683 Β.
720 2627 803 2683 Ita
824 2624 1058 2679 videtur.

616 2720 683 2776 Δ.
730 2718 837 2773 Sed
864 2727 917 2773 et
945 2716 1049 2769 alia
1079 2711 1286 2768 ratione
1312 2707 1544 2781 perspici
1569 2713 1748 2779 potest
1778 2712 1982 2775 quanta
2010 2711 2124 2758 tur-

546 2812 792 2886 pitudine
825 2808 1264 2873 absurditateque
1294 2802 1505 2856 illorum
1531 2800 1775 2855 doctrina
1804 2798 1873 2852 sit
1898 2796 2121 2851 referta.

548 2905 682 2961 Nam
713 2904 756 2957 si
782 2915 968 2955 verum
1010 2909 1113 2963 est,
1142 2895 1193 2949 id
1224 2892 1368 2962 quod
1418 2905 1514 2959 per
1550 2889 1891 2958 adoptionem
1917 2895 1970 2940 et
1998 2900 2123 2955 gra-

549 3000 680 3055 tiam
707 3005 790 3051 est
845 2989 1252 3048 similitudinem
1292 2982 1497 3039 referre
1530 2982 1647 3051 ejus
1679 2980 1819 3051 quod
1862 2975 2126 3033 naturali-

552 3103 633 3147 ter
665 3104 730 3144 ac
765 3100 890 3142 vere
920 3093 1003 3138 est
1031 3100 1044 3135 :
1074 3094 1180 3151 quo
1210 3087 1368 3149 pacto
1400 3075 1571 3131 simus
1613 3088 1709 3127 nos
1751 3086 1847 3140 per
1886 3069 2127 3136 ad0ptio—

2226 1986 2605 2057 πεποιημένον
2628 2025 2643 2051 ,
2673 1986 2776 2038 οὐκ
2798 1983 3108 2055 ἀπόϐλητον
3138 1983 3335 2051 γένοιτ’
3365 1985 3451 2050 ἂν,
3484 1986 3624 2039 κατά
3657 2002 3722 2054 γε
3744 1986 3813 2037 τὺ

2223 2077 2500 2149 ἐγχωροῦν
2515 2095 2529 2144 ;

2296 2169 2355 2224 Β.
2389 2168 2512 2232 Πῶς
2536 2169 2643 2241 γὰρ
2673 2169 2764 2234 ob;

2295 2257 2360 2312 A.
2398 2259 2607 2312 Οὐκοῦν
2664 2258 2748 2328 εἴη
2798 2258 2864 2312 ἂν
2905 2258 3015 2312 τῶν
3053 2258 3414 2329 ἐνδεχομένων
3463 2260 3558 2311 καὶ
3615 2260 3815 2312 ἀπολι-

2226 2353 2373 2406 σΘεῖν
2401 2370 2533 2406 ποτε
2579 2352 2836 2405 δύνασθαι
2875 2354 2975 2421 τῆς
3017 2352 3262 2424 υῐότητος
3299 2352 3391 2405 τὸν
3416 2351 3562 2404 Ϊίόν.
3590 2354 3666 2405 Οὐ
3698 2352 3815 2421 γὰρ

2223 2443 2536 2498 ἀνύποπτον
2581 2444 2659 2507 ei;
2700 2443 2991 2515 ἀποϐολὴν,
3032 2443 3060 2496 ὂ
3093 2444 3166 2514 μὴ
3210 2446 3458 2511 φυσικοῖς
3489 2444 3816 2515 ὲρήρεισται

2226 2535 2435 2605 νόμοις.

2296 2625 2359 2680 Β.
2388 2621 2517 2679 Ὧδε
2557 2625 2694 2695 ἔχει.

2294 2719 2361 2772 Α.
2391 2720 2504 2772 Καὶ
2531 2719 2654 2772 καθ’
2685 2719 2871 2789 ἕτερον
2924 2718 2981 2771 δὲ
3023 2720 3226 2790 τρόπον
3261 2718 3574 2790 καταθεῷτό
3608 2736 3695 2783 τις
3722 2720 3811 2785 ἂν,

2225 2810 2300 2873 ὡς
2335 2809 2569 2873 ἀκαλλὲς
2616 2810 2674 2864 τέ
2716 2812 2853 2873 ἐστι,
2889 2811 2986 2863 καὶ
3032 2810 3133 2881 τῆς
3175 2812 3436 2866 ἀνωτάτω
3485 2811 3817 2875 δυσϐουλίας

2229 2903 2520 2972 ὲπίμεστον
2557 2902 2770 2974 άληθῶς
2817 2902 2876 2954 τὸ
2925 2902 3100 2972 δόγμα
3149 2903 3351 2965 αὐτοῖς.
3389 2903 3451 2955 Εί
3497 2903 3606 2973 γάρ
3660 2906 3816 2956 ἐστιν

2228 2994 2444 3063 ἀληθὲς,
2470 2993 2545 3058 ὡς
2570 2993 2631 3048 τὸ
2668 2995 2809 3047 κατὰ
2832 2993 2979 3047 θέσιν
3009 2996 3102 3047 καὶ
3137 2994 3298 3065 χάριν
3327 2995 3412 3048 άεί
3436 3015 3553 3060 πως
3581 2998 3733 3050 ἐστὶν
3757 2999 3814 3049 ὲν

2228 3085 2486 3157 ὁμοιώσει
2531 3087 2625 3140 τοῦ
2657 3088 2799 3141 κατὰ
2845 3086 3008 3157 φύσιν
3038 3088 3132 3141 καὶ
3182 3088 3457 3159 ἀλήθειαν,
3488 3087 3608 3151 πῶς
3651 3090 3820 3159 ἡμεῖς

549 3200 672 3240 nem
710 3181 827 3245 lilii,
861 3176 1175 3232 relationem
1225 3170 1294 3224 ad
1340 3169 1518 3236 ipsum
1570 3167 1832 3220 habentes
1889 3176 1945 3215 ut
2002 3173 2127 3213 vere

2235 3177 2370 3230 κατά
2397 3177 2545 3231 Θέσιν
2579 3178 2703 3239 υἱοὶ,
2746 3178 2884 3269 πρὸς
2914 3179 3075 3231 αὑτὸν
3125 3179 3340 3250 ἔχοντες
3387 3180 3485 3250 τὴν
3530 3179 3817 3251 ἀναφορὰν

550 3277 779 3337 Filium,
837 3272 882 3326 si
937 3268 1103 3323 etiam
1151 3266 1265 3335 ipse
1324 3261 1604 3316 nobiscum
1653 3257 1794 3311 inter
1834 3252 2126 3321 adoptitios

2235 3266 2309 3329 ὡς
2342 3267 2476 3337 πρὸς
2502 3266 2629 3322 my
2656 3251 2891 3338 ἀληοῶξ,
2919 3270 2967 3321 εί
2996 3270 3085 3322 καὶ
3106 3269 3270 3333 αὐτὸς
3301 3270 3418 3341 μεθ’
3440 3270 3597 3341 ἡμῶν
3626 3272 3681 3323 ὲν
3705 3274 3817 3333 τοῖς

550 3364 982 3431 censeturiquo
1035 3365 1194 3427 pacto
1235 3366 1414 3408 autem
1476 3351 1531 3405 in
1585 3346 1915 3415 evangelici:
1953 3358 2126 3414 para-

549 3458 691 3515 bolis
745 3465 1002 3523 tanquam
1038 3448 1185 3503 ﬁlius
1242 3445 1473 3499 mittitur
1526 3447 1650 3511 post
1696 3436 1922 3494 servos?
1964 3449 2126 3505 quem

552 3565 675 3607 cum
731 3545 1074 3613 aspexissent
1107 3546 1387 3593 curatores
1432 3534 1624 3593 vineae,
1651 3530 1906 3583 dixerunt
1936 3544 1949 3577 :
1985 3546 2002 3577 ι
2031 3526 2129 3580 llic

552 3638 876 3701 est‘haeres,
919 3632 1125 3694 venite,
1170 3624 1557 3681 interliciamus
1601 3635 1723 3674 eum
1744 3619 1785 3673 ⁸.
1816 3638 1834 3672 ι
1877 3617 1972 3671 Est
2024 3617 2127 3685 igi-

554 3742 647 3787 tur
702 3730 749 3785 is
804 3726 895 3797 qui
948 3724 1001 3779 in
1045 3732 1213 3776 carne
1278 3714 1441 3787 739
1494 3712 1762 3783 apparuit,
1808 3719 1863 3765 et
1913 3707 2131 3764 Iudaeo-

558 3841 678 3879 rum
728 3819 988 3877 saevitiam
1041 3819 1296 3883 expertus
1347 3817 1452 3876 est,
1503 3821 1630 3861 vere
1654 3805 1825 3860 Filius
1861 3813 1917 3857 et
1961 3802 2129 3867 liber,

557 3924 743 3987 utpote
792 3929 858 3968 ex
909 3910 1080 3964 libera
1137 3913 1326 3959 natura
1356 3901 1585 3970 genitus,
1610 3905 1665 3950 et
1711 3911 1816 3951 non
1848 3911 1915 3949 ex
1943 3894 2009 3987 iis
2039 3893 2131 3987 qui

556 3985 658 4064 sub
685 4006 815 4076 jugo
841 4011 990 4065 sunt,
1022 4007 1293 4068 quatenus
1328 4000 1581 4047 censetur
1615 3988 1777 4054 Deus,
1803 3986 2015 4043 tametsi
2050 3985 2132 4039 l‘a-

556 4110 678 4156 ctus
708 4098 777 4154 sit
801 4093 994 4150 similis
1022 4089 1177 4144 nobis
1202 4087 1293 4157 qui
1327 4085 1426 4141 sub
1457 4084 1585 4154 jugo
1623 4093 1938 4146 versamur;
1990 4076 2133 4131 ﬁlius

559 4188 836 4249 servitutis
859 4184 948 4256 qui
977 4192 1167 4236 natura
1190 4193 1252 4234 ac
1282 4192 1410 4232 vere
1443 4174 1612 4230 Filius
1637 4179 1742 4237 est,
1762 4172 1960 4240 quique
1978 4176 2131 4223 extra

560 4297 720 4337 omne
744 4285 926 4351 jugum
959 4272 1104 4329 omni
1147 4279 1395 4325 creatura
1430 4267 1677 4336 superior
1715 4272 1834 4318 est:
1867 4261 1936 4316 ad
1971 4275 2129 4330 quem

562 4389 659 4429 nos
692 4388 786 4443 per
814 4368 1157 4439 ad0ptionem
1183 4373 1237 4417 et
1265 4361 1492 4432 gratiam
1524 4358 1615 4411 lilii
1646 4353 1859 4411 formati
1886 4368 2093 4443 sumus.

633 4463 693 4516 Β.
734 4459 848 4516 Non
882 4460 1132 4521 dicimus,
1173 4453 1444 4521 inquiunt,
1474 4448 1745 4503 hominem
1782 4460 1901 4500 esse
1936 4442 2131 4497 Filium

2237 3357 2377 3412 κατὰ
2410 3358 2569 3429 χάριν
2617 3358 2768 3417 snt;
2798 3360 2912 3422 πῶς
2959 3359 3015 3412 δὲ
3049 3360 3141 3414 καὶ
3170 3362 3227 3413 ἐν
3269 3363 3391 3423 ταῖς
3432 3360 3818 3429 εὐαγγελικαῖς

2238 3449 2595 3521 παραϐολαῖς,
2628 3450 2704 3515 ὡς
2739 3451 2850 3516 υἱὸς
2892 3452 3169 3522 πέμπεται
3216 3456 3354 3524 μετά
3387 3454 3515 3516 τοὺς
3563 3454 3815 3520 οίκέταςς

2236 3541 2295 3593 ὃν
2325 3542 2626 3612 ἑωρακότες
2653 3542 2702 3594 οἱ
2744 3540 2837 3595 τοῦ
2876 3542 3200 3613 ἀμπελῶνος
3241 3543 3550 3611 μελεδωνοί·
3593 3562 3613 3595 ο
3650 3538 3818 3607 Οὗτός

2238 3632 2388 3685 ἐστιν
2432 3635 2460 3686 6
2507 3632 2864 3705 κληρονόμος·
2896 3633 3073 3700 δεῦτε,
3115 3635 3527 3706 ἀποκτείνωμεν
3579 3636 3767 3690 αὐτόν.
3795 3653 3815 3686 ι

2243 3724 2399 3776 Ἔστι
2432 3724 2607 3779 τοίνυν
2635 3727 2662 3778 6
2694 3725 2754 3778 ὲν
2783 3726 2949 3797 σαρκὶ
2978 3724 3256 3797 πεφηνὼς,
3289 3728 3383 3780 καὶ
3411 3727 3509 3797 τῆς
3548 3727 3820 3781 Ἰουδαίων

2243 3811 2559 3881 σκαιότητος
2585 3814 2665 3875 είς
2687 3815 2881 3884 πεῖραν
2909 3813 3101 3884 ἐλθὼν,
3134 3815 3263 3880 Υἱὸς
3292 3816 3527 3887 άληθῶς,
3556 3819 3651 3871 καὶ
3672 3818 3820 3870 ἐλεύ-

2241 3902 2418 3974 θερος,
2443 3904 2519 3979 ᾡς
2554 3905 2767 3975 φύσεως
2809 3906 3050 3979 δηλονότι
3091 3911 3192 3980 τῆς
3244 3909 3533 3979 ἐλευθέρας
3579 3910 3819 3976 exaequ-

2240 3996 2373 4062 κὼς,
2417 3998 2511 4050 καὶ
2556 3998 2657 4051 οὐκ
2690 3998 2747 4052 ἐν
2793 4016 2858 4067 γε
2907 4003 3020 4064 τοῖς
3062 4000 3168 4053 ὑπὸ
3219 3999 3403 4070 ζυγὸν,
3435 4000 3571 4054 καθὸ
3616 4004 3816 4055 νοεῖται

2240 4088 2394 4153 Θεὸς,
2434 4089 2528 4142 καὶ
2561 4092 2610 4143 si
2643 4091 2832 4159 γέγονε
2863 4091 2987 4146 καθ’
3021 4094 3169 4165 ἡμᾶς
3197 4094 3323 4157 τοὺς
3345 4093 3449 4146 ὑπὸ
3482 4093 3670 4161 ζυγὸν,
3694 4094 3817 4146 δου-

2239 4182 2389 4247 λείας
2421 4184 2557 4248 υίὸς,
2587 4186 2615 4236 6
2644 4184 2792 4250 Υἱὸς,
2823 4185 2898 4248 ὡς
2925 4184 3082 4255 ἔφην,
3118 4185 3279 4255 φύσει
3314 4203 3374 4238 τε
3405 4186 3497 4239 καὶ
3529 4172 3767 4258 άληθῶς,
3790 4187 3816 4239 6

2243 4275 2385 4346 πέρα
2411 4274 2579 4343 ζυγοῦ
2614 4276 2709 4328 καὶ
2738 4276 2876 4347 ὑπὲρ
2907 4276 3006 4347 τὴν
3039 4278 3217 4331 κτίσιν
3238 4292 3253 4306 ·
3283 4279 3419 4349 πρὸς
3446 4277 3506 4330 ὃν
3536 4279 3628 4331 καὶ
3657 4281 3817 4348 ἡμεῖς

2241 4370 2289 4421 οἱ
2315 4367 2453 4421 κατὰ
2485 4367 2633 4420 Θέσιν
2657 4368 2751 4420 καὶ
2787 4368 2947 4440 χάριν
2979 4368 3085 4421 υἱοὶ
3116 4368 3547 4441 μεμορφώμεθα.

2312 4459 2373 4513 Β.
2415 4458 2490 4511 Οὐ
2542 4456 2796 4529 λέγομεν,
2838 4461 2993 4528 φασὶ,
3050 4460 3141 4514 τὸν
3178 4460 3489 4532 ἄνθρωπον,
3519 4460 3650 4513 Υἱὺν
3681 4455 3816 4513 εἶναι

566 4556 681 4623 Dei,
712 4568 778 4609 ne
815 4554 947 4606 duos
982 4559 1177 4604 natura
1230 4544 1367 4599 ﬁlios
1417 4551 1738 4596 statuamus.
1776 4534 2130 4603 Quemadmo-

2239 4546 2332 4600 τοῦ
2364 4546 2522 4614 Θεοῦ,
2570 4548 2656 4600 ἵνα
2695 4548 2771 4619 μὴ
2804 4548 2897 4601 δύο
2932 4549 3093 4618 φύσει
3127 4551 3276 4614 υίοὺς
3320 4552 3583 4621 είπωμεν.
3607 4550 3817 4619 Ὠσπερ

563 4649 689 4701 dum
738 4643 880 4699 enim
932 4640 1169 4695 Verbum
1215 4636 1354 4703 quod
1400 4647 1467 4686 ex
1509 4630 1663 4686 cmlis
1697 4626 1980 4684 descendit
2029 4640 2136 4680 non

564 4746 648 4792 est
676 4734 973 4790 secundum
1029 4736 1280 4782 naturam
1328 4725 1465 4778 ﬁlius
1510 4720 1717 4776 David:
1766 4720 1841 4774 ita
1875 4732 2049 4788 neque
2093 4717 2140 4772 is

564 4828 764 4899 quiest
800 4839 867 4879 ex
894 4820 1100 4877 semine
1151 4817 1317 4871 David
1365 4825 1447 4869 est
1490 4812 1658 4868 Filius
1706 4810 1797 4866 Dei
1840 4809 2137 4866 secundum

567 4930 842 4975 naturam.

633 5012 699 5065 Α.
741 5006 1055 5063 Dividentur
1086 5003 1269 5075 itaque
1301 5000 1352 5055 in
1400 5000 1532 5054 duos
1560 4996 1697 5052 ﬁlios
1719 5034 1734 5060 ,
1772 5003 1935 5063 atque
1978 4992 2140 5045 ambo

566 5103 704 5160 falso
759 5102 832 5156 ita
883 5096 1140 5171 appellari
1178 5089 1689 5164 deprchendemur?
1744 5086 1953 5140 Dixerit
2012 5097 2141 5137 vero

568 5196 761 5266 aliquis
794 5192 1008 5248 inanem
1041 5204 1107 5244 ac
1141 5200 1332 5241 vanam
1369 5184 1725 5254 imposturam
1771 5191 1889 5233 esse
1936 5173 2141 5231 Christi

569 5286 905 5358 mysterium,
937 5284 982 5340 si
1017 5286 1090 5339 ita
1125 5295 1183 5337 se
1212 5294 1297 5334 res
1318 5278 1482 5331 habet
1512 5284 1673 5343 atque
1702 5271 1857 5327 deliri
1900 5267 2141 5327 haeretici

568 5380 775 5435 volunt.
824 5378 1080 5445 Quaenam
1124 5373 1286 5443 igitur
1331 5370 1437 5425 erit
1495 5367 1721 5422 unitas?
1770 5373 1864 5421 aut
1920 5379 2027 5435 qua
2075 5364 2141 5419 de

568 5487 730 5527 causa
753 5470 949 5525 factam
969 5468 1113 5523 illam
1141 5460 1684 5528 dieent?Quinetiam
1710 5458 1903 5513 falsum
1926 5472 2141 5527 quoque

505 5615 509 5619 .
573 5560 755 5625 l'uerit,
782 5560 923 5628 quod
954 5555 1130 5611 l‘actus
1153 5554 1221 5611 sit
1244 5568 1398 5616 caro,
1422 5560 1477 5605 et
1506 5562 1965 5619 supervacaneum
1993 5563 2142 5602 com-

572 5660 814 5707 mentum
843 5650 967 5716 erit,
1005 5650 1047 5704 si
1076 5663 1182 5702 non
1222 5654 1447 5701 vocatus
1488 5644 1560 5698 sit
1602 5641 1748 5697 lilius
1794 5639 1963 5696 David
2004 5638 2139 5698 Ver-

642 5827 666 5859 ⁸
691 5823 847 5883 Joan.
877 5838 915 5890 ι,
954 5824 1038 5887 ll,
1076 5822 1160 5876 ιε.
1237 5822 1255 5853 δ
1288 5820 1479 5876 Matth.
1513 5835 1629 5886 xxi,
1661 5818 1751 5873 38.

2242 4639 2401 4709 γὰρὸ
2438 4639 2499 4704 ἐξ
2529 4641 2775 4711 οὐρανῶν
2813 4641 3089 4695 κατελθὼν
3136 4642 3326 4711 Λόγος,
3363 4644 3465 4696 οὐκ
3510 4642 3625 4696 ἐστι
3678 4643 3816 4696 κατὰ

2243 4730 2404 4801 φύσιν
2440 4731 2555 4795 υίὸς
2602 4731 2697 4785 τοῦ
2748 4732 2933 4796 Δαϐὶδ,
2979 4732 3153 4797 οὕτως
3186 4732 3308 4787 οὐδὲ
3346 4735 3374 4785 6
3406 4735 3467 4786 ὲκ
3506 4733 3816 4804 σπέρματος

2240 4822 2334 4876 τοῦ
2367 4823 2549 4888 Δαϐὶδ,
2591 4824 2717 4887 Υἱός
2754 4826 2870 4879 ἐστι
2900 4824 3041 4879 κατὰ
3070 4826 3233 4893 φύσιν
3260 4824 3356 4879 τοῦ
3379 4824 3532 4879 Θεοῦ.

2313 5005 2377 5057 Α.
2420 5003 2880 5075 Διατετμήσονται
2907 5003 2969 5073 δὴ
3000 4998 3091 5057 οὖν
3112 5005 3190 5067 είς
3221 5005 3369 5066 υίοὺς
3398 5002 3510 5069 δύο,
3534 5004 3627 5056 καὶ
3656 5004 3819 5074 ἄμφω

2245 5092 2587 5164 ψευδώνυμοι
2620 5094 3061 5165 καταφωραοεῖεν
3092 5094 3179 5161 άν;
3210 5096 3347 5165 Φαίη
3368 5095 3413 5147 δ’
3431 5077 3707 5163 ἂν,οῖμαί,
3736 5095 3816 5157 τὶς

2243 5184 2447 5237 είκαῖον
2504 5178 2642 5238 εἶναι
2689 5184 3040 5254 φενακισμὸν,
3102 5185 3157 5237 τὸ
3209 5183 3443 5256 Χριστοῦ
3500 5184 3815 5255 μυστήριον,

2246 5274 2404 5345 εῐπερ
2430 5266 2535 5328 ὧδε
2572 5275 2683 5346 ἔχει
2715 5271 2857 5329 καθά
2890 5275 3187 5345 ληροῦντές
3218 5291 3381 5345 φασιν
3414 5276 3464 5328 et
3497 5276 3811 5337 διεναντίας.

2248 5365 2358 5418 Ποῦ
2383 5366 2675 5437 τοιγαροῦν
2697 5369 2730 5437 ὴ
2768 5367 2984 5431 ἓνωσις,
3016 5369 3111 5422 καὶ
3138 5368 3224 5436 ἐφ’
3247 5368 3354 5438 ὅτῳ
3384 5366 3696 5439 πεπράχοαι
3718 5383 3817 5436 φαο

2249 5458 2332 5511 civ
2360 5457 2565 5530 αὐτήν;
2604 5459 2673 5511 Ἦ
2704 5458 2847 5529 τάχα
2875 5476 3000 5523 που,
3032 5460 3126 5513 καὶ
3152 5459 3213 5512 τὸ
3242 5458 3495 5528 γενέσθαι
3527 5460 3706 5529 σάρκα
3730 5456 3816 5511 τὸν

2248 5550 2441 5618 Λόγον,
2482 5550 2581 5603 οὐκ
2615 5548 2815 5622 ἀληθὲς
2843 5549 2903 5603 ’ὀν
2932 5550 3271 5619 ἐκφαίνεται,
3295 5551 3387 5605 καὶ
3418 5548 3689 5621 περιττῶς
3711 5549 3817 5600 sla-

2246 5642 2670 5713 κεκομισμένον,
2694 5643 2740 5696 εἰ
2791 5642 2868 5715 μὴ
2918 5643 3325 5716 κεχρημάτικεν
3356 5642 3483 5706 Υἱὸς
3514 5640 3609 5696 τοῦ
3636 5638 3813 5704 Δαϐὶδ,

2988 5904 3031 5927 ‘-
