  <div class='ocr_page' id='page_1' title='image "/cluster/home/n/w/nwhite01/storage/ocr_20150623/75/hvd.32044019207935/689.png"; bbox 0 0 4038 6568; ppageno 0'>
   <div class='ocr_carea' id='block_1_1' title="bbox 461 391 599 450">
    <p class='ocr_par' dir='ltr' id='par_1_1' title="bbox 461 391 599 450">
     <span class='ocr_line' id='line_1_1' title="bbox 461 391 599 450; baseline 0.029 -4"><span class='ocrx_word' id='word_1_1' title='bbox 461 391 599 450; x_wconf 70' lang='grc'><strong>1503</strong></span> 
     </span>
    </p>
   </div>
   <div class='ocr_carea' id='block_1_2' title="bbox 1488 377 2734 441">
    <p class='ocr_par' dir='ltr' id='par_1_2' title="bbox 1488 377 2734 441">
     <span class='ocr_line' id='line_1_2' title="bbox 1488 377 2734 441; baseline -0.006 0"><span class='ocrx_word' id='word_1_2' title='bbox 1488 385 1546 441; x_wconf 87' lang='lat' dir='ltr'><strong>S.</strong></span> <span class='ocrx_word' id='word_1_3' title='bbox 1588 384 1866 441; x_wconf 72' lang='lat' dir='ltr'><strong>CY-BILLI</strong></span> <span class='ocrx_word' id='word_1_4' title='bbox 1906 380 2371 437; x_wconf 72' lang='lat' dir='ltr'><strong>ALEXANDRINI</strong></span> <span class='ocrx_word' id='word_1_5' title='bbox 2413 377 2734 434; x_wconf 77' lang='lat' dir='ltr'><strong>ARCHlEP.</strong></span> 
     </span>
    </p>
   </div>
   <div class='ocr_carea' id='block_1_3' title="bbox 3589 374 3729 429">
    <p class='ocr_par' dir='ltr' id='par_1_3' title="bbox 3589 374 3729 429">
     <span class='ocr_line' id='line_1_3' title="bbox 3589 374 3729 429; baseline -0.007 -1"><span class='ocrx_word' id='word_1_6' title='bbox 3589 374 3729 429; x_wconf 66' lang='grc' dir='ltr'>ιεοι</span> 
     </span>
    </p>
   </div>
   <div class='ocr_carea' id='block_1_4' title="bbox 465 496 2068 582">
    <p class='ocr_par' dir='ltr' id='par_1_4' title="bbox 465 507 2068 582">
     <span class='ocr_line' id='line_1_4' title="bbox 465 507 2068 582; baseline -0.003 -16"><span class='ocrx_word' id='word_1_7' title='bbox 465 514 609 582; x_wconf 85' lang='lat' dir='ltr'><strong>quod</strong></span> <span class='ocrx_word' id='word_1_8' title='bbox 638 527 704 568; x_wconf 76' lang='lat' dir='ltr'><strong>ex</strong></span> <span class='ocrx_word' id='word_1_9' title='bbox 726 509 888 565; x_wconf 87' lang='lat' dir='ltr'><strong>Patre</strong></span> <span class='ocrx_word' id='word_1_10' title='bbox 913 508 1152 579; x_wconf 66' lang='lat' dir='ltr'><strong>genitum</strong></span> <span class='ocrx_word' id='word_1_11' title='bbox 1195 516 1300 572; x_wconf 83' lang='lat' dir='ltr'><strong>est,</strong></span> <span class='ocrx_word' id='word_1_12' title='bbox 1331 507 1719 576; x_wconf 75' lang='lat' dir='ltr'><strong>distinguatis?</strong></span> <span class='ocrx_word' id='word_1_13' title='bbox 1745 515 1836 558; x_wconf 79' lang='lat' dir='ltr'><strong>aut</strong></span> <span class='ocrx_word' id='word_1_14' title='bbox 1870 520 2029 574; x_wconf 86' lang='lat' dir='ltr'><strong>quem</strong></span> <span class='ocrx_word' id='word_1_15' title='bbox 2067 557 2068 561; x_wconf 45' lang='grc' dir='ltr'><strong>η</strong></span> 
     </span>
    </p>
   </div>
   <div class='ocr_carea' id='block_1_5' title="bbox 2178 496 3723 582">
    <p class='ocr_par' dir='ltr' id='par_1_5' title="bbox 2179 496 3723 570">
     <span class='ocr_line' id='line_1_5' title="bbox 2179 496 3723 570; baseline -0.005 -14"><span class='ocrx_word' id='word_1_16' title='bbox 2179 521 2296 565; x_wconf 82' lang='grc' dir='ltr'>ατε,</span> <span class='ocrx_word' id='word_1_17' title='bbox 2319 503 2408 556; x_wconf 86' lang='grc' dir='ltr'><strong>τὸν</strong></span> <span class='ocrx_word' id='word_1_18' title='bbox 2443 505 2506 556; x_wconf 78' lang='grc' dir='ltr'>ὲκ</span> <span class='ocrx_word' id='word_1_19' title='bbox 2527 500 2662 552; x_wconf 88' lang='grc' dir='ltr'>Θεοῦ</span> <span class='ocrx_word' id='word_1_20' title='bbox 2691 499 2902 570; x_wconf 81' lang='grc' dir='ltr'>Πατρὸς</span> <span class='ocrx_word' id='word_1_21' title='bbox 2932 498 3142 566; x_wconf 79' lang='grc' dir='ltr'>Λόγον;</span> <span class='ocrx_word' id='word_1_22' title='bbox 3178 496 3296 550; x_wconf 80' lang='grc' dir='ltr'>τίνα</span> <span class='ocrx_word' id='word_1_23' title='bbox 3327 496 3584 564; x_wconf 76' lang='grc' dir='ltr'>γενέσθαι</span> <span class='ocrx_word' id='word_1_24' title='bbox 3614 514 3723 565; x_wconf 67' lang='grc' dir='ltr'><strong>φα-</strong></span> 
     </span>
    </p>
   </div>
   <div class='ocr_carea' id='block_1_6' title="bbox 467 599 1668 672">
    <p class='ocr_par' dir='ltr' id='par_1_6' title="bbox 467 599 1668 672">
     <span class='ocr_line' id='line_1_6' title="bbox 467 599 1668 672; baseline -0.007 -12"><span class='ocrx_word' id='word_1_25' title='bbox 467 618 587 660; x_wconf 77' lang='lat' dir='ltr'><strong>esse</strong></span> <span class='ocrx_word' id='word_1_26' title='bbox 619 602 862 656; x_wconf 86' lang='lat' dir='ltr'><strong>dicemus</strong></span> <span class='ocrx_word' id='word_1_27' title='bbox 892 600 1132 653; x_wconf 87' lang='lat' dir='ltr'><strong>omnium</strong></span> <span class='ocrx_word' id='word_1_28' title='bbox 1165 609 1316 653; x_wconf 83' lang='lat' dir='ltr'><strong>ortus</strong></span> <span class='ocrx_word' id='word_1_29' title='bbox 1341 609 1618 672; x_wconf 77' lang='lat' dir='ltr'><strong>auctorem</strong></span> <span class='ocrx_word' id='word_1_30' title='bbox 1643 599 1668 652; x_wconf 73' lang='grc' dir='ltr'><strong>’ξ</strong></span> 
     </span>
    </p>
   </div>
   <div class='ocr_carea' id='block_1_7' title="bbox 540 689 2038 762">
    <p class='ocr_par' dir='ltr' id='par_1_7' title="bbox 540 689 2038 762">
     <span class='ocr_line' id='line_1_7' title="bbox 540 689 2038 762; baseline -0.003 -15"><span class='ocrx_word' id='word_1_31' title='bbox 540 692 604 747; x_wconf 86' lang='grc' dir='ltr'><strong>Β.</strong></span> <span class='ocrx_word' id='word_1_32' title='bbox 633 692 766 746; x_wconf 84' lang='grc' dir='ltr'>Ευιιι</span> <span class='ocrx_word' id='word_1_33' title='bbox 813 691 905 762; x_wconf 86' lang='lat' dir='ltr'><strong>qui</strong></span> <span class='ocrx_word' id='word_1_34' title='bbox 955 701 1039 743; x_wconf 87' lang='lat' dir='ltr'><strong>est</strong></span> <span class='ocrx_word' id='word_1_35' title='bbox 1089 689 1177 744; x_wconf 86' lang='lat' dir='ltr'><strong>Dei</strong></span> <span class='ocrx_word' id='word_1_36' title='bbox 1234 689 1415 746; x_wconf 86' lang='lat' dir='ltr'><strong>Patris</strong></span> <span class='ocrx_word' id='word_1_37' title='bbox 1451 690 1750 745; x_wconf 81' lang='lat' dir='ltr'><strong>secundum</strong></span> <span class='ocrx_word' id='word_1_38' title='bbox 1791 700 2038 744; x_wconf 80' lang='lat' dir='ltr'><strong>naturam</strong></span> 
     </span>
    </p>
   </div>
   <div class='ocr_carea' id='block_1_8' title="bbox 467 778 1324 850">
    <p class='ocr_par' dir='ltr' id='par_1_8' title="bbox 467 778 1324 850">
     <span class='ocr_line' id='line_1_8' title="bbox 467 778 1324 850; baseline -0.004 -12"><span class='ocrx_word' id='word_1_39' title='bbox 467 783 660 846; x_wconf 79' lang='lat' dir='ltr'><strong>Filius,</strong></span> <span class='ocrx_word' id='word_1_40' title='bbox 696 782 797 836; x_wconf 88' lang='lat' dir='ltr'><strong>hoc</strong></span> <span class='ocrx_word' id='word_1_41' title='bbox 830 791 946 845; x_wconf 91' lang='lat' dir='ltr'><strong>est,</strong></span> <span class='ocrx_word' id='word_1_42' title='bbox 985 778 1324 850; x_wconf 85' lang='lat' dir='ltr'><strong>Unigenitns.</strong></span> 
     </span>
    </p>
   </div>
   <div class='ocr_carea' id='block_1_9' title="bbox 541 870 2040 943">
    <p class='ocr_par' dir='ltr' id='par_1_9' title="bbox 541 870 2040 943">
     <span class='ocr_line' id='line_1_9' title="bbox 541 870 2040 943; baseline -0.004 -15"><span class='ocrx_word' id='word_1_43' title='bbox 541 875 609 932; x_wconf 84' lang='lat' dir='ltr'><strong>A.</strong></span> <span class='ocrx_word' id='word_1_44' title='bbox 666 873 830 943; x_wconf 79' lang='lat' dir='ltr'><strong>Atqui</strong></span> <span class='ocrx_word' id='word_1_45' title='bbox 881 889 1111 942; x_wconf 80' lang='lat' dir='ltr'><strong>magnus</strong></span> <span class='ocrx_word' id='word_1_46' title='bbox 1171 874 1260 926; x_wconf 86' lang='lat' dir='ltr'><strong>ille</strong></span> <span class='ocrx_word' id='word_1_47' title='bbox 1301 872 1605 927; x_wconf 83' lang='lat' dir='ltr'><strong>divinorum</strong></span> <span class='ocrx_word' id='word_1_48' title='bbox 1661 870 2040 943; x_wconf 75' lang='lat' dir='ltr'><strong>mysteriorum</strong></span> 
     </span>
    </p>
   </div>
   <div class='ocr_carea' id='block_1_10' title="bbox 471 962 2044 1032">
    <p class='ocr_par' dir='ltr' id='par_1_10' title="bbox 471 962 2044 1032">
     <span class='ocr_line' id='line_1_10' title="bbox 471 962 2044 1032; baseline -0.006 -12"><span class='ocrx_word' id='word_1_49' title='bbox 471 964 793 1020; x_wconf 75' lang='lat' dir='ltr'><strong>administer</strong></span> <span class='ocrx_word' id='word_1_50' title='bbox 837 979 933 1032; x_wconf 89' lang='lat' dir='ltr'><strong>per</strong></span> <span class='ocrx_word' id='word_1_51' title='bbox 955 963 1136 1020; x_wconf 82' lang='lat' dir='ltr'><strong>Jesum</strong></span> <span class='ocrx_word' id='word_1_52' title='bbox 1169 963 1444 1018; x_wconf 73' lang='lat' dir='ltr'><strong>Christum</strong></span> <span class='ocrx_word' id='word_1_53' title='bbox 1475 962 1655 1017; x_wconf 87' lang='lat' dir='ltr'><strong>oumia</strong></span> <span class='ocrx_word' id='word_1_54' title='bbox 1694 963 1760 1015; x_wconf 90' lang='lat' dir='ltr'><strong>ad</strong></span> <span class='ocrx_word' id='word_1_55' title='bbox 1789 976 1910 1016; x_wconf 88' lang='lat' dir='ltr'><strong>esse</strong></span> <span class='ocrx_word' id='word_1_56' title='bbox 1935 975 2044 1014; x_wconf 82' lang='lat' dir='ltr'><strong>tra-</strong></span> 
     </span>
    </p>
   </div>
   <div class='ocr_carea' id='block_1_11' title="bbox 475 1053 2046 1127">
    <p class='ocr_par' dir='ltr' id='par_1_11' title="bbox 475 1053 2046 1127">
     <span class='ocr_line' id='line_1_11' title="bbox 475 1053 2046 1127; baseline -0.003 -17"><span class='ocrx_word' id='word_1_57' title='bbox 475 1057 634 1110; x_wconf 87' lang='lat' dir='ltr'><strong>dncta</strong></span> <span class='ocrx_word' id='word_1_58' title='bbox 678 1053 840 1127; x_wconf 79' lang='grc'><strong>743</strong></span> <span class='ocrx_word' id='word_1_59' title='bbox 876 1070 998 1111; x_wconf 89' lang='lat' dir='ltr'><strong>esse</strong></span> <span class='ocrx_word' id='word_1_60' title='bbox 1033 1056 1250 1120; x_wconf 84' lang='lat' dir='ltr'><strong>asserit,</strong></span> <span class='ocrx_word' id='word_1_61' title='bbox 1286 1070 1558 1124; x_wconf 88' lang='lat' dir='ltr'><strong>unumque</strong></span> <span class='ocrx_word' id='word_1_62' title='bbox 1611 1055 1783 1122; x_wconf 86' lang='lat' dir='ltr'><strong>ipsum</strong></span> <span class='ocrx_word' id='word_1_63' title='bbox 1824 1069 1944 1108; x_wconf 85' lang='lat' dir='ltr'><strong>esse</strong></span> <span class='ocrx_word' id='word_1_64' title='bbox 1981 1067 2046 1106; x_wconf 86' lang='lat' dir='ltr'><strong>ac</strong></span> 
     </span>
    </p>
   </div>
   <div class='ocr_carea' id='block_1_12' title="bbox 472 1145 2043 1216">
    <p class='ocr_par' dir='ltr' id='par_1_12' title="bbox 472 1145 2043 1216">
     <span class='ocr_line' id='line_1_12' title="bbox 472 1145 2043 1216; baseline -0.003 -14"><span class='ocrx_word' id='word_1_65' title='bbox 472 1147 671 1203; x_wconf 85' lang='lat' dir='ltr'><strong>solum.</strong></span> <span class='ocrx_word' id='word_1_66' title='bbox 705 1146 960 1214; x_wconf 74' lang='lat' dir='ltr'><strong>Repetam</strong></span> <span class='ocrx_word' id='word_1_67' title='bbox 999 1163 1130 1202; x_wconf 78' lang='lat' dir='ltr'><strong>vero</strong></span> <span class='ocrx_word' id='word_1_68' title='bbox 1158 1148 1207 1200; x_wconf 91' lang='lat' dir='ltr'><strong>id</strong></span> <span class='ocrx_word' id='word_1_69' title='bbox 1234 1148 1376 1216; x_wconf 88' lang='lat' dir='ltr'><strong>quod</strong></span> <span class='ocrx_word' id='word_1_70' title='bbox 1419 1145 1622 1202; x_wconf 85' lang='lat' dir='ltr'><strong>Christi</strong></span> <span class='ocrx_word' id='word_1_71' title='bbox 1659 1161 1853 1199; x_wconf 85' lang='lat' dir='ltr'><strong>nomen</strong></span> <span class='ocrx_word' id='word_1_72' title='bbox 1889 1145 2043 1198; x_wconf 87' lang='lat' dir='ltr'><strong>inve-</strong></span> 
     </span>
    </p>
   </div>
   <div class='ocr_carea' id='block_1_13' title="bbox 472 1235 2048 1313">
    <p class='ocr_par' dir='ltr' id='par_1_13' title="bbox 472 1235 2048 1313">
     <span class='ocr_line' id='line_1_13' title="bbox 472 1235 2048 1313; baseline -0.004 -19"><span class='ocrx_word' id='word_1_73' title='bbox 472 1239 735 1308; x_wconf 76' lang='lat' dir='ltr'><strong>stigantcs</strong></span> <span class='ocrx_word' id='word_1_74' title='bbox 763 1239 1020 1304; x_wconf 82' lang='lat' dir='ltr'><strong>diximus,</strong></span> <span class='ocrx_word' id='word_1_75' title='bbox 1053 1238 1196 1308; x_wconf 85' lang='lat' dir='ltr'><strong>quod</strong></span> <span class='ocrx_word' id='word_1_76' title='bbox 1238 1239 1491 1313; x_wconf 82' lang='lat' dir='ltr'><strong>nimirum</strong></span> <span class='ocrx_word' id='word_1_77' title='bbox 1530 1237 1839 1292; x_wconf 90' lang='lat' dir='ltr'><strong>unctionem</strong></span> <span class='ocrx_word' id='word_1_78' title='bbox 1877 1235 2048 1302; x_wconf 53' lang='lat' dir='ltr'><strong>signi.</strong></span> 
     </span>
    </p>
   </div>
   <div class='ocr_carea' id='block_1_14' title="bbox 475 1326 2049 1394">
    <p class='ocr_par' dir='ltr' id='par_1_14' title="bbox 475 1326 2049 1394">
     <span class='ocr_line' id='line_1_14' title="bbox 475 1326 2049 1394; baseline -0.002 -13"><span class='ocrx_word' id='word_1_79' title='bbox 475 1326 622 1382; x_wconf 71' lang='lat' dir='ltr'><strong>ficet.</strong></span> <span class='ocrx_word' id='word_1_80' title='bbox 655 1326 787 1392; x_wconf 89' lang='lat' dir='ltr'><strong>Quia</strong></span> <span class='ocrx_word' id='word_1_81' title='bbox 820 1328 964 1381; x_wconf 85' lang='lat' dir='ltr'><strong>enim</strong></span> <span class='ocrx_word' id='word_1_82' title='bbox 1008 1339 1203 1381; x_wconf 77' lang='lat' dir='ltr'><strong>unctus</strong></span> <span class='ocrx_word' id='word_1_83' title='bbox 1232 1337 1335 1389; x_wconf 79' lang='lat' dir='ltr'><strong>est,</strong></span> <span class='ocrx_word' id='word_1_84' title='bbox 1370 1326 1628 1383; x_wconf 86' lang='lat' dir='ltr'><strong>Christus</strong></span> <span class='ocrx_word' id='word_1_85' title='bbox 1663 1327 1856 1394; x_wconf 78' lang='lat' dir='ltr'><strong>aliquis</strong></span> <span class='ocrx_word' id='word_1_86' title='bbox 1891 1340 2049 1379; x_wconf 81' lang='lat' dir='ltr'><strong>voca-</strong></span> 
     </span>
    </p>
   </div>
   <div class='ocr_carea' id='block_1_15' title="bbox 476 1417 2032 1487">
    <p class='ocr_par' dir='ltr' id='par_1_15' title="bbox 476 1417 2032 1487">
     <span class='ocr_line' id='line_1_15' title="bbox 476 1417 2032 1487; baseline -0.001 -17"><span class='ocrx_word' id='word_1_87' title='bbox 476 1427 584 1471; x_wconf 87' lang='lat' dir='ltr'><strong>tur.</strong></span> <span class='ocrx_word' id='word_1_88' title='bbox 619 1418 728 1472; x_wconf 85' lang='lat' dir='ltr'><strong>Aut</strong></span> <span class='ocrx_word' id='word_1_89' title='bbox 770 1418 934 1487; x_wconf 81' lang='lat' dir='ltr'><strong>igitur</strong></span> <span class='ocrx_word' id='word_1_90' title='bbox 979 1418 1158 1472; x_wconf 90' lang='lat' dir='ltr'><strong>dicant</strong></span> <span class='ocrx_word' id='word_1_91' title='bbox 1191 1419 1421 1473; x_wconf 82' lang='lat' dir='ltr'><strong>Verbum</strong></span> <span class='ocrx_word' id='word_1_92' title='bbox 1460 1433 1525 1475; x_wconf 80' lang='lat' dir='ltr'><strong>ex</strong></span> <span class='ocrx_word' id='word_1_93' title='bbox 1576 1417 1686 1472; x_wconf 76' lang='lat' dir='ltr'><strong>Deo</strong></span> <span class='ocrx_word' id='word_1_94' title='bbox 1723 1418 1776 1472; x_wconf 92' lang='lat' dir='ltr'><strong>in</strong></span> <span class='ocrx_word' id='word_1_95' title='bbox 1817 1417 2032 1485; x_wconf 84' lang='lat' dir='ltr'><strong>propria</strong></span> 
     </span>
    </p>
   </div>
   <div class='ocr_carea' id='block_1_16' title="bbox 476 1503 2050 1571">
    <p class='ocr_par' dir='ltr' id='par_1_16' title="bbox 476 1503 2050 1571">
     <span class='ocr_line' id='line_1_16' title="bbox 476 1503 2050 1571; baseline -0.003 -13"><span class='ocrx_word' id='word_1_96' title='bbox 476 1520 572 1559; x_wconf 86' lang='lat' dir='ltr'><strong>sua</strong></span> <span class='ocrx_word' id='word_1_97' title='bbox 605 1517 800 1559; x_wconf 84' lang='lat' dir='ltr'><strong>natura</strong></span> <span class='ocrx_word' id='word_1_98' title='bbox 843 1515 1062 1560; x_wconf 89' lang='lat' dir='ltr'><strong>unetmn</strong></span> <span class='ocrx_word' id='word_1_99' title='bbox 1095 1521 1231 1560; x_wconf 85' lang='lat' dir='ltr'><strong>esse.</strong></span> <span class='ocrx_word' id='word_1_100' title='bbox 1263 1516 1317 1558; x_wconf 92' lang='lat' dir='ltr'><strong>et</strong></span> <span class='ocrx_word' id='word_1_101' title='bbox 1352 1505 1782 1558; x_wconf 78' lang='lat' dir='ltr'><strong>sanctiﬁcatione</strong></span> <span class='ocrx_word' id='word_1_102' title='bbox 1811 1518 1904 1571; x_wconf 85' lang='lat' dir='ltr'><strong>per</strong></span> <span class='ocrx_word' id='word_1_103' title='bbox 1927 1503 2050 1570; x_wconf 80' lang='lat' dir='ltr'><strong>Spi-</strong></span> 
     </span>
    </p>
   </div>
   <div class='ocr_carea' id='block_1_17' title="bbox 477 1595 2052 1668">
    <p class='ocr_par' dir='ltr' id='par_1_17' title="bbox 477 1595 2052 1668">
     <span class='ocr_line' id='line_1_17' title="bbox 477 1595 2052 1668; baseline 0 -20"><span class='ocrx_word' id='word_1_104' title='bbox 477 1596 641 1650; x_wconf 81' lang='lat' dir='ltr'><strong>ritum</strong></span> <span class='ocrx_word' id='word_1_105' title='bbox 679 1607 923 1651; x_wconf 89' lang='lat' dir='ltr'><strong>sanctum</strong></span> <span class='ocrx_word' id='word_1_106' title='bbox 953 1597 1270 1666; x_wconf 79' lang='lat' dir='ltr'><strong>indiguisse,</strong></span> <span class='ocrx_word' id='word_1_107' title='bbox 1300 1599 1677 1668; x_wconf 78' lang='lat' dir='ltr'><strong>particepsque</strong></span> <span class='ocrx_word' id='word_1_108' title='bbox 1700 1597 1816 1664; x_wconf 83' lang='lat' dir='ltr'><strong>ejus</strong></span> <span class='ocrx_word' id='word_1_109' title='bbox 1839 1595 1906 1647; x_wconf 90' lang='lat' dir='ltr'><strong>ab</strong></span> <span class='ocrx_word' id='word_1_110' title='bbox 1933 1596 2052 1662; x_wconf 90' lang='lat' dir='ltr'><strong>ipso</strong></span> 
     </span>
    </p>
   </div>
   <div class='ocr_carea' id='block_1_18' title="bbox 477 1684 2053 1758">
    <p class='ocr_par' dir='ltr' id='par_1_18' title="bbox 477 1684 2053 1758">
     <span class='ocr_line' id='line_1_18' title="bbox 477 1684 2053 1758; baseline -0.001 -18"><span class='ocrx_word' id='word_1_111' title='bbox 477 1685 678 1740; x_wconf 77' lang='lat' dir='ltr'><strong>factum</strong></span> <span class='ocrx_word' id='word_1_112' title='bbox 712 1684 912 1753; x_wconf 76' lang='lat' dir='ltr'><strong>fuisse;</strong></span> <span class='ocrx_word' id='word_1_113' title='bbox 962 1698 1055 1740; x_wconf 93' lang='lat' dir='ltr'><strong>aut</strong></span> <span class='ocrx_word' id='word_1_114' title='bbox 1090 1689 1321 1743; x_wconf 80' lang='lat' dir='ltr'><strong>doceant</strong></span> <span class='ocrx_word' id='word_1_115' title='bbox 1369 1702 1479 1756; x_wconf 88' lang='lat' dir='ltr'><strong>quo</strong></span> <span class='ocrx_word' id='word_1_116' title='bbox 1515 1699 1673 1758; x_wconf 88' lang='lat' dir='ltr'><strong>pacto</strong></span> <span class='ocrx_word' id='word_1_117' title='bbox 1721 1687 2053 1755; x_wconf 83' lang='lat' dir='ltr'><strong>intelligatur</strong></span> 
     </span>
    </p>
   </div>
   <div class='ocr_carea' id='block_1_19' title="bbox 477 1775 2050 1845">
    <p class='ocr_par' dir='ltr' id='par_1_19' title="bbox 477 1775 2050 1845">
     <span class='ocr_line' id='line_1_19' title="bbox 477 1775 2050 1845; baseline 0.001 -16"><span class='ocrx_word' id='word_1_118' title='bbox 477 1775 728 1830; x_wconf 86' lang='lat' dir='ltr'><strong>Christus</strong></span> <span class='ocrx_word' id='word_1_119' title='bbox 767 1778 856 1844; x_wconf 91' lang='lat' dir='ltr'><strong>qui</strong></span> <span class='ocrx_word' id='word_1_120' title='bbox 895 1794 1000 1832; x_wconf 90' lang='lat' dir='ltr'><strong>non</strong></span> <span class='ocrx_word' id='word_1_121' title='bbox 1041 1779 1112 1832; x_wconf 89' lang='lat' dir='ltr'><strong>sit</strong></span> <span class='ocrx_word' id='word_1_122' title='bbox 1139 1779 1375 1832; x_wconf 89' lang='lat' dir='ltr'><strong>unctus?</strong></span> <span class='ocrx_word' id='word_1_123' title='bbox 1413 1779 1681 1845; x_wconf 90' lang='lat' dir='ltr'><strong>quomodo</strong></span> <span class='ocrx_word' id='word_1_124' title='bbox 1715 1794 1844 1832; x_wconf 87' lang='lat' dir='ltr'><strong>vero</strong></span> <span class='ocrx_word' id='word_1_125' title='bbox 1887 1792 2050 1830; x_wconf 84' lang='lat' dir='ltr'><strong>voce-</strong></span> 
     </span>
    </p>
   </div>
   <div class='ocr_carea' id='block_1_20' title="bbox 2147 591 2884 666">
    <p class='ocr_par' dir='ltr' id='par_1_20' title="bbox 2147 591 2884 666">
     <span class='ocr_line' id='line_1_20' title="bbox 2147 591 2884 666; baseline -0.009 -15"><span class='ocrx_word' id='word_1_126' title='bbox 2147 595 2246 666; x_wconf 79' lang='grc' dir='ltr'>μὲν</span> <span class='ocrx_word' id='word_1_127' title='bbox 2286 592 2672 663; x_wconf 79' lang='grc' dir='ltr'>γενεσιουργὸν</span> <span class='ocrx_word' id='word_1_128' title='bbox 2707 591 2846 644; x_wconf 79' lang='grc' dir='ltr'>ὅλων</span> <span class='ocrx_word' id='word_1_129' title='bbox 2869 609 2884 654; x_wconf 86' lang='grc'><strong>;</strong></span> 
     </span>
    </p>
   </div>
   <div class='ocr_carea' id='block_1_21' title="bbox 2215 679 3730 753">
    <p class='ocr_par' dir='ltr' id='par_1_21' title="bbox 2215 679 3730 753">
     <span class='ocr_line' id='line_1_21' title="bbox 2215 679 3730 753; baseline -0.001 -16"><span class='ocrx_word' id='word_1_130' title='bbox 2215 685 2275 739; x_wconf 86' lang='grc' dir='ltr'><strong>Β.</strong></span> <span class='ocrx_word' id='word_1_131' title='bbox 2318 683 2422 737; x_wconf 87' lang='grc' dir='ltr'><strong>Τὸν</strong></span> <span class='ocrx_word' id='word_1_132' title='bbox 2469 684 2535 736; x_wconf 75' lang='grc' dir='ltr'>ἐκ</span> <span class='ocrx_word' id='word_1_133' title='bbox 2569 682 2706 736; x_wconf 84' lang='grc' dir='ltr'>Θεοῦ</span> <span class='ocrx_word' id='word_1_134' title='bbox 2741 682 2952 753; x_wconf 78' lang='grc' dir='ltr'>[ἰατρὸς</span> <span class='ocrx_word' id='word_1_135' title='bbox 2997 681 3140 736; x_wconf 78' lang='grc' dir='ltr'>κατὰ</span> <span class='ocrx_word' id='word_1_136' title='bbox 3181 681 3339 751; x_wconf 73' lang='grc' dir='ltr'>φύσιν</span> <span class='ocrx_word' id='word_1_137' title='bbox 3385 679 3535 743; x_wconf 74' lang='grc' dir='ltr'>Υἱὸν,</span> <span class='ocrx_word' id='word_1_138' title='bbox 3568 695 3730 736; x_wconf 67' lang='grc' dir='ltr'>τουτ-</span> 
     </span>
    </p>
   </div>
   <div class='ocr_carea' id='block_1_22' title="bbox 2145 777 2708 846">
    <p class='ocr_par' dir='ltr' id='par_1_22' title="bbox 2145 777 2708 846">
     <span class='ocr_line' id='line_1_22' title="bbox 2145 777 2708 846; baseline -0.005 -14"><span class='ocrx_word' id='word_1_139' title='bbox 2145 781 2260 834; x_wconf 75' lang='grc' dir='ltr'>έστι</span> <span class='ocrx_word' id='word_1_140' title='bbox 2293 779 2386 832; x_wconf 83' lang='grc' dir='ltr'><strong>τὸν</strong></span> <span class='ocrx_word' id='word_1_141' title='bbox 2409 777 2708 846; x_wconf 78' lang='grc' dir='ltr'>Μονογενῆ.</span> 
     </span>
    </p>
   </div>
   <div class='ocr_carea' id='block_1_23' title="bbox 2215 866 3734 938">
    <p class='ocr_par' dir='ltr' id='par_1_23' title="bbox 2215 866 3734 938">
     <span class='ocr_line' id='line_1_23' title="bbox 2215 866 3734 938; baseline -0.005 -12"><span class='ocrx_word' id='word_1_142' title='bbox 2215 875 2282 929; x_wconf 74' lang='grc' dir='ltr'><strong>Δ.</strong></span> <span class='ocrx_word' id='word_1_143' title='bbox 2335 870 2473 923; x_wconf 79' lang='grc' dir='ltr'>Ἀλλ’</span> <span class='ocrx_word' id='word_1_144' title='bbox 2507 871 2601 937; x_wconf 76' lang='grc' dir='ltr'>ὅγε</span> <span class='ocrx_word' id='word_1_145' title='bbox 2639 869 2749 921; x_wconf 72' lang='grc' dir='ltr'>τῶν</span> <span class='ocrx_word' id='word_1_146' title='bbox 2783 866 2941 921; x_wconf 84' lang='grc' dir='ltr'>θείων</span> <span class='ocrx_word' id='word_1_147' title='bbox 2975 868 3108 936; x_wconf 81' lang='grc' dir='ltr'>ἡμῖν</span> <span class='ocrx_word' id='word_1_148' title='bbox 3153 868 3470 938; x_wconf 77' lang='grc' dir='ltr'><strong>μυστηρίων</strong></span> <span class='ocrx_word' id='word_1_149' title='bbox 3512 868 3734 937; x_wconf 76' lang='grc' dir='ltr'>ἱερουρ-</span> 
     </span>
    </p>
   </div>
   <div class='ocr_carea' id='block_1_24' title="bbox 2144 957 3733 1033">
    <p class='ocr_par' dir='ltr' id='par_1_24' title="bbox 2144 957 3733 1033">
     <span class='ocr_line' id='line_1_24' title="bbox 2144 957 3733 1033; baseline -0.006 -15"><span class='ocrx_word' id='word_1_150' title='bbox 2144 964 2260 1033; x_wconf 86' lang='grc' dir='ltr'>γὸς,</span> <span class='ocrx_word' id='word_1_151' title='bbox 2299 963 2390 1016; x_wconf 79' lang='grc' dir='ltr'><strong>διὰ</strong></span> <span class='ocrx_word' id='word_1_152' title='bbox 2442 961 2620 1032; x_wconf 75' lang='grc' dir='ltr'>Ἰησοῦ</span> <span class='ocrx_word' id='word_1_153' title='bbox 2661 957 2898 1031; x_wconf 77' lang='grc' dir='ltr'><strong>Χριστοῦ</strong></span> <span class='ocrx_word' id='word_1_154' title='bbox 2939 959 3007 1011; x_wconf 80' lang='grc' dir='ltr'>τὰ</span> <span class='ocrx_word' id='word_1_155' title='bbox 3046 959 3225 1013; x_wconf 81' lang='grc' dir='ltr'>πάντα</span> <span class='ocrx_word' id='word_1_156' title='bbox 3267 959 3401 1029; x_wconf 67' lang='grc' dir='ltr'>φησι</span> <span class='ocrx_word' id='word_1_157' title='bbox 3446 957 3733 1028; x_wconf 72' lang='grc' dir='ltr'>παρῆχθαι</span> 
     </span>
    </p>
   </div>
   <div class='ocr_carea' id='block_1_25' title="bbox 2147 1047 3736 1124">
    <p class='ocr_par' dir='ltr' id='par_1_25' title="bbox 2147 1047 3736 1124">
     <span class='ocr_line' id='line_1_25' title="bbox 2147 1047 3736 1124; baseline -0.005 -17"><span class='ocrx_word' id='word_1_158' title='bbox 2147 1054 2284 1124; x_wconf 79' lang='grc' dir='ltr'>πρὸς</span> <span class='ocrx_word' id='word_1_159' title='bbox 2311 1053 2565 1122; x_wconf 76' lang='grc' dir='ltr'>ὓπαρξιν,</span> <span class='ocrx_word' id='word_1_160' title='bbox 2594 1051 2688 1105; x_wconf 72' lang='grc' dir='ltr'><strong>ἕνα</strong></span> <span class='ocrx_word' id='word_1_161' title='bbox 2711 1067 2770 1102; x_wconf 85' lang='grc' dir='ltr'><strong>τε</strong></span> <span class='ocrx_word' id='word_1_162' title='bbox 2800 1049 2965 1103; x_wconf 80' lang='grc' dir='ltr'>αὑτὸν</span> <span class='ocrx_word' id='word_1_163' title='bbox 2996 1047 3135 1103; x_wconf 74' lang='grc' dir='ltr'>εἶναι</span> <span class='ocrx_word' id='word_1_164' title='bbox 3169 1051 3263 1103; x_wconf 74' lang='grc' dir='ltr'>καὶ</span> <span class='ocrx_word' id='word_1_165' title='bbox 3290 1050 3469 1120; x_wconf 84' lang='grc' dir='ltr'>μόνον.</span> <span class='ocrx_word' id='word_1_166' title='bbox 3504 1048 3736 1118; x_wconf 79' lang='grc' dir='ltr'>Μεμνήο</span> 
     </span>
    </p>
   </div>
   <div class='ocr_carea' id='block_1_26' title="bbox 2149 1136 3738 1216">
    <p class='ocr_par' dir='ltr' id='par_1_26' title="bbox 2149 1136 3738 1216">
     <span class='ocr_line' id='line_1_26' title="bbox 2149 1136 3738 1216; baseline -0.004 -18"><span class='ocrx_word' id='word_1_167' title='bbox 2149 1162 2316 1216; x_wconf 85' lang='grc' dir='ltr'>σομαι</span> <span class='ocrx_word' id='word_1_168' title='bbox 2359 1145 2438 1207; x_wconf 82' lang='grc' dir='ltr'>δὲ,</span> <span class='ocrx_word' id='word_1_169' title='bbox 2465 1145 2546 1197; x_wconf 81' lang='grc' dir='ltr'><strong>ὅτι</strong></span> <span class='ocrx_word' id='word_1_170' title='bbox 2591 1141 2653 1194; x_wconf 84' lang='grc' dir='ltr'><strong>τὸ</strong></span> <span class='ocrx_word' id='word_1_171' title='bbox 2707 1140 2941 1209; x_wconf 88' lang='grc' dir='ltr'>Χριστὸς</span> <span class='ocrx_word' id='word_1_172' title='bbox 2981 1141 3151 1210; x_wconf 73' lang='grc' dir='ltr'>ὄνομα</span> <span class='ocrx_word' id='word_1_173' title='bbox 3189 1139 3571 1210; x_wconf 67' lang='grc' dir='ltr'><strong>βασανίζοντες</strong></span> <span class='ocrx_word' id='word_1_174' title='bbox 3611 1136 3738 1194; x_wconf 76' lang='grc' dir='ltr'><strong>ὲλὲ-</strong></span> 
     </span>
    </p>
   </div>
   <div class='ocr_carea' id='block_1_27' title="bbox 2148 1228 3745 1308">
    <p class='ocr_par' dir='ltr' id='par_1_27' title="bbox 2148 1228 3745 1308">
     <span class='ocr_line' id='line_1_27' title="bbox 2148 1228 3745 1308; baseline -0.006 -16"><span class='ocrx_word' id='word_1_175' title='bbox 2148 1255 2341 1308; x_wconf 85' lang='grc' dir='ltr'>γομεν,</span> <span class='ocrx_word' id='word_1_176' title='bbox 2385 1236 2470 1288; x_wconf 78' lang='grc' dir='ltr'>ὅτι</span> <span class='ocrx_word' id='word_1_177' title='bbox 2525 1233 2760 1305; x_wconf 82' lang='grc' dir='ltr'>χρίσεως</span> <span class='ocrx_word' id='word_1_178' title='bbox 2801 1233 2933 1302; x_wconf 82' lang='grc' dir='ltr'>ἡμῖν</span> <span class='ocrx_word' id='word_1_179' title='bbox 2981 1231 3286 1301; x_wconf 73' lang='grc' dir='ltr'>εἰσκομίζει</span> <span class='ocrx_word' id='word_1_180' title='bbox 3334 1232 3588 1301; x_wconf 83' lang='grc' dir='ltr'>δήλωσιν.</span> <span class='ocrx_word' id='word_1_181' title='bbox 3634 1228 3745 1283; x_wconf 85' lang='grc' dir='ltr'><strong>Διὰ</strong></span> 
     </span>
    </p>
   </div>
   <div class='ocr_carea' id='block_1_28' title="bbox 2149 1309 3743 1400">
    <p class='ocr_par' dir='ltr' id='par_1_28' title="bbox 2149 1309 3743 1400">
     <span class='ocr_line' id='line_1_28' title="bbox 2149 1309 3743 1400; baseline -0.007 -16"><span class='ocrx_word' id='word_1_182' title='bbox 2149 1309 2259 1400; x_wconf 79' lang='grc' dir='ltr'><strong>γάρ</strong></span> <span class='ocrx_word' id='word_1_183' title='bbox 2274 1346 2357 1382; x_wconf 86' lang='grc' dir='ltr'><strong>τοι</strong></span> <span class='ocrx_word' id='word_1_184' title='bbox 2379 1329 2440 1381; x_wconf 91' lang='grc' dir='ltr'><strong>τὸ</strong></span> <span class='ocrx_word' id='word_1_185' title='bbox 2467 1326 2775 1398; x_wconf 83' lang='grc' dir='ltr'>κεχρῖσθαι,</span> <span class='ocrx_word' id='word_1_186' title='bbox 2801 1324 3024 1395; x_wconf 86' lang='grc' dir='ltr'>χριστὸς</span> <span class='ocrx_word' id='word_1_187' title='bbox 3048 1323 3367 1394; x_wconf 78' lang='grc' dir='ltr'>όνομάζοιτό</span> <span class='ocrx_word' id='word_1_188' title='bbox 3395 1339 3496 1384; x_wconf 78' lang='grc' dir='ltr'>τις.</span> <span class='ocrx_word' id='word_1_189' title='bbox 3521 1323 3594 1376; x_wconf 85' lang='grc' dir='ltr'><strong>Ἦ</strong></span> <span class='ocrx_word' id='word_1_190' title='bbox 3625 1321 3743 1376; x_wconf 77' lang='grc' dir='ltr'>τοξ-</span> 
     </span>
    </p>
   </div>
   <div class='ocr_carea' id='block_1_29' title="bbox 2151 1413 3745 1490">
    <p class='ocr_par' dir='ltr' id='par_1_29' title="bbox 2151 1413 3745 1490">
     <span class='ocr_line' id='line_1_29' title="bbox 2151 1413 3745 1490; baseline -0.007 -13"><span class='ocrx_word' id='word_1_191' title='bbox 2151 1440 2244 1477; x_wconf 81' lang='grc' dir='ltr'><strong>νυν</strong></span> <span class='ocrx_word' id='word_1_192' title='bbox 2278 1422 2588 1490; x_wconf 73' lang='grc' dir='ltr'><strong>λεγέτωσαν</strong></span> <span class='ocrx_word' id='word_1_193' title='bbox 2625 1419 2716 1474; x_wconf 85' lang='grc' dir='ltr'><strong>τὸν</strong></span> <span class='ocrx_word' id='word_1_194' title='bbox 2748 1422 2812 1472; x_wconf 81' lang='grc' dir='ltr'>ὲκ</span> <span class='ocrx_word' id='word_1_195' title='bbox 2844 1417 2980 1470; x_wconf 83' lang='grc' dir='ltr'>Θεοῦ</span> <span class='ocrx_word' id='word_1_196' title='bbox 3011 1417 3224 1488; x_wconf 87' lang='grc' dir='ltr'>Πατρὸς</span> <span class='ocrx_word' id='word_1_197' title='bbox 3254 1417 3445 1483; x_wconf 88' lang='grc' dir='ltr'>Λόγον,</span> <span class='ocrx_word' id='word_1_198' title='bbox 3480 1415 3563 1478; x_wconf 82' lang='grc' dir='ltr'><strong>είς</strong></span> <span class='ocrx_word' id='word_1_199' title='bbox 3598 1413 3745 1466; x_wconf 78' lang='grc' dir='ltr'>ἰδίαν</span> 
     </span>
    </p>
   </div>
   <div class='ocr_carea' id='block_1_30' title="bbox 2153 1501 3746 1583">
    <p class='ocr_par' dir='ltr' id='par_1_30' title="bbox 2153 1501 3746 1583">
     <span class='ocr_line' id='line_1_30' title="bbox 2153 1501 3746 1583; baseline -0.006 -17"><span class='ocrx_word' id='word_1_200' title='bbox 2153 1512 2440 1583; x_wconf 71' lang='grc' dir='ltr'>κεκρίσθαι</span> <span class='ocrx_word' id='word_1_201' title='bbox 2492 1510 2684 1580; x_wconf 77' lang='grc' dir='ltr'>φύσιν,</span> <span class='ocrx_word' id='word_1_202' title='bbox 2740 1510 2836 1563; x_wconf 76' lang='grc' dir='ltr'>καὶ</span> <span class='ocrx_word' id='word_1_203' title='bbox 2877 1511 2936 1560; x_wconf 86' lang='grc' dir='ltr'>ὲν</span> <span class='ocrx_word' id='word_1_204' title='bbox 2986 1507 3161 1578; x_wconf 74' lang='grc' dir='ltr'>ἐνδείᾳ</span> <span class='ocrx_word' id='word_1_205' title='bbox 3207 1505 3461 1574; x_wconf 84' lang='grc' dir='ltr'>γενέσθαι</span> <span class='ocrx_word' id='word_1_206' title='bbox 3512 1503 3610 1558; x_wconf 88' lang='grc' dir='ltr'><strong>τοῦ</strong></span> <span class='ocrx_word' id='word_1_207' title='bbox 3647 1501 3746 1557; x_wconf 76' lang='grc' dir='ltr'><strong>διὰ</strong></span> 
     </span>
    </p>
   </div>
   <div class='ocr_carea' id='block_1_31' title="bbox 2153 1597 3748 1672">
    <p class='ocr_par' dir='ltr' id='par_1_31' title="bbox 2153 1597 3748 1672">
     <span class='ocr_line' id='line_1_31' title="bbox 2153 1597 3748 1672; baseline -0.006 -16"><span class='ocrx_word' id='word_1_208' title='bbox 2153 1602 2470 1672; x_wconf 72' lang='grc' dir='ltr'>Πνεῦματος</span> <span class='ocrx_word' id='word_1_209' title='bbox 2514 1599 2786 1671; x_wconf 86' lang='grc' dir='ltr'>ἁγιασμοῦ</span> <span class='ocrx_word' id='word_1_210' title='bbox 2841 1601 2935 1653; x_wconf 75' lang='grc' dir='ltr'><strong>καὶ</strong></span> <span class='ocrx_word' id='word_1_211' title='bbox 2975 1603 3076 1668; x_wconf 83' lang='grc' dir='ltr'><strong>τῆς</strong></span> <span class='ocrx_word' id='word_1_212' title='bbox 3122 1599 3215 1651; x_wconf 79' lang='grc' dir='ltr'><strong>ἀπ’</strong></span> <span class='ocrx_word' id='word_1_213' title='bbox 3267 1597 3431 1650; x_wconf 82' lang='grc' dir='ltr'>αὑτοῦ</span> <span class='ocrx_word' id='word_1_214' title='bbox 3479 1598 3748 1667; x_wconf 59' lang='grc' dir='ltr'>μετοχῆςε</span> 
     </span>
    </p>
   </div>
   <div class='ocr_carea' id='block_1_32' title="bbox 2153 1686 3744 1764">
    <p class='ocr_par' dir='ltr' id='par_1_32' title="bbox 2153 1686 3744 1764">
     <span class='ocr_line' id='line_1_32' title="bbox 2153 1686 3744 1764; baseline -0.004 -18"><span class='ocrx_word' id='word_1_215' title='bbox 2153 1693 2323 1764; x_wconf 73' lang='grc' dir='ltr'>ἡγουν</span> <span class='ocrx_word' id='word_1_216' title='bbox 2366 1692 2790 1754; x_wconf 81' lang='grc' dir='ltr'>διδασκέτωσαν,</span> <span class='ocrx_word' id='word_1_217' title='bbox 2837 1689 2952 1753; x_wconf 77' lang='grc' dir='ltr'>πῶς</span> <span class='ocrx_word' id='word_1_218' title='bbox 2994 1688 3058 1742; x_wconf 81' lang='grc' dir='ltr'><strong>ἂν</strong></span> <span class='ocrx_word' id='word_1_219' title='bbox 3091 1691 3265 1741; x_wconf 83' lang='grc' dir='ltr'>νοοῖτο</span> <span class='ocrx_word' id='word_1_220' title='bbox 3300 1688 3558 1760; x_wconf 82' lang='grc' dir='ltr'>Χριστὸς,</span> <span class='ocrx_word' id='word_1_221' title='bbox 3595 1689 3626 1740; x_wconf 93' lang='lat'><strong>6</strong></span> <span class='ocrx_word' id='word_1_222' title='bbox 3663 1686 3744 1757; x_wconf 83' lang='grc' dir='ltr'>μὴ</span> 
     </span>
    </p>
   </div>
   <div class='ocr_carea' id='block_1_33' title="bbox 2156 1779 3745 1855">
    <p class='ocr_par' dir='ltr' id='par_1_33' title="bbox 2156 1779 3745 1855">
     <span class='ocr_line' id='line_1_33' title="bbox 2156 1779 3745 1855; baseline -0.006 -19"><span class='ocrx_word' id='word_1_223' title='bbox 2156 1783 2556 1855; x_wconf 83' lang='grc' dir='ltr'>κεχρισμένος;</span> <span class='ocrx_word' id='word_1_224' title='bbox 2607 1782 2724 1844; x_wconf 82' lang='grc' dir='ltr'><strong>πῶς</strong></span> <span class='ocrx_word' id='word_1_225' title='bbox 2774 1781 2818 1834; x_wconf 77' lang='grc' dir='ltr'><strong>δ’</strong></span> <span class='ocrx_word' id='word_1_226' title='bbox 2875 1780 2940 1833; x_wconf 82' lang='grc' dir='ltr'>ἂν</span> <span class='ocrx_word' id='word_1_227' title='bbox 2989 1781 3304 1848; x_wconf 72' lang='grc' dir='ltr'><strong>καταμόνας</strong></span> <span class='ocrx_word' id='word_1_228' title='bbox 3352 1779 3586 1831; x_wconf 76' lang='grc' dir='ltr'>’καλοῖτο</span> <span class='ocrx_word' id='word_1_229' title='bbox 3640 1779 3745 1830; x_wconf 73' lang='grc' dir='ltr'>καὶ</span> 
     </span>
    </p>
   </div>
   <div class='ocr_carea' id='block_1_34' title="bbox 478 1847 2068 1947">
    <p class='ocr_par' dir='ltr' id='par_1_34' title="bbox 478 1865 2052 1937">
     <span class='ocr_line' id='line_1_34' title="bbox 478 1865 2052 1937; baseline 0.001 -19"><span class='ocrx_word' id='word_1_230' title='bbox 478 1876 572 1920; x_wconf 85' lang='lat' dir='ltr'><strong>tur</strong></span> <span class='ocrx_word' id='word_1_231' title='bbox 610 1866 962 1937; x_wconf 84' lang='lat' dir='ltr'><strong>peculiariter</strong></span> <span class='ocrx_word' id='word_1_232' title='bbox 997 1868 1159 1921; x_wconf 84' lang='lat' dir='ltr'><strong>etiam</strong></span> <span class='ocrx_word' id='word_1_233' title='bbox 1195 1865 1374 1931; x_wconf 83' lang='lat' dir='ltr'><strong>Jcsus,</strong></span> <span class='ocrx_word' id='word_1_234' title='bbox 1414 1869 1752 1937; x_wconf 79' lang='lat' dir='ltr'><strong>unigenitum</strong></span> <span class='ocrx_word' id='word_1_235' title='bbox 1790 1866 1882 1929; x_wconf 83' lang='lat' dir='ltr'><strong>Dei</strong></span> <span class='ocrx_word' id='word_1_236' title='bbox 1916 1867 2052 1921; x_wconf 74' lang='lat' dir='ltr'><strong>Ver-</strong></span> 
     </span>
    </p>
   </div>
   <div class='ocr_carea' id='block_1_35' title="bbox 2178 1847 3746 1947">
    <p class='ocr_par' dir='ltr' id='par_1_35' title="bbox 2178 1869 3746 1947">
     <span class='ocr_line' id='line_1_35' title="bbox 2178 1869 3746 1947; baseline -0.004 -19"><span class='ocrx_word' id='word_1_237' title='bbox 2178 1874 2376 1947; x_wconf 74' lang='grc' dir='ltr'>Ἰησοῦς</span> <span class='ocrx_word' id='word_1_238' title='bbox 2423 1876 2451 1928; x_wconf 95' lang='lat'><strong>6</strong></span> <span class='ocrx_word' id='word_1_239' title='bbox 2502 1873 2795 1944; x_wconf 80' lang='grc' dir='ltr'>μονογενὴς</span> <span class='ocrx_word' id='word_1_240' title='bbox 2839 1871 2932 1925; x_wconf 87' lang='grc' dir='ltr'><strong>τοῦ</strong></span> <span class='ocrx_word' id='word_1_241' title='bbox 2991 1870 3126 1923; x_wconf 88' lang='grc' dir='ltr'>Θεοῦ</span> <span class='ocrx_word' id='word_1_242' title='bbox 3182 1870 3386 1938; x_wconf 80' lang='grc' dir='ltr'><strong>Λόγος,</strong></span> <span class='ocrx_word' id='word_1_243' title='bbox 3421 1870 3600 1924; x_wconf 76' lang='grc' dir='ltr'>καίτοι</span> <span class='ocrx_word' id='word_1_244' title='bbox 3642 1869 3746 1923; x_wconf 76' lang='grc' dir='ltr'><strong>τοῦ</strong></span> 
     </span>
    </p>
   </div>
   <div class='ocr_carea' id='block_1_36' title="bbox 477 1957 2050 2026">
    <p class='ocr_par' dir='ltr' id='par_1_36' title="bbox 477 1957 2050 2026">
     <span class='ocr_line' id='line_1_36' title="bbox 477 1957 2050 2026; baseline 0.001 -14"><span class='ocrx_word' id='word_1_245' title='bbox 477 1957 632 2023; x_wconf 82' lang='lat' dir='ltr'><strong>bum,</strong></span> <span class='ocrx_word' id='word_1_246' title='bbox 678 1973 798 2012; x_wconf 86' lang='lat' dir='ltr'><strong>eum</strong></span> <span class='ocrx_word' id='word_1_247' title='bbox 857 1958 1047 2012; x_wconf 74' lang='lat' dir='ltr'><strong>beatus</strong></span> <span class='ocrx_word' id='word_1_248' title='bbox 1088 1959 1308 2014; x_wconf 85' lang='lat' dir='ltr'><strong>Gabriel</strong></span> <span class='ocrx_word' id='word_1_249' title='bbox 1353 1971 1555 2014; x_wconf 68' lang='lat' dir='ltr'><strong>sancta:</strong></span> <span class='ocrx_word' id='word_1_250' title='bbox 1607 1958 1808 2026; x_wconf 80' lang='lat' dir='ltr'><strong>Virgini</strong></span> <span class='ocrx_word' id='word_1_251' title='bbox 1859 1959 2050 2014; x_wconf 86' lang='lat' dir='ltr'><strong>dicat:</strong></span> 
     </span>
    </p>
   </div>
   <div class='ocr_carea' id='block_1_37' title="bbox 485 2046 2054 2119">
    <p class='ocr_par' dir='ltr' id='par_1_37' title="bbox 485 2046 2054 2119">
     <span class='ocr_line' id='line_1_37' title="bbox 485 2046 2054 2119; baseline -0.001 -19"><span class='ocrx_word' id='word_1_252' title='bbox 485 2065 505 2100; x_wconf 79' lang='grc' dir='ltr'><strong>ι</strong></span> <span class='ocrx_word' id='word_1_253' title='bbox 539 2046 623 2101; x_wconf 87' lang='lat' dir='ltr'><strong>Ne</strong></span> <span class='ocrx_word' id='word_1_254' title='bbox 649 2047 864 2112; x_wconf 87' lang='lat' dir='ltr'><strong>timeas,</strong></span> <span class='ocrx_word' id='word_1_255' title='bbox 906 2046 1073 2101; x_wconf 85' lang='lat' dir='ltr'><strong>Maria</strong></span> <span class='ocrx_word' id='word_1_256' title='bbox 1102 2066 1116 2115; x_wconf 91' lang='lat'><strong>;</strong></span> <span class='ocrx_word' id='word_1_257' title='bbox 1145 2063 1272 2103; x_wconf 88' lang='lat' dir='ltr'><strong>ecce</strong></span> <span class='ocrx_word' id='word_1_258' title='bbox 1309 2049 1451 2102; x_wconf 91' lang='lat' dir='ltr'><strong>enim</strong></span> <span class='ocrx_word' id='word_1_259' title='bbox 1483 2051 1760 2119; x_wconf 88' lang='lat' dir='ltr'><strong>concipies</strong></span> <span class='ocrx_word' id='word_1_260' title='bbox 1791 2050 1843 2102; x_wconf 92' lang='lat' dir='ltr'><strong>in</strong></span> <span class='ocrx_word' id='word_1_261' title='bbox 1877 2061 2054 2113; x_wconf 90' lang='lat' dir='ltr'><strong>utero,</strong></span> 
     </span>
    </p>
   </div>
   <div class='ocr_carea' id='block_1_38' title="bbox 481 2139 2053 2210">
    <p class='ocr_par' dir='ltr' id='par_1_38' title="bbox 481 2139 2053 2210">
     <span class='ocr_line' id='line_1_38' title="bbox 481 2139 2053 2210; baseline 0.001 -19"><span class='ocrx_word' id='word_1_262' title='bbox 481 2145 539 2191; x_wconf 83' lang='lat' dir='ltr'><strong>et</strong></span> <span class='ocrx_word' id='word_1_263' title='bbox 585 2139 767 2208; x_wconf 86' lang='lat' dir='ltr'><strong>paries</strong></span> <span class='ocrx_word' id='word_1_264' title='bbox 804 2139 995 2201; x_wconf 83' lang='lat' dir='ltr'><strong>tilium,</strong></span> <span class='ocrx_word' id='word_1_265' title='bbox 1029 2148 1084 2192; x_wconf 91' lang='lat' dir='ltr'><strong>et</strong></span> <span class='ocrx_word' id='word_1_266' title='bbox 1116 2139 1334 2194; x_wconf 90' lang='lat' dir='ltr'><strong>vocabis</strong></span> <span class='ocrx_word' id='word_1_267' title='bbox 1369 2155 1564 2195; x_wconf 87' lang='lat' dir='ltr'><strong>nomen</strong></span> <span class='ocrx_word' id='word_1_268' title='bbox 1616 2141 1733 2210; x_wconf 88' lang='lat' dir='ltr'><strong>ejus</strong></span> <span class='ocrx_word' id='word_1_269' title='bbox 1768 2139 1958 2195; x_wconf 82' lang='lat' dir='ltr'><strong>Jesum</strong></span> <span class='ocrx_word' id='word_1_270' title='bbox 1987 2140 2053 2193; x_wconf 79' lang='grc'><strong>⁸⁸.</strong></span> 
     </span>
    </p>
   </div>
   <div class='ocr_carea' id='block_1_39' title="bbox 480 2222 2058 2304">
    <p class='ocr_par' dir='ltr' id='par_1_39' title="bbox 480 2222 2058 2304">
     <span class='ocr_line' id='line_1_39' title="bbox 480 2222 2058 2304; baseline 0.003 -25"><span class='ocrx_word' id='word_1_271' title='bbox 480 2222 600 2292; x_wconf 79' lang='lat' dir='ltr'><strong>Ipse</strong></span> <span class='ocrx_word' id='word_1_272' title='bbox 647 2227 792 2280; x_wconf 91' lang='lat' dir='ltr'><strong>enim</strong></span> <span class='ocrx_word' id='word_1_273' title='bbox 841 2227 1074 2282; x_wconf 87' lang='lat' dir='ltr'><strong>salvahit</strong></span> <span class='ocrx_word' id='word_1_274' title='bbox 1107 2228 1366 2302; x_wconf 82' lang='lat' dir='ltr'><strong>pepulum</strong></span> <span class='ocrx_word' id='word_1_275' title='bbox 1408 2243 1564 2284; x_wconf 89' lang='lat' dir='ltr'><strong>suum</strong></span> <span class='ocrx_word' id='word_1_276' title='bbox 1612 2244 1641 2297; x_wconf 84' lang='lat' dir='ltr'><strong>a</strong></span> <span class='ocrx_word' id='word_1_277' title='bbox 1685 2229 1922 2304; x_wconf 83' lang='lat' dir='ltr'><strong>peccatis</strong></span> <span class='ocrx_word' id='word_1_278' title='bbox 1967 2243 2058 2284; x_wconf 84' lang='lat' dir='ltr'><strong>eo-</strong></span> 
     </span>
    </p>
   </div>
   <div class='ocr_carea' id='block_1_40' title="bbox 481 2314 755 2371">
    <p class='ocr_par' dir='ltr' id='par_1_40' title="bbox 481 2314 755 2371">
     <span class='ocr_line' id='line_1_40' title="bbox 481 2314 755 2371; baseline 0 -4"><span class='ocrx_word' id='word_1_279' title='bbox 481 2329 602 2369; x_wconf 76' lang='lat' dir='ltr'><strong>rum</strong></span> <span class='ocrx_word' id='word_1_280' title='bbox 634 2314 696 2371; x_wconf 81' lang='grc'><strong>⁸⁷.</strong></span> <span class='ocrx_word' id='word_1_281' title='bbox 735 2333 755 2367; x_wconf 76' lang='grc' dir='ltr'><strong>ι</strong></span> 
     </span>
    </p>
   </div>
   <div class='ocr_carea' id='block_1_41' title="bbox 555 2406 2055 2476">
    <p class='ocr_par' dir='ltr' id='par_1_41' title="bbox 555 2406 2055 2476">
     <span class='ocr_line' id='line_1_41' title="bbox 555 2406 2055 2476; baseline 0.003 -17"><span class='ocrx_word' id='word_1_282' title='bbox 555 2406 616 2460; x_wconf 86' lang='grc' dir='ltr'><strong>Β.</strong></span> <span class='ocrx_word' id='word_1_283' title='bbox 649 2407 788 2476; x_wconf 76' lang='lat' dir='ltr'><strong>Ergo</strong></span> <span class='ocrx_word' id='word_1_284' title='bbox 812 2421 907 2476; x_wconf 88' lang='lat' dir='ltr'><strong>per</strong></span> <span class='ocrx_word' id='word_1_285' title='bbox 936 2407 1207 2462; x_wconf 86' lang='lat' dir='ltr'><strong>hominem</strong></span> <span class='ocrx_word' id='word_1_286' title='bbox 1242 2417 1436 2462; x_wconf 90' lang='lat' dir='ltr'><strong>cuncta</strong></span> <span class='ocrx_word' id='word_1_287' title='bbox 1468 2408 1608 2464; x_wconf 73' lang='lat' dir='ltr'><strong>faeta</strong></span> <span class='ocrx_word' id='word_1_288' title='bbox 1633 2424 1756 2465; x_wconf 89' lang='lat' dir='ltr'><strong>esse</strong></span> <span class='ocrx_word' id='word_1_289' title='bbox 1786 2410 2055 2473; x_wconf 84' lang='lat' dir='ltr'><strong>dicemus,</strong></span> 
     </span>
    </p>
   </div>
   <div class='ocr_carea' id='block_1_42' title="bbox 484 2497 2061 2567">
    <p class='ocr_par' dir='ltr' id='par_1_42' title="bbox 484 2497 2061 2567">
     <span class='ocr_line' id='line_1_42' title="bbox 484 2497 2061 2567; baseline 0.001 -15"><span class='ocrx_word' id='word_1_290' title='bbox 484 2507 540 2552; x_wconf 83' lang='lat' dir='ltr'><strong>et</strong></span> <span class='ocrx_word' id='word_1_291' title='bbox 573 2497 662 2566; x_wconf 91' lang='lat' dir='ltr'><strong>qui</strong></span> <span class='ocrx_word' id='word_1_292' title='bbox 708 2497 760 2551; x_wconf 84' lang='lat' dir='ltr'><strong>in</strong></span> <span class='ocrx_word' id='word_1_293' title='bbox 796 2499 1106 2554; x_wconf 88' lang='lat' dir='ltr'><strong>novissimis</strong></span> <span class='ocrx_word' id='word_1_294' title='bbox 1137 2499 1316 2554; x_wconf 74' lang='lat' dir='ltr'><strong>sxuculi</strong></span> <span class='ocrx_word' id='word_1_295' title='bbox 1349 2502 1684 2567; x_wconf 78' lang='lat' dir='ltr'><strong>temporibus</strong></span> <span class='ocrx_word' id='word_1_296' title='bbox 1723 2516 1787 2555; x_wconf 80' lang='lat' dir='ltr'><strong>ex</strong></span> <span class='ocrx_word' id='word_1_297' title='bbox 1838 2501 2061 2556; x_wconf 85' lang='lat' dir='ltr'><strong>muliere</strong></span> 
     </span>
    </p>
   </div>
   <div class='ocr_carea' id='block_1_43' title="bbox 486 2587 2060 2662">
    <p class='ocr_par' dir='ltr' id='par_1_43' title="bbox 486 2587 2060 2662">
     <span class='ocr_line' id='line_1_43' title="bbox 486 2587 2060 2662; baseline 0.003 -23"><span class='ocrx_word' id='word_1_298' title='bbox 486 2596 646 2640; x_wconf 90' lang='lat' dir='ltr'><strong>natus</strong></span> <span class='ocrx_word' id='word_1_299' title='bbox 675 2596 779 2651; x_wconf 82' lang='lat' dir='ltr'><strong>est,</strong></span> <span class='ocrx_word' id='word_1_300' title='bbox 806 2587 1034 2642; x_wconf 79' lang='lat' dir='ltr'><strong>Creator</strong></span> <span class='ocrx_word' id='word_1_301' title='bbox 1083 2599 1166 2643; x_wconf 84' lang='lat' dir='ltr'><strong>est</strong></span> <span class='ocrx_word' id='word_1_302' title='bbox 1206 2589 1328 2650; x_wconf 67' lang='lat' dir='ltr'><strong>cmli</strong></span> <span class='ocrx_word' id='word_1_303' title='bbox 1375 2600 1431 2644; x_wconf 87' lang='lat' dir='ltr'><strong>et</strong></span> <span class='ocrx_word' id='word_1_304' title='bbox 1493 2601 1681 2662; x_wconf 68' lang='lat' dir='ltr'><strong>terrae,</strong></span> <span class='ocrx_word' id='word_1_305' title='bbox 1715 2605 1777 2644; x_wconf 88' lang='lat' dir='ltr'><strong>ac</strong></span> <span class='ocrx_word' id='word_1_306' title='bbox 1825 2591 2060 2654; x_wconf 84' lang='lat' dir='ltr'><strong>breviter</strong></span> 
     </span>
    </p>
   </div>
   <div class='ocr_carea' id='block_1_44' title="bbox 487 2677 1242 2746">
    <p class='ocr_par' dir='ltr' id='par_1_44' title="bbox 487 2677 1242 2746">
     <span class='ocr_line' id='line_1_44' title="bbox 487 2677 1242 2746; baseline 0 -12"><span class='ocrx_word' id='word_1_307' title='bbox 487 2677 726 2734; x_wconf 84' lang='lat' dir='ltr'><strong>Omnium</strong></span> <span class='ocrx_word' id='word_1_308' title='bbox 751 2693 870 2746; x_wconf 78' lang='lat' dir='ltr'><strong>qua:</strong></span> <span class='ocrx_word' id='word_1_309' title='bbox 897 2679 947 2731; x_wconf 94' lang='lat' dir='ltr'><strong>in</strong></span> <span class='ocrx_word' id='word_1_310' title='bbox 981 2680 1060 2732; x_wconf 78' lang='lat' dir='ltr'><strong>eis</strong></span> <span class='ocrx_word' id='word_1_311' title='bbox 1095 2690 1242 2734; x_wconf 89' lang='lat' dir='ltr'><strong>sunt.</strong></span> 
     </span>
    </p>
   </div>
   <div class='ocr_carea' id='block_1_45' title="bbox 564 2769 2062 2840">
    <p class='ocr_par' dir='ltr' id='par_1_45' title="bbox 564 2769 2062 2840">
     <span class='ocr_line' id='line_1_45' title="bbox 564 2769 2062 2840; baseline 0.001 -17"><span class='ocrx_word' id='word_1_312' title='bbox 564 2769 630 2823; x_wconf 82' lang='grc' dir='ltr'><strong>Α.</strong></span> <span class='ocrx_word' id='word_1_313' title='bbox 686 2769 758 2824; x_wconf 90' lang='lat' dir='ltr'><strong>Ita</strong></span> <span class='ocrx_word' id='word_1_314' title='bbox 789 2773 990 2831; x_wconf 82' lang='lat' dir='ltr'><strong>sentias</strong></span> <span class='ocrx_word' id='word_1_315' title='bbox 1017 2781 1250 2840; x_wconf 81' lang='lat' dir='ltr'><strong>oportet.</strong></span> <span class='ocrx_word' id='word_1_316' title='bbox 1297 2773 1487 2828; x_wconf 84' lang='lat' dir='ltr'><strong>Annon</strong></span> <span class='ocrx_word' id='word_1_317' title='bbox 1517 2775 1684 2838; x_wconf 86' lang='lat' dir='ltr'><strong>enim,</strong></span> <span class='ocrx_word' id='word_1_318' title='bbox 1721 2774 1948 2829; x_wconf 85' lang='lat' dir='ltr'><strong>obsecro</strong></span> <span class='ocrx_word' id='word_1_319' title='bbox 1990 2783 2062 2839; x_wconf 76' lang='lat' dir='ltr'><strong>te,</strong></span> 
     </span>
    </p>
   </div>
   <div class='ocr_carea' id='block_1_46' title="bbox 495 2858 2067 2933">
    <p class='ocr_par' dir='ltr' id='par_1_46' title="bbox 495 2858 2067 2933">
     <span class='ocr_line' id='line_1_46' title="bbox 495 2858 2067 2933; baseline 0.004 -21"><span class='ocrx_word' id='word_1_320' title='bbox 495 2879 515 2912; x_wconf 76' lang='grc' dir='ltr'><strong>ι</strong></span> <span class='ocrx_word' id='word_1_321' title='bbox 553 2858 784 2915; x_wconf 83' lang='lat' dir='ltr'><strong>Verbum</strong></span> <span class='ocrx_word' id='word_1_322' title='bbox 834 2876 964 2916; x_wconf 86' lang='lat' dir='ltr'><strong>caro</strong></span> <span class='ocrx_word' id='word_1_323' title='bbox 1013 2861 1215 2916; x_wconf 78' lang='lat' dir='ltr'><strong>factum</strong></span> <span class='ocrx_word' id='word_1_324' title='bbox 1271 2874 1352 2918; x_wconf 86' lang='lat' dir='ltr'><strong>est</strong></span> <span class='ocrx_word' id='word_1_325' title='bbox 1382 2862 1465 2918; x_wconf 71' lang='lat'><strong>“&#39;3</strong></span> <span class='ocrx_word' id='word_1_326' title='bbox 1506 2885 1524 2918; x_wconf 77' lang='grc' dir='ltr'><strong>ι</strong></span> <span class='ocrx_word' id='word_1_327' title='bbox 1559 2880 1735 2918; x_wconf 89' lang='lat' dir='ltr'><strong>nonne</strong></span> <span class='ocrx_word' id='word_1_328' title='bbox 1769 2865 2067 2933; x_wconf 86' lang='lat' dir='ltr'><strong>appellatur</strong></span> 
     </span>
    </p>
   </div>
   <div class='ocr_carea' id='block_1_47' title="bbox 493 2949 2066 3022">
    <p class='ocr_par' dir='ltr' id='par_1_47' title="bbox 493 2949 2066 3022">
     <span class='ocr_line' id='line_1_47' title="bbox 493 2949 2066 3022; baseline 0.002 -16"><span class='ocrx_word' id='word_1_329' title='bbox 493 2949 668 3006; x_wconf 70' lang='lat' dir='ltr'><strong>Filius</strong></span> <span class='ocrx_word' id='word_1_330' title='bbox 703 2951 981 3005; x_wconf 59' lang='lat' dir='ltr'><strong>hominis?</strong></span> <span class='ocrx_word' id='word_1_331' title='bbox 1003 2968 1142 3005; x_wconf 89' lang='lat' dir='ltr'><strong>anne</strong></span> <span class='ocrx_word' id='word_1_332' title='bbox 1175 2954 1400 3005; x_wconf 81' lang='lat' dir='ltr'><strong>formam</strong></span> <span class='ocrx_word' id='word_1_333' title='bbox 1431 2954 1571 3006; x_wconf 84' lang='lat' dir='ltr'><strong>servi</strong></span> <span class='ocrx_word' id='word_1_334' title='bbox 1615 2953 1861 3022; x_wconf 80' lang='lat' dir='ltr'><strong>accepit?</strong></span> <span class='ocrx_word' id='word_1_335' title='bbox 1889 2969 2066 3009; x_wconf 75' lang='lat' dir='ltr'><strong>nonne</strong></span> 
     </span>
    </p>
   </div>
   <div class='ocr_carea' id='block_1_48' title="bbox 492 3045 2064 3112">
    <p class='ocr_par' dir='ltr' id='par_1_48' title="bbox 492 3045 2064 3112">
     <span class='ocr_line' id='line_1_48' title="bbox 492 3045 2064 3112; baseline 0.003 -16"><span class='ocrx_word' id='word_1_336' title='bbox 492 3045 782 3097; x_wconf 83' lang='lat' dir='ltr'><strong>evacuavit</strong></span> <span class='ocrx_word' id='word_1_337' title='bbox 815 3045 1189 3112; x_wconf 81' lang='lat' dir='ltr'><strong>semetipsum,</strong></span> <span class='ocrx_word' id='word_1_338' title='bbox 1233 3045 1286 3098; x_wconf 91' lang='lat' dir='ltr'><strong>in</strong></span> <span class='ocrx_word' id='word_1_339' title='bbox 1327 3046 1736 3098; x_wconf 79' lang='lat' dir='ltr'><strong>similitmlinein</strong></span> <span class='ocrx_word' id='word_1_340' title='bbox 1789 3047 2064 3100; x_wconf 65' lang='lat' dir='ltr'><strong>heminam</strong></span> 
     </span>
    </p>
   </div>
   <div class='ocr_carea' id='block_1_49' title="bbox 2164 1960 3748 2037">
    <p class='ocr_par' dir='ltr' id='par_1_49' title="bbox 2164 1960 3748 2037">
     <span class='ocr_line' id='line_1_49' title="bbox 2164 1960 3748 2037; baseline -0.003 -17"><span class='ocrx_word' id='word_1_341' title='bbox 2164 1965 2436 2037; x_wconf 72' lang='grc' dir='ltr'>μακαρίου</span> <span class='ocrx_word' id='word_1_342' title='bbox 2471 1964 2716 2036; x_wconf 77' lang='grc' dir='ltr'>Γαϐριὴλ</span> <span class='ocrx_word' id='word_1_343' title='bbox 2749 1966 2816 2034; x_wconf 80' lang='grc' dir='ltr'>τῇ</span> <span class='ocrx_word' id='word_1_344' title='bbox 2849 1962 2980 2033; x_wconf 82' lang='grc' dir='ltr'>ἁγίᾳ</span> <span class='ocrx_word' id='word_1_345' title='bbox 3015 1960 3278 2030; x_wconf 78' lang='grc' dir='ltr'><strong>Παρθένῳ</strong></span> <span class='ocrx_word' id='word_1_346' title='bbox 3307 1961 3580 2030; x_wconf 70' lang='grc' dir='ltr'>λέγοντοςο-</span> <span class='ocrx_word' id='word_1_347' title='bbox 3604 1981 3622 2012; x_wconf 83' lang='grc' dir='ltr'><strong>ι</strong></span> <span class='ocrx_word' id='word_1_348' title='bbox 3645 1960 3748 2029; x_wconf 78' lang='grc' dir='ltr'><strong>Μὴ</strong></span> 
     </span>
    </p>
   </div>
   <div class='ocr_carea' id='block_1_50' title="bbox 2161 2052 3750 2129">
    <p class='ocr_par' dir='ltr' id='par_1_50' title="bbox 2161 2052 3750 2129">
     <span class='ocr_line' id='line_1_50' title="bbox 2161 2052 3750 2129; baseline -0.004 -17"><span class='ocrx_word' id='word_1_349' title='bbox 2161 2058 2344 2129; x_wconf 79' lang='grc' dir='ltr'>φοϐοῦ,</span> <span class='ocrx_word' id='word_1_350' title='bbox 2367 2057 2620 2129; x_wconf 70' lang='grc' dir='ltr'>Μαριάμ·</span> <span class='ocrx_word' id='word_1_351' title='bbox 2641 2057 2748 2109; x_wconf 81' lang='grc' dir='ltr'>ἰδοὺ</span> <span class='ocrx_word' id='word_1_352' title='bbox 2775 2057 2884 2126; x_wconf 80' lang='grc' dir='ltr'>γὰρ</span> <span class='ocrx_word' id='word_1_353' title='bbox 2907 2054 3153 2125; x_wconf 70' lang='grc' dir='ltr'>συλλήψῃ</span> <span class='ocrx_word' id='word_1_354' title='bbox 3181 2057 3238 2106; x_wconf 80' lang='grc' dir='ltr'>ὲν</span> <span class='ocrx_word' id='word_1_355' title='bbox 3263 2054 3590 2125; x_wconf 70' lang='grc' dir='ltr'>γαστρὶ,καὶ</span> <span class='ocrx_word' id='word_1_356' title='bbox 3611 2052 3750 2122; x_wconf 78' lang='grc' dir='ltr'>τέξῃ</span> 
     </span>
    </p>
   </div>
   <div class='ocr_carea' id='block_1_51' title="bbox 2161 2144 3748 2220">
    <p class='ocr_par' dir='ltr' id='par_1_51' title="bbox 2161 2144 3748 2220">
     <span class='ocr_line' id='line_1_51' title="bbox 2161 2144 3748 2220; baseline -0.003 -18"><span class='ocrx_word' id='word_1_357' title='bbox 2161 2151 2298 2220; x_wconf 76' lang='grc' dir='ltr'>υἱὸν,</span> <span class='ocrx_word' id='word_1_358' title='bbox 2335 2151 2429 2203; x_wconf 70' lang='grc' dir='ltr'><strong>καὶ</strong></span> <span class='ocrx_word' id='word_1_359' title='bbox 2479 2149 2732 2210; x_wconf 74' lang='grc' dir='ltr'><strong>καλέσεις</strong></span> <span class='ocrx_word' id='word_1_360' title='bbox 2762 2147 2824 2199; x_wconf 88' lang='grc' dir='ltr'><strong>τὸ</strong></span> <span class='ocrx_word' id='word_1_361' title='bbox 2867 2147 3037 2217; x_wconf 75' lang='grc' dir='ltr'>ὄνομα</span> <span class='ocrx_word' id='word_1_362' title='bbox 3076 2145 3264 2207; x_wconf 68' lang='grc' dir='ltr'>αὑτοῦ,</span> <span class='ocrx_word' id='word_1_363' title='bbox 3309 2145 3536 2214; x_wconf 80' lang='grc' dir='ltr'>Ἰησοῦν.</span> <span class='ocrx_word' id='word_1_364' title='bbox 3567 2144 3748 2205; x_wconf 75' lang='grc' dir='ltr'>Αὐτὸς</span> 
     </span>
    </p>
   </div>
   <div class='ocr_carea' id='block_1_52' title="bbox 2161 2238 3749 2314">
    <p class='ocr_par' dir='ltr' id='par_1_52' title="bbox 2161 2238 3749 2314">
     <span class='ocr_line' id='line_1_52' title="bbox 2161 2238 3749 2314; baseline -0.004 -19"><span class='ocrx_word' id='word_1_365' title='bbox 2161 2243 2268 2314; x_wconf 82' lang='grc' dir='ltr'><strong>γὰρ</strong></span> <span class='ocrx_word' id='word_1_366' title='bbox 2305 2240 2471 2310; x_wconf 25' lang='grc' dir='ltr'>σώσει,</span> <span class='ocrx_word' id='word_1_367' title='bbox 2505 2241 2602 2300; x_wconf 39' lang='grc' dir='ltr'>τὸν,</span> <span class='ocrx_word' id='word_1_368' title='bbox 2630 2240 2759 2296; x_wconf 82' lang='grc' dir='ltr'>λαὸν</span> <span class='ocrx_word' id='word_1_369' title='bbox 2810 2240 2971 2293; x_wconf 77' lang='grc' dir='ltr'>αὑτοῦ</span> <span class='ocrx_word' id='word_1_370' title='bbox 3011 2239 3122 2293; x_wconf 81' lang='grc' dir='ltr'><strong>ἀπὸ</strong></span> <span class='ocrx_word' id='word_1_371' title='bbox 3162 2239 3271 2291; x_wconf 82' lang='grc' dir='ltr'>τῶν</span> <span class='ocrx_word' id='word_1_372' title='bbox 3317 2238 3603 2312; x_wconf 82' lang='grc' dir='ltr'>ἁμαρτιῶν</span> <span class='ocrx_word' id='word_1_373' title='bbox 3645 2238 3749 2290; x_wconf 66' lang='grc' dir='ltr'><strong>αὖε</strong></span> 
     </span>
    </p>
   </div>
   <div class='ocr_carea' id='block_1_53' title="bbox 2161 2334 2350 2388">
    <p class='ocr_par' dir='ltr' id='par_1_53' title="bbox 2161 2334 2350 2388">
     <span class='ocr_line' id='line_1_53' title="bbox 2161 2334 2350 2388; baseline -0.011 0"><span class='ocrx_word' id='word_1_374' title='bbox 2161 2334 2290 2388; x_wconf 81' lang='grc' dir='ltr'>τῶν.</span> <span class='ocrx_word' id='word_1_375' title='bbox 2331 2353 2350 2386; x_wconf 72' lang='grc' dir='ltr'><strong>ι</strong></span> 
     </span>
    </p>
   </div>
   <div class='ocr_carea' id='block_1_54' title="bbox 2233 2419 3751 2496">
    <p class='ocr_par' dir='ltr' id='par_1_54' title="bbox 2233 2419 3751 2496">
     <span class='ocr_line' id='line_1_54' title="bbox 2233 2419 3751 2496; baseline -0.003 -17"><span class='ocrx_word' id='word_1_376' title='bbox 2233 2426 2294 2478; x_wconf 89' lang='grc' dir='ltr'><strong>Β.</strong></span> <span class='ocrx_word' id='word_1_377' title='bbox 2339 2425 2461 2496; x_wconf 71' lang='grc' dir='ltr'><strong>’Ἆρ’</strong></span> <span class='ocrx_word' id='word_1_378' title='bbox 2494 2419 2608 2485; x_wconf 75' lang='grc' dir='ltr'>οῦν,</span> <span class='ocrx_word' id='word_1_379' title='bbox 2643 2424 2710 2477; x_wconf 77' lang='grc' dir='ltr'><strong>δι’</strong></span> <span class='ocrx_word' id='word_1_380' title='bbox 2746 2422 2911 2477; x_wconf 75' lang='grc' dir='ltr'>αὑτοῦ</span> <span class='ocrx_word' id='word_1_381' title='bbox 2941 2422 3272 2491; x_wconf 69' lang='grc' dir='ltr'>πεποιῆσθαι</span> <span class='ocrx_word' id='word_1_382' title='bbox 3302 2439 3482 2492; x_wconf 70' lang='grc' dir='ltr'>φαμεν</span> <span class='ocrx_word' id='word_1_383' title='bbox 3507 2420 3576 2474; x_wconf 71' lang='grc' dir='ltr'><strong>τὰ</strong></span> <span class='ocrx_word' id='word_1_384' title='bbox 3609 2421 3751 2475; x_wconf 67' lang='grc' dir='ltr'>πάν-ν</span> 
     </span>
    </p>
   </div>
   <div class='ocr_carea' id='block_1_55' title="bbox 2163 2513 3762 2587">
    <p class='ocr_par' dir='ltr' id='par_1_55' title="bbox 2163 2513 3762 2587">
     <span class='ocr_line' id='line_1_55' title="bbox 2163 2513 3762 2587; baseline -0.004 -16"><span class='ocrx_word' id='word_1_385' title='bbox 2163 2535 2252 2583; x_wconf 85' lang='grc' dir='ltr'><strong>τα,</strong></span> <span class='ocrx_word' id='word_1_386' title='bbox 2293 2518 2386 2572; x_wconf 74' lang='grc' dir='ltr'>καὶ</span> <span class='ocrx_word' id='word_1_387' title='bbox 2429 2519 2458 2570; x_wconf 92' lang='grc' dir='ltr'><strong>ό</strong></span> <span class='ocrx_word' id='word_1_388' title='bbox 2497 2518 2554 2570; x_wconf 83' lang='grc' dir='ltr'>ὲν</span> <span class='ocrx_word' id='word_1_389' title='bbox 2603 2516 2852 2587; x_wconf 78' lang='grc' dir='ltr'>ἐσχάτοις</span> <span class='ocrx_word' id='word_1_390' title='bbox 2897 2515 2988 2568; x_wconf 83' lang='grc' dir='ltr'><strong>τοῦ</strong></span> <span class='ocrx_word' id='word_1_391' title='bbox 3039 2515 3233 2577; x_wconf 84' lang='grc' dir='ltr'>αἰῶνος</span> <span class='ocrx_word' id='word_1_392' title='bbox 3279 2515 3489 2584; x_wconf 86' lang='grc' dir='ltr'>καιροῖς</span> <span class='ocrx_word' id='word_1_393' title='bbox 3537 2513 3640 2583; x_wconf 78' lang='grc' dir='ltr'><strong>τὴν</strong></span> <span class='ocrx_word' id='word_1_394' title='bbox 3685 2513 3762 2564; x_wconf 75' lang='grc' dir='ltr'>ὲκ</span> 
     </span>
    </p>
   </div>
   <div class='ocr_carea' id='block_1_56' title="bbox 2165 2600 3756 2679">
    <p class='ocr_par' dir='ltr' id='par_1_56' title="bbox 2165 2600 3756 2679">
     <span class='ocr_line' id='line_1_56' title="bbox 2165 2600 3756 2679; baseline -0.004 -17"><span class='ocrx_word' id='word_1_395' title='bbox 2165 2611 2423 2679; x_wconf 87' lang='grc' dir='ltr'>γυναικὸς</span> <span class='ocrx_word' id='word_1_396' title='bbox 2451 2608 2707 2675; x_wconf 75' lang='grc' dir='ltr'>ὰπότεξιν</span> <span class='ocrx_word' id='word_1_397' title='bbox 2740 2608 2898 2679; x_wconf 78' lang='grc' dir='ltr'>ἔχων,</span> <span class='ocrx_word' id='word_1_398' title='bbox 2930 2607 3260 2678; x_wconf 79' lang='grc' dir='ltr'>δημιουργός</span> <span class='ocrx_word' id='word_1_399' title='bbox 3290 2608 3435 2660; x_wconf 70' lang='grc' dir='ltr'>ἐστιν</span> <span class='ocrx_word' id='word_1_400' title='bbox 3458 2600 3550 2658; x_wconf 76' lang='grc' dir='ltr'><strong>οὖν</strong></span> <span class='ocrx_word' id='word_1_401' title='bbox 3583 2605 3756 2675; x_wconf 78' lang='grc' dir='ltr'>οὐρα-</span> 
     </span>
    </p>
   </div>
   <div class='ocr_carea' id='block_1_57' title="bbox 2166 2695 3638 2769">
    <p class='ocr_par' dir='ltr' id='par_1_57' title="bbox 2166 2695 3638 2769">
     <span class='ocr_line' id='line_1_57' title="bbox 2166 2695 3638 2769; baseline -0.004 -17"><span class='ocrx_word' id='word_1_402' title='bbox 2166 2698 2258 2752; x_wconf 86' lang='grc' dir='ltr'><strong>νοῦ</strong></span> <span class='ocrx_word' id='word_1_403' title='bbox 2292 2699 2386 2752; x_wconf 79' lang='grc' dir='ltr'><strong>καὶ</strong></span> <span class='ocrx_word' id='word_1_404' title='bbox 2412 2700 2537 2769; x_wconf 77' lang='grc' dir='ltr'>γῆς,</span> <span class='ocrx_word' id='word_1_405' title='bbox 2575 2698 2881 2768; x_wconf 68' lang='grc' dir='ltr'>συλλήϐδην</span> <span class='ocrx_word' id='word_1_406' title='bbox 2919 2698 3174 2750; x_wconf 75' lang='grc' dir='ltr'>ἁπάντων</span> <span class='ocrx_word' id='word_1_407' title='bbox 3207 2695 3314 2749; x_wconf 82' lang='grc' dir='ltr'>τῶν</span> <span class='ocrx_word' id='word_1_408' title='bbox 3339 2698 3398 2748; x_wconf 79' lang='grc' dir='ltr'>ὲν</span> <span class='ocrx_word' id='word_1_409' title='bbox 3431 2695 3638 2758; x_wconf 82' lang='grc' dir='ltr'>αὐτοῖς.</span> 
     </span>
    </p>
   </div>
   <div class='ocr_carea' id='block_1_58' title="bbox 2237 2780 3760 2858">
    <p class='ocr_par' dir='ltr' id='par_1_58' title="bbox 2237 2780 3760 2858">
     <span class='ocr_line' id='line_1_58' title="bbox 2237 2780 3760 2858; baseline -0.005 -16"><span class='ocrx_word' id='word_1_410' title='bbox 2237 2791 2301 2842; x_wconf 81' lang='grc' dir='ltr'><strong>Α.</strong></span> <span class='ocrx_word' id='word_1_411' title='bbox 2331 2788 2505 2858; x_wconf 74' lang='grc' dir='ltr'>Φραζε</span> <span class='ocrx_word' id='word_1_412' title='bbox 2526 2788 2590 2857; x_wconf 80' lang='grc' dir='ltr'>δὴ</span> <span class='ocrx_word' id='word_1_413' title='bbox 2607 2783 2699 2842; x_wconf 78' lang='grc' dir='ltr'><strong>οῦν</strong></span> <span class='ocrx_word' id='word_1_414' title='bbox 2726 2788 2819 2841; x_wconf 71' lang='grc' dir='ltr'><strong>καὶ</strong></span> <span class='ocrx_word' id='word_1_415' title='bbox 2845 2787 3028 2850; x_wconf 76' lang='grc' dir='ltr'>αὐτὸς,</span> <span class='ocrx_word' id='word_1_416' title='bbox 3061 2788 3331 2856; x_wconf 79' lang='grc' dir='ltr'>ἐρήσομαι</span> <span class='ocrx_word' id='word_1_417' title='bbox 3357 2786 3465 2856; x_wconf 78' lang='grc' dir='ltr'>γάρ</span> <span class='ocrx_word' id='word_1_418' title='bbox 3485 2805 3498 2816; x_wconf 89' lang='grc'><strong>·</strong></span> <span class='ocrx_word' id='word_1_419' title='bbox 3533 2804 3549 2836; x_wconf 83' lang='grc' dir='ltr'><strong>ι</strong></span> <span class='ocrx_word' id='word_1_420' title='bbox 3576 2780 3664 2854; x_wconf 81' lang='grc' dir='ltr'><strong>ἆρ’</strong></span> <span class='ocrx_word' id='word_1_421' title='bbox 3687 2786 3760 2838; x_wconf 72' lang='grc' dir='ltr'><strong>οὐ,</strong></span> 
     </span>
    </p>
   </div>
   <div class='ocr_carea' id='block_1_59' title="bbox 2174 2872 3757 2948">
    <p class='ocr_par' dir='ltr' id='par_1_59' title="bbox 2174 2872 3757 2948">
     <span class='ocr_line' id='line_1_59' title="bbox 2174 2872 3757 2948; baseline -0.001 -21"><span class='ocrx_word' id='word_1_422' title='bbox 2174 2897 2196 2931; x_wconf 72' lang='grc' dir='ltr'><strong>ι,</strong></span> <span class='ocrx_word' id='word_1_423' title='bbox 2220 2878 2410 2946; x_wconf 86' lang='grc' dir='ltr'>γέγονε</span> <span class='ocrx_word' id='word_1_424' title='bbox 2435 2877 2571 2948; x_wconf 77' lang='grc' dir='ltr'>σὰρξ</span> <span class='ocrx_word' id='word_1_425' title='bbox 2611 2880 2639 2930; x_wconf 98' lang='lat'><strong>6</strong></span> <span class='ocrx_word' id='word_1_426' title='bbox 2679 2878 2850 2944; x_wconf 83' lang='grc' dir='ltr'>Λόγος</span> <span class='ocrx_word' id='word_1_427' title='bbox 2872 2895 2886 2942; x_wconf 87' lang='grc'>;</span> <span class='ocrx_word' id='word_1_428' title='bbox 2910 2895 2928 2927; x_wconf 88' lang='grc'><strong>›</strong></span> <span class='ocrx_word' id='word_1_429' title='bbox 2967 2872 3056 2947; x_wconf 71' lang='grc' dir='ltr'><strong>ἆρ’</strong></span> <span class='ocrx_word' id='word_1_430' title='bbox 3092 2876 3153 2929; x_wconf 78' lang='grc' dir='ltr'><strong>οὐ</strong></span> <span class='ocrx_word' id='word_1_431' title='bbox 3187 2875 3592 2946; x_wconf 73' lang='grc' dir='ltr'>κεχρημάτικεν</span> <span class='ocrx_word' id='word_1_432' title='bbox 3625 2874 3757 2936; x_wconf 76' lang='grc' dir='ltr'>Υἱὸς</span> 
     </span>
    </p>
   </div>
   <div class='ocr_carea' id='block_1_60' title="bbox 2169 2964 3754 3036">
    <p class='ocr_par' dir='ltr' id='par_1_60' title="bbox 2169 2964 3754 3036">
     <span class='ocr_line' id='line_1_60' title="bbox 2169 2964 3754 3036; baseline -0.004 -15"><span class='ocrx_word' id='word_1_433' title='bbox 2169 2966 2459 3036; x_wconf 78' lang='grc' dir='ltr'>ἀνθρώπου</span> <span class='ocrx_word' id='word_1_434' title='bbox 2485 2983 2500 3029; x_wconf 86' lang='grc'>;</span> <span class='ocrx_word' id='word_1_435' title='bbox 2528 2968 2628 3027; x_wconf 79' lang='grc' dir='ltr'><strong>οὐκ</strong></span> <span class='ocrx_word' id='word_1_436' title='bbox 2655 2966 2812 3019; x_wconf 74' lang='grc' dir='ltr'>ἕλαδε</span> <span class='ocrx_word' id='word_1_437' title='bbox 2840 2965 3026 3019; x_wconf 80' lang='grc' dir='ltr'>δούλου</span> <span class='ocrx_word' id='word_1_438' title='bbox 3059 2966 3308 3036; x_wconf 59' lang='lat' dir='ltr'><strong>poma-qv;</strong></span> <span class='ocrx_word' id='word_1_439' title='bbox 3345 2965 3446 3017; x_wconf 77' lang='grc' dir='ltr'>οὑκ</span> <span class='ocrx_word' id='word_1_440' title='bbox 3478 2964 3754 3017; x_wconf 74' lang='grc' dir='ltr'>ἐκένωσεν</span> 
     </span>
    </p>
   </div>
   <div class='ocr_carea' id='block_1_61' title="bbox 2173 3052 3759 3126">
    <p class='ocr_par' dir='ltr' id='par_1_61' title="bbox 2173 3052 3759 3126">
     <span class='ocr_line' id='line_1_61' title="bbox 2173 3052 3759 3126; baseline -0.004 -17"><span class='ocrx_word' id='word_1_441' title='bbox 2173 3055 2387 3118; x_wconf 77' lang='grc' dir='ltr'>ἑαυτὸν,</span> <span class='ocrx_word' id='word_1_442' title='bbox 2416 3056 2473 3106; x_wconf 85' lang='grc' dir='ltr'><strong>ὲν</strong></span> <span class='ocrx_word' id='word_1_443' title='bbox 2502 3054 2809 3126; x_wconf 78' lang='grc' dir='ltr'>ὁμοιώματι</span> <span class='ocrx_word' id='word_1_444' title='bbox 2836 3055 2932 3106; x_wconf 84' lang='grc' dir='ltr'>ἀνθ</span> <span class='ocrx_word' id='word_1_445' title='bbox 2943 3053 3140 3125; x_wconf 85' lang='grc' dir='ltr'>ρώπων</span> <span class='ocrx_word' id='word_1_446' title='bbox 3166 3053 3476 3123; x_wconf 82' lang='grc' dir='ltr'>γενόμενος.</span> <span class='ocrx_word' id='word_1_447' title='bbox 3503 3052 3597 3105; x_wconf 72' lang='grc' dir='ltr'><strong>καὶ</strong></span> <span class='ocrx_word' id='word_1_448' title='bbox 3626 3053 3759 3122; x_wconf 76' lang='grc' dir='ltr'><strong>σχή-</strong></span> 
     </span>
    </p>
   </div>
   <div class='ocr_carea' id='block_1_62' title="bbox 491 3134 2068 3236">
    <p class='ocr_par' dir='ltr' id='par_1_62' title="bbox 491 3134 2066 3202">
     <span class='ocr_line' id='line_1_62' title="bbox 491 3134 2066 3202; baseline 0.001 -11"><span class='ocrx_word' id='word_1_449' title='bbox 491 3134 692 3197; x_wconf 78' lang='lat' dir='ltr'><strong>!actus.</strong></span> <span class='ocrx_word' id='word_1_450' title='bbox 723 3144 886 3202; x_wconf 85' lang='lat' dir='ltr'><strong>atque</strong></span> <span class='ocrx_word' id='word_1_451' title='bbox 926 3136 1114 3189; x_wconf 89' lang='lat' dir='ltr'><strong>habitu</strong></span> <span class='ocrx_word' id='word_1_452' title='bbox 1147 3138 1401 3191; x_wconf 87' lang='lat' dir='ltr'><strong>inventus</strong></span> <span class='ocrx_word' id='word_1_453' title='bbox 1438 3148 1494 3190; x_wconf 92' lang='lat' dir='ltr'><strong>ut</strong></span> <span class='ocrx_word' id='word_1_454' title='bbox 1529 3139 1688 3190; x_wconf 89' lang='lat' dir='ltr'><strong>homo</strong></span> <span class='ocrx_word' id='word_1_455' title='bbox 1715 3138 1800 3192; x_wconf 70' lang='lat'><strong>‘°?</strong></span> <span class='ocrx_word' id='word_1_456' title='bbox 1832 3139 1900 3192; x_wconf 82' lang='lat' dir='ltr'><strong>At</strong></span> <span class='ocrx_word' id='word_1_457' title='bbox 1939 3155 2066 3193; x_wconf 87' lang='lat' dir='ltr'><strong>vero</strong></span> 
     </span>
    </p>
   </div>
   <div class='ocr_carea' id='block_1_63' title="bbox 2178 3134 3760 3236">
    <p class='ocr_par' dir='ltr' id='par_1_63' title="bbox 2178 3139 3760 3220">
     <span class='ocr_line' id='line_1_63' title="bbox 2178 3139 3760 3220; baseline -0.006 -18"><span class='ocrx_word' id='word_1_458' title='bbox 2178 3164 2309 3220; x_wconf 74' lang='grc' dir='ltr'>ματι</span> <span class='ocrx_word' id='word_1_459' title='bbox 2354 3147 2599 3218; x_wconf 78' lang='grc' dir='ltr'>εὑρεθεὶς</span> <span class='ocrx_word' id='word_1_460' title='bbox 2637 3146 2710 3210; x_wconf 82' lang='grc' dir='ltr'>ὡς</span> <span class='ocrx_word' id='word_1_461' title='bbox 2741 3145 3058 3216; x_wconf 82' lang='grc' dir='ltr'>ἄνθρωπος;</span> <span class='ocrx_word' id='word_1_462' title='bbox 3092 3143 3152 3196; x_wconf 86' lang='lat' dir='ltr'><strong>El.</strong></span> <span class='ocrx_word' id='word_1_463' title='bbox 3193 3144 3293 3216; x_wconf 81' lang='grc' dir='ltr'>μὲν</span> <span class='ocrx_word' id='word_1_464' title='bbox 3334 3139 3424 3197; x_wconf 75' lang='grc' dir='ltr'>οὖν</span> <span class='ocrx_word' id='word_1_465' title='bbox 3465 3141 3760 3214; x_wconf 76' lang='grc' dir='ltr'>ἀρνοῦνται</span> 
     </span>
    </p>
   </div>
   <div class='ocr_carea' id='block_1_64' title="bbox 493 3226 2069 3299">
    <p class='ocr_par' dir='ltr' id='par_1_64' title="bbox 493 3226 2069 3299">
     <span class='ocr_line' id='line_1_64' title="bbox 493 3226 2069 3299; baseline -0.001 -18"><span class='ocrx_word' id='word_1_466' title='bbox 493 3227 540 3281; x_wconf 81' lang='lat' dir='ltr'><strong>si</strong></span> <span class='ocrx_word' id='word_1_467' title='bbox 580 3226 1008 3282; x_wconf 84' lang='lat' dir='ltr'><strong>incarnationem</strong></span> <span class='ocrx_word' id='word_1_468' title='bbox 1045 3238 1266 3298; x_wconf 70' lang='lat' dir='ltr'><strong>negent,</strong></span> <span class='ocrx_word' id='word_1_469' title='bbox 1299 3231 1472 3283; x_wconf 79' lang='lat' dir='ltr'><strong>sancti</strong></span> <span class='ocrx_word' id='word_1_470' title='bbox 1508 3229 1752 3297; x_wconf 87' lang='lat' dir='ltr'><strong>discipuli</strong></span> <span class='ocrx_word' id='word_1_471' title='bbox 1781 3229 2069 3299; x_wconf 68' lang='lat' dir='ltr'><strong>obsisteat,</strong></span> 
     </span>
    </p>
   </div>
   <div class='ocr_carea' id='block_1_65' title="bbox 494 3319 2070 3390">
    <p class='ocr_par' dir='ltr' id='par_1_65' title="bbox 494 3319 2070 3390">
     <span class='ocr_line' id='line_1_65' title="bbox 494 3319 2070 3390; baseline 0.001 -17"><span class='ocrx_word' id='word_1_472' title='bbox 494 3320 738 3373; x_wconf 88' lang='lat' dir='ltr'><strong>dicentes</strong></span> <span class='ocrx_word' id='word_1_473' title='bbox 771 3335 786 3372; x_wconf 89' lang='lat'><strong>:</strong></span> <span class='ocrx_word' id='word_1_474' title='bbox 822 3335 847 3377; x_wconf 69' lang='grc' dir='ltr'><strong>ι</strong></span> <span class='ocrx_word' id='word_1_475' title='bbox 879 3319 945 3372; x_wconf 84' lang='lat' dir='ltr'><strong>Et</strong></span> <span class='ocrx_word' id='word_1_476' title='bbox 979 3334 1076 3382; x_wconf 82' lang='lat' dir='ltr'><strong>nos</strong></span> <span class='ocrx_word' id='word_1_477' title='bbox 1105 3320 1341 3373; x_wconf 75' lang='lat' dir='ltr'><strong>vidimus</strong></span> <span class='ocrx_word' id='word_1_478' title='bbox 1382 3331 1438 3373; x_wconf 87' lang='lat' dir='ltr'><strong>et</strong></span> <span class='ocrx_word' id='word_1_479' title='bbox 1473 3330 1758 3386; x_wconf 71' lang='lat' dir='ltr'><strong>testamur,</strong></span> <span class='ocrx_word' id='word_1_480' title='bbox 1791 3325 1936 3390; x_wconf 85' lang='lat' dir='ltr'><strong>quod</strong></span> <span class='ocrx_word' id='word_1_481' title='bbox 1971 3322 2070 3376; x_wconf 81' lang='lat' dir='ltr'><strong>Pa-</strong></span> 
     </span>
    </p>
   </div>
   <div class='ocr_carea' id='block_1_66' title="bbox 494 3409 2074 3482">
    <p class='ocr_par' dir='ltr' id='par_1_66' title="bbox 494 3409 2074 3482">
     <span class='ocr_line' id='line_1_66' title="bbox 494 3409 2074 3482; baseline 0.004 -20"><span class='ocrx_word' id='word_1_482' title='bbox 494 3420 579 3465; x_wconf 88' lang='lat' dir='ltr'><strong>ter</strong></span> <span class='ocrx_word' id='word_1_483' title='bbox 611 3410 756 3466; x_wconf 82' lang='lat' dir='ltr'><strong>misit</strong></span> <span class='ocrx_word' id='word_1_484' title='bbox 783 3409 974 3464; x_wconf 87' lang='lat' dir='ltr'><strong>Filium</strong></span> <span class='ocrx_word' id='word_1_485' title='bbox 1001 3411 1337 3466; x_wconf 83' lang='lat' dir='ltr'><strong>Salvatorem</strong></span> <span class='ocrx_word' id='word_1_486' title='bbox 1369 3413 1576 3466; x_wconf 90' lang='lat' dir='ltr'><strong>mundi.</strong></span> <span class='ocrx_word' id='word_1_487' title='bbox 1609 3413 1926 3482; x_wconf 81' lang='lat' dir='ltr'><strong>Quicunque</strong></span> <span class='ocrx_word' id='word_1_488' title='bbox 1951 3430 2074 3469; x_wconf 74' lang='lat' dir='ltr'><strong>con-</strong></span> 
     </span>
    </p>
   </div>
   <div class='ocr_carea' id='block_1_67' title="bbox 495 3505 2074 3576">
    <p class='ocr_par' dir='ltr' id='par_1_67' title="bbox 495 3505 2074 3576">
     <span class='ocr_line' id='line_1_67' title="bbox 495 3505 2074 3576; baseline 0.003 -18"><span class='ocrx_word' id='word_1_489' title='bbox 495 3505 742 3559; x_wconf 81' lang='lat' dir='ltr'><strong>ﬁtehitnr</strong></span> <span class='ocrx_word' id='word_1_490' title='bbox 779 3507 921 3572; x_wconf 89' lang='lat' dir='ltr'><strong>quod</strong></span> <span class='ocrx_word' id='word_1_491' title='bbox 965 3505 1122 3560; x_wconf 79' lang='lat' dir='ltr'><strong>Jesus</strong></span> <span class='ocrx_word' id='word_1_492' title='bbox 1161 3515 1242 3558; x_wconf 89' lang='lat' dir='ltr'><strong>est</strong></span> <span class='ocrx_word' id='word_1_493' title='bbox 1291 3505 1459 3559; x_wconf 73' lang='lat' dir='ltr'><strong>Filius</strong></span> <span class='ocrx_word' id='word_1_494' title='bbox 1506 3507 1620 3568; x_wconf 83' lang='lat' dir='ltr'><strong>Dei,</strong></span> <span class='ocrx_word' id='word_1_495' title='bbox 1665 3506 1805 3561; x_wconf 86' lang='lat' dir='ltr'><strong>Deus</strong></span> <span class='ocrx_word' id='word_1_496' title='bbox 1852 3509 1903 3561; x_wconf 90' lang='lat' dir='ltr'><strong>in</strong></span> <span class='ocrx_word' id='word_1_497' title='bbox 1958 3509 2074 3576; x_wconf 29' lang='lat' dir='ltr'><strong>ipro</strong></span> 
     </span>
    </p>
   </div>
   <div class='ocr_carea' id='block_1_68' title="bbox 498 3598 2074 3666">
    <p class='ocr_par' dir='ltr' id='par_1_68' title="bbox 498 3598 2074 3666">
     <span class='ocr_line' id='line_1_68' title="bbox 498 3598 2074 3666; baseline 0.003 -15"><span class='ocrx_word' id='word_1_498' title='bbox 498 3606 705 3658; x_wconf 85' lang='lat' dir='ltr'><strong>manet,</strong></span> <span class='ocrx_word' id='word_1_499' title='bbox 741 3607 796 3650; x_wconf 88' lang='lat' dir='ltr'><strong>et</strong></span> <span class='ocrx_word' id='word_1_500' title='bbox 840 3598 956 3666; x_wconf 91' lang='lat' dir='ltr'><strong>ipse</strong></span> <span class='ocrx_word' id='word_1_501' title='bbox 1003 3599 1054 3649; x_wconf 89' lang='lat' dir='ltr'><strong>in</strong></span> <span class='ocrx_word' id='word_1_502' title='bbox 1100 3599 1207 3650; x_wconf 83' lang='lat' dir='ltr'><strong>Deo</strong></span> <span class='ocrx_word' id='word_1_503' title='bbox 1242 3598 1308 3651; x_wconf 64' lang='grc' dir='ltr'><strong>η».</strong></span> <span class='ocrx_word' id='word_1_504' title='bbox 1343 3617 1361 3650; x_wconf 74' lang='grc' dir='ltr'><strong>ι</strong></span> <span class='ocrx_word' id='word_1_505' title='bbox 1406 3598 1468 3652; x_wconf 79' lang='lat' dir='ltr'><strong>Et</strong></span> <span class='ocrx_word' id='word_1_506' title='bbox 1508 3615 1695 3652; x_wconf 89' lang='lat' dir='ltr'><strong>rursus</strong></span> <span class='ocrx_word' id='word_1_507' title='bbox 1737 3618 1749 3653; x_wconf 91' lang='lat'><strong>:</strong></span> <span class='ocrx_word' id='word_1_508' title='bbox 1793 3617 1811 3651; x_wconf 82' lang='grc' dir='ltr'><strong>ι</strong></span> <span class='ocrx_word' id='word_1_509' title='bbox 1863 3598 1920 3653; x_wconf 85' lang='lat' dir='ltr'><strong>In</strong></span> <span class='ocrx_word' id='word_1_510' title='bbox 1973 3602 2074 3656; x_wconf 80' lang='lat' dir='ltr'><strong>hoc</strong></span> 
     </span>
    </p>
   </div>
   <div class='ocr_carea' id='block_1_69' title="bbox 499 3687 2073 3760">
    <p class='ocr_par' dir='ltr' id='par_1_69' title="bbox 499 3687 2073 3760">
     <span class='ocr_line' id='line_1_69' title="bbox 499 3687 2073 3760; baseline 0.001 -17"><span class='ocrx_word' id='word_1_511' title='bbox 499 3690 852 3758; x_wconf 81' lang='lat' dir='ltr'><strong>cegnoscitur</strong></span> <span class='ocrx_word' id='word_1_512' title='bbox 881 3689 1117 3758; x_wconf 80' lang='lat' dir='ltr'><strong>Spiritus</strong></span> <span class='ocrx_word' id='word_1_513' title='bbox 1147 3689 1240 3743; x_wconf 84' lang='lat' dir='ltr'><strong>Dei</strong></span> <span class='ocrx_word' id='word_1_514' title='bbox 1267 3705 1278 3740; x_wconf 87' lang='lat'>:</span> <span class='ocrx_word' id='word_1_515' title='bbox 1318 3687 1506 3744; x_wconf 83' lang='lat' dir='ltr'><strong>Omnis</strong></span> <span class='ocrx_word' id='word_1_516' title='bbox 1533 3692 1757 3758; x_wconf 78' lang='lat' dir='ltr'><strong>spiritus</strong></span> <span class='ocrx_word' id='word_1_517' title='bbox 1780 3693 1872 3760; x_wconf 85' lang='lat' dir='ltr'><strong>qui</strong></span> <span class='ocrx_word' id='word_1_518' title='bbox 1905 3694 2073 3747; x_wconf 79' lang='lat' dir='ltr'><strong>conii-</strong></span> 
     </span>
    </p>
   </div>
   <div class='ocr_carea' id='block_1_70' title="bbox 502 3779 2079 3849">
    <p class='ocr_par' dir='ltr' id='par_1_70' title="bbox 502 3779 2079 3849">
     <span class='ocr_line' id='line_1_70' title="bbox 502 3779 2079 3849; baseline 0.003 -15"><span class='ocrx_word' id='word_1_519' title='bbox 502 3789 650 3834; x_wconf 74' lang='lat' dir='ltr'><strong>tetnr</strong></span> <span class='ocrx_word' id='word_1_520' title='bbox 669 3779 853 3835; x_wconf 80' lang='lat' dir='ltr'><strong>Jesum</strong></span> <span class='ocrx_word' id='word_1_521' title='bbox 875 3779 1150 3834; x_wconf 87' lang='lat' dir='ltr'><strong>Christum</strong></span> <span class='ocrx_word' id='word_1_522' title='bbox 1177 3782 1227 3833; x_wconf 92' lang='lat' dir='ltr'><strong>in</strong></span> <span class='ocrx_word' id='word_1_523' title='bbox 1247 3795 1411 3834; x_wconf 79' lang='lat' dir='ltr'><strong>carne.</strong></span> <span class='ocrx_word' id='word_1_524' title='bbox 1437 3783 1660 3842; x_wconf 84' lang='lat' dir='ltr'><strong>venisse,</strong></span> <span class='ocrx_word' id='word_1_525' title='bbox 1682 3797 1747 3837; x_wconf 83' lang='lat' dir='ltr'><strong>ex</strong></span> <span class='ocrx_word' id='word_1_526' title='bbox 1777 3784 1883 3837; x_wconf 85' lang='lat' dir='ltr'><strong>Deo</strong></span> <span class='ocrx_word' id='word_1_527' title='bbox 1906 3793 2079 3849; x_wconf 73' lang='grc' dir='ltr'>εειςρῐ</span> 
     </span>
    </p>
   </div>
   <div class='ocr_carea' id='block_1_71' title="bbox 502 3873 2076 3943">
    <p class='ocr_par' dir='ltr' id='par_1_71' title="bbox 502 3873 2076 3943">
     <span class='ocr_line' id='line_1_71' title="bbox 502 3873 2076 3943; baseline 0.001 -14"><span class='ocrx_word' id='word_1_528' title='bbox 502 3873 681 3929; x_wconf 84' lang='lat' dir='ltr'><strong>Omnis</strong></span> <span class='ocrx_word' id='word_1_529' title='bbox 705 3873 947 3943; x_wconf 81' lang='lat' dir='ltr'><strong>spiritus,</strong></span> <span class='ocrx_word' id='word_1_530' title='bbox 978 3873 1067 3942; x_wconf 92' lang='lat' dir='ltr'><strong>qui</strong></span> <span class='ocrx_word' id='word_1_531' title='bbox 1089 3887 1191 3928; x_wconf 79' lang='lat' dir='ltr'><strong>neu</strong></span> <span class='ocrx_word' id='word_1_532' title='bbox 1215 3873 1722 3940; x_wconf 74' lang='lat' dir='ltr'><strong>coniiteturJesum,</strong></span> <span class='ocrx_word' id='word_1_533' title='bbox 1743 3891 1807 3930; x_wconf 81' lang='lat' dir='ltr'><strong>ex</strong></span> <span class='ocrx_word' id='word_1_534' title='bbox 1836 3877 1944 3931; x_wconf 92' lang='lat' dir='ltr'><strong>Deo</strong></span> <span class='ocrx_word' id='word_1_535' title='bbox 1973 3893 2076 3931; x_wconf 91' lang='lat' dir='ltr'><strong>non</strong></span> 
     </span>
    </p>
   </div>
   <div class='ocr_carea' id='block_1_72' title="bbox 498 3963 2080 4035">
    <p class='ocr_par' dir='ltr' id='par_1_72' title="bbox 498 3963 2080 4035">
     <span class='ocr_line' id='line_1_72' title="bbox 498 3963 2080 4035; baseline 0.001 -15"><span class='ocrx_word' id='word_1_536' title='bbox 498 3966 659 4020; x_wconf 79' lang='lat' dir='ltr'><strong>est&quot;.</strong></span> <span class='ocrx_word' id='word_1_537' title='bbox 700 3983 720 4016; x_wconf 75' lang='grc' dir='ltr'><strong>ι</strong></span> <span class='ocrx_word' id='word_1_538' title='bbox 759 3963 978 4029; x_wconf 75' lang='lat' dir='ltr'><strong>Deinde,</strong></span> <span class='ocrx_word' id='word_1_539' title='bbox 1011 3981 1258 4035; x_wconf 65' lang='lat' dir='ltr'><strong>quaenam</strong></span> <span class='ocrx_word' id='word_1_540' title='bbox 1292 3968 1429 4018; x_wconf 90' lang='lat' dir='ltr'><strong>ratio</strong></span> <span class='ocrx_word' id='word_1_541' title='bbox 1472 3968 1536 4019; x_wconf 86' lang='lat' dir='ltr'><strong>sit</strong></span> <span class='ocrx_word' id='word_1_542' title='bbox 1569 3968 1747 4022; x_wconf 82' lang='lat' dir='ltr'><strong>dicere</strong></span> <span class='ocrx_word' id='word_1_543' title='bbox 1769 3969 1833 4022; x_wconf 89' lang='lat' dir='ltr'><strong>de</strong></span> <span class='ocrx_word' id='word_1_544' title='bbox 1863 3969 2080 4024; x_wconf 84' lang='lat' dir='ltr'><strong>homine</strong></span> 
     </span>
    </p>
   </div>
   <div class='ocr_carea' id='block_1_73' title="bbox 504 4057 2077 4128">
    <p class='ocr_par' dir='ltr' id='par_1_73' title="bbox 504 4057 2077 4128">
     <span class='ocr_line' id='line_1_73' title="bbox 504 4057 2077 4128; baseline 0.003 -19"><span class='ocrx_word' id='word_1_545' title='bbox 504 4058 652 4128; x_wconf 88' lang='lat' dir='ltr'><strong>quod</strong></span> <span class='ocrx_word' id='word_1_546' title='bbox 686 4060 1046 4124; x_wconf 82' lang='lat' dir='ltr'><strong>as-tunpserit</strong></span> <span class='ocrx_word' id='word_1_547' title='bbox 1070 4074 1288 4117; x_wconf 76' lang='lat' dir='ltr'><strong>carnem</strong></span> <span class='ocrx_word' id='word_1_548' title='bbox 1313 4057 1338 4112; x_wconf 64' lang='grc'>2</span> <span class='ocrx_word' id='word_1_549' title='bbox 1363 4057 1624 4112; x_wconf 78' lang='lat' dir='ltr'><strong>Convenit</strong></span> <span class='ocrx_word' id='word_1_550' title='bbox 1660 4075 1787 4112; x_wconf 70' lang='lat' dir='ltr'><strong>vero</strong></span> <span class='ocrx_word' id='word_1_551' title='bbox 1825 4063 2001 4128; x_wconf 83' lang='lat' dir='ltr'><strong>potius</strong></span> <span class='ocrx_word' id='word_1_552' title='bbox 2030 4061 2077 4114; x_wconf 84' lang='lat' dir='ltr'><strong>ei</strong></span> 
     </span>
    </p>
   </div>
   <div class='ocr_carea' id='block_1_74' title="bbox 500 4151 2080 4220">
    <p class='ocr_par' dir='ltr' id='par_1_74' title="bbox 500 4151 2080 4220">
     <span class='ocr_line' id='line_1_74' title="bbox 500 4151 2080 4220; baseline 0.003 -16"><span class='ocrx_word' id='word_1_553' title='bbox 500 4151 594 4219; x_wconf 83' lang='lat' dir='ltr'><strong>qui</strong></span> <span class='ocrx_word' id='word_1_554' title='bbox 620 4162 774 4209; x_wconf 74' lang='lat' dir='ltr'><strong>extra</strong></span> <span class='ocrx_word' id='word_1_555' title='bbox 809 4166 1029 4210; x_wconf 84' lang='lat' dir='ltr'><strong>carnem</strong></span> <span class='ocrx_word' id='word_1_556' title='bbox 1069 4161 1175 4214; x_wconf 85' lang='lat' dir='ltr'><strong>est,</strong></span> <span class='ocrx_word' id='word_1_557' title='bbox 1207 4166 1380 4220; x_wconf 88' lang='lat' dir='ltr'><strong>neque</strong></span> <span class='ocrx_word' id='word_1_558' title='bbox 1409 4161 1606 4205; x_wconf 64' lang='lat' dir='ltr'><strong>nostra:</strong></span> <span class='ocrx_word' id='word_1_559' title='bbox 1649 4164 1856 4206; x_wconf 69' lang='lat' dir='ltr'><strong>natura:</strong></span> <span class='ocrx_word' id='word_1_560' title='bbox 1885 4153 2080 4208; x_wconf 81' lang='lat' dir='ltr'><strong>similis</strong></span> 
     </span>
    </p>
   </div>
   <div class='ocr_carea' id='block_1_75' title="bbox 500 4244 2080 4305">
    <p class='ocr_par' dir='ltr' id='par_1_75' title="bbox 500 4244 2080 4305">
     <span class='ocr_line' id='line_1_75' title="bbox 500 4244 2080 4305; baseline 0.002 -12"><span class='ocrx_word' id='word_1_561' title='bbox 500 4252 606 4301; x_wconf 86' lang='lat' dir='ltr'><strong>est,</strong></span> <span class='ocrx_word' id='word_1_562' title='bbox 642 4257 864 4303; x_wconf 81' lang='lat' dir='ltr'><strong>carnem</strong></span> <span class='ocrx_word' id='word_1_563' title='bbox 909 4258 1211 4305; x_wconf 75' lang='lat' dir='ltr'><strong>assumere,</strong></span> <span class='ocrx_word' id='word_1_564' title='bbox 1257 4254 1309 4297; x_wconf 87' lang='lat' dir='ltr'><strong>et</strong></span> <span class='ocrx_word' id='word_1_565' title='bbox 1352 4257 1473 4296; x_wconf 87' lang='lat' dir='ltr'><strong>cum</strong></span> <span class='ocrx_word' id='word_1_566' title='bbox 1525 4256 1584 4293; x_wconf 87' lang='lat' dir='ltr'><strong>ea</strong></span> <span class='ocrx_word' id='word_1_567' title='bbox 1621 4245 1803 4295; x_wconf 81' lang='lat' dir='ltr'><strong>venire</strong></span> <span class='ocrx_word' id='word_1_568' title='bbox 1839 4244 1889 4294; x_wconf 87' lang='lat' dir='ltr'><strong>in</strong></span> <span class='ocrx_word' id='word_1_569' title='bbox 1938 4244 2080 4296; x_wconf 90' lang='lat' dir='ltr'><strong>hunc</strong></span> 
     </span>
    </p>
   </div>
   <div class='ocr_carea' id='block_1_76' title="bbox 499 4335 2078 4403">
    <p class='ocr_par' dir='ltr' id='par_1_76' title="bbox 499 4335 2078 4403">
     <span class='ocr_line' id='line_1_76' title="bbox 499 4335 2078 4403; baseline 0.002 -15"><span class='ocrx_word' id='word_1_570' title='bbox 499 4336 785 4397; x_wconf 83' lang='lat' dir='ltr'><strong>mundum,</strong></span> <span class='ocrx_word' id='word_1_571' title='bbox 841 4335 911 4386; x_wconf 87' lang='lat' dir='ltr'><strong>ita</strong></span> <span class='ocrx_word' id='word_1_572' title='bbox 973 4347 1035 4398; x_wconf 77' lang='lat' dir='ltr'><strong>ut</strong></span> <span class='ocrx_word' id='word_1_573' title='bbox 1085 4344 1299 4390; x_wconf 87' lang='lat' dir='ltr'><strong>maneat</strong></span> <span class='ocrx_word' id='word_1_574' title='bbox 1348 4335 1399 4389; x_wconf 88' lang='lat' dir='ltr'><strong>id</strong></span> <span class='ocrx_word' id='word_1_575' title='bbox 1445 4337 1587 4403; x_wconf 84' lang='lat' dir='ltr'><strong>quod</strong></span> <span class='ocrx_word' id='word_1_576' title='bbox 1633 4346 1773 4389; x_wconf 88' lang='lat' dir='ltr'><strong>erat.</strong></span> <span class='ocrx_word' id='word_1_577' title='bbox 1819 4335 2078 4400; x_wconf 84' lang='lat' dir='ltr'><strong>Proinde,</strong></span> 
     </span>
    </p>
   </div>
   <div class='ocr_carea' id='block_1_77' title="bbox 502 4425 2076 4501">
    <p class='ocr_par' dir='ltr' id='par_1_77' title="bbox 502 4425 2076 4501">
     <span class='ocr_line' id='line_1_77' title="bbox 502 4425 2076 4501; baseline 0.001 -21"><span class='ocrx_word' id='word_1_578' title='bbox 502 4426 719 4481; x_wconf 79' lang='lat' dir='ltr'><strong>tametsi</strong></span> <span class='ocrx_word' id='word_1_579' title='bbox 775 4425 950 4484; x_wconf 80' lang='lat' dir='ltr'><strong>factus</strong></span> <span class='ocrx_word' id='word_1_580' title='bbox 996 4440 1078 4482; x_wconf 84' lang='lat' dir='ltr'><strong>est</strong></span> <span class='ocrx_word' id='word_1_581' title='bbox 1123 4431 1319 4494; x_wconf 88' lang='lat' dir='ltr'><strong>homo,</strong></span> <span class='ocrx_word' id='word_1_582' title='bbox 1386 4429 1513 4483; x_wconf 86' lang='lat' dir='ltr'><strong>nihil</strong></span> <span class='ocrx_word' id='word_1_583' title='bbox 1561 4429 1740 4482; x_wconf 88' lang='lat' dir='ltr'><strong>obstat</strong></span> <span class='ocrx_word' id='word_1_584' title='bbox 1781 4431 2076 4501; x_wconf 88' lang='lat' dir='ltr'><strong>quominus</strong></span> 
     </span>
    </p>
   </div>
   <div class='ocr_carea' id='block_1_78' title="bbox 2174 3234 3761 3309">
    <p class='ocr_par' dir='ltr' id='par_1_78' title="bbox 2174 3234 3761 3309">
     <span class='ocr_line' id='line_1_78' title="bbox 2174 3234 3761 3309; baseline -0.005 -17"><span class='ocrx_word' id='word_1_585' title='bbox 2174 3238 2273 3309; x_wconf 74' lang='grc' dir='ltr'><strong>τὴν</strong></span> <span class='ocrx_word' id='word_1_586' title='bbox 2303 3237 2637 3306; x_wconf 78' lang='grc' dir='ltr'>οἰκονομίαν,</span> <span class='ocrx_word' id='word_1_587' title='bbox 2669 3237 3167 3306; x_wconf 79' lang='grc' dir='ltr'>ἁνταναστήσονται</span> <span class='ocrx_word' id='word_1_588' title='bbox 3195 3235 3446 3303; x_wconf 84' lang='grc' dir='ltr'>λέγοντες</span> <span class='ocrx_word' id='word_1_589' title='bbox 3478 3237 3528 3288; x_wconf 81' lang='grc' dir='ltr'>οἱ</span> <span class='ocrx_word' id='word_1_590' title='bbox 3558 3234 3761 3288; x_wconf 77' lang='grc' dir='ltr'>θεσπέ-</span> 
     </span>
    </p>
   </div>
   <div class='ocr_carea' id='block_1_79' title="bbox 2178 3327 3761 3400">
    <p class='ocr_par' dir='ltr' id='par_1_79' title="bbox 2178 3327 3761 3400">
     <span class='ocr_line' id='line_1_79' title="bbox 2178 3327 3761 3400; baseline -0.004 -15"><span class='ocrx_word' id='word_1_591' title='bbox 2178 3347 2281 3386; x_wconf 86' lang='grc' dir='ltr'>σιοι</span> <span class='ocrx_word' id='word_1_592' title='bbox 2320 3329 2578 3400; x_wconf 82' lang='grc' dir='ltr'>μαθηταί·</span> <span class='ocrx_word' id='word_1_593' title='bbox 2617 3347 2635 3379; x_wconf 80' lang='grc' dir='ltr'><strong>ι</strong></span> <span class='ocrx_word' id='word_1_594' title='bbox 2678 3329 2786 3382; x_wconf 71' lang='grc' dir='ltr'>Καὶ</span> <span class='ocrx_word' id='word_1_595' title='bbox 2826 3330 2986 3399; x_wconf 76' lang='grc' dir='ltr'>ἡμεῖς</span> <span class='ocrx_word' id='word_1_596' title='bbox 3025 3327 3367 3394; x_wconf 76' lang='grc' dir='ltr'>ἐθεασάμεθα</span> <span class='ocrx_word' id='word_1_597' title='bbox 3413 3329 3505 3381; x_wconf 72' lang='grc' dir='ltr'><strong>καὶ</strong></span> <span class='ocrx_word' id='word_1_598' title='bbox 3543 3344 3761 3397; x_wconf 81' lang='grc' dir='ltr'>μαρτυ-</span> 
     </span>
    </p>
   </div>
   <div class='ocr_carea' id='block_1_80' title="bbox 2180 3418 3764 3498">
    <p class='ocr_par' dir='ltr' id='par_1_80' title="bbox 2180 3418 3764 3498">
     <span class='ocr_line' id='line_1_80' title="bbox 2180 3418 3764 3498; baseline -0.006 -18"><span class='ocrx_word' id='word_1_599' title='bbox 2180 3425 2402 3498; x_wconf 79' lang='grc' dir='ltr'>ροῦμεν,</span> <span class='ocrx_word' id='word_1_600' title='bbox 2433 3423 2515 3475; x_wconf 85' lang='grc' dir='ltr'>ὄτι</span> <span class='ocrx_word' id='word_1_601' title='bbox 2548 3423 2576 3474; x_wconf 86' lang='grc' dir='ltr'>ὁ</span> <span class='ocrx_word' id='word_1_602' title='bbox 2618 3421 2811 3491; x_wconf 76' lang='grc' dir='ltr'>Πατὴρ,</span> <span class='ocrx_word' id='word_1_603' title='bbox 2855 3419 3164 3473; x_wconf 81' lang='grc' dir='ltr'>ἀπέσταλκε</span> <span class='ocrx_word' id='word_1_604' title='bbox 3199 3419 3288 3472; x_wconf 88' lang='grc' dir='ltr'><strong>τὸν</strong></span> <span class='ocrx_word' id='word_1_605' title='bbox 3333 3418 3482 3484; x_wconf 80' lang='grc' dir='ltr'>Υἱὸν,</span> <span class='ocrx_word' id='word_1_606' title='bbox 3528 3418 3764 3489; x_wconf 75' lang='grc' dir='ltr'>Σωτῆρα</span> 
     </span>
    </p>
   </div>
   <div class='ocr_carea' id='block_1_81' title="bbox 2177 3511 3764 3585">
    <p class='ocr_par' dir='ltr' id='par_1_81' title="bbox 2177 3511 3764 3585">
     <span class='ocr_line' id='line_1_81' title="bbox 2177 3511 3764 3585; baseline -0.006 -14"><span class='ocrx_word' id='word_1_607' title='bbox 2177 3517 2274 3571; x_wconf 84' lang='grc' dir='ltr'><strong>τοῦ</strong></span> <span class='ocrx_word' id='word_1_608' title='bbox 2302 3517 2544 3585; x_wconf 84' lang='grc' dir='ltr'>κόσμου·</span> <span class='ocrx_word' id='word_1_609' title='bbox 2593 3513 2652 3575; x_wconf 83' lang='grc' dir='ltr'>ὃς</span> <span class='ocrx_word' id='word_1_610' title='bbox 2692 3512 2756 3566; x_wconf 83' lang='grc' dir='ltr'><strong>ἂν</strong></span> <span class='ocrx_word' id='word_1_611' title='bbox 2804 3511 3137 3582; x_wconf 76' lang='grc' dir='ltr'>ὁμολογήσῃ,</span> <span class='ocrx_word' id='word_1_612' title='bbox 3175 3512 3257 3566; x_wconf 78' lang='grc' dir='ltr'>ὅτι</span> <span class='ocrx_word' id='word_1_613' title='bbox 3305 3511 3510 3583; x_wconf 81' lang='grc' dir='ltr'>Ἰησοῦς</span> <span class='ocrx_word' id='word_1_614' title='bbox 3553 3513 3702 3563; x_wconf 78' lang='grc' dir='ltr'>ἐστιν</span> <span class='ocrx_word' id='word_1_615' title='bbox 3732 3512 3764 3562; x_wconf 86' lang='lat'><strong>6</strong></span> 
     </span>
    </p>
   </div>
   <div class='ocr_carea' id='block_1_82' title="bbox 2180 3602 3764 3675">
    <p class='ocr_par' dir='ltr' id='par_1_82' title="bbox 2180 3602 3764 3675">
     <span class='ocr_line' id='line_1_82' title="bbox 2180 3602 3764 3675; baseline -0.005 -13"><span class='ocrx_word' id='word_1_616' title='bbox 2180 3609 2308 3672; x_wconf 77' lang='grc' dir='ltr'>Υἱός</span> <span class='ocrx_word' id='word_1_617' title='bbox 2333 3606 2425 3660; x_wconf 82' lang='grc' dir='ltr'><strong>τοῦ</strong></span> <span class='ocrx_word' id='word_1_618' title='bbox 2456 3605 2617 3663; x_wconf 86' lang='grc' dir='ltr'>Θεοῦ,</span> <span class='ocrx_word' id='word_1_619' title='bbox 2650 3607 2678 3658; x_wconf 92' lang='lat'><strong>6</strong></span> <span class='ocrx_word' id='word_1_620' title='bbox 2719 3603 2850 3667; x_wconf 83' lang='grc' dir='ltr'>Θεὸς</span> <span class='ocrx_word' id='word_1_621' title='bbox 2879 3604 2936 3656; x_wconf 84' lang='grc' dir='ltr'>ὲν</span> <span class='ocrx_word' id='word_1_622' title='bbox 2977 3604 3126 3675; x_wconf 70' lang='grc' dir='ltr'>αὐτῷ</span> <span class='ocrx_word' id='word_1_623' title='bbox 3183 3603 3355 3674; x_wconf 83' lang='grc' dir='ltr'>μένει,</span> <span class='ocrx_word' id='word_1_624' title='bbox 3391 3603 3485 3655; x_wconf 76' lang='grc' dir='ltr'><strong>καὶ</strong></span> <span class='ocrx_word' id='word_1_625' title='bbox 3506 3602 3668 3665; x_wconf 72' lang='grc' dir='ltr'>αὐτὸς</span> <span class='ocrx_word' id='word_1_626' title='bbox 3699 3604 3764 3668; x_wconf 70' lang='grc' dir='ltr'>ἐν</span> 
     </span>
    </p>
   </div>
   <div class='ocr_carea' id='block_1_83' title="bbox 2178 3693 3765 3770">
    <p class='ocr_par' dir='ltr' id='par_1_83' title="bbox 2178 3693 3765 3770">
     <span class='ocr_line' id='line_1_83' title="bbox 2178 3693 3765 3770; baseline -0.006 -16"><span class='ocrx_word' id='word_1_627' title='bbox 2178 3701 2255 3770; x_wconf 81' lang='grc' dir='ltr'>τῷ</span> <span class='ocrx_word' id='word_1_628' title='bbox 2298 3698 2436 3769; x_wconf 77' lang='grc' dir='ltr'>Θεῷ.</span> <span class='ocrx_word' id='word_1_629' title='bbox 2473 3719 2490 3750; x_wconf 76' lang='grc' dir='ltr'><strong>ι</strong></span> <span class='ocrx_word' id='word_1_630' title='bbox 2526 3697 2632 3750; x_wconf 71' lang='grc' dir='ltr'><strong>Καὶ</strong></span> <span class='ocrx_word' id='word_1_631' title='bbox 2675 3695 2856 3748; x_wconf 57' lang='grc' dir='ltr'>πάλιν</span> <span class='ocrx_word' id='word_1_632' title='bbox 2897 3714 2916 3748; x_wconf 77' lang='grc' dir='ltr'><strong>ι</strong></span> <span class='ocrx_word' id='word_1_633' title='bbox 2966 3695 3053 3748; x_wconf 82' lang='grc' dir='ltr'>Ἐν</span> <span class='ocrx_word' id='word_1_634' title='bbox 3098 3693 3272 3764; x_wconf 74' lang='grc' dir='ltr'>τούτῳ</span> <span class='ocrx_word' id='word_1_635' title='bbox 3311 3693 3638 3761; x_wconf 82' lang='grc' dir='ltr'>γινώσκεται</span> <span class='ocrx_word' id='word_1_636' title='bbox 3698 3693 3765 3746; x_wconf 88' lang='grc' dir='ltr'><strong>τὸ</strong></span> 
     </span>
    </p>
   </div>
   <div class='ocr_carea' id='block_1_84' title="bbox 2182 3783 3763 3863">
    <p class='ocr_par' dir='ltr' id='par_1_84' title="bbox 2182 3783 3763 3863">
     <span class='ocr_line' id='line_1_84' title="bbox 2182 3783 3763 3863; baseline -0.009 -15"><span class='ocrx_word' id='word_1_637' title='bbox 2182 3793 2406 3863; x_wconf 88' lang='grc' dir='ltr'>Πνεῦμα</span> <span class='ocrx_word' id='word_1_638' title='bbox 2452 3791 2546 3844; x_wconf 86' lang='grc' dir='ltr'><strong>τοῦ</strong></span> <span class='ocrx_word' id='word_1_639' title='bbox 2581 3787 2744 3842; x_wconf 84' lang='grc' dir='ltr'>Θεοῦ·</span> <span class='ocrx_word' id='word_1_640' title='bbox 2781 3789 2894 3841; x_wconf 81' lang='grc' dir='ltr'>Πᾶν</span> <span class='ocrx_word' id='word_1_641' title='bbox 2927 3787 3167 3858; x_wconf 85' lang='grc' dir='ltr'>πνεῦμα,</span> <span class='ocrx_word' id='word_1_642' title='bbox 3206 3788 3234 3840; x_wconf 87' lang='grc' dir='ltr'><strong>ὃ</strong></span> <span class='ocrx_word' id='word_1_643' title='bbox 3263 3787 3515 3857; x_wconf 80' lang='grc' dir='ltr'>ὁμολογεῖ</span> <span class='ocrx_word' id='word_1_644' title='bbox 3552 3783 3763 3856; x_wconf 72' lang='grc' dir='ltr'>Ἰησοῦν</span> 
     </span>
    </p>
   </div>
   <div class='ocr_carea' id='block_1_85' title="bbox 2182 3876 3765 3957">
    <p class='ocr_par' dir='ltr' id='par_1_85' title="bbox 2182 3876 3765 3957">
     <span class='ocr_line' id='line_1_85' title="bbox 2182 3876 3765 3957; baseline -0.008 -17"><span class='ocrx_word' id='word_1_645' title='bbox 2182 3883 2414 3957; x_wconf 83' lang='grc' dir='ltr'>Χριστὸν</span> <span class='ocrx_word' id='word_1_646' title='bbox 2449 3884 2505 3934; x_wconf 84' lang='grc' dir='ltr'>ὲν</span> <span class='ocrx_word' id='word_1_647' title='bbox 2540 3881 2702 3951; x_wconf 66' lang='grc' dir='ltr'>σαρκὶ</span> <span class='ocrx_word' id='word_1_648' title='bbox 2729 3878 3067 3950; x_wconf 76' lang='grc' dir='ltr'>ἐληλυθέναι,</span> <span class='ocrx_word' id='word_1_649' title='bbox 3103 3880 3167 3930; x_wconf 84' lang='grc' dir='ltr'>ὲκ</span> <span class='ocrx_word' id='word_1_650' title='bbox 3200 3876 3294 3931; x_wconf 86' lang='grc' dir='ltr'><strong>τοῦ</strong></span> <span class='ocrx_word' id='word_1_651' title='bbox 3323 3876 3457 3932; x_wconf 84' lang='grc' dir='ltr'>Θεοῦ</span> <span class='ocrx_word' id='word_1_652' title='bbox 3487 3878 3624 3929; x_wconf 72' lang='grc' dir='ltr'>ἐστι’</span> <span class='ocrx_word' id='word_1_653' title='bbox 3669 3877 3765 3928; x_wconf 73' lang='grc' dir='ltr'><strong>καὶ</strong></span> 
     </span>
    </p>
   </div>
   <div class='ocr_carea' id='block_1_86' title="bbox 2184 3960 3763 4042">
    <p class='ocr_par' dir='ltr' id='par_1_86' title="bbox 2184 3960 3763 4042">
     <span class='ocr_line' id='line_1_86' title="bbox 2184 3960 3763 4042; baseline -0.008 -14"><span class='ocrx_word' id='word_1_654' title='bbox 2184 3977 2291 4030; x_wconf 80' lang='grc' dir='ltr'><strong>πᾶν</strong></span> <span class='ocrx_word' id='word_1_655' title='bbox 2314 3971 2550 4042; x_wconf 87' lang='grc' dir='ltr'>πνεῦμα,</span> <span class='ocrx_word' id='word_1_656' title='bbox 2587 3969 2615 4024; x_wconf 83' lang='grc' dir='ltr'>ὃ</span> <span class='ocrx_word' id='word_1_657' title='bbox 2650 3968 2724 4040; x_wconf 84' lang='grc' dir='ltr'>μὴ</span> <span class='ocrx_word' id='word_1_658' title='bbox 2759 3968 3012 4038; x_wconf 82' lang='grc' dir='ltr'>ὁμολογεῖ</span> <span class='ocrx_word' id='word_1_659' title='bbox 3032 3969 3125 4020; x_wconf 83' lang='grc' dir='ltr'><strong>τὸν</strong></span> <span class='ocrx_word' id='word_1_660' title='bbox 3161 3965 3390 4037; x_wconf 81' lang='grc' dir='ltr'>Ἰησοῦν,</span> <span class='ocrx_word' id='word_1_661' title='bbox 3417 3968 3479 4018; x_wconf 79' lang='grc' dir='ltr'>ἐκ</span> <span class='ocrx_word' id='word_1_662' title='bbox 3509 3963 3602 4019; x_wconf 87' lang='grc' dir='ltr'><strong>τοῦ</strong></span> <span class='ocrx_word' id='word_1_663' title='bbox 3625 3960 3763 4016; x_wconf 80' lang='grc' dir='ltr'>Θεοῦ</span> 
     </span>
    </p>
   </div>
   <div class='ocr_carea' id='block_1_87' title="bbox 2183 4054 3764 4128">
    <p class='ocr_par' dir='ltr' id='par_1_87' title="bbox 2183 4054 3764 4128">
     <span class='ocr_line' id='line_1_87' title="bbox 2183 4054 3764 4128; baseline -0.012 -5"><span class='ocrx_word' id='word_1_664' title='bbox 2183 4069 2284 4123; x_wconf 78' lang='grc' dir='ltr'><strong>οὐκ</strong></span> <span class='ocrx_word' id='word_1_665' title='bbox 2310 4069 2475 4120; x_wconf 77' lang='grc' dir='ltr'>ἐστιν.</span> <span class='ocrx_word' id='word_1_666' title='bbox 2517 4083 2534 4115; x_wconf 78' lang='grc' dir='ltr'><strong>ι</strong></span> <span class='ocrx_word' id='word_1_667' title='bbox 2577 4057 2731 4126; x_wconf 77' lang='grc' dir='ltr'>Εἶτα,</span> <span class='ocrx_word' id='word_1_668' title='bbox 2775 4062 2925 4115; x_wconf 90' lang='grc' dir='ltr'>ποῖον</span> <span class='ocrx_word' id='word_1_669' title='bbox 2953 4059 3016 4112; x_wconf 85' lang='grc' dir='ltr'>ἂν</span> <span class='ocrx_word' id='word_1_670' title='bbox 3068 4058 3180 4128; x_wconf 77' lang='grc' dir='ltr'>ἔχοι</span> <span class='ocrx_word' id='word_1_671' title='bbox 3207 4057 3395 4124; x_wconf 83' lang='grc' dir='ltr'>λόγον,</span> <span class='ocrx_word' id='word_1_672' title='bbox 3429 4056 3490 4108; x_wconf 87' lang='grc' dir='ltr'><strong>τὸ</strong></span> <span class='ocrx_word' id='word_1_673' title='bbox 3542 4054 3632 4107; x_wconf 79' lang='grc' dir='ltr'><strong>ἐπ’</strong></span> <span class='ocrx_word' id='word_1_674' title='bbox 3667 4054 3764 4115; x_wconf 64' lang='grc' dir='ltr'><strong>ἀντ</strong></span> 
     </span>
    </p>
   </div>
   <div class='ocr_carea' id='block_1_88' title="bbox 2185 4144 3766 4230">
    <p class='ocr_par' dir='ltr' id='par_1_88' title="bbox 2185 4144 3766 4230">
     <span class='ocr_line' id='line_1_88' title="bbox 2185 4144 3766 4230; baseline -0.01 -16"><span class='ocrx_word' id='word_1_675' title='bbox 2185 4158 2405 4230; x_wconf 80' lang='grc' dir='ltr'>θρώπου</span> <span class='ocrx_word' id='word_1_676' title='bbox 2451 4157 2592 4210; x_wconf 85' lang='grc' dir='ltr'>νοεῖν</span> <span class='ocrx_word' id='word_1_677' title='bbox 2641 4153 2717 4215; x_wconf 82' lang='grc' dir='ltr'>ὡς</span> <span class='ocrx_word' id='word_1_678' title='bbox 2768 4150 3145 4222; x_wconf 82' lang='grc' dir='ltr'>παραγέγονεν</span> <span class='ocrx_word' id='word_1_679' title='bbox 3196 4151 3252 4202; x_wconf 81' lang='grc' dir='ltr'>ὲν</span> <span class='ocrx_word' id='word_1_680' title='bbox 3307 4147 3504 4219; x_wconf 77' lang='grc' dir='ltr'>σαρκίς</span> <span class='ocrx_word' id='word_1_681' title='bbox 3553 4144 3766 4215; x_wconf 79' lang='grc' dir='ltr'>Πρέποι</span> 
     </span>
    </p>
   </div>
   <div class='ocr_carea' id='block_1_89' title="bbox 2183 4234 3765 4317">
    <p class='ocr_par' dir='ltr' id='par_1_89' title="bbox 2183 4234 3765 4317">
     <span class='ocr_line' id='line_1_89' title="bbox 2183 4234 3765 4317; baseline -0.011 -15"><span class='ocrx_word' id='word_1_682' title='bbox 2183 4250 2228 4302; x_wconf 80' lang='grc' dir='ltr'><strong>δ’</strong></span> <span class='ocrx_word' id='word_1_683' title='bbox 2259 4247 2323 4302; x_wconf 86' lang='grc' dir='ltr'><strong>ἂν</strong></span> <span class='ocrx_word' id='word_1_684' title='bbox 2357 4245 2554 4317; x_wconf 78' lang='grc' dir='ltr'>μᾶλλον</span> <span class='ocrx_word' id='word_1_685' title='bbox 2578 4241 2655 4313; x_wconf 80' lang='grc' dir='ltr'><strong>τῷ</strong></span> <span class='ocrx_word' id='word_1_686' title='bbox 2690 4241 2793 4307; x_wconf 78' lang='grc' dir='ltr'><strong>ἔξω</strong></span> <span class='ocrx_word' id='word_1_687' title='bbox 2829 4240 3025 4310; x_wconf 82' lang='grc' dir='ltr'>σαρκὸς</span> <span class='ocrx_word' id='word_1_688' title='bbox 3059 4241 3150 4293; x_wconf 75' lang='grc' dir='ltr'>καὶ</span> <span class='ocrx_word' id='word_1_689' title='bbox 3174 4239 3385 4308; x_wconf 75' lang='grc' dir='ltr'>φύσεως</span> <span class='ocrx_word' id='word_1_690' title='bbox 3409 4238 3511 4290; x_wconf 74' lang='grc' dir='ltr'><strong>οὐκ</strong></span> <span class='ocrx_word' id='word_1_691' title='bbox 3531 4235 3642 4289; x_wconf 80' lang='grc' dir='ltr'>ὄντι</span> <span class='ocrx_word' id='word_1_692' title='bbox 3665 4234 3765 4304; x_wconf 74' lang='grc' dir='ltr'>τῆς</span> 
     </span>
    </p>
   </div>
   <div class='ocr_carea' id='block_1_90' title="bbox 2187 4326 3763 4409">
    <p class='ocr_par' dir='ltr' id='par_1_90' title="bbox 2187 4326 3763 4409">
     <span class='ocr_line' id='line_1_90' title="bbox 2187 4326 3763 4409; baseline -0.011 -14"><span class='ocrx_word' id='word_1_693' title='bbox 2187 4340 2308 4396; x_wconf 84' lang='grc' dir='ltr'>καθ’</span> <span class='ocrx_word' id='word_1_694' title='bbox 2340 4338 2506 4409; x_wconf 74' lang='grc' dir='ltr'>ἡμᾶς,</span> <span class='ocrx_word' id='word_1_695' title='bbox 2531 4335 2592 4388; x_wconf 88' lang='grc' dir='ltr'><strong>τὸ</strong></span> <span class='ocrx_word' id='word_1_696' title='bbox 2619 4335 2712 4387; x_wconf 69' lang='grc' dir='ltr'><strong>καὶ</strong></span> <span class='ocrx_word' id='word_1_697' title='bbox 2756 4336 2814 4387; x_wconf 79' lang='grc' dir='ltr'>ὲν</span> <span class='ocrx_word' id='word_1_698' title='bbox 2844 4333 3009 4405; x_wconf 76' lang='grc' dir='ltr'>σαρκὶ</span> <span class='ocrx_word' id='word_1_699' title='bbox 3040 4332 3316 4399; x_wconf 83' lang='grc' dir='ltr'>γενέσθαι,</span> <span class='ocrx_word' id='word_1_700' title='bbox 3345 4330 3440 4383; x_wconf 73' lang='grc' dir='ltr'><strong>καὶ</strong></span> <span class='ocrx_word' id='word_1_701' title='bbox 3466 4328 3603 4398; x_wconf 81' lang='grc' dir='ltr'><strong>μετὰ</strong></span> <span class='ocrx_word' id='word_1_702' title='bbox 3632 4326 3763 4379; x_wconf 71' lang='lat' dir='ltr'><strong>uti-</strong></span> 
     </span>
    </p>
   </div>
   <div class='ocr_carea' id='block_1_91' title="bbox 2188 4415 3760 4505">
    <p class='ocr_par' dir='ltr' id='par_1_91' title="bbox 2188 4415 3760 4505">
     <span class='ocr_line' id='line_1_91' title="bbox 2188 4415 3760 4505; baseline -0.012 -16"><span class='ocrx_word' id='word_1_703' title='bbox 2188 4451 2286 4505; x_wconf 77' lang='grc' dir='ltr'><strong>της</strong></span> <span class='ocrx_word' id='word_1_704' title='bbox 2316 4431 2489 4486; x_wconf 74' lang='grc' dir='ltr'>ἐλθεῖν</span> <span class='ocrx_word' id='word_1_705' title='bbox 2512 4431 2591 4492; x_wconf 84' lang='grc' dir='ltr'><strong>είς</strong></span> <span class='ocrx_word' id='word_1_706' title='bbox 2616 4425 2764 4481; x_wconf 85' lang='grc' dir='ltr'>τόνδε</span> <span class='ocrx_word' id='word_1_707' title='bbox 2789 4425 2878 4479; x_wconf 89' lang='grc' dir='ltr'><strong>τὸν</strong></span> <span class='ocrx_word' id='word_1_708' title='bbox 2904 4425 3108 4494; x_wconf 83' lang='grc' dir='ltr'>κόσμον</span> <span class='ocrx_word' id='word_1_709' title='bbox 3137 4422 3273 4492; x_wconf 74' lang='grc' dir='ltr'>μετὰ</span> <span class='ocrx_word' id='word_1_710' title='bbox 3302 4420 3398 4474; x_wconf 90' lang='grc' dir='ltr'><strong>τοῦ</strong></span> <span class='ocrx_word' id='word_1_711' title='bbox 3433 4423 3612 4490; x_wconf 88' lang='grc' dir='ltr'>μεῖναι</span> <span class='ocrx_word' id='word_1_712' title='bbox 3629 4419 3657 4473; x_wconf 87' lang='grc' dir='ltr'><strong><em>ὃ</em></strong></span> <span class='ocrx_word' id='word_1_713' title='bbox 3674 4415 3760 4487; x_wconf 78' lang='grc' dir='ltr'>ἦν.</span> 
     </span>
    </p>
   </div>
   <div class='ocr_carea' id='block_1_92' title="bbox 502 4511 2068 4589">
    <p class='ocr_par' dir='ltr' id='par_1_92' title="bbox 502 4517 2068 4586">
     <span class='ocr_line' id='line_1_92' title="bbox 502 4517 2068 4586; baseline 0.001 -17"><span class='ocrx_word' id='word_1_714' title='bbox 502 4518 686 4571; x_wconf 88' lang='lat' dir='ltr'><strong>omnia</strong></span> <span class='ocrx_word' id='word_1_715' title='bbox 741 4532 835 4586; x_wconf 90' lang='lat' dir='ltr'><strong>per</strong></span> <span class='ocrx_word' id='word_1_716' title='bbox 885 4517 1058 4586; x_wconf 79' lang='lat' dir='ltr'><strong>ipsum</strong></span> <span class='ocrx_word' id='word_1_717' title='bbox 1105 4519 1170 4570; x_wconf 88' lang='lat' dir='ltr'><strong>ad</strong></span> <span class='ocrx_word' id='word_1_718' title='bbox 1207 4528 1386 4573; x_wconf 88' lang='lat' dir='ltr'><strong>ortum</strong></span> <span class='ocrx_word' id='word_1_719' title='bbox 1423 4520 1666 4572; x_wconf 84' lang='lat' dir='ltr'><strong>traducta</strong></span> <span class='ocrx_word' id='word_1_720' title='bbox 1703 4534 1824 4576; x_wconf 81' lang='lat' dir='ltr'><strong>esse</strong></span> <span class='ocrx_word' id='word_1_721' title='bbox 1857 4534 2068 4572; x_wconf 73' lang='lat' dir='ltr'><strong>censea-</strong></span> 
     </span>
    </p>
   </div>
   <div class='ocr_carea' id='block_1_93' title="bbox 2178 4511 3766 4589">
    <p class='ocr_par' dir='ltr' id='par_1_93' title="bbox 2188 4511 3766 4589">
     <span class='ocr_line' id='line_1_93' title="bbox 2188 4511 3766 4589; baseline -0.015 -6"><span class='ocrx_word' id='word_1_722' title='bbox 2188 4525 2398 4584; x_wconf 81' lang='grc' dir='ltr'>Οὑκοῦν</span> <span class='ocrx_word' id='word_1_723' title='bbox 2433 4525 2483 4576; x_wconf 76' lang='grc' dir='ltr'>εὶ</span> <span class='ocrx_word' id='word_1_724' title='bbox 2521 4521 2617 4576; x_wconf 67' lang='grc' dir='ltr'><strong>καὶ</strong></span> <span class='ocrx_word' id='word_1_725' title='bbox 2644 4520 2868 4589; x_wconf 86' lang='grc' dir='ltr'>γέγονεν</span> <span class='ocrx_word' id='word_1_726' title='bbox 2897 4518 3200 4587; x_wconf 82' lang='grc' dir='ltr'>ἄνθρωπος,</span> <span class='ocrx_word' id='word_1_727' title='bbox 3224 4513 3285 4567; x_wconf 89' lang='grc' dir='ltr'><strong>τὸ</strong></span> <span class='ocrx_word' id='word_1_728' title='bbox 3324 4514 3584 4582; x_wconf 84' lang='grc' dir='ltr'>ἀπεῖργον</span> <span class='ocrx_word' id='word_1_729' title='bbox 3611 4511 3766 4566; x_wconf 73' lang='grc' dir='ltr'>οὐδὲν</span> 
     </span>
    </p>
   </div>
   <div class='ocr_carea' id='block_1_94' title="bbox 503 4610 2082 4681">
    <p class='ocr_par' dir='ltr' id='par_1_94' title="bbox 503 4610 2082 4681">
     <span class='ocr_line' id='line_1_94' title="bbox 503 4610 2082 4681; baseline -0.002 -15"><span class='ocrx_word' id='word_1_730' title='bbox 503 4628 647 4681; x_wconf 79' lang='lat' dir='ltr'><strong>mus,</strong></span> <span class='ocrx_word' id='word_1_731' title='bbox 685 4620 955 4678; x_wconf 83' lang='lat' dir='ltr'><strong>quatenus</strong></span> <span class='ocrx_word' id='word_1_732' title='bbox 984 4623 1066 4668; x_wconf 89' lang='lat' dir='ltr'><strong>est</strong></span> <span class='ocrx_word' id='word_1_733' title='bbox 1098 4613 1240 4666; x_wconf 57' lang='lat' dir='ltr'><strong>Dens</strong></span> <span class='ocrx_word' id='word_1_734' title='bbox 1271 4621 1324 4665; x_wconf 87' lang='lat' dir='ltr'><strong>et</strong></span> <span class='ocrx_word' id='word_1_735' title='bbox 1355 4625 1658 4668; x_wconf 65' lang='lat' dir='ltr'><strong>Coasternns</strong></span> <span class='ocrx_word' id='word_1_736' title='bbox 1692 4612 1862 4666; x_wconf 81' lang='lat' dir='ltr'><strong>Patri.</strong></span> <span class='ocrx_word' id='word_1_737' title='bbox 1894 4610 2082 4679; x_wconf 78' lang='lat' dir='ltr'><strong>Neque</strong></span> 
     </span>
    </p>
   </div>
   <div class='ocr_carea' id='block_1_95' title="bbox 503 4699 2083 4772">
    <p class='ocr_par' dir='ltr' id='par_1_95' title="bbox 503 4699 2083 4772">
     <span class='ocr_line' id='line_1_95' title="bbox 503 4699 2083 4772; baseline 0 -17"><span class='ocrx_word' id='word_1_738' title='bbox 503 4702 646 4755; x_wconf 89' lang='lat' dir='ltr'><strong>enim</strong></span> <span class='ocrx_word' id='word_1_739' title='bbox 676 4701 814 4754; x_wconf 85' lang='lat' dir='ltr'><strong>Dens</strong></span> <span class='ocrx_word' id='word_1_740' title='bbox 851 4703 1123 4765; x_wconf 62' lang='lat' dir='ltr'><strong>exsistens</strong></span> <span class='ocrx_word' id='word_1_741' title='bbox 1147 4699 1386 4772; x_wconf 67' lang='lat' dir='ltr'><strong>\(erhum</strong></span> <span class='ocrx_word' id='word_1_742' title='bbox 1427 4703 1768 4764; x_wconf 86' lang='lat' dir='ltr'><strong>inunutatnm</strong></span> <span class='ocrx_word' id='word_1_743' title='bbox 1804 4713 1910 4768; x_wconf 89' lang='lat' dir='ltr'><strong>est,</strong></span> <span class='ocrx_word' id='word_1_744' title='bbox 1943 4711 2083 4757; x_wconf 85' lang='lat' dir='ltr'><strong>tant-</strong></span> 
     </span>
    </p>
   </div>
   <div class='ocr_carea' id='block_1_96' title="bbox 505 4795 2084 4867">
    <p class='ocr_par' dir='ltr' id='par_1_96' title="bbox 505 4795 2084 4867">
     <span class='ocr_line' id='line_1_96' title="bbox 505 4795 2084 4867; baseline 0.001 -19"><span class='ocrx_word' id='word_1_745' title='bbox 505 4795 607 4848; x_wconf 82' lang='lat' dir='ltr'><strong>etsi</strong></span> <span class='ocrx_word' id='word_1_746' title='bbox 679 4810 900 4850; x_wconf 88' lang='lat' dir='ltr'><strong>carnem</strong></span> <span class='ocrx_word' id='word_1_747' title='bbox 987 4797 1163 4850; x_wconf 82' lang='lat' dir='ltr'><strong>anima</strong></span> <span class='ocrx_word' id='word_1_748' title='bbox 1249 4797 1584 4865; x_wconf 76' lang='lat' dir='ltr'><strong>intelligente</strong></span> <span class='ocrx_word' id='word_1_749' title='bbox 1651 4797 1928 4867; x_wconf 73' lang='lat' dir='ltr'><strong>praeditam</strong></span> <span class='ocrx_word' id='word_1_750' title='bbox 1990 4812 2084 4850; x_wconf 80' lang='lat' dir='ltr'><strong>as-</strong></span> 
     </span>
    </p>
   </div>
   <div class='ocr_carea' id='block_1_97' title="bbox 507 4889 2091 4958">
    <p class='ocr_par' dir='ltr' id='par_1_97' title="bbox 507 4889 2091 4958">
     <span class='ocr_line' id='line_1_97' title="bbox 507 4889 2091 4958; baseline -0.001 -15"><span class='ocrx_word' id='word_1_751' title='bbox 507 4890 807 4957; x_wconf 78' lang='lat' dir='ltr'><strong>sumpserit</strong></span> <span class='ocrx_word' id='word_1_752' title='bbox 830 4908 844 4943; x_wconf 87' lang='lat'><strong>:</strong></span> <span class='ocrx_word' id='word_1_753' title='bbox 868 4898 919 4940; x_wconf 87' lang='lat' dir='ltr'><strong>et</strong></span> <span class='ocrx_word' id='word_1_754' title='bbox 944 4905 1046 4942; x_wconf 90' lang='lat' dir='ltr'><strong>non</strong></span> <span class='ocrx_word' id='word_1_755' title='bbox 1075 4889 1347 4948; x_wconf 72' lang='lat' dir='ltr'><strong>hominem</strong></span> <span class='ocrx_word' id='word_1_756' title='bbox 1390 4890 1492 4950; x_wconf 88' lang='lat' dir='ltr'><strong>sibi</strong></span> <span class='ocrx_word' id='word_1_757' title='bbox 1521 4890 1617 4957; x_wconf 79' lang='lat' dir='ltr'><strong>ipsi</strong></span> <span class='ocrx_word' id='word_1_758' title='bbox 1659 4890 2010 4958; x_wconf 71' lang='lat' dir='ltr'><strong>conjungens,</strong></span> <span class='ocrx_word' id='word_1_759' title='bbox 2033 4897 2091 4944; x_wconf 90' lang='lat' dir='ltr'><strong>ut</strong></span> 
     </span>
    </p>
   </div>
   <div class='ocr_carea' id='block_1_98' title="bbox 508 4979 2083 5048">
    <p class='ocr_par' dir='ltr' id='par_1_98' title="bbox 508 4979 2083 5048">
     <span class='ocr_line' id='line_1_98' title="bbox 508 4979 2083 5048; baseline 0 -16"><span class='ocrx_word' id='word_1_760' title='bbox 508 4979 595 5032; x_wconf 87' lang='lat' dir='ltr'><strong>isti</strong></span> <span class='ocrx_word' id='word_1_761' title='bbox 634 4980 982 5033; x_wconf 83' lang='lat' dir='ltr'><strong>innm-atores</strong></span> <span class='ocrx_word' id='word_1_762' title='bbox 1020 4979 1140 5043; x_wconf 82' lang='lat' dir='ltr'><strong>lidei</strong></span> <span class='ocrx_word' id='word_1_763' title='bbox 1176 4989 1446 5040; x_wconf 79' lang='lat' dir='ltr'><strong>statuunt.</strong></span> <span class='ocrx_word' id='word_1_764' title='bbox 1485 4981 1580 5031; x_wconf 88' lang='lat' dir='ltr'><strong>sed</strong></span> <span class='ocrx_word' id='word_1_765' title='bbox 1621 4980 1734 5048; x_wconf 86' lang='lat' dir='ltr'><strong>ipse</strong></span> <span class='ocrx_word' id='word_1_766' title='bbox 1762 4981 1963 5047; x_wconf 75' lang='lat' dir='ltr'><strong>factum</strong></span> <span class='ocrx_word' id='word_1_767' title='bbox 1990 4995 2083 5035; x_wconf 83' lang='lat' dir='ltr'><strong>ca-</strong></span> 
     </span>
    </p>
   </div>
   <div class='ocr_carea' id='block_1_99' title="bbox 508 5069 2087 5144">
    <p class='ocr_par' dir='ltr' id='par_1_99' title="bbox 508 5069 2087 5144">
     <span class='ocr_line' id='line_1_99' title="bbox 508 5069 2087 5144; baseline 0.001 -19"><span class='ocrx_word' id='word_1_768' title='bbox 508 5084 593 5133; x_wconf 88' lang='lat' dir='ltr'><strong>ro,</strong></span> <span class='ocrx_word' id='word_1_769' title='bbox 621 5080 682 5123; x_wconf 92' lang='lat' dir='ltr'><strong>ut</strong></span> <span class='ocrx_word' id='word_1_770' title='bbox 708 5072 840 5133; x_wconf 81' lang='lat' dir='ltr'><strong>dixi,</strong></span> <span class='ocrx_word' id='word_1_771' title='bbox 874 5069 975 5125; x_wconf 92' lang='lat' dir='ltr'><strong>hoc</strong></span> <span class='ocrx_word' id='word_1_772' title='bbox 999 5080 1103 5134; x_wconf 81' lang='lat' dir='ltr'><strong>est,</strong></span> <span class='ocrx_word' id='word_1_773' title='bbox 1146 5072 1327 5124; x_wconf 85' lang='lat' dir='ltr'><strong>homo.</strong></span> <span class='ocrx_word' id='word_1_774' title='bbox 1364 5069 1527 5144; x_wconf 81' lang='grc'><strong>744</strong></span> <span class='ocrx_word' id='word_1_775' title='bbox 1559 5070 1670 5127; x_wconf 80' lang='lat' dir='ltr'><strong>Hac</strong></span> <span class='ocrx_word' id='word_1_776' title='bbox 1696 5072 1838 5126; x_wconf 88' lang='lat' dir='ltr'><strong>enim</strong></span> <span class='ocrx_word' id='word_1_777' title='bbox 1877 5075 2087 5129; x_wconf 87' lang='lat' dir='ltr'><strong>ratione</strong></span> 
     </span>
    </p>
   </div>
   <div class='ocr_carea' id='block_1_100' title="bbox 511 5164 2088 5237">
    <p class='ocr_par' dir='ltr' id='par_1_100' title="bbox 511 5164 2088 5237">
     <span class='ocr_line' id='line_1_100' title="bbox 511 5164 2088 5237; baseline 0.004 -19"><span class='ocrx_word' id='word_1_778' title='bbox 511 5165 611 5237; x_wconf 87' lang='lat' dir='ltr'><strong>ipsi</strong></span> <span class='ocrx_word' id='word_1_779' title='bbox 651 5165 839 5222; x_wconf 88' lang='lat' dir='ltr'><strong>unctio</strong></span> <span class='ocrx_word' id='word_1_780' title='bbox 869 5167 1035 5218; x_wconf 91' lang='lat' dir='ltr'><strong>etiam</strong></span> <span class='ocrx_word' id='word_1_781' title='bbox 1075 5164 1385 5230; x_wconf 79' lang='lat' dir='ltr'><strong>conveniat,</strong></span> <span class='ocrx_word' id='word_1_782' title='bbox 1419 5178 1551 5222; x_wconf 78' lang='lat' dir='ltr'><strong>cura</strong></span> <span class='ocrx_word' id='word_1_783' title='bbox 1598 5167 1945 5223; x_wconf 80' lang='lat' dir='ltr'><strong>ealumniam.</strong></span> <span class='ocrx_word' id='word_1_784' title='bbox 1982 5167 2088 5223; x_wconf 76' lang='lat' dir='ltr'><strong>Vo-</strong></span> 
     </span>
    </p>
   </div>
   <div class='ocr_carea' id='block_1_101' title="bbox 512 5255 2086 5327">
    <p class='ocr_par' dir='ltr' id='par_1_101' title="bbox 512 5255 2086 5327">
     <span class='ocr_line' id='line_1_101' title="bbox 512 5255 2086 5327; baseline 0.001 -15"><span class='ocrx_word' id='word_1_785' title='bbox 512 5259 727 5314; x_wconf 76' lang='lat' dir='ltr'><strong>cabitur</strong></span> <span class='ocrx_word' id='word_1_786' title='bbox 752 5267 930 5312; x_wconf 88' lang='lat' dir='ltr'><strong>autem</strong></span> <span class='ocrx_word' id='word_1_787' title='bbox 965 5268 1016 5312; x_wconf 88' lang='lat' dir='ltr'><strong>et</strong></span> <span class='ocrx_word' id='word_1_788' title='bbox 1044 5255 1223 5319; x_wconf 68' lang='lat' dir='ltr'><strong>Iesus.</strong></span> <span class='ocrx_word' id='word_1_789' title='bbox 1255 5269 1312 5314; x_wconf 89' lang='lat' dir='ltr'><strong>nt</strong></span> <span class='ocrx_word' id='word_1_790' title='bbox 1341 5259 1455 5326; x_wconf 45' lang='lat' dir='ltr'><strong>ipse</strong></span> <span class='ocrx_word' id='word_1_791' title='bbox 1491 5275 1680 5316; x_wconf 87' lang='lat' dir='ltr'><strong>revera</strong></span> <span class='ocrx_word' id='word_1_792' title='bbox 1706 5261 1973 5315; x_wconf 77' lang='lat' dir='ltr'><strong>exsistens</strong></span> <span class='ocrx_word' id='word_1_793' title='bbox 1996 5264 2086 5327; x_wconf 91' lang='lat' dir='ltr'><strong>qni</strong></span> 
     </span>
    </p>
   </div>
   <div class='ocr_carea' id='block_1_102' title="bbox 513 5349 2090 5422">
    <p class='ocr_par' dir='ltr' id='par_1_102' title="bbox 513 5349 2090 5422">
     <span class='ocr_line' id='line_1_102' title="bbox 513 5349 2090 5422; baseline 0.004 -22"><span class='ocrx_word' id='word_1_794' title='bbox 513 5351 806 5409; x_wconf 78' lang='lat' dir='ltr'><strong>secundum</strong></span> <span class='ocrx_word' id='word_1_795' title='bbox 857 5364 1079 5404; x_wconf 87' lang='lat' dir='ltr'><strong>carnem</strong></span> <span class='ocrx_word' id='word_1_796' title='bbox 1128 5367 1194 5408; x_wconf 78' lang='lat' dir='ltr'><strong>ex</strong></span> <span class='ocrx_word' id='word_1_797' title='bbox 1235 5349 1452 5422; x_wconf 78' lang='lat' dir='ltr'><strong>Virgine</strong></span> <span class='ocrx_word' id='word_1_798' title='bbox 1503 5363 1659 5407; x_wconf 88' lang='lat' dir='ltr'><strong>natus</strong></span> <span class='ocrx_word' id='word_1_799' title='bbox 1703 5362 1801 5407; x_wconf 83' lang='lat' dir='ltr'><strong>cst.</strong></span> <span class='ocrx_word' id='word_1_800' title='bbox 1851 5354 2090 5407; x_wconf 76' lang='lat' dir='ltr'><strong>Salvavit</strong></span> 
     </span>
    </p>
   </div>
   <div class='ocr_carea' id='block_1_103' title="bbox 510 5439 2088 5510">
    <p class='ocr_par' dir='ltr' id='par_1_103' title="bbox 510 5439 2088 5510">
     <span class='ocr_line' id='line_1_103' title="bbox 510 5439 2088 5510; baseline 0.001 -19"><span class='ocrx_word' id='word_1_801' title='bbox 510 5439 650 5491; x_wconf 85' lang='lat' dir='ltr'><strong>enim</strong></span> <span class='ocrx_word' id='word_1_802' title='bbox 683 5441 784 5494; x_wconf 91' lang='lat' dir='ltr'><strong>hoc</strong></span> <span class='ocrx_word' id='word_1_803' title='bbox 812 5451 969 5510; x_wconf 78' lang='lat' dir='ltr'><strong>pacto</strong></span> <span class='ocrx_word' id='word_1_804' title='bbox 997 5455 1152 5497; x_wconf 88' lang='lat' dir='ltr'><strong>suum</strong></span> <span class='ocrx_word' id='word_1_805' title='bbox 1192 5441 1360 5510; x_wconf 59' lang='lat' dir='ltr'><strong>ipsius</strong></span> <span class='ocrx_word' id='word_1_806' title='bbox 1394 5443 1672 5509; x_wconf 70' lang='lat' dir='ltr'><strong>pupulum,</strong></span> <span class='ocrx_word' id='word_1_807' title='bbox 1699 5460 1800 5496; x_wconf 79' lang='lat' dir='ltr'><strong>non</strong></span> <span class='ocrx_word' id='word_1_808' title='bbox 1838 5452 1888 5498; x_wconf 84' lang='lat' dir='ltr'><strong>nl</strong></span> <span class='ocrx_word' id='word_1_809' title='bbox 1923 5443 2088 5498; x_wconf 77' lang='lat' dir='ltr'><strong>homo</strong></span> 
     </span>
    </p>
   </div>
   <div class='ocr_carea' id='block_1_104' title="bbox 429 5532 2082 5606">
    <p class='ocr_par' dir='ltr' id='par_1_104' title="bbox 429 5532 2082 5606">
     <span class='ocr_line' id='line_1_104' title="bbox 429 5532 2082 5606; baseline 0 -18"><span class='ocrx_word' id='word_1_810' title='bbox 429 5587 433 5591; x_wconf 82' lang='grc'><strong>,</strong></span> <span class='ocrx_word' id='word_1_811' title='bbox 515 5532 623 5588; x_wconf 77' lang='lat' dir='ltr'><strong>beo</strong></span> <span class='ocrx_word' id='word_1_812' title='bbox 652 5533 996 5602; x_wconf 77' lang='lat' dir='ltr'><strong>conjunctus,</strong></span> <span class='ocrx_word' id='word_1_813' title='bbox 1022 5535 1116 5594; x_wconf 83' lang='lat' dir='ltr'><strong>sed</strong></span> <span class='ocrx_word' id='word_1_814' title='bbox 1153 5544 1211 5596; x_wconf 90' lang='lat' dir='ltr'><strong>ut</strong></span> <span class='ocrx_word' id='word_1_815' title='bbox 1242 5534 1382 5590; x_wconf 80' lang='lat' dir='ltr'><strong>Deus</strong></span> <span class='ocrx_word' id='word_1_816' title='bbox 1421 5535 1618 5591; x_wconf 78' lang='lat' dir='ltr'><strong>similis</strong></span> <span class='ocrx_word' id='word_1_817' title='bbox 1668 5534 1842 5589; x_wconf 80' lang='lat' dir='ltr'><strong>factus</strong></span> <span class='ocrx_word' id='word_1_818' title='bbox 1887 5535 1951 5588; x_wconf 89' lang='lat' dir='ltr'><strong>iis</strong></span> <span class='ocrx_word' id='word_1_819' title='bbox 1992 5534 2082 5606; x_wconf 87' lang='lat' dir='ltr'><strong>qui</strong></span> 
     </span>
    </p>
   </div>
   <div class='ocr_carea' id='block_1_105' title="bbox 623 5729 1148 5801">
    <p class='ocr_par' dir='ltr' id='par_1_105' title="bbox 623 5729 1148 5801">
     <span class='ocr_line' id='line_1_105' title="bbox 623 5729 1148 5801; baseline 0.002 -12"><span class='ocrx_word' id='word_1_820' title='bbox 623 5729 668 5765; x_wconf 78' lang='lat'>“</span> <span class='ocrx_word' id='word_1_821' title='bbox 696 5729 808 5789; x_wconf 81' lang='lat' dir='ltr'><strong>an</strong></span> <span class='ocrx_word' id='word_1_822' title='bbox 834 5749 873 5794; x_wconf 87' lang='grc' dir='ltr'>ι.</span> <span class='ocrx_word' id='word_1_823' title='bbox 899 5732 989 5801; x_wconf 75' lang='lat'><strong>30,</strong></span> <span class='ocrx_word' id='word_1_824' title='bbox 1057 5734 1148 5790; x_wconf 73' lang='grc' dir='ltr'><strong>δι.</strong></span> 
     </span>
    </p>
   </div>
   <div class='ocr_carea' id='block_1_106' title="bbox 1267 5734 1738 5800">
    <p class='ocr_par' dir='ltr' id='par_1_106' title="bbox 1267 5734 1738 5800">
     <span class='ocr_line' id='line_1_106' title="bbox 1267 5734 1738 5800; baseline -0.004 -10"><span class='ocrx_word' id='word_1_825' title='bbox 1267 5736 1308 5769; x_wconf 73' lang='grc'><strong>⁵⁷</strong></span> <span class='ocrx_word' id='word_1_826' title='bbox 1342 5734 1536 5791; x_wconf 71' lang='lat' dir='ltr'><strong>Matth.</strong></span> <span class='ocrx_word' id='word_1_827' title='bbox 1570 5750 1608 5800; x_wconf 86' lang='grc' dir='ltr'><strong>ι,</strong></span> <span class='ocrx_word' id='word_1_828' title='bbox 1650 5735 1738 5790; x_wconf 70' lang='grc'><strong>21.</strong></span> 
     </span>
    </p>
   </div>
   <div class='ocr_carea' id='block_1_107' title="bbox 522 5801 892 5866">
    <p class='ocr_par' dir='ltr' id='par_1_107' title="bbox 522 5801 892 5866">
     <span class='ocr_line' id='line_1_107' title="bbox 522 5801 892 5866; baseline 0 -10"><span class='ocrx_word' id='word_1_829' title='bbox 522 5801 560 5835; x_wconf 83' lang='grc'><strong>¹¹</strong></span> <span class='ocrx_word' id='word_1_830' title='bbox 588 5803 717 5857; x_wconf 79' lang='lat' dir='ltr'><strong>ibid.</strong></span> <span class='ocrx_word' id='word_1_831' title='bbox 750 5806 807 5866; x_wconf 67' lang='lat'><strong>&#39;2.</strong></span> <span class='ocrx_word' id='word_1_832' title='bbox 841 5804 892 5858; x_wconf 79' lang='lat'><strong>5.</strong></span> 
     </span>
    </p>
   </div>
   <div class='ocr_carea' id='block_1_108' title="bbox 1859 5733 2292 5798">
    <p class='ocr_par' dir='ltr' id='par_1_108' title="bbox 1859 5733 2292 5798">
     <span class='ocr_line' id='line_1_108' title="bbox 1859 5733 2292 5798; baseline -0.009 -8"><span class='ocrx_word' id='word_1_833' title='bbox 1859 5737 1898 5769; x_wconf 82' lang='grc'><strong>¹⁸</strong></span> <span class='ocrx_word' id='word_1_834' title='bbox 1945 5735 2095 5790; x_wconf 78' lang='lat' dir='ltr'><strong>Joan.</strong></span> <span class='ocrx_word' id='word_1_835' title='bbox 2131 5751 2167 5798; x_wconf 85' lang='grc' dir='ltr'><strong>ι,</strong></span> <span class='ocrx_word' id='word_1_836' title='bbox 2208 5733 2292 5788; x_wconf 60' lang='lat' dir='ltr'><strong>id.</strong></span> 
     </span>
    </p>
   </div>
   <div class='ocr_carea' id='block_1_109' title="bbox 2185 4607 3768 4684">
    <p class='ocr_par' dir='ltr' id='par_1_109' title="bbox 2185 4607 3768 4684">
     <span class='ocr_line' id='line_1_109' title="bbox 2185 4607 3768 4684; baseline -0.01 -10"><span class='ocrx_word' id='word_1_837' title='bbox 2185 4621 2408 4679; x_wconf 74' lang='grc' dir='ltr'>ἐννοεῖν,</span> <span class='ocrx_word' id='word_1_838' title='bbox 2439 4618 2504 4670; x_wconf 81' lang='grc' dir='ltr'><strong>δι’</strong></span> <span class='ocrx_word' id='word_1_839' title='bbox 2533 4613 2698 4669; x_wconf 83' lang='grc' dir='ltr'>αὑτοῦ</span> <span class='ocrx_word' id='word_1_840' title='bbox 2722 4611 3002 4684; x_wconf 81' lang='grc' dir='ltr'>παρῆχθαι</span> <span class='ocrx_word' id='word_1_841' title='bbox 3031 4611 3099 4663; x_wconf 79' lang='grc' dir='ltr'><strong>τὰ</strong></span> <span class='ocrx_word' id='word_1_842' title='bbox 3134 4610 3332 4673; x_wconf 80' lang='grc' dir='ltr'>πάντα,</span> <span class='ocrx_word' id='word_1_843' title='bbox 3362 4608 3482 4661; x_wconf 81' lang='grc' dir='ltr'>καθ’</span> <span class='ocrx_word' id='word_1_844' title='bbox 3514 4607 3542 4661; x_wconf 85' lang='grc' dir='ltr'>ὃ</span> <span class='ocrx_word' id='word_1_845' title='bbox 3565 4609 3768 4659; x_wconf 80' lang='grc' dir='ltr'>νοεῖται</span> 
     </span>
    </p>
   </div>
   <div class='ocr_carea' id='block_1_110' title="bbox 2185 4698 3768 4774">
    <p class='ocr_par' dir='ltr' id='par_1_110' title="bbox 2185 4698 3768 4774">
     <span class='ocr_line' id='line_1_110' title="bbox 2185 4698 3768 4774; baseline -0.009 -9"><span class='ocrx_word' id='word_1_846' title='bbox 2185 4712 2318 4774; x_wconf 85' lang='grc' dir='ltr'>Θεὸς</span> <span class='ocrx_word' id='word_1_847' title='bbox 2368 4708 2462 4762; x_wconf 76' lang='grc' dir='ltr'><strong>καὶ</strong></span> <span class='ocrx_word' id='word_1_848' title='bbox 2524 4707 2790 4767; x_wconf 79' lang='grc' dir='ltr'>συναῖδιος</span> <span class='ocrx_word' id='word_1_849' title='bbox 2841 4703 2919 4774; x_wconf 80' lang='grc' dir='ltr'>τῷ</span> <span class='ocrx_word' id='word_1_850' title='bbox 2954 4703 3146 4774; x_wconf 82' lang='grc' dir='ltr'>Πατρί.</span> <span class='ocrx_word' id='word_1_851' title='bbox 3191 4702 3265 4756; x_wconf 77' lang='grc' dir='ltr'><strong>Οὐ</strong></span> <span class='ocrx_word' id='word_1_852' title='bbox 3310 4700 3417 4770; x_wconf 81' lang='grc' dir='ltr'>γὰρ</span> <span class='ocrx_word' id='word_1_853' title='bbox 3476 4698 3768 4770; x_wconf 75' lang='grc' dir='ltr'>ἠλλοίωται</span> 
     </span>
    </p>
   </div>
   <div class='ocr_carea' id='block_1_111' title="bbox 2188 4788 3772 4865">
    <p class='ocr_par' dir='ltr' id='par_1_111' title="bbox 2188 4788 3772 4865">
     <span class='ocr_line' id='line_1_111' title="bbox 2188 4788 3772 4865; baseline -0.008 -12"><span class='ocrx_word' id='word_1_854' title='bbox 2188 4801 2319 4865; x_wconf 86' lang='grc' dir='ltr'>Θεὸς</span> <span class='ocrx_word' id='word_1_855' title='bbox 2345 4798 2419 4852; x_wconf 78' lang='grc' dir='ltr'>ὣν</span> <span class='ocrx_word' id='word_1_856' title='bbox 2449 4798 2476 4850; x_wconf 92' lang='lat'><strong>6</strong></span> <span class='ocrx_word' id='word_1_857' title='bbox 2496 4797 2689 4864; x_wconf 79' lang='grc' dir='ltr'>Λόγος,</span> <span class='ocrx_word' id='word_1_858' title='bbox 2713 4796 2761 4848; x_wconf 84' lang='grc' dir='ltr'>εἱ</span> <span class='ocrx_word' id='word_1_859' title='bbox 2793 4795 2888 4847; x_wconf 73' lang='grc' dir='ltr'><strong>καὶ</strong></span> <span class='ocrx_word' id='word_1_860' title='bbox 2905 4792 3126 4862; x_wconf 82' lang='grc' dir='ltr'>γέγονεν</span> <span class='ocrx_word' id='word_1_861' title='bbox 3157 4794 3215 4844; x_wconf 82' lang='grc' dir='ltr'>ὲν</span> <span class='ocrx_word' id='word_1_862' title='bbox 3237 4789 3536 4863; x_wconf 74' lang='grc' dir='ltr'>προσλήψει</span> <span class='ocrx_word' id='word_1_863' title='bbox 3565 4788 3772 4862; x_wconf 83' lang='grc' dir='ltr'>σαρκὸς</span> 
     </span>
    </p>
   </div>
   <div class='ocr_carea' id='block_1_112' title="bbox 2191 4881 3773 4964">
    <p class='ocr_par' dir='ltr' id='par_1_112' title="bbox 2191 4881 3773 4964">
     <span class='ocr_line' id='line_1_112' title="bbox 2191 4881 3773 4964; baseline -0.008 -18"><span class='ocrx_word' id='word_1_864' title='bbox 2191 4890 2550 4964; x_wconf 68' lang='grc' dir='ltr'>ὲψυχωμένης</span> <span class='ocrx_word' id='word_1_865' title='bbox 2592 4888 2816 4960; x_wconf 83' lang='grc' dir='ltr'>νοερῶς,</span> <span class='ocrx_word' id='word_1_866' title='bbox 2840 4888 2932 4941; x_wconf 68' lang='grc' dir='ltr'><strong>καὶ</strong></span> <span class='ocrx_word' id='word_1_867' title='bbox 2979 4887 3076 4940; x_wconf 72' lang='grc' dir='ltr'><strong>οὐκ</strong></span> <span class='ocrx_word' id='word_1_868' title='bbox 3102 4884 3388 4955; x_wconf 76' lang='grc' dir='ltr'>ἄνθρωπον</span> <span class='ocrx_word' id='word_1_869' title='bbox 3434 4881 3612 4952; x_wconf 80' lang='grc' dir='ltr'>ἑαυτῷ</span> <span class='ocrx_word' id='word_1_870' title='bbox 3645 4899 3773 4934; x_wconf 83' lang='grc' dir='ltr'>συν-</span> 
     </span>
    </p>
   </div>
   <div class='ocr_carea' id='block_1_113' title="bbox 2191 4975 3763 5056">
    <p class='ocr_par' dir='ltr' id='par_1_113' title="bbox 2191 4975 3763 5056">
     <span class='ocr_line' id='line_1_113' title="bbox 2191 4975 3763 5056; baseline -0.009 -14"><span class='ocrx_word' id='word_1_871' title='bbox 2191 4987 2352 5056; x_wconf 72' lang='grc' dir='ltr'>άψας.</span> <span class='ocrx_word' id='word_1_872' title='bbox 2397 4982 2538 5038; x_wconf 80' lang='grc' dir='ltr'>καθά</span> <span class='ocrx_word' id='word_1_873' title='bbox 2587 4999 2750 5052; x_wconf 80' lang='grc' dir='ltr'>φασιν</span> <span class='ocrx_word' id='word_1_874' title='bbox 2801 4980 2853 5034; x_wconf 80' lang='grc' dir='ltr'>οἱ</span> <span class='ocrx_word' id='word_1_875' title='bbox 2899 4979 3349 5050; x_wconf 81' lang='grc' dir='ltr'>καινοτομοῦντες</span> <span class='ocrx_word' id='word_1_876' title='bbox 3401 4978 3500 5046; x_wconf 82' lang='grc' dir='ltr'>τὴν</span> <span class='ocrx_word' id='word_1_877' title='bbox 3557 4975 3763 5038; x_wconf 77' lang='grc' dir='ltr'>πίστιν,</span> 
     </span>
    </p>
   </div>
   <div class='ocr_carea' id='block_1_114' title="bbox 2191 5069 3768 5145">
    <p class='ocr_par' dir='ltr' id='par_1_114' title="bbox 2191 5069 3768 5145">
     <span class='ocr_line' id='line_1_114' title="bbox 2191 5069 3768 5145; baseline -0.008 -13"><span class='ocrx_word' id='word_1_878' title='bbox 2191 5079 2305 5132; x_wconf 74' lang='grc' dir='ltr'>ἀλλ’</span> <span class='ocrx_word' id='word_1_879' title='bbox 2335 5076 2498 5140; x_wconf 83' lang='grc' dir='ltr'>αὐτὸς</span> <span class='ocrx_word' id='word_1_880' title='bbox 2524 5075 2816 5145; x_wconf 82' lang='grc' dir='ltr'>γενόμενος</span> <span class='ocrx_word' id='word_1_881' title='bbox 2849 5071 3006 5144; x_wconf 79' lang='grc' dir='ltr'>σὰρξ,</span> <span class='ocrx_word' id='word_1_882' title='bbox 3038 5073 3114 5135; x_wconf 80' lang='grc' dir='ltr'>ὡς</span> <span class='ocrx_word' id='word_1_883' title='bbox 3149 5071 3313 5142; x_wconf 75' lang='grc' dir='ltr'>ἔφην,</span> <span class='ocrx_word' id='word_1_884' title='bbox 3349 5069 3626 5123; x_wconf 77' lang='grc' dir='ltr'>τουτέστιν</span> <span class='ocrx_word' id='word_1_885' title='bbox 3672 5069 3768 5123; x_wconf 75' lang='grc' dir='ltr'><strong>ἄν·</strong></span> 
     </span>
    </p>
   </div>
   <div class='ocr_carea' id='block_1_115' title="bbox 2191 5156 3766 5241">
    <p class='ocr_par' dir='ltr' id='par_1_115' title="bbox 2191 5156 3766 5241">
     <span class='ocr_line' id='line_1_115' title="bbox 2191 5156 3766 5241; baseline -0.009 -17"><span class='ocrx_word' id='word_1_886' title='bbox 2191 5169 2426 5241; x_wconf 80' lang='grc' dir='ltr'>θρωπος.</span> <span class='ocrx_word' id='word_1_887' title='bbox 2455 5166 2648 5220; x_wconf 88' lang='grc' dir='ltr'>Ἔσται</span> <span class='ocrx_word' id='word_1_888' title='bbox 2674 5162 2795 5237; x_wconf 79' lang='grc' dir='ltr'><strong>γὰρ</strong></span> <span class='ocrx_word' id='word_1_889' title='bbox 2836 5163 3008 5225; x_wconf 82' lang='grc' dir='ltr'>οῦτως</span> <span class='ocrx_word' id='word_1_890' title='bbox 3054 5160 3202 5230; x_wconf 76' lang='grc' dir='ltr'>αὐτῷ</span> <span class='ocrx_word' id='word_1_891' title='bbox 3250 5161 3346 5215; x_wconf 74' lang='grc' dir='ltr'><strong>καὶ</strong></span> <span class='ocrx_word' id='word_1_892' title='bbox 3377 5160 3440 5214; x_wconf 78' lang='grc' dir='ltr'><strong>τὸ</strong></span> <span class='ocrx_word' id='word_1_893' title='bbox 3470 5156 3766 5230; x_wconf 74' lang='grc' dir='ltr'>κεκρίσθαι</span> 
     </span>
    </p>
   </div>
   <div class='ocr_carea' id='block_1_116' title="bbox 2195 5247 3771 5332">
    <p class='ocr_par' dir='ltr' id='par_1_116' title="bbox 2195 5247 3771 5332">
     <span class='ocr_line' id='line_1_116' title="bbox 2195 5247 3771 5332; baseline -0.01 -18"><span class='ocrx_word' id='word_1_894' title='bbox 2195 5259 2406 5332; x_wconf 80' lang='grc' dir='ltr'>πρέπον</span> <span class='ocrx_word' id='word_1_895' title='bbox 2439 5259 2534 5313; x_wconf 69' lang='grc' dir='ltr'><strong>καὶ</strong></span> <span class='ocrx_word' id='word_1_896' title='bbox 2579 5255 2834 5326; x_wconf 76' lang='grc' dir='ltr'>διαεολῆς</span> <span class='ocrx_word' id='word_1_897' title='bbox 2881 5251 3166 5323; x_wconf 80' lang='grc' dir='ltr'>ἀμοιροῦν.</span> <span class='ocrx_word' id='word_1_898' title='bbox 3204 5250 3548 5322; x_wconf 74' lang='grc' dir='ltr'>Κεκλήσεται</span> <span class='ocrx_word' id='word_1_899' title='bbox 3586 5249 3644 5308; x_wconf 84' lang='grc' dir='ltr'>δὲ</span> <span class='ocrx_word' id='word_1_900' title='bbox 3678 5247 3771 5300; x_wconf 77' lang='grc' dir='ltr'>καὶ</span> 
     </span>
    </p>
   </div>
   <div class='ocr_carea' id='block_1_117' title="bbox 2208 5340 3774 5422">
    <p class='ocr_par' dir='ltr' id='par_1_117' title="bbox 2208 5340 3774 5422">
     <span class='ocr_line' id='line_1_117' title="bbox 2208 5340 3774 5422; baseline -0.011 -14"><span class='ocrx_word' id='word_1_901' title='bbox 2208 5350 2435 5422; x_wconf 78' lang='grc' dir='ltr'>Ἰησοῦς,</span> <span class='ocrx_word' id='word_1_902' title='bbox 2468 5349 2542 5412; x_wconf 80' lang='grc' dir='ltr'>ὼς</span> <span class='ocrx_word' id='word_1_903' title='bbox 2594 5346 2755 5411; x_wconf 74' lang='grc' dir='ltr'>αὐτὸς</span> <span class='ocrx_word' id='word_1_904' title='bbox 2813 5344 3071 5416; x_wconf 78' lang='grc' dir='ltr'>ὑπάρχων</span> <span class='ocrx_word' id='word_1_905' title='bbox 3121 5345 3261 5398; x_wconf 73' lang='grc' dir='ltr'>κατὰ</span> <span class='ocrx_word' id='word_1_906' title='bbox 3302 5344 3574 5414; x_wconf 76' lang='grc' dir='ltr'>ἀλήθειαν,</span> <span class='ocrx_word' id='word_1_907' title='bbox 3614 5343 3645 5396; x_wconf 88' lang='lat'><strong>6</strong></span> <span class='ocrx_word' id='word_1_908' title='bbox 3672 5340 3774 5408; x_wconf 80' lang='grc' dir='ltr'>τὴν</span> 
     </span>
    </p>
   </div>
   <div class='ocr_carea' id='block_1_118' title="bbox 2198 5432 3772 5510">
    <p class='ocr_par' dir='ltr' id='par_1_118' title="bbox 2198 5432 3772 5510">
     <span class='ocr_line' id='line_1_118' title="bbox 2198 5432 3772 5510; baseline -0.01 -12"><span class='ocrx_word' id='word_1_909' title='bbox 2198 5441 2338 5498; x_wconf 77' lang='grc' dir='ltr'>κατὰ</span> <span class='ocrx_word' id='word_1_910' title='bbox 2367 5441 2544 5510; x_wconf 81' lang='grc' dir='ltr'>σάρκα</span> <span class='ocrx_word' id='word_1_911' title='bbox 2568 5441 2632 5492; x_wconf 80' lang='grc' dir='ltr'>ἐκ</span> <span class='ocrx_word' id='word_1_912' title='bbox 2663 5435 2916 5504; x_wconf 83' lang='grc' dir='ltr'>γυναικὸς</span> <span class='ocrx_word' id='word_1_913' title='bbox 2946 5435 3245 5508; x_wconf 79' lang='grc' dir='ltr'>ὑπομείνας</span> <span class='ocrx_word' id='word_1_914' title='bbox 3269 5436 3540 5505; x_wconf 73' lang='grc' dir='ltr'>γέννησιν.</span> <span class='ocrx_word' id='word_1_915' title='bbox 3558 5432 3772 5488; x_wconf 81' lang='grc' dir='ltr'>Σέσωκε</span> 
     </span>
    </p>
   </div>
   <div class='ocr_carea' id='block_1_119' title="bbox 2197 5521 3778 5606">
    <p class='ocr_par' dir='ltr' id='par_1_119' title="bbox 2197 5521 3778 5606">
     <span class='ocr_line' id='line_1_119' title="bbox 2197 5521 3778 5606; baseline -0.01 -17"><span class='ocrx_word' id='word_1_916' title='bbox 2197 5532 2305 5606; x_wconf 84' lang='grc' dir='ltr'><strong>γὰρ</strong></span> <span class='ocrx_word' id='word_1_917' title='bbox 2331 5531 2475 5590; x_wconf 75' lang='grc' dir='ltr'>οὕτω</span> <span class='ocrx_word' id='word_1_918' title='bbox 2519 5529 2608 5585; x_wconf 82' lang='grc' dir='ltr'><strong>τὸν</strong></span> <span class='ocrx_word' id='word_1_919' title='bbox 2653 5527 2847 5602; x_wconf 70' lang='grc' dir='ltr'>ἑαυτοῦ</span> <span class='ocrx_word' id='word_1_920' title='bbox 2893 5527 3041 5592; x_wconf 86' lang='grc' dir='ltr'>λαὸν,</span> <span class='ocrx_word' id='word_1_921' title='bbox 3081 5527 3180 5598; x_wconf 78' lang='grc' dir='ltr'>οὐχ</span> <span class='ocrx_word' id='word_1_922' title='bbox 3217 5527 3291 5591; x_wconf 83' lang='grc' dir='ltr'>ὡς</span> <span class='ocrx_word' id='word_1_923' title='bbox 3335 5526 3616 5596; x_wconf 81' lang='grc' dir='ltr'>ἄνθρωπος</span> <span class='ocrx_word' id='word_1_924' title='bbox 3653 5521 3778 5593; x_wconf 72' lang='grc' dir='ltr'>Θεῷ</span> 
     </span>
    </p>
   </div>
   <div class='ocr_carea' id='block_1_120' title="bbox 2413 5727 3774 5802">
    <p class='ocr_par' dir='ltr' id='par_1_120' title="bbox 2413 5727 3774 5802">
     <span class='ocr_line' id='line_1_120' title="bbox 2413 5727 3774 5802; baseline -0.003 -18"><span class='ocrx_word' id='word_1_925' title='bbox 2413 5736 2451 5766; x_wconf 69' lang='grc' dir='ltr'>ιθ</span> <span class='ocrx_word' id='word_1_926' title='bbox 2498 5729 2726 5802; x_wconf 83' lang='lat' dir='ltr'><strong>Philipp.</strong></span> <span class='ocrx_word' id='word_1_927' title='bbox 2765 5745 2823 5796; x_wconf 90' lang='lat' dir='ltr'><strong>tt,</strong></span> <span class='ocrx_word' id='word_1_928' title='bbox 2866 5728 2918 5796; x_wconf 79' lang='grc'>6,</span> <span class='ocrx_word' id='word_1_929' title='bbox 2947 5732 2998 5783; x_wconf 86' lang='lat'><strong>7.</strong></span> <span class='ocrx_word' id='word_1_930' title='bbox 3116 5730 3204 5784; x_wconf 74' lang='lat' dir='ltr'><strong>“I</strong></span> <span class='ocrx_word' id='word_1_931' title='bbox 3258 5730 3408 5784; x_wconf 72' lang='lat' dir='ltr'><strong>Joan.</strong></span> <span class='ocrx_word' id='word_1_932' title='bbox 3446 5746 3517 5794; x_wconf 76' lang='grc' dir='ltr'>μ’,</span> <span class='ocrx_word' id='word_1_933' title='bbox 3568 5730 3649 5786; x_wconf 77' lang='grc' dir='ltr'><strong>Η.</strong></span> <span class='ocrx_word' id='word_1_934' title='bbox 3689 5727 3774 5781; x_wconf 76' lang='grc'><strong>15.</strong></span> 
     </span>
    </p>
   </div>
  </div>
