4038 6516
285 397 423 452 ιτιυε

1413 388 1598 456 QUOD
1643 388 1827 444 UNUS
1867 387 1972 442 SIT
2013 387 2377 446 CHRISTL'S.

3412 397 3549 453 i306

288 505 603 576 συναφθεὶς,
627 507 740 560 ἀλλ’
790 506 865 569 ὡς
909 503 1041 567 Θεὸς
1071 500 1309 570 γεγονὼς
1363 504 1420 554 ὲν
1459 502 1714 573 ὁμοιώσει
1757 501 1865 554 τῶν

1974 501 2426 570 periclitabantur
2454 521 2467 560 :
2501 514 2557 556 ut
2591 505 2642 558 in
2683 507 2800 576 ipso
2839 516 2890 564 et
2921 509 3136 578 quidem
3179 510 3355 580 primo
3377 525 3548 580 genus

284 595 801 660 κεκινδυνευκότων,
831 594 896 649 ἶν’
928 597 986 648 ὲν
1017 594 1164 664 αὑτῷ
1199 594 1292 648 καὶ
1325 592 1529 664 πρώτῳ
1557 594 1621 647 τὸ
1651 591 1863 664 ἀνθρώ-

289 709 442 750 πινον
475 691 633 759 γένος
662 688 1070 758 ἀναπλάττηται
1103 687 1236 759 πρὸς
1264 687 1324 740 τὸ
1355 688 1413 739 ὲν
1439 687 1655 758 ἀρχαῖς.
1682 685 1867 739 Πάντα

287 783 396 854 γὰρ
429 777 496 852 ἦν
521 783 578 834 ὲν
611 781 760 849 αὐτῷ
787 779 968 832 καινά.

358 875 420 928 Β.
462 870 674 926 Οὐκοῦν
710 868 1127 937 διαϐεϐλήσεται
1171 867 1308 937 πρὸς
1341 866 1519 936 ἡμῶν,
1557 865 1620 918 τὸ
1669 866 1867 934 χρῆναι

290 965 508 1034 φρονεῖν
533 963 567 1033 ἦ
591 962 792 1028 λέγειν,
825 959 1108 1030 ἄνθρωπον
1138 956 1405 1027 συνῆφθαι
1433 955 1510 1026 τῷ
1535 955 1654 1026 Θεῷ
1681 957 1862 1024 Λόγῳ,

292 1055 386 1109 καὶ
419 1053 677 1108 κοινωνὸν
711 1051 964 1120 γενέσθαι
994 1050 1092 1120 τῆς
1122 1048 1276 1115 ἀξίας
1311 1048 1482 1118 αὐτῷ,
1501 1051 1594 1101 καὶ
1623 1049 1679 1100 ὲν
1714 1047 1864 1112 τάξει

290 1149 512 1220 χάριτος
542 1147 641 1215 τὴν
669 1143 942 1198 υἱοθεσίαν
975 1142 1138 1212 ἔχειν.

359 1241 433 1292 A2
465 1237 791 1292 Παντάπασι
844 1235 940 1306 μὲν
993 1231 1105 1287 οῦν.
1141 1235 1216 1288 Οὐ
1258 1233 1367 1305 γὰρ
1404 1231 1513 1286 οἶδε
1555 1232 1715 1286 τοῦτο
1761 1229 1868 1285 τῶν

293 1323 452 1396 ἱερῶν
472 1324 822 1394 Γραμμάτων
900 1321 1148 1392 δύναμις,
1177 1321 1388 1392 εὖρεμα
1416 1321 1472 1374 δὲ
1503 1322 1700 1392 μᾶλλόν
1729 1324 1866 1386 ἐστι,

293 1415 576 1483 φιλοκένου
612 1431 670 1468 τε
709 1414 800 1468 καὶ
831 1413 1114 1484 ἀδρανοῦς,
1148 1414 1242 1466 καὶ
1279 1413 1618 1483 παρειμένης
1648 1412 1864 1484 φρενὸς,

293 1508 388 1569 καὶ
415 1508 516 1562 οὐκ
556 1507 787 1578 ἐχούσης
824 1507 956 1576 ὁρᾷν
983 1505 1076 1558 τοῦ
1107 1505 1407 1576 μυστηρίου
1447 1505 1508 1558 τὸ
1540 1504 1722 1573 βάθος.
1756 1503 1866 1558 Ποῦ

293 1593 406 1665 γάρ
432 1611 515 1646 τοι
552 1593 795 1648 τοιοῦτον
835 1593 987 1664 παρά
1012 1593 1112 1661 τῆς
1159 1593 1321 1660 ἁγίας
1363 1592 1579 1665 εἴρηται
1608 1594 1866 1664 Γραφῆς;

306 1683 364 1738 '0
406 1683 506 1753 μὲν
533 1682 641 1754 γὰρ
690 1683 973 1746 θεσπέσιος
1010 1681 1221 1748 Παῦλος
1265 1683 1365 1753 τῆς
1397 1683 1868 1755 ὲνανθρωπησεως

292 1771 387 1828 ⁴τοῦ
420 1772 758 1843 Μονογενοῦς
787 1773 1088 1845 διατρανῶν
1125 1770 1185 1827 εὖ
1246 1775 1392 1844 μάλα
1440 1775 1500 1828 τὸ
1538 1777 1859 1845 μυστήριον·

301 1883 318 1916 ι
355 1864 575 1935 Ἐπειδὴ
597 1866 704 1936 γᾶρ
733 1865 801 1918 τὰ
829 1865 1038 1930 παιδία,
1071 1866 1224 1936 φησὶ,
1268 1865 1664 1937 κεκοινώνηκεν
1701 1867 1870 1937 αἵμα-

294 1974 382 2022 τος
408 1957 502 2010 καὶ
533 1958 757 2028 σαρκὸς,
781 1957 874 2010 καὶ
899 1959 1061 2020 αὐτὸς
1089 1957 1486 2028 παραπλησίως
1509 1959 1737 2028 μετέσχε
1762 1958 1869 2012 τῶν

293 2049 490 2114 αὐτῶν,
516 2049 602 2102 ἵνα
631 2049 716 2102 διὰ
736 2048 826 2102 τοῦ
857 2048 1088 2103 θανάτου
1122 2050 1447 2122 καταργήσῃ
1469 2050 1560 2103 τὸν
1591 2051 1650 2103 τὸ
1671 2052 1870 2122 κράτος

293 2139 486 2211 ἔχοντα
525 2139 620 2194 τοῦ
662 2139 916 2205 θανάτου,
964 2140 1232 2203 τουτέστι,
1277 2140 1369 2193 τὸν
1404 2140 1666 2194 διάϐολον.
1704 2160 1723 2192 ι
1761 2142 1872 2194 Καὶ

295 2230 404 2305 μὴν
435 2231 528 2285 καὶ
578 2231 806 2302 ἑτέρωθί
839 2249 941 2286 που
970 2248 983 2261 ο
1021 2249 1040 2282 ι
1074 2232 1147 2286 Τὸ
1195 2231 1304 2303 γὰρ
1348 2233 1611 2286 ἀδύνατον
1657 2232 1750 2286 τοῦ
1785 2233 1872 2287 νό-

296 2339 421 2397 μου,
445 2323 503 2374 ὲν
529 2314 573 2390 ᾧ
605 2321 820 2393 ἠσθένει
846 2323 933 2376 διὰ
961 2322 1059 2392 τῆς
1088 2323 1310 2392 σαρκὸς,
1342 2325 1369 2376 ὁ
1401 2322 1532 2387 Θεὸς
1561 2323 1650 2376 τὸν
1675 2325 1868 2377 ἑαυτοῦ

294 2411 420 2466 Υίὸν
454 2411 697 2482 πέμψας,
749 2413 806 2465 ὲν
841 2411 1148 2482 ὁμοιώματι
1195 2412 1396 2484 σαρκὸς
1428 2415 1724 2485 ἁμαρτίας,
1777 2414 1871 2467 καὶ

293 2502 425 2572 περὶ
475 2503 750 2572 ἁμαρτίας
825 2503 1114 2572 κατέκρινε
1186 2501 1282 2572 τὴν
1357 2503 1632 2575 ἁμαρτίαν
1693 2504 1751 2555 ἐν
1803 2506 1868 2574 τῇ

295 2595 481 2666 σαρκὶ,
514 2595 603 2650 ἵνα
637 2594 696 2648 τὸ
723 2595 1001 2662 δικαίωμα
1031 2595 1124 2647 τοῦ
1157 2595 1323 2664 νόμου
1357 2596 1620 2668 πληρωθῇ
1649 2598 1706 2650 ἐν
1740 2598 1870 2667 ἡμῖν

291 2689 404 2751 τοῖς
434 2689 508 2758 μὴ
541 2668 681 2740 κάτὰ
714 2687 892 2758 σάρκα
923 2686 1341 2758 περιπατοῦσιν,
1367 2688 1504 2741 ἀλλὰ
1533 2689 1676 2742 κατά
1708 2688 1872 2741 πνεῦ-

295 2798 393 2851 μα.
433 2800 451 2832 ι
489 2781 962 2850 Κεκοινωνηκέναι
983 2782 1038 2834 δέ
1066 2798 1244 2851 φαμεν
1271 2782 1500 2852 αἵματος
1528 2783 1621 2835 καὶ
1647 2783 1869 2854 σαρκὸς,

292 2871 440 2926 κατά
469 2889 531 2939 γε
559 2871 650 2925 τὸν
686 2876 795 2936 τοῖς
834 2872 1163 2945 Θεῖρήμοσιν
1189 2875 1402 2927 ἐοικότα
1432 2873 1578 2938 νοῦν,
1612 2877 1672 2927 οὐ
1696 2876 1784 2928 τὸν
1813 2878 1871 2928 ἐν

296 2965 461 3034 σαρκὶ
499 2965 594 3017 καὶ
623 2965 816 3035 αἵματι
846 2967 965 3018 κατ’
1006 2965 1140 3018 ἰδίαν
1172 2965 1353 3036 φύσιν,
1378 2969 1469 3018 καὶ
1501 2969 1700 3038 ἑτέρως
1733 2965 1871 3022 εἶναι

297 3057 371 3125 μὴ
395 3055 708 3126 δυνάμενον,
757 3057 891 3110 ἀλλὰ
930 3059 1018 3110 τὸν
1066 3059 1166 3111 οὐκ
1217 3057 1345 3111 ὅντα
1375 3058 1530 3112 τοῦτό
1561 3077 1726 3125 ποτε,
1777 3061 1871 3112 καὶ

293 3146 508 3216 φύσεως
548 3149 740 3218 ἑτέρας
779 3148 812 3220 ἢ
872 3150 992 3202 καθ’
1043 3151 1208 3220 ἡμᾶς·
1256 3151 1536 3220 γεγονέναι
1567 3152 1625 3206 δὲ
1670 3155 1761 3206 καὶ
1805 3155 1870 3206 ἐκ

295 3240 572 3306 γυναικὸς,
609 3242 701 3293 καὶ
745 3242 803 3293 ὲν
849 3242 1156 3312 ὁμοιώματι
1200 3243 1402 3312 σαρκὸς
1441 3243 1736 3314 ἁμαρτίας.
1783 3245 1872 3298 τὸν

293 3330 360 3384 δι’
393 3332 560 3401 ἡμᾶς,
593 3331 715 3383 καθ’
749 3333 919 3403 ἡμᾶς,
953 3333 1092 3404 μετὰ
1121 3333 1218 3386 τοῦ
1241 3334 1334 3387 καὶ
1364 3335 1505 3400 ὑπὲρ
1538 3337 1708 3406 ἡμᾶς,
1739 3337 1874 3391 καθὸ

294 3425 493 3476 νοεῖται
525 3422 674 3486 Θεὸς.
705 3423 899 3492 Γέγονε
926 3425 1024 3496 μὲν
1053 3425 1144 3479 καὶ
1177 3425 1314 3497 σάρξ
1339 3429 1365 3479 ὁ
1413 3427 1608 3496 Λόγος,
1639 3428 1778 3499 πλὴν
1811 3430 1872 3483 οὐ

296 3512 433 3586 σὰρξ
470 3515 782 3585 ἁμαρτίας,
823 3517 937 3570 ἀλλ’
987 3519 1044 3570 ἐν
1097 3517 1403 3589 ὁμοιώματι
1452 3521 1651 3590 σαρκὸς
1688 3523 1873 3594 ἁμαρ·-

294 3605 437 3672 ¹τίας,
473 3608 885 3679 συνανεστράφη
910 3609 1009 3679 μὲν
1039 3613 1151 3672 τοίς
1173 3611 1266 3662 ὲπί
1291 3610 1391 3680 τῆς
1413 3612 1534 3682 γῆς,
1559 3612 1634 3675 ὡς
1663 3613 1873 3685 ἄνθρω-

297 3713 416 3761 πος,
454 3698 546 3750 καὶ
596 3697 652 3749 ἐν
683 3697 991 3770 ὁμοιώματι
1022 3700 1215 3768 γέγονε
1260 3701 1336 3773 τῷ
1368 3701 1488 3754 καθ’
1531 3704 1699 3772 ἡμᾶς,
1733 3705 1872 3775 πλὴν

295 3789 358 3844 οὐ
391 3789 508 3860 μεθ’
538 3790 694 3861 ἡμῶν
726 3790 816 3860 ὑφ’
854 3792 1154 3865 ἁμαρτίαν,
1187 3793 1301 3847 ἀλλ’
1328 3795 1584 3848 ἐπέκεινα
1613 3795 1706 3849 τοῦ
1737 3798 1874 3851 εἰδέα-

297 3897 386 3934 ναι
425 3881 788 3952 πλημμελεῖν.
830 3879 938 3936 Ἦν
971 3883 1078 3955 γὰρ
1107 3887 1134 3937 ὁ
1174 3885 1335 3949 αὐτὸς
1367 3885 1498 3950 Θεὸς
1527 3904 1586 3939 τε
1613 3888 1747 3957 ὁμοῦ
1779 3889 1875 3942 καὶ⁸

298 3965 601 4040 ἄνθρωπος.
629 3972 692 4023 Οἱ
721 3971 779 4024 δὲ
810 3973 908 4044 τὴν
949 3972 1092 4028 οὕτω
1119 3975 1322 4044 σεπτὴν
1362 3975 1454 4027 καὶ
1495 3977 1876 4047 τεθαυμασμέ-

298 4077 397 4130 νην
431 4063 743 4133 οἰκονομίαν
800 4064 1168 4136 άποςιέροντες
1200 4067 1299 4118 οὐκ
1330 4063 1424 4119 οἷδ’
1449 4068 1596 4132 ὅπως
1625 4069 1718 4121 τοῦ
1759 4070 1874 4123 Μο-

294 4152 566 4221 νογενοῦς,
597 4153 880 4224 ἄνθρωπον
919 4155 1067 4225 αὑτῷ
1092 4157 1426 4210 συνάπτουσι
1465 4160 1753 4228 σχετικῶς,
1790 4178 1874 4212 τι·

301 4245 429 4311 μαίς
458 4246 579 4306 ταῖς
609 4244 844 4312 θύραθεν
879 4246 1302 4317 ὲξωραῖσμένον,
1339 4251 1431 4302 καὶ
1457 4251 1716 4323 ἀλλοτρία
1749 4251 1878 4325 δόξῃ

297 4333 807 4405 λελαμπρυσμένον,
859 4337 950 4390 καὶ
996 4339 1058 4390 οὐ
1114 4339 1244 4391 Θεὸν
1295 4340 1533 4409 άληθῶς,
1573 4343 1708 4394 ἀλλὰ
1741 4343 1874 4396 Θεοῦ

298 4427 555 4478 κοινωνὸν
603 4428 697 4479 καὶ
733 4429 980 4498 μέτοχον,
1033 4431 1128 4482 καὶ
1179 4431 1305 4484 Υίὸν
1361 4432 1730 4505 ψευδώνυμον,
1781 4437 1876 4490 καὶ

1968 591 2264 647 humanum
2283 596 2350 648 ad
2379 595 2670 665 pristinum
2688 610 2890 653 statqu
2915 601 3329 656 instauraretur.
3350 599 3546 658 Omnia

1967 684 2112 739 enim
2138 695 2294 739 erant
2329 687 2380 739 in
2413 688 2534 755 ipso
2564 704 2701 742 nova
2728 691 2794 744 “.

2048 860 2109 916 Β.
2141 860 2471 926 Rejiciemns
2517 865 2702 931 itaque
2745 865 2885 918 hanc
2933 867 3243 934 opinionem
3293 879 3548 938 tanquam

1968 965 2276 1014 erroueatn,
2325 954 2467 1019 quod
2520 955 2681 1008 homo
2721 957 2794 1008 sit
2835 957 3164 1022 coniunctus
3206 958 3315 1014 Deo
3352 959 3546 1025 Verbo,

1968 1053 2022 1096 et
2051 1045 2320 1112 particeps
2353 1047 2539 1114 gloria:
2580 1063 2701 1100 cum
2733 1048 2850 1114 ipso
2876 1047 3127 1112 elfectus,
3155 1052 3414 1120 quodque
3453 1068 3548 1122 per

1967 1135 2196 1203 gratiam
2221 1137 2511 1202 adoptatus
2541 1137 2613 1191 sit
2645 1140 2695 1190 in
2724 1138 2944 1193 Filium.

2035 1227 2101 1280 A.
2135 1226 2386 1281 Omnino.
2419 1228 2606 1298 Neque
2648 1231 2796 1284 enim
2846 1246 2917 1285 ex
2963 1231 3138 1286 sacris
3176 1231 3398 1288 Litteris
3425 1246 3551 1303 pro-

1969 1319 2082 1372 bari
2111 1328 2323 1385 potest:
2354 1321 2447 1374 sed
2473 1322 2654 1389 potius
2690 1333 3060 1377 commentum
3096 1334 3180 1379 est
3213 1324 3416 1394 ingenii
3451 1326 3551 1378 im-

1970 1407 2199 1474 becillis,
2238 1411 2449 1466 remissi
2507 1423 2562 1467 et
2603 1413 2862 1467 nOvitatis
2904 1415 3175 1477 studiosi,
3232 1430 3297 1468 ac
3353 1416 3551 1469 utentis

1968 1515 2086 1568 qua:
2132 1503 2372 1570 mysterii
2415 1503 2760 1559 altitudinem
2809 1507 3122 1574 perspicere
3160 1516 3414 1574 nequeat.
3445 1505 3550 1562 Ubi

1969 1593 2109 1644 enim
2160 1593 2268 1647 tale
2312 1595 2590 1664 quidpiam
2638 1598 2689 1650 in
2743 1611 2902 1650 sacra
2951 1598 3233 1666 Scriptura
3278 1594 3553 1667 reperias?

1968 1679 2101 1738 Nam
2129 1684 2347 1740 divinus
2381 1686 2582 1740 Paulus
2615 1689 2936 1758 mysterium
2992 1688 3386 1742 incarnationis
3416 1686 3552 1744 Uni-

1969 1776 2131 1844 geniti
2163 1779 2366 1845 optime
2392 1778 2747 1833 dillucidans:
2775 1800 2790 1828 ι
2814 1779 2948 1846 Quia
2982 1795 3112 1850 ergo
3139 1781 3314 1848 pueri,
3351 1781 3546 1848 inquit.

1903 1859 1946 1914 B
1972 1872 2505 1923 ccinnmnicavernnt
2529 1873 2680 1924 carui
2723 1879 2778 1924 et
2817 1872 3090 1940 sanguini,
3119 1879 3173 1925 et
3202 1873 3320 1939 ipse
3351 1872 3547 1926 simili-

1976 1964 2058 2008 ter
2087 1957 2430 2026 participavit
2470 1959 2699 2022 eisdem,
2735 1970 2796 2013 ιιι
2840 1976 2936 2029 per
2971 1973 3198 2015 mortem
3247 1963 3550 2017 destrueret

1973 2061 2094 2100 eum
2129 2048 2222 2115 qui
2268 2048 2500 2102 habebat
2529 2051 2718 2103 mortis
2743 2050 3052 2119 imperium,
3084 2052 3186 2106 hoc
3219 2063 3326 2118 est,
3363 2053 3564 2106 di:l|)0-.

1978 2131 2087 2183 lum
2123 2132 2190 2188 ³³.
2231 2151 2250 2184 ι
2283 2133 2344 2186 Ει
2374 2133 2479 2187 alio
2512 2136 2564 2189 in
2598 2137 2716 2190 loco
2749 2155 2764 2192 :
2798 2156 2816 2188 ι
2857 2138 3010 2204 Quod
3039 2141 3182 2193 enim
3217 2141 3550 2207 impossibile

1973 2231 2093 2275 erat
2140 2221 2243 2293 legi
2289 2224 2340 2278 iu
2383 2240 2492 2294 quo
2531 2226 2913 2282 iulirmabatur
2955 2244 3052 2296 per
3099 2246 3366 2286 carnem:
3410 2231 3553 2286 Deus

1973 2312 2166 2368 Filium
2207 2331 2364 2370 suum
2401 2319 2624 2373 mittens
2652 2319 2704 2373 in
2750 2321 3164 2376 similitudinem
3207 2323 3390 2377 carnis
3423 2338 3549 2391 pec-

1973 2405 2102 2470 cati,
2131 2415 2186 2460 et
2231 2406 2299 2460 de
2342 2419 2565 2476 peccato
2611 2411 2887 2466 damnavit
2921 2426 3198 2482 peccatum
3247 2415 3299 2469 in
3342 2431 3548 2472 carne:

1975 2506 2030 2550 ut
2051 2499 2372 2567 ⁸Ῑιιδιίιὶςιιιιο
2402 2501 2533 2571 legis
2563 2503 2879 2572 impleretur
2904 2505 2957 2559 in
2995 2508 3170 2572 nobis,
3204 2509 3294 2575 qui
3327 2524 3432 2562 non
3461 2524 3551 2564 se-

1973 2589 2206 2642 cundum
2242 2607 2462 2645 carnem
2496 2594 2862 2659 ambulamus,
2895 2599 2990 2650 sed
3042 2599 3342 2652 secundum
3387 2600 3551 2667 spiri-

1976 2691 2084 2736 tum
2124 2684 2192 2734 ⁸⁵.
2235 2702 2254 2736 ι
2299 2682 2746 2742 Commnnicasse
2806 2699 2987 2743 autem
3028 2689 3260 2744 dicimus
3290 2692 3441 2744 carni
3495 2698 3552 2745 et

1973 2775 2229 2844 sanguini
2277 2775 2433 2845 juxta
2470 2779 2686 2832 modum
2731 2780 2929 2834 divinis
2968 2781 3199 2851 eloquiis
3225 2784 3552 2837 convenien-

1976 2875 2084 2918 tem
2133 2880 2237 2918 uon
2269 2881 2392 2919 eum
2419 2870 2510 2937 qui
2543 2869 2596 2922 in
2633 2884 2798 2923 carne
2843 2883 2896 2924 et
2946 2872 3212 2941 sanguine
3251 2875 3548 2926 secundum

1974 2957 2246 3024 propriam
2293 2969 2542 3012 naturam
2607 2963 2964 3028 versabatur,
3013 2978 3186 3033 ncqae
3235 2965 3392 3018 aliter
3431 2981 3553 3020 esse

1975 3060 2184 3118 peierat
2205 3065 2219 3114 ;
2243 3051 2336 3104 sed
2358 3051 2449 3120 qui
2489 3053 2538 3104 id
2571 3067 2850 3121 nunquam
2885 3054 3080 3118 fuerat,
3111 3066 3165 3110 et
3198 3065 3406 3110 natura:
3434 3068 3552 3110 erat

1977 3140 2204 3195 (“VCI‘S'JE
2241 3158 2272 3194 a
2304 3153 2488 3196 nostra
2527 3161 2541 3195 2
2581 3143 2782 3198 ῐιιειιιιιι
2819 3161 2946 3199 νει-ο
2976 3162 3098 3201 esse
3137 3151 3301 3202 etiam
3338 3165 3403 3202 ex
3434 3165 3554 3202 ιιιιι-

1977 3232 2111 3287 liere
2145 3233 2212 3299 ",
2243 3243 2297 3286 et
2328 3233 2381 3288 in
2413 3235 2823 3290 simiiitndinem
2849 3239 3028 3292 carnis
3065 3240 3271 3308 peccati
3303 3241 3393 3310 qui
3427 3256 3554 3311 pro-

1975 3333 2093 3394 pter
2123 3341 2223 3379 nos
2244 3326 2413 3380 nostri
2439 3327 2634 3380 similis
2665 3338 2748 3381 est
2775 3327 3032 3383 eﬂ‘ectus:
3064 3331 3135 3384 ita
3165 3342 3344 3385 tamen
3375 3345 3432 3384 ut
3456 3349 3556 3388 no-

1972 3417 2058 3472 bis
2088 3419 2338 3488 superior
2359 3429 2525 3494 esset,
2555 3429 2820 3490 quatenus
2847 3431 2927 3476 est
2962 3423 3120 3477 Deus.
3149 3421 3386 3478 Verbum
3409 3425 3557 3479 enim

1974 3523 2100 3562 caro
2139 3509 2341 3565 factum
2376 3519 2502 3577 est;
2537 3521 2792 3567 cauerunt
2823 3529 2927 3566 non
2954 3528 3084 3568 caro
3118 3515 3348 3583 peccati,
3375 3516 3468 3569 sed
3497 3514 3556 3570 in

1975 3601 2382 3656 similitudinem
2431 3603 2613 3658 carnis
2665 3606 2895 3673 peccati.
2947 3605 3014 3658 Et
3059 3615 3308 3662 versatus
3339 3607 3558 3674 quidem

1974 3704 2056 3749 est
2091 3711 2212 3748 cum
2246 3695 2580 3759 hominibus,
2611 3705 2669 3748 ut
2703 3696 2886 3761 homo,
2932 3698 3214 3766 nostrique
3247 3698 3446 3752 similis
3478 3697 3558 3752 fa-

1974 3797 2116 3850 ctus,
2146 3789 2238 3841 sed
2271 3804 2379 3841 non
2409 3804 2514 3842 una
2550 3787 2832 3842 nobiscum
2867 3799 3088 3856 peccato
3122 3789 3411 3854 obnoxius,
3457 3789 3555 3844 sed

1976 3894 2006 3932 a
2036 3889 2260 3947 peccato
2298 3879 2455 3946 plane
2488 3879 2646 3932 liber.
2688 3881 2816 3933 Erat
2858 3882 3003 3934 enim
3051 3882 3166 3950 ipse
3216 3881 3356 3936 Deus
3390 3881 3564 3955 simu.

1973 3981 2029 4025 et
2059 3972 2236 4024 homo.
2283 3970 2344 4023 lli
2396 3986 2526 4025 vero
2575 3972 2938 4026 venerabilem
2991 3975 3129 4026 hanc
3191 3983 3356 4041 atque
3397 3973 3562 4028 admi-

1982 4064 2202 4117 randam
2255 4063 2690 4116 incarnationem
2753 4067 2820 4118 ab
2884 4063 3175 4134 Unigenito
3219 4067 3408 4120 nescio
3454 4081 3566 4133 quo,

1980 4163 2137 4221 pacto
2172 4153 2486 4218 avellentes,
2529 4152 2692 4225 745
2745 4155 3014 4209 hominem
3058 4154 3155 4224 ipsi
3199 4157 3389 4210 Stricte
3422 4170 3560 4210 con-

1972 4243 2230 4312 jungunt,
2271 4245 2514 4300 externis
2562 4245 2923 4314 ascititiisqne
2959 4246 3255 4300 honoribus
3285 4258 3556 4312 ornatum,

1980 4347 2142 4404 atque
2173 4336 2348 4388 aliena
2386 4335 2556 4406 gloria
2593 4337 2960 4407 splendidum,
3004 4351 3176 4406 neque
3204 4353 3330 4390 vcre
3367 4337 3565 4402 Deum,
3640 4373 3653 4385 «-

1979 4429 2072 4482 sed
2119 4427 2210 4480 Dei
2277 4429 2618 4498 participem,
2658 4439 2711 4484 et
2755 4428 2874 4482 falsi
2931 4429 3164 4482 nominis
3214 4428 3411 4482 Filium
3443 4470 3458 4494 ,
3506 4441 3566 4484 et

297 4519 528 4592 Σωτῆρα
576 4519 922 4590 σωζόμενον,
977 4523 1069 4575 καὶ
1137 4522 1506 4596 λυτρούμενον
1554 4529 1870 4600 Λυτρωτήν·

1988 4517 2329 4572 Salvatorem
2357 4534 2480 4573 eum
2513 4521 2604 4588 qui
2639 4521 2876 4574 salvatus
2909 4520 2979 4574 sit
3001 4559 3016 4585 ,
3049 4529 3216 4590 atque
3259 4523 3560 4588 redempto-

296 4610 476 4682 καίτοι
507 4613 848 4683 γεγραφότος
869 4613 966 4667 ώδὶ
995 4615 1089 4667 τοῦ
1117 4619 1386 4689 μακαρίου
1415 4619 1648 4673 Παύλου·
1676 4642 1694 4673 ι
1727 4623 1880 4676 Ἑπέ-

297 4721 431 4771 φανε
456 4703 566 4775 γὰρ
602 4706 634 4774 ἡ
665 4704 822 4775 χάρις
871 4705 962 4758 τοῦ
1012 4707 1203 4780 Θεοῦή
1250 4713 1518 4783 σωτήριος
1569 4715 1735 4767 πᾶσιν
1780 4716 1876 4768 άν-

298 4794 558 4867 θρώποις,
616 4795 704 4849 ῐνα
746 4797 1118 4868 ἀρνησάμενοι
1167 4800 1265 4872 τὴν
1317 4802 1599 4866 ἀσέϐειαν,
1637 4805 1730 4858 καὶ
1781 4805 1879 4869 τάς

297 4889 566 4958 κοσμικὰς
599 4889 918 4957 ἐπιθυμίας,
947 4892 1241 4962 σωφρόνως
1286 4895 1380 4947 καὶ
1411 4895 1668 4960 ἐπιεικῶς
1696 4897 1876 4968 ζήσω-

301 4998 400 5050 μεν
434 4984 489 5034 ὲν
528 4981 608 5051 τῷ
657 4981 754 5035 νῦν
800 4983 977 5046 αἰῶνι,
1008 4985 1428 5057 προσδεχόμενοι
1454 4988 1554 5058 τὴν
1595 4992 1873 5060 μακαρίαν

298 5071 506 5136 ἐλπίδα,
539 5072 631 5126 καὶ
663 5073 988 5141 ἐπιφάνειαν
1019 5079 1117 5146 τῆς
1151 5070 1310 5148 δόξης
1339 5076 1431 5132 τοῦ
1477 5079 1712 5149 μεγάλου
1738 5079 1872 5134 Θεοῦ

297 5162 392 5215 καὶ
428 5162 678 5234 Σωτῆρος
702 5166 856 5235 ἡμῶν
903 5167 1079 5239 Ἰησοῦ
1109 5169 1366 5240 Χριστοῦ.
1402 5190 1420 5222 ι

366 5252 426 5308 Β.
455 5254 586 5320 Ναὶ,
615 5259 798 5324 φασίν.
817 5257 1036 5330 Ἐπειδὴ
1065 5259 1172 5330 γὰρ
1185 5261 1319 5324 ὂλιυς
1346 5261 1552 5334 ἠξιώθη
1575 5265 1870 5334 συναφείας

294 5342 391 5413 τῆς
418 5345 550 5415 πρὸς
576 5345 666 5400 τὸν
696 5346 826 5400 Θεὸν
858 5349 1050 5419 Λόγον,
1079 5352 1252 5422 μέγας
1277 5353 1371 5406 καὶ
1393 5355 1554 5419 αὐτὸς
1576 5355 1867 5430 ὠνομάσθη

295 5431 448 5497 Θεὸς,
489 5434 931 5506 καίτοι⁶γεγονὼς
962 5439 1028 5494 ἐκ
1061 5441 1375 5514 σπέρματος
1399 5444 1492 5498 τοῦ
1522 5443 1703 5500 Δαϐίδ.

367 5611 430 5662 Δ.
491 5608 663 5663 Βαϐαι
709 5611 810 5682 τῆς
861 5613 1239 5688 ἀποπληξίαςε
1314 5639 1331 5670 ι
1359 5621 1662 5686 Φάσκοντες
1733 5617 1870 5677 εἶναι

1983 4627 2096 4666 rem
2133 4626 2256 4663 enm
2303 4611 2394 4680 qui
2441 4613 2749 4679 redemptus
2781 4621 2885 4678 est,
2937 4627 3058 4666 cum
3113 4611 3318 4681 alioqui
3367 4613 3566 4667 beatus

1982 4701 2181 4756 Paulus
2213 4702 2495 4757 manifeste
2521 4703 2592 4756 ita
2613 4703 2852 4758 scribat:
2885 4723 2902 4756 ι
2932 4705 3354 4773 Apparuitenim
3382 4705 3558 4773 gratia

1988 4795 2082 4849 Dei
2123 4793 2422 4849 Salvatoris
2455 4795 2625 4848 nostri
2656 4796 2906 4850 oumibus
2939 4794 3269 4862 hominibus,
3304 4796 3569 4851 erudit-ns.

1981 4903 2078 4942 nos
2097 4896 2154 4940 ιιι
2175 4887 2507 4958 abnegantes
2532 4888 2859 4956 impietatem
2883 4897 2936 4941 et
2960 4887 3242 4942 steeularia
3268 4886 3570 4953 desideria,

1981 4980 2160 5033 sobrie
2190 4991 2244 5034 et
2279 4981 2424 5047 jus-te
2462 4991 2517 5034 et
2567 4981 2654 5049 pie
2686 4980 2930 5034 vivanms
2970 4980 3021 5032 in
3067 4979 3172 5033 hoc
3201 4977 3422 5039 saeculo,
3455 4991 3558 5030 ex-

1979 5079 2283 5138 spectantes
2315 5073 2528 5125 beatam
2552 5089 2704 5138 Spem
2753 5082 2806 5124 et
2839 5071 3126 5124 adventum
3154 5069 3338 5137 gloriae
3379 5068 3565 5138 anagni-

1979 5161 2071 5218 Dei
2097 5175 2151 5217 et
2194 5164 2492 5218 Salvatoris
2518 5165 2685 5218 Itaslt'i
2717 5161 2842 5218 Jesu
2885 5161 3176 5216 Christi".
3210 5179 3229 5215 ι

2055 5255 2114 5308 Β.
2159 5255 2232 5308 ita
2273 5256 2441 5307 aiunt.
2470 5254 2759 5324 Postquam
2791 5254 2934 5307 enim
2965 5253 3134 5308 semel
3163 5251 3438 5306 admissus
3470 5259 3560 5305 est

1977 5347 2041 5401 ad
2082 5346 2512 5411 conjunctionem
2560 5361 2681 5400 cum
2726 5345 2833 5399 Deo
2875 5342 3072 5408 Verbo,
3115 5359 3341 5414 magnus
3389 5345 3558 5400 etiam

1977 5439 2091 5508 ipse
2140 5439 2278 5494 Deus
2331 5449 2552 5495 vocatus
2589 5448 2691 5503 est,
2749 5435 2963 5491 tametsi
3019 5451 3086 5492 ex
3131 5437 3337 5492 semine
3383 5432 3556 5490 David

1976 5541 2148 5585 Ol'lllS.
2959 5563 2984 5580 λ

2048 5619 2112 5675 Α.
2155 5621 2198 5678 Ο
2227 5621 2549 5677 immensum
2591 5622 2900 5691 stuporem!
2941 5639 2957 5672 ι
2986 5618 3120 5676 Cum
3158 5635 3214 5676 se
3247 5621 3424 5675 dicant
3459 5635 3549 5673 sa-

370 5793 412 5826 “
437 5791 627 5850 Πρω.
674 5811 722 5856 v.
760 5795 839 5850 17.
921 5797 964 5831 ³³
989 5795 1150 5854 Hebr.
1189 5815 1249 5863 ιι,
1283 5799 1364 5854 14.
1438 5802 1482 5834 ’³
1513 5800 1670 5859 Rom.
1709 5819 1824 5863 Vlll.
1857 5803 1870 5858 Ξ

1974 5841 1988 5858 .
2059 5804 2102 5836 ³³
2138 5801 2313 5859 Galat.
2341 5819 2414 5862 tv.
2459 5801 2508 5857 ιι.
2591 5802 2634 5835 ⁸⁸
2667 5799 2772 5858 Tit.
2803 5815 2863 5862 tt,
2898 5798 3084 5855 "-13.
