4038 6530
316 409 453 456 ιδυν

1450 399 1636 468 QUOD
1677 398 1866 455 usus
1908 397 2015 452 srr
2052 398 2421 457 CHRISTUS.

3445 396 3584 453 1510

315 521 685 592 ἐκπέμπουσι,
739 520 992 575 κοινωνδν
1023 522 1080 576 δὲ
1118 521 1315 592 μᾶλλον
1356 523 1602 589 uiden-:0;
1647 521 1742 575 καὶ
1800 518 1893 589 μέ-

2013 534 2122 574 esse
2153 521 2362 586 nolunt,
2389 522 2496 574 sed
2518 521 2695 591 potius
2724 521 3040 587 participem
3076 516 3345 573 liliationis
3378 527 3429 571 ct
3465 516 3579 586 glo-

312 626 468 680 τοχον
499 608 656 680 δόξης
685 608 895 673 ὀθνείοις
927 606 1069 663 εἷναί
1092 627 1277 681 φασιν,
1308 612 1367 664 οὗ
1399 613 1597 683 μάτην,
1630 611 1706 674 ὡς
1723 606 1897 680 οἶμαι,

314 701 415 763 τὰς
458 701 610 772 παρὰ
655 700 761 754 τῶν
820 701 1089 756 Ἰουδαίων
1128 703 1398 765 διαϐολὰς,
1446 704 1529 755 ἐπ’
1563 703 1714 772 αὐτῷ
1746 718 1900 770 γενο-

318 792 487 862 μένας
520 793 845 864 εὑρήσομεν.
885 794 1161 862 Ἐφασκον
1200 797 1326 865 γὰρ,
1377 796 1457 849 ὅτι
1498 815 1517 846 ι
1552 796 1688 866 Περὶ
1733 793 1900 846 καλοῦ

315 880 475 951 ἔργου
510 882 570 934 οὐ
606 882 895 953 λιθάζομέν
929 901 1008 947 σε,
1053 886 1188 938 ἀλλὰ
1228 887 1353 956 περὶ
1405 886 1773 957 βλασφημίας,
1822 887 1900 939 ὅτι

317 976 381 1026 σὺ
410 974 698 1043 ἄνθρωπος
723 976 818 1041 ὢν,
852 981 1025 1042 ποιεῖς
1056 981 1248 1033 ἑαυτὸν
1280 981 1434 1035 Θεόν.

388 1061 448 1115 Β.
485 1065 597 1117 Καὶ
632 1064 740 1136 μὴν
768 1067 861 1119 καὶ
891 1067 1023 1121 Θεὸν
1051 1070 1144 1121 καὶ
1174 1070 1575 1142 Υίὸνάληθινδν
1599 1068 1741 1127 εἷναί
1770 1076 1900 1143 φασι

316 1153 409 1208 τὸν
438 1154 533 1208 ἕνα
562 1157 816 1228 Χριστόν.

386 1246 453 1299 Α.
510 1248 787 1317 Δῆλονδὲ
844 1252 926 1305 ὅτι
970 1254 1066 1306 τὸν
1110 1255 1173 1306 ἐκ
1226 1254 1358 1308 θεοῦ
1414 1258 1605 1324 Λόγον,
1669 1257 1903 1312 λαϐόντα

317 1338 461 1391 κατὰ
489 1342 788 1409 συνάφειαι)
818 1344 907 1397 τὸν
934 1347 999 1398 ἐκ
1029 1347 1342 1415 σπέρματος
1378 1349 1472 1401 τοῦ
1504 1349 1687 1403 Δαϐίδ.

389 1430 451 1489 Β.
493 1433 632 1486 Ἀλλ’
673 1437 721 1486 εἰ
765 1438 836 1505 μή
869 1438 1018 1489 ἐστιν
1048 1438 1206 1501 αὐτὸς
1237 1441 1265 1491 6
1301 1441 1365 1492 ἐκ
1393 1440 1528 1493 Θεοῦ
1560 1442 1772 1513 Πατρὸς
1804 1443 1905 1496 A6-

317 1540 433 1591 τος,
483 1526 512 1578 6
558 1526 652 1578 καὶ
700 1528 843 1580 κατὰ
890 1528 1072 1600 σάρκα
1116 1532 1180 1584 ἐκ
1233 1532 1509 1600 γυναικὸς,
1559 1533 1673 1586 ἀλλ’
1720 1534 1905 1601 ἕτερος

322 1615 442 1686 μεθ’
476 1617 687 1687 ἐτέρου,
723 1618 839 1681 πῶς
872 1620 938 1673 ἂν
968 1621 1178 1689 λέγοιτο
1218 1624 1483 1693 Χριστὸς,
1518 1626 1546 1677 6
1588 1624 1664 1695 μὴ
1720 1642 1905 1696 κεχρι-

321 1706 538 1776 σμένος,
568 1707 712 1762 καθὰ
743 1710 836 1763 καὶ
868 1711 1170 1779 φθάσαντες
1196 1714 1462 1784 εἴπομεν;

388 1799 453 1850 Λ.
486 1798 717 1862 Οὐκοῦν,
750 1801 798 1852 εί
828 1803 902 1870 μή
945 1802 1091 1855 ἐστιν
1119 1802 1307 1873 ἔτερος
1352 1801 1503 1871 παρὰ
1537 1801 1630 1855 τὸν
1666 1804 1727 1855 ἐκ
1769 1802 1904 1855 Θεοῦ

2012 615 2103 667 ria:
2132 614 2321 666 alienae
2361 627 2483 667 esse
2517 620 2775 677 statuunt,
2822 627 2928 666 non
2963 610 3185 673 frustra,
3221 618 3277 662 ut
3319 608 3575 669 arbitror,

2008 705 2178 761 Judaei
2222 706 2369 759 illum
2429 706 2741 760 calumniati
2800 706 3018 768 fuerint,
3064 704 3349 769 dicentes:
3387 720 3404 752 ι
3440 700 3579 767 Qui:

2007 799 2079 854 ob
2117 799 2314 852 boumn
2358 813 2493 867 opus
2525 813 2627 851 non
2666 797 2963 867 lapidamus
3000 807 3075 859 te,
3108 796 3201 850 sed
3239 796 3306 847 ob
3341 791 3580 861 blasphe-

2010 891 2217 953 miam,
2278 891 2419 957 quod
2483 904 2605 943 cmn
2676 890 2751 943 sis
2829 890 3033 951 homo,
3114 886 3286 940 facias
3350 886 3577 954 teipsum

2010 982 2175 1037 Deum
2199 982 2264 1036 ³⁸.
2298 1001 2318 1035 ι

2075 1071 2139 1128 Β.
2176 1073 2337 1141 Atqui
2378 1080 2429 1125 et
2474 1071 2638 1126 Deum
2689 1080 2743 1126 et
2790 1070 2984 1126 Filium
3032 1085 3149 1126 esse
3184 1070 3372 1125 dicunt
3414 1087 3577 1125 unum

2009 1165 2308 1220 Christum.

2081 1259 2147 1313 A.
2190 1257 2421 1312 Verbum
2468 1258 2676 1311 scilicet
2713 1274 2774 1312 ex
2822 1256 2953 1321 Deo,
2986 1256 3128 1325 quod
3164 1254 3457 1322 assumpsit
3502 1268 3585 1305 ra-

2014 1353 2160 1406 tione
2190 1351 2592 1421 coniunctionis
2626 1367 2747 1403 cum
2786 1350 2875 1419 qui
2928 1360 3012 1404 est
3059 1365 3122 1403 ex
3162 1349 3369 1401 semine
3399 1346 3584 1400 David.

2084 1443 2144 1497 B.
2188 1441 2477 1506 Canerum,
2504 1442 2547 1493 si
2587 1458 2690 1495 non
2718 1452 2798 1494 est
2828 1442 3003 1511 ipsum
3034 1454 3098 1491 ex
3131 1438 3239 1491 Deo
3268 1437 3427 1490 Patre
3455 1434 3587 1490 Ver-

2011 1535 2161 1593 bum,
2188 1535 2332 1602 quod
2358 1544 2410 1587 et
2442 1534 2737 1586 secundum
2769 1547 2987 1585 carnem
3014 1540 3094 1584 cst
3123 1546 3185 1584 ex
3221 1524 3466 1589 moliere,
3495 1528 3587 1580 sed

2012 1627 2145 1679 alius
2173 1642 2294 1680 cum
2336 1627 2472 1689 alio;
2509 1626 2777 1694 quomodo
2813 1625 3023 1677 dicatur
3062 1623 3309 1677 Christus
3349 1620 3439 1691 qui
3481 1636 3585 1672 non

2011 1728 2092 1773 est
2120 1728 2333 1784 unctus,
2364 1728 2422 1771 ut
2456 1728 2508 1773 ct
2535 1729 2659 1770 ante
2693 1716 2973 1770 diximus?

2082 1810 2148 1864 A.
2189 1810 2328 1877 Ergo
2362 1810 2406 1863 si
2458 1810 2503 1863 is
2542 1809 2632 1876 qui
2670 1816 2753 1861 est
2788 1822 2852 1862 ex
2896 1806 3102 1860 semine
3137 1806 3304 1860 David
3353 1819 3457 1860 non
3503 1812 3589 1859 est

320 1890 535 1962 Πατρός
572 1892 766 1959 Λόγον,
791 1893 819 1946 6
847 1896 911 1947 ἐκ
942 1895 1258 1966 σπέρματος
1303 1894 1398 1947 τοῦ
1438 1893 1620 1957 Δαϐὶδ,
1662 1894 1903 1961 λεγέσθω

2013 1901 2145 1954 alios
2193 1916 2221 1953 a
2269 1900 2444 1955 Verbo
2499 1916 2568 1954 ex
2606 1900 2713 1955 Deo
2766 1899 2946 1962 Patre,
2998 1897 3212 1952 dicatur
3243 1900 3407 1953 etiam
3461 1906 3588 1951 ante

318 1982 414 2035 καὶ
444 1982 791 2053 προαιὼνιος.

390 2075 451 2127 Β.
488 2070 622 2128 Εἶτα
674 2075 791 2138 πῶς
830 2077 859 2129 6
893 2077 1168 2146 πάνσοφος
1215 2075 1448 2139 Παῦλος,
1491 2076 1771 2130 ἐκϐάλλων
1808 2078 1905 2148 τὴν

316 2166 498 2234 δόξαν,
531 2167 608 2232 ὡς
645 2170 703 2221 ἐν
744 2170 1079 2239 ἐρωτήσεσίν
1124 2173 1273 2224 ἐστιν
1303 2170 1551 2224 ἁπαιτῶν
1582 2172 1674 2225 καὶ
1710 2170 1904 2239 λέγων,

322 2277 343 2312 ο
385 2259 591 2331 Ἰησοῦς
616 2261 849 2331 Χριστὸς
886 2262 1012 2332 χθὲς
1034 2263 1127 2315 καὶ
1156 2265 1396 2333 σήμερον
1419 2266 1447 2317 6
1477 2263 1662 2329 αὐτὸς,
1696 2266 1789 2319 καὶ
1822 2267 1903 2329 είς
1932 2272 1937 2277 ’

318 2352 442 2417 τοὺς
468 2353 689 2416 αἰῶνας.
717 2373 735 2404 ι
770 2354 831 2406 Εἰ
876 2353 1006 2422 γοῦν
1038 2355 1132 2408 καὶ
1174 2355 1379 2426 ἕτερος,
1422 2357 1451 2407 6
1490 2356 1602 2426 γὰρ
1641 2356 1768 2426 χθὲς
1814 2360 1908 2411 καὶ

320 2444 577 2516 σήμερον,
609 2445 794 2516 φησὶν,
834 2444 1063 2517 Ἰησοῦς,
1099 2447 1127 2499 6
1156 2446 1319 2510 αὐτὸς
1349 2447 1500 2500 ἔσται
1543 2449 1638 2502 καὶ
1671 2451 1753 2512 είς
1782 2451 1908 2514 τοὺς

319 2536 545 2599 αίῶνας,
583 2538 898 2609 πρόσφατος
935 2537 1199 2607 δηλονότι,
1234 2538 1331 2592 καὶ
1365 2538 1492 2608 χθὲς
1518 2543 1612 2593 καὶ
1643 2543 1905 2611 σήμερον,

321 2629 498 2684 καίτοι
536 2629 628 2683 τοῦ
678 2629 814 2684 Θεοῦ
851 2629 1023 2698 Λόγου
1073 2629 1152 2700 τῷ
1201 2630 1315 2701 ίδίῳ
1366 2631 1543 2702 Πατρι
1573 2648 1907 2705 συνυφεστηέ

322 2721 502 2788 κότος.

390 2812 458 2869 Α.
493 2813 748 2869 Μάλιστα
809 2815 910 2884 μὲν
960 2814 1224 2879 ἀδικοῦσι,
1285 2815 1746 2886 παροχετεύοντες
1812 2818 1909 2888 τὴν

324 2904 610 2977 ἀλήθειαν,
645 2907 736 2959 ἐπὶ
777 2907 841 2961 τό
868 2923 930 2975 γε
967 2907 1148 2976 σφίσιν
1179 2907 1363 2971 αὐτοῖς
1391 2908 1667 2971 ἀσυνέτως
1695 2908 1907 2973 δοκοῦν,

323 2991 422 3048 καὶ
470 2994 580 3048 τῶν
635 2994 796 3066 ἱερῶν
845 2995 1193 3067 Γραμμάτων
1235 2996 1295 3049 τὸ
1329 2997 1555 3067 ἀκριϐὲς
1608 2999 1905 3069 παραφθεί·

327 3101 533 3157 ροντες.
571 3086 634 3140 Εί
676 3087 733 3140 δὲ
762 3087 824 3156 δή
857 3104 943 3150 τις
996 3087 1142 3156 λέγοι
1190 3089 1283 3141 καὶ
1313 3088 1641 3160 προαιὼνιον
1674 3091 1910 3161 Χριστὸν

2006 1992 2201 2047 saecula
2239 1994 2538 2047 exstitisse.

2080 2087 2140 2140 Β.
2183 2086 2252 2140 At
2308 2102 2414 2157 quo
2461 2096 2618 2155 pacto
2661 2086 3095 2156 sapientissimus
3123 2084 3321 2139 Paulus
3372 2084 3584 2153 inquit:

2018 2197 2037 2231 ι
2070 2178 2231 2233 Iesus
2284 2179 2532 2232 Christus
2576 2178 2691 2232 heri
2747 2187 2801 2230 et
2855 2176 3015 2230 hodie
3060 2194 3075 2230 :
3126 2176 3240 2244 ipse
3280 2185 3334 2229 et
3382 2176 3433 2228 in
3488 2191 3590 2229 εει·-

2011 2274 2129 2328 οιιιςι
2159 2274 2203 2303 ³⁸
2229 2272 2252 2325 ?
2282 2292 2299 2323 ι
2349 2273 2403 2325 Si
2454 2286 2582 2341 ergo
2614 2272 2776 2325 etiam
2829 2269 2970 2323 alius
3004 2280 3082 2321 cst
3113 2266 3290 2332 (Jesus
3317 2269 3481 2331 enim,
3510 2267 3592 2320 in-

2011 2368 2147 2434 quit,
2180 2378 2263 2419 est
2304 2366 2418 2418 heri
2450 2371 2505 2418 et
2535 2363 2737 2434 hodie).
2764 2364 2905 2417 idem
2954 2362 3056 2415 erit
3093 2361 3263 2434 etiam
3288 2361 3338 2414 in
3371 2359 3588 2423 aureola,

2010 2470 2203 2510 recens
2255 2454 2538 2517 nimirum,
2586 2462 2640 2507 et
2697 2453 2859 2507 hodie
2908 2461 3073 2521 atque
3112 2448 3268 2506 ben":
3301 2449 3427 2506 licet
3459 2448 3593 2506 Ver-

2012 2545 2134 2600 bum
2169 2561 2290 2601 cum
2325 2544 2487 2600 Patre
2516 2544 2834 2601 coexsistat.

2086 2808 2152 2864 Α.
2201 2808 2489 2877 Perperam
2532 2816 2681 2862 certe
2723 2807 2947 2872 faciunt,
2988 2808 3298 2862 derivantes
3325 2803 3493 2876 74⁸1
3526 2817 3593 2858 ac

2012 2902 2417 2971 distorquentes
2444 2899 2728 2954 veritatem
2772 2899 2839 2955 ad
2888 2913 3039 2955 suam
3078 2898 3381 2968 imperitam
3413 2894 3592 2950 libidi-

2013 3009 2170 3056 nem,
2223 3004 2277 3047 et
2319 3007 2600 3046 sacrarum
2653 2990 2978 3047 Litterarum
3036 3004 3219 3045 veram
3268 2987 3591 3045 sententiam

2011 3095 2449 3154 corrumpentes.
2487 3083 2544 3137 Si
2593 3099 2720 3138 vero
2765 3084 2888 3152 quis
2926 3081 3276 3137 aﬂirmaverit
3315 3080 3591 3135 Christum

339 3175 569 3246 Ἰησοῦν,
608 3177 708 3229 οὐκ
751 3177 823 3232 ἂν
860 3178 1093 3248 ἁμάρτοι
1122 3177 1409 3247 τάληθοῦς,
1460 3180 1618 3251 εἴπερ
1649 3183 1798 3235 ἐστὶν
1829 3178 1908 3246 εἷς

2014 3172 2197 3230 Jesum
2245 3186 2371 3229 ante
2419 3174 2618 3229 stecula
2672 3174 2971 3238 exstitisse,
3019 3189 3047 3227 a
3086 3188 3216 3229 vero
3252 3184 3592 3241 nequaquam

325 3265 455 3327 Υίδς
490 3267 584 3319 καὶ
614 3266 837 3335 Κύριος,
866 3268 895 3319 6
938 3266 1265 3337 προαιώνιος
1291 3269 1483 3337 Λόγος,
1517 3270 1616 3341 τὴν
1656 3274 1714 3324 ἐν
1746 3274 1909 3342 ἐσχά-

323 3375 439 3422 τοις
482 3356 577 3411 τοῦ
610 3358 805 3421 αἰῶνος
852 3359 1066 3429 καιροῖς
1113 3359 1256 3413 κατὰ
1311 3360 1489 3431 σάρκα
1535 3362 1600 3414 ἐκ
1649 3362 1908 3430 γυναικὸς

325 3449 630 3518 ὑπομείνας
658 3448 929 3518 γέννησιν.
965 3449 1090 3503 Ὀτι
1128 3449 1185 3503 δὲ
1208 3450 1308 3504 οὐκ
1340 3451 1630 3520 ἠλλοίωται
1667 3453 1908 3521 γεγονὼς

324 3540 610 3613 ἄνθρωπος
639 3541 761 3594 καθ’
788 3543 935 3612 ἡμᾶς
968 3544 996 3595 6
1032 3541 1225 3609 Λόγος,
1272 3542 1647 3614 διαμεμήνυκε
1677 3544 1851 3615 λέγων
1879 3548 1909 3600 6

326 3633 795 3703 Πνευματοφόρος·
832 3654 847 3683 ι
886 3631 1090 3701 Ἰησοῦς
1120 3632 1354 3703 Χριστὸς
1387 3632 1514 3704 χθὲς
1541 3634 1633 3688 καὶ
1665 3636 1908 3708 σήμερον

324 3726 355 3779 6
384 3726 567 3789 αὐτὸς,
596 3724 692 3778 καὶ
716 3725 797 3787 είς
822 3724 949 3787 τοὺς
982 3724 1206 3788 αίῶνας.
1238 3743 1257 3775 ι
1297 3726 1405 3778 Καὶ
1437 3727 1770 3797 σημαντικὸν
1808 3728 1907 3797 μὲν

324 3816 421 3872 τοῦ
459 3817 854 3888 παρῳχηκότος
890 3816 1083 3886 χρόνου
1131 3818 1385 3881 ποιεῖται,
1423 3818 1483 3870 τὸ
1508 3818 1671 3887 χθές,
1709 3818 1802 3873 τοῦ
1842 3837 1907 3889 γε

330 3909 438 3982 μὴν
478 3909 791 3974 ἐνεστῶτος,
835 3908 897 3961 τὸ
934 3907 1221 3978 σήμερον,
1248 3908 1342 3962 τοῦ
1388 3911 1445 3963 δὲ
1490 3912 1783 3976 ἐνεστῶτος
1815 3914 1910 3967 καὶ

330 3999 636 4071 μέλλοντος,
664 4000 744 4061 τὸ,
779 3999 859 4062 είς
879 4000 1006 4062 τοὺς
1027 4000 1251 4064 αἰῶνας.
1282 4002 1342 4053 ΕΞ
1373 4001 1430 4054 δὲ
1453 4002 1653 4055 οἴονταί
1677 4020 1728 4055 τι
1749 4005 1908 4073 σοφὸν

326 4092 721 4164 ἐννενοηκέναι,
748 4091 809 4144 τὸ
838 4091 980 4160 χθές
1022 4094 1117 4145 καὶ
1153 4094 1426 4161 σήμερον
1458 4095 1578 4147 ἀντὶ
1612 4094 1705 4147 τοῦ
1742 4112 1910 4166 προσο

329 4185 500 4256 φάτου
527 4182 829 4251 δεχόμενοι,
869 4180 1258 4252 διατεινόμενοί
1297 4200 1357 4235 τε
1408 4185 1500 4237 καὶ
1539 4184 1808 4253 λέγοντες,
1847 4187 1909 4240 '0

329 4274 455 4346 χθὲς
488 4274 580 4326 καὶ
619 4274 876 4344 σήμερον,
912 4272 1029 4335 πῶς
1073 4272 1139 4326 ἂν
1161 4275 1246 4344 εἴη
1287 4275 1379 4329 καὶ
1408 4277 1489 4339 είς
1523 4279 1651 4341 τοὺς
1678 4277 1907 4345 αἰῶναςς

334 4366 747 4436 μεταστήσομεν
766 4364 859 4417 καὶ
884 4364 1043 4432 ἡμεῖς
1070 4363 1168 4435 τὴν
1190 4366 1286 4437 τῆς
1310 4367 1633 4439 ἐρωτήσεως
1659 4368 1909 4440 δύναμιν,

331 4458 413 4522 είς
463 4456 523 4510 τὸ
579 4455 702 4527 ἔχον
744 4455 1024 4519 ἐναντίως.
1069 4456 1127 4510 '0
1166 4456 1275 4529 γὰρ
1314 4460 1394 4522 είς
1431 4459 1559 4523 τοὺς
1597 4461 1799 4526 αίῶνας
1836 4461 1911 4516 ὢν

2015 3268 2370 3322 aberraverit.
2402 3267 2683 3336 Siquidem
2733 3276 2817 3322 est
2860 3280 3000 3320 unus
3028 3263 3198 3319 Filius
3228 3276 3283 3322 et
3310 3262 3591 3328 Dominus,

2015 3358 2253 3415 Verbum
2304 3370 2429 3415 ante
2473 3359 2693 3424 saecula,
2743 3360 2887 3430 quod
2942 3359 2996 3412 in
3050 3357 3361 3412 novissimis
3408 3355 3591 3412 szeculi

2016 3452 2350 3521 temporibus
2384 3450 2716 3505 nativitatem
2767 3449 3062 3504 secundum
3115 3464 3335 3503 carnem
3379 3463 3446 3503 ex
3483 3464 3595 3502 mue

2016 3543 2149 3599 liere
2177 3544 2364 3599 subiit.
2394 3541 2547 3610 Quod
2595 3549 2774 3598 autem
2815 3540 3050 3597 Verbum
3091 3541 3252 3595 homo
3300 3541 3468 3594 nostri
3504 3538 3595 3593 si-

2015 3635 2159 3691 milis
2187 3636 2386 3690 l‘aclum
2416 3636 2756 3689 immutatum
2790 3649 2893 3688 non
2918 3636 3007 3697 sit,
3038 3634 3369 3703 significavit
3397 3633 3595 3688 Paulus

2019 3726 2223 3798 Spiritu
2273 3725 2483 3783 amatus
2528 3726 2757 3781 dicens:
2794 3744 2812 3777 ι
2842 3724 3003 3779 ,Ιιιειιε
3046 3726 3298 3780 Christus
3347 3726 3502 3779 hodie
3540 3736 3593 3780 et

2018 3820 2156 3884 heri,
2192 3819 2309 3887 ipse
2349 3827 2405 3872 et
2435 3819 2487 3872 in
2527 3818 2761 3882 szecula;
2798 3835 2814 3867 ι
2854 3832 2918 3871 ac
2948 3834 3040 3887 per
3082 3818 3214 3879 heri,
3260 3815 3591 3886 pra-teritum

2018 3922 2228 3980 tempus
2275 3910 2508 3973 iudicat;
2564 3925 2658 3976 per
2698 3909 2890 3970 hodie,
2943 3922 3221 3978 praesens;
3269 3922 3366 3977 per
3399 3909 3593 3961 sa'cula

2020 4018 2166 4065 vero,
2201 4015 2439 4071 praesens
2468 4009 2524 4054 et
2557 4000 2816 4053 futurum.
2858 3998 2990 4052 Atsi
3033 4008 3221 4066 putant
3252 4013 3311 4051 se
3339 4013 3591 4066 magnum

2016 4097 2218 4167 aliquid
2251 4094 2612 4163 excogitasse,
2654 4096 2796 4161 quod
2842 4106 2938 4157 per
2968 4090 3080 4144 heri
3111 4100 3166 4145 et
3198 4090 3372 4155 hodie,
3406 4103 3587 4144 recen-

2020 4200 2127 4245 tem
2160 4186 2484 4257 intelligant,
2510 4184 2580 4238 ita
2604 4186 2993 4239 contendentes
3025 4201 3039 4239 :
3070 4182 3171 4251 Qui
3211 4182 3325 4238 heri
3350 4192 3405 4237 et
3434 4181 3593 4237 hodie

2018 4294 2119 4348 est,
2153 4280 2428 4352 quomodo
2459 4279 2532 4334 sit
2558 4280 2721 4333 etiam
2765 4277 2815 4331 in
2847 4276 3082 4331 szecula?
3125 4274 3513 4330 transferemus
3541 4282 3593 4330 et

2020 4392 2119 4432 nos
2169 4371 2615 4443 interrogationis
2669 4369 2776 4423 vim
2829 4370 2880 4424 in
2930 4368 3265 4423 contrarium
3302 4386 3316 4422 :
3358 4366 3592 4421 Verbum

2018 4468 2160 4522 enim
2192 4466 2460 4521 exsistens
2508 4462 2560 4516 in
2607 4447 2827 4522 sarcula,
2862 4476 2970 4530 quo
3007 4468 3162 4529 pacto
3194 4460 3415 4527 recipiat
3450 4459 3501 4512 in
3535 4471 3594 4512 se

333 4550 528 4617 Λόγος,
564 4547 681 4610 πῶς
712 4545 778 4634 ᾂν
799 4545 951 4601 λάϐοι
976 4547 1039 4600 τὸ
1067 4547 1195 4618 χθὲς
1214 4550 1307 4603 καὶ
1330 4550 1571 4622 σήμερον
1597 4553 1685 4623 ἐφ’
1713 4554 1907 4625 ἐαυτῷ,

2018 4560 2131 4615 heri
2155 4567 2210 4613 et
2252 4555 2452 4610 hodie?
2492 4552 2767 4623 Siquidem
2807 4563 2890 4605 εει
2924 4565 3063 4605 unus
3087 4549 3356 4612 Christus.
3389 4560 3446 4605 et
3483 4562 3593 4603 non

331 4639 488 4711 εἴπερ
511 4640 659 4692 ἐστὶν
692 4633 772 4703 εἷς
818 4641 846 4692 6
893 4640 1150 4711 Χριστὸς,
1183 4642 1280 4695 καὶ
1312 4642 1373 4695 οὐ
1408 4643 1739 4714 μεμέρισται
1768 4648 1907 4702 κατά

329 4732 430 4804 τὴν
459 4732 555 4786 τοῦ
589 4730 879 4786 θεσπεσίου
922 4733 1136 4787 Παύλου
1184 4736 1387 4805 φωνήν.
1431 4735 1555 4788 Ὅτι
1618 4737 1727 4809 γὰρ
1767 4738 1910 4793 οὕτω

332 4823 471 4895 πρὸς
501 4824 661 4895 ἡμῶν
695 4822 869 4877 ἐθέλει
902 4824 1286 4895 γνωρίζεσθαι,
1325 4826 1619 4880 κάντεῦθεν
1652 4829 1774 4900 εἴσῃ
1805 4847 1906 4883 τοι.

332 4916 530 4970 Καίτοι
567 4916 678 4986 γὰρ
709 4915 988 4987 ὁρώμενος
1016 4918 1072 4969 ἐν
1104 4916 1291 4985 σαρκὶ,
1320 4917 1413 4970 καὶ
1438 4920 1549 4983 τοῖς
1573 4919 1672 4990 τῆς
1702 4922 1796 4974 ἀνθ
1807 4939 1912 4992 ρωο

335 5009 567 5080 πότητος
590 5009 810 5081 μέτροις
834 5007 1180 5080 ἐμϐεϐηκὼς,
1202 5009 1301 5081 τὴν
1327 5011 1655 5081 προαιώνιον
1679 5012 1911 5084 ὕπαρξιν

334 5100 512 5171 ἐαυτῷ
572 5099 1111 5173 προσμεμαρτύρηκε
1165 5099 1342 5168 λέγων
1372 5118 1386 5132 ο
1462 5117 1483 5153 ι
1525 5102 1717 5175 Ἀμὴν,
1762 5106 1912 5175 ἀμὴν

333 5192 478 5261 λέγω
507 5193 657 5263 ὑμῖν,
686 5192 819 5263 πρὶν
858 5192 1108 5265 Ἀϐραὰμ
1135 5192 1408 5261 γενέσθαι,
1449 5193 1560 5263 ἐγὼ
1580 5197 1714 5267 εἰμι.
1745 5215 1763 5247 ι
1802 5198 1911 5252 Καὶ

336 5284 518 5339 πάλιν·
552 5302 569 5334 ι
600 5284 663 5338 Εί
691 5284 760 5337 τὰ
784 5283 1002 5352 ἐπίγεια
1021 5281 1174 5339 εἷπον
1205 5285 1357 5355 ὑμῖν,
1385 5288 1479 5340 καὶ
1507 5288 1567 5340 οὐ
1599 5288 1908 5358 πιστεύετε,

335 5374 475 5440 πῶς,
507 5374 603 5428 ἐὰν
669 5375 808 5429 εἴπω
851 5374 978 5444 ὑμῖν
1020 5375 1088 5430 τὰ
1139 5376 1461 5446 ἐπουράνια,
1504 5378 1860 5443 πιστεύσετες
1888 5399 1905 5430 ι

335 5464 465 5518 Καίε
504 5483 522 5517 ι
554 5463 745 5529 Οὐδεὶς
766 5464 1106 5537 ἀναϐέϐηκεν
1129 5468 1209 5530 εἰς
1232 5466 1323 5520 τὸν
1347 5467 1596 5539 οὐρανὸν,
1615 5472 1663 5522 εί
1696 5469 1770 5541 μὴ
1798 5472 1826 5524 6
1849 5472 1915 5524 ἐκ

336 5554 431 5608 τοῦ
470 5554 703 5628 οὐρανοῦ
735 5555 1001 5620 καταϐὰς,
1041 5558 1071 5609 6
1119 5556 1246 5622 Υἱὸς
1289 5558 1387 5613 τοῦ
1416 5559 1726 5631 ἀνθρώπου.
1749 5581 1767 5611 ι
1827 5562 1914 5624 Ὡς

338 5646 447 5717 γὰρ
484 5647 748 5717 ὑπάρχων
765 5647 854 5701 ἀεὶ
882 5649 973 5702 καὶ
1000 5648 1326 5720 προαιώνιος
1362 5653 1553 5722 Λόγος,
1586 5652 1914 5725 καθιγμένος

2016 4663 2098 4707 est
2130 4649 2357 4712 divisus,
2400 4645 2554 4716 juxta
2590 4644 2755 4699 divini
2803 4643 2946 4697 illius
2989 4641 3140 4695 Pauli
3186 4656 3394 4695 vocem.
3439 4638 3593 4708 Quod

2014 4743 2159 4799 enim
2205 4740 2277 4795 ita
2320 4754 2349 4792 a
2395 4736 2549 4791 nobis
2594 4734 2850 4805 cognosci
2901 4733 3155 4795 voluerit,
3196 4733 3319 4787 inde
3364 4731 3592 4803 intelligi

2016 4843 2211 4905 potest.
2241 4828 2500 4898 Quamvis
2544 4827 2691 4885 enim
2722 4829 2775 4882 in
2816 4840 2982 4881 carne
3023 4827 3354 4898 apparuerit,
3392 4834 3449 4880 et
3490 4824 3592 4879 hu-

1974 4948 1977 4951 ν
2019 4939 2189 4979 mauae
2220 4932 2428 4978 natura:
2455 4919 2819 4976 conditionem
2864 4919 3113 4983 subierit,
3156 4934 3215 4974 se
3257 4928 3434 4972 tamen
3470 4924 3591 4971 ante

2017 5014 2213 5070 smcula
2270 5011 2547 5068 exstitisse
2593 5019 2840 5072 testatur,
2888 5010 3115 5065 dicens:
3148 5026 3167 5061 ι
3196 5007 3387 5072 Amen,
3433 5019 3592 5060 amen

2017 5106 2139 5161 dico
2168 5105 2342 5169 vobis,
2373 5114 2661 5172 antequam
2689 5100 2964 5155 Abraham
3007 5102 3161 5154 tieret
3193 5114 3293 5169 ego
3322 5113 3440 5154 sum
3464 5096 3532 5154 ".
3565 5116 3588 5153 ο

2020 5198 2085 5252 Et
2129 5210 2345 5252 rursum
2379 5215 2391 5249 :
2424 5212 2443 5246 ι
2473 5190 2529 5247 Si
2575 5203 2787 5247 terrena
2828 5192 2938 5245 dixi
2986 5192 3155 5258 vobis,
3202 5202 3257 5246 et
3290 5206 3392 5245 nam
3419 5189 3591 5247 credi-

2011 5291 2104 5354 tis,
2135 5289 2426 5358 quomodo,
2454 5286 2499 5341 si
2526 5285 2774 5341 coelestia
2808 5284 2997 5339 dixero
3019 5285 3189 5351 vobis,
3214 5284 3449 5340 credetis
3465 5281 3547 5339 "?
3565 5302 3587 5338 ι

2015 5383 2119 5436 Et:
2159 5400 2179 5432 ι
2209 5378 2377 5435 Nemo
2419 5378 2662 5435 ascendit
2711 5379 2763 5433 in
2818 5376 3017 5432 uelum
3064 5376 3167 5431 nisi
3220 5377 3311 5446 qui
3344 5391 3411 5431 ex
3452 5374 3589 5431 cmle

2014 5471 2309 5538 descendit,
2356 5470 2525 5527 Filius
2568 5468 2894 5546 hominis”.
2928 5486 2947 5520 ι
2997 5466 3129 5521 Nam
3170 5474 3226 5521 ut
3277 5480 3489 5536 semper
3536 5475 3587 5521 et

2016 5576 2142 5618 ante
2180 5563 2377 5619 srecula
2420 5562 2687 5618 exsistens
2735 5559 2966 5615 Verbum
3023 5559 3359 5614 descendite
3391 5558 3583 5614 cretis:

2015 5654 2209 5712 deinde
2241 5654 2381 5711 idem
2408 5652 2657 5726 apparuit
2684 5652 2846 5707 homo
2876 5650 3045 5708 nostri
3080 5649 3292 5717 similis,
3332 5658 3586 5719 tanquam

412 5830 453 5859 ⁸³
485 5804 640 5885 Ιιιῖιιι.
669 5846 718 5889 τ,
752 5829 838 5883 35.
918 5830 959 5859 ³⁸⁵
992 5830 1150 5887 Ιῐμιιι.
1184 5847 1298 5897 snt,
1334 5831 1383 5885 8.
1463 5833 1506 5866 δ’
1536 5830 1689 5890 Joan.
1721 5851 1833 5898 vm,
1879 5834 1908 5888 5

2043 5836 2083 5866 ³³
2110 5833 2263 5890 Joan.
2300 5852 2377 5903 tn,
2414 5835 2495 5891 1‘2.
2574 5832 2617 5868 θ’
2650 5831 2778 5889 ibid.
2816 5830 2911 5886 i3.
