4038 6550
457 407 588 468 ιδιί

1483 405 1540 460 S.
1580 402 1858 460 CYRILLI
1899 398 2369 456 ALEXANDRINI
2411 399 2734 458 ARCHIEP.

3584 399 3732 458 15η

460 543 597 585 unus
634 527 886 582 Christus
926 539 980 581 et
1031 525 1313 590 Dominus,
1358 532 1413 579 et
1463 522 1681 594 quando
1729 523 1904 579 factus
1955 531 2038 578 est

2156 520 2200 586 εξ
2231 521 2499 594 οὐρανῶν,
2533 517 2654 576 εἶτα
2687 519 2946 592 πεφηνὼς
2985 519 3014 572 ὃ
3052 519 3217 584 αὐτὸς
3279 519 3401 574 καθ’
3447 520 3617 590 ἡμᾶς,
3647 521 3731 584 ὡς

457 635 610 688 caro,
646 618 951 688 hujusmodi
986 617 1199 673 locutus
1225 627 1330 672 est.

528 793 592 849 Β.
644 795 820 848 Aliam
877 809 1092 866 quoque
1164 795 1428 848 rationem
1488 793 1893 861 excogitarunt.
1959 794 2036 846 lla

458 889 626 949 enim,
643 888 816 952 aiunt,
831 888 1137 942 censendus
1153 897 1235 942 cst
1262 887 1306 941 is
1325 887 1412 956 qui
1441 897 1522 940 est
1542 903 1605 940 ex
1625 887 1830 941 semine
1852 884 2037 950 David,

458 993 579 1033 esse
612 979 780 1034 Filius
807 979 923 1043 Dei,
957 979 1100 1033 sicut
1128 989 1182 1032 et
1214 979 1388 1047 ipsum
1439 976 1667 1030 Verbum
1698 993 1763 1030 ex
1799 978 1904 1031 Deo
1941 976 2040 1029 Pa-

463 1079 542 1125 tre
588 1071 788 1125 dicitur
838 1085 961 1126 esse
1006 1069 1173 1125 Filius
1220 1069 1408 1124 David.
1467 1068 1672 1124 Natura
1727 1068 1892 1133 enim,
1935 1083 2038 1122 non

458 1159 614 1217 alius.

532 1254 602 1306 A.
643 1252 794 1307 Vera:
831 1253 1011 1322 itaque
1038 1252 1214 1306 laudis
1237 1252 1380 1306 ratio
1414 1251 1704 1321 recipiatur
1733 1259 1790 1304 ιιι
1817 1250 1889 1304 ita
1921 1264 2042 1304 cre-

461 1343 620 1398 datur
662 1345 891 1399 Verbum
922 1361 1050 1398 caro
1093 1345 1318 1408 factum,
1358 1346 1457 1398 hoc
1497 1354 1579 1398 cst
1635 1344 1795 1398 homo
1829 1361 1842 1396 :
1879 1353 2043 1412 atque

461 1433 664 1491 idcirco
695 1435 862 1492 Filius
899 1435 1068 1490 David
1117 1450 1221 1490 non
1267 1436 1507 1500 lictitins,
1545 1435 1640 1489 sed
1690 1445 1945 1503 tanquam
1974 1449 2039 1487 ex

463 1529 579 1596 ipso
625 1527 937 1598 apparuerit
987 1529 1285 1581 secundum
1318 1541 1560 1588 carnem,
1589 1534 1644 1578 et
1691 1524 1950 1578 manserit
1990 1524 2040 1578 id

460 1619 602 1687 quod
639 1628 778 1679 erat,
809 1618 1063 1673 nimirum
1104 1617 1246 1670 Deus
1288 1631 1318 1670 a
1365 1615 1494 1668 Deo.
1533 1615 1742 1670 Idcirco
1774 1623 1834 1668 et
1869 1617 2041 1668 sancti

463 1709 810 1788 evangelist
859 1711 1095 1766 scientes
1141 1709 1313 1778 ipsum
1350 1707 1519 1761 Deum
1573 1707 1734 1761 simul
1775 1717 1829 1761 et
1865 1709 2041 1763 homi-

464 1817 586 1858 nem
637 1817 796 1867 esse,
851 1802 923 1856 ita
972 1802 1037 1855 ad
1091 1816 1189 1856 nos
1234 1801 1300 1855 de
1345 1801 1461 1869 ipso
1497 1798 1847 1872 748loculi
1895 1808 2040 1855 sunt.

467 1893 743 1962 Scriptura
784 1894 931 1949 enim
965 1895 1148 1948 estde
1191 1893 1349 1948 beato
1388 1891 1652 1960 Baptista,
1683 1893 1826 1961 quod
1859 1912 1878 1945 ι
1921 1892 2046 1949 Pos-

468 1983 635 2037 tridie
663 1983 806 2037 videt
833 1981 1020 2039 Jesum
1051 1983 1357 2037 venientem
1389 1983 1454 2036 ad
1479 1997 1556 2049 se,
1585 1992 1638 2035 et
1667 1983 1794 2038 dicit
1845 2003 1857 2038 :
1910 1985 2048 2040 Ecce

463 2073 650 2142 Agnus
687 2074 806 2136 Dei.
848 2075 940 2145 qui
975 2075 1112 2129 tollit
1158 2083 1441 2143 peccatum
1492 2075 1698 2129 mundi.
1736 2074 1837 2130 llic
1872 2085 1955 2130 est
1982 2077 2048 2131 de

464 2181 574 2236 quo
620 2166 777 2220 dixi:
809 2165 937 2220 Post
980 2181 1066 2220 me
1111 2166 1260 2222 venit
1308 2167 1411 2231 vir,
1452 2167 1542 2235 qui
1589 2175 1714 2221 ante
1759 2181 1844 2222 tne
1877 2168 2047 2222 factus

444 2266 573 2321 -est,
619 2257 746 2336 quia
791 2258 940 2325 prior
989 2273 1074 2312 me
1126 2267 1264 2323 erat,
1315 2266 1369 2312 et
1417 2272 1516 2327 ego
1550 2257 1854 2313 nesciebam
1897 2273 2044 2324 eu,

468 2351 564 2406 sed
599 2360 660 2406 ut
707 2349 1090 2406 manifestetur
1138 2351 1190 2403 in
1237 2349 1426 2415 lsrael,
1458 2361 1740 2418 propterea
1790 2350 1907 2404 veni
1948 2365 2048 2421 ego

468 2440 526 2497 in
573 2457 716 2512 aqua
767 2442 1054 2511 baptizans
1075 2442 1142 2497 ιθ.
1183 2461 1201 2495 ι
1234 2440 1495 2512 intelligis
1552 2443 1738 2513 itaque
1776 2444 2048 2513 quomodo

465 2535 644 2587 virum
714 2547 931 2594 vocans,
990 2549 1295 2602 agnumque
1356 2535 1530 2605 ipsum
1584 2534 1882 2605 appellans,
1940 2550 2046 2590 non

467 2623 632 2677 alium
673 2637 795 2676 esse
845 2622 976 2680 dicit
1007 2622 1099 2690 qui
1149 2622 1288 2676 tollit
1319 2637 1541 2692 peccata
1591 2623 1795 2690 mundi,
1842 2635 1895 2677 et
1942 2639 2050 2676 nta-

464 2728 626 2785 gnam
666 2712 807 2767 banc
846 2722 1012 2782 atque
1057 2713 1378 2776 immensam
1424 2716 1774 2786 divinamqne
1818 2715 2050 2786 dignita-

465 2815 575 2862 tem
602 2808 651 2862 ei
676 2805 887 2860 tribuit.
925 2807 1066 2862 Ante
1097 2821 1226 2862 vero
1265 2823 1328 2861 ac
1360 2807 1592 2875 priorem
1620 2823 1680 2863 se
1722 2807 1923 2862 factum
1952 2808 2057 2880 ait,

466 2897 594 2954 licet
637 2898 906 2969 posterior
967 2896 1166 2963 fuerit,
1218 2899 1428 2954 ratione
1479 2899 1733 2954 nimirum
1791 2901 2050 2970 temporis

467 3003 578 3058 quo
623 2991 919 3044 secundum
972 3003 1193 3042 carnem
1244 2999 1403 3044 natus
1450 2999 1552 3045 est.
1611 2990 1872 3057 Quamvis
1903 2991 2047 3046 enim

470 3081 792 3136 Eunnanuel
834 3090 1102 3152 quatenus
1151 3083 1310 3136 homo
1358 3091 1481 3152 post
1530 3083 1678 3136 illum
1725 3093 1884 3138 natus
1927 3083 2049 3150 fuit,

2142 607 2222 676 εἷς
2264 612 2502 682 Χριστὸς
2545 613 2641 668 καὶ
2681 611 2912 684 Κύριος,
2959 611 3056 666 καὶ
3098 611 3189 665 ὅτε
3227 609 3420 678 γέγονε
3461 607 3620 678 σὰρξ.
3655 609 3730 662 τὰ

2140 705 2318 767 τοιάδε
2346 704 2533 776 φησιν.

2211 796 2272 850 Β.
2320 796 2642 868 Ἐξεὺρηταί
2665 814 2751 860 τις
2787 797 2970 860 αὐτοῖς
3008 796 3101 850 καὶ
3137 796 3326 865 ἕτερος
3354 792 3531 861 λόγος.
3569 793 3730 846 Ἐστι

2141 889 2200 943 δὲ.
2253 883 2431 954 οὗτος,
2496 887 2642 942 οὕτω
2683 888 2794 960 γὰρ
2831 888 3027 959 χρῆναί
3081 903 3246 956 φασιν
3303 885 3430 939 Υἱδν
3485 883 3733 938 νοεῖσθαι

2142 981 2278 1035 Θεοῦ
2317 981 2409 1034 τόν
2446 981 2512 1034 ὲκ
2552 980 2868 1051 σπέρματος
2895 980 2989 1033 τοῦ
3019 978 3202 1041 Δαϐὶδ,
3243 978 3318 1041 ὡς
3344 977 3410 1035 ἂν
3438 976 3533 1029 καὶ
3563 977 3734 1038 αὐτὸς

2141 1077 2170 1129 ό
2193 1076 2258 1128 ἐκ
2297 1074 2432 1128 Θεοῦ
2474 1075 2687 1142 Πατρὸς
2709 1073 2878 1140 Λόγος
2913 1072 3043 1136 Υἱὸς
3080 1067 3220 1125 εἶναι
3246 1069 3460 1138 λέγοιτο
3489 1067 3587 1122 τοῦ
3621 1071 3734 1123 Aac

2143 1167 2247 1221 6ίδ.
2275 1165 2438 1220 Φύσει
2467 1166 2598 1236 γὰρ,
2634 1166 2746 1219 οὐδ’
2774 1166 2981 1236 ἕτερος.

2212 1258 2279 1310 Α.
2320 1255 2550 1320 Οὐκοῦν,
2585 1257 2613 1309 ό
2652 1256 2752 1327 τῆς
2793 1254 3030 1326 ἀληθοῦς
3059 1254 3326 1314 αἰνέσεως
3369 1251 3556 1304 εἰσίτω
3597 1248 3732 1318 τρό-

2145 1365 2267 1412 πος,
2305 1348 2372 1401 ἶν’
2423 1347 2565 1400 οὕτω
2616 1345 2944 1416 πιστεύηται
2991 1344 3129 1414 σὰρξ
3171 1341 3410 1411 γεγονὼς
3454 1343 3484 1394 ό
3530 1339 3732 1405 Λόγος,

2144 1440 2421 1494 τουτέστιν
2474 1437 2782 1508 ἄνθρωπος,
2809 1437 2908 1490 καὶ
2938 1436 3026 1490 διὰ
3059 1434 3240 1496 τοῦτο,
3272 1433 3399 1494 Υἱὸς
3436 1431 3531 1484 τοῦ
3563 1429 3734 1482 Δαειδ

2145 1533 2204 1586 οὐ
2232 1530 2698 1600 κατεψευσμένος.
2747 1528 2885 1582 Ἀλλ’
2915 1527 2990 1591 ὡς
3014 1526 3074 1592 ἐξ
3099 1524 3264 1579 αὑτοῦ
3295 1521 3554 1592 πειρηνὼς
3584 1520 3738 1574 κατὰ

2148 1623 2350 1693 σάρκα,
2382 1621 2478 1674 καὶ
2507 1619 2836 1691 μεμενηκὼς
2871 1621 3010 1688 ὅπερ
3053 1615 3143 1689 ἦν,
3178 1616 3333 1688 δῆλον
3365 1616 3422 1668 δὲ
3468 1616 3550 1668 ὃτι
3594 1612 3738 1675 Θεὸς

2148 1717 2213 1768 ὲκ
2245 1713 2402 1767 Θεοῦ.
2457 1713 2570 1767 Καὶ
2609 1711 2738 1780 γοῦν
2770 1713 2820 1764 οἱ
2858 1710 2967 1764 τῶν
2998 1707 3235 1778 γενικῶν
3443 1704 3736 1773 εὐαγγελι-

2148 1804 2294 1877 κῶν]
2324 1804 2695 1876 κηρυγμάτων
2726 1804 3020 1874 ἱερουργοὶ,
3062 1801 3153 1854 τὸν
3181 1801 3343 1854 αὑτὸν
3370 1796 3736 1864 γινώσκοντες

2149 1898 2281 1951 Θεόν
2313 1914 2374 1950 τε
2416 1896 2553 1966 όμοῦ
2595 1897 2685 1950 καὶ
2718 1895 3024 1966 ἄνθρωπον,
3059 1894 3188 1957 τοὺς
3230 1891 3360 1963 περὶ
3395 1887 3561 1943 αὑτοῦ
3592 1887 3735 1956 πρὸς

2148 1990 2298 2058 ἡμᾶς
2332 1987 2654 2056 πεποίηνται
2690 1985 2902 2054 λόγους.
2949 1984 3263 2052 Γέγραπται
3304 1981 3434 2048 γοῦν
3479 1977 3734 2050 περὶτοῦ

2152 2079 2425 2151 μακαρίου
2458 2077 2788 2142 Βαπτιστοῦ,
2827 2077 2909 2130 ὅτι
2945 2095 2963 2126 ι
2991 2077 3034 2128 Τ
3039 2079 3071 2146 ᾗ
3101 2075 3359 2146 ἐπαύριον
3405 2071 3596 2142 βλέπει
3637 2066 3736 2122 τδν

2161 2173 2367 2244 Ἰησοῦν
2421 2173 2716 2242 ἐρχόμενον
2777 2170 2914 2239 πρὸς
2963 2167 3146 2232 αὑτὸν,
3183 2165 3278 2218 καὶ
3334 2163 3504 2232 λέγει’
3553 2160 3661 2214 Ἴδε
3705 2161 3739 2214 ὸ

2165 2265 2366 2336 Ἀμνὸς.
2397 2263 2488 2318 τοῦ
2521 2262 2682 2326 Θεοῦ,
2723 2264 2751 2316 ὀ
2795 2263 2966 2332 αῑρων
3020 2257 3296 2330 ἁμαρτίαν
3341 2255 3436 2309 τοῦ
3495 2254 3736 2324 κόσμου,

2149 2353 2302 2422 οῦτός
2346 2362 2463 2425 ἐστι
2507 2357 2636 2427 περὶ
2679 2348 2740 2408 οῦ
2790 2351 2900 2421 ἐγὼ
2933 2347 3108 2405 εἷπον·
3145 2350 3349 2403 Ὀπίσω
3383 2366 3482 2418 μου
3515 2346 3739 2417 ἔρχεται

2149 2453 2313 2522 ἀνὴρ,
2365 2451 2423 2514 ὃς
2469 2447 2780 2520 ἔμπροσθέν
2819 2463 2920 2517 μου
2962 2445 3209 2512 γέγονεν,
3248 2444 3340 2497 ὅτι
3375 2440 3590 2509 πρῶτός
3631 2436 3737 2508 μού

2151 2547 2290 2608 ἐστι,
2321 2541 2476 2611 κάγὼ
2505 2543 2608 2596 οὐκ
2651 2537 2790 2594 εἶδον
2836 2537 3021 2607 αὐτὸν,
3058 2536 3172 2590 ἀλλ’
3225 2536 3311 2588 ἵνα
3338 2532 3628 2603 φανερωθῇ
3657 2531 3740 2601 τῷ

2166 2633 2404 2705 Ἰσραὴλ,
2437 2632 2528 2698 διὰ
2559 2630 2716 2685 τοῦτο
2762 2626 2926 2702 ἦλθον
2958 2627 3069 2697 ἐγὼ
3102 2629 3160 2680 ὲν
3195 2626 3350 2679 ῦδατι
3386 2623 3684 2693 βαπτίζων.
3711 2639 3730 2671 ι

2153 2723 2320 2787 Σύνες
2348 2718 2439 2776 οῦν
2478 2723 2626 2784 ὅπως
2655 2720 2824 2790 ἄνδρα
2862 2719 3055 2786 λέγων,
3105 2716 3196 2769 καὶ
3243 2715 3416 2786 ἀμνὸν
3454 2711 3739 2782 ὀνομάζων

2153 2814 2338 2878 αὑτὸν,
2367 2815 2467 2884 οὺχ
2499 2811 2688 2882 ἕτερον
2718 2806 2857 2863 εἶναι
2886 2827 3020 2880 φησι
3048 2807 3137 2860 τὸν
3169 2807 3397 2878 αῐροντα
3421 2805 3518 2874 τὴν
3549 2805 3737 2872 ἁμαρ-

2151 2909 2273 2962 τίαν
2314 2907 2407 2959 τοῦ
2460 2905 2690 2975 κόσμου,
2731 2903 2828 2956 καὶ
2873 2903 2933 2955 τὸ
2979 2901 3122 2971 μέγα
3165 2899 3324 2952 τοῦτο
3375 2898 3468 2951 καὶ
3502 2895 3741 2962 ἐξαίσιον

2153 2998 2371 3071 ἀληθῶς
2438 2997 2533 3050 καὶ
2621 2995 2921 3066 θεοπρεπὲς
2996 2992 3213 3062 ἀξίωμα
3296 2988 3740 3060 προσνενέμηκεν

2153 3089 2322 3161 αὐτῷ.
2365 3086 2718 3160 Ἐμπροσθεν
2756 3087 2815 3139 δὲ
2859 3087 2952 3140 καὶ
2995 3084 3211 3156 πρῶτον
3259 3080 3514 3151 γενέσθαι
3571 3079 3743 3150 φησιν

470 3183 586 3230 erat
616 3185 791 3230 tamen
837 3183 963 3228 ante
1003 3174 1184 3229 omnia
1216 3176 1436 3244 saecula,
1483 3187 1541 3229 ut
1590 3176 1751 3230 Dens.
1792 3177 2046 3244 Ejusdem

2156 3181 2341 3246 αὐτοῦ,
2375 3179 2550 3234 καίτοι
2580 3179 2811 3233 κατόπιν
2849 3177 3161 3246 γενόμενον,
3194 3174 3336 3227 κατά
3367 3172 3432 3238 γέ
3472 3187 3615 3239 φημι
3648 3169 3742 3222 τὸν

470 3266 655 3334 itaque
700 3277 782 3320 est
822 3273 876 3318 et
923 3274 1197 3319 recentem
1247 3280 1370 3322 esse
1417 3266 1624 3320 ratione
1667 3266 1915 3321 humanae
1956 3283 2050 3328 na.-

473 3367 632 3418 turte.
668 3367 723 3410 et
748 3366 1036 3418 maternum,
1069 3357 1280 3412 ratione
1317 3360 1531 3412 divinm.
1575 3357 1784 3414 Idcirco
1821 3367 1877 3413 el.
1919 3373 2054 3427 pras-

473 3448 844 3502 stautissimus
901 3449 989 3503 ille
1043 3447 1276 3514 Petrus,
1325 3462 1432 3501 non
1490 3448 1691 3502 nudum
1741 3456 1797 3502 et
1850 3449 2052 3518 absque

474 3555 640 3596 carne
685 3540 986 3608 reSpicieus
1044 3539 1304 3602 Verbum,
1357 3539 1448 3593 sed
1498 3538 1640 3609 quod
1693 3539 1745 3593 in
1783 3554 1948 3594 carne
1998 3550 2053 3596 et

475 3633 739 3702 sanguine
779 3643 1142 3701 apparuerat,
1193 3632 1532 3686 manifestam
1591 3639 1646 3686 ει
1691 3631 2050 3686 certissimam

477 3725 602 3780 fidei
640 3726 694 3781 in
739 3726 912 3796 ipsmn
957 3724 1349 3794 professionem
1399 3725 1533 3787 edit,
1567 3725 1793 3779 dicens:
1828 3744 1848 3780 ‹
1883 3724 1962 3781 Tu
1994 3742 2054 3781 es

475 3818 734 3874 Christus
766 3817 934 3872 Filius
965 3817 1059 3871 Dei
1093 3817 1219 3872 vivi.
1253 3835 1272 3868 ι
1311 3817 1407 3872 Cui
1440 3815 1689 3871 Christus
1727 3818 2003 3886 respondit
2035 3833 2050 3871 :

483 3911 708 3966 «Beatus
731 3927 809 3973 es,
827 3911 1037 3974 Simon,
1063 3909 1134 3962 fili
1155 3908 1323 3972 λοιπε,
1341 3911 1464 3976 quia
1488 3925 1613 3964 caro
1635 3919 1688 3964 et
1704 3913 1924 3978 sanguis
1949 3926 2053 3963 non

476 4005 734 4062 revelavit
763 4003 881 4065 tibi,
917 4003 1010 4057 sed
1044 4001 1203 4056 Pater
1234 4017 1388 4055 meus
1421 4002 1510 4069 qui
1547 4009 1629 4055 est
1666 4001 1718 4055 in
1750 4002 1904 4056 caelis
1927 4001 1996 4055 ".
2029 4020 2048 4053 ι

477 4093 542 4150 At
581 4095 682 4149 nisi
721 4095 888 4149 altum
941 4107 1128 4148 revera
1175 4102 1259 4146 est
1298 4093 1638 4162 mysterium,
1669 4101 1722 4146 et
1763 4093 1903 4146 Deus
1937 4103 2056 4146 erat

479 4190 536 4244 in
585 4203 750 4241 carne
781 4205 794 4242 :
828 4187 991 4240 homo
1023 4193 1224 4249 autem,
1280 4193 1338 4236 ut
1371 4183 1467 4252 ipsi
1505 4182 1707 4246 volunt,
1742 4181 2053 4237 filiationCm

477 4293 577 4348 per
625 4277 853 4346 gratiam
911 4285 1265 4339 consecutus,
1308 4273 1579 4342 quomodo
1625 4272 1853 4342 indiguit
1909 4283 2057 4327 tanto

480 4369 724 4440 mysterii
768 4369 1020 4430 doctore,
1057 4369 1192 4419 adeo
1239 4376 1297 4418 ut
1351 4380 1511 4418 nemo
1544 4364 1850 4416 mortalium
1887 4363 2051 4419 disciv

478 4463 604 4534 pulo
629 4463 900 4521 revelarit.
935 4461 1026 4517 sed
1060 4476 1088 4514 a
1119 4460 1276 4515 Patre
1307 4460 1422 4529 ipso
1446 4459 1496 4512 id
1521 4459 1745 4512 edoctus
1776 4459 1884 4512 sit?
1915 4459 2057 4525 Quin

478 4566 535 4612 et
563 4554 811 4622 discipuli
844 4569 965 4606 cntn
1007 4552 1154 4606 illutn
1191 4550 1484 4632 aliquando
1515 4550 1566 4602 in
1612 4549 1745 4602 mari
1792 4551 2054 4603 obantbn-
2089 4539 2132 4592 Ῑ)

477 4647 681 4704 lautenu
719 4643 1016 4713 conspicati
1053 4653 1260 4705 essent,
1294 4641 1508 4695 attoniti
1555 4641 1816 4694 miraculo
1844 4640 2055 4711 profes-

479 4738 686 4792 siOnem
725 4736 844 4790 fidei
882 4750 993 4789 suae
1018 4734 1328 4796 ediderunt,
1353 4732 1596 4787 dicentes
1626 4751 1638 4787 :
1675 4750 1694 4783 ι
1723 4731 1862 4787 Vere
1887 4730 2055 4788 Filius

479 4829 573 4885 Dei
603 4845 660 4884 es
683 4829 748 4881 δ’.
785 4847 804 4880 ι
847 4828 916 4882 Αι
951 4828 996 4882 si
1023 4830 1220 4882 nothus
1249 4836 1302 4881 et
1334 4825 1450 4880 falsi
1487 4825 1718 4880 nominis
1740 4835 1842 4890 est,
1869 4836 1923 4880 et
1945 4825 2056 4880 ad—

479 4919 767 4974 ventitium
817 4917 868 4974 ei
920 4927 1003 4971 est
1053 4916 1196 4986 quod
1250 4916 1323 4971 sit
1375 4914 1568 4982 Filius,
1627 4916 1890 4970 mendacii
1941 4917 2059 4972 illos

482 5021 735 5081 arguant,
772 5010 913 5079 quod
939 5019 990 5064 et
1010 5007 1369 5077 jurejurando
1395 5007 1805 5062 confirmarunt.
1832 5008 2060 5075 Adjece-

484 5110 608 5153 runt
635 5101 803 5166 enim,
841 5119 859 5152 ι
892 5114 1038 5166 vere,
1069 5117 1088 5150 ι
1112 5107 1488 5153 asseverantes
1523 5097 1696 5166 ipsum
1721 5112 1842 5153 esse
1865 5098 2062 5152 Filium

485 5188 579 5244 Dei
608 5207 669 5244 ac
704 5191 901 5246 Patris.

2151 3278 2252 3345 τῆς
2295 3273 2437 3328 κατὰ
2491 3272 2670 3342 σάρκα
2705 3271 3011 3340 γεννήσεως
3059 3267 3269 3338 χρόνον.
3330 3266 3391 3318 Εἰ
3439 3264 3548 3334 γάρ
3589 3265 3744 3315 ἐστιν

2154 3364 2410 3436 ὀψιγενὴς
2441 3362 2579 3416 καθὸ
2606 3362 2891 3430 ἄνθρωπος
2915 3361 2944 3413 ό
2987 3355 3357 3429 Ἐμμανουὴλ,
3394 3354 3509 3408 ἀλλ’
3537 3349 3603 3423 ἦν
3634 3351 3741 3421 πρὸ

2156 3457 2357 3520 παντὸς
2414 3455 2606 3517 αἰῶνος
2664 3455 2738 3517 ὠς
2786 3452 2938 3515 Θεός.
2974 3449 3150 3503 Αὑτοῦ
3202 3447 3489 3516 τοιγαροῦν
3538 3445 3633 3499 καὶ
3679 3445 3743 3496 τὸ

2157 3549 2468 3621 πρόσφατον
2501 3543 2880 3616 ἀνθρωπίνως,
2912 3543 3007 3598 καὶ
3045 3541 3106 3595 τὸ
3144 3542 3317 3606 ἀΐδιον
3349 3539 3565 3602 θεῖκῶς,
3603 3535 3743 3588 ταύ-

2153 3659 2224 3716 τῃ
2254 3661 2335 3697 τοι
2363 3642 2456 3696 καὶ
2495 3644 2523 3695 ὁ
2551 3640 2887 3711 πανάριστος
2941 3637 3178 3707 Πέτρος,
3229 3636 3291 3688 οὐ
3341 3633 3568 3704 γυμνὸν,
3613 3629 3742 3684 οὐδὲ

2156 3734 2395 3805 ἄσαρκόν
2425 3730 2844 3800 καταθεώμενον
2867 3729 2958 3782 τὸν
2981 3729 3172 3797 Λόγον,
3209 3725 3323 3779 ἀλλ’
3354 3727 3414 3778 ὲν
3443 3724 3604 3794 σαρκὶ
3647 3721 3746 3775 καὶ

2156 3827 2349 3896 αἵματι
2406 3823 2705 3894 πεφηνότα,
2745 3821 2934 3890 σαφῶς
2971 3837 3032 3873 τε
3073 3819 3171 3872 καὶ
3216 3815 3471 3878 ἀπλανῶς
3513 3815 3612 3884 τῆς
3663 3815 3745 3876 εἰς

2158 3913 2319 3968 αὑτὸν
2364 3912 2601 3974 πίστεως
2645 3910 2747 3981 τὴν
2790 3909 3049 3963 ἀπόδοσιν
3098 3909 3358 3966 ἐποιεῖτο,
3391 3905 3586 3972 λέγων.
3624 3921 3642 3953 ι
3668 3903 3741 3955 Σὺ

2157 4001 2206 4058 εἷ
2233 4007 2260 4058 ὁ
2285 4004 2540 4076 Χριστὸς,
2575 4006 2604 4056 ό
2631 4003 2760 4066 Υἱὸς
2787 4001 2880 4054 τοῦ
2906 3999 3040 4053 Θεοῦ
3075 3998 3170 4052 τοῦ
3196 3998 3415 4063 ζῶντος.
3441 4015 3459 4046 ι
3508 3994 3740 4061 Ἀκήκοε

2156 4097 2213 4150 δὲ
2244 4096 2381 4166 πρὸς
2408 4095 2584 4148 τοῦτο·
2625 4094 2942 4163 «Μακάριος
2973 4087 3044 4156 εἴ,
3078 4091 3283 4161 Σίμων,
3313 4088 3426 4158 Βὰρ
3463 4088 3637 4150 Ἰωνᾶ,
3662 4086 3746 4137 ὅτι

2160 4185 2298 4259 σὰρξ
2329 4185 2423 4240 καὶ
2468 4179 2608 4254 αἷμα
2650 4185 2749 4238 οὐκ
2792 4181 3112 4252 ἁπεκάλυψέ.
3155 4198 3271 4248 σοι,
3307 4179 3421 4233 ἀλλ’
3471 4180 3498 4232 ό
3552 4177 3742 4246 Πατήρ

2162 4298 2288 4351 μου,
2345 4281 2374 4334 ό
2420 4281 2478 4333 ὲν
2529 4281 2643 4342 τοῖς
2703 4278 3020 4348 οὐρανοῖς.»
3096 4274 3236 4328 ’Δ).λ⁹
3276 4275 3325 4327 εί
3389 4271 3464 4343 μὴ
3511 4269 3643 4342 βαθὺ
3683 4267 3745 4320 τὸ

2164 4375 2486 4446 μυστήριον,
2515 4372 2608 4426 καὶ
2641 4370 2772 4433 Θεὸς
2802 4366 2870 4440 ἦν
2910 4370 2967 4421 ἐν
2997 4366 3184 4439 σαρκὶ,
3225 4365 3511 4434 ἄνθρωπος
3533 4362 3588 4415 δὲ
3622 4359 3741 4412 κατ’

2161 4469 2378 4531 αὐτοὺς,
2424 4467 2606 4537 χάριτι
2637 4463 2737 4534 τὴν
2777 4460 3047 4515 υἱοθεσίαν
3091 4460 3252 4529 ἔχων,
3295 4457 3412 4519 πῶς
3443 4455 3509 4508 ἂν
3551 4450 3742 4522 ἐδεήθη

2159 4558 2415 4614 τοσούτου
2447 4553 2830 4628 μυσταγωγοῦ,
2877 4553 2953 4616 ὡς
2988 4552 3192 4621 μηδένα
3227 4549 3325 4620 μὲν
3363 4546 3472 4599 τῶν
3513 4545 3610 4598 ἐπὶ
3646 4543 3744 4611 τῆς

2160 4652 2264 4720 γῆς
2324 4647 2672 4717 ἀποκαλύψαι
2730 4646 2808 4715 τῷ
2865 4644 3106 4715 μαθητῇ.
3157 4641 3452 4711 παιδευτὴν
3497 4638 3555 4690 δὲ
3611 4634 3744 4706 πρὸς

2160 4742 2320 4797 τοῦτο
2367 4741 2550 4810 λαχεῖν
2606 4739 2766 4792 αὑτὸν
2819 4738 2908 4791 τὸν
2955 4736 3206 4806 Πατέρα;
3245 4735 3355 4788 Καὶ
3399 4731 3505 4803 μὴν
3558 4730 3654 4782 καὶ
3699 4731 3745 4782 0i

2163 4832 2443 4889 θεσπέσιοι.
2471 4829 2737 4901 μαθηταὶ,
2772 4827 3056 4882 διαθέοντα
3089 4826 3218 4878 ποτὲ
3244 4825 3341 4895 τῆς
3377 4822 3650 4890 θαλάττης
3679 4820 3746 4874 τὰ

2159 4926 2305 4981 νῶτα
2333 4923 2640 4995 βλέποντες,
2671 4921 3120 4992 κατατεθήπεσαν
3157 4918 3257 4989 μὲν
3291 4917 3390 4988 τὴν
3425 4914 3745 4984 θεοσημίαν,

2159 5017 2470 5089 ὡμολόγουν
2505 5015 2562 5068 δὲ
2589 5016 2688 5086 τὴν
2733 5015 2939 5076 πίστιν,
2971 5012 3241 5080 λέγοντες·
3286 5028 3305 5060 ι
3343 5005 3582 5079 ’Δληθῶς
3612 5001 3745 5058 Θεοῦ

2165 5110 2291 5174 Υἱὸς
2335 5104 2403 5161 εἷ.
2430 5128 2450 5159 ι
2513 5105 2653 5161 Ἀλλ’
2697 5107 2746 5160 el
2789 5104 2942 5168 νόθος
2977 5103 3094 5156 ἐστὶ
3125 5101 3218 5156 καὶ
3243 5098 3616 5171 ψευδώνυμος,
3656 5097 3746 5149 καὶ

2166 5200 2474 5270 εἰσποιητὸν
2522 5199 2635 5270 ἔχει
2676 5199 2737 5252 τὸ
2767 5193 2906 5251 εἶναι
2937 5197 3086 5261 Υἱὸς,
3123 5193 3530 5264 ἐγκαλείτωσαν
3566 5190 3744 5261 αὐτοῖς

484 5281 582 5353 τὴν
607 5281 991 5354 ψευδηγορίανι
1027 5285 1122 5338 καὶ
1153 5281 1312 5336 τοῦτο
1353 5280 1698 5353 ὀμωμοκόσι.
1745 5285 2176 5356 Προστίθείκασι
2244 5291 2353 5365 γὰρ
2397 5292 2478 5357 τὸ,
2510 5291 2748 5362 ἀληθῶς,
2813 5291 2940 5344 Υἱὸν
3015 5287 3177 5342 αὐτὸν
3221 5284 3364 5342 εἶναι
3411 5283 3746 5340 διαϐεϐαιοὺ-

488 5398 642 5458 μενοι
666 5380 759 5435 τοῦ
791 5379 927 5435 Θεοῦ
959 5381 1053 5434 καὶ
1081 5379 1315 5452 Πατρός.

562 5474 618 5528 Β.
663 5471 878 5544 Optime
912 5474 1118 5530 dixisti.

499 5587 503 5591 ·
564 5567 630 5624 Α.
666 5566 783 5633 Quo
809 5576 968 5638 pacto
1008 5577 1189 5623 autem
1227 5569 1392 5624 etiam
1427 5570 1674 5640 proprios
1704 5572 1866 5627 habet
1903 5590 2068 5643 ange-

493 5658 578 5720 los
609 5660 778 5717 Filius
811 5660 1068 5727 hominis,
1115 5669 1172 5716 et
1215 5660 1460 5731 splendet
1492 5661 1546 5718 in
1583 5662 1750 5734 gloria
1780 5663 1956 5720 Patris
1985 5666 2067 5720 sui

572 5841 615 5878 "
654 5840 807 5898 Joan.
837 5854 854 5896 ι
881 5877 896 5907 ,
929 5839 1122 5898 29-31.
1201 5840 1240 5874 “
1271 5840 1456 5901 Matth.
1500 5860 1613 5913 xw,
1651 5844 1732 5910 16,
1770 5843 1854 5900 17.

2246 5480 2306 5533 Β.
2346 5479 2581 5548 Ἀριστα
2616 5476 2772 5548 ἔφης.

2247 5573 2312 5626 Α.
2341 5569 2465 5633 Πῶς
2494 5570 2551 5624 δὲ
2595 5570 2688 5622 καὶ
2729 5568 2894 5631 ἰδίους
2926 5566 3038 5638 ἔχει
3081 5566 3210 5628 τοὺς
3251 5565 3515 5634 ἀγγέλους
3561 5567 3591 5617 ό
3629 5564 3746 5627 re;

2177 5662 2269 5716 τοῦ
2317 5661 2635 5733 ἀνθρώπου,
2691 5659 2983 5733 διαπρέπει
3029 5659 3084 5714 δὲ
3137 5659 3227 5714 καὶ
3277 5659 3333 5711 ἐν
3374 5660 3438 5728 τῇ
3492 5657 3616 5731 δόξῃ
3661 5656 3746 5710 τοῦ

1934 5846 1978 5880 δ’
2005 5842 2197 5902 Matth.
2229 5856 2338 5909 le,
2383 5842 2472 5897 55.
