4038 6534
522 389 658 446 1315

1547 388 1606 441 8.
1645 386 1921 442 CYRILLI
1964 387 2435 443 ALEXANDRINI
2476 390 2796 446 AltCﬂliiP.

3659 398 3801 453 1516

516 496 751 561 videtur,
768 494 1005 550 Verbum
1024 494 1368 550 rarefactum
1383 504 1486 560 est,
1502 498 1595 550 sed
1624 497 1802 566 potius
1819 495 2107 566 ἀνθρωπο-

2220 499 2399 568 ιρίόου
2437 503 2535 569 τῆς
2575 500 2899 570 βασιλικῆςς
2944 501 3140 569 Γέγονε
3169 504 3274 573 γὰρ
3299 545 3316 567 ,
3354 505 3426 567 ὡς
3454 505 3655 571 ἔοικεν,
3693 511 3802 563 οὐκ

518 587 766 657 πολίτης,
786 587 884 640 hoc
911 598 1014 651 est,
1038 586 1273 640 hominis
1297 585 1495 651 incola,
1512 597 1568 640 et
1594 587 1921 642 conveniens
1940 587 2102 642 fuerit

518 679 665 733 illum
692 694 796 731 non
826 678 1095 731 hominem
1118 678 1211 731 sed
1249 678 1543 741 lutinanum
1570 692 1761 732 vocare
1794 696 1807 731 :
1845 680 2103 745 quemad-

524 770 741 825 modum
757 778 813 822 et
831 770 923 837 qui
942 766 1213 822 Nazareth
1232 768 1557 821 iuhabitavit
1583 766 1899 824 Nazarenns
1926 772 2103 825 dictus

516 872 621 922 est,
661 876 763 911 nou
795 857 1086 912 Nazaruth.
1116 858 1370 924 Quinitno
1388 857 1519 911 nihil
1552 872 1772 926 prorsus
1802 859 2098 922 obstiterit,

520 954 565 1006 si
608 963 971 1007 commentum
1006 950 1216 1002 illorum
1251 965 1434 1003 verunt
1463 960 1579 1011 est,
1618 951 1889 1003 hominem
1918 951 2100 1005 vocari

520 1061 622 1097 una
656 1060 775 1097 rum
798 1042 933 1097 Filio
948 1042 1108 1095 etiam
1135 1040 1347 1094 Patrem
1369 1050 1419 1092 et
1443 1039 1702 1108 Spiritqu
1723 1041 2103 1095 saucttthia—

515 1135 653 1189 bitat
680 1137 822 1189 enim
858 1136 908 1186 in
941 1133 1096 1187 nobis
1127 1147 1221 1201 per
1251 1131 1535 1199 Spiritum,
1563 1142 1767 1185 sancta:
1795 1143 1849 1184 et
1872 1135 2103 1185 consub-

515 1230 782 1284 stantialis
800 1225 1081 1279 Trinitatis
1106 1221 1564 1292 plenitudo.Uude
1585 1232 1640 1276 et
1669 1222 1863 1277 Paulus
1885 1225 2058 1293 inquit
2088 1240 2101 1275 :

521 1340 541 1373 ι
580 1326 659 1376 An
711 1320 935 1375 nescitis
969 1320 1106 1386 quod
1146 1317 1399 1384 templum
1434 1317 1527 1370 Dei
1585 1317 1744 1383 estis,
1784 1326 1838 1372 et
1871 1317 2105 1386 Spiritus

518 1414 611 1468 Dei
648 1414 905 1467 inhabitat
936 1411 988 1464 in
1022 1411 1173 1464 vobis
1207 1410 1247 1442 ⁵³
1282 1408 1304 1461 ?
1334 1427 1352 1458 ι
1399 1409 1535 1474 Quin
1566 1419 1623 1463 et
1680 1409 1912 1478 ipsemet
1944 1409 2103 1464 Chri-

514 1517 633 1562 stus
661 1519 676 1557 :
712 1523 731 1555 ι
765 1504 822 1558 Si
856 1505 975 1570 quis
995 1514 1141 1556 amat
1173 1516 1277 1564 me,
1310 1516 1617 1555 sermonem
1650 1516 1825 1555 meum
1849 1503 2103 1563 servabit,

515 1604 565 1650 et
586 1595 745 1649 Pater
784 1608 932 1646 meus
957 1591 1137 1660 diliget
1168 1607 1288 1644 eum
1311 1631 1327 1655 ,
1354 1602 1407 1646 et
1430 1594 1732 1656 veniemus,
1764 1608 1829 1648 ac
1868 1596 2104 1649 mansio-

518 1702 640 1742 nem
679 1686 819 1755 apud
845 1700 966 1737 ιιιιιιι
1000 1684 1261 1738 faciemus
1305 1683 1373 1735 ⁸⁸.
1415 1702 1433 1735 ι
1477 1684 1740 1738 Cmterum
1775 1685 1933 1738 Pater
1962 1686 2105 1739 nulla

518 1779 728 1833 ratione
770 1777 944 1831 dictus
986 1788 1070 1830 est
1123 1778 1317 1837 homo,
1364 1783 1419 1827 ιιι
1453 1791 1550 1829 nec
1594 1776 1829 1845 Spiritus
1861 1789 2103 1841 sanctus,

2206 590 2286 643 ἔτι
2322 590 2425 659 μὲν
2458 591 2597 663 σὰρξ
2624 593 2653 644 6
2683 592 2855 660 Λόγος
2886 592 3027 646 κατὰ
3050 592 3147 657 τὰς
3191 595 3411 664 Γραφὰς
3438 637 3454 661 ,
3498 598 3800 670 ἅνθρωπος

2204 681 2430 751 πολίτης
2462 681 2519 734 δὲ
2558 681 2781 753 μᾶλλον,
2817 685 2912 737 καὶ
2939 680 3008 755 ἦν
3047 685 3339 739 ἀκόλουθον
3375 688 3537 741 αὑτὸν
3583 689 3804 760 ἀνθρω-

2206 776 2362 827 παῖον
2411 774 2632 845 μᾶλλον,
2675 776 2775 829 οὐκ
2802 777 3086 849 ἄνθρωπον
3110 778 3499 846 ὀνομάζεσθαι,
3537 780 3801 854 καθάπερ

2204 867 2400 936 ἀμέλει
2439 869 2532 921 καὶ
2563 871 2592 922 6
2626 870 2963 939 κατοικήσας
3000 870 3100 940 τὴν
3146 871 3433 942 Ναζαρὲτ,
3468 873 3803 944 Ναζωραῖος

2205 960 2517 1029 ὠνόμασται
2537 1003 2552 1025 ,
2583 961 2677 1015 καὶ
2702 962 2760 1014 οὐ
2804 963 3077 1030 Ναζαρέτ.
3119 964 3307 1034 Εἴργει
3338 967 3416 1028 δὲ,
3446 962 3625 1036 οἶμαι,
3662 983 3803 1020 πανο

2206 1051 2378 1114 τελῶς
2410 1051 2582 1115 οὐδὲν,
2607 1051 2765 1123 εἴπερ
2800 1048 2858 1105 εὖ
2891 1052 3037 1123 ἔχειν
3070 1054 3270 1107 οἴονται
3300 1056 3361 1107 τὸ
3392 1057 3581 1124 σφίσιν
3608 1058 3802 1119 αὐτοῖς

2205 1137 2482 1200 ἀσυνέτως
2526 1138 2911 1211 ἐξευρημένον,
2946 1141 3237 1211 ἄνθρωπον
3283 1144 3653 1214 ὀνομάζεσθαι
3701 1147 3801 1197 σὺν

2206 1228 2323 1299 Υίῴ
2363 1230 2454 1282 τὸν
2501 1232 2725 1302 Πατέρα
2767 1234 2863 1285 καὶ
2889 1234 3113 1303 προσέτι
3160 1235 3220 1287 τὸ
3259 1236 3481 1305 Πνεῦμα
3521 1238 3585 1289 τὸ
3616 1239 3803 1303 ἅγιον.

2207 1322 2469 1375 Κατοικεῖ
2498 1324 2602 1393 γὰρ
2631 1324 2689 1377 ὲν
2719 1326 2851 1395 ἡμῖν
2888 1326 2976 1378 διὰ
3002 1324 3099 1378 τοῦ
3130 1327 3468 1395 Πνεῦματος,
3505 1328 3609 1398 τῆς
3631 1329 3805 1396 ἁγίας

2206 1431 2267 1467 τε
2301 1416 2394 1466 καὶ
2432 1417 2720 1485 ὁμοουσίου
2753 1419 2981 1487 Τριαδος
3029 1420 3091 1471 τὸ
3122 1420 3412 1490 πλήρωμα.
3450 1421 3563 1474 Καὶ
3596 1422 3739 1487 γοῦν
3775 1422 3805 1472 6

2209 1506 2418 1571 Παῦλὸς
2450 1525 2637 1579 φησιν’
2674 1530 2692 1560 ι
2725 1512 2840 1564 Οὐκ
2866 1511 3044 1565 οἴδατε
3073 1513 3154 1565 ὅτι.
3188 1515 3315 1576 ναὸς
3347 1513 3483 1565 Θεοῦ
3511 1518 3661 1575 ἐστε,
3696 1515 3800 1567 καὶ

2207 1598 2267 1651 τὸ
2315 1600 2541 1670 Πνεῦμα
2584 1602 2678 1655 τοῦ
2719 1602 2855 1655 Θεοῦ
2882 1607 3130 1657 κατοικεῖ
3170 1607 3229 1657 ὲν
3271 1606 3431 1673 ὑμῖνς
3471 1626 3486 1655 ι
3534 1607 3648 1660 Καὶ
3693 1605 3805 1675 μὴν

2208 1692 2302 1744 καὶ
2332 1693 2538 1756 αὐτὸςὸ
2563 1696 2829 1763 Χριστὸς,
2858 1716 2874 1746 ι
2902 1697 3029 1751 Ἐάν
3054 1714 3139 1760 τις
3169 1698 3360 1767 ἀγαπᾷ
3391 1717 3479 1767 με,
3514 1698 3609 1751 τὸν
3636 1700 3805 1769 λόγον

2212 1802 2313 1854 μου
2342 1789 2595 1857 τηρήσει,
2629 1790 2720 1842 καὶ
2746 1790 2774 1840 6
2805 1790 2995 1861 Πατήρ
3037 1808 3140 1860 μου
3172 1794 3451 1861 ἀγαπήσει
3479 1793 3668 1855 αὐτὸν,
3706 1793 3806 1846 καὶ

515 1868 641 1937 quia
671 1866 722 1921 itt
771 1867 925 1919 nobis
962 1865 1292 1920 habitarunt.
1346 1866 1451 1919 Sed
1484 1867 1715 1920 irrident
1746 1869 1828 1921 isti
1859 1869 2108 1921 incarna-

2220 1878 2563 1948 ἐλευσόμεθα,
2615 1882 2710 1934 καί
2756 1882 2927 1953 μονὴν
2993 1883 3124 1953 παρ’
3162 1883 3312 1954 αὑτῷ
3365 1884 3734 1955 ποιησόμεθα.
3782 1904 3801 1933 ι

514 1963 679 2017 tionis
710 1963 1022 2030 mysterium
1050 1960 1186 2013 adeo
1224 1969 1366 2012 recta
1391 1971 1552 2028 atque
1580 1961 1880 2013 veneranda
1924 1958 2108 2013 Eccle-

518 2054 613 2107 sia:
657 2053 905 2121 dogmata
953 2050 1021 2103 ad
1051 2053 1349 2104 absurdum
1382 2050 1785 2119 detorquentes.
1824 2052 1892 2105 At
1926 2061 2106 2105 nostra

520 2162 736 2202 rursum
786 2146 1042 2212 procedat
1087 2144 1295 2209 oratio,
1336 2144 1553 2197 omissis
1604 2143 1813 2197 illorum
1874 2144 2105 2199 deliriis.

520 2235 578 2292 Si
603 2237 746 2292 enim
784 2237 904 2291 ideo
934 2236 1188 2289 miracula
1221 2236 1424 2299 edidit,
1454 2235 1577 2304 quia
1608 2234 1840 2290 Verbum
1882 2236 1936 2289 in
1987 2237 2105 2305 ipso

518 2340 639 2383 erat
660 2369 676 2395 ,
708 2345 870 2381 ttntttn
906 2328 1135 2394 aliquem
1177 2336 1484 2381 sanctorum
1516 2329 1897 2395 prophetarum
1930 2327 2105 2395 ipsum

520 2436 640 2476 esse
670 2430 932 2474 statuunt.
981 2418 1114 2472 Nam
1143 2429 1196 2472 et
1226 2420 1481 2471 miracula
1513 2434 1609 2487 per
1650 2434 1840 2473 manus
1878 2421 2110 2489 prophe-

524 2524 698 2566 tarum
729 2512 917 2565 edidit.
974 2511 1029 2564 Si
1061 2526 1187 2563 vero
1227 2510 1278 2563 in
1316 2511 1400 2564 his
1436 2509 1627 2563 Filium
1676 2520 1946 2573 statuunt,
1981 2525 2108 2578 pro-

520 2607 748 2679 phetica:
802 2606 914 2659 sive
968 2603 1277 2674 apostolicae
1313 2602 1637 2656 conditionis
1667 2600 1843 2671 ipsum
1882 2602 2106 2656 faciunt.

2231 1968 2367 2021 Ἀλλ’
2397 1970 2609 2039 εἴρηται
2643 1972 2742 2041 μὲν
2775 1973 3027 2043 οὐδαμῶς
3057 1975 3344 2045 ἄνθρωπος
3371 1978 3399 2029 6
3434 1977 3648 2047 Πατὴρ,
3673 1974 3804 2029 οὔτε

2218 2058 2326 2126 μὴν
2355 2058 2415 2110 τὸ
2442 2059 2664 2129 Πνεῦμα
2695 2061 2755 2114 τὸ
2781 2061 2958 2130 ἅγιον,
3001 2062 3089 2117 διὰ
3117 2064 3177 2117 τὸ
3208 2067 3489 2118 κατοικεῖν
3535 2066 3598 2117 ἐν
3641 2066 3803 2134 ἡμῖν.

2216 2148 2419 2201 Γελῶσι
2460 2150 2517 2203 δὲ
2545 2145 2692 2205 οὗτοι
2718 2154 2817 2223 τῆς
2851 2154 3320 2225 ὲνανορωπήσεως
3365 2157 3425 2208 τὸ
3473 2160 3804 2227 μνσῆριον.

2219 2241 2637 2311 περιτρέποντες
2684 2247 2762 2307 εἰς
2808 2244 2872 2297 τὸ
2916 2244 3131 2315 ἀπηχὲς
3190 2244 3260 2297 τὰ
3304 2243 3479 2306 οὕτως
3517 2244 3656 2315 ὀρθὰ
3708 2244 3808 2296 καὶ

2209 2332 2545 2397 ἀξιάκουστα
2575 2334 3015 2406 τῆςἘκκλησίας
3045 2337 3310 2406 δόγματα.
3340 2336 3481 2406 Πλὴν
3508 2338 3609 2388 ῖτω
3639 2335 3810 2388 πάλιν

2211 2427 2343 2495 ἡμῖν
2393 2424 2533 2477 κατὰ
2579 2424 2708 2497 ῥοῦν
2746 2428 2776 2479 6
2818 2427 3010 2495 λόγος,
3062 2430 3173 2489 τοῖς
3218 2428 3440 2479 ἐκείνων
3476 2429 3699 2495 ὲμετοῑς
3750 2426 3811 2476 τὸ

2212 2516 2425 2584 χαιρεῖν
2456 2513 2646 2568 εἰπών.
2680 2516 2745 2570 Εἰ
2773 2516 2903 2587 γὰρ,
2928 2515 3160 2586 ἐπείπερ
3188 2511 3255 2587 ἦν
3285 2518 3312 2568 6
3338 2516 3510 2583 Λόγος
3541 2519 3600 2567 ἐν
3631 2513 3805 2584 αὐτῷ,

2218 2605 2463 2675 σημείων
2508 2607 2733 2675 γέγονεν
2768 2608 3158 2679 ἀποτελεστὴς,
3208 2608 3301 2659 ἕνα
3352 2624 3452 2660 που
3496 2607 3643 2674 τάχα
3697 2605 3808 2657 τῶν

520 2700 693 2770 ἁγίων
730 2697 1025 2771 προφητῶν
1078 2714 1245 2766 φασιν
1293 2696 1476 2750 αὐτόν.
1526 2696 1833 2767 Ἐνήργηκε
1873 2696 1983 2767 γὰρ
2021 2696 2110 2750 διὰ
2150 2699 2333 2769 χειρὸς
2377 2701 2548 2769 ἁγίων
2617 2703 2716 2765 τὰς
2750 2701 3069 2771 Θεοσημίας.
3122 2699 3182 2753 Εἰ
3213 2699 3269 2753 δὲ
3298 2701 3356 2752 ὲν
3419 2698 3632 2762 τούτοις
3664 2692 3809 2751 εἷναί

523 2815 659 2867 φασι
700 2797 790 2851 τὸν
826 2797 974 2862 Υίὸν,
1022 2798 1080 2849 ὲν
1134 2795 1495 2865 προφητικοῖς
1546 2792 1707 2846 αὑτὸν
1758 2794 1925 2862 ἥγουν
1974 2794 2349 2861 ἁποστολικοῖς
2380 2800 2808 2870 κατακομίξουσι
2839 2800 3081 2869 μέτροις.

594 2896 655 2950 Β.
682 2893 872 2948 Nonne
904 2893 1071 2955 enim,
1106 2890 1392 2959 inquiunt,
1429 2890 1606 2943 dictus
1636 2898 1719 2942 est
1764 2889 2024 2959 propheta
2057 2899 2111 2944 et

521 2985 847 3058 apostolus?
876 2984 1058 3053 Neque
1096 2984 1243 3037 enim
1282 2981 1507 3035 falleris.

596 3080 661 3133 Α.
696 3077 904 3147 Moyses
934 3074 1149 3144 quidem
1180 3075 1315 3128 dixit
1339 3074 1403 3128 iis
1432 3074 1522 3144 qtti
1553 3083 1708 3128 erant
1750 3088 1817 3128 ex
1849 3073 2111 3143 sanguine

2294 2892 2442 2945 Β.οὑ
2468 2895 2577 2965 γὰρ
2607 2894 2844 2965 εἴρηται,
2865 2894 3016 2963 φασὶ,
3047 2891 3332 2962 προφήτης
3353 2889 3444 2943 καί
3475 2886 3809 2955 ἀπόστολοςξ;

2218 2985 2319 3039 οὐκ
2344 2986 2410 3039 ἂν
2433 2984 2773 3055 διαψεύσαιο.

2290 3082 2354 3132 Δ.
2407 3079 2467 3131 '0
2498 3079 2701 3149 Μωσῆς
2750 3079 2850 3149 μὲν
2883 3077 2984 3149 ἔφη
3032 3079 3145 3140 τοῖς
3193 3076 3252 3143 ἐξ
3286 3076 3522 3145 αἵματος
3559 3073 3805 3143 Ἰσραήλ·

524 3171 688 3239 Israel
723 3186 737 3222 :
772 3188 789 3221 ι
830 3168 1153 3237 Pruphetatn
1183 3168 1335 3222 vobis
1371 3167 1656 3221 sust-italiit
1685 3166 1942 3219 Dominus
1975 3167 2109 3220 Deus

2226 3191 2244 3222 ι
2283 3174 2575 3245 Προφήτην
2607 3172 2736 3241 ὑμῖν
2774 3173 3074 3241 ἀναστήσει
3117 3170 3321 3240 Κύριος
3346 3168 3375 3218 ὀ
3400 3167 3532 3229 Θεὸς
3555 3166 3718 3236 ὑμῶν
3748 3167 3813 3218 ὲκ

524 3275 706 3318 vester
737 3278 799 3315 ex
840 3260 1097 3314 fratribus
1140 3261 1369 3326 vestris,
1406 3259 1545 3314 sicut
1588 3274 1671 3312 me
1714 3257 1781 3311 ³³.
1820 3276 1839 3309 ι
1894 3258 2031 3324 Quin
2064 3270 2119 3313 et

525 3355 739 3407 divinus
798 3352 1005 3407 Paulus
1066 3352 1298 3407 scribit:
1340 3370 1357 3399 ι
1411 3350 1599 3417 Unde,
1658 3351 1854 3405 fratres
1920 3351 2116 3417 sancti,

526 3442 1077 3500 vacatioiiisrcelestis
1098 3440 1411 3509 participes,
1439 3440 1780 3495 considerate
1819 3442 2117 3510 apostolum

526 3546 582 3592 et
612 3536 917 3605 pontilirem
945 3534 1301 3588 confessionis
1341 3543 1539 3587 ItOSll'zc
1567 3531 1749 3585 .Iesum
1773 3531 1842 3585 ".
1880 3551 1899 3583 ι
1932 3532 2119 3587 Dicant

528 3628 747 3697 itaque,
789 3627 1130 3694 interrogabo
1156 3624 1325 3688 enim,
1365 3641 1493 3677 num
1529 3624 1703 3678 cuivis
1735 3624 1937 3678 homini
1974 3624 2114 3680 laudi

528 3718 623 3781 sit,
664 3717 956 3787 prophetiae
1004 3714 1197 3784 gratia,
1228 3712 1344 3767 site
1373 3712 1670 3779 apostolico
1704 3728 1927 3767 munere
1956 3715 2117 3767 deco-

529 3809 664 3874 rari,
718 3807 900 3863 vocari
940 3821 1071 3861 vero
1096 3806 1261 3860 etiam
1288 3804 1646 3873 pontiticent?

599 4008 662 4066 Β.
714 4008 790 4063 fta
819 4021 1037 4063 censeo.

599 4102 666 4156 Α.
705 4102 864 4170 Atqui
914 4102 1030 4155 haec
1083 4101 1276 4167 exigua
1327 4111 1491 4170 atque
1551 4101 1765 4171 indigna
1806 4101 2117 4170 iudicentur

527 4208 649 4248 esse
678 4194 916 4256 Christo,
942 4203 1213 4261 qttatenus
1244 4203 1333 4247 est
1362 4193 1523 4247 Deus.
1582 4193 1822 4249 Tametsi
1874 4208 1970 4263 per
2001 4195 2115 4248 hanc

530 4287 645 4357 ipse
698 4297 956 4339 cernatur
1023 4286 1368 4348 exinanitns,
1422 4294 1477 4342 et
1522 4300 1628 4340 una
1698 4301 1818 4340 cum
1880 4286 2113 4341 humana

529 4386 721 4431 natura
772 4389 833 4427 ea
863 4373 1159 4442 accepisse.
1204 4373 1666 4439 Quemadmodum
1712 4391 1840 4429 vero
1879 4392 2001 4429 cum
2044 4376 2115 4431 sit

529 4477 720 4523 natura
740 4464 901 4527 Deus,
924 4477 976 4519 et
996 4480 1120 4518 vere
1144 4467 1417 4531 Dominus,
1440 4467 1662 4521 formam
1693 4466 1849 4538 751
1865 4468 2005 4522 Servi
2028 4484 2116 4523 ac-

2220 3265 2329 3319 τῶν
2368 3264 2613 3335 ἀδελφῶν
2658 3263 2844 3335 ὑμῶν,
2892 3264 2965 3327 ὼς
3005 3263 3127 3334 ἐμέ.
3163 3282 3180 3315 ι
3224 3262 3471 3332 Γέγραφε
3519 3259 3580 3312 δὲ
3637 3259 3737 3311 καὶ
3782 3260 3813 3310 6

2222 3360 2510 3422 θεσπέσιος
2540 3357 2755 3421 Παῦλος
2782 3375 2795 3388 ο
2824 3377 2842 3409 ι
2880 3357 3064 3419 Ὥστε,
3098 3355 3320 3423 ἀδελφοὶ
3351 3354 3519 3421 ἆγιοι,
3554 3350 3812 3422 κλήσεως

2220 3452 2543 3521 ἐπουρανίου
2587 3451 2827 3519 μέτοχοι,
2854 3448 3230 3517 κατανοήσατε
3255 3446 3343 3499 τὸν
3378 3444 3680 3498 ἀπόστολον
3715 3441 3812 3495 καὶ

2219 3545 2481 3615 ἀρχιερέα
2519 3543 2619 3613 τῆς
2644 3540 2935 3612 ὁμολογίας
2959 3538 3121 3609 ἡμῶν
3159 3536 3391 3610 Ἰησοῦν.
3426 3556 3442 3587 ι
3479 3534 3813 3606 Φραζόντων

2218 3639 2284 3709 δὴ
2311 3632 2426 3701 οὖν,
2462 3635 2732 3706 ἐρήσομαι
2758 3633 2889 3702 γὰρ,
2918 3627 3006 3701 ἆρ’
3044 3631 3110 3684 ἂν
3138 3629 3348 3698 γένοιτο
3380 3626 3514 3697 πρὸς
3549 3624 3811 3688 εὐκλείας

2219 3728 2492 3799 ἀνθρώπῳ
2544 3725 2708 3779 παντὶ
2751 3724 2851 3793 τῆς
2904 3721 3244 3794 προφητείας
3297 3721 3330 3790 ὴ
3384 3719 3581 3789 χάρις,
3637 3718 3812 3787 ἧγοιιν

2220 3820 2593 3875 ἀποστολικῶν
2637 3817 2934 3888 ἀξιωθῆναι
2979 3814 3192 3887 γερῶν,
3241 3811 3580 3885 χρηματίσαι
3617 3809 3675 3862 δὲ
3714 3807 3809 3863 καὶ

2221 3914 2502 3988 ίερουργόν
2520 3931 2535 3980 ;
2840 3911 2846 3921 ’

2292 4007 2350 4059 Β.
2388 4006 2556 4076 Φημί.

2288 4099 2351 4149 Α.
2396 4096 2559 4148 Ἀλλὰ
2586 4094 2748 4147 ταυτὶ
2766 4094 2831 4166 δὴ
2871 4094 3044 4164 μικρὰ
3075 4091 3168 4144 καὶ
3192 4090 3290 4143 οῦκ
3316 4086 3622 4158 ἀξιόληπτα
3646 4085 3805 4154 φαῖεν

2218 4188 2285 4243 ἂν
2317 4183 2457 4241 εἶναι
2493 4188 2735 4258 Χριστῷ,
2771 4185 2906 4240 καθὸ
2934 4188 3135 4239 νοεῖται
3161 4184 3314 4248 Θεὸς,
3349 4181 3449 4235 κᾶν
3475 4178 3567 4232 διὰ
3594 4177 3801 4231 τούτων

2217 4280 2399 4334 αὐτῶν
2424 4281 2617 4352 ὁρᾶται
2652 4278 3026 4348 κεκενωμένος
3060 4318 3074 4342 ,
3105 4278 3198 4331 καὶ
3227 4276 3365 4346 μετὰ
3394 4274 3491 4344 τῆς
3520 4268 3800 4341 ἀνθρωπό-

2215 4391 2376 4444 τητος
2426 4373 2609 4425 λαϐὼν
2663 4370 2821 4424 αὐτὰ.
2871 4370 3086 4439 ’Ὥσπερ
3118 4369 3175 4422 δὲ
3216 4368 3349 4430 Θεὸς
3379 4364 3457 4418 ὢν
3498 4366 3661 4433 φύσει
3706 4359 3799 4411 καὶ

2217 4466 2423 4536 Κύριος
2450 4463 2667 4535 ἀληθῶς
2691 4505 2706 4526 ,
2756 4462 2913 4515 ἔλαόε
2943 4461 3132 4514 δούλου
3177 4459 3413 4529 μορφὴν,
3448 4456 3543 4510 καὶ
3570 4456 3631 4506 ὲν
3660 4452 3800 4522 αὐτῇ

527 4559 691 4629 cepit,
725 4567 909 4628 utpote
938 4560 993 4611 in
1024 4572 1087 4611 ca
1118 4570 1310 4625 natus,
1342 4571 1394 4613 et
1428 4571 1611 4615 nostra
1647 4564 1936 4631 assumpsit
1974 4578 1991 4616 :
2039 4564 2109 4617 ita

2220 4557 2461 4629 γεγονὼς
2488 4599 2503 4623 ,
2537 4558 2632 4611 καὶ
2677 4559 2736 4609 ὲν
2784 4554 3088 4628 προσλήψει
3136 4552 3245 4605 τῶν
3276 4550 3399 4604 καθ’
3434 4550 3613 4619 ἡμᾶς,
3659 4544 3802 4598 οὕτω

528 4665 742 4720 quoque
792 4662 846 4705 et
894 4652 1189 4721 prophetia:
1230 4652 1476 4720 Spiritum
1527 4654 1709 4716 dedit,
1738 4664 1792 4707 ct
1837 4655 2111 4723 apostolos

527 4745 903 4807 constituens,
957 4752 1011 4796 et
1060 4743 1337 4811 pontifices
1382 4759 1612 4808 creans,
1662 4745 1833 4798 factus
1886 4756 1969 4800 est
2019 4760 2114 4814 per

527 4837 709 4893 omnia
758 4835 954 4889 similis
1013 4833 1284 4891 fratribus.
1353 4835 1430 4890 Ita
1468 4839 1610 4892 enint
1654 4848 1877 4892 vocatus
1916 4846 2003 4893 est
2058 4847 2114 4893 et

527 4929 810 5000 propheta,
838 4937 892 4981 et
916 4928 1213 4995 apOstolus,
1241 4936 1295 4981 et
1329 4929 1589 4996 pontifex.

600 5015 660 5070 Β.
693 5019 986 5082 (ᾄσειοι-υιιι,
1006 5030 1064 5070 ιιι
1085 5019 1245 5071 etiam
1271 5019 1399 5072 dent
1430 5019 1601 5087 ipsum
1622 5035 1740 5073 esse
1767 5019 2110 5090 prolihetam,

526 5125 635 5168 non
672 5121 923 5180 tanquam
958 5130 1123 5169 unum
1169 5127 1233 5166 ex
1296 5112 1573 5181 prophetis
1628 5111 1833 5166 factum
1901 5113 2110 5176 dicunt,

528 5205 623 5262 sed
649 5206 826 5277 potius
849 5205 1005 5276 longe
1032 5204 1149 5258 illos
1167 5219 1449 5273 superare.
1482 5202 1545 5256 lli
1608 5204 1752 5257 enim
1801 5215 2005 5259 certam
2052 5218 2118 5257 ac

529 5297 806 5353 definitam
856 5311 950 5368 pro
973 5314 1037 5351 eo
1067 5310 1132 5350 ac
1174 5296 1351 5350 visum
1406 5293 1506 5348 fuit
1536 5294 1644 5348 Deo
1664 5296 1893 5365 gratiam
1922 5309 2115 5351 conse-

531 5394 639 5446 cuti
673 5401 822 5459 sunt,
847 5401 901 5447 et
936 5407 1056 5463 qua:
1083 5392 1134 5446 in
1162 5390 1561 5461 temporeipsis
1597 5392 1800 5445 accidit
1828 5405 1842 5443 :
1876 5389 1965 5444 hic
1985 5403 2117 5444 vero

532 5481 724 5551 plenus
740 5494 861 5537 erat
894 5482 1122 5539 Deitatis
1146 5483 1314 5538 etiam
1349 5499 1416 5538 ex
1450 5484 1562 5552 ipsa
1590 5482 1776 5538 statim
1811 5481 2113 5539 nativitate.

454 5572 458 5576 “
536 5574 731 5635 ederat
756 5571 901 5627 enim
932 5574 1031 5643 ipsi
1061 5575 1199 5630 Deus
1217 5574 1488 5632 exsistens
1516 5572 1768 5631 Verbum.

600 5662 666 5714 Δ.
699 5661 838 5732 Ergo
856 5664 1154 5732 quantitate
1178 5667 1387 5737 gratiae,
1405 5676 1459 5721 et
1492 5665 2109 5738 longinquitatetempoo

595 5844 641 5876 "
672 5839 842 5897 lCor.
874 5857 957 5905 ttt,
1026 5843 1108 5895 i8.
1190 5846 1232 5876 "
1273 5844 1425 5898 50m.
1456 5860 1564 5909 xiv,
1597 5840 1684 5895 9.3.
1766 5844 1808 5875 ³³
1848 5844 2004 5898 Deut.
2044 5860 2195 5907 xrttt,
2236 5843 2315 5896 l5.

2218 4652 2313 4703 καὶ
2341 4650 2441 4720 τῆς
2468 4649 2809 4721 προφητείας
2848 4647 2909 4699 τὸ
2938 4644 3165 4715 Πνεῦμα
3192 4644 3365 4705 διδοὺς
3383 4682 3398 4707 ,
3431 4641 3527 4694 καὶ
3569 4637 3804 4691 ἀποστό-

2218 4742 2343 4805 λους
2373 4739 2716 4804 ἀναδεικνὺς,
2750 4738 2844 4792 καὶ
2875 4736 3142 4799 καθιστὰς
3170 4732 3510 4805 ἱερουργοὺς,
3540 4725 3800 4798 ὡμοιώθη

2218 4832 2364 4888 κατὰ
2394 4833 2573 4887 πάντα
2599 4835 2714 4895 τοῖς
2748 4830 2995 4900 ἀδελφοῖς
3016 4846 3028 4857 ·
3061 4825 3355 4898 ὠνομάσθη
3384 4824 3491 4893 γὰρ
3517 4821 3686 4881 οὕτω,
3709 4819 3803 4871 καὶ

2217 4929 2527 4999 προφήτης,
2565 4927 2657 4980 καὶ
2685 4924 2982 4985 ἀπόστολος
3004 4963 3018 4986 ,
3055 4922 3153 4974 καὶ
3182 4918 3493 4992 ἀρχιερεύς.

2290 5020 2351 5073 Β.
2409 5019 2544 5073 Ἀλλ’
2578 5021 2626 5073 εί
2667 5019 2760 5071 καὶ
2803 5017 2943 5070 δοῖεν
2974 5015 3137 5070 αὑτὸν
3167 5010 3305 5067 εἶναι
3346 5012 3634 5084 προφήτην
3655 5054 3671 5078 ,
3705 5011 3805 5079 οὐχ

2220 5113 2296 5177 ὼς
2324 5112 2423 5167 ἕνα
2450 5110 2560 5165 τῶν
2591 5110 2888 5182 προφητῶν
2920 5107 3175 5179 γενέσθαι
3206 5106 3389 5177 φασιν,
3438 5101 3804 5176 ὑπερκεῖσθαι

2212 5202 2271 5257 δὲ
2314 5202 2517 5274 μᾶλλον
2555 5202 2692 5256 πολὺ
2734 5202 2802 5256 τὰ
2849 5201 3093 5255 ἐκείνων.
3128 5200 3192 5253 Οἱ
3222 5199 3320 5269 μὲν
3348 5196 3477 5267 γὰρ,
3517 5210 3801 5266 μεμετρη-

2218 5293 2387 5366 μένην
2427 5294 2572 5349 κατὰ
2596 5294 2657 5349 τὸ
2686 5292 2763 5365 τῷ
2801 5291 2923 5363 Θεῷ
2952 5291 3148 5347 δοκοῦν
3191 5292 3462 5361 ἐσχήκασι
3490 5288 3676 5358 χάριν,
3706 5288 3804 5339 καὶ

2217 5388 2276 5442 ὲν
2297 5388 2476 5459 χρόνῳ
2505 5386 2951 5458 προσγενομένην
2974 5386 3161 5447 αὐτοῖς
3184 5399 3197 5413 ο
3220 5386 3247 5436 6
3270 5382 3324 5435 δὲ
3360 5382 3571 5452 πλήρης
3601 5374 3674 5449 ἦν
3701 5376 3804 5447 τῆς

2217 5479 2493 5553 Θεότητος,
2524 5478 2619 5533 καὶ
2647 5478 2706 5547 ἐξ
2736 5479 2905 5551 αὐτῆς
2940 5477 3103 5552 εὐθὺς
3129 5477 3228 5547 τῆς
3258 5475 3565 5546 γεννήσεως
3588 5488 3600 5500 ”
3634 5468 3803 5537 συνῆν

2217 5573 2327 5644 γὰρ
2351 5569 2500 5641 αὗτῷ
2527 5569 2659 5635 Θεὸς
2690 5569 2765 5625 ὢν
2792 5573 2821 5625 6
2856 5570 3046 5639 Λόγος.

2290 5664 2353 5717 Δ.
2396 5660 2606 5717 Οὐκοῦν
2653 5663 2711 5715 ιν
2766 5660 3027 5729 ποσότητι
3079 5661 3338 5730 χάριτος,
3385 5660 3480 5715 καὶ
3528 5658 3591 5711 ἐν
3636 5656 3801 5724 μήκει

2401 5842 2443 5870 ⁸⁵
2481 5838 2647 5895 Hebr.
2687 5856 2766 5903 ιιι,
2799 5841 2847 5892 l.
