4038 6506
229 353 360 415 15ιῖ

1363 350 1552 418 QUOD
1596 349 1776 406 UNUS
1815 349 1922 406 SIT
1961 346 2323 408 CHRISTUS.

3355 355 3492 423 i318

224 465 422 538 καιροῦ
466 465 935 537 πεπλεονέκτηκεν
966 467 994 518 ὁ
1021 467 1276 538 Χριστος,
1331 468 1457 528 τοὺς
1491 465 1600 535 πρὸ
1633 466 1798 520 αὐτοῦ
1831 517 1835 527 ,

1918 467 1980 523 ris
2009 467 2279 536 superavit
2309 465 2561 522 Christus
2599 482 2693 524 eos
2725 468 2817 538 qui
2854 477 2979 524 ante
3030 469 3205 540 ipsum
3266 472 3492 527 exstite-

223 559 518 630 γεγονότας
576 558 764 626 ἁγίους
813 559 1140 629 προφήτας,
1189 559 1283 613 καὶ
1338 559 1499 613 τοῦτό
1539 561 1686 613 ἐστιν
1745 561 1802 614 ὲν

223 649 377 720 αὐτῷ
413 651 474 702 τὸ
507 648 804 717 ἐξαίρετον.
854 648 1147 719 Πρόκειται
1196 649 1252 702 δὲ
1300 650 1801 721 πολυπραγμονεῖν,

223 743 275 797 ει
320 743 608 812 προφήτης
653 739 826 802 ὅλως,
876 741 969 792 καὶ
1017 740 1134 792 οῦτι
1180 758 1282 794 που
1328 742 1390 794 τὸ
1436 742 1699 814 μᾶλλονῆ
1745 743 1805 797 τὸ

229 837 380 906 μεῖον
407 831 624 903 ἓχων,ἢ
667 833 760 884 καὶ
795 831 1225 902 ὑπερκείμενος,
1258 834 1332 898 ὡς
1363 833 1420 886 ἐν
1461 851 1524 902 γε
1557 835 1636 906 τῷ
1665 831 1806 889 εἶναι

225 930 534 999 προφήτην,
581 927 676 980 καὶ
718 924 796 996 τῷ
829 925 903 997 μὴ
932 927 1075 997 πέρα
1113 927 1311 998 μέτρου
1343 928 1437 981 τοῦ
1469 929 1591 982 καθ’
1617 931 1802 1000 ἡμᾶς,

225 1018 288 1073 τὸ
322 1016 738 1089 σμικροπρεπές
762 1018 910 1070 ἐστιν
933 1017 1104 1088 αὐτῷ,
1130 1018 1234 1072 κᾶν
1264 1021 1312 1073 εἰ
1344 1021 1604 1091 ἀπαρχῆς
1630 1024 1804 1074 νοοῖτο

225 1108 388 1162 τοῦτο
431 1108 714 1179 ὑπάρχων,
759 1108 1010 1180 καθάπερ
1058 1110 1249 1182 ἀμέλει
1291 1113 1386 1166 καὶ
1430 1114 1458 1164 ὁ
1503 1113 1808 1184 θαυμάσιος

225 1199 542 1273 Βαπτιστὴς
589 1202 718 1274 περὶ
743 1195 802 1255 οῦ
828 1221 994 1275 φησιν
1017 1205 1044 1257 ό
1076 1207 1346 1276 μακάριος
1377 1204 1624 1273 ἄγγελος·
1651 1225 1668 1257 ι
1696 1207 1805 1259 Καὶ

227 1293 548 1364 Πνεῦματος
579 1295 734 1363 ἁγίου
767 1295 1139 1366 πλησθήσεται
1164 1296 1244 1349 ἔτι
1275 1298 1337 1350 ὲκ
1361 1297 1566 1361 κοιλίας
1601 1298 1806 1369 μητρὸς

228 1387 416 1442 αὐτοῦ.
453 1407 472 1440 ι
509 1383 641 1441 Εἶτα
676 1387 794 1450 πῶς
837 1390 864 1441 ὁ
912 1388 1008 1458 μὲν
1037 1383 1104 1460 ἦν
1131 1389 1368 1458 οἰκέτης,
1411 1390 1440 1441 ὁ
1479 1388 1535 1441 δὲ
1571 1391 1681 1452 τοῖς
1722 1389 1806 1442 δε-

231 1484 510 1545 σποτικοῖς
541 1479 845 1551 ἀξιώμασιν
876 1481 1261 1552 ὲναόρύνεται;
1312 1483 1422 1536 Καὶ
1472 1483 1667 1534 ἑαυτοῦ
1707 1483 1805 1552 μὲν

229 1573 378 1646 πέρι,
411 1574 574 1644 φησιν
619 1574 648 1625 ὁ
678 1573 948 1644 μακάριος
999 1573 1286 1644 Ἰωάννης·
1329 1593 1346 1626 ι
1387 1574 1446 1627 ’0
1485 1573 1561 1627 ὢν
1599 1576 1664 1628 ἐκ
1705 1575 1806 1644 τῆς

227 1666 353 1737 γῆς,
375 1667 440 1720 ὲκ
463 1666 562 1737 τῆς
592 1667 694 1736 γῆς
723 1666 888 1719 λαλεῖ.
925 1685 942 1717 ι
977 1667 1112 1737 Περὶ
1137 1667 1190 1719 δέ
1212 1684 1275 1735 γε
1301 1666 1395 1719 τοῦ
1433 1666 1802 1737 Ἐμμανουήλσ

235 1775 253 1810 ι
277 1758 335 1811 ’0
367 1758 570 1812 ἄνωθεν
596 1760 911 1829 ἐρχόμενος,
941 1760 1127 1812 ἐπάνω
1163 1759 1380 1812 πάντων
1415 1759 1549 1815 ἐστί.
1589 1779 1609 1812 ι

1909 569 2038 616 runt
2063 572 2279 616 sanctos
2303 562 2592 630 prophetas
2625 580 2640 616 :
2674 574 2836 632 atque
2878 564 2978 617 hoc
3008 573 3091 617 cst
3141 565 3191 616 in
3229 563 3345 633 ipso
3369 565 3487 618 exi-

1910 653 2097 707 mium.
2127 653 2467 723 Propositum
2503 669 2632 709 vero
2665 666 2746 709 est
2768 655 3065 724 inquirere,
3098 672 3224 710 unm
3253 659 3491 724 prophe-

1907 753 1960 798 ta
1985 745 2207 800 omnino
2231 746 2411 810 fuerit,
2446 763 2550 800 non
2595 756 2774 802 autem
2804 764 2870 800 an
2934 747 3106 814 major
3151 760 3241 800 aut
3293 751 3491 813 minor,

1915 846 2010 890 aut
2053 839 2348 905 superior:
2379 839 2452 892 ita
2485 846 2542 891 ιιι
2577 839 2630 892 in
2665 853 2729 891 eo
2762 839 2904 906 quod
2967 839 3034 892 sil
3088 843 3392 910 propheta,
3442 851 3497 895 et.

1910 928 2052 997 quod
2087 945 2190 981 non
2225 929 2713 983 excedatnostram
2772 929 3168 988 conditionem.
3221 932 3532 988 humilitas:

1909 1015 2027 1085 ejus
2052 1020 2332 1082 consistat,
2373 1019 2587 1074 tametsi
2644 1019 2694 1072 iil
2738 1020 2806 1072 ab
2862 1020 3020 1074 initio
3067 1021 3342 1074 exstitisse
3369 1039 3496 1076 evu-

1909 1119 2115 1174 seatur,
2140 1111 2276 1166 sicut
2307 1123 2360 1165 et
2383 1112 2600 1167 divinus
2635 1111 2892 1181 Baptista,
2917 1113 3104 1182 dequo
3133 1113 3263 1166 dicit
3298 1112 3487 1167 beatus

1911 1203 2169 1273 angelus:
2207 1222 2224 1255 ι
2258 1201 2325 1258 Ει
2379 1203 2584 1271 Spiritu
2628 1215 2815 1258 sancto
2877 1203 3171 1272 replebitur
3226 1203 3401 1258 adhuc
3439 1205 3494 1258 in

1910 1304 2066 1348 utero
2096 1297 2285 1350 matris
2311 1311 2421 1349 sua:
2455 1296 2522 1349 ⁸⁸.
2572 1313 2592 1348 ι
2621 1296 2822 1350 Deinde
2845 1296 3120 1372 quomodo
3153 1295 3239 1350 hic
3259 1295 3482 1365 quidem

1911 1391 2026 1436 erat
2049 1397 2262 1450 servus,
2296 1384 2384 1438 ille
2411 1400 2538 1439 vero
2586 1384 2862 1438 Dominica
2909 1385 3170 1453 dignitate
3227 1383 3494 1440 illustris?

1909 1473 1988 1528 Ac
2016 1475 2082 1529 de
2105 1476 2283 1544 seipso
2313 1476 2503 1532 beatus
2542 1475 2779 1531 Joannes
2806 1477 2878 1530 ita
2903 1477 2978 1530 ait
3006 1492 3021 1529 :
3058 1494 3076 1527 ι
3113 1477 3214 1544 Qui
3247 1493 3314 1530 ex
3346 1487 3494 1532 terra

1910 1575 2014 1629 est,
2055 1577 2266 1622 terrena
2299 1568 2562 1638 loquitur;
2599 1588 2618 1621 ι
2649 1570 2714 1622 de
2741 1569 3090 1624 Emmanuele
3123 1585 3255 1626 vero
3285 1588 3299 1624 :
3338 1587 3356 1621 ι
3384 1569 3490 1638 ραι

1911 1673 1942 1712 e
1966 1660 2214 1730 supernis
2238 1661 2401 1726 venit,
2439 1677 2602 1730 supra
2640 1677 2830 1717 oumes
2860 1672 2942 1716 est
2982 1662 3047 1714 ".
3091 1682 3111 1714 ι

301 1851 360 1906 Β.
393 1849 580 1904 Καίτοι
605 1852 761 1920 φαῖεν
791 1850 857 1904 ἂν
894 1848 1044 1915 ἴσως,
1074 1850 1280 1904 ἄνωθέν
1307 1867 1369 1903 τε
1396 1848 1559 1914 εἶναι,
1582 1838 1808 1922 καὶμὴν

1983 1833 2043 1887 Β.
2077 1833 2240 1906 Atqui
2301 1836 2536 1892 dixerint
2583 1837 2814 1893 fortasse
2865 1854 2896 1893 e
2931 1841 3201 1909 supernis,
3233 1849 3287 1897 et
3331 1857 3495 1911 supra

231 1941 325 1996 καὶ
369 1940 555 1994 ἐπάνω
588 1941 826 2004 πάντων,
862 1940 953 1992 τὸν
1003 1942 1068 1993 ἐκ
1111 1940 1245 1994 Θεοῦ
1287 1941 1498 2012 Πατρὶς
1529 1944 1809 2012 πεφηνότα

232 2034 436 2098 Λόγον,
479 2031 680 2086 δεδίασι
728 2030 784 2083 δὲ
823 2031 1147 2103 προσνέμειν
1185 2031 1335 2102 αὐτῷ
1371 2033 1438 2085 τά
1472 2032 1806 2103 ἀνθρώπινα,

233 2124 310 2197 μὴ
335 2125 442 2195 ἄρα
477 2141 594 2186 πως
639 2123 877 2176 ἀδικοῖτο
913 2123 984 2176 δι’
1019 2123 1221 2186 αὐτῶν,
1264 2126 1357 2177 καὶ
1388 2125 1810 2196 κατακομίζοιτο

230 2216 368 2290 πρὸς
415 2214 477 2268 τὸ
518 2215 793 2277 δυσκλεές.
843 2214 1028 2288 Ταύτῃ
1075 2233 1159 2268 τοι
1204 2215 1560 2270 διατείνονται
1620 2218 1809 2271 λαϐεῖν

229 2307 395 2363 αὐτὸν
427 2306 712 2377 ἄνθρωπον
731 2347 745 2368 ,
779 2306 956 2377 ἑαυτῷ
988 2324 1045 2359 τε
1080 2306 1269 2360 τοῦτον
1300 2308 1566 2378 συνάψαι,
1599 2313 1726 2380 περὶ
1751 2311 1810 2364 ὃν

232 2397 302 2454 ἂν
326 2399 539 2468 γένοιτό
570 2415 628 2450 τε
675 2398 769 2451 καὶ
811 2397 1020 2467 λέγοιτο
1046 2397 1116 2451 τά
1145 2398 1480 2469 ἀνθρώπινα.
1519 2401 1714 2456 Ἔσται
1753 2403 1811 2457 δὲ

231 2490 368 2554 ὅλως
409 2493 487 2554 εἰς
528 2489 626 2562 τὴν
673 2490 838 2545 αὑτοῦ
887 2489 984 2544 τοῦ
1027 2491 1200 2559 Λόγου
1258 2490 1450 2559 φύσιν,
1504 2490 1567 2545 τὸ
1613 2491 1810 2563 βλάδος

229 2580 407 2637 οὐδέν.

303 2672 368 2725 Α.
409 2669 639 2734 Οὐκοῦν,
687 2670 872 2742 ἕτερος
908 2672 1006 2741 μὲν
1051 2669 1502 2741 ὁμολογουμένως
1543 2673 1704 2726 νοοῖτ’
1745 2673 1811 2728 ἂν

232 2764 331 2821 καὶ
361 2764 570 2833 λέγοιτο
622 2767 750 2836 παρ’
797 2763 981 2825 αὑτὸν,
1024 2764 1053 2816 ὁ
1099 2761 1362 2832 ληφθείς·
1397 2761 1534 2833 πλὴν
1581 2764 1642 2816 οὐ
1693 2766 1812 2826 ταῖς

236 2853 462 2908 ικείνων
484 2852 835 2922 ἁδελτηρίαις
880 2850 1140 2922 ἑψόμεθα,
1168 2851 1291 2904 οὔτε
1328 2853 1434 2922 μὴν
1461 2853 1682 2921 ὁριστὰς
1710 2855 1810 2906 αῦ-

235 2946 361 3010 τοῦς
408 2947 501 3000 καὶ
535 2945 888 3016 καινοτόμους
928 2944 1026 3014 τῆς
1070 2945 1280 2996 ἑαυτῶν
1328 2945 1668 3015 ποιησόμεθα
1715 2947 1808 3000 πί-

239 3054 430 3103 στεως,
462 3037 559 3108 τὴν
589 3038 738 3108 ἱεράν
769 3037 1033 3105 παρέντες
1068 3036 1318 3107 Γρσφὴν,
1358 3041 1450 3091 καὶ
1481 3038 1578 3108 τὴν
1607 3041 1672 3092 ὲκ
1703 3039 1812 3092 τῶν

1913 1945 2102 1986 Omnes
2135 1945 2255 1984 esse
2291 1930 2521 1983 Verbum
2553 1943 2616 1984 ex
2652 1931 2761 1984 Deo
2785 1930 2945 1986 Patre
2976 1935 3216 2002 genitum
3247 1952 3260 2000 ;
3300 1950 3496 1990 veren-

1915 2031 2002 2076 tur
2041 2033 2218 2076 autem
2263 2021 2337 2076 illi
2394 2022 2634 2076 tribuere
2674 2019 2932 2090 liumana,
2966 2039 3032 2078 ne
3079 2025 3254 2095 ipsum
3296 2026 3494 2096 injuria

1913 2111 2145 2178 afficere,
2197 2113 2532 2183 gloriamque
2579 2115 2746 2182 ipsius
2807 2114 3125 2170 imminuere
3178 2117 3485 2172 videantur.

1914 2205 2118 2261 ldeirco
2145 2206 2475 2260 contendunt
2511 2205 2682 2274 ipsum
2720 2220 3000 2260 assumere
3015 2206 3317 2273 hominem,
3348 2225 3496 2263 euut-

1914 2312 2016 2366 qne
2046 2296 2146 2351 sibi
2161 2297 2506 2366 canjungere,
2530 2297 2581 2350 in
2632 2312 2791 2368 quem
2852 2301 3048 2352 cadant.
3080 2309 3134 2353 et
3158 2303 3225 2354 de
3259 2317 3369 2372 quo
3416 2301 3500 2355 dio

1914 2399 2106 2441 cantur
2152 2387 2385 2440 hominis
2419 2388 2825 2456 proprietates;
2862 2390 2932 2442 ita
3002 2401 3060 2444 ιιι
3107 2389 3267 2446 Verbi
3332 2393 3499 2464 ipsius

1916 2486 2106 2531 natura
2144 2476 2345 2531 nullum
2375 2479 2598 2532 omnino
2630 2479 3014 2534 detrimentum
3063 2483 3318 2552 accipiat.

1983 2655 2051 2708 Α.
2108 2654 2360 2710 Diversus
2393 2655 2576 2725 itaque
2615 2659 2667 2712 in
2719 2659 3030 2716 universum
3066 2673 3120 2717 et
3148 2665 3256 2719 erit
3277 2674 3331 2721 et
3355 2667 3500 2724 (liceo

1916 2754 2004 2801 tur
2037 2750 2105 2803 ab
2158 2749 2296 2817 ipso,
2341 2749 2386 2802 is
2428 2751 2517 2817 qui
2548 2764 2859 2823 assumptus
2917 2764 3018 2810 est.
3075 2755 3340 2813 Caeterum
3398 2775 3500 2816 nos

1916 2839 2127 2894 illorum
2162 2843 2490 2913 imperitiam
2543 2844 2690 2899 nullo
2740 2847 2900 2902 modo
2928 2847 3279 2913 sectabimur,
3342 2865 3498 2907 sacra

1918 2931 2197 3003 Scriptura
2270 2938 2567 3005 praeterita,
2625 2945 2681 2992 et
2732 2949 3044 2994 sanctorum
3131 2941 3496 3010 apostolorum

1915 3038 2076 3097 atque
2108 3029 2560 3098 evangelistarum
2623 3031 2914 3084 traditione
2971 3041 3280 3102 contempta
3315 3051 3494 3106 nequo

239 3131 408 3200 ἁγίων
435 3129 771 3192 ἀποστόλων,
804 3129 898 3182 καὶ
930 3129 1333 3197 εὐαγγελιστῶν
1372 3129 1671 3200 παράδοσιν
1697 3131 1812 3183 άτι-

1919 3119 1964 3174 si
1999 3120 2210 3173 illorum
2240 3133 2474 3175 mentem
2507 3132 2650 3176 tanta
2705 3122 3050 3178 imbecillitas
3103 3135 3266 3192 atque
3325 3127 3497 3195 impe-

241 3222 546 3293 μάσαντες·
602 3220 723 3272 οὐδὲ
776 3219 1007 3288 ἐπείπερ
1066 3220 1252 3282 αὐτοῖς
1308 3219 1545 3290 ἀδρανής
1597 3237 1656 3273 τε
1720 3222 1817 3274 καὶ

235 3311 613 3382 ἀμαθέστατος
653 3310 947 3381 ἐνῴκισται
980 3309 1137 3374 νοῦς,
1168 3312 1263 3363 καὶ
1292 3310 1352 3363 τὸ
1387 3309 1480 3363 τοῦ
1514 3313 1815 3383 μυστηρίου

241 3403 404 3475 βάθος
449 3403 688 3457 κατιδεῖν
728 3404 824 3472 οὐχ
874 3396 984 3462 οἷός
1033 3418 1115 3464 τε,
1167 3403 1338 3474 ταύτῃ
1375 3420 1459 3456 τοι
1509 3404 1603 3456 καὶ
1656 3407 1818 3474 ἡμεῖς

235 3494 594 3566 πλανώμεθα,
643 3491 1138 3563 συναμαθαίνοντες
1169 3493 1383 3556 αὐτοῖς,
1417 3493 1508 3546 καὶ
1557 3494 1618 3547 τὸ
1663 3495 1818 3558 eoos;

238 3587 338 3659 τῆς
374 3587 630 3657 ἀληθείας
665 3587 802 3640 ἱέναι
830 3584 1277 3656 παραιτούμενοι.
1304 3587 1493 3656 Ἱσμεν
1525 3585 1580 3638 δὲ
1608 3603 1814 3658 γεγρα-

238 3681 379 3750 φότα
410 3678 500 3732 τὸν
549 3677 842 3749 ἱερώτατον
887 3676 1122 3742 Παῦλον,
1173 3678 1254 3730 ὅτι
1289 3676 1396 3748 χρὴ
1451 3697 1468 3729 ι
1522 3681 1816 3749 λογισμοὺς

238 3771 536 3842 καθαιρεῖν,
583 3771 678 3824 καὶ
727 3771 836 3823 πᾶν
883 3768 1084 3840 ὕψωμα
1130 3769 1493 3840 ἐπαιρόμενον
1539 3773 1678 3826 κατὰ
1715 3771 1818 3843 τῆς

237 3863 496 3932 γνώσεως
527 3862 624 3916 τοῦ
669 3861 838 3928 Θεοῦ,
882 3862 978 3915 καὶ
1010 3861 1438 3932 αἱχμαλωτίζειν
1468 3865 1576 3916 πᾶν
1615 3863 1816 3933 νόημα,

240 3953 319 4015 εἰς
365 3953 462 4022 τὴν
505 3951 753 4021 ὑπακοὴν
799 3948 894 4003 τοῦ
945 3948 1209 4020 Χριστοῦ.
1251 3967 1270 4000 ›
1324 3949 1470 4020 Πλὴν
1529 3946 1657 4012 οὖν,
1708 3953 1819 4018 ἄρα

239 4044 383 4116 εχοις
413 4046 588 4096 εἰπεῖν
612 4043 680 4095 τά
704 4042 788 4111 ἐφ’
819 4036 900 4105 οἷς
938 4041 1420 4104 σκανδαλίζονται,
1453 4041 1547 4093 καὶ
1573 4041 1652 4111 τῷ
1685 4041 1819 4110 λίθῳ

239 4136 335 4189 τοῦ
366 4134 792 4207 προσκόμματος
823 4134 1242 4204 περιπταῖουσιν
1277 4133 1624 4198 Ὶουόαἲκῶςς

313 4226 373 4280 Β.
407 4224 623 4295 Ἔχοιμ)
657 4222 744 4285 ἂν,
776 4225 893 4285 πῶς
923 4223 1032 4294 γὰρ
1057 4223 1118 4276 οὔ
1143 4241 1158 4288 ;
1188 4225 1282 4277 καὶ
1321 4225 1548 4278 πλεῖστα
1589 4226 1688 4295 μὲν
1719 4227 1820 4280 ὅσα

238 4317 434 4372 ταυτί·
486 4313 759 4377 λελέξεται
809 4312 865 4365 δὲ
919 4314 1192 4383 ἀναμέρος
1243 4313 1472 4367 ἕκαστα.
1524 4316 1659 4368 Φασὶ
1705 4332 1820 4368 τοι-

238 4406 466 4480 γαροῦν,
495 4405 727 4477 Χριστὸν
755 4405 1013 4477 ἡγιάσθαι
1044 4406 1194 4476 παρὰ
1221 4405 1316 4458 τοῦ
1350 4406 1561 4477 Πατρός
1580 4423 1593 4435 ·
1623 4407 1818 4479 γέγρα-

1921 3211 2043 3264 ritia
2065 3216 2366 3282 crrupavit.
2401 3222 2458 3267 ιιι
2489 3215 2730 3284 tnySterii
2767 3216 3186 3283 magnitudinem
3211 3219 3501 3285 concipere

1917 3312 2211 3370 nequeant,
2249 3303 2456 3358 idcirco
2505 3307 2666 3358 etiam
2701 3320 2798 3358 nos
2841 3305 3050 3359 illorum
3086 3309 3258 3361 errori
3311 3308 3503 3377 adjun-

1918 3409 2126 3464 gemns,
2169 3395 2394 3464 parique
2437 3411 2558 3450 cum
2590 3395 2721 3465 ipsis
2757 3396 3061 3466 ignorantia
3110 3399 3500 3468 laborabimus,

1918 3486 2164 3541 veritatis
2217 3488 2539 3542 rectitudine
2599 3489 2864 3558 neglecta.
2914 3489 3075 3560 752
3122 3491 3306 3562 Neque
3355 3495 3499 3549 enim

1919 3577 2232 3648 ignoramus
2281 3579 2408 3649 quid
2467 3582 2874 3636 sacratissimus
2923 3581 3123 3637 l’anlus
3182 3584 3498 3654 scripserit,

1919 3671 2118 3725 debere
2147 3685 2248 3725 nos
2278 3689 2295 3721 ι
2337 3671 2563 3727 consilia
2607 3671 2911 3737 destruere,
2943 3685 2997 3727 et
3041 3689 3257 3729 omnem
3307 3675 3496 3730 altitu-

1919 3762 2100 3818 dinem
2121 3765 2466 3817 extollentem
2502 3778 2563 3818 se
2591 3766 2850 3819 adversus
2897 3765 3181 3820 scientiam
3215 3765 3331 3831 Dei,
3363 3769 3500 3824 etin

1919 3857 2288 3926 Captivitatem
2327 3856 2569 3925 redigere
2598 3871 2814 3908 omnem
2865 3855 3197 3909 intellectum
3249 3858 3301 3910 in
3333 3860 3496 3914 obse-

1919 3950 2105 4017 quium
2141 3945 2339 4000 Chtisti
2369 3945 2436 3999 ".
2477 3964 2497 3997 ι
2535 3944 2802 3998 Cmternm
2833 3945 3072 4000 hahesne
3112 3945 3214 3998 alia
3261 3961 3501 4004 commc-

1922 4037 2175 4092 ntorauda
2195 4038 2390 4106 quibus
2409 4036 2510 4105 ipsi
2533 4035 2900 4102 oﬂ’enduntut‘,
2922 4046 2974 4090 et
2991 4037 3058 4091 ad
3077 4038 3306 4107 lapidem
3331 4038 3501 4096 oﬂ'en-

1920 4133 2081 4186 diculi
2113 4130 2335 4185 Judaice
2370 4129 2666 4199 impingunt
2689 4130 2714 4182 ?

1991 4224 2051 4276 Β.
2113 4222 2296 4277 llaheo
2345 4225 2560 4291 quidem
2594 4222 2872 4291 complura
2921 4237 3041 4292 qua:
3087 4223 3365 4293 sigillatim
3415 4227 3500 4282 di-

1919 4317 2092 4372 cendo
2115 4329 2435 4385 persequar.
2491 4315 2656 4367 Aiunt
2700 4315 2880 4382 itaque
2925 4315 3200 4371 Christum
3256 4318 3499 4373 sanetill-

1922 4417 2099 4462 catum
2137 4424 2166 4459 a
2206 4405 2386 4460 Patre.
2423 4404 2698 4474 Scriptum
2730 4417 2810 4461 est
2835 4408 2978 4461 enim
3009 4426 3022 4462 :
3063 4425 3081 4458 ι
3138 4405 3207 4462 Ει
3261 4410 3502 4463 testimo-

239 4517 376 4554 πται
407 4500 535 4570 γάρ,
563 4499 641 4551 ὅτι
666 4499 758 4551 καὶ
790 4517 809 4549 ι
851 4498 1266 4569 Ἐμαρτύρησεν
1305 4498 1561 4569 Ἰωάννης
1601 4499 1813 4569 λέγωνέ

1925 4500 2070 4553 nium
2130 4499 2378 4567 perhibet
2427 4494 2698 4563 Joannes,
2762 4498 2948 4551 dicens
3004 4515 3019 4552 :
3072 4495 3192 4551 Vidi
3240 4499 3500 4568 Spiritum

239 4592 325 4650 ὅτι
351 4589 630 4661 Τεθέαμαι
656 4590 717 4643 τὸ
748 4589 970 4660 Πνεῦμα
1001 4589 1329 4644 καταϐαῖνον
1359 4590 1690 4661 ἑξοὺρανοῦ,
1723 4595 1816 4646 καὶ

237 4685 455 4758 ἔμεινεν
501 4685 586 4736 ἐπ’
633 4683 815 4746 αὑτὸν,
868 4682 1024 4752 κάγὼ
1066 4682 1166 4735 οὐκ
1210 4677 1352 4736 εἷδιν
1397 4684 1582 4746 αὐτὸν,
1636 4684 1749 4738 ἀλλ’
1787 4686 1818 4737 ὁ

239 4778 464 4848 πέμψας
501 4794 565 4846 με
599 4774 883 4846 βαπτίζειν
930 4777 988 4829 ἐν
1036 4773 1207 4841 ὕδατι,
1244 4775 1450 4838 ἐκεῖνός
1501 4792 1591 4846 μοι
1641 4775 1813 4830 εἶπεν·

253 4870 371 4939 Ἐφ’
399 4870 458 4922 ὃν
490 4867 556 4922 ἂν
587 4869 702 4939 ἴδῃς
733 4869 792 4920 τὸ
825 4866 1047 4937 Πνεῦμα
1076 4866 1406 4920 καταϐαῖνον
1431 4868 1524 4920 καὶ
1552 4868 1713 4938 μένον
1732 4869 1818 4921 ἐπ’

242 4959 428 5019 αὐτὸν,
459 4951 614 5020 οὗτός
649 4961 800 5010 ἐστιν
838 4959 866 5009 ὁ
896 4957 1175 5026 βαπτίζων
1211 4957 1268 5009 ὲν
1295 4956 1375 5027 τῷ
1421 4957 1701 5027 Πνεῦματι
1739 4958 1820 5028 τῷ

243 5052 406 5123 ἁγίῳ.
446 5049 618 5119 Κάγὼ
648 5050 873 5121 ἑώρακα
905 5050 1001 5103 καὶ
1049 5050 1494 5121 μεμαρτύρηκα,
1544 5052 1625 5103 ὅτι
1665 5046 1819 5114 οὗτός

243 5146 393 5197 ἐστιν
421 5143 450 5195 ὁ
478 5141 601 5205 Υἱὸς
631 5141 726 5195 τοῦ
773 5141 928 5196 Θεοῦ.
965 5160 984 5192 ι
1024 5141 1274 5211 Γέγραφε
1317 5141 1497 5195 δὲκαὶ
1536 5143 1564 5194 ὁ
1603 5142 1816 5206 Παῦλος

245 5235 372 5306 περὶ
401 5232 586 5286 αὐτοῦ’
622 5234 722 5287 ι”Ο
752 5250 812 5288 τε
841 5233 952 5304 γάρ
978 5233 1220 5301 ἁγιάζων
1258 5234 1352 5286 καὶ
1381 5235 1429 5286 οῖ
1465 5235 1817 5304 ἁγιαζόμενοι

243 5325 308 5394 ἔξ
331 5326 446 5390 ἑνὸς
473 5324 694 5388 πάντες.
729 5343 750 5376 ι
789 5325 1110 5395 Ἀγιασθείη
1136 5325 1243 5396 γάρ
1269 5326 1472 5396 ἥκιστά
1493 5343 1556 5396 γε
1586 5327 1718 5392 Θεὸς
1742 5328 1820 5381 ὢν

243 5421 276 5474 ὀ
313 5417 485 5487 Λόγος
535 5417 630 5471 καὶ
663 5415 832 5486 om;
888 5417 1030 5471 κατὰ
1078 5418 1256 5487 φύσιν.
1311 5417 1569 5471 Λείπεται
1614 5417 1679 5490 δὴ
1725 5415 1821 5474 οὖν

243 5507 510 5584 ᾐτῆσθαι
548 5508 740 5578 ,λέγειν
793 5509 882 5563 τὸν
939 5508 1213 5579 ληφθέντα
1271 5511 1401 5580 παρ’
1457 5509 1624 5562 αὐτοῦ
1679 5514 1818 5564 κατὰ

247 5600 544 5670 meum:
566 5599 881 5670 -άνθρωνιυον,

319 5781 370 5812 ⁸⁵
394 5778 506 5833 Luc
541 5795 579 5845 ι,
623 5779 704 5833 i5.
778 5779 823 5812 ’⁸
855 5779 1007 5833 Joan.
1039 5793 1116 5846 ιιι,
1142 5780 1230 5834 51.

1924 4592 2338 4646 descendentem
2371 4589 2523 4658 quasi
2571 4589 2878 4644 columbam
2918 4591 2984 4644 de
3023 4593 3180 4653 malo,
3221 4603 3272 4644 el
3307 4594 3506 4647 mansit

1923 4698 2085 4752 super
2118 4697 2264 4746 etim,
2296 4691 2348 4735 et
2381 4696 2480 4751 ego
2528 4682 2833 4736 nesciebam
2879 4696 3003 4736 eum
3041 4683 3177 4736 :sed
3209 4684 3305 4752 qui
3354 4682 3504 4738 misit

1928 4791 2013 4830 tne
2041 4774 2314 4843 btlpliZaI‘e
2346 4773 2398 4826 in
2427 4788 2589 4841 aqua,
2622 4772 2707 4826 ille
2735 4773 2864 4826 tnihi
2900 4774 3033 4827 dixit
3064 4792 3078 4830 :
3119 4772 3295 4843 Super
3339 4791 3501 4845 quem

1927 4867 2127 4922 videris
2149 4866 2413 4934 Spiritum
2441 4865 2880 4930 descendentem,
2909 4877 2963 4920 et.
2995 4877 3301 4921 manentem
3338 4882 3505 4938 super

1920 4973 2065 5019 eum.
2104 4957 2194 5011 hic
2223 4968 2306 5011 est
2336 4955 2426 5026 qui
2465 4957 2702 5025 baptizat
2733 4955 2784 5009 in
2822 4955 3027 5025 Spiritu
3057 4969 3270 5012 sancto.
3299 4955 3368 5011 Et.
3397 4973 3500 5024 ego

1925 5049 2054 5108 vidi,
2088 5058 2139 5102 et
2182 5048 2549 5102 testimonium
2613 5047 2860 5116 perhibni
2915 5049 3037 5116 quia
3085 5048 3175 5102 hic
3223 5061 3305 5102 est
3335 5047 3506 5105 Filius

1924 5139 2016 5194 Dei
2050 5137 2116 5193 ³⁸.
2151 5160 2171 5192 ι
2207 5141 2346 5207 Quin
2375 5149 2428 5194 et
2465 5138 2664 5193 Paulus
2697 5141 2764 5194 de
2799 5141 2914 5208 ipso
2938 5140 3192 5207 scripsit:
3225 5157 3244 5190 ι
3280 5139 3508 5195 Sacriﬁ-

1928 5247 2058 5287 cans
2090 5233 2233 5287 enim
2267 5240 2321 5286 et
2361 5231 2683 5286 sanctificati
2746 5246 2810 5286 ex
2867 5246 2974 5284 uno
3017 5246 3208 5286 omnes
3237 5231 3304 5285 ".
3349 5251 3370 5284 ι
3398 5231 3506 5288 Nc-

1929 5339 2034 5395 que
2064 5325 2206 5379 enim
2240 5323 2502 5389 Verbum,
2542 5339 2664 5378 cum
2693 5323 2764 5378 sit
2797 5323 2958 5390 Deus,
2991 5331 3046 5378 et.
3085 5337 3154 5378 ex
3189 5338 3287 5377 sua
3314 5332 3506 5378 natura

1928 5423 2169 5482 Sanctus,
2210 5415 2612 5471 sanctiﬁcatum
2662 5413 2786 5474 fuit.
2850 5415 3111 5486 Superest
3165 5414 3331 5485 igitur
3382 5429 3507 5471 san-

1928 5508 2224 5564 ctiﬁcatum
2267 5506 2434 5562 fuisse
2467 5507 2740 5562 hominem
2797 5524 2956 5576 quem
3013 5524 3109 5580 per
3161 5507 3501 5579 coniunctio.

1930 5615 2050 5655 nem
2076 5601 2387 5671 assumpsit.

1306 5781 1347 5812 "
1371 5782 1413 5836 ιι
1437 5780 1560 5836 Cor.
1596 5796 1648 5847 ι,
1681 5781 1801 5844 ι,5.
1879 5783 1924 5814 ⁸⁸
1954 5780 2110 5835 Joau.
2146 5797 2182 5846 ι,
2222 5780 2293 5834 32
2316 5781 2404 5836 54.
2483 5782 2526 5813 ’³
2561 5779 2722 5835 Hebr.
2764 5796 2821 5845 ιι,
2864 5776 2940 5834 Η.
