4038 6536
587 329 726 388 1319

1558 337 1636 391 -S.
1677 333 1950 392 CYRlLLI
1991 339 2462 397 ALEXANDHINI
2503 342 2821 400 AllClllEP.

3719 359 3855 416 1320

655 446 723 500 Δ.
749 443 911 512 Αιηυὶ
951 445 1222 512 quomodo
1273 446 1318 500 is
1381 449 1472 516 qui
1531 451 1837 519 baptizatus
1872 463 1978 518 est,
2009 463 2066 508 et
2109 454 2152 509 in

2337 460 2401 514 A.
2446 455 2580 514 Εἶτα
2615 461 2732 526 πῶς
2762 466 2791 516 ὁ
2839 464 3277 537 βεϐαπτισμένος
3308 506 3321 532 ,
3371 470 3464 522 καὶ
3501 473 3601 542 τὴν
3635 475 3856 546 ὲμψανῆ

582 552 743 608 quem
776 535 1012 604 Spiritus
1033 535 1316 592 manifeste
1349 539 1651 608 descendit,
1709 544 1762 598 in
1809 556 2002 600 sancto
2048 544 2172 616 Spi-

585 631 688 683 ritu
725 627 960 695 haptizat
991 664 1006 693 ,
1050 642 1222 695 eaque
1278 640 1505 700 prtestat
1553 648 1673 702 qua:
1705 635 1801 689 soli
1835 637 2030 692 divina:
2069 654 2169 694 na-

585 730 722 774 tura:
746 729 878 771 sunt
907 719 1122 787 propria
1151 719 1694 779 ?Sauctilicatiouem
1748 728 1893 780 enim
1944 728 2171 798 largitur

583 818 745 878 atque
763 810 1090 880 suppeditat.
1115 811 1265 877 Quod
1291 813 1504 881 quidem
1525 816 1913 874 demonstrans
1934 819 2167 875 Verbum

583 903 862 972 proprium
932 918 1088 956 suum
1166 903 1368 958 bonum
1429 922 1571 972 esse,
1632 909 1913 976 inspiravit
1967 914 2171 968 sanctis

584 995 866 1064 apostolis,
922 995 1112 1050 dicens
1158 1012 1173 1048 :
1219 1015 1239 1047 ι
1276 998 1522 1068 Accipite
1564 999 1826 1068 Spiritum
1877 1016 2165 1060 sancnnn:

581 1102 1032 1158 quorutncuuque
1087 1090 1404 1142 remiserilis
1467 1102 1685 1159 peccata
1706 1132 1724 1159 ,
1757 1096 2117 1150 remittuntur
2149 1116 2163 1154 :

583 1193 1030 1250 qnorumcunque
1050 1179 1409 1244 retinueritis,
1459 1191 1669 1237 retenta
1731 1196 1857 1239 sunt
1897 1187 1961 1240 ‘°.
1994 1206 2016 1241 ι
2055 1189 2170 1254 Quo

584 1279 741 1340 pacto
765 1281 951 1324 autem
988 1271 1384 1324 sanctiﬁcatum
1414 1272 1853 1330 manifestissime
1881 1282 2171 1333 ostetnlens

585 1363 796 1416 divinus
854 1361 1118 1429 Baptista,
1184 1370 1412 1414 testatus
1466 1373 1570 1424 est,
1603 1368 1744 1433 quod
1775 1367 1865 1422 hic
1909 1363 2170 1425 sitFilius

585 1453 700 1516 Dei,
754 1453 1104 1522 singulariter
1135 1468 1198 1505 ac
1233 1452 1382 1506 solus
1412 1453 1435 1506 ί
1469 1453 1774 1522 Oportebat
1834 1461 1976 1512 enim
2025 1461 2170 1517 hunc

582 1543 734 1596 orbis
789 1552 1057 1595 terrarum
1123 1542 1419 1601 doctorem,
1452 1543 1496 1596 si
1549 1547 1708 1599 modo
1740 1547 1905 1600 alium
1962 1564 1990 1602 a
2042 1565 2168 1604 vero

581 1629 718 1687 Filio
740 1633 1118 1701 cognoscebat,
1153 1632 1226 1685 rei
1267 1635 1550 1687 veritatem
1593 1638 1889 1704 explicare,
1942 1649 2166 1708 aperte-

581 1739 688 1792 que
714 1724 934 1778 dicere:
966 1721 1065 1777 Hic
1091 1733 1178 1777 est
1223 1724 1314 1792 qui
1352 1725 1560 1780 ratione
1606 1727 2004 1794 coniunctionis
2043 1749 2163 1787 cum

2275 547 2371 601 τοῦ
2405 548 2724 620 Πνεὺματος
2747 552 2927 607 λαὸὼν
2951 558 3362 627 καταφοίτησιν,
3387 563 3445 612 έν
3473 561 3618 632 ἁγίῳ
3653 563 3851 631 βαπτί-

2274 639 2358 701 ζει
2393 641 2694 712 Πνεύματι,
2729 646 2820 698 καὶ
2844 647 2911 700 τὰ
2939 646 3072 718 μόνῃ
3107 649 3385 719 πρέποντα
3415 654 3510 706 καὶ
3543 655 3763 708 ἐοικότα
3787 659 3852 726 τῇ

2271 731 2391 802 θείᾳ
2427 735 2587 801 φύσει
2635 736 2862 807 πληροί;
2910 741 3160 810 Χορηγδς
3190 744 3299 814 γάρ
3348 746 3495 798 ἐστιν
3537 745 3851 816 ἀγιασμοῦ,

2270 823 2364 876 καὶ
2394 824 2552 879 τοῦτο
2579 827 2813 894 δεικνὺς,
2845 829 2920 892 ὡς
2953 830 3083 883 ἴδιον
3134 833 3336 900 ἀγαθὸν
3361 836 3390 887 ὀ
3421 836 3853 907 ἐνανθρωπήσας

2270 912 2463 983 Λόγος,
2494 920 2846 989 σωματικῶς,
2875 922 3179 993 ἐνέφυσησε
3198 930 3306 990 τοῖς
3338 929 3513 995 ἁγίοις
3533 930 3852 992 ἀποστόλοις

2270 1006 2464 1075 λέγων·
2500 1030 2516 1060 ι
2539 1012 2746 1064 Λάϐετε
2782 1013 3008 1084 Πνεῦμα
3038 1016 3219 1084 ἆγιον·
3259 1021 3323 1073 ἄν
3356 1037 3519 1073 ’τινων
3546 1021 3730 1090 ἀφῆτε
3759 1022 3853 1086 τὸς

2272 1099 2566 1170 ἁμαρτίας,
2586 1102 2856 1169 ἀείενται·
2879 1105 2943 1158 ἄν
2967 1123 3129 1161 τινων
3152 1111 3406 1180 κρατῆτε,
3423 1114 3850 1182 κεκράτηνται.)

2272 1189 2396 1252 Πῶς
2425 1190 2480 1243 δὲ
2507 1191 2599 1245 τὸν
2647 1195 2980 1267 ἡγιασμένον
3009 1200 3380 1270 ἐναργέστατα
3425 1203 3792 1268 καταδεικνὺς
3829 1207 3857 1258 ό

2271 1277 2556 1345 θεσπέσιος
2582 1284 2912 1358 Βαπτιστὴς,
2940 1289 3384 1362 μεμαρτύρηκεν,
3406 1296 3488 1348 ὅτι
3508 1289 3680 1358 Οὗτός
3707 1298 3854 1347 ἐστιν

2268 1369 2296 1422 ὁ
2331 1370 2459 1431 Υἱὸς
2503 1373 2596 1426 τοῦ
2637 1375 2808 1442 Θεοῦ,
2848 1380 3152 1448 μοναδικῶς
3185 1384 3280 1436 καὶ
3331 1384 3651 1456 ἐνάρθρωςς
3697 1387 3852 1473 ςΕδξι

2273 1458 2376 1529 γάρ
2409 1459 2536 1529 ὄντα
2569 1463 2667 1534 τῆς
2709 1466 2798 1532 ὑφ’
2844 1467 2977 1538 ἡλίῳ
3026 1475 3405 1541 μυσταγωγὸν,
3452 1477 3505 1528 εί
3546 1493 3634 1528 πω
3665 1458 3853 1546 ἕτερον

2267 1549 2397 1603 ὄντα
2455 1555 2608 1625 ποιρά
2649 1573 2712 1623 γε
2765 1557 2856 1610 τὸν
2904 1560 3120 1631 ἀληθῶς
3165 1563 3292 1616 Υίὸν
3337 1565 3626 1635 ἠπίστατο,
3678 1584 3853 1620 κατα·

2270 1643 2508 1713 σημῆναι
2533 1646 2594 1698 τὸ
2619 1648 2839 1719 ἀληθὲς,
2874 1651 3100 1720 λέγοντα
3130 1657 3315 1724 σαφῶς
3336 1633 3558 1723 ,Ῠυῦτόξ
3604 1661 3782 1716 ἐστιν.
3825 1661 3854 1712 ό

2270 1733 2411 1786 κατά
2463 1735 2762 1805 συνάφειαν
2805 1740 2905 1810 τὴν
2967 1743 3105 1813 πρὸς
3146 1745 3236 1798 τὸν
3279 1748 3438 1814 φύσει
3487 1750 3584 1801 καὶ
3630 1749 3851 1817 ἀληθῶς

581 1830 649 1870 eo
679 1815 770 1884 qui
813 1824 1002 1868 natura
1027 1829 1092 1868 ac
1133 1830 1260 1869 vere
1288 1815 1461 1871 Filius
1489 1828 1593 1883 est,
1651 1820 1914 1876 beneficio
1952 1835 2005 1878 et
2045 1841 2152 1894 gra-

2271 1823 2416 1886 Υίδν,
2444 1825 2588 1880 δόσει
2627 1845 2687 1882 τε
2719 1830 2812 1883 καὶ
2839 1831 3022 1903 χάριτι
3058 1836 3296 1904 γεγονὼς
3329 1838 3458 1902 Υἱός
3483 1857 3498 1872 ο
3528 1839 3646 1892 ἀλλ’
3696 1815 3852 1892 οὖδὲν

584 1903 656 1956 tia
719 1905 893 1956 factus
953 1913 1039 1957 est
1102 1903 1290 1958 Filius.
1359 1904 1632 1961 Caeterum
1683 1910 1813 1964 nihil
1861 1912 2162 1980 hujnsmodi

584 1996 720 2048 dixit
757 2008 772 2047 :
801 1995 892 2048 sed
936 2010 1100 2049 unum
1137 2006 1299 2066 atque
1333 2002 1582 2054 euunlem
1615 2016 1738 2056 esse
1772 2003 1971 2069 sciens,
2017 2016 2071 2059 et
2099 2022 2162 2060 cx

584 2089 694 2144 Deo
730 2089 888 2144 Patre
942 2089 1198 2155 Verbum,
1247 2102 1302 2146 et
1333 2108 1398 2148 ex
1429 2097 1636 2149 semine
1669 2095 1838 2150 David
1868 2099 2161 2153 secundum

582 2196 828 2247 carnem,
884 2183 1282 2238 sanctiﬁcatum
1314 2186 1528 2253 quidem
1557 2187 1653 2252 ait,
1708 2198 1976 2257 quatenus
2004 2191 2164 2245 homo

581 2277 667 2323 est
689 2286 706 2336 ς
732 2285 794 2325 ac
820 2286 1008 2326 rursus
1029 2273 1392 2341 sanctificare,
1415 2285 1679 2344 quatenus
1709 2287 1793 2332 est
1826 2277 1989 2335 Deus.
2037 2279 2156 2333 Erat

584 2357 753 2423 enim,
802 2367 861 2411 ut
913 2360 1048 2420 dixi.
1111 2370 1165 2415 et
1198 2362 1299 2416 hoc
1346 2372 1400 2416 et
1451 2362 1602 2417 illud.
1641 2363 1699 2418 Si
1755 2380 1885 2434 ergo
1925 2382 2034 2422 non
2079 2378 2162 2424 est

582 2448 756 2504 factus
785 2451 968 2515 homo,
995 2451 1039 2505 si
1077 2467 1182 2506 non
1213 2465 1371 2509 natus
1407 2464 1575 2509 estex
1605 2457 1831 2512 muliere
1861 2459 2160 2515 secundum

579 2557 822 2607 carnem,
857 2542 1020 2614 753
1054 2545 1336 2600 avellimus
1369 2547 1438 2601 ab
1479 2548 1598 2616 ipso
1653 2549 1900 2604 humanae
1954 2561 2162 2608 natum

583 2636 970 2706 proprietates.
1001 2639 1070 2690 At
1103 2639 1146 2692 si
1176 2653 1360 2693 verum
1397 2648 1480 2693 est
1504 2639 1646 2709 quod
1687 2655 1747 2696 se
1777 2643 2058 2698 demiserit
2095 2646 2160 2699 ad

579 2727 1028 2793 exinanitiouem,
1063 2739 1118 2782 et
1165 2727 1343 2784 factus
1379 2731 1452 2785 sit
1505 2732 1674 2786 nostri
1715 2733 1927 2799 similis,
1974 2749 2159 2804 qnam-

579 2818 765 2872 obrem
793 2834 854 2873 ea
890 2833 985 2888 per
1020 2834 1139 2888 quae
1174 2821 1598 2877 exiuanitionem
1639 2824 1825 2888 subiit,
1856 2825 1954 2895 ipsi
1982 2828 2163 2882 detra-

580 2908 716 2962 imnt
751 2909 1244 2965 administrationis
1291 2912 1342 2965 in
1371 2927 1540 2968 carne
1596 2913 1888 2970 artiﬁcium
1942 2917 2161 2989 imperi-

583 2999 792 3054 tissitnc
837 3000 1250 3057 convellentes‘!

648 3113 707 3168 Β.
739 3112 795 3167 Si
835 3129 964 3182 ergo
1011 3114 1222 3170 dicatur
1267 3117 1434 3172 etiam
1492 3119 1720 3190 gloriam
1776 3126 2071 3195 accepisse,
2101 3135 2153 3180 et

573 3201 745 3258 factus
771 3213 855 3258 est
884 3203 1164 3270 Dominus,
1221 3217 1385 3277 atque
1435 3209 1703 3265 exaltatus
1749 3227 1872 3268 esse
1905 3230 1935 3267 a
1966 3215 2146 3281 Patre,

573 3292 985 3364 declaratusqne
1017 3310 1138 3350 esse
1167 3311 1284 3360 rex,
1320 3299 1633 3354 ascrihesue
1685 3304 1848 3356 etiam
1895 3304 2009 3359 haec
2043 3303 2152 3359 Deo

573 3383 754 3441 Verbo
780 3387 914 3440 citra
949 3385 1110 3440 ullam
1140 3388 1324 3458 gloriae
1356 3390 1523 3459 ipsius
1556 3391 1988 3450 imminutionem
2023 3397 2046 3449 ?

641 3565 708 3619 Δ.
738 3563 888 3631 Quod
915 3565 1132 3634 quidem
1161 3564 1254 3620 Dei
1285 3565 1444 3620 Verbi
1483 3576 1675 3622 natura
1705 3571 1851 3624 omni
1883 3571 2051 3640 gloria
2093 3584 2148 3630 et

573 3670 740 3727 regno
773 3665 937 3726 atque
962 3656 1332 3712 dominatione
1355 3672 1482 3713 vera
1524 3659 1721 3715 referta
1778 3662 1869 3727 sit,
1913 3679 2144 3734 quonam

570 3758 730 3820 pacto
767 3748 1002 3818 cuipiam
1042 3748 1262 3804 dubium
1296 3765 1417 3806 esse
1467 3762 1651 3820 queat,
1678 3757 1931 3826 quodque
1962 3758 2141 3813 divina

570 3839 803 3910 dignitas
829 3841 1215 3896 convenienter
1239 3842 1288 3897 ei
1321 3844 1630 3900 tribuatur?
1665 3845 1799 3902 Cum
1824 3863 1952 3903 vero
1975 3850 2148 3907 factus

567 3941 652 3986 est
679 3933 862 3997 homo,
909 3933 993 3988 cui
1017 3935 1200 3988 omnia
1228 3946 1354 3990 sunt
1393 3935 1518 3990 data
1569 3947 1731 4007 atque
1777 3941 2036 4007 ascititia,
2082 3960 2147 3998 ea

566 4024 780 4080 ratione
827 4026 1040 4082 tametsi
1097 4028 1352 4084 omnibus
1399 4030 1656 4096 abundet,
1693 4041 1750 4087 et
1796 4049 1864 4088 ex
1899 4050 1994 4090 sua
2029 4037 2142 4106 ple-

566 4114 811 4169 nitudine
843 4115 1096 4170 omnibus
1124 4117 1490 4186 impartiatur,
1530 4121 1764 4178 humano
1801 4139 1950 4179 more
1997 4127 2143 4181 acci-

565 4203 662 4274 pit,
712 4220 1020 4276 novumque
1047 4217 1132 4261 est
1180 4218 1235 4263 et
1271 4209 1569 4265 inauditum
1629 4214 1680 4266 in
1728 4213 1945 4269 Christo
1977 4219 2144 4271 mira-

566 4293 769 4360 culum,
819 4295 871 4348 in
942 4297 1122 4351 servili
1175 4297 1374 4364 forma,
1428 4300 1850 4362 dmninatio;in
1911 4307 2142 4361 lmmana

565 4382 850 4446 tenuitate,
884 4383 1052 4453 gloria
1089 4385 1290 4451 divina,
1335 4399 1387 4441 et
1431 4390 1576 4457 regia
1617 4393 1850 4459 dignitas
1877 4395 1930 4447 in
1972 4398 2142 4449 servi-

2271 1917 2369 1984 μὲν
2415 1916 2516 1986 ἔφη
2562 1919 2824 1983 τοιοῦτον,
2877 1923 2972 1976 ἕνα
3002 1923 3059 1975 δὲ
3095 1928 3186 1978 καὶ
3211 1928 3302 1980 τὸν
3330 1930 3491 1982 αὑτὸν
3519 1931 3650 1984 ὄντα
3686 1929 3851 1999 γινὼο

2271 2023 2433 2069 σκων,
2467 2009 2558 2060 καὶ
2588 2011 2651 2062 ἐκ
2674 2011 2809 2064 Θεοῦ
2852 2014 3064 2084 Πατρός
3091 2016 3282 2084 Λόγον,
3315 2020 3406 2070 καὶ
3439 2021 3499 2071 ἐκ
3527 2016 3852 2091 σπέρματός

2265 2097 2356 2148 τοῦ
2389 2097 2552 2150 same
2597 2100 2739 2152 κατὰ
2774 2101 2972 2172 σάρκα,
3005 2105 3332 2176 ἀγιασθῆναι
3371 2108 3469 2177 μέν
3501 2126 3662 2178 φησι.
3717 2109 3853 2162 καθὸ

2266 2188 2569 2259 ἄνθρωπος,
2607 2191 2854 2258 ἀγιάζειν
2897 2193 2952 2246 δὲ
2993 2191 3082 2261 αὖ,
3130 2197 3265 2250 καθὸ
3314 2202 3513 2252 νοεῖται
3543 2199 3703 2261 Θεός.
3742 2194 3849 2252 Ἠν

2264 2280 2394 2350 γὰρ,
2427 2281 2501 2344 ὡς
2533 2283 2690 2352 ἔφην,
2719 2284 2776 2334 ἐν
2805 2284 2952 2356 αὑτῷ
2979 2287 3135 2340 τοῦτο
3162 2291 3402 2344 κάκεῖνο.
3432 2291 3494 2344 Ei
3526 2290 3632 2360 μὲν
3658 2285 3759 2344 οὖν
3787 2291 3848 2344 οὑ

2265 2368 2490 2438 γέγονεν
2520 2369 2828 2441 ἄνθρωπος,
2855 2375 2903 2425 εί
2933 2375 3009 2445 μὴ
3046 2378 3368 2448 γεγέννηται
3397 2380 3534 2432 κατά
3566 2382 3758 2451 σάρκα
3785 2383 3847 2433 ὲκ

2263 2460 2524 2529 γυναικὸς
2549 2502 2565 2527 ,
2599 2463 2978 2535 ἀποσοϐοῦμεν
3017 2467 3180 2520 αὑτοῦ
3217 2475 3283 2522 τὰ
3317 2471 3654 2542 ἀνθρώπινα.
3700 2471 3768 2526 Εἰ
3793 2473 3848 2526 δὲ

2263 2549 2479 2623 ἀληθὲς,
2520 2553 2603 2606 ὅτι
2631 2551 2818 2617 καθεὶς
2853 2555 3046 2608 ἑαυτὸν
3078 2561 3158 2621 εἰς
3207 2560 3435 2613 κένωσιν
3479 2562 3676 2630 γέγονε
3727 2563 3844 2616 καθ’

2263 2645 2429 2716 ἡμᾶς,
2475 2645 2700 2699 ἀνθότου
2749 2646 2817 2700 τὰ
2862 2647 2928 2700 δι’
2975 2642 3051 2702 ὧν
3100 2650 3164 2702 ἂν
3211 2654 3381 2705 νοοῖτο
3431 2654 3842 2724 κεκενωμένος,

2262 2735 2554 2804 ἀφιστᾶσιν
2596 2737 2760 2789 αὑτοῦ
2787 2779 2801 2802 ,
2833 2739 2931 2809 τῆς
2979 2740 3117 2809 μετά
3169 2743 3372 2813 σαρκὸς
3415 2745 3734 2816 οἰκονομίας
3787 2747 3844 2798 τδ

2262 2823 2512 2894 εὑτεχνὲς
2540 2826 2877 2881 ἀϐουλότατα
2910 2831 3315 2900 παραλύοντεςς

2330 3104 2390 3156 Β.
2440 3105 2564 3158 Ἐἀν
2596 3100 2688 3158 οὖν
2718 3107 2970 3176 λέγηται,
3004 3113 3095 3163 καὶ
3127 3110 3283 3179 δόξαν
3313 3115 3519 3184 λαϐεῖν,
3553 3123 3652 3174 καὶ
3688 3122 3843 3190 γενέο

2257 3196 2379 3249 σθαι
2419 3197 2641 3269 Κύριος,
2671 3200 2948 3271 ὑψωθῆναι
2982 3220 3039 3255 τε
3084 3207 3234 3275 παρὰ
3268 3209 3362 3262 τοῦ
3404 3212 3640 3283 Πατρός,
3667 3232 3842 3269 κατα-

2256 3287 2444 3357 στῆναι
2472 3288 2528 3341 δὲ
2565 3291 2656 3343 καὶ
2690 3291 2940 3362 βασιλεὺς
2960 3332 2975 3355 ,
3016 3295 3243 3365 ἀνάψεις
3275 3299 3383 3370 ἄρα
3428 3303 3522 3354 καὶ
3554 3306 3736 3359 ταῦτα

2253 3377 2372 3449 Θεῷ
2408 3381 2586 3451 Λόγῳ,
2633 3385 2726 3436 καὶ
2755 3385 2814 3435 οὑ
2862 3385 3038 3456 πάντη
3075 3405 3131 3438 τε
3176 3393 3269 3442 καὶ
3313 3393 3529 3457 πάντως
3558 3395 3841 3468 ἀδικήσεις

2253 3467 2418 3520 αὑτοῦ
2447 3470 2544 3539 τὴν
2581 3469 2738 3535 δόξαν
2756 3491 2768 3538 ;

2325 3562 2389 3614 Α.
2422 3561 2542 3615 ’Ότι
2588 3563 2688 3631 μὲν
2733 3560 2846 3626 οὖν,
2875 3567 3032 3639 δόξης
3066 3587 3121 3622 τε
3157 3571 3252 3624 καὶ
3292 3571 3567 3642 βασιλείας
3620 3579 3718 3631 καὶ
3748 3598 3841 3634 τοι

2254 3650 2500 3722 ριότητος
2524 3652 2777 3724 ἀληθοῦς,
2803 3659 2836 3726 ἡ
2870 3659 2961 3711 τοὺ
2993 3661 3127 3714 Θεοῦ
3155 3664 3329 3732 Λόγου
3363 3669 3716 3738 μεμέστωται
3743 3673 3841 3740 φύ-

2251 3760 2362 3807 σις,
2412 3743 2529 3807 πῶς
2560 3744 2626 3798 ἂν
2656 3746 2945 3802 ἐνδοιάσειέ
2977 3769 3093 3819 τις;
3128 3755 3412 3827 ἀραρότως
3441 3759 3499 3811 δὲ
3527 3761 3614 3814 ὅτι
3648 3764 3751 3818 καὶ
3783 3769 3840 3818 ἐν

2249 3833 2506 3905 ὑψώμασι
2548 3839 2746 3890 νοεῖται
2801 3841 2916 3902 τοῖς
2971 3841 3498 3914 θεοπρεπεστάτοιςς
3534 3851 3728 3924 ἐπειδὴ
3783 3855 3836 3908 εξ

2248 3929 2486 3999 πέφηνεν
2521 3929 2824 4001 ἄνθρωπος,
2853 3925 2896 4000 ᾧ
2927 3934 3104 3988 πάντα
3134 3937 3251 3990 ἐστὶ
3281 3937 3412 3991 δοτά
3437 3944 3530 3993 καὶ
3555 3945 3837 4016 εἰσκεκριο

2249 4022 2417 4090 μένα,
2449 4020 2620 4093 ταύτῃ
2646 4040 2726 4076 τοι
2765 4023 2979 4097 πλήρης
3013 4026 3273 4099 ὑπάρχων
3305 4032 3398 4083 καὶ
3433 4033 3493 4097 ἐξ
3516 4035 3652 4089 ἰδίου
3692 4038 3833 4110 πλη-

2249 4110 2499 4181 ρώματος
2525 4114 2656 4165 πᾶσι
2680 4113 2876 4179 διδοὺς,
2899 4116 3259 4187 ἀνθρωπίνως
3285 4121 3520 4192 δέχεται,
3547 4127 3649 4197 τὴν
3674 4131 3831 4198 ἡμῶν

2247 4203 2520 4272 πτωχείαν
2549 4204 2935 4276 οἰκειούμενος,
2958 4209 3049 4260 καὶ
3079 4204 3147 4280 ἦν
3171 4211 3338 4281 ἄηθες
3369 4230 3427 4266 τε
3461 4218 3557 4269 καὶ
3591 4218 3744 4284 ξένον
3775 4223 3829 4274 έν

2243 4294 2463 4366 Χριστῷ
2492 4295 2552 4348 τὸ
2581 4298 2900 4370 παράδοξον,
2929 4302 2986 4352 ἐν
3010 4303 3251 4373 οίκετικῇ
3302 4311 3506 4378 μορφῇ,
3546 4313 3823 4383 κυριότης,

2244 4388 2301 4437 ἐν
2336 4387 2650 4459 ἀνθρωπίνῃ
2692 4392 3163 4462 σμικροπρεπείᾳ,
3199 4394 3328 4459 δόξα
3367 4398 3706 4472 θεοπρεπὴς,
3737 4406 3827 4458 καὶ

563 4479 698 4536 tute,
759 4482 1018 4541 quantum
1074 4477 1142 4528 ad
1193 4475 1441 4530 humana:
1503 4492 1710 4535 natnrte
1776 4484 2136 4538 conditionem

2258 4477 2511 4540 ὂασιλείας
2557 4480 2870 4550 αὐχήμασιν
2901 4485 3365 4555 ἐστεφανωμένον,
3410 4490 3470 4542 τὸ
3503 4493 3609 4545 ὑπὸ
3641 4494 3825 4565 ζυγὸν,

562 4563 886 4629 att’inet;et
946 4563 1220 4620 humilitas
1282 4583 1492 4622 summa
1550 4572 1842 4626 eminentia
1891 4577 2133 4643 prmdita.

565 4649 759 4714 Factus
784 4663 867 4708 est
899 4655 1043 4708 enim
1082 4655 1243 4711 homo
1277 4655 1622 4728 Unigeuitus,
1649 4677 1755 4715 non
1790 4673 1846 4715 ut
1879 4665 1928 4716 in
1949 4665 2136 4719 cxina-

564 4743 768 4798 nitione
820 4755 1153 4814 permaneat,
1217 4749 1313 4803 sed
1354 4759 1414 4803 ut
1454 4753 1727 4820 accipiens
1779 4770 1899 4806 cum
1932 4769 1994 4808 ea
2023 4755 2138 4826 ejus

563 4835 970 4903 proprietates;
1006 4838 1146 4894 Deus
1202 4849 1382 4897 tamen
1442 4845 1763 4900 naturaliter
1800 4863 1920 4902 esse
1975 4851 2134 4904 etiam

563 4925 665 4979 hoc
683 4932 838 4995 pacto
858 4927 1208 5000 intelligatur,
1233 4933 1574 5005 hominisque
1599 4944 1840 4991 naturam
1873 4938 1926 4992 in
1959 4941 2138 5009 seipso

559 5017 814 5086 illustret,
846 5034 1124 5076 sacrarum
1160 5040 1222 5079 ac
1249 5026 1552 5081 divinarum
1597 5028 1924 5100 dignitatum
1963 5031 2135 5099 parti-

558 5111 732 5180 cipcm
793 5110 964 5181 ipsam
1014 5113 1318 5172 declarans.
1390 5118 1521 5173 Nam
1580 5131 1636 5175 ct
1697 5123 1868 5176 sancti
1917 5121 2133 5186 Filium,

559 5204 724 5256 etiam
775 5211 1058 5272 postquam
1108 5206 1282 5262 factus
1336 5221 1421 5264 est
1462 5214 1642 5276 homo,
1680 5212 1902 5283 gloriam
1937 5215 2025 5271 Dei
2070 5231 2132 5270 ac

557 5291 759 5358 Patris,
823 5305 880 5351 et
933 5312 1116 5368 regem
1177 5315 1242 5353 ac
1294 5301 1574 5356 hominum
1628 5305 1923 5375 appellant.
1971 5306 2136 5362 Isaias

560 5388 704 5439 enim
738 5387 810 5440 ita
845 5388 960 5442 ait:
998 5408 1018 5440 ι
1070 5383 1222 5444 Sicut
1275 5392 1435 5448 homo
1485 5395 1777 5452 vindemiat
1812 5398 2009 5464 oleam,
2061 5400 2132 5453 ita

557 5473 967 5536 vindemiabunt
997 5493 1108 5546 eos,
1139 5491 1193 5533 et
1225 5485 1438 5549 quando
1487 5489 1782 5542 cessaverit
1841 5490 2130 5553 vindemia,

561 5566 651 5620 isti
679 5581 810 5622 voce
845 5568 1174 5626 clamabunt.
1223 5572 1323 5639 Qui
1355 5590 1480 5631 vero
1508 5578 1682 5634 relicti
1716 5579 1918 5636 fuerint
1969 5597 2131 5651 super

626 5741 673 5773 “
697 5738 856 5796 Joan.
883 5757 974 5811 xx,
1013 5745 1204 5807 22-25.

2242 4571 2302 4622 τό
2334 4586 2396 4636 γε
2422 4565 2552 4641 ἧκον
2580 4573 2658 4633 εἰς
2685 4572 3103 4641 ἀνθρωπὸτητος
3134 4577 3354 4647 μέτρον,
3387 4581 3478 4631 καὶ
3505 4583 3561 4634 ἐν
3595 4583 3830 4656 ὑπερτα-

2243 4678 2363 4725 ταις
2393 4663 2689 4732 ὑπεροχαῖς
2706 4704 2721 4728 ,
2755 4663 2816 4715 τὸ
2840 4666 3110 4720 ταπεινόν.
3136 4667 3331 4734 Γέγονε
3362 4669 3467 4739 γὰρ
3489 4672 3779 4745 ἄνθρωπος
3801 4681 3825 4730 ξ

2245 4754 2572 4824 Μονογενὴς,
2615 4755 2712 4824 οὑχ
2744 4755 2829 4807 ἵνα
2860 4759 2969 4819 τοῖς
3018 4759 3114 4826 τῆς
3163 4758 3442 4825 κενώσεως
3491 4765 3829 4839 ὲναπομείνη

2247 4845 2485 4915 μέτροις,
2513 4844 2628 4897 ἀλλ’
2653 4844 2739 4898 ἵνα
2763 4844 2942 4899 λαϐὼν
2971 4847 3065 4899 σὺν
3096 4851 3232 4921 αὐτῇ
3262 4851 3329 4905 τὰ
3363 4853 3554 4923 αὐτῆς,
3586 4856 3724 4921 Θεδς
3753 4860 3826 4910 ὢν

2243 4937 2423 5004 φύσει,
2457 4936 2552 4990 καὶ
2584 4936 2725 4990 οὓτω
2759 4938 3110 5009 γνωρίζηται,
3149 4944 3242 4994 καὶ
3273 4944 3370 5014 τὴν
3407 4945 3502 4998 τοῦ
3534 4948 3824 5020 ἀνθρώπου

2240 5026 2622 5096 κατασεμνὺνῃ
2670 5027 2833 5096 φύσιν
2875 5028 2962 5095 ἐφ’
3002 5031 3195 5102 ἑαυτῷ,
3235 5034 3456 5104 μέτοχον
3481 5038 3656 5110 αὐτὴν
3687 5043 3824 5095 ἀπο-

2240 5120 2405 5189 φήνας
2467 5118 2628 5188 ἱερῶν
2672 5121 2766 5172 καὶ
2815 5118 2975 5174 θείων
3019 5119 3376 5194 ἀξιωμάτων·
3421 5128 3736 5200 εὑρήσομεν
3771 5135 3824 5186 δὲ

2237 5212 2333 5264 καὶ
2355 5212 2550 5275 αὐτοὺς
2577 5213 2702 5276 τοὺς
2733 5211 2942 5280 ἁγίους,
2975 5212 3132 5277 δόξαν
3158 5217 3520 5285 ὀνομάζοντας
3559 5223 3656 5275 τοῦ
3686 5223 3822 5278 Θεοῦ

2237 5303 2329 5356 καὶ
2378 5305 2620 5375 Πατρός.
2667 5305 2760 5358 καὶ
2799 5306 2979 5374 μέντοι
3026 5307 3121 5359 καὶ
3167 5303 3409 5375 βασιλέα,
3454 5315 3548 5365 καὶ
3597 5317 3824 5386 προσέτι

2236 5397 2461 5468 Κύριον,
2489 5395 2578 5450 τὸν
2607 5396 2752 5459 Υἰδν,
2777 5397 2870 5450 καὶ
2889 5397 2976 5450 ὅτε
2999 5397 3220 5465 γέγονεν
3260 5400 3561 5473 ἄνθρωπος.
3595 5405 3824 5470 Ἡσαΐας

2237 5489 2336 5557 μὲν
2368 5489 2476 5559 γὰρ
2519 5479 2622 5541 ὧδέ
2655 5506 2730 5558 πη
2777 5489 2961 5557 φησίν*
2997 5507 3016 5539 ι
3054 5491 3151 5542 Ὃν
3170 5491 3373 5562 τρόπον
3403 5494 3496 5546 ἐὰν
3533 5494 3825 5568 ἄνθρωπος

2237 5581 2545 5650 καλαμᾶται
2593 5579 2799 5645 ἐλαίαν,
2827 5577 2969 5633 οὕτω
3020 5580 3428 5652 καλαμησονται
3463 5587 3693 5648 αὐτοὺς.
3729 5592 3826 5646 καὶ
