4038 6520
290 372 308 427 l
321 371 417 425 aa:

1410 360 1605 437 QUOD
1644 365 1833 424 UNUS
1871 365 1980 422 SIT
2014 363 2382 424 CHRISTUS.

3414 368 3551 419 £32!

286 492 380 544 ιὰν
423 489 696 561 παύσηται
735 490 763 543 ό
792 494 1080 564 τρυγητδς,
1110 510 1254 547 ουτοι
1283 495 1433 564 φωνῇ
1475 491 1779 562 βοήσονται·
1815 491 1864 545 οί

1990 501 2197 551 ενι-ειη,
2254 486 2604 541 exsultabant
2656 498 2776 541 cum
2825 485 2995 558 gloria
3049 482 3256 541 Domini
3285 482 3348 536 “.
3406 502 3424 534 ι
3486 459 3551 535 Et

285 584 339 637 δὲ
369 582 816 654 καταλειφθέντες
843 587 935 639 ἐπὶ
967 590 1064 659 τῆς
1087 587 1209 657 γῆς,
1242 584 1710 656 εὐφρανθήσονται
1750 583 1868 654 ἅμα

288 679 350 747 τῇ
399 676 524 749 δόξῃ
579 676 852 748 Κυρίου.»
911 680 1019 733 Καὶ
1085 679 1247 734 πάλιν
1281 680 1471 750 ⁴ἑτερος
1518 676 1627 732 τῶν
1676 676 1863 745 ἁγίων,

292 784 312 818 ι
333 768 595 834 Φωτίζου,
621 771 806 841 φησὶν,
836 770 1147 842 Ἱερουσαλή
1160 789 1215 842 μ·
1241 772 1364 842 ἥκει
1391 771 1500 842 γάρ
1529 787 1621 824 σου
1642 768 1701 822 τδ
1732 768 1865 838 φῶς,

286 862 378 914 καὶ
405 863 436 933 ὴ
470 861 597 926 δόξα
636 862 842 932 Κυρίου
883 863 975 916 ἐπὶ
1006 862 1065 915 σὲ
1097 864 1482 917 ἀνατέταλκεν.
1517 862 1648 916 Ἰδοὺ
1681 861 1871 924 σκότος

287 951 381 1004 καὶ
406 951 603 1021 γνόφος
627 951 857 1019 καλύψει
885 952 1008 1024 γῆν,
1047 955 1140 1007 ἐπὶ
1159 954 1214 1009 δὲ
1236 954 1295 1007 σὲ
1318 954 1617 1025 φανήσεται
1646 952 1865 1021 Κύριος,

289 1043 383 1096 καὶ
423 1042 550 1111 δόξα
611 1043 819 1115 Κυρίου
868 1044 960 1098 ἐπὶ
1010 1045 1069 1097 σὲ
1112 1044 1431 1116 ὀφθήσεται,
1458 1063 1475 1096 ι
1514 1043 1771 1106 Ἰάκωσός
1807 1057 1869 1111 γε

290 1131 397 1203 μὴν
427 1133 454 1185 ὁ
484 1132 648 1187 αὐτοῦ
686 1132 952 1205 μαθητὴς,
982 1151 1000 1185 t
1030 1134 1296 1204 Ἀδελφοὶ,
1327 1134 1479 1206 φησὶ,
1512 1132 1584 1204 μὴ
1612 1135 1667 1186 ὲν
1703 1148 1872 1204 προσο

286 1222 625 1294 ωποληψίαις
660 1224 810 1296 ἔχετε
852 1226 950 1297 τὴν
992 1226 1176 1280 πίστιν
1219 1226 1313 1279 τοῦ
1349 1225 1553 1297 Κυρίου
1581 1224 1736 1295 ἡμῶν
1768 1225 1872 1295 ’1η-

289 1315 382 1371 σοῦ
418 1318 654 1389 Χριστοῦ
681 1319 778 1389 τῆς
804 1318 977 1390 δόξης.
1010 1338 1028 1371 ι
1065 1319 1277 1393 Πέτρος
1320 1320 1377 1373 δὲ
1405 1314 1470 1372 αὖ
1496 1321 1523 1373 ὁ
1562 1318 1868 1382 Θεσπέσιος,

295 1426 313 1461 t
346 1410 409 1465 Ei
442 1411 761 1476 ὀνειδίζεσθε
802 1416 859 1466 ὲν
908 1413 1149 1484 Χριστῷ,
1191 1414 1452 1487 μακάριοί
1495 1416 1617 1466 ἐστε
1651 1413 1749 1483 τῆς
1783 1414 1869 1467 δό-

290 1499 407 1571 ξης,
448 1504 543 1555 καὶ
574 1503 635 1556 τὸ
666 1502 758 1557 τοῦ
800 1503 934 1558 Θεοῦ
965 1504 1191 1577 Πνεῦμα
1223 1506 1306 1574 ἐφ’
1354 1505 1497 1576 ὑμᾶς
1549 1504 1873 1559 ἀναπέπαυ·

288 1607 396 1646 ται.
422 1610 443 1643 ι

360 1682 421 1737 Β.
454 1682 634 1755 Φρόιζε
662 1683 719 1738 δὲ
748 1684 895 1749 ὅπως
927 1688 1062 1758 πρὸς
1101 1685 1261 1760 ἡμῶν
1298 1686 1534 1740 νοεῖσθαι
1569 1684 1769 1759 πρέπει
1814 1686 1876 1741 τὸ

290 1776 419 1847 περὶ
449 1776 687 1847 Χριστοῦ
722 1779 1127 1850 γεγραμμένον,
1171 1798 1190 1832 ‹
1226 1779 1323 1844 ⁸ος
1366 1782 1423 1832 ὲν
1474 1782 1594 1843 ταῖς
1639 1781 1876 1852 ἡμέραις

288 1865 390 1935 τῆς
426 1867 627 1939 σαρκὸς
674 1868 876 1933 αὑτοῦ,
924 1868 1138 1939 δεήσεις
1175 1887 1234 1924 τε
1274 1870 1368 1925 καὶ
1406 1871 1689 1941 ἱκετηρίας
1739 1870 1875 1942 πρὸς

1990 1864 2193 1920 Christo
2252 1865 2515 1933 seriptntn
2568 1882 2583 1918 :

288 1957 382 2010 τδν
409 1956 705 2031 δυνάμενον
736 1960 929 2025 σώζειν
965 1961 1126 2015 αὑτὸν
1158 1962 1223 2015 ὲκ
1254 1961 1508 2026 θανάτου,
1543 1962 1681 2032 μετὰ
1710 1979 1880 2033 κραυ-

290 2048 395 2117 γῆς
427 2048 652 2121 ἰσχυρᾶς
678 2050 771 2103 κα⁴ι
796 2049 1051 2121 δακρύων
1081 2051 1476 2123 προσενέγκας,
1510 2052 1603 2105 καὶ
1628 2053 1882 2105 είσακου-

292 2138 439 2204 σθεὶς
485 2141 593 2194 ἀπὸ
636 2140 736 2211 τῆς
766 2140 1089 2210 εὐλαϐείας,
1116 2142 1316 2215 καίπερ
1355 2142 1431 2197 ὣν
1462 2142 1611 2207 Υἱὸς,
1653 2141 1874 2214 ἔμαθεν,

290 2232 385 2301 ἀφ’
410 2225 483 2286 ὧν
524 2232 712 2299 ἔπαθε,
746 2233 846 2306 τὴν
878 2234 1147 2308 ὑπακοὴν,
1180 2235 1276 2290 καὶ
1300 2232 1628 2298 τελειωθεὶς,
1664 2233 1883 2303 ἐγένετο

291 2325 404 2389 τοῖς
458 2324 822 2380 ὑπακούουσιν
870 2325 1019 2399 αύτῷ
1060 2326 1234 2391 αἴτιος
1289 2327 1564 2398 σωτηρίας
1610 2326 1885 2381 ἀκαταλύ-

290 2431 418 2470 του’
447 2436 464 2468 ι
506 2418 852 2490 προσεποίσω
894 2420 950 2474 δὲ
1006 2420 1228 2473 κάκεῖνο
1268 2413 1351 2482 οἷς
1398 2419 1558 2491 ἔφην,
1594 2419 1684 2485 τὸ,
1727 2436 1745 2470 t
1782 2418 1883 2473 Θεέ

295 2523 417 2577 μου,
457 2508 559 2561 Θεέ
604 2525 727 2580 μου,
756 2509 845 2564 ἴνα
879 2510 932 2563 τί
969 2526 1035 2580 με
1077 2509 1470 2579 έγκατέλιπες;
1499 2528 1517 2561 ι
1558 2508 1883 2563 Ἀπεοικότα

293 2601 402 2673 γὰρ
442 2595 580 2655 εἷναί
616 2619 750 2671 φασι
784 2603 852 2656 τὰ
884 2602 1063 2657 τοιάδε
1113 2603 1191 2676 τῷ
1224 2602 1343 2673 Θεῷ
1386 2602 1565 2674 Λόγῳ,
1595 2601 1690 2656 καὶ
1721 2600 1885 2672 ἡττῆ-

294 2687 418 2744 σθαι
444 2690 579 2744 πολὺ
606 2691 706 2754 τῖες
738 2692 964 2763 ἐνούσης
988 2691 1269 2764 ὑπεροχῆς
1296 2689 1446 2764 αύτῷ
1470 2691 1638 2763 φαίην
1665 2690 1751 2745 ἄν.

367 2956 429 3010 Δ.
474 2956 662 3026 Ἷσημι
709 2957 802 3009 καὶ
833 2957 996 3020 αὐτὸς
1040 2955 1171 3025 ἐγὼ,
1238 2956 1313 3028 μὴ
1350 2956 1417 3012 ἂν
1449 2955 1694 3029 ἁρμόσαι
1724 2955 1887 3009 ταυτὶ

296 3046 373 3117 τῷ
416 3048 479 3100 ὲκ
512 3046 647 3100 Θεοῦ
696 3047 941 3119 Πατρὸς.
988 3089 1002 3102 .
1046 3090 1058 3103 .
1103 3089 1118 3105 .
1162 3090 1175 3103 .
1220 3050 1401 3121 Λόγῳ,
1432 3048 1759 3114 ὲξωσθέντος
1790 3047 1884 3102 τοῦ

295 3136 500 3207 τρόπου
538 3138 637 3206 τῆς
669 3138 1012 3209 οἰκονομίας,
1060 3139 1157 3192 καὶ
1207 3139 1307 3192 ούκ
1348 3138 1717 3209 είσδεχθέντος
1748 3138 1885 3211 πρὸς

297 3229 457 3301 ἡμῶν
520 3228 649 3297 τοῦ,
698 3231 782 3284 ὅτι
832 3231 1028 3299 γέγονε
1087 3229 1225 3304 σὰρξ
1274 3230 1419 3285 κατὰ
1477 3231 1580 3296 τὰς
1637 3231 1881 3304 Γραφάς.

312 3323 531 3396 Ἐπειδὴ
561 3323 618 3377 δὲ
652 3324 789 3396 πρὸς
817 3323 975 3378 τοῦτο
1004 3324 1450 3397 διερηρείσμεθα,
1478 3325 1576 3379 καὶ
1602 3324 1664 3379 τὸ
1689 3324 1889 3379 ὲνδοιὰο

295 3417 415 3484 ζειν
445 3417 583 3481 ὅλως
607 3418 929 3482 δυσσεϐείας
991 3417 1106 3489 ἔχει
1157 3417 1400 3490 γραφὴν,
1441 3418 1575 3489 φέρε
1612 3418 1714 3489 τῆς
1746 3420 1891 3472 οίκο·

296 3513 492 3581 νομίας
514 3512 575 3564 τὸ
609 3511 792 3582 βάθος,
815 3511 891 3575 ὡς
916 3512 1017 3575 ἔνι,
1049 3510 1579 3581 κατασκεπτώμεθα.
1618 3510 1887 3581 Ἑπέφανε

296 3601 480 3655 τοίνυν
533 3602 667 3672 ἡμῖν
717 3603 776 3654 ὲν
815 3601 946 3654 εῖδει
998 3600 1077 3671 τῷ
1128 3600 1251 3654 καθ’
1298 3602 1447 3673 ἡμᾶς
1498 3603 1526 3654 ό
1558 3602 1624 3654 ὲκ
1680 3601 1888 3671 Κυρίου

299 3692 514 3764 Πατρδς
572 3693 779 3762 Λόγος,
825 3694 968 3747 κατὰ
1026 3692 1255 3765 μυρίους
1303 3694 1461 3757 ὅσους
1516 3693 1728 3763 ὀνήσων
1772 3693 1893 3763 τρόο

302 3803 438 3850 πους
476 3786 544 3840 τὰ
575 3785 917 3858 ἀνθρώπινα,
971 3787 1067 3841 καὶ
1110 3786 1445 3854 καταδείξων
1502 3782 1562 3841 εὖ
1606 3787 1751 3859 μάλα
1790 3787 1891 3858 τὴν

299 3878 383 3942 είς
424 3879 539 3931 πᾶν
568 3877 746 3931 ὁτιοῦν
778 3876 891 3931 τῶν
932 3876 1403 3951 τεθαυμασμένων
1446 3878 1891 3947 ἅποκομίζουσαν

300 3970 508 4041 τρίϐον.
554 3966 665 4025 Ἦν
712 3967 807 4024 οὖν
854 3970 1153 4039 ἀναγκαῖον
1197 3970 1524 4043 ἁναμαθεϊν,
1582 3968 1892 4041 πειρασμοῦ

301 4062 660 4125 καταθέοντος
696 4063 826 4124 τοὺς
855 4061 956 4131 τῆς
995 4064 1076 4125 είς
1104 4060 1237 4115 Θεὸν
1268 4062 1489 4132 ἀγάπης
1521 4062 1684 4115 ἕνεκα
1715 4061 1885 4115 κινδυο

304 4154 583 4216 νεύοντας.
616 4155 831 4218 ὁποίους
877 4156 1028 4218 τινας
1057 4152 1197 4209 εἶναι
1228 4156 1334 4228 χρὴ
1386 4158 1510 4219 τοὺς
1558 4155 1656 4228 τὴν
1694 4156 1894 4210 εὐκλεᾶ

304 4241 402 4293 καὶ
428 4239 704 4309 ἐξαίρετον
738 4240 1013 4295 πολιτείαν
1048 4243 1141 4295 καὶ
1172 4241 1318 4313 ζωὴν
1349 4244 1648 4315 κατορθοῦν
1676 4245 1892 4317 ᾑρημέ-

306 4344 462 4393 νους,
510 4329 715 4401 πότερα
751 4331 1103 4401 μεθιεμένους
1131 4332 1229 4385 καὶ
1278 4334 1682 4400 ὰναπίπτοντας
1725 4339 1805 4400 είς
1834 4337 1894 4391 τδ

308 4418 569 4492 ῥᾴθυμον,
606 4422 700 4475 καὶ
734 4422 833 4476 οὐκ
863 4422 923 4475 ὲν
959 4421 1137 4494 καιρῷ
1164 4424 1487 4497 τρυφῶντας
1528 4430 1624 4483 καὶ
1665 4430 1892 4499 εὐρυνο-

1973 594 2161 634 rursus
2182 579 2323 634 alius
2352 580 2573 648 quidam
2609 593 2639 632 e
2670 579 2873 633 sanctis
2901 595 2916 633 :
2946 596 2965 627 r
3002 575 3335 641 llhuuinare,
3356 575 3549 644 inquit.

1971 670 2294 727 Jerusalem.
2345 670 2506 725 Venit
2553 670 2697 724 enim
2736 671 2912 724 lumen
2942 677 3120 733 tuum,
3149 679 3203 724 et
3234 668 3405 738 gloria
3447 666 3551 721 Do-

1975 765 2107 820 mini
2152 779 2315 833 super
2360 774 2411 817 te
2459 775 2578 818 orta
2613 772 2717 817 est.
2741 763 2876 829 Quia
2900 776 3029 818 ecce
3054 762 3287 816 tenebrae
3308 760 3553 830 operient

1975 865 2197 922 terram,
2230 865 2283 911 et
2305 854 2481 926 caligo
2513 854 2772 924 populos:
2820 868 2984 923 super
3030 862 3083 907 te
3120 859 3300 906 autem
3348 851 3555 905 orietur

1976 948 2258 1012 Dominus,
2315 955 2370 1002 et
2403 947 2571 1017 gloria
2626 947 2745 1017 ejus
2775 944 2829 999 in
2887 956 2942 1000 te
2995 945 3265 998 videbitur
3299 944 3369 999 θ’.
3405 960 3424 994 ι
3489 942 3555 996 Et

1973 1036 2208 1095 J‘acobus
2241 1040 2357 1110 ejus
2386 1039 2681 1110 discipulus
2716 1056 2730 1093 :
2772 1057 2790 1089 t
2856 1036 3096 1098 Fratres,
3131 1036 3330 1105 inquit,
3388 1034 3556 1090 nolite

1978 1131 2030 1188 in
2079 1147 2433 1203 personarum
2486 1130 2805 1201 acceptione
2854 1128 3059 1183 habere
3127 1127 3307 1203 ﬁdem,
3342 1125 3554 1180 Domini

1978 1201 2146 1280 nostri
2202 1222 2324 1280 Jesu
2388 1224 2588 1278 Christi
2626 1224 2809 1292 gloriae
2832 1220 2898 1274 ".
2943 1240 2958 1269 ι
2995 1219 3187 1273 Petrus
3241 1201 3409 1271 vero:
3443 1235 3461 1267 ι
3501 1214 3556 1269 Si

1976 1316 2378 1387 cxprohramini
2412 1317 2461 1368 iu
2482 1315 2721 1378 Christo,
2754 1315 2897 1367 beati
2933 1312 3110 1375 eritis,
3133 1311 3387 1380 quoniam
3417 1311 3558 1378 quod

1978 1420 2065 1464 est
2100 1409 2323 1463 honoris
2352 1407 2534 1479 gloria'
2578 1419 2634 1462 et
2679 1406 2896 1460 virtutis
2941 1405 3060 1465 Dei.
3108 1414 3163 1458 et
3192 1403 3282 1473 qui
3324 1410 3404 1457 est
3447 1399 3563 1471 ejus

1980 1499 2212 1570 Spiritus
2242 1515 2404 1570 super
2449 1515 2543 1554 vos
2578 1499 2883 1568 requiescet
2910 1498 2977 1553 “.
3013 1517 3030 1550 ι

2050 1676 2216 1751 754
2248 1676 2309 1732 Β.
2346 1674 2630 1733 Sufficiunt
2654 1677 2764 1749 jam
2811 1679 2948 1733 haec.
2982 1678 3250 1734 Caeterum
3298 1677 3399 1732 hoc
3432 1677 3561 1730 mihi

1983 1774 2132 1828 dicas
2175 1772 2356 1837 velim,
2410 1773 2690 1842 quomodo
2751 1771 3153 1842 intelligendum
3201 1771 3271 1826 sit
3320 1770 3446 1825 illud
3499 1772 3566 1823 de

2637 1882 2655 1916 ι
2723 1864 2823 1931 Qui
2879 1865 2932 1917 itt
2985 1865 3173 1920 diebus
3233 1865 3415 1919 carnis
3455 1878 3566 1917 sum

1984 1972 2095 2027 pret
2111 1972 2169 2009 es
2198 1954 2727 2026 supplicationesque
2777 1955 2843 2010 ad
2887 1970 3010 2011 eum
3050 1957 3141 2026 qui
3181 1957 3350 2027 possit
3392 1956 3564 2023 ipsqu

1983 2049 2189 2104 salvum
2240 2048 2423 2104 facere
2472 2066 2501 2102 a
2548 2060 2722 2103 morte
2764 2065 2885 2104 cum
2924 2050 3161 2105 clamore
3210 2050 3390 2105 valido
3413 2050 3569 2105 etla-

1983 2142 2185 2213 crymis
2228 2139 2486 2206 oﬂ'erens,
2522 2142 2811 2196 exauditus
2853 2154 2937 2197 est
2960 2159 3058 2213 pro
3097 2158 3196 2197 sua
3239 2146 3565 2199 reverentia.

1985 2232 2051 2289 Et
2079 2234 2295 2301 quidem
2323 2250 2448 2291 cum
2485 2244 2632 2289 esset
2664 2230 2833 2288 Filius
2868 2233 2984 2301 Dei,
3025 2234 3214 2289 didicit
3244 2248 3306 2288 ex
3349 2234 3414 2288 iis
3451 2248 3569 2304 quae

1986 2341 2175 2394 passus
2209 2336 2322 2393 est,
2390 2324 2779 2381 obedientiam.
2811 2324 2877 2381 Et
2928 2336 3341 2382 consummatus
3397 2326 3572 2381 factus

1984 2431 2068 2474 cst
2138 2418 2393 2475 omnibus
2440 2418 2948 2486 obtemperantibus
2999 2419 3102 2473 sibi
3159 2433 3323 2474 causa
3378 2417 3573 2472 salutis

1985 2520 2200 2565 aeternae
2225 2510 2292 2565 ⁸⁸.
2357 2528 2375 2561 ο
2433 2508 2697 2579 Adjiciam
2759 2525 2890 2565 vero
2945 2510 3107 2565 dictis
3172 2511 3336 2565 etiam
3393 2510 3568 2564 illud:

1992 2621 2011 2654 ι
2044 2602 2185 2657 Deus
2213 2617 2387 2665 meus,
2412 2601 2558 2658 Deus
2581 2618 2753 2666 meus,
2776 2618 2947 2673 quare
2966 2618 3051 2658 me
3075 2602 3407 2673 dereliquisli
3438 2602 3515 2655 ἐἳ
3549 2622 3568 2655 ι

1985 2694 2174 2751 Aliena
2203 2696 2345 2750 enim
2397 2696 2512 2750 hzec
2569 2712 2691 2751 esse
2721 2696 2907 2750 dicunt
2957 2710 2987 2749 a
3037 2695 3148 2751 Deo
3184 2693 3378 2763 Verbo,
3410 2708 3576 2763 atque

1985 2801 2086 2857 ego
2120 2786 2335 2857 quidem
2368 2787 2632 2858 dignitate
2668 2787 2837 2858 ipsius
2871 2797 3033 2859 atque
3063 2786 3382 2843 excellentia
3420 2787 3575 2859 longe

1988 2880 2245 2937 inferiora
2276 2896 2337 2936 ea
2364 2897 2485 2937 esse
2514 2881 2897 2950 indicaverim.

2056 2972 2124 3029 Α.
2177 2971 2317 3040 Quin
2382 2983 2440 3027 et
2502 2988 2602 3044 ego
2626 2977 2742 3043 ipse
2800 2974 2961 3031 facile
3009 2975 3251 3049 intelligo
3297 2976 3413 3033 haec
3468 2994 3574 3033 non

1987 3065 2282 3119 convenire
2312 3064 2490 3120 Verbo
2519 3067 2702 3136 genito
2724 3081 2791 3120 ex
2831 3065 2942 3123 Deo
2989 3065 3170 3133 Patre,
3230 3069 3274 3125 si
3330 3069 3459 3125 illud
3511 3073 3578 3123 εει)

1990 3157 2461 3213 administratione
2518 3160 2570 3212 in
2630 3174 2797 3215 carne
2842 3175 3244 3228 removeamus,
3276 3178 3451 3232 neque
3479 3164 3575 3218 σός

1992 3248 2271 3305 mittamus
2318 3250 2371 3304 id
2397 3251 2541 3319 quod
2598 3248 2880 3321 Scriptura
2937 3261 3192 3320 testatur,
3236 3257 3377 3326 quod
3411 3257 3574 3310 uiati-

1990 3357 2111 3397 rum
2144 3340 2318 3398 factus
2347 3345 2419 3397 sit
2445 3359 2594 3399 caro.
2630 3343 2763 3399 Cum
2798 3360 2923 3400 vero
2960 3346 3065 3401 hoc
3123 3345 3351 3402 ﬁrmiter
3389 3359 3576 3404 tenea-

1991 3449 2112 3488 mus
2171 3443 2224 3489 ct
2276 3434 2541 3491 dubitatio
2607 3436 2712 3494 hac
2761 3435 2811 3492 in
2868 3453 2928 3492 re
2975 3453 3097 3492 cum
3173 3440 3451 3509 impietate
3506 3446 3573 3498 sit

1990 3526 2313 3596 conjuncta,
2366 3528 2761 3584 incarnationis
2795 3530 3116 3603 mysterium
3166 3544 3428 3601 quantum
3461 3536 3574 3590 neri

1991 3628 2168 3691 potest
2198 3622 2615 3691 perpendamus.
2644 3622 2909 3693 Apparuit
2950 3622 3133 3691 itaque
3167 3626 3324 3681 nobis
3346 3625 3576 3682 Vcibtun

1991 3726 2057 3764 ex
2094 3710 2205 3766 Deo
2245 3712 2298 3767 in
2357 3712 2529 3767 forma
2561 3723 2759 3768 nostra:
2816 3715 3004 3780 simili,
3074 3717 3374 3774 innumeris
3411 3722 3582 3775 modis

1994 3804 2285 3859 humanam
2336 3817 2589 3858 naturam
2649 3804 2875 3874 juvans,
2920 3807 3231 3879 optimeque
3283 3812 3437 3867 ltOlils
3486 3814 3581 3868 de-

1993 3905 2305 3949 monstrans
2345 3895 2485 3948 viam
2520 3909 2642 3963 qua:
2695 3896 2762 3951 ad
2809 3898 3015 3966 optima
3073 3916 3302 3973 qumque
3340 3904 3577 3958 deducit.

1994 3984 2226 4041 Necesse
2265 3986 2449 4055 itaque
2502 3997 2619 4041 erat
2682 3999 2741 4043 ut
2787 3989 3120 4055 diceremus,
3181 4009 3303 4047 cum
3353 3997 3582 4047 teutatio

1995 4077 2203 4131 invadit
2255 4091 2349 4130 eos
2407 4068 2498 4145 qui
2553 4077 2621 4133 ob
2667 4078 3011 4135 dilectionem
3048 4080 3141 4135 Dei
3182 4082 3578 4151 periclitantur.

1991 4167 2183 4239 quales
2217 4174 2469 4237 oporteat
2502 4184 2623 4225 esse
2646 4185 2741 4227 eos
2771 4174 2861 4241 qui
2905 4172 3228 4229 laudabilem
3259 4184 3420 4245 atque
3461 4175 3579 4232 exi-

1995 4260 2159 4315 miam
2192 4260 2360 4314 vitam
2391 4261 2679 4318 instituere
2711 4265 2881 4319 velint
2921 4281 2937 4321 :
2986 4274 3170 4323 utrum
3198 4267 3263 4321 ad
3312 4268 3578 4338 ignaviam

1993 4367 2215 4424 pronos,
2252 4362 2305 4408 et
2347 4353 2557 4409 deliciis
2596 4356 2840 4422 deditos,
2874 4358 3246 4431 bilaritatique
3300 4371 3357 4415 et
3385 4362 3583 4431 gaudio

1995 4444 2237 4498 animum
2265 4448 2508 4502 laxantes
2539 4465 2552 4502 :
2584 4462 2651 4502 an
2684 4449 2864 4519 potius
2896 4466 3001 4505 una
3040 4452 3292 4521 precibus
3319 4453 3580 4517 intentos,

309 4512 507 4616 μέὶθους
531 4514 607 4576 είς
634 4513 921 4605 εὐθυμίαν,
948 4515 981 4587 ἢ
1018 4519 1463 4589 συντεινομένους
1489 4521 1567 4585 είς
1594 4521 1767 4587 λιτὰς,
1799 4523 1883 4578 καῚ

1997 4548 2052 4592 et
2100 4538 2464 4611 lacrytnantes
2492 4555 2677 4596 coram
2744 4540 3029 4600 Salvatore
3094 4545 3263 4612 cerni,
3306 4557 3363 4600 et
3416 4544 3585 4616 ipsius

304 4601 741 4677 δεδακρυμένονς
768 4588 1010 4677 χόρᾶσθαι
1046 4607 1127 4679 τῷ
1160 4588 1423 4675 σιῦζοντι,
1473 4612 1570 4668 καὶ
1616 4612 1720 4686 τὴν
1759 4626 1873 4687 παρ

307 4695 476 4750 αὑτοῦ
519 4696 789 4768 διψῶντας
838 4698 1183 4771 ἐπικουρίαν,
1230 4705 1324 4756 καὶ
1361 4703 1544 4773 μέντοι
1590 4706 1685 4760 καί
1731 4707 1891 4762 suam

306 4784 479 4859 δρίαν,
510 4785 672 4858 εἴπερ
711 4787 885 4845 ελοιτο
928 4791 1025 4845 καὶ
1054 4793 1248 4852 παθείν
1277 4796 1442 4866 ἡμᾶς.
1476 4796 1625 4853 Ἔδει
1666 4816 1727 4854 τι
1758 4799 1890 4872 πρὸς

307 4876 522 4943 τούτοις
568 4878 765 4935 εἰδέναι
816 4882 1135 4954 χρησίμως,
1185 4884 1306 4947 ὅποι
1348 4887 1478 4942 ποτὲ
1524 4889 1635 4961 ἄρα
1683 4889 1746 4945 τὸ
1792 4891 1893 4963 τῆς

311 4966 555 5039 ὓπακοῆς
594 4970 815 5037 διέξεισι
849 4971 1059 5045 πέρας,
1098 4974 1193 5028 καὶ
1235 4975 1323 5031 διὰ
1354 4979 1523 5033 ⁴ιοοίων
1549 4980 1770 5054 ἔρχεται
1800 5000 1894 5054 γεο

312 5060 447 5133 ρῶν,
469 5063 594 5127 ὅσος
615 5080 675 5117 τε
703 5065 796 5119 καὶ
820 5061 931 5130 οἶος
975 5065 1078 5137 τῆς
1102 5066 1382 5141 ὑπομονῆς
1403 5074 1433 5125 ὁ
1460 5072 1670 5142 μισθός.
1696 5073 1895 5144 Γέγονε

310 5153 488 5209 τοίνυν
507 5155 857 5223 ύποτύπωσις
881 5158 990 5214 τῶν
1019 5159 1275 5216 τοιούτων
1300 5163 1433 5235 ἡμῖν
1467 5166 1498 5217 ό
1517 5165 1773 5239 Χριστὸς,
1801 5173 1896 5224 καὶ

312 5244 449 5317 πρός
480 5262 543 5315 γε
577 5247 735 5302 τοῦτο
764 5249 917 5321 ἡμᾶς
941 5250 1169 5322 ἔμπεδοί
1192 5253 1371 5323 λέγων
1407 5255 1438 5309 ό
1468 5254 1760 5325 θεσπέσιος
1790 5261 1896 5317 Πέ-

311 5351 460 5407 τρος
497 5353 518 5389 ι
552 5338 711 5393 norm
744 5341 855 5412 γὰρ
881 5342 1057 5408 κλέος,
1088 5346 1137 5399 εί
1167 5346 1575 5418 ἁμαρτάνοντες
1610 5352 1705 5407 καὶ
1734 5352 1894 5411 κολα-

312 5429 591 5499 φιζόμενοι
636 5431 971 5502 ὑπομένετες
1015 5434 1155 5490 Ἀλλ’
1187 5438 1234 5492 εί
1268 5438 1724 5507 ἀγαθοποιοῦντες
1758 5445 1894 5502 ὐπο-

312 5521 528 5591 μένετε,
572 5522 731 5577 τοῦτο
769 5523 928 5597 χάρις
990 5530 1141 5599 παρά
1194 5528 1332 5601 Θεῷ,
1381 5534 1464 5586 δτι
1515 5536 1609 5588 καὶ
1658 5536 1894 5609 Χριστὸς

382 5722 1473 5823 ῗῖ.3.³³;ἒῖξγνὲἓν¹ἒ;.ἴζὲξπςιοκιηίιὲ-
1552 5740 1834 5812 θυαε-ηε
1879 5747 1928 5801 ιο
2008 5746 2497 5820 “War-Iv.“-
2572 5752 3021 5823 “ﬂebam-9.

311 5795 497 5849 Matth.
545 5811 714 5860 xxv“,
744 5796 833 5848 ιδ.
908 5799 951 5828 ⁸⁷
984 5800 998 5855 Ι
1034 5800 1176 5856 Petr.
1205 5820 1267 5866 ll,
1297 5795 1498 5869 imit.

630 5870 1067 5954 Parnason.
1122 5897 1360 5962 Lxxv.

1994 4631 2255 4686 auxilium
2309 4633 2470 4689 avide
2531 4643 2873 4703 appetentes,
2929 4635 3166 4708 fortique
3220 4639 3404 4694 animo
3448 4654 3584 4708 prte-

1998 4722 2140 4775 dilos
2187 4736 2334 4789 esse,
2388 4723 2433 4778 si
2469 4724 2634 4779 etiam
2684 4740 2784 4782 nos
2815 4730 2924 4799 pati
2963 4728 3215 4785 voluerit.
3267 4728 3583 4791 Consultant

1994 4825 2257 4885 praeterea
2310 4827 2430 4872 erat
2468 4820 2611 4875 scire
2667 4820 2790 4893 quis
2844 4822 2917 4876 sit
2960 4822 3281 4877 obedientiat
3331 4823 3476 4887 ﬁnis,
3531 4834 3585 4877 et

1997 4905 2175 4977 qualis
2212 4921 2525 4980 quantaque
2552 4910 2851 4967 tolerantia:
2903 4926 3114 4969 merces
3157 4913 3232 4971 sit
3285 4912 3587 4983 proposita.

2004 4995 2208 5054 Horum
2270 5002 2458 5070 itaque
2522 5006 2766 5065 omnium
2825 5004 2992 5076 ﬂgttra
3051 5015 3218 5075 atque
3278 5004 3585 5075 exetnpltttu

2005 5090 2160 5144 nobis
2216 5090 2388 5148 factus
2456 5103 2542 5149 est.
2592 5092 2864 5160 Christus,
2922 5096 3065 5163 quod
3111 5106 3167 5149 et.
3219 5093 3435 5149 divinus
3502 5093 3583 5149 ille

2003 5179 2195 5238 Petrus
2227 5185 2513 5241 conﬁrmat
2537 5186 2723 5243 dicens
2755 5203 2771 5241 :
2804 5204 2826 5239 ι
2860 5184 2993 5253 Quae
3029 5187 3174 5242 enim
3219 5197 3301 5242 est
3354 5187 3493 5252 inus,
3541 5188 3584 5241 si

2001 5283 2292 5343 peccantes
2356 5286 2413 5329 et
2464 5276 2787 5347 colapltizati
2828 5276 3143 5337 .suﬂertisl
3190 5277 3293 5335 Sed
3345 5279 3393 5335 si
3449 5279 3586 5335 bene

2005 5360 2562 5441 facientespatieuter
2619 5370 3063 5437 sustinetis,htec
3100 5380 3181 5426 est
3225 5370 3395 5441 gratia
3447 5372 3588 5441 apud

2005 5453 2169 5511 Deutn
2205 5474 2219 5511 :
2249 5457 2373 5530 quia
2402 5470 2458 5516 et
2477 5460 2724 5520 Christus
2751 5477 2947 5531 passos
2963 5470 3047 5518 est
3073 5477 3169 5531 pro
3214 5460 3388 5524 vobis,
3420 5462 3587 5516 relin-

2002 5559 2177 5613 quens
2199 5547 2351 5601 vobis
2373 5552 2676 5621 exemplum
2698 5562 2754 5607 ut
2776 5554 3074 5624 sequamini
3099 5552 3318 5624 vestigia
3331 5554 3449 5621 ejus
3463 5554 3525 5607 ⁸⁷.
3566 5576 3586 5607 ι

3128 5756 3333 5812 “Psal.
3363 5768 3473 5818 χλι,
3519 5753 3587 5819 l;

3160 5916 3234 5979 42
