4038 6540
512 362 649 416 i325

1496 353 1556 408 ε.
1599 351 1878 424 LXRILLI
1918 351 2391 410 ALEXANDRINI
2430 351 2750 411 ARCHIEP.

3636 348 3789 405 ητιι

508 474 765 536 Pronum,
817 489 921 527 non
959 470 1185 526 nudum'
1213 482 1268 525 et
1323 468 1712 526 exinanitionis
1766 482 1960 539 expers
1994 469 2085 526 Del

2191 469 2463 525 ἀπέθανεν
2492 470 2634 542 ῦπδρ
2671 468 2849 539 ὑμῶν,
2877 466 3006 538 ὑμῖν
3054 465 3448 538 ὑπολιμπάνων
3481 465 3789 539 ῦπογραμυ

508 560 769 627 Verbum,
794 559 955 633 755
974 560 1071 616 sed
1108 559 1166 616 in
1192 548 1380 615 diebus
1410 559 1593 614 carnis
1632 574 1742 615 suae
1776 559 1981 615 factum
2003 570 2086 616 est

510 651 668 707 nobis
716 649 1020 721 exemplum
1057 666 1076 717 ;
1108 652 1244 705 adeo
1307 659 1365 703 ut
1426 649 1564 704 citra
1610 648 2077 719 reprehensionem

511 743 668 799 liceat
705 743 753 798 el
780 741 1026 797 humanis
1059 740 1302 797 moribus
1344 740 1443 805 uti,
1476 748 1534 795 et
1576 754 1765 811 preces
1787 740 2001 802 oﬂ‘erre.
2033 749 2088 794 et

510 834 779 906 lacrymas
839 832 1188 903 profundere,
1249 839 1305 887 et
1357 829 1695 888 Salvatorem
1768 842 2087 903 exspectare

509 935 671 994 atque
714 922 1029 994 implorare,
1081 931 1136 976 et
1163 921 1530 977 obedientiam
1582 920 1815 983 discere,
1871 919 2086 974 tametsi

509 1017 581 1071 sit
609 1014 798 1070 Filius.
817 1013 1091 1087 Attonitus
1113 1013 1258 1068 enim
1286 1012 1687 1081 quodammodo
1712 1011 1814 1067 fuit
1842 1010 2084 1084 mysterii

508 1104 882 1176 magnitudine
927 1102 1217 1173 Apostolus
1281 1101 1484 1172 Spiritu
1521 1100 1757 1166 amatus,
1817 1101 1960 1171 quod
1990 1115 2089 1156 na-

511 1206 627 1251 tura
661 1210 727 1252 ac
755 1208 882 1251 vere
903 1196 1176 1251 exsistens
1195 1193 1387 1260 Filius,
1440 1202 1496 1249 et
1529 1193 1709 1249 divina
1746 1192 1916 1263 gloria
1948 1191 2086 1248 emi—

510 1304 667 1357 nens,
720 1289 955 1359 seipsnm
999 1287 1068 1342 ad
1114 1302 1234 1342 eam
1288 1285 1643 1341 humilitatem
1691 1283 1990 1349 demiserit,
2028 1292 2087 1339 ut

509 1385 757 1441 humane
786 1382 980 1451 inopia:
1003 1380 1262 1436 vilitatem
1295 1379 1479 1435 subire
1506 1395 1615 1436 non
1638 1380 1926 1435 recusarit.
1956 1376 2084 1445 Sed,

508 1475 728 1540 ntdisi,
778 1473 979 1546 negotii
1031 1472 1193 1543 hujus
1250 1470 1555 1542 exemplum
1607 1471 1675 1525 ad
1726 1485 1825 1526 nos
1893 1486 2087 1541 magno

509 1578 693 1623 nostro
740 1564 1025 1620 commodo
1094 1562 1372 1634 spectabat
1420 1580 1434 1617 :
1486 1568 1547 1615 ut
1594 1561 1920 1616 doceremur
1981 1575 2086 1617 non

508 1660 707 1713 debere
731 1670 830 1712 nos
865 1656 918 1711 in
966 1654 1125 1709 aliam
1163 1655 1302 1708 viam
1348 1651 1656 1717 deﬂectere,
1692 1667 1817 1708 cum
1875 1660 2086 1721 tempus

468 1775 471 1777 -
508 1746 875 1803 iurtitudinem
901 1752 1088 1816 poscat
1111 1760 1126 1809 ;
1149 1746 1291 1814 quod
1326 1742 1409 1798 vel
1447 1743 1572 1798 hinc
1596 1742 1798 1813 optime
1819 1741 2085 1812 quispiam

2188 560 2308 632 μὸν,
2340 562 2429 616 ἴνα
2461 559 2936 631 ἐπακολουθήσητε
2964 558 3081 621 τοῖς
3111 557 3316 628 ίχνεσιν
3353 556 3543 616 αὑτοῦ.
3565 577 3588 611 ν
3630 559 3791 615 06se-

2184 653 2298 717 οῦν,
2341 653 2400 706 οὐ
2433 651 2635 724 γυμνδς
2662 649 2737 705 ὣν
2764 650 2846 704 ἔτι
2882 646 2978 703 καῖ
3007 649 3121 703 τῶν
3149 649 3250 720 τῆς
3282 646 3567 713 κενώσεως
3601 650 3788 721 ἀμέτο

2184 758 2309 812 οχος
2337 742 2556 813 τρόπων
2577 743 2606 795 6
2631 740 2726 795 τοῦ
2781 738 2917 793 Θεοῦ
2946 739 3139 808 Λόγος,
3169 738 3283 793 ἀλλ’
3307 740 3365 794 ἐν
3393 742 3516 803 ταῖς
3536 740 3790 813 ἡμέραις

2183 834 2284 905 τῆς
2323 833 2524 905 σαρκὸς
2563 832 2728 887 αὐτοῦ
2772 831 2997 900 γέγονεν
3043 832 3178 903 ἡμῖν
3237 831 3632 903 ὑπογραμμὺς,
3682 833 3788 888 ἄτα

2186 925 2280 978 καὶ
2302 924 2723 997 ἀνεπιπλήκτως
2751 922 2871 988 ἐξδν
2908 922 3058 994 αῦτῷ
3084 924 3196 987 τοῖς
3225 926 3325 995 τῆς
3358 923 3790 996 ἀνθρωπύτητος

2185 1013 2422 1086 χρῆσθαι
2454 1015 2698 1087 μέτροις,
2736 1014 2833 1069 καὶ
2857 1014 3137 1068 ἀνατεῖναι
3166 1013 3343 1084 λιτὴν,
3373 1016 3465 1069 καὶ
3499 1016 3789 1071 καταστά-

2189 1106 2276 1171 Eat
2318 1107 2573 1177 δάκρυον,
2618 1106 2714 1161 καὶ
2756 1105 2939 1159 δοκεῖν
2975 1105 3078 1177 ήδη
3127 1122 3247 1168 πως
3295 1106 3391 1159 καὶ
3434 1106 3649 1162 δεῖσθαι
3686 1104 3792 1161 τοῦ

2189 1193 2475 1259 σώζοντος,
2504 1196 2598 1250 καὶ
2631 1194 2926 1265 μανθάνειν
2975 1195 3075 1266 τὴν
3103 1194 3373 1266 ὑπακοὴν,
3406 1195 3611 1267 καίπερ
3650 1196 3791 1251 ὅντα

2186 1286 2336 1341 Υιόν.
2364 1286 2730 1358 Κατατέθηπε
2768 1287 2878 1359 γὰρ
2905 1285 3097 1357 ῶσπερ
3121 1285 3183 1340 τὸ
3216 1288 3515 1358 μυστήριον
3547 1289 3577 1341 6
3606 1303 3788 1341 πνευ-

2191 1375 2518 1448 ματοφδρος,
2548 1377 2631 1430 δτι
2665 1374 2827 1446 φύσει
2864 1394 2926 1431 τε
2957 1378 3052 1431 καὶ
3080 1376 3297 1449 ἀληθῶς
3328 1378 3591 1448 ὑπάρχων
3628 1377 3788 1443 Υἱὸς,

2187 1466 2283 1521 καὶ
2307 1468 2421 1531 τοῖς
2443 1467 2544 1537 τῆς
2572 1465 2825 1538 θεότητος
2856 1468 3173 1539 αὐχήμασιν
3198 1468 3512 1540 ἐμπρεπὴς,
3535 1470 3791 1540 καθῆκεν

2188 1558 2380 1613 ἐαυτὸν
2411 1559 2491 1621 είς
2519 1559 2867 1627 ταπείνωσιν,
2889 1558 2968 1623 ὡς
2995 1559 3098 1631 τῆς
3126 1558 3471 1631 ἀνθρωπίνης
3504 1562 3791 1632 πτωχείας

2189 1648 2442 1703 ὑπελθεῖν
2488 1649 2548 1704 τὸ
2597 1650 3031 1722 σμικροπρεπές.
3066 1648 3207 1703 Ἀλλ’
3246 1646 3315 1722 ἦν
3351 1652 3433 1715 είς
3472 1653 3660 1723 ἡμᾶς,
3707 1652 3791 1716 ῶς

2189 1740 2345 1810 ἔφην,
2373 1743 2403 1795 6
2423 1739 2518 1795 τοῦ
2550 1742 2873 1812 πράγματος
2896 1740 3088 1807 τύπος,
3119 1741 3282 1807 καλὸς
3309 1744 3405 1796 καὶ
3430 1743 3786 1815 ὀνησιφόροςε

510 1836 856 1892 intellexerit.
925 1832 1179 1889 Christus
1224 1833 1370 1889 enim
1424 1831 1553 1888 alibi
1600 1830 1815 1902 quidem
1868 1833 2083 1902 inquit:

2191 1828 2266 1893 ὡς
2298 1830 2358 1882 τό
2392 1846 2474 1883 τοι
2510 1829 2584 1901 μὴ
2614 1831 2812 1901 χρῆναι
2840 1830 3077 1901 διᾴττειν
3105 1833 3255 1904 ἡμᾶς
3296 1833 3378 1898 είς
3411 1834 3611 1907 ἑτέραν
3640 1833 3783 1901 δῶν,

512 1947 531 1981 ι
562 1929 738 1985 Nolite
765 1929 954 1984 timere
980 1940 1075 1981 eos
1104 1926 1195 1996 qui
1227 1926 1566 1981 interﬁciunt
1587 1940 1809 1995 corpus,
1841 1926 2084 1980 animam

2191 1919 2288 1972 καὶ
2326 1919 2389 1973 οῦ
2417 1918 2533 1992 [γρ.
2560 1919 2779 1995 καιροῦ]
2804 1921 3097 1987 καλοῦντος
3124 1925 3204 1987 είς
3230 1923 3539 1994 εὐανδρίαν,
3567 1925 3792 1997 ἀναμάο

504 2031 684 2078 autem
746 2035 852 2076 non
909 2027 1138 2089 possunt
1190 2017 1441 2074 occidere
1483 2018 1625 2073 :sed
1675 2018 1853 2087 potius
1900 2017 2085 2073 timete

2191 2012 2273 2065 θοι
2303 2029 2389 2078 τις
2422 2014 2489 2067 ἂν
2523 2013 2798 2081 ἐντεῦθεν,
2839 2015 2934 2069 καὶ
2961 2016 3135 2087 ῥᾷστά
3158 2032 3221 2085 γε
3245 2016 3332 2087 δή.
3363 2018 3473 2072 Καὶ
3505 2018 3644 2089 γοῦν
3680 2020 3786 2091 ἐφη

508 2127 627 2168 eum
690 2112 780 2181 qui
830 2118 1007 2180 potest
1034 2118 1089 2163 et
1120 2108 1360 2163 animam
1423 2116 1478 2165 et
1522 2123 1721 2180 corpus
1756 2108 1982 2178 perdere
2026 2107 2081 2163 in

508 2202 810 2274 gehennam
836 2201 901 2254 ⁸⁸.
939 2218 958 2253 ι
991 2200 1129 2255 Alibi
1160 2214 1289 2255 vero
1321 2216 1335 2254 :
1372 2218 1391 2251 ι
1437 2198 1495 2254 Si
1531 2198 1654 2269 quis
1685 2198 1802 2254 vult
1844 2207 1965 2268 post
1994 2212 2083 2255 me

510 2296 712 2356 venire,
736 2295 968 2364 abneget
998 2297 1372 2364 semetipsum,
1408 2302 1463 2348 et
1510 2291 1663 2346 tollat
1685 2307 1901 2347 crucem
1926 2305 2083 2347 suam

511 2396 561 2443 et
605 2395 863 2457 sequatur
897 2401 981 2441 me
1002 2385 1068 2440 ".
1102 2402 1121 2437 ι
1176 2384 1329 2451 Quod
1386 2392 1569 2439 autem
1614 2392 1864 2454 oporteat
1910 2384 2082 2454 ipsum

512 2479 680 2550 sequi,
722 2478 984 2548 quidnam
1028 2476 1171 2549 aliud
1212 2477 1506 2547 signiﬁcet,
1537 2492 1700 2548 quam
1747 2476 1947 2532 debere
1986 2491 2086 2532 nos

512 2573 719 2627 .ortiter
760 2569 1031 2625 obsistere
1093 2568 1507 2633 tentationibus,
1570 2582 1697 2623 cum
1744 2568 2087 2624 invocatione

513 2662 693 2718 auxilii
715 2661 905 2727 divini,
931 2677 1038 2716 non
1066 2660 1405 2731 negligenter
1427 2674 1492 2715 ac
1519 2659 1766 2725 remisse,
1794 2661 1889 2715 sed
1909 2660 2089 2730 potius

513 2764 720 2811 Jteutes
746 2754 1002 2824 precibus
1025 2751 1466 2819 ferventissimis,
1497 2751 1616 2823 pias
1632 2752 1790 2807 nobis
1828 2765 1895 2807 ex
1918 2751 2089 2808 oculis

514 2861 773 2918 .acrymas
806 2843 1229 2901 excutientibus.

2184 2105 2443 2178 Χριστὸς,
2484 2106 2616 2160 ποτὲ
2650 2106 2771 2177 μὲν,
2800 2107 2882 2160 ὅτι
2920 2109 3016 2162 καὶ
3055 2128 3073 2161 ι
3102 2108 3197 2181 Μὴ
3238 2109 3491 2178 φοϐεῖσθε
3524 2111 3637 2165 ἀπὸ
3671 2111 3788 2166 τῶν

2188 2196 2627 2253 ἀποκτιννύντων
2660 2198 2722 2252 τὸ
2754 2200 2933 2271 σῶμα,
2985 2202 3085 2273 τὴν
3114 2201 3173 2256 δέ
3200 2201 3381 2274 ψυχὴν
3418 2202 3494 2275 μὴ
3540 2203 3785 2275 δυναμι-

2189 2308 2297 2359 νων
2328 2292 2649 2345 ἀποκτεῖναι
2670 2308 2684 2322 ο
2719 2291 2994 2364 φοϐήθητε
3019 2292 3077 2346 δὲ
3111 2293 3316 2364 μᾶλλον
3360 2294 3451 2348 τὸν
3478 2294 3786 2365 δυνάμενον

2191 2385 2282 2438 καὶ
2309 2382 2487 2454 ψυχὴν
2516 2384 2609 2436 καί
2640 2382 2799 2454 σῶμα
2841 2383 3108 2439 ἀπολέσαι
3140 2386 3202 2438 ἐν
3238 2384 3464 2460 γεέννῃ·
3492 2404 3510 2437 ι
3548 2385 3686 2439 ποτὲ
3727 2387 3785 2440 δέ

2181 2470 2272 2541 αὖ,
2325 2494 2343 2528 ι
2372 2474 2439 2528 Ei’
2470 2492 2552 2538 τις
2589 2474 2732 2529 θέλει
2771 2475 2947 2530 ὀπίσω
2978 2493 3080 2547 μου
3125 2476 3320 2542 ἐλθεῖν,
3367 2477 3785 2549 ἀπαρνησάσθω

2183 2568 2398 2634 ἐαυτὸν,
2438 2568 2532 2622 καὶ
2566 2568 2756 2638 ἀράτω
2782 2568 2875 2623 τὸν
2902 2568 3137 2639 σταυρὸν
3167 2567 3385 2633 ἐαυτοῦ,
3419 2569 3513 2622 καὶ
3549 2568 3781 2623 ἀκολουο

2186 2658 2348 2713 θείτω
2382 2676 2491 2730 μοι.
2518 2677 2536 2711 ι
2571 2659 2644 2712 Τὸ
2675 2660 2735 2713 δὲ
2759 2659 2869 2715 δεῖν
2893 2660 3105 2714 οἴεσθαι
3141 2659 3564 2714 κατακολουθεῖν
3603 2660 3779 2731 αὐτῷ,

2184 2752 2238 2805 τί
2280 2751 2347 2806 ἂν
2377 2750 2566 2822 ἕτερον
2617 2750 2705 2822 εἴη
2750 2752 2901 2823 παρά
2928 2769 2992 2822 γε
3022 2752 3085 2805 τὸ
3108 2752 3302 2823 χρῆναι
3328 2752 3784 2823 κατανδρίζεσθαι

2189 2845 2531 2916 πειρασμῶν,
2563 2845 2702 2915 μετά
2727 2844 2821 2898 τοῦ
2849 2846 2949 2917 τὴν
2974 2845 3182 2899 ἀνωθεν
3217 2846 3543 2918 ἐπικουρίαν
3584 2848 3777 2908 αἰτεῖν,

516 2945 607 3001 οῦκ
635 2940 925 3015 ἀτημελῶς
957 2958 1018 2995 τε
1045 2941 1138 2995 καὶ¹
1171 2939 1536 3012 παρειμένως,
1574 2938 1949 3011 κεχρημένους
1990 2938 2048 2992 δὲ
2090 2938 2294 3010 μᾶλλον
2320 2938 2492 3004 λιταῖς
2554 2942 2673 3002 ταῖς
2735 2940 3172 3005 ἐκτενεστάταις,
3204 2942 3299 2997 xui
3364 2941 3660 3003 καθιέντας
3684 2940 3783 3011 δμ-

511 3038 694 3113 ³ιάτων
715 3037 778 3091 τὸ
806 3036 866 3104 ἐξ
896 3034 1183 3101 εὐλαϐείας
1209 3034 1444 3107 δάκρυον
1472 3052 1487 3103 ;

576 3129 637 3188 Β.
666 3129 834 3185 Recte
860 3129 962 3183 ais.
993 3128 1062 3183 At
1087 3128 1135 3183 si
1153 3128 1320 3196 dicat,
1351 3146 1369 3179 ι
1397 3127 1538 3185 Deus
1561 3129 1892 3198 meus,Deus
1914 3142 2084 3193 meus,

2262 3121 2325 3176 Β.
2361 3116 2435 3176 Εὖ
2474 3121 2642 3194 ἐφηςο
2676 3123 2726 3177 εί
2765 3123 2824 3177 δὲ
2852 3124 2918 3195 δὴ
2944 3124 3115 3193 λέγοι,
3158 3144 3175 3177 t
3207 3125 3308 3179 Θεέ
3351 3143 3477 3195 μου,
3512 3127 3617 3182 Θεέ
3654 3146 3782 3199 μου,

511 3237 676 3295 quare
706 3235 793 3276 me
824 3218 1161 3295 dereliquiSti
1189 3217 1286 3272 ὀἳ
1321 3237 1340 3270 ι
1389 3220 1849 3284 existimaverint,
1899 3228 1959 3274 ut
1994 3233 2085 3271 ar-

517 3308 699 3370 .oitror,
752 3305 987 3361 hominis
1039 3304 1301 3374 assumpti
1349 3319 1512 3361 voces
1552 3305 1670 3361 illas
1718 3319 1861 3373 esse,
1904 3302 2087 3359 alliicti

516 3399 790 3462 Jimirum,
822 3396 1022 3467 quique
1042 3396 1247 3451 diutius
1296 3397 1618 3452 tentationis
1651 3396 1913 3452 insultum
1944 3396 2088 3451 ferre

517 3496 764 3558 .tequeat,
820 3496 914 3540 aut
964 3484 1164 3556 alioqui
1199 3500 1312 3555 pra:
1365 3486 1596 3540 humana
1645 3486 2086 3556 pusillanimitate

516 3577 825 3632 maerentis.
875 3574 1153 3643 Siquidem
1200 3586 1255 3630 et
1308 3576 1583 3646 discipulis
1635 3576 1750 3631 suis
1795 3578 1866 3630 ita
1908 3576 2083 3632 dixit:

517 3689 535 3721 ι
566 3666 763 3723 Tristis
818 3675 901 3722 est
953 3666 1132 3721 anima
1196 3680 1312 3721 mea
1346 3681 1515 3735 usque
1538 3668 1606 3721 ad
1667 3679 1893 3724 mortem
1919 3669 1964 3701 "
2000 3687 2016 3735 ;
2061 3688 2079 3722 ι

522 3761 639 3829 {uin
681 3768 733 3813 et
775 3758 988 3813 Patrem
1019 3770 1177 3813 suum
1232 3758 1306 3812 ita
1353 3758 1735 3827 compellavit:
1773 3776 1791 3812 ι
1830 3758 2010 3826 Pater,
2042 3763 2085 3817 si

517 3852 847 3921 aeripotesr,
903 3859 1193 3905 transeata
1221 3864 1305 3903 me
1353 3848 1493 3903 calix
1539 3853 1639 3904 iste
1672 3861 2085 3908 :rerumtamen

520 3957 615 3999 λοι]
646 3942 790 4000 sicut
819 3957 918 4013 ego
964 3943 1107 4007 volo,
1145 3943 1237 3998 sed
1264 3942 1407 3998 sicut
1434 3952 1489 3997 tu
1512 3942 1580 3998 ".
1615 3961 1636 3997 ι

581 4212 646 4266 Α.
674 4211 838 4282 Atqui
865 4211 973 4266 hoc
1013 4209 1188 4280 ipsum
1237 4208 1374 4263 nihil
1411 4207 1556 4262 aliud
1611 4216 1694 4263 est
1738 4225 1897 4280 quam
1944 4213 2088 4281 quod

517 4307 671 4361 modo
710 4305 946 4359 diximus
981 4321 995 4358 :
1025 4321 1045 4357 ι
1074 4302 1175 4371 Qui
1211 4304 1263 4357 in
1300 4303 1491 4358 diebus
1526 4304 1707 4359 carnis
1739 4318 1849 4359 sua:
1897 4320 2089 4375 preces

521 4396 1040 4469 :upplicationesque
1066 4395 1132 4449 ad
1159 4409 1280 4450 cum
1306 4394 1397 4465 qui
1429 4395 1599 4463 possit
1652 4396 1824 4464 ipsum
1877 4397 2084 4451 salvum

2192 3213 2278 3268 ἵνα
2308 3213 2361 3268 τί
2394 3231 2463 3285 με
2495 3213 2890 3283 ἐγκατέλιπες;
2926 3233 2944 3269 ι
2979 3216 3007 3269 6
3029 3233 3083 3269 τι
3114 3216 3181 3270 ἂν
3218 3215 3329 3289 ἀρα
3352 3218 3565 3271 συνεῖεν
3590 3218 3781 3287 αὐτοῖς

2189 3305 2436 3376 Οίηθεῖεν
2471 3305 2559 3373 ἂν,
2582 3305 2657 3370 ὥς
2678 3323 2742 3376 γε
2771 3302 2927 3378 οῐμαί
2962 3325 3088 3373 που,
3122 3308 3218 3363 τοῦ
3258 3304 3667 3381 ἀναληφθέντος
3690 3312 3781 3367 ἀν-

2190 3396 2412 3469 θρώπου
2457 3397 2557 3462 τὰς
2585 3398 2839 3463 τοιαύτας
2868 3395 3010 3454 εἶναι
3041 3401 3245 3470 φωνὰς,
3287 3401 3627 3475 ἀκηδιιῖιντος
3652 3404 3785 3477 ἀρα,

2189 3490 2284 3543 καὶ
2314 3490 2518 3560 ἥκιστα
2569 3490 2667 3561 μὲν
2713 3492 2923 3564 οίστὴν,
2966 3492 3304 3565 δυσφόρητον
3347 3494 3407 3550 δέ
3451 3496 3783 3567 ποιουμένου

2189 3579 2283 3635 τοῦ
2320 3582 2633 3654 πειρασμοῦ
2657 3583 2755 3655 τὴν
2775 3582 2983 3652 ἔφοδον,
3001 3585 3036 3656 ἧ
3061 3603 3177 3649 πως
3207 3584 3482 3652 ἀλύοντος,
3506 3587 3586 3652 ὡς
3612 3590 3782 3653 εἰκὸς,

2192 3672 2251 3739 ἐξ
2300 3673 2654 3746 ἀνθρωπίνης
2707 3675 3092 3747 μικροψυχίας.
3120 3678 3277 3732 Ἐπεὶ
3317 3679 3413 3732 καὶ
3453 3682 3568 3744 τοῖς
3606 3682 3783 3751 ἀγίοις

2191 3767 2398 3837 ἔφασκε
2446 3767 2753 3839 μαθηταῖςο
2807 3788 2825 3821 ι
2867 3769 3174 3839 Περίλυπός
3223 3771 3373 3825 ἐστιν
3413 3773 3447 3843 ή
3485 3772 3637 3845 ψυχή
3683 3792 3783 3846 μου

2190 3859 2297 3925 ἕως
2333 3860 2587 3914 θανάτοιν
2619 3877 2637 3912 ι
2677 3860 3021 3931 προσέπιπτε
3052 3861 3110 3915 δὲ
3152 3863 3248 3916 καὶ
3287 3863 3438 3934 αὐτῷ
3473 3864 3553 3936 τῷ
3587 3866 3779 3935 Πατρὶ.

2191 3949 2368 4018 λέγων
2389 3966 2402 3980 ·
2444 3968 2462 4002 ι
2500 3949 2703 4022 Πάτερ,
2734 3952 2782 4003 εί
2816 3949 3066 4019 δυνατὸν,
3098 3952 3419 4025 παρελθέτω
3439 3955 3537 4009 ἀπ’
3557 3956 3699 4027 ἐμοῦ
3723 3960 3781 4011 τὸ

2191 4042 2450 4115 ποτήριον
2495 4040 2688 4095 τοῦτο’
2736 4042 2873 4114 πλὴν
2916 4043 3016 4115 οὐχ
3059 4043 3135 4109 ὡς
3180 4043 3291 4115 ἐγὼ
3331 4044 3499 4113 θέλω,
3547 4047 3669 4102 ἀλλ’
3707 4051 3781 4112 ὡς

2194 4148 2282 4187 σν.
2310 4151 2327 4184 ι

2263 4224 2326 4277 Δ.
2369 4224 2477 4279 Καὶ
2511 4223 2619 4297 μὴν
2649 4224 2807 4280 τοῦτό
2851 4225 2916 4294 γέ
2950 4228 3097 4280 ἐστιν
3136 4227 3322 4297 ἕτερον
3367 4228 3541 4295 οὐδὲν,
3580 4229 3613 4299 ἢ
3645 4230 3778 4301 ὅπερ

2194 4310 2455 4382 ἐλέγομεν
2492 4314 2713 4386 ἀρτίως
2747 4332 2766 4367 t
2802 4316 2899 4379 Ὃς
2928 4317 2986 4369 ἐν
3020 4318 3142 4380 ταῖς
3183 4317 3418 4387 ἡμέραις
3446 4317 3548 4387 τῆς
3579 4318 3777 4387 σαρκὸς

2193 4404 2381 4468 αὑτοῦ,
2412 4406 2624 4476 δεήσεις
2646 4424 2706 4461 τε
2736 4408 2830 4462 καὶ
2862 4408 3143 4480 ἱκετηρίας
3196 4409 3333 4479 πρὸς
3365 4410 3455 4463 τὸν
3482 4410 3778 4482 δυνάμενον

535 4504 743 4543 acerea
792 4498 967 4541 morte
1026 4501 1148 4539 cum
1206 4485 1445 4540 ciatnore
1501 4486 1679 4540 valido
1722 4494 1777 4541 et
1830 4487 2085 4560 laeryntis

2193 4495 2389 4560 σώζειν
2416 4498 2578 4552 αὑτὸν
2609 4501 2672 4553 ἐκ
2695 4499 2952 4564 θανάτου,
2982 4500 3121 4572 μετὰ
3151 4505 3398 4573 κραυγῆς
3428 4504 3662 4575 ἰσχυρᾶς
3684 4506 3779 4558 καὶ

524 4580 707 4634 ὠιυιίι
735 4578 802 4631 ⁷³.
836 4597 857 4631 ι
906 4576 963 4631 Si
998 4576 1122 4644 quis
1146 4591 1273 4630 vero
1309 4577 1583 4632 existimat
1628 4591 1691 4631 eo
1725 4578 2088 4646 pusillanimi-

524 4673 639 4725 .atis
668 4669 953 4723 devenisse
995 4668 1294 4732 Christum,
1325 4675 1383 4719 ut
1426 4681 1699 4723 summum
1748 4670 1989 4726 dolorem
2021 4686 2087 4728 ex

520 4760 787 4827 pztS>i0||i8
853 4759 1197 4814 intolerantia
1270 4761 1600 4829 conceperit,
1678 4770 1825 4817 metu
1888 4763 2086 4830 victus,

523 4850 680 4922 756
718 4849 1272 4919 atqueimheeillitate
1310 4862 1641 4921 superatus;
1675 4850 1888 4907 incusat
1912 4853 2088 4922 ipsum

522 4942 780 5009 profecto,
835 4949 893 4993 ut
939 4954 1045 4993 non
1082 4938 1252 4993 Deum
1287 4957 1301 4993 :
1336 4937 1537 4995 frustra
1580 4955 1728 5009 vero,
1765 4951 1820 4996 ut
1843 4954 2087 5014 apparet,

522 5046 688 5101 ipsum
719 5031 990 5086 censuerit
1021 5029 1328 5102 increpasse
1368 5031 1604 5087 Petrum.

585 5119 647 5175 Β.
677 5122 796 5188 Quo
830 5121 1031 5192 pacto?
1156 5194 1157 5197 η

589 5217 655 5269 Α.
686 5214 760 5268 lta
791 5216 934 5269 enim
967 5216 1221 5271 Christus
1249 5215 1315 5269 ad
1352 5216 1572 5271 Petrum
1620 5216 1795 5288 inquit
1829 5238 1841 5274 :
1892 5235 1910 5271 ι
1949 5218 2090 5274 Ecce

523 5306 863 5360 ascendimus
897 5309 949 5360 iu
973 5306 1367 5377 ilierosoiytna,
1401 5316 1455 5363 et
1498 5305 1666 5363 Filius
1705 5308 1942 5366 hominis
1976 5321 2090 5367 tra-

2198 4584 2451 4659 δακρύων
2478 4591 2903 4661 προσενέγκας.»
2937 4593 3000 4646 Εἰ
3024 4593 3079 4646 δέ
3121 4593 3183 4664 δή
3214 4609 3300 4657 τις
3321 4595 3488 4648 οίεται
3515 4595 3779 4667 μικροψυ-

2198 4679 2323 4752 χίας
2351 4684 2431 4744 είς
2477 4681 2636 4737 τοῦτο
2664 4684 2987 4739 καθικέσθαι
3040 4685 3296 4756 Χριστὸν,
3340 4684 3680 4758 λελυπῆσθαι
3724 4689 3777 4743 δὲ

2197 4771 2293 4825 καὶ
2320 4771 2609 4842 ἀδημονεῖν
2636 4776 2925 4847 ἀφορήτως
2953 4776 3147 4847 ἔχοντα
3173 4775 3312 4847 πρὸς
3341 4775 3402 4829 τὸ
3427 4778 3644 4845 παθεῖν,
3674 4780 3778 4834 δέει

2195 4863 2573 4934 νενικημένον,
2622 4868 2716 4920 καὶ
2746 4866 2999 4940 ἀσθενείᾳ
3035 4870 3469 4938 κεκρατημένον
3510 4873 3778 4943 γράφεται

2198 4953 2297 5021 μὲν
2324 4952 2771 5026 ὁμολογουμένως
2802 4958 2964 5012 αὑτὸν
2992 4958 3066 5022 ὼς
3095 4961 3196 5014 οῦκ
3228 4964 3356 5017 ὄντα
3373 4961 3528 5027 θεὸν,
3557 4963 3681 5034 είκῆ
3703 4964 3778 5024 δὲ,

2193 5041 2269 5107 ὥς
2300 5044 2499 5112 ἐοικεν,
2522 5048 2851 5118 ἀποφήνειεν
2880 5049 2944 5102 ἃν
2982 5052 3321 5122 ἐπιτιμῶντα
3351 5054 3429 5125 τῷ
3461 5055 3679 5126 Πέτοῳ.

2270 5135 2328 5190 Β.
2365 5134 2492 5201 Πῶς
2516 5137 2578 5208 δὴ
2608 5140 2744 5209 sic;

2270 5230 2334 5282 Α.
2377 5227 2522 5300 Ἔφη
2560 5232 2658 5298 μὶν
2686 5233 2794 5304 γὰρ
2824 5235 2851 5287 6
2885 5235 3117 5305 Χριστός
3140 5252 3154 5266 ·
3192 5255 3212 5290 ι
3254 5236 3383 5292 Ἰδοὺ
3418 5239 3780 5312 ἀναϐαίνομεν

2198 5319 2277 5383 είς
2312 5320 2683 5394 Ἱεροσόλυμα,
2714 5327 2806 5380 καὶ
2846 5328 2875 5379 6
2916 5328 3045 5393 Υίδς
3079 5328 3172 5382 τοῦ
3220 5331 3509 5402 ἀνθρώπου
3543 5333 3753 5404 παραδο

523 5398 681 5447 detur
731 5394 785 5449 in
832 5410 1024 5450 titanus
1076 5406 1442 5465 peccatorum,
1488 5407 1543 5453 et
1588 5396 1812 5457 illudent
1856 5401 1981 5473 ipsi,
2039 5414 2085 5460 et

2200 5406 2424 5479 θήσεται
2477 5412 2558 5476 είς
2607 5417 2794 5486 χεῖρας
2858 5418 3225 5489 ἁμαρτωλῶν,
3279 5394 3374 5474 καὶ
3424 5394 3781 5492 ἐμπαίξουσιν

524 5484 841 5557 eruciligent
871 5502 1014 5552 eum,
1057 5496 1110 5542 et
1146 5487 1304 5544 tertia
1340 5487 1431 5547 die
1481 5500 1724 5563 resurget
1750 5492 1817 5547 “.
1851 5491 2093 5553 s-Pctrus

2199 5499 2369 5573 αὐτῷ,
2401 5504 2495 5556 καὶ
2521 5505 2930 5578 σταυρὼσουσιν
2963 5512 3148 5579 αὑτὸν,
3193 5513 3286 5568 καὶ
3314 5517 3379 5587 τῇ
3416 5514 3571 5589 τρίτῃ
3601 5518 3779 5589 ἡμέρᾳ

587 5685 845 5773 Ἳέὶξξιιιιι.
885 5704 935 5752 x,
1097 5675 1393 5773 _f'_§iatth.
1424 5689 1510 5753 16,
1716 5692 1760 5724 ⁷⁸
1789 5690 1929 5747 Psal.
1967 5707 2080 5773 κει,

2211 5695 2399 5757 Matth.
2445 5718 2612 5773 m'tt,
2643 5704 2733 5760 46.
2813 5707 2855 5741 τί
2901 5707 3093 5766 Matth.
3132 5726 3279 5773 s—xvr,
3305 5710 3395 5768 58.
3472 5712 3516 5745 ⁷¹
3558 5711 3691 5769 ibid.
3729 5710 3783 5772 ὅ.

519 5759 572 5813 li.
617 5757 663 5790 "
687 5756 848 5813 Hebr.
886 5774 933 5822 ν,
971 5760 1019 5812 7.
1096 5762 1142 5795 ³⁸
1182 5761 1346 5816 Marc.
1382 5776 1488 5827 li",
1524 5762 1582 5814 il
1613 5778 1626 5823 ;
1652 5760 1783 5818 Luc.
1821 5777 1973 5824 XVIII,
2009 5753 2085 5817 3ιῖ

2273 5753 2399 5757 "Ve---
2446 5753 2612 5773 --_.—.’
2654 5753 2732 5760 ---
2901 5753 3093 5766 στι-ιιι...
3133 5753 3279 5779 -..ναι

2191 5807 2198 5823 ι

3132 5872 3162 5907 ο
