4038 6518
323 359 463 415 ιεεδ

1453 357 1642 427 QUOD
1687 354 1873 414 UNUS
1911 351 2017 408 SIT
2059 350 2427 409 CHRISTUS.

3437 352 3571 410 i310

323 473 703 544 δγερθήσεται.
731 489 748 524 ι
795 471 852 526 Ὀ
884 473 960 537 δὲ,
1009 474 1213 528 ὲπείτοι
1257 474 1502 544 φιλόθεος
1531 471 1617 549 ἦν,
1667 495 1684 529 ι
1716 474 1899 538 Ἵλεώς

2026 485 2181 529 ιιιιειη
2236 488 2359 528 cum
2390 473 2440 530 ei
2470 472 2818 527 vehementer
2864 471 3059 528 rharus
3091 480 3277 528 esset:
3314 490 3332 524 ι
3402 453 3572 538 Absit,

327 581 430 629 σοι,
468 563 660 633 Κύριε,
703 566 890 632 φησιν,
921 566 982 617 οὑ
1026 565 1101 637 μὴ
1133 567 1286 621 έσται
1329 585 1410 622 σοι
1443 569 1621 622 τοῦτο.
1649 588 1666 620 ι
1712 569 1821 623 Καὶ
1849 569 1902 622 τί

325 655 464 726 πρὸς
493 652 652 706 αὐτὸν
675 654 705 704 ό
730 654 994 723 Χριστός;
1025 675 1040 706 ι
1068 655 1284 725 ’Ύπαγε
1312 657 1489 711 ὀπίσω
1517 675 1638 727 μου,
1668 658 1902 717 Σατανᾶ.

326 745 624 801 σκάνδαλόν
663 760 752 814 μοι
781 741 851 811 εἴ,
881 745 961 798 ὅτι
992 746 1052 798 οὐ
1095 750 1312 818 φρονεῖς
1339 748 1407 801 τὰ
1439 748 1532 802 τοῦ
1576 747 1732 812 Θεοῦ,
1769 748 1904 802 ἀλλὰ

325 837 398 891 τὰ
424 836 533 890 τῶν
566 835 888 906 ἀνθρώπιον.
916 854 932 886 ι
969 838 1163 892 Καίτοι
1212 839 1332 901 πῶς
1379 840 1658 910 ἡμάρτανε
1691 839 1787 892 τοῦ
1828 841 1906 892 εί-

328 928 488 990 κότος
516 928 544 980 ὁ
574 925 841 996 μαθητὴς,
863 926 1233 998 ἀποφέρεσθαι
1266 927 1436 982 θέλων
1468 929 1561 983 τοῦ
1587 927 1904 982 διδασκάλου

327 1020 419 1073 τὸν
465 1017 789 1089 πειρασμὸν,
838 1019 886 1070 εί
927 1018 1203 1083 δύσοιστος
1238 1015 1307 1091 ἦν
1346 1021 1514 1092 αὐτῷ,
1564 1020 1657 1074 καὶ
1703 1021 1905 1091 ἥκιστα

332 1111 435 1181 μὲν
464 1108 718 1181 φορητὸς,
761 1108 971 1172 καθιεὶς
1015 1109 1072 1163 δὲ
1102 1109 1303 1180 μᾶλλον
1340 1111 1434 1164 ἐπὶ
1479 1110 1541 1164 τὸ
1580 1109 1774 1164 ἄναλκι
1811 1111 1907 1164 καὶ

333 1199 654 1270 συνθραύειν
679 1198 862 1252 ἱκανὸν
911 1199 1002 1253 τὸν
1027 1202 1141 1264 τοῖς
1166 1200 1358 1254 ἑαυτοῦ
1395 1200 1661 1271 μαθηταῖς
1688 1201 1910 1271 ἐπισκή-

332 1311 559 1358 πτοντα,
605 1291 714 1345 τῶν
747 1289 839 1344 τοῦ
875 1289 1104 1344 θανάτου
1143 1292 1414 1361 δειμάτων
1463 1293 1907 1363 κατευμεγεθεῖν,

334 1387 430 1441 καὶ
462 1387 590 1455 παρ’
614 1383 766 1436 οὐδὲν
797 1383 1048 1454 ἡγεῖσθαι
1080 1382 1140 1435 τὸ
1170 1383 1384 1448 παθεῖν,
1427 1383 1537 1437 ἐστ’
1568 1383 1634 1438 ἂν
1681 1384 1908 1455 ἀνύηται

335 1480 473 1551 πρὸς
507 1477 607 1530 αύτ
623 1476 699 1529 ὦν
733 1476 794 1529 τὸ
820 1473 940 1544 Θεῷ
973 1473 1197 1539 δοκοῦν;
1244 1475 1520 1546 Θαυμάζω
1547 1475 1623 1542 δὲ,
1664 1476 1744 1529 ὅτι
1785 1491 1912 1529 συν-

333 1571 504 1641 ἧφθαι
542 1570 790 1637 λέγοντες
835 1565 998 1620 αὐτὸν
1028 1566 1106 1637 τῷ
1139 1567 1451 1636 Μονογενεῖ,
1484 1572 1578 1622 καὶ
1611 1568 1720 1621 τῶν
1751 1567 1913 1621 θείων

295 1669 298 1671 ’
336 1662 662 1731 ἀξιωμάτων
693 1659 1084 1729 ἀποφαίνοντες
1113 1659 1386 1722 κοινωνὸν,
1416 1661 1524 1712 τῶν
1553 1660 1645 1714 τοῦ
1679 1660 1911 1714 θανάτου

2003 566 2198 633 inquit,
2232 565 2334 619 hoc
2359 579 2388 617 a
2418 571 2493 628 te,
2524 562 2749 618 Domine
2776 579 2790 627 ;
2843 577 2949 619 non
2997 563 3102 619 erit
3131 561 3227 618 tibi
3259 563 3383 620 hoc.
3421 580 3441 616 ι
3477 563 3572 620 Cui

2002 656 2277 724 respondit
2309 655 2593 710 Christus:
2632 672 2650 702 ι
2682 654 2832 710 Vade
2861 663 2984 723 post
3034 669 3143 721 me,
3173 654 3397 720 Satana,
3445 656 3571 725 quia

2001 746 2314 800 scandalum
2350 745 2479 799 mihi
2514 760 2595 809 es,
2627 753 2681 799 et
2712 759 2818 798 non
2847 744 2992 814 sapis
3044 758 3105 798 ea
3135 759 3256 815 quae
3289 742 3384 800 Dei
3422 752 3570 808 sunt,

2003 836 2092 889 sed
2119 851 2241 906 qua!
2275 837 2549 891 hominum
2583 836 2654 890 ’⁸.
2695 853 2713 887 ι
2740 834 3098 905 Atquomodo
3126 839 3369 906 peccavit
3411 838 3575 894 disci-

2005 927 2160 996 pulus
2181 927 2404 998 cupiens
2439 943 2468 981 a
2496 927 2755 996 magistro
2781 940 2880 982 suo
2900 941 3181 984 removere
3200 928 3576 994 tentationem,

2005 1019 2050 1072 si
2076 1017 2426 1073 intolerabilis
2457 1018 2558 1086 ipsi
2584 1026 2724 1084 erat,
2752 1026 2806 1073 et
2841 1031 2906 1073 eo
2941 1017 3331 1075 imbecillitatis
3360 1019 3573 1089 deiece-

2006 1116 2115 1171 rat,
2175 1121 2295 1177 quae
2343 1106 2582 1160 animum
2634 1105 2888 1177 frangere
2937 1116 3123 1176 posset
3170 1105 3286 1176 ejus
3329 1108 3420 1178 qui
3466 1109 3580 1165 suis

2009 1197 2285 1267 discipulis
2343 1195 2633 1251 mandabat
2674 1196 2866 1252 mortis
2919 1205 3156 1253 terrores
3215 1211 3494 1268 superare,
3527 1211 3578 1255 et

2008 1303 2105 1357 pro
2140 1287 2307 1342 nihilo
2329 1297 2514 1358 putare
2558 1288 2604 1341 si
2645 1287 2863 1358 quando
2904 1288 3079 1358 ipsum
3128 1291 3238 1360 pati
3291 1301 3580 1347 cernerent

2011 1387 2070 1435 ut
2094 1379 2187 1433 Dei
2221 1378 2470 1434 voluntas
2491 1380 2840 1450 perﬁceretur
2858 1380 2882 1434 ‘l
2901 1379 3067 1436 Miror
3109 1395 3237 1440 vero
3285 1383 3430 1451 quod
3459 1398 3578 1439 cum

2011 1470 2158 1527 illum
2184 1470 2476 1541 Unigenito
2527 1470 2873 1540 conjunctum
2916 1472 3084 1529 fuisse
3131 1485 3394 1543 statuant,
3437 1487 3494 1532 et
3529 1477 3581 1532 in

2013 1562 2318 1617 divinarum
2351 1561 2672 1632 dignitatum
2700 1563 2814 1618 sive
2846 1565 3236 1633 proprietatum
3267 1567 3581 1622 societatem

2013 1664 2364 1723 assumptum,
2399 1655 2578 1710 timori
2616 1656 2804 1711 mortis
2845 1656 3160 1726 subjiciam,
3207 1657 3279 1712 ita
3323 1667 3381 1712 ut
3410 1663 3584 1713 nudus

334 1752 608 1821 δειμάτων
665 1750 914 1820 ῥίπτουσι
977 1748 1227 1811 κατόπιν,
1275 1748 1342 1800 ἵν’
1385 1749 1557 1820 όρῷτο
1595 1750 1718 1804 καθ’
1763 1751 1912 1821 ἡμᾶς

2026 1748 2171 1816 plane
2219 1748 2388 1802 instar
2431 1757 2671 1803 nostrum
2718 1757 2993 1814 cernatur,
3047 1750 3289 1820 nihilque
3339 1766 3405 1806 ex
3449 1753 3584 1807 divi-

337 1819 542 1916 γυμνὸς
571 1819 832 1914 δηλονότι,
864 1840 960 1894 καὶ
989 1839 1064 1904 ώς
1104 1840 1212 1892 ἀπὸ
1238 1840 1345 1893 τῶν
1391 1819 1548 1895 θείων
1587 1819 1911 1914 ἀξιωμάτων

2026 1852 2207 1892 narum
2237 1836 2559 1906 dignitatum
2600 1838 3090 1895 communicatione
3136 1819 3405 1898 commodi
3433 1857 3585 1899 acce-

337 1955 466 1992 κεκε
476 1935 685 2008 ρδακὼς
714 1934 884 1989 οὐδέν.

410 2031 470 2084 Β.
518 2030 735 2091 Ὀποῖος
772 2027 836 2081 ἂν
867 2027 974 2098 ἄρα
1003 2029 1119 2082 ἐστὶ
1149 2030 1248 2100 τῆς
1282 2026 1337 2079 ἓν
1369 2043 1431 2095 γε
1465 2027 1673 2090 τούτοις
1711 2029 1912 2081 οἰκονο-

342 2120 472 2190 μίας
499 2119 528 2172 ό
559 2117 714 2186 λόγος
731 2135 747 2184 ;

413 2214 473 2263 Δ.
506 2210 780 2273 Μυστικὸς
817 2211 898 2264 ὅτι
931 2212 1025 2265 καὶ
1069 2210 1270 2281 βαθὺς,
1321 2211 1417 2262 καὶ
1466 2208 1914 2279 τεθαυμασμένος

341 2303 496 2375 παρά
526 2319 590 2372 γε
625 2304 739 2366 τοῖς
777 2302 976 2355 εἰδόσιν
1003 2301 1180 2374 ὀρθῶς
1209 2301 1271 2355 τὸ
1311 2298 1549 2372 Χριστοῦ
1596 2301 1912 2370 μυστήριον.

343 2397 535 2467 Ἀθρει
578 2394 688 2464 γάρ
720 2410 808 2464 μοι
847 2393 974 2457 τοὺς
998 2395 1064 2464 τῇ
1093 2392 1320 2446 κενώσει
1345 2391 1655 2463 πρέποντας
1701 2389 1915 2460 λόγους,

340 2487 436 2538 καὶ
473 2486 584 2548 τοῖς
609 2486 708 2556 τῆς
746 2483 1163 2554 ἀνθρωπότητος
1198 2481 1417 2553 μέτροις
1443 2485 1544 2536 ούκ
1567 2482 1917 2547 ἀπεοικότας,

341 2578 418 2641 ὡς
463 2579 520 2632 έν
549 2575 730 2647 καιρῷ
761 2576 855 2630 καὶ
895 2575 1056 2646 χρείᾳ
1091 2575 1523 2647 γεγενημένους,
1561 2575 1647 2630 ῖνα
1681 2575 1920 2646 φανῆται

345 2668 620 2738 πανταχοῦ
652 2667 772 2721 καθ’
793 2667 944 2737 ημᾶς
973 2666 1212 2735 γεγονὼς
1237 2668 1265 2720 ό
1297 2666 1438 2737 ὑπὲρ
1470 2669 1648 2722 πᾶσαν
1677 2667 1776 2738 τὴν
1805 2667 1923 2720 κτί-

346 2775 452 2812 σιν.
477 2758 709 2828 Ἔψεται
733 2755 791 2808 δὲ
827 2756 1002 2828 τούτῳ
1033 2757 1257 2812 κάκεῖνο
1283 2755 1348 2828 δὴ
1377 2751 1467 2811 αὖ.

418 2851 475 2903 Β.
510 2848 584 2902 Τὸ
615 2849 765 2902 ποῖόν
793 2865 846 2901 τι
876 2849 1015 2918 φήςς

415 2942 479 2994 Α.
529 2938 749 3010 Ἐπειδὴ
783 2937 893 3010 γὰρ
932 2938 1236 3010 γεγόναμεν
1284 2938 1579 3009 ὲπάρατοι,
1607 2937 1697 2992 διὰ
1724 2938 1824 3011 τὴν
1866 2938 1924 2994 ὲν

361 3032 532 3102 Ἀδὰμ
567 3031 901 3103 παράϐασιν,
944 3030 1314 3101 πεπτώκαμεν
1341 3030 1396 3084 δὲ
1424 3031 1516 3085 καὶ
1562 3031 1666 3084 ὑπὸ
1694 3031 1923 3087 θανάτου

350 3125 554 3194 πάγην,
581 3121 1099 3192 ἐγκαταλειφθέντες
1130 3121 1235 3175 ὑπὸ
1272 3122 1430 3189 Θεοῦ,
1462 3122 1642 3177 πάντα
1668 3122 1725 3178 δὲ
1761 3125 1923 3191 γέγο-
1953 3156 1996 3214 c

348 3233 438 3268 νεν
465 3217 523 3267 ὲν
547 3213 768 3284 Χριστῷ
793 3214 976 3278 καινὰ,
1001 3216 1096 3267 καὶ
1122 3214 1474 3284 ἁναφοίτησις
1497 3213 1608 3267 τῶν
1632 3212 1754 3267 καθ’
1779 3215 1928 3286 ἡμᾶς

348 3308 432 3369 εἰς
462 3305 535 3357 ’τὸ
572 3307 631 3357 ὲν
666 3306 897 3375 ἀρχαῖς-ο
951 3305 1118 3376 ἐχρῆν
1166 3305 1485 3374 ἀναγκαίως
1536 3304 1626 3359 τὸν
1677 3304 1930 3375 δεύτερον

363 3397 535 3468 Ἀδὰμ
565 3396 656 3451 τὸν
679 3396 737 3462 ἐξ
763 3394 1016 3467 ούρανοῦ,
1043 3396 1137 3449 τὸν
1180 3396 1398 3466 ἁπάσης
1429 3395 1706 3466 ἁμαρτίας
1743 3395 1929 3466 κρείτ-

349 3506 508 3556 τονα,
565 3488 664 3559 τὴν
715 3490 992 3555 πάναγνον
1041 3487 1137 3540 καὶ
1199 3485 1461 3556 ᾰόέῦηλον
1522 3487 1779 3558 ἀπαρχὴν
1832 3486 1928 3541 τοῦ

349 3583 543 3651 γένους
576 3581 855 3654 δευτέραν,
890 3578 1135 3632 τουτέστι
1177 3579 1432 3649 Χριστὸν,
1477 3577 1784 3642 ἀπαλλάξαι
1829 3579 1932 3646 τῆς

351 3676 508 3744 δίκης
541 3673 638 3746 τὴν
683 3671 974 3744 ἀνθρώπου
1010 3669 1195 3742 φύσιν,
1241 3671 1335 3724 καὶ
1368 3669 1596 3723 καλέσαι
1648 3669 1812 3723 πάλιν
1843 3670 1928 3723 ἐπ’

352 3767 491 3837 αὐτῇ
533 3767 631 3838 τὴν
657 3765 860 3820 ἄνωθεν
887 3765 984 3818 καὶ⁵
1010 3765 1161 3835 παρὰ
1185 3763 1395 3835 Πατρὸς
1427 3763 1738 3834 εὐμένειαν,
1769 3762 1930 3817 λῦσαί

351 3877 411 3912 τε
449 3858 546 3931 τὴν
576 3857 964 3928 ὲγκατὰλειψιν
993 3857 1080 3911 διὰ
1111 3857 1210 3928 τῆς
1240 3857 1491 3928 ὑπακοῆς
1538 3858 1632 3911 καὶ
1675 3860 1775 3929 τῆς
1817 3859 1930 3910 είσ-

353 3953 502 4004 άπαν
548 3949 847 4020 ὑποταγῆς.
896 3949 970 4001 Ού
1019 3948 1129 4018 γὰρ
1175 3948 1430 4018 ἐποίησεν
1485 3947 1784 4020 ἁμαρτίαν,
1830 3964 1930 4000 πε-

353 4042 628 4115 πλούτηκε
661 4042 716 4096 δὲ
751 4042 811 4097 τὸ
837 4040 1138 4113 ἀμώμητον
1168 4041 1202 4112 ἡ
1230 4040 1518 4111 ἀνθρώπου
1555 4040 1716 4108 φύσις
1753 4041 1807 4092 ὲν
1841 4039 1933 4093 αὐ·

352 4135 452 4204 τῷ,
492 4134 586 4186 καί⁵
624 4132 684 4185 τὸ
718 4133 1084 4202 ἀνεπίληπτον
1115 4132 1414 4197 παντελῶς,
1443 4133 1530 4185 ῐνα
1564 4132 1788 4203 δύνηται
1824 4133 1932 4185 λοι-

354 4224 456 4274 πὸν
481 4224 546 4274 ὲκ
572 4221 882 4292 παρρησίας
908 4221 1196 4292 ἀναϐοᾷ-ι’(
1216 4222 1315 4274 Θεέ
1339 4239 1461 4292 μου,
1485 4222 1587 4274 Θεέ
1615 4239 1737 4293 μου,
1767 4221 1852 4276 ἵνα
1879 4223 1932 4274 τί

359 4331 426 4383 με
452 4312 811 4382 ἐγκατέλιπες
831 4330 878 4378 ς»
900 4313 1099 4367 Ἐννόει
1129 4314 1257 4381 γὰρ,
1282 4313 1362 4368 ὃτι
1384 4313 1624 4383 γεγονὼς
1646 4313 1932 4386 ἄνθρωπος

354 4406 383 4455 ό
413 4399 744 4473 Μονογενὴς,
767 4401 841 4465 ώς
878 4397 959 4465 εἷς
984 4402 1044 4467 ἐξ
1066 4404 1243 4473 ἡμῶν,
1275 4404 1370 4457 καὶ
1400 4402 1541 4474 ὑπὲρ
1572 4404 1793 4475 ἁπάσης
1833 4404 1932 4474 τῆς

2014 1944 2178 1999 pisse.

2087 2019 2146 2072 Β.
2209 2019 2464 2086 Quaenam
2501 2019 2666 2091 igitur
2711 2031 2794 2078 est
2840 2020 2896 2076 in
2947 2021 3098 2080 hisce
3129 2025 3448 2082 meonomic
3499 2043 3587 2083 ra-

2017 2109 2092 2164 tio
2117 2110 2140 2162 ί

2087 2203 2153 2257 Α.
2211 2200 2435 2274 Mystica
2508 2210 2670 2273 atque
2729 2202 3047 2260 admiranda
3103 2204 3169 2260 iis
3243 2205 3330 2277 qui
3391 2207 3591 2265 Christi

2018 2293 2334 2365 mysterium
2364 2303 2509 2350 recte
2531 2294 2857 2364 intelligunt.
2884 2295 3270 2353 Animadverte
3298 2298 3444 2354 enim
3467 2314 3592 2357 vero

2019 2385 2085 2440 ba
2125 2385 2481 2439 exinanitioni
2533 2387 2940 2452 convenientia,
2985 2397 3040 2442 et
3089 2390 3157 2444 ab
3212 2388 3462 2446 humanae
3497 2406 3592 2447 na-

2022 2485 2156 2530 tura:
2199 2476 2508 2531 conditione
2554 2492 2898 2549 nequaquam
2948 2477 3148 2546 aliena,
3198 2493 3299 2537 suo
3353 2492 3594 2554 tempore

2020 2578 2183 2638 atque
2230 2577 2532 2638 opportune
2584 2569 2790 2632 habita,
2835 2578 2893 2624 ut
2931 2569 2979 2625 is
3024 2572 3113 2640 qui
3167 2587 3327 2642 supra
3378 2590 3592 2631 onmem

2021 2671 2323 2716 creaturam
2363 2670 2466 2726 est,
2525 2662 2695 2716 nostri
2725 2675 2950 2731 prorsus
3012 2662 3208 2718 similis
3264 2664 3439 2722 factus
3475 2682 3596 2725 esse

2021 2764 2291 2810 cernatur.
2343 2753 2720 2823 Consequetur
2764 2761 2947 2810 autem
2982 2754 3049 2809 ad
3086 2756 3212 2821 hoc,
3249 2758 3413 2813 etiam
3444 2758 3594 2817 illud.

2094 2845 2155 2900 Β.
2206 2844 2470 2912 Quidnam
2495 2844 2520 2898 3

2092 2938 2157 2993 Δ.
2183 2936 2317 2993 Cum
2341 2937 2484 2992 enim
2515 2936 2644 2993 iacti
2697 2951 2888 2993 sumus
2933 2939 3324 3008 exsecrabiles,
3378 2951 3599 3014 propter

2026 3029 2509 3100 transgressionem
2573 3029 2723 3096 Adae,
2783 3029 3075 3085 incidimus
3133 3046 3259 3087 vero
3307 3033 3362 3088 in
3409 3036 3601 3090 mortis

2029 3119 2272 3190 laqueos,
2313 3120 2512 3176 deserti
2548 3138 2576 3175 a
2612 3121 2742 3187 Deo,
2789 3119 2969 3175 omnia
3025 3135 3156 3177 vero
3200 3121 3339 3177 facta
3386 3133 3512 3180 sunt
3545 3125 3598 3180 in

2029 3213 2245 3269 Christo
2277 3228 2411 3268 nova
2435 3214 2503 3278 ",
2533 3222 2588 3267 et
2641 3221 2836 3266 natura
2874 3220 3061 3267 nostra
3105 3213 3344 3284 pristina:
3385 3217 3603 3272 suain-

2031 3303 2264 3373 tegritati
2298 3303 2545 3358 restituta
2569 3311 2651 3357 est
2681 3318 2698 3367 ;
2735 3302 3102 3357 necessarium
3153 3304 3374 3361 omnino
3420 3306 3603 3364 fuitut

2030 3395 2296 3450 secundus
2321 3395 2491 3449 Adam
2519 3409 2583 3449 ex
2609 3393 2749 3450 cmlo
2796 3394 2975 3449 omnis
3035 3396 3241 3464 peccati
3276 3411 3496 3468 expers,
3547 3408 3605 3454 et

2033 3483 2331 3552 pnrissinne
2360 3483 2574 3552 generis
2603 3482 2771 3537 nostri
2793 3483 3068 3551 primitias,
3101 3484 3204 3539 hoc
3227 3495 3313 3540 est
3332 3485 3602 3552 Christus,

2033 3575 2320 3628 lumnanam
2376 3583 2621 3628 naturam
2651 3588 2680 3628 a
2717 3586 2876 3642 poena
2933 3573 3210 3642 liberaret,
3239 3586 3295 3632 et
3323 3579 3604 3636 rmlestem

2031 3663 2209 3720 Patris
2244 3664 2680 3720 benevolentiam
2707 3665 2758 3720 ei
2790 3679 2979 3721 rursus
3030 3667 3346 3724 conciliaret
3383 3685 3398 3737 ;
3428 3670 3603 3726 illam-

2033 3772 2137 3827 que
2160 3756 2332 3812 nostri
2363 3757 2722 3812 desertionem
2772 3758 3034 3825 aboleret,
3084 3774 3182 3831 per
3239 3761 3605 3819 obedientiam

2035 3846 2404 3918 integramque
2430 3849 2845 3916 subiectionem.
2873 3849 3056 3922 Neque
3094 3851 3237 3906 enim
3262 3850 3393 3908 fecit
3412 3868 3609 3924 pecca-

2033 3947 2142 3993 tum
2167 3938 2236 4003 ",
2274 3939 2618 4009 humanaque
2645 3948 2834 3994 natura
2862 3940 2915 3996 in
2935 3941 3052 4011 ipso
3077 3941 3347 4012 inculpata
3375 3943 3608 4015 irrepre-

2033 4031 2423 4101 bensibilisque
2445 4040 2526 4087 est
2559 4029 2747 4087 t-il'ecta
2789 4049 2804 4086 :
2839 4042 2898 4087 ut
2943 4031 3105 4106 757
3152 4032 3322 4104 possit
3355 4035 3610 4104 deinceps

2034 4121 2201 4176 libere
2259 4119 2597 4176 exclamare:
2637 4119 2809 4178 «Deus
2839 4136 3011 4188 meus,
3067 4123 3206 4178 Deus
3231 4139 3406 4191 meus,
3441 4140 3611 4195 quare

2034 4227 2120 4267 me
2167 4213 2501 4282 .lereliquisti
2549 4212 2574 4266 ἲ
2610 4231 2628 4264 ›
2661 4213 3046 4270 Animadverte
3084 4215 3249 4282 enim,
3286 4216 3432 4287 quod
3483 4231 3607 4273 cum

2037 4304 2355 4374 Unigenitus
2397 4301 2571 4359 iactus
2608 4314 2694 4360 est
2728 4305 2909 4374 homo,
2957 4306 3100 4361 sicut
3143 4322 3284 4361 unus
3325 4320 3393 4363 ex
3431 4309 3609 4374 nobis,

2036 4413 2133 4467 pro
2203 4398 2450 4452 universa
2516 4399 2679 4452 etiam
2745 4409 2938 4454 natura
3022 4399 3257 4455 humana
3345 4400 3608 4472 ejusmodi

357 4492 572 4562 φύσεως
602 4492 700 4556 τὰς
723 4492 978 4557 τοιαύτας
1004 4493 1155 4564 ἠφίει
1185 4494 1387 4565 φωνὰς,
1420 4493 1704 4568 μονονουχὶ
1736 4495 1925 4564 λέγων’

2040 4502 2199 4542 voces
2274 4488 2494 4552 emisit,
2563 4487 2719 4558 (μιυεί
2799 4489 2986 4544 dicens
3041 4505 3056 4543 :
3109 4489 3359 4545 Peccavit
3407 4491 3613 4562 primus

357 4583 834 4656 Πεπλημμέληκεν
857 4587 885 4638 ό
913 4585 1126 4656 πρῶτος
1154 4584 1459 4656 ἅνθρωπος,
1487 4585 1827 4657 παρώλισθεν
1857 4590 1936 4651 είς

361 4675 666 4753 παρακοήν,
714 4674 1064 4747 κατημέλησε
1105 4679 1202 4750 τῆς
1242 4677 1489 4747 δοθείσης
1531 4679 1780 4750 ἐντολῆς,
1826 4683 1937 4744 τοῖς

359 4766 454 4820 τοῦ
479 4766 772 4837 δράκοντος
809 4769 1163 4838 φενακισμοῖς
1193 4768 1273 4831 είς
1303 4766 1365 4821 τὸ
1407 4768 1616 4840 έξήνιον
1653 4771 1924 4843 συνηρπά-

363 4859 518 4921 ζετο’
543 4855 824 4928 ταύτῃτοι,
865 4860 958 4912 καὶ
1004 4857 1148 4928 μάλα
1187 4859 1430 4923 εἰκότως,
1469 4860 1831 4932 ύπενήνεκται
1871 4864 1938 4934 τῇ

364 4948 568 5020 φθορᾷ,
614 4948 708 5002 καὶ
736 4949 958 5018 γέγονεν
997 4947 1104 5003 ὑπὸ
1151 4949 1342 5020 δίκην
1393 4948 1510 5004 ἀλλ’
1538 4951 1641 5022 ἐμὲ
1681 4951 1941 5025 δευτέραν

360 5039 664 5110 ἐφύτευσας
716 5041 890 5112 ἀρχὴν
935 5044 1048 5106 τοῖς
1103 5041 1198 5096 ἰπὶ
1247 5043 1348 5113 τῆς
1380 5043 1505 5112 γῆς,
1555 5044 1940 5116 κεχρημάτικα

359 5129 610 5202 δεύτερος
635 5131 826 5201 Ἀδάμ.
854 5131 943 5185 Ἑν
972 5129 1096 5201 ἐμοὶ
1122 5129 1541 5202 κεκαθαρμένην
1557 5131 1690 5202 ὁρᾷς
1719 5131 1818 5203 τὴν
1844 5133 1935 5185 ἀν-

362 5221 580 5292 θρώπου
603 5222 783 5290 φύσιν,
816 5221 1242 5295 κατορθώσασαν
1264 5221 1324 5276 τὸ
1352 5220 1733 5292 ἀπλημμελὲς,
1769 5222 1934 5292 ἁγίαν

361 5313 457 5368 καὶ
481 5313 774 5381 πάναγνον.
804 5313 955 5369 Δίὸου
986 5314 1170 5368 λοιπὸν
1189 5313 1259 5367 τὰ
1284 5313 1342 5380 ἐξ
1368 5313 1704 5385 ἡμερότητος
1730 5313 1933 5384 ἀγαθὰ,

359 5402 454 5459 λύε
497 5405 595 5476 τὴν
641 5405 1046 5478 ἐγκατάλειψιν,
1099 5405 1424 5479 ἐπιτίμησον
1466 5409 1530 5477 τῇ
1581 5406 1789 5478 φθορᾷ,
1843 5409 1940 5460 καὶ

362 5493 536 5566 πέρας
571 5493 741 5564 ἐχέτω
769 5496 838 5549 τὰ
873 5495 932 5560 εξ
972 5497 1157 5568 ὀργῆς.
1204 5498 1485 5567 Νενίκηκα
1515 5495 1622 5568 γὰρ
1654 5495 1816 5550 αὐτὸν
1848 5496 1939 5550 τὸν

361 5583 531 5636 πάλαι
560 5584 910 5654 κρατήσαντα
955 5585 1215 5640 Σατανᾶν.
1259 5580 1400 5656 Εὗρε
1438 5590 1546 5656 γὰρ
1580 5586 1638 5638 ὲν
1673 5586 1797 5658 ἐμοὶ
1831 5587 1940 5642 τῶν

434 5759 477 5789 ⁷⁵
509 5758 698 5815 Matth.
730 5774 840 5819 xw,
879 5759 971 5818 22.
1000 5760 1090 5813 23.
1165 5760 1209 5791 ⁷⁶
1247 5759 1284 5813 ll
1317 5760 1439 5815 Cor.
1476 5778 1528 5823 γ.
1565 5762 1648 5818 l7.

2042 4581 2225 4645 homo,
2287 4578 2469 4650 lapsus
2533 4577 2586 4633 iu
2628 4579 3050 4635 inobedieutiam
3084 4581 3363 4651 ;neglexit
3413 4597 3612 4652 praece-

2039 4680 2184 4742 ptum
2225 4669 2366 4740 quod
2389 4669 2438 4722 ei
2485 4670 2667 4723 datum
2720 4679 2861 4736 erat,
2910 4680 2966 4725 et
3012 4671 3262 4727 draconis
3316 4671 3612 4744 impostura

2040 4767 2105 4817 ad
2154 4762 2573 4818 inobedientiam
2621 4771 2805 4831 raptus
2854 4771 2957 4817 est.
3013 4760 3239 4830 idcirco,
3289 4773 3344 4819 et
3394 4765 3612 4835 quidem

2040 4855 2252 4920 merito,
2313 4853 2644 4923 corruptioni
2681 4862 2736 4906 et
2777 4866 2952 4922 pmnae
2975 4853 3243 4910 obnoxius
3289 4855 3462 4911 iactus
3507 4866 3608 4912 est.

2039 4943 2142 5000 Sed
2215 4959 2301 5000 me
2359 4945 2680 5000 mortalibus
2725 4946 3023 5002 secundum
3077 4946 3406 5018 principium
3449 4958 3614 5020 atque

2041 5046 2320 5091 auctorem
2378 5037 2726 5103 constituisti,
2783 5045 2838 5091 et
2899 5046 3120 5092 vocatus
3171 5053 3288 5091 sum
3341 5023 3614 5095 secundus

2044 5128 2213 5180 Adam
2246 5126 2310 5178 ’⁸.
2354 5127 2409 5181 lu
2465 5142 2551 5182 me
2597 5126 2912 5183 mundatam
2966 5127 3118 5182 vides
3174 5127 3463 5184 humanam
3519 5144 3614 5183 na-

2042 5229 2252 5285 turam,
2303 5230 2467 5291 atque
2539 5220 2833 5290 integritati
2882 5220 3190 5278 restitutam
3239 5231 3484 5280 sanctam
3551 5239 3616 5279 ac

2044 5327 2254 5382 puram.
2281 5308 2502 5384 Largire
2548 5313 2622 5367 illi
2647 5313 2902 5386 deinceps
2931 5313 3286 5386 benignitatis
3308 5324 3412 5371 tuae
3452 5315 3612 5383 bona,

2045 5404 2424 5461 alienationem
2452 5405 2550 5460 abs
2582 5414 2632 5460 te
2665 5405 2843 5471 abole,
2874 5405 3153 5463 interitum
3183 5406 3351 5473 solve,
3379 5417 3433 5463 et
3455 5407 3616 5466 tinem

2048 5495 2357 5553 habeattua
2394 5499 2493 5552 ira.
2531 5495 2650 5552 Vici
2699 5497 2845 5552 enim
2900 5498 3157 5553 Satanam
3199 5500 3289 5569 qni
3329 5502 3439 5568 jam
3485 5498 3616 5554 olim

2051 5589 2336 5660 imperium
2399 5589 2732 5646 obtinuerat.
2764 5587 2907 5645 Nihil
2960 5591 3104 5645 enim
3162 5606 3384 5663 prorsus
3438 5591 3490 5647 in
3535 5606 3620 5645 me

1726 5762 1768 5792 ”
1795 5761 1894 5818 lsa.
1931 5777 2047 5824 Lm,
2081 5761 2189 5826 9;]
2225 5763 2369 5820 Petr.
2406 5780 2466 5829 il.
2496 5766 2588 5819 22.
2669 5768 2713 5802 "
2739 5766 2757 5822 Ι
2787 5767 2909 5829 Cor.
2941 5783 3031 5831 xv,
3059 5769 3147 5824 45.
