4038 6534
439 348 576 411 15ῼῖ

1423 343 1479 397 S.
1520 342 1793 398 CYRILLI
1834 341 2301 399 ΑιεχΑΝυιιιΜ
2344 341 2663 397 ABCllIEP.

3552 347 3696 400 εδει

432 474 591 517 situm
622 458 849 514 invenit.
904 454 1051 511 Talis
1077 454 1261 524 itaque
1295 466 1397 519 est,
1434 468 1492 510 ut
1526 456 1782 520 arbitror,
1820 458 2001 511 verbo-

2109 455 2301 509 ἑαυτοῦ
2336 455 2617 519 παντελῶς
2648 456 2820 509 οὐδέν.
2856 454 3110 517 Τοιοῦτος
3142 454 3240 525 μὲν
3268 448 3384 517 οὖν,
3419 453 3499 518 ὥς
3524 471 3590 523 γε
3617 453 3672 509 οε

437 567 555 607 rum
602 546 901 604 Salvatoris
949 561 1164 602 sensus.
1213 546 1330 601 Non
1358 547 1503 600 enim
1538 548 1664 610 sibi.
1706 546 1803 602 sed
1849 549 2007 603 nobis

437 641 827 711 benignitatem
863 637 1041 693 Patris
1088 638 1366 707 poscebat.
1408 636 1539 691 Nam
1577 640 1719 694 sicut
1770 640 1823 693 in
1888 639 2008 693 uni-

438 751 648 792 versam
702 733 941 788 hominis
981 742 1227 785 naturam
1270 744 1337 785 ex
1387 733 1595 785 Adamo
1641 730 1803 786 veluti
1830 733 2004 802 prima

438 828 618 882 radice
642 839 800 895 paena
836 832 1059 893 peccato
1106 823 1286 879 debita
1326 835 1667 893 pervaserat,
1704 841 1725 875 ι
1765 825 2007 893 regnavit

433 917 577 973 enim
608 931 751 969 mors
774 915 848 969 ab
885 914 1091 968 Adamo
1140 929 1311 983 usque
1349 914 1416 968 ad
1456 913 1699 986 Moysen,
1743 916 1907 970 etiam
1952 915 2004 969 in

435 1022 529 1065 eos
561 1008 653 1077 qui
706 1022 811 1061 non
870 1016 1232 1075 peccaverunt
1288 1006 1342 1060 in
1394 1006 1808 1062 similitudinem
1864 1023 2004 1076 pra?-

435 1098 786 1155 varicatiouis
811 1098 941 1169 Atla:
975 1097 1062 1149 ης
1097 1115 1116 1148 ι
1156 1098 1227 1150 ita
1261 1099 1426 1152 etiam
1458 1114 1524 1151 ex
1543 1099 1780 1153 secundo
1820 1109 2005 1161 nostro

435 1189 723 1260 principio,
784 1189 887 1243 hoc
933 1197 1019 1241 est
1094 1187 1331 1253 Christo,
1383 1204 1567 1243 rursus
1608 1189 1662 1243 in
1696 1190 2004 1245 universum

436 1294 607 1351 genus
654 1279 949 1350 humanum
989 1281 1099 1332 vita
1144 1278 1564 1334 transfunditur.
1595 1280 1748 1346 Quod
1790 1282 2005 1349 quidem

436 1373 600 1428 etiam
634 1372 1071 1441 sapientissimus
1102 1371 1302 1437 Paulus
1321 1372 1605 1426 coniirtnat
1639 1370 1863 1428 dicens:
1901 1390 1920 1424 ι
1947 1373 2005 1427 Si

360 1514 361 1517 η
436 1463 581 1518 enim
611 1463 769 1517 unius
793 1462 988 1517 delicto
1033 1462 1185 1515 multi
1214 1462 1410 1517 mortui
1437 1473 1585 1527 sunt,
1622 1463 1790 1517 multo
1835 1465 2008 1533 magis

440 1554 818 1624 uniusjustitia
843 1554 993 1608 multi
1026 1555 1207 1608 vivent
1229 1554 1298 1608 '°.
1336 1574 1355 1608 ι
1385 1555 1449 1610 Et
1484 1570 1733 1610 rursum:
1761 1576 1780 1607 ι
1805 1555 2005 1622 Quem-

434 1648 722 1703 admodum
783 1649 927 1702 enim
991 1648 1044 1702 in
1098 1647 1271 1702 Adam
1318 1662 1509 1703 omnes
1554 1649 1903 1703 moriuntur:
1934 1651 2005 1702 ita

435 1740 598 1795 etiam
627 1740 679 1794 iu
709 1740 925 1795 Christo
973 1755 1163 1796 omnes
1203 1741 1615 1796 vivificabuntur
1638 1741 1705 1797 ⁸⁸.
1744 1759 1765 1791 ι

504 1917 573 1973 Β.
600 1917 837 1987 Ineptum
860 1917 1041 1987 itaque
1082 1926 1132 1972 et
1158 1918 1561 1971 dissentanenm
1593 1932 1621 1971 a
1652 1932 1808 1973 sacra
1862 1917 2010 1973 Scri-

432 2021 595 2083 ptura
621 2020 706 2066 est
750 2012 1062 2066 existimare
1105 2021 1161 2066 et
1215 2011 1397 2067 dicere
1456 2012 1729 2066 hominem
1793 2028 2009 2069 assum-

436 2112 584 2171 ptum
635 2103 794 2157 veluti
876 2102 1150 2157 desertum
1207 2117 1237 2156 a
1300 2100 1476 2157 Verbo
1538 2103 1635 2173 ipsi
1696 2104 2007 2175 conjuncta,

436 2192 689 2249 butnauis
718 2192 939 2248 vocibus
964 2207 1116 2246 usum
1146 2190 1334 2246 fuisse.

503 2376 574 2431 A.
602 2373 826 2443 imptum
862 2371 1037 2443 plane,
1094 2380 1255 2440 atque
1308 2381 1563 2426 extremm
1595 2371 1873 2440 cuiusdam
1921 2375 2003 2428 in-

428 2466 602 2531 sania:
657 2474 1033 2534 argumentum
1100 2463 1281 2528 fuerit,
1339 2479 1508 2531 neque
1534 2465 1768 2518 aliemnn
1812 2466 1882 2520 ab
1941 2467 2009 2519 iis

434 2558 527 2629 qui
564 2568 707 2612 recte
731 2558 934 2611 sentire
971 2556 1237 2610 nesciunt.
1272 2556 1406 2610 Cum
1459 2557 1602 2611 enim
1637 2558 2008 2629 sejungantae

431 2634 683 2717 separent
699 2647 919 2700 omnino
954 2654 1005 2699 et
1029 2660 1189 2700 voces
1244 2656 1299 2700 et
1336 2660 1447 2711 res,
1475 2655 1637 2717 atque
1668 2647 1765 2700 has
1789 2649 2005 2719 quidem

432 2738 534 2791 soli
576 2751 641 2791 ac
684 2736 1031 2815 peculiariter
1088 2735 1380 2803 Unigenito
1406 2737 1667 2801 tribuant,
1723 2739 1824 2794 has
1881 2755 2009 2801 vero

433 2828 643 2882 cuidam
694 2828 908 2880 diverso
953 2827 1020 2879 ab
1068 2826 1169 2879 hoc
1198 2824 1360 2892 Filio,
1393 2836 1446 2881 et
1491 2842 1556 2880 ex
1595 2829 1821 2885 muliere
1857 2842 2005 2895 nato,

432 2932 465 2971 ο
522 2931 648 2972 vera
694 2914 861 2986 758
920 2924 1175 2981 rectaque
1226 2916 1311 2969 via
1366 2914 1641 2985 aberrant,
1696 2918 2009 2991 Christique

432 3004 750 3079 mysterium
777 3020 884 3057 non
920 3002 1246 3075 intelligunt.

429 3365 506 3421 tis
555 3363 608 3421 in
658 3365 890 3420 medium
938 3366 1265 3436 evangelicis
1298 3378 1460 3438 atque
1501 3370 1810 3439 apostolicis
1851 3374 2005 3428 testi-

422 3455 629 3511 ntouiis
652 3455 673 3509 ἲ

499 3545 566 3602 Α.
609 3545 981 3617 Nequaquam,
1047 3558 1305 3617 quantum
1375 3550 1568 3603 attinet
1629 3549 1696 3604 ad
1747 3565 2005 3619 personas

429 3641 564 3694 duas
589 3649 643 3692 et
692 3639 1006 3709 hypostases
1041 3640 1174 3695 duas
1200 3641 1482 3695 distinctas
1512 3642 1653 3696 inter
1689 3657 1770 3708 sn,
1803 3652 1858 3696 et
1879 3657 2001 3710 spe-

428 3730 643 3801 cialiter
702 3730 843 3784 inter
903 3744 962 3785 se
1031 3741 1471 3788 remotas:cum
1539 3734 1681 3788 enim
1741 3734 1811 3789 sit
1865 3749 2004 3788 unus

424 3820 600 3878 Filius
638 3822 870 3899 Verbum
929 3833 1146 3893 propter
1194 3839 1293 3878 nos
1344 3825 1707 3891 incarnatmn,
1770 3825 2001 3880 dixerim

427 3914 608 3968 omnia
637 3929 758 3968 esse
787 3912 975 3984 ipsius,
1005 3924 1166 3971 voces
1196 3916 1451 3971 nimirum
1490 3926 1543 3972 et
1568 3932 1675 3984 res,
1718 3918 2004 3990 divinaque

428 4001 588 4062 timul
616 4015 670 4059 et
704 4004 957 4061 humana.

498 4093 558 4150 Β.
594 4095 731 4166 Ergo
762 4112 883 4152 cum
933 4110 997 4151 ex
1044 4095 1239 4155 itinere
1294 4099 1538 4157 defessus
1567 4101 1732 4158 fuisse
1780 4103 1998 4169 dicitur,

429 4198 590 4258 atque
612 4180 891 4255 esuriisse,
920 4203 1279 4259 somnumque
1308 4194 1539 4263 cepisse,
1586 4197 1911 4251 convenitne
1945 4208 2003 4252 ut

433 4282 519 4335 res
544 4278 678 4335 adeo
696 4281 930 4336 minutas
954 4296 1018 4338 ac
1040 4283 1169 4340 viles
1193 4284 1301 4339 Deo
1330 4284 1505 4354 Verbo
1529 4287 1899 4343 ascribamus?

2030 3140 2077 3203 C

500 3269 565 3329 Β.
588 3269 704 3328 Non
723 3282 848 3326 sunt
873 3270 1056 3341 itaque
1083 3275 1393 3341 separanda:
1416 3289 1576 3330 voces
1602 3285 1696 3330 aut
1726 3291 1835 3343 res,
1870 3269 2030 3333 alia?

2109 566 2232 619 μαι,
2257 548 2368 601 τῶν
2395 548 2490 601 τοῦ
2517 547 2768 619 Σωτῆρος
2795 546 2969 615 λόγων
2992 549 3021 601 ὁ
3045 546 3185 610 νοῦς.
3226 545 3437 602 Ἐκὰλει
3462 547 3570 618 γὰρ
3591 550 3693 601 οὑν

2105 641 2189 708 ἐφ’
2216 640 2405 693 ἑαυτὸν
2443 639 2662 711 μᾶλλον,
2706 639 2822 693 ἀλλ’
2850 640 2935 707 ἐφ’
2977 639 3124 709 ἡμᾶς
3156 639 3376 705 αὐτοὺς,
3404 639 3503 709 τὴν
3536 642 3691 713 παρὸ

2108 731 2322 801 Πατρδς
2367 731 2673 799 εὐμένειαν.
2730 730 2940 801 Ὠσπερ
2995 729 3103 799 γὰρ
3166 729 3247 791 είς
3280 730 3407 799 ὃλην
3444 730 3546 801 τὴν
3591 732 3690 784 ἀνα

2106 821 2327 892 θρώπου
2370 823 2532 891 φύσιν
2566 821 2819 891 καθάπερ
2848 822 2910 873 ὲκ
2941 819 3097 890 ῥίζης
3126 820 3224 889 τῆς
3261 819 3505 891 πρώτης,
3544 824 3691 892 φημὶ

2106 912 2200 966 τοῦ
2233 913 2433 983 Ἀδὰμ,
2462 913 2612 981 διέϐη
2641 912 2707 966 τὰ
2736 913 2799 976 ἐξ
2821 913 2992 985 ὀργῆς
3013 928 3026 942 ·
3065 931 3084 963 ι
3124 910 3473 981 βεδασίλευκε
3521 914 3634 984 γὰρ
3662 916 3691 964 1

2107 1003 2336 1067 θάνατος
2371 1004 2478 1057 ἀπὸ
2512 1004 2683 1073 ’Δδὰμ
2712 1002 2877 1073 μέχρι
2906 1000 3172 1066 Μωσέως,
3199 1000 3296 1054 καὶ
3326 1002 3419 1055 ἐπὶ
3449 1003 3579 1065 τοὺς
3615 1002 3693 1072 μὴ

2108 1094 2527 1165 ἁμαρτήσαντας
2576 1093 2669 1145 uti
2716 1090 2794 1161 τῷ
2828 1089 3135 1160 ὁμοιώματι
3183 1090 3283 1159 τῆς
3322 1091 3691 1163 παραϐάσεως

2120 1186 2312 1255 Ἀδάμο
2337 1203 2355 1235 ι
2388 1183 2533 1237 οὓτω
2561 1183 2658 1237 καὶ
2691 1181 2761 1235 τὰ
2800 1182 2865 1235 ὲκ
2895 1181 2997 1250 τῆς
3027 1181 3287 1253 δευτέρας
3321 1181 3480 1251 ἡμῶν
3508 1183 3686 1251 ἀπαρο

2106 1277 2230 1347 χῆς,
2252 1274 2496 1328 τουτέστι
2519 1272 2780 1343 Χριστοῦ,
2809 1271 2970 1325 πάλιν
2991 1274 3073 1335 είς
3098 1273 3246 1325 am»
3267 1271 3330 1325 τὸ
3348 1271 3691 1344 ἀνθρώπινον

2105 1369 2426 1439 διαϐήσεται
2455 1366 2630 1435 γένος,
2661 1364 2756 1419 καὶ
2784 1361 3118 1416 πιστώσεται
3147 1363 3322 1431 λέγων
3352 1365 3382 1415 ὁ
3412 1364 3690 1432 πάνσοφος

2107 1459 2353 1521 Παῦλοςο
2392 1475 2410 1509 ι
2438 1456 2502 1509 Ei
2533 1455 2641 1525 γὰρ
2664 1453 2744 1523 τῷ
2776 1451 2870 1504 τοῦ
2895 1451 3017 1515 ἐνὸς
3042 1450 3449 1524 παραπτώματι
3474 1454 3524 1505 oi
3555 1453 3690 1506 πολ-

2107 1552 2191 1606 λοὶ
2220 1548 2514 1609 ἀπέθανον,
2547 1544 2725 1616 πολλῷ
2760 1544 2959 1614 μᾶλλον
2995 1542 3072 1614 τῷ
3095 1543 3190 1597 τοῦ
3222 1543 3338 1606 ἑνὸς
3358 1543 3691 1613 δικαιώματο

2107 1645 2156 1696 oi
2186 1640 2369 1695 πολλοὶ
2398 1639 2706 1709 ζησονταω
2750 1636 2858 1689 Καὶ
2879 1633 3071 1687 πάλιν·
3105 1652 3124 1685 ι
3149 1635 3360 1703 Ὥσπερ
3385 1634 3493 1702 γὰρ
3523 1637 3582 1687 ὲν
3613 1632 3694 1703 τῷ

2122 1733 2292 1801 ’Δδὰμ
2312 1730 2513 1792 πάντες
2533 1726 2986 1797 ἀποθνήσκουσιν,
3009 1726 3152 1780 οὓτω
3178 1726 3273 1778 καὶ
3297 1727 3355 1778 ὲν
3374 1725 3451 1795 τῷ
3467 1725 3695 1799 Χριστῷ

2040 1806 2079 1860 Β
2111 1823 2310 1883 πάντες
2341 1817 2861 1888 ζωοποιηθήσονται.
2888 1834 2906 1868 ι

2182 1914 2242 1965 Β.
2282 1910 2515 1977 Ἀσοφον
2567 1902 2658 1959 οὖν
2692 1905 2800 1976 ἄρα
2852 1906 2947 1958 καὶ
2994 1904 3201 1976 ἀπᾷδον
3248 1904 3529 1966 παντελῶς
3576 1906 3694 1963 τοῖς

2114 2005 2273 2076 ίερὸῖς
2320 2001 2638 2072 Γράμμασι,
2671 1996 2734 2049 τὸ
2762 1996 2968 2050 οἴεσθαί
3000 2013 3059 2048 τε
3084 1996 3179 2049 καὶ
3211 1995 3412 2064 λέγειν,
3445 1995 3538 2047 τὸν
3559 1995 3697 2047 ἁνα-

2111 2093 2384 2165 ληφθέντα
2430 2089 2739 2159 ἄνθρωπον,
2778 2086 2852 2150 ὡς
2906 2085 3405 2155 ὲγκαταλειφθέντα
3450 2085 3558 2138 ὑπὸ
3595 2084 3693 2137 τοῦ

2112 2183 2477 2252 συναφθέντος
2498 2178 2646 2249 αὐτῷ
2684 2178 2880 2247 Λόγου,
2911 2179 3031 2239 ταῖς
3064 2176 3431 2247 ἀνθρωπίναις
3472 2176 3693 2247 χρήσα-

2112 2277 2173 2329 σθ
2183 2294 2233 2329 αι
2268 2275 2493 2343 φωναῖς.

2180 2374 2245 2420 Α.
2286 2362 2556 2427 Δυσσεῦὲς
2588 2362 2685 2433 μὲν
2715 2356 2831 2427 οὖν,
2860 2354 2904 2414 ὧ
2932 2361 3135 2432 ἑταῖρε,
3172 2361 3271 2415 καὶ
3301 2361 3401 2429 τῆς
3426 2361 3507 2423 είς
3537 2359 3697 2430 λῆξιν

2108 2453 2510 2527 ὲμϐροντησίας
2560 2450 2833 2515 ἀπόδειξις
2885 2450 2972 2521 εἴη
3034 2451 3101 2503 ἂν
3152 2450 3247 2503 καὶ
3305 2448 3451 2519 μάλα
3511 2448 3696 2519 σαφὴς

2106 2550 2279 2614 τουτὶ,
2301 2547 2402 2601 οὐκ
2428 2542 2682 2605 ἀπεοικός
2705 2559 2771 2611 γε
2802 2540 2907 2612 μὴν
2942 2544 3051 2603 τοῖς
3079 2540 3155 2611 μὴ
3183 2541 3399 2610 φρονεῖν
3430 2536 3486 2593 εὖ
3517 2543 3699 2609 ὲγνωο

2107 2644 2282 2696 κόσιν.
2323 2636 2543 2708 Ἐπειδὴ
2586 2635 2694 2707 γὰρ
2724 2632 2961 2687 διιστᾶσι
3000 2650 3059 2686 τε
3105 2632 3518 2705 καὶςδιορίζουσι
3551 2650 3693 2685 παν-

2107 2732 2245 2802 ταχῆ
2278 2729 2375 2783 καὶ
2408 2728 2591 2796 φωνὰς
2632 2725 2728 2778 καὶ
2759 2722 3085 2794 πράγματα,
3117 2723 3212 2775 καὶ
3251 2722 3348 2784 τὰς
3391 2724 3490 2791 μὲν
3541 2724 3695 2793 μόνῳ

2108 2827 2203 2883 καὶ
2240 2823 2422 2887 ίδικῶς
2458 2820 2861 2889 ὲκνενεμήκασι
2899 2816 2979 2888 τῷ
3023 2816 3357 2884 Μονογενεῖ,
3398 2812 3497 2880 τὰς
3524 2815 3581 2869 δὲ
3610 2818 3694 2881 ὡς

2107 2916 2283 2989 ἑτέρῳ
2308 2914 2437 2987 παρ’
2465 2913 2627 2968 αὐτὸν
2656 2910 2767 2981 Υἰῷ
2792 2926 2851 2963 τε
2892 2909 2984 2962 καὶ
3029 2909 3092 2961 ὲκ
3125 2906 3404 2975 γυναικὸς,
3430 2906 3694 2980 ταύτητοι

2105 3009 2518 3079 διημαρτήκασι
2566 3000 2666 3073 τῆς
2722 3003 2803 3064 είς
2847 2998 2975 3053 εὐθύ
3023 3014 3081 3051 τε
3128 2997 3221 3049 καί
3271 2997 3695 3067 ἀπλανεστάτης

2114 3100 2270 3165 ὁδοῦ,
2322 3098 2417 3152 καὶ
2461 3094 2554 3148 τοῦ
2603 3092 2799 3147 εἰδέναι
2839 3089 3027 3159 σαφῶς
3060 3088 3120 3142 τὸ
3180 3088 3415 3159 Χριστοῦ
3474 3093 3694 3161 μυστή-

2110 3210 2246 3266 ριον.

2174 3285 2238 3338 Β.
2280 3281 2355 3336 Οὐ
2386 3279 2681 3351 διαιρετέον
2716 3273 2807 3332 οὖν
2859 3277 2966 3348 ἄρα
3020 3276 3225 3345 φωνὰς,
3277 3277 3309 3346 ἢ
3360 3277 3691 3346 πράγματα..

2108 3373 2510 3447 παροισθέντων
2556 3373 2638 3432 είς
2670 3368 2833 3441 μέσον
2864 3367 2971 3423 τῶν
3019 3367 3392 3437 εὼγγελικῶν
3424 3369 3521 3420 καὶ
3551 3370 3665 3421 ἀπο

2106 3463 2367 3519 στολικῶν
2408 3461 2781 3532 κηρυγμάτων
2804 3475 2820 3523 ;

2176 3559 2242 3611 Δ.
2285 3552 2583 3625 οὐμενοῦν,
2625 3552 2684 3605 τό
2726 3568 2790 3620 γε
2823 3546 2961 3622 ἧκον
2988 3549 3073 3614 είς
3116 3548 3387 3621 πρόσωπα
3424 3548 3542 3616 δύο,
3593 3550 3690 3603 καὶ

2102 3650 2434 3710 ὑποστάσεις
2467 3646 2561 3699 δύο
2613 3644 2950 3716 διῃρημένας
2998 3644 3275 3716 ἀλλήλων,
3318 3644 3412 3697 καὶ
3456 3646 3693 3712 ἀποφοι-

2102 3740 2283 3802 τώσας
2326 3738 2561 3792 είσάπαν
2608 3736 2792 3799 ἰδικῶς
2820 3753 2879 3788 τε
2919 3732 3015 3789 καὶ
3059 3734 3354 3806 ἀναμέρος.
3395 3732 3543 3798 ’Βνὸς
3576 3735 3690 3806 γὰρ

2103 3834 2256 3896 ὄντος
2308 3829 2465 3895 Υίοῦ,
2514 3828 2609 3881 τοῦ
2631 3827 2698 3880 δι’
2740 3828 2888 3899 ἡμᾶς
2918 3826 3443 3898 ἐνανθρωπήσαντος
3480 3825 3686 3895 Λόγου,

2104 3922 2272 3993 φαίην
2304 3921 2370 3975 ἂν
2392 3916 2533 3973 εἶναι
2566 3918 2745 3972 πάντα
2766 3916 2954 3980 αὑτοῦ,
2981 3916 3173 3985 λόγους
3205 3933 3266 3969 τε
3297 3916 3389 3969 κα)⁵
3423 3917 3690 3987 πράγμα-

2102 4030 2189 4080 τα,
2217 4012 2286 4067 τά
2308 4028 2367 4064 τε
2399 4008 2675 4082 θεοπρεπῆ
2705 4011 2801 4062 καὶ
2822 4009 3044 4079 προσέτι
3078 4006 3147 4061 τὰ
3168 4006 3501 4077 ἀνθρώπινα.

2174 4106 2235 4157 Β.
2279 4101 2487 4158 Οὐκοῦν
2514 4143 2529 4167 ,
2567 4099 2670 4153 κᾶν
2720 4101 2769 4153 εἰ
2816 4100 2880 4152 ἐκ
2924 4098 3023 4169 τῆς
3067 4098 3373 4168 ὁδοιπορίας
3423 4100 3684 4154 κοπιάσειε

2102 4198 2337 4266 λέγοιτο,
2370 4192 2622 4265 πεινῆσαῖ
2667 4209 2728 4245 τε
2760 4192 2852 4246 καὶ
2898 4190 3069 4244 ὕπνου
3103 4191 3449 4263 μεταλαχεῖν,
3481 4194 3683 4265 πρέποι

2102 4287 2189 4351 ἂν,
2243 4287 2367 4341 εἰπέ
2429 4304 2542 4357 μοι,
2581 4286 2908 4356 προσνεῖμαι
2955 4281 3033 4353 τῷ
3062 4282 3180 4354 Θιῷ
3230 4284 3390 4357 Λόγῳ
3424 4284 3493 4339 τὰ
3539 4285 3685 4341 οὕτω

2107 4378 2315 4447 σμικρὰ
2337 4375 2431 4430 καί
2459 4376 2911 4447 κατερριμμένας

428 4442 433 4445 Δ
499 4462 563 4515 Δ.
613 4452 763 4514 Nudo
795 4453 1012 4530 quidem
1054 4470 1110 4515 et
1136 4458 1371 4516 nondum
1402 4422 1702 4535 incarnato,
1728 4484 1789 4525 ac
1816 4471 1965 4540 prius

2144 4422 2472 4537 Γ,λὶ.Γι““υμνῴ
2511 4422 2766 4537 μὲν..Γέἕῖ
2787 4422 3061 4519 καὶνοῦπω
3113 4481 3536 4538 σεσαρκωμενῳ,
3574 4444 3684 4522 ’καὶ

426 4554 589 4622 quam
633 4550 1054 4607 exinanitionem
1104 4553 1345 4621 subiret,
1400 4570 1739 4629 nequaquam
1790 4580 1805 4617 :
1859 4575 2003 4620 recte

426 4637 571 4697 enim
622 4639 856 4711 iudicas.
899 4643 971 4697 At
1013 4656 1141 4697 vero
1182 4641 1462 4700 incarnato
1513 4658 1677 4718 atque
1725 4652 2002 4707 exinanito

424 4728 679 4801 'quidnam
710 4730 1017 4788 detrimenti
1070 4728 1175 4789 hoc
1212 4734 1261 4789 ei
1313 4735 1508 4793 alferre
1529 4753 1689 4809 posse
1732 4747 2003 4800 censeas?

425 4820 887 4891 Quemadmodum
910 4818 1051 4877 enim
1075 4820 1345 4892 propriam
1367 4824 1533 4897 ipsius
1562 4842 1778 4887 carnem
1801 4829 1998 4887 factam

424 4922 547 4967 esse
574 4910 828 4976 dicimus,
857 4908 928 4965 ita
953 4909 1187 4967 vicissim
1223 4910 1391 4984 ipsius
1426 4930 1549 4971 esse
1589 4918 1878 4975 statuimus
1906 4936 1999 4990 per

422 4998 756 5055 consertinm
788 4999 1195 5067 incarnationis,
1238 5013 1295 5057 et
1353 5004 1562 5060 ratione
1593 5006 2001 5073 exinanitiouis,

423 5090 602 5145 “carnis
625 5090 786 5145 etiam
807 5089 1146 5147 incommoda
1164 5100 1322 5161 atque
1339 5091 1781 5163 imbecillitatem.
1800 5098 2005 5155 Similis

423 5180 566 5235 enim
596 5179 769 5237 factus
808 5192 890 5236 est
920 5196 1015 5251 per
1042 5184 1222 5237 omnia
1250 5182 1507 5241 fratribus
1538 5187 1605 5256 π’,
1638 5201 1862 5258 excepto
1885 5193 1998 5247 solo

424 5278 662 5342 peccato.
720 5270 903 5340 Mque
946 5272 1158 5328 mireris
1206 5275 1250 5329 si
1296 5288 1399 5329 una
1450 5291 1571 5330 cum
1629 5289 1793 5333 carne
1833 5282 1993 5335 etiam

422 5361 603 5416 carnis
632 5360 1027 5418 imbecillitates
1078 5364 1181 5419 sibi
1212 5366 1469 5437 ascivisse
1498 5368 1670 5438 ipsum
1716 5371 1946 5427 dicimus
1979 5390 1992 5438 ;

424 5454 563 5508 unde
610 5461 667 5507 et
723 5465 975 5510 externas
1014 5457 1369 5513 conmmelias
1416 5475 1445 5513 a
1482 5454 1685 5517 Iudaeis
1742 5461 1996 5521 ferociter

423 5546 523 5600 sibi
550 5546 744 5611 illatas,
770 5546 977 5617 sibiipsi
1006 5550 1277 5619 ascripsit,
1304 5551 1487 5626 dicens
1514 5568 1610 5623 per
1631 5567 1817 5610 vocem
1850 5554 1995 5610 Psal-

2106 4558 2233 4628 πρὶν
2258 4554 2582 4611 καθικέσθαι
2614 4556 2747 4628 πρὸς
2772 4554 3024 4629 κένωσιν,
3050 4556 3255 4628 πρέποι
3277 4558 3342 4611 ἂν
3364 4556 3566 4628 ἥκιστά
3593 4572 3679 4629 γε’

2101 4650 2319 4718 φρονεῖς
2370 4646 2480 4719 γὰρ
2510 4647 2709 4717 ὀρθῶςο
2760 4646 3243 4719 ὲνανθρωπήσαντι
3290 4644 3347 4701 δὲ
3392 4644 3487 4701 καὶ
3519 4664 3684 4701 xuss-

2100 4739 2331 4810 νωμένῳ
2380 4741 2562 4792 ὁποῖον
2612 4739 2724 4810 ἄρα
2759 4739 3091 4811 προστρῖψαι
3139 4738 3339 4811 βλάϐος
3380 4738 3441 4793 τδ
3491 4740 3683 4811 χρῆμα

2099 4829 2286 4903 aint};
2309 4832 2521 4906 Ὠσπερ
2552 4832 2660 4903 γὰρ
2709 4832 2846 4887 ίδίαν
2893 4831 3059 4886 αὑτοῦ
3089 4832 3187 4904 τὴν
3215 4833 3395 4906 σάρκα
3428 4833 3682 4903 γενέσθαι

2108 4923 2307 4994 φαμὲν,
2351 4920 2494 4978 οὕτω
2531 4924 2695 4979 πάλιν
2728 4924 2892 4980 αὐτοῦ
2926 4925 3049 4978 κατ’
3091 4925 3366 4981 οίκείωσιν
3411 4927 3684 4995 οἰκονομι-

2105 5016 2230 5086 κὴν,
2253 5014 2348 5068 καὶ
2381 5016 2523 5070 κατά
2548 5032 2611 5084 γε
2640 5014 2732 5069 τὸν
2772 5016 2871 5086 τῆς
2900 5014 3185 5081 κενώσεως
3214 5017 3435 5089 τρόπον,
3459 5019 3558 5082 τὰς
3581 5019 3682 5088 τῖες

2105 5105 2307 5177 σαρκὸς
2337 5106 2641 5172 ἀσθενείας.
2701 5106 2973 5179 Ὡμοιώθη
3013 5108 3124 5178 γὰρ
3151 5108 3295 5162 κατὰ
3346 5109 3525 5163 πάντα
3566 5111 3682 5171 τοῖς

2101 5197 2370 5267 ἀδελφοῖς,
2391 5195 2511 5268 δίχα
2537 5200 2703 5270 μόνης
2730 5199 3024 5270 ἁμαρτίας.
3045 5201 3154 5255 Καὶ
3186 5203 3347 5271 μήτοι
3368 5200 3628 5274 θαυμάσῃ
3640 5220 3676 5265 τ,

2103 5288 2151 5339 εί
2173 5289 2270 5350 τὰς
2297 5282 2395 5357 τῆς
2422 5289 2621 5360 σαρκὸς
2650 5288 2932 5353 ἀσθενείας
2961 5288 3294 5343 οἰκειοῦσθαι
3318 5306 3497 5360 φαμεν
3516 5293 3679 5345 αὑτὸν

2107 5380 2243 5450 μετὰ
2270 5379 2368 5450 τῆς
2407 5380 2630 5451 σαρκὸς,
2663 5381 2784 5435 ὃθεν
2839 5383 2934 5435 καὶ
2965 5381 3063 5446 τὰς
3092 5382 3327 5453 θύραθεν
3373 5383 3677 5453 παροινίας.

2103 5469 2199 5532 τὰς
2229 5468 2337 5521 ἀπό
2363 5485 2427 5537 γε
2453 5470 2555 5539 τῆς
2580 5470 2685 5525 τῶν
2714 5471 2985 5526 Ἰουδαίων
3016 5474 3340 5545 σκαιότητος
3367 5474 3679 5545 ἐπενεχθεί-

2105 5576 2204 5622 σας
2234 5558 2405 5633 αὐτῷ,
2460 5561 2622 5618 πάλιν
2678 5562 2857 5636 ἑαυτῷ
2890 5566 3324 5636 προσνενέμηκε,
3366 5566 3539 5633 λέγων
3587 5567 3681 5619 διὰ

488 5730 529 5759 ⁷⁸
581 5724 733 5783 ilum.
775 5728 916 5792 M4.
994 5730 1037 5761 ⁸⁸
1066 5731 1189 5787 ihid.
1225 5727 1304 5783 l5.
1360 5729 1423 5789 9“
1457 5729 1623 5787 lCor.
1651 5748 1740 5802 xv,
1770 5735 1859 5790 ‘22.
1935 5737 1976 5768 "
2008 5736 2169 5791 llt-ln‘.
2206 5755 2266 5805 il,
2311 5739 2390 5797 l7.
