4038 6562
290 449 426 507 I529

1409 441 1601 505 QUOD
1642 440 1830 496 UNUS
1866 440 1972 495 SlT
2010 440 2367 498 CHRISTUS.

3407 431 3541 497 i350

274 548 387 632 τῆς
418 559 515 615 τοῦ
547 558 856 623 Ψάλλοντος
889 557 1089 628 φωνῆς·
1125 555 1544 628 «Διεμερίσαντο
1564 556 1634 610 τά
1667 554 1861 627 ίμάτιά
1894 565 1912 619 Α

2012 560 2175 616 istae:
2220 578 2238 611 ι
2280 560 2587 614 Diviserunt
2626 559 2726 613 sibi
2780 566 3094 614 vestimenta
3127 564 3264 621 mea,
3296 567 3351 610 et
3384 573 3539 623 super

293 670 396 723 μου
416 650 651 713 ἑαυτοῖς,
678 648 770 704 καὶ
796 648 889 701 ἐπὶ
914 646 1004 700 τὸν
1040 645 1338 716 ίματισμόν
1372 661 1475 715 μου
1518 645 1710 699 ἔϐαλον
1743 645 1875 715 κλῆ-

292 760 404 813 ρον.
420 761 437 790 ι
453 742 564 796 Καὶ
583 740 744 793 πάλιν
759 754 771 767 °
785 758 803 790 ι
818 737 1022 799 Πάντες
1041 737 1092 789 oi
1112 734 1443 805 Θεωροῦντες
1469 752 1557 806 με,
1577 733 1875 805 ἐξεμυκτή-

1976 659 2175 704 vestem
2230 665 2400 703 meam
2465 650 2725 703 miserunt
2769 662 2969 704 sortem
2997 647 3063 704 ".
3100 663 3117 698 ι
3180 646 3245 700 Et
3280 661 3492 701 rursum
3527 662 3541 701 :

1978 760 1998 791 ι
2032 742 2232 796 Omnes
2278 740 2520 794 videntes
2544 753 2627 793 me
2677 739 2982 793 deriserunt
3038 752 3123 793 rue
3163 754 3179 807 ;
3238 734 3398 793 lecuti
3423 746 3540 793 sunt

293 834 451 907 ρισάν
477 850 567 904 με,
598 830 864 900 ἐλάλησαν
890 830 946 880 ὲν
985 826 1242 897 χείλεσιν,
1272 826 1529 898 ἐκίνησαν
1560 825 1821 895 κεφαλήν.
1851 838 1870 879 t

2012 832 2151 893 ibiis,
2175 841 2229 883 et
2258 840 2537 885 moverunt
2562 838 2723 900 caput
2749 829 2819 884 “.
2854 847 2875 881 ι

364 927 424 981 Β.
466 922 675 979 Οὐκοῦν
705 922 807 976 κᾶν
838 922 886 973 εἰ
914 919 1062 988 λέγοι
1092 918 1275 988 τυχὸν,
1309 937 1328 970 ι
1369 918 1426 971 '0
1459 915 1723 986 ἑωρακώς
1750 915 1873 985 ἐμὲ,

2044 924 2107 980 Β.
2135 921 2276 989 Ergo
2304 923 2514 977 etiamsi
2547 922 2689 975 dicat
2720 940 2735 976 :
2774 939 2793 973 ι
2832 920 2930 987 Qui
2988 919 3123 973 vidit
3174 936 3277 985 me,
3334 921 3457 976 vidit
3494 928 3543 976 et

297 1018 509 1089 scirpea
550 1014 639 1068 τὸν
670 1012 905 1082 Πατέραο
926 1009 1066 1079 Ἐγὼ
1109 1010 1201 1063 καὶ
1245 1011 1273 1062 6
1302 1008 1511 1077 Πατὴρ,
1538 1008 1598 1060 ἓν
1630 1008 1816 1076 ἐσμενο
1850 1023 1870 1057 ι

2012 1023 2191 1069 ’atrem
2218 1015 2301 1068 “z
2349 1028 2447 1083 ego
2502 1023 2556 1068 et
2601 1012 2764 1068 Pater
2819 1027 2983 1065 unum
3037 1025 3223 1065 sumus
3248 1011 3296 1044 “
3326 1030 3339 1077 ;
3372 1030 3390 1064 ι
3415 1028 3545 1080 prae-

298 1106 417 1164 εῐτα
451 1108 585 1181 πρὸς
628 1104 933 1167 Ἰουδαίους,
969 1122 987 1156 ι
1010 1102 1075 1157 Τί
1101 1119 1168 1172 με
1200 1100 1412 1171 ζητεῖτε
1439 1101 1759 1154 ἀποκτεῖναι
1785 1096 1878 1151 ἀν-

1978 1116 2126 1162 terea
2180 1106 2244 1159 nd
2278 1105 2528 1160 Iuda-os:
2560 1123 2581 1156 ι
2614 1103 2750 1171 Quid
2800 1119 2886 1158 me
2932 1101 3172 1173 quaeritis
3222 1101 3548 1165 interiit-ere,

300 1204 535 1273 Θρωπον,
568 1198 623 1263 ὃς
647 1199 746 1269 τὴν
775 1197 1034 1266 ἀλήθειαν
1069 1195 1200 1264 ὑμῖν
1231 1192 1527 1261 λελάληκα,
1557 1193 1623 1264 ἢν
1668 1191 1877 1261 ἥκουσα

2015 1200 2250 1251 ominem
2291 1197 2379 1266 qui
2422 1196 2700 1250 veritatem
2734 1194 2945 1250 locutus
2993 1209 3111 1248 sum
3161 1194 3335 1258 vobis,
3389 1207 3550 1262 quam

300 1293 450 1364 παρά
479 1291 571 1344 τοῦ
602 1288 736 1342 Θεοῦ
762 1306 777 1355 ;
805 1308 824 1339 ι
861 1286 979 1349 ἑνὸς
1004 1282 1143 1339 εἶναι
1161 1285 1405 1355 δώσομεν
1435 1283 1529 1336 καὶ
1557 1281 1649 1334 τοῦ
1693 1279 1876 1343 αὑτοῦ,

298 1384 503 1444 ταύτας
527 1398 588 1434 τε
620 1378 881 1438 κάκείνας
906 1375 1005 1439 τὰς
1032 1375 1214 1444 φωνάς
1236 1390 1251 1440 ;

370 1476 435 1531 Δ.
471 1475 617 1529 Πάνυ
644 1473 743 1543 μὲν
772 1466 888 1535 οὖν,
917 1470 1250 1540 μεμέρισται
1279 1468 1389 1537 γὰρ
1411 1463 1664 1536 οὐδαμῶς
1693 1464 1723 1519 6
1749 1463 1882 1533 Χρι-

1980 1290 2154 1342 audivi
2181 1305 2209 1341 a
2251 1289 2359 1343 Deo
2389 1286 2435 1318 ⁸⁷
2466 1288 2490 1341 ?
2526 1306 2545 1338 ι
2598 1286 2760 1341 unius
2813 1296 2974 1357 atque
3022 1284 3261 1356 ejusdem
3314 1286 3553 1339 dicemus

1979 1395 2100 1435 esse
2130 1383 2227 1435 has
2256 1394 2415 1433 voces
2436 1386 2492 1433 et
2519 1376 2680 1432 illas?

2053 1472 2116 1523 Α.
2149 1469 2420 1531 Omnino;
2454 1468 2599 1522 nulla
2643 1467 2786 1521 enim
2819 1466 3030 1521 ratione
3064 1465 3266 1519 divisus
3296 1473 3381 1518 est
3400 1462 3555 1517 Chri-

302 1568 447 1631 στος,
470 1561 549 1629 εἷς
574 1565 631 1619 δὲ
660 1564 757 1618 καὶ
787 1563 947 1633 μόνος
977 1562 1072 1615 καὶ
1102 1558 1351 1630 ἀληθινὸς
1390 1558 1517 1621 Υἱὸς
1547 1556 1685 1628 πρὸς
1715 1554 1884 1611 ἀπάνο

2012 1570 2095 1613 tus-
2127 1560 2194 1614 ⁸⁸.
2246 1560 2397 1615 Unus
2435 1574 2563 1613 vero
2609 1574 2671 1614 ac
2714 1559 2862 1613 solus
2918 1566 2972 1613 et
3029 1572 3189 1611 verus
3228 1554 3396 1610 Filius
3440 1566 3557 1609 esse

300 1678 412 1719 των
442 1655 584 1712 εἶναι
621 1653 937 1714 πιστεύεται
969 1654 1077 1707 τῶν
1111 1649 1563 1724 προσκυνούντων
1593 1646 1774 1703 αὐτόν.
1818 1646 1882 1702 Ἦ

2012 1652 2221 1705 raditur
2274 1652 2340 1705 ab
2402 1652 2652 1705 omnitms
2702 1652 2794 1720 qui
2855 1650 3029 1719 ipsum
3082 1648 3330 1703 adorant.
3380 1646 3560 1717 Imago

302 1752 413 1823 γὰρ
446 1748 611 1805 εἰκὼν
647 1746 744 1802 τοῦ
778 1744 1032 1816 ,ἀοράτου
1066 1744 1200 1799 Θεοῦ
1220 1785 1237 1809 ,
1281 1742 1343 1797 τὺ
1389 1740 1733 1810 ἀπαύγασμα
1781 1738 1884 1809 τῆς

2012 1744 2126 1797 ιιιὶιη
2177 1743 2462 1798 invisibilis
2510 1745 2625 1807 Dei,
2705 1742 2961 1812 splendor
3012 1741 3195 1813 gloria:
3244 1742 3561 1796 substantia!

303 1842 461 1913 δόξης
494 1841 596 1911 τῆς
645 1836 1127 1900 ὐποστάσεως.τοῦ
1175 1833 1390 1905 Πατρὸς
1417 1870 1432 1896 ,
1484 1834 1515 1887 6
1548 1830 1650 1901 τῆς
1694 1828 1884 1892 οὐσίας

2012 1834 2163 1889 ’atris
2189 1833 2258 1898 ",
2286 1835 2646 1903 essentimque
2698 1833 2866 1903 ipsius
2906 1833 3205 1897 character,
3258 1831 3398 1887 servi
3453 1830 3563 1886 fora

306 1898 470 1992 ᾲῠῖςέἐ
504 1898 814 2004 χαρακτὴρ,
848 1898 1006 1985 me;
1040 1927 1227 1982 δούλου
1260 1898 1495 1997 μορφὴν,
1530 1898 1629 1992 οὐκ
1670 1922 1749 1984 ὡς
1788 1921 1885 1976 ἄν-

2012 1941 2133 1981 nam
2166 1926 2374 1994 accepit
2403 1926 2450 1961 “
2477 1943 2491 1980 :
2531 1940 2636 1979 nou
2671 1936 2730 1978 ut
2771 1925 3043 1979 hominem
3076 1922 3177 1979 sibi
3208 1923 3560 1991 coniungens,

308 2030 526 2101 Θρωπον
572 2021 749 2094 ἑαυτῷ
796 2020 1038 2092 συνάψας
1058 2060 1075 2086 ,
1102 2018 1247 2075 καθά
1298 2032 1484 2086 φασιν,
1530 2017 1589 2069 ὲν
1640 2014 1778 2083 αὐτῇ
1828 2012 1887 2066 δὲ

312 2119 513 2190 μᾶλλον
535 2116 698 2182 αὐτὸς
743 2112 1004 2184 γεγονὼς,
1041 2109 1366 2183 μεμενηκὼς
1394 2109 1454 2164 δὲ
1482 2108 1579 2162 καὶ
1628 2104 1802 2168 οὕτως
1829 2105 1889 2160 ἐν

307 2210 570 2283 ὁμοιώσει
601 2212 668 2280 τῇ
703 2208 843 2279 πρὸς
871 2206 1005 2259 Θεὸν
1035 2205 1130 2259 καὶ
1151 2202 1393 2273 Πατέρα.
1423 2201 1678 2271 Γέγραφε
1702 2197 1835 2268 γοῦν
1860 2199 1889 2252 6

312 2303 584 2373 πάνσοφος
614 2299 844 2363 Παῦλος,
872 2298 956 2352 ὅτι
1004 2316 1022 2348 ι
1060 2295 1117 2350 ὐ
1145 2294 1297 2360 Θεὸς,
1323 2296 1351 2348 6
1380 2292 1550 2347 εἰπὼν
1573 2294 1637 2346 ἐκ
1667 2290 1891 2352 σκότους

311 2394 426 2464 φῶς
454 2392 690 2463 λάμψαι,
714 2391 773 2454 ὃς
798 2389 1043 2459 ἔλαμψεν
1070 2389 1127 2440 ἐν
1150 2388 1272 2448 ταῖς
1297 2384 1547 2457 καρδίαις
1576 2381 1734 2453 ἡμῶν
1757 2380 1892 2451 πρὸς

313 2485 593 2557 φωτισμὸν
630 2482 731 2552 τῆς
766 2480 1023 2551 γνώσεως
1066 2478 1165 2549 τῆς
1194 2476 1355 2547 δόξης
1400 2474 1567 2529 αὐτοῦ
1589 2513 1604 2537 ,
1638 2475 1695 2525 ὲν
1726 2486 1895 2541 προσ-

313 2580 449 2649 ὠπῳ
479 2574 716 2648 Χριστοῦ
770 2571 966 2644 Ἰησοῦ.
990 2589 1010 2624 ο
1056 2569 1248 2639 Ἀθρει
1282 2568 1392 2639 γὰρ
1444 2567 1593 2628 ὅπως
1628 2565 1686 2616 ὲν
1720 2578 1892 2633 προσο

313 2670 449 2743 ὠπῳ
478 2665 719 2738 Χριστοῦ
748 2666 849 2735 τῆς
883 2663 1034 2726 Θείας
1058 2677 1121 2715 τε
1147 2660 1241 2714 καὶ
1273 2658 1589 2729 ἀπορρήτου
1617 2654 1773 2724 δόξης
1798 2653 1893 2706 τοῦ

316 2759 453 2817 Θεοῦ
482 2761 578 2815 καὶ
621 2757 836 2829 Πατρὸς
879 2755 908 2810 6
949 2752 1227 2824 φωτισμδς
1265 2749 1604 2819 ἀναλάμπει.
1645 2746 1896 2799 Δείκνυσι

317 2854 428 2925 γὰρ
458 2854 516 2907 ἰν
540 2850 691 2922 αύτῷ
721 2850 819 2920 τὴν
849 2847 945 2901 τοῦ
975 2846 1190 2916 Πατρὸς
1234 2842 1415 2907 δόξαν,
1446 2842 1626 2895 καίτοι
1659 2837 1897 2907 γεγονὼς

318 2946 601 3015 ἄνθρωπος
632 2945 662 2996 6
711 2936 1255 3010 ΜονογενήςηΜόνος
1283 2934 1393 3005 γὰρ
1432 2927 1620 2996 οὗτος,
1660 2931 1756 2984 καὶ
1800 2927 1898 2998 οὐχ

320 3038 507 3103 ἔτερος
538 3035 775 3107 Χριστὸς
807 3034 1013 3086 νοεῖται
1044 3029 1140 3084 καὶ
1176 3025 1527 3097 ὀνομάζεται,
1562 3024 1732 3094 ἢγουν
1758 3020 1903 3074 διδα-

324 3130 562 3184 σκόντων
586 3129 735 3198 ἡμᾶς
761 3126 809 3179 οί
833 3123 1156 3186 διεναντίας,
1186 3120 1311 3176 τίνα
1346 3116 1548 3189 τρόπον
1577 3113 1788 3168 κατίδοι
1816 3129 1902 3174 τις

1991 2017 2440 2086 quemadmodum
2478 2017 2565 2070 isti
2605 2015 2817 2077 volunt.
2869 2016 2961 2069 sed
2987 2015 3041 2069 in
3094 2013 3179 2068 illa
3232 2013 3407 2083 potius
3451 2013 3566 2080 ipse

1993 2108 2168 2163 factus
2204 2124 2221 2175 ;
2254 2109 2661 2163 similitudinem
2721 2106 2937 2160 interim
2984 2119 3106 2159 cum
3155 2103 3318 2157 Patre
3374 2102 3567 2156 nihilo-

1995 2202 2175 2257 minus
2202 2201 2461 2255 retinens.
2488 2197 2653 2270 759
2682 2197 2908 2266 Scripsit
2941 2196 3122 2264 itaque
3137 2194 3566 2264 sapientissimus

1994 2293 2217 2359 Paulus,
2294 2292 2548 2362 quoniam
2606 2309 2626 2342 ε
2686 2288 2829 2343 Deus
2890 2287 2982 2356 qui
3032 2285 3167 2340 dixit
3217 2286 3284 2339 de
3335 2270 3570 2337 tenebris

1999 2385 2175 2441 lucem
2201 2383 2605 2453 splendescere,
2642 2381 2757 2451 ipse
2780 2378 2955 2433 illuxit
2988 2379 3039 2432 in
3070 2376 3327 2431 cordibus
3370 2372 3571 2427 nostris

1998 2476 2540 2532 adilluminationem
2600 2473 2843 2528 scientia
2873 2469 3140 2525 claritatis
3188 2467 3282 2522 Dei
3336 2465 3390 2520 in
3437 2464 3574 2519 l'acie

1996 2567 2199 2621 Christi
2237 2563 2362 2619 .lesu
2400 2566 2473 2619 ’⁸.
2518 2582 2537 2616 ι
2570 2561 2706 2616 Vide
2730 2561 2897 2624 enim,
2925 2573 3032 2629 quo
3062 2567 3219 2625 pacto
3249 2556 3302 2610 in
3343 2567 3575 2624 persona

1999 2657 2202 2714 Christi
2234 2656 2472 2710 divinum
2497 2664 2660 2723 atque
2681 2648 2951 2706 ineffabile
2976 2647 3159 2718 gloria:
3182 2645 3275 2700 Dei
3310 2659 3373 2699 ac
3396 2641 3575 2697 Patris

2004 2748 2182 2804 lumen
2227 2745 2587 2815 resplendeat.
2615 2742 2864 2798 Ostendit
2896 2740 3039 2795 enim
3081 2737 3132 2791 in
3155 2737 3339 2804 seipso
3372 2734 3576 2802 Unige-

2004 2842 2149 2896 nitus
2178 2838 2355 2894 Patris
2384 2836 2632 2906 gloriam,
2653 2833 2866 2889 tametsi
2904 2831 3076 2886 lactus
3106 2829 3178 2883 sit
3214 2828 3393 2882 homo.
3417 2823 3577 2880 Solus

2007 2946 2241 2999 namque
2267 2931 2375 2996 hic,
2400 2938 2454 2984 et
2479 2943 2583 2982 non
2616 2926 2753 2981 alius
2773 2924 3020 2981 Christus
3057 2930 3312 2976 censetur
3326 2925 3386 2971 et
3417 2931 3577 2971 voca-

2008 3034 2115 3079 tur.
2174 3024 2281 3078 Aut
2323 3020 2527 3090 alioqui
2557 3019 2789 3075 doceant
2816 3012 3113 3070 adversarii
3145 3007 3413 3080 quomodo
3461 3005 3581 3076 quis

2007 3115 2062 3171 in
2113 3114 2318 3185 vulgari
2386 3113 2568 3181 aliquo
2630 3112 2851 3166 homine
2891 3119 3116 3163 cernere
3170 3100 3346 3173 possit
3389 3100 3582 3154 divina

325 3222 393 3276 ἂν
420 3221 495 3284 ὡς
531 3191 902 3290 ὲν-ἀνθρὼπῳ
945 3213 1111 3286 κοινῷ
1145 3214 1246 3283 τῆς
1283 3210 1434 3273 θείας
1482 3207 1639 3277 δόξης
1661 3205 1750 3258 τὸν
1790 3221 1901 3273 φω-

2012 3207 2194 3277 gloriae
2228 3205 2430 3267 lumen,
2461 3205 2576 3259 sive
2618 3202 2862 3257 notitiam
2898 3199 2923 3253 ἲ
2960 3196 3146 3266 Neque
3192 3194 3336 3249 enim
3387 3191 3440 3245 in
3483 3191 3583 3245 hoc

2066 3300 2077 3305 -
2126 3299 2138 3305 -
2206 3297 2226 3305 -
2408 3297 2441 3305 ,ι
3068 3300 3107 3305 ,κ
3157 3300 3306 3305 Ls,-4-
3362 3286 3411 3305 !_
3468 3281 3583 3305 -.ΛΑ

324 3281 537 3383 τισμδν,
567 3281 745 3379 ἤγουν.
764 3281 1227 3379 τῆν’ὲπίγνωσινῖς
1263 3303 1338 3357 Οὐ
1373 3301 1483 3372 γὰρ
1525 3302 1583 3353 ὲν
1614 3295 1904 3367 ἀνθρώπου

2012 3299 2172 3354 minis
2200 3297 2371 3352 forma
2408 3297 2571 3350 Deum
2609 3308 2914 3356 cernemus,
2950 3300 3310 3359 przcterquam
3362 3286 3415 3338 in
3468 3281 3585 3337 solo

332 3403 513 3474 μορφῇ
556 3400 687 3453 Θεὸν
736 3396 1002 3467 ὀψόμεθα,
1035 3394 1175 3465 πλὴν
1215 3394 1273 3445 ὲν
1300 3391 1446 3461 μόνῳ
1496 3387 1575 3459 τῷ
1612 3386 1735 3441 καθ’
1761 3387 1907 3456 ἡμᾶς

328 3495 577 3563 γεγονότι
607 3492 702 3547 καὶ
746 3489 1227 3560 ὲνανθρωπήσαντι
1268 3483 1446 3551 Λόγῳ,
1486 3478 1818 3552 μεμενηκότι
1853 3476 1909 3530 δὲ

330 3562 427 3640 καὶ
465 3583 606 3639 οὕτω
632 3582 794 3652 φύσει
815 3598 876 3634 τε
924 3580 1020 3632 καὶ
1061 3575 1278 3648 ἀληθῶς
1320 3571 1458 3643 Υίῴ,
1496 3562 1911 3642 παραδόξωςῆν

333 3679 429 3733 καὶ
456 3675 617 3732 τοῦτο
644 3675 800 3737 ἰδεῖν,
834 3672 969 3727 καθὸ
1011 3670 1217 3724 νοεῖται
1250 3665 1403 3728 Θεός.
1440 3663 1551 3716 Καὶ
1576 3659 1708 3730 γοῦν
1744 3661 1773 3713 6
1799 3656 1912 3712 τῶν

335 3767 500 3825 αὑτοῦ
533 3766 847 3839 μυστηρίων
875 3762 1099 3832 ταμίας,
1128 3756 1364 3832 Χριστὸν
1400 3752 1608 3825 Ἰησοῦν
1639 3750 1913 3831 ὀνομάσειε

335 3858 519 3924 αὐτὸν,
572 3857 648 3920 ὼς
698 3853 822 3909 καθ’
851 3854 995 3924 ἡμᾶς
1041 3849 1304 3919 γεγονότα
1337 3845 1431 3901 καὶ
1467 3841 1912 3914 σεσαρκωμένον,

337 3944 479 4001 εἶδεν
520 3945 649 3999 ὄντα
692 3942 833 4014 μετά
857 3942 954 3996 τοῦ
1008 3940 1169 4010 φύσει
1222 3955 1286 3992 τε
1338 3936 1433 3990 καὶ
1474 3933 1703 4003 ἀληθείᾳ
1741 3930 1912 3983 Θεόν’

340 4038 543 4110 γράφει
574 4038 682 4108 γὰρ
716 4035 834 4089 ὡδί·
882 4054 901 4087 ι
943 4031 1362 4104 Τολμηρότερον
1414 4027 1473 4080 δὲ
1515 4025 1734 4096 ἔγραψα
1791 4023 1919 4092 ὑμῖν

343 4132 454 4186 ἀπὸ
486 4130 706 4200 μέρους.
728 4127 804 4189 ὡς
831 4123 1338 4194 ἐπαναμιμνήσκων
1365 4118 1509 4188 ὑμᾶς
1537 4116 1625 4169 διά
1642 4114 1741 4184 τὴν
1761 4113 1921 4184 χάριν

343 4222 442 4292 τὴν
466 4218 712 4273 δοθεῖσάν
748 4234 838 4287 μοι
862 4215 969 4269 ὑπὸ
996 4213 1092 4266 τοῦ
1112 4210 1270 4275 Θεοῦ,
1310 4211 1390 4271 είς
1418 4210 1479 4260 τὸ
1505 4201 1645 4259 εἶναί
1678 4221 1747 4275 με
1806 4203 1919 4256 λει-

346 4312 578 4383 τουργὸν
609 4309 845 4380 Χριστοῦ
880 4306 1055 4378 Ἰησοῦ
1086 4307 1165 4366 είς
1198 4304 1267 4356 τὰ
1301 4301 1450 4371 ἔθνη,
1482 4296 1834 4370 ίερουγοῦντα
1864 4295 1925 4349 τὸ

349 4403 682 4472 Εὑαγγέλιον
704 4400 797 4455 τοῦ
828 4399 983 4453 Θεοῦ.
1019 4417 1037 4450 ι
1071 4391 1414 4466 Προφητεύει
1438 4391 1496 4444 δὲ
1524 4392 1619 4446 καὶ
1648 4388 1925 4459 Ζαχαρίας

349 4498 429 4569 τῷ
466 4498 652 4566 οίκείῳ
684 4492 852 4553 παιδὶ,
886 4491 1031 4561 φημὶ
1061 4490 1147 4558 δὴ,
1188 4486 1267 4558 τῷ
1298 4486 1599 4554 Βαπτιστῇο
1644 4502 1662 4534 ι
1701 4482 1813 4537 Καὶ
1836 4481 1924 4543 σὺ,

2013 3389 2190 3445 Verbo
2220 3389 2390 3442 nostri
2422 3386 2585 3441 simili
2637 3386 2799 3451 facto,
2860 3394 3023 3451 atque
3074 3380 3356 3435 iucaruato
3393 3390 3409 3439 ;
3446 3370 3586 3439 quod

2011 3494 2193 3539 tamen
2241 3482 2404 3536 etiam
2467 3480 2568 3534 hoc
2612 3485 2773 3548 pacto
2818 3471 3115 3544 permansit
3159 3469 3483 3525 naturaliter
3521 3480 3590 3522 ac

2009 3588 2140 3629 vere
2171 3570 2363 3636 Filius,
2388 3568 2781 3624 admirabiliter
2818 3565 2874 3620 id
2911 3565 3111 3618 factum
3155 3562 3421 3625 videmus,
3455 3571 3591 3629 qua-

2012 3675 2172 3721 tenus
2196 3672 2280 3718 est
2312 3662 2473 3716 Deus.
2495 3658 2699 3714 Idcirco
2724 3667 2781 3711 et
2826 3654 3047 3717 Paulus,
3106 3652 3378 3707 Christum
3405 3644 3593 3702 Jesum

2013 3759 2190 3827 ipsum
2244 3753 2555 3817 nominans,
2620 3759 2681 3803 ut
2721 3751 2892 3803 nostri
2938 3745 3168 3801 similem
3199 3743 3395 3797 factum
3431 3747 3595 3805 atque

2017 3850 2381 3911 lncarnatum,
2438 3843 2641 3913 optime
2698 3839 2962 3894 intellexit
3006 3838 3180 3908 ipsum
3256 3829 3420 3888 simul
3473 3838 3595 3881 esse

2019 3938 2339 3998 naturaliter
2367 3948 2432 3990 ae
2480 3948 2611 3988 vere
2636 3931 2824 3986 Deum.
2867 3930 2942 3984 ita
2988 3928 3133 3984 enim
3163 3924 3386 3980 scribit:
3423 3934 3443 3972 ι
3482 3918 3594 3972 Au-

2019 4031 2208 4087 dacius
2267 4036 2445 4081 autem
2499 4024 2691 4092 scripsi
2734 4021 2889 4076 vobis
2929 4035 2992 4075 ex
3045 4026 3216 4086 parte.
3249 4023 3505 4081 tanquam
3538 4008 3593 4063 in

2020 4122 2341 4179 memoriam
2376 4130 2475 4173 vos
2495 4118 2779 4179 reducens,
2808 4123 3027 4184 propter
3054 4108 3281 4181 gratiam
3312 4118 3432 4174 quin
3463 4099 3595 4155 mihi

2023 4214 2145 4269 data
2175 4219 2259 4266 est
2287 4224 2319 4265 a
2362 4209 2512 4263 Deo:
2558 4215 2615 4261 ut
2664 4206 2767 4261 sint
2822 4202 3068 4258 minister
3115 4197 3317 4254 Christi
3357 4188 3482 4249 Iesu
3542 4191 3597 4247 in

2024 4305 2276 4377 gentibus
2309 4319 2324 4369 ;
2375 4298 2719 4356 sanetilicaus
2762 4293 3109 4362 Evangelium
3148 4290 3241 4345 Dei
3269 4289 3335 4344 ".
3370 4304 3391 4341 ι
3424 4283 3603 4353 Quin-

2024 4376 2188 4451 etiam
2208 4392 2500 4447 Zacharias
2520 4388 2628 4443 tilio
2642 4401 2743 4442 suo
2765 4384 3071 4455 prophetat,
3090 4380 3342 4450 Baptistae
3358 4376 3600 4446 inquam,

2035 4504 2054 4537 ι
2094 4485 2161 4538 Et
2195 4494 2249 4538 tu
2276 4498 2428 4553 puer,
2454 4480 2712 4552 propheta
2744 4476 3011 4531 Altissimi
3040 4470 3341 4526 vocaberis.
3377 4463 3602 4521 Prmibis

355 4556 589 4655 παιδίον,
625 4556 917 4659 προφήτης
952 4556 1214 4653 -Ύψίστου
1241 4556 1531 4650 κληθήσῃ*
1574 4574 1912 4648 προπορεύσζ

2033 4576 2177 4633 enim
2203 4583 2330 4629 ante
2351 4573 2542 4628 faciem
2567 4568 2806 4633 Domini,
2828 4566 2893 4620 ad
2914 4561 3322 4635 praeparandum
3347 4556 3603 4629 populum

356 4682 464 4755 γὰρ
500 4682 606 4753 πρὸ
626 4677 920 4751 προσώπου
956 4674 1184 4747 Κυρίου,
1226 4670 1510 4741 ἑτοιμάσαι
1533 4669 1662 4722 λαὸν
1696 4666 1868 4737 αὐτῷ.
1903 4684 1925 4716 θ

359 4772 492 4830 Εἶτα
519 4775 608 4827 τὸν
640 4772 902 4839 ’Υψιστόν
924 4784 985 4821 τε
1015 4768 1109 4821 καὶ
1126 4764 1330 4835 Κύριον
1359 4765 1387 4816 ό
1408 4762 1692 4824 Θεσπέσιος
1724 4759 1932 4812 Βαπτι-

362 4868 491 4939 στὴς
523 4865 836 4921 κατεδείκνυ
880 4862 1075 4929 λέγων·
1108 4879 1125 4911 ι
1155 4860 1260 4911 ἰδε
1288 4860 1316 4911 6
1349 4855 1542 4926 ’Λμνὸς
1580 4853 1673 4906 τοῦ
1712 4851 1868 4913 Θεοῦ,
1909 4851 1936 4902 6

363 4935 529 5032 αἴρων
562 4959 661 5029 τὴν
700 4954 974 5027 ἁμαρτίαν
988 4952 1083 5007 τοῦ
1112 4951 1340 5020 κόσμου.
1365 4942 1535 5013 Οὗτός
1584 4949 1696 5001 ἐστι
1729 4940 1855 5012 περὶ
1879 4935 1939 4993 οἶ)

364 5051 476 5119 ἐγὼ
502 5046 670 5103 εἷπονο
708 5047 915 5101 Ὀπίσω
948 5062 1049 5115 μου
1073 5042 1288 5116 ἔρχεται
1335 5041 1475 5111 ἀνὴρ
1523 5038 1584 5102 ὃς
1630 5032 1936 5108 ἔμπροσθέν

371 5158 472 5212 μου
495 5139 737 5209 γέγονεν,
760 5138 841 5191 ὅτι
867 5132 1082 5207 πρῶτός
1114 5148 1217 5202 μου
1237 5127 1327 5201 ἦν.
1350 5149 1369 5183 ι
1393 5125 1517 5201 Ἆρ’
1545 5122 1639 5181 οῦν
1669 5124 1939 5179 ἐνδοιάσαι

371 5230 546 5301 θέμις,
570 5230 647 5294 ὡς
678 5221 757 5293 εἷς
791 5227 888 5282 καὶ
938 5226 1097 5296 μόνος
1134 5224 1227 5277 καὶ
1255 5219 1476 5293 ἀληθῶς
1518 5219 1646 5282 Υίδς
1676 5212 1761 5287 εἴη
1811 5214 1878 5269 ἂν
1913 5214 1941 5266 6

370 5325 434 5378 bc
460 5320 594 5375 Θεοῦ
656 5318 868 5390 [ἰατρὸς
913 5317 1087 5385 Λόγος
1137 5313 1274 5386 μετά
1310 5314 1408 5383 τῆς
1459 5309 1754 5379 ἑνωθείσης
1793 5304 1943 5376 αὐτῷ

375 5413 594 5485 σαρκὸς,
621 5412 715 5464 καὶ⁹
742 5410 843 5462 οὐκ
871 5408 1079 5479 ἀψύχου
1104 5404 1304 5479 μᾶλλον
1330 5404 1471 5459 κατά
1490 5418 1663 5466 τινας,
1689 5399 1764 5463 ὡς
1785 5398 1944 5468 ἔφην,

2032 4667 2201 4738 ipsius
2223 4666 2293 4722 ”.
2333 4678 2353 4717 ι
2378 4662 2581 4719 Deinde
2629 4661 2847 4716 divinus
2877 4656 3141 4727 Baptista,
3194 4650 3528 4707 Altissimum
3552 4655 3609 4702 et

2034 4760 2319 4816 Dominum
2362 4757 2719 4817 demonstrat,
2743 4753 2973 4807 dicens:
3008 4767 3030 4805 ι
3065 4750 3207 4804 Ecce
3256 4747 3440 4817 Agnus
3490 4741 3605 4805 Dei,

2035 4853 2127 4923 qui
2167 4851 2302 4907 tollit
2341 4857 2559 4919 peccata
2592 4842 2798 4899 mundi.
2835 4840 2933 4896 ilic
2976 4839 3148 4895 estde
3176 4848 3285 4908 quo
3306 4833 3419 4889 dixi
3447 4833 3611 4888 :Post

2039 4959 2126 4999 me
2168 4942 2313 4997 venit
2357 4941 2460 5001 vir,
2509 4936 2603 5008 qui
2649 4945 2773 4992 ante
2827 4947 2915 4989 me
2951 4933 3125 4986 I‘actus
3151 4938 3253 4993 est,
3299 4927 3424 4996 quia
3463 4924 3615 4993 prior

2041 5052 2128 5092 me
2156 5043 2275 5091 erat
2300 5034 2368 5088 “.
2401 5049 2419 5085 ι
2442 5031 2619 5086 Fasne
2641 5028 2804 5099 igitur
2831 5025 2994 5082 fuerit
3018 5022 3283 5087 dubitare,
3305 5017 3448 5087 quod
3475 5029 3631 5071 unus~

2040 5139 2097 5185 et
2123 5127 2270 5182 solus
2298 5140 2362 5179 ac
2383 5136 2508 5177 vero
2532 5124 2601 5175 sit
2629 5119 2821 5183 Filius,
2882 5114 3120 5173 Verbum
3166 5128 3234 5167 ex
3290 5111 3403 5165 Deo
3452 5106 3632 5163 Patre-

2045 5236 2166 5276 cum
2195 5218 2341 5273 unita
2374 5216 2475 5272 sibi
2504 5227 2688 5278 carne,
2718 5227 2822 5267 non
2869 5210 2959 5265 illa
2997 5207 3288 5263 inanimato
3316 5202 3633 5260 secundum

2049 5312 2353 5373 nonnullos,
2386 5318 2444 5363 ut
2466 5308 2600 5372 dixi,
2646 5306 2738 5361 sed
2776 5304 2956 5359 anima
3013 5299 3346 5371 intelligente
3370 5291 3637 5366 “Edita,

2050 5417 2263 5475 unaque
2288 5417 2511 5473 prorsus
2543 5415 2665 5456 cum
2698 5398 2815 5470 ipso
2838 5393 3129 5468 personal

374 5503 732 5574 ἔψυχωμένης
759 5501 815 5555 δὲ
850 5500 1073 5571 νοερῶς,
1104 5497 1199 5553 καὶ
1233 5496 1294 5551 ἓν
1327 5495 1428 5551 σὺν
1469 5494 1608 5565 αὐτῇ
1660 5489 1949 5563 πρόσωπον
2034 5509 2047 5515 -

381 5593 629 5663 πανταχῆ
658 5610 673 5659 ;

454 5796 497 5824 ³³
531 5794 665 5846 Paul.
700 5810 809 5857 ut,
838 5792 919 5846 l9.
1036 5792 1082 5822 "
1112 5790 1237 5845 ibid.
1265 5790 1316 5844 8.
1413 5789 1457 5819 ⁸⁸
1489 5787 1643 5857 .ioon.
1682 5799 1792 5845 xlv,
1832 5781 1900 5857 _9.

383 5867 427 5897 θ’
469 5836 809 5952 ιιὲιῖἶξπὲῗ
841 5836 919 5893 ’ἴθ’
942 5836 1339 5923 ιἰιξιιιι’,ἷ.“ἱῖ,⁷·ὶ.
1412 5860 1452 5890 ιε
1486 5836 1861 5918 design-,3.

2031 5847 2182 5899 ἱὶυιιι.
2220 5862 2303 5907 ιν,
2344 5836 2559 5905 ιεμιιι.

2009 5777 2052 5806 ⁸⁸
2082 5774 2235 5829 Joan.
2269 5791 2317 5836 ι,
2345 5775 2430 5825 3⁷³.
2543 5771 2586 5802 ’⁷
2608 5768 2762 5822 Joan.
2797 5783 2912 5824 rut.
2953 5764 3044 5836 ili.
3070 5828 3099 5836 Α.
3148 5756 3388 5836 ξἸΟοτ.
3419 5769 3495 5836 λε.

2611 5820 2685 5871 ίνι
2708 5820 2845 5893 me;
2872 5820 2912 5901 ι,’
2950 5834 3033 5887 ιιι.
3064 5828 3109 5865 σι
3140 5830 3293 5887 Joau.
3312 5844 3367 5894 -ι,
3390 5838 3393 5839 ν
3419 5820 3516 5889 ‘29,
3540 5823 3630 5878 ao.
