4038 6542
298 422 439 479 i335
1430 416 1621 488 QUOD
1657 417 1848 478 UNUS

1985 422 1989 439 '
2027 420 2405 483 CHRISTUS.

293 536 429 612 παρ’
456 531 619 589 αὐτὸν
662 531 813 600 nec,
843 532 962 589 ἀλλ’
995 531 1158 599 αὐτὸς
1186 531 1392 605 Κύριος
1436 534 1677 588 σέσωκεν
1706 535 1873 606 ἡμᾶς,

1985 533 2120 592 alius
2143 546 2397 593 censetur
2421 550 2453 592 a
2484 536 2642 594 nobis
2665 539 2735 595 ab
2763 537 2878 610 ipso
2901 540 3091 608 Filius,
3119 543 3211 600 sed
3242 541 3355 615 ipse
3383 542 3536 602 Domi

291 630 393 702 τῆς
420 627 677 683 ἁπάντων
712 625 857 696 ζωῆς
885 625 1264 697 ἀντάλλαγμα,
1291 626 1355 680 τὸ
1388 625 1519 679 ῐδιον
1549 621 1689 696 αἷμα
1725 624 1871 689 δούς.

1985 640 2075 682 rtus
2112 625 2344 683 salvavit
2372 641 2496 694 nos,
2525 629 2801 699 proprium
2835 645 2992 687 suum
3016 633 3328 706 sanguinem
3361 635 3415 690 in
3440 651 3551 706 pre-

297 741 317 773 ¢
359 717 779 792 Ἠγοράσθημεν
843 715 953 789 γὰρ
985 716 1152 788 τιμῆς
1206 715 1268 769 ού
1316 714 1563 788 φθαρτῆς
1623 713 1873 786 ἀργυρίῳ

1985 718 2107 773 tium
2149 719 2539 790 redemptionis
2570 719 2698 776 vita:
2730 723 2973 777 omnium
3017 724 3171 780 dans.
3222 743 3243 777 ι
3278 726 3561 797 Redempti

288 812 324 885 ἢ
379 812 611 884 χρυσίῳ,
648 810 787 866 ἀλλὰ
828 809 994 882 τιμίῳ
1044 810 1235 881 αἵματι
1283 809 1359 874 ὡς
1403 808 1578 881 ἀμνοῦ
1639 806 1870 880 ἀμώμου

1985 810 2118 866 enim
2165 825 2354 868 sumus
2401 825 2511 867 non
2557 812 3004 882 corruptibilihus
3052 827 3275 887 argento
3317 827 3371 872 et
3403 834 3563 887 auro,

289 903 390 957 καὶ
420 902 654 958 ἀσπίλου
693 899 955 974 Χριστοῦ,
986 900 1458 973 προσκομίσαντος
1494 898 1687 953 ἑαυτὸν
1728 898 1873 970 ὑπὲρ

1985 899 2069 957 ted
2101 902 2340 973 pretioso
2382 901 2646 974 sanguine
2670 902 2827 971 quasi
2874 903 2999 972 agni
3030 904 3357 962 immaculati
3399 917 3566 979 atque

291 995 450 1067 ἡμῶν
482 996 563 1059 είς
599 994 776 1067 ὀσμὴν
817 993 1047 1057 εὐωδίας
1076 992 1153 1065 τῷ
1190 992 1309 1065 Θεῷ
1336 995 1431 1049 καὶ
1462 993 1641 1067 Πατρί
1668 1011 1681 1026 ·
1719 1012 1738 1046 ι
1778 993 1872 1048 καὶ

1985 996 2383 1053 incontaminati
2413 995 2642 1063 Christi,
2689 996 2777 1066 qui
2826 995 3022 1053 obtulit
3059 1012 3117 1053 se
3151 1013 3249 1066 pro
3300 1001 3459 1058 nobis
3506 1002 3575 1057 in:

292 1087 432 1160 πρός
450 1104 515 1157 γε
550 1086 711 1142 τοῦτο
743 1088 890 1158 ἡμᾶς
943 1087 1275 1141 πιστώσεται
1309 1086 1603 1160 γεγραφὼς
1637 1089 1666 1141 ό
1712 1104 1873 1160 νομο-

1985 1089 2192 1145 adorem
2217 1088 2503 1144 suavitatis
2535 1087 2646 1145 Deo
2672 1104 2736 1144 ac
2759 1088 2907 1145 Patri
2936 1090 2993 1156 ¹;
3030 1107 3048 1142 ι
3087 1091 3244 1159 cujus
3274 1091 3354 1147 rei
3400 1093 3558 1148 iidem

294 1178 636 1249 μαθέστατος
693 1179 907 1245 Παῦλος
937 1199 949 1212 ο
984 1200 1001 1233 r
1058 1180 1280 1234 Γίνεσθε
1334 1177 1430 1235 οὖν
1486 1179 1722 1252 μιμηταὶ
1774 1179 1870 1235 τοῦ

1985 1195 2187 1252 quoque
2233 1180 2390 1237 nobis
2446 1180 2613 1237 faciet
2658 1181 2793 1251 legis
2844 1180 3209 1251 peritissimus
3242 1182 3440 1239 Paulus
3486 1184 3559 1238 ita

289 1271 449 1337 Θεοῦ,
473 1270 548 1337 ὡς
570 1271 738 1326 τέκνα
762 1272 1044 1345 ἀγαπητὰ,
1069 1273 1164 1327 καὶ
1192 1275 1544 1344 περιπατεῖτε
1570 1274 1628 1327 ἑν
1657 1272 1868 1346 ἀγάπῃ,

1985 1273 2217 1330 tcribens
2248 1292 2263 1329 :
2301 1291 2323 1327 ι
2363 1273 2549 1330 Estote
2579 1274 2762 1344 itaque
2801 1273 3117 1332 imitatores
3146 1274 3264 1340 Dei,
3294 1274 3435 1330 sicut
3466 1276 3559 1329 lilii

290 1361 476 1426 καθὼς
509 1364 603 1417 καὶ
643 1364 672 1417 ὁ
709 1364 946 1434 Χριστὸς
988 1364 1275 1435 ἠγάπησεν
1308 1364 1476 1436 ἡμᾶς,
1506 1364 1601 1418 καὶ⁵
1627 1364 1872 1436 παρέδω-

1985 1365 2306 1433 charissimi,
2329 1374 2387 1422 et
2417 1365 2694 1424 ambulate
2723 1366 2777 1422 in
2805 1367 3119 1436 dilectione,
3148 1366 3292 1423 sicut
3314 1375 3371 1422 et
3394 1365 3556 1422 Chri-

290 1473 387 1511 κεν
431 1455 628 1511 ἑαυτὸν
666 1456 809 1528 ὑπὲρ
840 1455 1035 1528 ἡμῶν,
1071 1457 1390 1529 προσφορὰν
1434 1457 1528 1512 καὶ
1565 1456 1756 1511 θυσίαν
1792 1456 1871 1528 τῷ

1985 1466 2091 1511 stus
2119 1455 2308 1512 dilexit
2339 1470 2462 1520 nos,
2506 1464 2562 1512 et
2609 1456 2830 1512 tradidit
2876 1457 3226 1527 semetipsum
3272 1470 3371 1525 pro
3405 1453 3559 1509 nobis

287 1548 410 1622 Θεῷ
443 1550 523 1615 είς
549 1548 726 1621 ὀσμὴν
756 1549 1004 1615 εὐωδίας.
1043 1568 1064 1604 ι
1118 1548 1335 1621 Ἐπειδὴ
1366 1548 1425 1603 δὲ
1468 1549 1691 1619 γέγονεν
1730 1549 1871 1621 ὑπὲρ

1985 1544 2298 1602 ablationem
2323 1555 2378 1601 et
2405 1546 2643 1602 hostiam
2675 1547 2786 1603 Deo
2813 1546 2865 1602 in
2889 1547 3111 1602 odorem
3144 1545 3428 1603 suavitatis
3444 1548 3486 1598 '.
3534 1565 3555 1595 ι

291 1640 448 1713 ἡμῶν
477 1639 678 1696 εὐωδία
691 1640 947 1713 Χριστὸς,
968 1639 1290 1707 καταδείξας
1318 1641 1375 1694 ὲν
1396 1640 1548 1712 αὐτῷ
1574 1640 1637 1695 τὸ
1657 1641 1870 1712 ἁπλημο

1985 1638 2105 1695 Llum
2136 1639 2302 1712 igitur
2332 1638 2586 1695 Christus
2634 1640 2708 1696 sit
2759 1638 2934 1695 iactus
2978 1655 3077 1710 pro
3113 1638 3269 1693 nobis
3316 1638 3567 1693 suavitas.

291 1732 457 1802 μελὲς
487 1730 716 1803 ἔχουσαν
740 1730 838 1803 τὴν
857 1730 1147 1803 ἀνθρώπου
1170 1730 1353 1803 φύσιν,
1374 1732 1686 1805 παρρησίαν
1708 1734 1871 1805 eam-

1985 1728 2179 1799 aderis,
2206 1738 2264 1787 et
2302 1730 2597 1786 humanam
2639 1740 2889 1786 naturam
2922 1731 2975 1785 in
3009 1730 3191 1800 seipso
3224 1726 3553 1798 inculpatam

290 1839 467 1895 καμεν
491 1822 559 1877 δι’
607 1822 773 1878 αὐτοῦ
806 1840 866 1877 τε
920 1824 1013 1878 καὶ
1041 1825 1098 1877 ὲν
1136 1822 1286 1896 αὐτῷ
1345 1825 1481 1897 πρὸς
1530 1825 1623 1879 τὸν
1665 1824 1724 1880 ὲν
1756 1828 1869 1889 τοῖς

1985 1820 2283 1889 leclararit,
2313 1823 2460 1880 nacti
2497 1837 2688 1879 sumus
2716 1838 2814 1894 per
2846 1823 3020 1893 ipsum
3052 1832 3107 1878 et
3139 1823 3193 1878 in
3229 1824 3344 1892 ipso
3364 1834 3551 1875 acces-

296 1917 546 1988 οὐρανοῖς
584 1916 805 1988 Πατέρα
862 1915 959 1970 καὶ
995 1916 1150 1971 Θεόν.
1208 1917 1523 1990 Γέγραπται
1585 1916 1729 1991 γὰρ,
1788 1918 1871 1973 ὅτι

1985 1929 2091 1971 sum
2122 1914 2189 1970 ad
2234 1914 2514 1972 caelestem
2558 1916 2772 1972 Patrem
2815 1930 2882 1972 ac
2928 1915 3120 1972 Deum.
3153 1914 3425 1985 Scriptum
3467 1922 3554 1967 est

288 2027 315 2061 ι
353 2008 609 2079 Ἔχοντες
636 2004 732 2063 οὖν
781 2008 1003 2077 ἀδελφοὶ
1050 2008 1365 2081 παρρησίαν
1397 2010 1478 2075 είς
1526 2010 1624 2083 τὴν
1668 2012 1872 2066 είσοδον

1985 2007 2158 2065 enim:
2188 2027 2207 2062 ι
2233 2008 2455 2066 Habeas
2482 2012 2685 2080 itaque,
2716 2011 2940 2077 fratres,
2969 2011 3222 2067 ﬁduciam
3251 2010 3304 2066 in
3331 2009 3573 2065 introitu.

289 2100 398 2156 τῶν
436 2102 631 2171 ἁγίων,
667 2103 725 2157 ὲν
760 2101 837 2173 τῷ
878 2101 1069 2173 αἵματι
1110 2102 1204 2157 τοῦ
1253 2103 1522 2175 Χριστοῦ,
1565 2104 1633 2177 ἣν
1660 2104 1873 2160 ἐνεκαί-

1985 2111 2287 2160 sanctorum
2324 2101 2376 2157 in
2402 2102 2666 2174 sanguine
2706 2103 2933 2169 Christi,
2989 2119 3152 2173 quam
3185 2101 3419 2158 initiavit
3455 2116 3563 2155 no-

290 2210 437 2247 νισεν
458 2194 590 2265 ἡμῖν
612 2191 729 2247 ὁδὸν
766 2193 1079 2264 πρόσφατον
1111 2192 1206 2245 κα)⁸
1242 2193 1424 2258 ζῶσαν
1446 2194 1536 2248 διὰ
1560 2184 1654 2248 τοῦ
1699 2211 1872 2250 κατα-

1985 2194 2055 2249 bis
2079 2192 2220 2249 viam
2242 2208 2436 2249 novam
2461 2204 2516 2250 et
2547 2194 2815 2251 viventem
2842 2210 2936 2266 per
2955 2194 3219 2262 velamen,
3247 2193 3299 2248 id
3327 2203 3410 2249 est
3438 2208 3559 2247 car-

291 2285 662 2356 πετάσματος,
718 2283 989 2349 τουτέστι,
1037 2285 1137 2353 τῆς
1181 2283 1383 2356 σαρκὸς
1424 2283 1611 2341 αὑτοῦ.
1646 2303 1666 2339 ι
1707 2285 1873 2350 Σύνες

1985 2297 2096 2339 nem
2120 2285 2161 2340 ³.
2194 2303 2215 2339 ι
2243 2284 2507 2357 Intelligis
2529 2285 2712 2356 itaque
2736 2285 3008 2355 quomodo
3034 2287 3355 2355 sanguinem
3392 2283 3560 2353 ipsius

288 2374 383 2432 οἷν
415 2378 565 2441 ὅπως
594 2376 759 2431 αὐτοῦ
780 2377 841 2431 τὸ
869 2369 1009 2447 αἷμα
1038 2376 1133 2431 καὶ
1157 2375 1320 2431 αὐτοῦ
1354 2376 1452 2448 τὴν
1480 2376 1659 2449 σάρκα
1685 2379 1870 2449 φησιν,

1985 2382 2027 2431 et
2068 2390 2291 2432 carnem
2326 2377 2497 2447 ipsius
2525 2377 2691 2443 dicat,
2727 2391 2888 2447 quam
2931 2386 2987 2433 et
3019 2376 3266 2432 velamen
3297 2385 3474 2441 vocat,
3505 2384 3562 2429 et

289 2470 359 2540 ἢν
399 2470 494 2525 καὶ
533 2469 934 2540 καταπέτασμα
979 2470 1156 2534 καλεῖ,
1188 2470 1283 2525 καὶ
1331 2469 1478 2541 μάλα
1514 2470 1761 2538 εἰκότως,
1804 2470 1871 2523 ἵν’

1985 2466 2194 2538 quidem
2219 2469 2437 2534 merito,
2470 2476 2528 2522 ut
2554 2468 2696 2539 quod
2725 2468 2777 2524 in
2809 2468 3010 2540 templo
3038 2477 3287 2524 sanctum
3312 2466 3558 2523 velamen

288 2565 431 2633 ὅπερ
467 2563 526 2614 ὲν
555 2561 633 2634 τῷ
669 2561 783 2634 ναῷ
828 2563 889 2616 τὸ
946 2562 1089 2634 ἱερὸν
1125 2562 1411 2635 εἰργάζετο
1450 2564 1869 2635 καταπέτασμα,

1985 2559 2306 2630 operabatur
2327 2562 2609 2617 occultans
2637 2560 2839 2617 Sancta
2873 2570 3209 2627 sanctorum,
3273 2558 3378 2615 tale
3404 2559 3561 2630 quid-

289 2652 680 2726 κατακρύπτον
708 2650 768 2709 εὖ
803 2654 950 2726 μάλα
978 2654 1049 2708 τὰ
1074 2655 1243 2723 Ἅγια
1268 2654 1378 2708 τῶν
1415 2656 1607 2726 ἁγίων,
1632 2655 1873 2711 τοιοῦτόν

1985 2651 2117 2720 piam
2164 2653 2331 2707 etiam
2368 2651 2573 2709 Christi
2606 2667 2737 2710 caro
2769 2660 3032 2723 praestare
3067 2659 3356 2707 censeatur
3395 2666 3410 2705 :
3452 2666 3563 2705 non

1974 2743 2295 2813 permittens
2323 2738 2723 2815 Quodammodo
2748 2754 2807 2800 ut
2836 2744 2982 2800 nude
3011 2752 3069 2799 et
3101 2744 3221 2799 sine
3248 2751 3595 2814 tegumento-

1972 2844 2231 2890 cernatur
2266 2835 2467 2891 eximia
2497 2846 2662 2908 atque
2696 2837 2961 2892 immensa
2992 2835 3315 2892 excellentia
3348 2843 3407 2890 et
3443 2833 3567 2905 κιυ-

1974 2932 2052 2987 ria
2083 2934 2174 2989 Dei
2202 2931 2365 2988 Verbi
2393 2932 2537 3002 quod
2564 2930 2716 2987 carni
2745 2931 2956 2987 unitum
2981 2940 3088 2987 est.
3122 2927 3291 2984 Porro
3316 2925 3569 2983 nonnulli

290 2763 345 2799 τι
376 2750 548 2800 νοοῖτο
569 2747 702 2819 δρᾷν
733 2747 828 2801 καὶ
858 2747 891 2818 ή
917 2746 1010 2801 τοῦ
1036 2748 1242 2819 Κυρίου
1269 2746 1428 2820 σὰρξ,
1451 2748 1553 2801 οὐκ
1579 2748 1871 2818 έφιστᾶσα,

289 2837 493 2912 τρόπον
528 2840 672 2902 τινὰ,
711 2839 937 2911 γυμνῶς
984 2841 1079 2894 καὶ
1127 2838 1425 2911 άκρύπτως
1466 2840 1695 2912 ὁρᾶσθαι
1736 2841 1873 2913 πρός

288 2947 436 2994 τινος
490 2930 590 3002 τὴν
624 2932 883 3001 ὑπερφυᾶ
931 2931 1026 2985 καὶ
1066 2928 1347 3003 ἐξαίρετον
1385 2930 1657 3002 ὑπεροχήν
1684 2948 1745 2985 τε
1778 2932 1875 2985 καὶ

289 3021 447 3087 δόξαν
476 3022 570 3076 τοῦ
603 3022 895 3085 ὲνωθέντος
926 3023 1065 3094 αὐτῇ
1099 3021 1235 3076 Θεοῦ
1265 3021 1462 3091 Λόγου.
1498 3021 1609 3077 Καὶ
1639 3022 1791 3091 γοῦν,
1822 3025 1873 3077 οί

1985 3025 2272 3080 censebant
2300 3023 2576 3081 Christum
2609 3037 2729 3079 esse
2761 3021 2960 3086 Eliam,
2999 3030 3091 3076 aut
3137 3036 3302 3075 unum
3337 3035 3404 3074 ex
3432 3034 3560 3088 pro-

293 3116 393 3186 μὲν
429 3114 617 3167 Ἠλίαν
648 3113 681 3185 ἢ
708 3114 803 3168 ἕνα
826 3113 936 3167 τῶν
960 3112 1256 3185 προφητῶν
1277 3112 1552 3167 ἑτόπασαν
1577 3108 1717 3167 εῖναι
1744 3114 1873 3186 Χρι-

1985 3116 2177 3185 pinetis.
2203 3113 2374 3171 Judaei
2401 3129 2528 3171 vero
2555 3114 2872 3187 mysterium
2899 3111 3018 3184 ejus
3046 3112 3205 3184 plane
3232 3126 3334 3167 non
3364 3108 3561 3165 intelli-

293 3206 437 3261 στόν·
467 3204 709 3261 Ἰουδαῖοί
734 3221 798 3274 γε
832 3203 962 3276 μὴν,
991 3204 1053 3260 οὐ
1085 3203 1334 3270 συνέντες
1365 3204 1505 3266 ὅλως
1527 3203 1588 3258 τὸ
1609 3205 1696 3257 ἐπ’
1722 3204 1871 3273 αύτῷ

1985 3217 2185 3280 gentes,
2220 3206 2621 3264 subsannantes
2665 3206 2917 3262 dicebant
2968 3223 2984 3261 :
3041 3223 3061 3257 ι
3105 3202 3295 3260 Nonne
3342 3201 3432 3259 hic
3477 3215 3562 3258 est

293 3299 617 3371 μυστήριον,
661 3294 1205 3367 κατακερτομοῦντες
1234 3294 1492 3363 ἔφασκον·
1532 3312 1551 3347 ι
1582 3296 1696 3366 Οὐχ
1718 3290 1873 3361 οὗτός

289 3394 439 3444 ἐστιν
471 3391 500 3443 ὁ
548 3386 645 3441 τοῦ
695 3384 949 3449 τέκτονος
1012 3384 1157 3449 υἱός,
1219 3383 1336 3448 πῶς
1379 3382 1474 3437 νῦν
1524 3383 1699 3454 λέγει,
1750 3386 1871 3439 Ὀτι

290 3482 355 3535 ὲκ
375 3479 467 3534 τοῦ
496 3476 729 3551 οὐρανοῦ
756 3475 1150 3548 καταδέδηκας
1181 3494 1200 3525 ι
1241 3474 1497 3547 ⁹Δόρατον
1531 3474 1633 3545 μὲν
1666 3475 1774 3547 γὰρ
1802 3478 1869 3548 τῇ

291 3575 453 3643 φύσει
474 3573 537 3627 τὸ
565 3572 740 3626 Θείον.
766 3568 945 3640 Ὠφθη
976 3584 1041 3637 γε
1098 3567 1202 3639 μὴν
1246 3569 1359 3631 τοῖς
1412 3566 1508 3621 ἐπὶ
1536 3567 1635 3640 τῆς
1664 3568 1766 3639 γῆς
1812 3571 1873 3624 ὲν

290 3667 421 3720 εῖδει
449 3663 527 3736 τῷ
560 3663 682 3717 καθ’
711 3663 878 3733 ἡμᾶς,
902 3663 931 3715 ὁ
962 3660 1108 3715 κατὰ
1157 3659 1319 3728 φύσιν
1356 3659 1493 3715 ίδίαν
1512 3660 1612 3733 οὐχ
1656 3661 1867 3734 όρατδς,

290 3757 388 3813 καὶ
409 3755 679 3825 ἑπέφανεν
701 3754 833 3824 ἡμῖν
858 3751 991 3814 Θεὸς
1011 3749 1087 3805 ὣν
1107 3750 1331 3821 Κύριος.
1354 3750 1467 3804 Καὶ
1489 3750 1666 3818 τοῦτο,
1693 3746 1869 3823 οἶμαι,

290 3848 531 3903 διδάσκει
587 3846 761 3914 λέγων
790 3845 818 3898 ό
850 3842 1138 3906 θεσπέσιος
1168 3841 1349 3897 Δαϐίδ·
1382 3859 1401 3895 t
1441 3842 1498 3896 '0
1524 3842 1658 3909 Θεὸς
1690 3845 1870 3916 ἐμφα-

291 3939 398 4004 νῶς
445 3938 586 4010 ἥξει,
620 3940 648 3993 ὁ
705 3935 837 4001 Θεὸς
876 3935 1065 4009 ἡμῶν,
1109 3936 1204 3989 καὶ
1251 3935 1311 3988 ού
1370 3937 1870 4009 παρασιωπηθήσεο

291 4050 406 4087 ται.
433 4050 455 4085 θ

369 4123 429 4177 Β.
469 4123 689 4194 Φρονεῖς
730 4122 829 4192 μὲν
874 4116 1092 4193 ὀρθῶςο
1123 4121 1320 4174 ἐκεῖνοί
1364 4138 1429 4191 γε
1482 4122 1591 4193 μὴν
1631 4123 1731 4195 ούχ
1769 4115 1873 4179 ὧδε

295 4216 445 4272 ταῦτ’
480 4215 624 4287 ἔχειν
651 4214 1029 4280 διατείνονται,
1061 4212 1257 4268 πολλοῦ
1284 4232 1346 4284 γε
1377 4216 1472 4269 καὶ
1490 4216 1591 4270 δεῖ.
1620 4217 1758 4271 Κατ’
1785 4218 1875 4271 od-

293 4308 423 4362 δὲνα
471 4306 580 4376 γὰρ
610 4304 809 4377 τρόπον
839 4303 901 4358 τὸ
928 4304 1024 4357 ἐπὶ
1055 4303 1133 4376 τῷ
1169 4304 1387 4376 σταυρῷ
1431 4306 1605 4370 πάθος
1661 4307 1874 4376 ἀξιοῦσι

297 4400 625 4470 προσνέμειν
657 4396 736 4468 τῷ
787 4398 852 4451 ὲκ
882 4396 1019 4452 Θεοῦ
1053 4396 1211 4467 φύντι
1248 4398 1427 4469 Λόγῳ,
1456 4403 1873 4472 παρασκευάσαι

294 4494 351 4548 δὲ
376 4491 578 4565 μᾶλλον
597 4490 762 4560 φασὶν
777 4490 940 4545 αὑτὸν
961 4490 1052 4544 τὸν
1072 4488 1414 4560 συναφθέντα
1437 4491 1587 4564 αὐτῷ
1610 4496 1734 4549 κατ’
1767 4497 1876 4549 ισο-

1982 3301 2128 3358 lilius
2156 3300 2389 3357 labri“?
2441 3310 2500 3356 at
2555 3314 2666 3372 quo
2716 3308 2875 3370 pacto
2904 3298 3082 3355 dicit:
3130 3297 3265 3364 Quia
3325 3310 3391 3350 ex
3424 3295 3561 3352 cmlo

1980 3393 2235 3450 descendi
2277 3393 2339 3449 'l
2376 3412 2396 3448 ι
2432 3392 2620 3463 Neque
2649 3392 2797 3449 enim
2830 3389 3017 3447 Deitas
3061 3387 3380 3444 naturaliter
3411 3390 3561 3444 cerni

1982 3495 2181 3559 potest.
2211 3487 2476 3559 Apparuit
2507 3495 2687 3543 autem
2720 3485 3042 3542 mortalibus
3074 3485 3126 3539 in
3160 3483 3332 3539 forma
3368 3489 3561 3537 nostra:

1978 3578 2167 3646 simili,
2218 3579 2265 3635 is
2311 3580 2404 3650 qui
2456 3581 2668 3635 ratione
2716 3592 2828 3633 suae
2861 3586 3069 3632 natura:
3118 3574 3289 3630 videri
3342 3572 3559 3643 nequit;

1981 3670 2418 3742 manifestusque
2452 3680 2537 3727 est
2585 3669 2743 3725 nobis
2786 3667 2931 3725 Deus
2966 3665 3237 3722 easistens
3278 3662 3557 3719 Dominus.

1979 3759 2160 3831 Atque
2181 3759 2285 3817 hoc
2310 3761 2551 3831 quidem,
2590 3767 2649 3813 ut
2678 3758 2937 3825 arbitror,
2974 3756 3130 3812 docet
3157 3754 3369 3810 divinus
3396 3749 3560 3805 David

1980 3850 2167 3908 dicens
2216 3869 2231 3907 :
2283 3871 2302 3905 ι
2337 3851 2479 3909 Deus
2514 3849 2799 3907 manifeste
2851 3848 3051 3915 veniet,
3096 3844 3239 3903 Deus
3268 3852 3475 3908 noster,
3505 3851 3577 3898 et

1982 3959 2089 4000 non
2116 3944 2293 4003 silebit
2312 3945 2386 3999 ⁸.»

2053 4130 2114 4184 Β.
2156 4128 2323 4186 Recte
2351 4129 2566 4201 quidem
2610 4127 2798 4185 sentis.
2836 4127 2904 4181 At
2936 4125 3006 4178 illi
3046 4124 3161 4179 lucc
3189 4136 3291 4177 non
3336 4122 3580 4176 itasese-

1985 4224 2185 4277 habere
2225 4221 2577 4276 contendunt.
2628 4218 2811 4289 Longe
2868 4218 3010 4273 enim
3057 4212 3233 4267 abest.
3285 4209 3439 4266 Nulla
3482 4213 3556 4265 si-

1982 4311 2196 4381 quidem
2225 4312 2433 4367 ratione
2465 4311 2627 4383 762
2655 4309 2961 4380 passionem
2994 4304 3175 4362 crucis
3209 4302 3385 4359 Verbo
3415 4302 3557 4371 quod

1983 4421 2047 4461 ex
2074 4405 2182 4460 Deo
2203 4405 2441 4475 genitum
2472 4413 2557 4458 est
2596 4404 2836 4457 tribuere
2862 4400 3066 4455 volunt.
3097 4397 3168 4452 At
3194 4396 3378 4467 potius
3422 4408 3558 4464 prs-

1984 4512 2203 4567 parasse
2228 4497 2405 4565 ipsum
2433 4496 2707 4551 hominem
2737 4493 2884 4549 illum
2918 4491 3011 4561 qui
3051 4487 3347 4545 secundum
3376 4501 3544 4557 arqua-

294 4585 485 4657 τιμίαν
523 4583 832 4654 ἄνθρωπον,
864 4582 965 4646 τὰς
996 4582 1062 4636 ὲκ
1106 4582 1217 4636 τῶν
1260 4582 1530 4640 Ἰουδαίων
1570 4586 1873 4660 ὑποστῆναι

1985 4590 2182 4644 litalem
2216 4587 2438 4643 honoris
2456 4587 2524 4640 ab
2546 4587 2663 4656 ipso
2691 4594 2997 4651 assumptus
3027 4590 3133 4645 est,
3163 4588 3221 4634 nt
3251 4577 3557 4635 Jttdeorum

296 4676 609 4749 παροινίας,
642 4676 738 4729 καὶ
755 4674 823 4729 τὰ
851 4676 945 4727 ἐπὶ
966 4673 1044 4745 τῷ
1078 4674 1298 4746 σταυρῷ
1320 4674 1490 4748 πάθη,
1523 4679 1619 4732 καὶ
1648 4677 1754 4751 μὴν
1782 4681 1873 4734 καὶ

1985 4679 2332 4736 contumelias
2382 4679 2611 4745 subiret,
2662 4686 2718 4731 et
2771 4675 3076 4745 passionem
3136 4671 3347 4737 crucis,
3397 4681 3557 4739 atque

295 4771 459 4826 αὑτὸν
514 4769 607 4824 τὸν
637 4768 888 4834 θάνατον,
938 4767 1036 4822 καὶ
1078 4768 1241 4824 αὑτὸν
1269 4769 1524 4838 γενέσθαι
1555 4772 1656 4841 τῆς
1704 4790 1881 4847 σωτη-

1975 4773 2113 4827 adeo
2142 4781 2370 4827 mortem
2408 4769 2619 4839 ipsam;
2669 4776 2829 4837 atque
2864 4766 3038 4837 ipsum
3078 4764 3280 4818 lactant
3315 4777 3436 4817 esse
3471 4778 3559 4816 Su-

300 4864 420 4934 ρξας
452 4859 610 4932 ἡμῶν
655 4858 919 4930 ἀρχηγὸν,
945 4861 1015 4930 τῇ
1062 4857 1158 4912 τοῦ
1214 4857 1465 4919 συνόντος
1510 4860 1659 4932 αὑτῷ
1700 4863 1873 4932 Λόγου

1985 4865 2107 4919 Iutis
2146 4874 2346 4918 nostra:
2392 4872 2692 4923 auctorem,
2750 4858 2948 4929 quippe
2998 4859 3089 4927 qui
3146 4856 3195 4910 vi
3250 4870 3316 4909 ac
3359 4854 3557 4909 virtqu

295 4952 545 5024 δυνάμει,
598 4950 1112 5022 παλινδρομήσαντα
1162 4949 1298 5022 πρὸς
1344 4951 1510 5022 ζωὴν,
1553 4954 1738 5009 καὶτὸ
1782 4956 1876 5010 τοῦ

298 5042 527 5097 θανάτου
560 5045 981 5113 καταργήσαντα
1015 5038 1235 5111 κράτος.

366 5137 429 5191 Λ.
465 5128 612 5205 *Αρα
650 5128 742 5187 οὖν
779 5131 954 5204 ἔχοιεν
982 5131 1049 5186 ἂν
1085 5132 1145 5199 ἐξ
1186 5131 1346 5204 ἱερῶν
1374 5133 1749 5206 Γραμμάτων,
1783 5138 1875 5191 τὸν

297 5226 390 5280 ἐπὶ
416 5225 628 5289 τούτοις
652 5226 785 5297 ἡμῖν
817 5223 993 5297 άληθῆ
1027 5224 1382 5296 παραστῆσαι
1402 5225 1595 5295 λόγον;
1623 5228 1657 5298 ἢ
1689 5245 1875 5283 καινο-

298 5318 522 5390 τομοῦσι
542 5318 643 5388 τὴν
666 5318 873 5381 πίστιν,
894 5316 964 5372 τὰ
983 5317 1092 5371 ἀπὸ
1119 5318 1345 5389 καρδίας
1366 5318 1543 5374 αὐτῶν
1566 5320 1879 5393 λαλοῦντες,

300 5410 395 5465 καὶ
415 5410 515 5463 οὐκ
538 5408 647 5462 άπὸ
668 5408 934 5478 στόματος
958 5409 1187 5481 Κυρίου,
1215 5408 1357 5463 κατὰ
1379 5409 1438 5463 τὸ
1458 5415 1874 5487 γεγραμμένον;

299 5499 333 5573 ἢ
360 5500 501 5572 τάχα
537 5518 639 5554 που
667 5501 767 5555 οὐκ
798 5501 999 5565 εἰδότες
1019 5501 1220 5571 λέγειν’
1252 5521 1270 5554 ‹
1306 5502 1460 5574 Ἐμοὶ
1484 5504 1543 5559 δὲ
1565 5507 1640 5579 μὴ
1667 5508 1880 5578 γένοιτο

1981 4955 2140 5012 Verbi
2167 4954 2310 5024 quod
2341 4954 2441 5024 ipsi
2462 4952 2809 5023 coniunctum
2833 4958 2952 5006 erat
2983 4948 3345 5005 resuscitatus
3374 4943 3555 5009 fuerit,

1980 5059 2037 5105 et
2079 5048 2271 5104 mortis
2305 5047 2593 5119 imperium
2632 5044 2951 5101 aboleverit.

2050 5141 2117 5196 A.
2157 5141 2320 5211 Atqui
2364 5140 2645 5209 possintne
2692 5138 2975 5195 sententiae
3015 5149 3127 5193 suae
3182 5147 3447 5190 rationem
3489 5146 3567 5188 ex.

1979 5233 2153 5289 sacris
2188 5232 2412 5287 Litteris
2449 5229 2843 5302 comprobare?
2885 5239 2979 5283 aut
3007 5228 3264 5282 innovant
3298 5224 3457 5280 iidem
3488 5239 3553 5277 ex

1977 5338 2078 5381 suo
2101 5324 2340 5395 ipsorum
2369 5326 2533 5379 corde
2556 5322 2861 5392 loquentes,
2885 5327 2949 5375 et.
2965 5333 3069 5375 non
3100 5332 3169 5373 ex
3197 5332 3293 5372 ore
3322 5313 3554 5381 Domini,

1976 5414 2122 5471 sicut
2148 5415 2413 5485 scriptum
2440 5422 2526 5469 est
2547 5412 2973 5468 itautl'ortasse
3001 5409 3308 5468 nescientes
3335 5406 3552 5464 dicere:

1981 5525 2000 5560 ι
2045 5506 2177 5562 Mihi
2213 5520 2344 5561 vero
2396 5520 2505 5561 non
2561 5504 2843 5576 contingat
2879 5501 3099 5575 gloriari
3142 5500 3247 5557 nisi
3295 5501 3351 5555 in
3394 5513 3554 5555 cruce

302 5592 611 5666 καυχᾶσθαι
648 5592 698 5645 εί
740 5592 816 5665 μὴ
856 5593 913 5646 ὲν
948 5592 1026 5664 τῷ
1055 5593 1270 5666 σταυρῷ
1300 5594 1395 5649 τοῦ
1431 5597 1692 5669 Χριστοῦ,
1725 5602 1791 5656 δι’
1817 5603 1873 5663 οὗ

1985 5601 2206 5669 Christi,
2238 5615 2337 5671 per
2372 5615 2534 5673 quem
2578 5600 2711 5658 mihi
2748 5601 2977 5658 mundus
3019 5596 3312 5656 cruciﬁxus
3359 5603 3465 5660 cst,
3499 5603 3557 5650 et

297 5686 426 5756 ἐμοὶ
462 5687 663 5757 κόσμος
694 5685 1054 5756 ἐσταύρωται,
1073 5686 1231 5756 κάγὼ
1259 5687 1337 5760 τῷ
1365 5688 1572 5762 κόσμῳ.
1607 5710 1625 5744 ι

377 5800 391 5829 ¹
435 5799 451 5852 1
494 5798 637 5854 Petr.
676 5814 712 5863 l,
754 5800 957 5863 18,19.
1035 5803 1056 5832 '

302 5883 447 5933 aut,
477 5871 527 5925 3.
603 5871 621 5902 ⁷
664 5870 861 5927 Jcrcnt.
899 5886 1050 5926 xxttt.
1084 5871 1169 5926 16.
1248 5874 1267 5903 ⁸
1306 5874 1481 5929 Calui.
1512 5892 1580 5938 vs,
1618 5878 1676 5933 Η

1846 5723 1877 5777 κ
1973 5708 2075 5765 ego
2107 5693 2307 5749 mundo
2327 5694 2368 5746 ⁸.
2402 5710 2422 5746 ι

1097 5800 1289 5885 ἓνιιεξ.
1309 5817 1359 5885 χ,
1392 5804 1524 5885 με.
1604 5809 1633 5885 ³.
1659 5807 1826 5885 _llvbr.

1994 5814 2044 5870 9.
2073 5813 2167 5868 20.
2240 5814 2258 5845 ³
2299 5812 2490 5871 Matth.
2525 5830 2644 5885 xm,
2671 5816 2759 5872 55.
2836 5815 2856 5849 '
2893 5812 3050 5871 Joan.
3083 5828 3157 5881 vt,
3181 5813 3270 5869 38.
3345 5806 3367 5839 ‘
3407 5801 3549 5859 P531.
