4038 6540
502 389 640 470 tas:
1493 388 1531 441 s
1593 387 1866 442 mutua
1906 383 2077 440 aut-2x

2180 381 2376 438 iDRINI
2415 383 2737 438 Αιιοιιιειι.
3627 385 3786 437 ιω

574 502 633 558 Β.
675 501 904 556 Mamme
931 500 1113 568 aiunt;
1148 503 1432 556 conﬁrmat
1460 503 1602 555 enim
1636 501 1690 576 in
1724 503 1823 557 hoc
1866 516 1964 557 nos
1995 515 2077 556 sa-

2261 497 2322 552 B.
2363 496 2494 560 Nai,
2532 495 2726 568 φασίν·
2763 494 2990 566 δμπεδοῖ
3018 495 3126 567 γὰρ
3168 495 3302 566 πρὸς
3333 495 3489 578 τοῦτο
3541 497 3696 566 ημᾶς
3753 501 3784 549 6

505 592 876 660 pientissimus
913 590 1132 657 Paulus,
1165 593 1235 648 ita
1263 594 1508 648 scribens
1545 611 1560 648 :
1615 613 1634 645 ι
1667 593 1899 649 Decebat
1933 594 2077 648 enim

2187 591 2463 660 πάνσοφος
2518 588 2771 653 Παῦλος,
2818 587 2914 643 ὡδὶ
2944 587 3266 660 γεγραφώς·
3311 608 3332 638 ι
3361 589 3614 659 Ἐπρεπε
3657 590 3783 657 γὰρ

506 702 627 740 eum
681 693 905 755 propter
930 699 1088 754 quem
1123 683 1329 752 omnia,
1365 694 1418 738 et
1449 701 1547 756 per
1571 701 1734 756 quem
1760 687 1969 752 omnia,
1989 688 2077 756 qui

2181 681 2331 753 αὐτῷ
2377 682 2444 736 δι’
2471 681 2529 735 ὃν
2558 680 2628 735 τά
2664 680 2864 746 πάντα,
2896 680 2992 734 καὶ
3020 680 3086 732 δι’
3116 673 3176 734 οὗ
3217 683 3284 734 τὰ
3305 681 3506 742 πάντα,
3537 680 3782 740 πολλοὺς

504 776 702 830 mullos
733 763 870 830 ﬁlios
902 775 952 829 in
982 775 1207 847 gloriam
1237 776 1554 841 adduxerat,
1578 788 1857 832 auctorem
1893 777 2077 834 salutis

2183 771 2332 834 υἱοὺς
2358 770 2436 834 εἰς
2466 767 2628 836 δόξαν
2649 769 2950 838 ἀγαγόντα,
2977 767 3069 822 τὸν
3092 770 3332 841 ἀρχηγὸν
3359 770 3459 840 τῆς
3490 771 3781 842 σωτηρίας

502 882 690 924 eorum
736 882 831 937 per
882 869 1186 938 passionem
1230 871 1672 926 consummare’.
1705 889 1724 922 ι
1769 868 1868 926 Hic
1911 871 2081 936 enim,

506 958 769 1027 inquiunt,
801 961 851 1015 in
897 977 1006 1029 quo
1048 961 1255 1028 omnia,
1294 971 1348 1018 et
1395 979 1488 1031 per
1521 979 1682 1034 quem
1727 966 1932 1032 omnia,
1974 980 2079 1019 non

504 1049 854 1132 aliusfuerit
898 1068 1058 1122 quam
1109 1054 1340 1109 Verbum
1393 1069 1455 1109 ex
1508 1056 1615 1110 Deo
1659 1057 1924 1126 genitum.
1961 1055 2081 1125 Ipse

503 1143 672 1211 igitur
715 1144 943 1214 perfecit
977 1160 1073 1213 per
1105 1147 1409 1214 passionem
1447 1156 1722 1201 auctorem
1765 1147 1956 1204 salutis
1985 1163 2080 1202 uo-

502 1246 654 1304 strae,
696 1237 800 1292 hoc
837 1245 921 1290 est
957 1251 1080 1292 eum
1114 1238 1309 1306 quiest
1335 1252 1402 1292 ex
1438 1240 1645 1294 semine
1675 1237 1864 1317 David.

573 1391 640 1445 Α.
685 1391 800 1446 Non
836 1393 997 1463 igitur
1041 1393 1301 1463 redempti
1343 1407 1530 1450 smnus
1571 1409 1598 1448 a
1634 1397 1762 1452 Deo.
1798 1396 2078 1462 Quomodo

503 1485 668 1548 enim,
707 1494 801 1538 aut
839 1484 1020 1538 unde?
1043 1486 1137 1541 sed
1181 1488 1360 1556 potius
1389 1485 1564 1543 alieno
1599 1491 1899 1560 sanguine;
1934 1509 2077 1545 mor-

503 1588 735 1645 tuusque
758 1587 840 1632 est
864 1579 1082 1647 quidam
1106 1594 1203 1648 pro
1237 1579 1392 1634 nobis
1414 1582 1786 1652 supposititius
1817 1583 1929 1637 sive
1957 1599 2079 1638 suc-

500 1669 762 1725 cidaneus
811 1670 993 1737 homo,
1029 1680 1082 1725 et
1128 1667 1248 1725 falsi
1299 1673 1534 1726 nominis
1580 1673 1739 1728 ﬁlius.
1782 1671 1956 1742 Atque
2003 1675 2073 1729 ita

502 1778 754 1833 maguum
791 1761 919 1817 illud
947 1779 1009 1819 ac
1057 1763 1422 1819 venerandum
1465 1763 1851 1821 incarnationis
1878 1761 2076 1834 Uuige-

2180 856 2361 909 αὐτῶν
2392 857 2477 910 διὰ
2514 855 2853 927 παθημάτων
2884 855 3187 911 τελειῶσαι.
3216 879 3234 912 ι
3288 860 3345 911 Ὀ
3375 859 3486 932 γάρ
3523 877 3632 924 τοι,
3666 877 3783 923 ςα-

2184 948 2289 1014 σὶν,
2315 947 2374 1002 ὲν
2402 937 2446 1016 ᾧ
2478 947 2546 1002 τὰ
2583 948 2783 1014 πάντα,
2809 951 2901 1003 καὶ
2923 949 2992 1002 δι’
3022 942 3082 1004 οὗ
3102 950 3169 1003 τὰ
3196 952 3392 1014 πάντα,
3429 952 3519 1020 εἴη
3544 949 3614 1004 ἂν
3648 951 3781 1004 ἓτε-

2183 1057 2276 1110 ρος
2307 1039 2485 1104 οὐδεὶς
2513 1038 2747 1111 παράγε
2777 1039 2869 1092 τὸν
2899 1041 2963 1092 ὲκ
2991 1040 3127 1094 Θεοῦ
3165 1040 3338 1110 φύντα
3368 1041 3562 1110 Λόγον.
3595 1044 3782 1107 Αὐτὸς

2179 1128 2472 1203 τοιγαροῦν
2512 1131 2794 1184 ἐτελείωσε
2858 1129 2949 1184 διὰ
2995 1132 3336 1203 παθημάτων
3378 1132 3471 1185 τὸν
3516 1134 3782 1205 ἀρχηγὸν

2179 1221 2278 1292 τῆς
2313 1222 2589 1292 σωτηρίας
2618 1219 2796 1292 ἡμῶν,
2824 1221 3093 1285 τουτέστι,
3117 1221 3208 1274 τὸν
3232 1221 3296 1275 ἐκ
3326 1221 3646 1285 σπέοαατος
3671 1221 3776 1276 τοῦ

2180 1311 2362 1368 Δαϐίδ.

2253 1403 2315 1456 Δ.
2345 1399 2744 1474 Δελυτρώμεθα
2769 1395 2882 1464 οὖν,
2917 1401 3067 1470 παρά
3087 1399 3222 1454 Θεοῦ
3253 1401 3352 1473 μὲν
3389 1404 3490 1455 οὐκ
3513 1401 3595 1454 ἔτι
3628 1401 3777 1471 (πῶς

2179 1495 2308 1566 γὰρ,
2339 1492 2373 1564 ἢ
2399 1492 2605 1564 πόθεν),
2639 1492 2903 1565 ἀλλοτρίῳ
2941 1493 2998 1547 δὲ
3047 1493 3248 1564 μᾶλλον
3277 1496 3472 1563 αἵματι
3492 1511 3503 1522 ·
3539 1494 3638 1547 καὶ
3670 1494 3776 1547 τέο

2180 1585 2345 1658 θνηκέ
2373 1603 2458 1649 τις
2497 1585 2639 1657 ὑπὲρ
2690 1585 2848 1657 ἡμῶν
2902 1586 3291 1656 ὑποϐολιμαῖος
3325 1585 3636 1657 ἄνθρωπος,
3670 1589 3793 1660 καὶ.

2179 1681 2294 1744 υίὸς
2314 1678 2688 1750 ψευδώνυμος·
2718 1679 2811 1733 καὶ
2839 1678 2901 1732 τὸ
2951 1680 3146 1734 σεπτὸν
3174 1679 3269 1734 καὶ
3310 1681 3452 1753 μέγα
3483 1681 3581 1751 τῆς
3613 1683 3777 1733 ὲνανο

2181 1772 2519 1842 θρωπήσεως
2538 1770 2632 1824 τοῦ
2657 1769 2998 1840 Μονογενοῦς
3029 1771 3348 1843 μυστήριον,
3377 1769 3536 1834 ὕθλος
3555 1767 3628 1842 ἦν
3657 1770 3777 1842 ἄρα.

501 1845 598 1909 niti
637 1855 978 1924 mysterium,
1009 1869 1172 1910 mera:
1201 1865 1356 1926 nugm
1407 1861 1570 1926 atque
1617 1857 1928 1926 imposturte
1961 1857 2077 1911 fue-

2180 1865 2273 1920 καὶ
2309 1866 2642 1935 φενακισμός
2665 1879 2678 1893 ·
2713 1861 2808 1918 καὶ
2847 1861 2970 1917 οὔτε
3002 1862 3224 1932 γέγονεν
3258 1862 3565 1934 ἄνθρωπος.
3614 1862 3774 1915 Ἐπι-

500 1947 629 2001 rint.
656 1943 762 2001 Sed
791 1962 962 2016 neque
985 1947 1145 2003 homo
1169 1948 1344 2004 factus
1379 1959 1482 2003 est.
1506 1948 1842 2004 Salvatorem
1866 1964 1993 2006 vero
2015 1964 2078 2004 ac

497 2033 911 2108 Betlemptorem
949 2039 1282 2105 vocabimus,
1319 2058 1422 2096 nou
1447 2042 1664 2113 quidem
1707 2039 2076 2114 Unigenitum,

500 2133 594 2188 sed
627 2133 771 2188 illum
792 2137 964 2202 potius
981 2135 1070 2205 qui
1097 2137 1413 2205 sanguinem
1435 2152 1589 2191 suum
1612 2151 1711 2206 pro
1732 2137 1884 2193 nobis
1908 2131 2073 2194 dedit.

497 2220 662 2295 Atqui
683 2225 1085 2282 sacratiSsimus
1115 2226 1314 2282 Paulus
1340 2229 1406 2283 ad
1438 2229 1698 2298 quosdam
1733 2227 1806 2284 ita
1841 2229 2030 2284 scribit
2058 2246 2072 2284 :

503 2317 522 2367 ὀ
557 2316 789 2373 Necesse
824 2327 907 2373 est
956 2334 1086 2388 ergo
1125 2318 1456 2390 exemplaria
1504 2319 1722 2391 quidem
1774 2319 2073 2376 caelestium

500 2410 583 2464 his
613 2411 862 2466 mundari
897 2429 910 2465 :
946 2411 1060 2482 ipsa
1093 2420 1274 2466 autem
1307 2411 1573 2478 coelestia,
1621 2411 1934 2467 melioribus
1974 2412 2074 2466 ho-

497 2498 616 2554 stiis
641 2516 801 2570 quam
836 2499 971 2555 istis.
998 2498 1114 2553 Non
1138 2500 1281 2555 enim
1305 2501 1357 2555 in
1379 2502 1684 2556 manufacta
1711 2513 1897 2558 sancta
1920 2499 2076 2559 Jes’us

495 2593 760 2660 introivit,
783 2593 1111 2662 exemplaria
1143 2609 1416 2663 verorum,
1442 2596 1535 2651 sed
1570 2595 1624 2650 iu
1650 2596 1823 2667 lpsum
1855 2597 2072 2665 caelum,

495 2698 555 2743 ut
584 2697 842 2756 appareat
883 2703 1024 2742 nunc
1071 2687 1238 2741 vultui
1291 2687 1386 2742 Dei
1432 2702 1530 2756 pro
1575 2688 1751 2742 nobis.
1798 2687 1986 2758 Neque
2019 2701 2074 2745 ut

492 2772 638 2851 me
677 2779 868 2836 offerat
902 2780 1281 2850 semetipsum,
1325 2780 1777 2849 quemadmodum
1836 2781 2076 2854 pontifex

492 2872 663 2928 intrat
714 2873 768 2928 in
820 2871 1018 2928 Sancta
1069 2887 1167 2942 per
1216 2871 1460 2943 singulos
1503 2887 1675 2928 annos
1725 2873 1778 2927 in
1811 2874 2076 2945 sanguine

491 2967 668 3023 alieno
699 2987 713 3024 :
748 2967 985 3038 alioquin
1032 2967 1316 3036 oportebat
1362 2983 1486 3022 eum
1524 2965 1836 3037 frequenter
1863 2967 1974 3038 pati
2007 2968 2074 3024 ab

492 3061 704 3133 origine
747 3059 972 3128 mundi;
1012 3075 1155 3116 nunc
1199 3067 1380 3114 autem
1433 3060 1600 3114 semel
1641 3059 1695 3114 in
1724 3074 2072 3116 consumma-

498 3157 642 3212 tione
671 3155 987 3211 sazculorum
1019 3155 1094 3226 ad~
1117 3151 1538 3209 destructionem
1577 3153 1782 3225 peccati
1833 3169 1930 3225 per
1977 3154 2072 3210 lto-

2180 1954 2504 2026 γραψόμεθα
2544 1953 2776 2026 Σωτῆρα
2807 1954 2902 2008 καὶ
2941 1953 3256 2026 Λυτρωτὴν,
3285 1953 3486 2024 ἣκιστα
3517 1953 3620 2024 μὲν
3666 1953 3766 2006 αὖ·

2178 2049 2290 2108 τὸν.
2336 2049 2543 2101 ἐκεῖνον
2569 2046 2624 2100 δὲ
2676 2046 2876 2116 μᾶλλον
2903 2087 2918 2112 ,
2963 2045 3020 2110 ὃς
3083 2043 3146 2098 τὸ
3182 2045 3311 2099 ὤιον
3348 2039 3490 2116 αἷμα
3529 2045 3774 2098 δέδωκεν

2178 2139 2319 2210 ὑπὲρ
2347 2136 2526 2209 ἡμῶν.
2558 2138 2749 2192 Καίτοι
2774 2135 3021 2209 γέγραφέ
3072 2153 3211 2190 τισιν
3241 2139 3268 2189 ὁ
3297 2135 3591 2206 ἱερώτατος
3613 2134 3762 2188 Παῦο

2177 2231 2287 2296 λος·
2323 2250 2339 2283 t
2381 2227 2620 2302 Ἀνάγκη
2645 2221 2741 2284 οὖν
2773 2229 2843 2282 τὰ
2881 2230 2979 2300 μὲν
3013 2227 3390 2299 ὑποδείγματα
3431 2227 3539 2281 τῶν
3567 2231 3629 2280 ὲν
3651 2230 3771 2291 τοῖς

2177 2323 2427 2395 οὐρανοῖς
2452 2321 2661 2384 τούτοις
2697 2317 3111 2392 καθαρίζεσθαι,
3147 2318 3287 2373 αὕτά
3326 2318 3381 2371 δὲ
3416 2317 3774 2394 τάιὲπουρᾶο

2180 2435 2267 2469 νια
2319 2414 2595 2484 κρείττοσι
2625 2413 2839 2478 θυσίαις
2869 2413 3022 2484 παρά
3053 2411 3248 2465 ταῦτα.
3281 2411 3355 2465 Οὔ
3382 2411 3491 2482 γὰρ
3535 2411 3619 2473 είς
3654 2427 3772 2480 χει-

2181 2509 2446 2580 ροποίητα
2478 2505 2732 2578 εἰσῆλθεν
2752 2505 2882 2574 ᾶγια
2909 2504 3166 2575 Χριστὸς,
3196 2504 3463 2557 ἀντίτυπα
3495 2505 3605 2557 τῶν
3635 2504 3766 2572 ἁλη-

2176 2601 2358 2665 θινῶν,
2383 2598 2498 2654 ἀλλ’
2524 2600 2604 2662 είς
2626 2597 2786 2653 αὑτὸν
2820 2595 2915 2650 τὸν
2941 2595 3191 2667 οὖρανὺν,
3223 2595 3317 2649 νῦν
3358 2595 3772 2666 ἐμφανισθῆναι

2176 2689 2254 2762 τῷ
2277 2687 2558 2760 προσώπῳ
2583 2687 2678 2741 τοῦ
2702 2687 2837 2741 Θεοῦ
2863 2687 3004 2760 ὑπὲρ
3026 2687 3205 2759 ἡμῶν.
3234 2689 3368 2743 Οὑδέ
3391 2689 3478 2742 ῖνα
3500 2688 3770 2752 πολλάκις

2176 2783 2465 2855 προσφέρῃ
2495 2781 2708 2847 ἑαυτὸν,
2737 2780 2927 2852 ὥσπερ
2959 2783 2988 2835 ὁ
3021 2783 3314 2854 ἀρχιερεὺς
3345 2782 3659 2852 εἰσέρχεται
3687 2783 3769 2844 εἰς

2176 2878 2242 2930 τὰ
2273 2876 2442 2944 Ἅγια
2458 2875 2579 2928 κατ’
2601 2875 2847 2928 ὲνιαυτδν
2868 2873 3060 2945 αῖματι
3083 2875 3370 2947 ἀλλοτρίῳ,
3401 2876 3522 2928 ἐπεὶ
3537 2875 3646 2928 ἔδει
3671 2874 3768 2928 αὖ·

2173 2967 2265 3020 τον
2299 2968 2557 3031 πολλάκις
2584 2965 2777 3020 παθεῖν
2817 2965 2922 3020 ἀπὸ
2951 2962 3261 3038 καταϐολῆς
3291 2965 3496 3034 κόσμου
3519 2983 3533 2996 ·
3560 2965 3682 3018 νυνὶ
3711 2964 3769 3018 δὲ

2175 3058 2322 3126 ἅπαξ
2358 3059 2451 3112 ἐπὶ
2498 3057 2779 3129 συντελείᾳ
2813 3057 2922 3112 τῶν
2969 3058 3184 3112 αίώνων
3242 3059 3321 3122 είς
3372 3055 3632 3129 ἀθέτησιν
3667 3054 3770 3126 τῆς

2182 3150 2455 3222 ἁμαρτίας
2482 3150 2570 3204 διά
2594 3150 2690 3221 τῆς
2723 3147 2914 3212 θυσίας
2945 3149 3110 3203 αὑτοῦ
3139 3150 3544 3219 πεφανέρωται.
3573 3168 3590 3199 ι
3618 3148 3767 3202 Οὐκ-

495 3251 653 3304 stiam
684 3264 832 3304 suam
868 3243 1026 3319 763
1053 3223 1300 3318 apparuit
1323 3246 1388 3304 ¹⁰.
1423 3265 1440 3297 ι
1475 3222 1656 3318 Typus
1681 3222 1864 3318 itaque
1890 3245 2072 3310 habet,

2180 3245 2271 3298 οὖν
2289 3246 2317 3298 ὁ
2353 3244 2452 3314 μὲν
2480 3242 2651 3306 τύπος
2673 3241 2785 3314 ἔχει
2837 3241 2896 3295 τὸ
2914 3242 2971 3294 έν
2999 3240 3192 3313 αἵματι
3207 3241 3285 3314 τῷ
3304 3241 3570 3312 ἀλλοτρίῳ
3601 3241 3771 3292 ποιεῖ·

497 3345 548 3394 iu
589 3343 852 3412 sanguine
909 3342 1088 3396 alieno
1125 3341 1238 3396 ﬁeri
1289 3341 1498 3395 aditum
1545 3349 1599 3394 et
1643 3339 1889 3394 mandari
1937 3355 2076 3394 non-

496 3432 691 3488 nullos.
730 3431 826 3487 Rei
860 3442 1040 3486 autem
1067 3431 1268 3486 veritas
1292 3429 1448 3502 longe
1479 3430 1826 3502 praestantius
1855 3427 1986 3500 quid
2021 3430 2073 3484 in

495 3543 555 3580 se
593 3527 776 3592 habet,
811 3525 915 3580 hoc
944 3535 1048 3593 est,
1084 3523 1266 3579 .lesum
1299 3525 1389 3594 qui
1426 3524 1641 3592 proprio
1673 3523 1937 3594 sanguine
1976 3522 2080 3579 hoc

497 3617 734 3686 liri'BSiel,
771 3618 1156 3681 introeuntem,
1190 3633 1294 3671 non
1325 3617 1375 3670 iu
1407 3631 1594 3671 recens
1628 3613 1846 3685 aliquod
1876 3624 1931 3671 et
1965 3632 2076 3669 tua-

500 3709 774 3762 nufactum
834 3703 1265 3772 tahernawlum,
1318 3707 1460 3777 quod
1519 3707 1568 3759 iu
1612 3703 1799 3762 umbra
1833 3719 1898 3760 ac
1936 3705 2075 3778 typis

498 3799 838 3869 intelligitur,
872 3799 968 3853 sed
1003 3799 1054 3852 in
1097 3795 1320 3854 coaleste
1363 3815 1428 3854 ac
1467 3809 1673 3864 verum,
1722 3795 1826 3854 hoc
1878 3811 1982 3864 est,
2020 3795 2073 3855 iu

495 3891 715 3946 uelum.
757 3887 990 3947 Necesse
1020 3889 1163 3947 enim
1197 3899 1284 3946 est
1307 3889 1633 3962 exemplaria
1660 3891 1960 3948 cwlestium
1989 3894 2074 3949 his

495 3982 771 4043 tuumlari,
824 3983 925 4037 hoc
953 3991 1057 4048 est,
1109 3981 1352 4049 ﬁguratis
1387 3991 1548 4050 atque
1577 3982 1770 4037 alienis
1794 4003 1808 4037 :
1831 3981 2072 4039 coelestia

495 4090 626 4130 vero
668 4074 825 4145 longe
862 4073 1177 4129 melioribus
1220 4074 1410 4129 hostiis
1441 4089 1600 4142 quam
1626 4074 1708 4128 ha:
1735 4085 1881 4128 sunt.
1913 4075 2072 4143 Quaa-

493 4165 720 4222 rendum
755 4165 918 4237 igitur
939 4175 1023 4220 est
1055 4174 1106 4220 et
1149 4165 1365 4236 quidem
1409 4166 1716 4221 necessario
1749 4165 1800 4219 in
1836 4165 2071 4231 Christo,

498 4260 547 4311 id
581 4260 721 4330 quod
749 4267 832 4312 est
855 4256 1200 4325 prmstautius
1220 4271 1383 4327 quam
1416 4255 1615 4327 ﬁgurae.
1643 4253 1844 4311 Verum
1893 4269 2072 4313 autem

495 4354 616 4406 dico
662 4351 713 4406 id
760 4348 902 4420 quod
952 4351 1035 4404 est
1081 4348 1136 4402 in
1184 4347 1448 4418 sanguine
1483 4345 1720 4418 proprio.

563 4500 622 4559 Β.
668 4501 836 4559 Baete
863 4505 960 4559 ais.

567 4601 632 4655 Α.
673 4599 806 4653 Cum
849 4611 976 4653 vero
1009 4598 1308 4667 apostolico
1346 4597 1490 4652 dicto
1535 4598 1813 4665 insultent,
1851 4599 2078 4668 perinde
2108 4574 2155 4630 η

497 4703 558 4742 ac
615 4689 660 4745 si
721 4691 790 4744 ad
829 4690 1101 4759 vulgarem
1150 4689 1385 4759 aliquem
1435 4689 1707 4744 hominem
1759 4689 2074 4755 referretur,

497 4798 597 4851 age
630 4789 796 4836 totam
833 4781 1159 4836 sententiam
1179 4781 1417 4837 abiuitio
1439 4791 1763 4852 repetamus,
1795 4795 2076 4856 quousque

497 4874 564 4928 ad
598 4873 901 4928 institutum
932 4885 1239 4928 sermonem
1267 4872 1414 4930 facit.
1453 4873 1727 4945 Scriptum
1757 4875 1936 4946 itaque
1959 4887 2076 4932 est:

501 4982 525 5017 ο
558 4960 692 5020 Eum
717 4974 895 5020 autem
915 4965 1009 5037 qui
1034 4965 1245 5020 modico
1269 4977 1433 5036 quam
1459 4968 1636 5037 angeli
1660 4967 1959 5023 minoratus
1971 4977 2075 5034 est,

495 5062 745 5116 videmus
758 5058 946 5116 Jesum
969 5069 1188 5130 propter
1200 5060 1504 5130 passionem
1522 5061 1708 5116 monis
1724 5061 1892 5130 gloria
1908 5073 1962 5116 et
1982 5063 2081 5117 Ιιοα

500 5165 633 5207 nore
648 5161 987 5208 coronatum.
1007 5153 1240 5207 Deeebat
1256 5152 1402 5208 enim
1421 5163 1545 5206 eum
1560 5161 1945 5224 propterquem
1961 5163 2079 5208 em-

499 5247 611 5310 ula.
633 5257 686 5302 et
711 5257 810 5318 per
827 5259 985 5318 quem
1019 5249 1222 5310 omnia,
1249 5248 1339 5318 qui
1365 5247 1565 5302 multos
1590 5247 1728 5303 ﬁlios
1768 5249 1822 5302 in
1851 5249 2080 5318 gloriam

499 5339 817 5404 adduxerat,
856 5348 1129 5396 auctorem
1171 5338 1367 5395 salutis
1409 5349 1596 5395 eorum
1641 5349 1738 5411 per
1775 5342 2080 5412 passienem

500 5441 895 5489 consummare.
913 5431 1016 5501 Qui
1045 5433 1189 5490 enim
1207 5433 1533 5500 sanctiﬁcat,
1552 5444 1602 5490 et
1623 5435 1716 5507 qui
1733 5435 2080 5492 sanctiﬁcan-

410 5580 414 5584 ,
505 5533 588 5578 tur
621 5529 686 5578 et
720 5535 831 5580 uno
857 5535 1067 5581 omnes.
1103 5521 1334 5596 Propter
1367 5537 1528 5596 quam
1557 5533 1780 5583 Causam
1813 5541 1917 5584 non
1947 5541 2080 5583 cou-

504 5607 745 5670 funditur
759 5627 852 5671 eos
876 5615 1071 5673 fratres
1092 5628 1293 5675 meare
1316 5618 1501 5677 dicens
1526 5637 1542 5674 :
1585 5617 1859 5676 Nuntiabo
1889 5630 2078 5676 numen

563 5799 595 5848 .’
635 5799 797 5854 Hebr.
827 5813 885 5860 it.
929 5801 1006 5855 ιθ.
1091 5805 1130 5834 ¹⁰
1171 5803 1332 5860 Hebr.
1371 5821 1442 5862 ιχ.
1476 5805 1650 5859 ίέὃοὲὅ

2183 3335 2413 3407 σθαιτὴν
2430 3333 2708 3408 πρόσοδον,
2731 3335 2824 3389 καὶ
2841 3332 3386 3407 ἁποκαθαίρε[ι]σθαί
3410 3348 3584 3396 τινας·
3608 3331 3672 3384 τό
3703 3347 3769 3398 γε

2181 3428 2286 3502 μὴν
2309 3427 2526 3500 ἀληθὲς,
2545 3428 2713 3499 ἤγουν
2742 3428 2776 3498 ἡ
2801 3426 3046 3498 ἀλήθεια.
3074 3426 3284 3492 δέξεται
3317 3426 3534 3485 πάντως
3569 3443 3674 3478 που
3707 3425 3770 3476 τὸ

2177 3523 2422 3594 ἄμεινον,
2444 3519 2688 3574 τουτέστι
2719 3519 2780 3574 τὸ
2823 3522 2880 3573 ἐν
2927 3520 3117 3591 αἵματι
3176 3519 3251 3589 τῷ
3303 3519 3416 3589 ἰδίῳ
3446 3517 3604 3571 τοῦτο
3633 3515 3770 3588 δρᾷν

2177 3613 2555 3668 εἰσελαύνοντα
2592 3610 2683 3668 τὸν
2724 3610 2931 3686 Ἰησοῦν
2973 3614 3072 3666 οὐκ
3141 3613 3221 3676 εἰς
3262 3608 3600 3683 πρόσκαιρον
3646 3627 3770 3662 τινα

2178 3706 2271 3760 καὶ
2292 3703 2670 3777 χειροποίητον
2695 3705 2901 3774 σκηνὴν
2919 3702 3016 3774 τὴν
3050 3701 3124 3766 ώς
3161 3699 3266 3776 [ἐν]
3285 3703 3411 3776 σκιᾷ
3436 3705 3530 3754 καὶ
3551 3701 3765 3764 τύποις,

2176 3798 2292 3853 ἀλλ’
2332 3799 2422 3870 είς¹
2449 3795 2549 3869 τὴν
2595 3796 2708 3851 ἄνω
2741 3796 2838 3850 καὶ
2870 3795 3066 3867 ἀληθῆ,
3104 3796 3402 3858 τουτέστιν,
3443 3795 3522 3857 εἰς
3564 3794 3657 3846 τὸν
3685 3794 3766 3846 οὖς

2179 3891 2360 3964 ρανόν.
2380 3891 2614 3962 Ἀνάγκη
2641 3888 2773 3960 γὰρ,
2796 3889 2865 3942 τὰ
2897 3889 2995 3959 μὲν
3024 3887 3394 3960 ὑποδείγματα
3424 3886 3532 3938 τῶν
3563 3886 3619 3938 ἐν
3654 3889 3766 3950 τοῖς

2175 3985 2448 4056 οὐρανοῖς,
2477 3975 2687 4046 τούτοις
2708 3977 3124 4052 καθαρίζεσθαι.
3144 3980 3302 4051 δῆλον
3335 3979 3388 4033 δὲ
3419 3980 3500 4032 ὄτι
3526 3981 3643 4040 τοῖς
3675 3993 3765 4030 τυ-

2178 4075 2358 4138 πικοῖς
2411 4089 2469 4125 τε
2518 4072 2614 4126 καὶ
2662 4071 3001 4143 ἀλλοτρίοις·
3049 4071 3186 4124 αὺτὰ
3226 4070 3283 4124 δὲ
3335 4070 3403 4122 τὰ
3461 4068 3763 4139 ἐπουράνια

2178 4161 2450 4235 κρείττοσι
2496 4162 2711 4226 θυσίαις
2761 4162 2910 4235 παρὰ
2953 4161 3175 4225 ταύτας.
3207 4161 3476 4233 Ζητητέον
3518 4153 3613 4214 σῖν
3657 4159 3761 4230 ἄρα

2178 4253 2273 4308 καὶ
2303 4251 2618 4322 ἀναγκαίως
2648 4254 2705 4306 ἐν
2749 4250 2972 4324 Χριστῷ
3016 4252 3073 4305 τὸ
3116 4253 3362 4322 κρεῖττον
3391 4249 3423 4323 ἢ
3467 4250 3610 4305 κατά
3636 4250 3759 4312 τοὺς

2178 4347 2415 4412 τύπους·
2449 4345 2591 4419 φημὶ
2629 4345 2685 4410 δὲ
2723 4345 2782 4400 τὺ
2829 4343 3049 4416 ἀληθὲς,
3088 4345 3225 4415 ὅπερ
3264 4343 3415 4398 ἐστὶν
3471 4346 3528 4398 ὲν
3569 4344 3754 4413 αἵματ’

2179 4438 2254 4508 τῷ
2289 4438 2334 4492 ίδ
2341 4439 2421 4508 ίῳ.

2251 4529 2309 4580 Β.
2351 4519 2420 4582 Εὖ
2463 4527 2617 4600 ἔφης.

2252 4620 2316 4673 Α.
2343 4621 2560 4690 Ἐπειδῆ
2588 4620 2643 4674 δὲ
2682 4621 2780 4690 τὴν
2815 4617 3178 4690 ἀποστολικὴν
3211 4613 3623 4681 κατεξανιστᾶτι
3661 4614 3757 4687 dig-

2185 4723 2288 4776 σιν,
2315 4711 2390 4776 ὡς
2436 4713 2522 4764 ἐπ’
2550 4712 2838 4783 ἀνθρώπου
2880 4709 3059 4765 κοινοῦ
3102 4709 3596 4782 προενηνεγμένην,
3628 4710 3754 4781 φέρε

2182 4802 2430 4875 λέγωμεν
2455 4805 2664 4869 ἑλόντες
2692 4804 2786 4858 ἀπ’
2815 4803 2992 4875 ἀρχῆς
3015 4802 3122 4856 τῶν
3143 4803 3567 4874 γεγραμμένων,
3603 4800 3756 4872 μέχρι

2177 4895 2528 4968 καταλήξεως
2579 4896 2677 4967 τῆς
2727 4895 3061 4967 ἀποχρώσης
3105 4893 3184 4965 τῷ
3236 4893 3394 4964 λόγῳ.
3446 4891 3756 4962 Γέγραπται

2174 4989 2383 5043 τοίνυν·
2420 4987 2554 5042 «Τὸν
2584 4988 2641 5042 δὲ
2668 4987 2840 5060 βραχύ
2859 5007 2909 5042 τι
2940 4988 3078 5058 παρ’
3094 4985 3358 5056 ἀγγέλους
3381 4985 3758 5056 ἠλαττωμένον

2177 5078 2449 5151 βλέπομεν
2494 5079 2720 5148 Ἰησοῦν,
2751 5080 2838 5134 διὰ
2874 5081 2934 5134 τδ
2970 5081 3203 5150 πάθημα
3232 5080 3325 5134 τοῦ
3357 5079 3611 5139 θανάτου,
3631 5076 3756 5149 δόξῃ

2175 5171 2272 5225 καὶ
2313 5173 2446 5242 τιμῇ
2493 5169 2952 5240 ἐστεφανωμένον.
2967 5167 3215 5242 Ἐπρεπε
3260 5172 3367 5241 γὰρ
3401 5167 3572 5240 αὐτῷ,
3604 5167 3677 5222 δι’
3698 5170 3755 5221 ὃν

2180 5259 2250 5314 τὰ
2275 5261 2474 5324 πάντα,
2495 5260 2588 5314 καὶ
2608 5257 2675 5314 δι’
2696 5251 2756 5314 οὗ
2780 5260 2848 5313 τὰ
2870 5261 3064 5321 πάντα,
3088 5257 3315 5323 πολλοὺς
3333 5260 3484 5322 υἱοὺς
3504 5261 3581 5321 είς
3599 5258 3756 5325 δόξαν

2177 5350 2474 5420 ἀγαγόντα,
2523 5349 2617 5404 τὸν
2666 5349 2906 5422 ἀρχηγὸν
2955 5348 3051 5419 τῆς
3122 5349 3395 5420 σωτηρίας
3442 5347 3620 5403 αὐτῶν
3669 5345 3753 5400 διὰ

2181 5437 2523 5513 παθημάτων
2558 5442 2955 5497 τελειῶσαι.”υ
2992 5455 3051 5494 τε
3099 5441 3208 5512 γὰρ
3262 5438 3504 5508 ἁγιάζων
3568 5435 3660 5492 καὶ
3708 5441 3756 5491 οἱ

2181 5531 2553 5604 ἁγιαζόμενοι,
2581 5531 2639 5601 ἐξ
2670 5534 2788 5598 ἐνὸς
2827 5531 3061 5596 πάντες·
3107 5532 3175 5586 δι’
3214 5532 3280 5603 ἢν
3322 5532 3499 5585 αἰτίαν
3528 5530 3626 5584 οὒκ
3659 5529 3755 5582 ἐπ-

2180 5620 2486 5692 αισχῦνεται
2511 5619 2768 5692 ἀδελφοὺς
2791 5622 2986 5688 αὐτοὺς
3000 5619 3205 5688 καλεῖν,
3221 5617 3416 5688 λέγων·
3437 5617 3756 5687 Ἀπαγγελῶ
