4038 6580
349 426 482 483 i337

1468 440 1659 508 QUOD
1697 441 1885 498 UNUS
1925 439 2033 497 SIT
2071 442 2440 505 CHRISTUS.

3463 460 3621 518 1338‘

342 542 602 645 ¹ι’ὸόνομιίι
625 562 716 617 σου
737 550 850 613 τοῖς
879 548 1124 621 ἀδελφοῖς
1156 570 1281 624 μου.
1308 556 1417 611 Καὶ
1441 556 1631 611 πάλινο
1664 559 1795 613 Ἰδοὺ
1821 556 1927 628 ἐγὼ

2038 572 2188 615 tuum
2226 562 2487 623 fratribus
2528 568 2681 622 meis.
2710 566 2777 623 Et
2816 569 3012 626 iterum
3044 589 3059 626 :
3084 570 3228 629 Ecce
3249 588 3347 642 ego
3368 582 3419 630 et
3448 524 3597 645 pueri

344 637 439 689 καὶ
479 637 548 691 τὰ
589 638 800 704 παιδία,
838 641 874 694 ἆ
910 659 1000 712 μοι
1036 642 1237 698 ἔδωκεν
1279 644 1307 701 ὁ
1341 646 1667 711 Θεός.⁹Επεὶ
1712 644 1804 704 οὖν
1858 651 1924 704 τά

344 726 530 781 παιδία
564 728 958 801 κεκοινώνηκεν
977 733 1207 803 αἵματος
1237 737 1331 790 καὶ⁵
1368 740 1590 810 σαρκὸς,
1628 741 1724 795 καὶ
1762 741 1923 805 αὐτὸς

344 818 739 892 παραπλησίως
766 822 991 895 μετέσχε
1014 826 1121 879 τῶν
1144 827 1344 893 αὐτῶν,
1362 829 1448 882 ἴνα.
1468 830 1556 883 διὰ
1575 832 1667 884 τοῦ
1692 831 1921 884 Θανάτου

344 913 670 985 καταργήσῃ
710 913 801 967 τὸν
827 915 887 969 τὸ
914 917 1112 985 κράτος
1142 918 1332 989 ἔχοντα
1359 921 1453 973 τοῦ
1487 921 1742 983 θανάτου,
1767 937 1918 974 τουτ-

342 1002 480 1067 έστι,
507 1004 596 1057 τὸν
625 1004 892 1072 διάϐολον,
920 1010 1017 1062 καὶ
1046 1010 1331 1083 ἀπαλλάξῃ
1363 1013 1612 1076 τούτους,
1638 1015 1751 1067 ὅσοι
1774 1013 1924 1083 φόϐῳ

344 1096 575 1150 θανάτου
615 1097 702 1152 διὰ
740 1100 936 1164 παντὸς
979 1102 1071 1155 τοῦ
1112 1102 1215 1175 ζῇν
1260 1105 1435 1175 ἔνοχοι
1470 1102 1613 1177 ἦσαν
1655 1104 1921 1167 δουλείας.

343 1186 419 1245 Οὐ
455 1189 563 1261 γὰρ
595 1190 768 1261 δήπου
807 1193 1055 1261 ἀγγέλων
1093 1196 1544 1268 ἐπιλαμϐάνεται,
1584 1197 1719 1251 ἀλλὰ
1760 1197 1922 1268 σπέρο

347 1296 515 1352 ματος
549 1281 800 1353 Ἀϐραάμ
849 1286 1491 1355 ὲπιλαμϐάνεται.’¹Οθεν
1540 1287 1739 1358 ὤφειλε
1785 1289 1928 1342 κατά

346 1372 525 1424 πάντα
565 1376 679 1436 τοῖς
719 1374 967 1445 ἀδελφοῖς
1010 1378 1367 1448 ὁμοιωθῆναι.
1398 1397 1416 1430 ι
1456 1378 1587 1432 Ἰδοὺ
1635 1377 1763 1452 γὰρ,
1792 1378 1925 1445 ἰδοὺ,

344 1462 437 1515 καὶ
464 1464 610 1532 μάλα
647 1466 852 1535 σαφῶς,
878 1469 1218 1537 ἠλαττῶσθαι
1254 1471 1426 1538 λέγων
1449 1470 1611 1525 αὐτὸν
1634 1470 1784 1540 παρά
1803 1472 1925 1535 τοὺς

344 1553 611 1621 ἀγγέλους
652 1555 739 1608 διά
778 1557 839 1610 τὸ
880 1559 1110 1629 πάθημα
1147 1561 1240 1614 τοῦ
1277 1560 1533 1625 θανάτου,
1559 1560 1925 1631 κατεστέφθαι

344 1658 408 1714 γε
442 1647 546 1717 μὴν
571 1648 637 1700 δι’
665 1650 796 1703 αὐτὸ
826 1654 960 1722 τιμῇ
981 1667 1037 1705 τε
1064 1652 1157 1706 καὶ
1179 1653 1326 1726 δόξῃ,
1354 1654 1676 1724 καθίστησιν
1707 1654 1925 1724 ἐμφανῆ

344 1739 435 1791 τὸν
481 1740 566 1806 ἐφ’
599 1733 644 1807 ᾧ
691 1744 924 1797 ποιεῖται
978 1743 1107 1807 τοὺς
1147 1744 1362 1814 λόγους,
1391 1746 1551 1816 δῆλον
1600 1745 1658 1799 δὲ
1703 1747 1786 1800 ὅτι
1834 1745 1927 1799 τὸν

342 1829 644 1902 Μονογενῆ.
676 1834 1090 1904 Μετεσχηκέναι
1130 1836 1243 1906 γάρ
1293 1854 1458 1907 φησιν
1505 1837 1670 1891 αὐτὸν
1697 1837 1927 1906 αἵματος

342 1923 435 1975 καὶ
499 1924 701 1994 σαρκὸς
751 1926 1147 1997 παραπλησίως
1191 1931 1343 2000 ἡμῖν,
1392 1931 1487 1985 καὶ
1529 1931 1633 1984 οὐκ
1679 1928 1926 1998 ἀγγέλων

341 2014 696 2070 ἰπιλαεέσθαι
756 2017 995 2087 μᾶλλον.
1054 2019 1193 2073 ἀλλὰ
1267 2021 1582 2092 σπέρματος
1652 2021 1929 2094 ’Δσραάμη

346 2107 592 2175 "En-perte
641 2107 747 2179 γὰρ
795 2108 876 2180 τῷ
920 2109 1039 2181 Θεῷ
1079 2112 1172 2165 καὶ
1208 2113 1406 2183 Πατρὶ,
1432 2112 1500 2165 δι’
1525 2113 1589 2166 ὃν
1622 2113 1694 2167 τὰ
1723 2113 1926 2179 πάντα,

339 2196 435 2249 καὶ
467 2197 534 2251 δι’
564 2192 625 2252 οὗ
658 2199 727 2253 τὰ
752 2201 949 2263 πάντα,
987 2201 1321 2272 καθιγμένον
1350 2204 1429 2268 εις
1462 2206 1693 2257 κένωσιν
1723 2205 1817 2258 καὶ
1845 2204 1931 2256 tv»

339 2287 779 2362 ανθρωπὴσαντα
810 2291 901 2345 τὸν
928 2293 1077 2357 Υἰὸν,
1103 2294 1179 2358 ὡς
1209 2294 1306 2366 τὴν
1333 2294 1429 2348 τοῦ
1457 2295 1649 2350 δούλου
1693 2296 1929 2351 λαϐόντα

341 2382 578 2453 μορφὴν,
631 2383 917 2438 τελειῶσαι
967 2385 1056 2439 διά
1103 2385 1464 2456 παθημάτων,
1514 2388 1613 2459 τῆς
1668 2389 1929 2443 ἁπάντων

339 2474 486 2544 ζωῆς
512 2475 831 2547 ἀντίλυτρον
861 2477 962 2548 τὴν
998 2478 1134 2532 ίδίαν
1156 2478 1303 2549 αὐτῷ
1337 2478 1698 2550 καθιεροῦντα
1727 2481 1926 2552 σάρκα.

339 2567 572 2622 Τέθυται
593 2568 701 2640 γὰρ
721 2569 864 2642 ὑπὲρ
881 2570 1040 2639 ἡμῶν
1063 2572 1091 2624 ὁ
1110 2571 1363 2641 Χριστὸς,
1383 2570 1444 2625 τὸ
1463 2570 1695 2642 ἄμωμον
1713 2573 1929 2644 ἱερεῖον,

338 2663 434 2715 καὶ
471 2664 569 2734 μιᾷ
600 2665 888 2735 προσφορᾷ
937 2665 1291 2719 τετελείωκεν
1324 2667 1403 2729 εἰς
1434 2665 1496 2719 τὸ
1525 2666 1772 2736 διηνεκὲς
1803 2668 1929 2732 τοὺς

343 2753 733 2823 ἁγιαζομένους
758 2794 772 2817 ,
828 2756 1162 2827 ἀναμορφῶν
1212 2758 1293 2820 είς
1345 2756 1408 2811 τὸ
1476 2757 1535 2810 ὲν
1582 2757 1782 2827 ἀρχαῖς
1827 2757 1930 2828 τὴν

343 2845 625 2918 ἀνθρώπου
658 2847 840 2917 φύσιν.
869 2865 887 2899 ι
916 2849 1103 2902 Πάντα
1128 2849 1239 2919 γὰρ
1273 2851 1331 2903 ἐν
1370 2849 1518 2918 αὐτῷ
1541 2849 1727 2903 καινά.
1775 2850 1929 2902 »Ὅτι

341 2939 447 3010 γὰρ
486 2942 514 2993 ὁ
546 2939 678 3001 Θεὸς
719 2940 818 2994 καὶ
850 2941 1038 3013 Πατὴρ
1062 2941 1293 2995 δέδωκεν
1327 2941 1469 3014 ὑπὲρ
1496 2942 1653 3013 ἡμῶν
1678 2942 1768 2996 τὸν
1800 2943 1929 2996 ἴδιον

343 3032 488 3094 Υἱὸν,
514 3032 665 3087 οὐδὲν
693 3029 855 3105 ἦττον
880 3035 1029 3104 ἡμᾶς
1054 3033 1387 3088 πιστώσεται
1420 3036 1647 3104 γράφων
1678 3037 1705 3090 ὁ
1733 3035 1933 3089 πάνσοο

340 3139 439 3191 φος
479 3123 691 3188 Παῦλος
732 3126 861 3197 περὶ
899 3125 1086 3180 αὐτοῦ’
1124 3127 1255 3191 ι”Ος
1281 3144 1345 3196 γε
1374 3127 1467 3180 τοῦ
1506 3127 1639 3181 ἰδίου
1672 3125 1803 3180 Υἱοῦ
1829 3127 1930 3180 οὐκ

1958 1901 2001 1956 Β

2024 654 2153 719 mei,
2176 670 2313 723 quos
2327 658 2478 712 dedit
2493 658 2625 714 mihi
2651 658 2961 728 Deus.Qnia
2977 677 3107 731 ergo
3130 664 3279 731 pueri
3301 669 3602 723 communi-

2023 756 2279 801 caverunt
2299 748 2447 801 carni
2470 757 2527 801 et
2543 750 2814 820 sanguini,
2830 761 2885 806 et
2905 752 3019 819 ipse
3038 754 3291 809 similiter
3308 757 3598 827 participa-

2025 836 2099 888 vit
2114 836 2341 899 eisdem,
2361 850 2419 890 ut
2440 853 2537 907 per
2557 852 2784 894 mortem
2800 842 3105 898 destrueret
3120 858 3240 899 eum
3263 847 3351 915 qui
3372 846 3601 902 habebat

2024 926 2216 981 mortis
2244 928 2550 997 imperium,
2585 930 2638 984 id
2662 942 2767 994 est,
2807 932 3097 996 diabolum,
3128 945 3185 989 et
3225 936 3476 991 liberaret
3505 951 3602 993 eos

2023 1015 2113 1085 qui
2146 1019 2337 1075 timore
2384 1023 2576 1077 mortis
2626 1037 2721 1090 per
2758 1032 2924 1077 totam
2980 1025 3141 1079 vitam
3188 1027 3401 1082 obnoxii
3446 1039 3603 1085 erant

2024 1108 2291 1166 servituti.
2341 1109 2615 1181 Nusquam
2661 1115 2806 1168 enim
2840 1116 3059 1182 angelos
3100 1118 3472 1186 apprehendit.
3508 1121 3600 1175 sed

2025 1212 2205 1253 semen
2239 1201 2474 1257 Abrahae
2499 1207 2872 1273 apprehendit.
2909 1206 3062 1262 Unde
3090 1209 3274 1263 dehnit
3303 1226 3396 1275 per
3418 1212 3600 1265 omnia

2026 1288 2287 1348 fratribus
2308 1295 2597 1350 assimilari
2623 1297 2687 1351 “.
2722 1316 2747 1351 ι
2776 1296 2915 1353 Ecce
2944 1300 3114 1362 enim,
3141 1315 3290 1363 ecce,
3310 1310 3363 1354 et
3387 1302 3603 1370 quidem

2028 1382 2393 1451 apertissime.
2427 1400 2555 1438 cum
2584 1385 2736 1440 illum
2771 1388 2917 1443 dicat
2947 1390 3286 1443 imminutum
3311 1390 3379 1445 ab
3401 1392 3607 1459 angelis

2026 1483 2248 1541 propter
2290 1474 2843 1547 passionemmortis,
2889 1488 3048 1546 atque
3072 1479 3144 1534 ob
3190 1478 3244 1533 id
3286 1491 3605 1534 coronatum

2026 1577 2149 1619 esse
2177 1565 2348 1631 gloria
2392 1575 2447 1621 et
2492 1568 2718 1635 honore,
2762 1569 3047 1625 manifeste
3083 1570 3228 1625 illum
3273 1571 3512 1626 ostendit
3541 1566 3627 1624 de'

2027 1670 2135 1726 quo
2164 1658 2329 1711 verba
2375 1657 2525 1725 facit,
2570 1661 2825 1715 nimirum
2869 1662 3241 1733 Unigenitum.
3284 1662 3605 1732 Participcm

2027 1748 2173 1803 enim
2199 1750 2399 1805 factum
2431 1766 2550 1807 esse
2577 1753 2655 1807 ait
2683 1754 2865 1807 carnis
2894 1762 2949 1806 et
2979 1753 3264 1822 sanguinis
3288 1754 3510 1822 perinde
3542 1767 3610 1806 ac

2030 1856 2164 1907 nos;
2222 1850 2279 1897 et
2343 1859 2450 1898 non
2506 1845 2727 1915 angelos
2780 1846 3219 1913 apprehendisse,
3267 1846 3361 1901 sed
3420 1861 3617 1902 semen

2029 1932 2279 1988 Abraha'.
2323 1934 2557 1990 Deeebat
2609 1936 2753 1991 enim
2795 1937 2962 2007 Deum
2998 1952 3065 1991 ac
3116 1937 3352 2002 Patrem,
3389 1948 3608 2007 propter

2030 2040 2187 2095 quem
2229 2026 2436 2090 omnia,
2482 2037 2536 2082 et
2581 2043 2677 2096 per
2725 2043 2889 2098 quem
2928 2029 3151 2095 omnia,3
3176 2029 3369 2085 Filium
3427 2045 3606 2093 stium,

2033 2114 2196 2187 764
2229 2116 2322 2185 qui
2363 2116 2789 2170 exinanitionem
2824 2116 3085 2178 subierat,
3111 2126 3272 2185 atque
3298 2117 3615 2171 incarnatus

2029 2217 2167 2265 erat,
2195 2206 2365 2259 forma
2395 2204 2538 2260 servi
2565 2216 2809 2274 accepta,
2845 2219 3226 2260 consummare
3250 2220 3362 2276 per
3400 2204 3609 2276 passio-

2031 2315 2152 2362 nes,
2192 2306 2602 2354 consecrantem
2653 2306 2817 2368 atque
2869 2295 3188 2353 oli'erentem
3241 2311 3395 2351 suam
3444 2295 3613 2364 ipsius

2030 2405 2249 2445 carnem
2282 2389 2334 2443 in
2363 2390 2592 2457 pretium
2622 2388 3007 2456 redemptionis
3040 2388 3162 2441 vitae
3202 2387 3465 2441 omnium.
3502 2384 3611 2440 lm-

2031 2484 2259 2537 uiolatus
2288 2460 2434 2537 enim
2482 2488 2568 2535 est
2609 2494 2706 2549 pro
2756 2479 2914 2534 nobis
2959 2478 3210 2534 Christus
3263 2476 3612 2532 immaculata

2033 2576 2231 2637 hostia,
2260 2586 2422 2642 atque
2453 2572 2609 2627 unica
2632 2572 2911 2627 oblatione
2938 2573 3333 2626 consummavit
3364 2569 3416 2623 in
3451 2577 3613 2623 aeter-

2031 2682 2160 2722 num
2193 2665 2586 2730 sanctificatos,
2618 2665 2914 2720 humanam
2948 2672 3198 2717 naturam
3243 2660 3296 2715 in
3330 2660 3612 2730 pristinum

2032 2771 2236 2814 statum
2260 2757 2615 2814 reformansa
2629 2758 2819 2814 Omnia
2842 2756 2985 2811 enim
3008 2755 3062 2809 in
3088 2756 3202 2824 ipso
3216 2763 3340 2807 sunt
3358 2768 3496 2807 nova
3515 2755 3609 2805 ι’.»

2033 2856 2185 2924 Quod
2228 2855 2371 2910 enim
2417 2853 2560 2909 Deus
2601 2868 2664 2907 ac
2712 2851 2875 2906 Pater
2905 2849 3114 2909 dederit
3163 2862 3261 2917 pro
3301 2847 3456 2901 nobis
3492 2859 3615 2913 pro-

2032 2949 2208 3021 primu
2233 2963 2388 3002 suum
2418 2942 2639 3009 Filium,
2685 2942 2854 2999 nihilo
2877 2943 3058 2997 secius
3083 2939 3369 2995 conﬁrmat
3400 2935 3613 3003 sapien-

2035 3040 2282 3096 tissimus
2327 3038 2553 3101 Paulus,
2586 3036 2659 3090 ita
2696 3034 2765 3089 de
2813 3035 2927 3104 ipso
2967 3033 3211 3089 scribens
3252 3048 3269 3084 :
3311 3046 3334 3081 ι
3358 3028 3459 3094 Qui
3495 3042 3618 3094 pro-

2035 3132 2153 3198 prio
2190 3132 2326 3188 Filio
2362 3146 2465 3185 suo
2496 3146 2601 3185 non
2635 3128 2901 3199 pepercit,
2931 3125 3022 3181 sed
3054 3138 3154 3195 pro
3184 3121 3336 3177 nobis
3368 3120 3617 3174 omnibus

341 3213 619 3283 ἐφείσατο,
651 3214 764 3267 ἀλλ’
792 3215 931 3287 ὑπὲρ
962 3216 1120 3287 ἡμῶν
1167 3216 1424 3271 ἁπάντων
1464 3217 1779 3289 παρέδωκεν
1824 3218 1921 3271 αὒο

2033 3223 2256 3280 tradidit
2284 3222 2458 3286 illum,
2490 3220 2763 3289 quomodo
2793 3233 2899 3273 non
2934 3219 3101 3272 etiam
3132 3228 3254 3269 cum
3287 3211 3404 3282 ipso
3435 3211 3615 3264 omnia

339 3308 454 3368 τὸν,
488 3307 606 3371 πῶς
632 3308 753 3379 οὐχὶ
797 3310 892 3364 καί⁵
921 3310 1017 3363 σὺν
1047 3310 1197 3381 αὐτῷ
1224 3310 1295 3364 τὰ
1319 3311 1502 3383 ,πάντα
1532 3312 1666 3382 ἡμῖν
1705 3310 1927 3383 χαρίσεο

340 3416 462 3465 ταις
493 3419 513 3452 ι
543 3378 707 3454 ’Ὶδιον
750 3400 806 3453 δέ
859 3417 1039 3471 φαμεν
1071 3378 1201 3455 ml;
1244 3378 1340 3455 τοδ
1388 3378 1667 3465 θεοῦζὲδν
1706 3378 1791 3459 ἠέλι’
1828 3406 1928 3475 τῆς

341 3491 530 3556 οὐσίας
549 3491 711 3545 αὐτοῦ
745 3492 1025 3563 πεφηνότα
1047 3491 1220 3559 Λόγον
1240 3509 1254 3524 ’
1286 3492 1532 3547 δεδόσθαι
1559 3511 1623 3563 γε
1656 3497 1763 3567 μὴν
1791 3497 1930 3567 ὑπὲρ

341 3584 519 3655 ἡμῶν,
553 3586 613 3638 οὐ
643 3585 850 3655 γυμνὸν
895 3584 975 3637 ἐτι
1023 3586 1118 3639 καὶ
1158 3585 1423 3655 ἄσαρκον,
1458 3586 1576 3641 ἀλλ’
1599 3588 1688 3642 ὅτε
1738 3588 1928 3657 γέγονε

345 3676 515 3748 σάρξ⁶
561 3677 658 3729 και⁵
692 3676 753 3731 τὸ
788 3676 1047 3745 λέγεσθαι
1077 3676 1292 3742 παθεῖν,
1326 3677 1631 3749 ἀμώμητον
1660 3676 1728 3751 ἦν
1759 3680 1926 3751 αὐτῷ.

342 3768 587 3823 Ilia-cover.
623 3768 754 3841 γάρ,
780 3771 842 3822 οὐ
875 3770 1038 3841 φύσει
1074 3769 1349 3841 θεότητος,
1383 3771 1499 3824 ἀλλ’
1530 3772 1637 3843 ἰδίᾳ
1668 3774 1851 3843 σαρκί.
1873 3774 1930 3827 ’0

344 3859 452 3931 γάρ
493 3861 624 3925 Θεὸς
653 3863 748 3915 καὶ
782 3861 991 3933 Πατὴρ,
1020 3860 1275 3933 καθάπερ
1311 3861 1449 3931 ἔφην
1481 3862 1705 3933 ἀρτίως,
1736 3862 1827 3916 τὸν
1855 3864 1930 3934 μὴ

343 3952 539 4018 γνόντα
589 3951 884 4023 ἁμαρτίαν,
918 3952 1058 4024 ὑπὲρ
1108 3945 1267 4023 ἡμῶν
1320 3953 1598 4023 ἁμαρτίαν
1646 3954 1927 4026 ἐποίησεν,

343 4043 434 4097 ἵνα
459 4045 617 4113 ἡμεῖς
651 4042 937 4115 γενώμεθα
971 4046 1283 4117 δικαιοσύνη
1315 4045 1452 4100 Θεοῦ
1488 4048 1587 4101 σὺν
1618 4043 1931 4119 αὐτῷ.⁷Δρ’

343 4132 435 4189 οὗν
480 4136 752 4207 ἁμαρτίαν
779 4138 940 4192 αὐτὸν
970 4139 1223 4206 γενέσθαι
1259 4138 1487 4208 νοοῦμεν
1512 4156 1527 4204 ;
1553 4139 1587 4210 ἢ
1614 4139 1696 4193 ὅτι
1731 4139 1932 4210 μᾶλλω

345 4226 601 4297 ὡμοιώθη
646 4232 756 4293 τοῖς
804 4230 908 4283 ὑπὸ
938 4232 1231 4303 ἁμαρτίαν,
1265 4232 1525 4302 ταύτῃτοι
1564 4232 1659 4286 καί
1687 4233 1931 4305 ἁμαρτία

346 4322 560 4389 λέγεται
582 4340 597 4386 ;

417 4415 478 4471 Β.
508 4415 712 4485 Ὀρθῶς
751 4416 904 4487 ἔφης.
1902 4456 1905 4457 ν

416 4511 481 4561 Δ.
497 4509 710 4579 Ὥσπερ
729 4505 822 4562 οὖν
848 4509 943 4563 τὸν
967 4509 1041 4581 μὴ
1066 4510 1263 4578 γνόντα
1290 4511 1591 4583 ἁμαρτίαν,
1615 4513 1755 4584 ὑπὲρ
1777 4515 1930 4586 ἡμῶν

2030 3316 2187 3372 nobis
2216 3313 2473 3384 largietur
2495 3311 2563 3364 l’?
2593 3329 2611 3362 ι
2642 3308 2927 3377 Proprium
2953 3316 3133 3360 autem
3162 3302 3393 3357 dicitnns
3424 3299 3614 3354 Filium

2030 3408 2149 3471 Dei,
2193 3404 2430 3460 Verbum
2478 3419 2543 3458 ex
2598 3401 2770 3472 ipsius
2817 3397 3054 3454 essentia
3106 3395 3343 3466 genitum
3391 3394 3615 3473 :datum

2031 3511 2160 3552 vero
2186 3511 2305 3551 esse
2329 3512 2424 3565 pro
2447 3494 2628 3559 nobis,
2657 3507 2760 3546 non
2786 3491 2988 3545 nudum
3014 3498 3068 3543 et
3094 3487 3274 3541 carnis
3299 3494 3575 3553 expertem
3597 3523 3616 3551 ,

2031 3589 2125 3645 sed
2155 3588 2373 3659 quando
2421 3586 2598 3641 factus
2625 3594 2707 3639 est
2739 3598 2887 3637 caro.
2918 3580 2983 3635 Et
3012 3579 3155 3650 quod
3185 3578 3386 3633 dicitur
3428 3589 3618 3643 passus

2029 3696 2174 3747 esse,
2206 3678 2341 3734 nihil
2372 3677 2681 3734 detrimenti
2727 3674 2830 3742 ipsi
2878 3672 3055 3727 all'ert.
3103 3668 3299 3725 Passus
3343 3666 3489 3722 enim
3536 3675 3619 3721 est

2033 3790 2142 3827 non
2196 3780 2387 3825 natura
2435 3769 2755 3833 divinitatis,
2808 3767 2901 3821 sed
2956 3762 3173 3833 propria
3229 3774 3413 3815 carne.
3477 3758 3619 3811 Deus

2031 3866 2176 3920 enim
2208 3878 2272 3917 ac
2306 3860 2488 3923 Pater,
2517 3859 2658 3915 sicut
2693 3858 2854 3912 modo
2878 3856 3012 3923 dixi,
3043 3869 3166 3908 eum
3200 3853 3290 3924 qui
3336 3867 3441 3905 non
3470 3851 3619 3905 novit

2033 3966 2342 4028 peccatum,
2364 3968 2462 4022 pro
2486 3950 2641 4006 nobis
2665 3958 2942 4021 peccatum
2975 3948 3125 4011 fecit,
3151 3955 3208 4000 ut
3242 3959 3338 3999 nos
3366 3944 3619 3997 lieremus

2016 4046 2237 4118 .justitia
2268 4044 2363 4099 Dei
2391 4058 2513 4099 cum
2538 4042 2657 4112 ipso
2683 4038 2747 4094 “.
2772 4038 2962 4093 Nonne
2985 4052 3113 4091 vero
3140 4036 3300 4089 etiam
3335 4039 3614 4102 peccatum

2036 4141 2237 4195 factum
2271 4151 2395 4193 esse
2417 4135 2593 4205 ipsum
2628 4130 2899 4186 dicimus?
2941 4138 3035 4182 aut
3062 4128 3184 4198 quia
3220 4126 3402 4197 petius
3423 4124 3619 4180 similis

2035 4230 2208 4285 laetus
2256 4239 2340 4285 est
2398 4226 2463 4282 iis
2511 4223 2603 4296 qui
2648 4221 2869 4277 obnoxii
2919 4229 3076 4275 erant
3123 4228 3366 4291 peccato,
3418 4216 3618 4272 idcirco

2032 4323 2197 4377 etiam
2225 4329 2507 4389 peccatum
2551 4314 2792 4372 dicitur?

2102 4413 2163 4467 B.
2212 4414 2380 4467 [tecte
2406 4411 2509 4468 ais.

2103 4508 2173 4564 Δ.
2213 4503 2673 4574 Quemadmodum
2711 4500 2875 4571 igitur
2907 4512 3029 4551 eum
3053 4497 3142 4566 qui
3178 4511 3281 4550 non
3318 4495 3466 4549 novit
3494 4507 3617 4565 pee-

345 4601 620 4673 ἁμαρτίαν
652 4601 931 4672 εποίησεν,
961 4602 1050 4657 ἵνα
1082 4603 1243 4673 ἡμεῖς
1285 4603 1576 4676 γενώμεθα
1610 4584 1923 4679 δικαιοσύνη

2031 4608 2212 4654 catum
2246 4610 2344 4666 pro
2392 4594 2550 4649 nobis
2598 4601 2879 4661 peccatum
2922 4588 3073 4654 fecit,
3115 4595 3173 4639 ut
3223 4599 3319 4639 nos
3365 4584 3617 4638 lieremus

345 4693 480 4747 Θεοῦ
532 4695 589 4747 ἂν
636 4693 784 4763 αὐτῷ
834 4694 1195 4764 (δεδικαίωται
1234 4698 1344 4768 γὰρ
1377 4700 1409 4769 ἡ
1439 4698 1729 4769 ἀνθρώπου
1762 4701 1926 4769 φύσις

344 4788 405 4841 ἐν
426 4788 618 4858 αὑτῷγ
648 4787 794 4841 οὕτω
820 4786 915 4841 τὸν
939 4789 1040 4842 οὐκ
1064 4788 1245 4843 είδότα
1266 4789 1496 4845 θάνατον
1520 4791 1656 4864 (ζωὴ
1680 4792 1791 4863 γάρ
1812 4796 1927 4848 ἔστι

347 4882 437 4934 καὶ
466 4880 731 4945 ζωοτωιὸς
759 4882 789 4934 ὸ
817 4880 1032 4949 Λόγος),
1074 4883 1239 4953 σαρκὶ
1273 4883 1465 4937 παθεῖν
1492 4886 1928 4956 παρεσκεύασεν,

345 4974 448 5038 ἕξω
503 4975 763 5044 μείναντα
807 4973 902 5028 τοῦ
953 4974 1170 5038 παθεῖν,
1216 4975 1352 5029 καθὸ
1402 4979 1606 5030 νοεῖται
1647 4977 1803 5041 Θεὸς,
1842 4978 1928 5032 ἵνα

350 5066 505 5134 ἡμεῖς
551 5065 803 5136 ζήσωμεν
845 5066 912 5121 δι’
942 5067 1108 5120 αὑτοῦ
1150 5082 1208 5121 τε
1250 5069 1343 5121 καὶ
1386 5071 1444 5121 ὲν
1494 5068 1663 5139 αὐτῷ.
1700 5069 1791 5124 Διὸ
1833 5071 1928 5124 καὶ

345 5154 598 5225 ὁμοίωμα
617 5154 849 5210 θανάτου
894 5156 954 5210 τὸ
980 5155 1217 5227 Χριστοῦ
1261 5156 1431 5220 πάθος
1463 5157 1793 5228 ὠνόμασται.
1829 5159 1929 5213 Γό-

324 5302 327 5305 V
352 5262 590 5317 γραπται
611 5242 723 5301 οὖν’
750 5248 841 5301 ιΕί
872 5247 981 5318 γὰρ
1014 5247 1284 5318 σύμφυτοι
1302 5249 1607 5319 γεγόναμεν
1630 5249 1707 5317 τῷ
1723 5249 1923 5320 ὁμοιώ-

346 5355 475 5407 ματι
517 5338 611 5392 τοῦ
673 5338 905 5394 θανάτου
928 5339 1118 5403 αὑτοῦ,
1144 5340 1278 5395 ἀλλά
1311 5341 1406 5395 καὶ
1434 5341 1533 5411 τῆς
1574 5341 1925 5407 ἀναστάσεως

348 5430 601 5500 ἐσόμεθα.
633 5449 654 5481 ι
672 5428 810 5498 Ἔζη
843 5432 953 5503 γάρ
982 5432 1014 5483 δ
1042 5432 1210 5500 Λόγος
1244 5433 1338 5487 καὶ
1367 5432 1670 5504 γενομένης
1694 5433 1924 5488 θανάτου

354 5523 439 5589 τῆς
472 5520 628 5588 ἁγίας
660 5519 828 5573 αὑτοῦ
855 5522 1078 5590 σαρκὸς,
1108 5522 1173 5574 ἶν’
1200 5522 1524 5593 ἡττηθέντος
1549 5523 1808 5590 θανάτου,
1832 5525 1928 5579 καὶ

350 5629 415 5664 πε
426 5628 566 5681 πατη
576 5610 743 5680 μένης
766 5612 863 5681 τῆς
896 5612 1124 5683 φθορᾶς,
1144 5616 1179 5683 ἡ
1206 5615 1305 5687 τῆς
1326 5616 1679 5682 ἀναστάσεως
1701 5615 1927 5688 δύναμις

351 5702 424 5761 είς
456 5698 600 5752 ἅπαν
630 5699 855 5770 ἔρχηται
885 5701 947 5752 τὸ
979 5699 1320 5772 ἀνθρώπινον
1360 5705 1534 5773 γένος.
1554 5705 1777 5778 Ἀληθὲς
1797 5706 1924 5780 γὰρ,

2018 4688 2231 4763 justitia
2254 4687 2345 4742 Dei
2369 4685 2422 4741 in
2448 4685 2562 4755 ipso
2582 4682 2889 4755 (iustificata
2920 4679 3064 4734 enim
3088 4686 3171 4732 est
3202 4678 3437 4732 humana
3462 4682 3616 4729 natu-

2014 4788 2164 4843 rain
2198 4781 2336 4854 Ipso)
2361 4798 2376 4836 :
2401 4781 2472 4835 ita
2501 4793 2622 4831 eum
2647 4776 2737 4845 qui
2766 4790 2872 4829 non
2894 4772 3048 4827 novit
3070 4769 3448 4836 mortem(vita
3468 4767 3612 4823 enim

2028 4892 2111 4936 est
2137 4888 2193 4935 et
2219 4874 2495 4930 viviﬁcaris
2526 4867 2801 4935 Verbum)
2837 4881 3003 4921 carne
3037 4863 3145 4933 pati
3186 4862 3447 4934 permisit,
3478 4875 3611 4947 cum

2028 4973 2263 5033 interea,
2293 4975 2562 5038 quatenus
2587 4971 2671 5017 est
2714 4962 2873 5024 Deus,
2913 4972 2942 5011 a
2973 4956 3225 5028 passione
3266 4953 3400 5006 liber
3429 4961 3610 5015 esset;

2035 5074 2093 5120 ut
2130 5062 2384 5117 nimirum
2422 5071 2521 5112 nos
2553 5055 2796 5108 vivamus
2829 5064 2925 5120 per
2968 5049 3139 5117 ipsum
3171 5054 3227 5099 et
3272 5044 3324 5098 in
3364 5045 3499 5113 ipso.
3531 5040 3613 5095 ld-

2010 5157 2186 5213 .cirro
2213 5164 2267 5207 et
2293 5148 2593 5206 similitudo
2618 5144 2829 5205 mortis,
2857 5140 3061 5196 Christi
3086 5138 3265 5206 passio
3295 5145 3482 5189 vocata
3508 5142 3611 5188 esl.

2038 5246 2311 5316 Scriptum
2352 5243 2533 5311 itaque
2561 5248 2643 5293 est
2688 5254 2704 5293 :
2752 5254 2770 5287 ι
2802 5234 2858 5288 Si
2896 5231 3039 5286 enim
3090 5226 3440 5298 complautati
3485 5222 3611 5280 facti

2006 5355 2216 5403 .sumus
2245 5333 2583 5391 similitudini
2616 5329 2806 5385 mortis
2831 5327 2972 5395 ejus.
2998 5322 3156 5378 simul
3181 5333 3236 5376 et
3259 5318 3610 5375 resurrectio-

2024 5434 2110 5489 nis
2139 5429 2346 5485 erimus
2373 5424 2437 5477 ”.
2477 5441 2496 5474 ι
2534 5418 2764 5475 Vivebat
2794 5416 2939 5471 enim
2976 5412 3236 5475 Verbum,
3272 5424 3393 5464 cum
3425 5415 3609 5463 sancta

2028 5521 2200 5593 ipsius
2239 5530 2369 5572 caro
2400 5521 2629 5567 mortem
2668 5508 2885 5572 obiret;
2931 5514 3011 5571 ut,
3068 5511 3316 5593 superata
3359 5510 3531 5593 morte
3558 5506 3609 5593 et

2027 5590 2345 5687 proculcato
2380 5603 2624 5666 interitu,
2669 5595 3089 5656 resurrectionis
3128 5592 3209 5649 vis
3233 5607 3314 5690 ac
3359 5590 3607 5690 virtusin

2006 5682 2342 5767 tuniversnm
2373 5713 2543 5771 genus
2576 5696 2873 5753 humanum
2908 5688 3186 5745 transiret.
3233 5682 3428 5739 Verum
3465 5682 3606 5737 enim

421 5882 458 5911 “
507 5878 665 5933 llehr.
704 5898 762 5944 ιι,
804 5872 957 5935 9-H.
1040 5877 1080 5911 ¹’
1123 5878 1159 5933 ll
1202 5881 1327 5937 Cor.
1358 5883 1528 5944 v.17.
1616 5885 1655 5916 ⁸³
1699 5881 1855 5936 Rata.
1902 5896 1927 5933 v

2053 5878 2139 5934 δί’..
2225 5878 2265 5910 ⁸⁸
2309 5875 2346 5932 ΙΙ
2387 5875 2507 5931 Cor.
2551 5890 2600 5937 ν,
2629 5872 2718 5931 21.
2758 5918 2764 5925 .
2801 5870 2839 5901 ’⁵
2868 5867 3021 5921 “om.
3063 5882 3132 5926 ιι,
3174 5863 3221 5915 .‘S.
