4038 6548
451 414 594 476 1359

1430 415 1488 476 S.
1532 420 1806 477 CYRILLI
1846 422 2321 482 ALEXANDRINI
2365 426 2668 486 ARCHIEP
2723 496 2729 502 ,

3587 432 3739 488 1360

446 545 551 601 est,
572 533 717 606 quod
739 531 1192 604 quemadmodum
1221 534 1275 588 in
1298 532 1467 590 Adam
1487 549 1678 593 omnes
1699 539 2027 607 moriuntur,

2147 545 2215 598 5τι
2246 545 2434 620 ὥσπερ
2460 548 2517 602 ὲν
2538 546 2616 619 τῷ
2648 545 2821 620 ’Δδάμ
2848 547 3048 612 πάντες
3070 545 3531 620 ἀποθνήσκουσιν,
3551 547 3740 613 οὕτως

449 628 524 683 ita
556 635 613 682 et
652 625 704 680 lu
735 624 956 681 Christo
985 638 1176 681 omnes
1207 624 1571 681 viviﬁcantur.
1603 627 1883 699 Siquidem
1925 648 2033 703 quo

447 727 609 786 pacto
636 717 874 785 adjutam
903 716 1071 773 fuisse
1101 718 1477 774 censuerimus
1507 720 1746 776 hominis
1779 733 2030 781 naturain

446 823 545 879 per
573 809 889 879 mysterium
916 809 1414 869 administrationis
1439 812 1717 886 Unigeniti
1750 818 1804 873 in
1826 820 2031 887 'carne,

449 899 550 954 nisi
598 898 741 954 Deus
788 901 1059 955 exsistens
1097 899 1352 972 Verbum,
1403 907 1605 962 factum
1642 918 1725 963 est
1766 911 1933 966 caro?
1981 924 2037 969 et

450 992 553 1047 nisi
591 991 809 1047 demisit
850 993 1086 1063 seipsum
1132 996 1199 1051 ad
1228 998 1673 1066 exinanitionem,
1707 1012 1761 1058 et
1795 1016 2033 1060 nostram

451 1093 697 1138 naturam
711 1086 1027 1155 assumpsit,
1050 1088 1141 1155 qui
1164 1097 1246 1142 est
1270 1102 1434 1159 super
1448 1105 1664 1146 omnem
1685 1095 2036 1150 creaturam?

451 1176 555 1232 nisi
592 1192 791 1246 corpus
819 1176 1023 1232 factum
1054 1188 1137 1233 est
1161 1178 1307 1245 vita,
1335 1179 1386 1234 id
1415 1180 1561 1251 quod
1603 1182 1764 1254 765
1794 1184 2036 1241 interitni

450 1269 744 1323 obnoxium
793 1279 949 1335 erat,
999 1278 1058 1323 ut
1107 1279 1280 1325 morte
1326 1280 1489 1343 atque
1525 1274 1748 1329 interitu
1787 1278 2037 1347 superius

450 1360 688 1414 evadat?
716 1357 891 1431 Ipsum
920 1360 1106 1431 itaque
1138 1358 1375 1417 Verbum
1412 1378 1479 1419 ex
1514 1364 1623 1421 Deo
1657 1366 1838 1437 Patre,
1872 1384 2037 1425 carne

452 1460 668 1521 propter
695 1466 792 1506 nos
825 1467 1041 1521 passum
1067 1467 1190 1509 esse
1215 1453 1467 1512 dicimus.

521 1541 582 1598 Β.
627 1539 884 1598 Omnino.

523 1636 588 1691 Α.
632 1634 910 1705 Siquidem
946 1651 1131 1691 verum
1160 1647 1243 1693 est
1284 1640 1431 1709 quod
1462 1640 1669 1698 Paulus
1705 1643 1771 1698 de
1803 1646 1921 1716 ipso
1956 1647 2037 1701 di-

454 1729 566 1783 cit:
607 1747 626 1780 ι
660 1727 760 1795 Qui
801 1737 885 1784 est
924 1729 1102 1799 imago
1148 1728 1242 1786 Dei
1283 1732 1596 1799 invisibilis,
1636 1737 2035 1808 primogenitus

454 1820 635 1876 omnis
659 1827 945 1883 creaturae,
982 1822 1106 1891 quia
1136 1823 1188 1878 in
1218 1823 1338 1893 ipso
1360 1837 1543 1883 creata
1578 1840 1705 1884 sunt
1737 1833 1919 1886 omnia
1952 1834 2033 1887 vi-

2138 640 2232 692 καὶ
2281 640 2339 692 ὲν
2390 638 2470 710 τῷ
2516 638 2739 711 Χριστῷ
2780 638 2979 703 πάντες
3012 637 3532 709 ζωοποιηθήσονται.
3574 638 3740 691 Ἐπεὶ

2135 729 2260 783 τίνα
2285 731 2487 801 τρόπον
2524 728 2715 802 ὀνῆσαί
2748 746 2933 801 φαμεν
2960 729 3060 801 τὴν
3087 727 3374 802 ἀνθρώπου
3408 729 3595 800 φύσιν,
3628 728 3741 800 τῆς

2142 822 2281 893 μετά
2329 821 2533 894 σαρκὸς
2571 822 2887 894 οίκονομίας
2923 820 3018 876 τοῦ
3060 821 3403 890 Μονογενοῦς
3428 820 3493 874 τὸ
3522 823 3741 891 μυστήο

2143 930 2273 985 ριον,
2313 915 2361 966 εί
2403 913 2479 984 μὴ
2526 913 2659 977 Θεὸς
2699 912 2777 966 ὢν
2814 913 2843 965 6
2885 912 3054 979 Λόγος
3097 911 3288 982 γέγονε
3326 910 3501 983 σάρξς
3552 912 3605 964 εί
3653 911 3740 981 μὴ

2140 1006 2383 1076 καθῆκεν
2417 1005 2609 1060 ἑαυτὸν
2641 1008 2721 1069 εἰς
2753 1004 3004 1067 κένωσιν,
3037 1004 3132 1058 καὶ
3158 1004 3641 1074 καταπεφοίτηκεν
3673 1004 3743 1054 ἐν

2138 1098 2251 1160 τοῖς
2295 1094 2418 1149 καθ’
2449 1095 2598 1165 ἡμᾶς
2643 1094 2672 1146 6
2715 1094 2857 1164 ὑπὲρ
2907 1094 3092 1146 πᾶσαν
3137 1094 3237 1164 τὴν
3289 1092 3508 1159 κτίσιν;
3553 1092 3605 1145 εί
3655 1091 3742 1162 μὴ

2141 1186 2302 1256 σῶμα
2331 1185 2520 1256 γέγονε
2543 1185 2691 1255 ζωῆς
2713 1185 2773 1238 τὸ
2805 1184 2909 1238 ὑπὸ
2934 1182 3159 1256 φθορὰν,
3195 1185 3282 1238 ἴνα
3310 1184 3537 1255 γένηται
3564 1183 3743 1239 θανάο

2138 1295 2235 1333 του
2265 1279 2410 1349 πέρα
2444 1277 2540 1332 καὶ
2582 1276 2828 1347 φθορᾶς;
2861 1277 3033 1330 Αὑτὸν
3064 1278 3164 1330 ούκ
3196 1276 3305 1347 ἄρα
3337 1277 3520 1346 φαμὲν
3548 1277 3645 1330 τὸν
3670 1278 3746 1330 ὲκ

2139 1371 2272 1427 Θεοῦ
2309 1371 2523 1443 Πατρὺς
2543 1370 2737 1439 Λόγον,
2769 1369 2936 1442 σαρκὶ
2966 1366 3160 1422 παθεῖν
3182 1368 3248 1421 δι’
3272 1369 3439 1440 ἡμᾶς.

2209 1546 2272 1601 B.
2312 1544 2463 1598 Πάνυ
2505 1541 2606 1614 μὲν
2642 1534 2757 1595 οὖν.

2210 1640 2273 1692 Α.
2318 1638 2492 1707 Εἴπερ
2536 1635 2685 1689 ἐστὶν
2726 1630 2934 1705 ἀληθὴς
2958 1633 2988 1685 6
3015 1628 3227 1693 Παῦλος
3258 1627 3431 1696 λέγων
3466 1624 3601 1697 περὶ
3632 1623 3740 1678 a6—

2138 1729 2255 1795 τοῦ,
2288 1730 2417 1794 ι”Ος
2448 1732 2595 1782 ἐστιν
2622 1725 2787 1781 είκὼν
2815 1724 2911 1779 τοῦ
2938 1722 3075 1777 Θεοῦ
3104 1721 3201 1775 τοῦ
3228 1722 3483 1791 ἀοράτου,
3515 1718 3741 1788 πρωτό-

2138 1837 2299 1884 τοκος
2331 1820 2514 1891 πάσης
2547 1819 2800 1882 κτίσεως,
2824 1818 2905 1871 δτι
2936 1818 2995 1870 ὲν
3021 1814 3172 1886 αὐτῷ
3191 1811 3414 1883 ἐκτίσθη
3438 1808 3509 1864 τά
3531 1810 3739 1872 πάντα,

452 1912 630 1967 sibilia
654 1922 709 1967 et
730 1913 1045 1979 invisibilia,
1066 1916 1180 1970 sive
1204 1916 1432 1981 Throni,
1462 1919 1577 1974 sive
1597 1919 2030 1991 Dominationes,

2147 1915 2208 1970 τὰ
2234 1913 2406 1986 ὁρατά
2434 1912 2530 1967 καὶ
2562 1910 2632 1965 τά
2660 1911 2889 1981 ἀόρατα,
2925 1908 3035 1962 εἴτε
3065 1906 3280 1980 Θρόνοι,
3317 1904 3428 1958 εἴτε
3458 1903 3743 1991 Κυριὸτηξ-

452 2005 568 2058 sive
610 2003 934 2071 Potestates,
966 2009 1148 2062 omnia
1180 2023 1277 2079 per
1309 2010 1484 2081 ipsum
1523 2021 1578 2067 et
1615 2014 1667 2068 in
1702 2014 1820 2083 ipso
1854 2026 2039 2073 creata

454 2100 617 2157 sunt;
659 2102 715 2147 et
766 2094 880 2164 ipse
928 2106 1012 2151 est
1066 2106 1192 2153 ante
1236 2114 1450 2168 omnes,
1479 2109 1533 2156 et
1584 2105 1766 2159 omnia
1818 2106 1871 2160 in
1927 2107 2042 2177 ipso

464 2193 739 2251 constant,
773 2195 828 2241 et
874 2187 988 2257 ipse
1019 2201 1103 2243 est
1146 2200 1308 2262 caput
1342 2196 1593 2265 corporis
1635 2196 1910 2262 Ecclesiae,
1949 2199 2041 2270 qui

456 2283 537 2330 est
573 2275 930 2348 principium,
963 2280 1360 2352 pritnogenitus
1400 2297 1465 2340 ex
1506 2288 1759 2354 mortuis,
1796 2300 1852 2343 ut
1884 2291 1955 2346 sit
1983 2291 2038 2346 in

455 2368 710 2424 omnibus
761 2369 879 2439 ipse
931 2373 1221 2441 primatum
1279 2386 1468 2432 tenens
1512 2378 1582 2437 “.
1652 2399 1672 2435 ι
1741 2380 1879 2438 Ecce
1934 2399 2042 2453 quo

458 2472 636 2528 pacto,
665 2471 718 2518 et
757 2463 973 2533 quidem
1007 2468 1377 2537 apertissime,
1418 2471 1710 2544 imaginem
1756 2475 2042 2534 invisibilis

460 2552 575 2617 Dei,
607 2555 1026 2626 primogenitum
1056 2560 1238 2615 omnis
1268 2572 1553 2631 creaturae,
1586 2566 1817 2622 visibilis
1860 2579 1915 2624 et
1955 2570 2040 2625 itt-

457 2644 705 2710 visibilis,
729 2661 828 2715 per
866 2661 1027 2717 quem
1070 2651 1276 2717 omnia,
1301 2662 1356 2707 et
1400 2654 1454 2709 in
1495 2670 1604 2727 quo
1645 2661 1852 2727 omnia,
1879 2670 2040 2730 caput

456 2737 641 2791 datum
670 2752 792 2794 esse
813 2736 1071 2796 Ecclesia:
1100 2742 1298 2812 inquit,
1327 2760 1447 2802 esse
1476 2763 1604 2803 vero
1637 2750 1800 2805 etiam
1832 2752 2037 2821 primo-

432 2830 694 2899 genitum
746 2845 812 2886 ex
862 2832 1113 2889 mortuis.
1157 2835 1382 2907 Propria
1433 2840 1578 2894 enim
1625 2842 1727 2896 sibi
1776 2842 1924 2909 fecit,
1980 2852 2040 2900 ut

456 2920 588 2985 dixi,
621 2934 682 2976 ea
731 2935 853 2992 quae
876 2924 1061 2978 carnis
1092 2939 1205 2980 sua:
1256 2935 1422 2994 sunt;
1472 2940 1814 3001 mortemque
1851 2933 2035 3000 subiit,

457 3010 748 3079 ignominia
787 3022 1123 3082 contempta.
1162 3014 1351 3087 Neque
1390 3018 1536 3074 enim
1582 3021 1904 3091 simpliciter
1939 3024 2038 3081 ho-

458 3103 681 3169 minem,
746 3106 838 3176 qui
898 3105 1284 3175 conjunctione
1331 3124 1455 3166 cum
1517 3112 1633 3181 ipso
1695 3114 1878 3171 nescio
1930 3130 2038 3187 quo

458 3198 618 3251 modo
652 3196 941 3254 decoratus
978 3210 1144 3265 esset,
1180 3215 1278 3271 pro
1313 3202 1470 3258 nobis
1503 3203 1685 3260 datum
1733 3221 1854 3261 esse
1899 3207 2035 3264 diei-

2140 2023 2254 2072 τες,
2294 2003 2405 2059 εἴτε
2439 2002 2652 2073 ’Δρχαὶ,
2686 2000 2797 2055 εἴτε
2836 1998 3128 2065 Ἐξουσίαι,
3156 1997 3226 2051 τὰ
3254 1996 3433 2051 πάντα
3459 1996 3529 2048 δι’
3562 1990 3742 2047 αὑτοῦ

2141 2099 2235 2153 καὶ
2268 2100 2347 2161 είς
2372 2096 2535 2151 αύτὸν
2556 2094 2823 2148 ἔκτισται.
2855 2093 2966 2146 Καὶ
2996 2089 3159 2155 αύτός
3190 2091 3307 2144 ἐστι
3334 2088 3443 2159 πρὸ
3483 2088 3737 2149 πάντων,

2142 2192 2237 2247 καὶ
2264 2191 2334 2244 τὰ
2372 2189 2553 2243 πάντα
2581 2190 2639 2242 ἑν
2664 2186 2813 2258 αὐτῷ
2844 2184 3164 2256 συνέστηκε,
3203 2186 3298 2236 καὶ
3324 2180 3489 2245 αὐτός
3518 2182 3673 2232 ἐστιν
3701 2179 3739 2248 ἡ

2142 2284 2353 2355 κεφαλὴ
2382 2281 2476 2336 τοῦ
2512 2279 2764 2351 σώματος
2799 2280 2899 2350 τῆς
2916 2275 3269 2349 Ἑκκλησίας,
3299 2274 3357 2338 ὃς
3385 2275 3533 2326 ἐστιν
3564 2269 3738 2342 ἀρχὴ.

2143 2375 2489 2451 πρωτότοκος
2535 2372 2601 2427 ἐκ
2643 2369 2750 2425 τῶν
2792 2368 3025 2441 νεκρῶν,
3056 2368 3145 2421 ῖνα
3188 2365 3416 2436 γένηται
3462 2363 3523 2415 ὲν
3564 2361 3743 2451 πᾶσιν

2142 2450 2303 2532 αύτὸς
2341 2464 2661 2539 πρωτεύων.
2693 2483 2711 2516 ι
2752 2462 2881 2516 Ἰδοὺ
2917 2460 3047 2533 γὰρ,
3083 2457 3192 2514 ἰδοὺ
3223 2456 3412 2526 σαφῶς
3444 2453 3540 2508 καὶ
3563 2450 3737 2524 μάλα,

2140 2560 2240 2631 τὴν
2264 2559 2452 2612 εἰκόνα
2483 2556 2578 2610 τοῦ
2607 2554 2840 2626 ἀοράτου
2866 2550 3026 2617 Θεοῦ,
3056 2550 3151 2604 τὸν
3180 2547 3526 2622 πρωτότοκον
3553 2545 3739 2613 πάσης

2142 2650 2391 2713 κτίσεως,
2428 2647 2630 2720 ὁρατῆς
2673 2663 2734 2699 τε
2778 2646 2874 2699 καὶ
2920 2644 3181 2715 ἀοράτου,
3212 2641 3279 2694 δι’
3303 2633 3365 2694 οῦ
3413 2639 3482 2692 τὰ
3527 2635 3740 2697 πάντα,

2142 2744 2237 2798 καὶ
2274 2745 2332 2798 ὲν
2365 2737 2410 2812 ᾧ
2439 2741 2511 2794 τὰ
2540 2740 2742 2805 πάντα,
2766 2735 3013 2807 κεφαλὴν
3049 2732 3297 2788 δεδόσθαι
3327 2734 3391 2804 τῇ
3436 2727 3745 2799 Ἐκκλησία

2141 2835 2326 2907 φησὶν,
2361 2830 2502 2888 εἶναι
2533 2833 2590 2886 δὲ
2612 2832 2708 2885 καὶ
2736 2832 2801 2885 ὲκ
2828 2827 3041 2901 νεκρῶν
3069 2826 3440 2897 πρωτότοκον.
3480 2819 3737 2877 υίκειοῦ-

2138 2944 2228 2981 ται
2263 2925 2394 2996 γὰρ,
2429 2924 2507 2989 ὡς
2550 2924 2709 2995 ἔφην,
2740 2922 2810 2976 τὰ
2854 2921 2954 2993 τῆς
3002 2917 3199 2973 ἑαυτοῦ
3250 2914 3474 2988 σαρκὸς,
3503 2912 3600 2967 καὶ
3632 2911 3741 2965 ὐπ-

2140 3023 2324 3094 ἐμεινε
2378 3020 2649 3092 σταυρὸν,
2697 3015 2962 3088 αἰσχύνης
3006 3012 3454 3084 καταφρονήσας.
3497 3007 3576 3062 06
3628 3006 3744 3094 τάξ

2138 3093 2428 3185 ἄνθρωπον
2466 3109 2675 3175 ἁπλῶς,
2709 3107 2974 3178 συναφείᾳ
3016 3109 3084 3177 τῇ
3129 3104 3269 3177 πρὸς
3304 3101 3466 3156 αὑτὸν
3509 3099 3614 3154 ούκ
3641 3093 3727 3151 all

2139 3208 2289 3268 ὅπως
2322 3202 2708 3275 τετιμημένον,
2739 3200 2884 3271 ὑπὲρ
2921 3197 3077 3272 ἡμῶν
3103 3195 3352 3251 δεδόσθαι
3380 3193 3585 3265 φαμὲν,
3620 3190 3744 3246 ἀλλ’

460 3306 622 3347 mus:
665 3292 761 3347 sed
793 3301 877 3347 est
925 3292 1041 3363 ipse
1081 3293 1343 3352 Dominus
1379 3296 1565 3367 gloriae
1607 3299 1701 3369 qui
1747 3300 2041 3357 crucifixus

2147 3298 2296 3352 ἐστιν
2338 3296 2502 3360 αὐτὸς
2546 3295 2576 3348 6
2622 3293 2723 3364 τῆς
2769 3291 2928 3362 δόξης
2974 3289 3198 3362 Κύριος,
3232 3290 3262 3341 6
3292 3284 3740 3357 ἐσταυρωμένος.

458 3390 561 3437 est.
597 3398 618 3433 ι
655 3377 711 3435 Si
742 3382 885 3437 enim
921 3385 1323 3453 cognovissent,
1363 3386 1557 3457 inquit,
1583 3403 1689 3442 non
1728 3390 1911 3459 utique
1943 3392 2047 3446 Do-

460 3473 667 3528 minum
697 3473 879 3545 gloriae
900 3476 1302 3533 cruciﬁxissent
1328 3479 1394 3533 ".
1440 3497 1459 3531 ι
1506 3478 1710 3535 Passus
1743 3492 1922 3537 autem
1963 3491 2047 3539 est

462 3575 682 3634 propter
714 3581 811 3621 nos
846 3574 902 3620 et
939 3581 1036 3635 pro
1063 3569 1218 3624 nobis
1247 3583 1432 3635 carne,
1465 3572 1758 3626 secundum
1803 3573 2045 3644 Scriptu-

462 3670 553 3709 ras
576 3655 641 3720 ⁸⁸,
669 3674 688 3707 ι
712 3656 814 3724 Qui
838 3658 1137 3713 secundum
1165 3674 1386 3715 carnem
1415 3675 1478 3716 ex
1508 3661 1708 3717 ludatis
1736 3672 1839 3728 est,
1858 3666 2049 3735 quiest

462 3762 626 3817 super
648 3762 836 3805 omnes
860 3748 1026 3813 Deus,
1044 3759 1100 3806 et
1134 3751 1453 3808 benedictus
1480 3754 1531 3807 in
1559 3753 1777 3818 saecula,
1799 3756 1990 3810 Amen.
2022 3775 2040 3809 ›

463 3841 537 3894 Ita
567 3841 714 3896 enim
749 3844 967 3918 scripsit
1000 3859 1175 3915 praeco
1206 3854 1262 3901 et
1292 3846 1591 3915 apostolus,
1618 3848 1821 3917 quique
1853 3849 2033 3918 ipsum

464 3933 517 3988 in
562 3950 621 3990 se
665 3916 939 3992 Citristnm
981 3937 1205 4003 habuit,
1258 3916 1665 3996 saeratissimus
1714 3916 1934 3998 Paulus.
1977 3945 2051 3997 At

463 4039 594 4080 vero
641 4025 743 4081 hoc
795 4027 926 4082 mihi
968 4040 1231 4099 praeterea
1284 4029 1451 4086 dicito
1490 4048 1504 4086 :
1542 4034 1814 4104 quomodo
1848 4033 2049 4094 intelli-

463 4127 591 4186 gant
616 4118 742 4171 illud
775 4120 918 4188 quod
941 4135 969 4173 a
1002 4121 1221 4177 Christo
1244 4123 1310 4177 ad
1335 4123 1615 4180 mulierem
1643 4125 2046 4183 Samaritanan

465 4210 667 4264 dictum
700 4222 821 4266 est:
855 4230 875 4264 ι
907 4210 1018 4269 Vos
1056 4215 1298 4271 adoratis
1326 4217 1471 4286 quod
1498 4218 1755 4285 nescitis,
1787 4234 1885 4275 nos
1949 4220 2049 4275 ad-

463 4316 689 4357 oramus
717 4303 859 4371 quod
881 4303 1106 4372 scimus,
1128 4307 1253 4378 quia
1298 4308 1445 4364 salus
1472 4324 1537 4364 ex
1572 4307 1773 4365 Judasis
1805 4318 1887 4365 est
1918 4310 1984 4366 ¹⁹.
2020 4327 2042 4363 ι

466 4392 635 4461 Atqui
684 4394 915 4449 salvavit
943 4411 1064 4464 nos,
1096 4414 1200 4454 non
1238 4400 1468 4470 legatus,
1510 4415 1616 4457 non
1663 4402 1909 4471 angelus,
1953 4401 2050 4458 sed

467 4486 583 4554 ipse
616 4484 918 4554 Dominus;
969 4504 1073 4544 non
1110 4490 1284 4547 aliena
1323 4502 1527 4554 morte.
1572 4502 1627 4548 et
1671 4493 1943 4551 communi
1984 4508 2051 4551 ac

2153 3406 2174 3440 ι
2205 3388 2267 3441 El
2313 3385 2421 3458 γὰρ
2466 3385 2734 3454 ἔγνωσαν,
2767 3385 2952 3453 φησιν,
2982 3383 3084 3435 οὐκ
3128 3382 3192 3434 ἂν
3242 3380 3333 3432 τὸν
3378 3377 3587 3449 Κύριον
3638 3378 3745 3445 τῆς

2146 3480 2305 3549 δόξης
2345 3476 2723 3549 ἐσταύρωσαν.
2753 3495 2771 3528 ι
2804 3472 3045 3529 Πέπονθε
3088 3472 3145 3526 δὲ
3190 3471 3257 3526 δι’
3296 3471 3443 3543 ἡμᾶς
3474 3469 3569 3522 καὶ
3598 3468 3745 3536 ὑπὲρ

2148 3570 2307 3642 ἡμῶν
2355 3569 2541 3640 σαρκὶ,
2588 3566 2731 3621 κατά
2769 3569 2869 3628 τὰς
2907 3564 3147 3636 Γραφὰς,
3190 3582 3207 3613 ι
3243 3564 3271 3615 6
3301 3560 3441 3616 κατὰ
3467 3560 3652 3632 σάρκα
3685 3558 3746 3622 ἑξ

2160 3662 2453 3727 Ἰουδαίων,
2482 3660 2512 3711 6
2556 3661 2631 3713 ὢν
2672 3660 2765 3712 ἐπὶ
2796 3658 3004 3721 πάντας
3032 3656 3186 3722 Θεὸς,
3218 3654 3310 3708 καὶ
3338 3651 3630 3722 εὐλογητὸς
3662 3653 3746 3714 εἰς

2146 3757 2273 3819 τοὺς
2306 3754 2532 3816 αἰῶνας.
2582 3751 2775 3822 Ἀμήν.
2798 3768 2817 3801 ι
2857 3748 3111 3820 Γέγραφε
3148 3748 3260 3818 γὰρ
3288 3745 3405 3808 ὡδὶ,
3431 3742 3614 3814 κῆρυξ
3644 3744 3743 3797 καὶ

2150 3846 2449 3911 ἀπόστολος
2472 3844 2569 3908 ὣν,
2598 3843 2694 3899 καὶ
2724 3840 2890 3896 αύτδν
2909 3841 3050 3911 ἔχων
3082 3844 3138 3894 ὲν
3168 3838 3345 3910 ὲαυτῷ
3364 3839 3456 3892 τὸν
3479 3838 3742 3910 Χριστὸν,

2148 3943 2179 3996 6
2231 3937 2525 4012 ἱερώτατος
2575 3936 2809 3999 Παῦλος.
2858 3932 3039 4006 Φράξε
3081 3931 3139 3987 δέ
3195 3948 3284 4005 μοι
3327 3932 3553 3986 κάκεῖνο
3603 3930 3746 4001 πρὸς

2148 4031 2381 4095 τούτοις,
2416 4028 2536 4094 πῶς
2561 4028 2627 4083 ἂν
2656 4030 2865 4081 συνεῖεν
2911 4027 2973 4079 τὸ
3016 4026 3307 4097 εἰρημένον
3355 4024 3459 4077 ὑπὸ
3500 4022 3744 4095 Χριστοῦ

2150 4125 2289 4198 πρὸς
2316 4125 2416 4194 τὴν
2449 4125 2514 4178 ὲκ
2550 4124 2649 4193 τῆς
2683 4120 2996 4194 Σαμαρείας
3020 4121 3274 4189 γυναῖκα·
3309 4137 3328 4170 ι
3349 4117 3542 4189 Ὑμεῖς
3569 4132 3743 4187 προσο

2150 4221 2362 4273 κυνεῖτε
2386 4217 2415 4269 ὃ
2434 4218 2534 4270 οὐκ
2552 4215 2751 4280 οἴδατε,
2779 4215 2942 4286 ἡμεῖς
2992 4210 3407 4285 προσκυνοῦμεν
3438 4210 3468 4263 ὃ
3494 4210 3739 4280 οἴδαμεν,

2150 4311 2233 4366 ὅτι
2265 4312 2299 4382 ἡ
2334 4308 2581 4381 σωτηρία
2602 4309 2667 4362 ὲκ
2693 4306 2804 4362 τῶν
2836 4304 3106 4360 Ἰουδαίων
3134 4304 3273 4361 ἐστι.
3296 4322 3315 4357 ι
3341 4302 3538 4358 Καίτοι
3566 4303 3743 4356 cietu-

2152 4419 2249 4457 κεν
2294 4402 2466 4473 ἡμᾶς,
2499 4401 2561 4454 ού
2610 4399 2871 4473 πρέσϐυς,
2904 4398 3006 4452 οὐκ
3058 4396 3311 4466 ἄγγελος,
3354 4394 3470 4451 ἀλλ’
3499 4395 3663 4459 αὐτὸς
3713 4396 3744 4447 6

2153 4494 2385 4567 Κύριος,
2416 4494 2520 4547 οὐκ
2546 4491 2815 4564 ἀλλοτρίῳ
2843 4489 3084 4562 θανάτῳ,
3115 4488 3213 4545 καὶ
3240 4487 3529 4560 ἀνθρώπου
3556 4486 3742 4542 κοινοῦ

466 4577 674 4648 vulgari
720 4580 951 4648 quodam
987 4581 1206 4639 homine
1252 4583 1641 4651 intercedente,
1684 4585 1779 4642 sed
1829 4587 2042 4659 proprio

2157 4586 2559 4659 μεσιτεύοντος,
2605 4584 2722 4640 ἀλλ’
2768 4584 2963 4655 αἵματι
3016 4581 3097 4653 τῷ
3142 4582 3278 4654 ἰδίῳ.
3325 4580 3595 4653 Ταύτῃτοι
3645 4581 3746 4634 καὶ

466 4684 568 4725 suo
590 4672 871 4740 sanguine.
902 4672 1132 4737 Idcirco,
1167 4685 1220 4731 et
1260 4677 1454 4732 merito
1475 4678 1788 4743 admodum,
1826 4681 2042 4751 sapien-

2158 4679 2305 4753 μάλα
2334 4678 2563 4741 εἰκότως
2604 4680 2634 4731 6
2678 4677 2952 4745 πάνσοφος
2993 4673 3101 4746 ἔφη
3131 4673 3363 4738 Παῦλοςσ
3399 4692 3418 4725 ι
3442 4671 3746 4740 Ἀθετήσας

469 4761 709 4817 tissimus
751 4762 952 4819 Paulus
979 4765 1193 4838 inquit:
1243 4786 1263 4820 ι
1301 4768 1517 4823 lrritam
1564 4771 1686 4839 quis
1723 4772 1929 4828 faciens
1971 4773 2048 4830 le-

465 4869 586 4924 gem
612 4853 804 4924 Moysi,
831 4856 952 4913 sine
980 4860 1086 4914 ulla
1110 4860 1461 4917 miseratione
1500 4863 1712 4919 duobus
1758 4866 1841 4920 vel
1872 4868 2047 4924 tribus

467 4948 697 5005 testibus
747 4951 1017 5009 moritur:
1075 4963 1277 5023 quanto
1315 4957 1486 5023 magis
1532 4958 1735 5028 putatis
1775 4959 2045 5016 deteriora

467 5041 661 5096 mereri
683 5042 980 5113 supplicia,
1015 5047 1105 5115 qui
1148 5046 1340 5101 Filium
1392 5047 1485 5104 Dei
1527 5050 1945 5118 conculcaverit,
1993 5062 2048 5108 et

466 5134 782 5205 sanguinem
819 5138 1129 5193 testamenti
1172 5154 1511 5196 communem
1557 5142 1808 5210 duxerit,
1840 5152 1894 5198 et
1927 5142 2049 5212 Spi-

469 5225 630 5281 ritum
663 5227 851 5297 gratim
882 5230 1211 5286 contumelia
1246 5229 1513 5301 ai'fecerit,
1565 5234 1619 5289 in
1669 5251 1778 5306 quo
1800 5236 2047 5291 sanctifi-

471 5329 626 5376 catus
649 5329 733 5376 est
761 5320 855 5376 “?
888 5340 907 5375 ι
944 5322 1105 5392 Atqui
1140 5325 1183 5378 si
1217 5333 1301 5380 est
1343 5340 1451 5381 non
1495 5325 1763 5382 incantati
1815 5327 1925 5383 veri
1961 5325 2055 5383 Fi-

469 5413 525 5468 lii
562 5416 898 5470 venerandus
928 5415 1172 5486 sanguis,
1209 5417 1303 5471 sed
1339 5418 1519 5487 potius
1554 5420 1724 5489 spurii
1770 5419 2052 5490 cujusdam

472 5507 673 5561 diversi
709 5507 775 5561 ab
806 5508 946 5578 ipso,
966 5512 1169 5579 quique
1195 5524 1288 5580 per
1313 5513 1545 5582 gratiam
1578 5514 1630 5566 in
1664 5510 1859 5567 Filium
1892 5511 2057 5583 766

416 5582 420 5586 δ
474 5598 540 5652 sit
573 5597 876 5668 adoptatus,
912 5602 1183 5671 quomodo
1219 5617 1326 5656 non
1358 5618 1703 5660 communem
1751 5604 1900 5660 illum
1933 5582 2056 5659 esse

473 5689 731 5748 censenti
753 5689 1008 5758 Proinde,
1043 5696 1256 5752 tametsi
1290 5695 1505 5752 dicatur
1554 5697 1665 5769 pati
1702 5710 1884 5763 carne,
1927 5709 2052 5766 per-

2153 4788 2237 4835 τις
2262 4771 2427 4841 νόμον
2460 4767 2726 4831 Μωσέως,
2795 4767 2966 4837 χωρὶς
3021 4765 3327 4838 οἰκτιρμῶν
3369 4764 3462 4818 ἐπὶ
3507 4764 3665 4817 δυσίν
3709 4765 3743 4833 ἦ

2152 4863 2301 4936 τρισὶ
2345 4862 2612 4934 μάρτυσιν
2650 4860 3016 4937 ἀποθνήσκειο
3054 4859 3207 4929 πόσῳ
3250 4858 3456 4912 δοκεῖτε
3499 4858 3747 4930 χείρονος

2155 4955 2520 5028 ἀξιωθήσεται
2545 4952 2815 5024 τιμωρίας
2842 4953 2870 5005 6
2890 4952 2982 5007 τὸν
3015 4952 3145 5007 Υἱδν
3195 4950 3289 5007 τοῦ
3315 4949 3452 5005 Θεοῦ
3487 4967 3735 5005 καταπαο

2154 5050 2350 5121 τήσας,
2398 5048 2494 5102 καὶ
2543 5046 2605 5100 τὸ
2653 5041 2794 5118 αἷμα
2842 5047 2941 5117 τῆς
2992 5046 3215 5120 χάριτος
3259 5045 3548 5116 ἐνυϐρίσας
3591 5047 3650 5099 ἐν
3700 5037 3748 5110 ᾧ

2155 5140 2424 5213 ὴγιάσθης
2453 5159 2471 5190 ι
2513 5137 2653 5191 Ἀλλ’
2682 5139 2841 5210 εἴπερ
2887 5138 3039 5193 ἐστὶν
3083 5138 3183 5192 οὐκ
3221 5137 3745 5209 ὲνανθρωπήσαντος

2160 5232 2361 5305 μᾶλλον
2406 5228 2502 5285 τοῦ
2552 5228 2696 5283 κατὰ
2727 5227 2991 5299 ἀλήθειαν
3041 5225 3175 5281 Υίοῦ
3229 5226 3290 5280 τὸ
3339 5225 3520 5297 τίμιον
3560 5219 3703 5296 αἷμα
3732 5267 3746 5289 ,

2150 5326 2309 5381 νόθου
2356 5325 2414 5379 δέ
2463 5340 2609 5387 τινος
2658 5321 2789 5393 παρ’
2814 5322 2977 5376 αὑτὸν
3022 5321 3236 5392 ἑτέρου,
3272 5320 3367 5374 καὶ
3411 5321 3598 5390 χάριτι
3644 5318 3747 5387 τὴν

2151 5415 2424 5472 υἱοθεσίαν
2454 5414 2689 5485 ἔχοντος·
2724 5411 2842 5475 πῶς
2873 5412 2936 5466 ού
2971 5411 3149 5467 κοινὸν
3175 5406 3317 5465 εἷναί
3346 5426 3511 5479 φασιν
3535 5409 3705 5462 αὐτόν
3730 5425 3747 5472 ;

2152 5508 2382 5573 Οὐκοῦν,
2417 5506 2521 5561 κᾶν
2566 5509 2616 5560 si
2657 5505 2867 5576 λέγοιτο
2911 5504 3106 5560 παθεῖν
3145 5505 3332 5575 σαρκὶ,
3361 5504 3611 5574 τηρεῖται
3652 5502 3747 5553 καὶ

2150 5600 2296 5656 οὕτω
2331 5601 2393 5656 τὸ
2422 5600 2634 5666 ἀπαθὲς
2666 5597 2838 5671 αὐτῷ,
2871 5599 3008 5654 καθὸ
3036 5601 3237 5653 νοεῖται
3267 5598 3421 5662 Θεός.
3450 5596 3747 5665 Τοιγάρτοι

2154 5694 2289 5766 φησὶ
2336 5695 2430 5749 καὶ
2478 5693 2508 5747 6
2556 5692 2845 5757 θεσπέσιος
2885 5693 3115 5764 Πέτροςο
3153 5691 3307 5745 «Ὅτι
3334 5688 3571 5761 Χριστὸς
3598 5687 3745 5754 ἅπαξ

551 5851 594 5883 ⁸⁸
633 5850 843 5907 Coluss.
870 5869 907 5921 ι,
940 5850 1126 5909 1548.
1202 5854 1243 5885 ιτ
1283 5850 1303 5907 1
1340 5852 1465 5909 Cur.
1501 5870 1557 5921 ll,
1599 5855 1653 5908 8.
1708 5856 1773 5895 ιη
1813 5853 1831 5910 l
1872 5852 2016 5910 l‘ctr.

2162 5852 2207 5906 l.
2289 5852 2329 5882 “’
2368 5849 2522 5906 Junii.
2562 5867 2634 5916 tv,
2662 5850 2751 5904 2‘2.
2833 5850 2879 5881 "
2920 5848 3083 5904 Hebr.
3114 5863 3165 5916 ι,
3191 5847 3278 5902 29.
