4038 6552
279 436 410 492 ιδιι

1409 427 1594 494 QUOD
1636 423 1819 483 UNUS
1858 423 1967 480 SIT
2005 421 2373 480 CHRISTUS.

3415 424 3552 498 tm

279 551 422 620 ὑπὲρ
475 545 760 619 ἁμαρτιῶν
802 545 931 617 περὶ
958 543 1116 615 ἡμῶν
1159 542 1418 606 ἀπέθανε,
1463 543 1673 606 δίκαιος
1718 539 1858 614 ὑπὲρ

1963 550 2146 596 manet
2195 549 2374 594 tamen
2420 539 2582 594 etiam
2639 553 2741 594 nec
2793 547 2951 610 pacto
2996 553 3195 610 expers
3239 542 3548 608 passionis.

278 639 500 704 ἀδίκων,
525 638 614 692 ἶνα
635 638 783 708 ἡμᾶς
807 634 1134 709 προσαγάγῃ
1155 634 1650 706 Θεῷ,ιθανατωθεὶς
1671 634 1858 706 σαρκὶ,

277 727 633 801 ζωοποιηθεὶς
669 728 728 782 δὲ
759 726 1052 798 πνεύματι.
1085 745 1104 778 ι
1125 726 1372 780 Ἀνθότου
1419 724 1548 796 γὰρ,
1585 724 1718 796 φαίη
1768 726 1857 792 ἂν,

275 819 450 892 οἶμαι,
477 822 582 888 τὶς,
612 819 710 890 οὐχ
735 818 922 883 ἁπλῶς
948 819 981 890 ἢ
1009 819 1328 890 ἀδιορίστως
1349 818 1454 891 ἔφη
1481 819 1675 872 παθεῖν
1697 816 1860 872 αὐτὸν

274 915 306 967 6
333 911 799 983 πνευματοφόρος,
817 909 1361 984 προσεπήνεγκείδὲ],
1378 910 1450 979 τῇ
1472 911 1656 978 σαρκί
1671 927 1689 974 ;
1705 910 1858 982 ’ᾙδει

275 1005 550 1076 γὰρ,ᾕδει
602 1002 734 1076 ’περὶ⁵
783 1002 919 1057 Θεοῦ
965 1003 1161 1072 λέγων’
1219 1003 1496 1070 τοιγάρτοι
1542 1001 1604 1054 τὸ
1649 999 1860 1064 ἀπαθὲς

277 1097 715 1169 προσνενέμηκεν
739 1096 906 1167 αὐτῷ,
924 1096 1059 1151 καθὸ
1079 1097 1278 1150 νοεῖται
1295 1095 1447 1160 Θεὸς,
1466 1093 1859 1164 εὐτεχνέστατα

276 1188 659 1260 προσενεγκὼν
697 1188 772 1259 τῇ
814 1189 1014 1260 σαρκί,
1047 1189 1174 1261 περὶ
1204 1189 1271 1259 ἢν
1298 1187 1365 1244 ἂν
1396 1187 1606 1257 γένοιτο
1658 1186 1718 1240 τὸ
1747 1203 1856 1240 πα-

273 1281 408 1335 Θεῖν.

342 1546 402 1602 Β.
435 1546 574 1600 Ἀλλ’
598 1547 834 1601 ἐοικέναι
866 1547 1000 1616 φασί⁵
1032 1546 1407 1619 τερατολογίᾳ,
1437 1547 1532 1600 καὶ
1557 1547 1854 1601 ἀπονεῦσαι

267 1638 388 1693 λίαν
424 1639 503 1702 είς
529 1638 588 1692 τὸ
617 1638 898 1697 ἀπιθάνως
926 1638 1066 1709 ἔχον,
1092 1637 1154 1691 τὸ
1195 1639 1391 1710 χρῆναι
1417 1637 1617 1706 λέγειν,
1639 1637 1730 1691 τὸν
1755 1636 1855 1690 αὑ-

267 1731 359 1783 τὸν
393 1729 488 1784 καὶ
525 1730 718 1784 παθεῖν
761 1730 854 1783 καὶ
900 1729 974 1800 μὴ
1022 1729 1313 1784 παθεῖν.Ἦ
1345 1730 1453 1799 γὰρ
1487 1731 1624 1794 ὅλως
1658 1731 1718 1784 οὐ
1756 1731 1854 1783 πέ-

270 1824 463 1877 πονθεν
478 1823 554 1886 ὡς
577 1823 731 1888 Θεὸς,
762 1823 820 1894 ἢ,
844 1825 895 1878 εί
918 1821 1245 1878 πεπονθέναι
1271 1823 1508 1892 λέγεται,
1537 1823 1652 1888 πῶς
1679 1825 1745 1878 ἂν
1767 1825 1853 1896 εἴη

266 1915 435 1980 Θεός;
490 1916 700 1970 Οὐκοῦν
729 1916 758 1968 6
789 1914 976 1971 παθὼν
1022 1917 1180 1970 vocis"
1214 1915 1280 1970 ἂν
1319 1918 1480 1987 μόνος
1525 1917 1554 1969 6
1585 1916 1650 1970 ὲκ
1689 1915 1856 1988 σπέρ-
1886 1897 1928 1951 Β

269 2022 438 2076 ματος
476 2005 570 2058 τοῦ
610 2006 791 2061 Δαδίδ.

337 2192 399 2241 Λ.
416 2186 611 2241 Καίτοι
629 2186 745 2251 πῶς
761 2187 861 2241 οὐκ
875 2187 1140 2259 ἀδρανοῦς
1157 2187 1400 2252 διανοίας
1416 2187 1640 2260 ἔλεγχος
1658 2189 1746 2259 είη
1764 2189 1851 2255 ἂν,

266 2277 361 2331 καὶ
378 2275 526 2346 μάιλα
540 2277 739 2348 σαφὴς,
754 2278 815 2332 τὸ
829 2278 987 2331 ταυτὶ
1006 2279 1070 2350 δὴ
1089 2278 1277 2348 φάναι,
1298 2282 1390 2333 καί⁵
1406 2281 1514 2352 μὴν
1533 2281 1627 2334 καὶ
1638 2281 1855 2336 ἑλέσθαι

266 2374 514 2442 φρονεῖνς
541 2371 617 2424 Οὐ
638 2370 747 2442 γὰρ
767 2373 944 2426 κοινὸν
968 2373 1251 2444 ἄνθρωπον
1279 2374 1512 2429 δέδωκεν
1536 2376 1677 2447 ὑπὲρ
1700 2375 1856 2447 ἡμῶν

264 2466 292 2515 ὁ
319 2462 451 2527 Θεὸς
474 2463 569 2517 καὶ
596 2463 808 2535 Πατὴρ,
841 2465 917 2530 ὼς
951 2466 1010 2518 ὲν
1042 2466 1267 2535 μεσίτου
1294 2467 1446 2532 τάξει
1475 2467 1858 2539 παρειλημμέ-

265 2572 376 2619 νον,
414 2557 507 2610 καὶ
546 2555 931 2612 κατάπλαστον
953 2557 1144 2629 ἔχοντα
1164 2560 1265 2631 τὴν
1286 2560 1383 2630 τῆς
1406 2560 1653 2632 υίότητος
1674 2562 1852 2627 δόξαν,

265 2648 364 2700 καὶ
377 2651 599 2719 σχετικῇ
619 2650 880 2721 συναφείᾳ
896 2649 1276 2722 τετιμημένον,
1290 2651 1405 2705 ἀλλ’
1426 2654 1482 2705 ἐν
1498 2651 1628 2707 εῖδει
1643 2653 1721 2724 τῷ
1734 2653 1854 2708 καθ’

264 2741 434 2806 ἡμᾶς,
457 2739 526 2791 δι’
550 2742 697 2811 ἡμᾶς
726 2741 1009 2809 γεγονότα,
1037 2741 1129 2796 τὸν
1161 2742 1300 2813 ὑπὲρ
1323 2745 1502 2796 πᾶσαν
1527 2743 1626 2815 τὴν
1654 2745 1853 2810 κτίσιν,

264 2831 358 2882 τὸν
389 2831 452 2884 ὲκ
483 2833 584 2901 τῆς
629 2830 820 2895 οὐσίας
861 2832 1029 2886 αὑτοῦ
1079 2833 1356 2903 πεφηνότα
1401 2835 1596 2903 Λόγον,
1626 2835 1712 2890 ἴνα
1762 2835 1857 2890 καὶ

260 2919 439 2992 ὁρῷτο
484 2921 584 2992 τῆς
631 2922 888 2977 ἁπάντων
917 2923 1062 2995 ζωῆς
1085 2923 1524 2990 ἁντάξιος.Ἔστι
1563 2927 1640 2992 δὲ,
1673 2921 1854 2997 οἶμαι,

262 3013 376 3073 τῶν
423 3012 545 3067 λίαν
592 3013 1012 3080 ὲκτοπωτάτων,
1045 3017 1247 3087 σαρκὸς
1296 3017 1438 3071 κατὰ
1486 3018 1583 3081 τὰς
1633 3019 1856 3090 Γραφάς

263 3112 573 3182 γεγονότος,
608 3106 686 3178 ὡς
732 3106 891 3183 ἔφην,
924 3107 1018 3160 τοῦ
1068 3109 1431 3178 Μονογενοῠς,
1473 3111 1567 3164 καὶ
1605 3111 1706 3165 οὐκ
1750 3113 1855 3165 ἀπ-

263 3201 598 3269 αξιώσαντος
630 3204 729 3274 τὴν
757 3197 1094 3268 οἰκονομίαν,
1128 3203 1413 3273 μονονουχὶ
1458 3203 1550 3256 καὶ
1595 3203 1855 3274 ἐπιτιμᾷν

263 3295 416 3367 αὐτῷ
444 3313 562 3358 πως
589 3299 654 3366 τῇ
689 3296 793 3367 ίδίᾳ
817 3296 944 3367 δόξῃ
983 3293 1385 3368 μεμαχημένῳ,
1421 3294 1515 3348 καὶ
1553 3297 1716 3366 σαρκὶ
1751 3314 1855 3350 πα-

264 3391 379 3444 θεῖν
412 3390 564 3460 παρὰ
598 3390 660 3443 τὸ
705 3390 851 3454 εἰκὸς
884 3390 1143 3461 ἑλομένῳ.
1163 3390 1303 3444 Ἀλλ’
1331 3387 1420 3464 ἦν,
1457 3382 1502 3445 ὦ
1529 3391 1762 3460 γενναῖε,
1793 3392 1855 3448 τὸ

265 3481 458 3553 χρῆμα
481 3483 746 3551 σωτήριον
779 3481 857 3550 τῷ
879 3480 1070 3551 κόσμῳ
1099 3479 1282 3535 παντί.
1301 3480 1519 3552 Ἐπειδὴ
1543 3481 1600 3534 δὲ
1622 3480 1855 3553 ἠθέλησε

263 3573 352 3626 διὰ
398 3571 558 3626 τοῦτο
609 3571 802 3625 παθεῖν
835 3573 862 3624 6
900 3570 1043 3641 πέρα
1085 3569 1181 3624 τοῦ
1217 3570 1476 3624 δύνασθαι
1520 3571 1737 3634 παθεῖν,
1768 3570 1858 3626 διά

263 3682 348 3718 τοι
399 3665 460 3718 τὸ
506 3660 649 3718 εἶναι
699 3665 860 3734 φύσει
907 3663 1061 3726 Θεὸς,
1093 3664 1193 3736 τῆν
1239 3665 1332 3719 τοῦ
1376 3665 1567 3720 παθεῖν
1600 3665 1856 3737 δεκτικὴν

266 3758 583 3828 ἠμπέσχετο
629 3757 832 3829 σάρκα,
881 3757 978 3810 καὶ
1025 3756 1160 3810 ίδίαν
1213 3758 1493 3827 ἀπέφηνεν
1543 3759 1735 3832 αὐτὴν,
1769 3761 1857 3816 ἵνα

267 3851 362 3903 καὶ
390 3848 556 3904 αὑτοῦ
586 3849 798 3917 λέγοιτο
833 3848 896 3902 τὸ
926 3848 1139 3912 παθεῖν,
1165 3849 1245 3902 ὃτι
1281 3850 1355 3922 μὴ
1391 3850 1450 3903 τὸ
1478 3851 1666 3921 ἑτέρου
1690 3852 1855 3917 τινὸς,

266 3942 402 3996 ἀλλὰ
437 3942 500 3996 τὸ
531 3939 695 3995 αὑτοῦ
734 3940 968 3995 πέπονθε
1015 3941 1194 4012 σῶμα.
1225 3942 1435 3997 Οὐκοῦν
1481 3943 1714 4008 διδόντος
1759 3945 1856 3998 τοῦ

264 4035 469 4103 τρόπου
517 4034 618 4106 τῆς
667 4033 980 4105 οἰκονομίας
1031 4034 1383 4104 ἀνεγκλήτως
1439 4033 1587 4105 αὑτῷ
1631 4035 1727 4088 καὶ
1774 4035 1856 4100 τὸ,

269 4128 435 4197 σαρκὶ
465 4126 563 4196 μὲν
593 4125 808 4179 ἑλέσθαι
849 4125 1064 4188 παθεῖν,
1093 4126 1320 4195 Θεότητι
1351 4125 1408 4177 δὲ
1439 4127 1514 4196 μὴ
1551 4126 1745 4179 παθεῖν
1769 4121 1858 4195 (ἦν

267 4216 376 4287 γὰρ
411 4217 467 4268 ὲν
495 4214 644 4286 αὐτῷ
673 4216 805 4279 Θεός
829 4234 886 4269 τε
910 4215 1045 4284 ὁμοῦ
1073 4217 1167 4269 καὶ
1185 4215 1517 4284 ἄνθρωπος),
1545 4216 1859 4286 περιττολο-

268 4306 458 4373 γοῦσιν
487 4306 537 4359 oi
568 4304 890 4368 διεναντίας,
923 4305 1018 4359 καὶ
1047 4304 1142 4375 τὴν
1169 4303 1261 4356 τοῦ
1303 4303 1603 4375 μυστηρίου
1628 4305 1859 4376 δύναμιν

269 4397 654 4454 άσυνετώτατα
705 4397 1135 4468 κιϐδηλεὺοντες,
1184 4397 1386 4452 οἴονται
1435 4400 1576 4470 τάχα
1625 4417 1726 4455 που
1765 4400 1860 4453 καὶ

268 4491 493 4546 ἐπαίνου
526 4488 729 4561 μεστὴν
755 4490 1022 4543 ποιεῖσθαι
1045 4491 1144 4561 τὴν
1171 4490 1378 4546 ἕνωσιν.
1405 4491 1607 4546 Ἐδόκει
1629 4492 1728 4562 μὲν
1751 4493 1859 4564 γάρ

1962 643 2230 702 quatenus
2259 641 2346 687 est
2375 629 2536 686 Deus.
2573 630 2779 686 Idcirco
2811 640 2868 684 et
2901 630 3116 686 divinus
3149 629 3341 685 Petrus
3368 631 3502 686 dicit
3532 649 3546 686 :

1966 738 1986 772 ι
2016 720 2154 788 Quia
2191 720 2440 775 Christus
2465 719 2632 774 semel
2668 734 2765 788 pro
2808 720 3044 788 peccatis
3073 720 3276 776 nostris
3304 729 3550 774 mortuus

1960 819 2068 876 est,
2102 811 2284 881 justus
2310 826 2406 880 pro
2434 809 2668 879 iniustis,
2698 821 2754 865 ut
2787 827 2885 867 nos
2910 811 3130 868 oll‘erret
3179 813 3309 874 Deo,
3353 811 3547 866 morti-

1962 902 2153 958 Iicatus
2180 903 2396 971 quidem
2423 917 2610 968 carne,
2647 903 2955 958 vivificatus
2975 915 3155 957 autem
3186 903 3392 972 Spiritu
3420 903 3487 956 “.
3522 923 3542 955 ι

1959 993 2068 1050 Cur
2120 994 2288 1061 enim,
2345 995 2512 1058 dicat,
2551 1002 2610 1048 ut
2646 993 2907 1059 arbitror,
2965 992 3184 1062 aliquis,
3248 1009 3353 1047 non
3413 995 3550 1049 dixit

1957 1089 2250 1158 Apostolus
2279 1087 2598 1156 simpliciter
2620 1094 2781 1155 atque
2808 1084 3088 1139 indefinite
3120 1100 3338 1153 passum
3369 1085 3543 1154 ipsum

1956 1197 2121 1240 esse:
2154 1181 2251 1236 sed
2299 1181 2521 1249 adjecit,
2549 1179 2749 1234 carne?
2788 1177 3098 1233 Artiﬁciose
3145 1191 3276 1231 vero
3321 1177 3542 1244 adjecit.

1956 1293 2117 1332 carne
2147 1292 2167 1332 :
2193 1287 2257 1331 ut
2283 1291 2405 1330 cum
2444 1274 2611 1330 Deum
2648 1274 2822 1343 ipsum
2849 1287 2970 1327 esse
3009 1269 3198 1337 sciret,
3239 1269 3544 1340 passionem

1957 1369 2105 1426 carni
2147 1368 2412 1423 accidisse
2438 1366 2708 1436 signiﬁcet
2743 1383 2755 1419 :
2789 1364 3069 1420 Christum
3097 1378 3246 1431 vero,
3278 1371 3546 1433 quatenus

1959 1468 2044 1516 est
2104 1458 2266 1523 Deus,
2299 1458 2571 1530 passionis
2597 1467 2876 1528 expertem
2907 1456 3099 1511 fuisse.

2028 1549 2090 1605 Β.
2131 1549 2399 1606 Caeterum
2440 1549 2672 1619 prodigii
2713 1547 2890 1604 simile
2937 1561 3058 1602 esse
3089 1545 3334 1614 ,dicunt,
3376 1553 3543 1615 atque

1957 1640 2272 1698 incredibile
2318 1641 2659 1710 absurdoque
2707 1640 3058 1710 proximum,
3111 1638 3342 1694 dicere:
3391 1652 3545 1691 eum-

1957 1737 2077 1792 dem
2111 1745 2167 1790 et
2193 1748 2409 1804 passum
2440 1747 2560 1788 esse
2613 1743 2668 1787 et
2696 1748 2801 1787 non
2831 1747 2951 1788 esse
2983 1745 3222 1801 passum.
3256 1729 3366 1784 Aut
3393 1729 3541 1784 enim

1956 1848 2177 1906 prorsus
2231 1847 2337 1888 non
2383 1839 2469 1887 est
2524 1845 2736 1900 passus,
2783 1837 2844 1884 ut
2878 1829 3066 1882 Deus:
3119 1834 3211 1880 aut
3262 1825 3307 1880 si
3352 1839 3542 1894 passus

1957 1941 2078 1982 esse
2115 1923 2334 1988 dicitur,
2363 1923 2632 1992 quomodo
2661 1922 2734 1976 sit
2764 1920 2944 1974 Deus?
2971 1919 3319 1975 Censendum
3357 1917 3542 1987 itaque

1957 2027 2040 2073 est
2085 2016 2259 2073 solum
2315 2029 2436 2070 eum
2485 2013 2578 2084 qui
2628 2021 2710 2068 est
2745 2026 2811 2067 ex
2861 2012 3071 2067 semine
3110 2009 3278 2064 David
3322 2022 3543 2079 passum

1957 2121 2098 2163 esse.

2027 2200 2097 2258 Α.
2136 2201 2207 2254 At
2249 2213 2378 2253 vero
2424 2195 2698 2268 quomodo
2749 2210 2857 2248 non
2911 2193 2981 2248 sit
3041 2190 3542 2268 manifestissimum

1957 2300 2330 2363 argumentum
2367 2267 2654 2344 imbecillis
2695 2286 3030 2350 intellectus,
3063 2267 3369 2353 Itujusmodi
3412 2281 3544 2352 quid

1956 2386 2163 2442 sentire
2200 2399 2265 2440 ac
2285 2382 2504 2438 dicere?
2543 2380 2727 2450 Neque
2758 2379 2901 2434 enim
2941 2392 3282 2434 communem
3327 2391 3391 2430 ac
3428 2374 3519 2429 vul

1955 2491 2139 2547 garem
2170 2474 2442 2530 hominem
2478 2471 2702 2527 tradidit
2732 2467 2876 2523 Deus
2906 2483 3003 2538 pro
3030 2467 3202 2527 nobis.
3233 2467 3408 2522 instar
3438 2477 3548 2518 me-

1957 2565 2180 2622 diatoris
2209 2573 2570 2634 assumptum,
2599 2572 2655 2618 et
2689 2563 2926 2618 ascititia
2974 2561 3093 2616 Filii
3131 2559 3299 2629 gloria
3348 2555 3542 2622 pradi-

1959 2668 2095 2721 tum,
2138 2664 2194 2711 et
2231 2655 2422 2711 stricta
2468 2655 2699 2723 quadam
2751 2653 3136 2724 conjunctione
3185 2650 3544 2705 decoratum:

1957 2751 2049 2806 sed
2085 2762 2300 2804 omnem
2343 2758 2650 2803 creaturam
2691 2760 3030 2816 exsuperans
3060 2743 3296 2799 Verbum
3346 2754 3412 2794 ex
3457 2753 3547 2794 es—

1955 2841 2129 2898 sentia
2159 2840 2331 2910 ipsius
2376 2840 2638 2910 genitum,
2671 2839 2844 2894 nostri
2892 2837 3124 2893 similem
3174 2842 3400 2906 propter
3444 2849 3545 2888 nos

1956 2935 2158 2990 factum
2187 2972 2205 2999 ,
2258 2943 2318 2987 ut
2376 2943 2696 2987 cerneretur
2737 2933 2980 2985 omnium
3027 2930 3151 2983 vita:
3199 2926 3373 2996 pretio
3425 2939 3546 2996 par.

1956 3025 2358 3085 Perabsurdum
2389 3035 2569 3081 autem
2597 3025 2976 3094 indicaverim.
3016 3037 3140 3077 cum
3179 3018 3502 3090 Uuigeuitus
3527 3059 3541 3078 .

1958 3132 2019 3177 ut
2043 3121 2178 3186 dixi,
2207 3135 2332 3174 caro
2372 3120 2673 3174 secundum
2706 3117 3019 3186 Scripturas
3049 3115 3120 3170 sit
3144 3113 3342 3179 factus,
3372 3122 3426 3167 et
3452 3113 3546 3166 lu-

1959 3218 2328 3274 caruatiouem
2358 3216 2676 3285 dedignatus
2704 3227 2811 3267 nou
2848 3211 3032 3272 fuerit,
3067 3209 3241 3279 ipsqu
3273 3205 3546 3276 quodam-

1959 3311 2120 3366 modo
2145 3309 2367 3381 culpare
2407 3321 2473 3363 ac
2503 3304 2924 3379 reprehendere,
2958 3312 3212 3370 tanquam
3241 3297 3333 3368 qui
3369 3295 3546 3365 priva-

1959 3416 2026 3461 tae
2053 3419 2163 3459 suae
2187 3402 2371 3473 gloriae
2400 3401 2671 3465 olfecerit,
2697 3409 2752 3452 et
2774 3413 2941 3452 carne
2967 3394 3075 3466 pati
3111 3400 3547 3466 praetereaquum

1959 3495 2211 3551 voluerit.
2252 3493 2524 3549 Caeterum
2556 3490 2660 3545 fuit
2688 3505 2750 3544 ea
2789 3505 2876 3544 res
2927 3488 3130 3544 lllUlttIO
3160 3489 3416 3540 universo
3455 3499 3546 3538 sa-

1959 3588 2173 3644 lutaris.
2208 3585 2342 3641 Cum
2365 3595 2544 3640 autem
2578 3583 2785 3638 idcirco
2815 3582 2924 3652 pati
2960 3579 3188 3634 voluerit
3219 3577 3264 3631 is
3296 3577 3348 3630 iu
3386 3591 3546 3645 quem

1960 3682 2106 3739 nulla
2148 3679 2332 3750 passio
2372 3679 2570 3733 cadere
2608 3684 2808 3746 potest,
2856 3674 2999 3744 quod
3042 3671 3297 3724 nimirum
3339 3669 3410 3723 sit
3451 3683 3548 3721 na.

1959 3786 2082 3831 tura
2121 3772 2295 3839 Deus,
2343 3771 2545 3826 idcirco
2591 3781 2811 3822 carnem
2859 3765 3130 3835 passionis
3174 3775 3422 3830 capacem
3475 3757 3549 3811 iu-

1963 3869 2102 3932 duit,
2135 3879 2365 3932 eamque
2402 3860 2676 3930 propriam
2704 3871 2858 3910 suam
2879 3854 3176 3908 declaravit
3203 3871 3216 3907 :
3251 3854 3324 3905 ita
3350 3859 3408 3904 ut
3437 3844 3546 3918 ipse

1961 3959 2236 4014 diceretur
2262 3955 2393 4024 pati.
2419 3951 2606 4020 Neque
2631 3951 2792 4016 ﬁenim
2843 3947 3069 4001 alterius
3097 3943 3421 4013 cuiuspiam,
3452 3943 3546 3996 sed

1961 4064 2117 4106 suum
2151 4048 2320 4117 ipsius
2353 4058 2550 4112 corpus
2578 4055 2795 4112 passum
2819 4047 2922 4094 est.
2964 4036 3098 4092 Cum
3140 4038 3322 4102 itaque
3369 4031 3536 4084 incar-

1961 4141 2197 4198 nationis
2231 4139 2368 4193 ratio
2404 4137 2455 4191 id
2491 4135 2666 4196 lerat,
2698 4134 2856 4202 eique
2888 4131 3092 4185 tribuat
3129 4137 3185 4180 ut
3231 4138 3396 4182 carne
3427 4122 3547 4194 qui-

1962 4235 2083 4289 dem
2133 4231 2242 4301 pati
2281 4228 2532 4294 voluerit,
2586 4225 2796 4281 Deitate
2843 4239 2973 4279 vero
3023 4234 3367 4291 nequaquam
3404 4218 3547 4289 (erat

1963 4326 2108 4380 enim
2141 4325 2192 4379 in
2229 4326 2347 4394 ipso
2377 4321 2521 4376 Deus
2553 4319 2716 4374 simul
2750 4327 2804 4371 et
2827 4314 3012 4383 homo)
3039 4355 3053 4380 ,
3085 4310 3380 4368 adversarii
3411 4308 3548 4364 mul-

1966 4419 2037 4473 tis
2090 4414 2341 4469 inanibus
2397 4411 2581 4468 verbis
2631 4411 2986 4476 obstrepunt,
3036 4415 3091 4459 et
3144 4401 3386 4473 mysterii
3441 4399 3548 4454 vim

1967 4516 2131 4575 atque
2161 4505 2418 4558 virtutem
2447 4497 2854 4570 imperitissime
2879 4494 3269 4554 adulterantes,
3296 4489 3549 4543 eximiam

266 4601 388 4646 πως
432 4581 859 4656 προπρίὸεσθαί
909 4599 1032 4638 τινα
1072 4585 1260 4654 μῶμον
1291 4584 1440 4656 αὐτῷ
1494 4583 1556 4637 τὸ
1586 4583 1678 4638 καὶ
1721 4585 1858 4649 ὅλως

1964 4599 2253 4669 quamdam
2286 4605 2340 4650 et
2373 4593 2549 4648 laudis
2582 4591 2796 4662 plenam
2843 4587 3108 4673 unitatem
3149 4593 3340 4653 putant
3383 4581 3553 4636 cunli~

271 4677 490 4733 ἑλέσθαι
541 4677 706 4747 σαρκὶ
747 4675 960 4740 παθεῖν,
998 4676 1112 4730 ἀλλ’
1141 4673 1209 4748 ἦν
1242 4677 1444 4748 ἑτέρως
1479 4677 1856 4742 εὐκλεές.”οτι

270 4770 381 4842 γάρ
428 4771 545 4823 ἐστι
594 4768 826 4822 θανάτου
872 4768 1135 4838 κρείττων
1183 4768 1277 4822 καὶ
1330 4770 1557 4842 φθορᾶς,
1594 4769 1708 4841 ζωὴ
1761 4771 1857 4824 καὶ

273 4857 537 4922 ζωοποιὸς
565 4856 847 4929 ὑπάρχων,
871 4856 898 4908 6
916 4857 1068 4920 Θεὸς,
1103 4857 1530 4930 μεμαρτύρηκεν
1555 4862 1588 4930 ἡ
1619 4860 1859 4914 ἀνάστα-

275 4968 377 5014 σις.
394 4951 694 5022 Ἐγήγερκε
722 4951 831 5020 γὰρ
862 4948 953 5002 τὸν
979 4950 1174 5003 ἑαυτοῦ
1201 4950 1350 5004 ναόν.
1378 4951 1668 5024 Τοιγάρτοι
1693 4953 1859 5025 φησὶν

272 5047 299 5094 6
329 5042 614 5106 θεσπέσιος
645 5041 876 5108 Παῦλος⁸
920 5063 938 5095 ι
969 5041 1045 5095 Οὐ
1074 5041 1183 5114 γὰρ
1213 5043 1612 5114 ἐπαισχύνομαι
1647 5045 1710 5098 τὸ
1755 5045 1860 5100 Εὑ-

271 5132 544 5202 αγγέλιον·
576 5133 804 5206 δύναμις
830 5134 938 5207 γὰρ
971 5133 1105 5188 Θεοῦ
1131 5135 1277 5186 ἐστιν
1299 5135 1379 5198 εἰς
1403 5134 1676 5207 σωτηρίαν
1699 5137 1860 5190 παντὶ

277 5226 354 5296 τῷ
381 5226 712 5282 πιστεύοντι.
749 5246 767 5279 ι
809 5228 920 5280 Καὶ
947 5225 1142 5280 πάλινο
1184 5226 1282 5279 ιύ
1328 5224 1484 5294 λόγος
1535 5225 1645 5296 γὰρ
1688 5229 1716 5281 6
1763 5228 1858 5281 τοῦ

279 5317 533 5389 σταυροῦ,
559 5321 672 5382 τοῖς
702 5319 802 5389 μὲν
824 5318 1220 5389 ἀπολλυμένοις
1253 5318 1437 5389 μωρία
1495 5319 1634 5382 ἐστὶ,
1662 5323 1773 5382 τοῖς
1801 5321 1860 5373 δὲ

277 5409 606 5481 σωζομένοις
633 5411 767 5481 ἡμῖν
799 5408 1029 5481 δύναμις
1063 5408 1196 5464 θεοῦ
1252 5411 1398 5463 ἐστιν
1426 5427 1438 5440 ο
1463 5409 1647 5474 αὐτοῖς
1669 5409 1727 5464 δὲ
1749 5413 1863 5476 τοῖς

250 5499 520 5571 κλητοῖς,
557 5497 832 5562 Ἰουδαίοις
885 5515 943 5553 τε
993 5500 1087 5552 καὶ
1128 5497 1376 5569 Ἕλλησι,
1425 5499 1683 5569 Χριστὸς,
1729 5499 1862 5554 Θεοῦ

1962 4698 2105 4741 cere.
2173 4682 2563 4737 Existimaruut
2621 4679 2765 4734 enim
2824 4676 2927 4730 hoc
2973 4675 3024 4730 ei
3078 4672 3254 4728 labem
3309 4671 3552 4741 aliquam

1962 4791 2270 4849 aspergere,
2303 4774 2446 4845 quod
2481 4773 2640 4845 767
2672 4769 2894 4825 omnino
2923 4767 3155 4822 voluerit
3193 4779 3358 4819 carne
3387 4762 3551 4830 mori,

1963 4879 2018 4923 at
2069 4877 2260 4923 contra
2307 4867 2516 4935 insigne
2569 4880 2632 4918 ac
2679 4863 2998 4934 praeclarum
3051 4867 3151 4914 est.
3198 4857 3355 4924 Quod
3404 4856 3553 4910 enim

1967 4971 2141 5017 n'torte
2183 4971 2347 5030 atque
2382 4959 2604 5013 interitu
2650 4956 2900 5026 superior
2937 4955 3040 5017 sit.
3073 4967 3195 5007 cum
3245 4951 3316 5004 sit
3347 4950 3452 5003 vita
3499 4955 3555 5003 et.

1965 5052 2283 5117 viviﬁcaris,
2340 5061 2525 5120 utpote
2581 5049 2760 5110 Deus,
2815 5043 3145 5099 resurrectio
3200 5048 3396 5096 testata
3445 5049 3552 5092 est.

1968 5144 2265 5200 Suscitavit
2310 5143 2453 5196 enim
2501 5157 2655 5196 suum
2698 5137 2867 5210 ipsius
2912 5134 3192 5204 templum.
3241 5130 3449 5184 idcirco
3496 5136 3554 5183 et

1968 5237 2184 5292 divinus
2230 5234 2429 5288 Paulus
2479 5233 2700 5303 inquit:
2753 5248 2773 5283 ι
2831 5227 2950 5284 Non
2998 5225 3260 5282 erubesco
3299 5221 3550 5291 Evange-

1969 5327 2124 5382 lium.
2159 5323 2345 5380 Virtus
2371 5325 2515 5378 enim
2557 5322 2650 5376 Dei
2702 5328 2786 5374 est
2849 5318 2902 5371 in
2948 5314 3176 5371 salutem
3236 5311 3384 5366 omni
3435 5325 3550 5366 cre-

1963 5419 2106 5473 denti
2129 5419 2196 5471 ".
2234 5436 2252 5470 »
2285 5416 2351 5472 Et
2383 5428 2635 5470 rursum:
2673 5430 2690 5465 ι
2725 5410 2961 5467 Verbum
2988 5405 3134 5461 enim
3166 5402 3348 5458 crucis
3371 5441 3386 5466 ,
3430 5413 3547 5470 per-

1964 5510 2220 5566 euntibus
2263 5508 2478 5578 quidem
2523 5504 2754 5560 stultitia
2785 5511 2863 5558 est
2899 5516 2914 5553 :
2957 5499 3023 5553 iis
3055 5508 3234 5551 autem
3275 5492 3366 5562 qui
3415 5489 3547 5544 salvi

274 5591 506 5662 δύναμις
567 5593 661 5645 καὶ
713 5588 848 5645 Θεοῦ
902 5592 1086 5660 σοφία.
1119 5610 1135 5640 ›
1175 5591 1283 5645 Καὶ
1333 5590 1440 5663 μὴν
1493 5592 1585 5645 καὶ
1629 5591 1795 5656 αὐτὸς
1838 5593 1858 5646 6

1967 5597 2122 5664 ﬁunt,
2157 5598 2258 5653 hoc
2303 5605 2384 5651 cst
2440 5595 2627 5660 nobis,
2683 5591 2774 5647 Dei
2832 5591 3001 5644 virtus
3044 5595 3146 5642 est.
3195 5582 3327 5654 Ipsis
3365 5592 3546 5636 autem

281 5682 428 5747 Υἱὸς,
464 5682 674 5752 μέλλων
725 5681 1040 5736 ἀναϐαίνειν
1085 5683 1179 5736 ἐπὶ
1225 5681 1288 5734 τὸ
1333 5683 1602 5753 σωτήριον
1652 5683 1823 5748 πάθος
1849 5726 1863 5753 ,

315 5857 355 5889 ⁸³
401 5857 416 5912 l
460 5859 602 5913 I‘ctr.
641 5875 720 5923 ιιι,
759 5857 840 5913 l8.
922 5860 962 5889 "
1005 5857 1158 5913 Boni.
1195 5873 1232 5923 ι,
1275 5859 1352 5913 16.

1968 5690 2172 5749 vocatis
2201 5687 2399 5748 Iuda-is
2426 5696 2588 5758 atque
2617 5683 2844 5752 (ἱππεὶς,
2873 5680 3121 5738 Christus
3145 5674 3238 5732 Dei
3271 5674 3465 5738 virtus,
3497 5683 3544 5728 ct
