4038 6562
184 380 325 434 ιδῑιδ

1314 363 1506 433 QUOD
1548 360 1736 420 UNUS
1775 358 1883 416 SIT
1923 351 2291 415 CHRISTUS.

3319 340 3449 397 ιειε

185 491 267 560 εἷς
320 491 615 549 κεκάθικεν
665 488 816 553 Υἱὸς,
865 487 1227 542 διδασκόντων
1287 484 1465 548 αὐτοὶ,
1516 483 1599 546 τίς
1651 483 1807 543 τοῖςλ

1909 491 2032 532 nam
2051 475 2143 544 qui
2175 471 2357 527 albuit.
2387 468 2454 523 At
2495 480 2617 524 cum
2654 477 2793 518 unus
2826 458 3085 518 assederit
3117 456 3322 523 Filius,
3350 460 3450 511 do—
3492 450 3496 454 ’

187 585 447 643 ἀνωτάτω
468 582 756 653 τετίμηται
785 580 995 645 θάκοις,
1018 579 1110 634 καὶ
1133 575 1442 647 συνεδρεύει
1468 574 1547 646 τῷ
1573 573 1769 644 Πατρὶ,

186 682 236 733 εἰ
266 678 361 732 καὶ
390 678 472 731 ὅτι
508 676 744 746 μάλιστα
788 674 895 727 τῶν
929 673 1069 741 ἄγαν
1125 670 1560 740 σφαλερωτάτων
1590 668 1675 737 εἴη
1707 666 1774 720 ἂν

188 772 250 826 τὸ
275 768 626 838 ἀνακομίζειν
660 766 974 839 ἀποτολμᾷν
1006 766 1085 829 είς
1117 762 1390 834 ἰσοτιμίαν
1432 761 1511 831 τῷ
1537 760 1774 829 δεσπότῃ

191 861 252 917 τὸ
296 861 502 922 δοῦλον,
552 859 632 930 τῷ
672 858 866 929 κτίστῃ
896 848 959 911 τὸ
999 857 1241 928 ποιηθὲν.
1284 854 1362 926 τῷ
1411 854 1622 926 βασιλεῖ
1668 852 1776 905 τῶν

192 961 331 1015 ὅλων
372 958 436 1012 τὸ
480 957 584 1011 ὑπὸ
637 956 823 1024 ζυγὸν,
876 953 952 1025 τῷ
1003 953 1221 1008 πάντων
1285 952 1545 1005 ἐπέκεινα
1594 952 1655 1004 τὸ
1717 949 1777 1000 ἐν

195 1055 328 1106 πᾶσι
363 1050 576 1104 τελοῦν.

269 1142 331 1198 Β.
369 1140 662 1209 Σαφηνιεῖς
690 1132 783 1191 οὖν
819 1138 925 1206 ἄρα
961 1134 1123 1189 τοῦτο
1159 1136 1290 1206 ἡμῖν
1322 1133 1511 1187 εἰσέτι.

269 1233 334 1285 Α.
376 1229 596 1292 Καίτοι,
627 1227 879 1297 καθάπερ
924 1219 1159 1296 ἐγῷμαι,
1191 1223 1367 1293 σαφὴς
1399 1222 1496 1276 καὶ
1521 1216 1780 1291 ἀποχρῶν

199 1323 229 1376 ὸ
270 1323 358 1375 ἐπ’
407 1321 592 1383 αὐτοῖς
641 1319 705 1390 δὴ
753 1318 963 1380 τούτοις
995 1319 1129 1387 ἡμῖν
1180 1315 1557 1384 ἐκπεπόνηται
1600 1312 1781 1381 λόγος,

201 1414 360 1467 δκνου
408 1410 466 1464 δὲ
514 1410 636 1478 δίχα
676 1408 876 1470 παντὸς
909 1405 1206 1477 προσθείην
1255 1404 1322 1458 ἂν
1368 1399 1451 1465 οἷς
1498 1402 1635 1473 έφην
1688 1401 1784 1455 καὶ

204 1501 388 1572 ἕτερα,
435 1499 529 1552 καὶ
573 1498 675 1552 οὐκ
720 1495 921 1564 ἀγεννῆ
960 1494 1351 1564 συναγόρευσιν
1385 1492 1486 1563 τὴν
1533 1490 1676 1562 ὑπέρ
1720 1504 1785 1558 γε

202 1591 314 1646 τῶν
339 1590 498 1662 ἱερῶν
528 1590 812 1658 δογμάτων
846 1585 1101 1657 καθάπερ
1139 1584 1261 1639 τινὰ
1288 1584 1618 1655 παντευχίαν
1650 1584 1786 1639 ἁνα-

205 1682 411 1745 λαὸὼν,
460 1680 851 1749 άνταναστὴσω
892 1678 954 1731 τὸ
1000 1677 1195 1749 ἀληθὲς
1246 1680 1357 1741 τοῖς
1412 1674 1668 1748 φρονοῦσι
1718 1673 1788 1729 τὰ

205 1773 630 1845 διεστραμμένα.
667 1771 790 1824 Ὅτι
822 1771 929 1841 γὰρ
966 1772 994 1823 ό
1044 1770 1339 1841 μονογενὴς
1371 1768 1468 1822 τοῦ
1514 1765 1650 1821 Θεοῦ
1681 1767 1787 1822 Λό-

1875 577 2037 623 ceant
2072 565 2178 636 ipsi
2225 564 2476 634 quisnam
2504 560 2556 615 in
2591 571 2904 626 supremum
2942 552 3067 609 illud
3088 551 3281 606 solium
3313 548 3451 606 asci-

1878 670 1962 716 tus
1992 660 2085 724 sit,
2110 658 2368 724 Patrique
2400 652 2654 709 assideat.
2685 648 2963 717 Siquidem
3007 644 3301 702 absurdum
3345 641 3451 707 im.-

1875 752 2069 821 primis
2106 750 2269 804 fini-rit
2311 746 2674 815 aequalitatem
2730 741 2953 797 honoris
3005 739 3244 797 tribuere
3295 750 3453 793 servo

1877 860 1999 897 cum
2067 842 2305 903 domino,
2347 846 2611 892 creatura:
2647 847 2769 887 eum
2815 838 3090 893 creature,
3126 829 3176 883 ei
3222 827 3313 897 qui
3354 828 3452 882 sub

1872 934 2003 1005 jugu
2030 945 2115 988 est
2150 948 2270 986 cum
2322 930 2488 984 totius
2535 924 2771 981 universi
2825 922 3090 986 lloiniuo;
3139 930 3194 972 et
3230 918 3373 987 quod
3402 916 3455 985 in

1864 1026 2133 1085 numilms
2155 1032 2305 1094 paret
2335 1020 2584 1090 imperio,
2611 1032 2731 1073 cum
2751 1030 2815 1070 eo
2840 1013 2931 1083 qui
2960 1025 3125 1079 supra
3149 1010 3454 1064 omnia-est.

1952 1118 2013 1173 Β.
2053 1116 2273 1183 Explica
2310 1115 2411 1168 huc
2442 1111 2597 1166 nobis
2625 1107 2873 1164 alterius.

1952 1209 2018 1264 Δ.
2059 1207 2245 1278 Atqui,
2271 1216 2331 1260 ut
2369 1204 2628 1268 arbitror,
2669 1196 2956 1254 manifeste
2989 1192 3122 1249 satis
3154 1198 3209 1247 et
3254 1187 3463 1260 prolixe

1883 1304 2043 1358 nobis
2067 1302 2172 1356 hac
2205 1301 2272 1354 de
2305 1313 2363 1354 re
2402 1304 2788 1366 pertractatmn
2833 1300 2951 1354 est;
2996 1302 3172 1356 neque
3213 1297 3341 1338 vero
3377 1294 3464 1335 me

1886 1393 2091 1466 pigebit
2115 1394 2179 1448 iis
2199 1407 2319 1460 qua:
2347 1389 2462 1444 dixi
2483 1388 2653 1441 etiam
2690 1383 2793 1437 alia
2830 1380 3076 1451 quaedam
3106 1375 3341 1444 adjicere
3366 1389 3384 1438 ;
3409 1379 3466 1423 et

1887 1504 1992 1544 non
2026 1486 2242 1558 ignobili
2272 1481 2573 1555 patrocinio
2601 1494 2697 1547 pro
2724 1475 2897 1531 sacris
2926 1468 3266 1541 dogmatibus
3300 1462 3464 1518 veluti

1885 1583 2118 1653 quadam
2153 1579 2331 1634 omnis
2377 1574 2592 1647 generis
2639 1579 2913 1625 armatura
2960 1566 3230 1625 indutum,
3270 1558 3468 1624 verine

1891 1648 1998 1731 tem
2024 1686 2300 1743 opponere
2336 1669 2402 1723 iis
2421 1668 2511 1737 qui
2544 1661 2816 1719 contraria
2845 1656 3105 1713 sentiunt.
3139 1650 3289 1718 Quod
3314 1648 3468 1702 enim

1890 1765 2225 1836 unigenitum
2263 1760 2357 1815 Dei
2394 1758 2635 1813 Verbum
2657 1796 2673 1821 ,
2706 1769 2811 1808 non
2850 1746 3246 1806 interveniente
3280 1741 3346 1794 ad
3383 1740 3469 1792 iu-

208 1883 324 1935 γος,
370 1866 431 1917 οὐ
482 1860 904 1933 μεσολαϐοὖντος
958 1861 1059 1929 τὴν
1112 1860 1426 1929 οἰκονομίαν
1477 1859 1596 1913 υἱοῦ
1656 1859 1788 1927 παρ’

1906 1857 2263 1914 earuationem
2306 1851 2415 1905 lilio
2472 1849 2561 1919 qui
2595 1864 2627 1902 a
2672 1860 2733 1901 se
2773 1845 3017 1898 diversus
3051 1846 3215 1900 esset,
3256 1844 3309 1888 et
3338 1830 3469 1887 stri-

210 1957 372 2012 αὑτὸν
410 1956 619 2026 ἑτέρου,
645 1955 740 2009 καὶ
768 1953 1129 2022 συναφθέντος
1162 1951 1311 2022 αὐτῷ
1340 1950 1630 2023 σχετικῶς,
1662 1966 1793 2005 κατ-

211 2049 425 2119 ήργηκε
459 2046 551 2099 τοῦ
583 2044 816 2099 θανάτου
843 2043 903 2096 τὸ
929 2043 1152 2115 κράτος,
1187 2042 1351 2104 αὐτὸς
1396 2041 1454 2095 δὲ
1500 2040 1701 2111 μᾶλλον
1724 2040 1792 2093 δι’

212 2138 431 2204 ἑαυτοῦ,
466 2137 797 2191 πιστώσεται
829 2136 1022 2205 λέγων·
1060 2154 1079 2188 ι
1122 2134 1279 2191 Οὕτω
1307 2135 1415 2205 γάρ
1450 2134 1740 2205 ἠγάπησεν
1766 2132 1795 2185 ό

213 2231 348 2296 Θεὸς
372 2231 462 2284 τὸν
491 2229 715 2299 κόσμον,
746 2227 888 2281 ὥστε
915 2226 1005 2280 τὸν
1036 2226 1162 2279 Υἱόν
1195 2225 1362 2279 αὐτοῦ
1405 2224 1496 2279 τὸν
1530 2223 1795 2294 μονογενῆ

216 2324 438 2387 ἔδωκεν,
472 2322 558 2376 ἵνα
589 2322 698 2384 πᾶς
735 2323 765 2374 ό
811 2319 1083 2374 πιστεύων
1125 2320 1203 2381 εἰς
1236 2319 1399 2373 αὐτὸν
1459 2318 1533 2390 μὴ
1564 2318 1799 2388 ἀπόλλη-

216 2432 329 2478 ται,
362 2414 479 2468 ἀλλ’
516 2413 613 2484 ἔχῃ
643 2412 788 2482 ζωὴν
818 2411 1058 2465 αίὼνιον.
1096 2430 1116 2462 ι
1157 2411 1415 2480 Λῖροντος
1443 2410 1500 2464 δὲ
1536 2409 1671 2479 ὑψοῦ
1699 2409 1799 2485 τὴν

219 2510 298 2573 εἰς
327 2507 417 2561 τὸν
450 2506 653 2576 κόσμον
687 2506 910 2575 ἀγάπην
939 2504 1036 2557 τοῦ
1085 2502 1220 2557 Θεοῦ
1261 2505 1354 2557 καὶ
1376 2502 1608 2573 Πατρὸς,
1638 2504 1804 2574 ὑπερο

223 2598 433 2670 μεγέθη
463 2614 522 2650 τε
572 2597 666 2650 καὶ
697 2597 956 2666 ὑπερφυᾶ
992 2578 1322 2666 γεγενῆσθαι
1374 2595 1642 2664 λέγοντος,
1675 2594 1807 2648 ἀνθ-

218 2691 344 2744 ότου
379 2687 915 2759 κατασμικρύνουσιν
953 2686 1341 2753 οίδιεναντίας,
1375 2687 1433 2739 οὐ
1464 2686 1555 2740 τὸν
1587 2684 1804 2757 άληθῶς

202 2783 350 2873 ,Υἱὸν
378 2783 518 2854 ὑπὲρ
540 2785 572 2852 ὴ
582 2782 697 2852 μῶν
729 2780 974 2836 δεδόσθαι
998 2781 1271 2849 λέγοντες,
1298 2780 1413 2834 ἀλλ’
1443 2780 1538 2834 ἕνα
1553 2779 1659 2834 τῶν
1682 2779 1804 2833 καθ’

225 2877 394 2950 ἡμᾶς,
424 2876 739 2945 εἰσποίητον
767 2872 962 2943 ἔχοντα
986 2874 1085 2944 τὴν
1116 2871 1216 2944 τῆς
1248 2872 1496 2944 υίότητος
1519 2872 1701 2943 χάριν,
1725 2873 1806 2936 εἰς

222 2967 311 3019 τὸν
341 2964 434 3019 τοῦ
462 2965 604 3018 κατὰ
627 2964 789 3032 φύσιν
814 2963 947 3016 Υἱοῦ
979 2964 1142 3016 τόπον
1181 2962 1623 3027 ἀνασιϐἀζοντες,
1654 2962 1808 3025 ὄντος

225 3058 282 3111 δὲ
308 3056 644 3125 Μονογενοῦς
669 3055 765 3108 τοῦ
795 3053 1037 3119 δοθέντος
1067 3056 1208 3128 ὑπὲρ
1235 3054 1393 3126 ἡμῶν
1412 3072 1427 3121 ;
1448 3050 1582 3111 Εἶτα
1604 3071 1810 3125 γεγρα-

210 3150 388 3231 φότος
426 3150 677 3204 Ἰωάννου
708 3147 896 3220 σαφῶς
917 3165 931 3179 ·
980 3167 999 3201 ι
1054 3147 1113 3202 '0
1145 3147 1439 3219 μονογενὴς
1470 3146 1622 3211 Θεὸς,
1671 3149 1700 3202 ὁ
1730 3146 1808 3199 ὢν
1835 3175 1879 3235 C

226 3244 305 3304 εις
334 3241 424 3293 τὸν
456 3238 657 3293 κόλπον
699 3237 794 3291 τοῦ
840 3235 1054 3309 Πατρός
1074 3254 1089 3269 ’
1125 3256 1145 3289 ι
1179 3237 1298 3301 πῶς
1322 3238 1422 3291 οὐκ
1448 3236 1513 3291 ἂν
1542 3237 1810 3306 άγάσαιτό

227 3349 313 3396 τις
346 3331 444 3402 τῆς
473 3328 714 3401 ἀμαθίας
744 3329 962 3394 αὐτοὺς,
991 3327 1327 3395 ὲξωθοῦντας
1360 3330 1458 3400 μὲν
1480 3330 1579 3400 τῆς
1609 3330 1812 3383 οἰκονο-

232 3420 361 3493 μίας
378 3420 469 3474 τὸν
493 3420 758 3492 μονογενῆ
786 3417 917 3473 Θεὸν
939 3418 1133 3488 Λόγον,
1161 3419 1611 3492 άντεισφέροντας
1632 3421 1708 3485 δὲ,
1735 3420 1812 3484 ὡς

225 3514 383 3587 ἔφην,
418 3517 539 3577 ταῖς
588 3511 822 3586 θύραθεν
865 3512 1044 3578 δόξαις
1076 3510 1476 3583 ὲξωραῖσθέντα
1524 3511 1665 3577 τινα,
1718 3512 1813 3567 καὶ

227 3607 465 3662 ἐπακτὸν
498 3607 689 3677 ἔχοντα
718 3605 780 3658 τὸ
803 3605 902 3675 τῆς
942 3604 1195 3676 θεότητος
1241 3604 1414 3674 ὄνομα
1438 3621 1452 3671 ;
1480 3600 1611 3659 Εἶτα
1654 3605 1707 3658 τί
1752 3604 1814 3657 τὸ

233 3698 378 3769 μέγα
403 3698 498 3752 καὶ
541 3697 871 3765 άξιάγαστον
902 3696 959 3748 ὲν
1003 3698 1070 3766 τῇ
1117 3694 1211 3748 τοῦ
1242 3694 1459 3767 Πατρὸς
1487 3696 1676 3768 ἀγάπῃ
1710 3713 1815 3761 φα-

229 3790 402 3844 νεῖται
436 3789 641 3854 λοιπὸν,
677 3790 725 3841 ει
759 3787 925 3860 μέρος
953 3786 1005 3840 τί
1038 3787 1266 3857 κόσμου,
1294 3787 1388 3840 καὶ
1419 3786 1580 3840 τοῦτο
1615 3785 1811 3858 βραχὺ,

230 3881 459 3934 δέδωκεν
479 3881 618 3951 ὑπὲρ
645 3879 844 3948 αύτοῦ;
885 3880 957 3934 ’Ἡ
985 3880 1127 3951 τάχα
1161 3896 1262 3933 που
1289 3878 1382 3932 καὶ
1411 3877 1816 3948 ἀνεπίπληκτον

224 3974 428 4039 εἰπεῖν,
452 3973 528 4036 ὼς
552 3973 884 4043 λελύτρωται
915 3972 1120 4044 κόσμος
1145 3971 1296 4024 οὐδὲν
1316 3969 1454 4041 ἔχων
1482 3970 1636 4041 παρὰ
1658 3969 1815 4036 Θεοῦ,

233 4062 370 4117 ἀλλὰ
401 4066 515 4126 τοῖς
560 4062 725 4116 αὑτοῦ
766 4063 957 4134 μέρεσι
988 4059 1126 4134 πρὸς
1155 4060 1314 4115 τοῦτο
1351 4059 1815 4132 ὑπηρετούμενος.

308 4330 371 4383 Β.
412 4327 666 4381 Δεδόσθαι
696 4327 831 4394 φασὶ
859 4325 949 4379 τὸν
980 4324 1265 4395 Μονογενῆ
1296 4323 1449 4396 παρὰ
1468 4322 1563 4377 τοῦ
1584 4323 1820 4396 Πατρὸς,

236 4419 307 4472 iv“
336 4416 672 4486 οἰκονομήσει
716 4414 785 4467 τὰ
834 4414 954 4466 καθ’
984 4415 1151 4484 ἡμᾶς,
1184 4415 1284 4483 οὐχ
1325 4415 1413 4468 ἵνα
1442 4430 1494 4466 τι
1531 4413 1681 4486 πάθη
1712 4413 1823 4468 τῶν
1868 4446 1873 4450 .

1893 1959 1982 2005 cte
1993 1950 2042 2004 ei
2066 1947 2502 2015 coniungeretur,
2520 1940 2712 1995 mortis
2729 1935 3009 2006 imperium
3030 1928 3356 1990 dissolverit,
3376 1925 3468 1979 sed

1895 2043 2070 2113 ipsum
2101 2038 2279 2107 potius
2301 2035 2537 2090 Verbum
2566 2030 2657 2085 Dei
2691 2042 2785 2095 per
2814 2040 2895 2089 se,
2932 2022 3202 2093 probabit,
3235 2019 3424 2073 dicens
3453 2034 3469 2071 :

1902 2135 2034 2190 illa
2062 2134 2209 2188 enim
2257 2129 2447 2185 dilexit
2490 2124 2631 2180 Deus
2668 2120 2948 2182 mundum,
2984 2124 3042 2169 ut
3083 2113 3278 2169 Filium
3315 2124 3472 2165 suum

1899 2228 2234 2298 unigenitum
2272 2221 2511 2282 dederit,
2550 2228 2609 2271 ut
2645 2213 2823 2269 omnis
2871 2211 2962 2281 qui
2995 2207 3166 2263 credi:
3212 2204 3266 2259 iu
3299 2204 3476 2272 ipsmu

1900 2296 2020 2377 nou
2045 2326 2248 2390 pereat,
2286 2318 2379 2370 sed
2421 2312 2616 2367 habeat
2666 2308 2831 2361 vitam
2871 2299 3219 2357 aeternam“.
3260 2315 3281 2351 ι
3338 2296 3475 2350 Cum

1882 2428 2032 2469 ivero
2064 2413 2157 2466 Dei
2202 2423 2269 2463 ae
2313 2404 2494 2460 Patris
2537 2398 2883 2455 dilectionem
2927 2406 3055 2461 erga
3104 2388 3360 2443 mundum
3402 2384 3477 2437 ita

1900 2504 2155 2565 extollat,
2206 2510 2261 2555 et
2310 2499 2624 2551 immensam
2673 2501 2834 2558 atque
2888 2483 3266 2539 inexhaustum
3315 2477 3481 2531 fuisse

1903 2597 2070 2659 dicat,
2101 2609 2200 2650 cur
2228 2588 2470 2646 haeretici
2508 2586 2649 2641 hanc
2678 2580 2893 2637 elevant
2919 2588 3083 2643 atque
3131 2572 3478 2633 imminuum,

1904 2690 2145 2746 dicentes
2182 2698 2286 2740 non
2334 2694 2523 2734 verum
2556 2675 2726 2731 lilium
2764 2685 2865 2743 pro
2902 2668 3057 2724 nobis
3090 2665 3273 2719 datum
3320 2676 3478 2723 esse,

1904 2781 2001 2837 sed
2042 2777 2328 2848 quemdam
2384 2785 2455 2826 ex
2490 2767 2643 2823 nobis
2682 2760 3044 2848 per_graliam
3078 2759 3130 2813 in
3177 2755 3343 2812 lilium
3386 2754 3483 2811 ad-

1906 2844 2175 2942 optatum,
2195 2879 2428 2934 euntque
2454 2864 2506 2916 in
2528 2844 2793 2914 naturalis
2820 2853 2913 2907 lilii
2937 2852 3112 2907 locum
3138 2846 3443 2903 attollentes
3466 2881 3480 2905 ,

1907 2937 2029 3022 cum
2064 2957 2480 3028 sitUnigeuitus
2506 2952 2598 3022 qui
2641 2963 2739 3019 pro
2771 2947 2928 3005 nobis
2974 2943 3135 2999 datus
3179 2940 3308 2997 est?
3343 2937 3488 2995 Prae-

1911 3066 2057 3111 terea
2107 3068 2229 3107 cum
2279 3048 2517 3104 Joannes
2560 3048 2749 3112 aperte
2793 3039 3033 3094 scribat:
3094 3053 3113 3087 ι
3168 3031 3488 3102 Unigeuitus

1911 3146 2053 3201 Deus
2077 3149 2277 3213 quiest
2319 3140 2370 3192 in
2399 3138 2520 3193 sinu
2557 3131 2733 3186 Patris
2763 3129 2804 3161 ³⁸
2837 3146 2853 3184 :
2893 3147 2911 3181 ι
2948 3124 3220 3196 quomodo
3258 3137 3362 3183 non
3400 3121 3490 3176 ad«

1916 3239 2141 3293 miretur
2175 3231 2443 3302 quispiam
2478 3227 2692 3281 illorum
2730 3218 3079 3288 imperitiam.
3108 3216 3197 3285 qui
3228 3217 3296 3270 ab
3317 3213 3490 3269 admi-

1916 3328 2237 3386 nistratione
2270 3325 2320 3378 in
2353 3336 2518 3377 carne
2552 3315 2896 3387 Unigenitum
2927 3311 3019 3367 Dei
3054 3309 3288 3366 Verbum
3313 3307 3492 3362 exclu-

1914 3424 2065 3483 dant,
2101 3416 2265 3489 769
2287 3429 2351 3471 ac
2386 3413 2562 3484 p0tius
2600 3409 2764 3463 aliutn
2810 3405 3119 3476 quemdam,
3151 3410 3208 3456 ut
3246 3390 3378 3465 dixi,
3413 3400 3492 3465 iu,-

1918 3487 2222 3576 trodueani,
2252 3508 2558 3563 extrinseca
2594 3512 2756 3570 atque
2785 3496 3018 3553 ascititia
3056 3493 3226 3565 gloria
3254 3487 3496 3561 splendi-

1896 3605 2086 3667 edum,
2135 3597 2542 3665 adventitioque
2600 3589 2825 3647 Deitatis
2890 3572 3125 3641 nomine
3159 3574 3496 3652 prazditum?

1919 3690 2121 3746 Deinde
2149 3688 2406 3758 quidnam
2438 3681 2697 3739 eximium
2728 3685 2821 3731 aut
2855 3690 3183 3747 magnopere
3222 3672 3498 3728 admiran-

1919 3784 2045 3839 dum
2080 3783 2132 3834 in
2166 3780 2454 3833 dilectione
2492 3772 2670 3827 Patris
2701 3784 2824 3824 esse
2857 3777 3180 3830 censeatur,
3209 3766 3253 3819 si
3286 3772 3496 3833 partem

1921 3873 2205 3944 quamdam
2237 3867 2441 3932 mutuli,
2478 3874 2640 3934 atque
2676 3860 2820 3914 illam
2845 3860 3060 3929 quidem
3094 3858 3364 3924 exiguam,
3401 3869 3498 3923 pro

1921 3966 2038 4034 ipso
2094 3960 2277 4016 dedit?
2308 3956 2612 4025 Quinetiam
2653 3954 2755 4007 hoc
2792 3949 3024 4004 fortasse
3069 3958 3212 4003 recte
3259 3947 3362 4001 dici
3405 3961 3499 4016 po-

1926 4054 2072 4120 terit,
2118 4054 2452 4117 redemptum
2497 4059 2620 4101 esse
2660 4039 2920 4098 tuuudum
2964 4038 3096 4094 nihil
3144 4039 3431 4093 habentem
3467 4054 3499 4093 a

1925 4148 2072 4211 Deo,
2130 4143 2225 4199 sed
2288 4156 2414 4197 suas
2478 4138 2646 4210 ipsius
2699 4146 2884 4209 partes
2935 4132 3293 4201 redemptioui
3356 4132 3500 4185 inse-

1927 4226 2133 4296 ruisse.‘
2978 4231 2981 4235 ’

1994 4326 2055 4386 Β.
2091 4329 2257 4384 Aiunt
2290 4326 2505 4397 quidem
2532 4322 2717 4375 datum
2743 4334 2865 4375 esse
2893 4333 2921 4372 a
2950 4318 3111 4371 Patre
3156 4313 3500 4385 Unigenitum

1928 4435 1989 4480 ut
2024 4438 2112 4478 res
2145 4429 2360 4475 nustras
2389 4415 2751 4476 administret,
2787 4427 2892 4466 non
2930 4420 3108 4463 autem
3161 4407 3212 4461 in
3262 4422 3356 4460 sua
3410 4420 3502 4458 na-

232 4508 596 4581 ἀνθρωπίνων
629 4505 794 4570 αὐτὸς
839 4508 919 4569 εις
948 4506 1087 4559 ἰδίαν
1124 4503 1289 4575 φύσιν
1310 4521 1324 4536 ο
1354 4506 1637 4577 ἀμήχανον
1686 4506 1807 4577 γάρ

1926 4527 2046 4572 tura
2078 4515 2371 4569 humanum
2400 4508 2603 4577 aliquid
2633 4505 2903 4576 patiatur;
2934 4515 3054 4554 nam
3100 4501 3204 4555 hoc
3238 4498 3351 4551 ﬁeri
3398 4514 3501 4550 non

309 4690 376 4744 Α.
417 4684 588 4741 Πάθοι
622 4684 724 4756 μὲν
756 4684 823 4740 ειν
850 4684 1013 4749 αὐτὸς
1042 4685 1120 4749 εἰς
1152 4684 1288 4739 ἰδίαν
1316 4684 1480 4755 φύσιν
1509 4684 1573 4739 τὸ
1602 4685 1826 4757 σύμπαν

237 4781 413 4843 οὐδέν.
460 4779 776 4850 ’Δσώματος
819 4776 929 4848 γὰρ
974 4776 1241 4848 ὑπάρχων
1271 4777 1347 4840 ὡς
1395 4777 1548 4842 Θεὸς,
1587 4777 1693 4844 ἐξω
1721 4793 1827 4832 που

241 4874 461 4936 πάντως
488 4870 731 4925 κείσεται
758 4869 853 4924 τοῦ
881 4866 1074 4928 παθεῖν
1094 4882 1108 4899 ο
1132 4869 1260 4924 ἐπεὶ
1282 4869 1342 4923 δὲ
1367 4868 1507 4924 κατά
1538 4870 1638 4940 τὴν
1658 4869 1825 4924 αὐτοῦ

240 4965 452 5038 φωνὴν,
481 4963 580 5036 τὴν
605 4963 695 5018 διά
723 4980 810 5032 γε,
852 4962 1018 5033 φημὶ,
1047 4961 1147 5033 τῆς
1174 4961 1269 5015 τοῦ
1301 4961 1610 5027 Ψάλλοντος
1632 4962 1824 5035 λύρας,

242 5056 408 5127 σῶμα
424 5054 573 5127 αὐτῴ
590 5055 949 5127 κατήρτισται
979 5056 1129 5124 παρα
1159 5052 1252 5107 τοῦ
1283 5051 1514 5125 [ἰατρὸς.
1543 5053 1826 5124 παρῆλθεν

244 5148 583 5219 ὲνσώματος,
617 5147 711 5201 τοῦ
748 5145 974 5216 ποιῆσαι
1007 5146 1066 5200 τὸ
1099 5144 1310 5217 θέλημα
1338 5144 1525 5203 αὑτοῦ.
1563 5146 1734 5201 Τοῦτο
1768 5146 1824 5201 δὲ

243 5232 314 5311 ἦν
350 5241 383 5311 ἡ
417 5239 504 5293 διὰ
540 5238 635 5292 τοῦ
673 5239 855 5311 τιμίου
905 5237 1141 5308 σταυροῦ
1187 5237 1455 5310 λύτρωσις
1494 5238 1588 5293 καὶ
1624 5240 1826 5293 άνακεο

245 5333 549 5401 φαλαίωτις
581 5330 689 5384 τῶν
729 5331 888 5396 ὅλων,
924 5329 990 5383 δι’
1018 5328 1182 5383 αὑτοῦ
1212 5345 1272 5383 τε
1316 5331 1409 5383 καὶ
1438 5332 1517 5393 εἰς
1562 5330 1725 5385 αὑτὸν
1762 5326 1823 5385 εὖ

248 5425 397 5495 μάλα
436 5423 866 5495 κατορθουμένη.
914 5422 1251 5492 Συλλήψεται
1278 5422 1337 5477 δὲ
1364 5418 1445 5487 οἷς
1488 5423 1624 5495 ἔφην
1676 5425 1768 5479 καὶ
1801 5427 1829 5478 ό

249 5518 583 5587 πανάριστος
603 5515 833 5579 Παῦλος,
854 5514 954 5567 ὡδὶ
970 5514 1283 5585 γεγραφώςο
1325 5536 1347 5571 ι
1380 5516 1550 5572 Τοῦτο
1582 5520 1828 5589 φρονεῖτε

248 5613 480 5673 ἕκαστος
511 5612 567 5663 ὲν
601 5610 728 5679 ὑμῖν
757 5608 961 5671 αὐτοῖς,
990 5606 1019 5659 δ
1047 5609 1141 5661 καὶ
1182 5609 1242 5660 έν
1274 5609 1494 5681 Χριστῶ
1535 5610 1732 5675 Ίτισοῦ,
1773 5610 1831 5674 ὃς

327 5790 369 5819 ⁸⁸
408 5786 562 5841 Joau.
604 5803 684 5853 ιιι,
729 5786 806 5842 ιθ.
887 5786 927 5818 ³¹
970 5783 1123 5839 Jozin.
1168 5799 1205 5846 t,
1242 5785 1324 5837 18.

1928 4614 2130 4680 potest.

1998 4699 2064 4753 Α.
2107 4696 2225 4766 Ipse
2260 4702 2408 4749 certe
2438 4691 2495 4746 in
2518 4706 2615 4746 sua
2644 4694 2839 4742 natura
2863 4684 2997 4739 nihil
3022 4680 3241 4738 omnino
3272 4680 3498 4751 patitur.

1921 4792 2061 4849 Cum
2090 4791 2237 4845 enim
2268 4788 2339 4844 sit
2378 4787 2754 4853 incorporeus,
2784 4789 2842 4835 ut
2885 4778 3055 4842 Deus,
3090 4775 3357 4846 passionis
3388 4790 3505 4829 om-

1922 4885 2014 4941 nis
2037 4896 2231 4951 expers
2259 4887 2362 4935 est.
2385 4879 2521 4934 Cum
2551 4889 2685 4931 vero
2722 4873 2873 4942 juxta
2898 4871 3068 4941 ipsius
3104 4884 3315 4933 vocem,
3348 4866 3501 4937 juxta

1928 4976 2173 5040 Doridis,
2207 4973 2456 5044 inquam,
2491 4969 2689 5041 lyram,
2722 4979 2919 5035 corpus
2947 4964 2996 5017 ei
3027 4978 3055 5016 a
3088 4960 3249 5016 Patre
3280 4971 3501 5030 coapta-

1929 5078 2042 5123 tum
2077 5074 2178 5132 est,
2201 5076 2495 5133 corporeus
2518 5059 2738 5115 advenit
2764 5066 2824 5112 ut
2847 5064 3237 5125 exsequeretur
3260 5052 3503 5109 volunta-

1930 5170 2044 5214 tem
2075 5157 2269 5211 ναις-ιι.
2300 5153 2423 5209 Hanc
2450 5164 2613 5221 porro
2637 5159 2756 5206 erat
2784 5146 3083 5215 redemptio
3113 5159 3208 5213 per
3233 5158 3502 5200 veneran-

1935 5253 2054 5307 dam
2087 5265 2151 5304 ae
2192 5247 2485 5318 pretiosam
2533 5256 2772 5307 crucem,
2815 5251 2979 5311 atque
3023 5239 3346 5293 instauratio
3384 5239 3507 5292 uui-

1932 5354 2213 5395 versurum
2256 5354 2353 5407 per
2408 5338 2583 5405 ipsum
2630 5343 2684 5389 et
2736 5332 2788 5387 lu
2840 5332 2954 5401 ipso
3008 5329 3211 5399 optime
3265 5316 3503 5398 peracta.

1933 5428 2212 5485 Consentit
2244 5444 2370 5481 vero
2398 5428 2467 5481 iis
2493 5440 2613 5497 quae
2653 5425 2788 5478 dixit
2818 5424 2980 5477 etiam
3012 5421 3248 5491 Optimus
3281 5417 3502 5485 Paulus,

1934 5518 2010 5569 ita
2043 5515 2287 5570 scribens
2322 5532 2337 5569 :
2367 5531 2386 5566 ι
2420 5513 2532 5569 lloc
2554 5513 2697 5568 enim
2745 5512 2941 5567 sentite
2983 5511 3033 5564 in
3081 5510 3253 5573 vobis,
3285 5510 3425 5579 quod
3455 5509 3509 5564 i‘t

1939 5610 1991 5662 in
2018 5607 2237 5663 Christo
2267 5604 2420 5674 Iesu,
2448 5608 2538 5678 qui
2565 5623 2687 5663 cum
2714 5605 2784 5679 in
2819 5604 2992 5662 forma
3041 5602 3134 5659 Dei
3183 5610 3357 5658 esset;
3394 5616 3500 5655 non
