4038 6532
582 384 719 440 13ιῖ

1568 372 1621 427 S.
1663 367 1937 426 CYRILLI
1976 364 2449 423 ALEXANDRIM
2486 364 2803 422 ARCHIEP.

3709 358 3854 414 {313

577 497 818 569 rapinam
849 491 1146 549 arbitratus
1174 497 1290 555 est,
1321 502 1444 544 esse
1481 501 1540 543 se
1570 487 1831 558 aequalem
1871 486 2021 543 Deo:
2058 486 2153 542 sed

2263 487 2313 539 ὲν
2343 486 2525 557 μορφῇ
2560 483 2699 537 Θεοῦ
2733 483 3017 555 ὑπάρχων,
3052 482 3155 552 οὐχ
3185 478 3478 553 ἁρπαγμὸν
3510 477 3768 569 ἡγήσατο
3796 476 3855 526 τὸ

576 586 922 657 semetipsum
950 579 1270 647 exinanivit,
1300 578 1530 635 formam
1571 577 1715 634 servi
1754 577 2064 648 accipiens,
2098 577 2152 632 in

576 675 985 735 similitudinem
1015 670 1294 727 hominum
1336 669 1535 734 factus,
1576 677 1634 724 et
1676 667 1862 724 habitu
1903 668 2156 723 inventus

576 779 636 825 ιιι
660 769 841 825 Ιιοωο.
896 762 1211 820 Humiliavit
1250 761 1626 830 semetipsum,
1671 757 1847 814 factus
1893 757 2156 814 obedieus

577 875 747 933 usque
780 858 847 914 ad
875 866 1124 921 mortem,
1182 863 1413 909 mortem
1458 860 1638 907 autem
1680 850 1881 907 crucis.
1926 850 2157 921 Propter

575 952 719 1024 quod
742 960 796 1007 et
823 951 964 1005 Deus
995 946 1253 1003 exaltavit
1277 945 1447 1009 illum,
1493 954 1550 999 et
1587 943 1807 999 donavit
1848 944 1924 1000 illi
1958 959 2152 1001 nomen

576 1043 719 1112 quod
745 1050 832 1096 est
871 1052 1034 1107 super
1069 1050 1229 1091 omne
1274 1049 1487 1097 nomen,
1572 1043 1632 1088 ut
1672 1034 1725 1088 in
1776 1033 1992 1091 nomine
2024 1031 2155 1090 Jesu

577 1134 777 1190 Christi
833 1145 994 1187 omne
1042 1142 1210 1199 genus
1260 1125 1543 1189 ﬂectatur,
1600 1124 1934 1193 caelestium,
1980 1134 2154 1183 terre-

577 1224 793 1285 strium,
819 1229 872 1274 et
901 1218 1258 1279 infernarum,
1301 1224 1354 1269 et
1397 1214 1576 1269 onmis
1612 1214 1796 1283 lingua
1835 1214 2155 1271 conﬁteatur

576 1314 700 1383 quia
730 1309 993 1363 Dominus
1011 1304 1166 1361 Jesus
1200 1302 1449 1358 Christus
1490 1302 1543 1357 in
1589 1303 1757 1374 gloria
1800 1312 1884 1359 est
1922 1303 2016 1359 Dei
2059 1302 2155 1358 Pa-

578 1401 677 1457 tris
699 1400 764 1457 ³³.
815 1418 835 1451 ι
868 1398 1036 1465 Quem
1072 1397 1219 1451 enim
1252 1409 1373 1450 esse
1404 1395 1564 1461 dicis,
1599 1398 1691 1465 qui
1722 1405 1809 1451 est
1845 1397 2061 1463 quidem
2099 1397 2152 1451 in

577 1489 749 1546 forma
806 1487 901 1543 Dei
955 1502 1021 1541 ac
1071 1484 1271 1551 Patris,
1318 1494 1373 1540 et
1425 1500 1547 1540 eum
1606 1485 1876 1557 integrum
1921 1487 1970 1541 ei
2010 1497 2156 1543 esset

576 1579 833 1652 aequalem
866 1578 1016 1634 Patri
1064 1590 1422 1647 permanere,
1476 1592 1581 1631 non
1633 1580 1872 1647 rapinam
1918 1577 2155 1633 arbitra-

578 1680 664 1725 tus
695 1678 778 1725 est
802 1667 1057 1724 eximiam
1098 1666 1241 1720 illam
1272 1676 1433 1735 atque
1463 1667 1700 1722 divinam
1729 1668 2067 1739 dignitatem,
2101 1677 2157 1723 et

582 1777 739 1831 supra
766 1775 956 1815 omnes
976 1758 1399 1815 excellentiam?
1434 1775 1574 1813 anne
1609 1761 1775 1815 Deum
1819 1760 2049 1817 Verbum
2088 1776 2154 1816 ex

2260 573 2401 631 εἶναι
2432 578 2523 631 ῐσα
2552 576 2693 647 Θεῷ,
2730 576 2846 630 ἀλλ’
2890 576 3085 630 ἑαυτὸν
3116 573 3371 638 ἑκὲνωσε,
3409 570 3629 642 μορφὴν
3656 568 3853 623 δούλου

2258 666 2458 733 λαϐὼν,
2492 668 2551 721 ὲν
2582 668 2887 739 ὁμοιώματι
2916 666 3222 739 ἀνθρώπων
3244 664 3559 735 γενόμενος,
3588 659 3691 715 καὶ
3718 662 3853 729 σιήο

2263 775 2395 829 ματι
2426 759 2672 831 εὑρεθεὶς
2706 758 2782 821 ὡς
2809 758 3117 831 ἄνθρωπος.
3181 754 3579 811 Ἑταπείνωσεν
3629 752 3851 813 ἑαυτὸν.

2258 852 2551 922 γενόμενος
2578 850 2819 920 ὑπήκοος
2853 849 3015 920 μέχρι
3045 847 3303 913 θανάτου,
3332 845 3568 901 θανάτου
3593 844 3658 897 δὲ
3686 859 3853 896 meo

2264 942 2381 1015 ροῦ·
2412 942 2493 997 διὸ
2522 942 2618 997 καὶ
2643 944 2672 995 6
2706 941 2839 1005 Θεὸς
2861 940 3027 995 αὑτὸν
3059 938 3410 1012 ὑπερύψωσε,
3431 937 3531 990 καὶ
3551 934 3853 1006 ἐχαρίσατο

2262 1032 2410 1104 αὑτῷ
2439 1034 2610 1104 ὁνομα
2642 1031 2705 1085 τὸ
2732 1030 2873 1103 ὑπὲρ
2913 1032 3021 1086 πᾶν
3052 1029 3245 1100 ὄνομα,
3292 1027 3381 1081 ἴνα
3408 1028 3466 1081 ὲν
3508 1024 3591 1096 τῷ
3624 1024 3857 1093 ὀνόματι

2275 1124 2450 1198 Ἰησοῦ
2497 1123 2738 1197 Χριστοῦ
2790 1124 2900 1178 πᾶν
2928 1122 3059 1191 γόνυ
3103 1122 3297 1194 κάμψῃ
3336 1119 3707 1191 ἐπουρανίων,
3734 1118 3855 1169 ἔπιε

2258 1217 2426 1287 γειων
2457 1218 2553 1271 καὶ
2609 1214 3003 1287 καταχθονίων,
3038 1217 3133 1270 καὶ
3166 1217 3316 1270 πᾶσα
3342 1213 3566 1283 γλῶσσα
3593 1210 3853 1279 ἐξομολο-

2259 1309 2519 1380 γήσηται,
2549 1309 2633 1362 ὅτι
2660 1309 2862 1382 Κύριος
2894 1307 3103 1379 Ἰησοῦς
3132 1307 3368 1379 Χριστὸς
3395 1308 3477 1370 εἰς
3503 1304 3671 1370 δόξαν
3715 1302 3852 1357 Θεοῦ

2261 1400 2495 1471 Πατρός.
2533 1419 2553 1453 ι
2590 1401 2725 1455 Τίνα
2764 1400 2871 1472 γάρ
2902 1395 3044 1453 εἶναι
3088 1400 3195 1469 φὴς
3251 1400 3343 1453 τὸν
3385 1397 3712 1468 ὑπάρχοντα
3757 1395 3856 1465 μὲν

2261 1493 2320 1549 ἐν
2351 1493 2533 1564 μορφῇ
2564 1490 2661 1545 τοῦ
2705 1490 2842 1544 Θεοῦ
2875 1492 2972 1546 καὶ
3014 1490 3248 1561 Πατρὸς,
3280 1484 3399 1543 εἶτα
3436 1490 3625 1559 μένειν
3653 1486 3779 1551 ἐξὸν
3801 1488 3857 1538 ὲν

2266 1589 2471 1660 ἰσότητι
2509 1587 2647 1659 πρὸς
2690 1587 2873 1652 αὑτὸν,
2923 1587 3022 1657 οὐχ
3070 1585 3361 1657 ἁρπαγμὸν
3393 1583 3756 1656 ἡγησάμενον
3797 1580 3859 1633 τὸ

2261 1679 2540 1750 ὑπερφυὲς
2566 1677 2711 1732 οὕτω
2733 1679 2829 1732 καὶ
2856 1676 3160 1745 θεοπρεπὲς
3180 1675 3415 1746 ἀξίωμα,
3446 1675 3546 1728 καὶ
3571 1672 3680 1744 τὴν
3714 1671 3859 1723 κατὰ

2261 1773 2483 1827 πάντων
2525 1772 2825 1843 ὑπεροχήν·
2856 1770 2978 1841 οὐχὶ
3001 1769 3094 1823 τὸν
3123 1770 3180 1835 ἐξ
3208 1766 3371 1821 αὐτοῦ
3398 1764 3692 1837 πεφηνότα
3723 1761 3857 1815 Θεὸν

580 1852 862 1909 Patre?At
892 1853 1161 1921 quomodo
1195 1867 1301 1905 non
1330 1852 1582 1907 omnibus
1619 1853 1903 1908 manifesta
1934 1856 2049 1909 haec
2074 1870 2156 1911 res

2263 1863 2470 1932 Λόγον;
2524 1858 2658 1916 Εἶτα
2703 1863 2822 1927 πῶς
2869 1862 2969 1932 οὐχ
3024 1860 3229 1916 ἅπασιν
3276 1858 3510 1929 ἐναργὲς
3555 1856 3622 1909 τὸ
3664 1854 3856 1927 χρῆμά

579 1946 689 2001 sit?
718 1946 982 2001 Caeterum
1022 1945 1160 1998 idem
1202 1944 1254 1998 in
1293 1944 1465 1997 forma
1488 1942 1667 2000 Patris
1692 1946 1984 2012 exsistens,
2000 1946 2160 2016 eique

579 2040 827 2110 aequalis,
854 2038 1027 2093 forma
1072 2037 1213 2093 servi
1257 2046 1511 2106 accepta,
1559 2052 1666 2092 non
1702 2039 1996 2093 secundum
2029 2041 2158 2095 stri-

579 2143 720 2187 ctam
747 2131 985 2201 aliquam
1016 2128 1478 2197 cutijunctionem,
1520 2130 1572 2183 in
1613 2129 2026 2185 similitudinem
2058 2131 2163 2187 ho-

579 2225 781 2279 minum
808 2222 1012 2286 factus,
1041 2233 1202 2291 atque
1226 2220 1409 2274 habitu
1447 2220 1697 2276 inventus
1726 2230 1786 2275 ut
1816 2221 1977 2277 homo
2008 2221 2161 2294 (erat

579 2315 719 2370 enim
752 2314 911 2371 simul
960 2314 1122 2369 etiam
1186 2312 1380 2383 Deus),
1406 2312 1711 2368 humiliavit
1764 2315 2158 2386 semetipsum;

580 2405 754 2462 lactus
790 2414 969 2461 autem
1003 2405 1261 2460 ohedieus
1304 2418 1476 2474 usque
1510 2405 1580 2460 ad
1624 2415 1895 2473 mortem,
1926 2416 2160 2463 mortem

578 2509 758 2551 autem
783 2512 986 2553 οτυειε.

650 2608 815 2679 770
848 2607 909 2661 Β.
951 2608 1021 2662 At
1043 2607 1246 2663 dictum
1276 2616 1380 2675 est,
1425 2608 1713 2680 inquiunt,
1746 2610 1814 2667 de
1850 2610 1976 2676 illo,
2018 2610 2160 2679 quod

580 2705 726 2758 dedit
762 2703 835 2756 illi
875 2702 1017 2757 Deus
1048 2717 1243 2757 nomen
1267 2703 1411 2773 quod
1437 2714 1521 2759 est
1558 2718 1720 2771 super
1744 2718 1904 2761 omne
1942 2719 2160 2771 nomen,

578 2804 640 2848 ut
669 2794 722 2847 in
758 2791 978 2847 nomine
1016 2791 1143 2848 Jesu
1176 2807 1338 2847 omne
1386 2808 1524 2863 genu
1574 2792 1845 2848 ﬂectatur.
1888 2792 1988 2848 llie
2033 2808 2162 2849 vero

579 2897 702 2939 cum
724 2894 870 2938 esset
896 2881 1151 2949 Verbum,
1180 2898 1246 2938 ac
1278 2884 1502 2954 proinde
1529 2887 1691 2952 Deus,
1721 2900 1828 2955 quo
1858 2896 2016 2956 pacto
2042 2900 2165 2941 ceu-

582 2974 692 3030 seri
735 2984 916 3043 potest
955 2974 1274 3043 accepisse?
1317 2974 1693 3030 Necessarium
1751 2976 1916 3046 igitur
1967 2986 2053 3031 est
2104 2984 2163 3031 ut

582 3068 761 3138 potius
785 3068 987 3122 homini
1017 3078 1293 3137 assumpto
1317 3083 1518 3124 nomen
1543 3070 1684 3139 quod
1708 3079 1790 3124 est
1816 3085 1978 3138 super
1999 3084 2161 3125 omne

580 3173 775 3215 nomen
820 3159 1006 3214 datum
1054 3159 1445 3230 intelligamus,
1481 3176 1549 3216 ne
1587 3163 1717 3231 quid
1758 3161 1827 3217 de
1875 3160 2160 3233 Unigenito

577 3256 819 3328 cogitare
851 3255 1133 3311 videamur
1165 3254 1307 3326 quod
1337 3254 1407 3309 ab
1434 3269 1501 3311 eo
1526 3255 1599 3311 sit
1623 3255 1878 3311 alienum.

654 3372 719 3425 Α.
760 3368 872 3424 Imo
901 3382 1029 3423 vero
1054 3364 1320 3436 quomodo
1345 3381 1450 3420 non
1482 3366 1552 3422 sit
1575 3365 1744 3421 multo
1773 3366 1945 3422 satius
1975 3365 2163 3422 dicere

576 3467 761 3521 datum
787 3464 839 3518 id
866 3475 987 3517 esse
1009 3476 1038 3515 a
1070 3458 1231 3515 Patre
1260 3458 1491 3514 naturali
1540 3456 1677 3513 Filio
1705 3468 1924 3530 propter
1953 3474 2049 3514 nos
2082 3460 2166 3513 in-

579 3566 827 3619 ear-nato,
876 3561 935 3606 ut
985 3553 1149 3607 etiam
1200 3551 1254 3606 in
1307 3551 1542 3606 humana
1595 3562 1789 3605 natura
1834 3552 2163 3623 intelligatur

581 3649 755 3712 Deus,
799 3656 853 3701 et
893 3645 947 3699 in
992 3660 1202 3700 summa
1243 3644 1560 3700 celsitudine
1598 3645 1927 3701 constitutus
1967 3646 2057 3717 qui
2099 3661 2159 3703 se

580 3754 681 3810 pro
714 3736 869 3793 nobis
916 3736 1242 3799 humiliavit,
1285 3751 1352 3790 ne
1390 3750 1560 3789 novus
1592 3735 1811 3806 quidam
1858 3745 1913 3791 et
1967 3752 2159 3792 recens

581 3831 721 3887 Dens
755 3830 959 3899 angelis
988 3840 1150 3899 atque
1187 3829 1499 3883 hominibus
1540 3837 1898 3898 proponatur,
1928 3830 2015 3884 cui
2046 3829 2159 3885 dei-

580 3923 709 3976 tatis
737 3921 903 3992 gloria
932 3918 1301 3975 essentialiter
1346 3933 1452 3973 non
1490 3919 1650 3984 insit,
1685 3920 1780 3975 sed
1822 3921 2159 3977 extrinsecus

580 4012 892 4078 advenerit,
933 4020 1188 4079 tanquam
1234 4008 1347 4065 sola
1394 4009 1667 4064 voluntate
1705 4008 1800 4065 Dei
1836 4026 1900 4066 ac
1956 4009 2154 4067 Patris.

580 4103 684 4175 ipsi
711 4106 892 4173 itaque
924 4102 1101 4157 Verbo
1144 4116 1209 4156 ex
1258 4099 1366 4155 Deo
1406 4100 1564 4157 Patre
1603 4105 1785 4169 genito
1812 4104 1999 4158 datum
2036 4117 2160 4160 esse

579 4194 809 4250 dicimus
839 4207 1032 4247 nomen
1057 4190 1198 4262 quod
1224 4200 1307 4246 est
1342 4205 1506 4261 super
1532 4205 1695 4247 omne
1725 4207 1940 4247 nomen.

644 4389 705 4443 Β.
747 4387 1002 4444 Omnino.

649 4504 716 4558 Α.
759 4502 943 4574 Neque
984 4519 1112 4560 vero
1158 4520 1340 4561 sermo
1387 4516 1573 4562 noster
1617 4521 1649 4561 α
1690 4522 1852 4577 scopo
1902 4509 2153 4574 aberrat,

580 4596 846 4667 siquidem
882 4612 1070 4651 verum
1109 4607 1223 4662 est,
1264 4598 1406 4668 quod
1441 4614 1545 4653 non
1581 4600 1821 4670 rapinam
1862 4600 2157 4659 arbitratus

578 4698 664 4745 est
708 4704 767 4744 se
804 4703 925 4744 esse
967 4689 1232 4759 aequalem
1277 4689 1433 4745 Deo:
1479 4692 1759 4748 descendit
1815 4708 1942 4749 vero
1982 4694 2050 4749 ad
2098 4691 2151 4748 id

576 4780 725 4850 quod
754 4794 857 4834 non
887 4789 970 4835 est
998 4779 1316 4851 gloriosum,
1354 4793 1624 4851 quatenus
1660 4785 1833 4839 iactus
1856 4794 1942 4839 est
1970 4785 2155 4841 homo.

578 4870 784 4925 idcirco
811 4872 975 4926 etiam
1004 4872 1184 4927 dixit:
1220 4890 1239 4925 ι
1275 4873 1434 4932 Pater
1477 4876 1651 4947 major
1685 4891 1772 4935 me
1818 4886 1903 4933 est
1923 4877 1991 4943 ³³,
2021 4894 2040 4930 ι
2076 4886 2157 4932 ta-

577 4963 735 5019 metsi
761 4978 978 5034 semper
1018 4964 1073 5019 in
1103 4964 1196 5021 illo
1228 4966 1333 5032 sit,
1361 4976 1629 5036 quatenus
1668 4978 1753 5024 est
1788 4969 1957 5035 Deus,
1985 4978 2043 5026 et
2085 4984 2153 5025 ex

576 5054 697 5128 ipso
731 5056 943 5127 genitus
964 5056 1263 5114 secundum
1310 5069 1592 5124 naturam,
1622 5060 1991 5117 omnimodam
2027 5077 2153 5118 cum

579 5149 696 5217 ipso
733 5148 1135 5203 similitudinem
1180 5148 1415 5216 habens,
1458 5160 1515 5205 et
1571 5151 1787 5206 deitatis
1818 5151 1989 5221 gloria
2028 5153 2152 5209 illu-

576 5240 724 5295 stris.
746 5237 996 5309 Oportuit
1033 5239 1217 5310 itaque
1254 5255 1378 5295 eum
1423 5241 1515 5312 qui
1554 5249 1773 5312 propter
1808 5257 1908 5299 nos
1936 5245 2004 5299 ad
2049 5244 2144 5300 hu-

577 5345 750 5386 mana:
773 5340 977 5384 natura:
1015 5330 1352 5387 conditiones
1392 5346 1450 5388 se
1485 5333 1741 5399 demisit,
1778 5337 2007 5391 naturali
2052 5350 2155 5393 suo

578 5419 864 5489 splendore
912 5428 1078 5490 atque
1125 5420 1443 5477 excellentia
1497 5438 1837 5495 nequaquam
1888 5426 2151 5484 destitui:

577 5511 673 5566 sed
703 5509 1036 5566 exinanitum
1069 5517 1350 5584 nostrique
1383 5516 1617 5570 similem
1647 5516 1849 5573 factum
1871 5559 1886 5582 ,
1919 5519 2153 5587 plenitu-

577 5601 757 5655 dinem
788 5599 1012 5659 Deitatis
1054 5603 1290 5672 habere,
1340 5616 1393 5663 et
1429 5608 1483 5661 in
1522 5606 1831 5665 humilitate
1872 5610 2149 5669 celsitudi—

648 5784 691 5815 ⁸¹
731 5780 959 5845 Philipp.
992 5799 1050 5848 ιι,
1084 5786 1239 5841 511.
1318 5788 1362 5819 ⁸³
1398 5785 1557 5843 Joan.
1606 5804 1660 5851 κ.
1691 5788 1761 5847 28

2262 1956 2449 2023 ἔστινς
2494 1954 2635 2009 Ἀλλ’
2678 1948 2831 2018 οὗτος
2863 1952 3027 2017 αὐτὸς
3056 1953 3114 2006 ἑν
3151 1952 3333 2023 μορφῇ
3366 1949 3460 2003 καὶ
3498 1947 3717 2017 ἰσότητι
3756 1945 3851 1998 τοῦ

2262 2046 2496 2119 Πατρὸς,
2550 2046 2765 2119 μορφὴν
2799 2044 2987 2099 δούλου
3020 2042 3224 2106 λαϐὼν,
3272 2043 3335 2095 οὐ
3370 2039 3516 2095 κατὰ
3550 2039 3855 2109 συνάφειαν

2264 2140 2541 2212 σχετικὴν,
2584 2141 2642 2193 ιν
2690 2138 2996 2210 ὁμοιώματι
3042 2135 3348 2208 ἀνθρώπων
3389 2134 3720 2205 γενόμενος,
3762 2133 3855 2184 καὶ

2263 2236 2503 2305 σχήματι
2530 2231 2776 2304 εὑρεθεὶς
2805 2232 2883 2293 ὼς
2907 2229 3190 2302 ἄνθρωπος
3221 2224 3312 2300 (ἦν
3340 2225 3449 2298 γάρ
3484 2224 3632 2295 μετὰ
3660 2223 3853 2277 τούτου

2260 2327 2356 2381 καὶ
2386 2326 2563 2395 Θεὸς),
2592 2323 2953 2378 ἐταπείνωσεν
3002 2322 3212 2385 ἑαυτὸν,
3252 2322 3442 2391 γέγονε
3495 2319 3556 2372 δὲ
3608 2317 3854 2387 ὑπήκοος

2264 2420 2427 2490 μέχρι
2454 2417 2708 2482 θανάτου,
2740 2414 2970 2470 Θανάτου
2998 2414 3054 2467 δὲ
3090 2410 3345 2484 σταυροῦ.
3440 2452 3453 2466 .

2334 2620 2393 2673 Β.
2430 2616 2566 2671 Ἀλλ’
2594 2616 2836 2688 εἴρηται,
2872 2614 3025 2683 φασὶ,
3070 2610 3200 2683 περὶ
3229 2609 3418 2672 αὑτοῦ,
3442 2610 3527 2663 ὅτι
3557 2608 3852 2679 ἐχαρίσατο

2261 2710 2409 2781 αὐτῷ
2453 2710 2481 2762 6
2518 2707 2650 2771 Θεὸς
2697 2707 2869 2776 δνομα
2912 2704 2975 2758 τὸ
3018 2703 3159 2775 ὑπὲρ
3193 2703 3300 2756 πᾶν
3328 2702 3520 2769 ὄνομα,
3552 2699 3644 2753 ἴνα
3694 2701 3753 2752 εν
3780 2697 3853 2767 τῷ

2260 2800 2484 2871 ὁνὸματι
2524 2795 2699 2867 ’ῐησοῦ
2729 2797 2836 2851 πᾶν
2864 2794 2994 2863 γόνυ
3021 2791 3236 2863 κάμψῃ.
3296 2793 3360 2845 Ὀ
3392 2790 3449 2844 δὲ
3482 2786 3555 2861 ἦν
3579 2792 3606 2844 ὁ
3657 2790 3852 2857 Λόγος,

2259 2889 2415 2963 δῆλον
2442 2889 2499 2943 δὲ
2529 2890 2612 2942 ὃτι
2644 2886 2799 2951 Θεὸς,
2831 2884 2947 2948 πῶς
2974 2883 3041 2938 ἂν
3074 2886 3244 2937 νοοῖτο
3296 2881 3513 2949 λαῦὠνς
3558 2882 3725 2935 Ἐστι
3748 2883 3855 2934 τοι-

2242 2984 2355 3038 νυν
2379 2983 2696 3050 ἀναγκαῖον,
2728 2976 2807 3049 τῷ
2834 2976 3196 3048 άναληφθέντι
3230 2976 3428 3047 μᾶλλον
3454 2972 3739 3045 ἀνθρώπῳ
3773 2971 3854 3025 δε.

2259 3072 2635 3140 δόσθαιλέγειν
2658 3070 2719 3123 τὸ
2738 3069 2879 3139 ὑπὲρ
2902 3069 3010 3122 πᾶν
3035 3066 3225 3138 ὄνομα,
3250 3067 3335 3120 ἴνα
3361 3068 3435 3138 μή
3454 3083 3507 3119 τι
3535 3065 3649 3119 τῶν
3671 3067 3853 3119 amot-

2261 3167 2434 3220 κότων
2463 3162 2786 3236 φρονοῦντες
2812 3159 3164 3233 άλισκώμεθα
3198 3160 3328 3232 περὶ
3353 3158 3446 3213 τοῦ
3481 3156 3851 3227 Μονογενοῦς.

2328 3363 2394 3417 A.
2435 3356 2567 3416 Εἶτα
2613 3359 2732 3424 πῶς
2770 3358 2870 3413 οὐκ
2904 3356 3125 3429 ἄμεινον
3158 3356 3533 3429 ἀσυγκρίτως,
3571 3356 3850 3429 ινανθρω-

2257 3452 2496 3524 πήσαντι
2521 3451 2587 3504 δι’
2610 3450 2757 3523 ἡμᾶς
2781 3446 2859 3519 τῷ
2879 3446 3022 3503 κατὰ
3045 3446 3207 3518 φύσιν
3233 3447 3365 3517 Υιῷ,
3392 3447 3642 3502 δεδόσθαι
3674 3447 3850 3517 λέγειν

2258 3542 2407 3615 αὐτῷ
2424 3561 2498 3597 πα
2504 3542 2575 3617 ρὰ
2588 3540 2681 3595 τοῦ
2697 3542 2807 3594 Πατ
2818 3540 2929 3613 ρὸς,
2944 3540 3033 3596 ἵνα
3049 3540 3142 3596 καὶ
3162 3542 3218 3594 ἐν
3240 3539 3623 3612 άνθρωπὸτητι
3663 3541 3851 3612 νοῆται

2258 3637 2412 3700 Θεὸς,
2440 3636 2536 3689 καὶ
2584 3635 2644 3687 ἐν
2669 3633 3000 3705 ὑπερτάτοις
3023 3631 3333 3704 ὑψώμασιν,
3368 3634 3395 3686 ὁ
3432 3634 3531 3705 τὴν
3555 3632 3687 3686 καθ’
3709 3633 3850 3703 ημᾶς

2259 3727 2586 3784 ταπείνωσιν
2623 3724 2879 3791 ἀνατλὰς,
2917 3724 3006 3777 ἴνα
3035 3724 3111 3795 μὴ
3138 3724 3256 3787 νέος
3287 3726 3380 3777 καὶ
3412 3725 3729 3797 ἀρτιφανὴς
3754 3726 3849 3793 ἁγ-

2263 3821 2439 3891 γέλοις
2468 3836 2529 3873 τε
2556 3818 2651 3873 καὶ
2680 3816 2989 3891 ἀνθρώποις
3028 3815 3409 3889 εῑσκομίζηται
3437 3817 3591 3883 Θεὸς,
3618 3817 3727 3891 τὴν
3755 3818 3847 3887 τῆς

2266 3911 2518 3984 θεότητος
2547 3908 2725 3975 δόξαν,
2763 3909 2865 3963 οὐκ
2914 3906 3187 3972 οὐσιωδῶς
3238 3907 3660 3980 ἐνυπάρχουσαν
3690 3909 3845 3979 ἔχων,

2263 4004 2377 4059 ἀλλ’
2413 4002 2613 4068 ἔξωθεν
2646 4001 3087 4073 εῐσκεκριμένην,
3132 4001 3225 4053 καὶ
3255 4000 3330 4064 ὡς
3359 4002 3417 4054 ὲν
3459 4002 3601 4074 μόνῃ
3630 4000 3846 4072 θελήσει

2258 4095 2355 4149 τοῦ
2380 4094 2515 4149 Θεοῦ
2556 4096 2647 4147 καὶ
2675 4092 2909 4164 Πατρός.
2941 4090 3101 4161 Δύτῷ
3126 4090 3192 4162 δὴ
3234 4086 3326 4144 οῦν
3355 4090 3462 4161 ἄρα
3498 4091 3582 4163 τῷ
3610 4094 3678 4147 ὲκ
3717 4092 3845 4147 Θεοῦ

2259 4188 2475 4261 Πατρὸς
2526 4186 2685 4257 φύντι
2722 4186 2883 4257 Λόγῳ
2933 4183 3179 4238 δεδόσθαι
3228 4184 3407 4255 φαμὲν
3458 4185 3518 4237 τὸ
3567 4186 3745 4256 ὄνομα
3785 4188 3843 4239 τὸ

2257 4280 2399 4352 ὑπὲρ
2426 4281 2534 4336 πᾶν
2559 4278 2751 4351 δνομα.

2186 4402 2231 4459 ι)
2332 4398 2390 4449 Β.
2437 4396 2582 4449 Πάνυ
2616 4395 2715 4466 μὲν
2746 4412 2862 4450 ουν.

2333 4512 2399 4566 Α.
2443 4506 2564 4563 Eiet
2590 4509 2645 4563 δὲ
2674 4510 2804 4581 ἡμῖν
2847 4509 2877 4561 ὁ
2915 4507 3073 4577 λόγος
3110 4508 3209 4561 οὐκ
3273 4507 3382 4561 ἀπὸ
3413 4508 3642 4567 σκοποῦ,
3687 4510 3843 4580 εἴπερ

2262 4603 2409 4656 ἐστὶν
2434 4603 2492 4656 οὐ
2523 4602 2982 4673 κατεψευσμένον,
3018 4599 3094 4665 ὡς
3138 4601 3236 4672 οὐχ
3267 4600 3564 4672 ἁρπαγμὸν
3598 4602 3841 4673 ἡγήσατο

2261 4696 2320 4749 τὸ
2348 4691 2486 4749 εἶναι
2522 4695 2613 4749 ἶσα
2640 4693 2782 4766 Θεῷ,
2812 4694 3255 4766 καταπεφοιτηκε
3293 4692 3351 4746 δέ
3393 4709 3513 4755 πως
3553 4694 3649 4745 ἐπὶ
3678 4692 3740 4747 τὸ
3770 4696 3843 4764 μὴ

2258 4786 2320 4840 ὃν
2346 4789 2403 4840 ὲν
2430 4786 2577 4857 δόξῃ,
2622 4786 2767 4840 καθά
2798 4786 3038 4858 πέφηνεν
3075 4785 3378 4857 ἄνθρωπος.
3426 4784 3727 4855 Τοιγάρτοι
3755 4789 3842 4840 καὶ

2260 4878 2532 4948 ἔφασκενο
2583 4898 2603 4931 ι
2664 4878 2724 4931 '0
2757 4876 2947 4950 Πατὴρ
3000 4875 3203 4948 μείζων
3238 4873 3338 4947 μού
3389 4876 3539 4930 ἔστι·
3595 4897 3614 4928 ι
3665 4878 3843 4931 καίτοι

2264 4973 2424 5045 μετὸν
2466 4971 2615 5044 αὐτῷ
2657 4970 2752 5025 καὶ
2780 4970 3140 5044 ἔνυπάρχοντι
3168 4968 3257 5023 ἀεὶ
3304 4968 3440 5023 καθὸ
3473 4971 3704 5035 νοεῖται,
3757 4972 3843 5025 καὶ

2261 5066 2376 5119 ἐστι
2407 5064 2560 5129 Θεὸς,
2590 5063 2685 5118 καὶ
2729 5060 2789 5128 ιε
2830 5061 2996 5116 αὐτοῦ
3025 5059 3348 5131 γεγέννηται
3378 5062 3519 5116 κατὰ
3561 5063 3753 5132 φύσιν,
3784 5064 3841 5118 τὸ

2261 5155 2692 5228 ἀπαραλλάκτως
2743 5153 2889 5226 ἔχειν
2932 5153 3068 5225 πρὸς
3101 5154 3210 5206 πᾶν
3256 5152 3458 5219 ὁτιοῦν,
3504 5155 3602 5208 καὶ
3635 5159 3709 5225 τῇ
3746 5157 3841 5226 τῆς

2257 5246 2510 5319 θεότητος
2554 5244 2943 5318 ἐναϐρύνεσθαι
2968 5246 3269 5320 δόξηἝδει
3299 5246 3363 5317 δὴ
3387 5241 3502 5309 οὖν,
3543 5245 3637 5299 τὸν
3666 5264 3840 5302 κατα-

2257 5340 2593 5413 φοιτήσαντα
2622 5338 2690 5392 δι’
2718 5340 2864 5410 ἡμᾶς
2910 5340 2992 5403 εις
3032 5338 3093 5392 τὸ
3130 5338 3231 5410 τῆς
3275 5338 3706 5410 ἀνθρωπὸτητος
3741 5340 3840 5406 μι-

2254 5449 2404 5504 τρον,
2463 5433 2564 5485 οὐκ
2613 5430 2973 5502 άπολισθῆσαι
3026 5431 3202 5486 δοκεῖν
3250 5430 3353 5501 τῆς
3405 5428 3637 5499 ἐνούσης
3690 5430 3839 5500 αὐτῷ

2254 5524 2397 5579 κατὰ
2425 5522 2587 5593 φύσιν
2616 5523 2996 5595 λαμπρότητος
3038 5525 3133 5576 καὶ
3177 5521 3470 5593 ὑπεροχῆς,
3508 5521 3626 5576 ἀλλ’
3654 5524 3718 5575 ὲν
3748 5538 3839 5575 κιο

2253 5614 2416 5672 νώσει
2443 5618 2508 5685 τῇ
2554 5613 2674 5669 καθ’
2714 5616 2861 5686 ἡμᾶς
2896 5614 2957 5669 τὸ
3003 5614 3211 5686 πλῆρες
3248 5615 3437 5690 ἔχοντα
3465 5613 3691 5678 θεῖκῶς,
3744 5612 3838 5668 καὶ
