4038 6536
230 357 368 417 1569

1356 350 1547 419 QUOD
1589 348 1772 406 UNUS
1813 347 1920 406 SIT
1961 348 2327 410 CHRISTUS.

3361 360 3502 419 13³0

230 480 289 530 ἐν
325 470 650 530 ταπεινώσει
696 470 756 524 16
794 471 1016 542 ὑψηλὸν,
1062 472 1153 525 καὶ
1195 469 1257 525 16
1305 470 1466 541 φύσει
1517 467 1719 541 προσὸν
1746 463 1821 530 ὡς

1940 483 2072 538 mem,
2103 479 2160 526 et
2187 471 2236 526 id
2274 471 2420 543 quod
2463 484 2656 530 natura
2692 473 2792 545 ipsi
2837 475 2980 531 inest
3023 473 3180 546 quasi
3222 448 3504 547 acceptum

231 568 376 623 6016v
404 564 490 620 διὰ
533 564 593 617 16
624 564 966 635 ἀνθρώπινον
996 563 1421 635 προσκυνεῖσθαι
1459 560 1599 633 πρὸς
1644 559 1818 613 ἁπάνο

231 677 356 714 των.
397 657 660 727 Κάμπτει
708 655 818 726 γὰρ
856 653 1005 724 αὐτῷ
1042 657 1149 708 πᾶν
1196 655 1326 724 γόνυ
1373 653 1481 708 τῶν
1526 669 1585 706 τε
1633 653 1692 705 ἐν
1725 651 1819 706 ού-

232 752 434 824 ρανοῐς,
468 747 563 803 καὶ
602 747 694 800 ἐπὶ
727 747 852 816 γῆς,
886 747 980 799 καὶ
1028 747 1136 799 πᾶν
1169 745 1357 816 τάγμα
1384 744 1675 812 δοξολογεϊ.
1708 741 1822 796 Κύ-

234 859 346 914 ριος
377 840 487 911 γὰρ
517 835 655 892 εἶναι
689 835 1008 891 πιστεύεται
1047 837 1283 909 Χριστὸς
1324 835 1532 906 Ἰησοῦς
1561 837 1640 898 εἰς
1663 835 1821 901 δόξαν

233 934 365 988 Θεοῦ
393 932 630 1004 Πατρός.
678 931 786 984 Καὶ
812 929 942 999 γοῦν
988 929 1092 1000 ἔφη
1124 931 1259 1001 πρὸς
1282 929 1372 984 16v
1397 930 1456 982 ἐν
1495 932 1608 993 τοῖς
1653 928 1821 998 ούρα-

234 1030 340 1092 νοῐς
374 1026 595 1097 Πατέρα
623 1024 716 1078 καὶ
753 1023 906 1078 Θεόν·
947 1042 965 1075 ι
1003 1024 1206 1092 Πάτερ,
1255 1021 1478 1086 δόξασόν
1507 1038 1575 1092 με
1600 1023 1666 1092 τῇ
1691 1021 1819 1092 δόξῃ

236 1115 269 1194 ᾗ
298 1116 465 1192 εἷχον.
495 1118 602 1189 πρὸ
625 1116 718 1170 τοῦ
752 1116 844 1169 τὸν
870 1115 1074 1186 κόσμον
1109 1111 1268 1181 εἶναι,
1304 1115 1456 1186 παρὰ
1491 1117 1592 1168 σοι.
1632 1133 1652 1174 ι
1695 1110 1821 1186 'Ap'

236 1211 347 1278 οὖν,
391 1212 510 1267 εἰπέ
543 1227 657 1282 μοι,
690 1208 1027 1279 προκόσμιος
1059 1200 1126 1277 ἦν
1170 1209 1199 1260 6
1229 1206 1540 1277 ἄνθρωπος,
1573 1205 1632 1258 ὃν
1676 1205 1824 1258 ἀνει-

236 1304 438 1376 λῆφθαι
476 1319 613 1374 φασι
643 1299 792 1371 παρὰ
836 1298 931 1352 τοῦ
962 1296 1302 1366 Μονογενούς
1335 1296 1479 1350 κατὰ
1526 1296 1822 1367 συνάφειαν

239 1400 492 1469 σχετικὴν
513 1414 530 1458 ς

309 1493 369 1546 Β.
408 1489 695 1560 Οὐδαμῶς.

306 1587 370 1639 Α.
412 1584 509 1648 Τίς
539 1580 630 1638 οὖν
673 1584 783 1654 άρα
813 1583 962 1637 ἐστὶν
1009 1583 1036 1635 6
1083 1579 1238 1646 δόξαν
1268 1577 1456 1642 αἰτῶν.
1489 1578 1556 1651 ἢν
1583 1578 1679 1632 καὶ
1716 1579 1822 1650 πρὸ

237 1677 404 1746 αὐτῆς
447 1676 543 1744 τῆς
570 1672 665 1728 τοῦ
693 1675 902 1745 κόσμου
946 1672 1252 1744 καταϐολῆς
1285 1671 1614 1742 ἐνυπάρχειν
1643 1669 1823 1741 ἐαυτῷ

1923 563 2210 619 habentem
2231 575 2450 634 propter
2474 566 2890 632 humanitatem,
2912 568 2979 623 ab
2993 567 3244 624 omnibus
3264 569 3504 626 adorari.

1925 654 2172 709 Flectunt
2202 658 2344 710 enim
2373 657 2421 711 ei
2446 674 2582 728 genu
2607 661 2787 714 omnia
2818 661 3083 728 caelestia,
3112 670 3169 717 et
3204 661 3506 727 terrestria,

1922 756 1976 799 et
2004 747 2182 802 omnis
2210 750 2343 802 ordo
2364 749 2652 804 clariﬁcat.
2690 752 2946 808 Dominus
2983 753 3126 808 enim
3162 768 3286 810 esse
3327 755 3478 809 credi

1927 843 2018 890 tur
2046 838 2301 893 Christus
2345 839 2499 896 Iesus
2537 842 2590 895 in
2639 842 2864 912 gloriam
2899 843 2990 898 Dei
3027 845 3243 900 Patris:
3285 845 3416 916 quin
3455 855 3504 899 et

1927 926 2038 996 ipse
2069 929 2135 983 ad
2169 928 2381 984 Patrem
2409 945 2475 985 ac
2506 929 2674 985 Deum
2707 933 2982 988 coclestem
3010 935 3082 988 ita
3116 937 3327 1004 inquit:
3361 953 3382 989 ι
3407 935 3508 991 Pa-

1929 1028 2028 1082 ter,
2055 1020 2293 1088 gloriﬁca
2338 1034 2423 1077 me
2466 1037 2528 1076 ea
2561 1022 2733 1092 gloria
2773 1038 2936 1092 quam
2984 1025 3171 1091 habui,
3216 1036 3503 1097 antequam

1927 1113 2156 1166 nnmdus
2186 1122 2354 1174 esset,
2407 1117 2546 1184 apud
2583 1125 2636 1170 te
2670 1115 2736 1170 “.
2772 1133 2792 1167 ι
2832 1115 2928 1172 Dic
2971 1132 3097 1173 vero
3139 1117 3268 1171 mihi
3302 1136 3316 1174 :
3351 1120 3511 1173 homo

1927 1202 2014 1257 ille
2044 1218 2203 1272 quem
2230 1205 2297 1260 ab
2335 1203 2622 1276 Unigenito
2663 1209 2872 1264 ratione
2909 1218 3074 1263 arcta
3113 1208 3513 1278 coniunctionis

1926 1307 2260 1364 assumptum
2309 1312 2430 1354 esse
2475 1299 2688 1364 dicunt,
2724 1301 3004 1356 exstititne
3061 1311 3188 1357 ante
3247 1302 3513 1358 constitu-

1929 1387 2128 1441 tionem
2157 1390 2378 1442 mutuli?

2001 1477 2062 1533 Β.
2137 1479 2510 1551 Nequaquam.

2000 1573 2069 1627 Α.
2109 1574 2370 1640 Quisnam
2400 1578 2560 1646 igitur
2581 1589 2662 1635 est
2695 1579 2786 1649 qui
2814 1580 2949 1650 petit
2980 1595 3097 1636 eam
3124 1579 3374 1651 gloriam,
3399 1595 3503 1650 qua

1929 1680 1988 1721 se
2036 1675 2163 1722 ante
2217 1669 2493 1724 conditum
2553 1673 2814 1726 mundum
2873 1673 3157 1742 praeditum
3210 1673 3380 1728 fuisse
3412 1675 3512 1735 ait,

239 1783 424 1836 φησιν,
459 1765 544 1818 ἀεὶ
593 1765 686 1818 καὶ
736 1764 824 1816 διὰ
870 1763 1072 1826 παντὸς
1102 1762 1218 1815 ὄντι
1258 1761 1411 1833 παρὰ
1438 1760 1594 1832 Θεῷ;
1641 1761 1754 1830 Ούχ
1798 1763 1826 1815 6

1940 1757 2088 1827 771
2127 1773 2462 1828 semperque
2503 1769 2559 1814 et
2599 1762 2668 1816 ab
2706 1773 2910 1816 aeterno
2963 1764 3101 1833 apud
3143 1764 3308 1818 Deum
3348 1765 3517 1818 usti--

240 1825 507 1920 συναῖόιος
550 1855 628 1926 τῷ
689 1854 868 1926 Πατρὶ
911 1825 1064 1918 Θεὸς
1089 1855 1260 1923 Λόγος
1285 1893 1300 1919 ,
1340 1825 1378 1907 '6
1426 1825 1818 1925 σύνθρονόςητε

1940 1851 2101 1904 tisse?
2139 1849 2328 1906 Nonne
2376 1861 2708 1907 cozeternum
2746 1853 2889 1909 Patri
2945 1855 3214 1922 Verbum,
3251 1873 3353 1910 una
3391 1873 3512 1910 cum

239 1950 334 2004 καὶ
379 1946 798 2020 συνυφεστηκὼς
845 1947 1016 2020 αὐτῷ,
1049 1947 1178 2018 περὶ
1212 1942 1272 2001 οὗ
1299 1963 1463 2017 φησιν
1491 1948 1518 1999 6
1549 1945 1823 2015 πάνσοφος

239 2041 628 2113 ιύαγγελιστὴς
663 2040 933 2112 Ἰωάννης·
964 2059 982 2093 ι
1003 2040 1064 2092 '0
1087 2039 1257 2108 Λόγος
1285 2034 1355 2110 ἦν
1391 2037 1528 2110 πρὸς
1555 2037 1646 2090 τὸν
1666 2037 1822 2102 Θεὸν,

239 2133 332 2188 καὶ
359 2133 491 2196 Θεὸς
515 2129 582 2204 ἧν
607 2136 635 2187 6
668 2134 874 2201 Λόγος;
913 2152 932 2186 ι

309 2225 370 2279 Β.
407 2223 533 2288 Πῶς
564 2225 672 2296 γὰρ
700 2225 792 2289 ob;

308 2316 376 2370 Α.
408 2315 618 2387 Ὠσπερ
646 2312 738 2369 οὖν
767 2315 868 2385 τῆς
910 2313 1071 2386 δόξης
1105 2313 1313 2385 Κύριος
1345 2312 1439 2377 ῶν,
1473 2307 1590 2366 εἷτα
1637 2312 1824 2376 καθεὶς

241 2408 433 2461 ἑαυτὸν
460 2408 547 2460 διὰ
583 2407 752 2478 μέσου
787 2409 922 2478 πρὸς
945 2407 1007 2460 τὸ
1040 2405 1299 2468 δυσκλεὲς
1337 2406 1435 2475 τῆς
1465 2404 1653 2457 δούλου
1694 2421 1827 2475 μορο

242 2501 373 2571 φῆς.
413 2501 514 2570 τῆς
567 2499 794 2571 ἐνούσης
835 2500 925 2553 ἀεὶ
967 2498 1126 2568 δόξης
1181 2497 1362 2568 ἐαυτῷ
1405 2499 1506 2567 τὴν
1559 2497 1826 2566 ἀνάληψιν

242 2596 402 2656 αἰτεῖ,
422 2593 516 2646 καὶ
542 2590 703 2646 τοῦτο
727 2591 868 2663 δρῶν
885 2590 980 2644 ἀνθ
991 2589 1390 2663 ρωποπρεπῶς·
1421 2587 1565 2641 οὕτω
1585 2590 1680 2641 καὶ
1695 2589 1828 2652 Θεὸς

246 2685 506 2756 ὑπάρχων
536 2684 642 2747 ἀεὶ,
678 2683 814 2754 πρὸς
843 2681 942 2753 τὴν
967 2683 1066 2752 τῆς
1100 2682 1235 2744 ἰδίας
1273 2680 1526 2751 θεότητος
1552 2681 1829 2753 ὑπεροχήν

243 2791 303 2826 τε
337 2775 430 2826 καὶ
461 2772 618 2838 δόξαν
665 2775 729 2825 ἐκ
775 2771 882 2824 τῶν
917 2769 1040 2824 καθ’
1086 2772 1234 2841 ἡμᾶς
1275 2769 1491 2840 μέτρων
1542 2769 1826 2840 ἀναφοιτᾷν

247 2865 314 2917 ἵν’
329 2865 402 2928 ὡς
425 2865 504 2918 ἐνὶ
533 2864 717 2917 λοιπὸν
738 2863 851 2934 Υἱῷ
878 2861 956 2932 τῷ
983 2861 1124 2915 κατὰ
1148 2861 1414 2932 φύσινκαὶ
1437 2860 1694 2931 ἀληθινῷ,
1713 2862 1834 2916 καί-

244 2975 327 3010 τοι
362 2957 484 3011 καθ’
523 2957 671 3029 ἡμᾶς
704 2955 951 3025 γεγονότι
994 2954 1090 3008 καὶ
1140 2953 1568 3024 σεσαρκωμένῳ,
1603 2953 1834 3026 κάμπτῃ

246 3052 358 3105 πᾶν
386 3051 536 3119 γόνυ,
573 3049 828 3120 καθάπερ
868 3047 1004 3119 ἔφην
1047 3047 1272 3119 ἀρτίως.
1305 3047 1476 3100 Ταυτὶ
1505 3045 1634 3118 γὰρ,
1655 3041 1831 3117 οἶμαι,

249 3141 574 3214 φρονοῦντες
603 3139 705 3194 ῶδέ
729 3156 788 3192 τε
814 3137 1187 3202 πιστεύοντες,
1229 3136 1590 3208 ἐγκλημάτων
1622 3137 1835 3209 ἀνθρω-

248 3233 570 3305 πολατρίας,
605 3231 834 3303 οὐρανόν
859 3247 919 3283 τε
945 3231 1035 3284 καὶ
1059 3230 1164 3300 γῆν
1189 3227 1596 3299 ἀπαλλάξομεν.
1632 3229 1844 3301 Γέγρα-

250 3341 384 3378 πται
415 3323 544 3394 γὰρ,
578 3325 659 3377 ὅτι
702 3340 720 3374 ι
757 3321 962 3392 Κύριον
994 3321 1084 3374 16v
1114 3319 1246 3374 Θεόν
1296 3336 1388 3374 σου
1418 3321 1840 3391 προσκυνήσεις,

251 3417 346 3471 καὶ
385 3414 532 3487 αύτῷ
564 3415 711 3486 μόνῳ
736 3412 1078 3476 λατρεύσεις.
1125 3430 1144 3464 ι

332 3594 391 3648 B.
422 3592 698 3648 Πλείστων
745 3592 812 3648 ἂν
845 3591 1018 3646 δέοιτο
1063 3591 1170 3644 τῶν
1210 3592 1672 3664 ἐπικουρημάτων
1701 3595 1728 3646 6
1753 3595 1846 3647 ἐπὶ

249 3687 390 3759 τῷδε
421 3687 602 3756 λόγος.
647 3685 752 3739 Ἴθι
794 3685 859 3756 δὴ
882 3682 976 3738 οὖν
1003 3685 1096 3738 καὶ
1124 3683 1191 3736 δι’
1237 3685 1438 3756 ἐτέρων
1469 3687 1601 3756 ἡμῖν
1627 3687 1845 3740 ἐννοιῶν

249 3780 506 3850 διασάφει
531 3781 592 3833 τὸ
618 3780 941 3851 μυστήριον.

325 3873 390 3924 Α.
427 3869 636 3925 Ούκοῦν
666 3865 782 3940 εἶμι
825 3886 928 3934 τοι,
965 3869 1062 3923 καὶ
1103 3868 1249 3939 μάλα
1303 3867 1603 3940 προθύμως
1627 3885 1640 3898 ο
1679 3868 1846 3939 φαίην

252 3965 300 4019 6‘
325 3965 412 4029 ἂν,
435 3965 518 4018 ὅτι
546 3963 904 4035 ἡμαρτήκασι
928 3960 1220 4033 τάληθοῦς,
1251 3960 1326 4025 ὡς
1356 3961 1542 4032 ἕτερον
1575 3962 1707 4031 ἡμῖν
1729 3960 1845 4011 υἱὸν

253 4057 348 4110 τὸν
382 4057 448 4109 ἐκ
486 4057 801 4127 σπέρματος
832 4054 927 4108 τοῦ
952 4053 1120 4108 Δασὶδ
1145 4050 1627 4124 παραζευγνύντες
1652 4050 1730 4121 τῷ
1752 4050 1846 4119 φύε

257 4166 342 4201 σει
376 4149 472 4202 καὶ
503 4147 739 4218 άληθῶς,
791 4146 950 4216 δῆλον
981 4146 1038 4199 δέ
1083 4147 1164 4199 ὃτι
1211 4144 1288 4214 τῷ
1320 4144 1637 4212 Μονογενεῖ,
1669 4143 1844 4196 καίτοι

257 4239 492 4311 βοῶντος
529 4237 714 4307 σαφῶς
759 4237 903 4307 ἱεροῦ
947 4236 1298 4307 Γράμματος·
1339 4254 1357 4287 ι
1406 4235 1464 4288 '0
1509 4235 1724 4304 πρῶτος
1755 4235 1845 4286 ἄν·

257 4335 478 4402 θρωπος
499 4331 564 4384 ἐκ
591 4332 694 4400 γῆς
712 4329 915 4400 χοῖκὸς,
942 4329 970 4380 6
1009 4327 1260 4399 δεύτερος
1292 4326 1352 4392 ἐξ
1398 4325 1630 4398 ούρανοῦ
1651 4342 1663 4354 ·
1696 4345 1714 4378 ι
1751 4328 1846 4379 καὶ

263 4423 372 4493 μὴν
399 4421 495 4474 καὶ
518 4419 681 4474 αὑτοῦ
711 4418 806 4472 τοῦ
842 4418 997 4485 Υἱοῦ,
1025 4419 1105 4471 ὅτι
1125 4436 1143 4470 ι
1165 4417 1538 4488 Κατασέὸηκα
1564 4419 1628 4472 ἐκ
1644 4417 1739 4472 τοῦ
1758 4412 1847 4471 οὐ.

262 4514 449 4588 ρανοῦ,
479 4514 578 4582 οὺχ
601 4512 687 4566 ἵνα
717 4510 858 4564 ποιῶ
885 4511 946 4564 16
966 4510 1178 4582 θέλημα
1193 4511 1253 4564 τὸ
1277 4510 1432 4580 ἐμὸν,
1453 4510 1588 4564 ἀλλὰ
1609 4509 1670 4563 16
1689 4509 1846 4582 θέλη-

261 4624 340 4678 μα
359 4604 452 4658 τοῦ
486 4603 802 4675 πέμψαντός
833 4620 922 4673 με.
950 4601 1122 4656 Τοῦτο
1157 4602 1215 4655 δέ
1263 4603 1381 4655 ἐστι
1415 4600 1476 4654 16
1509 4600 1721 4672 θέλημα
1750 4599 1844 4654 τοῦ

260 4695 575 4767 πέμψαντός
614 4712 702 4766 με,
735 4695 823 4748 ἵνα
849 4695 957 4748 πᾶν
986 4692 1236 4746 ὃδέδωκέ
1268 4709 1358 4762 μοι
1393 4691 1468 4763 μὴ
1500 4692 1751 4746 ἀπολέσω
1788 4692 1846 4759 ἐξ

262 4789 450 4855 αὑτοῦ,
478 4787 616 4844 ἀλλὰ
639 4787 930 4858 ἀναστήσω
957 4786 1088 4840 αὐτὸ
1111 4789 1178 4857 τῇ
1203 4786 1408 4856 ἐσχάτῃ
1432 4785 1634 4856 ἡμέρᾳ.
1668 4804 1686 4836 ι
1716 4785 1848 4838 Τίνα

264 4885 328 4956 δὴ
359 4879 454 4939 οὖν
481 4884 592 4955 ἄρα
617 4883 753 4952 φασὶ
774 4881 867 4936 τὸν
894 4880 955 4946 ἐξ
986 4879 1215 4952 ούρανοῦ
1255 4879 1584 4950 καθιγμὲνον
1608 4896 1622 4946 ;
1651 4877 1848 4947 Γεγὲν-

268 4994 422 5047 νηται
451 4976 560 5047 γάρ
591 4975 655 5028 16
683 4974 845 5046 σῶμα
869 4976 934 5028 ἐκ
965 4973 1244 5043 γυναικός.

337 5069 397 5121 Β.
417 5069 522 5121 Τὸν
546 5069 612 5121 ἐκ
633 5066 768 5120 Θεοῦ
801 5067 1016 5138 Πατρός
1042 5066 1284 5138 δηλονότι
1306 5064 1638 5137 γεννηθέντα
1659 5063 1850 5132 Λόγον.

269 5155 437 5230 υἷμαι
474 5160 584 5231 γὰρ
610 5161 707 5231 ούχ
735 5160 922 5232 ἔτερόν
942 5177 994 5214 τι
1035 5162 1252 5232 φρονεῖν
1276 5159 1489 5214 ἑλέσθαι
1520 5157 1672 5231 παρὰ
1697 5157 1856 5211 τοῦτο

269 5267 486 5314 αυτους.

342 5349 406 5400 Δ.
455 5345 680 5418 Ὀρθῶς,
713 5340 758 5400 ὦ
781 5349 983 5420 ἑταῖρε.
1017 5347 1266 5417 Γέγραφε
1297 5347 1354 5400 δέ
1384 5365 1484 5400 που
1532 5347 1624 5401 καὶ
1649 5350 1677 5401 6
1710 5346 1848 5400 πάν-

271 5454 435 5507 σοφος
480 5438 736 5509 Ἰωάννης
767 5455 780 5469 °
843 5459 861 5492 ι
927 5441 986 5494 '0
1031 5440 1236 5494 ἄνωθεν
1293 5439 1605 5510 ἐρχόμενος,
1666 5439 1851 5493 ἐπάνω

273 5536 490 5584 πάντων
547 5529 712 5583 ἐστίν.
755 5550 773 5583 ι
813 5525 948 5584 Εἶτα
995 5531 1110 5596 πῶς
1162 5531 1580 5596 ἐθέλοντοςοτοῦ
1636 5531 1852 5602 Πατρὸς

277 5726 583 5856 ωοδὸἲοηη.
634 5747 762 5798 xvn,
795 5733 846 5786 5.
926 5731 970 5764 ⁸⁵
1011 5731 1170 5788 Deut.
1210 5745 1280 5798 Vl,
1317 5731 1412 5799 l3;
1447 5730 1642 5789 Matth.
1681 5749 1754 5801 iv,
1786 5734 1872 5788 10.

1930 1940 2046 2009 ipso
2069 1941 2364 2008 exsistens,
2403 1943 2561 2011 eique
2604 1946 2880 2010 assidens,
2933 1947 2998 2000 de
3039 1962 3145 2014 quo
3183 1947 3512 2016 evangelista

1929 2034 2165 2088 Joannes
2198 2035 2414 2105 inquit:
2447 2053 2465 2087 ι
2500 2035 2736 2091 Verbum
2781 2048 2896 2091 erat
2916 2041 3054 2106 apud
3077 2038 3265 2103 Deum,
3294 2051 3347 2094 et
3375 2036 3516 2092 Deus

1931 2137 2048 2181 erat
2079 2125 2310 2181 Verbum
2336 2128 2360 2181 ?
2400 2146 2419 2179 ι

2001 2218 2061 2274 Β.
2103 2216 2239 2284 Quis
2267 2219 2472 2273 dubitet
2506 2219 2530 2274 ?

2006 2310 2072 2365 A.
2103 2311 2568 2376 Quemadmodum
2622 2311 2786 2381 igitur
2837 2313 3025 2380 gloriae
3064 2312 3325 2369 Dominus
3371 2316 3519 2370 exsi-

1932 2415 2103 2470 stens,
2139 2419 2263 2457 cum
2300 2417 2359 2456 se
2385 2403 2602 2458 demisit
2637 2416 2821 2474 postea
2852 2408 2919 2460 ad
2964 2407 3178 2461 servilis
3201 2405 3387 2463 formae
3422 2408 3524 2462 hn-

1935 2498 2243 2562 militatem,
2264 2497 2490 2566 gloriam
2513 2514 2617 2567 qua
2642 2499 2710 2551 ab
2735 2508 2940 2553 aeterno
2966 2499 3226 2568 prmditus
3253 2510 3336 2554 est
3369 2501 3520 2556 reddi

1935 2590 2037 2645 sibi
2069 2591 2241 2658 poscit
2266 2599 2322 2644 et
2354 2589 2570 2656 quidem
2613 2590 2713 2643 hoc
2741 2600 3104 2661 congruenter
3137 2592 3385 2645 humana:
3421 2608 3519 2645 na—

1939 2690 2074 2736 tura:
2108 2682 2238 2736 facit
2272 2698 2286 2734 :
2324 2682 2396 2736 ita
2428 2683 2591 2736 etiam
2637 2682 2777 2735 Deus
2828 2699 3043 2752 semper
3089 2684 3359 2739 exsistens
3387 2723 3401 2748 ,
3455 2683 3522 2736 ad

1939 2775 2171 2844 propria:
2203 2790 2314 2830 suae
2371 2774 2588 2829 deitatis
2640 2775 3156 2844 supereminentiam
3186 2785 3257 2850 .et
3295 2776 3521 2846 gloriam

1940 2875 1972 2915 e
2005 2873 2194 2916 nostra
2228 2862 2540 2916 conditione
2565 2877 2778 2916 rursum
2805 2866 3144 2928 conscendil,
3174 2874 3233 2918 ut
3266 2876 3520 2935 tanquam

1941 2955 2034 3008 uni
2097 2955 2351 3024 deinceps
2401 2954 2632 3008 naturali
2679 2970 2742 3009 ac
2786 2969 2917 3009 vero
2965 2953 3134 3018 Filio,
3170 2958 3384 3011 tametsi
3433 2973 3524 3011 no-

1943 3048 2042 3102 ειεὶ
2099 3047 2260 3101 simili
2322 3047 2471 3101 facto
2523 3056 2686 3116 atque
2716 3047 3000 3102 iucarnato
3049 3063 3210 3102 Ollllle
3244 3064 3381 3117 genu
3431 3047 3527 3104 lle-

1947 3149 2157 3204 ctalur.
2207 3139 2346 3193 sicut
2389 3139 2549 3192 modo
2583 3139 2714 3193 dixi.
2766 3137 2840 3193 Ita
2859 3141 3001 3193 enim
3026 3141 3324 3195 sentientes
3367 3151 3531 3210 atque

1949 3232 2254 3299 credentes,
2290 3234 2488 3287 caelum
2523 3231 2728 3300 pariter
2763 3242 2819 3285 et
2846 3241 3046 3285 terram
3089 3231 3157 3286 ab
3191 3246 3257 3287 eo
3297 3232 3527 3286 crimine

1945 3326 2088 3396 quod
2119 3325 2390 3380 hominem
2410 3327 2597 3378 adoret
2618 3323 2933 3377 liberamus.
2949 3323 3223 3392 Scriptum
3241 3332 3324 3378 est
3346 3322 3526 3379 enim:

1947 3419 2073 3486 quia
2113 3434 2130 3468 ι
2175 3417 2461 3470 Dominum
2493 3415 2656 3469 Deum
2710 3423 2859 3468 tuum
2903 3413 3174 3480 adorabis,
3219 3423 3275 3469 et
3313 3415 3386 3469 illi
3430 3414 3530 3469 soli

1945 3510 2156 3564 servies
2176 3508 2242 3562 ⁸⁸.
2266 3525 2286 3558 ι

2021 3600 2082 3654 Β.
2124 3599 2303 3655 Multis
2335 3597 2682 3654 adminiculis
2717 3613 2898 3654 sermo
2941 3598 3144 3668 hacjde
3176 3613 3235 3654 re
3268 3596 3530 3669 indigeat.

1948 3691 2120 3761 Perge
2155 3691 2368 3760 itaque,
2405 3698 2462 3743 et
2501 3688 2622 3744 aliis
2664 3688 2828 3742 etiam
2875 3688 3180 3742 rationibus
3208 3687 3366 3742 nobis
3418 3702 3532 3760 my-

1948 3786 2175 3840 steriqu
2205 3783 2438 3852 explica.

2019 3876 2084 3929 Α.
2120 3877 2374 3944 Pergam,
2403 3883 2458 3927 et
2491 3872 2707 3941 quidem
2740 3871 3094 3940 perlibenter.
3131 3872 3372 3928 Dixerim
3398 3889 3532 3929 vero

1949 3981 2044 4023 eos
2073 3983 2102 4020 a
2128 3981 2258 4020 vero
2279 3966 2563 4030 aberrare,
2585 3964 2726 4033 quod
2754 3963 2919 4016 alium
2954 3963 3114 4017 nobis
3150 3964 3318 4019 lilium
3336 3967 3428 4035 qui
3462 3969 3536 4021 sit

1950 4073 2017 4113 ex
2045 4057 2254 4114 semine
2282 4055 2452 4110 David
2483 4055 2818 4123 conjungunt
2854 4069 2977 4108 cum
3037 4056 3268 4109 naturali
3301 4072 3366 4112 ac
3407 4073 3534 4112 vere

1951 4147 2094 4202 Filio
2129 4185 2144 4214 ,
2206 4146 2465 4201 nimirum
2540 4145 2870 4212 Unigenito,
2950 4159 3072 4200 cum
3117 4146 3319 4215 alioqui
3375 4163 3531 4203 sacra

1952 4242 2234 4311 Scriptura
2267 4247 2452 4309 aperte
2486 4237 2725 4293 clamet:
2769 4253 2789 4288 ‹
2836 4236 3232 4293 Primushomo
3280 4255 3345 4295 ex
3391 4251 3532 4295 ιρι-πει

1951 4341 2223 4396 terrenus,
2274 4329 2545 4383 secundus
2596 4342 2660 4382 ex
2708 4328 2849 4382 caelo
2905 4329 3138 4384 caelestis
3173 4329 3219 4360 ³⁸
3260 4347 3274 4384 ι
3335 4347 3354 4381 ι
3389 4333 3533 4401 ,ῳιίιι

1949 4432 2003 4480 et
2027 4422 2166 4478 Filio
2191 4421 2310 4490 ipso
2341 4419 2556 4474 dicente
2578 4459 2592 4484 ,
2647 4419 2772 4487 quia
2805 4437 2822 4470 σ
2859 4419 3121 4474 Descendi
3143 4434 3208 4474 ex
3241 4420 3400 4486 ccelo,
3431 4439 3534 4474 tum

1878 4543 1922 4598 ι)
1952 4527 2010 4574 ut
2045 4515 2244 4572 faciam
2279 4513 2613 4570 voluntatem
2663 4527 2871 4574 meam,
2913 4512 3006 4565 sed
3047 4511 3376 4566 voluntatem
3423 4512 3538 4580 ejus

1954 4612 2043 4682 qui
2073 4607 2221 4664 misit
2259 4621 2367 4662 me.
2401 4605 2526 4659 lla'c
2551 4612 2635 4658 est
2666 4612 2846 4657 autem
2877 4605 3122 4657 voluntas
3163 4601 3278 4670 ejus
3305 4604 3396 4674 qui
3432 4606 3535 4658 mi—

1954 4703 2026 4758 sit
2048 4715 2156 4766 me,
2189 4706 2250 4753 ut
2276 4710 2439 4752 omne
2491 4695 2636 4765 quod
2673 4694 2822 4750 dedit
2864 4693 2998 4747 mihi
3037 4708 3142 4748 non
3193 4693 3436 4749 amittam
3468 4709 3536 4750 ex

1955 4809 2042 4859 eo,
2071 4791 2166 4848 sed
2199 4789 2516 4847 resuscitem
2539 4787 2668 4842 illud
2697 4787 2750 4842 in
2776 4787 3072 4842 novissimo
3096 4787 3183 4842 die
3211 4787 3308 4841 ³⁷.»
3329 4788 3532 4855 Quem-

1956 4904 2081 4942 nam
2106 4886 2272 4956 igitur
2298 4896 2423 4937 esse
2447 4881 2634 4935 dicunt
2660 4894 2781 4933 eum
2816 4877 2905 4945 qui
2940 4894 2970 4933 e
3018 4878 3160 4934 coelo
3201 4878 3483 4933 descendit
3515 4880 3539 4932 τ

1954 4989 2138 5035 natum
2171 4976 2316 5031 enim
2340 4981 2423 5029 est
2452 4987 2650 5042 corpus
2683 4986 2747 5025 ex
2777 4970 3026 5024 muliere.

2027 5069 2090 5124 Β.
2125 5067 2360 5123 Verbum
2391 5063 2646 5136 profecto
2683 5078 2749 5118 ex
2782 5062 2893 5116 Deo
2930 5061 3091 5115 Patre
3123 5061 3385 5128 genitum.
3432 5062 3536 5114 Ar-

1958 5159 2132 5214 bitror
2211 5156 2357 5212 enim
2444 5155 2590 5224 ipsos
2665 5168 2772 5206 non
2843 5151 2990 5206 aliud
3075 5153 3366 5222 quidquam
3437 5153 3539 5208 hoe

1953 5251 2109 5305 velle.

2033 5345 2100 5398 A.
2132 5340 2298 5396 Recte
2330 5339 2429 5401 ais,
2456 5353 2488 5392 ο
2525 5336 2719 5392 amice.
2750 5335 2985 5406 Scripsit
3011 5351 3136 5388 vero
3157 5332 3351 5388 alicubi
3376 5333 3539 5388 etiam

1964 5433 2399 5504 sapientissimus
2428 5428 2666 5484 Joannes
2705 5446 2720 5483 :
2762 5447 2779 5480 ι
2838 5429 2937 5494 Qui
2983 5441 3013 5482 e
3052 5426 3302 5495 supernis
3360 5426 3539 5491 venit,

1963 5543 2124 5601 super
2151 5523 2524 5596 omnesest".
2551 5522 2739 5593 »Διηυί
2772 5519 3043 5590 quomodo
3072 5535 3192 5574 cum
3224 5516 3389 5572 Pater
3417 5518 3546 5575 velit

1989 5732 2092 5787 "vl
2133 5733 2258 5789 Cor.
2300 5745 2391 5792 xv.
2424 5729 2512 5783 4'1.
2622 5727 2664 5759 ³⁷
2706 5725 2862 5781 Joan.
2894 5740 2964 5792 vr,
3003 5722 3094 5790 38,
3123 5723 3212 5779 59.
3303 5724 3345 5754 ""
3384 5721 3540 5777 Joan.
