4038 6550
516 405 657 463 1558

1541 397 1598 455 S.
1639 395 1913 454 CYlilLLl
1951 392 2423 452 ALEXANDRINI
2462 391 2782 452 ARCHIEP.

3641 397 3786 456 ηπ

516 507 842 580 delineatum
868 519 1036 577 fuisse
1064 515 1342 575 veteribus
1375 517 1714 586 ‘comperias.
1763 505 1895 573 Ovis
1940 515 2086 572 enim

2210 516 2284 570 ιαὶ
2308 514 2520 587 φθορᾶς
2545 516 2584 587 ἡ
2608 514 2702 569 τοῦ
2735 513 3011 587 προϐάτου
3073 512 3256 585 σφαγὴ
3284 512 3408 578 τοὺς
3436 512 3496 581 ἐξ
3542 515 3785 586 Ἰσραὴλ,

518 613 773 671 mactatio
797 609 1074 668 lsraelitas
1093 623 1124 663 a
1147 616 1324 663 morte
1343 615 1507 678 atque
1523 607 1746 663 interitu
1767 617 2050 663 exemerat
2071 645 2090 673 ,

517 713 574 762 ct
599 703 1008 762 interfectorem
1051 699 1324 770 placavit.
1358 698 1543 770 ,Atqui
1597 710 1688 754 res
1736 698 1852 754 haec
1894 697 2093 754 Christi

518 809 679 871 typus
707 810 771 852 ac
792 795 959 867 figura
989 802 1128 849 erat.
1151 779 1368 847 Pascha
1390 791 1536 846 enim
1577 798 1948 856 nostrumpro
1987 801 2097 844 ino-

520 890 603 944 his
632 886 942 944 immolatus
975 895 1058 940 est
1087 883 1361 948 Christus,
1418 889 1478 936 ut
1500 880 1876 937 tristissimum
1908 879 2096 935 mortis

521 979 810 1051 imperium
851 976 1172 1034 dissolveret
1203 975 1278 1042 ⁸³,
1328 983 1383 1030 et
1433 974 1651 1045 proprio
1697 988 1796 1028 suo
1835 972 2098 1042 sanguine

513 1074 833 1128 universum
867 1077 1135 1124 terrarum
1157 1067 1342 1123 orbem
1367 1065 1469 1121 sibi
1492 1065 1802 1134 acquirerct
1823 1064 1893 1118 “.
1917 1061 2095 1132 Empti

515 1164 663 1220 enim
704 1176 893 1218 sumus
943 1160 1118 1231 pretio
1150 1159 1235 1221 ",
1288 1163 1344 1211 et
1392 1171 1501 1211 non
1547 1171 1736 1212 sumus
1794 1155 1968 1211 nostri
2023 1155 2094 1210 “.

524 1253 674 1314 Unus
705 1252 850 1309 enim
895 1265 994 1321 pro
1043 1248 1294 1304 omnibus
1326 1256 1572 1302 mortuus
1622 1255 1727 1311 est,
1781 1247 1873 1316 qui
1923 1245 2100 1314 pretio

520 1359 712 1402 omnes
751 1340 1064 1412 superabat,
1117 1346 1176 1393 ut
1227 1338 1475 1393 viventes
1528 1352 1636 1393 non
1695 1335 1932 1407 amplius
1992 1335 2097 1392 sibi

523 1438 657 1508 ipsis
699 1437 901 1497 vivant,
946 1431 1040 1486 sed
1079 1430 1130 1484 ei
1186 1429 1278 1498 qui
1325 1443 1425 1499 pro
1459 1428 1596 1498 ipsis
1643 1436 1890 1482 mortuus
1930 1434 2102 1482 estet

522 1527 824 1586 resurrexit
877 1525 947 1579 ⁸⁷.
999 1521 1288 1579 Consentit
1336 1534 1468 1576 vero
1512 1520 1600 1574 his
1649 1519 1812 1575 etiam
1853 1517 2097 1582 Paulus,

521 1625 708 1679 dicens
737 1637 750 1674 :
792 1637 812 1671 ι
848 1617 960 1688 Ego
1005 1615 1150 1670 enim
1183 1629 1278 1685 per
1317 1612 1488 1682 legem
1523 1611 1627 1683 legi
1667 1622 1916 1666 mortuus
1947 1623 2094 1673 sum,

520 1723 582 1769 ut
624 1711 737 1768 Deo
775 1709 954 1764 vivam
985 1724 1001 1761 :
1036 1705 1260 1762 Christo
1307 1703 1554 1760 conﬁxus
1593 1718 1713 1758 sum
1744 1703 1918 1758 cruci.
1963 1699 2101 1756 Vivo

521 1814 725 1869 autem,
763 1802 873 1872 jam
901 1814 1007 1854 non
1050 1812 1189 1868 ego,
1229 1795 1362 1849 vivit
1418 1808 1550 1849 vero
1594 1795 1647 1848 in
1700 1808 1788 1848 me
1821 1791 2098 1848 Christus.

521 1898 677 1964 Quod
706 1904 882 1950 autem
909 1894 1068 1964 [nunc
1099 1889 1224 1944 vivo
1267 1889 1321 1943 in
1361 1901 1550 1951 carne,
1593 1887 1646 1938 in
1677 1884 1780 1939 tide
1815 1884 1938 1939 vivo
1977 1881 2098 1936 Filii

521 1989 640 2054 Dei,
679 1987 772 2058 qui
824 1983 1014 2042 dilexit
1051 1996 1158 2047 me,
1217 1989 1275 2035 et
1329 1979 1551 2034 tradidit
1603 1977 1955 2045 semetipsum
2004 1990 2102 2046 pro

522 2096 611 2136 me
641 2081 709 2134 ⁵⁸.
747 2097 767 2130 ι
799 2074 1003 2132 Christi
1057 2087 1188 2143 ergo
1223 2085 1416 2126 omnes
1462 2084 1653 2126 sumus
1692 2077 1748 2124 et
1791 2081 1888 2138 per
1923 2067 2100 2138 ipsum

520 2171 796 2230 conciliati
826 2167 997 2234 Patri,
1029 2166 1120 2237 qui
1157 2179 1328 2221 carne
1363 2175 1552 2232 passus
1579 2169 1664 2216 est
1696 2174 1798 2231 pro
1838 2157 2015 2226 nobis,
2045 2167 2102 2212 ut

521 2264 755 2322 mundos
787 2259 1045 2317 elliceret.
1085 2255 1362 2324 Scriptum
1401 2260 1488 2308 est
1531 2252 1678 2307 enim
1732 2266 1746 2301 :
1798 2268 1818 2301 ε
1875 2249 2104 2318 Propter

521 2358 666 2429 quod
691 2365 746 2411 et
776 2353 955 2416 Iesus,
981 2360 1041 2406 ut
1063 2349 1437 2405 sanctiﬁcaret
1462 2358 1560 2416 per
1592 2358 1749 2398 suum
1781 2342 2100 2412 sanguinem

516 2449 800 2524 populum,
828 2452 984 2500 extra
1016 2451 1225 2513 portam
1261 2453 1453 2510 pessus
1492 2446 1578 2492 cst
1605 2435 1674 2488 ⁵³.
1732 2453 1750 2486 ι
1789 2433 1856 2487 Ει
1888 2450 1902 2488 :
1932 2451 1952 2484 ι
1993 2431 2102 2486 Nos

520 2558 645 2600 cum
675 2553 935 2596 essemus
975 2533 1267 2605 aliquando
1317 2530 1540 2586 alienati
1585 2539 1642 2584 et
1688 2527 1901 2584 inimici
1935 2540 2100 2582 sensu

523 2633 577 2686 in
614 2626 885 2702 Operibus
926 2623 1088 2679 malis
1130 2638 1153 2674 κε
1193 2633 1336 2676 nunc
1383 2627 1564 2673 autem
1617 2614 1990 2671 reconciliavit
2049 2613 2101 2666 in

510 2716 958 2793 corpore-carnis
987 2715 1106 2784 eius
1135 2728 1233 2784 per
1263 2719 1516 2775 mortem,
1550 2707 1812 2764 exhibere
1837 2721 1937 2762 vos
1975 2720 2092 2760 san.

510 2820 641 2871 ‘c'tos
688 2823 744 2868 et
802 2808 1216 2870 immaculatos,
1261 2813 1318 2860 et
1358 2800 1868 2873 irreprehensibiles
1919 2813 2102 2855 coram

520 2902 643 2975 ipso
679 2900 746 2956 '°.
782 2919 800 2953 ι
827 2897 1089 2968 lntelligis
1119 2896 1299 2964 itaque
1327 2907 1433 2963 quo
1465 2901 1626 2960 pacto
1647 2891 1926 2961 proprium
1963 2903 2102 2944 san-

522 2996 738 3066 guinem
769 3001 825 3048 et
854 2989 1133 3061 propriam
1159 3000 1377 3042 carnem
1406 2985 1575 3056 ipsius
1608 2993 1763 3039 vocet
1786 3023 1802 3049 ,
1823 2996 1954 3038 eam
1980 2995 2104 3050 quae

520 3103 623 3156 pro
647 3084 806 3142 nobis
851 3082 978 3138 data
1021 3088 1145 3146 est;
1189 3090 1363 3148 neque
1404 3075 1628 3131 alterius
1676 3073 1959 3142 cujusdam
2009 3071 2104 3126 lilii

521 3179 725 3238 diversi
761 3178 829 3234 ab
849 3177 968 3246 ipso
995 3187 1115 3229 esse
1147 3171 1415 3234 dicamus,
1445 3169 1536 3238 qui
1569 3167 1865 3222 distinctus
1888 3167 1955 3219 ab
1983 3165 2104 3235 ipso

523 3273 616 3338 sit,
665 3281 722 3328 et
765 3267 880 3324 sola
933 3263 1316 3335 conjunctione
1367 3275 1493 3316 cum
1527 3259 1644 3328 ipso
1675 3259 2004 3321 decoratus,
2049 3267 2103 3311 ct

523 3361 757 3418 ascitltia
787 3357 957 3430 gloria
994 3353 1256 3425 praeditus
1285 3352 1378 3419 sit,
1405 3349 1687 3408 essentiali
1713 3349 1981 3418 dignitate
2017 3356 2106 3401 at-

523 3468 631 3524 que
657 3448 952 3508 eminentia
1001 3459 1242 3511 carens;
1272 3444 1393 3509 sed,
1442 3442 1620 3496 instar
1643 3440 1810 3494 vestis
1849 3449 1902 3499 et
1941 3438 2104 3492 larva:

523 3542 854 3614 cujusdam,
904 3537 1028 3592 Filii
1061 3551 1126 3590 ac
1178 3533 1276 3588 Dei
1323 3533 1577 3588 *omnium
1621 3532 1863 3600 supremi
1908 3545 2104 3584 nomen

524 3642 696 3707 gerat.
729 3630 864 3685 Nam
893 3630 938 3684 si
961 3629 1034 3682 ita
1063 3642 1125 3681 se
1169 3624 1490 3680 naturaliter
1518 3623 1745 3687 haheat,
1802 3632 1869 3676 ut
1909 3625 2109 3677 adver-

525 3726 660 3784 sarii
701 3724 966 3786 sentiunt,
1018 3720 1164 3776 nulla
1211 3719 1422 3774 ratione
1454 3718 1529 3772 illi
1565 3716 1858 3773 conveniat
1884 3716 2106 3771 dicere:

531 3839 552 3872 ι
592 3817 706 3889 Ego
722 3831 840 3872 sum
872 3813 1076 3870 veritas
1107 3813 1175 3866 θ’.
1210 3829 1229 3864 ι
1269 3809 1555 3876 Quomodo
1605 3808 1752 3864 enim
1797 3823 1984 3862 verum
2039 3806 2111 3861 sit

523 3911 668 3981 quod
698 3923 805 3964 non
827 3907 906 3960 ita
931 3920 1000 3960 se
1028 3904 1197 3959 habet
1226 3900 1480 3971 acgdicit,
1511 3901 1606 3956 sed
1636 3899 1880 3970 spurium
1905 3909 1966 3953 et
1991 3897 2108 3953 falsi

528 4000 809 4058 nominis?
860 3998 932 4052 At
964 4011 1096 4051 vero
1145 3995 1400 4050 Christus
1450 3993 1658 4048 veritas
1709 4000 1815 4055 est,
1860 3999 1917 4046 et
1951 4005 2111 4059 super

525 4107 739 4158 omnes,
764 4101 826 4147 ut
857 4091 1022 4146 Dens.
1049 4086 1248 4142 Mansit
1280 4086 1428 4142 enim
1452 4079 1689 4140 Verbum
1725 4082 1774 4137 id
1793 4083 1947 4154 quod
1971 4091 2108 4145 erat,

528 4186 744 4241 tametsi
777 4183 978 4238 factum
1004 4181 1076 4237 sit
1119 4187 1270 4244 cari),
1336 4185 1397 4232 ut
1430 4176 1521 4248 qui
1574 4189 1738 4246 supra
1771 4188 1964 4230 omnes
2001 4182 2110 4240 est,

2193 609 2289 663 καὶ
2337 608 2687 679 δεδυσώπηκε
2717 607 2810 661 τὸν
2857 605 3209 678 ὀλοθρευτήν.
3248 607 3432 671 Τόπος
3483 603 3546 661 δὲ
3577 604 3648 679 ἦν
3679 610 3792 680 ἄρα

2193 699 2257 755 τὸ
2289 702 2477 772 χρῆμα
2503 696 2762 770 Χριστοῦ.
2791 697 2864 752 Ίδ
2888 698 2995 768 γὰρ
3023 698 3216 768 Πάσχα
3250 697 3407 770 ἡμῶν
3433 697 3582 768 ὑπὲρ
3623 697 3791 769 ἡμῶν

2196 790 2362 862 ἐτύθη
2383 789 2638 862 Χριστὸς,
2661 789 2755 843 ἵνα
2772 791 2844 842 τὺ
2867 789 3092 860 ἀμειδές
3117 789 3214 843 τοῦ
3246 789 3477 844 θανάτου
3502 789 3792 861 καταλύσῃ

2195 881 2420 953 κράτος,
2439 881 2635 951 αἵματί
2663 895 2724 933 τε
2743 878 2822 951 τῷ
2854 879 2970 949 ἰδίῳ
2997 881 3419 952 κατακτήσηται
3450 883 3554 953 τὴν
3577 881 3675 934 ὑπ’
3709 881 3795 934 οὺς-

2199 975 2381 1044 ρανόν.
2429 970 2812 1043 Ἠγοράσμεθα
2847 970 2958 1045 γὰρ
2989 973 3176 1043 τιμῆς,
3202 973 3298 1025 καὶ
3340 973 3442 1026 οὐκ
3466 972 3642 1042 ἐσμὲν
3669 971 3793 1023 ἐαυ-

2197 1063 2328 1117 τῶν.
2383 1059 2478 1126 Εἷς
2526 1061 2636 1133 γὰρ
2681 1062 2821 1134 ὑπὲρ
2862 1062 3082 1115 πάντων
3135 1061 3426 1127 ἀπέθανεν,
3479 1065 3509 1116 6
3568 1063 3796 1116 πάντων

2199 1155 2513 1227 ἀξιώτερος,
2543 1155 2611 1209 ἵν’
2638 1156 2688 1207 οἱ
2722 1152 2926 1218 ζῶντες
2957 1153 3155 1224 μηκέτι
3188 1153 3404 1215 ἑαυτοῖς
3434 1150 3631 1215 ζῶσιν,
3659 1151 3801 1204 ἀλλὰ

2198 1247 2278 1318 τῷ
2315 1247 2456 1318 ὑπὲρ
2490 1246 2671 1300 αὐτῶν
2699 1245 3028 1300 ἀποθανόντι
3067 1245 3160 1301 καὶ⁸
3180 1244 3484 1316 ἐγερθέντι.
3519 1243 3803 1314 sumo:-

2198 1358 2290 1394 ται
2323 1340 2380 1394 δὲ
2421 1340 2517 1395 καὶ
2541 1341 2568 1392 ό
2593 1338 2827 1404 Παῦλος,
2865 1338 3063 1406 λέγων,
3104 1356 3123 1390 ι
3178 1335 3324 1406 Ἐγὼ
3357 1338 3468 1408 γὰρ
3503 1337 3598 1390 διὰ
3621 1337 3800 1407 νόμου

2199 1434 2351 1503 νόμῳ
2387 1431 2678 1497 ἀπέθανον,
2711 1430 2800 1483 ἵνα
2820 1428 2940 1499 Θεῷ
2967 1428 3136 1501 ζήσω,
3165 1429 3386 1501 Χριστῷ
3413 1429 3472 1483 δέ
3501 1425 3804 1482 συνεσταῶ

2205 1541 2410 1595 ρωμαι,
2435 1522 2515 1588 ζῶ
2546 1523 2604 1576 δέ
2649 1522 2752 1576 οὐκ
2783 1521 2863 1576 ἔτι
2899 1520 3032 1592 ἐγὼ,
3073 1520 3140 1594 ζῇ
3176 1521 3232 1575 δὲ
3263 1523 3322 1576 ἐν
3365 1521 3491 1593 ἐμοὶ
3531 1517 3798 1592 Χριστός.

2207 1618 2272 1670 Ὃ
2317 1617 2373 1671 δὲ
2401 1617 2497 1671 νῦν
2527 1616 2604 1681 ζῶ
2653 1619 2713 1670 ἐν
2747 1617 2933 1689 σαρκὶ,
2965 1615 3025 1670 ἐν
3072 1615 3252 1669 πίστεί
3280 1614 3376 1679 ζῶ,
3403 1617 3472 1685 τῇ
3511 1613 3613 1666 τοῦ
3663 1608 3802 1667 Υῖοῦ

2200 1709 2293 1763 τοῦ
2323 1708 2479 1776 Θεοῦ,
2509 1708 2603 1764 τοῦ
2632 1709 3019 1781 ἀγαπήσαντός
3053 1725 3143 1780 με,
3174 1708 3271 1762 καὶ⁵
3292 1709 3638 1781 παραδόντος
3666 1707 3800 1761 ἐαυ-

2200 1798 2290 1850 τὸν
2307 1797 2448 1867 ὑπὲρ
2475 1797 2630 1866 ἐμοῦ.
2671 1816 2690 1849 ι
2717 1796 2954 1869 Χριστοῦ
2985 1797 3274 1868 τοιγαροῦν
3303 1799 3352 1850 οἱ
3369 1798 3578 1861 πάντες
3601 1798 3799 1867 ἐσμὲν,

2205 1889 2297 1942 καὶ
2333 1887 2400 1940 δι’
2430 1887 2594 1942 αὑτοῦ
2623 1889 3050 1960 κατηλλὰγμεθα
3068 1889 3147 1960 τῷ
3175 1890 3373 1961 Ila-cpi,
3400 1891 3571 1962 σαρκὶ
3603 1889 3804 1944 παθόν-

2202 1996 2293 2042 τος
2325 1979 2466 2049 ὑπὲρ
2499 1978 2678 2050 ἡμῶν,
2721 1980 2788 2032 ἵν’
2823 1981 2969 2051 ἡμᾶς
3016 1982 3269 2053 ἀποφήνῃ
3317 1981 3799 2052 κεκαθαρμένους.

2203 2071 2516 2141 Γέγραπται
2560 2071 2670 2144 γὰρ
2694 2113 2709 2138 ,
2741 2073 2824 2127 ὅτι
2858 2093 2876 2125 ι
2917 2073 3009 2127 Διδ
3051 2075 3148 2127 καὶ
3181 2073 3412 2143 Ἰησοῦς,
3453 2075 3546 2129 ῖνα
3589 2075 3804 2147 ἁγιάσῃ

2202 2163 2290 2218 διὰ
2319 2164 2414 2218 τοῦ
2450 2165 2582 2218 ἰδίου
2616 2166 2849 2236 αἵματος
2877 2166 2969 2219 τὸν
3002 2167 3150 2232 λαὸν,
3181 2166 3287 2234 ἔξω
3314 2168 3412 2238 τῆς
3443 2167 3627 2238 πύλης
3661 2167 3800 2221 Em-

2204 2256 2318 2310 θεν.
2357 2275 2376 2308 ι
2406 2258 2514 2310 Καὶ
2563 2256 2726 2310 πάλιν
2744 2271 2764 2288 ’⁸
2793 2276 2814 2308 ι
2850 2257 2964 2311 Καὶ
2999 2259 3151 2329 ἡμᾶς
3194 2274 3326 2311 ποτε
3358 2257 3520 2322 ὄντας
3553 2256 3800 2328 ἀπηλλο-

2203 2348 2542 2419 τριωμένους
2575 2349 2670 2402 καὶ
2717 2348 2946 2419 ἐχθροὺς
2981 2352 3048 2421 τῇ
3096 2348 3304 2420 διανοίᾳ
3344 2350 3403 2402 ἐν
3447 2351 3562 2411 τοῖς
3616 2350 3805 2420 ἔργοις

2203 2437 2316 2499 τοῖς
2355 2440 2613 2508 πονηροῖς
2632 2452 2645 2465 ·
2671 2439 2788 2490 νυνι¹
2818 2436 2876 2491 δέ
2907 2436 3355 2509 ἀποκατήλλαξεν
3381 2440 3440 2491 ἐν
3469 2438 3552 2509 τῷ
3583 2438 3804 2508 σώματι

2202 2529 2303 2600 τῆς
2327 2530 2530 2600 σαρκὸς
2554 2529 2718 2583 αὐτοῦ
2748 2529 2837 2583 διὰ
2859 2529 2951 2584 τοῦ
2983 2530 3237 2597 θανάτου,
3267 2531 3628 2602 παραστῆσαι
3653 2531 3803 2601 ὑμᾶς

2207 2620 2397 2688 ἁγίους
2421 2621 2515 2673 καὶ
2539 2619 2805 2691 ἀμώμους
2835 2622 3178 2676 κατενώπιον
3206 2623 3394 2676 αὐτοῦ.
3437 2640 3457 2674 ι
3503 2620 3680 2686 Σῦνες
3709 2618 3804 2674 οὖν

2204 2713 2354 2775 ὅπως
2389 2711 2519 2764 ἴδιον
2548 2706 2685 2782 αἷμα
2718 2713 2813 2766 καὶ
2855 2713 2992 2768 ἰδίαν
3041 2714 3220 2785 σάρκα
3254 2715 3420 2786 φησιν
3471 2713 3666 2780 αὑτοῦ,
3703 2714 3804 2784 τὴν

2210 2801 2459 2856 δοθεῖσαν
2487 2802 2628 2873 ὑπὲρ
2653 2805 2684 2872 ἡ
2695 2802 2832 2872 μῶν,
2857 2803 2945 2856 ἵνα
2976 2802 3052 2875 μὴ
3091 2803 3280 2876 ἐτέρου
3321 2801 3455 2874 παρ’
3489 2801 3656 2855 αὐτὸν
3683 2801 3803 2854 υἱοῦ

2206 2893 2459 2966 λέγωμεν
2503 2895 2693 2965 αὐτὴν,
2739 2894 3031 2966 νοουμένου
3081 2911 3140 2947 τε
3187 2895 3483 2966 ἁναμέρος,
3519 2893 3619 2947 καὶ
3669 2894 3802 2964 ψιλῇ

2209 2987 2474 3059 συναφείᾳ
2522 2985 2912 3057 τετιμημένου,
2943 2987 3039 3039 καὶ
3079 2986 3323 3059 ἐπακτὴν
3365 2987 3586 3057 ἔχοντος
3617 2986 3802 3052 δόξαν,

2208 3081 2304 3134 καὶ
2357 3080 2460 3134 οὐκ
2491 3079 2724 3150 οὐσιώδη
2779 3078 2880 3152 τὴν
2919 3078 3220 3152 ¹ὑπεροχὴν,
3266 3081 3546 3153 ἐπίϐλημα
3597 3081 3658 3133 δὲ
3708 3081 3808 3132 καὶ

2207 3173 2398 3245 ὥσπερ
2425 3191 2477 3227 τι
2518 3175 2860 3244 προσωπεῖον
2883 3173 3291 3246 ἐπερριμμένον
3320 3173 3490 3245 αὐτῷ,
3524 3175 3589 3226 τό
3610 3191 3672 3226 τε
3707 3175 3807 3243 τῆς

2218 3264 2466 3335 υῖότητος
2505 3265 2599 3317 καὶ
2621 3264 2722 3334 τῆς
2752 3265 2894 3337 ὑπὲρ
2935 3268 3112 3321 πάντα
3143 3267 3396 3338 θεότητος
3416 3267 3616 3337 ὄνομα.
3645 3265 3804 3319 Οῦτω

2211 3353 2320 3424 γὰρ
2351 3353 2525 3425 ἔχοντι
2555 3353 2696 3406 κατὰ
2737 3354 2921 3423 φύσιν,
2953 3355 3096 3409 καθά
3143 3360 3359 3428 φρονεῖν
3401 3357 3718 3426 ἐγνώκασιν
3756 3356 3806 3408 οἱ

2211 3447 2282 3500 δι’
2314 3447 2594 3513 ἐναντίας,
2625 3449 2919 3520 ἁρμόσειεν
2954 3448 3021 3502 ἂν
3052 3450 3206 3521 ἀὐτῷ
3232 3451 3351 3503 κατ’
3378 3449 3570 3502 οὐδένα
3600 3449 3809 3518 τρόπον

2213 3538 2275 3593 τὸ
2310 3540 2506 3610 χρῆναι
2537 3539 2738 3609 λέγειν,
2768 3561 2786 3592 ι
2809 3540 2952 3610 Ἐγώ
2983 3544 3099 3612 εἰμι
3125 3543 3158 3612 ἠ
3198 3540 3445 3612 ἀλήθεια.
3474 3559 3491 3591 ι
3530 3540 3662 3604 Πῶς
3699 3540 3810 3610 γὰρ

2211 3632 2430 3703 ἀληθὲς,
2461 3634 2523 3686 τὸ
2541 3630 2639 3705 οὺχ
2675 3633 2818 3688 οὕτω
2857 3635 3000 3706 ἔχον,
3031 3635 3107 3698 ὡς
3145 3634 3384 3702 λέγεται,
3427 3634 3584 3687 νόθον
3613 3634 3672 3687 δέ
3703 3634 3810 3687 ώσ-

2211 3743 2318 3796 περ
2343 3742 2396 3778 τι
2447 3727 2543 3779 καὶ
2572 3727 2971 3799 ψευδώνυμον;
3022 3727 3183 3781 Ἀλλὰ
3236 3727 3343 3799 μὴν
3377 3727 3628 3799 ἀλήθεια,
3674 3728 3812 3798 X9:-

2214 3817 2359 3880 στὸς,
2414 3816 2507 3870 καὶ
2547 3818 2732 3871 ἐπάνω
2783 3819 3001 3872 πάντων
3033 3818 3109 3883 ώς
3151 3818 3316 3882 Θεός’
3362 3820 3644 3890 μεμένηκε
3700 3820 3808 3890 γὰρ

2214 3907 2348 3978 ὅπερ
2377 3904 2443 3979 ἦν
2476 3909 2505 3959 6
2546 3911 2740 3978 Λόγος,
2774 3910 2823 3964 εἰ
2863 3911 2956 3965 καὶ
2991 3909 3185 3980 γέγονε
3228 3912 3381 3984 σάρξ·
3413 3911 3481 3966 ἵν’
3510 3915 3538 3964 ό
3589 3912 3808 3965 πᾶντων

2217 3999 2473 4054 ἐπέκεινα
2497 4001 2591 4055 καὶ
2619 4003 2678 4056 ἐν
2706 4005 2819 4065 τοῖς
2845 4003 2980 4056 πᾶσι
3019 4002 3281 4073 γεγονώς,
3313 4003 3402 4056 διὰ
3435 4003 3498 4056 τὺ
3524 4002 3809 4074 ἀνθρώπι-

2217 4105 2306 4142 νον
2331 4090 2665 4161 σωζόμενον,
2715 4093 2828 4163 ἔχοι
2859 4094 2918 4146 τὺ
2957 4089 3097 4147 εἶναι
3121 4095 3266 4166 πέρα
3298 4093 3520 4160 παντὸς,
3558 4095 3654 4147 καὶ
3700 4094 3807 4146 τῶν

2215 4178 2317 4249 τῆς
2346 4180 2577 4246 κτίσεως
2607 4182 2862 4236 ἐπέκεινα
2890 4185 3125 4256 μέτρων.

527 4288 583 4332 et
617 4278 672 4333 in
714 4274 965 4332 omnibus
1011 4273 1210 4339 factus,
1253 4279 1474 4343 propter
1520 4271 1813 4324 humanam
1857 4277 2107 4323 naturam
2146 4271 2409 4329 salvatam
2473 4277 2545 4330 sit
2578 4292 2742 4346 supra
2771 4293 2981 4346 omnes,
3013 4287 3070 4334 ct
3133 4289 3402 4335 creaturae
3430 4280 3803 4334 conditionem

525 4371 780 4430 excedat.

604 4467 665 4521 Β.
699 4465 768 4520 At
800 4465 1062 4528 inuretur,
1091 4457 1255 4532 7³15
1283 4459 1558 4528 inquiunt,
1583 4457 1692 4514 Deo
1713 4457 1891 4514 Verbo
1919 4468 2103 4527 magna

2288 4455 2349 4511 B.
2403 4451 2545 4510 Ἀλλ³
2577 4457 2999 4530 ἐναπομάξεται,
3030 4461 3184 4533 φησὶ,
3222 4461 3302 4532 τῷ
3320 4458 3438 4533 Θεῷ
3469 4462 3633 4534 Λόγῳ
3671 4465 3806 4518 πολύ

529 4556 851 4628 ignominia.
885 4555 930 4612 si
970 4555 1185 4611 dicatur
1218 4566 1414 4622 passus
1446 4562 1608 4617 esse;
1647 4559 1702 4605 et
1737 4550 2111 4605 venerandum

532 4660 775 4706 nostrum
809 4646 1128 4719 mysterium
1159 4643 1364 4700 infame
1388 4640 1663 4697 reddetur.

601 4827 667 4877 A.
708 4822 835 4888 Sed,
863 4829 1170 4890 contempta
1202 4819 1520 4890 ignominia,
1546 4817 1656 4889 pati
1691 4831 1856 4872 carne
1885 4831 1984 4888 pro
2016 4831 2114 4870 no-

528 4918 616 4973 bis
657 4914 859 4978 voluit,
903 4914 1198 4968 secundum
1243 4910 1649 4982 Scripturas".
1693 4909 1805 4980 Ego
1848 4923 1977 4963 vero
2019 4907 2115 4963 Ju-

531 5008 669 5064 daici
703 5009 903 5079 ingenii
932 5007 1203 5071 morbum,
1233 5015 1291 5061 et
1319 5004 1538 5076 gentilis
1571 5002 1894 5074 ignorantia:
1922 5001 2112 5055 vitium

531 5086 656 5156 esse
693 5099 999 5156 censuerim
1046 5096 1249 5162 dicere,
1293 5094 1601 5166 passionem
1643 5093 1822 5148 crucis
1863 5091 2114 5147 dedecori

532 5203 676 5246 esse.
712 5186 916 5243 Scribit
953 5201 1085 5256 ergo
1125 5187 1196 5240 ita
1238 5186 1454 5240 divinus
1494 5183 1692 5238 Paulus
1729 5199 1744 5237 :
1789 5202 1807 5234 ι
1847 5181 2113 5249 Quoniam

533 5288 586 5336 et
628 5278 798 5335 Judaei
839 5279 992 5349 signa
1037 5287 1250 5348 petunt,
1286 5286 1341 5331 ct
1383 5277 1558 5332 Graeci
1603 5275 1925 5347 sapientiam
1968 5288 2117 5344 qua:-

440 5436 445 5445 I
535 5382 662 5426 ruu‘t
689 5390 706 5426 :
736 5387 839 5426 nos
864 5379 1051 5427 autem
1087 5369 1445 5438 praedicamus
1467 5368 1740 5423 Christum
1773 5366 2116 5431 cruciﬁxum,

534 5461 733 5518 .lndaais
773 5461 991 5531 quidem
1037 5459 1379 5524 scandalum,
1427 5458 1678 5530 gentibus
1717 5467 1896 5514 autem
1936 5457 2121 5513 stulti-

420 5567 424 5571 '
536 5555 664 5608 tia-tn
711 5572 726 5609 :
771 5555 904 5624 ipsis
952 5562 1132 5609 autem
1176 5553 1384 5608 vocatis
1426 5551 1630 5608 iudicis
1680 5560 1842 5622 atque
1891 5549 2116 5616 Grecis,

2220 4566 2270 4601 τι
2301 4547 2360 4601 τὸ
2382 4545 2656 4614 δυσκλεὲς,
2686 4549 2747 4602 τὸ
2775 4550 3031 4620 λέγεσθαι
3061 4552 3274 4607 παθεῖν·
3304 4553 3726 4627 διαϐεϐλήσεται
3753 4557 3810 4610 δέ

2221 4639 2358 4710 πρὸς
2405 4637 2580 4711 τούτῳ
2630 4640 2725 4694 καὶ
2769 4641 2901 4696 αὐτό
2961 4661 3066 4697 που
3109 4645 3251 4716 τάχα
3295 4647 3358 4699 τὸ
3403 4649 3606 4702 σεπτὸν
3651 4648 3810 4718 ἡμῶν

2223 4748 2294 4800 μυ
2302 4731 2539 4802 στήριον.

2289 4822 2354 4876 Α.
2405 4821 2545 4875 Ἀλλ’
2575 4819 2839 4898 αῖσχῦνης
2892 4825 3316 4900 καταφρονῆσας
3382 4825 3560 4883 εἵλετο
3619 4831 3810 4884 παθεῖν

2224 4912 2388 4982 σαρκὶ
2410 4911 2478 4964 δι’
2511 4913 2682 4983 ἡμᾶς,
2732 4913 2872 4968 κατὰ
2915 4915 3014 4979 τὰς
3055 4916 3298 4987 Γραφάς.
3336 4915 3713 4988 ’Λρρώστημα
3755 4919 3809 4970 δέ

2223 5003 2420 5076 φρενὸς
2479 5005 2809 5075 Ἰουδαϊκῆς,
2855 5006 2952 5059 καὶ
2996 5006 3098 5077 τῆς
3152 5007 3420 5080 Ἐλλήνων
3477 5008 3813 5079 ἀϐελτηρῑας

2222 5095 2478 5166 ἔγκλημα
2529 5096 2700 5150 δεινὸν
2746 5097 3202 5169 καταλογῖσαιμεν
3238 5100 3325 5162 ἂν,
3360 5099 3420 5154 τὸ
3452 5099 3810 5172 αἰσχύνεσθαι

2220 5185 2399 5238 δοκεῖν
2429 5184 2490 5238 τδ
2515 5185 2607 5237 ἐπὶ
2633 5185 2712 5257 τῷ
2755 5187 2972 5259 σταυρῷ
3017 5189 3209 5252 πάθος.
3247 5189 3450 5260 Γράφει
3478 5191 3683 5260 γοῦν.ὀ
3736 5193 3815 5245 θε-

2226 5273 2448 5337 σπέσιος
2473 5271 2723 5342 Παῦλος,
2763 5294 2782 5328 ι
2826 5277 3044 5347 Ἐπειδὴ
3078 5278 3173 5331 καὶ
3212 5279 3454 5333 Ἰουδαῖοι
3491 5284 3700 5352 σημεῖα
3727 5285 3812 5336 αῖ-

2223 5365 2396 5432 τοῦσι,
2445 5366 2539 5420 καὶ
2567 5365 2834 5437 ’Έλληνες
2869 5367 3059 5438 σοφίαν
3103 5368 3358 5441 ζητοῦσιν
3380 5414 3394 5438 ,
3427 5373 3593 5444 ἡμεῖς
3625 5375 3685 5430 δέ
3716 5393 3814 5447 κη-

2228 5457 2500 5528 ρύσσομεν
2547 5458 2783 5530 Χριστὸν
2837 5457 3288 5530 ἐσταυρωμένον,
3355 5461 3639 5528 Ἰουδαίοις
3717 5466 3816 5536 μὲι

2226 5549 2544 5617 σκάνδαλον,
2577 5549 2756 5604 ἔθνεσι
2785 5550 2842 5604 δέ
2875 5551 3116 5622 μωρίαν,
3147 5552 3328 5617 αὐτοῖς
3356 5552 3412 5607 δὲ
3451 5558 3563 5618 τοῖς
3593 5553 3814 5627 κλητοῖς

604 5753 651 5784 ⁸³
693 5753 709 5806 l
750 5753 873 5808 Cor.
902 5767 954 5818 v,
981 5742 1054 5820 '7;
1086 5750 1252 5807 llebr.
1284 5766 1346 5816 η,
1394 5751 1482 5806 14.
1562 5751 1609 5783 ⁸⁸
1647 5751 1768 5805 Act.
1807 5763 1898 5814 xx,
1929 5748 2023 5804 28.
2093 5750 2103 5820 ᾖ

2243 5746 2371 5802 Cor.
2408 5747 2635 5820 vlt,_25.
2721 5748 2826 5820 "1
2865 5748 2992 5806 Cor.
3025 5765 3100 5815 Vr,
3134 5751 3218 5808 19.
3297 5752 3343 5784 υτ
3384 5750 3426 5807 u
3465 5751 3594 5807 Cur.
3633 5725 3687 5816 ι,
3719 5752 3806 5815 ιδ,

539 5823 624 5879 l6.
699 5825 744 5858 ⁸⁸
771 5821 957 5878 ‘Galat.
995 5838 1053 5891 ll,
1095 5822 1296 5892 19,20.
1371 5823 1418 5855 "
1460 5822 1621 5878 llebr.
1652 5836 1794 5895 λιιι,
1829 5821 1915 5875 i2.

1993 5820 2038 5851 θ’
2079 5818 2288 5875 Coloss.
2323 5835 2362 5885 ι,
2399 5818 2490 5888 2t,
2523 5817 2614 5873 22.
2689 5820 2736 5852 ¹⁸¹
2777 5819 2934 5877 Joan.
2971 5837 3084 5891 xxv,
3129 5823 3182 5877 6.

3296 5824 3339 5854 "
3407 5821 3569 5880 l'lchr.
3612 5836 3712 5888 xu,
3751 5823 3806 5876 2.
