  <div class='ocr_page' id='page_1' title='image "/cluster/home/n/w/nwhite01/storage/ocr_20150623/75/hvd.32044019207935/716.png"; bbox 0 0 4038 6552; ppageno 0'>
   <div class='ocr_carea' id='block_1_1' title="bbox 316 364 451 412">
    <p class='ocr_par' dir='ltr' id='par_1_1' title="bbox 316 364 451 412">
     <span class='ocr_line' id='line_1_1' title="bbox 316 364 451 412; baseline -0.007 0"><span class='ocrx_word' id='word_1_1' title='bbox 316 364 451 412; x_wconf 74' lang='grc' dir='ltr'><strong>ἱῦὗῖ</strong></span> 
     </span>
    </p>
   </div>
   <div class='ocr_carea' id='block_1_2' title="bbox 1438 365 2417 434">
    <p class='ocr_par' dir='ltr' id='par_1_2' title="bbox 1438 365 2417 434">
     <span class='ocr_line' id='line_1_2' title="bbox 1438 365 2417 434; baseline 0.004 -12"><span class='ocrx_word' id='word_1_2' title='bbox 1438 365 1630 434; x_wconf 76' lang='lat' dir='ltr'><strong>QUOD</strong></span> <span class='ocrx_word' id='word_1_3' title='bbox 1670 366 1862 427; x_wconf 83' lang='lat' dir='ltr'><strong>UNUS</strong></span> <span class='ocrx_word' id='word_1_4' title='bbox 1900 369 2008 428; x_wconf 86' lang='lat' dir='ltr'><strong>SIT</strong></span> <span class='ocrx_word' id='word_1_5' title='bbox 2050 368 2417 427; x_wconf 79' lang='lat' dir='ltr'><strong>CHRISTUS.</strong></span> 
     </span>
    </p>
   </div>
   <div class='ocr_carea' id='block_1_3' title="bbox 3428 380 3567 440">
    <p class='ocr_par' dir='ltr' id='par_1_3' title="bbox 3428 380 3567 440">
     <span class='ocr_line' id='line_1_3' title="bbox 3428 380 3567 440; baseline 0.029 -4"><span class='ocrx_word' id='word_1_6' title='bbox 3428 380 3567 440; x_wconf 70' lang='grc'><strong>1533</strong></span> 
     </span>
    </p>
   </div>
   <div class='ocr_carea' id='block_1_4' title="bbox 328 467 1877 559">
    <p class='ocr_par' dir='ltr' id='par_1_4' title="bbox 328 467 1871 554">
     <span class='ocr_line' id='line_1_4' title="bbox 328 467 1871 554; baseline 0.008 -32"><span class='ocrx_word' id='word_1_7' title='bbox 328 467 599 534; x_wconf 73' lang='grc' dir='ltr'><strong>Ἰουδαίοις</strong></span> <span class='ocrx_word' id='word_1_8' title='bbox 648 484 707 525; x_wconf 83' lang='grc' dir='ltr'><strong>τε</strong></span> <span class='ocrx_word' id='word_1_9' title='bbox 753 472 845 526; x_wconf 71' lang='grc' dir='ltr'>καὶ</span> <span class='ocrx_word' id='word_1_10' title='bbox 878 474 1142 546; x_wconf 85' lang='grc' dir='ltr'>Ἕλλησι,</span> <span class='ocrx_word' id='word_1_11' title='bbox 1192 476 1425 548; x_wconf 72' lang='grc' dir='ltr'>Χριστὸν</span> <span class='ocrx_word' id='word_1_12' title='bbox 1458 479 1596 533; x_wconf 85' lang='grc' dir='ltr'>Θεοῦ</span> <span class='ocrx_word' id='word_1_13' title='bbox 1641 478 1871 554; x_wconf 85' lang='grc' dir='ltr'>δύναμιν</span> 
     </span>
    </p>
   </div>
   <div class='ocr_carea' id='block_1_5' title="bbox 1981 467 3566 559">
    <p class='ocr_par' dir='ltr' id='par_1_5' title="bbox 1994 481 3566 559">
     <span class='ocr_line' id='line_1_5' title="bbox 1994 481 3566 559; baseline 0.006 -21"><span class='ocrx_word' id='word_1_14' title='bbox 1994 481 2272 538; x_wconf 77' lang='lat' dir='ltr'><strong>Christum</strong></span> <span class='ocrx_word' id='word_1_15' title='bbox 2321 482 2414 538; x_wconf 89' lang='lat' dir='ltr'><strong>Dei</strong></span> <span class='ocrx_word' id='word_1_16' title='bbox 2464 482 2755 550; x_wconf 85' lang='lat' dir='ltr'><strong>virtutem,</strong></span> <span class='ocrx_word' id='word_1_17' title='bbox 2802 494 2856 543; x_wconf 85' lang='lat' dir='ltr'><strong>et</strong></span> <span class='ocrx_word' id='word_1_18' title='bbox 2900 486 2995 544; x_wconf 87' lang='lat' dir='ltr'><strong>Dei</strong></span> <span class='ocrx_word' id='word_1_19' title='bbox 3041 486 3382 559; x_wconf 79' lang='lat' dir='ltr'><strong>sapientiam.</strong></span> <span class='ocrx_word' id='word_1_20' title='bbox 3433 490 3566 558; x_wconf 82' lang='lat' dir='ltr'><strong>Quia‘</strong></span> 
     </span>
    </p>
   </div>
   <div class='ocr_carea' id='block_1_6' title="bbox 312 558 1889 645">
    <p class='ocr_par' dir='ltr' id='par_1_6' title="bbox 312 558 1889 645">
     <span class='ocr_line' id='line_1_6' title="bbox 312 558 1889 645; baseline 0.01 -34"><span class='ocrx_word' id='word_1_21' title='bbox 312 558 407 612; x_wconf 79' lang='grc' dir='ltr'><strong>καὶ</strong></span> <span class='ocrx_word' id='word_1_22' title='bbox 431 559 565 615; x_wconf 82' lang='grc' dir='ltr'>Θεοῦ</span> <span class='ocrx_word' id='word_1_23' title='bbox 598 561 809 630; x_wconf 77' lang='grc' dir='ltr'><strong>σοφίαν,</strong></span> <span class='ocrx_word' id='word_1_24' title='bbox 847 563 929 617; x_wconf 82' lang='grc' dir='ltr'>ὅτι</span> <span class='ocrx_word' id='word_1_25' title='bbox 952 563 1013 617; x_wconf 82' lang='grc' dir='ltr'><strong>τὸ</strong></span> <span class='ocrx_word' id='word_1_26' title='bbox 1044 565 1228 637; x_wconf 79' lang='grc' dir='ltr'>μωρὸν</span> <span class='ocrx_word' id='word_1_27' title='bbox 1257 567 1353 621; x_wconf 90' lang='grc' dir='ltr'><strong>τοῦ</strong></span> <span class='ocrx_word' id='word_1_28' title='bbox 1382 568 1517 623; x_wconf 88' lang='grc' dir='ltr'>Θεοῦ</span> <span class='ocrx_word' id='word_1_29' title='bbox 1535 608 1551 636; x_wconf 95' lang='grc'><strong>,</strong></span> <span class='ocrx_word' id='word_1_30' title='bbox 1581 572 1889 645; x_wconf 80' lang='grc' dir='ltr'>σοφώτερον</span> 
     </span>
    </p>
   </div>
   <div class='ocr_carea' id='block_1_7' title="bbox 309 650 1888 735">
    <p class='ocr_par' dir='ltr' id='par_1_7' title="bbox 309 650 1888 735">
     <span class='ocr_line' id='line_1_7' title="bbox 309 650 1888 735; baseline 0.009 -33"><span class='ocrx_word' id='word_1_31' title='bbox 309 650 421 703; x_wconf 79' lang='grc' dir='ltr'><strong>τῶν</strong></span> <span class='ocrx_word' id='word_1_32' title='bbox 448 651 751 722; x_wconf 79' lang='grc' dir='ltr'>ἀνθρώπων</span> <span class='ocrx_word' id='word_1_33' title='bbox 777 656 927 723; x_wconf 77' lang='grc' dir='ltr'>ἐστὶ,</span> <span class='ocrx_word' id='word_1_34' title='bbox 959 655 1051 710; x_wconf 84' lang='grc' dir='ltr'>καὶ</span> <span class='ocrx_word' id='word_1_35' title='bbox 1078 656 1138 711; x_wconf 83' lang='grc' dir='ltr'>τὸ</span> <span class='ocrx_word' id='word_1_36' title='bbox 1168 658 1395 725; x_wconf 83' lang='grc' dir='ltr'>άσθενὲς</span> <span class='ocrx_word' id='word_1_37' title='bbox 1425 661 1519 716; x_wconf 87' lang='grc' dir='ltr'><strong>τοῦ</strong></span> <span class='ocrx_word' id='word_1_38' title='bbox 1550 662 1708 730; x_wconf 77' lang='grc' dir='ltr'>Θεοῦ,</span> <span class='ocrx_word' id='word_1_39' title='bbox 1748 665 1888 735; x_wconf 80' lang='grc' dir='ltr'>ἰσχυ-</span> 
     </span>
    </p>
   </div>
   <div class='ocr_carea' id='block_1_8' title="bbox 313 741 1217 819">
    <p class='ocr_par' dir='ltr' id='par_1_8' title="bbox 313 741 1217 819">
     <span class='ocr_line' id='line_1_8' title="bbox 313 741 1217 819; baseline 0.011 -26"><span class='ocrx_word' id='word_1_40' title='bbox 313 741 533 813; x_wconf 89' lang='grc' dir='ltr'>ρότερον</span> <span class='ocrx_word' id='word_1_41' title='bbox 561 743 670 799; x_wconf 89' lang='grc' dir='ltr'><strong>τῶν</strong></span> <span class='ocrx_word' id='word_1_42' title='bbox 699 744 1003 819; x_wconf 84' lang='grc' dir='ltr'>ἀνθρώπων</span> <span class='ocrx_word' id='word_1_43' title='bbox 1024 748 1161 802; x_wconf 76' lang='grc' dir='ltr'>ἐστί.</span> <span class='ocrx_word' id='word_1_44' title='bbox 1197 767 1217 803; x_wconf 72' lang='grc' dir='ltr'><strong>ι</strong></span> 
     </span>
    </p>
   </div>
   <div class='ocr_carea' id='block_1_9' title="bbox 382 831 1629 913">
    <p class='ocr_par' dir='ltr' id='par_1_9' title="bbox 382 831 1629 913">
     <span class='ocr_line' id='line_1_9' title="bbox 382 831 1629 913; baseline 0.009 -28"><span class='ocrx_word' id='word_1_45' title='bbox 382 831 445 887; x_wconf 85' lang='grc' dir='ltr'><strong>Β.</strong></span> <span class='ocrx_word' id='word_1_46' title='bbox 487 833 623 888; x_wconf 89' lang='grc' dir='ltr'>Τίνα</span> <span class='ocrx_word' id='word_1_47' title='bbox 653 835 891 907; x_wconf 74' lang='grc' dir='ltr'>τρόπους</span> <span class='ocrx_word' id='word_1_48' title='bbox 923 836 1148 910; x_wconf 80' lang='grc' dir='ltr'><strong>συνίημι</strong></span> <span class='ocrx_word' id='word_1_49' title='bbox 1180 840 1291 911; x_wconf 83' lang='grc' dir='ltr'>γὰρ</span> <span class='ocrx_word' id='word_1_50' title='bbox 1312 842 1513 913; x_wconf 75' lang='grc' dir='ltr'>ἥκιστά</span> <span class='ocrx_word' id='word_1_51' title='bbox 1544 861 1629 913; x_wconf 85' lang='grc' dir='ltr'>γε.</span> 
     </span>
    </p>
   </div>
   <div class='ocr_carea' id='block_1_10' title="bbox 378 925 1887 1009">
    <p class='ocr_par' dir='ltr' id='par_1_10' title="bbox 378 925 1887 1009">
     <span class='ocr_line' id='line_1_10' title="bbox 378 925 1887 1009; baseline 0.011 -33"><span class='ocrx_word' id='word_1_52' title='bbox 378 925 445 978; x_wconf 85' lang='grc' dir='ltr'><strong>Α.</strong></span> <span class='ocrx_word' id='word_1_53' title='bbox 488 925 563 978; x_wconf 85' lang='grc' dir='ltr'><strong>Οὐ</strong></span> <span class='ocrx_word' id='word_1_54' title='bbox 608 927 717 999; x_wconf 79' lang='grc' dir='ltr'>γὰρ</span> <span class='ocrx_word' id='word_1_55' title='bbox 772 928 1046 994; x_wconf 79' lang='grc' dir='ltr'><strong>Ἰουδαίοις</strong></span> <span class='ocrx_word' id='word_1_56' title='bbox 1074 931 1178 1002; x_wconf 82' lang='grc' dir='ltr'>μὲν</span> <span class='ocrx_word' id='word_1_57' title='bbox 1228 933 1524 989; x_wconf 79' lang='grc' dir='ltr'><strong>σκάνδαλον</strong></span> <span class='ocrx_word' id='word_1_58' title='bbox 1562 935 1623 988; x_wconf 81' lang='grc' dir='ltr'><strong>τὸ</strong></span> <span class='ocrx_word' id='word_1_59' title='bbox 1669 936 1762 990; x_wconf 75' lang='grc' dir='ltr'>ἐπὶ</span> <span class='ocrx_word' id='word_1_60' title='bbox 1811 936 1887 1009; x_wconf 81' lang='grc' dir='ltr'>τῷ</span> 
     </span>
    </p>
   </div>
   <div class='ocr_carea' id='block_1_11' title="bbox 310 1020 1885 1104">
    <p class='ocr_par' dir='ltr' id='par_1_11' title="bbox 310 1020 1885 1104">
     <span class='ocr_line' id='line_1_11' title="bbox 310 1020 1885 1104; baseline 0.008 -34"><span class='ocrx_word' id='word_1_61' title='bbox 310 1020 530 1091; x_wconf 78' lang='grc' dir='ltr'><strong>σταυρῷ</strong></span> <span class='ocrx_word' id='word_1_62' title='bbox 561 1021 734 1086; x_wconf 83' lang='grc' dir='ltr'>πάθος</span> <span class='ocrx_word' id='word_1_63' title='bbox 758 1023 1013 1093; x_wconf 82' lang='grc' dir='ltr'>γενέσθαι</span> <span class='ocrx_word' id='word_1_64' title='bbox 1039 1028 1228 1097; x_wconf 82' lang='grc' dir='ltr'>φησὶν,</span> <span class='ocrx_word' id='word_1_65' title='bbox 1269 1028 1495 1100; x_wconf 88' lang='grc' dir='ltr'>Ἕλλησι</span> <span class='ocrx_word' id='word_1_66' title='bbox 1531 1029 1589 1083; x_wconf 82' lang='grc' dir='ltr'>δὲ</span> <span class='ocrx_word' id='word_1_67' title='bbox 1635 1031 1885 1104; x_wconf 88' lang='grc' dir='ltr'>μωρίαν;</span> 
     </span>
    </p>
   </div>
   <div class='ocr_carea' id='block_1_12' title="bbox 308 1109 1885 1189">
    <p class='ocr_par' dir='ltr' id='par_1_12' title="bbox 308 1109 1885 1189">
     <span class='ocr_line' id='line_1_12' title="bbox 308 1109 1885 1189; baseline 0.007 -28"><span class='ocrx_word' id='word_1_68' title='bbox 308 1109 375 1161; x_wconf 71' lang='lat' dir='ltr'><strong>Oi</strong></span> <span class='ocrx_word' id='word_1_69' title='bbox 406 1109 510 1179; x_wconf 83' lang='grc' dir='ltr'>μὲν</span> <span class='ocrx_word' id='word_1_70' title='bbox 550 1110 660 1183; x_wconf 85' lang='grc' dir='ltr'><strong>γάρ</strong></span> <span class='ocrx_word' id='word_1_71' title='bbox 689 1109 947 1182; x_wconf 80' lang='grc' dir='ltr'>ἔφασκον,</span> <span class='ocrx_word' id='word_1_72' title='bbox 980 1116 1367 1189; x_wconf 71' lang='grc' dir='ltr'><strong>ἀπηρτημένον</strong></span> <span class='ocrx_word' id='word_1_73' title='bbox 1398 1117 1634 1189; x_wconf 84' lang='grc' dir='ltr'>ὁρῶντες</span> <span class='ocrx_word' id='word_1_74' title='bbox 1662 1119 1757 1172; x_wconf 89' lang='grc' dir='ltr'><strong>τοῦ</strong></span> <span class='ocrx_word' id='word_1_75' title='bbox 1791 1118 1885 1187; x_wconf 78' lang='grc' dir='ltr'><strong>ξύ-</strong></span> 
     </span>
    </p>
   </div>
   <div class='ocr_carea' id='block_1_13' title="bbox 307 1196 1883 1280">
    <p class='ocr_par' dir='ltr' id='par_1_13' title="bbox 307 1196 1883 1280">
     <span class='ocr_line' id='line_1_13' title="bbox 307 1196 1883 1280; baseline 0.01 -30"><span class='ocrx_word' id='word_1_76' title='bbox 307 1196 424 1263; x_wconf 86' lang='grc' dir='ltr'><strong>λου,</strong></span> <span class='ocrx_word' id='word_1_77' title='bbox 457 1199 552 1254; x_wconf 77' lang='grc' dir='ltr'>καὶ</span> <span class='ocrx_word' id='word_1_78' title='bbox 576 1200 675 1266; x_wconf 83' lang='grc' dir='ltr'><strong>τὰς</strong></span> <span class='ocrx_word' id='word_1_79' title='bbox 715 1205 1032 1275; x_wconf 86' lang='grc' dir='ltr'>μιαιφόνους</span> <span class='ocrx_word' id='word_1_80' title='bbox 1063 1207 1151 1260; x_wconf 76' lang='grc' dir='ltr'>ἐπ’</span> <span class='ocrx_word' id='word_1_81' title='bbox 1181 1208 1329 1280; x_wconf 81' lang='grc' dir='ltr'>αὐτῷ</span> <span class='ocrx_word' id='word_1_82' title='bbox 1359 1209 1594 1273; x_wconf 77' lang='grc' dir='ltr'>σείοντες</span> <span class='ocrx_word' id='word_1_83' title='bbox 1619 1210 1883 1279; x_wconf 79' lang='grc' dir='ltr'>κεφαλὰς,</span> 
     </span>
    </p>
   </div>
   <div class='ocr_carea' id='block_1_14' title="bbox 311 1287 1886 1372">
    <p class='ocr_par' dir='ltr' id='par_1_14' title="bbox 311 1287 1886 1372">
     <span class='ocr_line' id='line_1_14' title="bbox 311 1287 1886 1372; baseline 0.01 -32"><span class='ocrx_word' id='word_1_84' title='bbox 311 1307 330 1340; x_wconf 80' lang='grc' dir='ltr'><strong>ι</strong></span> <span class='ocrx_word' id='word_1_85' title='bbox 362 1288 428 1343; x_wconf 84' lang='grc' dir='ltr'>Εἰ</span> <span class='ocrx_word' id='word_1_86' title='bbox 470 1290 599 1356; x_wconf 65' lang='lat' dir='ltr'><strong>ris;</strong></span> <span class='ocrx_word' id='word_1_87' title='bbox 627 1287 677 1346; x_wconf 81' lang='grc' dir='ltr'><strong>εἰ</strong></span> <span class='ocrx_word' id='word_1_88' title='bbox 712 1292 807 1348; x_wconf 87' lang='grc' dir='ltr'><strong>τοῦ</strong></span> <span class='ocrx_word' id='word_1_89' title='bbox 852 1295 1009 1365; x_wconf 79' lang='grc' dir='ltr'>Θεοῦ,</span> <span class='ocrx_word' id='word_1_90' title='bbox 1045 1297 1315 1370; x_wconf 77' lang='grc' dir='ltr'>κατάϐηθι</span> <span class='ocrx_word' id='word_1_91' title='bbox 1344 1300 1455 1355; x_wconf 76' lang='grc' dir='ltr'><strong>ἀπὸ</strong></span> <span class='ocrx_word' id='word_1_92' title='bbox 1484 1300 1717 1372; x_wconf 82' lang='grc' dir='ltr'>σταυροῦ</span> <span class='ocrx_word' id='word_1_93' title='bbox 1737 1342 1753 1369; x_wconf 94' lang='grc'><strong>,</strong></span> <span class='ocrx_word' id='word_1_94' title='bbox 1791 1303 1886 1356; x_wconf 72' lang='grc' dir='ltr'>καὶ</span> 
     </span>
    </p>
   </div>
   <div class='ocr_carea' id='block_1_15' title="bbox 306 1380 1885 1465">
    <p class='ocr_par' dir='ltr' id='par_1_15' title="bbox 306 1380 1885 1465">
     <span class='ocr_line' id='line_1_15' title="bbox 306 1380 1885 1465; baseline 0.011 -34"><span class='ocrx_word' id='word_1_95' title='bbox 306 1380 671 1452; x_wconf 86' lang='grc' dir='ltr'>πιστεύσομέν</span> <span class='ocrx_word' id='word_1_96' title='bbox 700 1401 802 1439; x_wconf 84' lang='grc' dir='ltr'>σοι.</span> <span class='ocrx_word' id='word_1_97' title='bbox 843 1405 861 1438; x_wconf 74' lang='grc' dir='ltr'><strong>ι</strong></span> <span class='ocrx_word' id='word_1_98' title='bbox 897 1388 1088 1459; x_wconf 76' lang='grc' dir='ltr'>ᾭοντο</span> <span class='ocrx_word' id='word_1_99' title='bbox 1114 1388 1223 1462; x_wconf 81' lang='grc' dir='ltr'><strong>γὰρ</strong></span> <span class='ocrx_word' id='word_1_100' title='bbox 1250 1390 1334 1444; x_wconf 75' lang='grc' dir='ltr'>ὅτι</span> <span class='ocrx_word' id='word_1_101' title='bbox 1359 1391 1461 1462; x_wconf 81' lang='grc' dir='ltr'><strong>τῆς</strong></span> <span class='ocrx_word' id='word_1_102' title='bbox 1490 1391 1671 1447; x_wconf 84' lang='grc' dir='ltr'>αὐτῶν</span> <span class='ocrx_word' id='word_1_103' title='bbox 1702 1392 1885 1465; x_wconf 88' lang='grc' dir='ltr'>ἰσχύος</span> 
     </span>
    </p>
   </div>
   <div class='ocr_carea' id='block_1_16' title="bbox 303 1473 1885 1560">
    <p class='ocr_par' dir='ltr' id='par_1_16' title="bbox 303 1473 1885 1560">
     <span class='ocr_line' id='line_1_16' title="bbox 303 1473 1885 1560; baseline 0.01 -34"><span class='ocrx_word' id='word_1_104' title='bbox 303 1473 615 1546; x_wconf 76' lang='grc' dir='ltr'>ἡττώμενος</span> <span class='ocrx_word' id='word_1_105' title='bbox 643 1476 760 1548; x_wconf 78' lang='grc' dir='ltr'>ἥλω</span> <span class='ocrx_word' id='word_1_106' title='bbox 816 1481 913 1534; x_wconf 74' lang='grc' dir='ltr'>καὶ</span> <span class='ocrx_word' id='word_1_107' title='bbox 939 1480 1175 1537; x_wconf 82' lang='grc' dir='ltr'>πέπονθε</span> <span class='ocrx_word' id='word_1_108' title='bbox 1203 1499 1218 1514; x_wconf 74' lang='grc' dir='ltr'>ο</span> <span class='ocrx_word' id='word_1_109' title='bbox 1252 1483 1597 1557; x_wconf 80' lang='grc' dir='ltr'>πεπλάνηντο</span> <span class='ocrx_word' id='word_1_110' title='bbox 1625 1485 1753 1559; x_wconf 83' lang='grc' dir='ltr'>γάρ,</span> <span class='ocrx_word' id='word_1_111' title='bbox 1785 1488 1885 1560; x_wconf 84' lang='grc' dir='ltr'>οὐχ</span> 
     </span>
    </p>
   </div>
   <div class='ocr_carea' id='block_1_17' title="bbox 306 1560 1884 1651">
    <p class='ocr_par' dir='ltr' id='par_1_17' title="bbox 306 1560 1884 1651">
     <span class='ocr_line' id='line_1_17' title="bbox 306 1560 1884 1651; baseline 0.01 -35"><span class='ocrx_word' id='word_1_112' title='bbox 306 1563 435 1617; x_wconf 84' lang='grc' dir='ltr'>Υἰὸν</span> <span class='ocrx_word' id='word_1_113' title='bbox 460 1560 600 1621; x_wconf 75' lang='grc' dir='ltr'>εἶναι</span> <span class='ocrx_word' id='word_1_114' title='bbox 642 1567 777 1621; x_wconf 87' lang='grc' dir='ltr'>Θεοῦ</span> <span class='ocrx_word' id='word_1_115' title='bbox 806 1570 1130 1643; x_wconf 92' lang='grc' dir='ltr'>νομίσαντες</span> <span class='ocrx_word' id='word_1_116' title='bbox 1178 1574 1420 1647; x_wconf 81' lang='grc' dir='ltr'>άληθῶς,</span> <span class='ocrx_word' id='word_1_117' title='bbox 1443 1575 1558 1630; x_wconf 82' lang='grc' dir='ltr'>ἀλλ’</span> <span class='ocrx_word' id='word_1_118' title='bbox 1591 1578 1673 1642; x_wconf 89' lang='grc' dir='ltr'><strong>εἰς</strong></span> <span class='ocrx_word' id='word_1_119' title='bbox 1711 1578 1884 1651; x_wconf 85' lang='grc' dir='ltr'>μόνην</span> 
     </span>
    </p>
   </div>
   <div class='ocr_carea' id='block_1_18' title="bbox 302 1654 1884 1741">
    <p class='ocr_par' dir='ltr' id='par_1_18' title="bbox 302 1654 1884 1741">
     <span class='ocr_line' id='line_1_18' title="bbox 302 1654 1884 1741; baseline 0.011 -36"><span class='ocrx_word' id='word_1_120' title='bbox 302 1654 538 1724; x_wconf 85' lang='grc' dir='ltr'>ὁρῶντες</span> <span class='ocrx_word' id='word_1_121' title='bbox 559 1657 659 1727; x_wconf 77' lang='grc' dir='ltr'>τὴν</span> <span class='ocrx_word' id='word_1_122' title='bbox 689 1658 888 1729; x_wconf 85' lang='grc' dir='ltr'>σάρκα.</span> <span class='ocrx_word' id='word_1_123' title='bbox 921 1660 1180 1733; x_wconf 81' lang='grc' dir='ltr'>Ἕλληνές</span> <span class='ocrx_word' id='word_1_124' title='bbox 1206 1680 1270 1734; x_wconf 87' lang='grc' dir='ltr'><strong>γε</strong></span> <span class='ocrx_word' id='word_1_125' title='bbox 1299 1664 1427 1737; x_wconf 78' lang='grc' dir='ltr'>μὴν,</span> <span class='ocrx_word' id='word_1_126' title='bbox 1457 1666 1520 1720; x_wconf 77' lang='grc' dir='ltr'>τὸ</span> <span class='ocrx_word' id='word_1_127' title='bbox 1547 1666 1642 1722; x_wconf 90' lang='grc' dir='ltr'><strong>τοῦ</strong></span> <span class='ocrx_word' id='word_1_128' title='bbox 1674 1685 1884 1741; x_wconf 88' lang='grc' dir='ltr'>μυστη-</span> 
     </span>
    </p>
   </div>
   <div class='ocr_carea' id='block_1_19' title="bbox 306 1744 1879 1827">
    <p class='ocr_par' dir='ltr' id='par_1_19' title="bbox 306 1744 1879 1827">
     <span class='ocr_line' id='line_1_19' title="bbox 306 1744 1879 1827; baseline 0.009 -30"><span class='ocrx_word' id='word_1_129' title='bbox 306 1744 423 1816; x_wconf 83' lang='grc' dir='ltr'>ρίου</span> <span class='ocrx_word' id='word_1_130' title='bbox 459 1744 619 1816; x_wconf 82' lang='grc' dir='ltr'>βάθος</span> <span class='ocrx_word' id='word_1_131' title='bbox 666 1750 784 1803; x_wconf 85' lang='grc' dir='ltr'>κατ’</span> <span class='ocrx_word' id='word_1_132' title='bbox 825 1750 1018 1804; x_wconf 78' lang='grc' dir='ltr'>οὐδένα</span> <span class='ocrx_word' id='word_1_133' title='bbox 1050 1751 1253 1823; x_wconf 80' lang='grc' dir='ltr'>τρόπον</span> <span class='ocrx_word' id='word_1_134' title='bbox 1299 1755 1540 1810; x_wconf 82' lang='grc' dir='ltr'>συνιέναι</span> <span class='ocrx_word' id='word_1_135' title='bbox 1568 1756 1879 1827; x_wconf 82' lang='grc' dir='ltr'>δυνάμενοι,</span> 
     </span>
    </p>
   </div>
   <div class='ocr_carea' id='block_1_20' title="bbox 1990 573 3567 649">
    <p class='ocr_par' dir='ltr' id='par_1_20' title="bbox 1990 573 3567 649">
     <span class='ocr_line' id='line_1_20' title="bbox 1990 573 3567 649; baseline 0.006 -21"><span class='ocrx_word' id='word_1_136' title='bbox 1990 574 2134 645; x_wconf 84' lang='lat' dir='ltr'><strong>quod</strong></span> <span class='ocrx_word' id='word_1_137' title='bbox 2162 573 2388 630; x_wconf 87' lang='lat' dir='ltr'><strong>stultum</strong></span> <span class='ocrx_word' id='word_1_138' title='bbox 2426 583 2515 631; x_wconf 90' lang='lat' dir='ltr'><strong>est</strong></span> <span class='ocrx_word' id='word_1_139' title='bbox 2547 574 2665 643; x_wconf 80' lang='lat' dir='ltr'><strong>Dei,</strong></span> <span class='ocrx_word' id='word_1_140' title='bbox 2690 578 2989 649; x_wconf 79' lang='lat' dir='ltr'><strong>sapientius</strong></span> <span class='ocrx_word' id='word_1_141' title='bbox 3018 589 3104 636; x_wconf 88' lang='lat' dir='ltr'><strong>est</strong></span> <span class='ocrx_word' id='word_1_142' title='bbox 3133 579 3445 636; x_wconf 87' lang='lat' dir='ltr'><strong>hominibus</strong></span> <span class='ocrx_word' id='word_1_143' title='bbox 3474 596 3489 636; x_wconf 91' lang='lat'><strong>:</strong></span> <span class='ocrx_word' id='word_1_144' title='bbox 3517 592 3567 637; x_wconf 92' lang='lat' dir='ltr'><strong>et</strong></span> 
     </span>
    </p>
   </div>
   <div class='ocr_carea' id='block_1_21' title="bbox 1990 664 3519 735">
    <p class='ocr_par' dir='ltr' id='par_1_21' title="bbox 1990 664 3519 735">
     <span class='ocr_line' id='line_1_21' title="bbox 1990 664 3519 735; baseline 0.004 -18"><span class='ocrx_word' id='word_1_145' title='bbox 1990 667 2132 735; x_wconf 88' lang='lat' dir='ltr'><strong>quod</strong></span> <span class='ocrx_word' id='word_1_146' title='bbox 2164 665 2435 720; x_wconf 85' lang='lat' dir='ltr'><strong>infirmum</strong></span> <span class='ocrx_word' id='word_1_147' title='bbox 2466 674 2552 722; x_wconf 88' lang='lat' dir='ltr'><strong>est</strong></span> <span class='ocrx_word' id='word_1_148' title='bbox 2581 664 2699 733; x_wconf 88' lang='lat' dir='ltr'><strong>Dei,</strong></span> <span class='ocrx_word' id='word_1_149' title='bbox 2731 668 2925 725; x_wconf 81' lang='lat' dir='ltr'><strong>fortius</strong></span> <span class='ocrx_word' id='word_1_150' title='bbox 2953 681 3037 726; x_wconf 88' lang='lat' dir='ltr'><strong>est</strong></span> <span class='ocrx_word' id='word_1_151' title='bbox 3066 669 3374 727; x_wconf 82' lang='lat' dir='ltr'><strong>hominibus</strong></span> <span class='ocrx_word' id='word_1_152' title='bbox 3397 670 3464 727; x_wconf 75' lang='grc'><strong>⁸³.</strong></span> <span class='ocrx_word' id='word_1_153' title='bbox 3501 691 3519 723; x_wconf 75' lang='grc' dir='ltr'><strong>ι</strong></span> 
     </span>
    </p>
   </div>
   <div class='ocr_carea' id='block_1_22' title="bbox 2059 838 3179 915">
    <p class='ocr_par' dir='ltr' id='par_1_22' title="bbox 2059 838 3179 915">
     <span class='ocr_line' id='line_1_22' title="bbox 2059 838 3179 915; baseline 0.006 -22"><span class='ocrx_word' id='word_1_154' title='bbox 2059 838 2121 894; x_wconf 89' lang='lat' dir='ltr'><strong>B.</strong></span> <span class='ocrx_word' id='word_1_155' title='bbox 2162 839 2281 907; x_wconf 83' lang='lat' dir='ltr'><strong>Quo</strong></span> <span class='ocrx_word' id='word_1_156' title='bbox 2310 842 2509 912; x_wconf 76' lang='lat' dir='ltr'><strong>pacto?</strong></span> <span class='ocrx_word' id='word_1_157' title='bbox 2537 856 2713 914; x_wconf 90' lang='lat' dir='ltr'><strong>neque</strong></span> <span class='ocrx_word' id='word_1_158' title='bbox 2742 843 2886 899; x_wconf 88' lang='lat' dir='ltr'><strong>enim</strong></span> <span class='ocrx_word' id='word_1_159' title='bbox 2919 844 3179 915; x_wconf 81' lang='lat' dir='ltr'><strong>intelligo.</strong></span> 
     </span>
    </p>
   </div>
   <div class='ocr_carea' id='block_1_23' title="bbox 2058 930 3567 1009">
    <p class='ocr_par' dir='ltr' id='par_1_23' title="bbox 2058 930 3567 1009">
     <span class='ocr_line' id='line_1_23' title="bbox 2058 930 3567 1009; baseline 0.007 -24"><span class='ocrx_word' id='word_1_160' title='bbox 2058 932 2124 986; x_wconf 86' lang='lat' dir='ltr'><strong>A.</strong></span> <span class='ocrx_word' id='word_1_161' title='bbox 2166 930 2358 989; x_wconf 75' lang='lat' dir='ltr'><strong>Nonne</strong></span> <span class='ocrx_word' id='word_1_162' title='bbox 2388 935 2535 992; x_wconf 86' lang='lat' dir='ltr'><strong>enim</strong></span> <span class='ocrx_word' id='word_1_163' title='bbox 2562 933 2764 991; x_wconf 66' lang='lat' dir='ltr'><strong>Iudaeis</strong></span> <span class='ocrx_word' id='word_1_164' title='bbox 2792 936 3051 992; x_wconf 85' lang='lat' dir='ltr'><strong>seandalo</strong></span> <span class='ocrx_word' id='word_1_165' title='bbox 3081 938 3248 994; x_wconf 88' lang='lat' dir='ltr'><strong>fuisse</strong></span> <span class='ocrx_word' id='word_1_166' title='bbox 3278 940 3409 996; x_wconf 86' lang='lat' dir='ltr'><strong>dicit</strong></span> <span class='ocrx_word' id='word_1_167' title='bbox 3439 955 3567 1009; x_wconf 82' lang='lat' dir='ltr'><strong>pas-</strong></span> 
     </span>
    </p>
   </div>
   <div class='ocr_carea' id='block_1_24' title="bbox 1988 1018 3566 1093">
    <p class='ocr_par' dir='ltr' id='par_1_24' title="bbox 1988 1018 3566 1093">
     <span class='ocr_line' id='line_1_24' title="bbox 1988 1018 3566 1093; baseline 0.007 -17"><span class='ocrx_word' id='word_1_168' title='bbox 1988 1022 2197 1080; x_wconf 89' lang='lat' dir='ltr'><strong>sionem</strong></span> <span class='ocrx_word' id='word_1_169' title='bbox 2230 1026 2439 1093; x_wconf 85' lang='lat' dir='ltr'><strong>crucis,</strong></span> <span class='ocrx_word' id='word_1_170' title='bbox 2474 1025 2681 1083; x_wconf 73' lang='lat' dir='ltr'><strong>Grzecis</strong></span> <span class='ocrx_word' id='word_1_171' title='bbox 2720 1036 2901 1083; x_wconf 89' lang='lat' dir='ltr'><strong>autem</strong></span> <span class='ocrx_word' id='word_1_172' title='bbox 2939 1026 3267 1084; x_wconf 80' lang='lat' dir='ltr'><strong>stultitiam?</strong></span> <span class='ocrx_word' id='word_1_173' title='bbox 3304 1030 3385 1085; x_wconf 92' lang='lat' dir='ltr'><strong>llli</strong></span> <span class='ocrx_word' id='word_1_174' title='bbox 3420 1018 3566 1087; x_wconf 72' lang='lat' dir='ltr'><strong>eiiim</strong></span> 
     </span>
    </p>
   </div>
   <div class='ocr_carea' id='block_1_25' title="bbox 1987 1113 3569 1191">
    <p class='ocr_par' dir='ltr' id='par_1_25' title="bbox 1987 1113 3569 1191">
     <span class='ocr_line' id='line_1_25' title="bbox 1987 1113 3569 1191; baseline 0.005 -24"><span class='ocrx_word' id='word_1_175' title='bbox 1987 1113 2271 1182; x_wconf 82' lang='lat' dir='ltr'><strong>dixerunt,</strong></span> <span class='ocrx_word' id='word_1_176' title='bbox 2306 1131 2429 1172; x_wconf 91' lang='lat' dir='ltr'><strong>cum</strong></span> <span class='ocrx_word' id='word_1_177' title='bbox 2464 1116 2614 1172; x_wconf 90' lang='lat' dir='ltr'><strong>illum</strong></span> <span class='ocrx_word' id='word_1_178' title='bbox 2648 1131 2970 1187; x_wconf 88' lang='lat' dir='ltr'><strong>suspensum</strong></span> <span class='ocrx_word' id='word_1_179' title='bbox 3005 1131 3037 1174; x_wconf 90' lang='lat' dir='ltr'><strong>e</strong></span> <span class='ocrx_word' id='word_1_180' title='bbox 3071 1117 3214 1191; x_wconf 74' lang='lat' dir='ltr'><strong>ligno</strong></span> <span class='ocrx_word' id='word_1_181' title='bbox 3247 1131 3569 1188; x_wconf 84' lang='lat' dir='ltr'><strong>cernerent,</strong></span> 
     </span>
    </p>
   </div>
   <div class='ocr_carea' id='block_1_26' title="bbox 1989 1204 3569 1280">
    <p class='ocr_par' dir='ltr' id='par_1_26' title="bbox 1989 1204 3569 1280">
     <span class='ocr_line' id='line_1_26' title="bbox 1989 1204 3569 1280; baseline 0.003 -19"><span class='ocrx_word' id='word_1_182' title='bbox 1989 1206 2398 1278; x_wconf 76' lang='lat' dir='ltr'><strong>sanguinolenta</strong></span> <span class='ocrx_word' id='word_1_183' title='bbox 2440 1207 2758 1265; x_wconf 87' lang='lat' dir='ltr'><strong>motitantes</strong></span> <span class='ocrx_word' id='word_1_184' title='bbox 2800 1209 2979 1280; x_wconf 84' lang='lat' dir='ltr'><strong>capita</strong></span> <span class='ocrx_word' id='word_1_185' title='bbox 3024 1226 3039 1265; x_wconf 92' lang='lat'><strong>:</strong></span> <span class='ocrx_word' id='word_1_186' title='bbox 3089 1227 3109 1261; x_wconf 78' lang='grc' dir='ltr'><strong>ι</strong></span> <span class='ocrx_word' id='word_1_187' title='bbox 3162 1209 3221 1265; x_wconf 74' lang='lat' dir='ltr'><strong>Si</strong></span> <span class='ocrx_word' id='word_1_188' title='bbox 3264 1204 3431 1266; x_wconf 87' lang='lat' dir='ltr'><strong>Filius</strong></span> <span class='ocrx_word' id='word_1_189' title='bbox 3471 1211 3569 1266; x_wconf 90' lang='lat' dir='ltr'><strong>Dei</strong></span> 
     </span>
    </p>
   </div>
   <div class='ocr_carea' id='block_1_27' title="bbox 1986 1295 3569 1367">
    <p class='ocr_par' dir='ltr' id='par_1_27' title="bbox 1986 1295 3569 1367">
     <span class='ocr_line' id='line_1_27' title="bbox 1986 1295 3569 1367; baseline 0.003 -15"><span class='ocrx_word' id='word_1_190' title='bbox 1986 1312 2067 1364; x_wconf 89' lang='lat' dir='ltr'><strong>es,</strong></span> <span class='ocrx_word' id='word_1_191' title='bbox 2097 1295 2366 1354; x_wconf 86' lang='lat' dir='ltr'><strong>descende</strong></span> <span class='ocrx_word' id='word_1_192' title='bbox 2396 1313 2429 1355; x_wconf 94' lang='lat' dir='ltr'><strong>e</strong></span> <span class='ocrx_word' id='word_1_193' title='bbox 2457 1312 2642 1367; x_wconf 81' lang='lat' dir='ltr'><strong>cruce,</strong></span> <span class='ocrx_word' id='word_1_194' title='bbox 2673 1308 2729 1355; x_wconf 89' lang='lat' dir='ltr'><strong>et</strong></span> <span class='ocrx_word' id='word_1_195' title='bbox 2762 1301 3052 1357; x_wconf 85' lang='lat' dir='ltr'><strong>credemus</strong></span> <span class='ocrx_word' id='word_1_196' title='bbox 3086 1301 3184 1358; x_wconf 88' lang='lat' dir='ltr'><strong>tibi</strong></span> <span class='ocrx_word' id='word_1_197' title='bbox 3207 1300 3276 1357; x_wconf 74' lang='lat'><strong>“.</strong></span> <span class='ocrx_word' id='word_1_198' title='bbox 3316 1318 3336 1355; x_wconf 70' lang='grc' dir='ltr'><strong>ι</strong></span> <span class='ocrx_word' id='word_1_199' title='bbox 3373 1301 3569 1357; x_wconf 82' lang='lat' dir='ltr'><strong>Existi-</strong></span> 
     </span>
    </p>
   </div>
   <div class='ocr_carea' id='block_1_28' title="bbox 1987 1387 3567 1464">
    <p class='ocr_par' dir='ltr' id='par_1_28' title="bbox 1987 1387 3567 1464">
     <span class='ocr_line' id='line_1_28' title="bbox 1987 1387 3567 1464; baseline 0.003 -23"><span class='ocrx_word' id='word_1_200' title='bbox 1987 1387 2211 1443; x_wconf 90' lang='lat' dir='ltr'><strong>mabant</strong></span> <span class='ocrx_word' id='word_1_201' title='bbox 2250 1387 2397 1443; x_wconf 90' lang='lat' dir='ltr'><strong>enim</strong></span> <span class='ocrx_word' id='word_1_202' title='bbox 2441 1388 2590 1444; x_wconf 90' lang='lat' dir='ltr'><strong>illum</strong></span> <span class='ocrx_word' id='word_1_203' title='bbox 2629 1389 2885 1446; x_wconf 88' lang='lat' dir='ltr'><strong>violentia</strong></span> <span class='ocrx_word' id='word_1_204' title='bbox 2931 1391 3176 1462; x_wconf 90' lang='lat' dir='ltr'><strong>ipsorum</strong></span> <span class='ocrx_word' id='word_1_205' title='bbox 3220 1401 3567 1464; x_wconf 88' lang='lat' dir='ltr'><strong>superatum,</strong></span> 
     </span>
    </p>
   </div>
   <div class='ocr_carea' id='block_1_29' title="bbox 1986 1477 3567 1553">
    <p class='ocr_par' dir='ltr' id='par_1_29' title="bbox 1986 1477 3567 1553">
     <span class='ocr_line' id='line_1_29' title="bbox 1986 1477 3567 1553; baseline 0.003 -19"><span class='ocrx_word' id='word_1_206' title='bbox 1986 1492 2203 1549; x_wconf 83' lang='lat' dir='ltr'><strong>passum</strong></span> <span class='ocrx_word' id='word_1_207' title='bbox 2231 1493 2374 1536; x_wconf 89' lang='lat' dir='ltr'><strong>esse.</strong></span> <span class='ocrx_word' id='word_1_208' title='bbox 2403 1477 2673 1537; x_wconf 84' lang='lat' dir='ltr'><strong>Errarunt</strong></span> <span class='ocrx_word' id='word_1_209' title='bbox 2700 1491 2905 1550; x_wconf 90' lang='lat' dir='ltr'><strong>autem,</strong></span> <span class='ocrx_word' id='word_1_210' title='bbox 2933 1492 3192 1553; x_wconf 83' lang='lat' dir='ltr'><strong>putantes</strong></span> <span class='ocrx_word' id='word_1_211' title='bbox 3214 1498 3345 1539; x_wconf 83' lang='lat' dir='ltr'><strong>vere</strong></span> <span class='ocrx_word' id='word_1_212' title='bbox 3370 1481 3567 1538; x_wconf 80' lang='lat' dir='ltr'><strong>Filium</strong></span> 
     </span>
    </p>
   </div>
   <div class='ocr_carea' id='block_1_30' title="bbox 1990 1569 3570 1634">
    <p class='ocr_par' dir='ltr' id='par_1_30' title="bbox 1990 1569 3570 1634">
     <span class='ocr_line' id='line_1_30' title="bbox 1990 1569 3570 1634; baseline 0.002 -10"><span class='ocrx_word' id='word_1_213' title='bbox 1990 1569 2083 1626; x_wconf 93' lang='lat' dir='ltr'><strong>Dei</strong></span> <span class='ocrx_word' id='word_1_214' title='bbox 2117 1583 2225 1625; x_wconf 89' lang='lat' dir='ltr'><strong>non</strong></span> <span class='ocrx_word' id='word_1_215' title='bbox 2258 1583 2414 1634; x_wconf 88' lang='lat' dir='ltr'><strong>esse,</strong></span> <span class='ocrx_word' id='word_1_216' title='bbox 2450 1570 2620 1626; x_wconf 90' lang='lat' dir='ltr'><strong>solam</strong></span> <span class='ocrx_word' id='word_1_217' title='bbox 2655 1586 2874 1628; x_wconf 89' lang='lat' dir='ltr'><strong>carnem</strong></span> <span class='ocrx_word' id='word_1_218' title='bbox 2908 1572 3201 1630; x_wconf 87' lang='lat' dir='ltr'><strong>intuentes.</strong></span> <span class='ocrx_word' id='word_1_219' title='bbox 3233 1571 3407 1629; x_wconf 80' lang='lat' dir='ltr'><strong>Graeci</strong></span> <span class='ocrx_word' id='word_1_220' title='bbox 3438 1588 3570 1629; x_wconf 85' lang='lat' dir='ltr'><strong>vero</strong></span> 
     </span>
    </p>
   </div>
   <div class='ocr_carea' id='block_1_31' title="bbox 1987 1660 3566 1735">
    <p class='ocr_par' dir='ltr' id='par_1_31' title="bbox 1987 1660 3566 1735">
     <span class='ocr_line' id='line_1_31' title="bbox 1987 1660 3566 1735; baseline 0.004 -21"><span class='ocrx_word' id='word_1_221' title='bbox 1987 1675 2107 1715; x_wconf 88' lang='lat' dir='ltr'><strong>cum</strong></span> <span class='ocrx_word' id='word_1_222' title='bbox 2136 1660 2381 1730; x_wconf 87' lang='lat' dir='ltr'><strong>mysterii</strong></span> <span class='ocrx_word' id='word_1_223' title='bbox 2411 1661 2842 1732; x_wconf 78' lang='lat' dir='ltr'><strong>magnitudinem</strong></span> <span class='ocrx_word' id='word_1_224' title='bbox 2870 1664 3017 1720; x_wconf 87' lang='lat' dir='ltr'><strong>nulla</strong></span> <span class='ocrx_word' id='word_1_225' title='bbox 3045 1665 3257 1720; x_wconf 88' lang='lat' dir='ltr'><strong>ratione</strong></span> <span class='ocrx_word' id='word_1_226' title='bbox 3281 1664 3566 1735; x_wconf 86' lang='lat' dir='ltr'><strong>percipere</strong></span> 
     </span>
    </p>
   </div>
   <div class='ocr_carea' id='block_1_32' title="bbox 1984 1740 3568 1824">
    <p class='ocr_par' dir='ltr' id='par_1_32' title="bbox 1984 1740 3568 1824">
     <span class='ocr_line' id='line_1_32' title="bbox 1984 1740 3568 1824; baseline 0.004 -19"><span class='ocrx_word' id='word_1_227' title='bbox 1984 1759 2225 1819; x_wconf 88' lang='lat' dir='ltr'><strong>possent,</strong></span> <span class='ocrx_word' id='word_1_228' title='bbox 2264 1740 2490 1806; x_wconf 85' lang='lat' dir='ltr'><strong>stultum</strong></span> <span class='ocrx_word' id='word_1_229' title='bbox 2533 1765 2657 1807; x_wconf 90' lang='lat' dir='ltr'><strong>esse</strong></span> <span class='ocrx_word' id='word_1_230' title='bbox 2697 1753 2888 1809; x_wconf 87' lang='lat' dir='ltr'><strong>dicunt</strong></span> <span class='ocrx_word' id='word_1_231' title='bbox 2928 1754 3111 1810; x_wconf 91' lang='lat' dir='ltr'><strong>dicere</strong></span> <span class='ocrx_word' id='word_1_232' title='bbox 3152 1754 3428 1811; x_wconf 86' lang='lat' dir='ltr'><strong>Christum</strong></span> <span class='ocrx_word' id='word_1_233' title='bbox 3469 1770 3568 1824; x_wconf 90' lang='lat' dir='ltr'><strong>pro</strong></span> 
     </span>
    </p>
   </div>
   <div class='ocr_carea' id='block_1_33' title="bbox 305 1835 1877 1919">
    <p class='ocr_par' dir='ltr' id='par_1_33' title="bbox 305 1835 1877 1919">
     <span class='ocr_line' id='line_1_33' title="bbox 305 1835 1877 1919; baseline 0.008 -29"><span class='ocrx_word' id='word_1_234' title='bbox 305 1837 519 1908; x_wconf 82' lang='grc' dir='ltr'>μωρίαν</span> <span class='ocrx_word' id='word_1_235' title='bbox 567 1835 704 1894; x_wconf 75' lang='grc' dir='ltr'>εἶναι</span> <span class='ocrx_word' id='word_1_236' title='bbox 754 1841 1037 1912; x_wconf 81' lang='grc' dir='ltr'>νομίζουσι</span> <span class='ocrx_word' id='word_1_237' title='bbox 1095 1843 1160 1897; x_wconf 80' lang='grc' dir='ltr'>τὸ</span> <span class='ocrx_word' id='word_1_238' title='bbox 1203 1843 1457 1913; x_wconf 81' lang='grc' dir='ltr'>λέγεσθαι</span> <span class='ocrx_word' id='word_1_239' title='bbox 1512 1847 1649 1919; x_wconf 86' lang='grc' dir='ltr'>πρὸς</span> <span class='ocrx_word' id='word_1_240' title='bbox 1700 1846 1877 1918; x_wconf 85' lang='grc' dir='ltr'>ήμῶν,</span> 
     </span>
    </p>
   </div>
   <div class='ocr_carea' id='block_1_34' title="bbox 1981 1835 3569 1919">
    <p class='ocr_par' dir='ltr' id='par_1_34' title="bbox 1986 1839 3569 1917">
     <span class='ocr_line' id='line_1_34' title="bbox 1986 1839 3569 1917; baseline 0.007 -28"><span class='ocrx_word' id='word_1_241' title='bbox 1986 1839 2093 1893; x_wconf 85' lang='lat' dir='ltr'><strong>vita</strong></span> <span class='ocrx_word' id='word_1_242' title='bbox 2127 1839 2312 1895; x_wconf 91' lang='lat' dir='ltr'><strong>mundi</strong></span> <span class='ocrx_word' id='word_1_243' title='bbox 2346 1849 2621 1897; x_wconf 90' lang='lat' dir='ltr'><strong>mortuum</strong></span> <span class='ocrx_word' id='word_1_244' title='bbox 2650 1856 2793 1898; x_wconf 82' lang='lat' dir='ltr'><strong>esse.</strong></span> <span class='ocrx_word' id='word_1_245' title='bbox 2830 1842 2938 1899; x_wconf 87' lang='lat' dir='ltr'><strong>Sed</strong></span> <span class='ocrx_word' id='word_1_246' title='bbox 2971 1844 3074 1901; x_wconf 92' lang='lat' dir='ltr'><strong>hoc</strong></span> <span class='ocrx_word' id='word_1_247' title='bbox 3106 1844 3283 1915; x_wconf 89' lang='lat' dir='ltr'><strong>ipsum</strong></span> <span class='ocrx_word' id='word_1_248' title='bbox 3313 1847 3457 1917; x_wconf 87' lang='lat' dir='ltr'><strong>quod</strong></span> <span class='ocrx_word' id='word_1_249' title='bbox 3489 1846 3569 1902; x_wconf 89' lang='lat' dir='ltr'><strong>vi-</strong></span> 
     </span>
    </p>
   </div>
   <div class='ocr_carea' id='block_1_35' title="bbox 300 1929 1879 2007">
    <p class='ocr_par' dir='ltr' id='par_1_35' title="bbox 300 1929 1879 2007">
     <span class='ocr_line' id='line_1_35' title="bbox 300 1929 1879 2007; baseline 0.008 -27"><span class='ocrx_word' id='word_1_250' title='bbox 300 1929 552 1984; x_wconf 90' lang='grc' dir='ltr'>τεθνάναι</span> <span class='ocrx_word' id='word_1_251' title='bbox 579 1932 813 2003; x_wconf 82' lang='grc' dir='ltr'>Χριστὸν</span> <span class='ocrx_word' id='word_1_252' title='bbox 840 1934 981 2006; x_wconf 74' lang='grc' dir='ltr'>ὑπὲρ</span> <span class='ocrx_word' id='word_1_253' title='bbox 1022 1934 1124 2006; x_wconf 86' lang='grc' dir='ltr'>τῆς</span> <span class='ocrx_word' id='word_1_254' title='bbox 1150 1933 1244 1990; x_wconf 92' lang='grc' dir='ltr'><strong>τοῦ</strong></span> <span class='ocrx_word' id='word_1_255' title='bbox 1279 1935 1487 2007; x_wconf 82' lang='grc' dir='ltr'>κόσμου</span> <span class='ocrx_word' id='word_1_256' title='bbox 1527 1938 1694 2007; x_wconf 66' lang='grc' dir='ltr'>ζωῆς»</span> <span class='ocrx_word' id='word_1_257' title='bbox 1739 1938 1879 1992; x_wconf 79' lang='grc' dir='ltr'>Ἀλλ’</span> 
     </span>
    </p>
   </div>
   <div class='ocr_carea' id='block_1_36' title="bbox 300 2019 1880 2098">
    <p class='ocr_par' dir='ltr' id='par_1_36' title="bbox 300 2019 1880 2098">
     <span class='ocr_line' id='line_1_36' title="bbox 300 2019 1880 2098; baseline 0.004 -26"><span class='ocrx_word' id='word_1_258' title='bbox 300 2019 433 2073; x_wconf 79' lang='grc' dir='ltr'>αὐτὸ</span> <span class='ocrx_word' id='word_1_259' title='bbox 456 2021 520 2091; x_wconf 81' lang='grc' dir='ltr'>δὴ</span> <span class='ocrx_word' id='word_1_260' title='bbox 552 2023 705 2075; x_wconf 82' lang='grc' dir='ltr'>τουτὶ</span> <span class='ocrx_word' id='word_1_261' title='bbox 724 2022 787 2076; x_wconf 84' lang='grc' dir='ltr'>τὸ</span> <span class='ocrx_word' id='word_1_262' title='bbox 812 2022 1004 2077; x_wconf 80' lang='grc' dir='ltr'>δοκοῦν</span> <span class='ocrx_word' id='word_1_263' title='bbox 1036 2021 1175 2079; x_wconf 82' lang='grc' dir='ltr'>εἰναι</span> <span class='ocrx_word' id='word_1_264' title='bbox 1205 2025 1408 2098; x_wconf 82' lang='grc' dir='ltr'>μωρὸν,</span> <span class='ocrx_word' id='word_1_265' title='bbox 1438 2024 1746 2096; x_wconf 77' lang='grc' dir='ltr'>σοφώτερον</span> <span class='ocrx_word' id='word_1_266' title='bbox 1769 2025 1880 2079; x_wconf 85' lang='grc' dir='ltr'><strong>τῶν</strong></span> 
     </span>
    </p>
   </div>
   <div class='ocr_carea' id='block_1_37' title="bbox 299 2112 1879 2188">
    <p class='ocr_par' dir='ltr' id='par_1_37' title="bbox 299 2112 1879 2188">
     <span class='ocr_line' id='line_1_37' title="bbox 299 2112 1879 2188; baseline 0.004 -24"><span class='ocrx_word' id='word_1_267' title='bbox 299 2112 602 2184; x_wconf 85' lang='grc' dir='ltr'>ἀνθρώπων</span> <span class='ocrx_word' id='word_1_268' title='bbox 628 2113 763 2169; x_wconf 78' lang='grc' dir='ltr'>ἐστί.</span> <span class='ocrx_word' id='word_1_269' title='bbox 791 2114 970 2179; x_wconf 83' lang='grc' dir='ltr'>Βαθὺς</span> <span class='ocrx_word' id='word_1_270' title='bbox 995 2116 1103 2188; x_wconf 79' lang='grc' dir='ltr'>γὰρ</span> <span class='ocrx_word' id='word_1_271' title='bbox 1133 2120 1164 2172; x_wconf 86' lang='lat'><strong>6</strong></span> <span class='ocrx_word' id='word_1_272' title='bbox 1187 2117 1365 2187; x_wconf 84' lang='grc' dir='ltr'><strong>λόγος,</strong></span> <span class='ocrx_word' id='word_1_273' title='bbox 1383 2117 1598 2187; x_wconf 79' lang='grc' dir='ltr'>καὶτῆς</span> <span class='ocrx_word' id='word_1_274' title='bbox 1617 2117 1879 2172; x_wconf 81' lang='grc' dir='ltr'>ἀνωτάτω</span> 
     </span>
    </p>
   </div>
   <div class='ocr_carea' id='block_1_38' title="bbox 299 2203 1879 2278">
    <p class='ocr_par' dir='ltr' id='par_1_38' title="bbox 299 2203 1879 2278">
     <span class='ocr_line' id='line_1_38' title="bbox 299 2203 1879 2278; baseline 0.003 -23"><span class='ocrx_word' id='word_1_275' title='bbox 299 2203 493 2271; x_wconf 88' lang='grc' dir='ltr'>σοφίας</span> <span class='ocrx_word' id='word_1_276' title='bbox 526 2203 820 2275; x_wconf 83' lang='grc' dir='ltr'>ὲπίμεστος</span> <span class='ocrx_word' id='word_1_277' title='bbox 841 2205 1077 2277; x_wconf 84' lang='grc' dir='ltr'>άληθῶς,</span> <span class='ocrx_word' id='word_1_278' title='bbox 1094 2209 1123 2261; x_wconf 92' lang='lat'><strong>6</strong></span> <span class='ocrx_word' id='word_1_279' title='bbox 1140 2207 1233 2261; x_wconf 80' lang='grc' dir='ltr'>ὲπί</span> <span class='ocrx_word' id='word_1_280' title='bbox 1265 2224 1350 2276; x_wconf 85' lang='grc' dir='ltr'><strong>γε,</strong></span> <span class='ocrx_word' id='word_1_281' title='bbox 1370 2206 1535 2278; x_wconf 70' lang='grc' dir='ltr'>φημὶ,</span> <span class='ocrx_word' id='word_1_282' title='bbox 1561 2205 1641 2278; x_wconf 78' lang='grc' dir='ltr'>τῷ</span> <span class='ocrx_word' id='word_1_283' title='bbox 1659 2207 1879 2261; x_wconf 81' lang='grc' dir='ltr'>πάντων</span> 
     </span>
    </p>
   </div>
   <div class='ocr_carea' id='block_1_39' title="bbox 299 2294 1878 2371">
    <p class='ocr_par' dir='ltr' id='par_1_39' title="bbox 299 2294 1878 2371">
     <span class='ocr_line' id='line_1_39' title="bbox 299 2294 1878 2371; baseline 0.002 -24"><span class='ocrx_word' id='word_1_284' title='bbox 299 2294 458 2365; x_wconf 81' lang='grc' dir='ltr'>ὴμῶν</span> <span class='ocrx_word' id='word_1_285' title='bbox 486 2296 699 2369; x_wconf 79' lang='grc' dir='ltr'><strong>Σωτῆρι</strong></span> <span class='ocrx_word' id='word_1_286' title='bbox 724 2298 971 2371; x_wconf 79' lang='grc' dir='ltr'>Χριστῷ,</span> <span class='ocrx_word' id='word_1_287' title='bbox 992 2298 1170 2353; x_wconf 76' lang='grc' dir='ltr'>καὶτὸ</span> <span class='ocrx_word' id='word_1_288' title='bbox 1197 2298 1424 2363; x_wconf 79' lang='grc' dir='ltr'>ἀσθενὲς</span> <span class='ocrx_word' id='word_1_289' title='bbox 1452 2294 1593 2352; x_wconf 76' lang='grc' dir='ltr'>εἶναι</span> <span class='ocrx_word' id='word_1_290' title='bbox 1623 2298 1878 2370; x_wconf 72' lang='grc' dir='ltr'>νομισθὲν</span> 
     </span>
    </p>
   </div>
   <div class='ocr_carea' id='block_1_40' title="bbox 298 2386 1877 2462">
    <p class='ocr_par' dir='ltr' id='par_1_40' title="bbox 298 2386 1877 2462">
     <span class='ocr_line' id='line_1_40' title="bbox 298 2386 1877 2462; baseline 0.001 -23"><span class='ocrx_word' id='word_1_291' title='bbox 298 2386 451 2457; x_wconf 88' lang='grc' dir='ltr'>παρά</span> <span class='ocrx_word' id='word_1_292' title='bbox 499 2398 564 2456; x_wconf 89' lang='grc' dir='ltr'><strong>γε</strong></span> <span class='ocrx_word' id='word_1_293' title='bbox 600 2390 715 2453; x_wconf 80' lang='grc' dir='ltr'>τοῖς</span> <span class='ocrx_word' id='word_1_294' title='bbox 766 2388 1034 2444; x_wconf 85' lang='grc' dir='ltr'>Ἰουδαίων</span> <span class='ocrx_word' id='word_1_295' title='bbox 1084 2389 1311 2462; x_wconf 81' lang='grc' dir='ltr'>δήμοις,</span> <span class='ocrx_word' id='word_1_296' title='bbox 1367 2388 1716 2461; x_wconf 77' lang='grc' dir='ltr'>ἰσχυρότερον</span> <span class='ocrx_word' id='word_1_297' title='bbox 1765 2387 1877 2442; x_wconf 89' lang='grc' dir='ltr'><strong>τῶν</strong></span> 
     </span>
    </p>
   </div>
   <div class='ocr_carea' id='block_1_41' title="bbox 298 2478 1876 2553">
    <p class='ocr_par' dir='ltr' id='par_1_41' title="bbox 298 2478 1876 2553">
     <span class='ocr_line' id='line_1_41' title="bbox 298 2478 1876 2553; baseline 0 -20"><span class='ocrx_word' id='word_1_298' title='bbox 298 2478 604 2551; x_wconf 85' lang='grc' dir='ltr'>ἀνθρώπων</span> <span class='ocrx_word' id='word_1_299' title='bbox 649 2480 788 2536; x_wconf 77' lang='grc' dir='ltr'>ἐστί,</span> <span class='ocrx_word' id='word_1_300' title='bbox 819 2482 1038 2536; x_wconf 85' lang='grc' dir='ltr'>Σὲσωκε</span> <span class='ocrx_word' id='word_1_301' title='bbox 1068 2482 1180 2553; x_wconf 83' lang='grc' dir='ltr'>γὰρ</span> <span class='ocrx_word' id='word_1_302' title='bbox 1217 2482 1366 2553; x_wconf 73' lang='grc' dir='ltr'>ἡμᾶς</span> <span class='ocrx_word' id='word_1_303' title='bbox 1392 2483 1421 2536; x_wconf 97' lang='lat'><strong>6</strong></span> <span class='ocrx_word' id='word_1_304' title='bbox 1451 2480 1744 2552; x_wconf 82' lang='grc' dir='ltr'>μονογενὴς</span> <span class='ocrx_word' id='word_1_305' title='bbox 1779 2479 1876 2534; x_wconf 85' lang='grc' dir='ltr'><strong>τοῦ</strong></span> 
     </span>
    </p>
   </div>
   <div class='ocr_carea' id='block_1_42' title="bbox 297 2568 1877 2643">
    <p class='ocr_par' dir='ltr' id='par_1_42' title="bbox 297 2568 1877 2643">
     <span class='ocr_line' id='line_1_42' title="bbox 297 2568 1877 2643; baseline 0.001 -21"><span class='ocrx_word' id='word_1_306' title='bbox 297 2569 434 2622; x_wconf 83' lang='grc' dir='ltr'>Θεοῦ</span> <span class='ocrx_word' id='word_1_307' title='bbox 477 2570 682 2641; x_wconf 83' lang='grc' dir='ltr'>Λόγος,</span> <span class='ocrx_word' id='word_1_308' title='bbox 717 2570 815 2642; x_wconf 84' lang='grc' dir='ltr'>τὴν</span> <span class='ocrx_word' id='word_1_309' title='bbox 840 2572 976 2643; x_wconf 76' lang='grc' dir='ltr'>πρὸς</span> <span class='ocrx_word' id='word_1_310' title='bbox 1024 2574 1173 2643; x_wconf 81' lang='grc' dir='ltr'>ἡμᾶς</span> <span class='ocrx_word' id='word_1_311' title='bbox 1218 2571 1478 2642; x_wconf 88' lang='grc' dir='ltr'>ὁμοίωσιν</span> <span class='ocrx_word' id='word_1_312' title='bbox 1520 2568 1754 2637; x_wconf 82' lang='grc' dir='ltr'>ὑποδὺς,</span> <span class='ocrx_word' id='word_1_313' title='bbox 1792 2569 1877 2624; x_wconf 77' lang='grc' dir='ltr'>ἵνα</span> 
     </span>
    </p>
   </div>
   <div class='ocr_carea' id='block_1_43' title="bbox 299 2659 1879 2732">
    <p class='ocr_par' dir='ltr' id='par_1_43' title="bbox 299 2659 1879 2732">
     <span class='ocr_line' id='line_1_43' title="bbox 299 2659 1879 2732; baseline 0.001 -21"><span class='ocrx_word' id='word_1_314' title='bbox 299 2660 466 2730; x_wconf 82' lang='grc' dir='ltr'>σαρκί</span> <span class='ocrx_word' id='word_1_315' title='bbox 511 2659 720 2726; x_wconf 87' lang='grc' dir='ltr'>παθὼν,</span> <span class='ocrx_word' id='word_1_316' title='bbox 773 2661 867 2715; x_wconf 75' lang='grc' dir='ltr'>καὶ</span> <span class='ocrx_word' id='word_1_317' title='bbox 914 2659 1283 2732; x_wconf 76' lang='grc' dir='ltr'>ἐγηγερμένος</span> <span class='ocrx_word' id='word_1_318' title='bbox 1324 2661 1390 2713; x_wconf 83' lang='grc' dir='ltr'>ὲκ</span> <span class='ocrx_word' id='word_1_319' title='bbox 1433 2660 1664 2731; x_wconf 84' lang='grc' dir='ltr'>νεκρῶν,</span> <span class='ocrx_word' id='word_1_320' title='bbox 1699 2659 1879 2731; x_wconf 85' lang='grc' dir='ltr'>κρείτ-</span> 
     </span>
    </p>
   </div>
   <div class='ocr_carea' id='block_1_44' title="bbox 295 2750 1872 2825">
    <p class='ocr_par' dir='ltr' id='par_1_44' title="bbox 295 2750 1872 2825">
     <span class='ocr_line' id='line_1_44' title="bbox 295 2750 1872 2825; baseline 0.002 -22"><span class='ocrx_word' id='word_1_321' title='bbox 295 2766 424 2804; x_wconf 90' lang='grc' dir='ltr'>τονα</span> <span class='ocrx_word' id='word_1_322' title='bbox 455 2752 684 2807; x_wconf 89' lang='grc' dir='ltr'>θανάτου</span> <span class='ocrx_word' id='word_1_323' title='bbox 726 2753 823 2808; x_wconf 75' lang='grc' dir='ltr'>καὶ</span> <span class='ocrx_word' id='word_1_324' title='bbox 849 2752 1055 2825; x_wconf 83' lang='grc' dir='ltr'>φθορᾶς</span> <span class='ocrx_word' id='word_1_325' title='bbox 1094 2750 1192 2824; x_wconf 78' lang='grc' dir='ltr'>τὴν</span> <span class='ocrx_word' id='word_1_326' title='bbox 1227 2751 1382 2823; x_wconf 84' lang='grc' dir='ltr'>ἡμῶν</span> <span class='ocrx_word' id='word_1_327' title='bbox 1409 2750 1664 2823; x_wconf 80' lang='grc' dir='ltr'><strong>ἀποφήνῃ</strong></span> <span class='ocrx_word' id='word_1_328' title='bbox 1689 2750 1872 2820; x_wconf 88' lang='grc' dir='ltr'>φύσιν.</span> 
     </span>
    </p>
   </div>
   <div class='ocr_carea' id='block_1_45' title="bbox 298 2842 1876 2919">
    <p class='ocr_par' dir='ltr' id='par_1_45' title="bbox 298 2842 1876 2919">
     <span class='ocr_line' id='line_1_45' title="bbox 298 2842 1876 2919; baseline -0.001 -20"><span class='ocrx_word' id='word_1_329' title='bbox 298 2846 458 2899; x_wconf 85' lang='grc' dir='ltr'>Ἔστι</span> <span class='ocrx_word' id='word_1_330' title='bbox 503 2846 561 2900; x_wconf 86' lang='grc' dir='ltr'>δὲ</span> <span class='ocrx_word' id='word_1_331' title='bbox 595 2848 736 2919; x_wconf 81' lang='grc' dir='ltr'>ὑπὲρ</span> <span class='ocrx_word' id='word_1_332' title='bbox 772 2849 929 2919; x_wconf 86' lang='grc' dir='ltr'>χεῖρα</span> <span class='ocrx_word' id='word_1_333' title='bbox 974 2846 1075 2919; x_wconf 83' lang='grc' dir='ltr'>τὴν</span> <span class='ocrx_word' id='word_1_334' title='bbox 1119 2844 1241 2899; x_wconf 79' lang='grc' dir='ltr'>καθ’</span> <span class='ocrx_word' id='word_1_335' title='bbox 1271 2845 1441 2915; x_wconf 79' lang='grc' dir='ltr'>ἡμᾶς,</span> <span class='ocrx_word' id='word_1_336' title='bbox 1481 2844 1541 2897; x_wconf 74' lang='grc' dir='ltr'>τὸ</span> <span class='ocrx_word' id='word_1_337' title='bbox 1583 2842 1876 2915; x_wconf 88' lang='grc' dir='ltr'>κατωρθω-</span> 
     </span>
    </p>
   </div>
   <div class='ocr_carea' id='block_1_46' title="bbox 299 2933 1878 3010">
    <p class='ocr_par' dir='ltr' id='par_1_46' title="bbox 299 2933 1878 3010">
     <span class='ocr_line' id='line_1_46' title="bbox 299 2933 1878 3010; baseline -0.003 -18"><span class='ocrx_word' id='word_1_338' title='bbox 299 2938 483 3009; x_wconf 84' lang='grc' dir='ltr'>μένον.</span> <span class='ocrx_word' id='word_1_339' title='bbox 518 2938 729 2993; x_wconf 83' lang='grc' dir='ltr'>Οὐκοῦν</span> <span class='ocrx_word' id='word_1_340' title='bbox 779 2938 1126 3010; x_wconf 87' lang='grc' dir='ltr'>ἰσχυρότερον</span> <span class='ocrx_word' id='word_1_341' title='bbox 1182 2935 1291 2991; x_wconf 91' lang='grc' dir='ltr'><strong>τῶν</strong></span> <span class='ocrx_word' id='word_1_342' title='bbox 1320 2933 1623 3006; x_wconf 82' lang='grc' dir='ltr'>ἀνθρώπων</span> <span class='ocrx_word' id='word_1_343' title='bbox 1664 2934 1781 2988; x_wconf 72' lang='grc' dir='ltr'>ἐστί</span> <span class='ocrx_word' id='word_1_344' title='bbox 1816 2933 1878 2989; x_wconf 79' lang='grc' dir='ltr'>τὸ</span> 
     </span>
    </p>
   </div>
   <div class='ocr_carea' id='block_1_47' title="bbox 1987 1930 3571 2005">
    <p class='ocr_par' dir='ltr' id='par_1_47' title="bbox 1987 1930 3571 2005">
     <span class='ocr_line' id='line_1_47' title="bbox 1987 1930 3571 2005; baseline 0.006 -22"><span class='ocrx_word' id='word_1_345' title='bbox 1987 1930 2147 1984; x_wconf 85' lang='lat' dir='ltr'><strong>detur</strong></span> <span class='ocrx_word' id='word_1_346' title='bbox 2173 1944 2297 1986; x_wconf 87' lang='lat' dir='ltr'><strong>esse</strong></span> <span class='ocrx_word' id='word_1_347' title='bbox 2327 1930 2585 2000; x_wconf 92' lang='lat' dir='ltr'><strong>stultum,</strong></span> <span class='ocrx_word' id='word_1_348' title='bbox 2617 1944 2703 1989; x_wconf 86' lang='lat' dir='ltr'><strong>est</strong></span> <span class='ocrx_word' id='word_1_349' title='bbox 2736 1934 3037 2005; x_wconf 87' lang='lat' dir='ltr'><strong>sapientius</strong></span> <span class='ocrx_word' id='word_1_350' title='bbox 3070 1937 3403 1993; x_wconf 88' lang='lat' dir='ltr'><strong>hominibus.</strong></span> <span class='ocrx_word' id='word_1_351' title='bbox 3432 1935 3571 1993; x_wconf 83' lang='lat' dir='ltr'><strong>Gra—</strong></span> 
     </span>
    </p>
   </div>
   <div class='ocr_carea' id='block_1_48' title="bbox 1986 2020 3570 2100">
    <p class='ocr_par' dir='ltr' id='par_1_48' title="bbox 1986 2020 3570 2100">
     <span class='ocr_line' id='line_1_48' title="bbox 1986 2020 3570 2100; baseline 0.008 -28"><span class='ocrx_word' id='word_1_352' title='bbox 1986 2020 2245 2077; x_wconf 89' lang='lat' dir='ltr'><strong>vissimus</strong></span> <span class='ocrx_word' id='word_1_353' title='bbox 2271 2023 2416 2077; x_wconf 90' lang='lat' dir='ltr'><strong>enim</strong></span> <span class='ocrx_word' id='word_1_354' title='bbox 2448 2031 2534 2079; x_wconf 86' lang='lat' dir='ltr'><strong>est</strong></span> <span class='ocrx_word' id='word_1_355' title='bbox 2562 2038 2776 2092; x_wconf 90' lang='lat' dir='ltr'><strong>sermo,</strong></span> <span class='ocrx_word' id='word_1_356' title='bbox 2808 2042 3131 2097; x_wconf 91' lang='lat' dir='ltr'><strong>summaque</strong></span> <span class='ocrx_word' id='word_1_357' title='bbox 3160 2028 3429 2099; x_wconf 84' lang='lat' dir='ltr'><strong>sapientia</strong></span> <span class='ocrx_word' id='word_1_358' title='bbox 3457 2028 3570 2100; x_wconf 88' lang='lat' dir='ltr'><strong>ple-</strong></span> 
     </span>
    </p>
   </div>
   <div class='ocr_carea' id='block_1_49' title="bbox 1985 2112 3569 2191">
    <p class='ocr_par' dir='ltr' id='par_1_49' title="bbox 1985 2112 3569 2191">
     <span class='ocr_line' id='line_1_49' title="bbox 1985 2112 3569 2191; baseline 0.006 -25"><span class='ocrx_word' id='word_1_359' title='bbox 1985 2127 2091 2168; x_wconf 83' lang='lat' dir='ltr'><strong>nus</strong></span> <span class='ocrx_word' id='word_1_360' title='bbox 2120 2112 2188 2168; x_wconf 93' lang='lat' dir='ltr'><strong>de</strong></span> <span class='ocrx_word' id='word_1_361' title='bbox 2214 2113 2432 2170; x_wconf 86' lang='lat' dir='ltr'><strong>Christo</strong></span> <span class='ocrx_word' id='word_1_362' title='bbox 2460 2116 2706 2171; x_wconf 88' lang='lat' dir='ltr'><strong>omnium</strong></span> <span class='ocrx_word' id='word_1_363' title='bbox 2738 2117 3023 2175; x_wconf 88' lang='lat' dir='ltr'><strong>Saivatore</strong></span> <span class='ocrx_word' id='word_1_364' title='bbox 3055 2121 3307 2189; x_wconf 88' lang='lat' dir='ltr'><strong>habetur,</strong></span> <span class='ocrx_word' id='word_1_365' title='bbox 3341 2132 3398 2176; x_wconf 90' lang='lat' dir='ltr'><strong>et</strong></span> <span class='ocrx_word' id='word_1_366' title='bbox 3425 2122 3569 2191; x_wconf 91' lang='lat' dir='ltr'><strong>quod</strong></span> 
     </span>
    </p>
   </div>
   <div class='ocr_carea' id='block_1_50' title="bbox 1982 2202 3573 2279">
    <p class='ocr_par' dir='ltr' id='par_1_50' title="bbox 1982 2202 3573 2279">
     <span class='ocr_line' id='line_1_50' title="bbox 1982 2202 3573 2279; baseline 0.005 -21"><span class='ocrx_word' id='word_1_367' title='bbox 1982 2219 2011 2257; x_wconf 90' lang='lat' dir='ltr'><strong>a</strong></span> <span class='ocrx_word' id='word_1_368' title='bbox 2041 2202 2243 2259; x_wconf 62' lang='lat' dir='ltr'><strong>ludatis</strong></span> <span class='ocrx_word' id='word_1_369' title='bbox 2274 2214 2533 2262; x_wconf 78' lang='lat' dir='ltr'><strong>censetur</strong></span> <span class='ocrx_word' id='word_1_370' title='bbox 2561 2221 2682 2264; x_wconf 87' lang='lat' dir='ltr'><strong>esse</strong></span> <span class='ocrx_word' id='word_1_371' title='bbox 2713 2207 3017 2279; x_wconf 84' lang='lat' dir='ltr'><strong>infirmum,</strong></span> <span class='ocrx_word' id='word_1_372' title='bbox 3052 2210 3243 2267; x_wconf 90' lang='lat' dir='ltr'><strong>fortius</strong></span> <span class='ocrx_word' id='word_1_373' title='bbox 3277 2222 3362 2267; x_wconf 92' lang='lat' dir='ltr'><strong>est</strong></span> <span class='ocrx_word' id='word_1_374' title='bbox 3397 2213 3573 2268; x_wconf 89' lang='lat' dir='ltr'><strong>homi-</strong></span> 
     </span>
    </p>
   </div>
   <div class='ocr_carea' id='block_1_51' title="bbox 1980 2294 3571 2373">
    <p class='ocr_par' dir='ltr' id='par_1_51' title="bbox 1980 2294 3571 2373">
     <span class='ocr_line' id='line_1_51' title="bbox 1980 2294 3571 2373; baseline 0.008 -25"><span class='ocrx_word' id='word_1_375' title='bbox 1980 2295 2159 2351; x_wconf 84' lang='lat' dir='ltr'><strong>nibus.</strong></span> <span class='ocrx_word' id='word_1_376' title='bbox 2196 2294 2441 2353; x_wconf 87' lang='lat' dir='ltr'><strong>Salvavit</strong></span> <span class='ocrx_word' id='word_1_377' title='bbox 2475 2298 2621 2354; x_wconf 89' lang='lat' dir='ltr'><strong>enim</strong></span> <span class='ocrx_word' id='word_1_378' title='bbox 2658 2315 2759 2357; x_wconf 88' lang='lat' dir='ltr'><strong>nos</strong></span> <span class='ocrx_word' id='word_1_379' title='bbox 2794 2302 3134 2373; x_wconf 74' lang='lat' dir='ltr'><strong>unigenitum</strong></span> <span class='ocrx_word' id='word_1_380' title='bbox 3172 2302 3267 2359; x_wconf 88' lang='lat' dir='ltr'><strong>Dei</strong></span> <span class='ocrx_word' id='word_1_381' title='bbox 3296 2303 3571 2373; x_wconf 85' lang='lat' dir='ltr'><strong>Verbum,</strong></span> 
     </span>
    </p>
   </div>
   <div class='ocr_carea' id='block_1_52' title="bbox 1981 2385 3572 2464">
    <p class='ocr_par' dir='ltr' id='par_1_52' title="bbox 1981 2385 3572 2464">
     <span class='ocr_line' id='line_1_52' title="bbox 1981 2385 3572 2464; baseline 0.006 -23"><span class='ocrx_word' id='word_1_382' title='bbox 1981 2385 2155 2441; x_wconf 90' lang='lat' dir='ltr'><strong>nostri</strong></span> <span class='ocrx_word' id='word_1_383' title='bbox 2175 2386 2587 2444; x_wconf 89' lang='lat' dir='ltr'><strong>similitudinem</strong></span> <span class='ocrx_word' id='word_1_384' title='bbox 2609 2389 2853 2455; x_wconf 80' lang='lat' dir='ltr'><strong>subiens,</strong></span> <span class='ocrx_word' id='word_1_385' title='bbox 2877 2402 2937 2447; x_wconf 85' lang='lat' dir='ltr'><strong>ut</strong></span> <span class='ocrx_word' id='word_1_386' title='bbox 2964 2408 3158 2464; x_wconf 88' lang='lat' dir='ltr'><strong>passus</strong></span> <span class='ocrx_word' id='word_1_387' title='bbox 3180 2408 3346 2451; x_wconf 90' lang='lat' dir='ltr'><strong>carne</strong></span> <span class='ocrx_word' id='word_1_388' title='bbox 3372 2402 3426 2451; x_wconf 89' lang='lat' dir='ltr'><strong>et</strong></span> <span class='ocrx_word' id='word_1_389' title='bbox 3451 2410 3572 2451; x_wconf 88' lang='lat' dir='ltr'><strong>sus-</strong></span> 
     </span>
    </p>
   </div>
   <div class='ocr_carea' id='block_1_53' title="bbox 1980 2476 3572 2553">
    <p class='ocr_par' dir='ltr' id='par_1_53' title="bbox 1980 2476 3572 2553">
     <span class='ocr_line' id='line_1_53' title="bbox 1980 2476 3572 2553; baseline 0.006 -22"><span class='ocrx_word' id='word_1_390' title='bbox 1980 2476 2181 2533; x_wconf 88' lang='lat' dir='ltr'><strong>citatus</strong></span> <span class='ocrx_word' id='word_1_391' title='bbox 2236 2493 2267 2533; x_wconf 92' lang='lat' dir='ltr'><strong>e</strong></span> <span class='ocrx_word' id='word_1_392' title='bbox 2303 2481 2563 2547; x_wconf 89' lang='lat' dir='ltr'><strong>mortuis,</strong></span> <span class='ocrx_word' id='word_1_393' title='bbox 2618 2490 2870 2536; x_wconf 87' lang='lat' dir='ltr'><strong>naturam</strong></span> <span class='ocrx_word' id='word_1_394' title='bbox 2910 2492 3153 2539; x_wconf 89' lang='lat' dir='ltr'><strong>nostram</strong></span> <span class='ocrx_word' id='word_1_395' title='bbox 3192 2493 3368 2540; x_wconf 88' lang='lat' dir='ltr'><strong>morte</strong></span> <span class='ocrx_word' id='word_1_396' title='bbox 3403 2493 3572 2553; x_wconf 87' lang='lat' dir='ltr'><strong>atque</strong></span> 
     </span>
    </p>
   </div>
   <div class='ocr_carea' id='block_1_54' title="bbox 1986 2568 3570 2645">
    <p class='ocr_par' dir='ltr' id='par_1_54' title="bbox 1986 2568 3570 2645">
     <span class='ocr_line' id='line_1_54' title="bbox 1986 2568 3570 2645; baseline 0.004 -22"><span class='ocrx_word' id='word_1_397' title='bbox 1986 2568 2209 2625; x_wconf 87' lang='lat' dir='ltr'><strong>interitu</strong></span> <span class='ocrx_word' id='word_1_398' title='bbox 2253 2571 2591 2643; x_wconf 87' lang='lat' dir='ltr'><strong>superiorem</strong></span> <span class='ocrx_word' id='word_1_399' title='bbox 2637 2572 2966 2630; x_wconf 81' lang='lat' dir='ltr'><strong>declararet.</strong></span> <span class='ocrx_word' id='word_1_400' title='bbox 3011 2573 3110 2630; x_wconf 85' lang='lat' dir='ltr'><strong>Est</strong></span> <span class='ocrx_word' id='word_1_401' title='bbox 3154 2590 3286 2631; x_wconf 83' lang='lat' dir='ltr'><strong>vero</strong></span> <span class='ocrx_word' id='word_1_402' title='bbox 3329 2576 3384 2631; x_wconf 89' lang='lat' dir='ltr'><strong>id</strong></span> <span class='ocrx_word' id='word_1_403' title='bbox 3425 2578 3570 2645; x_wconf 86' lang='lat' dir='ltr'><strong>quod</strong></span> 
     </span>
    </p>
   </div>
   <div class='ocr_carea' id='block_1_55' title="bbox 1980 2661 3571 2737">
    <p class='ocr_par' dir='ltr' id='par_1_55' title="bbox 1980 2661 3571 2737">
     <span class='ocr_line' id='line_1_55' title="bbox 1980 2661 3571 2737; baseline 0.005 -23"><span class='ocrx_word' id='word_1_404' title='bbox 1980 2661 2282 2732; x_wconf 58' lang='lat' dir='ltr'><strong>praestitum</strong></span> <span class='ocrx_word' id='word_1_405' title='bbox 2328 2672 2445 2728; x_wconf 85' lang='lat' dir='ltr'><strong>est,</strong></span> <span class='ocrx_word' id='word_1_406' title='bbox 2492 2672 2760 2732; x_wconf 86' lang='lat' dir='ltr'><strong>potestate</strong></span> <span class='ocrx_word' id='word_1_407' title='bbox 2801 2675 2987 2721; x_wconf 91' lang='lat' dir='ltr'><strong>nostra</strong></span> <span class='ocrx_word' id='word_1_408' title='bbox 3032 2667 3303 2737; x_wconf 89' lang='lat' dir='ltr'><strong>superius.</strong></span> <span class='ocrx_word' id='word_1_409' title='bbox 3350 2666 3571 2723; x_wconf 85' lang='lat' dir='ltr'><strong>Fortius</strong></span> 
     </span>
    </p>
   </div>
   <div class='ocr_carea' id='block_1_56' title="bbox 1981 2752 3570 2826">
    <p class='ocr_par' dir='ltr' id='par_1_56' title="bbox 1981 2752 3570 2826">
     <span class='ocr_line' id='line_1_56' title="bbox 1981 2752 3570 2826; baseline 0.006 -21"><span class='ocrx_word' id='word_1_410' title='bbox 1981 2752 2165 2821; x_wconf 86' lang='lat' dir='ltr'><strong>itaque</strong></span> <span class='ocrx_word' id='word_1_411' title='bbox 2205 2762 2290 2808; x_wconf 91' lang='lat' dir='ltr'><strong>est</strong></span> <span class='ocrx_word' id='word_1_412' title='bbox 2333 2752 2674 2823; x_wconf 87' lang='lat' dir='ltr'><strong>hominibus,</strong></span> <span class='ocrx_word' id='word_1_413' title='bbox 2719 2756 2864 2826; x_wconf 92' lang='lat' dir='ltr'><strong>quod</strong></span> <span class='ocrx_word' id='word_1_414' title='bbox 2906 2757 2960 2811; x_wconf 92' lang='lat' dir='ltr'><strong>in</strong></span> <span class='ocrx_word' id='word_1_415' title='bbox 3007 2756 3329 2814; x_wconf 83' lang='lat' dir='ltr'><strong>infirmitate</strong></span> <span class='ocrx_word' id='word_1_416' title='bbox 3371 2768 3570 2814; x_wconf 79' lang='lat' dir='ltr'><strong>nostra:</strong></span> 
     </span>
    </p>
   </div>
   <div class='ocr_carea' id='block_1_57' title="bbox 1980 2842 3568 2916">
    <p class='ocr_par' dir='ltr' id='par_1_57' title="bbox 1980 2842 3568 2916">
     <span class='ocr_line' id='line_1_57' title="bbox 1980 2842 3568 2916; baseline 0.006 -20"><span class='ocrx_word' id='word_1_417' title='bbox 1980 2842 2143 2898; x_wconf 88' lang='lat' dir='ltr'><strong>simili</strong></span> <span class='ocrx_word' id='word_1_418' title='bbox 2174 2853 2228 2899; x_wconf 91' lang='lat' dir='ltr'><strong>et</strong></span> <span class='ocrx_word' id='word_1_419' title='bbox 2259 2843 2312 2899; x_wconf 91' lang='lat' dir='ltr'><strong>in</strong></span> <span class='ocrx_word' id='word_1_420' title='bbox 2340 2844 2592 2916; x_wconf 86' lang='lat' dir='ltr'><strong>passione</strong></span> <span class='ocrx_word' id='word_1_421' title='bbox 2618 2856 2897 2916; x_wconf 86' lang='lat' dir='ltr'><strong>peractum</strong></span> <span class='ocrx_word' id='word_1_422' title='bbox 2925 2861 3045 2904; x_wconf 85' lang='lat' dir='ltr'><strong>esse</strong></span> <span class='ocrx_word' id='word_1_423' title='bbox 3073 2847 3305 2915; x_wconf 87' lang='lat' dir='ltr'><strong>videtur,</strong></span> <span class='ocrx_word' id='word_1_424' title='bbox 3334 2859 3387 2905; x_wconf 89' lang='lat' dir='ltr'><strong>et</strong></span> <span class='ocrx_word' id='word_1_425' title='bbox 3414 2850 3568 2906; x_wconf 88' lang='lat' dir='ltr'><strong>divi-</strong></span> 
     </span>
    </p>
   </div>
   <div class='ocr_carea' id='block_1_58' title="bbox 1983 2938 2827 3008">
    <p class='ocr_par' dir='ltr' id='par_1_58' title="bbox 1983 2938 2827 3008">
     <span class='ocr_line' id='line_1_58' title="bbox 1983 2938 2827 3008; baseline 0.006 -19"><span class='ocrx_word' id='word_1_426' title='bbox 1983 2950 2107 2990; x_wconf 87' lang='lat' dir='ltr'><strong>nam</strong></span> <span class='ocrx_word' id='word_1_427' title='bbox 2138 2938 2434 3008; x_wconf 89' lang='lat' dir='ltr'><strong>potentiam</strong></span> <span class='ocrx_word' id='word_1_428' title='bbox 2465 2939 2827 2995; x_wconf 90' lang='lat' dir='ltr'><strong>demonstrat.</strong></span> 
     </span>
    </p>
   </div>
   <div class='ocr_carea' id='block_1_59' title="bbox 296 3023 3568 3104">
    <p class='ocr_par' dir='ltr' id='par_1_59' title="bbox 296 3023 3568 3104">
     <span class='ocr_line' id='line_1_59' title="bbox 296 3023 3568 3104; baseline 0.003 -22"><span class='ocrx_word' id='word_1_429' title='bbox 296 3028 551 3098; x_wconf 64' lang='grc' dir='ltr'>ἀσθενείᾳ</span> <span class='ocrx_word' id='word_1_430' title='bbox 580 3030 645 3099; x_wconf 80' lang='grc' dir='ltr'>τῇ</span> <span class='ocrx_word' id='word_1_431' title='bbox 673 3026 795 3081; x_wconf 84' lang='grc' dir='ltr'>καθ’</span> <span class='ocrx_word' id='word_1_432' title='bbox 838 3028 988 3099; x_wconf 79' lang='grc' dir='ltr'>ἡμᾶς</span> <span class='ocrx_word' id='word_1_433' title='bbox 1025 3027 1120 3081; x_wconf 72' lang='grc' dir='ltr'><strong>καὶ</strong></span> <span class='ocrx_word' id='word_1_434' title='bbox 1146 3025 1223 3089; x_wconf 80' lang='grc' dir='ltr'>ὡς</span> <span class='ocrx_word' id='word_1_435' title='bbox 1246 3024 1304 3078; x_wconf 73' lang='grc' dir='ltr'>ἐν</span> <span class='ocrx_word' id='word_1_436' title='bbox 1330 3042 1395 3095; x_wconf 89' lang='grc' dir='ltr'><strong>γε</strong></span> <span class='ocrx_word' id='word_1_437' title='bbox 1434 3023 1511 3093; x_wconf 81' lang='grc' dir='ltr'>τῷ</span> <span class='ocrx_word' id='word_1_438' title='bbox 1543 3024 1737 3079; x_wconf 80' lang='grc' dir='ltr'>παθεῖν</span> <span class='ocrx_word' id='word_1_439' title='bbox 1764 3023 2082 3096; x_wconf 75' lang='grc' dir='ltr'>πεπρᾶχθαι</span> <span class='ocrx_word' id='word_1_440' title='bbox 2117 3025 2331 3095; x_wconf 87' lang='grc' dir='ltr'>δοκοῦν,</span> <span class='ocrx_word' id='word_1_441' title='bbox 2364 3027 2645 3100; x_wconf 85' lang='grc' dir='ltr'>δυνάμεώς</span> <span class='ocrx_word' id='word_1_442' title='bbox 2682 3046 2741 3082; x_wconf 91' lang='grc' dir='ltr'><strong>τε</strong></span> <span class='ocrx_word' id='word_1_443' title='bbox 2771 3029 2870 3101; x_wconf 83' lang='grc' dir='ltr'>τῆς</span> <span class='ocrx_word' id='word_1_444' title='bbox 2926 3031 3263 3097; x_wconf 74' lang='grc' dir='ltr'>θεοπρεποῦς</span> <span class='ocrx_word' id='word_1_445' title='bbox 3308 3032 3568 3104; x_wconf 71' lang='grc' dir='ltr'>ἐπίδειξιν</span> 
     </span>
    </p>
   </div>
   <div class='ocr_carea' id='block_1_60' title="bbox 296 3123 438 3193">
    <p class='ocr_par' dir='ltr' id='par_1_60' title="bbox 296 3123 438 3193">
     <span class='ocr_line' id='line_1_60' title="bbox 296 3123 438 3193; baseline 0.028 -18"><span class='ocrx_word' id='word_1_446' title='bbox 296 3123 438 3193; x_wconf 82' lang='grc' dir='ltr'>ἕχον.</span> 
     </span>
    </p>
   </div>
   <div class='ocr_carea' id='block_1_61' title="bbox 366 3214 1631 3289">
    <p class='ocr_par' dir='ltr' id='par_1_61' title="bbox 366 3214 1631 3289">
     <span class='ocr_line' id='line_1_61' title="bbox 366 3214 1631 3289; baseline -0.002 -19"><span class='ocrx_word' id='word_1_447' title='bbox 366 3218 427 3271; x_wconf 79' lang='grc' dir='ltr'><strong>Β.</strong></span> <span class='ocrx_word' id='word_1_448' title='bbox 467 3215 602 3271; x_wconf 76' lang='grc' dir='ltr'>Εἶτα</span> <span class='ocrx_word' id='word_1_449' title='bbox 633 3216 748 3281; x_wconf 84' lang='grc' dir='ltr'><strong>πῶς</strong></span> <span class='ocrx_word' id='word_1_450' title='bbox 781 3216 847 3271; x_wconf 82' lang='grc' dir='ltr'><strong>ἂν</strong></span> <span class='ocrx_word' id='word_1_451' title='bbox 870 3216 899 3268; x_wconf 91' lang='lat'><strong>6</strong></span> <span class='ocrx_word' id='word_1_452' title='bbox 927 3215 1107 3280; x_wconf 78' lang='grc' dir='ltr'>αὐτὸς,</span> <span class='ocrx_word' id='word_1_453' title='bbox 1141 3230 1296 3286; x_wconf 84' lang='grc' dir='ltr'>φασι,</span> <span class='ocrx_word' id='word_1_454' title='bbox 1331 3216 1407 3289; x_wconf 79' lang='grc' dir='ltr'>μὴ</span> <span class='ocrx_word' id='word_1_455' title='bbox 1439 3214 1631 3281; x_wconf 75' lang='grc' dir='ltr'>πάθοις</span> 
     </span>
    </p>
   </div>
   <div class='ocr_carea' id='block_1_62' title="bbox 365 3306 1871 3383">
    <p class='ocr_par' dir='ltr' id='par_1_62' title="bbox 365 3306 1871 3383">
     <span class='ocr_line' id='line_1_62' title="bbox 365 3306 1871 3383; baseline -0.003 -20"><span class='ocrx_word' id='word_1_456' title='bbox 365 3312 433 3365; x_wconf 79' lang='grc' dir='ltr'><strong>Α.</strong></span> <span class='ocrx_word' id='word_1_457' title='bbox 474 3309 646 3383; x_wconf 79' lang='grc' dir='ltr'>Σαρκί</span> <span class='ocrx_word' id='word_1_458' title='bbox 673 3313 739 3382; x_wconf 82' lang='grc' dir='ltr'>τῇ</span> <span class='ocrx_word' id='word_1_459' title='bbox 791 3310 897 3383; x_wconf 67' lang='grc' dir='ltr'>ἰδίᾳ</span> <span class='ocrx_word' id='word_1_460' title='bbox 920 3309 1131 3375; x_wconf 86' lang='grc' dir='ltr'>παθὼν,</span> <span class='ocrx_word' id='word_1_461' title='bbox 1178 3310 1272 3364; x_wconf 81' lang='grc' dir='ltr'><strong>καὶ</strong></span> <span class='ocrx_word' id='word_1_462' title='bbox 1296 3311 1359 3363; x_wconf 87' lang='grc' dir='ltr'>ού</span> <span class='ocrx_word' id='word_1_463' title='bbox 1391 3309 1644 3381; x_wconf 81' lang='grc' dir='ltr'>θεότητος</span> <span class='ocrx_word' id='word_1_464' title='bbox 1690 3306 1871 3377; x_wconf 87' lang='grc' dir='ltr'>φύσει,</span> 
     </span>
    </p>
   </div>
   <div class='ocr_carea' id='block_1_63' title="bbox 295 3396 1874 3473">
    <p class='ocr_par' dir='ltr' id='par_1_63' title="bbox 295 3396 1874 3473">
     <span class='ocr_line' id='line_1_63' title="bbox 295 3396 1874 3473; baseline -0.003 -18"><span class='ocrx_word' id='word_1_465' title='bbox 295 3402 390 3455; x_wconf 72' lang='grc' dir='ltr'>καὶ</span> <span class='ocrx_word' id='word_1_466' title='bbox 415 3400 724 3472; x_wconf 81' lang='grc' dir='ltr'>άπόρῤητος</span> <span class='ocrx_word' id='word_1_467' title='bbox 760 3402 860 3473; x_wconf 80' lang='grc' dir='ltr'><strong>μὲν</strong></span> <span class='ocrx_word' id='word_1_468' title='bbox 889 3400 1167 3466; x_wconf 80' lang='grc' dir='ltr'>παντελῶς</span> <span class='ocrx_word' id='word_1_469' title='bbox 1220 3404 1249 3455; x_wconf 89' lang='lat'><strong>6</strong></span> <span class='ocrx_word' id='word_1_470' title='bbox 1293 3402 1387 3454; x_wconf 66' lang='grc' dir='ltr'><strong>ἐπὶ</strong></span> <span class='ocrx_word' id='word_1_471' title='bbox 1428 3398 1639 3462; x_wconf 86' lang='grc' dir='ltr'>τούτοις</span> <span class='ocrx_word' id='word_1_472' title='bbox 1686 3396 1874 3467; x_wconf 81' lang='grc' dir='ltr'>λόγος,</span> 
     </span>
    </p>
   </div>
   <div class='ocr_carea' id='block_1_64' title="bbox 296 3488 1878 3562">
    <p class='ocr_par' dir='ltr' id='par_1_64' title="bbox 296 3488 1878 3562">
     <span class='ocr_line' id='line_1_64' title="bbox 296 3488 1878 3562; baseline -0.003 -17"><span class='ocrx_word' id='word_1_473' title='bbox 296 3493 389 3545; x_wconf 75' lang='grc' dir='ltr'><strong>καὶ</strong></span> <span class='ocrx_word' id='word_1_474' title='bbox 422 3490 522 3544; x_wconf 77' lang='grc' dir='ltr'>οὐκ</span> <span class='ocrx_word' id='word_1_475' title='bbox 545 3490 610 3544; x_wconf 85' lang='grc' dir='ltr'><strong>άν</strong></span> <span class='ocrx_word' id='word_1_476' title='bbox 651 3503 735 3554; x_wconf 88' lang='grc' dir='ltr'><strong>τις</strong></span> <span class='ocrx_word' id='word_1_477' title='bbox 783 3491 1025 3562; x_wconf 73' lang='grc' dir='ltr'>ἐφίκοιτο</span> <span class='ocrx_word' id='word_1_478' title='bbox 1054 3491 1179 3556; x_wconf 90' lang='grc' dir='ltr'>νοῦς</span> <span class='ocrx_word' id='word_1_479' title='bbox 1210 3490 1319 3544; x_wconf 87' lang='grc' dir='ltr'><strong>τῶν</strong></span> <span class='ocrx_word' id='word_1_480' title='bbox 1339 3489 1511 3554; x_wconf 72' lang='grc' dir='ltr'>οὕτως</span> <span class='ocrx_word' id='word_1_481' title='bbox 1549 3488 1746 3560; x_wconf 78' lang='grc' dir='ltr'>ἰσχνῶν</span> <span class='ocrx_word' id='word_1_482' title='bbox 1783 3490 1878 3543; x_wconf 76' lang='grc' dir='ltr'><strong>καὶ</strong></span> 
     </span>
    </p>
   </div>
   <div class='ocr_carea' id='block_1_65' title="bbox 296 3582 1877 3655">
    <p class='ocr_par' dir='ltr' id='par_1_65' title="bbox 296 3582 1877 3655">
     <span class='ocr_line' id='line_1_65' title="bbox 296 3582 1877 3655; baseline -0.003 -18"><span class='ocrx_word' id='word_1_483' title='bbox 296 3583 696 3655; x_wconf 81' lang='grc' dir='ltr'>ὑπερηρμένων</span> <span class='ocrx_word' id='word_1_484' title='bbox 718 3582 959 3637; x_wconf 69' lang='grc' dir='ltr'>ἐννοιῶν.</span> <span class='ocrx_word' id='word_1_485' title='bbox 994 3583 1283 3653; x_wconf 82' lang='grc' dir='ltr'>Ἐπόμενοί</span> <span class='ocrx_word' id='word_1_486' title='bbox 1307 3599 1370 3652; x_wconf 87' lang='grc' dir='ltr'><strong>γε</strong></span> <span class='ocrx_word' id='word_1_487' title='bbox 1399 3582 1504 3653; x_wconf 84' lang='grc' dir='ltr'><strong>μὴν</strong></span> <span class='ocrx_word' id='word_1_488' title='bbox 1534 3584 1649 3646; x_wconf 84' lang='grc' dir='ltr'>τοῖς</span> <span class='ocrx_word' id='word_1_489' title='bbox 1678 3582 1758 3645; x_wconf 88' lang='grc' dir='ltr'><strong>εἰς</strong></span> <span class='ocrx_word' id='word_1_490' title='bbox 1786 3582 1877 3654; x_wconf 74' lang='lat' dir='ltr'><strong>6p-</strong></span> 
     </span>
    </p>
   </div>
   <div class='ocr_carea' id='block_1_66' title="bbox 294 3671 1877 3746">
    <p class='ocr_par' dir='ltr' id='par_1_66' title="bbox 294 3671 1877 3746">
     <span class='ocr_line' id='line_1_66' title="bbox 294 3671 1877 3746; baseline -0.002 -18"><span class='ocrx_word' id='word_1_491' title='bbox 294 3673 494 3746; x_wconf 81' lang='grc' dir='ltr'>ὓότητα</span> <span class='ocrx_word' id='word_1_492' title='bbox 520 3674 801 3745; x_wconf 80' lang='grc' dir='ltr'>λογισμοῖς</span> <span class='ocrx_word' id='word_1_493' title='bbox 819 3714 833 3740; x_wconf 90' lang='grc'><strong>,</strong></span> <span class='ocrx_word' id='word_1_494' title='bbox 854 3675 1064 3729; x_wconf 74' lang='grc' dir='ltr'>καὶτὸν</span> <span class='ocrx_word' id='word_1_495' title='bbox 1090 3674 1186 3728; x_wconf 90' lang='grc' dir='ltr'><strong>τοῦ</strong></span> <span class='ocrx_word' id='word_1_496' title='bbox 1215 3674 1425 3738; x_wconf 83' lang='grc' dir='ltr'>εἰκότος</span> <span class='ocrx_word' id='word_1_497' title='bbox 1453 3671 1877 3745; x_wconf 88' lang='grc' dir='ltr'>περιαθροῦντες</span> 
     </span>
    </p>
   </div>
   <div class='ocr_carea' id='block_1_67' title="bbox 294 3764 1877 3837">
    <p class='ocr_par' dir='ltr' id='par_1_67' title="bbox 294 3764 1877 3837">
     <span class='ocr_line' id='line_1_67' title="bbox 294 3764 1877 3837; baseline -0.002 -17"><span class='ocrx_word' id='word_1_498' title='bbox 294 3766 489 3835; x_wconf 88' lang='grc' dir='ltr'>Λόγον,</span> <span class='ocrx_word' id='word_1_499' title='bbox 531 3765 656 3819; x_wconf 71' lang='grc' dir='ltr'>οὔτε</span> <span class='ocrx_word' id='word_1_500' title='bbox 692 3765 789 3820; x_wconf 90' lang='grc' dir='ltr'><strong>τοῦ</strong></span> <span class='ocrx_word' id='word_1_501' title='bbox 821 3765 1077 3834; x_wconf 79' lang='grc' dir='ltr'>λέγεσθαι</span> <span class='ocrx_word' id='word_1_502' title='bbox 1113 3765 1306 3819; x_wconf 77' lang='grc' dir='ltr'>παθεῖν</span> <span class='ocrx_word' id='word_1_503' title='bbox 1333 3764 1724 3837; x_wconf 88' lang='grc' dir='ltr'>άλλοτριοῦμεν</span> <span class='ocrx_word' id='word_1_504' title='bbox 1778 3764 1877 3817; x_wconf 84' lang='grc' dir='ltr'>αύ-</span> 
     </span>
    </p>
   </div>
   <div class='ocr_carea' id='block_1_68' title="bbox 292 3856 1876 3930">
    <p class='ocr_par' dir='ltr' id='par_1_68' title="bbox 292 3856 1876 3930">
     <span class='ocr_line' id='line_1_68' title="bbox 292 3856 1876 3930; baseline -0.001 -20"><span class='ocrx_word' id='word_1_505' title='bbox 292 3857 404 3923; x_wconf 53' lang='lat' dir='ltr'><strong>an,</strong></span> <span class='ocrx_word' id='word_1_506' title='bbox 441 3859 526 3911; x_wconf 77' lang='grc' dir='ltr'>ἵνα</span> <span class='ocrx_word' id='word_1_507' title='bbox 563 3858 638 3929; x_wconf 83' lang='grc' dir='ltr'>μὴ</span> <span class='ocrx_word' id='word_1_508' title='bbox 678 3858 785 3930; x_wconf 83' lang='grc' dir='ltr'><strong>πρὸ</strong></span> <span class='ocrx_word' id='word_1_509' title='bbox 811 3856 1004 3911; x_wconf 87' lang='grc' dir='ltr'>τούτου</span> <span class='ocrx_word' id='word_1_510' title='bbox 1036 3857 1130 3911; x_wconf 73' lang='grc' dir='ltr'><strong>καὶ</strong></span> <span class='ocrx_word' id='word_1_511' title='bbox 1179 3856 1279 3929; x_wconf 84' lang='grc' dir='ltr'><strong>τὴν</strong></span> <span class='ocrx_word' id='word_1_512' title='bbox 1305 3856 1447 3911; x_wconf 79' lang='grc' dir='ltr'>κατὰ</span> <span class='ocrx_word' id='word_1_513' title='bbox 1477 3857 1655 3929; x_wconf 84' lang='grc' dir='ltr'>σάρκα</span> <span class='ocrx_word' id='word_1_514' title='bbox 1682 3856 1876 3927; x_wconf 83' lang='grc' dir='ltr'>γέννη-</span> 
     </span>
    </p>
   </div>
   <div class='ocr_carea' id='block_1_69' title="bbox 295 3944 1873 4025">
    <p class='ocr_par' dir='ltr' id='par_1_69' title="bbox 295 3944 1873 4025">
     <span class='ocr_line' id='line_1_69' title="bbox 295 3944 1873 4025; baseline 0 -22"><span class='ocrx_word' id='word_1_515' title='bbox 295 3967 399 4016; x_wconf 88' lang='grc' dir='ltr'>σιν,</span> <span class='ocrx_word' id='word_1_516' title='bbox 432 3952 533 4006; x_wconf 76' lang='grc' dir='ltr'><strong>οὐκ</strong></span> <span class='ocrx_word' id='word_1_517' title='bbox 562 3952 727 4008; x_wconf 77' lang='grc' dir='ltr'>αὐτοῦ</span> <span class='ocrx_word' id='word_1_518' title='bbox 759 3951 980 4025; x_wconf 77' lang='grc' dir='ltr'>μᾶλλον,</span> <span class='ocrx_word' id='word_1_519' title='bbox 1028 3951 1143 4006; x_wconf 82' lang='grc' dir='ltr'>ἀλλ’</span> <span class='ocrx_word' id='word_1_520' title='bbox 1175 3952 1363 4023; x_wconf 83' lang='grc' dir='ltr'>ἑτέρου</span> <span class='ocrx_word' id='word_1_521' title='bbox 1393 3950 1582 4021; x_wconf 90' lang='grc' dir='ltr'>φῶμεν</span> <span class='ocrx_word' id='word_1_522' title='bbox 1612 3944 1752 4003; x_wconf 78' lang='grc' dir='ltr'>εἷναί</span> <span class='ocrx_word' id='word_1_523' title='bbox 1789 3966 1873 4003; x_wconf 88' lang='grc' dir='ltr'>τι-</span> 
     </span>
    </p>
   </div>
   <div class='ocr_carea' id='block_1_70' title="bbox 293 4039 1875 4116">
    <p class='ocr_par' dir='ltr' id='par_1_70' title="bbox 293 4039 1875 4116">
     <span class='ocr_line' id='line_1_70' title="bbox 293 4039 1875 4116; baseline -0.003 -19"><span class='ocrx_word' id='word_1_524' title='bbox 293 4062 403 4108; x_wconf 88' lang='grc' dir='ltr'>νος,</span> <span class='ocrx_word' id='word_1_525' title='bbox 437 4044 561 4099; x_wconf 76' lang='grc' dir='ltr'>οὕτε</span> <span class='ocrx_word' id='word_1_526' title='bbox 596 4044 704 4115; x_wconf 78' lang='grc' dir='ltr'>μὴν</span> <span class='ocrx_word' id='word_1_527' title='bbox 745 4045 826 4108; x_wconf 86' lang='grc' dir='ltr'><strong>εἰς</strong></span> <span class='ocrx_word' id='word_1_528' title='bbox 870 4044 970 4116; x_wconf 80' lang='grc' dir='ltr'><strong>τὴν</strong></span> <span class='ocrx_word' id='word_1_529' title='bbox 1000 4043 1151 4098; x_wconf 90' lang='grc' dir='ltr'>θείαν</span> <span class='ocrx_word' id='word_1_530' title='bbox 1195 4044 1361 4097; x_wconf 85' lang='grc' dir='ltr'>αὑτοῦ</span> <span class='ocrx_word' id='word_1_531' title='bbox 1410 4040 1505 4095; x_wconf 77' lang='grc' dir='ltr'><strong>καὶ</strong></span> <span class='ocrx_word' id='word_1_532' title='bbox 1560 4039 1875 4112; x_wconf 81' lang='grc' dir='ltr'>ὑπερτάτην</span> 
     </span>
    </p>
   </div>
   <div class='ocr_carea' id='block_1_71' title="bbox 295 4130 1874 4209">
    <p class='ocr_par' dir='ltr' id='par_1_71' title="bbox 295 4130 1874 4209">
     <span class='ocr_line' id='line_1_71' title="bbox 295 4130 1874 4209; baseline -0.003 -22"><span class='ocrx_word' id='word_1_533' title='bbox 295 4136 611 4208; x_wconf 84' lang='grc' dir='ltr'>πεπράχθαι</span> <span class='ocrx_word' id='word_1_534' title='bbox 659 4135 822 4206; x_wconf 84' lang='grc' dir='ltr'>φύσιν</span> <span class='ocrx_word' id='word_1_535' title='bbox 850 4134 1197 4209; x_wconf 74' lang='grc' dir='ltr'>διοριζόμεθα</span> <span class='ocrx_word' id='word_1_536' title='bbox 1240 4133 1308 4187; x_wconf 82' lang='grc' dir='ltr'><strong>τά</strong></span> <span class='ocrx_word' id='word_1_537' title='bbox 1342 4131 1574 4204; x_wconf 87' lang='grc' dir='ltr'>σαρκός·</span> <span class='ocrx_word' id='word_1_538' title='bbox 1618 4133 1791 4185; x_wconf 83' lang='grc' dir='ltr'>νοοῖτο</span> <span class='ocrx_word' id='word_1_539' title='bbox 1827 4130 1874 4184; x_wconf 86' lang='grc' dir='ltr'>δ’</span> 
     </span>
    </p>
   </div>
   <div class='ocr_carea' id='block_1_72' title="bbox 295 4218 1874 4303">
    <p class='ocr_par' dir='ltr' id='par_1_72' title="bbox 295 4218 1874 4303">
     <span class='ocr_line' id='line_1_72' title="bbox 295 4218 1874 4303; baseline -0.001 -18"><span class='ocrx_word' id='word_1_540' title='bbox 295 4233 383 4299; x_wconf 87' lang='grc' dir='ltr'><strong>ἂν,</strong></span> <span class='ocrx_word' id='word_1_541' title='bbox 417 4233 492 4295; x_wconf 82' lang='grc' dir='ltr'>ὡς</span> <span class='ocrx_word' id='word_1_542' title='bbox 526 4232 685 4303; x_wconf 72' lang='grc' dir='ltr'>ἔφην,</span> <span class='ocrx_word' id='word_1_543' title='bbox 734 4234 897 4303; x_wconf 81' lang='grc' dir='ltr'>σαρκί</span> <span class='ocrx_word' id='word_1_544' title='bbox 928 4235 994 4303; x_wconf 81' lang='grc' dir='ltr'>τῇ</span> <span class='ocrx_word' id='word_1_545' title='bbox 1034 4230 1141 4303; x_wconf 83' lang='grc' dir='ltr'>ἰδίᾳ</span> <span class='ocrx_word' id='word_1_546' title='bbox 1173 4230 1388 4294; x_wconf 75' lang='grc' dir='ltr'>παθεῖν,</span> <span class='ocrx_word' id='word_1_547' title='bbox 1437 4230 1612 4285; x_wconf 88' lang='grc' dir='ltr'>καίτοι</span> <span class='ocrx_word' id='word_1_548' title='bbox 1659 4218 1874 4301; x_wconf 85' lang='grc' dir='ltr'>θεότητι</span> 
     </span>
    </p>
   </div>
   <div class='ocr_carea' id='block_1_73' title="bbox 298 4317 1874 4394">
    <p class='ocr_par' dir='ltr' id='par_1_73' title="bbox 298 4317 1874 4394">
     <span class='ocr_line' id='line_1_73' title="bbox 298 4317 1874 4394; baseline -0.004 -17"><span class='ocrx_word' id='word_1_549' title='bbox 298 4325 376 4394; x_wconf 81' lang='grc' dir='ltr'>μὴ</span> <span class='ocrx_word' id='word_1_550' title='bbox 407 4318 617 4388; x_wconf 88' lang='grc' dir='ltr'>παθὼν,</span> <span class='ocrx_word' id='word_1_551' title='bbox 666 4323 792 4378; x_wconf 72' lang='grc' dir='ltr'>καθ’</span> <span class='ocrx_word' id='word_1_552' title='bbox 836 4318 946 4377; x_wconf 80' lang='grc' dir='ltr'>οἷον</span> <span class='ocrx_word' id='word_1_553' title='bbox 974 4322 1038 4393; x_wconf 85' lang='grc' dir='ltr'>δή</span> <span class='ocrx_word' id='word_1_554' title='bbox 1073 4338 1197 4375; x_wconf 85' lang='grc' dir='ltr'>τινα</span> <span class='ocrx_word' id='word_1_555' title='bbox 1225 4321 1448 4393; x_wconf 82' lang='grc' dir='ltr'>τρόπον.</span> <span class='ocrx_word' id='word_1_556' title='bbox 1489 4317 1734 4374; x_wconf 79' lang='grc' dir='ltr'>Ἀσθενεῖ</span> <span class='ocrx_word' id='word_1_557' title='bbox 1775 4320 1874 4390; x_wconf 75' lang='grc' dir='ltr'>μὲν</span> 
     </span>
    </p>
   </div>
   <div class='ocr_carea' id='block_1_74' title="bbox 294 4412 1875 4488">
    <p class='ocr_par' dir='ltr' id='par_1_74' title="bbox 294 4412 1875 4488">
     <span class='ocr_line' id='line_1_74' title="bbox 294 4412 1875 4488; baseline -0.003 -19"><span class='ocrx_word' id='word_1_558' title='bbox 294 4418 403 4488; x_wconf 84' lang='grc' dir='ltr'>γὰρ</span> <span class='ocrx_word' id='word_1_559' title='bbox 432 4417 583 4470; x_wconf 84' lang='grc' dir='ltr'>πᾶσα</span> <span class='ocrx_word' id='word_1_560' title='bbox 610 4414 1071 4487; x_wconf 84' lang='grc' dir='ltr'>παραδειγμάτων</span> <span class='ocrx_word' id='word_1_561' title='bbox 1098 4413 1349 4486; x_wconf 88' lang='grc' dir='ltr'>δύναμις,</span> <span class='ocrx_word' id='word_1_562' title='bbox 1373 4413 1467 4467; x_wconf 70' lang='grc' dir='ltr'>καὶ</span> <span class='ocrx_word' id='word_1_563' title='bbox 1494 4412 1593 4485; x_wconf 81' lang='grc' dir='ltr'>τῆς</span> <span class='ocrx_word' id='word_1_564' title='bbox 1617 4412 1875 4483; x_wconf 80' lang='grc' dir='ltr'>ἀληθείας</span> 
     </span>
    </p>
   </div>
   <div class='ocr_carea' id='block_1_75' title="bbox 293 4500 1873 4579">
    <p class='ocr_par' dir='ltr' id='par_1_75' title="bbox 293 4500 1873 4579">
     <span class='ocr_line' id='line_1_75' title="bbox 293 4500 1873 4579; baseline -0.007 -16"><span class='ocrx_word' id='word_1_565' title='bbox 293 4509 523 4563; x_wconf 81' lang='grc' dir='ltr'>κατόπιν</span> <span class='ocrx_word' id='word_1_566' title='bbox 577 4507 817 4579; x_wconf 78' lang='grc' dir='ltr'>ἔρχεται.</span> <span class='ocrx_word' id='word_1_567' title='bbox 870 4504 1015 4576; x_wconf 82' lang='grc' dir='ltr'>Πλὴν</span> <span class='ocrx_word' id='word_1_568' title='bbox 1062 4505 1236 4574; x_wconf 77' lang='grc' dir='ltr'>ἐνίησι</span> <span class='ocrx_word' id='word_1_569' title='bbox 1281 4504 1360 4574; x_wconf 85' lang='grc' dir='ltr'>τῷ</span> <span class='ocrx_word' id='word_1_570' title='bbox 1434 4502 1510 4574; x_wconf 86' lang='grc' dir='ltr'>νῷ</span> <span class='ocrx_word' id='word_1_571' title='bbox 1572 4500 1873 4571; x_wconf 82' lang='grc' dir='ltr'>φαντασίαν</span> 
     </span>
    </p>
   </div>
   <div class='ocr_carea' id='block_1_76' title="bbox 298 4570 1948 4669">
    <p class='ocr_par' dir='ltr' id='par_1_76' title="bbox 298 4570 1948 4669">
     <span class='ocr_line' id='line_1_76' title="bbox 298 4570 1948 4669; baseline -0.004 -18"><span class='ocrx_word' id='word_1_572' title='bbox 298 4596 483 4669; x_wconf 81' lang='grc' dir='ltr'>ἰσχνὴν</span> <span class='ocrx_word' id='word_1_573' title='bbox 508 4570 984 4667; x_wconf 57' lang='grc' dir='ltr'>τοῦπράγματος,</span> <span class='ocrx_word' id='word_1_574' title='bbox 1003 4594 1098 4649; x_wconf 79' lang='grc' dir='ltr'><strong>καὶ</strong></span> <span class='ocrx_word' id='word_1_575' title='bbox 1127 4570 1203 4658; x_wconf 75' lang='grc' dir='ltr'><strong>ὡς</strong></span> <span class='ocrx_word' id='word_1_576' title='bbox 1222 4570 1412 4663; x_wconf 27' lang='grc' dir='ltr'>ἀπόνγε</span> <span class='ocrx_word' id='word_1_577' title='bbox 1437 4570 1545 4646; x_wconf 87' lang='grc' dir='ltr'><strong>τῶν</strong></span> <span class='ocrx_word' id='word_1_578' title='bbox 1571 4570 1629 4645; x_wconf 68' lang='grc' dir='ltr'>ἐν</span> <span class='ocrx_word' id='word_1_579' title='bbox 1656 4593 1866 4663; x_wconf 71' lang='grc' dir='ltr'>χερσὶν,</span> <span class='ocrx_word' id='word_1_580' title='bbox 1903 4570 1948 4625; x_wconf 74' lang='grc' dir='ltr'><strong><em>υ</em></strong></span> 
     </span>
    </p>
   </div>
   <div class='ocr_carea' id='block_1_77' title="bbox 293 4679 1867 4755">
    <p class='ocr_par' dir='ltr' id='par_1_77' title="bbox 293 4679 1867 4755">
     <span class='ocr_line' id='line_1_77' title="bbox 293 4679 1867 4755; baseline -0.008 -14"><span class='ocrx_word' id='word_1_581' title='bbox 293 4686 616 4741; x_wconf 77' lang='grc' dir='ltr'>ἁναὸιὸάσει</span> <span class='ocrx_word' id='word_1_582' title='bbox 648 4684 785 4755; x_wconf 77' lang='grc' dir='ltr'>πρὸς</span> <span class='ocrx_word' id='word_1_583' title='bbox 813 4685 873 4738; x_wconf 85' lang='grc' dir='ltr'><strong>τὸ</strong></span> <span class='ocrx_word' id='word_1_584' title='bbox 900 4683 1056 4753; x_wconf 62' lang='grc' dir='ltr'>ὕψος,</span> <span class='ocrx_word' id='word_1_585' title='bbox 1091 4683 1184 4737; x_wconf 73' lang='grc' dir='ltr'><strong>καὶ</strong></span> <span class='ocrx_word' id='word_1_586' title='bbox 1209 4683 1271 4735; x_wconf 82' lang='grc' dir='ltr'><strong>τὸ</strong></span> <span class='ocrx_word' id='word_1_587' title='bbox 1296 4681 1439 4752; x_wconf 83' lang='grc' dir='ltr'>πέρα</span> <span class='ocrx_word' id='word_1_588' title='bbox 1468 4679 1867 4749; x_wconf 81' lang='grc' dir='ltr'>λόγου.”Ωσπερ</span> 
     </span>
    </p>
   </div>
   <div class='ocr_carea' id='block_1_78' title="bbox 294 4770 1864 4850">
    <p class='ocr_par' dir='ltr' id='par_1_78' title="bbox 294 4770 1864 4850">
     <span class='ocr_line' id='line_1_78' title="bbox 294 4770 1864 4850; baseline -0.006 -17"><span class='ocrx_word' id='word_1_589' title='bbox 294 4780 401 4850; x_wconf 81' lang='grc' dir='ltr'>γὰρ</span> <span class='ocrx_word' id='word_1_590' title='bbox 433 4780 461 4832; x_wconf 88' lang='lat'><strong>6</strong></span> <span class='ocrx_word' id='word_1_591' title='bbox 493 4778 711 4849; x_wconf 87' lang='grc' dir='ltr'>σίδηρος</span> <span class='ocrx_word' id='word_1_592' title='bbox 744 4777 910 4847; x_wconf 69' lang='grc' dir='ltr'>ἤγουν</span> <span class='ocrx_word' id='word_1_593' title='bbox 944 4777 1106 4845; x_wconf 79' lang='grc' dir='ltr'>ἑτέρα</span> <span class='ocrx_word' id='word_1_594' title='bbox 1129 4792 1217 4838; x_wconf 90' lang='grc' dir='ltr'><strong>τις</strong></span> <span class='ocrx_word' id='word_1_595' title='bbox 1249 4773 1351 4845; x_wconf 71' lang='grc' dir='ltr'><strong>ὕλη</strong></span> <span class='ocrx_word' id='word_1_596' title='bbox 1380 4772 1603 4843; x_wconf 83' lang='grc' dir='ltr'>τοιαύτη</span> <span class='ocrx_word' id='word_1_597' title='bbox 1626 4774 1744 4834; x_wconf 82' lang='grc' dir='ltr'>ταῖς</span> <span class='ocrx_word' id='word_1_598' title='bbox 1771 4770 1864 4823; x_wconf 89' lang='grc' dir='ltr'><strong>τοῦ</strong></span> 
     </span>
    </p>
   </div>
   <div class='ocr_carea' id='block_1_79' title="bbox 296 4860 1863 4942">
    <p class='ocr_par' dir='ltr' id='par_1_79' title="bbox 296 4860 1863 4942">
     <span class='ocr_line' id='line_1_79' title="bbox 296 4860 1863 4942; baseline -0.007 -18"><span class='ocrx_word' id='word_1_599' title='bbox 296 4871 464 4942; x_wconf 77' lang='grc' dir='ltr'>πυρὸς</span> <span class='ocrx_word' id='word_1_600' title='bbox 498 4870 813 4941; x_wconf 85' lang='grc' dir='ltr'>όμιλήσασα</span> <span class='ocrx_word' id='word_1_601' title='bbox 844 4866 1205 4940; x_wconf 76' lang='grc' dir='ltr'>προσϐολαῖς,</span> <span class='ocrx_word' id='word_1_602' title='bbox 1237 4866 1535 4936; x_wconf 75' lang='grc' dir='ltr'>εἰσδέχεται</span> <span class='ocrx_word' id='word_1_603' title='bbox 1575 4863 1673 4933; x_wconf 76' lang='grc' dir='ltr'><strong>μὲν</strong></span> <span class='ocrx_word' id='word_1_604' title='bbox 1711 4860 1863 4923; x_wconf 69' lang='grc' dir='ltr'>αὐτὸ,</span> 
     </span>
    </p>
   </div>
   <div class='ocr_carea' id='block_1_80' title="bbox 294 4953 1870 5030">
    <p class='ocr_par' dir='ltr' id='par_1_80' title="bbox 294 4953 1870 5030">
     <span class='ocr_line' id='line_1_80' title="bbox 294 4953 1870 5030; baseline -0.006 -16"><span class='ocrx_word' id='word_1_605' title='bbox 294 4963 389 5014; x_wconf 75' lang='grc' dir='ltr'>καὶ</span> <span class='ocrx_word' id='word_1_606' title='bbox 422 4959 705 5015; x_wconf 87' lang='grc' dir='ltr'>κατωδίνει</span> <span class='ocrx_word' id='word_1_607' title='bbox 745 4959 846 5030; x_wconf 85' lang='grc' dir='ltr'>τὴν</span> <span class='ocrx_word' id='word_1_608' title='bbox 875 4957 1049 5027; x_wconf 83' lang='grc' dir='ltr'>φλόγα</span> <span class='ocrx_word' id='word_1_609' title='bbox 1069 4975 1084 4989; x_wconf 75' lang='grc' dir='ltr'><strong>ο</strong></span> <span class='ocrx_word' id='word_1_610' title='bbox 1120 4958 1168 5008; x_wconf 92' lang='grc' dir='ltr'><strong>εἰ</strong></span> <span class='ocrx_word' id='word_1_611' title='bbox 1199 4956 1256 5010; x_wconf 85' lang='grc' dir='ltr'>δὲ</span> <span class='ocrx_word' id='word_1_612' title='bbox 1293 4955 1358 5027; x_wconf 86' lang='grc' dir='ltr'>δὴ</span> <span class='ocrx_word' id='word_1_613' title='bbox 1386 4953 1745 5009; x_wconf 84' lang='grc' dir='ltr'>καταπαίοιτο</span> <span class='ocrx_word' id='word_1_614' title='bbox 1780 4970 1870 5005; x_wconf 86' lang='grc' dir='ltr'>τυ-</span> 
     </span>
    </p>
   </div>
   <div class='ocr_carea' id='block_1_81' title="bbox 292 5045 1867 5126">
    <p class='ocr_par' dir='ltr' id='par_1_81' title="bbox 292 5045 1867 5126">
     <span class='ocr_line' id='line_1_81' title="bbox 292 5045 1867 5126; baseline -0.008 -18"><span class='ocrx_word' id='word_1_615' title='bbox 292 5056 384 5126; x_wconf 78' lang='grc' dir='ltr'><strong>χὸν</strong></span> <span class='ocrx_word' id='word_1_616' title='bbox 414 5054 518 5107; x_wconf 81' lang='grc' dir='ltr'><strong>ὑπό</strong></span> <span class='ocrx_word' id='word_1_617' title='bbox 559 5070 676 5119; x_wconf 88' lang='grc' dir='ltr'>του,</span> <span class='ocrx_word' id='word_1_618' title='bbox 705 5052 918 5123; x_wconf 80' lang='grc' dir='ltr'>δέχεται</span> <span class='ocrx_word' id='word_1_619' title='bbox 949 5049 1047 5119; x_wconf 82' lang='grc' dir='ltr'>μὲν</span> <span class='ocrx_word' id='word_1_620' title='bbox 1073 5051 1106 5119; x_wconf 80' lang='grc' dir='ltr'>ὴ</span> <span class='ocrx_word' id='word_1_621' title='bbox 1130 5047 1231 5117; x_wconf 74' lang='grc' dir='ltr'><strong>ὕλη</strong></span> <span class='ocrx_word' id='word_1_622' title='bbox 1266 5046 1327 5101; x_wconf 82' lang='grc' dir='ltr'><strong>τὸ</strong></span> <span class='ocrx_word' id='word_1_623' title='bbox 1359 5045 1574 5116; x_wconf 79' lang='grc' dir='ltr'>βλάϐος,</span> <span class='ocrx_word' id='word_1_624' title='bbox 1602 5045 1867 5098; x_wconf 80' lang='grc' dir='ltr'>ἀδικεῖται</span> 
     </span>
    </p>
   </div>
   <div class='ocr_carea' id='block_1_82' title="bbox 293 5136 1863 5217">
    <p class='ocr_par' dir='ltr' id='par_1_82' title="bbox 293 5136 1863 5217">
     <span class='ocr_line' id='line_1_82' title="bbox 293 5136 1863 5217; baseline -0.008 -16"><span class='ocrx_word' id='word_1_625' title='bbox 293 5149 349 5201; x_wconf 76' lang='grc' dir='ltr'><strong>δὲ</strong></span> <span class='ocrx_word' id='word_1_626' title='bbox 379 5147 515 5210; x_wconf 79' lang='grc' dir='ltr'>ὃλως</span> <span class='ocrx_word' id='word_1_627' title='bbox 539 5146 675 5217; x_wconf 75' lang='grc' dir='ltr'>πρὸς</span> <span class='ocrx_word' id='word_1_628' title='bbox 700 5144 795 5199; x_wconf 91' lang='grc' dir='ltr'><strong>τοῦ</strong></span> <span class='ocrx_word' id='word_1_629' title='bbox 830 5144 1080 5206; x_wconf 78' lang='grc' dir='ltr'>παίοντες</span> <span class='ocrx_word' id='word_1_630' title='bbox 1106 5141 1257 5195; x_wconf 79' lang='grc' dir='ltr'>οὐδὲν</span> <span class='ocrx_word' id='word_1_631' title='bbox 1292 5141 1326 5211; x_wconf 82' lang='grc' dir='ltr'>ἡ</span> <span class='ocrx_word' id='word_1_632' title='bbox 1353 5138 1447 5192; x_wconf 91' lang='grc' dir='ltr'><strong>τοῦ</strong></span> <span class='ocrx_word' id='word_1_633' title='bbox 1471 5137 1645 5209; x_wconf 83' lang='grc' dir='ltr'>πυρὸς</span> <span class='ocrx_word' id='word_1_634' title='bbox 1668 5136 1831 5207; x_wconf 86' lang='grc' dir='ltr'>φύσις</span> <span class='ocrx_word' id='word_1_635' title='bbox 1852 5152 1863 5164; x_wconf 89' lang='grc'><strong>·</strong></span> 
     </span>
    </p>
   </div>
   <div class='ocr_carea' id='block_1_83' title="bbox 294 5228 1860 5310">
    <p class='ocr_par' dir='ltr' id='par_1_83' title="bbox 294 5228 1860 5310">
     <span class='ocr_line' id='line_1_83' title="bbox 294 5228 1860 5310; baseline -0.01 -16"><span class='ocrx_word' id='word_1_636' title='bbox 294 5241 437 5295; x_wconf 74' lang='grc' dir='ltr'>οὕτω</span> <span class='ocrx_word' id='word_1_637' title='bbox 464 5257 581 5302; x_wconf 88' lang='grc' dir='ltr'><strong>πως</strong></span> <span class='ocrx_word' id='word_1_638' title='bbox 607 5241 859 5310; x_wconf 83' lang='grc' dir='ltr'>συνήσεις</span> <span class='ocrx_word' id='word_1_639' title='bbox 886 5237 977 5291; x_wconf 84' lang='grc' dir='ltr'><strong>καί</strong></span> <span class='ocrx_word' id='word_1_640' title='bbox 998 5238 1057 5289; x_wconf 81' lang='grc' dir='ltr'>ὲν</span> <span class='ocrx_word' id='word_1_641' title='bbox 1084 5234 1162 5304; x_wconf 80' lang='grc' dir='ltr'>τῷ</span> <span class='ocrx_word' id='word_1_642' title='bbox 1186 5232 1348 5302; x_wconf 85' lang='grc' dir='ltr'>σαρκί</span> <span class='ocrx_word' id='word_1_643' title='bbox 1370 5228 1627 5298; x_wconf 80' lang='grc' dir='ltr'>λέγεσθαι</span> <span class='ocrx_word' id='word_1_644' title='bbox 1651 5228 1860 5292; x_wconf 83' lang='grc' dir='ltr'>παθεῖν,</span> 
     </span>
    </p>
   </div>
   <div class='ocr_carea' id='block_1_84' title="bbox 295 5319 1868 5400">
    <p class='ocr_par' dir='ltr' id='par_1_84' title="bbox 295 5319 1868 5400">
     <span class='ocr_line' id='line_1_84' title="bbox 295 5319 1868 5400; baseline -0.008 -17"><span class='ocrx_word' id='word_1_645' title='bbox 295 5331 510 5400; x_wconf 79' lang='grc' dir='ltr'>θεότητι</span> <span class='ocrx_word' id='word_1_646' title='bbox 539 5329 595 5382; x_wconf 78' lang='grc' dir='ltr'>δὲ</span> <span class='ocrx_word' id='word_1_647' title='bbox 626 5328 701 5400; x_wconf 82' lang='grc' dir='ltr'>μὴ</span> <span class='ocrx_word' id='word_1_648' title='bbox 734 5327 929 5383; x_wconf 85' lang='grc' dir='ltr'>παθεῖν</span> <span class='ocrx_word' id='word_1_649' title='bbox 961 5327 1053 5380; x_wconf 84' lang='grc' dir='ltr'><strong>τὸν</strong></span> <span class='ocrx_word' id='word_1_650' title='bbox 1086 5324 1234 5378; x_wconf 85' lang='grc' dir='ltr'>Υίόν.</span> <span class='ocrx_word' id='word_1_651' title='bbox 1268 5323 1376 5376; x_wconf 73' lang='grc' dir='ltr'>Καὶ</span> <span class='ocrx_word' id='word_1_652' title='bbox 1406 5320 1612 5392; x_wconf 75' lang='grc' dir='ltr'>σμικρὰ</span> <span class='ocrx_word' id='word_1_653' title='bbox 1645 5321 1765 5391; x_wconf 79' lang='grc' dir='ltr'>μὲν,</span> <span class='ocrx_word' id='word_1_654' title='bbox 1793 5319 1868 5382; x_wconf 78' lang='grc' dir='ltr'>ὡς</span> 
     </span>
    </p>
   </div>
   <div class='ocr_carea' id='block_1_85' title="bbox 295 5411 1868 5493">
    <p class='ocr_par' dir='ltr' id='par_1_85' title="bbox 295 5411 1868 5493">
     <span class='ocr_line' id='line_1_85' title="bbox 295 5411 1868 5493; baseline -0.006 -19"><span class='ocrx_word' id='word_1_655' title='bbox 295 5424 451 5493; x_wconf 71' lang='grc' dir='ltr'>ἔφην,</span> <span class='ocrx_word' id='word_1_656' title='bbox 480 5422 586 5473; x_wconf 91' lang='grc' dir='ltr'><strong>τῶν</strong></span> <span class='ocrx_word' id='word_1_657' title='bbox 620 5419 1077 5490; x_wconf 86' lang='grc' dir='ltr'>παραδειγμάτων</span> <span class='ocrx_word' id='word_1_658' title='bbox 1128 5419 1160 5487; x_wconf 82' lang='grc' dir='ltr'><strong>ἡ</strong></span> <span class='ocrx_word' id='word_1_659' title='bbox 1206 5415 1466 5485; x_wconf 86' lang='grc' dir='ltr'>δύναμις,</span> <span class='ocrx_word' id='word_1_660' title='bbox 1507 5412 1774 5483; x_wconf 82' lang='grc' dir='ltr'>ἀποφέρει</span> <span class='ocrx_word' id='word_1_661' title='bbox 1811 5411 1868 5465; x_wconf 77' lang='grc' dir='ltr'>δέ</span> 
     </span>
    </p>
   </div>
   <div class='ocr_carea' id='block_1_86' title="bbox 296 5503 1869 5579">
    <p class='ocr_par' dir='ltr' id='par_1_86' title="bbox 296 5503 1869 5579">
     <span class='ocr_line' id='line_1_86' title="bbox 296 5503 1869 5579; baseline -0.006 -14"><span class='ocrx_word' id='word_1_662' title='bbox 296 5529 415 5573; x_wconf 85' lang='grc' dir='ltr'><strong>πως</strong></span> <span class='ocrx_word' id='word_1_663' title='bbox 446 5510 543 5579; x_wconf 84' lang='grc' dir='ltr'>τῆς</span> <span class='ocrx_word' id='word_1_664' title='bbox 574 5509 830 5579; x_wconf 84' lang='grc' dir='ltr'>ἀληθείας</span> <span class='ocrx_word' id='word_1_665' title='bbox 854 5511 1019 5577; x_wconf 72' lang='grc' dir='ltr'>ἐγγὺς</span> <span class='ocrx_word' id='word_1_666' title='bbox 1055 5510 1180 5570; x_wconf 76' lang='grc' dir='ltr'>τοὺς</span> <span class='ocrx_word' id='word_1_667' title='bbox 1216 5508 1327 5570; x_wconf 83' lang='grc' dir='ltr'>τοῖς</span> <span class='ocrx_word' id='word_1_668' title='bbox 1356 5507 1519 5576; x_wconf 81' lang='grc' dir='ltr'>ἱεροῖς</span> <span class='ocrx_word' id='word_1_669' title='bbox 1540 5503 1869 5576; x_wconf 86' lang='grc' dir='ltr'>Γράμμασιν</span> 
     </span>
    </p>
   </div>
   <div class='ocr_carea' id='block_1_87' title="bbox 296 5602 901 5675">
    <p class='ocr_par' dir='ltr' id='par_1_87' title="bbox 296 5602 901 5675">
     <span class='ocr_line' id='line_1_87' title="bbox 296 5602 901 5675; baseline -0.007 -16"><span class='ocrx_word' id='word_1_670' title='bbox 296 5603 541 5659; x_wconf 82' lang='grc' dir='ltr'>ἀπειθεῖν</span> <span class='ocrx_word' id='word_1_671' title='bbox 575 5602 901 5675; x_wconf 74' lang='grc' dir='ltr'>ᾑρημένους.</span> 
     </span>
    </p>
   </div>
   <div class='ocr_carea' id='block_1_88' title="bbox 380 5772 1629 5843">
    <p class='ocr_par' dir='ltr' id='par_1_88' title="bbox 380 5772 1629 5843">
     <span class='ocr_line' id='line_1_88' title="bbox 380 5772 1629 5843; baseline -0.003 -12"><span class='ocrx_word' id='word_1_672' title='bbox 380 5778 421 5809; x_wconf 65' lang='grc'><strong>⁸³</strong></span> <span class='ocrx_word' id='word_1_673' title='bbox 453 5776 470 5831; x_wconf 92' lang='grc' dir='ltr'><strong>Ι</strong></span> <span class='ocrx_word' id='word_1_674' title='bbox 510 5775 635 5832; x_wconf 91' lang='lat' dir='ltr'><strong>Cor.</strong></span> <span class='ocrx_word' id='word_1_675' title='bbox 674 5793 712 5843; x_wconf 84' lang='grc' dir='ltr'><strong>ι,</strong></span> <span class='ocrx_word' id='word_1_676' title='bbox 744 5775 930 5833; x_wconf 73' lang='grc' dir='ltr'><strong>22ο25.</strong></span> <span class='ocrx_word' id='word_1_677' title='bbox 1014 5777 1057 5809; x_wconf 63' lang='grc'><strong>⁸³</strong></span> <span class='ocrx_word' id='word_1_678' title='bbox 1097 5777 1287 5835; x_wconf 80' lang='lat' dir='ltr'><strong>Matth.</strong></span> <span class='ocrx_word' id='word_1_679' title='bbox 1341 5790 1509 5842; x_wconf 76' lang='lat' dir='ltr'><strong>xxvn,</strong></span> <span class='ocrx_word' id='word_1_680' title='bbox 1544 5772 1629 5829; x_wconf 69' lang='lat'><strong>4&#39;2.</strong></span> 
     </span>
    </p>
   </div>
   <div class='ocr_carea' id='block_1_89' title="bbox 1893 3212 3570 3288">
    <p class='ocr_par' dir='ltr' id='par_1_89' title="bbox 1893 3212 3570 3288">
     <span class='ocr_line' id='line_1_89' title="bbox 1893 3212 3570 3288; baseline 0.007 -25"><span class='ocrx_word' id='word_1_681' title='bbox 1893 3227 1937 3284; x_wconf 73' lang='grc' dir='ltr'><strong>ρ</strong></span> <span class='ocrx_word' id='word_1_682' title='bbox 2044 3212 2106 3264; x_wconf 83' lang='grc' dir='ltr'><strong>Β.</strong></span> <span class='ocrx_word' id='word_1_683' title='bbox 2148 3212 2308 3283; x_wconf 80' lang='lat' dir='ltr'><strong>Atqui</strong></span> <span class='ocrx_word' id='word_1_684' title='bbox 2345 3214 2644 3284; x_wconf 89' lang='lat' dir='ltr'><strong>quomodo,</strong></span> <span class='ocrx_word' id='word_1_685' title='bbox 2683 3213 2965 3283; x_wconf 89' lang='lat' dir='ltr'><strong>inquiunt,</strong></span> <span class='ocrx_word' id='word_1_686' title='bbox 3000 3229 3118 3284; x_wconf 82' lang='lat' dir='ltr'><strong>Ipse</strong></span> <span class='ocrx_word' id='word_1_687' title='bbox 3151 3230 3256 3272; x_wconf 89' lang='lat' dir='ltr'><strong>non</strong></span> <span class='ocrx_word' id='word_1_688' title='bbox 3290 3219 3570 3288; x_wconf 84' lang='lat' dir='ltr'><strong>patiatur?</strong></span> 
     </span>
    </p>
   </div>
   <div class='ocr_carea' id='block_1_90' title="bbox 2047 3303 3567 3375">
    <p class='ocr_par' dir='ltr' id='par_1_90' title="bbox 2047 3303 3567 3375">
     <span class='ocr_line' id='line_1_90' title="bbox 2047 3303 3567 3375; baseline 0.005 -17"><span class='ocrx_word' id='word_1_689' title='bbox 2047 3306 2113 3361; x_wconf 84' lang='lat' dir='ltr'><strong>A.</strong></span> <span class='ocrx_word' id='word_1_690' title='bbox 2157 3303 2380 3375; x_wconf 86' lang='lat' dir='ltr'><strong>Propria</strong></span> <span class='ocrx_word' id='word_1_691' title='bbox 2410 3319 2576 3361; x_wconf 90' lang='lat' dir='ltr'><strong>carne</strong></span> <span class='ocrx_word' id='word_1_692' title='bbox 2604 3319 2817 3375; x_wconf 75' lang='lat' dir='ltr'><strong>passus,</strong></span> <span class='ocrx_word' id='word_1_693' title='bbox 2847 3320 2953 3359; x_wconf 85' lang='lat' dir='ltr'><strong>non</strong></span> <span class='ocrx_word' id='word_1_694' title='bbox 2985 3315 3167 3361; x_wconf 90' lang='lat' dir='ltr'><strong>autem</strong></span> <span class='ocrx_word' id='word_1_695' title='bbox 3200 3318 3395 3363; x_wconf 86' lang='lat' dir='ltr'><strong>natura</strong></span> <span class='ocrx_word' id='word_1_696' title='bbox 3426 3311 3567 3365; x_wconf 84' lang='lat' dir='ltr'><strong>divi-</strong></span> 
     </span>
    </p>
   </div>
   <div class='ocr_carea' id='block_1_91' title="bbox 1976 3396 3563 3469">
    <p class='ocr_par' dir='ltr' id='par_1_91' title="bbox 1976 3396 3563 3469">
     <span class='ocr_line' id='line_1_91' title="bbox 1976 3396 3563 3469; baseline 0.003 -16"><span class='ocrx_word' id='word_1_697' title='bbox 1976 3398 2186 3463; x_wconf 90' lang='lat' dir='ltr'><strong>nitatis,</strong></span> <span class='ocrx_word' id='word_1_698' title='bbox 2216 3396 2378 3468; x_wconf 90' lang='lat' dir='ltr'><strong>idque</strong></span> <span class='ocrx_word' id='word_1_699' title='bbox 2410 3397 2667 3454; x_wconf 72' lang='lat' dir='ltr'><strong>ineffabili</strong></span> <span class='ocrx_word' id='word_1_700' title='bbox 2697 3400 2928 3469; x_wconf 90' lang='lat' dir='ltr'><strong>quadam</strong></span> <span class='ocrx_word' id='word_1_701' title='bbox 2961 3398 3195 3467; x_wconf 90' lang='lat' dir='ltr'><strong>ratione,</strong></span> <span class='ocrx_word' id='word_1_702' title='bbox 3224 3415 3385 3469; x_wconf 91' lang='lat' dir='ltr'><strong>quam</strong></span> <span class='ocrx_word' id='word_1_703' title='bbox 3416 3402 3563 3457; x_wconf 87' lang='lat' dir='ltr'><strong>nulla</strong></span> 
     </span>
    </p>
   </div>
   <div class='ocr_carea' id='block_1_92' title="bbox 1977 3488 3568 3560">
    <p class='ocr_par' dir='ltr' id='par_1_92' title="bbox 1977 3488 3568 3560">
     <span class='ocr_line' id='line_1_92' title="bbox 1977 3488 3568 3560; baseline 0.002 -15"><span class='ocrx_word' id='word_1_704' title='bbox 1977 3503 2129 3545; x_wconf 89' lang='lat' dir='ltr'><strong>mens</strong></span> <span class='ocrx_word' id='word_1_705' title='bbox 2160 3488 2325 3560; x_wconf 76' lang='grc'><strong>776</strong></span> <span class='ocrx_word' id='word_1_706' title='bbox 2352 3489 2636 3560; x_wconf 88' lang='lat' dir='ltr'><strong>percipere</strong></span> <span class='ocrx_word' id='word_1_707' title='bbox 2666 3499 2850 3560; x_wconf 86' lang='lat' dir='ltr'><strong>queat.</strong></span> <span class='ocrx_word' id='word_1_708' title='bbox 2882 3489 2993 3546; x_wconf 88' lang='lat' dir='ltr'><strong>Nos</strong></span> <span class='ocrx_word' id='word_1_709' title='bbox 3023 3506 3154 3547; x_wconf 91' lang='lat' dir='ltr'><strong>vero</strong></span> <span class='ocrx_word' id='word_1_710' title='bbox 3186 3491 3568 3549; x_wconf 86' lang='lat' dir='ltr'><strong>ratiocinatio-</strong></span> 
     </span>
    </p>
   </div>
   <div class='ocr_carea' id='block_1_93' title="bbox 1977 3580 3568 3650">
    <p class='ocr_par' dir='ltr' id='par_1_93' title="bbox 1977 3580 3568 3650">
     <span class='ocr_line' id='line_1_93' title="bbox 1977 3580 3568 3650; baseline 0.004 -16"><span class='ocrx_word' id='word_1_711' title='bbox 1977 3580 2138 3639; x_wconf 85' lang='lat' dir='ltr'><strong>nibus</strong></span> <span class='ocrx_word' id='word_1_712' title='bbox 2171 3595 2292 3650; x_wconf 72' lang='lat' dir='ltr'><strong>qua:</strong></span> <span class='ocrx_word' id='word_1_713' title='bbox 2321 3580 2538 3636; x_wconf 77' lang='lat' dir='ltr'><strong>veritati</strong></span> <span class='ocrx_word' id='word_1_714' title='bbox 2577 3582 2813 3638; x_wconf 79' lang='lat' dir='ltr'><strong>maxime</strong></span> <span class='ocrx_word' id='word_1_715' title='bbox 2844 3591 3226 3640; x_wconf 72' lang='lat' dir='ltr'><strong>consentanea:</strong></span> <span class='ocrx_word' id='word_1_716' title='bbox 3255 3584 3369 3641; x_wconf 90' lang='lat' dir='ltr'><strong>sint</strong></span> <span class='ocrx_word' id='word_1_717' title='bbox 3402 3586 3568 3641; x_wconf 75' lang='lat' dir='ltr'><strong>inluc-</strong></span> 
     </span>
    </p>
   </div>
   <div class='ocr_carea' id='block_1_94' title="bbox 1977 3672 3566 3746">
    <p class='ocr_par' dir='ltr' id='par_1_94' title="bbox 1977 3672 3566 3746">
     <span class='ocr_line' id='line_1_94' title="bbox 1977 3672 3566 3746; baseline 0.003 -19"><span class='ocrx_word' id='word_1_718' title='bbox 1977 3680 2184 3738; x_wconf 87' lang='lat' dir='ltr'><strong>rentes,</strong></span> <span class='ocrx_word' id='word_1_719' title='bbox 2207 3684 2390 3743; x_wconf 90' lang='lat' dir='ltr'><strong>neque</strong></span> <span class='ocrx_word' id='word_1_720' title='bbox 2417 3672 2654 3729; x_wconf 89' lang='lat' dir='ltr'><strong>alienum</strong></span> <span class='ocrx_word' id='word_1_721' title='bbox 2685 3673 2861 3745; x_wconf 88' lang='lat' dir='ltr'><strong>ipsum</strong></span> <span class='ocrx_word' id='word_1_722' title='bbox 2890 3675 2958 3731; x_wconf 88' lang='lat' dir='ltr'><strong>ab</strong></span> <span class='ocrx_word' id='word_1_723' title='bbox 2984 3691 3050 3731; x_wconf 85' lang='lat' dir='ltr'><strong>eo</strong></span> <span class='ocrx_word' id='word_1_724' title='bbox 3079 3690 3396 3742; x_wconf 90' lang='lat' dir='ltr'><strong>censemus,</strong></span> <span class='ocrx_word' id='word_1_725' title='bbox 3419 3680 3566 3746; x_wconf 86' lang='lat' dir='ltr'><strong>quod</strong></span> 
     </span>
    </p>
   </div>
   <div class='ocr_carea' id='block_1_95' title="bbox 1975 3763 3562 3833">
    <p class='ocr_par' dir='ltr' id='par_1_95' title="bbox 1975 3763 3562 3833">
     <span class='ocr_line' id='line_1_95' title="bbox 1975 3763 3562 3833; baseline 0.001 -14"><span class='ocrx_word' id='word_1_726' title='bbox 1975 3763 2190 3819; x_wconf 89' lang='lat' dir='ltr'><strong>dicatur</strong></span> <span class='ocrx_word' id='word_1_727' title='bbox 2227 3778 2422 3833; x_wconf 85' lang='lat' dir='ltr'><strong>passus</strong></span> <span class='ocrx_word' id='word_1_728' title='bbox 2470 3779 2621 3832; x_wconf 87' lang='lat' dir='ltr'><strong>esse,</strong></span> <span class='ocrx_word' id='word_1_729' title='bbox 2668 3781 2735 3821; x_wconf 91' lang='lat' dir='ltr'><strong>ne</strong></span> <span class='ocrx_word' id='word_1_730' title='bbox 2777 3775 2833 3822; x_wconf 92' lang='lat' dir='ltr'><strong>et</strong></span> <span class='ocrx_word' id='word_1_731' title='bbox 2874 3767 3214 3822; x_wconf 80' lang='lat' dir='ltr'><strong>nativitatem</strong></span> <span class='ocrx_word' id='word_1_732' title='bbox 3265 3770 3562 3823; x_wconf 84' lang='lat' dir='ltr'><strong>secundum</strong></span> 
     </span>
    </p>
   </div>
   <div class='ocr_carea' id='block_1_96' title="bbox 1976 3857 3565 3931">
    <p class='ocr_par' dir='ltr' id='par_1_96' title="bbox 1976 3857 3565 3931">
     <span class='ocr_line' id='line_1_96' title="bbox 1976 3857 3565 3931; baseline 0.003 -20"><span class='ocrx_word' id='word_1_733' title='bbox 1976 3870 2195 3912; x_wconf 89' lang='lat' dir='ltr'><strong>carnem</strong></span> <span class='ocrx_word' id='word_1_734' title='bbox 2216 3899 2230 3921; x_wconf 92' lang='lat'><strong>,</strong></span> <span class='ocrx_word' id='word_1_735' title='bbox 2267 3870 2389 3924; x_wconf 68' lang='lat' dir='ltr'><strong>quae</strong></span> <span class='ocrx_word' id='word_1_736' title='bbox 2423 3857 2733 3927; x_wconf 88' lang='lat' dir='ltr'><strong>passionem</strong></span> <span class='ocrx_word' id='word_1_737' title='bbox 2768 3860 3082 3929; x_wconf 66' lang='lat' dir='ltr'><strong>prmeessit,</strong></span> <span class='ocrx_word' id='word_1_738' title='bbox 3121 3876 3227 3915; x_wconf 90' lang='lat' dir='ltr'><strong>non</strong></span> <span class='ocrx_word' id='word_1_739' title='bbox 3264 3862 3435 3931; x_wconf 88' lang='lat' dir='ltr'><strong>ipsius</strong></span> <span class='ocrx_word' id='word_1_740' title='bbox 3469 3864 3565 3915; x_wconf 81' lang='lat' dir='ltr'><strong>sed</strong></span> 
     </span>
    </p>
   </div>
   <div class='ocr_carea' id='block_1_97' title="bbox 1974 3944 3564 4020">
    <p class='ocr_par' dir='ltr' id='par_1_97' title="bbox 1974 3944 3564 4020">
     <span class='ocr_line' id='line_1_97' title="bbox 1974 3944 3564 4020; baseline 0.004 -21"><span class='ocrx_word' id='word_1_741' title='bbox 1974 3944 2199 4002; x_wconf 88' lang='lat' dir='ltr'><strong>alterius</strong></span> <span class='ocrx_word' id='word_1_742' title='bbox 2241 3946 2542 4016; x_wconf 87' lang='lat' dir='ltr'><strong>cujuspiam</strong></span> <span class='ocrx_word' id='word_1_743' title='bbox 2589 3946 2756 4002; x_wconf 86' lang='lat' dir='ltr'><strong>fuisse</strong></span> <span class='ocrx_word' id='word_1_744' title='bbox 2797 3948 3073 4013; x_wconf 88' lang='lat' dir='ltr'><strong>dicamus,</strong></span> <span class='ocrx_word' id='word_1_745' title='bbox 3116 3964 3291 4018; x_wconf 90' lang='lat' dir='ltr'><strong>neque</strong></span> <span class='ocrx_word' id='word_1_746' title='bbox 3333 3964 3397 4004; x_wconf 90' lang='lat' dir='ltr'><strong>ea</strong></span> <span class='ocrx_word' id='word_1_747' title='bbox 3443 3965 3564 4020; x_wconf 77' lang='lat' dir='ltr'><strong>qua:</strong></span> 
     </span>
    </p>
   </div>
   <div class='ocr_carea' id='block_1_98' title="bbox 1975 4036 3560 4109">
    <p class='ocr_par' dir='ltr' id='par_1_98' title="bbox 1975 4036 3560 4109">
     <span class='ocr_line' id='line_1_98' title="bbox 1975 4036 3560 4109; baseline 0.003 -18"><span class='ocrx_word' id='word_1_748' title='bbox 1975 4036 2162 4091; x_wconf 86' lang='lat' dir='ltr'><strong>carnis</strong></span> <span class='ocrx_word' id='word_1_749' title='bbox 2194 4046 2321 4091; x_wconf 91' lang='lat' dir='ltr'><strong>sunt</strong></span> <span class='ocrx_word' id='word_1_750' title='bbox 2354 4037 2406 4091; x_wconf 91' lang='lat' dir='ltr'><strong>in</strong></span> <span class='ocrx_word' id='word_1_751' title='bbox 2439 4037 2679 4091; x_wconf 86' lang='lat' dir='ltr'><strong>divinam</strong></span> <span class='ocrx_word' id='word_1_752' title='bbox 2712 4039 2880 4109; x_wconf 88' lang='lat' dir='ltr'><strong>ipsius</strong></span> <span class='ocrx_word' id='word_1_753' title='bbox 2910 4048 3073 4109; x_wconf 88' lang='lat' dir='ltr'><strong>atque</strong></span> <span class='ocrx_word' id='word_1_754' title='bbox 3104 4054 3414 4109; x_wconf 87' lang='lat' dir='ltr'><strong>supremam</strong></span> <span class='ocrx_word' id='word_1_755' title='bbox 3451 4056 3560 4095; x_wconf 85' lang='lat' dir='ltr'><strong>na—</strong></span> 
     </span>
    </p>
   </div>
   <div class='ocr_carea' id='block_1_99' title="bbox 1978 4125 3564 4201">
    <p class='ocr_par' dir='ltr' id='par_1_99' title="bbox 1978 4125 3564 4201">
     <span class='ocr_line' id='line_1_99' title="bbox 1978 4125 3564 4201; baseline 0.003 -20"><span class='ocrx_word' id='word_1_756' title='bbox 1978 4137 2153 4181; x_wconf 90' lang='lat' dir='ltr'><strong>turam</strong></span> <span class='ocrx_word' id='word_1_757' title='bbox 2186 4125 2330 4182; x_wconf 84' lang='lat' dir='ltr'><strong>facta</strong></span> <span class='ocrx_word' id='word_1_758' title='bbox 2360 4142 2481 4183; x_wconf 89' lang='lat' dir='ltr'><strong>esse</strong></span> <span class='ocrx_word' id='word_1_759' title='bbox 2510 4137 2836 4184; x_wconf 86' lang='lat' dir='ltr'><strong>statuamus.</strong></span> <span class='ocrx_word' id='word_1_760' title='bbox 2868 4129 3203 4201; x_wconf 80' lang='lat' dir='ltr'><strong>lntelligatur</strong></span> <span class='ocrx_word' id='word_1_761' title='bbox 3234 4146 3365 4186; x_wconf 88' lang='lat' dir='ltr'><strong>vero</strong></span> <span class='ocrx_word' id='word_1_762' title='bbox 3396 4146 3564 4187; x_wconf 86' lang='lat' dir='ltr'><strong>carne</strong></span> 
     </span>
    </p>
   </div>
   <div class='ocr_carea' id='block_1_100' title="bbox 1976 4217 3563 4292">
    <p class='ocr_par' dir='ltr' id='par_1_100' title="bbox 1976 4217 3563 4292">
     <span class='ocr_line' id='line_1_100' title="bbox 1976 4217 3563 4292; baseline 0.003 -19"><span class='ocrx_word' id='word_1_763' title='bbox 1976 4219 2214 4289; x_wconf 89' lang='lat' dir='ltr'><strong>pr0pria,</strong></span> <span class='ocrx_word' id='word_1_764' title='bbox 2245 4228 2304 4273; x_wconf 90' lang='lat' dir='ltr'><strong>ut</strong></span> <span class='ocrx_word' id='word_1_765' title='bbox 2331 4217 2683 4291; x_wconf 83' lang='lat' dir='ltr'><strong>dixi,passus</strong></span> <span class='ocrx_word' id='word_1_766' title='bbox 2703 4233 2847 4288; x_wconf 89' lang='lat' dir='ltr'><strong>esse,</strong></span> <span class='ocrx_word' id='word_1_767' title='bbox 2882 4222 3098 4277; x_wconf 82' lang='lat' dir='ltr'><strong>tametsi</strong></span> <span class='ocrx_word' id='word_1_768' title='bbox 3132 4222 3334 4278; x_wconf 85' lang='lat' dir='ltr'><strong>deitate</strong></span> <span class='ocrx_word' id='word_1_769' title='bbox 3362 4236 3563 4292; x_wconf 91' lang='lat' dir='ltr'><strong>passus</strong></span> 
     </span>
    </p>
   </div>
   <div class='ocr_carea' id='block_1_101' title="bbox 1976 4313 3560 4386">
    <p class='ocr_par' dir='ltr' id='par_1_101' title="bbox 1976 4313 3560 4386">
     <span class='ocr_line' id='line_1_101' title="bbox 1976 4313 3560 4386; baseline 0.002 -19"><span class='ocrx_word' id='word_1_770' title='bbox 1976 4327 2081 4369; x_wconf 90' lang='lat' dir='ltr'><strong>non</strong></span> <span class='ocrx_word' id='word_1_771' title='bbox 2114 4313 2205 4369; x_wconf 90' lang='lat' dir='ltr'><strong>sit.</strong></span> <span class='ocrx_word' id='word_1_772' title='bbox 2235 4314 2352 4383; x_wconf 83' lang='lat' dir='ltr'><strong>Quo</strong></span> <span class='ocrx_word' id='word_1_773' title='bbox 2383 4325 2565 4371; x_wconf 88' lang='lat' dir='ltr'><strong>autem</strong></span> <span class='ocrx_word' id='word_1_774' title='bbox 2600 4315 2781 4381; x_wconf 88' lang='lat' dir='ltr'><strong>modo,</strong></span> <span class='ocrx_word' id='word_1_775' title='bbox 2812 4314 2972 4371; x_wconf 91' lang='lat' dir='ltr'><strong>nullis</strong></span> <span class='ocrx_word' id='word_1_776' title='bbox 3001 4314 3264 4386; x_wconf 79' lang='lat' dir='ltr'><strong>exemplis</strong></span> <span class='ocrx_word' id='word_1_777' title='bbox 3291 4317 3421 4371; x_wconf 88' lang='lat' dir='ltr'><strong>satis</strong></span> <span class='ocrx_word' id='word_1_778' title='bbox 3448 4331 3560 4370; x_wconf 82' lang='lat' dir='ltr'><strong>ex-</strong></span> 
     </span>
    </p>
   </div>
   <div class='ocr_carea' id='block_1_102' title="bbox 1975 4403 3558 4479">
    <p class='ocr_par' dir='ltr' id='par_1_102' title="bbox 1975 4403 3558 4479">
     <span class='ocr_line' id='line_1_102' title="bbox 1975 4403 3558 4479; baseline 0.004 -22"><span class='ocrx_word' id='word_1_779' title='bbox 1975 4403 2162 4476; x_wconf 84' lang='lat' dir='ltr'><strong>plicari</strong></span> <span class='ocrx_word' id='word_1_780' title='bbox 2198 4415 2397 4475; x_wconf 91' lang='lat' dir='ltr'><strong>potest.</strong></span> <span class='ocrx_word' id='word_1_781' title='bbox 2427 4405 2622 4462; x_wconf 89' lang='lat' dir='ltr'><strong>Omnia</strong></span> <span class='ocrx_word' id='word_1_782' title='bbox 2651 4406 2798 4462; x_wconf 88' lang='lat' dir='ltr'><strong>enim</strong></span> <span class='ocrx_word' id='word_1_783' title='bbox 2828 4406 3086 4463; x_wconf 83' lang='lat' dir='ltr'><strong>inferiora</strong></span> <span class='ocrx_word' id='word_1_784' title='bbox 3119 4418 3244 4463; x_wconf 88' lang='lat' dir='ltr'><strong>sunt</strong></span> <span class='ocrx_word' id='word_1_785' title='bbox 3276 4408 3353 4462; x_wconf 90' lang='lat' dir='ltr'><strong>rei</strong></span> <span class='ocrx_word' id='word_1_786' title='bbox 3387 4408 3558 4479; x_wconf 88' lang='lat' dir='ltr'><strong>ipsius</strong></span> 
     </span>
    </p>
   </div>
   <div class='ocr_carea' id='block_1_103' title="bbox 1976 4495 3560 4567">
    <p class='ocr_par' dir='ltr' id='par_1_103' title="bbox 1976 4495 3560 4567">
     <span class='ocr_line' id='line_1_103' title="bbox 1976 4495 3560 4567; baseline 0.002 -19"><span class='ocrx_word' id='word_1_787' title='bbox 1976 4495 2227 4551; x_wconf 88' lang='lat' dir='ltr'><strong>veritate.</strong></span> <span class='ocrx_word' id='word_1_788' title='bbox 2251 4496 2408 4551; x_wconf 83' lang='lat' dir='ltr'><strong>Venit</strong></span> <span class='ocrx_word' id='word_1_789' title='bbox 2434 4506 2614 4552; x_wconf 89' lang='lat' dir='ltr'><strong>tamen</strong></span> <span class='ocrx_word' id='word_1_790' title='bbox 2640 4497 2767 4552; x_wconf 89' lang='lat' dir='ltr'><strong>mihi</strong></span> <span class='ocrx_word' id='word_1_791' title='bbox 2797 4497 2854 4553; x_wconf 91' lang='lat' dir='ltr'><strong>in</strong></span> <span class='ocrx_word' id='word_1_792' title='bbox 2878 4508 3111 4554; x_wconf 90' lang='lat' dir='ltr'><strong>mentem</strong></span> <span class='ocrx_word' id='word_1_793' title='bbox 3136 4498 3382 4567; x_wconf 69' lang='lat' dir='ltr'><strong>quaedam</strong></span> <span class='ocrx_word' id='word_1_794' title='bbox 3408 4500 3560 4552; x_wconf 88' lang='lat' dir='ltr'><strong>ima-</strong></span> 
     </span>
    </p>
   </div>
   <div class='ocr_carea' id='block_1_104' title="bbox 1974 4586 3557 4658">
    <p class='ocr_par' dir='ltr' id='par_1_104' title="bbox 1974 4586 3557 4658">
     <span class='ocr_line' id='line_1_104' title="bbox 1974 4586 3557 4658; baseline 0.002 -18"><span class='ocrx_word' id='word_1_795' title='bbox 1974 4586 2203 4657; x_wconf 76' lang='lat' dir='ltr'><strong>ginatio,</strong></span> <span class='ocrx_word' id='word_1_796' title='bbox 2236 4602 2358 4657; x_wconf 67' lang='lat' dir='ltr'><strong>qua:</strong></span> <span class='ocrx_word' id='word_1_797' title='bbox 2387 4602 2453 4641; x_wconf 80' lang='lat' dir='ltr'><strong>ex</strong></span> <span class='ocrx_word' id='word_1_798' title='bbox 2489 4588 2557 4643; x_wconf 93' lang='lat' dir='ltr'><strong>iis</strong></span> <span class='ocrx_word' id='word_1_799' title='bbox 2589 4602 2708 4658; x_wconf 79' lang='lat' dir='ltr'><strong>qua:</strong></span> <span class='ocrx_word' id='word_1_800' title='bbox 2741 4589 2993 4643; x_wconf 86' lang='lat' dir='ltr'><strong>manibus</strong></span> <span class='ocrx_word' id='word_1_801' title='bbox 3024 4598 3427 4644; x_wconf 86' lang='lat' dir='ltr'><strong>contrectamus</strong></span> <span class='ocrx_word' id='word_1_802' title='bbox 3456 4604 3557 4643; x_wconf 89' lang='lat' dir='ltr'><strong>nos</strong></span> 
     </span>
    </p>
   </div>
   <div class='ocr_carea' id='block_1_105' title="bbox 1974 4677 3557 4749">
    <p class='ocr_par' dir='ltr' id='par_1_105' title="bbox 1974 4677 3557 4749">
     <span class='ocr_line' id='line_1_105' title="bbox 1974 4677 3557 4749; baseline 0.003 -18"><span class='ocrx_word' id='word_1_803' title='bbox 1974 4677 2168 4732; x_wconf 89' lang='lat' dir='ltr'><strong>attollit</strong></span> <span class='ocrx_word' id='word_1_804' title='bbox 2188 4679 2254 4731; x_wconf 90' lang='lat' dir='ltr'><strong>ad</strong></span> <span class='ocrx_word' id='word_1_805' title='bbox 2273 4678 2612 4734; x_wconf 79' lang='lat' dir='ltr'><strong>altitudinem</strong></span> <span class='ocrx_word' id='word_1_806' title='bbox 2631 4680 2747 4749; x_wconf 91' lang='lat' dir='ltr'><strong>ejus</strong></span> <span class='ocrx_word' id='word_1_807' title='bbox 2763 4682 2907 4748; x_wconf 86' lang='lat' dir='ltr'><strong>quod</strong></span> <span class='ocrx_word' id='word_1_808' title='bbox 2927 4680 3193 4736; x_wconf 86' lang='lat' dir='ltr'><strong>rationem</strong></span> <span class='ocrx_word' id='word_1_809' title='bbox 3215 4694 3430 4735; x_wconf 90' lang='lat' dir='ltr'><strong>omnem</strong></span> <span class='ocrx_word' id='word_1_810' title='bbox 3451 4696 3557 4735; x_wconf 90' lang='lat' dir='ltr'><strong>su—</strong></span> 
     </span>
    </p>
   </div>
   <div class='ocr_carea' id='block_1_106' title="bbox 1974 4770 3573 4843">
    <p class='ocr_par' dir='ltr' id='par_1_106' title="bbox 1974 4770 3573 4843">
     <span class='ocr_line' id='line_1_106' title="bbox 1974 4770 3573 4843; baseline 0.001 -16"><span class='ocrx_word' id='word_1_811' title='bbox 1974 4780 2145 4842; x_wconf 90' lang='lat' dir='ltr'><strong>perat.</strong></span> <span class='ocrx_word' id='word_1_812' title='bbox 2179 4771 2643 4840; x_wconf 87' lang='lat' dir='ltr'><strong>Quemadmodum</strong></span> <span class='ocrx_word' id='word_1_813' title='bbox 2678 4772 2823 4828; x_wconf 91' lang='lat' dir='ltr'><strong>enim</strong></span> <span class='ocrx_word' id='word_1_814' title='bbox 2859 4770 3088 4840; x_wconf 82' lang='lat' dir='ltr'><strong>ferrum,</strong></span> <span class='ocrx_word' id='word_1_815' title='bbox 3122 4782 3214 4828; x_wconf 91' lang='lat' dir='ltr'><strong>aut</strong></span> <span class='ocrx_word' id='word_1_816' title='bbox 3248 4774 3353 4828; x_wconf 85' lang='lat' dir='ltr'><strong>alia</strong></span> <span class='ocrx_word' id='word_1_817' title='bbox 3392 4778 3573 4843; x_wconf 62' lang='grc' dir='ltr'>ηυδε-⁷</span> 
     </span>
    </p>
   </div>
   <div class='ocr_carea' id='block_1_107' title="bbox 1972 4863 3559 4935">
    <p class='ocr_par' dir='ltr' id='par_1_107' title="bbox 1972 4863 3559 4935">
     <span class='ocr_line' id='line_1_107' title="bbox 1972 4863 3559 4935; baseline 0.002 -19"><span class='ocrx_word' id='word_1_818' title='bbox 1972 4863 2118 4932; x_wconf 88' lang='lat' dir='ltr'><strong>piam</strong></span> <span class='ocrx_word' id='word_1_819' title='bbox 2156 4863 2485 4933; x_wconf 85' lang='lat' dir='ltr'><strong>ejuscemodi</strong></span> <span class='ocrx_word' id='word_1_820' title='bbox 2532 4864 2757 4919; x_wconf 86' lang='lat' dir='ltr'><strong>materia</strong></span> <span class='ocrx_word' id='word_1_821' title='bbox 2807 4864 3001 4935; x_wconf 83' lang='lat' dir='ltr'><strong>recipit</strong></span> <span class='ocrx_word' id='word_1_822' title='bbox 3044 4865 3260 4934; x_wconf 86' lang='lat' dir='ltr'><strong>quidem</strong></span> <span class='ocrx_word' id='word_1_823' title='bbox 3305 4866 3357 4919; x_wconf 92' lang='lat' dir='ltr'><strong>in</strong></span> <span class='ocrx_word' id='word_1_824' title='bbox 3399 4880 3458 4920; x_wconf 93' lang='lat' dir='ltr'><strong>se</strong></span> <span class='ocrx_word' id='word_1_825' title='bbox 3485 4870 3559 4935; x_wconf 68' lang='grc' dir='ltr'>ζει</span> 
     </span>
    </p>
   </div>
   <div class='ocr_carea' id='block_1_108' title="bbox 1976 4954 3552 5029">
    <p class='ocr_par' dir='ltr' id='par_1_108' title="bbox 1976 4954 3552 5029">
     <span class='ocr_line' id='line_1_108' title="bbox 1976 4954 3552 5029; baseline 0.001 -20"><span class='ocrx_word' id='word_1_826' title='bbox 1976 4955 2179 5026; x_wconf 88' lang='lat' dir='ltr'><strong>patitur</strong></span> <span class='ocrx_word' id='word_1_827' title='bbox 2216 4954 2487 5011; x_wconf 84' lang='lat' dir='ltr'><strong>ﬂammam</strong></span> <span class='ocrx_word' id='word_1_828' title='bbox 2531 4975 2545 5011; x_wconf 90' lang='lat'><strong>:</strong></span> <span class='ocrx_word' id='word_1_829' title='bbox 2591 4956 2636 5012; x_wconf 92' lang='lat' dir='ltr'><strong>si</strong></span> <span class='ocrx_word' id='word_1_830' title='bbox 2677 4972 2807 5014; x_wconf 82' lang='lat' dir='ltr'><strong>vero</strong></span> <span class='ocrx_word' id='word_1_831' title='bbox 2854 4958 3189 5029; x_wconf 87' lang='lat' dir='ltr'><strong>percutiatur</strong></span> <span class='ocrx_word' id='word_1_832' title='bbox 3231 4960 3297 5013; x_wconf 86' lang='lat' dir='ltr'><strong>ab</strong></span> <span class='ocrx_word' id='word_1_833' title='bbox 3346 4959 3552 5029; x_wconf 90' lang='lat' dir='ltr'><strong>aliquo,</strong></span> 
     </span>
    </p>
   </div>
   <div class='ocr_carea' id='block_1_109' title="bbox 1975 5046 3552 5119">
    <p class='ocr_par' dir='ltr' id='par_1_109' title="bbox 1975 5046 3552 5119">
     <span class='ocr_line' id='line_1_109' title="bbox 1975 5046 3552 5119; baseline 0.001 -19"><span class='ocrx_word' id='word_1_834' title='bbox 1975 5047 2091 5116; x_wconf 89' lang='lat' dir='ltr'><strong>ipsa</strong></span> <span class='ocrx_word' id='word_1_835' title='bbox 2117 5046 2333 5116; x_wconf 87' lang='lat' dir='ltr'><strong>quidem</strong></span> <span class='ocrx_word' id='word_1_836' title='bbox 2362 5047 2587 5104; x_wconf 85' lang='lat' dir='ltr'><strong>materia</strong></span> <span class='ocrx_word' id='word_1_837' title='bbox 2618 5050 3001 5106; x_wconf 86' lang='lat' dir='ltr'><strong>detrimentum</strong></span> <span class='ocrx_word' id='word_1_838' title='bbox 3033 5050 3252 5119; x_wconf 88' lang='lat' dir='ltr'><strong>accipit,</strong></span> <span class='ocrx_word' id='word_1_839' title='bbox 3280 5050 3396 5119; x_wconf 90' lang='lat' dir='ltr'><strong>ipsa</strong></span> <span class='ocrx_word' id='word_1_840' title='bbox 3425 5065 3552 5103; x_wconf 83' lang='lat' dir='ltr'><strong>vero</strong></span> 
     </span>
    </p>
   </div>
   <div class='ocr_carea' id='block_1_110' title="bbox 1978 5138 3553 5208">
    <p class='ocr_par' dir='ltr' id='par_1_110' title="bbox 1978 5138 3553 5208">
     <span class='ocr_line' id='line_1_110' title="bbox 1978 5138 3553 5208; baseline 0.001 -16"><span class='ocrx_word' id='word_1_841' title='bbox 1978 5138 2117 5208; x_wconf 73' lang='lat' dir='ltr'><strong>ignis</strong></span> <span class='ocrx_word' id='word_1_842' title='bbox 2146 5146 2336 5193; x_wconf 89' lang='lat' dir='ltr'><strong>natura</strong></span> <span class='ocrx_word' id='word_1_843' title='bbox 2369 5155 2398 5192; x_wconf 90' lang='lat' dir='ltr'><strong>a</strong></span> <span class='ocrx_word' id='word_1_844' title='bbox 2428 5140 2765 5208; x_wconf 91' lang='lat' dir='ltr'><strong>percutiente</strong></span> <span class='ocrx_word' id='word_1_845' title='bbox 2797 5157 2902 5195; x_wconf 90' lang='lat' dir='ltr'><strong>non</strong></span> <span class='ocrx_word' id='word_1_846' title='bbox 2938 5141 3151 5195; x_wconf 74' lang='lat' dir='ltr'><strong>lzeditur</strong></span> <span class='ocrx_word' id='word_1_847' title='bbox 3179 5159 3192 5195; x_wconf 92' lang='lat'><strong>:</strong></span> <span class='ocrx_word' id='word_1_848' title='bbox 3226 5142 3297 5195; x_wconf 89' lang='lat' dir='ltr'><strong>ita</strong></span> <span class='ocrx_word' id='word_1_849' title='bbox 3324 5140 3438 5195; x_wconf 86' lang='lat' dir='ltr'><strong>fere</strong></span> <span class='ocrx_word' id='word_1_850' title='bbox 3467 5142 3553 5194; x_wconf 90' lang='lat' dir='ltr'><strong>in-</strong></span> 
     </span>
    </p>
   </div>
   <div class='ocr_carea' id='block_1_111' title="bbox 1976 5228 3553 5301">
    <p class='ocr_par' dir='ltr' id='par_1_111' title="bbox 1976 5228 3553 5301">
     <span class='ocr_line' id='line_1_111' title="bbox 1976 5228 3553 5301; baseline 0.003 -19"><span class='ocrx_word' id='word_1_851' title='bbox 1976 5229 2183 5299; x_wconf 77' lang='lat' dir='ltr'><strong>telliges</strong></span> <span class='ocrx_word' id='word_1_852' title='bbox 2235 5228 2430 5284; x_wconf 86' lang='lat' dir='ltr'><strong>Filium</strong></span> <span class='ocrx_word' id='word_1_853' title='bbox 2481 5244 2646 5285; x_wconf 83' lang='lat' dir='ltr'><strong>carne</strong></span> <span class='ocrx_word' id='word_1_854' title='bbox 2696 5232 2911 5300; x_wconf 90' lang='lat' dir='ltr'><strong>quidem</strong></span> <span class='ocrx_word' id='word_1_855' title='bbox 2965 5246 3215 5301; x_wconf 89' lang='lat' dir='ltr'><strong>passum,</strong></span> <span class='ocrx_word' id='word_1_856' title='bbox 3271 5231 3553 5286; x_wconf 86' lang='lat' dir='ltr'><strong>divinitate</strong></span> 
     </span>
    </p>
   </div>
   <div class='ocr_carea' id='block_1_112' title="bbox 1972 5322 3551 5394">
    <p class='ocr_par' dir='ltr' id='par_1_112' title="bbox 1972 5322 3551 5394">
     <span class='ocr_line' id='line_1_112' title="bbox 1972 5322 3551 5394; baseline 0.004 -20"><span class='ocrx_word' id='word_1_857' title='bbox 1972 5336 2099 5375; x_wconf 90' lang='lat' dir='ltr'><strong>vero</strong></span> <span class='ocrx_word' id='word_1_858' title='bbox 2128 5335 2483 5391; x_wconf 88' lang='lat' dir='ltr'><strong>nequaquam.</strong></span> <span class='ocrx_word' id='word_1_859' title='bbox 2514 5322 2577 5374; x_wconf 88' lang='lat' dir='ltr'><strong>Et</strong></span> <span class='ocrx_word' id='word_1_860' title='bbox 2605 5324 2798 5394; x_wconf 79' lang='lat' dir='ltr'><strong>exigua</strong></span> <span class='ocrx_word' id='word_1_861' title='bbox 2827 5327 3044 5394; x_wconf 80' lang='lat' dir='ltr'><strong>quidem</strong></span> <span class='ocrx_word' id='word_1_862' title='bbox 3074 5336 3185 5393; x_wconf 88' lang='lat' dir='ltr'><strong>est,</strong></span> <span class='ocrx_word' id='word_1_863' title='bbox 3216 5334 3272 5381; x_wconf 87' lang='lat' dir='ltr'><strong>ut</strong></span> <span class='ocrx_word' id='word_1_864' title='bbox 3302 5326 3449 5394; x_wconf 85' lang='lat' dir='ltr'><strong>dixi,</strong></span> <span class='ocrx_word' id='word_1_865' title='bbox 3478 5327 3551 5381; x_wconf 86' lang='lat' dir='ltr'><strong>si-</strong></span> 
     </span>
    </p>
   </div>
   <div class='ocr_carea' id='block_1_113' title="bbox 1975 5411 3550 5486">
    <p class='ocr_par' dir='ltr' id='par_1_113' title="bbox 1975 5411 3550 5486">
     <span class='ocr_line' id='line_1_113' title="bbox 1975 5411 3550 5486; baseline 0.004 -21"><span class='ocrx_word' id='word_1_866' title='bbox 1975 5411 2334 5465; x_wconf 88' lang='lat' dir='ltr'><strong>militudinum</strong></span> <span class='ocrx_word' id='word_1_867' title='bbox 2366 5413 2446 5467; x_wconf 86' lang='lat' dir='ltr'><strong>vis</strong></span> <span class='ocrx_word' id='word_1_868' title='bbox 2474 5427 2537 5468; x_wconf 89' lang='lat' dir='ltr'><strong>ac</strong></span> <span class='ocrx_word' id='word_1_869' title='bbox 2568 5412 2816 5479; x_wconf 81' lang='lat' dir='ltr'><strong>facultas,</strong></span> <span class='ocrx_word' id='word_1_870' title='bbox 2849 5418 3070 5486; x_wconf 90' lang='lat' dir='ltr'><strong>propius</strong></span> <span class='ocrx_word' id='word_1_871' title='bbox 3102 5428 3278 5473; x_wconf 90' lang='lat' dir='ltr'><strong>tamen</strong></span> <span class='ocrx_word' id='word_1_872' title='bbox 3312 5419 3378 5474; x_wconf 87' lang='lat' dir='ltr'><strong>ad</strong></span> <span class='ocrx_word' id='word_1_873' title='bbox 3407 5420 3550 5473; x_wconf 81' lang='lat' dir='ltr'><strong>veri-</strong></span> 
     </span>
    </p>
   </div>
   <div class='ocr_carea' id='block_1_114' title="bbox 1976 5490 3585 5580">
    <p class='ocr_par' dir='ltr' id='par_1_114' title="bbox 1976 5490 3585 5580">
     <span class='ocr_line' id='line_1_114' title="bbox 1976 5490 3585 5580; baseline 0.006 -24"><span class='ocrx_word' id='word_1_874' title='bbox 1976 5505 2102 5557; x_wconf 85' lang='lat' dir='ltr'><strong>tatis</strong></span> <span class='ocrx_word' id='word_1_875' title='bbox 2150 5504 2511 5573; x_wconf 78' lang='lat' dir='ltr'><strong>cognitionem</strong></span> <span class='ocrx_word' id='word_1_876' title='bbox 2561 5506 2779 5561; x_wconf 88' lang='lat' dir='ltr'><strong>adducit</strong></span> <span class='ocrx_word' id='word_1_877' title='bbox 2828 5522 2923 5564; x_wconf 90' lang='lat' dir='ltr'><strong>eos</strong></span> <span class='ocrx_word' id='word_1_878' title='bbox 2971 5509 3064 5580; x_wconf 90' lang='lat' dir='ltr'><strong>qui</strong></span> <span class='ocrx_word' id='word_1_879' title='bbox 3111 5508 3283 5566; x_wconf 89' lang='lat' dir='ltr'><strong>sacris</strong></span> <span class='ocrx_word' id='word_1_880' title='bbox 3326 5490 3585 5566; x_wconf 33' lang='lat' dir='ltr'><strong>Litteris‘</strong></span> 
     </span>
    </p>
   </div>
   <div class='ocr_carea' id='block_1_115' title="bbox 1978 5594 2872 5655">
    <p class='ocr_par' dir='ltr' id='par_1_115' title="bbox 1978 5594 2872 5655">
     <span class='ocr_line' id='line_1_115' title="bbox 1978 5594 2872 5655; baseline 0.007 -6"><span class='ocrx_word' id='word_1_881' title='bbox 1978 5594 2134 5649; x_wconf 83' lang='lat' dir='ltr'><strong>fidem</strong></span> <span class='ocrx_word' id='word_1_882' title='bbox 2167 5595 2426 5654; x_wconf 84' lang='lat' dir='ltr'><strong>adhibere</strong></span> <span class='ocrx_word' id='word_1_883' title='bbox 2460 5612 2568 5655; x_wconf 90' lang='lat' dir='ltr'><strong>non</strong></span> <span class='ocrx_word' id='word_1_884' title='bbox 2601 5607 2872 5655; x_wconf 87' lang='lat' dir='ltr'><strong>recusant.</strong></span> 
     </span>
    </p>
   </div>
  </div>
