4038 6538
320 404 449 461 1361

1446 406 1635 477 quon
1675 407 1863 466 UNUS
1902 410 2011 466 sur
2046 408 2420 471 CHRISTUS.

3430 413 3569 491 ιδοι

319 517 475 580 ὕλαις
502 514 769 585 όμιλῆσαν
790 514 850 568 τὸ
876 514 1008 587 πῦρ,
1042 517 1219 573 καίτοι
1243 518 1450 588 θερμὰς
1471 518 1573 572 οὐκ
1596 518 1763 583 οῦσας
1792 518 1876 573 αὐ·

1995 536 2100 577 non
2136 531 2238 578 est.
2271 521 2404 577 Nam
2441 522 2487 578 si
2521 540 2705 579 verum
2743 534 2825 581 est
2861 525 3003 596 quod
3043 523 3182 595 ignis
3214 525 3357 579 circa
3397 538 3567 580 mate-

312 608 415 670 τὰς
444 606 564 660 κατ’
597 605 731 660 ἰδίαν
760 606 941 676 φύσιν,
971 607 1259 677 ἀποφαίνει
1291 607 1534 680 θερμάς·
1573 610 1750 681 ὲνίησι
1781 609 1890 683 γὰρ

314 698 411 752 καὶ
455 697 599 769 μάλα
653 696 924 761 πλουσίως
955 699 1146 764 αὑταῖς
1174 698 1274 768 τῆς
1298 700 1525 769 ἐνούσης
1552 701 1700 772 αύτῷ
1727 701 1890 756 δυνά·-

317 805 464 858 μεως
495 788 593 860 τὴν
617 789 897 860 ἐνέργειαν
916 806 931 819 ·
958 790 1075 856 πῶς
1099 792 1162 846 οὐ
1212 792 1414 863 μᾶλλον
1441 792 1615 865 ἐνίησι
1651 793 1783 858 Θεὸς
1813 792 1890 849 ὢν

311 882 344 932 ό
370 878 544 949 Λόγος
571 882 636 951 τῇ
667 879 775 951 ἰδίᾳ
813 882 998 952 σαρκὶ.
1023 882 1121 954 τὴν
1153 883 1416 948 ζωοποιδν
1444 884 1638 938 ἑαυτοῦ
1659 884 1891 955 δύναμιν

314 969 410 1024 καὶ
461 970 779 1041 ἐνέργειαν,
843 972 1135 1026 ἑνωθεῖσαν
1185 976 1324 1045 αὐτῇ
1374 975 1471 1028 καὶ
1532 975 1667 1029 ίδίαν
1717 976 1889 1044 αὐτὴν

311 1063 619 1134 ἀποφήνας,
664 1063 1006 1134 ἀσυγχύτως,
1038 1066 1342 1138 ἀτρέπτως,
1378 1066 1473 1122 καὶ
1510 1066 1634 1121 καθ’
1673 1068 1733 1122 θν
1779 1067 1889 1122 οἶδε

309 1154 510 1227 τρόπον
538 1154 699 1218 αὐτός
718 1170 736 1222 ς

380 1326 443 1381 Β.
496 1327 814 1396 Ἀναγκαῖον
873 1322 968 1383 οῦν
1017 1329 1127 1402 ἄρα
1195 1332 1608 1402 συνομολογεῖν,
1669 1332 1886 1397 οὐδενὸς

308 1418 498 1489 ἑτέρου
534 1419 981 1490 μεσολαϐοῦντοῖ,
1028 1422 1309 1486 παντελῶς
1359 1423 1490 1477 ἴδιον
1534 1423 1787 1491 γενέσθαι
1824 1423 1890 1477 τὸ

310 1508 472 1579 σῶμα
514 1510 609 1564 τοῦ
643 1513 707 1564 ὲκ
743 1511 836 1565 τοῦ
868 1512 1078 1584 Πατρός
1103 1512 1255 1579 ὄντος
1284 1513 1483 1583 Λόγου,
1529 1514 1633 1568 κᾶν
1667 1513 1886 1584 ὲψυχω-

310 1599 470 1671 μένον
498 1603 668 1655 νοοῖτο
694 1603 840 1673 ψυχῇ
867 1605 1050 1676 νοερᾷ.

373 1694 440 1745 Α.
468 1692 617 1745 Πάνυ
648 1693 745 1764 μὲν
769 1692 885 1757 οὖν,
913 1697 961 1748 εἰ
982 1695 1073 1748 τὸν
1099 1694 1314 1765 ἀπλανῆ
1342 1698 1441 1767 τῆς
1468 1696 1703 1761 πίστεως
1733 1696 1886 1769 όρθοο

303 1780 575 1853 τομοῦμεν
622 1783 797 1851 λόγον,
836 1784 932 1838 καὶ
976 1785 1087 1838 τῶν
1133 1787 1234 1856 τῆς
1282 1786 1537 1857 ἀληθείας
1588 1787 1877 1858 δογμάτων

1993 614 2127 668 riam
2158 602 2396 682 aliquam
2428 629 2679 681 versans,
2712 630 2833 670 eam
2863 630 2984 686 quae
3014 615 3213 684 alioqui
3244 629 3309 670 ex
3340 629 3437 670 sua
3470 631 3566 672 na-

1989 714 2108 761 tura
2143 705 2317 760 calida
2352 720 2457 760 non
2492 715 2610 771 est,
2646 706 2875 761 calidam
2912 704 3074 762 emcit
3110 706 3389 775 (immittit
3420 706 3564 762 enim

1988 796 2038 850 ei
2078 794 2289 850 abunde
2332 786 2604 850 facultatis
2641 809 2745 862 qua
2789 794 3045 863 praeditus
3082 802 3164 847 est
3198 793 3561 859 eﬂieaciam),

1986 899 2093 956 quo
2117 896 2275 955 pacto
2302 900 2404 941 non
2436 875 2615 953 potius
2642 884 2887 938 immittit
2916 883 3054 936 Deus
3072 882 3307 936 Verbum
3335 880 3564 951 propria:

1986 978 2138 1032 carni
2175 977 2538 1030 vivificantem
2574 989 2726 1029 suam
2763 974 3014 1027 virtutem
3064 982 3225 1040 atque
3280 972 3559 1039 operatio-

1986 1083 2132 1132 nem,
2161 1078 2282 1122 eum
2315 1069 2457 1123 illam
2488 1067 2587 1121 sibi
2621 1067 2826 1120 unitam
2855 1074 2905 1120 et
2925 1064 3221 1133 propriam,
3257 1063 3390 1114 citra
3422 1075 3554 1115 con-

1983 1158 2249 1214 fusionem
2288 1167 2381 1214 aut
2414 1159 2768 1214 mutationem
2802 1165 2857 1212 et
2894 1170 3001 1225 quo
3037 1154 3151 1224 ipse
3185 1152 3335 1207 novit
3370 1151 3551 1216 modo,

1981 1249 2199 1307 declara
2209 1249 2274 1303 rit
2291 1249 2315 1303 ἲ

2053 1342 2114 1398 Β.
2160 1342 2531 1397 Necessarium
2562 1342 2741 1410 itaque
2768 1349 2850 1395 est
2880 1339 3068 1404 fateri,
3100 1336 3314 1392 nemine
3342 1333 3447 1388 alio
3474 1333 3560 1389 ln-

1982 1436 2347 1501 terveniente,
2383 1436 2623 1504 perfecte
2657 1434 2933 1502 proprium
2973 1432 3173 1486 factum
3209 1442 3331 1484 esse
3364 1440 3558 1496 corpus

1981 1527 2160 1583 Verbo
2192 1542 2257 1581 ex
2295 1526 2475 1591 Patre,
2511 1526 2727 1580 tametsi
2765 1525 2942 1579 anima
2985 1522 3316 1592 intelligente
3347 1519 3555 1574 anima.

1980 1629 2091 1675 tum
2124 1619 2447 1675 censeatur?

2047 1708 2114 1763 A.
2154 1706 2409 1772 Omnino,
2445 1708 2490 1763 si
2533 1718 2737 1764 rectum
2780 1714 2834 1761 et
2872 1705 3141 1760 sincerum
3183 1701 3303 1757 lldei
3346 1713 3556 1755 sermoo

1978 1814 2100 1856 nem
2137 1809 2322 1855 tenere
2352 1799 2611 1864 velimus,
2644 1806 2700 1854 et
2730 1797 2896 1869 778
2931 1796 3237 1865 dogmatum
3270 1791 3554 1845 veritatem

303 1868 468 1937 ἐσμὲν
516 1871 745 1942 ἐρασταὶ
767 1915 781 1938 ,
828 1875 924 1927 καὶ
953 1875 1064 1930 τῶν
1102 1876 1273 1943 ἁγίων
1301 1877 1561 1948 Πατέρων
1608 1878 1709 1931 οὐκ
1745 1880 1876 1933 ἀπο-

1986 1903 2261 1953 amamus,
2290 1899 2454 1958 atque
2482 1904 2511 1942 a
2543 1866 2759 1944 sanctis?
2778 1866 3031 1942 liatribus
3056 1900 3158 1940 non
3188 1882 3552 1944 deflectimus.

303 1962 594 2033 φερόμενοι
642 1964 744 2035 τῆς
802 1966 1051 2030 εὐθείας,
1104 1967 1228 2020 οὔτε
1284 1967 1392 2038 μὴν
1442 1970 1542 2039 τὴν
1594 1969 1880 2041 βασιλικὴν

302 2054 535 2120 ἀφέντες
580 2056 787 2127 τρίϐον,
839 2058 935 2111 καὶ
981 2060 1103 2122 ταῖς
1154 2076 1315 2114 τινων
1360 2060 1763 2131 είκαιομυθίαις
1799 2064 1881 2126 είς

300 2142 551 2215 κίϐδηλον
583 2146 706 2200 νοῦν
737 2149 1235 2221 ἀποκομιζόμενοι,
1271 2151 1783 2223 ἐποικοδομούμενοι
1820 2153 1878 2206 δὲ

303 2236 507 2307 μᾶλλον
549 2241 640 2293 ἐπ’
684 2240 834 2312 αὐτῷ
879 2241 957 2313 τῷ
1000 2238 1235 2314 θεμελίῳ
1261 2283 1277 2307 ,
1336 2242 1582 2297 τουτέστι
1634 2236 1874 2315 Χριστῷ.

304 2350 325 2381 ι
359 2324 622 2401 Θεμέλιον
646 2333 758 2407 γὰρ
782 2334 939 2388 ἄλλον
960 2330 1133 2400 οὐδεὶς
1158 2334 1384 2389 δύναται
1410 2337 1582 2389 θεῖναι
1611 2335 1761 2408 παρὰ
1782 2335 1876 2391 τὸν

298 2422 569 2491 κείμενον,
608 2443 629 2476 ι
667 2425 809 2479 καθὰ
856 2425 1137 2497 γέγραφεν
1162 2422 1376 2497 ἀληθῶς
1424 2429 1453 2482 ό
1499 2427 1663 2497 σοφὸς
1720 2428 1879 2498 ἀρχι-

295 2514 520 2577 τέκτων.
548 2518 641 2570 καὶ⁸
668 2517 777 2570 τῶν
805 2518 969 2572 αὐτοῦ
1010 2520 1324 2589 μυστηρίων
1381 2519 1684 2591 ίερουργός.
1738 2519 1875 2573 Ἕνα

295 2607 587 2678 τοιγαροῦν
624 2610 715 2663 τὸν
760 2610 891 2665 Υἰδν
933 2609 1030 2663 τοῦ
1061 2610 1200 2665 Θεοῦ
1245 2609 1340 2665 καὶ
1370 2609 1585 2681 Πατρός
1612 2606 1753 2665 εἶναι
1791 2627 1877 2663 ms

297 2696 581 2769 στεύομεν,
610 2700 703 2754 καὶ
733 2702 792 2754 ἐν
815 2701 894 2754 ἑνὶ
923 2701 1199 2773 προσώπῳ
1226 2702 1516 2772 νοούμενον
1546 2700 1638 2754 τὸν
1667 2700 1874 2772 Κύριον

293 2789 452 2860 ημῶν
488 2791 692 2860 Ἰησοῦν
728 2793 983 2865 Χριστὸν,
1019 2794 1349 2866 γεννηθέντα
1389 2794 1488 2865 μὲν
1518 2795 1584 2848 ἐκ
1609 2791 1703 2847 τοῦ
1730 2791 1867 2847 Θεοῦ

294 2881 392 2935 καὶ
420 2882 651 2955 Πατρός,
697 2883 894 2950 θεῖκῶς
917 2926 932 2950 ,
977 2886 1053 2950 ὼς
1076 2887 1268 2955 Λόγον,
1302 2885 1410 2957 πρὸ
1441 2885 1641 2950 παντὸς
1674 2885 1871 2950 αἰῶνος

294 2972 391 3025 καὶ
416 2974 609 3044 χρόνου
635 2991 649 3007 ’
685 2978 745 3030 ὲν
774 2976 1026 3047 ἐσχάτοις
1055 2978 1111 3031 δὲ
1141 2976 1236 3032 τοῦ
1265 2977 1462 3043 αίῶνος
1504 2979 1739 3050 καιροῖς,
1777 2975 1871 3029 τὸν

294 3064 457 3119 αὑτὸν
484 3067 748 3134 γεγονότα
779 3068 922 3122 κατὰ
967 3070 1147 3142 σάρκα
1190 3071 1256 3123 ἐκ
1286 3070 1548 3139 γυναικὸς
1568 3108 1585 3134 ,
1620 3068 1771 3139 αὐτῷ
1806 3080 1868 3123 τε

262 3156 713 3227 -προσνεμοῦμεν
757 3159 828 3213 τά
868 3172 928 3212 τε
961 3160 1239 3232 θεοπρεπῆ
1275 3160 1371 3214 καὶ
1414 3160 1483 3214 τὰ
1524 3159 1863 3231 ἀνθρώπινα,

1982 1994 2160 2049 neque
2190 1982 2403 2035 deserta
2431 1981 2516 2035 via
2548 1981 2727 2051 regia,
2757 1979 2985 2034 aliorum
3014 1992 3152 2033 vana
3183 1986 3343 2046 atque
3370 1972 3550 2028 inania

1980 2080 2287 2125 commenta
2314 2079 2610 2134 sectamur,
2639 2070 2690 2123 in
2720 2070 3006 2138 reprobam
3034 2076 3267 2122 mentem
3292 2063 3507 2119 abducti
3531 2079 3549 2118 :

1980 2157 2076 2213 sed
2124 2160 2304 2226 potius
2354 2173 2517 2227 super
2588 2159 2761 2226 ipsum
2815 2156 3254 2221 fundamentum,
3322 2154 3425 2208 hoc
3469 2161 3555 2206 est

1978 2242 2274 2313 Christum,
2310 2247 2665 2303 aediﬁcamus.
2705 2266 2723 2300 ι
2764 2245 3194 2301 Fundamentum
3231 2244 3372 2297 enim
3408 2241 3553 2296 aliud

1976 2354 2137 2394 nemo
2161 2348 2335 2409 potest
2359 2352 2579 2409 ponere,
2606 2344 2800 2407 praeter
2824 2339 2875 2392 id
2899 2337 3040 2407 quod
3067 2335 3300 2407 positum
3325 2328 3495 2393 est";
3525 2348 3548 2386 ι

1977 2439 2037 2487 ut
2062 2446 2189 2486 vere
2219 2431 2438 2500 scripsit
2465 2435 2682 2500 sapiens
2712 2431 2799 2484 ille
2826 2426 3243 2493 architectus",
3271 2435 3325 2480 et
3356 2430 3551 2495 myste-

1972 2523 2180 2578 riorum
2225 2522 2320 2579 Dei
2364 2522 2778 2578 administrator
2799 2523 2867 2576 *⁵.
2914 2521 3089 2576 Unum
3135 2521 3314 2588 itaque
3352 2508 3548 2573 Filium

1972 2613 2067 2669 Dei
2106 2630 2170 2668 ac
2202 2614 2381 2669 Patris
2413 2628 2532 2669 esse
2569 2614 2864 2679 credimus,
2892 2620 2945 2667 et
2976 2611 3030 2665 in
3062 2626 3167 2663 una
3201 2623 3427 2678 persona
3465 2607 3549 2660 in-

1973 2704 2246 2761 tellectum
2278 2705 2563 2759 Dominum
2594 2714 2838 2758 nostrum
2868 2701 3050 2757 Jesum
3079 2701 3375 2761 Christum,
3401 2690 3551 2768 geni-

1971 2806 2086 2852 tum
2114 2797 2329 2866 quidem
2362 2812 2426 2852 ex
2461 2795 2571 2851 Deo
2598 2806 2653 2850 et
2681 2795 2843 2849 Patre
2874 2795 3159 2857 divinitus,
3194 2802 3250 2847 nt
3274 2790 3507 2846 Verbum
3530 2832 3545 2859 ,

1970 2900 2095 2945 ante
2138 2888 2319 2944 omnia
2359 2887 2553 2943 sarcula
2595 2895 2650 2943 et
2696 2896 2967 2956 tempora,
3010 2884 3319 2940 novissimis
3362 2891 3545 2937 autem

1968 2979 2154 3034 szcculi
2191 2979 2523 3048 temporibus
2556 2978 2804 3032 eumdem
2839 2976 3038 3031 factum
3070 2988 3289 3030 carnem
3326 2987 3394 3028 ex
3430 2987 3549 3027 mu-

1965 3070 2123 3136 liere,
2151 3071 2364 3142 ipsiQue
2400 3070 2686 3125 tribuimus
2706 3082 2763 3123 et
2796 3068 3007 3123 divinas
3036 3078 3092 3121 et
3127 3070 3389 3122 humanas
3426 3079 3548 3133 pro-

1971 3165 2235 3233 prietates
2268 3183 2281 3221 :
2314 3172 2369 3220 et
2400 3164 2541 3219 illius
2578 3164 2775 3218 factam
2804 3176 2928 3217 esse
2953 3162 3181 3216 dicimus
3212 3159 3547 3214 nativitatem

293 3248 389 3301 καὶ
411 3247 575 3301 αὐτοῦ
601 3249 853 3317 γενέσθαι
885 3252 1065 3321 φαμὲν
1086 3228 1185 3323 τὴν
1206 3228 1349 3306 κατὰ
1381 3251 1561 3323 σάρκα
1589 3228 1865 3323 γέννησιν,

1977 3228 2266 3311 secundum
2301 3264 2551 3319 carnem,
2588 3260 2643 3309 et
2680 3254 2986 3323 passionem
3024 3251 3081 3306 in
3120 3263 3314 3315 cruce,
3349 3251 3547 3321 quippe

291 3341 389 3393 xui.
426 3338 490 3392 τὸ
527 3341 619 3393 ὲπὶ
660 3341 753 3395 τοῦ
798 3340 1033 3415 σταυροῦ
1082 3343 1255 3409 πάθος
1280 3386 1295 3411 ,
1342 3343 1717 3414 οἰκειουμένου
1766 3343 1868 3414 μὲν

291 3427 509 3486 ἃπαντα
551 3432 620 3486 τὰ
664 3433 762 3504 τῆς
803 3434 941 3498 ιδίας
975 3435 1176 3506 σαρκὸς
1200 3476 1214 3502 ,
1254 3435 1628 3507 μεμενηκότος
1664 3450 1728 3504 γε
1762 3433 1869 3506 μὴν

290 3521 539 3587 ἀπαθοῦς
574 3523 673 3595 τῆς
721 3524 975 3596 θεότητος
1021 3526 1201 3595 φύσει.
1243 3527 1501 3598 Κάμπτει
1546 3525 1656 3598 γὰρ
1691 3524 1867 3590 οὕτως

292 3613 444 3684 αύτῷ
485 3614 593 3669 πᾶν
623 3615 787 3684 γόνυ,
834 3618 927 3672 καὶ
969 3619 1119 3672 πᾶσα
1163 3617 1388 3687 γλῶσσα
1426 3617 1860 3689 ἐξομολογεΐταιο

262 3704 375 3758 ηὸτι
413 3706 617 3775 Κύριος
657 3708 865 3780 Ἰησοῦς
917 3710 1153 3783 Χριστὸς
1193 3711 1273 3777 είς
1312 3711 1468 3778 δόξαν
1498 3711 1592 3766 τοῦ
1624 3710 1859 3782 Πατρός.

306 3795 495 3870 Ἀμήν.

1973 3346 2064 3415 qui
2102 3345 2283 3400 Omnia
2325 3344 2427 3399 sibi
2467 3343 2735 3412 adaptarit
2769 3352 2889 3412 qua
2924 3341 3075 3397 carni
3113 3354 3225 3395 sum
3259 3348 3386 3395 sunt
3422 3352 3549 3408 pro-

1974 3438 2122 3508 pria;
2152 3444 2404 3492 manente
2440 3436 2653 3491 interim
2690 3444 2881 3489 natura
2928 3433 3143 3489 deitatis
3173 3441 3393 3501 experte
3425 3440 3545 3502 pas-

1971 3528 2166 3584 sionis.
2197 3526 2309 3582 Hac
2337 3527 2481 3581 enim
2515 3526 2726 3580 ratione
2755 3523 2828 3577 illi
2860 3522 3091 3577 ﬂectitur
3117 3536 3275 3577 omne
3298 3536 3462 3593 genu,
3493 3530 3546 3574 et

1969 3619 2148 3676 omnis
2171 3619 2352 3689 lingua
2377 3618 2666 3673 conlltetur
2688 3618 2811 3688 quia
2838 3616 3093 3671 Dominus
3114 3614 3272 3672 Jesns
3297 3614 3544 3672 Christus

1969 3714 2021 3768 in
2052 3714 2216 3785 gloria
2251 3712 2424 3767 Patris
2448 3711 2512 3765 ⁷⁸.
2545 3714 2735 3766 Amen.

264 3944 271 3947 Δ
364 3979 409 4008 ’⁸
447 3977 462 4031 Ι
501 3977 625 4034 Cor.
654 3993 737 4042 ιιι,
775 3978 861 4034 ll.
935 3977 983 4011 ’⁸
1024 3978 1159 4047 ibid.
1197 3979 1282 4034 10.
1363 3981 1408 4012 ⁷⁸
1448 3979 1467 4035 ι
1506 3979 1631 4036 Cor.
1679 3996 1752 4044 ιν.
1791 3982 1837 4035 l.

2007 3981 2237 4049 Philipp.
2278 3993 2337 4041 tt,
2380 3976 2462 4043 10,
2505 3978 2589 4032 ιι.
