4038 6528
544 382 683 438 15ῧῖ
1572 394 1629 452 S.
1673 396 1948 455 CYRILLI
1987 401 2454 468 ALEXARDRINI
2494 411 2816 483 ARCHIEP,
3684 422 3814 478 1365

1513 748 2085 893 SANCTI
2180 762 2837 902 CYRILLI

906 1196 1414 1290 SCHOLIA
1510 1206 1656 1296 DE
1741 1210 2649 1317 lNCARNATlONE
2734 1222 3427 1317 UNIGENITI.

596 1410 689 1475 (Ex
724 1412 842 1462 edit.
875 1413 930 1463 Ρ.
962 1416 1205 1476 Garuerii,
1237 1417 1361 1481 Opp.
1392 1420 1529 1474 Marii
1555 1423 1857 1487 Mercatoris,
1895 1428 2389 1552 additmqlagrm'eptis
2417 1432 2599 1485 Grtecis
2622 1448 2737 1498 quae
2765 1437 2980 1487 Joannes
3000 1436 3277 1487 Autbertus
3310 1449 3370 1487 ex
3398 1434 3570 1484 codice
3600 1436 3765 1498 Regio

1784 1805 2545 1915 ADMONITIO.

2120 2039 2193 2059 "—.

611 2174 900 2271 Tractatus
932 2178 1054 2246 iste,
1090 2195 1196 2238 non
1228 2183 1574 2253 praestantior
1599 2200 1765 2256 quam
1794 2186 2002 2254 utilior,
2030 2188 2345 2249 inscribitur
2395 2192 2617 2251 Scholia
2644 2194 2711 2253 de
2736 2194 3105 2251 incarnatione
3138 2195 3411 2269 Unigeniti
3442 2215 3460 2254 :
3516 2208 3812 2271 propterea

531 2269 676 2337 quod
702 2270 945 2332 continet
972 2288 1078 2329 non
1117 2282 1327 2330 tantum
1352 2274 1772 2348 explicationem
1816 2277 1980 2335 trium
2027 2295 2221 2337 vocum
2256 2283 2554 2341 diﬁlcilium
2599 2285 2903 2353 intellectu,
2938 2285 3210 2355 Christus,
3255 2269 3599 2356 Emmanuel,
3632 2269 3814 2356 ζιαιιι,

529 2373 761 2431 quarum
796 2364 1131 2431 prmnotione
1163 2381 1301 2438 opus
1333 2377 1419 2424 est
1449 2369 1516 2425 ad
1548 2370 1867 2439 mysterium
1910 2371 2305 2433 incarnationis
2353 2376 2650 2434 Domiuieze
2702 2380 3076 2447 tractandum;
3128 2382 3223 2438 sed
3258 2382 3427 2437 etiam
3479 2382 3811 2439 solutionem

532 2454 821 2524 implicata:
854 2461 1191 2529 quaestionis,
1236 2467 1511 2533 quomodo
1555 2466 1677 2522 dua:
1725 2477 1965 2536 naturae,
1999 2469 2120 2525 sine
2159 2472 2477 2530 confusione
2522 2484 2581 2529 et
2614 2476 2995 2542 conversione,
3034 2479 3390 2534 convenerint
3433 2480 3491 2535 in
3539 2482 3811 2536 unitatem

529 2564 775 2618 persona:
817 2556 1034 2625 divinae,
1069 2572 1298 2631 eamque
1342 2578 1457 2623 non
1506 2565 1765 2637 σχετικὴν
1822 2571 1879 2619 et
1926 2563 2216 2633 moralem,
2262 2568 2362 2625 sed
2409 2567 2648 2640 φυσικὴν
2697 2578 2752 2626 et
2793 2571 3184 2627 substantivam
3232 2590 3247 2627 :
3288 2575 3382 2644 qui
3421 2576 3600 2631 cardo
3652 2576 3812 2631 totius

528 2647 845 2715 quaestionis
882 2660 1030 2708 tanta
1063 2656 1430 2715 commotione
1459 2657 1627 2714 totius
1651 2659 1802 2715 orbis
1830 2662 2070 2730 agitata.

522 2814 525 2819 ι
600 2740 717 2809 Quo
740 2755 964 2803 auctore
987 2746 1226 2817 scriptus
1255 2748 1621 2815 sit,dubitare
1654 2765 1766 2807 non
1793 2752 1943 2821 licet,
1969 2770 2092 2811 cum
2121 2751 2503 2808 Theodoretus
2526 2752 2582 2808 in
2604 2754 2846 2811 secundo
2872 2754 3086 2826 dialogo
3108 2758 3200 2826 qui
3230 2759 3434 2813 dicitur
3457 2757 3810 2827 Inconftmu,

529 2834 645 2894 Leo.
663 2836 888 2908 Magnus
912 2839 1141 2910 epistola
1170 2839 1270 2907 97,
1287 2841 1578 2898 concilium
1603 2840 2053 2903 Chalcedonense
2078 2844 2295 2901 actione
2316 2844 2353 2899 2
2378 2844 2433 2900 in
2464 2843 2595 2911 ﬁne,
2623 2843 2914 2901 Facundus
2942 2848 3348 2906 Hermianensis
3370 2850 3528 2906 libris
3546 2866 3622 2906 vn
3653 2861 3709 2905 et
3732 2868 3809 2915 xi,

527 2930 796 2988 Leontius
829 2931 1190 2994 scholasticus
1213 2934 1347 2989 libro
1370 2949 1383 2987 I
1411 2946 1601 2991 contra
1624 2936 1980 2994 Nestorianos
2000 2946 2055 2993 et
2080 2937 2468 3009 Eutycbianos,
2493 2937 2713 3008 aliique,
2749 2956 2855 2995 non
2881 2949 3089 2996 tantum
3122 2942 3284 3011 hujus
3314 2942 3520 3014 operis,
3548 2952 3807 3011 tanquam

528 3041 567 3082 a
596 3024 799 3095 Cyrillo
828 3027 987 3095 editi,
1017 3030 1401 3099 meminerint,
1436 3033 1533 3089 sed
1570 3048 1638 3089 ex
1672 3047 1739 3089 eo
1768 3046 1986 3104 quoque
2021 3032 2089 3088 ad
2124 3031 2557 3088 conﬁrmandam
2597 3033 2756 3088 ﬁdem
2797 3034 3111 3090 testimonia
3151 3036 3615 3108 deprompserint.
3656 3037 3809 3091 Adde

526 3118 672 3185 quod
715 3118 769 3173 in
809 3117 1138 3176 bibliotheca
1190 3121 1359 3194 Regia
1409 3123 1635 3181 Parisiis
1674 3138 1783 3179 non
1830 3123 2044 3179 modica
2082 3137 2212 3194 pars
2258 3122 2449 3179 Graece
2498 3124 2751 3190 habetur,
2795 3124 2989 3197 Cyrilli
3030 3128 3253 3183 nomine
3303 3127 3591 3198 inscripta,
3645 3144 3809 3199 quam

525 3209 768 3270 Joannes
792 3211 1090 3275 Autbertus
1118 3214 1395 3271 transtulit
1423 3215 1473 3271 in
1507 3230 1659 3272 suam
1686 3214 1924 3285 Operum
1945 3215 2132 3287 Cyrilli
2162 3214 2638 3275 Graeco-Latinam
2663 3216 2980 3284 editionem,
3009 3226 3156 3274 tomo
3185 3217 3251 3284 γ,
3292 3229 3449 3289 parte
3478 3236 3518 3275 ι.

599 3306 719 3376 Quo
775 3318 1021 3380 tempore
1075 3312 1409 3381 compositus
1465 3310 1651 3378 fuerit,
1695 3311 1967 3381 conjicere
2011 3325 2079 3367 ex
2117 3325 2182 3367 eo
2230 3311 2381 3379 licet,
2434 3312 2580 3382 quod
2637 3311 2741 3369 etsi
2791 3322 2982 3368 contra
3043 3313 3357 3369 Nestorium
3406 3324 3636 3370 sanctus
3683 3314 3808 3370 ﬁdei

528 3401 782 3459 defensor
830 3405 1093 3475 disputet,
1130 3412 1471 3472 cumtamen
1515 3405 1733 3462 nomine
1762 3422 1869 3462 non
1915 3404 2178 3477 appellet,
2220 3404 2416 3463 solitus
2454 3405 2660 3478 alioqui
2700 3422 2806 3463 non
2849 3416 3069 3475 tacere,
3105 3419 3226 3479 post
3262 3409 3808 3478 condemnationem,

528 3496 640 3553 imo
669 3508 724 3554 et
754 3509 884 3555 ante
916 3498 1447 3566 condemnationem,
1492 3501 1678 3556 statim
1718 3510 1883 3571 atque
1928 3501 1997 3556 lis
2042 3501 2203 3572 quasi
2243 3501 2514 3557 intentata
2547 3512 2672 3569 est,
2713 3510 3063 3572 coeptumque
3104 3502 3188 3571 agi
3234 3499 3387 3569 jure,
3432 3501 3485 3555 id
3521 3510 3647 3567 est,
3687 3515 3811 3571 post

529 3593 754 3649 missam
799 3607 934 3649 eum.
975 3594 1174 3649 summi
1216 3594 1491 3663 pontiﬁcis
1564 3594 1758 3650 litteris
1802 3592 2158 3666 depositionis
2199 3595 2528 3653 sententiam
2566 3594 2976 3652 continentibus
3022 3595 3337 3667 synodicam
3374 3610 3443 3652 ex
3476 3594 3810 3666 Egyptian

530 3689 739 3761 synodo
766 3687 1078 3757 epistolam,
1111 3688 1400 3760 capitaque
1440 3688 1749 3755 duodecim,
1781 3691 1874 3760 qui
1924 3691 2370 3747 anathematismi
2404 3691 2686 3747 dicuntur.
2729 3690 3077 3763 Compositus
3122 3691 3287 3763 igitur
3328 3691 3434 3747 dici
3479 3692 3649 3747 debet
3685 3700 3812 3748 ante

530 3779 824 3835 concilium
849 3779 1205 3852 Ephesinum.

603 3876 711 3937 Sed
744 3894 852 3949 quo
889 3878 942 3934 in
988 3878 1134 3949 loco,
1162 3894 1338 3950 quove
1377 3879 1686 3937 distinctius
1724 3881 2010 3952 tempore?
2047 3880 2269 3951 Ephesi,
2316 3880 2629 3952 opinabitur
2668 3879 2810 3937 forte
2846 3880 3150 3951 quispiam,
3191 3889 3490 3937 tune—cum
3535 3880 3806 3953 Cyrillus,

529 3976 662 4047 ipsis
696 3977 1041 4049 exigentibus
1091 3977 1412 4044 catholicis,
1458 3993 1734 4049 exponere
1785 3987 2011 4036 coactus
2059 3986 2146 4034 est
2187 3979 2471 4045 nonnulla,
2521 3994 2645 4049 quae
2688 3978 2852 4049 paulo
2907 3977 2995 4034 vel
3048 3977 3306 4045 duriora,
3355 3977 3440 4033 vel
3483 3978 3809 4035 obscuriora

528 4072 853 4130 videbantur
899 4072 957 4129 in
1000 4072 1505 4140 anathematismis,
1543 4072 1843 4144 praesertim
1881 4083 1941 4127 ut
1977 4071 2318 4143 propulsaret
2360 4071 2619 4129 invidiam
2653 4071 2759 4128 sibi
2798 4072 2867 4127 ab
2913 4070 3246 4126 adversariis
3282 4069 3608 4135 conﬂatam,
3650 4054 3806 4127 uuasi

531 4178 655 4220 cum
682 4163 1087 4234 Apollinaristis
1116 4166 1366 4236 sentiret,
1397 4165 1611 4221 unicam
1641 4180 1762 4223 esse
1797 4165 1852 4221 in
1885 4166 2106 4222 Christo
2140 4176 2416 4232 naturam,
2449 4180 2777 4235 versumque
2802 4165 2855 4219 in
2880 4179 3101 4220 carnem
3132 4162 3366 4220 Verbum
3392 4164 3663 4220 divinum.

595 4256 710 4328 Ego
742 4271 872 4317 vero
905 4256 1251 4314 Alexandria:
1277 4259 1541 4328 scriptum
1567 4268 1721 4329 puto,
1747 4258 1905 4329 longe
1926 4268 2085 4314 antea
2115 4275 2128 4311 :
2164 4258 2399 4330 Cyrillus
2448 4272 2683 4331 namque
2716 4265 3007 4327 antequam
3044 4258 3417 4326 responderet,
3453 4258 3539 4313 vel
3570 4258 3805 4314 Andreae

532 4354 927 4421 Saruosateno,
984 4354 1068 4410 vel
1109 4352 1482 4421 Theodoreto,
1532 4354 2024 4411 anathematismos
2070 4355 2633 4427 reprehendentibus,
2691 4354 2744 4409 id
2795 4354 2977 4424 operis
3024 4354 3291 4424 suscepit,
3348 4371 3456 4426 quo
3508 4356 3804 4412 instrueret

531 4448 909 4518 disputaturos
938 4462 1039 4518 pro
1066 4445 1196 4513 ﬁde,
1222 4445 1291 4502 de
1318 4446 1509 4517 primis
1538 4446 1692 4516 quasi
1722 4445 2041 4502 nationibus
2068 4459 2258 4501 vocum
2278 4486 2295 4513 ,
2328 4453 2490 4515 atque
2524 4445 2644 4501 aliis
2674 4443 2970 4509 nonnullis,
3001 4445 3199 4512 quibus
3233 4445 3375 4501 inter
3414 4447 3800 4515 disputandum

529 4557 661 4601 usus
689 4541 857 4605 foret._
881 4539 1146 4598 Instruxit
1177 4553 1328 4603 vero,
1366 4537 1469 4593 nisi
1513 4552 1599 4593 me
1640 4536 1779 4594 fallit
1810 4537 2027 4608 opinio,
2062 4552 2186 4593 cum
2222 4537 2455 4609 primum
2496 4535 2737 4592 ferveret
2781 4536 3010 4606 quaestio
3044 4535 3184 4604 apud
3230 4536 3626 4593 Alexandrinos
3648 4579 3664 4600 ,
3700 4555 3803 4594 nec

529 4638 863 4697 satisatihuc
895 4636 1060 4695 animi
1100 4634 1490 4691 exercitatione
1521 4634 1719 4689 eruditi
1747 4642 1960 4699 essent;
1993 4647 2231 4706 cumque
2274 4633 2388 4703 ipse
2427 4632 2591 4687 etiam
2630 4630 2867 4700 primum
2901 4629 3136 4701 Cyrillus
3181 4647 3281 4701 pro
3318 4632 3538 4687 Christo
3566 4647 3801 4703 pugnant

530 4748 653 4789 cum
683 4730 940 4788 Nestorio
972 4730 1157 4791 iniret,
1194 4726 1337 4785 datis
1371 4726 1651 4802 prioribus
1687 4724 1882 4781 litteris
1912 4724 2073 4781 oﬁicii
2109 4723 2506 4779 monitrieibus.
2550 4723 2799 4793 Scriptus
2828 4732 2915 4777 est
2953 4722 3119 4793 igitur
3160 4731 3425 4778 tractatus
3462 4723 3567 4779 iste
3607 4726 3798 4778 eodem

531 4825 648 4883 fere
681 4835 921 4897 tempore
953 4836 1065 4893 quo
1083 4819 1319 4892 epistola
1362 4821 1430 4875 ad
1466 4804 1770 4875 'monachos
1814 4815 2062 4901 ιλιὲιεγριίι
2120 4817 2173 4872 id
2212 4828 2319 4883 est,
2361 4818 2463 4873 sub
2506 4816 2744 4872 medium
2784 4824 2877 4871 aut
2921 4816 3114 4871 saltem
3156 4815 3257 4871 sub
3304 4816 3463 4872 ﬁnem
3500 4833 3631 4871 ann.
3673 4817 3800 4871 429.

529 4922 678 4983 Idem
706 4922 850 4977 enim
871 4929 955 4978 est
980 4921 1266 4990 utriusque
1290 4927 1696 4989 argumentum,
1720 4932 1822 4972 nec
1845 4917 1990 4973 aliud
2016 4917 2228 4974 videtur
2257 4918 2553 4975 discrimen
2583 4932 2745 4990 quam
2774 4919 3041 4985 methodi,
3071 4933 3191 4991 qua:
3218 4917 3272 4971 in
3298 4913 3523 4986 epistola
3557 4914 3802 4970 oratoria

529 5015 704 5087 magis
734 5024 838 5081 est,
876 5014 929 5070 in
963 5012 1199 5070 Scholiis
1235 5011 1351 5067 fere
1383 5010 1727 5069 scholastica.

489 5123 502 5167 δ
600 5110 661 5165 1n
684 5125 805 5165 eam
835 5122 922 5165 me
951 5108 1278 5167 sententiam
1308 5105 1589 5178 impellunt
1623 5106 1746 5161 tria.
1779 5106 2043 5174 Primum,
2068 5108 2213 5178 quod
2237 5107 2458 5163 Scholia
2494 5117 2624 5165 ante
2658 5109 2948 5164 concilium
2984 5107 3316 5179 Ephesinum
3345 5104 3548 5175 scripta
3576 5104 3714 5168 sint,
3744 5110 3805 5157 ut

526 5213 690 5263 antea
720 5202 1031 5260 conlectum
1050 5210 1174 5257 est:
1215 5214 1315 5255 nec
1344 5215 1511 5269 parvo
1549 5210 1727 5255 tamen
1763 5209 2025 5270 tempore,
2061 5216 2183 5256 cum
2228 5201 2473 5264 Andreas
2515 5200 2911 5258 Samosatenus
2957 5203 3096 5271 apud
3137 5198 3487 5257 Anastasium
3528 5196 3802 5251 Sinaitam

466 5366 469 5369 _
531 5295 759 5365 hujusce
799 5294 979 5365 operis
1024 5304 1279 5363 tanquam
1322 5292 1624 5363 pervulgati.
1669 5293 1998 5349 meminerit.
2053 5292 2320 5361 Alterum,
2361 5295 2503 5364 quod
2554 5296 2800 5351 videatur
2833 5295 3181 5355 elementaria
3221 5291 3468 5356 quaedam
3514 5289 3801 5351 doctrina,

532 5391 763 5447 rudibus
816 5386 1205 5447 controversia:
1267 5386 1497 5457 ingeniis
1547 5388 1798 5443 tradita:
1852 5389 2162 5445 continetur
2215 5390 2365 5451 enim,
2422 5392 2766 5462 expositione
2843 5406 3070 5455 vocum,
3122 5387 3674 5456 distinctionibusque
3729 5387 3802 5440 ad

530 5486 863 5553 obiectiones
894 5483 1183 5540 solvendas
1214 5480 1563 5549 necessariis,
1588 5491 1642 5537 et
1682 5481 1951 5552 exemplis.
1979 5483 2045 5537 ad
2093 5498 2206 5539 rem
2238 5483 2612 5554 explicandam
2660 5484 2839 5541 factis.
2893 5482 3154 5547 Tertium,
3188 5481 3332 5552 quod
3374 5480 3426 5535 in
3467 5494 3633 5550 Opere
3684 5486 3804 5531 toto

532 5577 673 5632 nulla
700 5591 795 5647 per
823 5591 882 5632 se
908 5576 1001 5630 ﬁat
1028 5574 1234 5629 mentio
1262 5572 1353 5628 Dei
1383 5572 1689 5642 pontiﬁcis;
1733 5575 1828 5631 sed
1872 5589 2061 5631 eorum
2110 5583 2321 5632 tantum
2360 5591 2479 5647 quae
2514 5577 2565 5631 in
2594 5578 2770 5645 primo
2801 5574 3038 5639 Nestorii
3073 5587 3325 5632 sermone
3357 5570 3706 5640 secundoque
3743 5580 3803 5624 et

529 5670 691 5727 tertio
721 5680 911 5725 contra
952 5666 1074 5722 ﬁdei
1114 5664 1355 5736 regulam
1389 5665 1658 5736 leguntur,
1692 5682 1814 5722 cum
1846 5676 2024 5724 tamen
2063 5669 2225 5740 digna
2265 5668 2407 5734 foret
2447 5670 2544 5723 ista
2575 5668 2831 5737 quaestio,
2868 5681 2987 5736 quae
3020 5674 3351 5721 tractaretur
3386 5672 3604 5735 propter
3639 5678 3798 5716 suam

531 5764 646 5820 sive
673 5759 1049 5823 subtilitatem,
1085 5758 1198 5812 sive
1225 5756 1622 5829 necessitatem.
1659 5757 1789 5813 Orta
1832 5775 1961 5817 vero
1987 5771 2070 5818 est
2105 5778 2171 5816 ex
2209 5760 2427 5816 homilia
2467 5758 2643 5815 Procli
2685 5774 2715 5812 a
2752 5758 2998 5817 Nestorio
3044 5756 3292 5816 acerbius
3343 5755 3699 5829 reprehensa,
3732 5755 3803 5811 de

532 5875 640 5931 qua
665 5855 801 5913 nihil
833 5854 1012 5912 aﬁerri
1048 5852 1217 5923 potuit
1244 5851 1413 5911 nunt-ii
1445 5849 1829 5910 Alexandriam
1867 5867 1993 5914 ante
2022 5855 2310 5913 deﬁnitum
2338 5855 2600 5912 hactenus
2628 5864 2859 5925 tempus.
