  <div class='ocr_page' id='page_1' title='image "/cluster/home/n/w/nwhite01/storage/ocr_20150623/75/hvd.32044019207935/720.png"; bbox 0 0 4038 6552; ppageno 0'>
   <div class='ocr_carea' id='block_1_1' title="bbox 312 330 1907 448">
    <p class='ocr_par' dir='ltr' id='par_1_1' title="bbox 312 330 1907 443">
     <span class='ocr_line' id='line_1_1' title="bbox 312 330 1907 443; baseline 0.007 -11"><span class='ocrx_word' id='word_1_1' title='bbox 312 371 446 434; x_wconf 63' lang='grc' dir='ltr'><strong>ηδε</strong></span> <span class='ocrx_word' id='word_1_2' title='bbox 810 335 909 389; x_wconf 40' lang='grc'><strong>*⁵³³</strong></span> <span class='ocrx_word' id='word_1_3' title='bbox 1237 340 1527 443; x_wconf 54' lang='lat' dir='ltr'><strong>senatus</strong></span> <span class='ocrx_word' id='word_1_4' title='bbox 1569 380 1652 441; x_wconf 75' lang='lat' dir='ltr'><strong>or:</strong></span> <span class='ocrx_word' id='word_1_5' title='bbox 1695 379 1907 443; x_wconf 65' lang='lat' dir='ltr'><strong>mean:</strong></span> 
     </span>
    </p>
   </div>
   <div class='ocr_carea' id='block_1_2' title="bbox 1981 330 3576 448">
    <p class='ocr_par' dir='ltr' id='par_1_2' title="bbox 1981 381 3576 448">
     <span class='ocr_line' id='line_1_2' title="bbox 1981 381 3576 448; baseline 0.002 -5"><span class='ocrx_word' id='word_1_6' title='bbox 1981 381 2209 446; x_wconf 79' lang='lat' dir='ltr'><strong>t&#39;PlONE</strong></span> <span class='ocrx_word' id='word_1_7' title='bbox 2247 383 2623 448; x_wconf 55' lang='lat' dir='ltr'><strong>UN‘IGEN‘ITL</strong></span> <span class='ocrx_word' id='word_1_8' title='bbox 3067 398 3071 404; x_wconf 87' lang='lat'>&#39;</span> <span class='ocrx_word' id='word_1_9' title='bbox 3441 389 3576 446; x_wconf 77' lang='grc'><strong>1566</strong></span> 
     </span>
    </p>
   </div>
   <div class='ocr_carea' id='block_1_3' title="bbox 371 493 3573 578">
    <p class='ocr_par' dir='ltr' id='par_1_3' title="bbox 371 493 3573 578">
     <span class='ocr_line' id='line_1_3' title="bbox 371 493 3573 578; baseline 0.003 -30"><span class='ocrx_word' id='word_1_10' title='bbox 371 493 449 549; x_wconf 91' lang='lat' dir='ltr'><strong>De</strong></span> <span class='ocrx_word' id='word_1_11' title='bbox 479 494 775 567; x_wconf 92' lang='lat' dir='ltr'><strong>interprete</strong></span> <span class='ocrx_word' id='word_1_12' title='bbox 805 500 965 568; x_wconf 86' lang='lat' dir='ltr'><strong>paulo</strong></span> <span class='ocrx_word' id='word_1_13' title='bbox 991 497 1260 556; x_wconf 79' lang='lat' dir='ltr'><strong>diliicilior</strong></span> <span class='ocrx_word' id='word_1_14' title='bbox 1287 512 1373 559; x_wconf 90' lang='lat' dir='ltr'><strong>est</strong></span> <span class='ocrx_word' id='word_1_15' title='bbox 1395 505 1645 574; x_wconf 64' lang='lat' dir='ltr'><strong>quaestio.</strong></span> <span class='ocrx_word' id='word_1_16' title='bbox 1684 505 1944 577; x_wconf 83' lang='lat' dir='ltr'><strong>Quisquis</strong></span> <span class='ocrx_word' id='word_1_17' title='bbox 1981 506 2076 563; x_wconf 84' lang='lat' dir='ltr'><strong>ille</strong></span> <span class='ocrx_word' id='word_1_18' title='bbox 2114 506 2299 574; x_wconf 78' lang='lat' dir='ltr'><strong>fuerit,</strong></span> <span class='ocrx_word' id='word_1_19' title='bbox 2326 508 2503 578; x_wconf 91' lang='lat' dir='ltr'><strong>ipsum</strong></span> <span class='ocrx_word' id='word_1_20' title='bbox 2541 514 2765 578; x_wconf 81' lang='lat' dir='ltr'><strong>oportet</strong></span> <span class='ocrx_word' id='word_1_21' title='bbox 2790 505 2983 577; x_wconf 88' lang='lat' dir='ltr'><strong>quinto</strong></span> <span class='ocrx_word' id='word_1_22' title='bbox 3028 502 3229 562; x_wconf 65' lang='lat' dir='ltr'><strong>saeculo</strong></span> <span class='ocrx_word' id='word_1_23' title='bbox 3265 496 3573 573; x_wconf 80' lang='lat' dir='ltr'><strong>scripsisse,</strong></span> 
     </span>
    </p>
   </div>
   <div class='ocr_carea' id='block_1_4' title="bbox 306 585 3585 673">
    <p class='ocr_par' dir='ltr' id='par_1_4' title="bbox 306 585 3585 673">
     <span class='ocr_line' id='line_1_4' title="bbox 306 585 3585 673; baseline 0.005 -34"><span class='ocrx_word' id='word_1_24' title='bbox 306 585 418 642; x_wconf 89' lang='lat' dir='ltr'><strong>imo</strong></span> <span class='ocrx_word' id='word_1_25' title='bbox 449 593 781 660; x_wconf 86' lang='lat' dir='ltr'><strong>temporibus</strong></span> <span class='ocrx_word' id='word_1_26' title='bbox 811 594 996 665; x_wconf 84' lang='lat' dir='ltr'><strong>Cyrilli</strong></span> <span class='ocrx_word' id='word_1_27' title='bbox 1029 613 1045 651; x_wconf 89' lang='lat'><strong>:</strong></span> <span class='ocrx_word' id='word_1_28' title='bbox 1090 595 1354 666; x_wconf 85' lang='lat' dir='ltr'><strong>siquidem</strong></span> <span class='ocrx_word' id='word_1_29' title='bbox 1388 614 1458 654; x_wconf 77' lang='lat' dir='ltr'><strong>ex</strong></span> <span class='ocrx_word' id='word_1_30' title='bbox 1492 601 1593 656; x_wconf 87' lang='lat' dir='ltr'><strong>hac</strong></span> <span class='ocrx_word' id='word_1_31' title='bbox 1625 602 1740 669; x_wconf 89' lang='lat' dir='ltr'><strong>ipsa</strong></span> <span class='ocrx_word' id='word_1_32' title='bbox 1781 603 2053 667; x_wconf 81' lang='lat' dir='ltr'><strong>versione,</strong></span> <span class='ocrx_word' id='word_1_33' title='bbox 2092 618 2215 673; x_wconf 72' lang='lat' dir='ltr'><strong>quae</strong></span> <span class='ocrx_word' id='word_1_34' title='bbox 2261 618 2403 659; x_wconf 83' lang='lat' dir='ltr'><strong>nunc</strong></span> <span class='ocrx_word' id='word_1_35' title='bbox 2443 604 2699 667; x_wconf 86' lang='lat' dir='ltr'><strong>habetur,</strong></span> <span class='ocrx_word' id='word_1_36' title='bbox 2731 610 2788 657; x_wconf 90' lang='lat' dir='ltr'><strong>et</strong></span> <span class='ocrx_word' id='word_1_37' title='bbox 2814 600 2925 658; x_wconf 84' lang='lat' dir='ltr'><strong>Leo</strong></span> <span class='ocrx_word' id='word_1_38' title='bbox 2957 599 3182 671; x_wconf 84' lang='lat' dir='ltr'><strong>Magnus</strong></span> <span class='ocrx_word' id='word_1_39' title='bbox 3216 596 3399 653; x_wconf 82' lang='lat' dir='ltr'><strong>statim</strong></span> <span class='ocrx_word' id='word_1_40' title='bbox 3452 606 3585 665; x_wconf 83' lang='lat' dir='ltr'><strong>post.</strong></span> 
     </span>
    </p>
   </div>
   <div class='ocr_carea' id='block_1_5' title="bbox 304 677 3583 761">
    <p class='ocr_par' dir='ltr' id='par_1_5' title="bbox 304 677 3583 761">
     <span class='ocr_line' id='line_1_5' title="bbox 304 677 3583 761; baseline 0.005 -29"><span class='ocrx_word' id='word_1_41' title='bbox 304 677 513 735; x_wconf 82' lang='lat' dir='ltr'><strong>obitum</strong></span> <span class='ocrx_word' id='word_1_42' title='bbox 538 681 731 753; x_wconf 74' lang='lat' dir='ltr'><strong>Cyrilli.</strong></span> <span class='ocrx_word' id='word_1_43' title='bbox 754 692 1021 755; x_wconf 84' lang='lat' dir='ltr'><strong>tanquam</strong></span> <span class='ocrx_word' id='word_1_44' title='bbox 1039 702 1113 743; x_wconf 67' lang='lat' dir='ltr'><strong>es.</strong></span> <span class='ocrx_word' id='word_1_45' title='bbox 1137 687 1378 759; x_wconf 80' lang='lat' dir='ltr'><strong>vulgata,</strong></span> <span class='ocrx_word' id='word_1_46' title='bbox 1404 701 1457 747; x_wconf 90' lang='lat' dir='ltr'><strong>et</strong></span> <span class='ocrx_word' id='word_1_47' title='bbox 1484 692 1784 748; x_wconf 62' lang='lat' dir='ltr'><strong>concilium.</strong></span> <span class='ocrx_word' id='word_1_48' title='bbox 1803 692 2270 761; x_wconf 71' lang='lat' dir='ltr'><strong>Clmlcedonense,</strong></span> <span class='ocrx_word' id='word_1_49' title='bbox 2312 704 2369 750; x_wconf 91' lang='lat' dir='ltr'><strong>et</strong></span> <span class='ocrx_word' id='word_1_50' title='bbox 2410 691 2695 750; x_wconf 81' lang='lat' dir='ltr'><strong>Facundos</strong></span> <span class='ocrx_word' id='word_1_51' title='bbox 2724 691 3128 748; x_wconf 87' lang='lat' dir='ltr'><strong>llermianensis</strong></span> <span class='ocrx_word' id='word_1_52' title='bbox 3187 688 3583 759; x_wconf 59' lang='lat' dir='ltr'><strong>decerpserint.</strong></span> 
     </span>
    </p>
   </div>
   <div class='ocr_carea' id='block_1_6' title="bbox 304 771 3581 857">
    <p class='ocr_par' dir='ltr' id='par_1_6' title="bbox 304 771 3581 857">
     <span class='ocr_line' id='line_1_6' title="bbox 304 771 3581 857; baseline 0.002 -34"><span class='ocrx_word' id='word_1_53' title='bbox 304 785 427 839; x_wconf 64' lang='lat' dir='ltr'><strong>qute</strong></span> <span class='ocrx_word' id='word_1_54' title='bbox 454 771 590 827; x_wconf 88' lang='lat' dir='ltr'><strong>locis</strong></span> <span class='ocrx_word' id='word_1_55' title='bbox 614 785 777 832; x_wconf 80' lang='lat' dir='ltr'><strong>antea</strong></span> <span class='ocrx_word' id='word_1_56' title='bbox 795 777 979 835; x_wconf 82' lang='lat' dir='ltr'><strong>citatis</strong></span> <span class='ocrx_word' id='word_1_57' title='bbox 996 779 1259 838; x_wconf 69' lang='lat' dir='ltr'><strong>reici-unt.</strong></span> <span class='ocrx_word' id='word_1_58' title='bbox 1278 784 1584 840; x_wconf 85' lang='lat' dir='ltr'><strong>Crediderit</strong></span> <span class='ocrx_word' id='word_1_59' title='bbox 1606 801 1709 841; x_wconf 88' lang='lat' dir='ltr'><strong>non</strong></span> <span class='ocrx_word' id='word_1_60' title='bbox 1737 785 2008 842; x_wconf 90' lang='lat' dir='ltr'><strong>immerito</strong></span> <span class='ocrx_word' id='word_1_61' title='bbox 2030 786 2321 857; x_wconf 84' lang='lat' dir='ltr'><strong>quispiam,</strong></span> <span class='ocrx_word' id='word_1_62' title='bbox 2338 784 2683 841; x_wconf 90' lang='lat' dir='ltr'><strong>tribuendum</strong></span> <span class='ocrx_word' id='word_1_63' title='bbox 2706 785 2809 839; x_wconf 89' lang='lat' dir='ltr'><strong>hoc</strong></span> <span class='ocrx_word' id='word_1_64' title='bbox 2830 798 2965 855; x_wconf 87' lang='lat' dir='ltr'><strong>opus</strong></span> <span class='ocrx_word' id='word_1_65' title='bbox 2981 782 3075 837; x_wconf 91' lang='lat' dir='ltr'><strong>uni</strong></span> <span class='ocrx_word' id='word_1_66' title='bbox 3097 795 3165 835; x_wconf 79' lang='lat' dir='ltr'><strong>ex</strong></span> <span class='ocrx_word' id='word_1_67' title='bbox 3194 776 3581 835; x_wconf 82' lang='lat' dir='ltr'><strong>Alexandrinis</strong></span> 
     </span>
    </p>
   </div>
   <div class='ocr_carea' id='block_1_7' title="bbox 307 858 3574 945">
    <p class='ocr_par' dir='ltr' id='par_1_7' title="bbox 307 858 3574 945">
     <span class='ocr_line' id='line_1_7' title="bbox 307 858 3574 945; baseline 0.002 -31"><span class='ocrx_word' id='word_1_68' title='bbox 307 858 420 915; x_wconf 87' lang='lat' dir='ltr'><strong>illis</strong></span> <span class='ocrx_word' id='word_1_69' title='bbox 451 878 680 932; x_wconf 87' lang='lat' dir='ltr'><strong>quorum</strong></span> <span class='ocrx_word' id='word_1_70' title='bbox 712 866 1059 926; x_wconf 85' lang='lat' dir='ltr'><strong>Latinitatem</strong></span> <span class='ocrx_word' id='word_1_71' title='bbox 1087 874 1227 943; x_wconf 89' lang='lat' dir='ltr'><strong>apud</strong></span> <span class='ocrx_word' id='word_1_72' title='bbox 1252 884 1501 930; x_wconf 90' lang='lat' dir='ltr'><strong>sanctum</strong></span> <span class='ocrx_word' id='word_1_73' title='bbox 1532 871 1886 930; x_wconf 81' lang='lat' dir='ltr'><strong>Caelestinum</strong></span> <span class='ocrx_word' id='word_1_74' title='bbox 1910 875 2145 945; x_wconf 82' lang='lat' dir='ltr'><strong>Cyrillus</strong></span> <span class='ocrx_word' id='word_1_75' title='bbox 2170 876 2490 940; x_wconf 82' lang='lat' dir='ltr'><strong>excusabat,</strong></span> <span class='ocrx_word' id='word_1_76' title='bbox 2518 889 2644 929; x_wconf 91' lang='lat' dir='ltr'><strong>cum</strong></span> <span class='ocrx_word' id='word_1_77' title='bbox 2669 873 2890 928; x_wconf 83' lang='lat' dir='ltr'><strong>chartas</strong></span> <span class='ocrx_word' id='word_1_78' title='bbox 2912 871 3158 925; x_wconf 85' lang='lat' dir='ltr'><strong>mitteret</strong></span> <span class='ocrx_word' id='word_1_79' title='bbox 3178 866 3245 923; x_wconf 89' lang='lat' dir='ltr'><strong>ab</strong></span> <span class='ocrx_word' id='word_1_80' title='bbox 3267 869 3335 923; x_wconf 92' lang='lat' dir='ltr'><strong>iis</strong></span> <span class='ocrx_word' id='word_1_81' title='bbox 3362 880 3574 923; x_wconf 88' lang='lat' dir='ltr'><strong>versas.</strong></span> 
     </span>
    </p>
   </div>
   <div class='ocr_carea' id='block_1_8' title="bbox 309 949 3582 1037">
    <p class='ocr_par' dir='ltr' id='par_1_8' title="bbox 309 949 3582 1037">
     <span class='ocr_line' id='line_1_8' title="bbox 309 949 3582 1037; baseline 0.002 -34"><span class='ocrx_word' id='word_1_82' title='bbox 309 949 512 1008; x_wconf 75' lang='lat' dir='ltr'><strong>Verum</strong></span> <span class='ocrx_word' id='word_1_83' title='bbox 544 958 874 1026; x_wconf 86' lang='lat' dir='ltr'><strong>opinabilius</strong></span> <span class='ocrx_word' id='word_1_84' title='bbox 908 962 1142 1031; x_wconf 91' lang='lat' dir='ltr'><strong>videtur,</strong></span> <span class='ocrx_word' id='word_1_85' title='bbox 1181 965 1529 1037; x_wconf 85' lang='lat' dir='ltr'><strong>interpretem</strong></span> <span class='ocrx_word' id='word_1_86' title='bbox 1573 968 1757 1023; x_wconf 86' lang='lat' dir='ltr'><strong>dicere</strong></span> <span class='ocrx_word' id='word_1_87' title='bbox 1804 967 2035 1023; x_wconf 83' lang='lat' dir='ltr'><strong>Marium</strong></span> <span class='ocrx_word' id='word_1_88' title='bbox 2076 968 2477 1035; x_wconf 89' lang='lat' dir='ltr'><strong>Mercatorem,</strong></span> <span class='ocrx_word' id='word_1_89' title='bbox 2518 967 2693 1021; x_wconf 90' lang='lat' dir='ltr'><strong>virum</strong></span> <span class='ocrx_word' id='word_1_90' title='bbox 2737 963 2946 1033; x_wconf 90' lang='lat' dir='ltr'><strong>alioqui</strong></span> <span class='ocrx_word' id='word_1_91' title='bbox 2991 960 3232 1017; x_wconf 87' lang='lat' dir='ltr'><strong>melioris</strong></span> <span class='ocrx_word' id='word_1_92' title='bbox 3268 958 3582 1017; x_wconf 72' lang='lat' dir='ltr'><strong>Latinitatis</strong></span> 
     </span>
    </p>
   </div>
   <div class='ocr_carea' id='block_1_9' title="bbox 307 1042 3581 1127">
    <p class='ocr_par' dir='ltr' id='par_1_9' title="bbox 307 1042 3581 1127">
     <span class='ocr_line' id='line_1_9' title="bbox 307 1042 3581 1127; baseline 0.002 -31"><span class='ocrx_word' id='word_1_93' title='bbox 307 1042 571 1101; x_wconf 88' lang='lat' dir='ltr'><strong>scientem</strong></span> <span class='ocrx_word' id='word_1_94' title='bbox 600 1067 613 1103; x_wconf 91' lang='lat'>:</span> <span class='ocrx_word' id='word_1_95' title='bbox 646 1064 770 1103; x_wconf 91' lang='lat' dir='ltr'><strong>nam</strong></span> <span class='ocrx_word' id='word_1_96' title='bbox 806 1061 860 1105; x_wconf 90' lang='lat' dir='ltr'><strong>et</strong></span> <span class='ocrx_word' id='word_1_97' title='bbox 890 1051 1029 1107; x_wconf 91' lang='lat' dir='ltr'><strong>inter</strong></span> <span class='ocrx_word' id='word_1_98' title='bbox 1048 1053 1167 1123; x_wconf 87' lang='lat' dir='ltr'><strong>ejus</strong></span> <span class='ocrx_word' id='word_1_99' title='bbox 1193 1070 1354 1125; x_wconf 89' lang='lat' dir='ltr'><strong>opera</strong></span> <span class='ocrx_word' id='word_1_100' title='bbox 1384 1057 1655 1127; x_wconf 90' lang='lat' dir='ltr'><strong>reperitur</strong></span> <span class='ocrx_word' id='word_1_101' title='bbox 1697 1057 1749 1111; x_wconf 90' lang='lat' dir='ltr'><strong>in</strong></span> <span class='ocrx_word' id='word_1_102' title='bbox 1784 1064 2014 1125; x_wconf 83' lang='lat' dir='ltr'><strong>utroqde</strong></span> <span class='ocrx_word' id='word_1_103' title='bbox 2047 1056 2415 1125; x_wconf 88' lang='lat' dir='ltr'><strong>manuscripto</strong></span> <span class='ocrx_word' id='word_1_104' title='bbox 2452 1055 2661 1116; x_wconf 87' lang='lat' dir='ltr'><strong>codice,</strong></span> <span class='ocrx_word' id='word_1_105' title='bbox 2697 1068 2808 1124; x_wconf 89' lang='lat' dir='ltr'><strong>quo</strong></span> <span class='ocrx_word' id='word_1_106' title='bbox 2850 1051 2935 1108; x_wconf 89' lang='lat' dir='ltr'><strong>usi</strong></span> <span class='ocrx_word' id='word_1_107' title='bbox 2972 1063 3199 1113; x_wconf 85' lang='lat' dir='ltr'><strong>sumus;</strong></span> <span class='ocrx_word' id='word_1_108' title='bbox 3232 1055 3297 1103; x_wconf 59' lang='lat' dir='ltr'><strong>et;</strong></span> <span class='ocrx_word' id='word_1_109' title='bbox 3322 1063 3401 1103; x_wconf 29' lang='lat' dir='ltr'><strong>ea.</strong></span> <span class='ocrx_word' id='word_1_110' title='bbox 3422 1057 3581 1102; x_wconf 55' lang='lat' dir='ltr'><strong>astate</strong></span> 
     </span>
    </p>
   </div>
   <div class='ocr_carea' id='block_1_10' title="bbox 308 1136 3578 1220">
    <p class='ocr_par' dir='ltr' id='par_1_10' title="bbox 308 1136 3578 1220">
     <span class='ocr_line' id='line_1_10' title="bbox 308 1136 3578 1220; baseline 0.001 -31"><span class='ocrx_word' id='word_1_111' title='bbox 308 1136 463 1201; x_wconf 78' lang='lat' dir='ltr'><strong>vixit,</strong></span> <span class='ocrx_word' id='word_1_112' title='bbox 490 1153 595 1208; x_wconf 90' lang='lat' dir='ltr'><strong>qua</strong></span> <span class='ocrx_word' id='word_1_113' title='bbox 630 1142 991 1210; x_wconf 81' lang='lat' dir='ltr'><strong>scribebatur,</strong></span> <span class='ocrx_word' id='word_1_114' title='bbox 1015 1156 1070 1202; x_wconf 93' lang='lat' dir='ltr'><strong>et</strong></span> <span class='ocrx_word' id='word_1_115' title='bbox 1103 1148 1298 1204; x_wconf 90' lang='lat' dir='ltr'><strong>ardore</strong></span> <span class='ocrx_word' id='word_1_116' title='bbox 1325 1150 1447 1204; x_wconf 90' lang='lat' dir='ltr'><strong>lidei</strong></span> <span class='ocrx_word' id='word_1_117' title='bbox 1480 1149 1728 1205; x_wconf 88' lang='lat' dir='ltr'><strong>incensus</strong></span> <span class='ocrx_word' id='word_1_118' title='bbox 1753 1148 1943 1203; x_wconf 90' lang='lat' dir='ltr'><strong>Latina</strong></span> <span class='ocrx_word' id='word_1_119' title='bbox 1985 1148 2112 1204; x_wconf 79' lang='lat' dir='ltr'><strong>fecit</strong></span> <span class='ocrx_word' id='word_1_120' title='bbox 2175 1163 2296 1220; x_wconf 59' lang='lat' dir='ltr'><strong>quas</strong></span> <span class='ocrx_word' id='word_1_121' title='bbox 2337 1146 2513 1202; x_wconf 85' lang='lat' dir='ltr'><strong>Graeci</strong></span> <span class='ocrx_word' id='word_1_122' title='bbox 2544 1148 2861 1201; x_wconf 78' lang='lat' dir='ltr'><strong>defensores</strong></span> <span class='ocrx_word' id='word_1_123' title='bbox 2893 1141 3018 1197; x_wconf 82' lang='lat' dir='ltr'><strong>ﬁdei</strong></span> <span class='ocrx_word' id='word_1_124' title='bbox 3062 1139 3401 1202; x_wconf 70' lang='lat' dir='ltr'><strong>scriberent;</strong></span> <span class='ocrx_word' id='word_1_125' title='bbox 3442 1146 3496 1191; x_wconf 90' lang='lat' dir='ltr'><strong>et</strong></span> <span class='ocrx_word' id='word_1_126' title='bbox 3525 1138 3578 1191; x_wconf 93' lang='lat' dir='ltr'><strong>in</strong></span> 
     </span>
    </p>
   </div>
   <div class='ocr_carea' id='block_1_11' title="bbox 307 1225 3580 1311">
    <p class='ocr_par' dir='ltr' id='par_1_11' title="bbox 307 1225 3580 1311">
     <span class='ocr_line' id='line_1_11' title="bbox 307 1225 3580 1311; baseline 0.001 -31"><span class='ocrx_word' id='word_1_127' title='bbox 307 1228 633 1295; x_wconf 83' lang='lat' dir='ltr'><strong>praefatione</strong></span> <span class='ocrx_word' id='word_1_128' title='bbox 673 1233 745 1287; x_wconf 89' lang='lat' dir='ltr'><strong>ad</strong></span> <span class='ocrx_word' id='word_1_129' title='bbox 792 1250 1070 1294; x_wconf 89' lang='lat' dir='ltr'><strong>sermones</strong></span> <span class='ocrx_word' id='word_1_130' title='bbox 1116 1239 1353 1296; x_wconf 89' lang='lat' dir='ltr'><strong>Nestorii</strong></span> <span class='ocrx_word' id='word_1_131' title='bbox 1391 1248 1726 1297; x_wconf 87' lang='lat' dir='ltr'><strong>contestatus</strong></span> <span class='ocrx_word' id='word_1_132' title='bbox 1774 1251 1886 1308; x_wconf 88' lang='lat' dir='ltr'><strong>est,</strong></span> <span class='ocrx_word' id='word_1_133' title='bbox 1942 1257 2002 1297; x_wconf 91' lang='lat' dir='ltr'><strong>se</strong></span> <span class='ocrx_word' id='word_1_134' title='bbox 2053 1240 2360 1297; x_wconf 86' lang='lat' dir='ltr'><strong>Latinitatis</strong></span> <span class='ocrx_word' id='word_1_135' title='bbox 2411 1241 2554 1311; x_wconf 89' lang='lat' dir='ltr'><strong>leges</strong></span> <span class='ocrx_word' id='word_1_136' title='bbox 2607 1236 2881 1309; x_wconf 86' lang='lat' dir='ltr'><strong>sprevisse</strong></span> <span class='ocrx_word' id='word_1_137' title='bbox 2922 1234 2975 1288; x_wconf 92' lang='lat' dir='ltr'><strong>in</strong></span> <span class='ocrx_word' id='word_1_138' title='bbox 3027 1228 3288 1301; x_wconf 85' lang='lat' dir='ltr'><strong>operibus</strong></span> <span class='ocrx_word' id='word_1_139' title='bbox 3343 1225 3580 1283; x_wconf 83' lang='lat' dir='ltr'><strong>Nestorii</strong></span> 
     </span>
    </p>
   </div>
   <div class='ocr_carea' id='block_1_12' title="bbox 305 1317 3582 1403">
    <p class='ocr_par' dir='ltr' id='par_1_12' title="bbox 305 1317 3582 1403">
     <span class='ocr_line' id='line_1_12' title="bbox 305 1317 3582 1403; baseline -0.001 -30"><span class='ocrx_word' id='word_1_140' title='bbox 305 1320 601 1392; x_wconf 80' lang='lat' dir='ltr'><strong>Cyrillique</strong></span> <span class='ocrx_word' id='word_1_141' title='bbox 630 1328 919 1383; x_wconf 83' lang='lat' dir='ltr'><strong>vertendis.</strong></span> <span class='ocrx_word' id='word_1_142' title='bbox 955 1329 1029 1382; x_wconf 72' lang='lat' dir='ltr'><strong>In</strong></span> <span class='ocrx_word' id='word_1_143' title='bbox 1055 1332 1262 1400; x_wconf 78' lang='lat' dir='ltr'><strong>quibus,</strong></span> <span class='ocrx_word' id='word_1_144' title='bbox 1301 1332 1494 1401; x_wconf 86' lang='lat' dir='ltr'><strong>inquit,</strong></span> <span class='ocrx_word' id='word_1_145' title='bbox 1539 1332 1748 1386; x_wconf 82' lang='lat' dir='ltr'><strong>verbum</strong></span> <span class='ocrx_word' id='word_1_146' title='bbox 1801 1332 1865 1386; x_wconf 86' lang='lat' dir='ltr'><strong>de</strong></span> <span class='ocrx_word' id='word_1_147' title='bbox 1906 1333 2078 1400; x_wconf 86' lang='lat' dir='ltr'><strong>verba,</strong></span> <span class='ocrx_word' id='word_1_148' title='bbox 2112 1335 2165 1388; x_wconf 90' lang='lat' dir='ltr'><strong>in</strong></span> <span class='ocrx_word' id='word_1_149' title='bbox 2207 1344 2462 1403; x_wconf 87' lang='lat' dir='ltr'><strong>quantum</strong></span> <span class='ocrx_word' id='word_1_150' title='bbox 2490 1332 2608 1400; x_wconf 83' lang='lat' dir='ltr'><strong>ﬁeri</strong></span> <span class='ocrx_word' id='word_1_151' title='bbox 2651 1328 2825 1397; x_wconf 84' lang='lat' dir='ltr'><strong>potuit</strong></span> <span class='ocrx_word' id='word_1_152' title='bbox 2863 1332 3091 1381; x_wconf 77' lang='lat' dir='ltr'><strong>conatus</strong></span> <span class='ocrx_word' id='word_1_153' title='bbox 3133 1337 3252 1376; x_wconf 87' lang='lat' dir='ltr'><strong>sum</strong></span> <span class='ocrx_word' id='word_1_154' title='bbox 3290 1317 3582 1373; x_wconf 89' lang='lat' dir='ltr'><strong>translator</strong></span> 
     </span>
    </p>
   </div>
   <div class='ocr_carea' id='block_1_13' title="bbox 304 1411 3582 1496">
    <p class='ocr_par' dir='ltr' id='par_1_13' title="bbox 304 1411 3582 1496">
     <span class='ocr_line' id='line_1_13' title="bbox 304 1411 3582 1496; baseline 0 -32"><span class='ocrx_word' id='word_1_155' title='bbox 304 1414 614 1483; x_wconf 71' lang='lat' dir='ltr'><strong>exprimere,</strong></span> <span class='ocrx_word' id='word_1_156' title='bbox 650 1434 712 1470; x_wconf 89' lang='lat' dir='ltr'><strong>ne</strong></span> <span class='ocrx_word' id='word_1_157' title='bbox 739 1420 889 1487; x_wconf 87' lang='lat' dir='ltr'><strong>prius</strong></span> <span class='ocrx_word' id='word_1_158' title='bbox 914 1420 1176 1489; x_wconf 76' lang='lat' dir='ltr'><strong>falsarius</strong></span> <span class='ocrx_word' id='word_1_159' title='bbox 1205 1426 1372 1495; x_wconf 83' lang='lat' dir='ltr'><strong>magis</strong></span> <span class='ocrx_word' id='word_1_160' title='bbox 1416 1442 1576 1495; x_wconf 87' lang='lat' dir='ltr'><strong>quam</strong></span> <span class='ocrx_word' id='word_1_161' title='bbox 1608 1444 1756 1481; x_wconf 85' lang='lat' dir='ltr'><strong>verus</strong></span> <span class='ocrx_word' id='word_1_162' title='bbox 1791 1437 1973 1496; x_wconf 85' lang='lat' dir='ltr'><strong>postea</strong></span> <span class='ocrx_word' id='word_1_163' title='bbox 2012 1426 2266 1495; x_wconf 86' lang='lat' dir='ltr'><strong>probarer</strong></span> <span class='ocrx_word' id='word_1_164' title='bbox 2308 1428 2591 1493; x_wconf 78' lang='lat' dir='ltr'><strong>interpres.</strong></span> <span class='ocrx_word' id='word_1_165' title='bbox 2630 1423 2711 1476; x_wconf 88' lang='lat' dir='ltr'><strong>Da</strong></span> <span class='ocrx_word' id='word_1_166' title='bbox 2758 1421 2928 1492; x_wconf 80' lang='lat' dir='ltr'><strong>igitur</strong></span> <span class='ocrx_word' id='word_1_167' title='bbox 2957 1418 3196 1482; x_wconf 80' lang='lat' dir='ltr'><strong>veniant,</strong></span> <span class='ocrx_word' id='word_1_168' title='bbox 3224 1414 3306 1485; x_wconf 83' lang='lat' dir='ltr'><strong>pie</strong></span> <span class='ocrx_word' id='word_1_169' title='bbox 3331 1413 3513 1478; x_wconf 78' lang='lat' dir='ltr'><strong>lector,</strong></span> <span class='ocrx_word' id='word_1_170' title='bbox 3536 1411 3582 1466; x_wconf 87' lang='lat' dir='ltr'><strong>si</strong></span> 
     </span>
    </p>
   </div>
   <div class='ocr_carea' id='block_1_14' title="bbox 305 1506 3582 1592">
    <p class='ocr_par' dir='ltr' id='par_1_14' title="bbox 305 1506 3582 1592">
     <span class='ocr_line' id='line_1_14' title="bbox 305 1506 3582 1592; baseline 0 -33"><span class='ocrx_word' id='word_1_171' title='bbox 305 1516 397 1560; x_wconf 91' lang='lat' dir='ltr'><strong>aut</strong></span> <span class='ocrx_word' id='word_1_172' title='bbox 430 1509 605 1563; x_wconf 87' lang='lat' dir='ltr'><strong>minus</strong></span> <span class='ocrx_word' id='word_1_173' title='bbox 635 1512 804 1565; x_wconf 84' lang='lat' dir='ltr'><strong>oratio</strong></span> <span class='ocrx_word' id='word_1_174' title='bbox 860 1514 1147 1582; x_wconf 81' lang='lat' dir='ltr'><strong>luculenta,</strong></span> <span class='ocrx_word' id='word_1_175' title='bbox 1188 1527 1287 1572; x_wconf 78' lang='lat' dir='ltr'><strong>aut</strong></span> <span class='ocrx_word' id='word_1_176' title='bbox 1317 1523 1588 1575; x_wconf 83' lang='lat' dir='ltr'><strong>verborum</strong></span> <span class='ocrx_word' id='word_1_177' title='bbox 1627 1522 1924 1592; x_wconf 80' lang='lat' dir='ltr'><strong>ubicunque</strong></span> <span class='ocrx_word' id='word_1_178' title='bbox 1957 1533 2397 1592; x_wconf 76' lang='lat' dir='ltr'><strong>prwsumptorum</strong></span> <span class='ocrx_word' id='word_1_179' title='bbox 2444 1521 2644 1576; x_wconf 85' lang='lat' dir='ltr'><strong>novitas</strong></span> <span class='ocrx_word' id='word_1_180' title='bbox 2687 1532 2870 1572; x_wconf 87' lang='lat' dir='ltr'><strong>aurem</strong></span> <span class='ocrx_word' id='word_1_181' title='bbox 2908 1516 3064 1586; x_wconf 77' lang='lat' dir='ltr'><strong>forte-</strong></span> <span class='ocrx_word' id='word_1_182' title='bbox 3089 1510 3389 1583; x_wconf 78' lang='lat' dir='ltr'><strong>perculerit.</strong></span> <span class='ocrx_word' id='word_1_183' title='bbox 3430 1506 3582 1576; x_wconf 87' lang='lat' dir='ltr'><strong>Elegi</strong></span> 
     </span>
    </p>
   </div>
   <div class='ocr_carea' id='block_1_15' title="bbox 305 1596 3582 1685">
    <p class='ocr_par' dir='ltr' id='par_1_15' title="bbox 305 1596 3582 1685">
     <span class='ocr_line' id='line_1_15' title="bbox 305 1596 3582 1685; baseline 0.001 -36"><span class='ocrx_word' id='word_1_184' title='bbox 305 1596 719 1655; x_wconf 86' lang='lat' dir='ltr'><strong>obtrectatorum</strong></span> <span class='ocrx_word' id='word_1_185' title='bbox 778 1602 974 1675; x_wconf 81' lang='lat' dir='ltr'><strong>linguis</strong></span> <span class='ocrx_word' id='word_1_186' title='bbox 1026 1611 1195 1679; x_wconf 88' lang='lat' dir='ltr'><strong>magis</strong></span> <span class='ocrx_word' id='word_1_187' title='bbox 1231 1613 1448 1680; x_wconf 77' lang='lat' dir='ltr'><strong>exponi,</strong></span> <span class='ocrx_word' id='word_1_188' title='bbox 1494 1630 1651 1685; x_wconf 86' lang='lat' dir='ltr'><strong>quant</strong></span> <span class='ocrx_word' id='word_1_189' title='bbox 1706 1634 1738 1670; x_wconf 89' lang='lat' dir='ltr'><strong>a</strong></span> <span class='ocrx_word' id='word_1_190' title='bbox 1790 1618 2008 1672; x_wconf 85' lang='lat' dir='ltr'><strong>veritate</strong></span> <span class='ocrx_word' id='word_1_191' title='bbox 2052 1632 2298 1670; x_wconf 82' lang='lat' dir='ltr'><strong>sensuum</strong></span> <span class='ocrx_word' id='word_1_192' title='bbox 2332 1613 2701 1683; x_wconf 71' lang='lat' dir='ltr'><strong>exprimenda,</strong></span> <span class='ocrx_word' id='word_1_193' title='bbox 2762 1610 2848 1665; x_wconf 91' lang='lat' dir='ltr'><strong>ubi</strong></span> <span class='ocrx_word' id='word_1_194' title='bbox 2905 1624 3067 1663; x_wconf 78' lang='lat' dir='ltr'><strong>omne</strong></span> <span class='ocrx_word' id='word_1_195' title='bbox 3102 1614 3178 1661; x_wconf 83' lang='lat' dir='ltr'><strong>est</strong></span> <span class='ocrx_word' id='word_1_196' title='bbox 3229 1603 3292 1658; x_wconf 86' lang='lat' dir='ltr'><strong>de</strong></span> <span class='ocrx_word' id='word_1_197' title='bbox 3349 1600 3582 1656; x_wconf 69' lang='lat' dir='ltr'><strong>ralsitate</strong></span> 
     </span>
    </p>
   </div>
   <div class='ocr_carea' id='block_1_16' title="bbox 303 1690 1151 1766">
    <p class='ocr_par' dir='ltr' id='par_1_16' title="bbox 303 1690 1151 1766">
     <span class='ocr_line' id='line_1_16' title="bbox 303 1690 1151 1766; baseline 0.021 -25"><span class='ocrx_word' id='word_1_198' title='bbox 303 1690 619 1761; x_wconf 83' lang='lat' dir='ltr'><strong>periculum,</strong></span> <span class='ocrx_word' id='word_1_199' title='bbox 644 1694 851 1766; x_wconf 80' lang='lat' dir='ltr'><strong>longius</strong></span> <span class='ocrx_word' id='word_1_200' title='bbox 881 1700 1151 1760; x_wconf 82' lang='lat' dir='ltr'><strong>aberrare.</strong></span> 
     </span>
    </p>
   </div>
   <div class='ocr_carea' id='block_1_17' title="bbox 380 1781 3582 1864">
    <p class='ocr_par' dir='ltr' id='par_1_17' title="bbox 380 1781 3582 1864">
     <span class='ocr_line' id='line_1_17' title="bbox 380 1781 3582 1864; baseline 0.001 -28"><span class='ocrx_word' id='word_1_201' title='bbox 380 1781 499 1839; x_wconf 86' lang='lat' dir='ltr'><strong>Non</strong></span> <span class='ocrx_word' id='word_1_202' title='bbox 537 1786 672 1843; x_wconf 83' lang='lat' dir='ltr'><strong>levis</strong></span> <span class='ocrx_word' id='word_1_203' title='bbox 706 1804 872 1861; x_wconf 87' lang='lat' dir='ltr'><strong>opera</strong></span> <span class='ocrx_word' id='word_1_204' title='bbox 904 1796 1153 1864; x_wconf 88' lang='lat' dir='ltr'><strong>ponenda</strong></span> <span class='ocrx_word' id='word_1_205' title='bbox 1195 1799 1350 1855; x_wconf 92' lang='lat' dir='ltr'><strong>nobis</strong></span> <span class='ocrx_word' id='word_1_206' title='bbox 1380 1800 1480 1856; x_wconf 80' lang='lat' dir='ltr'><strong>fuit</strong></span> <span class='ocrx_word' id='word_1_207' title='bbox 1520 1801 1571 1855; x_wconf 93' lang='lat' dir='ltr'><strong>in</strong></span> <span class='ocrx_word' id='word_1_208' title='bbox 1604 1801 1939 1856; x_wconf 80' lang='lat' dir='ltr'><strong>emendanda</strong></span> <span class='ocrx_word' id='word_1_209' title='bbox 1966 1800 2217 1854; x_wconf 88' lang='lat' dir='ltr'><strong>versione</strong></span> <span class='ocrx_word' id='word_1_210' title='bbox 2257 1805 2366 1851; x_wconf 89' lang='lat' dir='ltr'><strong>tam</strong></span> <span class='ocrx_word' id='word_1_211' title='bbox 2398 1795 2645 1864; x_wconf 87' lang='lat' dir='ltr'><strong>antiqua,</strong></span> <span class='ocrx_word' id='word_1_212' title='bbox 2669 1794 2897 1863; x_wconf 85' lang='lat' dir='ltr'><strong>ideoque</strong></span> <span class='ocrx_word' id='word_1_213' title='bbox 2925 1791 2991 1847; x_wconf 93' lang='lat' dir='ltr'><strong>ab</strong></span> <span class='ocrx_word' id='word_1_214' title='bbox 3020 1788 3489 1851; x_wconf 75' lang='lat' dir='ltr'><strong>exscrmentibus,</strong></span> <span class='ocrx_word' id='word_1_215' title='bbox 3521 1796 3582 1839; x_wconf 87' lang='lat' dir='ltr'><strong>ut</strong></span> 
     </span>
    </p>
   </div>
   <div class='ocr_carea' id='block_1_18' title="bbox 306 1873 3580 1964">
    <p class='ocr_par' dir='ltr' id='par_1_18' title="bbox 306 1873 3580 1964">
     <span class='ocr_line' id='line_1_18' title="bbox 306 1873 3580 1964; baseline 0.001 -35"><span class='ocrx_word' id='word_1_216' title='bbox 306 1873 388 1941; x_wconf 84' lang='lat' dir='ltr'><strong>ﬁt,</strong></span> <span class='ocrx_word' id='word_1_217' title='bbox 419 1891 672 1950; x_wconf 83' lang='lat' dir='ltr'><strong>corwpta</strong></span> <span class='ocrx_word' id='word_1_218' title='bbox 701 1901 715 1937; x_wconf 91' lang='lat'><strong>:</strong></span> <span class='ocrx_word' id='word_1_219' title='bbox 746 1883 1004 1953; x_wconf 87' lang='lat' dir='ltr'><strong>juverunt</strong></span> <span class='ocrx_word' id='word_1_220' title='bbox 1037 1890 1254 1960; x_wconf 87' lang='lat' dir='ltr'><strong>quidem</strong></span> <span class='ocrx_word' id='word_1_221' title='bbox 1282 1895 1635 1964; x_wconf 88' lang='lat' dir='ltr'><strong>manuscripti</strong></span> <span class='ocrx_word' id='word_1_222' title='bbox 1667 1896 1882 1949; x_wconf 84' lang='lat' dir='ltr'><strong>codices</strong></span> <span class='ocrx_word' id='word_1_223' title='bbox 1906 1901 1961 1949; x_wconf 92' lang='lat' dir='ltr'><strong>et</strong></span> <span class='ocrx_word' id='word_1_224' title='bbox 1993 1892 2115 1947; x_wconf 91' lang='lat' dir='ltr'><strong>libri</strong></span> <span class='ocrx_word' id='word_1_225' title='bbox 2143 1890 2284 1962; x_wconf 81' lang='lat' dir='ltr'><strong>typis</strong></span> <span class='ocrx_word' id='word_1_226' title='bbox 2307 1888 2517 1946; x_wconf 80' lang='lat' dir='ltr'><strong>excusi.</strong></span> <span class='ocrx_word' id='word_1_227' title='bbox 2549 1890 2619 1943; x_wconf 83' lang='lat' dir='ltr'><strong>At</strong></span> <span class='ocrx_word' id='word_1_228' title='bbox 2644 1890 2777 1956; x_wconf 70' lang='lat' dir='ltr'><strong>:cum</strong></span> <span class='ocrx_word' id='word_1_229' title='bbox 2819 1900 2923 1941; x_wconf 86' lang='lat' dir='ltr'><strong>una</strong></span> <span class='ocrx_word' id='word_1_230' title='bbox 2971 1884 3044 1941; x_wconf 90' lang='lat' dir='ltr'><strong>sit</strong></span> <span class='ocrx_word' id='word_1_231' title='bbox 3082 1882 3323 1938; x_wconf 91' lang='lat' dir='ltr'><strong>omnium</strong></span> <span class='ocrx_word' id='word_1_232' title='bbox 3372 1875 3580 1933; x_wconf 57' lang='lat' dir='ltr'><strong>versioi</strong></span> 
     </span>
    </p>
   </div>
   <div class='ocr_carea' id='block_1_19' title="bbox 304 1975 3580 2061">
    <p class='ocr_par' dir='ltr' id='par_1_19' title="bbox 304 1975 3580 2061">
     <span class='ocr_line' id='line_1_19' title="bbox 304 1975 3580 2061; baseline 0.001 -36"><span class='ocrx_word' id='word_1_233' title='bbox 304 1984 477 2043; x_wconf 83' lang='lat' dir='ltr'><strong>eaque</strong></span> <span class='ocrx_word' id='word_1_234' title='bbox 521 1992 625 2034; x_wconf 86' lang='lat' dir='ltr'><strong>non</strong></span> <span class='ocrx_word' id='word_1_235' title='bbox 674 1981 854 2038; x_wconf 91' lang='lat' dir='ltr'><strong>minus</strong></span> <span class='ocrx_word' id='word_1_236' title='bbox 886 2000 916 2038; x_wconf 88' lang='lat' dir='ltr'><strong>a</strong></span> <span class='ocrx_word' id='word_1_237' title='bbox 959 1988 1186 2043; x_wconf 88' lang='lat' dir='ltr'><strong>notariis</strong></span> <span class='ocrx_word' id='word_1_238' title='bbox 1218 1989 1530 2058; x_wconf 88' lang='lat' dir='ltr'><strong>depravata,</strong></span> <span class='ocrx_word' id='word_1_239' title='bbox 1562 2006 1723 2061; x_wconf 89' lang='lat' dir='ltr'><strong>quam</strong></span> <span class='ocrx_word' id='word_1_240' title='bbox 1778 1992 1846 2045; x_wconf 91' lang='lat' dir='ltr'><strong>ab</strong></span> <span class='ocrx_word' id='word_1_241' title='bbox 1900 1991 2197 2058; x_wconf 88' lang='lat' dir='ltr'><strong>interprete</strong></span> <span class='ocrx_word' id='word_1_242' title='bbox 2248 1986 2511 2057; x_wconf 87' lang='lat' dir='ltr'><strong>neglecta,</strong></span> <span class='ocrx_word' id='word_1_243' title='bbox 2555 1985 2772 2055; x_wconf 92' lang='lat' dir='ltr'><strong>quoties</strong></span> <span class='ocrx_word' id='word_1_244' title='bbox 2811 1998 2919 2037; x_wconf 92' lang='lat' dir='ltr'><strong>non</strong></span> <span class='ocrx_word' id='word_1_245' title='bbox 2971 1975 3580 2052; x_wconf 70' lang='lat' dir='ltr'><strong>praeluxeruntGraaca,</strong></span> 
     </span>
    </p>
   </div>
   <div class='ocr_carea' id='block_1_20' title="bbox 305 2069 3579 2157">
    <p class='ocr_par' dir='ltr' id='par_1_20' title="bbox 305 2069 3579 2157">
     <span class='ocr_line' id='line_1_20' title="bbox 305 2069 3579 2157; baseline 0.002 -37"><span class='ocrx_word' id='word_1_246' title='bbox 305 2069 673 2136; x_wconf 65' lang='lat' dir='ltr'><strong>praeluxerunt</strong></span> <span class='ocrx_word' id='word_1_247' title='bbox 704 2092 831 2133; x_wconf 90' lang='lat' dir='ltr'><strong>vero</strong></span> <span class='ocrx_word' id='word_1_248' title='bbox 864 2094 969 2136; x_wconf 91' lang='lat' dir='ltr'><strong>non</strong></span> <span class='ocrx_word' id='word_1_249' title='bbox 1015 2095 1178 2152; x_wconf 78' lang='lat' dir='ltr'><strong>szepe,</strong></span> <span class='ocrx_word' id='word_1_250' title='bbox 1218 2083 1569 2139; x_wconf 90' lang='lat' dir='ltr'><strong>divinandum</strong></span> <span class='ocrx_word' id='word_1_251' title='bbox 1613 2085 1736 2151; x_wconf 81' lang='lat' dir='ltr'><strong>fuit,</strong></span> <span class='ocrx_word' id='word_1_252' title='bbox 1778 2096 1834 2141; x_wconf 90' lang='lat' dir='ltr'><strong>ut</strong></span> <span class='ocrx_word' id='word_1_253' title='bbox 1877 2100 2011 2157; x_wconf 91' lang='lat' dir='ltr'><strong>quas</strong></span> <span class='ocrx_word' id='word_1_254' title='bbox 2061 2083 2403 2139; x_wconf 89' lang='lat' dir='ltr'><strong>adhibuisset</strong></span> <span class='ocrx_word' id='word_1_255' title='bbox 2441 2095 2603 2136; x_wconf 91' lang='lat' dir='ltr'><strong>voces</strong></span> <span class='ocrx_word' id='word_1_256' title='bbox 2649 2080 2954 2147; x_wconf 89' lang='lat' dir='ltr'><strong>interpres,</strong></span> <span class='ocrx_word' id='word_1_257' title='bbox 3013 2075 3429 2135; x_wconf 74' lang='lat' dir='ltr'><strong>restitueremus</strong></span> <span class='ocrx_word' id='word_1_258' title='bbox 3478 2087 3579 2142; x_wconf 90' lang='lat' dir='ltr'><strong>pro</strong></span> 
     </span>
    </p>
   </div>
   <div class='ocr_carea' id='block_1_21' title="bbox 302 2163 3582 2245">
    <p class='ocr_par' dir='ltr' id='par_1_21' title="bbox 302 2163 3582 2245">
     <span class='ocr_line' id='line_1_21' title="bbox 302 2163 3582 2245; baseline 0.001 -30"><span class='ocrx_word' id='word_1_259' title='bbox 302 2164 444 2219; x_wconf 84' lang='lat' dir='ltr'><strong>virili</strong></span> <span class='ocrx_word' id='word_1_260' title='bbox 472 2181 489 2216; x_wconf 73' lang='grc' dir='ltr'><em>τ</em></span> <span class='ocrx_word' id='word_1_261' title='bbox 527 2167 768 2238; x_wconf 80' lang='lat' dir='ltr'><strong>religioni</strong></span> <span class='ocrx_word' id='word_1_262' title='bbox 790 2172 932 2225; x_wconf 91' lang='lat' dir='ltr'><strong>enim</strong></span> <span class='ocrx_word' id='word_1_263' title='bbox 961 2173 1063 2228; x_wconf 83' lang='lat' dir='ltr'><strong>fuit</strong></span> <span class='ocrx_word' id='word_1_264' title='bbox 1096 2175 1235 2229; x_wconf 91' lang='lat' dir='ltr'><strong>ullas</strong></span> <span class='ocrx_word' id='word_1_265' title='bbox 1267 2187 1501 2241; x_wconf 91' lang='lat' dir='ltr'><strong>mutare,</strong></span> <span class='ocrx_word' id='word_1_266' title='bbox 1539 2192 1637 2233; x_wconf 90' lang='lat' dir='ltr'><strong>nec</strong></span> <span class='ocrx_word' id='word_1_267' title='bbox 1672 2178 1718 2232; x_wconf 92' lang='lat' dir='ltr'><strong>si</strong></span> <span class='ocrx_word' id='word_1_268' title='bbox 1746 2177 1968 2233; x_wconf 88' lang='lat' dir='ltr'><strong>aliunde</strong></span> <span class='ocrx_word' id='word_1_269' title='bbox 1997 2175 2266 2239; x_wconf 89' lang='lat' dir='ltr'><strong>licuisset.</strong></span> <span class='ocrx_word' id='word_1_270' title='bbox 2295 2173 2664 2245; x_wconf 89' lang='lat' dir='ltr'><strong>potuissemus</strong></span> <span class='ocrx_word' id='word_1_271' title='bbox 2700 2181 2902 2234; x_wconf 88' lang='lat' dir='ltr'><strong>tamen,</strong></span> <span class='ocrx_word' id='word_1_272' title='bbox 2931 2180 3053 2221; x_wconf 91' lang='lat' dir='ltr'><strong>cum</strong></span> <span class='ocrx_word' id='word_1_273' title='bbox 3101 2163 3319 2219; x_wconf 85' lang='lat' dir='ltr'><strong>deliciat</strong></span> <span class='ocrx_word' id='word_1_274' title='bbox 3356 2163 3582 2218; x_wconf 76' lang='lat' dir='ltr'><strong>Graecus</strong></span> 
     </span>
    </p>
   </div>
   <div class='ocr_carea' id='block_1_22' title="bbox 304 2259 3581 2341">
    <p class='ocr_par' dir='ltr' id='par_1_22' title="bbox 304 2259 3581 2341">
     <span class='ocr_line' id='line_1_22' title="bbox 304 2259 3581 2341; baseline 0.001 -30"><span class='ocrx_word' id='word_1_275' title='bbox 304 2268 485 2315; x_wconf 81' lang='lat' dir='ltr'><strong>textus</strong></span> <span class='ocrx_word' id='word_1_276' title='bbox 542 2262 594 2316; x_wconf 91' lang='lat' dir='ltr'><strong>in</strong></span> <span class='ocrx_word' id='word_1_277' title='bbox 650 2263 925 2334; x_wconf 84' lang='lat' dir='ltr'><strong>pluribus;</strong></span> <span class='ocrx_word' id='word_1_278' title='bbox 970 2282 1134 2338; x_wconf 89' lang='lat' dir='ltr'><strong>quem</strong></span> <span class='ocrx_word' id='word_1_279' title='bbox 1180 2271 1322 2326; x_wconf 91' lang='lat' dir='ltr'><strong>enim</strong></span> <span class='ocrx_word' id='word_1_280' title='bbox 1380 2272 1677 2341; x_wconf 84' lang='lat' dir='ltr'><strong>habemus,</strong></span> <span class='ocrx_word' id='word_1_281' title='bbox 1721 2273 1805 2330; x_wconf 89' lang='lat' dir='ltr'><strong>vel</strong></span> <span class='ocrx_word' id='word_1_282' title='bbox 1854 2289 1921 2330; x_wconf 86' lang='lat' dir='ltr'><strong>ex</strong></span> <span class='ocrx_word' id='word_1_283' title='bbox 1973 2272 2339 2337; x_wconf 90' lang='lat' dir='ltr'><strong>Theodoreto,</strong></span> <span class='ocrx_word' id='word_1_284' title='bbox 2372 2271 2459 2327; x_wconf 92' lang='lat' dir='ltr'><strong>vel</strong></span> <span class='ocrx_word' id='word_1_285' title='bbox 2503 2284 2569 2327; x_wconf 81' lang='lat' dir='ltr'><strong>ex</strong></span> <span class='ocrx_word' id='word_1_286' title='bbox 2599 2260 3030 2324; x_wconf 87' lang='lat' dir='ltr'><strong>Chalcedonensi</strong></span> <span class='ocrx_word' id='word_1_287' title='bbox 3089 2260 3331 2330; x_wconf 80' lang='lat' dir='ltr'><strong>synodo.</strong></span> <span class='ocrx_word' id='word_1_288' title='bbox 3378 2259 3461 2341; x_wconf 59' lang='grc' dir='ltr'>Ἥ</span> <span class='ocrx_word' id='word_1_289' title='bbox 3512 2273 3581 2314; x_wconf 79' lang='lat' dir='ltr'><strong>ex</strong></span> 
     </span>
    </p>
   </div>
   <div class='ocr_carea' id='block_1_23' title="bbox 301 2346 1245 2424">
    <p class='ocr_par' dir='ltr' id='par_1_23' title="bbox 301 2346 1245 2424">
     <span class='ocr_line' id='line_1_23' title="bbox 301 2346 1245 2424; baseline 0.011 -23"><span class='ocrx_word' id='word_1_290' title='bbox 301 2346 630 2403; x_wconf 88' lang='lat' dir='ltr'><strong>bibliotheca</strong></span> <span class='ocrx_word' id='word_1_291' title='bbox 659 2350 823 2422; x_wconf 79' lang='lat' dir='ltr'><strong>Regia</strong></span> <span class='ocrx_word' id='word_1_292' title='bbox 859 2365 1114 2424; x_wconf 90' lang='lat' dir='ltr'><strong>acceptus</strong></span> <span class='ocrx_word' id='word_1_293' title='bbox 1143 2366 1245 2413; x_wconf 89' lang='lat' dir='ltr'><strong>est.</strong></span> 
     </span>
    </p>
   </div>
   <div class='ocr_carea' id='block_1_24' title="bbox 373 2440 3581 2521">
    <p class='ocr_par' dir='ltr' id='par_1_24' title="bbox 373 2440 3581 2521">
     <span class='ocr_line' id='line_1_24' title="bbox 373 2440 3581 2521; baseline 0.001 -27"><span class='ocrx_word' id='word_1_294' title='bbox 373 2440 559 2497; x_wconf 84' lang='lat' dir='ltr'><strong>Prodit</strong></span> <span class='ocrx_word' id='word_1_295' title='bbox 588 2459 717 2501; x_wconf 90' lang='lat' dir='ltr'><strong>vero</strong></span> <span class='ocrx_word' id='word_1_296' title='bbox 747 2447 1004 2504; x_wconf 83' lang='lat' dir='ltr'><strong>eximium</strong></span> <span class='ocrx_word' id='word_1_297' title='bbox 1035 2466 1193 2521; x_wconf 89' lang='lat' dir='ltr'><strong>cpus,</strong></span> <span class='ocrx_word' id='word_1_298' title='bbox 1225 2461 1279 2507; x_wconf 92' lang='lat' dir='ltr'><strong>et</strong></span> <span class='ocrx_word' id='word_1_299' title='bbox 1319 2467 1350 2507; x_wconf 93' lang='lat' dir='ltr'><strong>a</strong></span> <span class='ocrx_word' id='word_1_300' title='bbox 1390 2449 1595 2506; x_wconf 91' lang='lat' dir='ltr'><strong>sanctis</strong></span> <span class='ocrx_word' id='word_1_301' title='bbox 1628 2450 1881 2505; x_wconf 89' lang='lat' dir='ltr'><strong>Patribus</strong></span> <span class='ocrx_word' id='word_1_302' title='bbox 1916 2450 2143 2506; x_wconf 90' lang='lat' dir='ltr'><strong>summis</strong></span> <span class='ocrx_word' id='word_1_303' title='bbox 2186 2450 2434 2505; x_wconf 84' lang='lat' dir='ltr'><strong>laudibus</strong></span> <span class='ocrx_word' id='word_1_304' title='bbox 2477 2458 2727 2504; x_wconf 89' lang='lat' dir='ltr'><strong>ornatum</strong></span> <span class='ocrx_word' id='word_1_305' title='bbox 2748 2488 2763 2514; x_wconf 92' lang='lat'><strong>,</strong></span> <span class='ocrx_word' id='word_1_306' title='bbox 2794 2462 2900 2504; x_wconf 88' lang='lat' dir='ltr'><strong>non</strong></span> <span class='ocrx_word' id='word_1_307' title='bbox 2945 2454 3151 2502; x_wconf 89' lang='lat' dir='ltr'><strong>tantum</strong></span> <span class='ocrx_word' id='word_1_308' title='bbox 3206 2441 3581 2499; x_wconf 67' lang='lat' dir='ltr'><strong>emendatius&#39;</strong></span> 
     </span>
    </p>
   </div>
   <div class='ocr_carea' id='block_1_25' title="bbox 298 2533 3576 2613">
    <p class='ocr_par' dir='ltr' id='par_1_25' title="bbox 298 2533 3576 2613">
     <span class='ocr_line' id='line_1_25' title="bbox 298 2533 3576 2613; baseline 0.002 -30"><span class='ocrx_word' id='word_1_309' title='bbox 298 2533 444 2600; x_wconf 89' lang='lat' dir='ltr'><strong>quod</strong></span> <span class='ocrx_word' id='word_1_310' title='bbox 472 2541 616 2590; x_wconf 89' lang='lat' dir='ltr'><strong>certe</strong></span> <span class='ocrx_word' id='word_1_311' title='bbox 641 2534 759 2592; x_wconf 87' lang='lat' dir='ltr'><strong>leve</strong></span> <span class='ocrx_word' id='word_1_312' title='bbox 793 2553 898 2594; x_wconf 94' lang='lat' dir='ltr'><strong>non</strong></span> <span class='ocrx_word' id='word_1_313' title='bbox 927 2550 1049 2607; x_wconf 90' lang='lat' dir='ltr'><strong>est;</strong></span> <span class='ocrx_word' id='word_1_314' title='bbox 1074 2543 1166 2597; x_wconf 89' lang='lat' dir='ltr'><strong>sed</strong></span> <span class='ocrx_word' id='word_1_315' title='bbox 1192 2552 1385 2613; x_wconf 89' lang='lat' dir='ltr'><strong>quarta</strong></span> <span class='ocrx_word' id='word_1_316' title='bbox 1413 2543 1526 2598; x_wconf 80' lang='lat' dir='ltr'><strong>fere</strong></span> <span class='ocrx_word' id='word_1_317' title='bbox 1563 2551 1713 2611; x_wconf 90' lang='lat' dir='ltr'><strong>parte</strong></span> <span class='ocrx_word' id='word_1_318' title='bbox 1753 2541 1983 2608; x_wconf 88' lang='lat' dir='ltr'><strong>auctius,</strong></span> <span class='ocrx_word' id='word_1_319' title='bbox 2017 2556 2181 2611; x_wconf 86' lang='lat' dir='ltr'><strong>quam</strong></span> <span class='ocrx_word' id='word_1_320' title='bbox 2222 2541 2452 2612; x_wconf 81' lang='lat' dir='ltr'><strong>legatur,</strong></span> <span class='ocrx_word' id='word_1_321' title='bbox 2490 2540 2572 2595; x_wconf 89' lang='lat' dir='ltr'><strong>vel</strong></span> <span class='ocrx_word' id='word_1_322' title='bbox 2618 2541 2760 2611; x_wconf 92' lang='lat' dir='ltr'><strong>apud</strong></span> <span class='ocrx_word' id='word_1_323' title='bbox 2805 2537 2995 2610; x_wconf 84' lang='lat' dir='ltr'><strong>Cyrilli</strong></span> <span class='ocrx_word' id='word_1_324' title='bbox 3039 2552 3265 2607; x_wconf 90' lang='lat' dir='ltr'><strong>operum</strong></span> <span class='ocrx_word' id='word_1_325' title='bbox 3298 2535 3537 2590; x_wconf 83' lang='lat' dir='ltr'><strong>editores</strong></span> <span class='ocrx_word' id='word_1_326' title='bbox 3563 2574 3576 2597; x_wconf 91' lang='lat'><strong>,</strong></span> 
     </span>
    </p>
   </div>
   <div class='ocr_carea' id='block_1_26' title="bbox 301 2622 3433 2705">
    <p class='ocr_par' dir='ltr' id='par_1_26' title="bbox 301 2622 3433 2705">
     <span class='ocr_line' id='line_1_26' title="bbox 301 2622 3433 2705; baseline 0.003 -30"><span class='ocrx_word' id='word_1_327' title='bbox 301 2622 388 2677; x_wconf 92' lang='lat' dir='ltr'><strong>vel</strong></span> <span class='ocrx_word' id='word_1_328' title='bbox 419 2627 558 2695; x_wconf 87' lang='lat' dir='ltr'><strong>apud</strong></span> <span class='ocrx_word' id='word_1_329' title='bbox 586 2630 943 2686; x_wconf 90' lang='lat' dir='ltr'><strong>conciliorum</strong></span> <span class='ocrx_word' id='word_1_330' title='bbox 966 2634 1309 2692; x_wconf 87' lang='lat' dir='ltr'><strong>collectores.</strong></span> <span class='ocrx_word' id='word_1_331' title='bbox 1344 2634 1484 2701; x_wconf 85' lang='lat' dir='ltr'><strong>Quid</strong></span> <span class='ocrx_word' id='word_1_332' title='bbox 1513 2644 1692 2691; x_wconf 89' lang='lat' dir='ltr'><strong>autem</strong></span> <span class='ocrx_word' id='word_1_333' title='bbox 1719 2634 1857 2690; x_wconf 85' lang='lat' dir='ltr'><strong>desit</strong></span> <span class='ocrx_word' id='word_1_334' title='bbox 1885 2635 1937 2689; x_wconf 88' lang='lat' dir='ltr'><strong>in</strong></span> <span class='ocrx_word' id='word_1_335' title='bbox 1971 2634 2201 2705; x_wconf 86' lang='lat' dir='ltr'><strong>vulgatis</strong></span> <span class='ocrx_word' id='word_1_336' title='bbox 2231 2634 2384 2689; x_wconf 89' lang='lat' dir='ltr'><strong>libris</strong></span> <span class='ocrx_word' id='word_1_337' title='bbox 2418 2634 2804 2699; x_wconf 89' lang='lat' dir='ltr'><strong>indicabimus,</strong></span> <span class='ocrx_word' id='word_1_338' title='bbox 2837 2631 2926 2686; x_wconf 93' lang='lat' dir='ltr'><strong>ubi</strong></span> <span class='ocrx_word' id='word_1_339' title='bbox 2955 2630 3060 2686; x_wconf 92' lang='lat' dir='ltr'><strong>erit</strong></span> <span class='ocrx_word' id='word_1_340' title='bbox 3087 2643 3246 2698; x_wconf 88' lang='lat' dir='ltr'><strong>opus.</strong></span> <span class='ocrx_word' id='word_1_341' title='bbox 3430 2700 3433 2701; x_wconf 16' lang='grc' dir='ltr'><em>ν</em></span> 
     </span>
    </p>
   </div>
   <div class='ocr_carea' id='block_1_27' title="bbox 381 2718 3575 2799">
    <p class='ocr_par' dir='ltr' id='par_1_27' title="bbox 381 2718 3575 2799">
     <span class='ocr_line' id='line_1_27' title="bbox 381 2718 3575 2799; baseline -0 -22"><span class='ocrx_word' id='word_1_342' title='bbox 381 2718 594 2791; x_wconf 79' lang='lat' dir='ltr'><strong>Vulgati</strong></span> <span class='ocrx_word' id='word_1_343' title='bbox 632 2725 847 2782; x_wconf 91' lang='lat' dir='ltr'><strong>codices</strong></span> <span class='ocrx_word' id='word_1_344' title='bbox 886 2728 1051 2784; x_wconf 84' lang='lat' dir='ltr'><strong>totius</strong></span> <span class='ocrx_word' id='word_1_345' title='bbox 1082 2730 1263 2799; x_wconf 86' lang='lat' dir='ltr'><strong>operis</strong></span> <span class='ocrx_word' id='word_1_346' title='bbox 1302 2730 1703 2798; x_wconf 83' lang='lat' dir='ltr'><strong>habentcapita</strong></span> <span class='ocrx_word' id='word_1_347' title='bbox 1744 2729 1934 2799; x_wconf 78' lang='lat' dir='ltr'><strong>viginti</strong></span> <span class='ocrx_word' id='word_1_348' title='bbox 1972 2740 2029 2786; x_wconf 90' lang='lat' dir='ltr'><strong>et</strong></span> <span class='ocrx_word' id='word_1_349' title='bbox 2066 2738 2225 2795; x_wconf 90' lang='lat' dir='ltr'><strong>octo;</strong></span> <span class='ocrx_word' id='word_1_350' title='bbox 2263 2729 2663 2799; x_wconf 89' lang='lat' dir='ltr'><strong>manuscriptus</strong></span> <span class='ocrx_word' id='word_1_351' title='bbox 2701 2727 2978 2782; x_wconf 80' lang='lat' dir='ltr'><strong>Marianos</strong></span> <span class='ocrx_word' id='word_1_352' title='bbox 3024 2723 3243 2794; x_wconf 80' lang='lat' dir='ltr'><strong>triginta</strong></span> <span class='ocrx_word' id='word_1_353' title='bbox 3294 2720 3575 2792; x_wconf 86' lang='lat' dir='ltr'><strong>quinque;</strong></span> 
     </span>
    </p>
   </div>
   <div class='ocr_carea' id='block_1_28' title="bbox 303 2810 3578 2888">
    <p class='ocr_par' dir='ltr' id='par_1_28' title="bbox 303 2810 3578 2888">
     <span class='ocr_line' id='line_1_28' title="bbox 303 2810 3578 2888; baseline -0.001 -22"><span class='ocrx_word' id='word_1_354' title='bbox 303 2810 528 2869; x_wconf 84' lang='lat' dir='ltr'><strong>Photius</strong></span> <span class='ocrx_word' id='word_1_355' title='bbox 567 2832 670 2871; x_wconf 94' lang='lat' dir='ltr'><strong>non</strong></span> <span class='ocrx_word' id='word_1_356' title='bbox 697 2819 849 2887; x_wconf 91' lang='lat' dir='ltr'><strong>plura</strong></span> <span class='ocrx_word' id='word_1_357' title='bbox 883 2822 1251 2877; x_wconf 89' lang='lat' dir='ltr'><strong>novemdecim</strong></span> <span class='ocrx_word' id='word_1_358' title='bbox 1288 2833 1557 2887; x_wconf 90' lang='lat' dir='ltr'><strong>numerat,</strong></span> <span class='ocrx_word' id='word_1_359' title='bbox 1584 2823 1818 2879; x_wconf 86' lang='lat' dir='ltr'><strong>redactis</strong></span> <span class='ocrx_word' id='word_1_360' title='bbox 1856 2821 2064 2878; x_wconf 89' lang='lat' dir='ltr'><strong>scilicet</strong></span> <span class='ocrx_word' id='word_1_361' title='bbox 2090 2823 2155 2876; x_wconf 93' lang='lat' dir='ltr'><strong>ad</strong></span> <span class='ocrx_word' id='word_1_362' title='bbox 2202 2823 2344 2877; x_wconf 90' lang='lat' dir='ltr'><strong>hunc</strong></span> <span class='ocrx_word' id='word_1_363' title='bbox 2377 2835 2663 2875; x_wconf 90' lang='lat' dir='ltr'><strong>numerum</strong></span> <span class='ocrx_word' id='word_1_364' title='bbox 2704 2818 2936 2883; x_wconf 90' lang='lat' dir='ltr'><strong>cunctis,</strong></span> <span class='ocrx_word' id='word_1_365' title='bbox 2963 2832 3083 2888; x_wconf 74' lang='lat' dir='ltr'><strong>qua:</strong></span> <span class='ocrx_word' id='word_1_366' title='bbox 3117 2815 3257 2884; x_wconf 92' lang='lat' dir='ltr'><strong>apud</strong></span> <span class='ocrx_word' id='word_1_367' title='bbox 3300 2814 3436 2869; x_wconf 89' lang='lat' dir='ltr'><strong>alios</strong></span> <span class='ocrx_word' id='word_1_368' title='bbox 3471 2827 3578 2867; x_wconf 88' lang='lat' dir='ltr'><strong>non</strong></span> 
     </span>
    </p>
   </div>
   <div class='ocr_carea' id='block_1_29' title="bbox 302 2908 3582 2988">
    <p class='ocr_par' dir='ltr' id='par_1_29' title="bbox 302 2908 3582 2988">
     <span class='ocr_line' id='line_1_29' title="bbox 302 2908 3582 2988; baseline -0 -28"><span class='ocrx_word' id='word_1_369' title='bbox 302 2908 505 2974; x_wconf 86' lang='lat' dir='ltr'><strong>optima</strong></span> <span class='ocrx_word' id='word_1_370' title='bbox 533 2923 663 2965; x_wconf 89' lang='lat' dir='ltr'><strong>sane</strong></span> <span class='ocrx_word' id='word_1_371' title='bbox 690 2912 758 2965; x_wconf 90' lang='lat' dir='ltr'><strong>de</strong></span> <span class='ocrx_word' id='word_1_372' title='bbox 796 2928 957 2968; x_wconf 90' lang='lat' dir='ltr'><strong>causa</strong></span> <span class='ocrx_word' id='word_1_373' title='bbox 988 2926 1328 2986; x_wconf 89' lang='lat' dir='ltr'><strong>separantur.</strong></span> <span class='ocrx_word' id='word_1_374' title='bbox 1360 2918 1552 2987; x_wconf 73' lang='lat' dir='ltr'><strong>Opera:</strong></span> <span class='ocrx_word' id='word_1_375' title='bbox 1580 2921 1813 2988; x_wconf 82' lang='lat' dir='ltr'><strong>pretium</strong></span> <span class='ocrx_word' id='word_1_376' title='bbox 1847 2928 1933 2975; x_wconf 91' lang='lat' dir='ltr'><strong>est</strong></span> <span class='ocrx_word' id='word_1_377' title='bbox 1972 2917 2148 2974; x_wconf 86' lang='lat' dir='ltr'><strong>Photii</strong></span> <span class='ocrx_word' id='word_1_378' title='bbox 2174 2919 2337 2973; x_wconf 89' lang='lat' dir='ltr'><strong>verba</strong></span> <span class='ocrx_word' id='word_1_379' title='bbox 2373 2916 2726 2973; x_wconf 77' lang='lat' dir='ltr'><strong>exscribere:</strong></span> <span class='ocrx_word' id='word_1_380' title='bbox 2761 2913 2952 2969; x_wconf 85' lang='lat' dir='ltr'><strong>Lectus</strong></span> <span class='ocrx_word' id='word_1_381' title='bbox 2998 2922 3076 2967; x_wconf 90' lang='lat' dir='ltr'><strong>est</strong></span> <span class='ocrx_word' id='word_1_382' title='bbox 3107 2913 3231 2966; x_wconf 89' lang='lat' dir='ltr'><strong>item</strong></span> <span class='ocrx_word' id='word_1_383' title='bbox 3268 2911 3404 2963; x_wconf 86' lang='lat' dir='ltr'><strong>alter</strong></span> <span class='ocrx_word' id='word_1_384' title='bbox 3449 2908 3582 2962; x_wconf 87' lang='lat' dir='ltr'><strong>liber</strong></span> 
     </span>
    </p>
   </div>
   <div class='ocr_carea' id='block_1_30' title="bbox 302 2999 3582 3076">
    <p class='ocr_par' dir='ltr' id='par_1_30' title="bbox 302 2999 3582 3076">
     <span class='ocr_line' id='line_1_30' title="bbox 302 2999 3582 3076; baseline -0.001 -22"><span class='ocrx_word' id='word_1_385' title='bbox 302 3000 381 3054; x_wconf 87' lang='lat' dir='ltr'><strong>sic</strong></span> <span class='ocrx_word' id='word_1_386' title='bbox 427 3000 756 3071; x_wconf 83' lang='lat' dir='ltr'><strong>inscriptus:</strong></span> <span class='ocrx_word' id='word_1_387' title='bbox 800 3004 1069 3063; x_wconf 68' lang='lat' dir='ltr'><strong>Scnouorv</strong></span> <span class='ocrx_word' id='word_1_388' title='bbox 1117 3024 1183 3062; x_wconf 84' lang='lat' dir='ltr'><strong>DE</strong></span> <span class='ocrx_word' id='word_1_389' title='bbox 1238 3008 1521 3065; x_wconf 80' lang='lat' dir='ltr'><strong>UNIGENITI</strong></span> <span class='ocrx_word' id='word_1_390' title='bbox 1562 3025 1982 3066; x_wconf 72' lang='lat' dir='ltr'><strong>INCARNATIONE.</strong></span> <span class='ocrx_word' id='word_1_391' title='bbox 2030 3008 2146 3074; x_wconf 86' lang='lat' dir='ltr'><strong>Quo</strong></span> <span class='ocrx_word' id='word_1_392' title='bbox 2182 3009 2293 3061; x_wconf 79' lang='lat' dir='ltr'><strong>lucc</strong></span> <span class='ocrx_word' id='word_1_393' title='bbox 2332 3008 2441 3076; x_wconf 80' lang='lat' dir='ltr'><strong>fere</strong></span> <span class='ocrx_word' id='word_1_394' title='bbox 2478 3015 2833 3075; x_wconf 73' lang='lat' dir='ltr'><strong>exponuntur,</strong></span> <span class='ocrx_word' id='word_1_395' title='bbox 2881 3002 3010 3072; x_wconf 84' lang='lat' dir='ltr'><strong>quid</strong></span> <span class='ocrx_word' id='word_1_396' title='bbox 3049 3010 3125 3055; x_wconf 86' lang='lat' dir='ltr'><strong>est</strong></span> <span class='ocrx_word' id='word_1_397' title='bbox 3171 2999 3444 3062; x_wconf 77' lang='lat' dir='ltr'><strong>Christus;</strong></span> <span class='ocrx_word' id='word_1_398' title='bbox 3477 3014 3582 3067; x_wconf 86' lang='lat' dir='ltr'><strong>qua</strong></span> 
     </span>
    </p>
   </div>
   <div class='ocr_carea' id='block_1_31' title="bbox 304 3092 3582 3172">
    <p class='ocr_par' dir='ltr' id='par_1_31' title="bbox 304 3092 3582 3172">
     <span class='ocr_line' id='line_1_31' title="bbox 304 3092 3582 3172; baseline 0.001 -28"><span class='ocrx_word' id='word_1_399' title='bbox 304 3092 506 3147; x_wconf 86' lang='lat' dir='ltr'><strong>ratione</strong></span> <span class='ocrx_word' id='word_1_400' title='bbox 535 3094 903 3167; x_wconf 82' lang='lat' dir='ltr'><strong>intelligendus</strong></span> <span class='ocrx_word' id='word_1_401' title='bbox 942 3099 1292 3167; x_wconf 84' lang='lat' dir='ltr'><strong>Emmanuel;</strong></span> <span class='ocrx_word' id='word_1_402' title='bbox 1328 3101 1456 3172; x_wconf 83' lang='lat' dir='ltr'><strong>quid</strong></span> <span class='ocrx_word' id='word_1_403' title='bbox 1483 3111 1557 3156; x_wconf 89' lang='lat' dir='ltr'><strong>est</strong></span> <span class='ocrx_word' id='word_1_404' title='bbox 1589 3101 1747 3156; x_wconf 81' lang='lat' dir='ltr'><strong>Jesus</strong></span> <span class='ocrx_word' id='word_1_405' title='bbox 1784 3101 2059 3168; x_wconf 82' lang='lat' dir='ltr'><strong>Christus;</strong></span> <span class='ocrx_word' id='word_1_406' title='bbox 2089 3102 2251 3171; x_wconf 70' lang='lat' dir='ltr'><strong>juxta</strong></span> <span class='ocrx_word' id='word_1_407' title='bbox 2286 3103 2415 3172; x_wconf 87' lang='lat' dir='ltr'><strong>quid</strong></span> <span class='ocrx_word' id='word_1_408' title='bbox 2453 3100 2549 3155; x_wconf 88' lang='lat' dir='ltr'><strong>Dei</strong></span> <span class='ocrx_word' id='word_1_409' title='bbox 2597 3098 2823 3153; x_wconf 87' lang='lat' dir='ltr'><strong>Verbum</strong></span> <span class='ocrx_word' id='word_1_410' title='bbox 2864 3098 3062 3150; x_wconf 85' lang='lat' dir='ltr'><strong>dictum</strong></span> <span class='ocrx_word' id='word_1_411' title='bbox 3100 3104 3174 3149; x_wconf 87' lang='lat' dir='ltr'><strong>est</strong></span> <span class='ocrx_word' id='word_1_412' title='bbox 3214 3095 3401 3156; x_wconf 89' lang='lat' dir='ltr'><strong>homo;</strong></span> <span class='ocrx_word' id='word_1_413' title='bbox 3418 3092 3582 3162; x_wconf 76' lang='lat' dir='ltr'><strong>juxta</strong></span> 
     </span>
    </p>
   </div>
   <div class='ocr_carea' id='block_1_32' title="bbox 304 3185 3581 3262">
    <p class='ocr_par' dir='ltr' id='par_1_32' title="bbox 304 3185 3581 3262">
     <span class='ocr_line' id='line_1_32' title="bbox 304 3185 3581 3262; baseline -0.001 -25"><span class='ocrx_word' id='word_1_414' title='bbox 304 3186 430 3255; x_wconf 85' lang='lat' dir='ltr'><strong>quid</strong></span> <span class='ocrx_word' id='word_1_415' title='bbox 478 3197 785 3242; x_wconf 83' lang='lat' dir='ltr'><strong>evacuatum</strong></span> <span class='ocrx_word' id='word_1_416' title='bbox 827 3205 936 3244; x_wconf 83' lang='lat' dir='ltr'><strong>esse</strong></span> <span class='ocrx_word' id='word_1_417' title='bbox 981 3190 1079 3245; x_wconf 89' lang='lat' dir='ltr'><strong>Dei</strong></span> <span class='ocrx_word' id='word_1_418' title='bbox 1136 3191 1364 3246; x_wconf 86' lang='lat' dir='ltr'><strong>Verbum</strong></span> <span class='ocrx_word' id='word_1_419' title='bbox 1405 3193 1641 3259; x_wconf 87' lang='lat' dir='ltr'><strong>dicitur;</strong></span> <span class='ocrx_word' id='word_1_420' title='bbox 1700 3193 1962 3262; x_wconf 87' lang='lat' dir='ltr'><strong>quomodo</strong></span> <span class='ocrx_word' id='word_1_421' title='bbox 1998 3195 2123 3247; x_wconf 90' lang='lat' dir='ltr'><strong>item</strong></span> <span class='ocrx_word' id='word_1_422' title='bbox 2167 3192 2407 3247; x_wconf 81' lang='lat' dir='ltr'><strong>Christus</strong></span> <span class='ocrx_word' id='word_1_423' title='bbox 2455 3208 2591 3247; x_wconf 84' lang='lat' dir='ltr'><strong>unus</strong></span> <span class='ocrx_word' id='word_1_424' title='bbox 2632 3199 2742 3254; x_wconf 82' lang='lat' dir='ltr'><strong>est;</strong></span> <span class='ocrx_word' id='word_1_425' title='bbox 2791 3187 3055 3260; x_wconf 82' lang='lat' dir='ltr'><strong>quomodo</strong></span> <span class='ocrx_word' id='word_1_426' title='bbox 3108 3185 3270 3240; x_wconf 89' lang='lat' dir='ltr'><strong>etiam</strong></span> <span class='ocrx_word' id='word_1_427' title='bbox 3324 3199 3459 3238; x_wconf 81' lang='lat' dir='ltr'><strong>unus</strong></span> <span class='ocrx_word' id='word_1_428' title='bbox 3504 3193 3581 3237; x_wconf 87' lang='lat' dir='ltr'><strong>est</strong></span> 
     </span>
    </p>
   </div>
   <div class='ocr_carea' id='block_1_33' title="bbox 306 3280 3580 3363">
    <p class='ocr_par' dir='ltr' id='par_1_33' title="bbox 306 3280 3580 3363">
     <span class='ocr_line' id='line_1_33' title="bbox 306 3280 3580 3363; baseline -0 -28"><span class='ocrx_word' id='word_1_429' title='bbox 306 3280 622 3337; x_wconf 84' lang='lat' dir='ltr'><strong>Emmanuel</strong></span> <span class='ocrx_word' id='word_1_430' title='bbox 640 3300 962 3353; x_wconf 74' lang='lat' dir='ltr'><strong>,‘quamnam</strong></span> <span class='ocrx_word' id='word_1_431' title='bbox 990 3288 1215 3342; x_wconf 79' lang='lat' dir='ltr'><strong>dicimus</strong></span> <span class='ocrx_word' id='word_1_432' title='bbox 1239 3306 1349 3345; x_wconf 84' lang='lat' dir='ltr'><strong>esse</strong></span> <span class='ocrx_word' id='word_1_433' title='bbox 1375 3290 1825 3345; x_wconf 76' lang='lat' dir='ltr'><strong>exinanitionem?</strong></span> <span class='ocrx_word' id='word_1_434' title='bbox 1854 3289 1991 3345; x_wconf 88' lang='lat' dir='ltr'><strong>Item</strong></span> <span class='ocrx_word' id='word_1_435' title='bbox 2027 3291 2090 3345; x_wconf 87' lang='lat' dir='ltr'><strong>de</strong></span> <span class='ocrx_word' id='word_1_436' title='bbox 2129 3292 2296 3363; x_wconf 88' lang='lat' dir='ltr'><strong>ignita</strong></span> <span class='ocrx_word' id='word_1_437' title='bbox 2332 3292 2559 3343; x_wconf 87' lang='lat' dir='ltr'><strong>carbone</strong></span> <span class='ocrx_word' id='word_1_438' title='bbox 2598 3289 2707 3342; x_wconf 85' lang='lat' dir='ltr'><strong>viso</strong></span> <span class='ocrx_word' id='word_1_439' title='bbox 2756 3289 2820 3341; x_wconf 88' lang='lat' dir='ltr'><strong>ab</strong></span> <span class='ocrx_word' id='word_1_440' title='bbox 2853 3285 3027 3351; x_wconf 83' lang='lat' dir='ltr'><strong>Isaia,</strong></span> <span class='ocrx_word' id='word_1_441' title='bbox 3066 3283 3280 3353; x_wconf 86' lang='lat' dir='ltr'><strong>aliaque</strong></span> <span class='ocrx_word' id='word_1_442' title='bbox 3300 3288 3580 3351; x_wconf 78' lang='lat' dir='ltr'><strong>prwterea,</strong></span> 
     </span>
    </p>
   </div>
   <div class='ocr_carea' id='block_1_34' title="bbox 306 3372 3104 3453">
    <p class='ocr_par' dir='ltr' id='par_1_34' title="bbox 306 3372 3104 3453">
     <span class='ocr_line' id='line_1_34' title="bbox 306 3372 3104 3453; baseline 0.002 -28"><span class='ocrx_word' id='word_1_443' title='bbox 306 3372 386 3426; x_wconf 86' lang='lat' dir='ltr'><strong>his</strong></span> <span class='ocrx_word' id='word_1_444' title='bbox 419 3382 593 3429; x_wconf 89' lang='lat' dir='ltr'><strong>tamen</strong></span> <span class='ocrx_word' id='word_1_445' title='bbox 618 3378 816 3445; x_wconf 69' lang='lat' dir='ltr'><strong>omnia,</strong></span> <span class='ocrx_word' id='word_1_446' title='bbox 847 3380 1021 3445; x_wconf 87' lang='lat' dir='ltr'><strong>capita</strong></span> <span class='ocrx_word' id='word_1_447' title='bbox 1047 3382 1245 3433; x_wconf 71' lang='lat' dir='ltr'><strong>decem.</strong></span> <span class='ocrx_word' id='word_1_448' title='bbox 1276 3380 1630 3453; x_wconf 87' lang='lat' dir='ltr'><strong>Permagnam</strong></span> <span class='ocrx_word' id='word_1_449' title='bbox 1655 3399 1774 3437; x_wconf 90' lang='lat' dir='ltr'><strong>vero</strong></span> <span class='ocrx_word' id='word_1_450' title='bbox 1801 3382 2089 3452; x_wconf 85' lang='lat' dir='ltr'><strong>legentibus</strong></span> <span class='ocrx_word' id='word_1_451' title='bbox 2118 3384 2404 3437; x_wconf 86' lang='lat' dir='ltr'><strong>utilitatem</strong></span> <span class='ocrx_word' id='word_1_452' title='bbox 2434 3382 2566 3436; x_wconf 88' lang='lat' dir='ltr'><strong>liber</strong></span> <span class='ocrx_word' id='word_1_453' title='bbox 2591 3382 2676 3441; x_wconf 87' lang='lat' dir='ltr'><strong>hic</strong></span> <span class='ocrx_word' id='word_1_454' title='bbox 2702 3380 2896 3453; x_wconf 73' lang='lat' dir='ltr'><strong>a/Ierre</strong></span> <span class='ocrx_word' id='word_1_455' title='bbox 2916 3387 3104 3448; x_wconf 83' lang='lat' dir='ltr'><strong>potest.</strong></span> 
     </span>
    </p>
   </div>
   <div class='ocr_carea' id='block_1_35' title="bbox 379 3464 3580 3545">
    <p class='ocr_par' dir='ltr' id='par_1_35' title="bbox 379 3464 3580 3545">
     <span class='ocr_line' id='line_1_35' title="bbox 379 3464 3580 3545; baseline 0.002 -28"><span class='ocrx_word' id='word_1_456' title='bbox 379 3464 554 3520; x_wconf 88' lang='lat' dir='ltr'><strong>Aliam</strong></span> <span class='ocrx_word' id='word_1_457' title='bbox 592 3465 762 3521; x_wconf 91' lang='lat' dir='ltr'><strong>videri</strong></span> <span class='ocrx_word' id='word_1_458' title='bbox 794 3478 974 3536; x_wconf 91' lang='lat' dir='ltr'><strong>potest</strong></span> <span class='ocrx_word' id='word_1_459' title='bbox 1013 3469 1296 3525; x_wconf 85' lang='lat' dir='ltr'><strong>Facundus</strong></span> <span class='ocrx_word' id='word_1_460' title='bbox 1334 3470 1743 3528; x_wconf 87' lang='lat' dir='ltr'><strong>llermianensis</strong></span> <span class='ocrx_word' id='word_1_461' title='bbox 1773 3474 1824 3527; x_wconf 91' lang='lat' dir='ltr'><strong>in</strong></span> <span class='ocrx_word' id='word_1_462' title='bbox 1852 3475 2038 3529; x_wconf 89' lang='lat' dir='ltr'><strong>codice</strong></span> <span class='ocrx_word' id='word_1_463' title='bbox 2078 3489 2185 3545; x_wconf 91' lang='lat' dir='ltr'><strong>quo</strong></span> <span class='ocrx_word' id='word_1_464' title='bbox 2211 3488 2342 3528; x_wconf 88' lang='lat' dir='ltr'><strong>usus</strong></span> <span class='ocrx_word' id='word_1_465' title='bbox 2381 3481 2468 3528; x_wconf 88' lang='lat' dir='ltr'><strong>est.</strong></span> <span class='ocrx_word' id='word_1_466' title='bbox 2505 3471 2849 3542; x_wconf 89' lang='lat' dir='ltr'><strong>partitionem</strong></span> <span class='ocrx_word' id='word_1_467' title='bbox 2907 3470 3223 3525; x_wconf 89' lang='lat' dir='ltr'><strong>invenisse:</strong></span> <span class='ocrx_word' id='word_1_468' title='bbox 3276 3483 3400 3523; x_wconf 91' lang='lat' dir='ltr'><strong>nam</strong></span> <span class='ocrx_word' id='word_1_469' title='bbox 3435 3468 3580 3539; x_wconf 90' lang='lat' dir='ltr'><strong>quod</strong></span> 
     </span>
    </p>
   </div>
   <div class='ocr_carea' id='block_1_36' title="bbox 307 3560 3577 3639">
    <p class='ocr_par' dir='ltr' id='par_1_36' title="bbox 307 3560 3577 3639">
     <span class='ocr_line' id='line_1_36' title="bbox 307 3560 3577 3639; baseline -0 -25"><span class='ocrx_word' id='word_1_470' title='bbox 307 3560 536 3615; x_wconf 78' lang='lat' dir='ltr'><strong>Photius</strong></span> <span class='ocrx_word' id='word_1_471' title='bbox 571 3572 822 3618; x_wconf 89' lang='lat' dir='ltr'><strong>octavum</strong></span> <span class='ocrx_word' id='word_1_472' title='bbox 854 3576 1017 3635; x_wconf 87' lang='lat' dir='ltr'><strong>caput</strong></span> <span class='ocrx_word' id='word_1_473' title='bbox 1040 3581 1162 3623; x_wconf 91' lang='lat' dir='ltr'><strong>esse</strong></span> <span class='ocrx_word' id='word_1_474' title='bbox 1189 3567 1416 3631; x_wconf 87' lang='lat' dir='ltr'><strong>indicat,</strong></span> <span class='ocrx_word' id='word_1_475' title='bbox 1440 3568 1729 3638; x_wconf 87' lang='lat' dir='ltr'><strong>septimum</strong></span> <span class='ocrx_word' id='word_1_476' title='bbox 1766 3570 1877 3639; x_wconf 89' lang='lat' dir='ltr'><strong>ipse</strong></span> <span class='ocrx_word' id='word_1_477' title='bbox 1910 3578 2101 3635; x_wconf 89' lang='lat' dir='ltr'><strong>vocat;</strong></span> <span class='ocrx_word' id='word_1_478' title='bbox 2136 3569 2405 3623; x_wconf 88' lang='lat' dir='ltr'><strong>decimum</strong></span> <span class='ocrx_word' id='word_1_479' title='bbox 2436 3582 2583 3630; x_wconf 90' lang='lat' dir='ltr'><strong>vero,</strong></span> <span class='ocrx_word' id='word_1_480' title='bbox 2611 3566 2755 3637; x_wconf 91' lang='lat' dir='ltr'><strong>quod</strong></span> <span class='ocrx_word' id='word_1_481' title='bbox 2784 3565 2924 3635; x_wconf 88' lang='lat' dir='ltr'><strong>apud</strong></span> <span class='ocrx_word' id='word_1_482' title='bbox 2954 3562 3210 3618; x_wconf 86' lang='lat' dir='ltr'><strong>Photium</strong></span> <span class='ocrx_word' id='word_1_483' title='bbox 3233 3562 3577 3616; x_wconf 90' lang='lat' dir='ltr'><strong>undecimum</strong></span> 
     </span>
    </p>
   </div>
   <div class='ocr_carea' id='block_1_37' title="bbox 307 3652 3579 3731">
    <p class='ocr_par' dir='ltr' id='par_1_37' title="bbox 307 3652 3579 3731">
     <span class='ocr_line' id='line_1_37' title="bbox 307 3652 3579 3731; baseline 0.001 -29"><span class='ocrx_word' id='word_1_484' title='bbox 307 3652 548 3719; x_wconf 80' lang='lat' dir='ltr'><strong>ponitur.</strong></span> <span class='ocrx_word' id='word_1_485' title='bbox 581 3653 673 3709; x_wconf 89' lang='lat' dir='ltr'><strong>Sic</strong></span> <span class='ocrx_word' id='word_1_486' title='bbox 699 3657 845 3709; x_wconf 88' lang='lat' dir='ltr'><strong>enim</strong></span> <span class='ocrx_word' id='word_1_487' title='bbox 872 3656 1063 3712; x_wconf 78' lang='lat' dir='ltr'><strong>scribit</strong></span> <span class='ocrx_word' id='word_1_488' title='bbox 1090 3676 1103 3712; x_wconf 90' lang='lat'><strong>:</strong></span> <span class='ocrx_word' id='word_1_489' title='bbox 1135 3657 1366 3728; x_wconf 89' lang='lat' dir='ltr'><strong>Cyrillus</strong></span> <span class='ocrx_word' id='word_1_490' title='bbox 1397 3661 1453 3714; x_wconf 86' lang='lat' dir='ltr'><strong>in</strong></span> <span class='ocrx_word' id='word_1_491' title='bbox 1482 3660 1614 3714; x_wconf 90' lang='lat' dir='ltr'><strong>libro</strong></span> <span class='ocrx_word' id='word_1_492' title='bbox 1652 3677 1803 3731; x_wconf 83' lang='lat' dir='ltr'><strong>queat</strong></span> <span class='ocrx_word' id='word_1_493' title='bbox 1845 3660 2061 3716; x_wconf 86' lang='lat' dir='ltr'><strong>Scholia</strong></span> <span class='ocrx_word' id='word_1_494' title='bbox 2110 3661 2455 3730; x_wconf 86' lang='lat' dir='ltr'><strong>nuncupavit,</strong></span> <span class='ocrx_word' id='word_1_495' title='bbox 2508 3659 2663 3712; x_wconf 88' lang='lat' dir='ltr'><strong>titulo</strong></span> <span class='ocrx_word' id='word_1_496' title='bbox 2702 3660 2955 3727; x_wconf 83' lang='lat' dir='ltr'><strong>septimo,</strong></span> <span class='ocrx_word' id='word_1_497' title='bbox 2991 3668 3154 3724; x_wconf 87' lang='lat' dir='ltr'><strong>quam</strong></span> <span class='ocrx_word' id='word_1_498' title='bbox 3186 3668 3306 3709; x_wconf 88' lang='lat' dir='ltr'><strong>esse</strong></span> <span class='ocrx_word' id='word_1_499' title='bbox 3340 3652 3579 3708; x_wconf 87' lang='lat' dir='ltr'><strong>dicimus</strong></span> 
     </span>
    </p>
   </div>
   <div class='ocr_carea' id='block_1_38' title="bbox 306 3746 3577 3826">
    <p class='ocr_par' dir='ltr' id='par_1_38' title="bbox 306 3746 3577 3826">
     <span class='ocr_line' id='line_1_38' title="bbox 306 3746 3577 3826; baseline 0.002 -31"><span class='ocrx_word' id='word_1_500' title='bbox 306 3746 714 3812; x_wconf 84' lang='lat' dir='ltr'><strong>adunationem,</strong></span> <span class='ocrx_word' id='word_1_501' title='bbox 744 3748 947 3813; x_wconf 89' lang='lat' dir='ltr'><strong>anima,</strong></span> <span class='ocrx_word' id='word_1_502' title='bbox 981 3748 1174 3819; x_wconf 88' lang='lat' dir='ltr'><strong>inquit,</strong></span> <span class='ocrx_word' id='word_1_503' title='bbox 1210 3753 1386 3805; x_wconf 87' lang='lat' dir='ltr'><strong>omnia</strong></span> <span class='ocrx_word' id='word_1_504' title='bbox 1425 3769 1542 3820; x_wconf 80' lang='lat' dir='ltr'><strong>qua:</strong></span> <span class='ocrx_word' id='word_1_505' title='bbox 1566 3761 1688 3808; x_wconf 86' lang='lat' dir='ltr'><strong>sunt</strong></span> <span class='ocrx_word' id='word_1_506' title='bbox 1716 3756 1969 3823; x_wconf 81' lang='lat' dir='ltr'><strong>corporis,</strong></span> <span class='ocrx_word' id='word_1_507' title='bbox 2000 3762 2105 3811; x_wconf 91' lang='lat' dir='ltr'><strong>etc.</strong></span> <span class='ocrx_word' id='word_1_508' title='bbox 2141 3753 2282 3826; x_wconf 86' lang='lat' dir='ltr'><strong>(Lib.</strong></span> <span class='ocrx_word' id='word_1_509' title='bbox 2320 3770 2395 3817; x_wconf 78' lang='lat' dir='ltr'><strong>xl,</strong></span> <span class='ocrx_word' id='word_1_510' title='bbox 2431 3769 2482 3809; x_wconf 88' lang='lat' dir='ltr'><strong>c.</strong></span> <span class='ocrx_word' id='word_1_511' title='bbox 2510 3753 2591 3821; x_wconf 91' lang='lat'><strong>7.)</strong></span> <span class='ocrx_word' id='word_1_512' title='bbox 2623 3752 2684 3806; x_wconf 79' lang='lat' dir='ltr'><strong>Et</strong></span> <span class='ocrx_word' id='word_1_513' title='bbox 2709 3759 2895 3821; x_wconf 87' lang='lat' dir='ltr'><strong>postea</strong></span> <span class='ocrx_word' id='word_1_514' title='bbox 2921 3764 2934 3799; x_wconf 90' lang='lat'><strong>:</strong></span> <span class='ocrx_word' id='word_1_515' title='bbox 2964 3747 3169 3802; x_wconf 85' lang='lat' dir='ltr'><strong>Rursus</strong></span> <span class='ocrx_word' id='word_1_516' title='bbox 3193 3756 3366 3801; x_wconf 88' lang='lat' dir='ltr'><strong>autem</strong></span> <span class='ocrx_word' id='word_1_517' title='bbox 3397 3747 3577 3802; x_wconf 87' lang='lat' dir='ltr'><strong>eodem</strong></span> 
     </span>
    </p>
   </div>
   <div class='ocr_carea' id='block_1_39' title="bbox 309 3841 3579 3918">
    <p class='ocr_par' dir='ltr' id='par_1_39' title="bbox 309 3841 3579 3918">
     <span class='ocr_line' id='line_1_39' title="bbox 309 3841 3579 3918; baseline 0.001 -26"><span class='ocrx_word' id='word_1_518' title='bbox 309 3841 462 3902; x_wconf 72' lang='lat' dir='ltr'><strong>libr-6,</strong></span> <span class='ocrx_word' id='word_1_519' title='bbox 488 3841 651 3896; x_wconf 73' lang='lat' dir='ltr'><strong>titulo</strong></span> <span class='ocrx_word' id='word_1_520' title='bbox 678 3843 900 3908; x_wconf 86' lang='lat' dir='ltr'><strong>decimo,</strong></span> <span class='ocrx_word' id='word_1_521' title='bbox 924 3845 1050 3914; x_wconf 86' lang='lat' dir='ltr'><strong>quid</strong></span> <span class='ocrx_word' id='word_1_522' title='bbox 1089 3845 1306 3910; x_wconf 78' lang='lat' dir='ltr'><strong>dixerit,</strong></span> <span class='ocrx_word' id='word_1_523' title='bbox 1329 3846 1409 3901; x_wconf 86' lang='lat' dir='ltr'><strong>vel</strong></span> <span class='ocrx_word' id='word_1_524' title='bbox 1438 3849 1566 3918; x_wconf 82' lang='lat' dir='ltr'><strong>quid</strong></span> <span class='ocrx_word' id='word_1_525' title='bbox 1612 3850 1786 3917; x_wconf 84' lang='lat' dir='ltr'><strong>prima</strong></span> <span class='ocrx_word' id='word_1_526' title='bbox 1819 3849 1992 3917; x_wconf 79' lang='lat' dir='ltr'><strong>fronte</strong></span> <span class='ocrx_word' id='word_1_527' title='bbox 2026 3851 2170 3905; x_wconf 84' lang='lat' dir='ltr'><strong>solus</strong></span> <span class='ocrx_word' id='word_1_528' title='bbox 2206 3852 2314 3918; x_wconf 84' lang='lat' dir='ltr'><strong>ipse</strong></span> <span class='ocrx_word' id='word_1_529' title='bbox 2360 3848 2544 3902; x_wconf 85' lang='lat' dir='ltr'><strong>titulus</strong></span> <span class='ocrx_word' id='word_1_530' title='bbox 2584 3846 2869 3915; x_wconf 76' lang='lat' dir='ltr'><strong>prwfcrat,</strong></span> <span class='ocrx_word' id='word_1_531' title='bbox 2908 3845 3279 3911; x_wconf 78' lang='lat' dir='ltr'><strong>advertamus;</strong></span> <span class='ocrx_word' id='word_1_532' title='bbox 3319 3859 3443 3897; x_wconf 89' lang='lat' dir='ltr'><strong>nam</strong></span> <span class='ocrx_word' id='word_1_533' title='bbox 3482 3845 3579 3897; x_wconf 90' lang='lat' dir='ltr'><strong>hoc</strong></span> 
     </span>
    </p>
   </div>
   <div class='ocr_carea' id='block_1_40' title="bbox 308 3933 3578 4011">
    <p class='ocr_par' dir='ltr' id='par_1_40' title="bbox 308 3933 3578 4011">
     <span class='ocr_line' id='line_1_40' title="bbox 308 3933 3578 4011; baseline 0.002 -28"><span class='ocrx_word' id='word_1_534' title='bbox 308 3934 361 3986; x_wconf 84' lang='lat' dir='ltr'><strong>in</strong></span> <span class='ocrx_word' id='word_1_535' title='bbox 392 3934 487 3987; x_wconf 88' lang='lat' dir='ltr'><strong>illo</strong></span> <span class='ocrx_word' id='word_1_536' title='bbox 514 3950 569 3989; x_wconf 87' lang='lat' dir='ltr'><strong>se</strong></span> <span class='ocrx_word' id='word_1_537' title='bbox 597 3944 927 3990; x_wconf 83' lang='lat' dir='ltr'><strong>ostensurum</strong></span> <span class='ocrx_word' id='word_1_538' title='bbox 953 3954 1062 3992; x_wconf 88' lang='lat' dir='ltr'><strong>esse</strong></span> <span class='ocrx_word' id='word_1_539' title='bbox 1089 3940 1331 4007; x_wconf 82' lang='lat' dir='ltr'><strong>promisit</strong></span> <span class='ocrx_word' id='word_1_540' title='bbox 1366 3939 1546 3995; x_wconf 88' lang='lat' dir='ltr'><strong>dicens</strong></span> <span class='ocrx_word' id='word_1_541' title='bbox 1575 3939 1787 4011; x_wconf 83' lang='lat' dir='ltr'><strong>(Ibid.),</strong></span> <span class='ocrx_word' id='word_1_542' title='bbox 1835 3941 1976 4010; x_wconf 90' lang='lat' dir='ltr'><strong>quod</strong></span> <span class='ocrx_word' id='word_1_543' title='bbox 2010 3952 2066 3997; x_wconf 91' lang='lat' dir='ltr'><strong>et</strong></span> <span class='ocrx_word' id='word_1_544' title='bbox 2092 3941 2329 3995; x_wconf 88' lang='lat' dir='ltr'><strong>adunato</strong></span> <span class='ocrx_word' id='word_1_545' title='bbox 2363 3939 2473 3993; x_wconf 88' lang='lat' dir='ltr'><strong>Deo</strong></span> <span class='ocrx_word' id='word_1_546' title='bbox 2513 3937 2689 3992; x_wconf 87' lang='lat' dir='ltr'><strong>Verbo</strong></span> <span class='ocrx_word' id='word_1_547' title='bbox 2732 3950 2855 3989; x_wconf 90' lang='lat' dir='ltr'><strong>vere</strong></span> <span class='ocrx_word' id='word_1_548' title='bbox 2896 3933 3242 3998; x_wconf 88' lang='lat' dir='ltr'><strong>humanitati,</strong></span> <span class='ocrx_word' id='word_1_549' title='bbox 3280 3933 3578 3990; x_wconf 78' lang='lat' dir='ltr'><strong>inconfusa:</strong></span> 
     </span>
    </p>
   </div>
   <div class='ocr_carea' id='block_1_41' title="bbox 306 4025 3573 4107">
    <p class='ocr_par' dir='ltr' id='par_1_41' title="bbox 306 4025 3573 4107">
     <span class='ocr_line' id='line_1_41' title="bbox 306 4025 3573 4107; baseline -0 -25"><span class='ocrx_word' id='word_1_550' title='bbox 306 4040 488 4107; x_wconf 69' lang='lat' dir='ltr'><strong>tamen</strong></span> <span class='ocrx_word' id='word_1_551' title='bbox 512 4028 828 4084; x_wconf 77' lang='lat' dir='ltr'><strong>substantia:</strong></span> <span class='ocrx_word' id='word_1_552' title='bbox 858 4033 1278 4098; x_wconf 87' lang='lat' dir='ltr'><strong>permanserint.</strong></span> <span class='ocrx_word' id='word_1_553' title='bbox 1315 4031 1488 4103; x_wconf 86' lang='lat' dir='ltr'><strong>thue</strong></span> <span class='ocrx_word' id='word_1_554' title='bbox 1530 4034 1626 4087; x_wconf 87' lang='lat' dir='ltr'><strong>hoc</strong></span> <span class='ocrx_word' id='word_1_555' title='bbox 1653 4036 1897 4104; x_wconf 88' lang='lat' dir='ltr'><strong>probaret</strong></span> <span class='ocrx_word' id='word_1_556' title='bbox 1932 4036 2148 4106; x_wconf 87' lang='lat' dir='ltr'><strong>subjecit</strong></span> <span class='ocrx_word' id='word_1_557' title='bbox 2179 4034 2283 4089; x_wconf 86' lang='lat' dir='ltr'><strong>ista</strong></span> <span class='ocrx_word' id='word_1_558' title='bbox 2310 4049 2328 4087; x_wconf 89' lang='lat'><strong><em>:</em></strong></span> <span class='ocrx_word' id='word_1_559' title='bbox 2356 4032 2609 4089; x_wconf 89' lang='lat' dir='ltr'><strong>Erectum</strong></span> <span class='ocrx_word' id='word_1_560' title='bbox 2641 4038 2725 4087; x_wconf 91' lang='lat' dir='ltr'><strong>est</strong></span> <span class='ocrx_word' id='word_1_561' title='bbox 2776 4029 3074 4085; x_wconf 89' lang='lat' dir='ltr'><strong>secundum</strong></span> <span class='ocrx_word' id='word_1_562' title='bbox 3113 4025 3206 4081; x_wconf 90' lang='lat' dir='ltr'><strong>Dei</strong></span> <span class='ocrx_word' id='word_1_563' title='bbox 3243 4025 3573 4083; x_wconf 79' lang='lat' dir='ltr'><strong>voluntatem</strong></span> 
     </span>
    </p>
   </div>
   <div class='ocr_carea' id='block_1_42' title="bbox 309 4116 1602 4188">
    <p class='ocr_par' dir='ltr' id='par_1_42' title="bbox 309 4116 1602 4188">
     <span class='ocr_line' id='line_1_42' title="bbox 309 4116 1602 4188; baseline 0.005 -19"><span class='ocrx_word' id='word_1_564' title='bbox 309 4124 560 4175; x_wconf 75' lang='lat' dir='ltr'><strong>sanctum</strong></span> <span class='ocrx_word' id='word_1_565' title='bbox 592 4116 1005 4175; x_wconf 87' lang='lat' dir='ltr'><strong>tabernaculum</strong></span> <span class='ocrx_word' id='word_1_566' title='bbox 1039 4134 1138 4188; x_wconf 92' lang='lat' dir='ltr'><strong>per</strong></span> <span class='ocrx_word' id='word_1_567' title='bbox 1168 4121 1467 4187; x_wconf 90' lang='lat' dir='ltr'><strong>desertum,</strong></span> <span class='ocrx_word' id='word_1_568' title='bbox 1495 4130 1602 4176; x_wconf 92' lang='lat' dir='ltr'><strong>etc.</strong></span> 
     </span>
    </p>
   </div>
   <div class='ocr_carea' id='block_1_43' title="bbox 378 4210 3577 4285">
    <p class='ocr_par' dir='ltr' id='par_1_43' title="bbox 378 4210 3577 4285">
     <span class='ocr_line' id='line_1_43' title="bbox 378 4210 3577 4285; baseline 0.002 -24"><span class='ocrx_word' id='word_1_569' title='bbox 378 4211 699 4278; x_wconf 76' lang='lat' dir='ltr'><strong>Quanquam</strong></span> <span class='ocrx_word' id='word_1_570' title='bbox 739 4210 791 4264; x_wconf 91' lang='lat' dir='ltr'><strong>in</strong></span> <span class='ocrx_word' id='word_1_571' title='bbox 829 4221 1118 4281; x_wconf 90' lang='lat' dir='ltr'><strong>utrumque</strong></span> <span class='ocrx_word' id='word_1_572' title='bbox 1156 4213 1334 4269; x_wconf 91' lang='lat' dir='ltr'><strong>locum</strong></span> <span class='ocrx_word' id='word_1_573' title='bbox 1372 4214 1530 4270; x_wconf 79' lang='lat' dir='ltr'><strong>facile</strong></span> <span class='ocrx_word' id='word_1_574' title='bbox 1558 4215 1734 4285; x_wconf 89' lang='lat' dir='ltr'><strong>potuit</strong></span> <span class='ocrx_word' id='word_1_575' title='bbox 1765 4216 2015 4271; x_wconf 90' lang='lat' dir='ltr'><strong>mendum</strong></span> <span class='ocrx_word' id='word_1_576' title='bbox 2063 4214 2324 4285; x_wconf 88' lang='lat' dir='ltr'><strong>irrepere,</strong></span> <span class='ocrx_word' id='word_1_577' title='bbox 2369 4213 2414 4269; x_wconf 90' lang='lat' dir='ltr'><strong>si</strong></span> <span class='ocrx_word' id='word_1_578' title='bbox 2450 4212 2609 4268; x_wconf 91' lang='lat' dir='ltr'><strong>modo</strong></span> <span class='ocrx_word' id='word_1_579' title='bbox 2658 4210 2855 4267; x_wconf 90' lang='lat' dir='ltr'><strong>litteris</strong></span> <span class='ocrx_word' id='word_1_580' title='bbox 2904 4210 3189 4276; x_wconf 84' lang='lat' dir='ltr'><strong>Romanis,</strong></span> <span class='ocrx_word' id='word_1_581' title='bbox 3218 4221 3277 4267; x_wconf 92' lang='lat' dir='ltr'><strong>ut</strong></span> <span class='ocrx_word' id='word_1_582' title='bbox 3316 4211 3577 4269; x_wconf 87' lang='lat' dir='ltr'><strong>credibile</strong></span> 
     </span>
    </p>
   </div>
   <div class='ocr_carea' id='block_1_44' title="bbox 306 4300 3577 4374">
    <p class='ocr_par' dir='ltr' id='par_1_44' title="bbox 306 4300 3577 4374">
     <span class='ocr_line' id='line_1_44' title="bbox 306 4300 3577 4374; baseline 0 -17"><span class='ocrx_word' id='word_1_583' title='bbox 306 4310 413 4362; x_wconf 88' lang='lat' dir='ltr'><strong>est,</strong></span> <span class='ocrx_word' id='word_1_584' title='bbox 440 4315 535 4366; x_wconf 85' lang='lat' dir='ltr'><strong>vn,</strong></span> <span class='ocrx_word' id='word_1_585' title='bbox 567 4314 644 4364; x_wconf 81' lang='lat' dir='ltr'><strong>xl,</strong></span> <span class='ocrx_word' id='word_1_586' title='bbox 678 4315 938 4363; x_wconf 83' lang='lat' dir='ltr'><strong>numerus</strong></span> <span class='ocrx_word' id='word_1_587' title='bbox 966 4302 1205 4372; x_wconf 90' lang='lat' dir='ltr'><strong>scriptus</strong></span> <span class='ocrx_word' id='word_1_588' title='bbox 1230 4302 1301 4357; x_wconf 87' lang='lat' dir='ltr'><strong>sit</strong></span> <span class='ocrx_word' id='word_1_589' title='bbox 1329 4317 1345 4356; x_wconf 89' lang='lat'><strong>:</strong></span> <span class='ocrx_word' id='word_1_590' title='bbox 1377 4305 1554 4374; x_wconf 91' lang='lat' dir='ltr'><strong>potuit</strong></span> <span class='ocrx_word' id='word_1_591' title='bbox 1583 4306 1727 4361; x_wconf 92' lang='lat' dir='ltr'><strong>enim</strong></span> <span class='ocrx_word' id='word_1_592' title='bbox 1759 4306 1918 4360; x_wconf 79' lang='lat' dir='ltr'><strong>facile</strong></span> <span class='ocrx_word' id='word_1_593' title='bbox 1952 4305 2167 4361; x_wconf 89' lang='lat' dir='ltr'><strong>detrahi</strong></span> <span class='ocrx_word' id='word_1_594' title='bbox 2202 4306 2255 4360; x_wconf 88' lang='lat' dir='ltr'><strong>in</strong></span> <span class='ocrx_word' id='word_1_595' title='bbox 2302 4320 2410 4359; x_wconf 93' lang='lat' dir='ltr'><strong>uno</strong></span> <span class='ocrx_word' id='word_1_596' title='bbox 2450 4303 2590 4369; x_wconf 93' lang='lat' dir='ltr'><strong>loco,</strong></span> <span class='ocrx_word' id='word_1_597' title='bbox 2620 4310 2675 4358; x_wconf 90' lang='lat' dir='ltr'><strong>et</strong></span> <span class='ocrx_word' id='word_1_598' title='bbox 2715 4302 2769 4355; x_wconf 89' lang='lat' dir='ltr'><strong>in</strong></span> <span class='ocrx_word' id='word_1_599' title='bbox 2812 4300 2982 4357; x_wconf 89' lang='lat' dir='ltr'><strong>altero</strong></span> <span class='ocrx_word' id='word_1_600' title='bbox 3015 4301 3137 4356; x_wconf 90' lang='lat' dir='ltr'><strong>addi</strong></span> <span class='ocrx_word' id='word_1_601' title='bbox 3167 4301 3239 4357; x_wconf 91' lang='lat' dir='ltr'><strong>ab</strong></span> <span class='ocrx_word' id='word_1_602' title='bbox 3282 4301 3577 4362; x_wconf 87' lang='lat' dir='ltr'><strong>incuriosis</strong></span> 
     </span>
    </p>
   </div>
   <div class='ocr_carea' id='block_1_45' title="bbox 310 4392 3570 4472">
    <p class='ocr_par' dir='ltr' id='par_1_45' title="bbox 310 4392 3570 4472">
     <span class='ocr_line' id='line_1_45' title="bbox 310 4392 3570 4472; baseline 0.002 -24"><span class='ocrx_word' id='word_1_603' title='bbox 310 4392 547 4449; x_wconf 85' lang='lat' dir='ltr'><strong>librariis</strong></span> <span class='ocrx_word' id='word_1_604' title='bbox 583 4392 741 4447; x_wconf 86' lang='lat' dir='ltr'><strong>tertia</strong></span> <span class='ocrx_word' id='word_1_605' title='bbox 776 4395 1001 4451; x_wconf 90' lang='lat' dir='ltr'><strong>vocalis.</strong></span> <span class='ocrx_word' id='word_1_606' title='bbox 1035 4397 1215 4463; x_wconf 82' lang='lat' dir='ltr'><strong>Quare</strong></span> <span class='ocrx_word' id='word_1_607' title='bbox 1238 4397 1482 4457; x_wconf 87' lang='lat' dir='ltr'><strong>Facundi</strong></span> <span class='ocrx_word' id='word_1_608' title='bbox 1516 4400 1678 4459; x_wconf 88' lang='lat' dir='ltr'><strong>lectio</strong></span> <span class='ocrx_word' id='word_1_609' title='bbox 1712 4400 2035 4472; x_wconf 88' lang='lat' dir='ltr'><strong>corrigenda</strong></span> <span class='ocrx_word' id='word_1_610' title='bbox 2067 4400 2199 4455; x_wconf 90' lang='lat' dir='ltr'><strong>mihi</strong></span> <span class='ocrx_word' id='word_1_611' title='bbox 2230 4399 2465 4467; x_wconf 86' lang='lat' dir='ltr'><strong>videtur,</strong></span> <span class='ocrx_word' id='word_1_612' title='bbox 2496 4396 2782 4453; x_wconf 86' lang='lat' dir='ltr'><strong>retinenda</strong></span> <span class='ocrx_word' id='word_1_613' title='bbox 2814 4394 3015 4461; x_wconf 90' lang='lat' dir='ltr'><strong>Photii,</strong></span> <span class='ocrx_word' id='word_1_614' title='bbox 3052 4396 3351 4453; x_wconf 89' lang='lat' dir='ltr'><strong>contractis</strong></span> <span class='ocrx_word' id='word_1_615' title='bbox 3385 4406 3570 4453; x_wconf 88' lang='lat' dir='ltr'><strong>tamen</strong></span> 
     </span>
    </p>
   </div>
   <div class='ocr_carea' id='block_1_46' title="bbox 310 4488 3573 4567">
    <p class='ocr_par' dir='ltr' id='par_1_46' title="bbox 310 4488 3573 4567">
     <span class='ocr_line' id='line_1_46' title="bbox 310 4488 3573 4567; baseline 0 -22"><span class='ocrx_word' id='word_1_616' title='bbox 310 4491 362 4545; x_wconf 90' lang='lat' dir='ltr'><strong>in</strong></span> <span class='ocrx_word' id='word_1_617' title='bbox 414 4504 576 4542; x_wconf 92' lang='lat' dir='ltr'><strong>unum</strong></span> <span class='ocrx_word' id='word_1_618' title='bbox 614 4488 884 4566; x_wconf 83' lang='lat' dir='ltr'><strong>capitibus</strong></span> <span class='ocrx_word' id='word_1_619' title='bbox 931 4489 1143 4547; x_wconf 90' lang='lat' dir='ltr'><strong>duobus</strong></span> <span class='ocrx_word' id='word_1_620' title='bbox 1192 4493 1260 4550; x_wconf 86' lang='lat' dir='ltr'><strong>de</strong></span> <span class='ocrx_word' id='word_1_621' title='bbox 1301 4495 1538 4552; x_wconf 89' lang='lat' dir='ltr'><strong>carbone</strong></span> <span class='ocrx_word' id='word_1_622' title='bbox 1588 4498 1673 4552; x_wconf 89' lang='lat' dir='ltr'><strong>vel</strong></span> <span class='ocrx_word' id='word_1_623' title='bbox 1721 4497 1876 4553; x_wconf 89' lang='lat' dir='ltr'><strong>lilio:</strong></span> <span class='ocrx_word' id='word_1_624' title='bbox 1911 4512 2034 4567; x_wconf 67' lang='lat' dir='ltr'><strong>qua:</strong></span> <span class='ocrx_word' id='word_1_625' title='bbox 2090 4495 2339 4566; x_wconf 80' lang='lat' dir='ltr'><strong>exempla</strong></span> <span class='ocrx_word' id='word_1_626' title='bbox 2382 4495 2452 4551; x_wconf 90' lang='lat' dir='ltr'><strong>ad</strong></span> <span class='ocrx_word' id='word_1_627' title='bbox 2497 4494 2572 4560; x_wconf 93' lang='lat' dir='ltr'><strong>id,</strong></span> <span class='ocrx_word' id='word_1_628' title='bbox 2602 4492 2744 4563; x_wconf 89' lang='lat' dir='ltr'><strong>quod</strong></span> <span class='ocrx_word' id='word_1_629' title='bbox 2790 4491 2850 4546; x_wconf 90' lang='lat' dir='ltr'><strong>in</strong></span> <span class='ocrx_word' id='word_1_630' title='bbox 2900 4488 3057 4547; x_wconf 89' lang='lat' dir='ltr'><strong>titulo</strong></span> <span class='ocrx_word' id='word_1_631' title='bbox 3092 4488 3426 4559; x_wconf 91' lang='lat' dir='ltr'><strong>propositum</strong></span> <span class='ocrx_word' id='word_1_632' title='bbox 3470 4500 3573 4556; x_wconf 92' lang='lat' dir='ltr'><strong>est,</strong></span> 
     </span>
    </p>
   </div>
   <div class='ocr_carea' id='block_1_47' title="bbox 310 4582 1245 4652">
    <p class='ocr_par' dir='ltr' id='par_1_47' title="bbox 310 4582 1245 4652">
     <span class='ocr_line' id='line_1_47' title="bbox 310 4582 1245 4652; baseline 0.006 -17"><span class='ocrx_word' id='word_1_633' title='bbox 310 4583 648 4652; x_wconf 88' lang='lat' dir='ltr'><strong>probandum</strong></span> <span class='ocrx_word' id='word_1_634' title='bbox 676 4582 881 4652; x_wconf 89' lang='lat' dir='ltr'><strong>pariter</strong></span> <span class='ocrx_word' id='word_1_635' title='bbox 912 4585 1245 4641; x_wconf 89' lang='lat' dir='ltr'><strong>conducunt.</strong></span> 
     </span>
    </p>
   </div>
   <div class='ocr_carea' id='block_1_48' title="bbox 383 4674 3571 4751">
    <p class='ocr_par' dir='ltr' id='par_1_48' title="bbox 383 4674 3571 4751">
     <span class='ocr_line' id='line_1_48' title="bbox 383 4674 3571 4751; baseline 0.001 -24"><span class='ocrx_word' id='word_1_636' title='bbox 383 4674 450 4727; x_wconf 81' lang='lat' dir='ltr'><strong>Et</strong></span> <span class='ocrx_word' id='word_1_637' title='bbox 475 4688 602 4728; x_wconf 93' lang='lat' dir='ltr'><strong>vero</strong></span> <span class='ocrx_word' id='word_1_638' title='bbox 631 4688 728 4742; x_wconf 91' lang='lat' dir='ltr'><strong>par</strong></span> <span class='ocrx_word' id='word_1_639' title='bbox 748 4683 834 4729; x_wconf 88' lang='lat' dir='ltr'><strong>est</strong></span> <span class='ocrx_word' id='word_1_640' title='bbox 862 4677 1104 4743; x_wconf 90' lang='lat' dir='ltr'><strong>credere,</strong></span> <span class='ocrx_word' id='word_1_641' title='bbox 1137 4694 1293 4734; x_wconf 91' lang='lat' dir='ltr'><strong>suum</strong></span> <span class='ocrx_word' id='word_1_642' title='bbox 1322 4679 1551 4749; x_wconf 82' lang='lat' dir='ltr'><strong>singulis</strong></span> <span class='ocrx_word' id='word_1_643' title='bbox 1581 4689 1852 4751; x_wconf 84' lang='lat' dir='ltr'><strong>capttmus</strong></span> <span class='ocrx_word' id='word_1_644' title='bbox 1884 4679 2207 4751; x_wconf 89' lang='lat' dir='ltr'><strong>inscriptum</strong></span> <span class='ocrx_word' id='word_1_645' title='bbox 2237 4679 2405 4735; x_wconf 85' lang='lat' dir='ltr'><strong>luisse</strong></span> <span class='ocrx_word' id='word_1_646' title='bbox 2432 4684 2818 4748; x_wconf 81' lang='lat' dir='ltr'><strong>argumentum</strong></span> <span class='ocrx_word' id='word_1_647' title='bbox 2846 4676 2990 4746; x_wconf 90' lang='lat' dir='ltr'><strong>quod</strong></span> <span class='ocrx_word' id='word_1_648' title='bbox 3023 4674 3364 4732; x_wconf 87' lang='lat' dir='ltr'><strong>tractandum</strong></span> <span class='ocrx_word' id='word_1_649' title='bbox 3394 4674 3571 4742; x_wconf 80' lang='lat' dir='ltr'><strong>foret;</strong></span> 
     </span>
    </p>
   </div>
   <div class='ocr_carea' id='block_1_49' title="bbox 316 4768 3572 4844">
    <p class='ocr_par' dir='ltr' id='par_1_49' title="bbox 316 4768 3572 4844">
     <span class='ocr_line' id='line_1_49' title="bbox 316 4768 3572 4844; baseline 0.001 -24"><span class='ocrx_word' id='word_1_650' title='bbox 316 4784 421 4821; x_wconf 92' lang='lat' dir='ltr'><strong>non</strong></span> <span class='ocrx_word' id='word_1_651' title='bbox 469 4768 597 4824; x_wconf 90' lang='lat' dir='ltr'><strong>item</strong></span> <span class='ocrx_word' id='word_1_652' title='bbox 632 4769 685 4824; x_wconf 93' lang='lat' dir='ltr'><strong>id</strong></span> <span class='ocrx_word' id='word_1_653' title='bbox 732 4770 1048 4841; x_wconf 87' lang='lat' dir='ltr'><strong>contigisse,</strong></span> <span class='ocrx_word' id='word_1_654' title='bbox 1093 4770 1237 4842; x_wconf 88' lang='lat' dir='ltr'><strong>quod</strong></span> <span class='ocrx_word' id='word_1_655' title='bbox 1288 4770 1342 4827; x_wconf 92' lang='lat' dir='ltr'><strong>in</strong></span> <span class='ocrx_word' id='word_1_656' title='bbox 1381 4770 1535 4828; x_wconf 89' lang='lat' dir='ltr'><strong>libris</strong></span> <span class='ocrx_word' id='word_1_657' title='bbox 1578 4774 1741 4830; x_wconf 88' lang='lat' dir='ltr'><strong>editis</strong></span> <span class='ocrx_word' id='word_1_658' title='bbox 1793 4773 2007 4844; x_wconf 85' lang='lat' dir='ltr'><strong>legitur,</strong></span> <span class='ocrx_word' id='word_1_659' title='bbox 2053 4783 2117 4830; x_wconf 88' lang='lat' dir='ltr'><strong>ut</strong></span> <span class='ocrx_word' id='word_1_660' title='bbox 2162 4772 2371 4843; x_wconf 89' lang='lat' dir='ltr'><strong>singula</strong></span> <span class='ocrx_word' id='word_1_661' title='bbox 2421 4771 2600 4840; x_wconf 88' lang='lat' dir='ltr'><strong>capita</strong></span> <span class='ocrx_word' id='word_1_662' title='bbox 2649 4770 2898 4842; x_wconf 88' lang='lat' dir='ltr'><strong>singulis,</strong></span> <span class='ocrx_word' id='word_1_663' title='bbox 2924 4771 3038 4826; x_wconf 85' lang='lat' dir='ltr'><strong>sive</strong></span> <span class='ocrx_word' id='word_1_664' title='bbox 3072 4771 3421 4835; x_wconf 89' lang='lat' dir='ltr'><strong>testimoniis,</strong></span> <span class='ocrx_word' id='word_1_665' title='bbox 3457 4772 3572 4827; x_wconf 85' lang='lat' dir='ltr'><strong>sive</strong></span> 
     </span>
    </p>
   </div>
   <div class='ocr_carea' id='block_1_50' title="bbox 310 4858 3574 4935">
    <p class='ocr_par' dir='ltr' id='par_1_50' title="bbox 310 4858 3574 4935">
     <span class='ocr_line' id='line_1_50' title="bbox 310 4858 3574 4935; baseline -0 -20"><span class='ocrx_word' id='word_1_666' title='bbox 310 4861 575 4930; x_wconf 83' lang='lat' dir='ltr'><strong>exemplis</strong></span> <span class='ocrx_word' id='word_1_667' title='bbox 606 4862 928 4917; x_wconf 87' lang='lat' dir='ltr'><strong>inconcinne</strong></span> <span class='ocrx_word' id='word_1_668' title='bbox 952 4872 1008 4917; x_wconf 89' lang='lat' dir='ltr'><strong>et</strong></span> <span class='ocrx_word' id='word_1_669' title='bbox 1038 4863 1319 4934; x_wconf 82' lang='grc' dir='ltr'><strong>ἀμεθόδως</strong></span> <span class='ocrx_word' id='word_1_670' title='bbox 1356 4865 1741 4921; x_wconf 89' lang='lat' dir='ltr'><strong>tribuerentur.</strong></span> <span class='ocrx_word' id='word_1_671' title='bbox 1780 4864 2096 4922; x_wconf 83' lang='lat' dir='ltr'><strong>Mercatoris</strong></span> <span class='ocrx_word' id='word_1_672' title='bbox 2130 4880 2293 4933; x_wconf 91' lang='lat' dir='ltr'><strong>porro</strong></span> <span class='ocrx_word' id='word_1_673' title='bbox 2319 4865 2488 4920; x_wconf 82' lang='lat' dir='ltr'><strong>codex</strong></span> <span class='ocrx_word' id='word_1_674' title='bbox 2522 4862 2655 4918; x_wconf 93' lang='lat' dir='ltr'><strong>nihil</strong></span> <span class='ocrx_word' id='word_1_675' title='bbox 2698 4862 2990 4935; x_wconf 89' lang='lat' dir='ltr'><strong>adjumeuti</strong></span> <span class='ocrx_word' id='word_1_676' title='bbox 3033 4860 3283 4919; x_wconf 80' lang='lat' dir='ltr'><strong>conferre</strong></span> <span class='ocrx_word' id='word_1_677' title='bbox 3309 4859 3477 4916; x_wconf 89' lang='lat' dir='ltr'><strong>valuit</strong></span> <span class='ocrx_word' id='word_1_678' title='bbox 3504 4858 3574 4914; x_wconf 88' lang='lat' dir='ltr'><strong>ad</strong></span> 
     </span>
    </p>
   </div>
   <div class='ocr_carea' id='block_1_51' title="bbox 313 4948 2765 5027">
    <p class='ocr_par' dir='ltr' id='par_1_51' title="bbox 313 4948 2765 5027">
     <span class='ocr_line' id='line_1_51' title="bbox 313 4948 2765 5027; baseline 0.004 -27"><span class='ocrx_word' id='word_1_679' title='bbox 313 4948 635 5005; x_wconf 88' lang='lat' dir='ltr'><strong>altertttram</strong></span> <span class='ocrx_word' id='word_1_680' title='bbox 671 4951 983 5021; x_wconf 87' lang='lat' dir='ltr'><strong>Opinionem</strong></span> <span class='ocrx_word' id='word_1_681' title='bbox 1015 4955 1460 5020; x_wconf 81' lang='lat' dir='ltr'><strong>conﬁrmandam,</strong></span> <span class='ocrx_word' id='word_1_682' title='bbox 1496 4956 1759 5027; x_wconf 87' lang='lat' dir='ltr'><strong>siquidem</strong></span> <span class='ocrx_word' id='word_1_683' title='bbox 1803 4956 1982 5013; x_wconf 89' lang='lat' dir='ltr'><strong>titulos</strong></span> <span class='ocrx_word' id='word_1_684' title='bbox 2007 4957 2171 5013; x_wconf 88' lang='lat' dir='ltr'><strong>habet</strong></span> <span class='ocrx_word' id='word_1_685' title='bbox 2204 4957 2325 5012; x_wconf 90' lang='lat' dir='ltr'><strong>sine</strong></span> <span class='ocrx_word' id='word_1_686' title='bbox 2353 4955 2478 5012; x_wconf 89' lang='lat' dir='ltr'><strong>ullis</strong></span> <span class='ocrx_word' id='word_1_687' title='bbox 2506 4956 2765 5011; x_wconf 89' lang='lat' dir='ltr'><strong>numeris.</strong></span> 
     </span>
    </p>
   </div>
   <div class='ocr_carea' id='block_1_52' title="bbox 391 5040 3572 5120">
    <p class='ocr_par' dir='ltr' id='par_1_52' title="bbox 391 5040 3572 5120">
     <span class='ocr_line' id='line_1_52' title="bbox 391 5040 3572 5120; baseline 0.003 -27"><span class='ocrx_word' id='word_1_688' title='bbox 391 5040 561 5110; x_wconf 83' lang='lat' dir='ltr'><strong>igitur</strong></span> <span class='ocrx_word' id='word_1_689' title='bbox 595 5044 809 5097; x_wconf 88' lang='lat' dir='ltr'><strong>tametsi</strong></span> <span class='ocrx_word' id='word_1_690' title='bbox 839 5044 1150 5099; x_wconf 83' lang='lat' dir='ltr'><strong>distributio</strong></span> <span class='ocrx_word' id='word_1_691' title='bbox 1175 5047 1435 5116; x_wconf 91' lang='lat' dir='ltr'><strong>capitum,</strong></span> <span class='ocrx_word' id='word_1_692' title='bbox 1462 5064 1581 5118; x_wconf 65' lang='lat' dir='ltr'><strong>quae</strong></span> <span class='ocrx_word' id='word_1_693' title='bbox 1624 5063 1723 5105; x_wconf 91' lang='lat' dir='ltr'><strong>usu</strong></span> <span class='ocrx_word' id='word_1_694' title='bbox 1754 5058 1968 5115; x_wconf 85' lang='lat' dir='ltr'><strong>recepta</strong></span> <span class='ocrx_word' id='word_1_695' title='bbox 2004 5058 2110 5118; x_wconf 91' lang='lat' dir='ltr'><strong>est,</strong></span> <span class='ocrx_word' id='word_1_696' title='bbox 2144 5047 2392 5119; x_wconf 85' lang='lat' dir='ltr'><strong>religiose</strong></span> <span class='ocrx_word' id='word_1_697' title='bbox 2416 5047 2681 5105; x_wconf 83' lang='lat' dir='ltr'><strong>servanda</strong></span> <span class='ocrx_word' id='word_1_698' title='bbox 2712 5048 2804 5115; x_wconf 91' lang='lat' dir='ltr'><strong>sit,</strong></span> <span class='ocrx_word' id='word_1_699' title='bbox 2834 5048 3007 5105; x_wconf 91' lang='lat' dir='ltr'><strong>visum</strong></span> <span class='ocrx_word' id='word_1_700' title='bbox 3052 5056 3137 5105; x_wconf 90' lang='lat' dir='ltr'><strong>est</strong></span> <span class='ocrx_word' id='word_1_701' title='bbox 3173 5057 3350 5104; x_wconf 90' lang='lat' dir='ltr'><strong>tamen</strong></span> <span class='ocrx_word' id='word_1_702' title='bbox 3393 5062 3572 5120; x_wconf 82' lang='lat' dir='ltr'><strong>operae</strong></span> 
     </span>
    </p>
   </div>
   <div class='ocr_carea' id='block_1_53' title="bbox 315 5132 3572 5212">
    <p class='ocr_par' dir='ltr' id='par_1_53' title="bbox 315 5132 3572 5212">
     <span class='ocr_line' id='line_1_53' title="bbox 315 5132 3572 5212; baseline 0.004 -29"><span class='ocrx_word' id='word_1_703' title='bbox 315 5132 551 5205; x_wconf 83' lang='lat' dir='ltr'><strong>pretium</strong></span> <span class='ocrx_word' id='word_1_704' title='bbox 588 5132 725 5197; x_wconf 79' lang='lat' dir='ltr'><strong>fore,</strong></span> <span class='ocrx_word' id='word_1_705' title='bbox 758 5133 803 5188; x_wconf 88' lang='lat' dir='ltr'><strong>si</strong></span> <span class='ocrx_word' id='word_1_706' title='bbox 829 5135 1058 5206; x_wconf 86' lang='lat' dir='ltr'><strong>singulis</strong></span> <span class='ocrx_word' id='word_1_707' title='bbox 1086 5138 1361 5206; x_wconf 89' lang='lat' dir='ltr'><strong>capitibus</strong></span> <span class='ocrx_word' id='word_1_708' title='bbox 1392 5138 1732 5196; x_wconf 91' lang='lat' dir='ltr'><strong>Scholiorum</strong></span> <span class='ocrx_word' id='word_1_709' title='bbox 1767 5139 1942 5196; x_wconf 87' lang='lat' dir='ltr'><strong>Photii</strong></span> <span class='ocrx_word' id='word_1_710' title='bbox 1968 5140 2179 5201; x_wconf 84' lang='lat' dir='ltr'><strong>numeri</strong></span> <span class='ocrx_word' id='word_1_711' title='bbox 2204 5155 2328 5198; x_wconf 92' lang='lat' dir='ltr'><strong>cum</strong></span> <span class='ocrx_word' id='word_1_712' title='bbox 2353 5140 2585 5211; x_wconf 84' lang='lat' dir='ltr'><strong>vulgatis</strong></span> <span class='ocrx_word' id='word_1_713' title='bbox 2609 5148 3036 5210; x_wconf 88' lang='lat' dir='ltr'><strong>apponerentur,</strong></span> <span class='ocrx_word' id='word_1_714' title='bbox 3061 5148 3118 5195; x_wconf 90' lang='lat' dir='ltr'><strong>et</strong></span> <span class='ocrx_word' id='word_1_715' title='bbox 3152 5139 3260 5208; x_wconf 92' lang='lat' dir='ltr'><strong>hic,</strong></span> <span class='ocrx_word' id='word_1_716' title='bbox 3283 5139 3572 5212; x_wconf 84' lang='lat' dir='ltr'><strong>propositis</strong></span> 
     </span>
    </p>
   </div>
   <div class='ocr_carea' id='block_1_54' title="bbox 314 5223 2810 5309">
    <p class='ocr_par' dir='ltr' id='par_1_54' title="bbox 314 5223 2810 5309">
     <span class='ocr_line' id='line_1_54' title="bbox 314 5223 2810 5309; baseline 0.002 -30"><span class='ocrx_word' id='word_1_717' title='bbox 314 5223 652 5294; x_wconf 84' lang='lat' dir='ltr'><strong>singulorum</strong></span> <span class='ocrx_word' id='word_1_718' title='bbox 682 5225 921 5295; x_wconf 85' lang='lat' dir='ltr'><strong>capitum</strong></span> <span class='ocrx_word' id='word_1_719' title='bbox 950 5242 1014 5282; x_wconf 82' lang='lat' dir='ltr'><strong>ex</strong></span> <span class='ocrx_word' id='word_1_720' title='bbox 1062 5227 1363 5287; x_wconf 83' lang='lat' dir='ltr'><strong>Mercatore</strong></span> <span class='ocrx_word' id='word_1_721' title='bbox 1395 5231 1586 5299; x_wconf 91' lang='lat' dir='ltr'><strong>titulis,</strong></span> <span class='ocrx_word' id='word_1_722' title='bbox 1622 5247 1721 5301; x_wconf 88' lang='lat' dir='ltr'><strong>per</strong></span> <span class='ocrx_word' id='word_1_723' title='bbox 1751 5234 2023 5309; x_wconf 77' lang='lat' dir='ltr'><strong>synopsim</strong></span> <span class='ocrx_word' id='word_1_724' title='bbox 2060 5241 2232 5289; x_wconf 89' lang='lat' dir='ltr'><strong>totum</strong></span> <span class='ocrx_word' id='word_1_725' title='bbox 2272 5246 2409 5303; x_wconf 88' lang='lat' dir='ltr'><strong>opus</strong></span> <span class='ocrx_word' id='word_1_726' title='bbox 2440 5231 2810 5287; x_wconf 82' lang='lat' dir='ltr'><strong>exhiberetur.</strong></span> 
     </span>
    </p>
   </div>
   <div class='ocr_carea' id='block_1_55' title="bbox 1123 5368 2751 5442">
    <p class='ocr_par' dir='ltr' id='par_1_55' title="bbox 1123 5368 2751 5442">
     <span class='ocr_line' id='line_1_55' title="bbox 1123 5368 2751 5442; baseline -0.001 -18"><span class='ocrx_word' id='word_1_727' title='bbox 1123 5368 1310 5440; x_wconf 82' lang='lat' dir='ltr'><strong>Cyrilli</strong></span> <span class='ocrx_word' id='word_1_728' title='bbox 1339 5373 1567 5442; x_wconf 83' lang='lat' dir='ltr'><strong>episcopi</strong></span> <span class='ocrx_word' id='word_1_729' title='bbox 1604 5373 1940 5430; x_wconf 75' lang='lat' dir='ltr'><strong>Alexandria:</strong></span> <span class='ocrx_word' id='word_1_730' title='bbox 1974 5376 2038 5429; x_wconf 83' lang='lat' dir='ltr'><strong>de</strong></span> <span class='ocrx_word' id='word_1_731' title='bbox 2076 5372 2440 5428; x_wconf 84' lang='lat' dir='ltr'><strong>incarnatione</strong></span> <span class='ocrx_word' id='word_1_732' title='bbox 2468 5369 2751 5441; x_wconf 80' lang='lat' dir='ltr'><strong>Unigeniti.</strong></span> 
     </span>
    </p>
   </div>
   <div class='ocr_carea' id='block_1_56' title="bbox 386 5503 1211 5571">
    <p class='ocr_par' dir='ltr' id='par_1_56' title="bbox 386 5503 1211 5571">
     <span class='ocr_line' id='line_1_56' title="bbox 386 5503 1211 5571; baseline 0.001 -9"><span class='ocrx_word' id='word_1_733' title='bbox 386 5506 570 5562; x_wconf 74' lang='lat' dir='ltr'><strong>CAPUT</strong></span> <span class='ocrx_word' id='word_1_734' title='bbox 604 5503 644 5558; x_wconf 91' lang='grc'><strong>1.</strong></span> <span class='ocrx_word' id='word_1_735' title='bbox 677 5505 814 5571; x_wconf 83' lang='lat' dir='ltr'><strong>Quid</strong></span> <span class='ocrx_word' id='word_1_736' title='bbox 837 5514 919 5560; x_wconf 85' lang='lat' dir='ltr'><strong>est</strong></span> <span class='ocrx_word' id='word_1_737' title='bbox 949 5504 1211 5563; x_wconf 84' lang='lat' dir='ltr'><strong>Christus.</strong></span> 
     </span>
    </p>
   </div>
   <div class='ocr_carea' id='block_1_57' title="bbox 384 5597 1744 5668">
    <p class='ocr_par' dir='ltr' id='par_1_57' title="bbox 384 5597 1744 5668">
     <span class='ocr_line' id='line_1_57' title="bbox 384 5597 1744 5668; baseline 0.001 -14"><span class='ocrx_word' id='word_1_738' title='bbox 384 5603 514 5655; x_wconf 54' lang='lat' dir='ltr'><strong>Car.</strong></span> <span class='ocrx_word' id='word_1_739' title='bbox 557 5597 618 5655; x_wconf 95' lang='lat' dir='ltr'><strong>ll.</strong></span> <span class='ocrx_word' id='word_1_740' title='bbox 663 5598 901 5666; x_wconf 89' lang='lat' dir='ltr'><strong>Qualiter</strong></span> <span class='ocrx_word' id='word_1_741' title='bbox 928 5597 1150 5668; x_wconf 90' lang='lat' dir='ltr'><strong>intelligi</strong></span> <span class='ocrx_word' id='word_1_742' title='bbox 1184 5599 1377 5661; x_wconf 88' lang='lat' dir='ltr'><strong>dcbcat</strong></span> <span class='ocrx_word' id='word_1_743' title='bbox 1413 5600 1744 5659; x_wconf 79' lang='lat' dir='ltr'><strong>Emmanuel.</strong></span> 
     </span>
    </p>
   </div>
   <div class='ocr_carea' id='block_1_58' title="bbox 392 5686 1138 5766">
    <p class='ocr_par' dir='ltr' id='par_1_58' title="bbox 392 5686 1138 5766">
     <span class='ocr_line' id='line_1_58' title="bbox 392 5686 1138 5766; baseline -0.003 -21"><span class='ocrx_word' id='word_1_744' title='bbox 392 5693 518 5746; x_wconf 63' lang='lat' dir='ltr'><strong>Car.</strong></span> <span class='ocrx_word' id='word_1_745' title='bbox 565 5688 649 5744; x_wconf 90' lang='lat' dir='ltr'><strong>lll.</strong></span> <span class='ocrx_word' id='word_1_746' title='bbox 682 5687 819 5766; x_wconf 79' lang='lat' dir='ltr'><strong>Quid</strong></span> <span class='ocrx_word' id='word_1_747' title='bbox 850 5697 929 5742; x_wconf 88' lang='lat' dir='ltr'><strong>est</strong></span> <span class='ocrx_word' id='word_1_748' title='bbox 962 5686 1138 5744; x_wconf 75' lang='lat' dir='ltr'><strong>Iesus.</strong></span> 
     </span>
    </p>
   </div>
   <div class='ocr_carea' id='block_1_59' title="bbox 397 5776 2144 5845">
    <p class='ocr_par' dir='ltr' id='par_1_59' title="bbox 397 5776 2144 5845">
     <span class='ocr_line' id='line_1_59' title="bbox 397 5776 2144 5845; baseline -0.006 -5"><span class='ocrx_word' id='word_1_749' title='bbox 397 5785 521 5841; x_wconf 63' lang='lat' dir='ltr'><strong>Car.</strong></span> <span class='ocrx_word' id='word_1_750' title='bbox 570 5782 656 5836; x_wconf 74' lang='grc' dir='ltr'><strong>ιν.</strong></span> <span class='ocrx_word' id='word_1_751' title='bbox 701 5780 872 5845; x_wconf 73' lang='lat' dir='ltr'><strong>Quum</strong></span> <span class='ocrx_word' id='word_1_752' title='bbox 901 5780 967 5835; x_wconf 82' lang='lat' dir='ltr'><strong>ob</strong></span> <span class='ocrx_word' id='word_1_753' title='bbox 998 5796 1212 5835; x_wconf 80' lang='lat' dir='ltr'><strong>causam</strong></span> <span class='ocrx_word' id='word_1_754' title='bbox 1246 5781 1405 5836; x_wconf 82' lang='lat' dir='ltr'><strong>homo</strong></span> <span class='ocrx_word' id='word_1_755' title='bbox 1438 5781 1637 5837; x_wconf 86' lang='lat' dir='ltr'><strong>dictum</strong></span> <span class='ocrx_word' id='word_1_756' title='bbox 1667 5778 1734 5836; x_wconf 85' lang='lat' dir='ltr'><strong>sit</strong></span> <span class='ocrx_word' id='word_1_757' title='bbox 1766 5780 1857 5835; x_wconf 78' lang='lat' dir='ltr'><strong>Dei</strong></span> <span class='ocrx_word' id='word_1_758' title='bbox 1893 5776 2144 5833; x_wconf 78' lang='lat' dir='ltr'><strong>Verbum.</strong></span> 
     </span>
    </p>
   </div>
  </div>
