4038 6554
552 347 690 403 1567
1536 347 1597 404 5.
1639 348 1912 408 CYRILLI
1949 348 2147 406 Αιεχε

2216 349 2420 407 iDRiNl
2456 350 2779 410 ARCHIEP.
3674 345 3811 403 ιπθ

619 459 750 517 Ωιι».
794 463 857 517 V.
893 464 1061 533 Quam
1093 465 1164 521 ob
1183 479 1401 520 causam
1427 467 1765 523 exinanitum
1792 468 2011 523 dicatur
2039 467 2134 526 Dei
2171 469 2427 527 Verbum.

619 555 747 609 Car.
795 555 879 623 VI.
919 555 1197 624 Quomodo
1228 573 1372 613 uitus
1417 555 1692 612 Christus.

618 644 746 699 Car.
789 645 892 703 VII.
927 646 1204 713 Quomodo
1228 648 1741 704 unusEmmauuel.

620 734 749 791 Car.
787 735 920 792 VIII.
951 743 1119 805 Quam
1154 755 1274 796 esse
1298 741 1530 797 dicimus
1559 739 1962 796 adunationem.

618 824 746 883 CAP.
793 826 879 881 lx.
913 828 1067 897 Quod
1115 832 1472 903 incorporalis
1505 830 1810 885 divinitatis
1851 840 2051 898 corpus
2084 824 2222 878 facta
2252 821 2413 877 fuerit
2441 821 2557 891 ipsa
2596 833 2724 876 caro
2768 820 2974 875 habens
3021 818 3255 873 animam
3293 819 3718 889 rationabilem;
3751 838 3807 881 es

548 918 691 984 quod
738 917 787 972 si
823 933 883 971 ea
935 937 963 972 ιι
1016 938 1074 978 se
1124 924 1365 978 dividere
1417 921 1769 985 volucrinms,
1821 919 2004 988 procul
2049 916 2216 973 dubio
2265 914 2708 971 labelactabimus
2753 911 3250 985 dispensationem,
3303 927 3429 983 qua:
3474 914 3528 970 iu
3581 918 3809 977 Christo

550 1008 885 1077 intelligitur.

617 1099 746 1153 CAP.
790 1100 855 1155 Χ.
896 1101 1047 1168 Quod
1077 1102 1312 1155 athrnato
1346 1102 1453 1156 Deo
1485 1101 1661 1157 Verbo
1693 1116 1816 1155 vere
1850 1098 2196 1162 humanitati,
2227 1097 2523 1154 inconl'usa:
2565 1108 2743 1153 tamen
2774 1097 3092 1153 substantiae
3119 1106 3538 1167 permanserint.

619 1192 748 1252 Car.
789 1192 881 1249 ΧΙ.
922 1197 1093 1261 Quod,
1126 1211 1246 1249 eum
1277 1209 1422 1250 esset
1466 1196 1606 1251 Deus
1660 1195 1916 1257 Verbum,
1955 1193 2127 1249 laetus
2169 1194 2238 1247 sit
2272 1193 2454 1256 homo,
2503 1206 2605 1247 nec
2654 1193 2814 1246 homo
2858 1191 3198 1257 simpliciter,
3238 1195 3378 1248 nuda
3411 1196 3807 1266 conjunctione

552 1288 864 1350 honoratus,
897 1298 1120 1343 vocatus
1142 1292 1216 1343 sit
1243 1292 1309 1343 ad
1343 1305 1521 1357 parem
1549 1289 1864 1361 dignitatem
1896 1288 1983 1340 Dei
2017 1283 2203 1347 Verbi,
2234 1286 2350 1340 sive
2383 1285 2784 1351 auctoritatem,
2822 1286 2962 1342 sicut
2993 1282 3312 1352 quibusdam
3345 1286 3583 1343 videtur.

618 1380 745 1437 Car.
790 1380 905 1435 XII.
938 1382 1089 1449 Quod
1116 1383 1363 1438 Christus
1395 1383 1553 1441 Jesus
1577 1393 1794 1439 vocetur
1820 1385 1979 1437 homo
2011 1381 2186 1435 lactus
2217 1382 2357 1435 Deus
2395 1380 2655 1436 Verbum.

613 1470 742 1527 Car.
784 1472 922 1529 Xlll.
961 1475 1109 1541 Quod
1137 1475 1385 1529 Christus
1408 1491 1513 1529 non
1554 1477 1623 1531 sit
1648 1477 1809 1530 homo
1834 1474 2137 1543 Θεοφόρος,
2173 1489 2271 1527 nec
2304 1473 2622 1541 simpliciter
2661 1474 2713 1527 in
2763 1472 2981 1528 homine
3027 1472 3343 1529 inbabitarit
3380 1472 3475 1528 Dei
3524 1471 3799 1537 Verbum;

548 1563 641 1616 sed
666 1565 832 1633 magis
863 1581 989 1620 caro
1017 1568 1088 1619 sit
1112 1568 1340 1631 factum,
1369 1568 1483 1620 sive
1510 1568 1671 1621 homo
1704 1568 1992 1636 perlectus,
2019 1565 2316 1621 secundum
2351 1565 2688 1634 Srripturas.

612 1654 743 1710 Car.
786 1654 921 1710 XIV.
962 1656 1108 1709 Dicta
1143 1657 1458 1725 apostolica,
1486 1657 1537 1710 in
1575 1656 1773 1726 quibus
1808 1655 1947 1708 Deus
1981 1654 2286 1708 nominatus
2317 1654 2387 1707 sit
2422 1654 2692 1708 Christus.

612 1746 743 1802 CAP.
784 1745 899 1801 XV.
935 1747 1213 1812 Quomodo
1244 1758 1494 1818 oporteat
1523 1748 1859 1820 intelligere:
1899 1745 2119 1801 Verbum
2158 1762 2281 1801 caro
2330 1746 2529 1815 factum
2575 1755 2672 1811 est,
2711 1757 2758 1800 et
2791 1749 3041 1802 habitarit
3080 1750 3137 1804 in
3185 1750 3330 1803 nobis
3362 1764 3383 1803 .'
3426 1758 3485 1803 et
3520 1745 3805 1816 quomodo

546 1838 776 1892 mittitur
806 1836 1041 1894 Verbum
1071 1843 1214 1909 quod
1244 1841 1387 1896 Deus
1420 1851 1541 1907 est;
1571 1840 1837 1911 quomodo
1873 1841 2147 1909 pmprinm
2184 1838 2350 1906 ipsius
2391 1837 2587 1892 dicitur
2618 1853 2835 1908 corpus.

611 1929 741 1985 Car.
785 1930 924 1985 XVI.
960 1931 1245 1998 Quomodo
1282 1933 1614 2003 intelligatur
1646 1933 1905 1997 Θεοτόκος
1942 1932 2101 2002 Virgo
2134 1942 2341 1986 sancta.

610 2022 737 2076 CAP.
780 2021 942 2077 XVII.
982 2025 1134 2090 Quod
1166 2026 1303 2077 Deus
1334 2026 1644 2078 nominetur
1666 2035 1718 2081 et
1756 2029 1937 2088 homo,
1976 2038 2245 2093 apparens
2277 2021 2619 2092 Unigeuitus.

609 2114 739 2170 Car.
782 2116 968 2171 XVIII.
1008 2116 1081 2170 De
1116 2116 1316 2170 Christi
1348 2119 1618 2185 passione,
1652 2116 1795 2187 quod
1824 2118 1951 2172 utile
1986 2118 2076 2171 sit.
2115 2117 2265 2183 Quod
2307 2117 2602 2172 secundum
2639 2115 2782 2169 aliud
2820 2125 2875 2169 et
2908 2114 3052 2168 aliud
3103 2115 3170 2170 de
3215 2130 3318 2170 uno
3352 2115 3544 2171 eodem
3575 2114 3793 2185 dicitur,

544 2222 642 2261 nec
670 2208 957 2265 dividimus
994 2211 1043 2263 iu
1076 2209 1200 2266 duo.

608 2283 741 2354 Car.
782 2298 924 2356 XIX.
968 2302 1238 2358 Adversus
1273 2301 1395 2357 illos
1424 2304 1520 2371 qui
1558 2302 1730 2364 aiunt,
1761 2300 1901 2369 quod
1931 2300 2053 2367 fsola
2087 2296 2348 2353 relatione
2382 2298 2548 2352 Deum
2574 2299 2807 2353 Verbum
2833 2299 3058 2354 deceant
3094 2299 3349 2354 humana.

611 2392 722 2450 Etsi
756 2406 916 2461 porro
945 2393 1182 2461 quinque
1220 2395 1422 2463 capita,
1459 2409 1630 2463 eaque
1670 2393 1901 2462 prolixa,
1928 2406 2049 2461 qua:
2080 2390 2239 2459 vulgo
2281 2391 2557 2457 deliciuut,
2595 2388 2869 2445 Marianos
2913 2390 3080 2444 codex
3125 2392 3449 2460 suppeditet,
3481 2391 3567 2446 vix
3620 2395 3793 2448 ausim

544 2495 719 2540 tamen
742 2487 1024 2554 spondere,
1050 2487 1347 2541 etiaumuni
1374 2488 1644 2556 integrum
1668 2503 1802 2558 opus
1830 2486 1938 2554 edi,
1965 2486 2008 2540 si
2040 2502 2143 2556 qua
2172 2488 2303 2543 Iides
2330 2486 2616 2540 Anastasio
2654 2485 2877 2541 Sinaitze
2909 2502 2924 2538 :
2958 2486 3088 2540 citat
3113 2486 3255 2539 enim
3290 2483 3467 2540 locum
3493 2488 3561 2540 de
3590 2496 3796 2542 statere

543 2592 752 2648 reperto
804 2582 857 2636 in
908 2596 1005 2637 ore
1048 2584 1235 2651 piscis,
1264 2586 1353 2655 qui
1397 2601 1503 2640 non
1551 2586 1821 2656 reperitur
1867 2587 1920 2641 in
1981 2583 2238 2650 Scholiis,
2283 2584 2581 2650 eujusmodi
2629 2598 2773 2637 nunc
2825 2583 3111 2637 habentur.
3180 2582 3284 2637 Sed
3319 2582 3477 2638 valde
3514 2584 3790 2653 suspicor,

538 2674 882 2729 Anastasium
912 2678 1173 2732 memoria
1200 2676 1409 2747 lapsum
1442 2694 1541 2747 pro
1564 2680 1671 2734 alio
1698 2693 1862 2750 Opere
1910 2678 2126 2753 Scholia
2175 2679 2459 2748 posuisse:
2506 2691 2679 2746 eoque
2728 2676 3060 2745 probabilior
3109 2676 3341 2744 suspicio
3374 2678 3615 2740 videtur,
3648 2679 3792 2746 quod

540 2763 731 2819 librum
760 2767 954 2836 ὁδηγοῦ
986 2770 1363 2824 recordatione
1389 2770 1569 2838 potius
1598 2785 1760 2839 quam
1787 2770 2017 2825 lectione
2043 2779 2325 2824 auctorum
2363 2784 2421 2824 se
2448 2768 2820 2837 composuisse
2851 2777 3078 2823 testatus
3102 2769 3196 2831 sit,
3227 2780 3553 2838 monentque
3584 2769 3793 2824 idcirco

540 2857 795 2917 leuorem
822 2864 888 2913 de
913 2864 1365 2933 recognoscendis
1393 2864 1477 2917 vel
1513 2865 1675 2919 etiam
1709 2863 2061 2918 restituendis
2095 2864 2439 2919 testimoniis.

607 2947 905 3007 Occasione
953 2968 1113 3024 porro
1147 2954 1511 3022 Scholiorum,
1546 2971 1613 3010 ex
1668 2956 1862 3024 quibus
1914 2955 2012 3008 tria
2074 2956 2381 3011 testimonia
2425 2955 2803 3012 Theodoretus
2847 2955 3070 3010 adduxit
3119 2970 3172 3008 tn
3222 2954 3461 3009 secundo
3526 2953 3797 3007 Eranists

536 3038 768 3109 dialogo,
794 3042 1207 3109 praetermittere
1236 3058 1341 3097 non
1372 3057 1618 3112 possum,
1655 3043 1782 3111 quid
1824 3041 2146 3110 conjecerim
2182 3044 2249 3098 de
2299 3045 2623 3099 testimoniis
2656 3045 2790 3110 illis,
2816 3059 2937 3113 quae
2979 3044 3031 3097 in
3073 3044 3301 3097 concilio
3353 3042 3792 3099 Chalcedonensl

535 3131 707 3184 sancti
744 3130 939 3185 Leonis
963 3133 1202 3201 epistolae
1226 3134 1509 3203 subjuncta
1547 3141 1673 3188 sunt
1702 3152 1717 3188 :
1751 3148 1815 3188 ea
1840 3148 2036 3203 nempe
2057 3150 2086 3188 a
2123 3134 2466 3190 Theodoreto
2504 3136 2756 3203 adjuncta
2793 3152 2950 3200 esse;
2990 3151 3114 3189 nam
3143 3137 3323 3189 omnia
3357 3136 3578 3189 totidem
3610 3135 3792 3189 verbis

535 3218 590 3287 in
613 3219 824 3288 dialogo
847 3236 1005 3290 quem
1029 3221 1164 3287 dixi,
1196 3221 1469 3291 leguntur,
1502 3221 1753 3290 nullaque
1777 3226 1834 3275 tit
1866 3223 1917 3276 in
1945 3232 2054 3277 tota
2082 3224 2309 3292 epistola
2335 3224 2450 3279 sive
2475 3229 2698 3290 mentio,
2727 3225 2843 3279 sive
2869 3225 3157 3294 promissio
3188 3223 3613 3278 aliereudorum.
3642 3224 3793 3278 Adde

534 3311 677 3380 quod
709 3310 1082 3367 Theodoretus
1110 3330 1138 3367 a
1167 3314 1423 3369 Facundo
1457 3314 1659 3368 dicitur
1690 3314 1989 3368 asseruisse
2014 3316 2274 3369 adversus
2308 3315 2625 3370 Palaestinos
2667 3325 2720 3370 et
2750 3316 3085 3387 Illyricianos
3114 3316 3470 3371 reclamantes
3500 3315 3794 3383 epistolam

537 3406 750 3472 Leonis,
777 3409 1010 3463 adducto
1040 3409 1268 3475 scilicet,
1310 3418 1366 3462 ut
1389 3410 1589 3463 habent
1614 3418 1731 3481 acta
1760 3408 1977 3463 concilii
2005 3408 2468 3465 Chalcedonensis
2491 3449 2505 3475 ,
2534 3411 2876 3474 teStimonio,
2912 3410 3053 3478 quod
3086 3412 3229 3464 inter
3253 3410 3538 3478 subiuncta
3570 3409 3789 3479 legitur.

532 3497 649 3554 Non
683 3499 871 3553 l’uisset
894 3516 1020 3554 vero
1045 3503 1277 3557 adducto
1309 3518 1464 3570 Opus,
1491 3502 1533 3555 si
1562 3501 1673 3570 jam
1696 3502 1935 3571 epistola:
1962 3500 2304 3569 subiunctum
2331 3510 2473 3555 esset
2508 3517 2521 3554 :
2552 3502 2741 3556 luisset
2771 3503 2914 3555 enim
2956 3502 3140 3571 procul
3166 3503 3328 3555 dubio
3367 3502 3533 3555 simul
3564 3502 3788 3570 lectum,

532 3592 745 3660 aiiaque
790 3595 1028 3660 pariter,
1080 3596 1124 3648 si
1168 3596 1328 3649 modo
1384 3596 1561 3663 aliqua
1592 3605 1773 3649 essent
1821 3604 1950 3649 tunc
1999 3597 2276 3665 temporis.
2330 3597 2467 3662 Quid
2510 3598 2651 3666 quod
2703 3612 2732 3649 a
2781 3594 3127 3649 Theodoreto
3174 3605 3266 3647 aut
3296 3605 3445 3649 certe
3483 3594 3557 3648 ab
3592 3594 3663 3647 iis
3700 3594 3789 3661 qui

534 3681 855 3737 'E‘heodoreti
910 3685 1150 3753 partibus
1202 3686 1521 3751 studebant,
1576 3674 1784 3739 versam
1840 3685 1892 3740 in
1951 3700 2256 3741 sermonem
2325 3686 2571 3741 Graecum
2643 3688 2924 3755 epistolam
2983 3686 3253 3755 proditum
3308 3694 3435 3749 est,
3487 3687 3597 3739 imo
3655 3695 3713 3739 et
3758 3701 3788 3739 a

536 3777 864 3830 vertentibus
898 3780 1161 3843 vitiatam,
1194 3784 1332 3849 quod
1366 3791 1697 3850 postremum
1734 3779 1844 3834 Leo
1873 3782 1986 3850 ipse
2019 3782 2266 3849 queritur
2306 3783 2443 3851 apud
2475 3781 2807 3837 Marcianum
2856 3784 3259 3852 imperatorem.
3293 3782 3535 3835 Accedat
3575 3784 3745 3835 etiam
3767 3823 3784 3848 ,

535 3868 673 3941 quod
709 3868 759 3921 in
793 3869 1013 3938 epistola
1046 3871 1286 3940 pontifex
1320 3871 1470 3939 plura
1505 3871 1624 3925 lidei
1661 3870 1858 3938 capita,
1893 3885 1999 3923 non
2037 3878 2244 3925 tantum
2275 3872 2538 3927 adversus
2573 3870 2891 3943 Eutychem,
2923 3874 3014 3926 sed
3043 3873 3204 3926 etiam
3237 3885 3425 3927 contra
3468 3872 3786 3931 Nestorium

534 3977 805 4033 exponat;
838 3980 935 4018 nec
961 3964 1064 4017 alia
1096 3974 1272 4018 tamen
1307 3967 1608 4020 testimonia
1634 3967 1959 4034 subdantur,
1982 3986 2141 4039 quam
2170 3984 2290 4038 quae
2323 3969 2389 4022 ad
2422 3967 2822 4022 distinctionem
2845 3977 3166 4039 naturarum
3195 3970 3552 4022 asserendam
3582 3969 3783 4031 valent,

536 4067 761 4123 quicque
786 4054 836 4108 in
864 4056 1075 4125 dialogo
1107 4056 1198 4124 qui
1234 4057 1430 4110 dicitur
1459 4056 1799 4127 Inconfusus.
1832 4060 2072 4115 adhibita
2104 4061 2315 4115 fuerant
2358 4060 2424 4114 ad
2461 4074 2576 4125 eos,
2602 4060 2694 4128 qui
2742 4057 3082 4113 Thcodoreto
3123 4059 3531 4127 Apollinarismi
3568 4062 3785 4114 nouiiue

536 4150 768 4215 suspecti
805 4160 980 4212 erant,
1022 4148 1416 4214 conlutandos;
1454 4165 1561 4204 non
1594 4148 1891 4206 aﬂ'erantur
1916 4168 2036 4223 quae
2063 4168 2130 4207 ex
2165 4153 2318 4209 libris
2347 4162 2539 4208 contra
2566 4150 2870 4205 Nestorium
2914 4150 3155 4220 scriptis,
3192 4151 3245 4205 in
3280 4152 3398 4220 ipso
3424 4152 3588 4205 etiam
3618 4153 3784 4207 citato

537 4237 746 4306 dialogo
776 4241 1045 4307 leguntur.

606 4327 802 4393 Quanti
838 4344 964 4382 vero
996 4328 1151 4396 pretii
1187 4328 1259 4382 sit
1281 4327 1593 4396 opusculum
1626 4328 1790 4397 istud,
1817 4331 2088 4385 aestimare
2127 4331 2251 4385 licet
2284 4329 2365 4385 vel
2397 4332 2521 4386 inde
2546 4334 2801 4397 maxime,
2824 4331 2966 4400 quod
2996 4346 3155 4385 nemo
3193 4330 3305 4385 fere
3332 4331 3779 4399 consequentium

536 4430 907 4487 tractatorum,
938 4426 1026 4492 qui
1058 4423 1378 4478 auctoritate
1409 4423 1592 4494 Cyrilli
1628 4426 1681 4478 in
1721 4427 1976 4495 mysterio
2004 4426 2394 4480 lncarnationis
2418 4427 2737 4494 exponendo
2769 4426 2845 4479 uti
2885 4425 3133 4489 voluerit,
3156 4424 3522 4479 testimonium
3558 4424 3774 4493 aliquod

532 4526 597 4566 ex
624 4512 853 4567 Srholiis
878 4529 980 4567 non
1004 4515 1314 4584 sumpserit.
1348 4515 1498 4569 Adde
1526 4517 1668 4584 quod
1702 4516 1938 4587 Cyrillus
1961 4517 2078 4586 ipse
2102 4516 2267 4570 videri
2296 4517 2463 4584 passit
2497 4518 2635 4571 hanc
2659 4533 2810 4570 suam
2834 4515 3297 4569 elucubrationem
3342 4518 3777 4575 commendasse.

533 4618 653 4659 cum
686 4608 947 4661 scriberet
980 4609 1198 4675 Eulogio
1227 4624 1239 4658 :
1268 4606 1663 4676 Complectitur,
1684 4610 1880 4678 inquit,
1909 4610 2043 4661 idem
2071 4610 2202 4662 liber
2229 4608 2325 4661 sub
2358 4608 2519 4678 ﬁnem
2562 4608 2734 4660 breves
2762 4609 3016 4676 quasdam
3052 4610 3116 4660 de
3153 4606 3348 4661 Christi
3391 4609 3782 4676 dispensatione

533 4703 900 4766 expositiones,
923 4717 1109 4776 eusqye
1133 4700 1376 4763 pulchras
1399 4702 1682 4754 admodum
1706 4713 1750 4754 et
1776 4701 1949 4753 utiles.
1980 4700 2205 4768 Oportet
2239 4701 2382 4753 enim
2426 4699 2793 4766 expositiones
2825 4715 2959 4767 quas
2995 4707 3281 4763 memorat,
3328 4698 3408 4751 vel
3455 4716 3481 4751 a
3519 4697 3781 4763 Scholiis,

537 4789 616 4840 vel
649 4806 677 4841 a
713 4803 1078 4858 consequente
1115 4801 1349 4847 tractatu
1382 4796 1447 4847 de
1478 4792 1854 4847 lncarnatione
1887 4790 2074 4856 Verbi,
2102 4793 2182 4845 vel
2215 4808 2243 4844 a
2279 4792 2489 4862 dialogo
2521 4791 2806 4858 subjunclo
2838 4807 2944 4844 non
2978 4791 3195 4846 dilTerre
3223 4809 3237 4843 :
3264 4807 3437 4859 neque
3462 4793 3606 4844 enim
3637 4790 3780 4843 aliud

534 4882 803 4951 quidpiam
837 4885 1075 4950 scripsit,
1107 4886 1171 4939 de
1200 4902 1308 4955 quo
1343 4887 1563 4939 dubium
1593 4897 1712 4938 esse
1746 4883 1934 4949 possit.
1968 4881 2036 4936 At
2080 4882 2258 4936 diﬂ'ert
2286 4883 2526 4953 prol’eCtO
2555 4897 2585 4935 a
2617 4893 2983 4951 consequente
3019 4891 3248 4935 tractatu
3289 4883 3378 4951 qui
3425 4896 3609 4934 revera
3646 4894 3781 4934 unus

535 4977 748 5044 quidam
797 4993 976 5032 sermo
1006 4990 1128 5045 est;
1175 4981 1354 5035 differt
1389 4981 1551 5034 etiam
1599 4993 1628 5031 a
1674 4977 1882 5045 dialogo
1924 4991 2044 5028 mox
2084 4977 2267 5031 dicto:
2310 4978 2433 5046 quis
2474 4978 2617 5031 enim
2663 4978 2927 5046 dialogum
2982 4975 3247 5040 ἐκθέσεως
3295 4976 3511 5030 nomine
3560 4973 3781 5045 proprio

535 5069 804 5138 appellet?
828 5070 1148 5138 Quanquam
1187 5072 1357 5139 potuit
1386 5072 1630 5139 dialogus
1665 5067 1914 5135 subjungi
1948 5066 2200 5131 Scholiis,
2224 5079 2280 5121 ut
2308 5069 2543 5138 epitome
2582 5068 2827 5137 quaedam
2856 5079 2909 5123 et
2941 5067 3085 5120 velut
3110 5067 3428 5136 ὑπόμνημα.

606 5163 777 5230 Quam
836 5175 1089 5218 accurata
1138 5164 1390 5218 methodo
1453 5163 1524 5228 sit
1571 5163 1979 5229 censeriptum,
2034 5177 2097 5217 ex
2154 5163 2296 5216 serie
2350 5171 2596 5231 apertum
2662 5172 2764 5217 est.
2827 5161 3058 5232 Cyrillus
3113 5176 3142 5214 a
3196 5163 3521 5230 simplicium
3584 5173 3778 5211 vocum

539 5258 985 5324 interpretatione
1020 5273 1246 5313 exorsus
1280 5260 1535 5327 exponit,
1568 5258 1695 5326 quid
1737 5258 1807 5311 sit
1849 5257 2134 5324 Christus,
2170 5261 2297 5328 quid
2346 5258 2680 5323 Emmanuel,
2722 5259 2846 5326 quid
2878 5257 3064 5323 Jesus,
3094 5257 3221 5326 quid
3260 5272 3417 5321 unus,
3461 5256 3587 5325 quid
3622 5256 3771 5310 nuio.

539 5346 657 5401 3on
695 5353 761 5402 ad
796 5350 1213 5420 propositiones,
1246 5367 1363 5418 quae
1407 5352 1457 5405 in
1493 5353 1591 5405 hac
1627 5351 1852 5405 materia
1898 5352 2147 5419 usurpari
2183 5353 2380 5415 solent,
2425 5352 2725 5406 orationem
2779 5349 3071 5403 deﬂectens
3123 5349 3396 5411 edisserit,
3429 5365 3531 5415 qua
3571 5350 3777 5402 ratione

535 5438 781 5495 Christus
817 5440 885 5493 sit
936 5456 1096 5505 unus,
1150 5455 1286 5494 unus
1326 5440 1664 5505 Euunanuel,
1710 5457 1848 5495 unus
1881 5440 2061 5505 Jesus,
2112 5444 2162 5496 id
2218 5452 2323 5505 est,
2360 5459 2498 5498 uitus
2555 5444 2836 5507 Dominus,
2883 5451 2987 5497 etc.
3033 5440 3168 5495 Tum
3224 5444 3492 5511 quomodo
3541 5443 3775 5499 Verbum

537 5531 747 5583 dicatur
766 5530 1125 5592 exinanitum,
1160 5529 1307 5583 carni
1341 5532 1574 5596 uuittim,
1608 5530 1806 5585 lactant
1840 5532 2036 5599 homo,
2076 5548 2174 5589 nec
2210 5535 2330 5588 ideo
2369 5544 2544 5589 tamen
2578 5546 2841 5588 mutatum
2866 5575 2881 5601 ,
2918 5543 3009 5588 aut
3042 5534 3323 5588 divinitate
3353 5545 3598 5589 exutum.
3638 5533 3775 5591 Hinc

536 5637 641 5687 quo
668 5632 823 5691 pacto
855 5621 1104 5677 Christus
1137 5637 1245 5677 non
1275 5622 1345 5676 sit
1370 5623 1533 5679 homo
1565 5623 1847 5696 Θεοφόρος,
1878 5636 1969 5678 aut
2003 5628 2223 5683 numine
2254 5627 2487 5693 afﬂatus,
2518 5629 2611 5684 sed
2641 5644 2765 5684 vere
2802 5630 2963 5685 homo
2994 5628 3155 5695 Deus,
3192 5628 3387 5683 deinde
3430 5643 3533 5697 qua
3569 5629 3775 5682 ratione

539 5711 772 5770 Verbum
803 5715 1150 5784 perhibeatur
1178 5715 1232 5773 in
1278 5716 1432 5773 nobis
1460 5718 1722 5786 habitare,
1757 5722 1822 5776 ad
1863 5734 1961 5776 nos
2002 5721 2389 5794 mitti,corpus
2427 5722 2629 5780 habere
2678 5721 2975 5794 proprium,
3024 5733 3078 5780 et
3122 5720 3401 5793 quomodo.
3443 5719 3772 5789 intelligatur
