4038 6522
297 371 435 427 1369
1216 368 1506 426 SCHOLIA
1544 370 1633 426 DE
1670 370 1900 428 INCARI

2004 373 2190 431 l‘iONE
2227 376 2599 436 UNIGENIT—l.
3414 380 3554 438 £570

297 485 559 549 Θεοτόκος
595 483 746 554 vlirgo
776 489 986 538 sancta.
1032 481 1271 538 Tandem
1317 482 1461 552 quod
1507 481 1825 556 Unigenltus
1859 487 1912 541 in
1953 502 2124 546 carne
2168 489 2362 544 visibill
2398 503 2664 558 apparens
2712 489 3020 544 nominetur
3055 490 3194 546 Deus
3234 497 3291 545 et
3343 490 3542 545 homo:

299 577 568 647 quomodo
607 592 821 647 passus,
849 587 903 631 et
932 578 986 631 in
1009 591 1115 646 quo
1146 585 1419 645 postremo
1446 576 1641 632 refellit
1663 595 1762 635 eos
1793 580 1884 649 qui
1915 581 2148 637 humana
2172 598 2282 638 non
2323 583 2432 637 alia
2467 582 2674 638 ratione
2715 582 2878 637 Donni
2913 583 3105 637 decere
3132 589 3342 650 putant,
3378 597 3540 650 quam

302 671 563 726 relatione
593 672 727 726 sola.
771 669 1060 737 Caeterum,
1097 673 1240 740 quod
1281 671 1396 740 jam
1441 676 1650 741 monui,
1695 676 2133 734 distinctionibus
2183 679 2252 734 ad
2309 677 2659 735 declinendus
2709 678 3170 735 .heterodouorutn
3219 675 3552 747 obiectiones

303 761 522 817 milibus
547 759 760 831 singula
793 758 908 816 fere
937 761 1114 832 capita
1140 759 1303 830 plena
1333 767 1489 815 sunt.

315 979 3498 1011 mm

1081 1143 1384 1260 ΤΟΥ
1456 1139 1917 1256 ΑΓΙΟΥ
1989 1132 2757 1255 ΚΥΡΙΛΛΟΥ

1854 1379 2018 1433 ΠΕΡΙ

515 1572 756 1659 ΤΗΣ
827 1567 2006 1660 ΕΝΑΝΘΡΩΠΗΣΕΩΣ
2078 1570 2339 1658 ΤΟΥ
2413 1571 3350 1659 ΜΟΝΟΓΕΝΟΥΣ.

1271 1927 1841 2054 SANCTI
1964 1923 2610 2052 CYRILLI

688 2180 1189 2274 SCHOLIA
1268 2177 1413 2266 DE
1494 2171 2401 2268 INCARNATIONE
2483 2171 3172 2268 UNIGENITI.

914 2534 1162 2588 ΚΕΦΑΛ.
1203 2535 1281 2586 Δ⁸.

2649 2532 2806 2591 CAP.
2846 2538 2886 2592 1.

777 2651 838 2702 Τί
872 2647 1046 2703 ἐστιν
1087 2650 1119 2701 ό
1157 2649 1430 2716 Χριστός.

389 2764 464 2818 Τὸ
495 2763 728 2835 Χριστὸς
768 2761 940 2831 ὄνομα
973 2760 1098 2813 οὔτε
1136 2763 1264 2829 ὅρου
1315 2759 1545 2830 δύναμιν
1569 2761 1720 2830 ἔχει,
1766 2758 1890 2813 οὕτε

321 2855 426 2928 μὴν
462 2858 559 2921 τήν
585 2870 728 2918 τινος
759 2852 963 2913 οὐσίαν,
1000 2853 1028 2904 ὃ
1065 2851 1116 2904 τί
1135 2850 1263 2904 ποτέ
1287 2852 1400 2904 ἐστι
1435 2851 1722 2919 σημαίνει·
1757 2850 1892 2903 καθ-

322 2949 466 3017 άπερ
505 2945 698 3016 ἀμέλει
749 2945 841 2998 καὶ
889 2944 950 2996 τὸ
996 2943 1316 3014 ἄνθρωπος,
1351 2941 1385 3013 ἢ
1434 2942 1598 3006 ἵππος
1621 2977 1637 3004 ,
1671 2942 1704 3013 ἥ
1742 2941 1888 3012 βοῦς.

319 3039 650 3110 Πράγματος
676 3037 734 3089 δὲ
769 3036 969 3105 μᾶλλον
997 3034 1390 3104 ὲνεργουμὲνου
1414 3033 1543 3105 περί
1579 3051 1700 3086 τινα
1727 3037 1896 3087 ποιεῖ-

317 3145 408 3184 ται
452 3129 702 3200 δήλωσιν.
741 3127 936 3198 Ἐλαιῳ
968 3126 1067 3197 μὲν
1102 3127 1346 3196 ἐχρίοντο
1381 3126 1492 3178 τῶν
1526 3126 1895 3198 ἀρχαιοτέρων

317 3223 480 3285 τινὲς.
516 3221 658 3276 κατά
686 3237 750 3289 γε
785 3219 862 3290 τῷ
889 3220 1009 3287 Θεῷ
1031 3219 1090 3272 τὸ
1120 3219 1370 3288 τηνικάδε
1394 3218 1604 3272 δοκοῦν.
1642 3219 1750 3272 Καὶ
1772 3218 1895 3272 σύν-

321 3316 471 3386 θημα
503 3313 773 3383 βασιλείας
800 3309 868 3383 ἦν
893 3315 926 3382 ὴ
953 3314 1131 3382 χρίσις
1168 3312 1370 3374 αὐτοῖς.
1404 3311 1679 3381 Ἐχρίοντο
1717 3311 1772 3364 δὲ
1801 3312 1896 3365 καὶ

319 3411 368 3462 oi
415 3406 689 3478 προφῆται
748 3403 951 3474 νοητῶς
994 3403 1072 3474 τῷ
1113 3403 1253 3472 ἁγίῳ
1280 3401 1582 3471 Πνεύματι,
1615 3401 1754 3456 ὥστε
1801 3405 1897 3456 καὶ

319 3496 566 3550 ἐντεῦθεν
605 3494 963 3563 ὀνομάζεσθαι
1002 3495 1276 3564 χριστούς.
1304 3493 1510 3547 Ψάλλει
1549 3493 1678 3561 γοῦν
1718 3495 1746 3546 ὁ
1789 3511 1896 3563 μα-

320 3588 510 3656 κάριος
544 3585 706 3638 Δαϐὶδ
731 3588 794 3637 ὲκ
823 3583 1116 3653 προσώπου
1140 3582 1232 3636 τοῦ
1255 3583 1413 3645 Θεοῦ,
1435 3584 1526 3636 καί
1553 3601 1685 3652 φησι
1709 3600 1722 3614 ο
1757 3601 1776 3634 ι
1807 3584 1896 3652 Μὴ

321 3679 556 3734 ἅπτεσθε
588 3677 697 3729 τῶν
727 3675 960 3746 χριστῶν
993 3691 1116 3742 μου,
1137 3674 1232 3727 καὶ
1262 3677 1320 3728 ὲν
1342 3677 1454 3737 τοῖς
1485 3676 1786 3746 προφήταις
1822 3675 1897 3746 μὴ

321 3770 706 3839 πονηρεύεσθε.
738 3788 756 3819 ι
789 3768 922 3838 Φησὶ
955 3769 1015 3825 δὲ.
1035 3767 1126 3821 καὶ
1157 3771 1184 3821 ὁ
1221 3771 1510 3840 προφήτης
1553 3769 1896 3839 Ἀὄεακούιν

2514 2648 2653 2716 Quid
2680 2661 2754 2704 est
2785 2649 3046 2708 Christus.

2066 2761 2232 2831 779
2252 2763 2452 2816 Christi
2485 2777 2679 2817 nomen
2708 2779 2806 2818 nec
2821 2765 3147 2822 deﬁnitionis
3183 2769 3288 2822 vim
3326 2771 3569 2842 obtinet,

1993 2868 2094 2909 nec
2121 2854 2422 2922 cujuspiam
2465 2856 2848 2922 substantiam,
2898 2860 3074 2927 qualis
3112 2861 3222 2926 sit,
3265 2862 3568 2929 significat.

1994 2943 2136 2997 sicut
2169 2945 2307 2996 forte
2339 2945 2519 3008 homo,
2544 2959 2637 2998 aut
2669 2963 2862 3014 equus,
2888 2959 2980 3000 aut
3009 2951 3102 3001 hos
3127 2966 3142 3012 ;
3168 2951 3261 3004 sed
3300 2952 3373 3004 rei
3402 2952 3572 3019 magis

1995 3047 2115 3102 qua:
2145 3033 2198 3086 iu
2237 3032 2420 3102 aliquo
2451 3044 2666 3103 agatur,
2713 3035 2876 3091 habet
2910 3025 3357 3108 significationem
3387 3057 3401 3093 :
3452 3043 3572 3096 oleo

1997 3140 2234 3194 namque
2259 3124 2594 3194 iungebantur
2615 3127 2831 3194 quidam
2856 3127 3221 3196 superiorum,
3249 3131 3400 3199 juxta
3424 3136 3568 3202 quod

1997 3218 2108 3272 Deo
2151 3228 2278 3273 tunc
2319 3218 2580 3285 temporis
2614 3217 2879 3286 placebat,
2925 3228 2978 3274 et
3025 3221 3234 3291 signum
3271 3222 3420 3291 regni
3469 3221 3573 3277 illi!

1998 3317 2116 3362 erat
2143 3308 2350 3361 unctio.
2395 3306 2750 3375 ngebantur
2789 3323 2966 3362 autem
3008 3319 3060 3365 et
3089 3313 3361 3379 propheta).
3395 3314 3576 3367 sensie

1998 3401 2178 3456 biliter
2210 3400 2413 3470 Spiritu
2449 3411 2663 3464 sancto,
2697 3411 2757 3454 ιιι
2783 3401 2905 3456 inde
2926 3416 3139 3470 quoque
3167 3404 3577 3460 nominarentur

2000 3491 2214 3546 christi.
2265 3493 2501 3560 Denique
2546 3490 2736 3546 beatus
2785 3490 2948 3544 David
2997 3492 3177 3560 psitllit
3223 3509 3287 3546 cx
3344 3510 3574 3562 persona

2004 3591 2118 3656 Dei,
2147 3601 2198 3645 et
2230 3593 2304 3645 ait
2339 3605 2353 3643 :
2399 3608 2417 3642 ι
2447 3588 2626 3644 Nolite
2661 3600 2883 3657 tangi-re
2923 3589 3155 3643 christos
3205 3605 3390 3654 meos,
3424 3600 3478 3644 et
3520 3591 3572 3642 in

1999 3681 2278 3751 praphctis
2324 3681 2458 3736 meis
2502 3681 2664 3736 nolite
2710 3681 2990 3752 malignari
3021 3681 3059 3736 ⁸.
3111 3699 3130 3733 ι
3176 3680 3265 3735 Ait
3305 3690 3483 3735 autem
3521 3690 3580 3736 et

2004 3774 2261 3840 propheta
2293 3771 2543 3826 liahacuc
2579 3789 2594 3826 :
2633 3789 2655 3822 ι
2696 3771 2865 3826 Existi
2893 3772 2960 3826 ad
2995 3771 3219 3826 salutem
3253 3772 3433 3840 pepuli
3467 3772 3574 3835 tui,

327 3882 347 3915 ι
378 3862 630 3932 Ἐξῆλθες
675 3863 756 3925 εἰς
800 3861 1071 3933 σωτηρίαν
1113 3860 1244 3916 λαοῦ
1289 3878 1405 3926 σου,
1437 3860 1532 3915 τοῦ
1578 3861 1748 3916 σῶσαι
1774 3863 1900 3925 τοὺς

2004 3876 2061 3918 ιιι
2087 3865 2327 3920 salvares
2359 3865 2594 3920 christos
2617 3872 2737 3918 tuos
2761 3864 2802 3916 ’.
2829 3883 2849 3914 ι

323 3953 576 4024 χριστούς
616 3970 732 4008 σον.
766 3970 786 4004 ι

404 4044 529 4098 Ἐπὶ
566 4044 622 4096 δέ
654 4061 714 4111 γε
759 4042 853 4096 τοῦ
894 4044 1110 4097 πάντων
1143 4041 1300 4113 ἡμῶν
1335 4042 1588 4112 Σωτῆρος
1631 4040 1898 4112 Χριστοῦ,

322 4137 502 4209 χρίσιν
544 4137 643 4206 μὲν
674 4135 926 4204 γενέσθαι
957 4139 1158 4204 φαμέν.
1205 4135 1348 4204 Πλὴν
1382 4135 1505 4186 οὔτε
1550 4133 1902 4204 συμϐολικὴν,

322 4229 400 4291 ὡς
431 4227 616 4295 ἐλαίῳ,
641 4226 947 4297 ὁρωμένην,
975 4226 1098 4278 οὒτε
1125 4225 1229 4295 μὴν
1276 4226 1374 4294 τὴν
1403 4225 1478 4289 ὼς
1513 4226 1570 4278 ἐν
1623 4227 1806 4297 χάριτι
1839 4230 1904 4298 τῇ

324 4321 636 4390 προφητικῇ
658 4334 670 4346 ·
698 4317 811 4370 ἀλλ’
837 4317 958 4370 οὐδὲ
981 4318 1219 4388 ἐκείνην,
1237 4317 1334 4388 τὴν
1366 4318 1442 4382 ὼς
1477 4317 1536 4371 ἕν
1563 4336 1625 4387 γε
1667 4319 1743 4389 τῷ
1772 4337 1904 4390 προ-

325 4408 662 4482 χειρίζεσθαι
697 4407 993 4479 νοουμὶνην
1020 4409 1154 4480 πρὸς
1188 4409 1525 4479 κατόρθωσιν
1550 4410 1645 4464 τοῦ
1666 4411 1905 4465 τοιούτου

323 4501 414 4556 διά.
433 4517 573 4564 τινος
610 4499 963 4570 πράγματος·
995 4501 1176 4555 ὁποῖόν
1201 4517 1254 4553 τι
1299 4501 1552 4569 γενέσθαι
1583 4503 1781 4572 φαμὲν,
1813 4502 1907 4556 καὶ

325 4593 418 4646 ἐπὶ
444 4591 625 4663 Κύρου
649 4591 742 4644 τοῦ
766 4592 989 4662 Περσῶν
1014 4609 1072 4644 τε
1104 4593 1198 4645 καὶ
1228 4592 1424 4662 Μήδων
1444 4591 1905 4663 βεϐασιλευκότος,

325 4683 384 4748 ὃς
439 4684 879 4754 κατεστράτευσε
921 4687 1020 4754 τῆς
1061 4684 1441 4749 Βαϐυλωνίων,
1500 4685 1908 4756 παραθήγοντος

325 4778 404 4840 είς
426 4776 586 4829 τοῦτο
617 4776 781 4830 αὑτὸν
831 4777 928 4828 τοῦ
973 4777 1151 4830 πάντα
1191 4778 1465 4848 ἰσχύοντος
1489 4777 1646 4831 Θεοῦ.
1681 4777 1908 4848 Εἴρηται

324 4868 454 4939 γὰρ,
494 4887 512 4919 ι
560 4867 718 4922 Οὕτω
755 4868 902 4938 λέγει
952 4868 1157 4939 Κύριος
1186 4869 1265 4938 τῷ
1299 4870 1506 4942 χριστῷ
1563 4888 1663 4940 μου
1706 4871 1906 4943 Κύρῳ,

326 4953 388 5013 οὗ
423 4958 701 5028 ἐκράτησα
736 4958 835 5027 τῆς
881 4959 1080 5023 δεξιᾶς.
1116 4978 1134 5010 ι
1177 4960 1372 5013 Καίτοι
1409 4977 1473 5029 γε
1521 4961 1910 5032 εἰδωλολάτρης

331 5049 590 5121 ὑπάρχων
612 5049 772 5120 ἀνὴρ,
807 5049 1119 5120 ὠνόμασται
1155 5051 1394 5120 χριστὸς,
1429 5051 1518 5105 διὰ
1539 5052 1598 5106 τὸ
1621 5053 1783 5105 οἱονεὶ
1815 5069 1900 5105 κε-

328 5139 549 5210 κρίσθαι
611 5141 746 5211 πρὸς
791 5139 1012 5209 βασιλέα
1039 5143 1105 5211 τῇ
1139 5141 1346 5195 ἄνωθεν
1388 5141 1584 5212 ψήφῳ*
1619 5143 1907 5212 προκεχεί-

2075 4044 2130 4098 In
2165 4044 2382 4099 Christo
2412 4051 2594 4098 autem
2643 4042 2885 4096 omnium
2939 4041 3218 4097 Sairatore
3267 4042 3576 4095 unctiOnem

2006 4135 2222 4205 quidem
2250 4133 2446 4188 factam
2477 4148 2597 4187 esse
2627 4133 2854 4187 dicimus
2880 4151 2892 4186 :
2927 4144 3180 4187 cznteruin
3226 4147 3400 4202 neque
3431 4145 3580 4202 sym-

2007 4228 2259 4290 bolicam,
2284 4227 2437 4294 quasi
2460 4226 2580 4280 oleo
2611 4225 2830 4289 factum,
2861 4235 2959 4278 nec
2985 4225 3142 4294 quasi
3176 4223 3228 4277 in
3258 4223 3428 4292 gratia
3459 4237 3582 4293 pro.

2003 4319 2258 4389 plietica;
2285 4320 2378 4373 sed
2415 4332 2514 4372 nec
2545 4317 2716 4382 illam,
2743 4332 2861 4386 quae
2885 4318 3201 4387 intelligitur
3228 4318 3342 4372 ticri
3368 4317 3433 4370 ad
3460 4332 3582 4386 per-

2009 4413 2292 4467 fectionem
2330 4411 2556 4479 alicujus
2591 4410 2894 4478 huiusmodi
2941 4411 3174 4481 negotii,
3233 4411 3445 4480 qualem
3496 4409 3582 4463 fa-

2009 4517 2156 4561 ctam
2193 4520 2313 4560 esse
2330 4505 2564 4559 dicimus
2604 4505 2656 4557 in
2705 4503 2844 4575 Cyro
2875 4503 3161 4557 Persarum
3213 4512 3267 4556 et
3308 4501 3582 4555 Medorum

2009 4611 2154 4666 rege.
2185 4597 2384 4650 (.‘ontra
2417 4593 2745 4664 Babylonios
2776 4595 2919 4648 enim
2958 4593 3045 4646 ille
3085 4593 3234 4646 duxit
3261 4593 3582 4652 exercitum,

2009 4689 2304 4758 instigante
2327 4689 2504 4755 ipsqu
2529 4687 2582 4740 in
2611 4683 2660 4738 id
2690 4685 2798 4738 Deo
2825 4685 3218 4754 omnipotente.
3257 4682 3464 4736 Dictum
3501 4691 3588 4735 est

2010 4775 2272 4834 eninn’t
2310 4776 2437 4832 Haec
2487 4777 2619 4831 dicit
2671 4775 2930 4830 Dominus
2979 4775 3186 4830 christo
3240 4789 3357 4828 meo
3406 4771 3584 4843 Cyro.

2013 4871 2170 4940 cujus
2194 4871 2521 4940 apprehendi
2547 4872 2824 4924 dexteram
2851 4869 2893 4924 ³.
2935 4884 2954 4922 ι
2997 4868 3160 4939 Atqui
3199 4867 3290 4922 ille
3328 4868 3426 4927 vir,
3460 4883 3584 4920 ctnn

2012 4971 2159 5019 esset
2193 4965 2456 5018 idolorum
2491 4963 2686 5026 cultor,
2716 4961 3028 5015 nominatus
3057 4972 3140 5014 est
3173 4961 3432 5023 cltristus,
3467 4958 3587 5013 ideo

2013 5059 2154 5125 quod
2192 5058 2344 5124 quasi
2383 5066 2578 5111 unctus
2609 5065 2693 5109 est
2721 5055 2771 5108 in
2798 5069 3041 5122 regnum,
3071 5053 3280 5106 ctelesti
3309 5049 3585 5118 stitit-asia,

2015 5158 2068 5202 et
2106 5149 2387 5202 ordinatus
2433 5158 2514 5202 est
2550 5163 2579 5201 a
2628 5146 2737 5202 Deo
2773 5153 2832 5200 ut
2871 5144 3195 5200 Bubvlonem
3243 5143 3588 5198 vehementer

330 5233 508 5304 ρισταί
536 5250 597 5287 τε
626 5233 776 5305 παρὰ
796 5232 932 5288 Θεοῦ
955 5234 1096 5287 κατὰ
1125 5233 1322 5305 κράτος
1356 5234 1580 5305 αἱρῆται
1606 5234 1703 5305 τὴν
1735 5234 1900 5288 Βα6υ‹

2016 5248 2371 5309 expugnaret.

327 5341 434 5376 Λων
443 5341 536 5374 ξων
543 5364 556 5379 .

417 5413 618 5466 Ἐκεῖνο
666 5413 724 5467 δὲ
787 5413 1045 5482 μᾶλλον..
1075 5454 1088 5468 .
1135 5413 1351 5484 Ἐπειδὴ
1400 5414 1537 5485 γὰρ,
1576 5415 1662 5470 διὰ
1716 5416 1813 5488 τὴν
1847 5419 1904 5470 ὲν

342 5503 516 5574 Ἀδὰμ
560 5499 915 5576 παράϐασιν,
993 5505 1347 5574 βεϐασίλευκε
1408 5506 1548 5560 κατὰ
1611 5506 1904 5580 πάντωνη

329 5594 596 5666 ἁμαρτία,
630 5596 850 5667 ἅπέπτη
879 5596 934 5650 δὲ
953 5596 1012 5650 τὸ
1033 5597 1255 5668 Πνεῦμα
1286 5598 1349 5651 τὸ
1379 5598 1558 5667 ἅγιον·
1587 5601 1679 5653 καὶ
1713 5600 1904 5670 γέγονε

405 5773 421 5804 ⁸
449 5772 582 5828 Psal.
612 5789 716 5840 ειν,
747 5774 829 5828 15.

909 5778 926 5806 ²
959 5773 1538 5849 ilabac.ttt,15,juxta
1565 5777 1728 5832 LXX.
1804 5779 1820 5806 ³
1847 5777 1947 5832 isa.
1984 5794 2100 5839 ην,
2134 5777 2178 5830 i.

2085 5413 2220 5468 illud
2244 5425 2421 5469 autem
2448 5415 2618 5483 magis
2651 5415 2718 5468 de
2744 5413 2984 5469 Christo.
3006 5399 3276 5480 'Quoniam
3299 5415 3440 5468 enim
3469 5423 3590 5482 pro-

2016 5517 2135 5573 pter
2163 5506 2294 5561 Atla:
2331 5505 2828 5576 prmraricationem
2858 5506 2882 5539 ⁸
2913 5514 3237 5576 regnaverat
3272 5520 3431 5576 supra
3463 5520 3584 5559 Otii-

2014 5614 2108 5652 nes
2148 5609 2452 5668 peccatum,
2486 5605 2540 5651 et
2567 5596 2800 5668 Spiritus
2835 5597 2900 5653 ah
2946 5597 3278 5653 humanitate
3318 5596 3587 5650 disccssc.

2255 5779 2274 5807 ⁵
2311 5774 2463 5832 Rom.
2495 5791 2545 5842 ν,
2575 5774 2657 5829 l-l.
