4038 6538
506 394 638 449 1371

1475 392 1536 451 S.
1574 390 1841 449 CYRILIJ
1880 380 2347 445 ALEXANDRINI
2383 379 2698 442 ARCHIEP.

3627 379 3654 438 Ι
3666 379 3772 438 37?.

510 521 594 565 rat
618 512 661 572 ⁸,
694 509 766 563 ob
813 522 1040 576 eamque
1090 521 1310 562 causam
1370 510 1422 564 in
1478 512 1634 567 malis
1687 510 1943 566 omnibus
1991 484 2078 561 illa

2185 503 2388 574 ταύτης
2415 504 2580 556 ἕνεκα
2595 501 2698 571 τῆς
2725 499 2905 563 αἰτίας
2920 497 2980 553 ἐν
3000 497 3161 554 παντί
3185 497 3359 570 κακῷ-
3383 497 3489 553 ἕδει
3517 499 3572 552 δὲ
3609 502 3773 555 πάλιν

509 600 862 664 versabatur;
909 612 1044 667 opus
1081 607 1260 652 autem
1293 608 1412 654 erat
1462 611 1522 654 ut
1563 617 1805 666 rursum,
1845 615 1940 671 per
1987 599 2078 654 Dei

509 687 944 744 misericordiam
974 689 1026 742 in
1051 687 1336 757 pristinum
1367 698 1637 755 revocata,
1669 690 1929 760 Spiritum
1965 705 2082 746 me-

512 789 721 834 reretur
746 797 760 832 :
790 779 950 833 homo
977 778 1174 832 factum
1210 787 1292 833 est
1318 779 1649 846 unigenitum
1699 782 1792 836 Dci
1819 781 2080 850 Verbum,

509 882 562 923 et
611 886 732 924 cum
785 879 1002 923 terreno
1052 882 1282 938 corpore
1341 873 1570 927 terrenis
1621 875 1890 942 apparuit.
1959 874 2083 930 Fuit

509 962 669 1016 etiam
708 962 936 1016 liberum
982 975 1013 1014 a
1052 973 1298 1030 peccato,
1337 971 1396 1016 ut
1431 972 1486 1017 et
1537 964 1589 1016 in
1634 964 1772 1032 ipso,
1822 973 1878 1020 et
1922 966 1976 1019 in
2017 980 2083 1020 eo

508 1050 644 1118 solo,
679 1052 1002 1107 innocentia:
1028 1051 1272 1108 laudibus
1316 1063 1503 1107 natura
1534 1054 1765 1109 hominis
1790 1065 2080 1123 coronata,

511 1143 715 1212 Spiritu
767 1153 954 1199 sancto
1002 1144 1300 1212 ditaretur,
1341 1160 1407 1200 ac
1459 1146 1539 1200 sic
1595 1144 1986 1204 rel'ormaretur
2015 1148 2081 1202 ad

509 1230 678 1287 Deum
730 1247 828 1301 per
886 1233 1389 1289 sanctiﬁcationem.
1453 1235 1617 1306 780
1666 1235 1882 1293 Transit
1937 1238 2081 1293 enim

509 1324 576 1378 ad
619 1341 716 1381 nos
750 1341 963 1396 quoque
998 1327 1168 1394 gratia
1223 1337 1397 1397 coepta
1434 1346 1464 1381 a
1513 1329 1745 1395 Christo,
1780 1329 1870 1399 qui
1905 1339 1990 1386 est
2029 1332 2080 1384 in

509 1416 665 1471 nobis
705 1415 1124 1484 primogenitus;
1175 1419 1336 1488 idque
1383 1434 1480 1474 nos
1510 1419 1708 1475 docens
1747 1420 1938 1476 beatus
1979 1421 2084 1476 Da-

508 1507 595 1560 vid
625 1506 801 1573 psallit
847 1507 913 1560 ad
941 1506 1134 1560 Filium
1167 1526 1180 1561 :
1220 1525 1238 1559 ι
1275 1508 1801 1576 Dilexistijustitiam
1842 1520 1895 1565 et
1921 1511 2082 1567 odisti

509 1596 869 1666 iniquitatem,
909 1597 1026 1654 ideo
1073 1599 1226 1654 unxit
1262 1608 1313 1656 te
1349 1599 1491 1656 Deus
1522 1601 1661 1655 Deus
1690 1611 1810 1656 tuus
1839 1601 1958 1658 oleo
1987 1601 2084 1658 ιω-

510 1688 642 1742 ιῑιὶω
669 1688 709 1742 ⁸.
750 1707 769 1740 ο

578 1778 783 1835 Unctus
804 1789 889 1836 est
910 1782 1075 1853 igitur
1093 1781 1340 1852 exemplo
1363 1792 1548 1839 nostro
1569 1784 1737 1841 Filius
1761 1785 2083 1842 innocentiae

505 1870 774 1937 laudibus,
813 1881 889 1938 et,
923 1881 984 1926 ut
1018 1883 1144 1928 ante
1188 1872 1321 1936 dixi,
1369 1873 1422 1927 in
1458 1874 1572 1942 ipso
1613 1883 1804 1931 natura
1848 1877 2081 1934 hominis

407 2036 414 2043 ‘
505 1960 790 2029 illustrata,
817 1972 868 2018 et
911 1963 1066 2033 digna
1093 1963 1206 2032 jam
1250 1964 1434 2019 sortiri
1478 1965 1742 2034 Spiritum
1790 1977 2035 2023 sanctum
2062 2009 2079 2036 ,

499 2051 610 2121 jam
643 2067 748 2107 non
789 2053 1180 2118 discessurum,
1223 2054 1363 2109 sicut
1407 2065 1589 2121 antea,
1633 2059 1724 2111 sed
1762 2075 2078 2114 mansurum

505 2142 676 2214 magis
699 2143 752 2198 in
781 2144 912 2214 ipsa.
938 2144 1174 2215 Ideoque
1195 2145 1459 2216 scriptum
1488 2157 1590 2212 est,
1624 2149 1767 2217 quod
1802 2168 1820 2200 ι
1855 2151 2081 2206 descen-

503 2239 584 2289 dit
622 2235 674 2289 in
716 2251 837 2290 eum
895 2236 1127 2306 Spiritus
1152 2279 1166 2304 ,
1202 2246 1255 2293 et
1311 2239 1510 2293 mansit
1565 2255 1726 2308 super
1773 2242 1942 2312 ipsum
1976 2244 2018 2299 ⁷.
2053 2263 2072 2296 ι

504 2322 717 2380 Dicitur
765 2341 896 2398 ergo
949 2327 1197 2385 Christus
1243 2329 1338 2385 Dei
1396 2329 1654 2397 Verbum,
1685 2335 1826 2402 quod
1861 2344 2079 2404 propter

502 2431 602 2471 nos
635 2425 689 2471 et
719 2419 888 2474 nostri
930 2420 1125 2476 similis
1173 2421 1334 2476 homo
1361 2430 1446 2476 est
1481 2422 1711 2489 factum,
1749 2431 1803 2478 et
1835 2425 1885 2478 in
1931 2429 2073 2481 servi

501 2503 676 2560 forma
707 2523 721 2560 :
755 2515 808 2562 et
843 2508 1059 2579 ungitur
1090 2509 1307 2578 quidem
1339 2511 1594 2576 humane,
1629 2509 1924 2566 secundum
1953 2527 2077 2565 caro

501 2610 662 2662 nem;
695 2598 845 2668 ungit
885 2611 1065 2655 autem
1112 2599 1291 2656 divine
1342 2616 1441 2657 suo
1498 2601 1706 2673 Spiritu
1749 2617 1842 2659 eos
1879 2604 1972 2674 qui
2019 2605 2073 2660 in

499 2685 676 2758 ipsum
707 2689 960 2747 credunt.

1159 2873 1313 2931 CAP.
1353 2874 1420 2930 ll.

746 3005 986 3073 Qualiter
1015 3007 1238 3080 intelligi
1269 3007 1450 3063 debeat
1488 3009 1821 3066 Emmanuel.

569 3140 883 3198 Emmanuel
907 3145 1215 3198 nominatur
1240 3142 1379 3199 Deus
1402 3143 1657 3208 Verbum,
1721 3147 1864 3216 quod
1898 3146 2071 3202 Abra-

495 3236 580 3290 hae
612 3250 798 3290 semen
836 3237 1210 3306 apprehendit,
1245 3243 1300 3292 et
1329 3237 1580 3292 similiter
1619 3252 1683 3292 ac
1714 3253 1813 3295 nos
1841 3240 2066 3309 partici-

494 3327 642 3394 pavit
663 3328 815 3383 carni
842 3337 896 3382 ct
919 3329 1164 3399 sanguini
1191 3329 1233 3382 ⁸.
1287 3327 1677 3398 Interpretatur
1742 3341 1921 3388 autem
1952 3333 2075 3388 Em-

495 3419 731 3484 manuel,
770 3418 1036 3472 nobiscum
1078 3418 1236 3474 Deus.
1279 3419 1615 3474 Conlitemur
1657 3430 1836 3476 autem
1888 3424 2075 3478 nobis-

493 3525 616 3563 cum
653 3509 820 3565 luisse
856 3511 944 3564 Dei
981 3511 1232 3576 Verbum,
1289 3526 1394 3565 non
1423 3512 1702 3567 localiter:
1731 3513 1782 3567 in
1807 3529 1916 3584 quo
1933 3516 2076 3570 enim

494 3603 615 3656 loco
662 3617 768 3657 non
805 3611 890 3656 est
934 3602 1104 3664 Deus,
1147 3603 1236 3669 qui
1293 3601 1480 3671 implet
1517 3604 1737 3658 omnia?
1783 3604 1891 3660 Nec
1936 3609 2079 3676 quod

492 3693 686 3748 adesse
709 3692 868 3746 nobis
889 3691 1226 3760 conspicitur
1259 3692 1444 3747 auxilii
1487 3694 1733 3760 ratione;
1767 3695 1969 3751 dictum
1998 3707 2081 3754 est

493 3782 639 3836 enim
669 3782 773 3837 hoc
811 3781 970 3836 modo
1001 3782 1068 3835 ad
1099 3779 1282 3836 Jesum
1329 3781 1495 3836 lilium
1536 3781 1721 3838 Nave:
1767 3803 1788 3836 ‹
1841 3786 1907 3840 Et
1940 3787 2080 3843 sicut

494 3889 642 3928 eram
685 3889 808 3929 cum
859 3873 1062 3944 Moyse,
1111 3873 1182 3927 ita
1223 3889 1322 3929 ero
1362 3884 1417 3929 et
1451 3876 1696 3932 tecum’.
1734 3895 1754 3928 ι
1803 3876 1907 3932 Sed
1937 3882 2080 3948 quod

496 3965 697 4021 factum
728 3977 813 4022 est
853 3969 906 4022 in
956 3967 1180 4033 nostris,
1221 3966 1274 4021 id
1307 3975 1417 4032 est,
1467 3969 1521 4022 in
1577 3967 1938 4036 humanitate,
1974 3986 2078 4026 non

494 4058 752 4114 derelicta
787 4075 882 4114 sua
916 4067 1110 4113 natura
1143 4074 1159 4112 :
1211 4057 1627 4116 inconvertibile
1671 4069 1759 4116 est
1798 4061 1944 4116 enim
1981 4078 2079 4119 na-

496 4163 618 4206 tura
650 4151 743 4206 Dei
777 4151 1037 4206 Verbum.

569 4241 842 4298 Casternm
879 4257 1040 4311 quam
1071 4245 1142 4299 oh
1165 4259 1406 4307 causam,
1443 4259 1566 4299 cum
1595 4243 1753 4314 plane
1776 4245 1990 4300 dicatur
2015 4243 2081 4298 ad

494 4330 678 4385 Jesum
721 4330 888 4385 lilium
919 4331 1090 4396 Nave,
1120 4336 1262 4402 quod
1293 4349 1312 4385 ‹
1346 4333 1489 4389 sicut
1515 4349 1665 4389 eram
1707 4349 1831 4388 cum
1869 4333 2068 4406 Moyse,

497 4423 580 4478 sic
605 4436 698 4476 ero
725 4432 933 4486 tecum,
970 4441 988 4474 ο
1031 4439 1134 4479 non
1179 4433 1262 4480 est
1303 4434 1480 4481 tamen
1518 4425 1826 4480 nominatus
1868 4424 2082 4480 Emma-

495 4513 660 4569 nuel?
694 4513 810 4585 Ipsa
845 4525 1027 4570 autem
1067 4515 1205 4571 ratio
1233 4526 1311 4571 est
1343 4531 1359 4568 :
1403 4517 1508 4572 etsi
1545 4517 1691 4571 enim
1727 4531 1853 4572 cum
1899 4517 2080 4586 aliquo

495 4615 806 4662 sanctorum
840 4607 1004 4663 fuisse
1031 4608 1276 4672 dicatur;
1313 4623 1418 4662 non
1465 4617 1645 4662 tamen
1681 4608 1964 4664 nobiscum
1999 4607 2079 4661 fa-

495 4709 642 4751 ctum
674 4713 794 4754 esse
825 4699 1054 4755 dicimus
1090 4698 1262 4754 Deum
1299 4697 1560 4761 Verbum,
1593 4697 1696 4754 nisi
1725 4713 1791 4754 eo
1840 4706 2081 4768 tempore

497 4802 607 4857 quo
633 4787 789 4857 juxta
828 4789 969 4856 quod
999 4789 1130 4845 dicit
1174 4787 1383 4842 Baruch
1407 4829 1420 4854 ,
1459 4805 1478 4839 ι
1519 4787 1570 4841 in
1615 4796 1760 4842 terra
1788 4786 1936 4841 visus
1963 4796 2077 4851 est,

493 4883 554 4930 et
583 4877 724 4932 inter
754 4877 1001 4933 homines
1051 4887 1410 4934 conversatus
1452 4886 1556 4940 est,
1582 4885 1638 4932 et
1675 4890 1892 4930 onmem
1937 4874 2077 4929 viam

497 4968 782 5024 inveniens
807 4969 1126 5040 disciplinae,
1160 4977 1215 5024 et
1245 4969 1380 5024 dans
1404 4982 1522 5022 eam
1551 4965 1716 5022 Jacoh
1750 4981 1916 5035 puero
1953 4981 2076 5030 suo,

498 5069 553 5115 et
575 5059 737 5115 Israel
761 5060 960 5117 dilecto
982 5077 1012 5115 a
1052 5077 1112 5116 sc
1144 5077 1158 5113 :
1194 5060 1307 5130 ipse
1335 5067 1419 5114 est
1444 5057 1588 5112 enim
1625 5057 1766 5113 Deus
1793 5065 1997 5122 noster,
2026 5066 2081 5111 et

498 5166 604 5207 non
633 5154 1035 5221 comparabitur
1055 5153 1194 5208 alius
1218 5153 1286 5206 ad
1305 5165 1427 5206 eum
1457 5151 1521 5205 ⁸ο.
1561 5169 1579 5202 ι

570 5242 839 5309 Quantum
877 5245 1020 5298 enim
1065 5244 1130 5299 ad
1161 5242 1252 5297 Dei
1401 5241 1564 5295 Ὅσον
1597 5241 1696 5311 μὲν
1724 5243 1832 5313 γὰρ
1854 5234 1986 5313 ἧκεν
2001 5241 2082 5308 είς

500 5342 743 5388 naturam
797 5335 1052 5404 pertinet,
1119 5350 1254 5390 non-
1327 5336 1388 5389 τὸ
1414 5330 1554 5390 εἴναι
1574 5336 1707 5402 Θεὸς
1727 5336 1868 5391 κατὰ
1898 5335 2080 5407 φύσιν,

498 5427 626 5481 dum
649 5427 1059 5483 cratnohiscum
1081 5445 1096 5494 ;
1120 5427 1258 5482 mul—
1326 5429 1428 5482 οὐκ
1467 5424 1536 5500 ἦν
1567 5430 1684 5501 μεθ’
1709 5430 1889 5502 ήμῶψ
1921 5429 2084 5497 ἀσύγ-

2185 595 2322 666 ἑλέῳ
2344 595 2502 659 Θεοῦ,
2521 593 2656 665 πρὸς
2679 593 2738 648 τὸ
2755 594 2814 647 ὲν
2835 593 3030 664 ἀρχαῖς
3049 591 3447 647 ἁναϐαίνουσαν
3467 593 3774 663 ἀξιωθῆναι

2184 686 2281 741 τοῦ
2305 687 2625 758 Πνεύματος
2642 704 2656 719 ·
2686 685 3114 758 ἐνηνθρώπησεν
3139 687 3167 740 6
3190 685 3484 757 μονογενὴς
3513 684 3610 738 τοῦ
3633 684 3773 738 Θεοῦ

2183 779 2373 848 Λόγος.
2403 778 2582 848 Ὠφϐη
2613 795 2674 831 τε
2701 780 2816 842 τοῖς
2845 777 2942 830 ἐπὶ
2967 777 3072 847 γῆς
3093 777 3231 847 μετὰ
3259 778 3452 848 γηῒνου
3489 775 3771 846 σώματος,

2185 865 2302 923 εἷτα
2330 870 2556 939 γέγονεν
2580 869 2856 941 ἁμαρτίας
2887 868 3190 941 ἐλεύθερος,
3212 869 3300 924 ἵνα
3326 869 3393 923 ὲν,
3410 867 3563 937 αὒτῷ
3589 885 3652 922 τε
3677 869 3775 920 καὶ

2187 963 2334 1034 μόνῳ
2348 965 2458 1026 τοῖς
2476 963 2573 1033 τῆς
2590 961 2937 1032 ἁμαρτησίας
2958 961 3258 1030 αὐχήμασι,
3288 961 3324 1030 ἡ
3346 957 3646 1030 ἀνθρώπου
3669 959 3774 1025 φεῖ.-

2185 1069 2270 1117 σις
2302 1052 2710 1124 στεφανουμένη
2728 1051 3150 1122 καταπλουτήσῃ
3171 1050 3232 1104 τὸ
3250 1049 3478 1121 Πνεῦμα
3503 1049 3566 1102 τὸ
3589 1050 3770 1116 ἅγιον·

2183 1144 2608 1217 ἀναμορφωθείη
2645 1161 2705 1198 τε
2734 1143 2876 1198 οὕτω
2906 1143 3043 1216 πρὸς
3061 1143 3194 1196 Θεὸν
3225 1142 3291 1195 δι’
3324 1140 3624 1212 ἀγιασμοῦ.
3650 1143 3778 1193 Δια-

2184 1237 2358 1291 6αίνει
2387 1236 2446 1289 δὲ
2475 1235 2618 1288 οὕτω
2648 1237 2743 1289 καὶ
2772 1237 2852 1298 είς
2879 1235 3027 1306 ἡμᾶς
3051 1234 3084 1302 ἡ
3109 1233 3292 1304 χάρις,
3320 1233 3496 1304 ἀρχὴν
3525 1229 3775 1283 λαϐοῦσα

2184 1327 2420 1398 Χριστὸν
2449 1326 2540 1379 τὸν
2573 1326 2633 1378 ὲν
2659 1329 2793 1396 ἡμῖν
2835 1324 3204 1396 πρωτότοκον.
3231 1323 3342 1385 Καὶ
3386 1322 3477 1375 διὰ
3505 1321 3673 1376 τοῦτο
3698 1320 3780 1372 δι-

2182 1416 2396 1470 δάσκων
2413 1417 2558 1487 ἡμᾶς
2581 1418 2609 1470 6
2639 1417 2908 1486 μακάριος
2928 1413 3123 1484 ψάλλει
3153 1412 3320 1466 Δαϐὶδ
3340 1412 3477 1482 πρὸς
3495 1413 3592 1465 τὸν
3616 1411 3774 1464 Υῑόν·

2189 1528 2207 1560 ι
2244 1509 2571 1580 Ἠγάπησας
2592 1505 2964 1575 δικαιοσύνην,
2993 1504 3090 1558 καὶ
3122 1503 3394 1576 ἐμίσησας
3417 1501 3661 1566 ἀδικίαν,
3685 1501 3778 1556 διὰ

2181 1601 2343 1653 τοῦτο
2388 1598 2573 1670 ἐχρισέ
2607 1614 2668 1651 σε
2712 1599 2741 1652 6
2775 1596 2908 1661 Θεὸς
2936 1598 2965 1650 6
2995 1595 3130 1659 Θεός
3168 1611 3262 1648 σου
3290 1594 3470 1648 ἔλαιον
3497 1592 3775 1661 ἀγαλλιά-

2220 1709 2345 1744 εως.
2382 1709 2402 1742 ι

2220 1709 2244 1744 ε
2334 1729 2345 1742 .
2382 1709 2402 1742 ι

2185 1709 2217 1745 σ
2250 1708 2557 1852 αιέἒχρισται
2596 1779 2782 1832 τοίνυν
2822 1777 2946 1832 καθ’
2976 1778 3127 1849 ἡμᾶς
3171 1776 3533 1848 ἀνθρωπίνως
3567 1778 3598 1830 6
3642 1775 3777 1838 Υἱὸς

2112 1853 2155 1908 Β
2181 1877 2295 1938 τοῖς
2323 1875 2426 1944 τῆς
2452 1869 2874 1942 ἀναμαρτησίας
2914 1870 3183 1933 ἐπαίνοις,
3209 1868 3286 1932 ὡς
3322 1867 3537 1939 ἔφημεν
3558 1884 3573 1896 ·
3616 1867 3779 1921 ἐκλε-

2184 1963 2634 2038 λαμπρυμμένης
2661 1965 2720 2016 ὲν
2767 1961 2916 2034 αὐτῷ
2947 1962 3049 2033 τῆς
3071 1960 3167 2015 τοῦ
3206 1961 3495 2032 ἀνθρώπου
3528 1960 3774 2030 φύσεως,

2179 2059 2337 2124 ἀξίας
2373 2075 2433 2110 τε
2465 2056 2565 2128 ἤδη
2601 2054 2907 2125 γενομένης
2931 2053 3026 2107 τοῦ
3074 2053 3276 2125 χρῆναι
3319 2055 3618 2125 μετασχεῖν
3676 2052 3776 2106 τοῦ

2180 2153 2336 2223 ἁγίου
2391 2149 2710 2220 Πνεῦματος
2731 2163 2745 2177 ·
2781 2148 2880 2200 οὐκ
2928 2147 3339 2215 ἁποφοιτῶντος
3370 2147 3450 2200 ἔτι
3482 2146 3631 2199 καθὰ
3680 2147 3776 2199 καὶ

2179 2245 2236 2297 ὲν
2271 2244 2488 2316 ἀρχαῖς,
2539 2238 3047 2313 ἒμφι).οχωροῦντος
3077 2240 3134 2293 δὲ
3181 2239 3382 2311 μᾶλλον
3424 2240 3590 2311 αὐτῇ.
3625 2239 3776 2292 Ταύ-

2176 2349 2329 2406 τῃτοι
2353 2332 2449 2386 καὶ
2478 2331 2810 2402 γέγραπται,
2845 2329 2927 2382 ὅτι
2952 2347 2970 2380 r
3004 2327 3270 2398 Κατέπτη
3303 2327 3400 2397 μὲν
3430 2327 3524 2380 ἐπὶ
3547 2327 3775 2396 Χριστῷ

2176 2425 2236 2478 τὸ
2267 2422 2515 2493 Πνεῦμα,
2551 2421 2831 2492 μεμένηκε
2855 2419 2913 2472 δὲ
2937 2421 3023 2473 ἐπ’
3050 2419 3232 2474 αὐτόν.
3267 2438 3285 2471 ι
3317 2419 3552 2487 Λέγεται
3589 2417 3778 2471 τοίνυν

2176 2515 2411 2587 Χριστὸς
2445 2517 2472 2568 6
2501 2512 2593 2567 τοῦ
2630 2511 2770 2566 Θεοῦ
2802 2511 2976 2580 Λόγος
3003 2513 3032 2563 ὁ
3064 2511 3130 2565 δι’
3166 2512 3312 2581 ἡμᾶς
3343 2512 3437 2564 καὶ
3467 2511 3594 2565 καθ’
3620 2511 3777 2580 ἡμᾶς

2176 2600 2482 2672 ἄνθρωπος,
2512 2599 2606 2653 καὶ
2642 2600 2699 2652 ὲν
2744 2600 2810 2669 τῇ
2852 2598 2946 2651 τοῦ
2984 2598 3179 2653 δούλου
3217 2603 3434 2672 μορφῇ’
3475 2599 3578 2653 καὶ
3619 2599 3774 2669 χριό-

2179 2709 2339 2763 μενος
2366 2691 2464 2762 μὲν
2494 2689 2854 2760 ἀνθρωπίνως
2881 2689 3024 2742 κατὰ
3042 2691 3142 2760 τὴν
3162 2693 3358 2763 σάρκα,
3379 2691 3560 2762 χρίων
3577 2690 3636 2744 δὲ
3660 2690 3772 2743 Θεῖ-

2176 2783 2288 2847 κῶς
2315 2781 2390 2854 τῷ
2427 2781 2540 2854 ίδέῳ
2574 2779 2853 2852 Πνεύματι
2881 2780 3008 2845 τοὺς
3031 2782 3111 2846 είς
3149 2782 3310 2836 αὐτὸν
3348 2782 3734 2845 πιστεύοντας.

2177 2977 2362 3032 κριτον
2427 2956 2538 3030 γὰρ
2600 2957 2661 3011 τὸ
2729 2956 2935 3028 μεταξὺ
3010 2967 3121 3012 tum
3169 2959 3308 3014 enim
3353 2959 3582 3014 interest
3627 2958 3771 3012 inter

2175 3057 2428 3127 Θεότητος
2503 3055 2600 3108 καὶ
2651 3052 2936 3124 ἀνθρωπό-
3009 3049 3260 3103 deitatem
3278 3049 3766 3113 ethumanitatenn;

2173 3167 2333 3222 τητος
2352 3166 2366 3181 ο
2437 3149 2534 3202 καὶ
2609 3146 2775 3217 πολλή
2849 3163 2935 3210 τις
3007 3150 3062 3196 ει
3091 3127 3278 3210 ingens
3308 3151 3393 3196 est
3421 3141 3588 3196 nimis
3611 3139 3768 3196 diﬁc-

2177 3244 2316 3311 ᾶγαν
2339 3242 2449 3295 τῶν
2477 3239 2693 3312 φύσεὼν
2722 3242 2871 3293 ἐστιν
2898 3240 2932 3310 ἡ
3010 3237 3179 3291 rentia
3209 3245 3540 3289 naturarum.

2177 3333 2428 3405 διαφορά.
3209 3405 3212 3409 _

2251 3425 2483 3494 Ideoque
2528 3424 2741 3478 divinus
2784 3421 2952 3476 David
3006 3420 3072 3473 ad
3126 3415 3524 3488 proximitatem
3581 3417 3772 3486 mysti-

2181 3535 2296 3573 cam
2348 3517 2458 3590 [al.
2515 3517 2766 3571 unionem
2815 3510 3238 3583 arctissimam],
3287 3510 3451 3565 Deum
3503 3507 3766 3572 Verbum,

2181 3612 2321 3680 quod
2371 3609 2610 3664 nondum
2647 3608 2713 3662 ad
2767 3621 2864 3661 nos
2900 3613 3142 3668 venerat,
3191 3602 3438 3666 vocabat,
3487 3601 3679 3656 dicens
3714 3601 3768 3653 in

2183 3702 2410 3772 spiritu:
2447 3719 2465 3752 ι
2494 3698 2574 3755 Oh
2603 3697 2754 3769 quid,
2785 3696 3045 3760 Domine,
3093 3692 3386 3751 discessiSti
3421 3691 3581 3760 longe
3612 3691 3706 3745 “2
3745 3710 3765 3743 ι

2252 3793 2329 3864 (l)
2363 3792 2501 3861 Ergo
2539 3789 2653 3859 jam
2686 3803 2793 3843 non
2839 3785 3108 3851 discessit,
3153 3782 3248 3839 sed
3298 3782 3579 3836 nobiscum
3637 3780 3765 3843 fuit,

2180 3883 2270 3950 qui
2303 3895 2426 3936 cum
2458 3879 2743 3934 mansisset
2773 3876 2825 3932 id
2871 3876 3014 3945 quod
3037 3881 3177 3938 erat,
3217 3871 3576 3942 apprehendit
3600 3871 3770 3925 Abra-

2183 3975 2264 4028 ha:
2287 3986 2494 4036 semen,
2522 3979 2581 4026 ut
2606 3969 2717 4024 dixi
2743 3987 2759 4036 ;
2786 3967 2996 4035 accepit
3040 3973 3218 4019 autem
3269 3964 3430 4019 etiam
3463 3961 3611 4018 servi
3652 3962 3766 4015 [οι--

2184 4079 2350 4128 mam,
2377 4071 2433 4116 et
2459 4067 2784 4129 conspectus
2817 4058 2982 4111 homo
3006 4055 3058 4109 in
3090 4063 3232 4108 terra
3265 4059 3370 4106 est.

2254 4155 2508 4212 Christus
2532 4166 2663 4206 vero
2693 4157 2749 4205 et
2778 4144 3095 4204 Emmanuel
3121 4144 3367 4200 eumdem
3401 4140 3562 4196 nobis
3593 4139 3764 4193 lilium

2183 4250 2486 4318 designant,
2516 4244 2710 4316 partim
2742 4243 2864 4311 quia
2892 4248 3088 4295 unctus
3126 4245 3209 4292 est
3239 4248 3389 4290 more
3416 4241 3638 4296 nostro,
3665 4231 3764 4285 hu-

2184 4355 2360 4398 mana:
2386 4337 2620 4394 hominis
2651 4345 2861 4390 naturae
2896 4330 3145 4402 spiritum
3181 4326 3478 4397 accipiens,
3516 4333 3574 4377 ut
3608 4324 3662 4377 in
3705 4336 3766 4376 se

2185 4436 2300 4504 ipso
2334 4441 2389 4487 et
2437 4430 2608 4501 primo
2652 4427 2750 4499 [al.
2797 4427 3031 4480 humana
3089 4430 3279 4474 natura
3323 4417 3570 4486 spiritum
3622 4414 3764 4468 acci-

2186 4528 2366 4598 piente
2402 4524 2454 4577 in
2488 4523 2626 4591 ipso,
2667 4528 2727 4574 ut
2761 4513 2980 4588 primo].
3009 4513 3224 4567 Positus
3247 4518 3332 4564 est
3353 4507 3498 4564 enim
3525 4506 3766 4598 primor-

2186 4597 2332 4673 dium
2365 4613 2603 4686 generis,
2634 4625 2821 4667 rursus
2858 4609 2971 4677 ipse
3011 4619 3238 4677 angens,
3262 4612 3321 4658 ut
3357 4599 3525 4664 Dens,
3557 4597 3766 4666 Spiritu

2185 4716 2373 4764 sancto
2399 4719 2495 4761 eos
2521 4703 2610 4772 qui
2654 4703 2708 4757 in
2745 4715 2804 4756 se
2829 4699 3096 4755 credunt:
3136 4695 3355 4766 partim,
3379 4692 3503 4763 quia
3528 4690 3634 4744 fuit
3670 4703 3768 4743 no—

2186 4801 2390 4856 biscum
2421 4795 2720 4852 secundum
2743 4807 2878 4863 quas
2906 4789 3066 4846 modo
3093 4786 3299 4844 reddidi
3330 4786 3590 4847 rationes,
3615 4790 3675 4836 et
3700 4781 3770 4834 de

2185 4908 2253 4947 co
2285 4905 2381 4946 nos
2411 4888 2538 4944 facit
2577 4895 2757 4942 certos
2786 4883 2952 4940 Isaias
2988 4880 3250 4952 propheta
3294 4877 3524 4931 dicens:
3567 4892 3588 4926 ι
3629 4873 3769 4928 Ecce

2185 4986 2338 5054 virgo
2369 4981 2424 5036 in
2469 4989 2624 5034 utere
2656 4976 2908 5046 accipiet,
2939 4983 2993 5029 et
3022 4971 3197 5040 pariet
3229 4969 3420 5034 tilium,
3457 4976 3514 5022 et
3544 4966 3766 5021 vocabi-

2187 5084 2275 5129 tur
2307 5087 2502 5129 nomen
2546 5068 2662 5140 ejus
2694 5063 3012 5121 Emmanuel
3042 5064 3107 5117 ¹¹.
3145 5080 3164 5114 ι
3207 5060 3346 5116 Cum
3389 5058 3532 5113 enim
3576 5064 3768 5112 sancta

2189 5165 2377 5236 Virgo,
2401 5179 2468 5219 ex
2494 5160 2698 5232 Spiritu
2720 5157 2939 5228 quidem
2962 5163 3154 5210 sancto
3177 5163 3460 5223 praegnans
3479 5157 3567 5204 est
3597 5146 3766 5208 facta,

2189 5259 2399 5331 peperit
2421 5264 2598 5312 autem
2634 5249 2930 5308 secundum
2956 5257 3173 5302 carnem
3203 5244 3408 5310 lilium;
3447 5251 3576 5295 tunc
3600 5239 3768 5294 etiam

2193 5347 2510 5406 Emmanuel
2550 5345 2729 5400 dictus
2778 5351 2902 5398 est:
2958 5341 3058 5395 l‘uit
3103 5339 3248 5393 enim
3305 5335 3607 5398 nobiscum,
3669 5347 3768 5401 per

2191 5442 2464 5500 carnalem
2511 5436 2913 5508 generationem
2964 5428 3354 5501 incorporalis;
3399 5437 3454 5482 et
3507 5425 3559 5481 id
3606 5432 3764 5484 erat,

622 5605 757 5664 Cen.
787 5625 860 5681 vi.
885 5610 937 5664 5.
1015 5610 1036 5642 ⁸
1066 5608 1206 5668 Psal.
1236 5630 1378 5681 κων,
1401 5615 1456 5671 8.
1530 5613 1721 5670 'Joan.
1755 5631 1790 5679 l,
1816 5616 1904 5670 5‘2.
1980 5616 2001 5646 ⁸
2025 5613 2078 5669 He

2182 5627 2270 5676 .u,
2307 5611 2385 5664 ιιι.
2463 5608 2484 5639 ⁹
2513 5606 2734 5666 Josuct,
2766 5615 2813 5654 v.
2897 5594 3172 5652 “’Baruch
3224 5609 3304 5659 Ill,
3358 5591 3445 5646 58.
3527 5587 3567 5620 “
3608 5584 3757 5649 Psal.

499 5699 555 5748 κ,
595 5682 638 5732 l.
717 5681 758 5711 ”
795 5680 892 5734 lsa.
925 5696 1020 5744 vn,
1052 5681 1136 5736 Η.

572 5843 646 5914 (l)
680 5843 901 5898 Baluz.:
943 5841 1213 5908 Discessit,
1253 5843 1338 5900 sed
1399 5843 1661 5898 nobiscum
1722 5836 1857 5907 fuit;
1887 5838 1995 5907 qui,
2056 5845 2155 5891 etc.
2215 5833 2369 5889 ENT.
