4038 6530
291 414 426 471 i375

1207 400 1502 459 SCHOLIA
1539 399 1626 456 DE
1665 398 2174 457 INCARNATIONE
2216 399 2585 459 UNIGENITI.

3408 396 3543 469 ιδιι

284 526 430 595 quod
454 537 549 595 per
580 535 769 579 vocem
804 521 969 576 David
997 519 1439 591 signiﬁcabatur:
1480 538 1497 571 ι
1529 519 1667 573 Deus
1696 518 1865 572 mani-
1896 522 1942 581 Α
1972 522 2216 575 omnium
2250 520 2531 587 Dominus,
2570 528 2756 590 utpote
2785 519 2875 591 qui
2909 525 3100 574 natura
3138 526 3189 573 et
3226 516 3451 571 veritate
3477 530 3546 569 ex

287 616 425 671 teste
470 613 687 675 veniet,
739 612 884 669 Deus
938 622 1144 676 noster,
1197 616 1251 665 et
1296 625 1400 665 non
1436 609 1617 665 silebit
1650 608 1731 673 ¹³;
1765 627 1783 661 ι
1813 616 1868 661 et

286 704 419 759 illud
451 705 646 774 opinor
670 719 684 757 :
713 722 733 757 ι
769 703 889 774 Ipse
918 702 1009 773 qui
1042 702 1254 757 loeutus
1278 717 1420 767 sum,
1442 708 1637 772 praesto
1663 715 1804 755 sum.
1843 718 1861 752 ›

287 797 529 853 [.ocutus
553 797 698 852 enim
740 810 839 866 per
866 794 1180 866 prophetas,
1214 802 1272 849 ut
1312 792 1651 864 incorporale
1695 793 1869 848 adhuc

290 888 554 957 Verbum,
590 886 810 945 advenit
843 886 1006 943 etiam
1033 884 1407 956 corporaliter.

936 995 1089 1053 CAP.
1137 994 1230 1051 Ill.

845 1109 987 1178 Quid
1021 1118 1099 1165 est
1133 1108 1312 1165 Jesus.

364 1227 427 1283 Vi
476 1225 692 1297 quidem
744 1223 1141 1290 intentionum,
1194 1239 1301 1294 qua
1351 1230 1598 1294 oporteat
1643 1238 1672 1277 a
1717 1221 1871 1277 nobis

292 1332 459 1374 unum
491 1316 599 1372 dici
634 1314 831 1370 Filium
864 1313 980 1381 Dei,
1016 1314 1348 1369 tantumdem
1383 1322 1484 1380 est,
1522 1321 1575 1368 et
1601 1312 1870 1376 Christus,

292 1410 346 1459 et
370 1400 710 1468 Emmanuel,
737 1409 792 1457 et
828 1399 1019 1467 Jesus;
1046 1410 1102 1456 et
1147 1401 1203 1456 id
1243 1401 1460 1470 quidem
1504 1402 1657 1485 quasi
1701 1416 1766 1457 ex
1816 1416 1875 1455 re

293 1492 493 1551 nomen
538 1503 621 1548 est
667 1490 914 1547 factum:
970 1510 989 1543 ι
1022 1491 1139 1561 Ipse
1189 1491 1358 1557 enim,
1406 1491 1598 1561 inquit,
1648 1490 1876 1546 saivabit

292 1582 554 1653 populum
585 1596 742 1638 suum
768 1595 799 1636 a
829 1582 1067 1652 peccatis
1099 1586 1213 1637 suis
1242 1581 1308 1637 “.
1348 1600 1368 1636 ι
1412 1582 1874 1649 Quemadmodum

293 1675 438 1731 enim
469 1671 791 1729 Emmanuel
826 1672 1189 1742 signiﬁcabat,
1229 1687 1325 1742 per
1357 1673 1761 1744 generationem
1807 1688 1875 1726 ex

300 1765 531 1820 muliere
586 1763 872 1820 nobiscum
924 1762 1126 1819 factum
1182 1763 1346 1820 fuisse
1385 1763 1478 1819 Dei
1514 1762 1784 1826 Verbum;
1822 1773 1877 1818 et

1973 613 2081 668 Deo
2121 622 2277 669 natus
2308 621 2391 668 est
2421 614 2601 668 Patre.
2640 611 2706 667 Et.
2734 612 2787 668 id
2822 612 2977 668 nobis
3012 609 3419 667 evidentissime
3457 621 3547 661 sa~

1970 703 2342 774 pientissimus
2387 703 2581 758 Paulus
2627 702 2907 759 ostendit:
2943 721 2961 753 ι
2992 701 3206 756 Primus
3248 699 3417 763 enim,
3465 697 3548 751 in-

1969 794 2110 864 quit,
2141 794 2303 849 homo
2327 809 2393 848 ex
2417 805 2560 848 terra
2585 793 2651 848 de
2682 793 2843 858 limo;
2887 792 3159 848 secundus
3194 806 3226 846 e
3261 789 3399 846 coelo
3422 787 3491 841 ²⁶.
3522 803 3540 838 ι

2041 886 2203 957 Atqui
2237 883 2399 956 Virgo
2431 892 2616 940 sancta
2652 883 2864 953 peperit
2900 883 3154 953 templum
3210 882 3386 937 Verbo
3425 878 3547 933 uni-

1970 986 2120 1044 tutn;
2160 978 2253 1033 sed
2282 990 2314 1032 e
2343 979 2482 1033 coelo
2521 975 2740 1042 dicitur,
2774 982 2829 1030 et
2879 984 3028 1030 recte
3069 975 3283 1044 quidem
3329 970 3548 1025 Emma-

1972 1068 2097 1124 nuel
2129 1070 2401 1139 :desuper
2436 1069 2577 1124 enim
2617 1076 2672 1123 et
2709 1081 2776 1123 ex
2818 1065 3121 1121 substantia
3164 1064 3255 1119 Dei
3298 1072 3353 1117 et
3375 1060 3552 1118 Patris

1972 1168 2157 1214 natum
2196 1169 2281 1215 est
2326 1160 2560 1215 Verbum
2603 1157 2772 1229 ipsius
2800 1176 2816 1213 :
2840 1156 3119 1213 descendit
3157 1168 3287 1209 vero
3318 1154 3383 1208 ad
3429 1167 3551 1218 nos,

1976 1260 2103 1305 tunc
2135 1264 2259 1305 cum
2289 1250 2489 1304 factum
2519 1257 2601 1304 est
2641 1250 2840 1315 homo;
2871 1250 3051 1303 tamen
3091 1245 3171 1300 sic
3208 1258 3424 1314 quoque
3454 1243 3553 1297 de-

1973 1359 2136 1414 super
2161 1352 2264 1399 est.
2293 1343 2548 1397 Testatus
2586 1350 2667 1398 est
2696 1349 2876 1395 autem
2912 1340 3074 1410 781
3108 1337 3346 1394 Joannes
3386 1337 3453 1391 de
3488 1352 3555 1391 eo

1976 1435 2218 1491 dicens:
2269 1452 2290 1486 ι
2351 1434 2453 1500 Qui
2520 1432 2803 1489 desursum
2859 1430 3044 1497 venit,
3133 1444 3299 1500 supra
3366 1442 3555 1483 omnes

1974 1536 2057 1584 est
2078 1530 2144 1582 ἰ.
2182 1546 2200 1579 ι
2241 1527 2309 1582 Et
2355 1528 2469 1598 ipse
2512 1526 2759 1583 Christus
2807 1524 2885 1580 ait
2927 1524 2996 1580 ad
3045 1522 3299 1593 populum
3343 1520 3557 1577 Judzeu-

1977 1635 2137 1675 rutn:
2168 1637 2188 1672 ι
2218 1620 2327 1676 Vos
2363 1621 2615 1676 deorsum
2666 1618 2799 1673 estis
2821 1656 2836 1681 ,
2879 1629 2982 1686 ego
3017 1614 3252 1684 desuper
3295 1627 3412 1668 sum
3435 1613 3500 1664 ".
3532 1628 3549 1661 ι

1978 1711 2045 1765 Ει
2082 1726 2270 1767 rursus
2295 1730 2308 1764 :
2343 1729 2362 1763 ε
2396 1711 2508 1782 Ego
2531 1725 2638 1765 non
2665 1723 2787 1764 sum
2825 1722 2891 1763 ex
2930 1708 3033 1763 hoc
3063 1704 3262 1761 mundo
3283 1704 3353 1769 ",
3382 1721 3401 1757 ι
3431 1702 3557 1757 licet

1978 1818 2106 1873 pars
2128 1802 2311 1858 mundi
2335 1802 2476 1858 sicut
2498 1804 2663 1857 homo
2686 1807 3023 1870 nuncupatus
3045 1798 3142 1865 sit;
3167 1795 3262 1851 sed
3293 1803 3555 1851 eratcum

292 1856 566 1962 ειπίξιυεο
620 1854 960 1962 quatias:
1007 1855 1207 1962 ιιοπειο›
1909 1877 1950 1932 θ
1980 1854 2967 1962 is;.1'..'.,;.‘."..;.;;.'sua...u.
3004 1854 3166 1941 ορυέ.
3215 1882 3559 1937 tum...“

296 1961 397 2003 nos
441 1944 718 2001 humane:
769 1944 846 2000 ita
881 1945 1047 2000 etiam
1092 1944 1270 2010 Jesus,
1326 1946 1469 2014 quod
1510 1944 1739 2000 salvavit
1778 1960 1876 1999 nos

295 2052 453 2093 suum
483 2037 761 2107 populum,
782 2038 928 2108 quod
960 2037 1195 2092 maxime
1216 2051 1339 2092 eum
1362 2036 1702 2093 demonstrat
1750 2051 1878 2092 vere

294 2135 351 2182 et
385 2134 579 2181 natura
606 2128 852 2183 omnium
889 2127 1199 2185 Dominum.
1230 2126 1416 2197 Neque
1459 2128 1603 2183 enim
1641 2128 1876 2183 hominis

296 2220 600 2274 communis
627 2227 880 2276 creatura
906 2233 1031 2276 esse
1062 2221 1309 2288 dicatur;
1341 2221 1529 2276 deceat
1558 2228 1734 2275 autem
1764 2235 1879 2274 ma—

296 2311 380 2382 gis
423 2312 604 2368 omnia
676 2313 856 2370 dicere
923 2328 1044 2371 esse
1091 2311 1399 2384 Unigeniti,
1438 2312 1541 2369 etsi
1590 2312 1767 2368 factus
1809 2312 1881 2367 sit

296 2401 482 2457 homo.

370 2493 525 2548 Dicet
556 2491 697 2549 forte
724 2493 920 2566 aliquis
947 2513 960 2550 :
992 2494 1157 2565 Atqui
1184 2494 1383 2566 Moysis
1405 2494 1583 2549 dictus
1606 2502 1689 2552 est
1714 2508 1881 2564 popu-

298 2583 382 2641 lus
412 2582 598 2641 Israel.
635 2584 719 2641 Ad
754 2585 858 2642 hoc
885 2586 1150 2650 dicemus,
1173 2586 1317 2657 quod
1342 2585 1438 2640 Dei
1464 2584 1686 2655 quidem
1713 2600 1882 2655 popu-

297 2674 384 2731 lus
420 2677 731 2732 nominatus
756 2677 848 2744 sit,
889 2685 945 2733 et
987 2677 1041 2732 id
1081 2686 1201 2733 erat
1242 2692 1452 2733 verum.
1498 2675 1702 2732 Verum
1748 2692 1884 2746 quo-

300 2765 448 2821 niam
477 2766 545 2821 ad
579 2765 938 2824 defectionem
970 2764 1238 2822 deductus
1258 2773 1367 2832 est;
1406 2774 1462 2820 et
1494 2763 1722 2819 vitulum
1755 2761 1884 2818 fecit

299 2871 399 2927 per
425 2858 717 2922 desertum,
750 2856 1103 2912 inhonoratus
1128 2866 1212 2913 est
1233 2872 1261 2910 a
1293 2856 1441 2912 Deo:
1468 2870 1572 2911 non
1603 2855 1746 2910 enim
1769 2853 1881 2925 jam

300 2964 459 3007 suum
486 2949 770 3005 nominare
809 2948 1062 3018 populum
1108 2947 1455 3020 dignabatur,
1485 2948 1577 3003 sed
1612 2962 1734 3003 eunt
1772 2946 1883 3016 jam

301 3041 508 3095 homini
538 3041 854 3095 destinavit.
897 3040 967 3094 At
1015 3054 1112 3095 nos
1164 3054 1269 3094 non
1324 3039 1442 3094 ita:
1494 3038 1697 3109 proprii
1740 3036 1882 3092 enim

304 3146 494 3187 sumus
527 3131 640 3197 ﬁlii,
670 3144 736 3186 eo
762 3132 906 3201 quod
933 3141 988 3185 et
1028 3131 1170 3185 Deus
1194 3130 1283 3195 sit,
1313 3140 1368 3185 et
1387 3144 1481 3199 per
1505 3128 1678 3199 ipsum
1702 3136 1882 3184 creata

1978 1984 2121 2040 enim
2147 1983 2302 2053 plane
2328 1983 2560 2038 dicentis
2590 2000 2604 2036 :
2638 2000 2657 2033 ι
2689 1980 2758 2035 Ει
2780 1993 2941 2035 nemo
2975 1976 3225 2033 ascendit
3251 1975 3306 2042 in
3334 1973 3554 2038 malum,

1981 2074 2083 2130 nisi
2122 2075 2213 2144 qui
2252 2074 2531 2129 descendit
2571 2073 2637 2127 de
2668 2071 2809 2126 cwlo
2838 2069 3006 2123 Filius
3039 2066 3275 2121 hominis
3296 2064 3365 2118 “.
3399 2083 3418 2116 ι
3454 2062 3560 2117 Dc-

1981 2165 2260 2222 scendisse
2307 2174 2489 2220 autem
2525 2162 2758 2217 dicimus
2784 2162 2849 2213 de
2900 2158 3038 2212 cmlo
3078 2156 3271 2210 Filium
3303 2154 3558 2217 hominis,

1981 2271 2080 2326 per
2106 2257 2366 2311 unitatem
2400 2252 2879 2325 dispensatoriam,
2922 2248 3100 2305 Verbo
3140 2246 3413 2302 tribuente
3437 2259 3562 2313 pro-

1980 2351 2113 2421 pria:
2145 2348 2297 2403 carni
2339 2347 2525 2418 gloria:
2548 2360 2661 2401 sua:
2701 2354 2756 2401 et
2788 2343 2982 2400 divina:
3022 2338 3321 2411 maiestatis
3346 2337 3564 2393 claritu-

1984 2442 2188 2499 dinem.

2646 2550 2798 2609 CAP.
2835 2547 2905 2604 ν.

1988 2669 2158 2737 Quam
2200 2669 2263 2723 ob
2300 2682 2518 2722 causam
2571 2666 2900 2720 exinanitum
2944 2664 3140 2719 dicitur
3172 2662 3268 2719 Dei
3318 2662 3565 2718 Verbum.

2057 2783 2279 2839 Pletmm
2326 2785 2620 2840 secundum
2674 2790 2963 2845 naturam,
3016 2788 3071 2835 et
3116 2794 3184 2835 ex
3220 2778 3366 2835 omni
3414 2785 3569 2847 parte

1986 2875 2286 2945 perfectum
2334 2874 2502 2929 Deum
2556 2874 2812 2938 Verbum,
2858 2883 2913 2926 et
2963 2870 3291 2927 distribuens
3348 2884 3416 2923 ex
3468 2882 3566 2921 sua

1986 2964 2321 3036 plenitudine
2357 2963 2497 3018 bona
2540 2979 2636 3019 sua
2677 2972 2965 3027 creaturae,
3008 2975 3073 3017 eo
3099 2960 3241 3030 quod
3272 2958 3348 3013 ait
3378 2974 3391 3011 :
3423 2975 3442 3009 ι
3475 2956 3571 3010 El-

1988 3056 2208 3110 l'undam
2252 3056 2319 3109 de
2350 3053 2555 3123 Spiritu
2602 3069 2721 3108 meo
2748 3068 2909 3124 super
2947 3066 3162 3108 omnem
3198 3063 3418 3105 carnem
3444 3050 3509 3102 ’³.
3547 3068 3567 3100 ι

1992 3149 2336 3204 Exiuauitum
2371 3147 2641 3211 dicimus;
2677 3145 2812 3199 nihil
2844 3147 2896 3199 in
2931 3154 3122 3199 natura
3160 3142 3377 3214 propria
3405 3142 3575 3195 viola-

304 3223 418 3278 είηι
448 3223 652 3278 omnia.
704 3222 781 3277 11³
815 3224 961 3277 enim
1010 3223 1086 3277 θῑῐ
1134 3221 1340 3277 Dav“:
1386 3239 1404 3272 ι
1465 3219 1729 3286 Quoniam
1773 3220 1887 3288 ipse
1915 3220 1957 3277 (ἶ
1995 3249 2129 3304 tum,
2174 3254 2294 3304 nec,
2328 3247 2386 3292 ut
2426 3238 2585 3292 aliter
2630 3254 2690 3292 se
2735 3237 2981 3303 haberet,
3011 3243 3424 3299 commutatum,
3472 3249 3576 3290 nec

307 3316 437 3373 fecit
467 3331 587 3384 nos,
613 3324 796 3372 etnon
833 3316 934 3385 ipsi
968 3330 1104 3382 nos;
1156 3329 1253 3368 nos
1285 3323 1465 3368 autem
1521 3312 1749 3383 populus
1786 3326 1884 3380 pa-

308 3422 455 3465 scuae
496 3407 634 3477 eius,
667 3417 722 3462 et
755 3421 884 3462 oves
911 3420 1100 3460 manus
1138 3405 1254 3475 ejus
1280 3404 1345 3458 ¹⁸.
1377 3423 1395 3455 ι
1436 3402 1677 3472 Denique
1722 3402 1886 3457 etiam

308 3496 425 3569 ipse
463 3497 530 3553 de
566 3497 721 3552 nobis
746 3497 925 3552 dixit:
955 3513 973 3547 ι
1008 3494 1149 3552 Oves
1192 3508 1325 3549 mea:
1356 3507 1543 3548 vocem
1586 3507 1760 3546 meam
1788 3506 1888 3545 au-

310 3591 461 3647 diunt
497 3598 554 3646 et
577 3598 877 3661 sequuntur
898 3603 983 3643 me
1007 3589 1071 3641 ¹⁸.
1118 3606 1136 3639 ›
1169 3588 1238 3642 Ει
1278 3601 1501 3641 rursus:
1529 3602 1548 3637 ‹
1591 3584 1740 3640 Alias
1762 3600 1890 3640 oves

310 3682 505 3749 habeo,
539 3697 658 3753 quae
687 3697 791 3736 non
829 3688 957 3736 sunt.
989 3695 1059 3735 ex
1085 3680 1189 3734 hoc
1230 3677 1379 3745 ovili,
1416 3685 1471 3733 et
1518 3676 1638 3731 illas
1679 3684 1893 3747 oportet

311 3790 400 3835 me
420 3779 775 3846 congregare,
799 3782 853 3829 et
880 3773 970 3828 tiet
994 3787 1133 3827 unus
1154 3787 1306 3842 grex,
1331 3780 1384 3825 et
1408 3785 1545 3824 unus
1571 3779 1754 3841 pastor
1772 3770 1837 3823 ³⁷.
1868 3789 1885 3821 ι

313 3868 602 3923 Mandabat
638 3875 817 3922 autem
843 3865 1011 3921 etiam
1042 3865 1199 3919 beato
1226 3862 1385 3919 Petro
1413 3876 1426 3912 :
1460 3880 1480 3914 ι
1516 3862 1701 3917 Simon
1730 3860 1893 3916 Joan-

312 3960 434 4027 nis,
485 3973 636 4014 amas
687 3958 810 4014 me?
864 3956 1033 4013 Pasce
1081 3969 1246 4027 agnos
1307 3969 1491 4012 meos.
1530 3968 1711 4011 .oasce
1767 3968 1897 4008 oves

314 4066 461 4114 meas
490 4051 555 4107 ⁸³.
595 4068 615 4103 ι

952 4160 1109 4217 CAP.
1152 4158 1242 4214 IV.

377 4276 550 4343 Quam
586 4274 647 4329 ob
674 4289 889 4329 causam
920 4273 1016 4326 Dei
1058 4269 1278 4326 Verbum
1316 4270 1513 4324 dictum
1551 4270 1619 4324 sit
1650 4271 1823 4325 homo.

381 4386 553 4442 llomo
588 4385 924 4441 nominatum
960 4392 1065 4449 est,

313 4494 436 4537 cum
464 4478 538 4532 sit
572 4486 762 4532 natura
792 4478 952 4541 Deus,
975 4476 1069 4530 Dei

1215 4380 1535 4453 Ἀνθρωπος
1562 4379 1896 4451 ὠνόμασται,

1143 4469 1320 4522 καίτοι
1364 4468 1507 4523 κατά
1530 4468 1691 4539 φύσιν
1727 4470 1902 4540 ὑπάρ-

316 4569 493 4626 Patris
512 4567 748 4623 Verbum
775 4583 790 4621 :
812 4566 1067 4636 quoniam

314 4664 564 4720 similiter
633 4677 697 4717 ac
756 4676 855 4717 nos
944 4675 1068 4715 san-

312 4754 463 4827 guini
536 4752 954 4809 communicavit
1014 4759 1070 4806 et

314 4846 467 4901 carni
529 4845 595 4898 ³³.
654 4842 745 4899 Sic
783 4843 925 4899 enim
965 4851 1069 4896 ter-

315 4938 461 4994 renis
482 4937 750 5007 apparuit,
777 4950 882 4990 non
913 4935 1071 4989 amit-

318 5041 437 5084 tens
491 5030 542 5084 id
585 5029 730 5099 quod
778 5037 930 5093 erat,
977 5028 1072 5082 sed

314 5136 599 5176 assumens
716 5118 1073 5174 humanitatis

318 5224 566 5267 naturam
628 5212 681 5267 in
715 5227 811 5267 sua
866 5211 1074 5266 ratione

315 5306 634 5378 perfectam.

1143 4580 1251 4633 χων
1277 4562 1432 4627 Θεὸς,
1459 4564 1488 4616 ὁ
1525 4564 1591 4617 ὲκ
1626 4563 1760 4617 Θεοῦ
1792 4565 1903 4618 Πα-

1141 4652 1269 4723 τρὸς
1301 4653 1493 4722 Λόγος,
1531 4654 1607 4718 ὡς
1646 4673 1905 4727 μετεσχη-

1146 4744 1258 4808 κὼς
1288 4746 1540 4816 αἵματος,
1576 4747 1669 4799 καί
1700 4746 1902 4813 σαρκὸς

1150 4838 1545 4909 παραπλησίως
1560 4840 1713 4910 ἡμῖν.
1725 4839 1901 4912 Ὠφοη

1144 4930 1254 5000 γὰρ
1307 4930 1449 4985 οὕτω
1492 4934 1603 4996 τοῖς
1649 4934 1742 4986 ἐπὶ
1774 4933 1899 5003 γῆς,

1144 5026 1237 5077 καὶ
1294 5025 1354 5075 οὐ
1402 5024 1586 5094 μεθεὶς
1627 5025 1765 5095 ὅπερ
1812 5020 1902 5095 ἦν,

1144 5115 1258 5169 ἀλλ’
1294 5118 1351 5168 ἐν
1397 5116 1698 5188 προσλήψει
1742 5134 1902 5186 γεγο-

1144 5206 1249 5271 νὼς
1294 5208 1393 5278 τῆς
1446 5208 1567 5261 καθ’
1607 5211 1754 5280 ἡμᾶς
1810 5212 1905 5264 ἀν-

1148 5302 1176 5354 0
1189 5301 1743 5372 ρωπότητος,τελείως
1758 5303 1908 5373 ἐχού-

1150 5414 1250 5469 σης
1275 5397 1418 5450 κατὰ
1444 5397 1538 5451 τὸν
1567 5396 1697 5452 ἴδιον
1723 5397 1901 5467 λόγον.

1996 3327 2222 3384 inferius
2254 3343 2317 3383 ex
2350 3328 2454 3381 ulla
2480 3337 2632 3397 parte
2651 3326 2854 3381 factum
2880 3325 3327 3381 :inconvertibile
3353 3324 3498 3380 enim
3521 3334 3578 3379 et

1996 3416 2329 3473 immutabile
2369 3425 2452 3472 est
2496 3419 2670 3487 ipsum
2706 3431 2954 3488 quoque,
3001 3416 3145 3471 sicut
3185 3425 3241 3470 et
3289 3422 3578 3485 generator

1996 3510 2190 3579 ipsius,
2243 3516 2297 3563 et
2373 3522 2645 3577 nunquam
2700 3506 2797 3561 fuit
2852 3506 3123 3577 passionis
3172 3505 3334 3561 ullius
3386 3520 3577 3576 capax.

1997 3602 2223 3668 Quando
2254 3614 2380 3654 vero
2416 3598 2618 3654 factum
2653 3598 2753 3652 fuit
2778 3613 2928 3666 caro,
2964 3598 3015 3652 id
3045 3606 3129 3653 est
3174 3597 3359 3662 homo,
3394 3598 3581 3651 huma-

1998 3692 2188 3748 nitatis
2224 3700 2597 3761 paupertatem
2648 3689 2920 3760 propriam
2976 3688 3078 3743 sibi
3130 3688 3275 3743 fecit.
3318 3686 3582 3754 Primum,

1998 3787 2140 3858 quod
2172 3784 2339 3840 semcl
2378 3785 2540 3838 homo
2567 3784 2639 3837 sit
2669 3783 2865 3847 factus,
2907 3782 3009 3836 etsi
3044 3780 3367 3836 remanserit
3396 3779 3538 3833 Deus
3567 3801 3580 3835 :

2000 3878 2198 3933 deinde
2225 3876 2366 3946 quod
2400 3876 2538 3930 servi
2572 3875 2801 3929 formam
2838 3871 3136 3941 acceperit,
3162 3870 3254 3939 qui
3288 3869 3583 3924 secundum

2001 3983 2155 4023 suam
2205 3977 2451 4022 naturam
2509 3967 2645 4021 liber
2690 3973 2794 4030 est,
2840 3973 3027 4033 utpote
3071 3962 3264 4017 Filius.
3298 3962 3476 4031 Atque
3507 3960 3581 4015 ita

2002 4070 2124 4111 cum
2155 4055 2229 4110 sit.
2268 4057 2381 4124 ipse
2415 4054 2599 4125 gloria:
2626 4053 2905 4116 Dominus,
2935 4053 3161 4123 gloriam
3204 4052 3403 4106 dicitur
3432 4051 3584 4105 acci-

2004 4160 2170 4215 pere;
2206 4161 2327 4200 cum
2361 4145 2431 4199 sit
2473 4146 2586 4215 ipse
2622 4146 2752 4209 vita,
2785 4143 3043 4197 viviticari
3079 4142 3413 4213 perhibetur,
3449 4153 3503 4197 et
3531 4143 3584 4197 in

2004 4251 2193 4293 omnes
2217 4237 2417 4306 accipit
2441 4245 2785 4306 potestatem,
2810 4251 2932 4291 cum
2963 4235 3030 4289 sit
3056 4237 3169 4304 ipse
3192 4249 3283 4289 rex
3309 4234 3585 4301 omnium;

2006 4345 2239 4398 cumque
2266 4328 2377 4384 Deo
2400 4330 2470 4384 sit
2493 4329 2722 4397 aequalis
2752 4327 2922 4393 Patri,
2952 4327 3211 4383 obediens
3235 4325 3337 4380 fuit
3368 4342 3584 4381 crucem

2008 4435 2218 4491 passus,
2257 4430 2312 4474 et
2349 4430 2565 4474 caetera.
2595 4418 2796 4473 Verum
2830 4433 2952 4473 eum
3000 4419 3114 4472 Iure
3147 4417 3360 4486 quidem
3394 4416 3587 4469 huma-

2010 4511 2195 4567 nitatis
2234 4526 2503 4567 mensura:
2556 4511 2924 4573 conveniant,
2961 4524 3023 4565 ea
3075 4518 3253 4562 tamen
3295 4504 3585 4560 familiaria

1935 4576 1980 4631 D
2010 4603 2161 4660 ducit
2207 4618 2328 4659 esse
2373 4619 2493 4657 cum
2549 4617 2741 4669 carne,
2782 4601 3057 4670 ct.implet
3103 4599 3584 4671 dispensationem,

2011 4711 2237 4751 manens
2262 4695 2403 4767 quod
2435 4701 2573 4749 erat.

2655 4806 2806 4866 CAP.
2850 4806 2942 4863 VI.

2366 4920 2642 4987 Quomodo
2676 4937 2814 4975 unus
2850 4931 2925 4975 est
2964 4919 3227 4975 Christus.

2081 5032 2307 5089 Divinus
2342 5032 2546 5089 Paulus
2585 5033 2776 5089 scribit
2807 5051 2820 5086 :
2861 5051 2880 5084 ι
2923 5032 3037 5087 Etsi
3077 5040 3202 5086 sunt
3236 5031 3311 5085 dii
3345 5029 3495 5084 multi
3530 5039 3586 5085 et

2010 5125 2213 5181 domini
2251 5125 2403 5180 multi
2451 5125 2504 5180 in
2536 5125 2696 5192 coslo,
2726 5134 2783 5179 et
2812 5124 2867 5178 in
2900 5136 3078 5191 terra;
3125 5123 3218 5178 sed
3262 5122 3417 5177 nobis
3446 5137 3586 5177 unus

2009 5219 2149 5272 Deus
2179 5218 2360 5281 Pater,
2406 5232 2473 5272 ex
2504 5233 2611 5286 quo
2650 5216 2852 5278 omnia,
2891 5225 2946 5269 et
2993 5228 3089 5269 nos
3116 5229 3183 5269 ex
3229 5229 3329 5278 eo;
3357 5223 3411 5269 et
3446 5229 3585 5268 unus

2007 5308 2270 5363 Dominus
2311 5306 2471 5364 Jesus
2506 5308 2782 5372 Christus,
2829 5322 2926 5376 per
2958 5320 3117 5375 quem
3154 5305 3360 5370 omnia,
3393 5314 3448 5358 et
3488 5317 3586 5360 nos

2003 5415 2098 5471 per
2118 5416 2241 5455 eum
2264 5401 2330 5455 “.
2365 5418 2383 5452 ι
2413 5400 2485 5454 At
2506 5415 2634 5456 vero
2658 5398 3091 5466 sapientissimus
3116 5395 3354 5452 Joannes
3376 5398 3442 5451 de
3473 5396 3585 5451 Deo

394 5486 782 5555 Verumtamen
830 5497 885 5543 et
932 5490 982 5542 in
1034 5488 1369 5544 immanitate
1408 5490 1549 5545 Deus
1585 5491 1806 5558 mansit,
1848 5501 1905 5547 et
2004 5492 2180 5549 Verbo
2204 5492 2361 5561 dixit,
2396 5492 2538 5564 quod
2575 5512 2595 5544 ι
2629 5490 2806 5547 omnia
2834 5505 2931 5560 per
2959 5490 3132 5560 ipsum
3170 5488 3309 5544 facta
3347 5497 3493 5555 sunt,
3526 5497 3582 5543 ct

390 5666 431 5698 ¹³
468 5666 608 5720 Psal.
636 5681 779 5731 xux,
807 5664 859 5718 5.

318 5808 357 5845 ⁸³
397 5807 495 5861 lsa.
530 5823 669 5873 κων,
701 5808 750 5858 ὅ.

971 5666 1011 5697 ¹³
1048 5666 1233 5720 Matth.
1265 5683 1299 5724 I.
1328 5668 1420 5720 21.

321 5738 361 5767 ¹⁹
402 5737 563 5789 Hebr.
592 5752 650 5799 tt,
684 5737 763 5789 Hi.
844 5737 888 5765 ²⁰
922 5735 939 5787 l
970 5737 1090 5790 Cur.
1124 5752 1210 5797 xv,
1244 5738 1328 5790 45.

830 5808 871 5836 ²ί
905 5807 917 5857 l
953 5807 1074 5862 Cur.
1110 5805 1289 5873 \‘tit,:‘i,
1323 5811 1374 5861 (5.

1410 5741 1447 5768 ²¹
1484 5738 1637 5793 Jmttt.
1669 5755 1744 5805 ιιι,
1775 5740 1859 5793 51.

1528 5669 1567 5700 ιιι
1605 5669 1720 5700 ἴλη-1
1775 5685 1893 5700 νιν-υ
1946 5670 1973 5700 L’

1605 5668 1744 5723 Psal.
1775 5685 1916 5735 χειν,
1943 5670 1995 5723 5.
2117 5672 2159 5701 ¹⁶
2192 5671 2345 5727 Joan.
2376 5680 2454 5727 x.‘

1606 5757 1637 5793 t.
1669 5755 1744 5805 tit,
1775 5740 1859 5793 51.
1958 5743 2000 5771 ’⁵
2036 5739 2185 5794 Juan.
2225 5758 2338 5809 \‘lll,
2364 5744 2454 5794 “23.

2117 5672 2159 5701 ¹⁶
2192 5671 2345 5727 Joan.
2376 5689 2427 5727 κ.
2451 5672 2540 5724 27.
2646 5671 2688 5701 ¹⁷
2728 5668 2857 5725 Ibid.
2891 5666 2975 5721 16.

2564 5744 2607 5771 έπ
2638 5740 2791 5794 .ioan.
2822 5755 2929 5803 xiv,
2964 5739 3043 5790 l6.

3088 5666 3131 5699 ’⁸
3165 5662 3322 5719 Jnatt.
3349 5679 3462 5727 ut,
3492 5661 3577 5716 i7.

3124 5737 3165 5765 "
3198 5730 3579 5797 Juzttt.ttt,13.
