4038 6548
510 393 654 445 1576

509 606 619 651 tem
660 596 849 650 beatus
884 595 1107 652 Gabriel
1143 606 1351 653 sancta:
1387 598 1590 670 Virgini
1634 604 1821 659 dicens
1852 622 1866 659 :
1901 624 1922 656 ι
1950 605 2090 660 Ecce

507 688 784 757 concipies
818 689 871 742 in
901 698 1079 755 utero,
1113 701 1166 744 et
1198 692 1378 758 paries
1407 692 1627 759 Filium,
1659 703 1713 747 et
1746 696 1968 753 vocabis
1995 713 2091 752 no-

507 794 630 835 men
669 781 786 847 ejus
824 778 1010 835 Jesum
1034 781 1100 834 ⁸⁸.
1131 801 1150 834 ι
1179 781 1315 836 Cum
1363 783 1523 852 igitur
1558 800 1655 853 per
1685 784 1959 843 Christum
1999 788 2089 846 1e-

506 889 625 925 οιυιιι
655 873 834 928 oumia
868 874 1086 929 divinus
1114 874 1316 930 Paulus
1345 875 1483 930 facta
1502 892 1625 933 esse
1655 888 2083 948 commemoret;

508 962 795 1018 eonllrmet
824 975 1002 1019 autem
1032 967 1136 1019 vim
1165 969 1470 1030 sententiae,
1499 978 1553 1023 et
1573 968 1821 1037 Opificem
1843 972 2086 1025 omnium

499 1055 677 1110 fuisse
719 1057 885 1109 Deum
915 1059 1275 1125 evangelizet.
1312 1074 1428 1113 rem
1462 1074 1645 1114 veram
1693 1062 1882 1117 dicens
1913 1078 2082 1117 evan-

504 1149 697 1218 gelista
746 1149 997 1215 divinus;
1033 1152 1276 1219 designet
1308 1163 1488 1205 autem
1535 1154 1697 1208 etiam
1748 1155 1923 1221 angeli
1958 1170 2079 1221 vox,

506 1253 635 1293 vero
658 1256 723 1293 ex
750 1252 937 1295 saneta
968 1239 1185 1304 Virgine
1212 1253 1394 1293 natum
1428 1258 1547 1296 esse
1577 1242 1759 1297 .Iesunt
1786 1245 2082 1310 Christum,

502 1344 611 1382 nec
647 1330 1221 1397 absquelmmanitate
1250 1332 1600 1401 intelligimus
1624 1333 1788 1387 Deum
1814 1334 2084 1402 Verbum;

502 1421 600 1475 sed
638 1438 803 1475 unum
836 1422 1063 1475 dicimus
1094 1439 1158 1478 ex
1202 1424 1465 1478 ambobus
1508 1424 1784 1490 ellectum,
1832 1436 1887 1480 et
1920 1428 2083 1483 Deum

505 1515 779 1570 hominem
827 1514 1049 1578 factum,
1097 1517 1347 1570 euntdem
1383 1533 1447 1571 ex
1499 1515 1680 1584 Patre,
1726 1528 1783 1573 ιιι
1827 1518 2084 1587 Verbum,

502 1615 695 1660 natura
729 1606 934 1669 divine,
965 1616 1019 1660 et
1041 1621 1106 1660 ex
1138 1606 1365 1661 muliere
1394 1608 1653 1672 humane,
1681 1618 1737 1663 ut
1760 1610 2037 1666 hominem
2064 1632 2082 1668 ς

500 1709 610 1749 ιιοιι
657 1706 911 1763 tanquam
960 1706 1017 1749 ιιι
1053 1699 1348 1751 secundum
1379 1700 1702 1753 substantize
1740 1701 1950 1754 initium
1988 1712 2082 1757 vo:-

504 1798 688 1841 catum
725 1797 850 1840 tunc
886 1804 1008 1842 eum
1057 1795 1350 1843 secundum
1390 1805 1608 1844 carnem
1650 1792 1848 1845 dicitur
1885 1803 2077 1860 natus;

504 1880 601 1933 sed
636 1890 818 1931 natmn
854 1880 1069 1948 quidem
1108 1888 1233 1934 ante
1256 1882 1437 1935 omnia
1472 1886 1689 1946 smeu'a,
1735 1884 1970 1938 instante
2002 1893 2087 1938 ta-
2120 1867 2158 1923 Β

503 1985 626 2022 meo
676 1978 943 2037 tempore,
987 1985 1095 2040 quo
1139 1970 1401 2025 debuerat
1449 1973 1676 2043 implere
1724 1975 2087 2043 dispensatio-

500 2074 651 2123 nem,
689 2069 871 2114 natum
921 2063 1086 2115 etiam
1126 2078 1191 2116 ex
1235 2063 1463 2118 muliere
1500 2064 1796 2121 secundum
1842 2084 2085 2127 carnem.

506 2148 698 2224 [Ει-εο,
722 2152 826 2205 etsi
863 2152 953 2205 alii
986 2152 1148 2207 simili
1184 2154 1546 2221 appellatione
1590 2158 1766 2210 vctzati
1797 2169 1921 2213 sunt
1950 2162 2092 2215 chri-

505 2243 599 2305 sti,
630 2258 768 2296 unus
802 2253 982 2295 tamen
1032 2252 1117 2298 est
1158 2260 1253 2313 per
1283 2259 1443 2314 quem
1492 2247 1697 2309 etnniu,
1726 2247 1890 2304 Iesus
1922 2251 2085 2305 Chri-

503 2342 661 2397 stus;
712 2350 817 2386 non
852 2337 994 2401 quod
1039 2338 1202 2389 homo
1235 2338 1307 2389 sit
1357 2336 1532 2391 factus
1575 2340 1755 2407 opifex
1796 2342 2086 2414 omniuth

503 2425 597 2479 sed
645 2427 788 2495 quod
826 2425 967 2482 Dens
1013 2426 1284 2482 Verbum:
1324 2448 1342 2480 ι
1374 2430 1475 2482 Per
1510 2446 1669 2500 quem
1717 2435 1899 2489 omnia
1945 2434 2086 2490 facta

503 2527 650 2576 Stlnt,
705 2517 955 2569 similiter
1005 2531 1069 2569 ac
1122 2533 1221 2571 nos
1271 2521 1615 2591 participarit
1664 2525 1814 2577 carni
1860 2535 1915 2579 et
1964 2541 2089 2580 san-

502 2608 649 2677 guini
674 2609 740 2671 ",
774 2627 794 2659 ι
827 2618 881 2662 et
910 2602 1251 2678 nuncupatus
1278 2614 1350 2666 sit
1385 2614 1568 2677 homo,
1614 2631 1717 2669 non
1753 2626 1931 2673 tamen
1964 2633 2089 2688 per-

498 2697 703 2750 diderit
726 2710 873 2763 esse,
909 2700 1050 2767 quod
1078 2711 1196 2753 erat
1229 2717 1243 2755 :
1278 2704 1352 2756 ita
1381 2706 1525 2758 enim
1560 2714 1615 2759 et
1644 2706 1697 2761 in
1726 2718 1893 2763 Carne
1916 2707 2091 2765 factus

507 2788 832 2863 intelligitur
880 2796 1083 2850 merito
1116 2796 1298 2868 opifex
1326 2799 1592 2853 omnium.

1026 3130 1190 3201 732
1220 3118 1374 3184 CAP.
1418 3130 1556 3186 vnt.

786 3244 961 3312 Quam
997 3261 1109 3299 esse
1146 3246 1373 3299 dicimus
1403 3244 1804 3300 adunationem.

581 3378 658 3451 (1)
695 3376 965 3434 Adunatio
992 3380 1173 3432 multis
1194 3379 1367 3435 modis
1388 3376 1642 3449 impletur
1664 3401 1674 3432 τ
1694 3378 1923 3448 sejuncti
1947 3377 2088 3432 enim

507 3474 751 3528 nennnlli
786 3464 982 3526 affectu
1024 3473 1108 3526 vel
1138 3472 1435 3534 νυιιιιιιιιιε,
1462 3483 1516 3525 et
1552 3474 1924 3525 discordantes
1952 3472 2093 3525 inter

506 3580 588 3625 se.
629 3565 857 3618 adunari
905 3564 1183 3628 dicuntur,
1225 3579 1322 3632 per
1377 3564 1872 3618 l‘et'Ollt'lliallODClll
1917 3565 2091 3617 scr-ia-

508 3656 645 3718 lem,
680 3656 924 3723 deposita
961 3656 1259 3709 simultate.
1312 3655 1552 3709 Adnnnri
1594 3656 1720 3710 item
1768 3656 1999 3710 dicimus
2029 3672 2091 3710 ea

508 3762 630 3817 qua:
664 3746 766 3799 sibi
804 3744 1272 3815 conglutinantur,
1300 3745 1417 3799 sive
1446 3743 1622 3800 modis
1653 3744 1774 3798 aliis
1802 3744 2092 3799 conferun-

511 3850 621 3901 tur,
650 3850 743 3889 aut
776 3854 870 3906 per
895 3838 1373 3907 compositionem,
1400 3846 1490 3891 aut
1518 3851 1611 3906 per
1641 3838 1969 3903 mistiouem,
2000 3846 2093 3891 aut

510 3946 607 4001 per
641 3931 1105 3999 temperationem.
1145 3928 1368 3997 Quoties
1408 3939 1587 3983 autem
1633 3931 1929 3982 adunatum
1971 3944 2093 3984 esse

509 4033 709 4079 nostra:
741 4034 943 4078 naturae
979 4016 1069 4076 Dei
1107 4023 1343 4078 Verbum
1377 4022 1628 4086 dicimus,
1658 4023 1807 4075 omni
1850 4021 2090 4076 humana

508 4116 836 4186 cogitatione
860 4116 1205 4171 adunationis
1233 4112 1351 4185 ejus
1385 4113 1576 4168 modus
1603 4112 1820 4167 videtur
1843 4128 1966 4167 esse
1998 4130 2093 4166 su-

509 4209 711 4276 perior.
748 4200 935 4277 Neque
967 4210 1111 4262 enim
1148 4224 1243 4277 per
1269 4222 1432 4277 supra
1461 4204 1700 4276 scriptos
1739 4204 1927 4260 modos
1953 4204 2091 4260 iacta

510 4305 591 4347 est
637 4310 836 4348 arcana
888 4295 997 4360 illa,
1039 4306 1093 4348 et
1136 4294 1268 4348 nulli
1306 4294 1524 4366 penitus
1567 4302 1717 4359 nata,
1769 4293 1870 4348 nisi
1920 4297 1967 4348 ei
2006 4295 2091 4348 cui

509 4385 691 4439 omnia
723 4394 844 4439 nota
875 4394 1023 4450 sunt,
1057 4385 1206 4439 unio.

1486 408 1489 409 '
1542 394 1599 450 S.
1640 393 1914 451 CYRILLI
1954 393 2428 453 ALEXANDRlNl
2466 395 2784 454 ARCHlEP.

508 508 714 571 absque
753 520 820 560 eo
861 505 1067 560 factum
1098 513 1184 561 est
1214 506 1349 561 nihil
1378 508 1446 561 ".
1479 526 1497 561 ι
1534 508 1957 582 Evangellzabat
1996 529 2093 568 au-
2121 519 2170 575 Α

3652 396 3797 452 13η

2831 512 2993 570 CAP.
3028 512 3139 570 Vll.

2516 605 2791 674 Quomodo
2837 621 2974 660 unus
3008 616 3081 659 est
3124 602 3458 661 Emmanuel.

2253 695 2570 752 Novissitnis
2621 697 2835 752 sareulis
2892 695 3034 750 Deus
3085 695 3319 751 Verbum
3371 696 3541 753 homo
3586 698 3797 754 dicitur

2191 787 2395 851 factus,
2445 795 2518 855 et,
2569 789 2711 842 sicut
2754 790 2831 843 ait
2867 787 3085 841 divinus
3124 788 3345 851 Paulus,
3385 808 3405 839 ι
3438 803 3541 858 per
3576 788 3797 844 sacriﬁ-

2190 882 2333 935 cium
2385 895 2539 934 suum
2578 878 2958 933 tnauifestatus
3003 891 3085 931 est
3105 877 3175 931 ³⁸.
3208 896 3227 928 ι
3269 877 3335 931 Et
3378 881 3661 947 quodnam
3710 888 3795 931 est

2190 969 2571 1024 sacriﬁcium?
2605 988 2623 1022 ι
2659 969 2829 1023 Suum
2863 969 3004 1021 enim
3030 981 3231 1034 corpus
3254 968 3455 1021 obtulit
3494 984 3601 1036 pro
3631 968 3795 1022 nobis

2189 1057 2245 1112 in
2280 1061 2501 1113 odorem
2549 1058 2839 1112 suavitatis
2883 1056 2993 1110 Deo
3043 1066 3096 1111 et
3136 1055 3308 1119 Patri,
3356 1066 3411 1111 et
3447 1056 3686 1113 intravit
3742 1057 3797 1111 in

2190 1160 2376 1204 sancta
2430 1148 2618 1213 semel,
2670 1164 2776 1203 non
2828 1163 2925 1218 per
2974 1149 3292 1216 sanguinem
3344 1149 3652 1214 hircorum,
3702 1157 3796 1201 aut

2189 1250 2490 1306 taurorum,
2523 1242 2618 1296 Sed
2655 1254 2751 1310 per
2780 1255 2939 1295 suum
2983 1241 3328 1311 sanguinem.
3359 1240 3453 1293 Sic
3480 1238 3635 1294 enim
3668 1252 3795 1293 cre-

2188 1332 2442 1388 dentibus
2478 1334 2529 1387 in
2572 1344 2633 1388 se
2680 1333 3053 1388 remissionem
3098 1336 3151 1385 in
3196 1343 3463 1385 aeternum
3504 1344 3797 1398 compara-

2190 1424 2268 1476 vit
2293 1416 2359 1477 ³³.
2396 1432 2416 1473 δ
2470 1416 2615 1493 Ergo
2659 1422 2878 1492 plurimi
2918 1423 3135 1491 quidem
3193 1432 3318 1479 ante
3373 1424 3554 1493 ipsum
3607 1425 3793 1478 Sancti

2190 1510 2377 1582 fuere;
2428 1518 2521 1570 sed
2560 1526 2721 1569 nemo
2750 1528 2935 1568 eorum
2969 1505 3287 1569 Emmanuel
3333 1513 3653 1568 nominatus
3684 1520 3788 1569 est.

2186 1606 2361 1675 Quam
2409 1609 2478 1662 ob
2524 1595 2792 1663 Causam?
2829 1603 3078 1660 Nondum
3122 1605 3267 1661 enim
3300 1614 3527 1661 venerat
3576 1615 3793 1675 tempus

2187 1714 2294 1768 quo
2325 1699 2543 1754 deberet
2574 1704 2697 1752 che
2740 1695 3043 1761 nobiscum,
3092 1698 3146 1751 id
3175 1709 3279 1762 est,
3310 1697 3365 1751 in
3410 1707 3662 1752 nostram
3699 1708 3794 1751 ve-

2188 1791 2308 1845 nire
2335 1800 2587 1844 naturam
2617 1798 2714 1859 per
2749 1804 2997 1851 carnem,
3026 1789 3074 1845 is
3112 1789 3201 1856 ιιιιὶ
3232 1800 3315 1842 est
3346 1790 3495 1842 otuni
3531 1789 3794 1858 ειιρριῖοι

2193 1892 2462 1935 creatura.
2518 1880 2665 1934 Unus
2700 1879 2863 1948 igitur
2907 1879 3248 1944 Emmanuel,
3296 1880 3465 1935 semel
3508 1879 3663 1934 enim
3714 1877 3795 1933 ΐει-

2193 1980 2311 2025 ctus
2344 1984 2426 2026 est
2469 1973 2633 2025 homo
2681 1966 3028 2041 Uui'genitus,
3074 1980 3201 2023 tunc
3232 1983 3355 2025 cum
3389 1984 3490 2040 per
3535 1980 3793 2026 Sanctam

2193 2061 2471 2131 Virginem
2534 2062 2941 2132 generationem
2997 2062 3271 2117 carnalem
3339 2079 3644 2132 perpessus
3688 2075 3790 2119 est.

2193 2153 2408 2210 Dictum
2437 2165 2519 2210 est
2550 2155 2695 2208 enim
2734 2164 2788 2209 et
2835 2154 2903 2206 ad
2935 2149 3116 2208 Jesum
3152 2154 3317 2208 lilium
3348 2154 3500 2211 Nave
3529 2173 3544 2209 :
3582 2174 3602 2207 ι
3638 2154 3794 2221 Quod

2191 2261 2288 2301 ero
2339 2255 2515 2300 tecmn
2536 2234 2603 2299 ⁵⁵.
2640 2260 2659 2297 ι
2695 2246 2765 2299 At
2806 2259 2910 2299 non
2957 2256 3078 2298 erat
3128 2246 3217 2299 ille
3268 2245 3623 2301 Emmanuel.
3669 2244 3795 2300 Fuit

2193 2341 2357 2393 etiam
2392 2354 2515 2391 cum
2550 2326 2770 2409 Moyse;
2803 2338 2897 2391 sed
2931 2352 3030 2393 nec
3068 2337 3154 2392 ille
3188 2334 3511 2391 Ennnanuel
3542 2337 3792 2391 nomina-

2194 2441 2279 2485 tus
2311 2440 2415 2486 est.
2454 2430 2625 2499 Igitur
2658 2431 2874 2497 quoties
2904 2430 3156 2485 audimus
3188 2444 3383 2482 nomen
3430 2427 3575 2481 Filio
3604 2428 3793 2481 datum

2193 2534 2335 2589 esse,
2395 2540 2415 2574 ι
2450 2524 2733 2585 nobiscum
2786 2521 2948 2585 Dens,
2981 2536 3001 2573 ι
3056 2521 3336 2589 sapienter
3386 2521 3789 2587 intelligamus.

2194 2630 2299 2670 non
2343 2615 2414 2669 ita
2459 2615 2631 2682 ipsum
2663 2606 2831 2667 fuiSSe
2861 2614 3145 2667 nobiscum
3182 2612 3502 2666 novissimis
3531 2609 3794 2679 tempori-

2189 2705 2318 2773 bus,
2353 2707 2497 2761 sicut
2525 2706 2724 2758 dicitur
2751 2704 3045 2772 aliquando
3071 2704 3236 2757 fuisse
3259 2713 3380 2757 Cum
3412 2703 3659 2757 sanctis:
3689 2702 3794 2758 illis

2193 2798 2338 2850 enim
2391 2806 2510 2850 erat
2555 2805 2763 2849 tantum
2810 2796 3061 2864 adiutor;
3105 2795 3386 2850 nobiscum
3438 2804 3629 2847 autem
3670 2788 3788 2855 fuit.

2196 2887 2249 2943 ld
2276 2899 2379 2953 est,
2411 2889 2587 2943 lactus
2607 2896 2690 2942 est
2722 2885 2919 2939 similis
2952 2887 3148 2950 nOSIri,
3182 2903 3301 2940 cum
3327 2901 3484 2940 suam
3520 2900 3632 2939 non
3659 2881 3793 2942 aml-

2196 2980 2357 3037 sisset
2396 2989 2687 3034 naturam:
2717 2989 2799 3033 est
2835 2981 2979 3032 enim
3028 2978 3485 3043 inconvertibilis,
3530 2987 3597 3032 ιιι
3627 2975 3792 3032 Deus.

2801 3114 3054 3168 ΚΕΦΑΛ.
3096 3114 3179 3170 Η⁹.

2355 3229 2515 3292 Τίνα,
2552 3230 2727 3298 φησι,
2748 3229 3009 3299 λέγομεν
3035 3224 3189 3283 εἶναι
3219 3226 3335 3295 τὴν
3368 3228 3621 3281 erum.

2263 3362 2337 3419 Τὸ
2374 3359 2473 3435 τῆς
2520 3364 2766 3428 ἐνὼσεως
2797 3365 2987 3437 χρῆμα
3022 3365 3165 3418 κατὰ
3196 3363 3423 3425 πολλοὺς
3454 3361 3795 3415 ἐπιτελεῖται

2193 3455 2456 3526 τρόπους·
2503 3454 2823 3528 διῃρημένοι
2868 3456 2978 3527 γᾶρ
3021 3473 3166 3519 τινες
3206 3455 3349 3521 κατὰ
3393 3454 3636 3508 διάθεσιν
3698 3456 3793 3507 καὶ

2195 3546 2442 3618 γνώμην,
2479 3549 2573 3601 καὶ
2606 3547 2969 3617 διχονοοῦντες
3026 3547 3160 3619 πρὸς
3196 3546 3494 3617 ἀλλήλους,
3537 3544 3792 3599 ἑνοῦνσθαι

2195 3638 2443 3709 λέγονται
2472 3641 2613 3694 κατὰ
2645 3630 2919 3709 σύμϐασιν
2941 3638 3182 3710 φιλικὴν,
3216 3639 3279 3691 ὲκ
3310 3638 3481 3709 μέσου
3507 3636 3793 3699 ποιοῦντες

2194 3734 2293 3797 τὰς
2331 3730 2628 3802 διαφοράς·
2677 3729 2929 3783 ἐνοῦσθαι
2981 3730 3039 3783 δέ
3083 3746 3263 3800 φαμεν
3297 3731 3390 3783 καὶ
3436 3728 3505 3781 τὰ
3536 3727 3794 3798 ἀλλήλοις

2197 3824 2535 3895 κολλώμενα,
2569 3824 2737 3895 ἤγουν
2805 3822 3182 3893 συνηνεγμένα
3235 3820 3356 3875 καθ’
3409 3821 3637 3892 ἑτέρους
3671 3817 3794 3887 τρό-

2197 3933 2353 3980 πους,
2400 3915 2433 3987 ἦ
2483 3913 2622 3967 κατὰ
2661 3904 2985 3982 παράθεσιν,
3019 3910 3053 3980 ἢ
3095 3908 3327 3979 μίξιν,ἢ
3373 3901 3577 3980 κρᾶσιν
3604 3925 3618 3938 ·
3665 3905 3791 3958 ὅταν

2196 4000 2291 4059 οὖν
2323 4004 2576 4059 ὲνοῦσθαι
2615 4002 2849 4073 λέγομεν
2882 4002 2949 4071 τῇ
2994 3999 3115 4053 καθ’
3162 3994 3310 4071 ἡμᾶς
3360 3999 3524 4069 φύσει
3566 3996 3663 4050 τδν
3694 3993 3789 4049 τοῦ

2197 4096 2334 4151 Θεοῦ
2361 4096 2555 4165 Λόγον,
2585 4093 2852 4165 κρείττων
2879 4092 3076 4163 ὁρᾶται
3106 4090 3207 4161 τῆς
3226 4090 3517 4162 ἀνθρώπου
3548 4088 3788 4150 διανοίας

2196 4189 2225 4241 ό
2246 4190 2346 4258 τῆς
2370 4186 2615 4249 ὲνώσεως
2638 4184 2836 4255 τρόπος
2860 4197 2874 4212 '
2903 4182 2966 4235 οὐ
2995 4183 3104 4255 γάρ
3128 4201 3210 4236 τοι
3232 4183 3354 4237 καθ’
3382 4183 3478 4236 ἕνα
3506 4181 3620 4234 τῶν
3649 4183 3787 4251 εἰρη-

2202 4280 2379 4351 μένων
2436 4279 2615 4332 ὲστίν·
2667 4277 2985 4349 inopi/nte;
3016 4274 3073 4328 ὁὶ
3118 4276 3419 4342 παντελῶς,
3468 4275 3565 4329 καὶ
3610 4273 3784 4327 οὐδενὶ

2196 4375 2339 4445 τάχα
2368 4372 2478 4426 τῶν
2535 4372 2704 4426 ὄντων
2746 4369 3182 4439 διετνωσμὲνος,
3213 4368 3352 4440 πλὴν
3393 4369 3476 4422 ὅτι
3510 4366 3659 4437 μόνῳ
3708 4365 3785 4435 τῷ

2199 4466 2377 4519 πάντα
2417 4464 2579 4518 εἰδότι
2606 4462 2743 4533 Θεῷ.

615 4554 683 4617 Ει
730 4562 864 4617 nihil
929 4562 1157 4628 mirum,
1197 4562 1241 4617 si
1288 4562 1340 4616 in
1405 4561 1711 4629 hujusmodi
1767 4558 2091 4630 cogitatione

2272 4556 2383 4609 Καὶ
2420 4554 2728 4624 θαυμαστὸν
2778 4555 2963 4619 οὐδὲν,
3003 4556 3051 4606 ει
3089 4552 3200 4605 τῶν
3258 4549 3515 4603 τοιούτων
3569 4546 3787 4600 ἒννοιῶν

509 4655 817 4719 vincamur,
864 4663 982 4709 eum
1023 4671 1109 4708 res
1144 4666 1383 4719 nostras,
1432 4654 1703 4726 quomodo
1748 4670 1805 4709 se
1836 4654 2088 4716 habeant,

508 4747 874 4815 inquirentes,
919 4746 1059 4801 ultra
1097 4752 1312 4801 modum
1347 4757 1546 4800 nostra:
1594 4746 1790 4798 mentis
1827 4744 2088 4799 inventio-

507 4854 632 4895 nem
677 4854 797 4893 esse
840 4841 1234 4905 conliteamur;
1269 4851 1621 4907 quonamque
1668 4838 1825 4890 modo
1854 4836 2090 4890 animam

508 4929 749 4986 hominis
793 4946 891 4984 suo
925 4932 1140 4999 corpori
1177 4933 1467 4983 adunatant
1497 4944 1618 4983 esse
1651 4929 1936 4999 putemus?
1961 4929 2091 4994 Quis

507 5032 592 5077 rst
625 5023 717 5091 qui
752 5022 801 5075 id
828 5023 999 5089 possit
1028 5019 1376 5088 exprimere?
1401 5019 1505 5074 Sed
1540 5020 1583 5074 si
1616 5028 1829 5088 oportet
1859 5034 1973 5084 eos,
1999 5019 2089 5088 qui

507 5128 672 5185 parva
706 5128 770 5168 ea
820 5113 906 5167 vix
962 5113 1265 5181 intelligere
1315 5112 1559 5177 soleant;
1609 5112 1716 5167 imo
1765 5121 1818 5166 et
1866 5127 1961 5167 eos
1999 5112 2089 5181 qui

510 5206 721 5260 valeant
756 5204 1079 5274 intelligere,
1128 5215 1236 5257 tant
1268 5204 1495 5260 subtiles
1530 5220 1615 5260 res
1653 5214 1705 5260 et
1734 5219 1949 5261 omnem
1999 5220 2089 5257 ra-

509 5300 711 5354 tionem
761 5298 1215 5353 trauscendentes
1265 5297 1573 5364 conjectare
1613 5318 1625 5353 :
1661 5300 1894 5354 dicimus
1947 5300 2088 5367 quod

511 5391 701 5445 deceat
734 5391 977 5458 cogitare
1007 5390 1282 5461 (Quamvis
1330 5392 1507 5446 minor
1541 5391 1610 5446 sit
1638 5392 1813 5445 oratio
1844 5390 1910 5445 ad
1949 5391 2085 5443 veri-

580 5619 623 5648 "
655 5616 808 5672 Joan.
859 5637 895 5684 ι,
949 5621 1002 5673 3.
1099 5622 1141 5652 "
1176 5619 1303 5675 Luc.
1359 5621 1510 5685 t,5l.

1616 5622 1659 5653 "
1698 5621 1855 5677 Hebr.
1913 5636 1969 5686 ιι,
2027 5620 2109 5673 Η.

2201 4646 2519 4718 ἡττώμεθα·
2556 4648 2645 4699 ὅτε
2678 4648 2745 4700 τὰ
2781 4647 2902 4700 καθ’
2940 4648 3088 4717 ἡμᾶς
3119 4643 3317 4706 αὐτοὺς
3370 4642 3521 4704 ὅπως
3562 4637 3633 4693 ἂν
3677 4637 3787 4709 ἔχοι

2200 4738 2640 4811 διερευνώμενοι,
2664 4742 2767 4809 τῆς
2818 4738 3053 4808 ἐνούσης
3093 4738 3225 4807 ἡμῖν
3257 4732 3495 4796 διανοίας
3528 4730 3788 4784 ἐπέκεινα

2200 4832 2298 4903 τὴν
2330 4830 2635 4899 κατάληψιν
2662 4830 3035 4901 ὁμολογοῦμεν
3063 4824 3502 4899 ὑπάρχειν.Τίνα
3528 4821 3640 4892 γὰρ
3670 4821 3786 4892 τρό-

2204 4940 2302 4976 πον
2336 4922 2578 4993 ἡνῶσθαι
2619 4921 2850 4990 νοοῦμεν
2894 4922 2994 4993 τὴν
3026 4919 3121 4975 τοῦ
3172 4919 3462 4993 ἀνθρώπου
3504 4915 3687 4985 ψυχὴν
3714 4913 3789 4984 τῷ

2205 5015 2320 5085 ἰδίῳ
2348 5016 2595 5086 σώματι;
2630 5015 2727 5078 Τίς
2776 5017 2805 5067 ὁ
2843 5015 3048 5084 φράσαι
3093 5013 3425 5081 δυνάμενος;
3453 5009 3516 5061 Et
3552 5006 3611 5059 δὲ
3663 5005 3786 5075 χρὴ.

2202 5109 2376 5182 μικρὰ
2410 5110 2505 5162 καὶ
2525 5108 2678 5179 μόλις
2710 5110 2911 5161 ἐννοεῖν
2950 5106 3229 5168 εἰωθότας,
3256 5103 3351 5156 καὶ
3368 5101 3551 5153 λαλεῖν
3581 5097 3791 5167 ἰσχύον-

2196 5219 2327 5269 τας,
2363 5202 2470 5256 τῶν
2505 5200 2676 5262 οὕτως
2731 5200 2927 5269 ἰσχνῶν
2951 5239 2965 5264 ,
3005 5198 3100 5251 καὶ
3148 5194 3287 5266 ὑπὲρ
3339 5192 3464 5246 νοῦν
3501 5191 3599 5244 καὶ
3634 5188 3789 5255 λόγον

2197 5295 2543 5365 πραγμάτων
2567 5290 3113 5364 κατατεκμήρασθαι,
3141 5286 3345 5357 φαμὲν,
3369 5286 3451 5351 ὅτι
3485 5281 3689 5354 πρέποι
3722 5277 3789 5332 ἂν

2198 5391 2427 5443 ἐννοεῖν·
2461 5388 2628 5458 μείων
2649 5389 2705 5443 δὲ
2738 5387 2956 5448 πάντως
2981 5384 3083 5453 τῆς
3112 5380 3371 5454 ἀληθείας
3395 5380 3424 5433 ὁ
3450 5377 3608 5445 λόγος
3628 5390 3642 5404 ·
3673 5387 3792 5426 τοι·-

2802 5612 2839 5641 "
2877 5611 3009 5665 Ibid.
3094 5611 3134 5643 "
3168 5610 3331 5666 Iosue
3357 5623 3391 5671 t,
3422 5621 3475 5661 ν.

2217 5614 2261 5647 ⁸⁸
2298 5614 2459 5671 Hebr.
2491 5631 2566 5677 IX,
2600 5615 2686 5667 l‘l.

583 5826 659 5887 (lt
718 5826 1010 5884 Autbertus
1064 5830 1365 5884 versionem
1432 5827 1746 5884 Mcreatoris
1807 5827 2094 5883 emendare
2138 5824 2304 5881 voluit
2330 5821 2408 5892 [cx
2438 5821 2645 5879 Grmco.
