4038 6534
530 365 669 421 15Ἱ9

1543 358 1603 415 S.
1629 356 1903 416 CYRILIJ
1941 356 2406 415 ALEXANDRINI
2447 358 2765 415 AliClllEP.

3646 359 3779 414 I380

528 482 614 539 bis
658 478 918 536 exhibere
956 477 1115 533 Verbi
1164 474 1401 533 hominis
1451 474 1574 531 lacti
1607 495 1620 529 :
1655 477 1821 546 quod,
1869 475 1913 530 si
1963 474 2100 529 labia

2215 476 2452 546 ίνθρακα
2485 474 2654 528 τύπον
2683 476 2814 546 ἡμῖν
2852 474 2943 527 καὶ
3003 473 3185 528 εἰκόνα
3230 472 3470 546 πληροῦν
3496 473 3593 526 τοῦ
3628 476 3786 527 ὲνανι

527 572 713 628 nostra
742 570 1003 641 tetigerit,
1036 569 1088 624 id
1123 578 1228 633 est,
1277 567 1321 623 si
1352 566 1514 623 ﬁdem
1559 567 1612 621 in
1646 568 1825 637 ipsum
1862 566 2099 622 caulessi

529 665 810 729 fuerimus,
864 673 993 719 tunc
1016 662 1129 730 [nos
1170 661 1239 716 ab
1269 659 1417 715 onmi
1466 669 1686 730 peccato
1722 673 1885 729 puros
1916 658 2099 725 ellicit,

524 765 582 812 et
610 755 855 826 pristinis
894 752 1215 810 criminibus
1246 752 1461 808 liberat.

598 933 893 999 Caeterum,
929 941 1183 1001 tauquam
1214 930 1270 985 in
1319 929 1569 1001 imagine,
1608 930 1733 985 licet
1766 932 1819 985 in
1868 944 2105 986 caroone

528 1024 852 1091 conspicere
882 1023 1175 1077 adunatum
1204 1021 1420 1090 quidem
1470 1020 1791 1075 humanitati
1840 1020 1932 1076 Dei
1971 1020 2105 1075 Ver-

534 1116 685 1179 bum,
720 1128 827 1169 non
875 1123 1054 1167 tamen
1099 1112 1393 1182 proiecisse
1425 1112 1566 1179 quod
1612 1110 1805 1177 fuerat,
1839 1110 2101 1166 transfor-

528 1220 707 1260 masse
752 1214 930 1258 autem
980 1203 1151 1272 magis
1181 1212 1513 1271 assumptam
1559 1210 1803 1255 naturam
1852 1202 1905 1255 in
1949 1216 2102 1256 suam

529 1296 754 1365 gloriam
789 1304 844 1349 et
868 1294 1263 1363 operationem.
1294 1290 1755 1358 Quemadmodum
1783 1292 1928 1346 enim
1965 1293 2105 1363 ignis

528 1389 675 1458 ligno
703 1386 912 1451 aﬂixus,
944 1397 997 1441 ct
1026 1386 1077 1440 id
1109 1394 1415 1454 penetrans,
1454 1385 1862 1453 comprehcndit
1886 1385 2102 1454 quidem
2130 1432 2135 1435 ,

530 1480 729 1545 ipsum,
773 1489 828 1533 et
873 1477 1121 1547 quamvis
1162 1477 1365 1547 lignum
1401 1491 1521 1531 esse
1556 1492 1663 1530 non
1707 1476 1943 1543 desinat,
1995 1477 2103 1531 vim

531 1581 708 1623 tamen
730 1583 880 1624 suam
896 1565 1062 1638 785
1081 1567 1423 1636 speciemque
1444 1575 1791 1631 transmutat,
1815 1577 1870 1621 et
1886 1580 2103 1622 omnem

528 1675 587 1715 Se
615 1658 830 1715 confert
870 1658 925 1713 in
959 1660 1183 1729 lignum,
1213 1669 1266 1714 et
1307 1674 1429 1713 cum
1467 1659 1581 1727 ipso
1604 1658 1715 1729 jam
1752 1659 1906 1727 quasi
1939 1673 2102 1712 unum

527 1750 747 1822 aliquod
771 1750 1074 1806 aestimatur
1107 1769 1122 1805 ι
1154 1751 1293 1805 idem
1340 1750 1577 1820 intelligo
1621 1752 1688 1803 de
1723 1750 1960 1805 Christo.
1990 1750 2104 1804 Atl-

2206 568 2592 639 θρωπήσαντος
2622 567 2798 637 Λόγου
2824 583 2839 599 ·
2877 567 2958 632 ὃς,
2991 566 3151 637 εἴπερ
3185 566 3380 636 ἅψαιτο
3413 565 3528 618 τῶν
3558 566 3787 635 χειλέων

2204 659 2390 730 ἡμῶν,
2427 660 2568 713 τοῦτ’
2591 659 2760 726 ἔστιν,
2792 660 2920 713 ὃταν
2942 657 3039 729 τὴν
3068 660 3146 723 εἰς
3163 659 3323 711 αὑτὸν
3350 657 3788 728 ὁμολογήσωμεν

2204 752 2409 816 πίστιν,
2448 753 2569 805 τότε
2604 752 2701 805 καὶ
2734 751 2953 821 ἀπάσης
2991 749 3263 821 ἁμαρτίας
3286 747 3580 816 ἀποφαίνει
3613 745 3789 798 καθα-

2203 847 2353 919 ροὺς,
2384 843 2612 899 καὶτῶν
2639 843 2887 915 ἀρχαίων
2919 842 3257 913 αίτιαμάτων
3290 840 3592 909 ἐλευθεροῖ.

2272 938 2422 1007 Πλὴν
2456 936 2606 989 ἔστιν
2630 936 2780 1002 ἰδεῖν,
2806 935 2883 998 ὡς
2906 936 2965 987 ὲν
2990 933 3160 986 είκόνι
3179 931 3270 985 τὸν
3300 931 3552 1002 ἄνθρακα
3577 928 3683 1001 [τῷ
3701 928 3794 981 ἂν·

2203 1026 2413 1099 θρακι],
2438 1026 2708 1079 ὲνωθέντα
2743 1024 2842 1096 μὲν
2874 1026 2941 1094 τῇ
2985 1022 3364 1093 ἀνθρωπότητι
3396 1020 3491 1074 τὸν
3519 1018 3619 1072 τοῦ
3654 1016 3793 1070 Θεοῦ

2202 1118 2400 1186 Λόγον,
2433 1118 2494 1171 οὑ
2552 1117 2660 1191 μὴν
2687 1114 3103 1184 ἀποϐεϐληκότα
3132 1113 3195 1166 τὸ
3220 1108 3359 1167 εἶναι
3386 1114 3416 1167 ὃ
3441 1112 3583 1173 ἐστι,
3626 1125 3798 1180 μεται

2205 1209 2612 1279 στοιχειώσαντι
2663 1203 3311 1280 [μεταστοιχειώσαντα]
3360 1203 3419 1257 δὲ
3470 1201 3684 1274 μᾶλλον
3734 1198 3796 1251 τὸ

2202 1300 2428 1370 ληφθὲν,
2473 1301 2642 1371 ἤγουν
2666 1298 2887 1363 ἑνωθὲν,
2922 1299 3004 1361 είς
3030 1298 3128 1363 τὴν
3158 1294 3354 1349 ἑαὺτοῦ
3392 1294 3555 1358 δόξαν
3594 1309 3662 1344 τε
3700 1290 3800 1343 καὶ

2204 1395 2504 1465 ἐνέργειαν.
2522 1394 2730 1462 Ὀνπερ
2746 1391 2855 1462 γὰρ
2883 1392 3082 1462 τρόπον
3102 1390 3163 1443 τὸ
3191 1389 3301 1460 πῦρ
3320 1388 3595 1465 ὁμιλῆσαν
3624 1384 3796 1453 ξύλῳ,

2205 1484 2299 1537 καὶ
2345 1482 2651 1546 εἰσδεδυκὸς
2680 1482 2833 1544 αὑτὸ,
2869 1481 3302 1552 καταδράττεται
3336 1481 3433 1553 μὲν
3474 1462 3677 1541 αὑτοῦ,
3701 1476 3799 1529 καὶ

2204 1574 2305 1628 οὑκ
2337 1574 2579 1644 ἐξίστησι
2610 1573 2707 1643 μὲν
2745 1572 2839 1627 τοῦ
2867 1570 3009 1627 εἶναι
3039 1571 3217 1639 ξύλον,
3247 1570 3537 1642 μεθίστησι
3561 1569 3621 1621 δὲ
3658 1567 3797 1638 μᾶλ-

2205 1666 2295 1721 λον
2328 1668 2407 1729 εἰς
2425 1665 2522 1736 τὴν
2555 1665 2650 1719 τοῦ
2685 1665 2855 1737 πυρὸς
2888 1665 3010 1735 δψιν
3038 1683 3100 1719 τε
3132 1665 3226 1718 καὶ
3252 1663 3506 1733 δύναμιν,
3548 1661 3652 1715 καὶ
3680 1660 3795 1711 πᾶν

2205 1756 2353 1827 αὑτῷ
2395 1756 2456 1810 τὸ
2509 1757 2638 1810 ἴδιον
2676 1757 3056 1829 ἐνεργάζεται,
3086 1757 3181 1810 καὶ
3233 1756 3307 1821 ὡς
3366 1750 3427 1809 ὲ⁶ν
3473 1754 3584 1824 ἤδη
3638 1752 3797 1803 λελό-

531 1851 729 1896 unatus
772 1840 915 1895 enim
959 1839 1413 1895 inaestimabiliter
1445 1838 1762 1893 humanitati
1793 1837 1936 1894 Deus
1990 1854 2105 1893 ser-

2215 1864 2387 1916 γισται
2424 1848 2542 1918 μετ’
2580 1849 2748 1901 αὑτοῦ
2771 1865 2783 1877 ·
2832 1847 2977 1903 οὕτω
3016 1848 3218 1920 νοήσῃς
3257 1846 3353 1899 καὶ
3383 1846 3477 1898 ἐπὶ
3523 1842 3794 1916 Χριστοῦ.

530 1931 675 1985 vavit
703 1930 919 2001 quidem
955 1931 1124 2000 ipsam
1160 1930 1213 1985 in
1262 1945 1328 1985 eo
1356 1929 1500 2000 quod
1530 1928 1728 1996 fuerat,
1762 1940 1816 1984 et
1846 1932 1958 1999 ipse
1985 1944 2105 1999 per-

528 2023 728 2079 mansit
768 2022 910 2092 quod
957 2031 1106 2086 erat;
1161 2020 1328 2075 semel
1376 2031 1556 2075 tamen
1604 2022 1893 2087 adunatus,
1949 2021 2105 2090 quasi

531 2128 674 2168 unus
718 2112 830 2181 jam
881 2126 1003 2167 cum
1051 2111 1166 2181 ipsa
1222 2118 1462 2181 putatur,
1513 2124 1577 2166 ea
1626 2124 1743 2179 qua:
1797 2117 1925 2164 sunt
1966 2108 2107 2165 illius

529 2219 627 2259 sua
671 2203 907 2270 iaciens;
944 2202 1227 2258 conferens
1253 2211 1432 2259 autem
1469 2202 1521 2259 ei
1548 2202 1712 2257 etiam
1743 2201 1859 2273 ipse
1892 2210 2105 2257 naturae

528 2308 640 2349 sua:
660 2293 1053 2363 operationem.

1178 2511 1332 2571 CAP.
1369 2514 1438 2570 Χ.

527 2623 681 2693 Ωωοα
718 2624 1067 2694 incorporalis
1096 2624 1388 2679 divinitatis
1411 2640 1600 2692 corpus
1631 2623 1774 2693 facta
1806 2624 1965 2694 fuerit
1993 2626 2107 2694 ipsa

598 2694 963 2765 caro,ltabens
982 2695 1212 2765 animam
1238 2696 1600 2765 rationabilem
1624 2709 1641 2746 :
1667 2697 1896 2765 etquod,
1922 2695 1967 2747 si
1990 2711 2049 2747 ea
2076 2711 2110 2747 a

598 2780 710 2819 sese
729 2764 962 2819 dividere
991 2763 1335 2827 voluerimus,
1387 2764 1571 2832 procul
1608 2763 1767 2818 dubio
1818 2764 2110 2833 labefacta-

600 2834 772 2890 bimus
806 2834 1265 2904 dispensationem
1296 2849 1414 2904 qua:
1439 2833 1495 2887 in
1524 2833 1734 2887 Christo
1772 2835 2107 2903 intelligitur.

597 3015 652 3070 In
688 3013 915 3070 Cantica
946 3012 1284 3067 canticorum
1321 3009 1438 3081 ipse
1470 3009 1626 3065 nobis
1661 3010 2002 3066 introductus
2028 3020 2113 3066 est

526 3108 715 3163 dicens
754 3105 1017 3160 Dominus
1053 3115 1241 3159 noster
1271 3101 1432 3158 Jesus
1480 3103 1774 3158 Christus:
1811 3121 1829 3153 ι
1865 3101 1982 3173 Ego
2008 3104 2107 3158 llos

526 3201 726 3270 campi,
784 3207 839 3253 et
883 3197 1056 3252 lilium
1109 3195 1439 3251 convallium
1462 3194 1528 3249 ’⁸.
1564 3213 1582 3245 ι
1635 3194 2176 3262 Quemadmoduan

526 3306 658 3363 ergo
688 3292 822 3346 odor
854 3303 941 3345 res
973 3288 1192 3359 quidem
1220 3296 1302 3342 est
1336 3286 1675 3357 incorporea,
1705 3284 1868 3342 habet
1901 3294 2103 3351 autem,

528 3383 683 3454 quasi
737 3380 1015 3451 proprium
1056 3393 1274 3449 corpus,
1326 3378 1381 3433 id
1431 3378 1485 3433 in
1538 3392 1647 3448 quo
1698 3378 1877 3445 inest;
1928 3387 2105 3432 tamen

533 3488 700 3528 unum
741 3487 806 3526 cx
843 3481 1071 3538 utroque
1117 3469 1437 3539 intelligitur
1477 3469 1647 3523 lilium
1683 3485 1697 3523 :
1731 3468 2101 3537 corrumpitur

528 3576 710 3622 autem
750 3565 917 3634 ipsius
963 3564 1102 3617 ratio
1132 3562 1293 3616 unius
1324 3563 1402 3616 rei
1448 3559 1692 3615 discessu
1722 3576 1738 3614 :
1769 3560 1822 3613 in
1862 3559 2108 3629 subjecto

531 3654 677 3709 cnim
716 3664 945 3720 corpore
976 3650 1114 3704 odor
1144 3657 1263 3703 est:
1293 3648 1366 3702 ita
1394 3647 1558 3701 etiam
1586 3645 1638 3701 in
1665 3644 1882 3700 Christo
1910 3645 2108 3700 intelli-

530 3746 709 3818 gimus
740 3742 1039 3797 divinitatis
1080 3750 1349 3805 naturam,
1375 3753 1496 3808 qua:
1532 3750 1684 3791 suam
1715 3736 2107 3793 excellentissi-

535 3853 679 3892 mam
720 3834 1084 3904 majestatem,
1124 3844 1183 3889 ut
1216 3834 1436 3889 odorem
1470 3830 1873 3896 suavissimum,
1910 3829 2108 3885 mundo

531 3928 814 4000 dispergit,
878 3938 1131 3997 tanquam
1180 3927 1228 3981 in
1289 3925 1552 3996 subjecto,
1600 3938 1720 3981 esse
1773 3924 1827 3978 in
1881 3938 2109 3992 corpore

531 4023 929 4089 humanitatis;
961 4031 1016 4076 et
1058 4020 1113 4076 id
1140 4020 1284 4090 quod
1327 4018 1669 4089 incorporale
1711 4028 1795 4075 est
1819 4032 1916 4089 per
1949 4028 2106 4071 natu-

532 4130 673 4182 ram,
710 4127 808 4184 per
835 4110 1217 4166 adunationem
1248 4109 1726 4181 dispensatoriam,
1760 4122 1896 4180 pene
1931 4109 2105 4162 dicam

532 4210 736 4266 factum
784 4210 952 4264 fuisse
984 4207 1293 4278 corporale,
1339 4216 1624 4278 propterea
1655 4208 1797 4275 quod
1838 4206 2004 4263 voluit
2047 4221 2107 4261 se

529 4301 789 4372 cognosci
816 4316 914 4370 per
947 4315 1148 4371 corpus
1184 4319 1199 4355 :
1234 4300 1286 4354 in
1316 4313 1381 4355 eo
1406 4300 1550 4355 enim
1579 4300 1762 4354 divina
1793 4299 1943 4369 signa
1973 4312 2104 4367 ope-

534 4406 684 4452 ratus
712 4402 817 4450 est.
864 4392 1035 4462 Igitur
1070 4394 1120 4448 id
1153 4393 1294 4462 quod
1329 4392 1668 4463 incorporale
1699 4400 1801 4456 est,
1851 4402 2104 4459 tanquam

534 4490 586 4545 in
614 4502 715 4544 suo
734 4501 963 4557 corpore
991 4486 1216 4556 intelligi
1238 4494 1437 4555 potest,
1467 4483 1921 4556 quemadmodum
1942 4483 2104 4538 etiam

2216 1937 2470 2002 Ἐνωθεὶς
2499 1938 2605 2008 γὰρ
2640 1939 2969 2011 ἀπορῤήτως
3019 1937 3398 2010 ὰνθρωπὸτητι
3444 1935 3603 2001 Θεδς,
3632 1936 3797 2003 τετήο

2208 2048 2342 2103 ρηκε
2375 2031 2472 2101 μὲν
2521 2030 2693 2102 αὑτὴν
2730 2032 2875 2098 τοῦς
2902 2032 3041 2103 ὅπερ
3074 2025 3216 2084 εἶναι
3253 2045 3470 2100 φαμεν
3506 2030 3797 2098 μεμένηκε

2204 2123 2262 2176 δὲ
2301 2123 2395 2175 καὶ
2425 2122 2586 2186 αὑτὸς
2617 2124 2755 2194 ὅπερ
2792 2119 2858 2193 ἦν
2881 2141 2895 2154 ⁸
2934 2122 3156 2186 ὲνωθεὶς
3179 2122 3237 2175 δὲ
3271 2120 3440 2185 ἅπαξ,
3478 2121 3560 2183 ὼς
3594 2114 3682 2182 εἷς
3710 2121 3801 2171 λε-

2205 2214 2450 2283 λόγισται
2484 2217 2603 2286 μετ’
2659 2215 2857 2285 αὑτῆς,
2910 2214 3280 2289 οἰκειούμενος
3328 2212 3429 2284 μὲν
3471 2212 3546 2265 τὰ
3594 2210 3795 2279 αὐτῆς,

2207 2307 2515 2377 ἐμποιήσας
2543 2307 2601 2361 δὲ
2633 2307 2726 2361 καὶ
2772 2305 2934 2369 αὐτὸς
2961 2306 3100 2378 αὐτῇ
3136 2306 3236 2376 τῆς
3277 2304 3411 2369 ἰδίας
3443 2302 3669 2375 φύσεως
3701 2302 3791 2372 tif.

2208 2396 2511 2469 ἐνέργειαν.

2817 2533 3066 2589 ΚΕΦΛΛ.
3108 2537 3164 2589 ῐ’.

2209 2647 2338 2700 Ὀτι
2396 2647 2505 2715 τῆς
2554 2642 2875 2717 ἀσωμάτου
2922 2651 3201 2715 θεότητος
3249 2648 3416 2717 σῶμα
3452 2643 3712 2716 γέγονεν
3758 2648 3792 2715 εἱ

2278 2716 2456 2785 σὰρξ,
2484 2716 2700 2788 ψυχὴιῆ
2724 2716 2956 2785 ἔχουσα
2975 2719 3258 2788 λογικήν-ο
3284 2716 3383 2772 καὶ
3413 2718 3501 2771 ὅτι
3524 2718 3793 2769 διϊστὰν-

2278 2804 2378 2853 τες
2409 2788 2510 2841 ἀπ’
2544 2786 2835 2853 ἀλλήλων
2860 2788 3032 2850 αὐτὰ,
3062 2786 3281 2856 πάντη
3316 2804 3379 2841 τε
3418 2788 3517 2840 καὶ
3548 2788 3793 2850 πάντως

2281 2859 2711 2925 παραλύσομεν
2742 2856 2853 2926 τῆς
2889 2857 2959 2910 ἐν
2988 2857 3220 2926 Χριστῷ
3256 2858 3597 2927 νοουμένης
3632 2857 3791 2909 obto-

2279 2928 2491 2999 νομέας
2524 2927 2629 2979 τὸν
2658 2927 2867 2996 λόγον.

2294 3040 2381 3092 Ἐν
2406 3038 2484 3109 τῷ
2508 3039 2746 3109 ’ᾼσματι
2767 3040 2875 3093 τῶν
2903 3040 3166 3111 ᾀσμάτων
3194 3039 3358 3103 αὑτὸς
3382 3040 3515 3108 ἡμῖν
3547 3036 3794 3090 εἰσκεκὸ-

2213 3146 2399 3201 μισται
2429 3127 2645 3198 λέγωνό
2665 3130 2866 3202 Κύριος
2883 3146 2898 3160 ο
2928 3151 2946 3183 ι
2974 3130 3124 3200 Ἐγὼ
3142 3129 3301 3193 ἄνθος
3322 3128 3417 3184 τοῦ
3438 3129 3653 3192 πεδίου,
3676 3129 3797 3197 κρὶσ

2214 3239 2304 3277 νον
2329 3220 2440 3275 τῶν
2469 3221 2751 3275 κοιλάδων.
2791 3241 2809 3272 ι
2852 3222 3062 3294 Ὠσπερ
3089 3218 3184 3276 οὖν
3236 3223 3270 3293 ὴ
3322 3220 3468 3292 ὀσμὴ
3495 3219 3796 3289 ἀσώματον

2215 3314 2317 3383 μέν
2360 3331 2442 3366 τοι
2477 3312 2588 3385 [ἴσ.
2624 3315 2701 3385 τις
2741 3313 2933 3384 χρῆμά
2985 3316 3134 3367 ἐστι⁸
3184 3314 3449 3385 κέχρηται
3495 3312 3556 3365 δὲ
3605 3311 3797 3380 ὥσπερ

2217 3404 2331 3477 ίδέῳ
2368 3403 2578 3475 σώματι
2604 3405 2682 3476 τῷ
2714 3407 2772 3458 ἐν
2800 3398 2844 3473 ᾧ
2869 3406 3015 3458 ἐστι·
3049 3404 3188 3476 πλὴν
3227 3406 3284 3458 ἓν
3314 3405 3375 3469 ea
3417 3404 3629 3474 ἀμφοῖν
3662 3404 3799 3454 νοεῖ·

2214 3514 2302 3550 ται
2328 3496 2389 3549 τὸ
2417 3495 2623 3566 κρίνον,
2652 3495 3007 3567 καταφθείρει
3037 3495 3095 3548 δὲ
3122 3496 3339 3558 πάντως
3385 3495 3476 3547 τὺν
3516 3496 3608 3546 ἐπ’
3642 3492 3799 3564 αὐτῷ

2214 3587 2372 3657 λόγον
2409 3590 2443 3660 ἡ
2468 3588 2585 3651 ἐνὸς
2610 3588 2914 3650 ἀπόστασις
2931 3603 2945 3617 '
2970 3588 3027 3640 ὲν
3054 3588 3400 3658 ὑποκειμένῳ
3429 3587 3539 3658 γὰρ
3562 3589 3598 3656 ἠ
3625 3586 3797 3656 ὀσμὴ,

2215 3681 2307 3735 καὶ
2334 3680 2452 3734 ἐστι
2486 3680 2645 3750 σῶμα
2671 3679 2733 3732 τὸ
2762 3678 3157 3750 ὑποκείμενον’
3208 3676 3351 3730 οὕτω
3377 3678 3669 3747 νοήσωμεν
3704 3679 3799 3728 καὶ

2214 3774 2308 3826 ἐπὶ
2340 3771 2606 3843 Χριστοῦ,
2642 3770 2896 3841 θεότητος
2921 3771 3082 3840 φύσιν
3108 3768 3205 3840 τὴν
3237 3768 3372 3823 ἰδίαν
3408 3786 3469 3820 τε
3502 3769 3603 3823 καὶ
3634 3769 3799 3838 ὑπερ-

2216 3864 2443 3933 κόσμιον
2475 3861 2747 3933 ὑπεροχὴν
2774 3860 3091 3924 εὑωδιάζειν
3115 3861 3193 3932 τῷ
3232 3859 3422 3931 κόσμῳ
3450 3858 3713 3928 καθάπερ
3740 3860 3797 3910 ὲν

2216 3955 2562 4025 ὑποκειμένῳ
2584 3956 2650 4025 τῇ
2682 3952 3083 4026 ἁνθρωπότητι,
3117 3954 3212 4006 καὶ
3242 3953 3303 4006 τὸ
3329 3952 3627 4022 ἀσώματον
3656 3951 3798 4004 κατὰ

2217 4047 2401 4117 φύσιν,
2443 4046 2563 4100 καθ’
2593 4047 2788 4099 ἕνωσιν
2825 4046 3175 4117 οἰκονομικὴν
3223 4044 3508 4117 μονονουχὶ
3536 4044 3794 4113 γενέσθαι

2215 4138 2310 4191 καὶ
2334 4136 2669 4205 ἐνσώματον,
2693 4135 2782 4190 διά
2806 4154 2887 4189 τοι
2910 4136 2971 4189 τὸ
3006 4136 3178 4189 θέλειν
3210 4133 3678 4203 ὲπιγινώσκεσθαι
3709 4132 3797 4186 διὰ

2216 4229 2485 4301 σώματος.
2505 4230 2808 4300 Ἐνήργηκε
2830 4229 2938 4300 γὰρ
2962 4229 3020 4281 ἐν
3055 4227 3203 4298 αὑτῷ
3225 4226 3293 4279 τὰ
3321 4226 3628 4296 θεοπρεπῆ.
3649 4226 3789 4279 Οὑκ·

2213 4320 2307 4375 οὖν
2345 4321 2502 4376 νοοῖτ’
2535 4320 2601 4374 ἂν
2638 4320 2864 4383 εἰκότως
2905 4317 2982 4381 ὡς
3006 4320 3064 4372 ὲν
3102 4319 3217 4390 ἰδίῳ
3247 4318 3458 4389 σώματι
3486 4317 3549 4370 τὸ
3574 4316 3793 4385 ἀσώμα-

2215 4429 2328 4477 τον,
2357 4412 2607 4484 καθάπερ
2653 4410 2844 4481 ἀμέλει
2892 4411 2989 4463 καὶ
3018 4412 3076 4464 ὲν
3123 4411 3468 4481 ὑποκειμένῳ
3514 4408 3595 4479 τῷ
3640 4407 3793 4463 ἄνθει

2214 4505 2315 4574 τῆς
2342 4504 2603 4575 εὐοσμιας
2633 4503 2697 4556 τὸ
2734 4502 2923 4574 χρῆμα
2943 4520 2958 4536 ·
2990 4502 3212 4573 λέγεται
3253 4503 3310 4556 δὲ
3341 4501 3527 4573 κρίνον
3564 4500 3626 4553 τὸ
3663 4516 3793 4551 συν-

536 4584 671 4638 odor
701 4581 753 4635 in
804 4555 937 4636 livore
981 4555 1264 4650 subjecto;
1299 4577 1470 4634 lilium
1502 4587 1680 4635 tamen
1716 4577 1829 4648 jam
1886 4586 1939 4630 et
1971 4575 2108 4632 odor

2215 4555 2543 4669 άρζοάτερέᾲ.

532 4682 590 4731 et
615 4671 716 4728 ﬂos
749 4673 1077 4728 nominatur.

1186 4806 1338 4863 CAP.
1379 4806 1471 4862 XI.

543 4919 719 4989 Quod,
740 4919 975 4992 adunato
1000 4919 1106 4974 Deo
1137 4918 1301 4992 Verbo
1318 4937 1432 4976 vere
1462 4921 1800 4992 humanitati,
1817 4922 2110 4992 inconfusa:

605 5002 780 5114 tamlen
818 4988 1127 5046 substantia:
1169 4991 1248 5054 lid
1279 5001 1362 5046 est
1393 4989 1762 5061 subsistentiaa]
1807 4988 2109 5061 permanse-

605 5076 705 5114 run
732 5097 750 5114 .

610 5170 888 5242 [Erectum
924 5179 1009 5228 est
1039 5173 1332 5229 secundum
1365 5171 1458 5227 Dei
1491 5172 1819 5229 voluntatem
1870 5185 2111 5231 Sanctum

2805 4817 3057 4873 ΚΕΦᾹΛ.
3099 4821 3201 4871 ῙΛ’.

2214 4935 2343 4985 ’Ότι
2373 4930 2471 4984 καὶ
2508 4928 2658 4999 πρὸς
2696 4931 2920 4986 ἕνωσιν
2964 4930 3265 4997 ἀληθινὴν
3314 4930 3794 4998 συνενεχθέντες

2283 5001 2391 5054 τοῦ
2426 5001 2621 5069 Λόγου
2654 5002 2805 5069 πρὸς
2830 5002 2897 5054 τὸ
2918 5000 3308 5069 ἀνθρώπινον,
3340 5002 3663 5069 ἀσύγχυτα
3685 5018 3791 5070 με·

2284 5070 2586 5139 μενὴκασι
2624 5071 2698 5125 τὰ
2728 5072 3023 5141 ἡνωμένα.

2297 5186 2626 5257 Ἐγήγερται
2666 5187 2809 5239 κατὰ
2838 5185 3090 5256 βούλησιν
3120 5184 3256 5239 Θεοῦ
3289 5186 3431 5239 κατὰ
3456 5185 3554 5256 τὴν
3586 5186 3791 5255 ἔρημον

540 5263 946 5319 tabernaculum
979 5280 1074 5336 per
1114 5264 1412 5331 desertum,
1444 5275 1500 5320 et
1529 5266 1582 5319 in
1627 5280 1693 5321 eo
1731 5269 1913 5322 multis
1945 5269 2108 5324 modis

2215 5281 2245 5349 ἡ
2285 5277 2414 5347 ἁγία
2441 5277 2634 5349 σκηνὴ,
2656 5278 2761 5339 καὶ
2786 5273 2854 5349 ἦν
2886 5281 2942 5331 ἐν
2984 5278 3120 5347 αὐτῇ
3149 5278 3505 5348 πολυτρόπως
3546 5278 3789 5348 μορφοῦ-

542 5351 879 5408 formabatur
912 5354 1229 5410 Emmanuel
1260 5354 1395 5426 (1).]
1431 5357 1574 5411 Dixit
1603 5358 1745 5413 Deus
1776 5360 2115 5430 omnipotens

543 5444 607 5496 ad
636 5445 872 5500 divinum
910 5446 1170 5518 Moysen:
1207 5466 1227 5500 ο
1254 5446 1321 5503 Ει
1360 5446 1527 5505 l‘acies
1564 5450 1698 5505 mihi
1734 5465 1917 5507 arcam
1974 5451 2115 5506 testi-

615 5620 662 5653 ³⁸
697 5623 899 5679 Cantic.
928 5642 986 5692 ll,
1014 5627 1063 5680 l.

2219 5386 2374 5440 μενος
2406 5371 2435 5422 ὀ
2468 5368 2848 5440 Ἐμμανουήλ·
2903 5367 3006 5437 ἔφη
3036 5367 3215 5421 τοίνυν
3261 5370 3289 5421 ὁ
3322 5368 3429 5422 τῶν
3476 5368 3614 5420 ὅλων
3660 5366 3793 5428 Θεὸς

2216 5458 2292 5529 τῷ
2314 5457 2588 5531 θεσπεσίῳ
2606 5460 2799 5530 Μωσῖγ
2826 5458 2964 5513 «Kal
2980 5459 3227 5529 ποιήσεις
3246 5458 3477 5513 κιϐωτὸν
3492 5458 3791 5530 μαρτυρίου

618 5774 695 5849 (1)
732 5776 797 5833 Et
823 5778 963 5834 hunc
993 5794 1203 5852 quoque
1241 5783 1416 5840 locum
1454 5799 1518 5840 ex
1561 5786 1662 5844 ista
1708 5785 1954 5843 versione
1981 5787 2111 5844 citat
2149 5787 2438 5848 Facundos
2470 5794 2521 5848 in
2551 5798 2735 5851 eodem
2772 5794 2906 5851 loco.
