4038 6574
320 410 452 466 i581

1242 410 1535 466 SCIIOLIA
1575 409 1665 465 DIE.
1701 408 2212 467 INCAKNA’I‘IUNE
2254 411 2625 471 UNIGENITI.

3442 423 3577 479 1582

315 530 381 582 ὲκ
419 524 594 591 ξύλων
623 522 905 596 ἀσήπτων,
928 524 1022 579 δύο
1057 525 1279 597 πήχεων
1311 527 1408 579 καὶ
1434 526 1670 597 ἡμίσους
1710 526 1772 580 τὸ
1804 526 1892 597 μῆ·

2012 528 2177 584 monii
2209 544 2274 585 ex
2310 531 2469 602 lignis
2501 533 2940 605 imputrihilibus,
2973 534 3134 607 785
3170 537 3395 593 duorum
3428 526 3587 597 cubi?

316 634 413 681 κος
439 632 451 645 ·
479 614 575 668 καὶ⁹
597 615 800 686 πήχεος
828 617 920 670 καὶ
952 617 1183 688 ἡμίσους
1215 616 1278 671 τὸ
1299 617 1501 682 πλάτος
1520 634 1536 649 ο
1563 618 1660 672 καὶ
1691 619 1894 689 πήχεος

312 708 412 763 καὶ
467 704 704 777 ἡμίσους
758 707 820 760 τὸ
876 706 1039 777 ὕψος
1094 709 1190 762 καὶ
1239 709 1689 782 καταχρυσὼσεις
1723 710 1893 780 αὐτὴν

314 797 526 869 χρυσίῳ
552 796 800 869 καθαρῷ,
828 798 1029 865 ἔξωθεν
1084 799 1180 853 καὶ
1213 799 1417 854 ἔσωθεν
1456 799 1762 871 χρυσώσεις
1791 799 1892 851 αύ⁸

311 888 435 957 τήν.
480 886 641 940 Ἀλλὰ
669 888 731 941 τὸ
759 887 860 955 μὲν
889 886 1135 958 ἄσηπτον
1168 888 1325 955 ξύλον
1357 890 1442 960 εἴη
1484 889 1553 943 ἂν
1598 889 1677 952 εἰς
1727 887 1896 942 τύπον

312 978 407 1033 τοῦ
432 977 713 1050 ἀφθάρτου
743 978 1001 1050 σώματος
1025 996 1037 1009 ·
1071 980 1316 1051 ἄσηπτος
1354 980 1465 1053 γὰρ
1506 982 1539 1051 ἡ
1570 980 1790 1053 κέδροςο
1833 981 1898 1033 τὸ

312 1069 369 1121 δὲ
400 1069 649 1140 χρυσίον,
701 1071 777 1134 ὡς
810 1069 921 1142 ὕλη
966 1071 1076 1125 τῶν
1126 1071 1304 1125 ἄλλων
1357 1071 1752 1145 ὑπερηρμένη,
1797 1074 1897 1143 τῆς

314 1159 467 1223 θείας
494 1162 628 1232 ἡμῖν
648 1161 836 1225 οὐσίας
859 1164 1308 1235 κατασημήνειεν
1338 1164 1406 1218 ἂν
1438 1164 1537 1235 τὴν
1565 1164 1857 1234 ὑπεροχήν.

388 1248 580 1324 ’τΑθρει
607 1252 685 1317 δὲ,
710 1253 858 1317 ὅπως
884 1255 917 1322 ἡ
950 1254 1179 1318 κιϐωτὸς
1204 1255 1302 1327 ὅλη
1329 1256 1647 1327 κεχρύσωτο
1688 1254 1899 1325 χρυσίῳ

315 1341 541 1415 καθαρῷ
609 1343 814 1399 ἔσωθεν
863 1347 960 1398 καὶ
1002 1346 1220 1411 ἔξωθεν.
1268 1348 1483 1400 Ἢνωτο
1534 1348 1632 1418 μὲν
1672 1347 1779 1418 γὰρ
1828 1348 1895 1417 τῇ

313 1436 446 1505 ἁγίᾳ
471 1436 637 1508 σαρκὶ
663 1435 796 1499 Θεὸς
824 1436 899 1491 ὣν
926 1440 955 1491 ὁ
986 1438 1157 1507 Λόγος
1177 1454 1192 1468 ⁸
1233 1440 1327 1493 καὶ
1352 1438 1531 1504 τοῦτο,
1567 1435 1743 1509 οἶμαι,
1782 1439 1899 1491 ἐστὶ

311 1527 373 1581 τὸ
413 1524 613 1591 ἔξωθεν
657 1528 1038 1599 κεχρυσῶσθαι
1058 1529 1156 1601 τὴν
1177 1530 1431 1586 κιϐωτόν.
1457 1531 1580 1585 Ὀτι
1600 1530 1658 1584 δὲ
1687 1529 1781 1583 καὶ
1802 1529 1898 1601 τὴν

312 1617 542 1672 ὲνοῢσαν
560 1617 639 1689 τῷ
671 1622 886 1691 σώματι
915 1620 1094 1693 ψυχὴν
1124 1622 1348 1694 λογικὴν
1390 1624 1529 1678 ἰδίαν
1575 1626 1893 1697 ἐποιήσατο,

314 1711 679 1778 καταδειξειεν
700 1712 767 1768 ἂν
796 1712 857 1766 τὸ
878 1713 975 1768 καὶ
990 1714 1192 1768 ἔσωθεν
1220 1716 1391 1788 αὐτὴν
1418 1717 1899 1788 καταχρυσοῦσθαι

311 1801 425 1854 δεῖν
469 1800 743 1867 ἐπιτάξαι.
778 1801 903 1856 Ὅτι
934 1803 1027 1855 καὶ
1074 1804 1369 1875 ἀσύγχυτοι
1420 1808 1797 1878 μεμενήκασιν
1841 1807 1898 1860 αἱ

2005 629 2177 677 torum
2204 631 2258 678 et
2281 624 2485 679 dimidii
2515 626 2877 695 longitudine;
2910 638 2964 683 et
2998 629 3275 685 inaurabis
3296 645 3416 685 eam
3447 647 3579 687 auro

2002 728 2154 782 puro,
2190 722 2342 769 extra
2370 722 2425 771 et
2463 715 2603 771 intra
2641 719 2918 774 inaurabis
2948 722 3148 774 eam”.
3182 740 3200 771 ι
3236 722 3341 777 Sed
3376 723 3577 794 lignum

2001 803 2239 873 quidem,
2275 818 2398 858 cum
2430 806 2759 874 imputribile
2791 808 2881 874 sit,
2906 818 2990 863 est
3018 812 3184 877 ligura
3224 814 3468 881 corporis
3497 813 3577 867 in-

2002 896 2241 962 corrupti
2276 913 2290 948 :
2321 894 2668 964 imputribilis
2715 898 2860 953 enim
2910 901 3136 967 cedrus;
3201 917 3395 957 aurum
3426 920 3577 971 vero,

2002 985 2155 1054 quasi
2193 987 2446 1042 materies
2477 987 2597 1043 aliis
2625 990 2937 1059 pretiosior,
2962 993 3156 1048 divinae
3188 994 3342 1050 nobis
3371 996 3576 1051 indicat

2003 1074 2325 1132 substantia:
2364 1076 2722 1146 maiestatem.

2072 1254 2351 1310 Attendite
2399 1255 2562 1325 igitur
2606 1257 2861 1326 quoniam
2897 1273 3021 1314 arca
3072 1269 3181 1315 tota
3230 1262 3475 1317 inaurata
3508 1267 3581 1321 sit

2003 1358 2136 1399 auro
2164 1360 2301 1415 puro
2342 1355 2494 1400 extra
2531 1356 2586 1400 et
2633 1349 2795 1403 intra.
2831 1350 3114 1406 Adunatus
3150 1352 3367 1421 quidem
3401 1354 3579 1410 fuerat

2004 1443 2203 1489 sanctae
2246 1434 2394 1488 carni
2447 1434 2587 1489 Deus
2618 1434 2875 1501 Verbum,
2908 1447 2963 1491 et
3012 1437 3065 1492 id
3111 1448 3212 1503 est,
3260 1448 3319 1492 ut
3367 1442 3577 1510 opinor,

2005 1538 2186 1578 arcam
2211 1523 2379 1579 fuisse
2407 1534 2558 1580 extra
2587 1525 2911 1582 inauratam.
2933 1527 3086 1595 Quod
3110 1545 3239 1584 vero
3260 1538 3314 1585 et
3340 1532 3575 1585 animam

2004 1615 2400 1681 rationabilem,
2431 1632 2552 1687 quae
2582 1619 2801 1688 corpori
2828 1620 3022 1685 inerat,
3054 1622 3325 1691 propriam
3364 1622 3576 1690 iecerit,

2005 1721 2070 1761 ex
2106 1706 2209 1762 hoc
2234 1718 2474 1778 apparet,
2505 1709 2645 1779 quod
2674 1719 2733 1765 et
2757 1711 2899 1766 intra
2927 1726 3108 1767 arcam
3145 1714 3460 1782 praeceperit
3491 1715 3576 1767 in-

2007 1797 2208 1852 aurari.
2248 1797 2423 1870 [Quod
2455 1811 2631 1855 autem
2667 1812 2876 1858 natura:
2901 1803 3017 1858 sive
3042 1804 3359 1859 substantiae
3389 1804 3577 1861 incon-

314 1894 527 1963 φύσεις,
575 1895 745 1966 ἤγουν
793 1894 1141 1961 ὑποστάσεις,
1184 1896 1435 1951 ἐντεῦθεν
1494 1897 1771 1969 εἰσόμεθα.
1826 1899 1892 1952 Τὸ

2003 1888 2137 1944 fusae
2191 1891 2509 1957 manserint,
2540 1893 2665 1948 hinc
2709 1894 2914 1951 scimus
2945 1913 2959 1949 :
2989 1909 3179 1950 aurum
3211 1896 3352 1950 enim
3388 1909 3578 1964 super-

312 1984 423 2057 γάρ
448 2002 528 2039 τοι
553 1984 775 2057 χρυσίον
802 1984 1275 2057 ὲπαληλειμμένον
1297 1987 1377 2058 τῷ
1398 1987 1560 2059 ξύλῳ,
1592 1991 1900 2060 μεμένηκεν

311 2079 452 2149 ὅπερ
478 2075 547 2150 ἦν
565 2094 580 2109 ο
629 2078 725 2132 καὶ⁸
751 2077 1107 2132 κατεπλούτει
1140 2078 1241 2149 μὲν
1271 2080 1333 2133 τὸ
1359 2080 1514 2146 ξύλον
1540 2081 1634 2134 τοῦ
1674 2082 1897 2153 χρυσίου

311 2169 412 2237 τὴν
435 2169 593 2235 δόξαν
610 2185 625 2200 ·
658 2170 800 2242 πλὴν
824 2171 925 2225 οὐκ
952 2172 1165 2245 ἀπέστη
1190 2174 1283 2226 τοῦ
1308 2169 1449 2229 εἶναι
1476 2175 1653 2240 ξύλον.
1689 2178 1811 2231 ’Ότι
1840 2177 1899 2232 δὲ

312 2259 347 2328 ἡ
384 2258 616 2322 κιϐωτὸς
656 2260 739 2323 εἰς
765 2259 938 2315 τύπον
979 2262 1476 2333 παραλαμϐάνεται
1517 2265 1611 2318 τοῦ
1636 2266 1897 2337 Χριστοῦ,

309 2348 400 2401 διὰ
429 2348 640 2403 πολλῶν
667 2350 734 2405 ἄν
760 2366 846 2415 τις
864 2352 1200 2408 πιστώσεται
1223 2354 1422 2423 λόγων⁹
1439 2356 1764 2427 προεϐάδιζε
1790 2358 1899 2429 γὰρ

309 2439 420 2493 τῶν
447 2438 508 2504 ἐξ
540 2440 777 2514 Ἰσραὴλ,
810 2443 1053 2516 ζητοῦσα
1076 2445 1262 2509 αὐτοῖς
1289 2445 1619 2503 ἀνάπαυσιν.
1657 2449 1802 2520 Ἔφη
1840 2447 1897 2501 δέ.

311 2548 418 2584 που
435 2533 530 2586 καλ¹
548 2535 578 2586 ὁ
600 2534 857 2605 Χριστόςο
890 2554 908 2588 ι
930 2535 1304 2608 Πορεύσομαι,
1321 2539 1419 2593 καὶ
1441 2539 1717 2611 ἑτοιμάσω
1734 2540 1899 2595 τόπον

310 2623 465 2693 ὑμῖν.
490 2643 513 2677 ι

944 2760 1098 2818 CAP.
1138 2761 1257 2817 XII.

313 2864 467 2942 Qu_od
496 2877 765 2942 tamenet
802 2868 943 2942 Deus
987 2866 1231 2939 Verbum,
1260 2873 1440 2942 factus
1478 2874 1546 2928 sit
1589 2873 1765 2941 homo,
1806 2894 1897 2932 nec

386 2936 540 2989 homo
587 2937 936 3014 simpliciter,
986 2936 1540 3014 nudaAconjmrctione
1587 2936 1893 3014 honoratus,

383 3015 599 3078 vocatus
621 3008 687 3060 sit
711 3009 779 3060 ad
805 3024 983 3070 parem
1004 3008 1313 3078 dignitatem
1345 3012 1439 3064 Dei
1474 3012 1651 3078 Verbi,
1674 3017 1780 3070 sive
1801 3008 1898 3070 au;

382 3075 705 3140 claritatem,
744 3078 883 3131 sicut
921 3075 1237 3147 quibusdam
1276 3082 1504 3136 videtur.

383 3186 611 3241 Divinus
650 3186 913 3244 Paulus“
956 3206 1208 3261 magnum
1240 3192 1454 3262 quidem
1483 3194 1561 3249 ait
1615 3210 1735 3251 esse
1781 3212 1896 3268 my-

312 3276 539 3331 sterium
588 3278 825 3347 pietatis.
874 3280 942 3334 Ει
966 3294 1093 3336 vere
1121 3281 1195 3337 ita
1253 3298 1313 3338 se
1358 3299 1446 3339 res
1493 3286 1895 3344 habetzmani-

312 3365 538 3422 festatus
567 3376 652 3422 est
674 3368 819 3424 enim
854 3371 908 3425 in
938 3385 1123 3437 carne,
1170 3388 1292 3426 cum
1322 3373 1393 3428 sit
1423 3374 1565 3430 Deus
1616 3375 1890 3445 Verbum;

306 3457 635 3526 iustiﬁcatus
659 3469 744 3515 est
767 3472 947 3515 autem
985 3461 1039 3515 in
1071 3461 1297 3531 Spiritu.
1337 3461 1495 3517 Nullo
1537 3464 1680 3518 enim
1734 3465 1894 3521 modo

311 3551 513 3604 nostris
542 3550 755 3606 videtur
786 3551 1192 3606 inlirmitatibus
1237 3553 1529 3620 contineri,
1564 3554 1692 3610 licet
1736 3554 1893 3624 juxta

311 3654 412 3694 nos
456 3640 620 3695 homo
658 3640 732 3696 sit
775 3640 997 3697 factus:
1033 3654 1141 3695 non
1190 3643 1334 3696 enim
1380 3642 1512 3699 fecit
1563 3655 1841 3715 peccatum
1876 3666 1891 3703 :

310 3730 566 3799 apparuit
599 3739 779 3785 autem
836 3739 894 3785 et
949 3731 1179 3803 angelis.
1231 3730 1422 3801 Neque
1478 3734 1622 3788 enim
1664 3749 1895 3805 genera-

314 3815 514 3870 tionem
529 3816 700 3886 ipsius
718 3818 1015 3873 secundum
1034 3833 1255 3874 carnem
1312 3820 1701 3890 ignoraverunt
1720 3841 1734 3878 :
1756 3840 1893 3894 pra:-

308 3906 524 3964 dicatus
573 3918 752 3963 autem
805 3918 861 3965 et
907 3910 1186 3980 gentibus,
1237 3912 1394 3981 quasi
1455 3915 1596 3969 Deus
1627 3914 1788 3970 homo
1810 3916 1895 3971 fa-

309 4008 465 4066 ctus;
511 3998 586 4053 ita
633 4010 813 4055 autem
863 4001 1103 4056 creditus
1151 4011 1237 4057 est
1314 4002 1369 4057 in
1425 4006 1645 4058 mundo.
1683 4004 1893 4060 Proha-

308 4089 387 4142 vit
437 4098 617 4145 autem
653 4092 873 4147 divinus
900 4090 1107 4148 Paulus
1153 4093 1229 4148 ita
1282 4093 1572 4149 scribens:
1610 4111 1630 4146 ‹
1664 4094 1894 4165 Propter

309 4179 454 4246 quod
483 4193 752 4235 memores
779 4187 976 4245 estote,
1004 4182 1148 4250 quod
1177 4180 1472 4252 aliquando
1501 4198 1597 4239 vos
1624 4195 1812 4254 gentes
1835 4186 1889 4241 in

307 4285 498 4335 carne,
518 4271 608 4339 qui
662 4270 906 4325 dicimini
952 4270 1296 4340 praeputium,
1323 4274 1392 4327 ab
1440 4287 1501 4328 ea
1545 4289 1665 4345 quae
1693 4276 1892 4333 dicitur

305 4360 653 4415 circumcisio
705 4360 758 4416 in
812 4375 979 4416 carne
1024 4360 1335 4417 manulacta
1363 4380 1385 4417 ς
1417 4364 1543 4433 quia
1595 4365 1764 4422 eratis
1796 4366 1888 4422 illo

305 4461 554 4520 tempore
580 4453 700 4507 sine
715 4451 936 4507 Christo
961 4453 1180 4507 alienati
1208 4469 1245 4508 a
1269 4456 1685 4514 conversatione
1699 4456 1885 4523 Israel,

2000 1982 2235 2051 positum
2283 1981 2429 2052 ligno
2482 1986 2682 2038 mansit
2736 1985 2788 2039 id
2832 1987 2974 2056 quod
3023 1996 3163 2051 erat,
3197 1994 3251 2040 et
3281 1987 3578 2039 ornabatur

1999 2073 2215 2143 quidem
2240 2073 2442 2143 lignum
2472 2075 2590 2129 auri
2614 2077 2845 2143 decore;
2881 2088 3063 2132 tamen
3096 2080 3296 2149 lignum
3324 2094 3446 2133 esse
3469 2095 3574 2134 non

1999 2162 2177 2218 desiit.
2203 2162 2356 2229 Quod
2389 2178 2518 2219 vero
2547 2180 2670 2220 arca
2710 2166 2763 2219 in
2794 2166 2993 2222 Christi
3044 2168 3340 2238 accipiatur
3382 2168 3575 2238 imagi-

2000 2270 2145 2320 nem,
2176 2255 2420 2325 pluribus
2463 2265 2643 2326 potest
2677 2257 3093 2327 probationibus
3142 2258 3400 2313 declarari
3433 2256 3575 2329 (1).]

1999 2346 2428 2403 Praeambulabat
2455 2348 2599 2403 enim
2630 2349 2714 2404 his
2745 2349 2836 2418 qui
2868 2358 3085 2407 suntex
3111 2350 3293 2416 Israel,
3324 2365 3593 2420 quaerens.

1999 2438 2134 2507 ipsis
2185 2438 2450 2506 requiem.
2487 2438 2577 2492 Ait
2627 2439 2824 2494 alicubi
2876 2449 2931 2495 et
2972 2440 3268 2496 Christus:
3314 2457 3333 2492 ι
3366 2440 3478 2504 Ibo,
3523 2450 3580 2495 et

1998 2529 2203 2600 parabo
2233 2529 2386 2586 vobis
2414 2530 2589 2586 locum
2606 2530 2675 2586 ³ο.
2707 2550 2727 2583 ι

2068 2709 2353 2767 Credimus
2382 2709 2567 2783 igitur,
2592 2726 2695 2767 non
2728 2712 2781 2766 in
2812 2726 2977 2766 unum
3010 2711 3182 2768 nostri
3214 2711 3579 2767 similemjdei-

2001 2810 2110 2857 tate
2135 2818 2232 2872 per
2256 2802 2487 2874 gratiam
2518 2802 2865 2867 honoratum,
2899 2818 2968 2856 ne
2998 2802 3235 2858 cultores
3260 2816 3382 2858 esse
3408 2803 3579 2857 homi-

1998 2894 2085 2948 nis
2111 2890 2458 2964 detegamur;
2491 2893 2585 2949 sed
2610 2894 2663 2948 in
2694 2895 2977 2949 Dominum
3000 2893 3192 2963 magis,
3212 2894 3299 2962 qui
3322 2895 3374 2948 in
3393 2893 3576 2949 servili

1997 2985 2173 3039 forma
2213 2985 2534 3053 comparuit,
2565 2995 2622 3040 et
2654 2985 2744 3055 qui
2777 2983 2879 3038 fuit
2910 3000 3036 3040 vere
3074 2986 3243 3040 nostri
3277 2985 3494 3049 similis,
3522 2995 3578 3039 et

1999 3074 2052 3128 in
2084 3074 2422 3129 humanitate
2450 3083 2626 3128 tamen
2658 3074 2801 3129 Deus
2834 3076 3035 3130 mansit
3062 3093 3076 3131 :
3104 3075 3245 3132 Deus
3273 3077 3417 3131 enim
3447 3076 3580 3132 Ver-

1999 3165 2148 3230 bum,
2178 3181 2339 3222 carne
2364 3176 2661 3237 assumpta,
2696 3182 2801 3221 non
2840 3168 3088 3237 deposuit
3129 3170 3271 3238 quod
3295 3179 3451 3239 erat;
3488 3172 3576 3225 in-

2001 3257 2259 3328 telligitur
2284 3267 2464 3312 tamen
2494 3259 2635 3312 idem
2668 3258 2812 3314 Deus
2842 3259 3004 3314 simul
3034 3269 3088 3314 et
3113 3259 3296 3317 homo.

2066 3351 2134 3405 Et
2172 3351 2295 3406 lidei
2343 3352 2560 3421 quidem
2604 3352 2746 3408 ratio
2778 3352 2852 3407 ita
2888 3367 2947 3408 se
2975 3351 3156 3417 habet,
3191 3362 3246 3407 et
3274 3363 3420 3409 recte
3454 3356 3578 3424 qni-

1996 3443 2139 3498 dem.
2168 3442 2275 3498 Sed
2320 3445 2365 3499 si
2409 3443 2549 3498 forte
2594 3442 2792 3513 aliquis
2838 3443 3005 3509 dicat,
3042 3443 3186 3511 Quid
3222 3445 3347 3498 mali
3394 3453 3497 3511 est,
3525 3446 3575 3499 si

1998 3530 2329 3601 intelligatur
2373 3531 2537 3585 homo
2586 3531 2784 3587 similis
2820 3531 2993 3586 nostri
3026 3533 3429 3602 apprehendere
3459 3534 3578 3589 dei-

1997 3630 2185 3685 tatem,
2220 3636 2286 3675 ac
2322 3637 2427 3676 non
2456 3622 2629 3692 magis
2657 3620 2801 3677 Deus
2832 3623 2993 3677 homo
3026 3622 3178 3676 ﬁeri?
3226 3625 3577 3693 respondebi-

1996 3726 2117 3767 mus
2170 3711 2318 3767 mille
2367 3728 2488 3769 esse
2530 3728 2651 3783 quae
2680 3714 2957 3771 contrario
2996 3723 3224 3783 possunt
3271 3716 3493 3783 opponi,
3520 3727 3575 3772 et

1996 3819 2131 3875 pene
2164 3805 2325 3861 etiam
2378 3816 2509 3859 nutu
2557 3804 2940 3875 signiﬁcantia,
2968 3820 3068 3861 nos
3110 3816 3363 3876 Oportere
3411 3809 3573 3865 reniti

1994 3904 2326 3961 constanter,
2359 3908 2459 3950 nec
2488 3896 2714 3951 credere
2743 3896 2816 3950 ita
2845 3910 2989 3951 esse.

2065 3986 2180 4056 Age
2205 3988 2376 4053 enim,
2396 3998 2520 4041 ante
2539 3986 2645 4041 alia
2671 3987 3117 4057 dispensationis,
3132 4004 3252 4059 quae
3268 4004 3388 4047 cum
3407 4007 3575 4048 carne

1994 4077 2134 4133 facta
2184 4087 2288 4141 est,
2324 4078 2540 4132 modum
2594 4092 2909 4141 cernamus,
2945 4088 3001 4133 et
3046 4090 3353 4136 nostrarum
3390 4098 3570 4137 rerum

1992 4178 2240 4226 naturam
2265 4170 2519 4225 subtilius
2549 4180 2951 4241 perscrutemur
2977 4187 2992 4225 :
3026 4172 3327 4241 periclitata
3358 4184 3442 4230 est
3470 4175 3571 4232 ho-

1992 4262 2153 4318 minis
2185 4273 2400 4330 natura,
2428 4272 2484 4319 et
2516 4265 2769 4335 depressa
2801 4272 2884 4319 est
2909 4263 3069 4320 malis
3092 4268 3372 4334 extremis,
3405 4268 3572 4323 male-

1989 4355 2226 4412 dictione
2256 4363 2312 4410 et
2339 4366 2511 4410 morte
2538 4356 2814 4419 damnata,
2847 4364 2900 4410 et
2932 4357 3140 4426 peccati
3186 4357 3394 4427 laqueis
3430 4359 3571 4415 irre-

1990 4448 2107 4511 tita,
2145 4449 2381 4510 errabat,
2415 4457 2470 4501 et
2506 4456 2624 4503 erat
2656 4447 2825 4519 786
2873 4449 2925 4503 in
2977 4451 3246 4516 tenebris;
3278 4451 3445 4506 Deum
3477 4467 3573 4507 ne-

305 4552 362 4598 et
399 4542 642 4613 hospites
683 4551 1154 4609 testamentorum,
1189 4545 1565 4615 promissionis
1597 4563 1747 4618 spem
1774 4564 1884 4605 non

1997 4540 2198 4595 sciebat
2242 4554 2388 4605 eum,
2422 4540 2513 4609 qui
2560 4550 2645 4595 est
2691 4552 2880 4595 natura
2927 4548 2982 4596 et
3028 4542 3289 4609 veritate;
3336 4558 3433 4613 pro
3462 4545 3571 4599 Deo

305 4632 583 4693 habentes,
604 4641 659 4688 et
673 4632 789 4688 sine
805 4633 915 4688 Deo
932 4632 985 4689 in
1018 4633 1121 4690 hoc
1144 4634 1344 4691 mundo
1359 4636 1498 4691 ³²σ³³.
1523 4656 1543 4689 ι
1572 4636 1741 4693 Erant
1766 4653 1896 4711 ergo
1995 4631 2162 4688 coluit
2184 4639 2490 4685 creaturam
2504 4630 2573 4684 ³⁸.
2596 4631 2875 4698 Quomodo
2897 4631 3059 4702 igitur
3085 4632 3391 4701 hujusmodi
3414 4635 3570 4691 malis

304 4732 494 4792 gentes
519 4722 573 4776 in
604 4723 805 4780 mundo
846 4724 967 4779 sine
998 4723 1132 4790 Deo,
1165 4739 1287 4780 cum
1322 4726 1528 4797 absque
1555 4726 1773 4785 Christo
1803 4745 1887 4786 es-

303 4823 445 4871 sent.
482 4812 685 4870 Verum
724 4814 980 4885 quoniam
1032 4831 1156 4871 eum
1202 4830 1330 4873 vere
1380 4827 1435 4874 et
1480 4827 1672 4875 natura
1719 4821 1888 4877 Deum

302 4920 425 4960 esse
471 4916 831 4978 agnoverunt,
874 4907 1001 4977 ipsa:
1035 4923 1250 4980 quoque
1293 4911 1360 4966 ab
1394 4925 1460 4968 eo
1492 4913 1689 4981 agnita:
1733 4923 1879 4982 sunt,

305 4995 465 5051 ﬁdem
489 4997 831 5064 conﬁtentes,
852 5011 906 5054 et
932 5000 1045 5069 ipse
1081 5013 1389 5070 assumptus
1437 5013 1521 5059 est
1574 5006 1625 5059 in
1688 5005 1880 5076 gloria,

299 5101 450 5147 certe
481 5093 685 5149 divina.
722 5094 909 5149 Psallit
939 5096 1082 5150 enim
1115 5096 1305 5151 beatus
1335 5096 1500 5153 David
1527 5114 1543 5152 :
1582 5116 1602 5149 ι
1628 5100 1884 5155 Ascendit

301 5182 446 5239 Deus
490 5185 543 5239 in
586 5186 845 5257 iubilo“.
873 5205 893 5240 ι
929 5187 1193 5244 Ascendit
1239 5189 1384 5243 enim
1419 5199 1566 5245 certe
1596 5205 1717 5246 cum
1761 5205 1883 5246 cor-

300 5289 451 5345 pore,
476 5290 577 5332 nec
603 5278 655 5332 in
689 5278 832 5334 nuda
862 5279 1104 5336 deitate:
1137 5278 1279 5335 Deus
1308 5278 1455 5335 enim
1486 5290 1604 5336 erat
1629 5281 1881 5337 incarna-

302 5376 409 5423 tus.

368 5522 415 5555 ²⁹
477 5522 648 5578 Exod.
672 5540 803 5591 xxv,
830 5526 919 5581 IO.

294 5592 343 5627 ⁸⁸
377 5593 534 5648 Ilom.
563 5609 602 5653 ι,
628 5593 718 5648 25.

1023 5526 1068 5559 ³⁸
1108 5528 1264 5585 Joan.
1288 5544 1400 5597 xw,
1425 5529 1481 5584 5.
1583 5527 1626 5559 ³¹
1659 5526 1680 5581 I
1709 5526 1849 5582 Tim.

2032 5526 2120 5582 16.
2224 5526 2343 5561 ’που
2376 5524 2662 5596 Ephesii,
2720 5525 2806 5592 Il,
2859 5526 2946 5583 ιε.

1992 4732 2205 4795 poterat
2245 4722 2504 4779 liberari?
2547 4724 2631 4778 An
2675 4722 2806 4779 illud
2850 4723 3115 4790 dicemus,
3147 4727 3290 4796 quod
3328 4725 3411 4781 fas
3451 4735 3570 4782 erat

1991 4817 2315 4876 humanitati
2362 4816 2600 4872 divinam
2660 4827 2909 4872 naturam
2957 4817 3403 4886 apprehendere,
3448 4834 3568 4888 quae

1992 4911 2228 4968 nesciret
2255 4911 2499 4974 omnino,
2539 4909 2714 4980 qualis
2742 4917 2889 4964 esset
2918 4909 3149 4980 dignitas
3176 4920 3379 4964 natura:
3403 4910 3568 4965 cccle-

1990 5002 2123 5066 stis,
2172 5016 2294 5056 cum
2344 5010 2488 5056 esset
2531 4999 2852 5070 ignorantiae
2899 5001 3135 5057 tenebris
3180 5011 3474 5072 occupata,
3513 5013 3569 5058 et

1990 5094 2199 5164 peccati
2230 5093 2481 5149 sordibus
2511 5094 2836 5163 inquinata?
2873 5092 3156 5160 Quomodo
3186 5103 3393 5163 poterat
3447 5095 3562 5149 ﬁeri

1988 5195 2044 5240 ut
2091 5187 2518 5256 apprehenderet
2566 5194 2809 5240 sanctam
2854 5193 3147 5249 naturain,
3196 5193 3251 5239 et
3296 5184 3565 5254 acciperet

1986 5277 2233 5348 gloriam,
2260 5292 2421 5346 quam
2468 5291 2626 5330 nemo
2662 5275 2920 5342 inveniat,
2948 5277 3049 5331 nisi
3088 5275 3390 5345 acceperit?
3417 5276 3562 5332 Con-

1986 5371 2242 5427 cedamus
2285 5370 2429 5426 enim
2483 5370 2624 5439 quod
2666 5370 2979 5438 cognoverit
3011 5365 3261 5433 fortasse,
3294 5376 3348 5422 et
3377 5367 3563 5423 scierit

3066 5528 3108 5560 "
3139 5525 3283 5584 Psal.
3330 5541 3473 5590 XLVI,
3502 5523 3558 5580 6.

366 5732 635 5809 (I)V__Ilunc
667 5746 881 5809 quoque
920 5730 1207 5809 Iocum__ex
1230 5731 1431 5809 {eadem
1465 5731 1715 5790 versione
1740 5732 1869 5789 citat
1911 5733 2198 5791 Facundus
2256 5735 2475 5792 ibidem.
2538 5736 2678 5793 Citat
2705 5737 2868 5793 etiam
2904 5735 3158 5794 Leontius
3179 5736 3471 5809 Byzantius
3501 5733 3555 5789 in

294 5801 403 5860 line
442 5806 564 5859 libri
602 5801 763 5873 primi
802 5803 1066 5858 adversus
1107 5801 1495 5872 Eutychianos.
