4038 6560
451 386 588 440 1533

1438 382 1498 439 5.
1538 379 1806 439 εγιιιιιιιι
1846 379 2321 438 ΑιεχΑΝῡιιιΝι
2358 381 2683 440 ARCHIEP.

3582 385 3727 442 ιδει

449 500 855 572 apprehendere
901 500 1067 555 Deum
1094 498 1240 573 ε’[ριό
1272 498 1574 573 deitatem].
1614 501 1747 568 Quis
1800 512 1887 556 est
1934 501 2024 569 qui
2055 508 2098 564 Α
2131 502 2380 558 deitatis?
2419 502 2512 558 Vel
2553 504 2826 574 quomodo
2849 514 2956 558 non
2981 503 3052 557 sit
3077 501 3601 569 factusaltissimus,
3629 504 3725 573 qui

450 592 733 648 docuerit?
781 590 1108 657 «Quomodo
1166 588 1310 644 enim
1368 590 1633 652 credent,
1687 589 1787 645 nisi
1842 591 2032 646 audie-

451 683 655 739 rint“?
682 703 699 735 ι
737 681 1000 737 Caeterum
1044 694 1150 734 non
1203 679 1255 734 id
1301 689 1385 733 est
1419 678 1827 747 apprehendere
1856 678 2034 736 deita-

452 787 582 837 tem,
612 785 665 830 ct
695 774 1104 829 convenientem
1144 772 1193 825 ei
1223 771 1449 839 gloriam
1485 785 1699 837 capere.

521 865 666 935 Ergo
701 864 982 918 decentius
1026 862 1117 926 sit,
1147 870 1203 914 et
1243 871 1391 913 recte
1418 860 1656 927 quidem,
1690 860 1761 911 ita
1806 858 2033 924 sentire,

452 962 593 1029 quod
624 972 841 1011 servare
867 954 1053 1008 volens
1078 954 1130 1006 id
1155 952 1298 1020 quod
1324 952 1581 1018 perierat,
1609 951 1942 1011 descendens
1967 952 2034 1003 ad

453 1066 551 1105 nos
596 1051 734 1102 Deus
772 1046 1030 1108 Verbum,
1082 1060 1178 1112 per
1216 1044 1361 1113 quod
1408 1043 1613 1103 omnia,
1652 1051 1708 1094 et
1754 1042 1807 1095 in
1857 1042 1908 1096 id
1952 1057 2033 1104 se,

450 1142 594 1212 quod
641 1155 748 1193 non
793 1145 932 1201 erat,
976 1135 1219 1199 immisit,
1254 1143 1310 1188 ιιι
1353 1144 1407 1186 et
1458 1134 1692 1186 hominis
1740 1144 1950 1194 natura,
1983 1134 2035 1187 id

451 1232 593 1301 qttod
641 1246 745 1284 non
769 1239 904 1293 erat,
941 1228 1122 1291 ﬁeret;
1155 1235 1209 1278 et
1249 1223 1445 1276 divina:
1478 1224 1777 1292 maiestatis
1805 1225 2037 1293 dignita—

454 1325 599 1378 tibus
630 1338 724 1391 per
750 1320 1127 1375 atlnnationem
1164 1327 1469 1385 patescens,
1500 1330 1620 1382 quae
1651 1314 1929 1369 sitblevata
1955 1324 2047 1370 est.

454 1416 628 1483 magis
671 1412 806 1464 ultra
852 1419 1123 1471 naturam,
1168 1422 1329 1477 quant
1373 1407 1559 1474 dejieit
1600 1405 1737 1459 infra
1787 1415 2035 1460 naturam

455 1506 814 1561 invertibilem
850 1503 1039 1555 Deum.
1075 1498 1417 1554 Conveniens
1448 1509 1589 1563 erat,
1622 1508 1680 1549 ut
1710 1497 2039 1565 incorrupti-

2136 595 2189 648 in
2219 595 2445 663 gloriam
2472 610 2761 663 supernam
2792 594 3132 655 ascenderit?

2207 684 2373 754 lgitnr
2401 686 2631 739 dicimus
2661 701 2767 738 non
2801 685 3077 739 hominem
3123 684 3293 738 Deum
3340 698 3467 739 esse
3494 683 3727 751 factum,

2134 778 2229 831 sed
2261 778 2437 846 potius
2467 777 2666 831 factum
2689 777 2886 832 essein
2910 777 3501 844 exinanitate,proptet
3527 778 3729 829 huma-

2137 869 2382 933 nitatem,
2406 868 2572 924 Dentn
2596 869 2853 935 Verbum,
2881 869 2970 937 qui
2998 880 3116 923 erat
3138 869 3191 922 in
3212 869 3527 934 aequalitate
3545 869 3733 924 Patris

2136 967 2188 1014 et
2222 961 2391 1013 forma
2430 978 2443 1015 :
2490 962 2802 1017 exinanitus
2833 972 2916 1021 est
2960 963 3105 1017 enim
3137 961 3242 1014 hoc
3286 960 3469 1025 modo,
3503 971 3731 1029 propter

2138 1050 2547 1106 similitudinem
2590 1063 2857 1116 nostram,
2885 1068 3010 1106 cum
3042 1061 3189 1109 esset
3215 1051 3424 1119 plenus,
3460 1062 3522 1105 ut
3563 1052 3731 1106 Deus.

2138 1141 2460 1197 llumiliatus
2487 1152 2570 1195 est
2600 1154 2822 1212 prapter
2852 1158 3096 1209 carnem,
3126 1143 3199 1196 ita
3237 1152 3346 1195 uta
3381 1144 3581 1196 dit-ina
3614 1158 3733 1197 ma-

2133 1234 2350 1303 jestatis
2398 1235 2615 1304 fastigio
2662 1252 2766 1289 non
2812 1236 3143 1299 descendat;
3174 1239 3358 1289 sedem
3383 1235 3528 1289 enim
3564 1236 3736 1290 habet

2137 1324 2480 1385 altissimam.
2527 1326 2726 1381 Factus
2778 1336 2863 1381 est
2914 1328 2967 1380 in
3013 1326 3372 1380 similitudine
3420 1326 3733 1389 hominum,

2137 1430 2259 1469 eum
2295 1417 2369 1473 sit
2396 1416 2635 1485 ejusdem
2671 1417 2856 1471 Forma:
2883 1433 3008 1471 cum
3035 1416 3215 1477 Patre,
3241 1425 3427 1484 utpote
3459 1416 3624 1485 cujus
3649 1424 3739 1470 est

2140 1506 2311 1575 figura
2341 1508 2685 1562 substantiae.
2714 1508 2912 1563 Verum
2949 1510 3204 1576 quoniam
3231 1508 3396 1561 semel
3434 1508 3618 1561 factus
3650 1517 3738 1560 est

454 1597 579 1652 bilis
612 1607 803 1648 natura
840 1590 1270 1661 apprehenderet
1304 1588 1729 1657 corruptibiletn,
1764 1596 1823 1641 ut
1857 1602 1975 1641 eam
2006 1602 2041 1640 at
2132 1596 2285 1665 juxta
2325 1615 2444 1664 ιιυε,
2475 1600 2791 1654 ascendisse
2835 1600 3033 1655 dicit",
3063 1615 3185 1652 cum
3218 1612 3384 1653 came
3415 1598 3468 1651 in
3500 1596 3738 1666 δια-ξπ,

456 1687 806 1755 corruptione
856 1684 1134 1737 liberaret.
1184 1680 1527 1741 Conveniens
1581 1691 1702 1734 erat
1752 1694 1896 1743 eum,
1946 1678 2039 1747 qui

455 1795 681 1852 peccare
714 1795 816 1833 non
854 1785 1099 1840 noverat,
1121 1791 1244 1829 cum
1277 1774 1653 1842 peccatoribus
1680 1772 2035 1838 conformari,

2140 1690 2378 1753 deitatis,
2411 1706 2571 1757 quam
2606 1698 2881 1758 patentem
2910 1690 3129 1758 quidem
3178 1688 3341 1742 habet
3390 1688 3545 1755 quasi
3602 1702 3736 1756 ιιι-οι

2140 1784 2336 1850 priam,
2375 1782 2481 1835 alio
2514 1792 2694 1836 tamen
2721 1793 2881 1850 pacto
2908 1783 2961 1835 in
2987 1796 3048 1836 ea
3080 1781 3201 1846 fuit,
3229 1790 3450 1849 propter
3481 1779 3738 1833 humani-

457 1880 516 1925 ut
552 1880 770 1939 peccata
812 1875 1203 1936 compesceret.
1233 1864 1698 1930 Quemadmodum
1730 1864 1873 1917 enim
1916 1863 2038 1917 ubi—
2070 1848 2113 1913 Β
2142 1848 2348 1929 iam“;
2382 1874 2640 1929 Dominus
2664 1848 2810 1929 enim
2844 1874 3087 1931 omnium
3126 1848 3253 1927 es“,
3274 1873 3541 1938 creditur,
3566 1872 3739 1926 eum.

462 1976 681 2031 cunque
717 1962 804 2015 lux
860 1959 1051 2025 fuerit,
1092 1957 1265 2028 caligo
1312 1958 1499 2012 interit
1539 1955 1918 2021 tenebrarum;
1968 1955 2045 2011 ita

456 2056 620 2110 etiam
678 2054 1091 2109 immortalitate
1140 2061 1407 2119 praesente
1434 2090 1449 2117 ,
1483 2050 1660 2105 omnis
1693 2058 1844 2103 certe
1876 2051 2049 2116 pestis,

458 2147 679 2218 fugitiva
713 2148 984 2211 discedet;
1017 2155 1072 2199 et
1101 2154 1368 2213 praesente
1394 2159 1461 2197 eo
1509 2144 1598 2210 qui
1631 2151 1907 2211 peccatum
1936 2156 2039 2194 non

459 2240 607 2294 ttovit
646 2237 965 2307 (quietiam
998 2234 1279 2303 proprium
1314 2234 1421 2288 sibi
1446 2248 1643 2300 corpus
1671 2231 1874 2302 eﬂ'ecil,
1898 2230 2041 2300 quod

457 2340 545 2385 est
573 2331 692 2384 sine
720 2328 797 2399 tl)
825 2326 1089 2397 peccato),
1117 2327 1271 2379 cedet
1302 2340 1463 2378 omne
1494 2333 1793 2392 peccatum.

529 2422 683 2489 Quod
731 2434 862 2475 vero
901 2416 1154 2482 Verbum,
1183 2433 1303 2471 cum
1357 2426 1501 2470 esset
1533 2414 1695 2478 Dens,
1738 2416 1939 2470 factum
1973 2414 2049 2469 sit

457 2513 645 2573 homo,
673 2522 730 2565 et
762 2525 864 2563 non
898 2508 1072 2578 magis
1101 2509 1262 2561 hamo
1291 2505 1745 2575 τεθεοποιημένος
1775 2506 2041 2575 intelliga-

460 2615 548 2659 tur
575 2605 840 2668 Christus,
872 2602 1035 2656 etiam
1078 2616 1146 2655 ex
1181 2602 1352 2653 sacris
1399 2598 1620 2652 Litteris
1648 2599 1827 2650 enitar
1856 2610 2043 2651 osten-

460 2701 608 2754 dere.
656 2698 744 2752 Ait
775 2697 940 2767 igitur
968 2697 1158 2749 beatus
1186 2691 1387 2745 Paulus
1416 2692 1482 2745 de
1520 2689 1812 2759 Unigenito
1843 2709 1857 2743 :
1893 2708 1912 2741 ι
1941 2690 2043 2756 Qui

459 2805 582 2845 cum
630 2788 685 2843 in
732 2788 903 2841 forma
954 2786 1049 2839 Dei
1092 2794 1259 2847 esset,
1300 2800 1407 2837 non
1458 2784 1702 2850 rapinam
1751 2782 2051 2836 arbitratus

459 2896 566 2951 est,
592 2891 649 2935 ut
679 2890 825 2935 esset
853 2879 1078 2946 aqualis
1103 2879 1241 2939 Deo;
1268 2875 1360 2929 sed
1387 2874 1685 2927 exinanivit
1710 2889 1791 2937 se,
1815 2874 2048 2927 formam

460 2975 605 3030 servi
652 2971 949 3038 accipiens,
986 2970 1039 3022 in
1088 2966 1495 3020 similitudinem
1542 2965 1818 3019 hominum
1851 2963 2044 3026 factus,

461 3075 519 3122 ct
551 3064 734 3119 habitu
772 3063 1024 3115 inventus
1054 3069 1113 3112 ut
1149 3058 1330 3111 homo.
1368 3056 1679 3109 Humiliavit
1708 3070 1831 3110 sese
1874 3056 2053 3110 laetus

2142 1982 2208 2021 eu
2216 1984 2264 2020 ιιι
2308 1984 2369 2022 ca
2379 1982 2493 2022 rue.

2218 2057 2480 2112 Flectitur
2505 2066 2688 2111 autem
2720 2055 2821 2127 ipsi
2850 2069 3017 2109 omne
3042 2069 3209 2124 genu,
3236 2061 3295 2109 et
3323 2055 3376 2109 id
3409 2071 3525 2110 non
3546 2055 3619 2107 ad
3640 2054 3741 2108 do-

2144 2149 2312 2206 lorem
2336 2160 2391 2205 et
2418 2149 2799 2204 contumeliam
2825 2147 3024 2210 Patris,
3051 2146 3145 2200 sed
3174 2147 3346 2215 magis
3369 2148 3441 2199 ad
3461 2146 3691 2214 gloriam
3719 2162 3739 2197 :

2144 2244 2345 2311 gaudet
2386 2242 2554 2307 enirn,
2578 2251 2632 2296 et
2653 2239 3014 2310 gloriﬁcatur,
3034 2239 3157 2291 dum
3204 2238 3274 2290 ab
3301 2238 3621 2291 hominibus
3651 2235 3741 2291 Fi-

2147 2333 2251 2399 lius
2273 2334 2552 2395 adoratur,
2574 2332 2700 2385 licet
2733 2330 2911 2384 factus
2933 2331 3004 2384 sit
3025 2328 3221 2384 sitnilis
3241 2329 3432 2383 nostri.
3459 2328 3743 2395 Scriptum

2144 2442 2275 2480 vero
2309 2435 2389 2479 est
2422 2440 2614 2478 rursus
2642 2441 2657 2479 :
2695 2441 2716 2475 ι
2745 2420 2862 2476 Νοιι
2893 2423 3039 2477 enim
3087 2420 3311 2491 angelos
3352 2419 3741 2490 apprehendit,

2146 2519 2245 2572 sed
2264 2532 2448 2572 semen
2476 2516 2742 2581 Abt-alim;
2770 2516 2915 2569 unde
2938 2513 3124 2567 debuit
3148 2528 3242 2579 per
3265 2512 3448 2565 omnia
3480 2511 3747 2564 fratribus

2150 2609 2526 2664 assimilari‘“.
2569 2627 2588 2658 ι
2655 2607 2794 2661 Ecce
2848 2620 3032 2660 semen
3089 2604 3322 2657 Abraha:
3378 2602 3748 2671 apprehendit

2148 2700 2381 2757 Verbum
2419 2701 2584 2767 Deus,
2613 2710 2670 2754 et
2712 2714 2816 2753 non
2862 2700 3048 2761 homo,
3092 2696 3275 2751 nescio
3308 2695 3432 2763 quis
3462 2696 3637 2747 nostri
3667 2694 3746 2746 si-

2148 2795 2292 2847 milis
2323 2795 2578 2847 deitatem
2608 2792 2985 2861 apprehendit,
3016 2798 3069 2843 et
3115 2789 3228 2857 ipse
3276 2788 3434 2840 nobis
3469 2784 3747 2839 assimila-

2150 2895 2259 2951 tur,
2300 2894 2353 2936 et
2404 2891 2743 2950 nuncupatur
2793 2881 2962 2934 frater
3013 2889 3227 2944 noster,
3270 2888 3327 2930 ιιι
3372 2878 3580 2941 homo,
3637 2892 3743 2931 non

2148 2985 2410 3044 quantum
2438 2986 2523 3029 est
2557 2976 2619 3029 ad
2655 2975 2870 3027 deitatis
2909 2982 3181 3026 naturam.
3230 2990 3249 3023 ι
3283 2972 3553 3037 Quoniam
3589 2969 3743 3037 pueri

2147 3067 2691 3122 communicaverunt
2716 3065 2869 3119 carni
2904 3072 2959 3117 et
2980 3062 3253 3133 sanguini.
3272 3072 3327 3114 et
3350 3063 3467 3129 ipse
3488 3060 3748 3115 similiter

462 3156 723 3211 obediens
753 3165 925 3219 usque
952 3150 1021 3203 ad
1054 3157 1305 3213 mortem,
1339 3157 1569 3201 mortem
1617 3159 1805 3199 autem
1839 3146 2042 3203 crucis.

2153 3159 2495 3229 participavit
2529 3157 2629 3221 eis,
2661 3168 2719 3211 ut
2749 3170 2844 3226 per
2880 3166 3107 3209 mortem
3144 3156 3454 3208 destrueret
3490 3168 3619 3208 eum
3653 3151 3747 3220 qui

461 3250 758 3316 Propterea
785 3256 841 3299 et
873 3244 1017 3298 Deus
1059 3243 1234 3312 ipsttm
1265 3240 1718 3309 superexaltavit,
1748 3250 1802 3294 et
1828 3240 2050 3294 donavit

461 3338 538 3392 illi
565 3352 758 3392 nomen
785 3334 926 3403 quod
948 3341 1033 3387 est
1062 3347 1225 3402 super
1251 3346 1415 3384 omne
1445 3340 1732 3394 namen,nt
1758 3331 1810 3382 in
1834 3330 2051 3383 nomine

462 3429 590 3485 Jesu
619 3428 821 3483 Christi
853 3441 1013 3487 omne
1043 3441 1181 3495 genu
1222 3425 1472 3478 ﬂectatur
1500 3424 1827 3485 cmleslium,
1857 3433 1911 3475 et
1943 3430 2053 3475 ter-

466 3537 745 3583 renorutn,
776 3530 832 3573 et
858 3519 1218 3579 infernarum,
1242 3526 1297 3567 et
1322 3514 1500 3567 omnis
1524 3515 1703 3583 lingua
1730 3514 2053 3567 confiteatur

466 3615 610 3686 quml
645 3613 903 3668 Dominus
927 3608 1088 3663 Jesus
1120 3606 1374 3662 Christus
1406 3607 1458 3660 in
1487 3606 1659 3676 gloria
1698 3615 1783 3661 est
1828 3607 1916 3661 Dei
1945 3605 2048 3659 Pa-

468 3706 567 3760 tris
583 3704 648 3756 "r.

540 3796 710 3862 Quem
762 3792 927 3863 igitur
974 3790 1243 3855 dicemus,
1276 3788 1330 3842 in
1379 3786 1555 3843 forma
1605 3784 1696 3840 Dei
1742 3800 1882 3850 esse,
1916 3785 2051 3840 etin

468 3886 776 3956 aqualttate
811 3883 1009 3946 Patris,
1040 3892 1093 3935 et
1125 3883 1239 3933 haec
1267 3895 1369 3933 non
1403 3880 1647 3949 rapinam
1684 3878 2005 3930 arbitratum
2034 3894 2049 3943 ;

469 3980 563 4034 sed
594 3976 942 4031 descendiSse
966 3974 1137 4045 magis
1159 3972 1209 4025 in
1237 3971 1649 4036 exittanitatetn,
1673 3970 1798 4024 etin
1823 3969 2052 4023 fortnam

468 4071 635 4134 servi,
654 4081 704 4123 et
726 4085 785 4123 se
805 4068 1207 4128 Itumilianteut,
1226 4076 1279 4117 et
1304 4066 1354 4117 in
1380 4063 1787 4118 similitudinem
1814 4073 2056 4117 nostram

468 4164 634 4218 fuisse
662 4160 895 4216 factum?
946 4157 1003 4213 Si
1055 4158 1328 4212 hominem
1360 4156 1560 4217 factum
1596 4170 1660 4209 ex
1698 4156 1926 4209 muliere
1956 4170 2057 4207 ιιιιμ

468 4256 595 4309 dttm
639 4265 695 4308 et
728 4252 901 4307 solum
935 4268 957 4305 ει
982 4250 1253 4317 quomodo
1286 4247 1519 4302 habebat
1550 4246 1965 4315 plenitudinem,
1998 4253 2059 4297 ut

470 4344 802 4412 intelligatur
851 4339 1195 4396 cxinanitus?
1247 4338 1339 4393 Vel
1393 4340 1443 4392 itt
1500 4353 1599 4406 qua
1654 4350 1811 4391 antea
1848 4338 2059 4407 positus

469 4436 810 4495 celsitudine.
842 4442 1010 4488 semet
1049 4431 1369 4493 butniliasse
1397 4428 1635 4483 dicitur?
1665 4428 1755 4482 Vel
1789 4429 2062 4497 quomodo

2155 3252 2437 3319 imperium
2479 3249 2691 3304 obtinet
2724 3248 2936 3313 mortis,
2971 3247 3021 3301 id
3051 3254 3154 3310 est,
3186 3246 3483 3307 diabolum,
3518 3253 3573 3298 et
3615 3243 3748 3297 libe-

2155 3351 2304 3403 raret
2330 3356 2424 3401 eos
2444 3340 2535 3409 qui
2562 3342 2752 3393 timore
2784 3338 2978 3392 mortis
3008 3352 3103 3405 per
3126 3350 3341 3390 omnem
3367 3336 3534 3387 vitam
3562 3334 3747 3386 nativa

2155 3433 2575 3489 continebantur
2604 3429 2867 3485 servitute
2883 3429 2950 3482 ⁸⁸³.
2973 3446 2992 3480 ι
3030 3425 3172 3487 Ecce
3203 3426 3398 3479 iterum
3432 3424 3572 3492 ipse,
3600 3420 3751 3475 simi-

2156 3522 2280 3583 liter
2313 3537 2379 3585 ae
2414 3536 2532 3583 nos,
2559 3518 2900 3588 participavit
2928 3516 3174 3588 sanguini
3204 3526 3258 3571 et
3284 3515 3455 3576 carni,
3480 3525 3535 3569 et
3565 3527 3629 3566 ea
3660 3525 3749 3565 res

2154 3627 2375 3667 causam
2434 3610 2598 3666 habet
2660 3610 3009 3676 eonjunctam
3056 3608 3239 3671 statim
3284 3620 3349 3660 ae
3396 3604 3749 3672 proximam;

2156 3705 2416 3772 scriptum
2463 3712 2551 3762 est
2594 3701 2738 3755 enim
2773 3716 2790 3757 :
2830 3718 2847 3750 ι
2877 3697 3011 3759 Nam
3061 3700 3213 3766 quod
3260 3696 3600 3764 impossibile
3627 3703 3750 3749 erat

2158 3797 2281 3866 legi,
2321 3796 2375 3849 in
2422 3808 2528 3862 quo
2581 3792 2958 3849 iniit-inabatur
3005 3790 3065 3846 in
3110 3804 3299 3853 carne,
3354 3788 3499 3841 Deus
3548 3785 3747 3843 Filium

2159 3902 2312 3941 suum
2366 3884 2514 3938 misit
2565 3883 2617 3938 in
2664 3882 3016 3945 similitudine
3062 3880 3246 3935 carnis
3294 3878 3523 3946 peccati,
3577 3888 3634 3931 et
3680 3875 3751 3933 de

2158 3988 2381 4050 peccato
2435 3976 2717 4031 damnavit
2768 3985 3052 4045 peceatum
3089 3974 3151 4027 in.
3180 3972 3425 4027 carne“.
3458 3989 3482 4028 ι
3509 3969 3749 4029 Attende

2161 4074 2387 4132 iterum,
2413 4068 2554 4133 quod
2590 4082 2699 4121 non
2730 4066 2897 4123 homo
2919 4063 3183 4123 alleuans
3223 4074 3468 4119 naturam
3505 4063 3747 4115 divinam

2159 4162 2493 4225 aStettditur,
2533 4168 2589 4213 et
2637 4159 2705 4213 ad
2753 4158 2874 4226 ejus
2911 4156 3233 4225 dignitatem
3273 4156 3613 4219 ascendens;
3648 4155 3745 4206 sed

2159 4256 2381 4309 mittens
2415 4251 2586 4319 magis
2614 4247 2812 4303 Filium
2844 4264 3000 4311 suum
3037 4247 3183 4301 Deus
3208 4256 3264 4300 et
3296 4243 3480 4310 Pater,
3507 4247 3565 4299 in
3600 4244 3747 4299 sinti-

2161 4345 2394 4399 litndine
2449 4343 2633 4398 carnis
2678 4342 2913 4412 peccati,
2974 4348 3033 4393 ut
3082 4342 3387 4394 destrueret
3436 4353 3741 4407 peceatum.

2160 4436 2325 4509 787
2355 4437 2493 4506 Ergo
2530 4436 2781 4499 verbum,
2805 4448 2928 4488 eum
2959 4432 3101 4487 Deus
3129 4433 3222 4494 sit,
3260 4444 3319 4485 se
3349 4431 3401 4485 in
3436 4431 3749 4484 exinanitav

470 4530 525 4582 in
560 4525 970 4587 similitudinem
1003 4525 1277 4578 hominum
1313 4522 1489 4577 factus
1508 4531 1614 4586 est,
1643 4521 1734 4589 qui
1774 4521 1825 4574 id
1857 4530 2046 4575 eratet

2163 4541 2266 4583 tetu
2303 4534 2465 4583 homo
2499 4528 2681 4582 factus,
2704 4525 2948 4589 immisit,
2984 4533 3039 4578 et
3072 4538 3177 4579 non
3215 4523 3377 4577 hamo
3400 4522 3748 4589 simpliciter,

469 4632 628 4676 antea
647 4634 749 4690 per
764 4631 1036 4682 naturam,
1054 4618 1155 4675 etsi
1184 4618 1236 4671 id
1259 4615 1437 4677 factus
1459 4615 1605 4669 forte
1616 4630 1719 4668 uou
1742 4615 2014 4668 diceretur
2028 4612 2058 4666 ἲ·

472 4712 583 4770 libi
607 4723 789 4765 autem
832 4710 1146 4771 exinanitae
1192 4716 1299 4774 est,
1335 4720 1629 4762 assumens.
1660 4705 2059 4776 plenitudinem,

1084 4841 1234 4909 CAP.
1277 4832 1415 4913 xm.

571 4958 734 5035 Quod.
748 4956 991 5027 Quium
1012 4955 1403 5085 ,ιιδιτέιῆρῗξὲιτ
1420 4954 1585 5017 Immo,
1601 4953 1783 5027 [actus
1796 4952 1936 5020 Deus

1160 5043 1381 5085 (artuum.

538 5142 1257 5218 Dispensationisincarnati
1275 5138 1555 5215 unigenlti
1578 5138 1894 5215 mysterium
1917 5140 2044 5201 sub.-

461 5235 611 5301 t.lius
661 5234 1105 5303 considerantes,
1155 5232 1207 5293 id
1254 5230 1567 5297 aSset'itnus,
1630 5229 1789 5295 iidem
1844 5241 2044 5295 reetam

463 5336 747 5385 servantes
779 5336 834 5379 et
855 5341 1041 5383 verant
1066 5342 1087 5385 :7
1109 5326 1251 5393 quod
1279 5324 1449 5393 ipsum
1471 5320 1656 5385 Patris
1671 5322 1767 5389 Dei,
1790 5320 2045 5389 Verbum,

466 5413 606 5470 Deus
638 5431 797 5472 verus
816 5430 884 5471 ex
912 5414 1026 5470 Deo
1056 5430 1208 5478 vero,
1243 5425 1298 5469 et
1326 5415 1507 5468 lumen
1573 5414 1640 5467 de
1699 5412 1926 5481 lumine,
1958 5412 2043 5467 iu-

538 5618 585 5649 "
620 5617 778 5673 Rom.
809 5631 861 5682 ιι,
898 5616 982 5671 14.
1060 5615 1104 5647 ³⁹
1140 5613 1374 5685 Philipp.
1408 5629 1467 5679 ιι,
1497 5612 1654 5668 6-H.

1737 5612 1781 5646 ³⁸
1819 5613 1985 5670 llebr.
2016 5629 2078 5681 tt,
2112 5614 2197 5681 ιϐ,
2236 5615 2318 5670 l7.

2157 4619 2405 4674 divinam
2437 4618 2665 4689 gloriam
2703 4615 2986 4681 eiectans,
3025 4616 3279 4671 Christus
3316 4615 3552 4669 videtur.

2717 4836 2965 4892 ΚΕΦΑΛ.
3008 4835 3103 4890 ll".

2158 4954 2291 5017 “Oct.
2313 4954 2567 5023 Χριστὸς
2595 4951 2837 5033 Ἰησοῦε
2855 4950 3123 5033 Mica;
3152 4947 3410 5019 nmmo:
3429 4946 3748 5027 ᾂκρρῳθιος

2648 5026 2681 5077 d
2712 5024 2837 5079 τοῦ
2858 5024 3005 5085 Θεοῦ
3030 5024 3238 5089 Λόγος.

2226 5140 2343 5215 Τῆς,
2409 5138 2547 5219 μετὰ
2604 5135 2815 5213 παρκδς
2873 5135 3190 5207 exorauit;
3251 5131 3347 5201 sui
3399 5126 3745 5201 Μονηῖεηῦε

2153 5231 2634 5304 πᾳλιιπρᾳγμανεῐν
2710 5226 2999 5296 ἐθέλοντες,
3044 5227 3105 5281 τὸ
3162 5224 3461 5296 μυβτνήριρν
3484 5264 3505 5291 ,
3560 5219 3745 5287 ὲκίῖνό

2157 5310 2359 5395 φιμενέ
2393 5322 2549 5388 δόξαν
2577 5322 2789 5392 ἔχοντες
2826 5319 3027 5391 ἀληθῆ,
3065 5319 3160 5373 καὶ
3193 5317 3376 5370 πίστιν
3405 5313 3596 5387 ὀρθὴν,
3625 5315 3744 5375 ὅτι·

2153 5432 2262 5488 περ
2308 5414 2471 5480 αὐτὸς
2514 5415 2544 5467 ὁ
2592 5415 2658 5468 ὲκ
2707 5412 2843 5467 Θεοῦ
2874 5402 3110 5482 Ἡατρὸς
3146 5410 3339 5479 Λόγος,
3389 5410 3421 5462 ὁ
3484 5404 3741 5479 ἀληθινὸς

2403 5617 2446 5649 ³⁸
2483 5616 2612 5673 Ibid.
2644 5617 2729 5681 14,
2756 5616 2841 5684 if).
2922 5615 2967 5645 ⁸⁸
3003 5611 3159 5668 Rom.
3186 5625 3301 5675 Vm,
3328 5611 3379 5663 3.

540 5802 616 5873 (ι)
658 5801 842 5857 Baiuz.
885 5800 1012 5871 legit
1050 5803 1104 5853 in
1149 5815 1247 5873 pro
1285 5801 1416 5868 sine,
1460 5801 1683 5869 rectius,
1727 5810 1784 5856 ut
1821 5802 2053 5858 videtur.
2097 5802 2251 5859 Enn.
