4038 6548
277 413 416 470 1585

1196 401 1490 463 SCHOLIA
1531 396 1624 454 DE
1659 385 2172 451 lNCARNATlONE
2209 383 2586 445 UNIGENI'H.

3383 376 3525 434 1.586

273 529 426 590 Θεὸς,
457 527 485 578 ὀ
507 526 571 579 ἐκ
598 510 730 579 Θεοῦ
756 523 1034 596 ἀληθινοῦ,
1075 521 1136 576 τὸ
1176 520 1290 591 φῶς
1318 519 1380 573 τὸ
1411 519 1477 572 ὲκ
1511 515 1606 571 τοῦ
1646 511 1846 582 φωτὸς.

1971 515 2232 564 :arnatum
2267 504 2358 568 sit,
2395 511 2450 556 et
2475 503 2632 556 homo
2679 500 2902 564 factum,
2948 506 3004 556 et
3047 493 3420 555 descenderit,
3477 504 3534 548 et

276 615 565 687 ὲσαρκώθη
604 631 664 667 τε
705 615 801 668 καὶ
835 611 1226 684 ὲνηνθρῶπησε
1249 628 1263 642 ο
1299 605 1593 678 κατῆλθεν,
1625 602 1848 665 ἔπαθεν,

274 709 572 778 ἐγήγερται
612 706 667 758 δὲ
709 707 773 759 ὲκ
800 703 1025 776 νεκρῶν.
1069 703 1315 774 Ὠρίσατο
1356 699 1465 770 γὰρ
1492 697 1634 752 οὕτω
1663 693 1725 748 τὸ
1755 692 1854 762 τῆς

278 800 513 859 πίστεως
535 796 862 866 Σύμϐολονή
891 796 1022 864 ἁγία
1049 813 1107 848 τε
1139 793 1234 849 καὶ
1255 793 1466 864 μεγάλη
1497 788 1720 851 Σύνοδος
1753 785 1851 857 (Ι).

347 888 766 958 Διερευνώμενοι
813 887 870 939 δὲ
916 887 1010 940 καὶ
1042 885 1234 956 μαθεῖν
1269 884 1543 944 ἐθέλοντες
1587 880 1615 934 ὃ
1637 879 1690 931 τί
1726 873 1855 930 ποτέ

276 983 393 1034 ἐστι
417 982 535 1032 κατ’
567 980 844 1050 ἀλήθειαν,
874 979 935 1033 τὸ
964 977 1315 1050 σαρκωθῆναί
1358 993 1416 1029 τε
1448 975 1539 1028 καὶ
1574 970 1854 1040 ὲνανθρω-

279 1073 448 1142 πῆσαι
479 1071 568 1123 τον
591 1072 784 1139 Λόγον,
818 1069 1275 1140 καταθρήσωμεν,
1319 1069 1400 1122 ὅτι
1433 1066 1531 1118 ούκ
1568 1060 1855 1132 ἄνθρωπόν

280 1165 394 1216 ἐστι
425 1163 751 1232 προσλαϐεῖν
776 1162 850 1225 ὡς
883 1164 939 1213 έν
968 1161 1233 1230 συναφείᾳ
1255 1163 1319 1230 τῇ
1354 1158 1497 1211 κατά
1525 1173 1586 1225 γε
1622 1155 1718 1224 τὴν
1748 1155 1856 1206 ἰσό-

284 1270 417 1324 τητα
447 1254 543 1322 τῆς
569 1252 742 1318 ἀξίας,
772 1253 938 1323 ἧγουν
965 1253 1271 1316 αύθεντίας,
1313 1250 1346 1320 ἢ
1377 1249 1467 1301 καὶ
1512 1247 1652 1300 κατὰ
1673 1237 1857 1315 ⁸μόνην

279 1347 375 1414 τῆς
400 1347 645 1415 υίότητος
677 1346 1016 1415 ὁμωνυμίαν,
1052 1345 1253 1413 μᾶλλον
1275 1343 1330 1395 δὲ
1361 1342 1421 1395 τὸ
1446 1339 1702 1409 γενέσθαι
1734 1336 1856 1390 καθ’

280 1439 425 1506 ἡμᾶς
453 1437 760 1508 ἄνθρωπον,
795 1435 933 1506 μετὰ
963 1435 1055 1489 τοῦ
1099 1435 1385 1506 ἀτρέπτως
1425 1433 1519 1486 καὶ
1563 1427 1857 1485 ἀναλλοιώ-

279 1543 386 1590 τως
415 1528 556 1598 ἔχειν
585 1527 971 1581 ἀνασώσασθαι
1012 1530 1079 1598 τῇ
1129 1527 1238 1598 ἰδίᾳ
1277 1525 1436 1596 φύσει
1473 1525 1563 1576 τῖιν
1597 1526 1654 1575 ἐν
1688 1537 1857 1592 προσ-

281 1619 441 1691 λήψει
468 1619 667 1690 σαρκὸς
704 1621 796 1673 καὶ
832 1619 1063 1690 αἵματος
1089 1617 1449 1689 οἰκονομικῶς
1479 1615 1758 1685 γεγονότα.

354 1787 449 1854 Εἷς
481 1790 578 1860 μὲν
609 1785 700 1844 οὖν
724 1793 869 1844 ἐστιν
889 1791 996 1862 ἄρα
1019 1787 1126 1862 πρὸ
1155 1791 1250 1862 μὲν
1271 1792 1367 1861 τῆς
1389 1790 1546 1845 ἐνανθ
1557 1792 1712 1861 ρωπὴ
1724 1808 1858 1856 σεως

282 1881 689 1951 ὀνομαζόμενος
738 1882 825 1935 διὰ
878 1883 976 1952 τῆς
1016 1881 1372 1934 θεοπνεύστου
1421 1882 1642 1951 Γραφῆς
1691 1884 1864 1935 Μονο-

283 1975 468 2044 γενὴς,
507 1973 602 2026 καὶ
629 1974 818 2042 Λόγος,
862 1974 958 2028 καὶ
994 1968 1147 2036 Θεὸς,
1189 1972 1281 2025 καὶ
1312 1971 1498 2035 εἰκὼν,
1547 1973 1642 2024 καὶ
1686 1972 1864 2025 ἀπαύ-

283 2079 496 2133 γασμα.
539 2062 634 2114 καὶ
661 2061 952 2132 χαρακτὴρ
985 2062 1082 2132 τῆς
1120 2061 1472 2124 ὑποστάσεως
1500 2061 1594 2114 τοῦ
1631 2060 1860 2131 Πατρὸς,

285 2149 421 2222 ζωὴ.
469 2151 614 2218 δόξα,
662 2150 798 2220 φῶς,
848 2152 1032 2221 σοφία,
1073 2149 1322 2220 δύναμις,
1388 2150 1653 2222 βραχίων.
1691 2150 1862 2214 δεξιὰ,

288 2242 530 2313 ὕψιστος,
588 2241 1050 2312 μεγαλοπρέπεια,
1094 2241 1296 2312 Κύριος
1331 2241 1571 2305 σαϐαὼθ,
1616 2242 1711 2294 καὶ
1745 2242 1864 2295 ὲτέι

294 2351 406 2407 ροις
443 2334 555 2387 τισὶ
594 2333 856 2397 τοιούτοις
883 2334 1132 2404 ὀνόμασι,
1163 2337 1274 2397 τοῖς
1305 2332 1523 2405 ἀληθῶς
1569 2333 1868 2404 θεοπρεπε-

290 2425 538 2487 στάτοιςο
582 2424 719 2495 μετά
752 2424 810 2477 δέ
854 2441 918 2493 γε
957 2425 1055 2496 τὴν
1100 2423 1537 2495 ὲνανθρώπησιν,
1579 2424 1866 2495 ἄνθρωπος

288 2515 522 2586 Χριστὸς
565 2513 792 2586 Ἰησοῦς,
829 2516 1164 2586 ἱλαστήριον,
1218 2516 1466 2586 μεσίτης,
1499 2516 1721 2586 ἀπαρχὴ
1760 2516 1868 2569 τῶν

290 2607 728 2678 κεκοιμημένων,
780 2607 1125 2676 πρωτότοκος
1182 2609 1248 2660 ἐκ
1311 2607 1542 2678 νεκρῶν,
1617 2607 1870 2678 δεύτερος

307 2697 496 2769 Ἀδὰμ,
533 2697 744 2768 κεφαλὴ
771 2697 864 2751 τοῦ
917 2695 1170 2766 σώματος
1211 2695 1312 2767 τῆς
1348 2697 1695 2769 Ἑκκλησίας,
1743 2699 1868 2750 ἑπο-

294 2792 474 2862 μένων
496 2789 645 2860 αύτῷ
674 2790 769 2843 καὶ
799 2789 907 2842 τῶν
932 2792 988 2842 ἐν
1015 2790 1205 2858 ἀρχαῖς
1227 2790 1526 2859 ὀνομάτων.
1558 2791 1741 2843 Πάντα
1762 2791 1870 2862 γὰρ

292 2882 479 2947 αὑτοῦ,
509 2882 579 2935 τά
614 2898 674 2934 τε
711 2879 928 2950 πρῶτα,
953 2881 1046 2934 καὶ
1078 2879 1147 2933 τὰ
1185 2880 1240 2933 ὲν
1275 2881 1520 2951 ἐσχάτοις
1552 2880 1644 2934 τοῦ
1678 2884 1871 2945 αἰῶνος

293 2975 526 3044 καιροῖς.

366 3061 460 3128 Εἷς
487 3065 595 3135 ἀρα
621 3064 770 3117 ἐστὶν
790 3065 817 3117 ὀ
854 3063 945 3116 καὶ
975 3063 1080 3134 πρὸ
1104 3063 1202 3134 τῆς
1239 3063 1708 3137 ὲνανθρωπήσεως
1740 3061 1872 3127 Θεὸς

296 3157 570 3228 ἀληθινὸς,
608 3155 703 3208 καὶ
743 3156 800 3207 ἐν
827 3154 1209 3226 ἀνθρωπότητι
1262 3156 1588 3226 μεμενηκὼς
1621 3158 1756 3227 ὅπερ
1778 3152 1866 3226 ἦν,

295 3249 391 3302 καὶ
418 3247 557 3313 ἐστι,
601 3247 696 3300 καὶ
738 3245 911 3299 ἔσται.
944 3246 1016 3298 Ού
1050 3247 1349 3318 διοριστέον
1384 3242 1475 3300 οῦν
1509 3248 1618 3318 ἄρα
1650 3247 1741 3300 τὸν
1772 3248 1869 3300 ἕνα

297 3339 504 3412 Κύριον
539 3337 746 3410 Ἰησοῦν
791 3337 1044 3410 Χριστὸν,
1095 3340 1175 3402 εἰς
1217 3339 1396 3403 ίδικῶς
1434 3339 1748 3408 ἄνθρωπον,
1777 3338 1872 3392 καὶ

302 3434 381 3496 εἰς
423 3430 554 3484 Θεὸν
591 3430 792 3494 ἱδικῶς,
835 3429 949 3483 ἀλλ’
1001 3429 1096 3483 ἕνα
1154 3428 1248 3482 καὶ
1305 3429 1396 3480 τὸν
1460 3429 1621 3482 αὐτὸν
1667 3427 1873 3499 Ἰησοῦν

307 3521 540 3593 Χριστόν
565 3539 634 3589 φα
647 3537 745 3590 μεν
775 3515 937 3584 εἶναι,
971 3520 1070 3589 τὴν
1097 3519 1204 3572 τῶν
1238 3517 1451 3588 φύσεων
1481 3520 1679 3577 εἰδότες
1701 3519 1875 3587 duapo-

303 3615 423 3686 ρᾶν,
472 3613 566 3665 καὶ
611 3611 950 3680 ἀσυγχύτους
991 3607 1248 3679 ἀλλήλαις
1291 3607 1585 3679 τηροῦντες
1613 3607 1803 3671 αὐτάς.

377 3703 544 3756 Ὅταν
591 3698 684 3755 οὖν
723 3701 856 3774 λέγῃ
884 3701 942 3752 τὸ
973 3700 1212 3770 Γράμμα
1244 3699 1307 3752 τὸ
1343 3699 1511 3770 ἱερὸν,
1548 3701 1630 3752 ὅτι
1661 3701 1718 3752 ἐν
1745 3701 1879 3769 Χρι-

307 3795 418 3865 στῷ
456 3815 472 3845 ι
512 3793 798 3864 κατῴκησε
823 3794 931 3846 πᾶν
957 3791 1018 3845 τὸ
1057 3791 1329 3863 πλήρωμα
1359 3791 1456 3862 τῆς
1494 3791 1744 3861 θεότητος
1776 3807 1880 3842 σω-

310 3886 574 3958 ματικῶς,
597 3905 614 3936 ι
647 3886 708 3938 ού
737 3884 824 3938 διὰ
845 3883 1002 3937 τοῦτό
1029 3900 1230 3954 φαμεν,
1266 3883 1341 3948 ὡς
1376 3885 1432 3936 ὲν
1462 3883 1632 3954 ἑτέρῳ
1656 3880 1879 3953 Χριστῷ

305 3977 385 4049 τῷ
435 3976 727 4047 ἀνθρώπῳ,
787 3975 1103 4046 καταμόνας
1156 3975 1485 4043 κατοικῆσαι
1544 3972 1635 4025 τὸν
1684 3971 1877 4039 Λόγονο

307 4068 430 4121 οὔτε
505 4067 610 4138 μὴν
659 4066 996 4130 διασπῶντες
1054 4064 1300 4134 ἀλλήλων
1349 4064 1417 4115 τὰ
1475 4061 1731 4133 ἡνωμένα
1788 4060 1882 4113 δύο

308 4157 538 4228 νοοῦμεν
577 4156 760 4218 υἱούςδ
812 4157 990 4208 ἐκεῖνο
1022 4155 1079 4207 δὲ
1116 4153 1335 4225 μᾶλλον,
1381 4154 1461 4205 ὃτι
1492 4151 1726 4223 Χριστὸν
1768 4153 1883 4204 ὀνο-

315 4246 476 4317 μάζει
515 4246 576 4298 τὸ
618 4245 854 4316 Γρὰμμα
888 4244 948 4296 τὸ
989 4243 1153 4316 ἱερὸν,
1203 4243 1298 4296 καὶ
1323 4241 1402 4305 ὡς
1446 4244 1509 4295 ἐκ
1537 4243 1732 4312 μέρους
1771 4239 1886 4296 ἔσθ’

312 4341 422 4402 ὅτε,
454 4337 552 4408 τὴν
578 4335 976 4407 ἀνθρωπότητα
997 4334 1092 4391 τοῦ
1121 4334 1258 4388 Θεοῦ
1297 4333 1475 4402 Λόγου
1503 4334 1638 4387 ίδίαν
1664 4332 1803 4404 ἔχων
1828 4335 1886 4387 ὲν

312 4423 464 4489 τάξει
506 4423 797 4493 πεποίηται
849 4423 1000 4478 ναοῦ.
1031 4424 1344 4495 Γέγραπται
1391 4423 1447 4477 δέ
1482 4440 1584 4476 που
1623 4425 1717 4477 καὶ
1759 4425 1886 4496 περὶ

1955 613 2168 670 passmn
2200 595 2292 656 sit,
2317 604 2372 648 et
2395 592 2696 647 surrexerit
2725 606 2792 647 ex
2838 589 3085 646 mortuis.
3113 588 3186 643 Ita
3216 587 3360 642 enim
3387 584 3524 641 deli-

1956 691 2088 746 nivit
2126 689 2249 744 lidei
2291 683 2602 758 Symbolum
2634 683 2884 754 Synodus
2921 695 3117 752 magna
3154 688 3210 735 et
3245 687 3456 735 sancta.

2027 863 2407 935 Perquirentes
2434 870 2612 915 autem
2645 867 2700 914 et
2745 872 2862 923 nos,
2891 867 2947 911 et
2971 856 3281 911 discernere
3303 853 3533 921 capien-

1958 967 2060 1022 tes,
2091 957 2218 1027 quid
2249 955 2321 1009 sit
2349 955 2584 1016 tandem,
2617 950 2956 1006 incarnaturn
2987 961 3129 1010 esse,
3159 957 3213 998 et
3255 944 3532 998 hominem

1957 1049 2160 1104 factum
2195 1047 2287 1101 Dei
2319 1044 2551 1099 Verbum
2585 1059 2598 1096 ι
2628 1042 2920 1101 cernimus.
2949 1039 3089 1106 quod
3133 1053 3236 1089 non
3287 1037 3390 1090 hoc
3424 1043 3530 1099 est,

1960 1139 2230 1193 hominem
2277 1149 2553 1190 assumere
2584 1143 2837 1199 tanquam
2886 1130 2939 1182 in
2975 1126 3378 1195 conjunctione,
3411 1138 3534 1193 quae

1961 1229 2054 1282 ﬁat
2101 1242 2198 1297 per
2241 1225 2601 1295 aequalitatem
2649 1221 2947 1291 dignitatis,
2998 1218 3114 1273 sive
3166 1214 3531 1276 auctoritatis,

1960 1319 2040 1375 vel
2066 1334 2159 1389 per
2177 1319 2346 1373 solam
2373 1317 2611 1371 lilietatis
2636 1311 2987 1385 ὁμωνυμίανς
3020 1307 3188 1378 magis
3212 1317 3390 1360 autem
3416 1301 3532 1358 ﬁeri

1955 1409 2107 1479 juxta
2143 1425 2240 1464 nos
2274 1408 2544 1462 hominem
2580 1408 2598 1475 (
2625 1406 2696 1460 ita
2739 1414 2914 1458 tamen
2965 1414 3022 1454 ut
3069 1399 3213 1452 milia
3253 1396 3536 1451 conversio

1959 1502 2043 1557 vel
2075 1502 2427 1558 commutatio
2464 1497 2868 1568 subsequatur),
2897 1503 2951 1549 et
2993 1491 3279 1547 sublevare
3327 1486 3538 1557 pariter

1960 1609 2082 1648 cum
2113 1609 2206 1648 sua
2245 1601 2436 1647 natura
2461 1606 2580 1645 eum
2629 1590 2719 1658 qui
2753 1591 2804 1643 in
2836 1584 3205 1654 assumptione
3235 1579 3335 1634 fuit
3353 1577 3536 1634 carnis

1959 1694 2011 1740 et
2051 1685 2329 1754 sanguinis
2366 1682 2784 1751 (iisIIensatorie.

2034 1776 2184 1832 Unus
2221 1777 2382 1846 igitur
2418 1786 2524 1839 est,
2555 1775 2646 1844 qui
2679 1784 2803 1827 ante
2831 1769 3256 1825 incarnationem
3293 1780 3321 1819 a
3356 1761 3536 1819 divina

1895 1874 1936 1929 Β
1968 1870 2249 1938 Scriptura
2287 1867 2616 1926 nominatur,
2633 1875 2687 1918 et
2724 1861 3066 1931 Unigenitns,
3106 1871 3159 1912 et
3189 1855 3448 1917 Verbum,
3480 1859 3541 1905 et

1964 1961 2128 2025 Deus,
2170 1970 2224 2014 et
2267 1961 2463 2029 imago,
2492 1968 2546 2011 et
2573 1957 2774 2014 lumen.
2797 1963 2852 2007 et
2879 1954 3046 2021 ligura
3079 1947 3400 2004 substantia:
3436 1943 3540 1998 Pa-

1969 2052 2087 2115 t'ris,
2115 2060 2172 2106 et
2205 2051 2340 2112 vita,
2373 2060 2424 2102 et
2454 2047 2646 2116 gloria,
2675 2052 2728 2099 et
2766 2043 3040 2112 splendor,
3080 2050 3136 2094 et
3163 2037 3448 2108 sapientia,
3483 2044 3543 2090 et

1965 2140 2160 2204 virtus,
2185 2147 2239 2194 et
2269 2138 2571 2199 brachium,
2599 2145 2653 2188 et
2681 2136 2890 2197 dextra,
2923 2143 2976 2186 et
3002 2131 3329 2195 Altissimus,
3351 2136 3408 2182 et
3427 2142 3544 2182 ma-

1966 2229 2294 2300 gniﬁcentia,
2328 2238 2383 2282 et
2412 2227 2668 2281 Dominus
2691 2221 2951 2287 Sabaoth,
2983 2231 3036 2276 et
3061 2220 3184 2274 aliis
3219 2219 3422 2272 talibus
3447 2232 3545 2271 no-

1968 2323 2224 2384 minibus,
2253 2335 2372 2388 qua:
2413 2330 2539 2372 vere
2577 2315 2907 2370 conveniunt
2945 2314 3152 2367 deitati.
3187 2310 3316 2366 Post
3363 2311 3548 2364 incar-

1968 2413 2243 2466 nationem
2286 2426 2415 2465 vero
2455 2411 2637 2469 homo.
2681 2406 2955 2471 Christus,
2991 2404 3168 2469 Jesns,
3223 2400 3545 2473 propitiato-

1970 2505 2130 2566 rium,
2175 2503 2457 2565 mediator,
2515 2499 2766 2570 primitiae
2822 2495 3226 2555 dormientium.
3275 2493 3548 2562 primoge-

1968 2596 2116 2649 nitus
2160 2610 2190 2648 a
2237 2593 2493 2654 mortuis,
2535 2590 2802 2645 secundus
2853 2588 3062 2650 Adam,
3101 2593 3262 2655 caput
3301 2582 3548 2652 corporis

1973 2686 2244 2750 Ecclesiae,
2263 2701 2383 2740 cum
2411 2700 2532 2739 eum
2558 2682 2720 2736 etiam
2752 2681 2968 2734 nomina
2999 2677 3178 2748 prisca
3201 2682 3499 2745 sequantur
3527 2689 3545 2726 :

1970 2779 2149 2835 Omnia
2185 2780 2329 2831 enim
2364 2777 2531 2844 ipsius
2560 2773 2775 2842 propria
2829 2779 2980 2834 sunt,
3008 2779 3062 2824 et
3090 2769 3292 2840 priora,
3341 2775 3396 2822 et
3421 2779 3549 2836 qua

1972 2871 2278 2926 novissimis
2311 2869 2452 2923 facta
2483 2865 2834 2936 temporibus.

2041 3045 2190 3101 Unus
2219 3044 2380 3114 igitur
2404 3053 2505 3107 est,
2544 3047 2599 3097 et
2623 3039 2716 3109 qui
2767 3047 2892 3093 ante
2932 3034 3358 3091 incarnationem
3408 3031 3555 3088 Deus

1973 3147 2090 3192 erat
2114 3151 2294 3199 verus,
2323 3133 2482 3204 etqui
2513 3133 2568 3187 in
2599 3131 2932 3186 humanitate
2956 3125 3223 3182 mansitid
3239 3123 3383 3194 quod
3405 3130 3550 3189 erat,

1935 3214 1941 3259 έ
1972 3237 2147 3292 etest,
2167 3235 2222 3282 et
2246 3227 2368 3281 erit.
2399 3224 2512 3280 Non
2539 3221 2924 3278 diseernendus
2950 3219 3112 3291 igitur
3137 3231 3277 3272 unus
3297 3214 3556 3270 Dominus

1972 3319 2128 3374 Jesus
2155 3319 2420 3384 Christus,
2455 3317 2506 3370 in
2533 3315 2806 3370 hominem
2837 3325 3114 3374 seorsum,
3138 3317 3196 3364 et
3226 3321 3471 3362 seorsum
3495 3304 3556 3360 in

1974 3413 2143 3469 Deum
2169 3427 2186 3478 ς
2217 3409 2310 3465 sed
2339 3423 2502 3463 unum
2543 3407 2896 3473 eumdemque
2919 3401 3102 3456 Jesum
3133 3399 3408 3455 Christum
3433 3409 3557 3452 esse

1978 3505 2237 3568 dicimus,
2279 3516 2385 3556 non
2441 3499 2754 3570 ignorantes
2799 3492 3158 3550 differentiam
3214 3498 3555 3552 naturarum,

1977 3597 2146 3668 788
2174 3594 2267 3650 sed
2296 3608 2388 3648 eas
2426 3590 2738 3646 inconfusas
2767 3589 2908 3642 inter
2939 3600 3060 3641 sese
3086 3593 3383 3640 servantes.

2053 3687 2275 3753 Quoties
2304 3685 2471 3753 igitur
2498 3682 2700 3737 Littera
2732 3693 2886 3734 sacra
2913 3683 3304 3732 commemorat
3328 3672 3471 3742 quod
3501 3671 3556 3726 in

1978 3779 2203 3835 Christo
2250 3794 2269 3829 ι
2320 3775 2642 3830 inhabitavit
2691 3771 2866 3826 omnis
2921 3768 3194 3836 plenitudo
3257 3764 3560 3819 divinitatis

1981 3869 2337 3942 corporaliter
2364 3867 2409 3898 “
2441 3883 2457 3932 ;
2498 3885 2517 3919 ι
2551 3879 2657 3919 non
2690 3864 2809 3918 ideo
2837 3861 3065 3916 dicimus
3085 3867 3341 3926 tauquam
3371 3855 3424 3908 in
3449 3853 3557 3907 alio

1981 3963 2218 4026 Christo,
2253 3960 2307 4013 in
2333 3957 2549 4012 homine
2581 3970 2824 4009 seorsum
2855 3951 3190 4006 inhabitasse
3217 3949 3385 4003 Deum
3416 3945 3555 4001 Ver-

1983 4052 2109 4106 bum
2139 4066 2154 4115 ;
2186 4062 2284 4102 nec
2313 4060 2476 4116 porro
2505 4044 2804 4099 dividentes
2832 4056 2895 4096 ea
2926 4055 3044 4110 qua:
3074 4040 3222 4093 unita
3247 4046 3396 4100 sunt,
3421 4035 3555 4089 duos

1984 4140 2334 4210 intelligimus
2372 4137 2538 4200 ﬁlios;
2586 4135 2712 4190 illud
2738 4140 2920 4188 autem
2957 4131 3159 4198 magis,
3195 4128 3339 4198 quod
3395 4124 3555 4182 Chri-

1985 4246 2127 4289 stum
2159 4231 2402 4287 nominat
2432 4229 2633 4284 Littera
2660 4239 2816 4281 sacra
2847 4239 2914 4278 ex
2952 4232 3105 4294 parte
3153 4234 3562 4290 nonnunquam,

1983 4333 2041 4380 et
2064 4323 2203 4393 quod
2257 4322 2644 4377 immanitatem
2681 4317 2772 4374 Dei
2807 4317 3060 4380 Verbum,
3098 4328 3257 4385 quam
3289 4313 3562 4384 propriam

1989 4417 2181 4482 habet,
2209 4416 2263 4471 in
2293 4415 2466 4470 locum
2516 4413 2692 4482 posuit
2717 4409 2920 4479 templi.
2970 4407 3242 4479 Scriptum
3271 4414 3356 4460 est
3382 4411 3564 4458 autem

312 4516 421 4570 τῶν
469 4513 822 4587 ἀνθρωπίνων
881 4514 1068 4586 ψυχῶν
1098 4532 1112 4547 ’
1149 4517 1332 4580 (Τοὺς
1388 4515 1444 4568 δὲ
1498 4514 1871 4580 κατοικοῦντας

1987 4519 2046 4564 et
2091 4508 2158 4563 de
2209 4507 2493 4562 animabus
2545 4503 2794 4558 humanis
2839 4519 2854 4558 :
2897 4519 2916 4552 ι
2959 4499 3330 4554 lnhabitantes
3385 4505 3565 4551 autem

308 4607 417 4660 οἰκί
436 4619 489 4669 ῑς
521 4604 768 4676 πηλίνας,
800 4604 860 4671 ἐξ
883 4600 958 4660 ὧν
999 4606 1094 4660 καὶ
1121 4606 1274 4660 αὐτοὶ
1303 4607 1369 4660 ὲκ
1404 4605 1500 4660 τοῦ
1526 4606 1691 4661 αύτοῦ
1716 4606 1871 4678 πηλοῐ

1987 4603 2175 4656 domos
2198 4597 2392 4664 luteas,
2429 4599 2495 4652 de
2519 4597 2712 4666 quibus
2747 4603 2797 4649 et
2832 4609 2928 4650 nos
2976 4607 3043 4647 ex
3073 4592 3260 4646 eodem
3311 4590 3424 4643 luto
3471 4603 3568 4642 su«

314 4699 506 4768 ὲσμιν.
540 4716 559 4749 ι
593 4692 722 4768 Ἆρ’
747 4689 841 4750 οῦν
873 4695 1172 4767 ἐπειδήπερ
1203 4695 1383 4760 οἰκίας
1433 4695 1662 4765 πηλίνας
1689 4697 1758 4752 τὰ
1786 4698 1871 4750 τῶι

1989 4707 2109 4748 mus
2138 4691 2202 4744 δ’.
2257 4709 2277 4744 ι
2310 4690 2558 4760 Ergone,
2591 4689 2845 4757 quoniam
2881 4686 3051 4739 luteas
3089 4685 3280 4738 domos
3327 4683 3566 4735 humana

313 4789 446 4860 ἀνθρ
465 4786 618 4842 iner
653 4786 910 4860 ὀνομάζει
937 4786 1186 4857 σώματα,
1211 4785 1612 4842 διαϐεϐαιοῦται
1636 4788 1691 4841 δὲ
1716 4805 1894 4842 κατοι-

316 4883 436 4937 κεῖν
462 4877 529 4933 ὲν
570 4880 762 4942 αὐταῖς
801 4880 902 4944 τὰς
949 4878 1149 4950 ψυχὰς,
1203 4878 1285 4942 είς
1331 4877 1425 4931 δύο
1471 4880 1891 4951 κατατεμοῦμεν

315 4969 637 5041 ἀνθράιπους
685 4969 776 5023 τὸν
823 4969 958 5038 ἕνας
1022 4969 1217 5022 Καίτοι
1273 4968 1391 5032 πῶς
1447 4971 1547 5024 ούκ
1591 4970 1894 5044 ἀμώμητον

317 5064 490 5117 navas
513 5061 620 5126 ιῶς,
652 5063 714 5115 τὸ
738 5063 828 5116 καὶ
861 5063 918 5116 ὲν
947 5060 1220 5132 ἀνθρώπῳ
1249 5061 1499 5132 λέγεσθαι
1526 5069 1800 5118 κατοικεῖν
1829 5065 1890 5118 τὸ

325 5158 546 5229 πνεῦμα
585 5160 786 5227 αὐτούς
819 5161 983 5215 Ὥστε
1034 5160 1139 5213 κᾶν
1180 5162 1227 5212 εί
1273 5159 1334 5212 τὸ
1371 5159 1466 5213 τοῦ
1504 5159 1663 5229 λόγου
1705 5161 1890 5232 σχῆμα

322 5251 412 5305 διὰ
464 5251 719 5306 τοιούτων
759 5251 978 5324 ἔρχεται
1033 5252 1288 5323 τρόπων,
1346 5251 1444 5322 οὐχ
1492 5251 1694 5322 ἑτέρως
1747 5251 1889 5324 ἔχειν

324 5343 639 5417 δυνάμενον,
705 5342 764 5395 ού
823 5343 922 5404 τὰς
988 5341 1098 5394 τῶν
1171 5337 1512 5411 πραγμάτων
1585 5339 1889 5395 ἀδικεῖσθαι

327 5434 517 5504 φύσεις
545 5435 633 5488 διὰ
672 5432 830 5486 τοῦτο
865 5430 1085 5500 πρέπει,
1121 5431 1317 5483 ἐννοεῖν
1356 5428 1412 5481 δὲ
1459 5428 1659 5499 μᾶλλον
1699 5429 1888 5496 αὑτὰς,

327 5524 422 5579 καὶ
449 5523 682 5579 κατευθὺ
713 5522 810 5590 τῆς
833 5519 1090 5592 ἀληθείας
1121 5518 1458 5574 διασπεύδειν
1484 5519 1815 5587 ἐπείγεσθαι.

404 5661 449 5692 ⁸⁸
501 5659 709 5715 Coloss.
739 5671 799 5720 ιι,
827 5656 881 5710 9.
959 5656 1002 5686 δ’
1030 5654 1229 5718 Jobtv,
1256 5652 1344 5708 l9.

1991 4799 2216 4857 corpora
2244 4785 2506 4849 nominat,
2533 4790 2588 4837 et
2613 4779 2844 4835 atiirmat
2870 4779 2919 4832 in
2951 4777 3035 4832 his
3061 4777 3270 4830 animas
3298 4774 3567 4835 habitare,

1996 4879 2050 4933 in
2079 4881 2211 4932 duos
2238 4875 2483 4931 homines
2503 4888 2664 4929 unum
2693 4871 2964 4926 hominem
3006 4868 3303 4923 dividemus
3327 4865 3351 4918 ?
3406 4865 3569 4931 Atqui

2001 4982 2105 5022 non
2159 4964 2470 5022 irrationale
2496 4964 2718 5019 omnino
2751 4961 2852 5026 sit,
2891 4968 2952 5013 ut
2997 4958 3052 5013 in
3089 4957 3304 5011 homine
3349 4953 3573 5023 spiritus

1998 5074 2129 5115 suus
2171 5059 2476 5114 inhabitare
2514 5057 2742 5111 dicatur.
2784 5054 2954 5121 Ergo,
2990 5052 3091 5107 etsi
3121 5065 3218 5119 per
3265 5045 3572 5116 lmjusmodi
3640 5033 3645 5039 ’

1999 5152 2187 5207 modos
2216 5151 2480 5207 orationis
2525 5148 2696 5219 ﬁgura
2759 5145 3036 5215 procedat,
3080 5156 3201 5196 cmn
3251 5138 3408 5192 aliter
3456 5134 3573 5188 lteri

1999 5259 2104 5302 non
2138 5243 2330 5315 possit,
2355 5256 2462 5298 non
2493 5251 2668 5296 tamen
2695 5239 2817 5294 ideo
2850 5249 3030 5291 rerum
3049 5231 3323 5300 corrumpi
3350 5237 3572 5286 naturas

1997 5343 2263 5408 Oportcat,
2306 5335 2399 5390 sed
2438 5332 2611 5403 magis
2640 5345 2730 5389 eas
2772 5337 2920 5388 recto
2955 5325 3196 5383 veritatis
3226 5331 3412 5378 tenore
3454 5335 3572 5374 ser-

1995 5445 2136 5486 V3”.

405 5795 482 5867 (l)
509 5795 743 5864 lntellige
772 5808 1017 5864 magnam
1048 5793 1190 5846 illam
1221 5801 1274 5847 et
1292 5793 1674 5863 οἰκούμενικὴν
1704 5787 1871 5862 synod

1998 5786 2292 5846 Nicaeam.

689 5889 956 5950 PATROL.
995 5889 1109 5951 Gn.
1141 5885 1371 5946 LXXV.

3067 5871 3140 5934 44
