4038 6502
462 371 598 427 4387

1472 364 1536 422 5.
1576 362 1851 422 CYRILLI
1890 362 2358 424 ALEXANDRIM
2396 365 2718 425 ARCHIEI’.

3574 371 3723 430 1388

529 488 751 557 Quoties
806 486 967 558 igitur
1019 482 1321 556 quapiam,
1369 498 1489 555 quae
1540 484 1859 542 dissimilem
1914 491 2034 540 sunt

2211 485 2380 541 ὀταν
2401 487 2582 541 τοίνυν
2606 487 2729 541 τινὰ
2758 486 2867 541 τῶν
2900 486 3151 560 ἀλλήλοις
3176 488 3277 558 οὐχ
3304 488 3500 559 ὁμοίαν
3527 490 3722 560 λαιόν-

456 579 877 638 intersesortita
904 586 1172 643 naturam,
1190 576 1417 633 collecta
1435 577 1488 631 in
1512 576 1895 632 adunatiunem
1939 589 2035 644 per

454 670 894 741 rompositionem
912 668 1161 724 videnlur
1189 684 1203 721 :
1228 666 1419 723 deinde
1436 665 1752 721 alterutrum
1781 681 1844 720 ex
1873 664 1958 719 bis
1982 664 2034 718 in

454 763 719 816 alterutro
745 760 993 816 habitare
1024 759 1242 825 dicitur,
1274 771 1381 813 non
1421 757 1765 812 dividendum
1811 755 1865 810 in
1906 756 2032 819 duo,

457 852 799 908 adunationis
844 850 1202 907 conventione
1243 847 1465 903 minime
1493 847 1721 913 violata,
1747 847 1871 902 licet
1902 850 2035 902 .suis

459 942 767 997 nominibus
805 956 904 1010 per
952 954 1073 995 sese
1113 954 1180 994 ea
1236 953 1359 1009 qua!
1405 937 1637 992 adunata
1685 948 1811 992 sunt
1860 936 2035 991 nomi-

456 1042 655 1087 nentur
680 1045 711 1083 a
745 1029 921 1083 nobis.
952 1028 1159 1083 Dicitur
1189 1041 1444 1095 namque,
1479 1035 1539 1080 ut
1575 1034 1701 1079 ante
1730 1025 1862 1089 dixi,
1899 1035 1951 1079 et
1980 1025 2033 1079 in

454 1122 680 1177 homine
729 1121 972 1174 habitare
1028 1119 1253 1187 spiritus
1295 1134 1465 1183 suus,
1494 1132 1592 1171 nec
1652 1127 1828 1170 tamen
1876 1117 2036 1171 homo

456 1212 683 1274 dicitur,
702 1219 755 1264 et
780 1221 1020 1262 seorsum
1046 1207 1270 1275 spiritus
1290 1220 1439 1271 suus,
1475 1220 1717 1259 seorsum
1740 1214 1793 1258 et
1818 1219 2032 1272 corpus.

456 1301 528 1358 Et
553 1302 654 1356 tale
678 1300 806 1372 quid
841 1299 992 1354 nobis
1018 1298 1234 1351 divinus
1274 1295 1468 1350 Paulus
1499 1296 1717 1364 obliqua
1759 1294 2035 1365 signiﬁca-

458 1394 607 1447 tione
656 1391 673 1465 [
715 1391 766 1444 id
790 1398 874 1444 est
917 1390 1146 1444 obscure
1183 1396 1240 1441 ct
1269 1386 1424 1456 quasi
1451 1381 1835 1455 aenigmatice]
1882 1397 2027 1437 com-

460 1490 754 1546 memorat,
781 1481 964 1536 dicens
998 1497 1013 1533 :
1046 1495 1069 1532 ι
1102 1478 1237 1532 Nam
1263 1477 1365 1532 etsi
1406 1478 1641 1531 exterior
1668 1486 1853 1530 noster
1875 1476 2036 1531 homo

457 1573 882 1642 corrumpitur;
930 1569 1025 1625 sed
1078 1568 1306 1623 interior
1373 1576 1663 1623 renovatur
1720 1565 1787 1619 de
1838 1563 1924 1619 die
1981 1562 2033 1616 in

460 1667 603 1720 diem
632 1665 698 1719 ”.
730 1682 750 1716 ι
782 1662 837 1717 Si
865 1663 987 1732 quis
1013 1660 1173 1731 igitur
1198 1658 1395 1713 dixerit
1449 1657 1763 1713 interiorem
1792 1663 2031 1709 nostrum

460 1755 733 1810 hominem
752 1754 804 1808 in
825 1752 1093 1809 exteriore
1114 1750 1331 1805 homine
1354 1747 1677 1810 inhabitare,
1708 1762 1891 1800 verum
1914 1744 2035 1814 qui-

2136 591 2245 629 των
2292 577 2393 648 τὴν
2442 576 2605 647 φύσιν
2644 577 2818 651 ὁρῷτο
2864 578 3252 649 συνειλεγμένα
3291 580 3433 651 πρὸς
3488 582 3722 652 ένότητα

2139 664 2286 719 κατὰ
2332 665 2621 720 σύνθεσιν·
2700 665 2819 722 εἶτα
2871 668 2932 721 τὸ
2974 668 3034 722 δέ
3082 686 3134 722 τι
3190 671 3355 740 τυχὸν
3414 673 3475 725 ὲν
3527 675 3729 744 ἐκείνῳ

2136 752 2353 821 λέγοιτο
2398 757 2697 819 κατοικεῖν,
2744 757 2807 809 οὒ
2867 756 3167 828 διοριστέον
3205 760 3286 822 εἰς
3327 758 3452 823 δύο,
3490 760 3595 829 τῆς
3646 762 3729 825 είς

2141 844 2370 916 ἑνότητα
2401 845 2708 917 συνδρομῆς
2736 846 2857 901 κατ’
2880 846 3069 900 οὐδένα
3098 847 3299 918 τρόπον
3335 849 3729 921 ἀδικουμένης,

2138 933 2241 987 κᾶν
2278 936 2325 988 εἰ
2367 936 2473 989 τῶν
2523 938 2818 1007 ήνωμένων
2858 938 3120 1009 ἑκάτερον
3168 938 3350 1002 ἱδικῶς
3402 940 3733 1011 ὀνομάζοιτο

2136 1024 2272 1094 πρὸς
2303 1026 2486 1095 ἡμῶν,
2511 1027 2661 1081 τοῦθ’
2701 1029 2837 1099 ὅπερ
2886 1029 2952 1083 ἂν
2996 1025 3107 1081 εἷεν
3144 1028 3451 1101 ἀμφότερα.
3481 1032 3729 1100 Λέγεται

2134 1115 2264 1185 γὰρ,
2306 1116 2381 1179 ὡς
2408 1116 2566 1188 ἕῳην,
2605 1120 2695 1171 καὶ
2722 1120 2780 1171 ἐν
2805 1119 3079 1189 ἀνθρώπῳ
3108 1119 3385 1177 κατοικεῖν
3414 1124 3475 1176 τὸ
3504 1122 3733 1194 πνεῦμα

2135 1205 2342 1259 αὐτοῦ’
2401 1207 2543 1278 πλὴν
2586 1208 2873 1281 ἄνθρωπος
2939 1210 3184 1279 λέγεται,
3246 1214 3342 1267 καὶ
3419 1214 3605 1278 ίδικῶς
3670 1215 3734 1268 τὸ

2138 1295 2383 1364 πνεῦμα,
2410 1298 2506 1350 καὶ
2542 1297 2649 1368 μὴν
2678 1300 2772 1353 καὶ
2800 1299 2859 1352 τὸ
2889 1299 3069 1369 σῶμα.
3104 1302 3298 1356 Καίτοι
3324 1303 3570 1359 τοιοῦτον
3592 1306 3629 1375 ἡ
3638 1308 3732 1375 μίν

2136 1384 2510 1440 ὑπαινίττεται
2530 1389 2559 1440 ό
2592 1389 2903 1456 σοφώτατος
2932 1391 3145 1456 Παῦλος
3184 1394 3376 1463 λέγων’
3425 1414 3445 1447 ι
3468 1396 3533 1448 Εἰ
3561 1396 3679 1466 γὰρ
3698 1398 3731 1448 ό

2137 1474 2242 1542 ἔξω
2266 1477 2299 1546 ἡ
2308 1477 2423 1547 μῶν
2445 1479 2730 1549 ἄνθρωπος
2755 1479 3148 1549 διαφθείρεται,
3171 1484 3287 1537 ἀλλ’
3313 1489 3342 1539 ὁ
3367 1487 3478 1539 ισω
3496 1487 3734 1541 ἀνακαιρ

2133 1567 2320 1621 νοῦται
2338 1569 2521 1641 ἡμέρᾳ
2558 1570 2651 1623 καὶ
2671 1571 2874 1643 ἡμέρᾳ.
2891 1592 2908 1623 ι
2926 1573 3095 1627 Ὅταν
3110 1570 3200 1628 οὖν
3215 1592 3298 1639 τις
3315 1576 3463 1643 λέγοι
3485 1576 3580 1630 τὸν
3616 1580 3733 1631 εσυ

2132 1658 2164 1739 ᾗ
2175 1656 2291 1727 μῶν
2316 1657 2599 1728 ἄνθρωπον
2638 1662 2695 1713 ὲν
2728 1661 2804 1731 τῷ
2839 1662 2945 1726 ἔξω
2976 1664 3245 1736 ἀνθρώπῳ
3261 1671 3560 1731 κατοικεῖν,
3582 1668 3730 1740 άλη-

2135 1746 2283 1799 θεύει
2313 1747 2430 1818 μὲν,
2467 1749 2549 1811 εἰς
2569 1748 2662 1802 δύο
2677 1766 2741 1817 γε
2776 1750 2882 1821 μὴν
2911 1751 3004 1806 τὸν
3027 1753 3121 1806 ἕνα
3143 1753 3323 1823 τεμὼν
3354 1756 3454 1825 οὐχ
3480 1756 3685 1826 ὁρᾶται
3708 1771 3725 1786 ⁸

456 1846 579 1902 dem
612 1843 963 1909 memoravit,
1003 1842 1057 1897 in
1090 1842 1197 1896 duo
1233 1851 1410 1896 tamen
1451 1855 1615 1894 unum
1646 1838 1883 1893 (lividere
1931 1850 2034 1891 non

2140 1839 2275 1907 φησὶ
2304 1838 2362 1891 δέ
2402 1856 2505 1892 που
2546 1840 2642 1892 καὶ
2669 1842 2697 1894 ό
2718 1846 3005 1914 προφήτης
3043 1844 3268 1909 Ἡσαΐας
3288 1861 3303 1877 ·
3341 1864 3359 1896 ι
3384 1847 3478 1899 Ἐκ
3527 1846 3733 1909 νυκτὸς

456 1936 745 1992 videbitur.
794 1936 883 1988 Ait
917 1944 1095 1988 autem
1118 1932 1315 1987 alicubi
1336 1931 1499 1986 etiam
1537 1928 1795 2001 propheta
1827 1928 2032 1983 lsaias:

464 2048 484 2079 ι
515 2027 590 2082 De
613 2035 769 2082 nocte
797 2025 985 2095 vigilat
1008 2022 1227 2095 spiritus
1258 2037 1408 2077 meus
1434 2023 1501 2075 ad
1530 2030 1613 2087 te,
1648 2020 1872 2077 Domine
1900 2018 1969 2076 “.
2008 2038 2032 2073 ι

461 2118 729 2182 Utrumne
778 2128 1035 2187 tanquam
1077 2116 1214 2170 alius
1256 2122 1449 2183 praeter
1485 2113 1656 2181 ipsum
1702 2112 1922 2183 spiritus
1950 2108 2035 2182 ip-

462 2214 577 2267 sius
601 2211 667 2264 ad
711 2212 875 2265 Deum
904 2209 1104 2263 dicitur
1132 2207 1365 2275 vigilare
1394 2204 1418 2257 ?
1453 2204 1643 2258 Nonne
1675 2204 1726 2258 id
1756 2202 2033 2271 ineptissi-

460 2318 610 2358 nium
638 2299 927 2355 videatur?
976 2298 1117 2368 Ergo
1148 2298 1290 2351 scire
1315 2296 1531 2365 quidem
1555 2308 1777 2349 necesse
1801 2303 1885 2347 est
1909 2306 2037 2347 ora-

461 2396 626 2450 tionis
684 2394 915 2463 (iguras,
949 2406 1056 2447 non
1104 2401 1281 2444 tamen
1320 2389 1390 2443 ab
1448 2388 1720 2442 intellectu
1759 2386 2037 2441 discedere

459 2484 825 2555 competenti,
856 2482 950 2537 sed
977 2481 1183 2537 referre
1216 2480 1386 2550 magis
1413 2479 1805 2534 sententiarum
1831 2476 1939 2530 vim
1967 2476 2035 2530 ad

461 2590 682 2631 sensum
716 2574 810 2645 qui
844 2573 1133 2642 unicuique
1170 2572 1248 2627 rei
1274 2572 1582 2627 conveniat.

525 2665 690 2738 789
710 2665 774 2720 Et
796 2665 838 2720 si
869 2665 1077 2718 dicatur
1101 2681 1119 2715 ι
1150 2665 1413 2731 prolicere
1439 2659 1596 2715 Jesus
1619 2669 1799 2723 aetate,
1831 2656 2038 2728 sapien-

462 2758 540 2812 tia
580 2767 635 2812 et
662 2756 831 2826 gratia
864 2753 934 2819 “,
974 2771 994 2807 ι
1028 2751 1443 2821 dispensationis
1486 2750 1602 2804 bzec
1629 2764 1717 2803 res
1759 2757 1860 2801 est.
1896 2748 2037 2800 Deus

461 2847 660 2904 etenim
712 2846 943 2902 Verbum
1004 2844 1394 2899 humanitatem
1441 2856 1590 2895 more
1642 2854 1741 2894 suo
1773 2839 2035 2908 proﬁcere

460 2937 827 3012 permittebat,
866 2947 920 2992 et
942 2936 1093 3006 quasi
1134 2934 1391 3005 paulatim
1433 2932 1732 2988 divinitatis
1761 2944 1874 2984 suae
1921 2929 2035 2999 glo-

461 3032 598 3085 riam
658 3028 874 3083 volebat
936 3026 1250 3089 declarare,
1286 3034 1343 3079 et
1398 3038 1521 3079 cum
1576 3024 1817 3091 corporis
1876 3031 2035 3076 aetate

459 3122 624 3179 etiam
681 3135 776 3177 sua
818 3120 1144 3181 extendere,
1190 3130 1259 3171 ne
1316 3116 1443 3186 quid
1498 3130 1694 3171 novum
1740 3115 2030 3178 videretur,

462 3214 624 3284 idque
672 3211 958 3267 nonnullos
1004 3210 1169 3265 nimia
1228 3208 1463 3263 novitate
1517 3213 1863 3277 perterreret.
1898 3204 2032 3259 Cum

462 3300 763 3373 prasertim
819 3301 899 3357 sic
943 3314 1158 3371 quoque
1201 3300 1443 3354 dicerent
1484 3314 1499 3352 :
1542 3314 1561 3348 ι
1622 3295 1903 3363 Quomodo
1946 3294 2037 3347 hic

462 3392 671 3448 litteras
721 3390 847 3456 scit,
883 3406 1006 3446 cum
1041 3405 1147 3446 non
1187 3390 1440 3445 didicerit
1470 3388 1566 3442 “i
1598 3406 1619 3441 ι
1655 3387 1800 3457 Ergo
1850 3399 2037 3455 corpo-

465 3482 575 3537 rale
605 3492 979 3551 augmentum,
1000 3490 1055 3536 et
1106 3480 1377 3551 profectus
1408 3481 1594 3550 gratia}
1636 3494 1699 3534 ac
1736 3478 2031 3548 sapientiae,

464 3575 814 3629 humanitatis
846 3587 1113 3627 mensurae
1151 3574 1442 3636 convenit;
1471 3573 1647 3642 ipsum
1689 3585 1820 3625 vero
1865 3569 2034 3625 Deum

462 3664 699 3719 Verbum
732 3679 827 3734 per
856 3679 1008 3717 suam
1037 3674 1283 3718 naturam
1314 3663 1762 3732 perfectissimum
1808 3660 2035 3715 conﬁte-

464 3770 621 3820 mur,
672 3769 776 3810 non
820 3768 1045 3826 egenum
1098 3752 1398 3822 profectus,
1428 3767 1532 3808 non
1574 3752 1885 3823 sapientim,
1929 3765 2034 3805 non

464 3844 670 3913 gratiae.
699 3844 881 3913 Ipsum
919 3843 1063 3899 enim
1103 3854 1367 3900 creaturae
1401 3854 1457 3900 et
1493 3844 1809 3915 sapientiam
1838 3852 1891 3897 ct
1911 3859 2033 3913 gra-

467 3937 617 4003 tiam,
646 3946 701 3992 et
732 3936 869 3991 bona
898 3938 1079 3992 omnia
1110 3936 1367 4007 impertit.

536 4113 595 4169 Si
628 4128 756 4169 vero
784 4112 940 4168 Jesus
967 4127 1157 4183 passus
1181 4126 1301 4169 esse
1340 4113 1585 4177 dicatur,
1611 4111 1789 4182 passio
1816 4111 2032 4182 quidem

464 4208 569 4263 erit
606 4207 1061 4276 dispensationis;
1090 4207 1255 4276 ipsius
1302 4216 1482 4262 tamen
1532 4208 1751 4272 dicitur,
1797 4216 1853 4262 et
1892 4218 2039 4264 recte

466 4300 705 4368 quidem,
730 4299 858 4368 quia
909 4313 1104 4367 corpus
1144 4298 1312 4368 ipsius
1351 4299 1624 4369 proprium
1674 4314 1892 4369 passum
1932 4308 2034 4365 est,

466 4402 523 4446 et
548 4401 664 4445 erat
687 4390 740 4444 in
763 4403 987 4458 corpore
1021 4388 1254 4458 patiente
1275 4390 1409 4459 ipse,
1431 4390 1520 4459 qui
1543 4390 1653 4461 pati
1677 4406 1779 4445 non
1803 4400 2035 4459 poterat,

2135 1928 2379 1999 όρθρίζει
2404 1930 2465 1982 τὸ
2483 1931 2705 2001 πνεῦμά
2732 1950 2832 2003 μου
2856 1935 2990 2005 πρὸς
3018 1934 3306 2001 σὲ,όΘεός.
3330 1956 3349 1989 ι
3366 1934 3493 2008 *Δρ*
3528 1934 3626 1991 οὖν
3648 1937 3731 2002 ὡς

2136 2018 2322 2089 ἕτερον
2354 2022 2484 2091 παρ’
2511 2022 2675 2075 αὐτὸν
2694 2024 2756 2077 τὸ
2780 2024 2996 2095 πνεῦμια
3024 2027 3188 2081 αὑτοῦ
3217 2029 3352 2100 πρὸς
3386 2030 3519 2084 Θεὸν
3538 2030 3726 2103 ὀρθρίο

2137 2110 2250 2176 ζειν
2298 2111 2553 2180 λέγεται;
2609 2115 2799 2169 Καίτοι
2857 2117 2975 2180 πῶς
3025 2119 3126 2171 οὐκ
3169 2120 3365 2173 ἄτοπον
3425 2120 3487 2174 τὸ
3551 2122 3727 2189 φάναι

2134 2201 2378 2257 τοιοῦτόν
2410 2221 2496 2270 τι;
2546 2204 2756 2259 Οὐκοῦν
2794 2208 2992 2261 εἰδέναι
3030 2208 3131 2279 μὲν
3169 2210 3465 2278 ἀναγκαῖον
3497 2210 3569 2265 τὰ
3611 2212 3730 2265 τῶν

2134 2295 2309 2365 λόγων
2350 2297 2635 2367 σχήματα,
2682 2297 2743 2350 οὐ
2804 2299 2911 2369 μὴν
2945 2299 3041 2352 καὶ
3095 2300 3405 2367 ἐξίστασθαι
3445 2301 3543 2355 τοῦ
3580 2303 3732 2358 εικό-

2134 2404 2248 2451 τος,
2295 2388 2583 2460 περιάγειν
2621 2387 2677 2441 δὲ
2728 2388 2927 2457 μᾶλλον
2972 2389 3081 2443 τῶν
3131 2392 3547 2462 σημαινομένων
3621 2392 3730 2461 τὴν

2134 2476 2364 2548 δύναμιν
2394 2478 2487 2530 ἐπὶ
2514 2476 2605 2531 τὸν
2637 2477 2853 2547 ἑκάστῳ
2878 2478 3163 2549 πράγματι
3188 2480 3463 2552 πρέποντα
3490 2482 3725 2537 σκοπόν.

2205 2654 2270 2709 Εἰ
2290 2656 2345 2709 δὲ
2367 2656 2431 2726 δὴ
2451 2656 2548 2712 καὶ
2571 2656 2783 2727 λέγοιτο
2805 2676 2824 2709 ι
2850 2658 3177 2729 προκόπτειν
3205 2663 3234 2714 ό
3266 2662 3475 2734 Ἰησοῦς
3506 2663 3727 2737 ἡλικία,

2136 2745 2229 2799 καὶ
2284 2746 2445 2817 σοφίᾳ
2487 2746 2583 2800 καὶ
2632 2747 2879 2819 χάριτι,›
2955 2749 3056 2819 τῆς
3103 2752 3414 2823 οἰκονομίας
3464 2752 3622 2807 ἔσται
3664 2755 3732 2809 τὸ

2133 2836 2347 2908 χρῆμα.
2389 2837 2693 2910 Συνεχώρει
2725 2839 2833 2910 γάρ
2870 2840 2901 2894 ό
2942 2840 3080 2894 Θεοῦ
3122 2842 3295 2911 Λόγος
3344 2843 3432 2898 διὰ
3468 2846 3580 2901 τῶν
3620 2845 3728 2918 τῆς

2138 2926 2274 2989 ἰδίας
2333 2926 2552 2997 φύσεως
2592 2928 2730 2982 ἐθῶν
2775 2931 2913 2985 ἰέναι
2951 2931 3013 2983 τὸ
3056 2932 3429 3003 ἀνθρώπινον·
3473 2936 3570 2989 καὶ
3608 2932 3729 2992 οἷον

2136 3018 2276 3071 κατὰ
2316 3017 2491 3089 βραχὺ
2520 3018 2619 3088 τῆς
2648 3020 2844 3074 ἑαυτοῦ
2873 3021 3125 3093 θεότητος
3162 3024 3324 3094 ἦθελε
3362 3028 3729 3101 κατευρύνειν

2140 3106 2204 3159 τὸ
2255 3108 2591 3178 περιφανέςο
2649 3111 2745 3162 καὶ
2790 3106 2975 3182 τῇτοΰ
3039 3111 3291 3183 σώματος
3329 3116 3517 3189 ἡλικίᾳ
3581 3136 3729 3192 supt-

2144 3198 2520 3267 παρεκτείνειν
2544 3201 2613 3253 τά
2637 3200 2828 3254 ἑαυτοῦ
2853 3218 2866 3233 ·
2895 3203 2971 3267 ὡς
2996 3202 3063 3257 ἂν
3094 3205 3168 3277 μή
3194 3222 3247 3258 τι
3263 3206 3326 3260 τὸ
3345 3207 3498 3272 ξένον
3519 3211 3726 3283 ὁρῷτο,

2140 3289 2237 3343 καὶ
2288 3289 2367 3360 τῷ
2424 3290 2542 3343 λίαν
2596 3293 2857 3362 ἀσυνήθει
2906 3296 3161 3367 ταράττοι
3212 3299 3388 3364 τινάς.
3440 3303 3576 3356 Ὅτε
3626 3304 3733 3359 καὶ

2140 3378 2311 3445 οὕτως
2340 3380 2611 3451 ἔφασκον·
2649 3403 2667 3435 ι
2700 3385 2825 3448 Πῶς
2849 3380 3002 3451 οὗτος
3025 3384 3129 3441 οἶδε
3170 3390 3472 3462 γράμματα
3506 3394 3587 3467 μὴ
3622 3413 3730 3467 με·

2143 3472 2438 3543 μαθηκὼςς
2475 3494 2494 3527 ι
2538 3476 2749 3530 Οὐκοῦν
2776 3480 3061 3551 σωματικὴ
3094 3483 3191 3553 μὲν
3223 3484 3256 3554 ἠ
3296 3483 3458 3555 αὔξη,
3511 3489 3611 3541 καὶ
3665 3487 3731 3541 τὸ

2140 3566 2470 3635 προκόπτειν
2503 3568 2563 3621 ἐν
2587 3568 2771 3639 χάριτι
2810 3570 2903 3623 καὶ
2944 3574 3127 3643 σοφίᾳ,
3155 3578 3356 3645 πρέποι
3382 3578 3450 3632 ἄν
3480 3581 3594 3643 τοῖς
3618 3579 3729 3650 τῆς

2140 3655 2559 3728 ἁνθρωπότητος
2601 3659 2845 3730 μέτροις.
2904 3662 3077 3718 Αὐτόν
3120 3681 3186 3733 γε
3244 3667 3351 3738 μὴν
3403 3668 3526 3722 κατ’
3586 3668 3729 3722 ἰδίαν

2142 3747 2302 3816 φύσιν
2334 3750 2646 3804 παντέλειαν
2671 3748 2810 3805 εἷναί
2837 3768 3016 3822 φαμεν
3053 3755 3144 3808 τὸν
3173 3759 3237 3809 ὲκ
3266 3757 3401 3811 Θεοῦ
3428 3759 3625 3827 Λόγον,
3658 3760 3725 3812 οὐ

2142 3841 2426 3912 προκοπῆς
2444 3842 2720 3913 δεόμενον,
2738 3844 2799 3897 οὐ
2828 3846 3038 3915 σοφίας,
3066 3848 3125 3901 οὐ
3152 3851 3370 3920 χάριτος
3393 3867 3409 3882 ο
3442 3852 3726 3923 διανέμειν

2140 3929 2196 3984 δὲ
2226 3930 2427 4001 μᾶλλον
2452 3935 2518 4003 τῇ
2540 3934 2716 3987 κτίσει
2752 3935 2945 4004 σοφίαν
2976 3936 3073 3991 καὶ
3112 3939 3290 4011 χάριν,
3323 3942 3420 3994 καὶ
3448 3942 3517 3995 τά
3546 3942 3613 3996 δι’
3644 3934 3725 3997 ὧν

2141 4021 2255 4092 ἔχοι
2289 4022 2488 4087 καλῶς.

2212 4113 2275 4166 Εἰ
2301 4114 2357 4167 δὲ
2386 4114 2451 4184 δὴ
2495 4112 2706 4183 λέγοιτο
2740 4117 2932 4170 παθεῖν
2972 4119 3002 4171 ὁ
3044 4118 3268 4190 Ἰησοῦς,
3310 4122 3372 4175 τὸ
3407 4122 3510 4194 μὲν
3545 4122 3725 4187 πάθος

2142 4202 2293 4257 ἔσται
2319 4204 2419 4274 τῆς
2451 4206 2792 4275 οἰκονομίας·
2825 4208 2990 4261 αὐτοῦ
3035 4210 3091 4263 δὲ
3119 4210 3355 4279 λέγεται,
3385 4216 3484 4267 καὶ
3509 4216 3722 4286 σφόδρα

2142 4296 2366 4359 εἰκότως
2384 4314 2397 4327 ·
2430 4298 2511 4350 ὅτι
2545 4298 2638 4350 καὶ
2666 4299 2796 4352 rem
2819 4301 2984 4354 αὑτοῦ
3014 4302 3075 4354 τὸ
3104 4305 3390 4368 πεπονθός.
3425 4308 3536 4360 Καὶ
3561 4304 3629 4377 ἧν
3656 4310 3717 4361 ὲν

2142 4384 2220 4455 τῷ
2254 4386 2514 4455 πάσχοντι
2552 4385 2786 4457 σώματι,
2816 4388 3047 4458 πάσχειν
3079 4390 3178 4459 μὲν
3206 4391 3305 4444 οὐκ
3345 4392 3500 4456 εἰδώς
3522 4411 3535 4423 ·
3572 4397 3723 4447 άπα-

467 4483 816 4556 impassibilis
847 4492 931 4538 est
954 4484 1121 4549 enim,
1149 4491 1209 4537 ut
1240 4480 1385 4538 Deus
1415 4498 1431 4536 ι
1462 4494 1722 4553 quantum
1747 4492 1928 4539 tamen
1969 4486 2034 4537 ad

2145 4474 2244 4545 θὴς
2276 4475 2384 4544 γάρ
2431 4476 2580 4529 ἔστιν
2609 4476 2681 4540 ὡς
2711 4476 2840 4541 Θεός
2865 4493 2881 4509 ⁶
2920 4478 3042 4532 ὅσον
3073 4480 3130 4533 δὲ
3157 4474 3289 4552 ἦκεν
3330 4482 3411 4545 εἷς
3434 4498 3497 4551 γε
3523 4484 3586 4536 τὸ
3609 4485 3724 4537 τῶν

468 4579 891 4633 conviciatorum
917 4576 1263 4647 petulantiam
1288 4577 1566 4647 pertinuit,
1589 4590 1779 4645 passus
1799 4586 1964 4641 esset,
1988 4577 2033 4632 si

2142 4568 2667 4637 ὲμπαροινησάντων
2696 4567 2918 4640 θράσος,
2955 4570 3162 4638 παθὼν,
3201 4574 3304 4627 κᾶν
3333 4576 3380 4627 εἰ
3415 4574 3491 4645 μὴ
3526 4576 3725 4629 παθεῖν

463 4670 577 4740 pati
604 4678 805 4739 posset.
846 4668 988 4739 Ergo
1024 4669 1275 4737 quoniam
1312 4669 1482 4723 nostri
1512 4668 1704 4723 similis
1744 4666 1915 4723 factus
1952 4677 2036 4723 est

466 4760 807 4831 Unigenitus,
837 4761 1258 4830 quotiescunque
1289 4760 1449 4815 homo
1469 4760 1779 4815 nominatur
1800 4775 1830 4812 a
1854 4759 2034 4813 divina

464 4852 739 4921 Scriptura
763 4889 779 4915 ,
803 4851 1076 4906 intuentes
1134 4852 1609 4920 dispensationem,
1640 4850 1809 4907 Deum
1860 4852 2032 4922 ipsum

464 4954 657 5000 natura
685 4943 765 5000 sic
792 4957 1005 5015 quoque
1036 4947 1406 5000 conliteamur.

2142 4655 2381 4709 ἐδύνατο.
2433 4658 2640 4712 Οὐκοῦν
2693 4660 2993 4733 ἐπειδήπερ
3039 4663 3160 4717 καθ’
3219 4666 3365 4734 ἡμᾶς
3421 4667 3645 4733 γέγονεν
3696 4670 3729 4721 ὁ

2143 4748 2476 4817 Μονογενὴς,
2514 4751 2705 4814 ὁσάκις
2748 4751 2814 4806 ἂν
2856 4752 3139 4823 ἄνθρωπος
3192 4756 3525 4828 ὀνομάζηται
3566 4762 3725 4829 παρὰ

2144 4840 2242 4911 τῆς
2293 4840 2653 4897 θεοπνεύστου
2703 4844 2948 4915 Γραφῆς,
2998 4847 3305 4913 ἐννοοῦντες
3364 4850 3463 4919 τὴν
3508 4852 3727 4904 οἰκονοο

2148 4930 2300 5002 μίαν,
2331 4931 2461 4985 Θεὸν
2488 4933 2616 4989 ὄντα
2643 4935 2784 4990 κατὰ
2804 4936 2967 5005 φύσιν
3000 4938 3164 4993 αὑτὸν
3202 4941 3301 4995 καὶ
3326 4940 3499 5005 οὕτως
3523 4944 3728 5011 ὁμολο-

2143 5022 2421 5093 γὴσωμεν.

1945 5129 2099 5192 CAP.
2120 5133 2260 5192 XIV.

666 5243 920 5313 Exempla
948 5244 1137 5299 divine
1180 5244 1467 5315 Scriptum
1500 5248 1639 5317 quod
1676 5248 1767 5302 Dei
1821 5249 2044 5305 Verbum
2088 5253 2241 5309 homo
2279 5254 2479 5325 factum
2515 5261 2763 5314 manserit
2801 5259 2960 5315 Dens.
3010 5262 3087 5318 De
3114 5266 3502 5334 propitiatorio.

533 5354 625 5408 Ait
647 5353 842 5409 alicubi
869 5354 1009 5408 Deus
1032 5354 1097 5407 ad
1126 5357 1429 5422 pontificem
1454 5355 1669 5430 Moysen
1702 5376 1719 5415 :
1756 5360 1849 5416 «Et
1873 5361 2040 5417 Iacics

466 5445 899 5515 pr0pitiatorium
927 5446 1275 5516 impositione
1309 5448 1425 5502 auri
1458 5452 1575 5519 puri
1612 5451 1838 5507 duorum
1887 5453 2039 5508 cubi-

358 5537 362 5540 ’
469 5554 643 5597 torum
678 5551 732 5597 et
778 5542 984 5597 dimidii
1020 5542 1429 5613 longitudinem,
1466 5555 1519 5601 et
1562 5547 1729 5601 cubiti
1768 5548 1927 5603 unius
1980 5559 2036 5603 et

470 5633 679 5691 dimidii
711 5632 1046 5690 altitudinem
1084 5653 1098 5691 :
1132 5645 1186 5692 et
1232 5629 1398 5692 facies
1455 5638 1587 5694 duos
1616 5636 1905 5697 Cherubim
1935 5655 2035 5695 au-

2149 5383 2272 5423 reos
2326 5381 2588 5438 ornatos,
2649 5382 2703 5428 et
2754 5375 3034 5445 imponens
3073 5378 3191 5434 illos
3234 5396 3302 5435 ex
3355 5392 3585 5451 utroque
3637 5381 3725 5437 la-

2148 5469 2279 5515 tere.
2328 5460 2547 5518 Cbernb
2583 5481 2721 5521 unus
2751 5469 2815 5523 de
2851 5470 3017 5525 latere
3074 5473 3195 5539 hoc,
3231 5483 3286 5529 ct
3315 5473 3529 5530 Cherub
3583 5490 3729 5530 unus

2145 5552 2210 5608 de
2236 5552 2404 5609 latere
2432 5555 2535 5610 isto
2565 5560 2942 5627 prapitiatorii.
2978 5560 3045 5615 Et
3072 5562 3237 5619 facies
3270 5565 3401 5620 duos
3428 5564 3726 5622 Cherubim

2145 5659 2311 5717 super
2330 5644 2435 5701 duo
2468 5648 2661 5705 latera.
2688 5650 2861 5708 Erunt
2882 5652 3183 5712 Cherubim
3210 5657 3563 5724 extendentes
3586 5669 3730 5726 pen-

544 5812 591 5847 “
611 5812 653 5871 ll
676 5812 799 5871 Cor.
826 5829 901 5883 tv,
926 5813 1011 5869 16.
1088 5814 1133 5848 “
1159 5814 1262 5873 lsa.
1290 5829 1436 5882 nvi,
1463 5812 1515 5867 9.
1593 5814 1634 5847 “
1666 5813 1796 5870 Luc.
1825 5830 1883 5885 ιι,
1911 5816 1999 5873 52.
2078 5816 2122 5850 “
2157 5815 2311 5877 Joan.
2334 5835 2436 5890 vn,
2471 5821 2557 5876 15.

2984 5914 3039 5937 ⁸,,
