4038 6566
617 441 682 451 Α-.
705 440 730 449 -.

193 499 323 557 £389

1099 491 1388 551 SCHOLIA
1431 495 1518 552 DE
1556 490 2070 552 lNCARNATlONE
2113 485 2487 547 UNIGENITI.

3306 485 3443 547 1390

192 628 284 667 nas
332 621 547 664 sursum
600 605 1148 676 superobumbrantes
1198 611 1393 678 pennis
1431 613 1545 667 suis
1596 607 2043 682 superAminus
2109 615 2295 662 noster
2350 605 2506 661 .lesus
2542 603 2810 670 Christus,
2865 604 3096 674 imagine
3135 614 3191 661 et
3250 606 3440 677 ﬁgura.

189 701 613 776 propitiatorium
634 717 648 766 ;
668 709 721 754 et
736 698 911 753 vultus
929 714 1116 756 eorum
1142 690 1458 758 adinvicem'
1472 703 1760 773 respicien-

191 809 264 852 tes
289 792 719 865 propitiatorium
745 792 985 845 erunt".
1008 809 1027 842 ι
1058 790 1310 863 Enigma
1328 795 1688 850 certissimum
1709 794 1761 849 id

189 887 278 949 sit,
313 884 479 938 Deum
511 881 742 936 Verbum
771 881 932 934 etiam
962 880 1014 936 in
1049 883 1384 939 humanitate
1415 885 1578 939 Deum
1609 899 1762 938 man-

188 979 429 1041 sisse,et
457 973 511 1027 in
561 987 654 1026 sua
700 971 869 1040 gloria
916 986 979 1026 ac
1031 972 1343 1041 majestate,
1385 976 1487 1030 etsi
1539 985 1763 1045 propter

192 1064 647 1134 dispensationem
701 1061 878 1118 factus
941 1064 1010 1118 sit
1060 1065 1254 1120 similis
1312 1067 1530 1121 nostri:
1576 1066 1764 1136 PrOpi-

190 1156 458 1212 tiatorium
491 1167 722 1222 namque
745 1167 840 1221 per
871 1154 1026 1207 (idem
1061 1154 1235 1209 factus
1259 1163 1342 1210 est
1365 1156 1520 1211 nobis
1547 1155 1762 1210 Emma-

191 1245 329 1300 nuel.
368 1243 426 1298 Id
473 1251 650 1297 autem
705 1243 858 1296 nobis
904 1243 1273 1312 comprobavit
1329 1244 1762 1314 sapientissimus

190 1333 420 1391 Joannes
478 1335 662 1388 dicens
712 1349 724 1385 :
770 1350 789 1383 ι
828 1333 1033 1398 Filioli,
1069 1334 1249 1388 scribo
1307 1334 1490 1397 vobis,
1538 1343 1598 1389 ut
1656 1350 1760 1390 non

193 1427 420 1497 peccetis
446 1443 462 1492 ;
492 1427 586 1481 sed
617 1425 665 1478 si
705 1424 827 1493 quis
870 1427 1206 1493 peccaverit,
1238 1427 1637 1480 consolatorem
1670 1426 1763 1480 ha-

202 1516 385 1571 bemus
435 1518 577 1585 apud
641 1514 894 1578 Patrem,
953 1512 1136 1568 Jesum
1186 1514 1458 1569 Christum
1503 1516 1703 1582 justum
1745 1530 1760 1581 ;

196 1616 252 1662 et
281 1607 393 1676 ipse
420 1615 506 1660 est
565 1604 872 1675 pmpitiatio
931 1619 1027 1674 pro
1073 1606 1305 1673 peccatis
1344 1608 1542 1663 nostris
1568 1607 1708 1660 ⁸⁸·“.
1738 1626 1757 1655 ι

194 1696 301 1753 Nec
329 1713 435 1752 non
483 1698 642 1752 etiam
677 1696 874 1750 Paulus
896 1737 911 1761 ,
967 1715 984 1747 ι
1013 1695 1183 1762 Quem
1239 1699 1533 1766 praposuit,
1568 1697 1760 1764 inquit,

197 1787 335 1844 Deus
371 1789 773 1858 propitiatorem
805 1801 902 1856 per
946 1787 1099 1841 [idem
1134 1787 1187 1840 in
1216 1802 1314 1842 suo
1347 1789 1610 1858 sanguine
1649 1787 1757 1840 ⁸ο.»

263 1879 527 1936 Caeterum
565 1894 725 1934 cerne
747 1878 1040 1934 Cherubim
1068 1879 1480 1934 circumstantes
1505 1878 1763 1948 pr0pitia-

194 1972 418 2037 torium,
447 1981 502 2027 et
530 1971 1084 2040 superobumbrantes
1115 1971 1332 2040 quidem
1358 1972 1549 2040 pennis
1579 1988 1593 2037 ;
1621 1985 1755 2025 eun-
1791 1953 1834 2008 Β

191 2077 374 2118 versos
439 2071 618 2117 autem
671 2064 736 2117 ad
789 2062 1254 2132 propitiatorium,
1301 2071 1356 2116 et
1417 2076 1554 2130 pene
1609 2061 1759 2116 nutui

192 2150 470 2206 Dominico
493 2152 705 2208 oculum
753 2153 1110 2208 intendentes.
1147 2150 1226 2206 Ad
1263 2151 1357 2206 Dei
1383 2152 1528 2206 enim
1567 2151 1762 2206 volun-

191 2249 352 2296 tatem
384 2249 588 2297 tantum
633 2241 851 2309 respicit
884 2249 1070 2297 sancta
1120 2240 1424 2296 emlestium
1475 2239 1760 2309 spirituum

191 2331 510 2396 multitudo,
539 2341 594 2386 et
639 2347 912 2401 nunquam
958 2333 1051 2387 Dei
1103 2332 1336 2386 satiatur
1389 2338 1631 2400 aspectu.
1684 2331 1761 2382 ita

188 2421 382 2476 Filium
436 2425 695 2494 propheta
755 2425 922 2479 lsaias
975 2425 1175 2479 vidisse
1218 2438 1277 2478 se
1326 2422 1454 2476 dicit
1521 2423 1574 2475 in
1635 2421 1761 2476 sede

190 2512 448 2568 altissima
494 2523 548 2569 et
589 2516 1041 2578 eminentissima,
1089 2512 1568 2570 circumstantibus
1593 2510 1760 2567 Sera-

187 2603 332 2674 phim
358 2613 413 2661 et
435 2603 850 2676 obsequentibus
875 2607 923 2661 ei
955 2613 1012 2660 ut
1032 2604 1144 2660 Deo
1167 2605 1212 2636 ⁵⁸

737 2733 900 2810 79o
929 2738 1080 2794 CAP.
1112 2729 1231 2793 xv.

643 2856 800 2910 Aliud
838 2855 901 2908 de
932 2856 1078 2924 virga
1108 2852 1297 2907 Mosis.

259 2970 635 3029 Destinabatur
683 2969 968 3038 aliquando
1002 2968 1215 3022 divinus
1260 2965 1471 3038 Moyses
1509 2973 1569 3020 ut
1597 2963 1763 3019 lsrael

186 3063 256 3119 ab
277 3063 655 3134 Egyptiorum
675 3061 926 3115 violentia
963 3059 1239 3113 liberaret.
1268 3056 1466 3113 Verum
1505 3057 1762 3126 quoniam

185 3169 410 3210 necesse
462 3162 580 3208 erat
632 3168 755 3217 eos,
797 3151 887 3221 qui
940 3151 1038 3204 sub
1069 3151 1194 3219 jugo
1246 3158 1428 3205 essent
1490 3148 1764 3202 servitutis

186 3247 440 3313 insolitm,
483 3247 632 3314 prius
675 3245 868 3299 docere
937 3244 1079 3312 quod
1133 3242 1212 3296 eis
1263 3241 1405 3296 Deus
1447 3241 1558 3310 jam
1615 3245 1761 3293 esset

187 3338 592 3401 reconciliatus,
626 3336 864 3404 prodigia
893 3347 1016 3387 eum
1051 3332 1229 3386 facere
1275 3331 1572 3400 imperabat
1601 3348 1614 3384 :
1652 3328 1759 3397 ple-

188 3443 414 3498 rumque
436 3429 580 3481 enim
621 3424 941 3481 miraculum
983 3438 1080 3477 nos
1117 3422 1333 3476 adducit
1372 3423 1423 3474 in
1450 3421 1628 3476 iidem.
1668 3422 1759 3476 Ait

188 3521 351 3591 igitur
378 3518 589 3589 Moyses
619 3517 686 3574 ad
715 3517 883 3570 Deum
915 3513 1340 3582 omnipotentem
1371 3528 1386 3564 :
1425 3528 1443 3562 ι
1482 3510 1537 3564 Si
1574 3519 1753 3565 autem

187 3624 292 3664 non
320 3608 645 3664 crediderint
674 3606 825 3667 mihi,
862 3617 1034 3673 neque
1059 3602 1325 3656 audierint
1354 3614 1534 3654 vocem
1558 3614 1753 3664 meam,

185 3700 425 3755 dicentes
457 3716 472 3753 :
507 3698 623 3753 Non
653 3697 900 3768 apparuit
929 3695 1019 3749 tibi
1052 3693 1193 3748 Deus
1221 3709 1236 3759 ;
1263 3692 1390 3762 quid
1414 3692 1588 3746 dicam
1619 3692 1759 3747 illis?

189 3788 333 3843 Dixit
365 3788 558 3842 deinde
599 3787 852 3840 Dominus
892 3802 904 3838 :
946 3782 1082 3850 Quid
1118 3784 1222 3838 hoc
1274 3792 1359 3836 est
1397 3783 1536 3851 quod
1574 3791 1659 3836 est
1703 3784 1755 3836 in

183 3893 350 3933 manu
391 3888 479 3934 tua
509 3878 531 3933 τ
562 3877 860 3948 Respondit
893 3894 906 3930 :
939 3875 1119 3946 Virga.
1174 3874 1238 3930 Et
1275 3875 1352 3930 ait
1392 3875 1464 3929 illi
1501 3893 1513 3928 :
1551 3873 1759 3943 Projice

186 3969 334 4024 illam
356 3968 407 4023 in
439 3978 635 4024 terram
663 3987 676 4034 ;
706 3978 761 4022 et
782 3967 921 4022 facta
944 3975 1024 4021 est
1051 3980 1296 4035 serpens,
1321 3974 1376 4020 et
1400 3966 1531 4036 fugit
1549 3963 1760 4035 Moyses

184 4060 257 4114 ab
284 4073 369 4113 ea.
406 4059 473 4113 Et
505 4058 640 4114 dixit
665 4057 922 4113 Dominus
952 4056 1017 4111 ad
1053 4054 1269 4128 Moysen
1306 4069 1322 4108 :
1354 4054 1597 4109 Extende
1641 4067 1758 4106 ma-

185 4166 316 4204 num
349 4159 491 4204 tuam
512 4190 528 4216 ,
564 4158 618 4206 et
650 4150 989 4220 apprehende
1032 4149 1257 4202 caudam
1291 4146 1406 4214 ejus
1437 4163 1451 4212 ;
1484 4155 1539 4199 et
1570 4153 1758 4199 exten—

185 4242 324 4297 dens
351 4256 568 4296 manum
610 4242 960 4310 apprehendit
985 4243 1232 4306 caudam,
1263 4249 1317 4292 et
1347 4238 1483 4292 facta
1511 4249 1592 4292 est
1613 4240 1758 4307 virga

183 4332 243 4388 in
288 4347 450 4387 manu
487 4333 621 4400 ejus.
651 4331 716 4385 Et
763 4331 898 4385 dixit
936 4330 1009 4384 illi
1050 4329 1164 4385 :Ut
1201 4331 1420 4384 credant
1469 4329 1598 4398 tibi,
1635 4329 1759 4397 quia

183 4423 435 4493 apparuit
466 4422 558 4476 tibi
598 4420 856 4476 Dominus
900 4423 1041 4476 Deus
1078 4429 1290 4490 patrum
1333 4434 1587 4485 suorum,
1623 4421 1760 4474 Deus

182 4516 486 4578 Abraham,
520 4522 575 4568 et
616 4513 754 4568 Deus
777 4513 946 4578 Isaac,
976 4521 1031 4567 et
1065 4512 1204 4568 Deus
1235 4511 1483 4568 Iacob”.
1522 4530 1540 4564 ι
1575 4512 1763 4566 Anim-

1862 707 2082 768 propter
2103 697 2561 764 dispensationem
2605 695 2800 750 factam
2826 711 2946 750 cum
2972 711 3134 752 carne
3163 735 3179 762 ,
3213 709 3309 767 pro
3332 713 3448 753 ser-

1863 796 2026 859 pente
2051 787 2314 856 accipitur
2346 801 2508 851 aereo,
2543 801 2702 855 quem
2747 788 2920 840 erexit
2954 786 3194 857 Moyses,
3221 796 3280 844 ut
3327 802 3449 843 ser-

1865 888 2088 948 pentum
2147 891 2361 932 morsus
2402 885 2612 932 arceret
2647 877 2716 930 ".
2777 876 3029 932 Aitenim
3068 895 3083 933 :
3117 896 3136 930 ι
3197 877 3263 933 Ει
3308 879 3450 934 sic’ut

1864 970 2074 1040 Moyses
2120 970 2377 1025 exaltavit
2413 979 2718 1039 serpentem
2748 967 2800 1022 in
2825 969 3035 1022 deserto
3058 1009 3072 1030 ,
3107 969 3180 1022 ita
3225 979 3444 1038 oportet

1864 1061 2093 1117 exaltari
2135 1059 2327 1114 Filium
2364 1058 2623 1123 hominis,
2667 1067 2726 1113 ut
2761 1073 2950 1114 omnes
2993 1060 3083 1127 qui
3127 1061 3353 1114 credunt
3391 1064 3443 1114 in

1865 1153 2062 1222 ipsum,
2097 1168 2201 1206 non
2227 1162 2471 1222 pereant,
2495 1152 2586 1205 sed
2608 1151 2839 1205 habeant
2861 1151 3023 1204 vitam
3048 1160 3304 1205 aeternam
3326 1150 3393 1205 ⁸⁸.
3420 1169 3441 1202 ο

1865 1243 2330 1310 Quemadmodum
2359 1243 2502 1296 enim
2537 1256 2761 1309 serpens
2807 1242 2979 1296 factus
3009 1256 3074 1295 ex
3100 1251 3209 1296 tere
3259 1224 3447 1294 salutis

1864 1344 1985 1391 erat
2013 1335 2446 1404 periclitantibus
2468 1349 2629 1389 causa
2665 1334 3037 1406 (sanabuntur
3065 1336 3209 1388 enim
3240 1333 3293 1388 in
3321 1349 3444 1388 eum

1864 1430 2221 1497 reSpicientes
2248 1428 2266 1497 )
2298 1447 2315 1484 :
2349 1441 2413 1482 eo
2439 1426 2598 1482 modo
2621 1427 2781 1482 etiam
2814 1427 3069 1481 Dominus
3093 1424 3250 1481 Jesus
3290 1425 3448 1481 Chri-

1866 1528 1986 1574 stus
2034 1521 2115 1573 eis
2164 1520 2255 1588 qui
2311 1532 2433 1571 cum
2488 1518 2672 1572 vident
2720 1516 2933 1586 quidem
2975 1517 3028 1570 iu
3093 1516 3446 1572 similitudine

1866 1609 2244 1679 malignorum,
2269 1624 2334 1664 eo
2362 1610 2503 1678 quod
2540 1608 2712 1663 lactus
2735 1608 2804 1661 sit
2835 1609 3015 1672 horno,
3057 1622 3160 1660 non
3194 1608 3446 1675 ignorant

1868 1709 2048 1754 tamen
2103 1699 2246 1768 quod
2305 1698 2445 1753 Deus
2477 1700 2550 1754 sit
2589 1699 2834 1753 viviﬁcus
2883 1713 3042 1752 causa
3077 1697 3181 1751 erit
3212 1699 3363 1762 vitae,
3391 1707 3446 1752 et

1867 1791 1958 1844 dat
1984 1805 2140 1860 posse
2163 1790 2416 1845 animalia
2444 1802 2708 1845 venenosa
2737 1791 2928 1855 vitare,
2955 1790 3006 1844 id
3022 1799 3125 1856 est,
3147 1789 3445 1845 contrarias

1867 1887 2179 1948 potestates.

1934 1967 1990 2019 ld
2015 1982 2227 2036 quoque
2250 1966 2407 2035 hujus
2436 1969 2510 2022 rei
2545 1964 2713 2037 figura
2739 1970 2829 2036 sit,
2855 1969 2996 2038 quod
3033 1968 3274 2036 Moyseos
3293 1968 3442 2040 virga

1861 2057 2042 2126 virgas
2087 2058 2222 2111 alias
2251 2058 2611 2123 devoraverit,
2648 2071 2784 2128 quas
2812 2058 2865 2112 in
2906 2067 3105 2113 terram
3137 2061 3276 2130 magi
3317 2074 3445 2127 pro-

1857 2146 2103 2216 jecerant
2140 2143 2208 2202 ⁵⁷.
2250 2146 2424 2218 Igitur
2451 2148 2602 2216 virga
2628 2149 2845 2216 quidem
2886 2148 2940 2202 in
2975 2157 3175 2203 terram
3211 2147 3444 2218 projecta

1861 2247 1945 2292 est
1980 2255 1994 2304 ;
2034 2253 2138 2294 non
2172 2246 2353 2294 tamen
2386 2253 2600 2309 semper
2623 2240 2905 2294 remansit.
2950 2241 3240 2308 Resumpta
3267 2250 3444 2296 autem

1864 2328 2060 2383 iterum
2128 2329 2230 2384 fuit
2258 2330 2399 2399 quod
2429 2338 2546 2383 erat
2573 2346 2590 2384 :
2623 2345 2745 2384 nam
2779 2331 2899 2386 licet
2936 2331 3076 2386 facta
3105 2333 3196 2398 sit,
3233 2342 3291 2386 ut
3321 2343 3448 2387 ante

1863 2417 1995 2479 dixi,
2016 2418 2066 2471 in
2087 2417 2436 2473 similitudine
2459 2427 2642 2472 nostra
2670 2417 2846 2474 Patris
2868 2420 3039 2490 virga,
3067 2420 3118 2474 id
3136 2431 3238 2484 est,
3256 2419 3442 2482 Filius,

1863 2524 1960 2580 per
1983 2526 2141 2581 quem
2175 2511 2338 2566 habet
2358 2511 2599 2565 omnium
2639 2518 2958 2579 potestatem
2992 2527 3008 2575 ;
3047 2520 3312 2576 attamen,
3342 2513 3444 2568 im-

1863 2601 2007 2668 pleta
2065 2602 2498 2672 dispensatione,
2549 2602 2808 2658 revolavit
2866 2603 2918 2656 in
2955 2602 3185 2667 caelum,
3239 2612 3294 2656 et
3342 2602 3444 2658 l'uit

1867 2691 2061 2747 iterum
2115 2704 2369 2764 tanquam
2414 2696 2467 2750 in
2522 2712 2680 2750 manu
2724 2695 2900 2750 Patris
2959 2695 3109 2766 virga
3171 2695 3444 2766 mquitatis

1864 2798 1927 2838 ac
1958 2785 2105 2854 regni
2133 2801 2146 2836 :
2173 2786 2324 2840 sedet
2376 2787 2517 2840 enim
2562 2787 2628 2841 ad
2659 2788 2935 2842 dexteram
2979 2787 3249 2842 Genitoris
3274 2789 3352 2842 sui
3383 2788 3436 2843 in

1862 2876 2077 2942 propria
2116 2877 2414 2943 majestate,
2449 2878 2606 2932 sedes
2645 2877 2938 2932 altissimas
2959 2878 3208 2932 obtinens
3234 2914 3249 2942 ,
3280 2877 3443 2934 etiam

1865 2978 1986 3019 cum
2021 2978 2184 3020 carne
2211 2966 2279 3020 ⁸⁸.

2488 3097 2638 3154 CAP.
2681 3098 2821 3154 XVI.

1936 3210 2095 3264 Aliud
2119 3211 2182 3265 de
2210 3227 2368 3266 manu
2397 3211 2817 3282 Moysisleprosa
2848 3223 2895 3267 et
2933 3207 3132 3286 integre
3162 3227 3369 3270 sanata.

1939 3343 1955 3377 ι
1988 3325 2130 3381 Dixit
2150 3326 2410 3380 autemad
2433 3341 2554 3381 eum
2594 3328 2735 3381 Deus
2760 3327 3016 3384 Dominus
3039 3328 3232 3385 iterum
3258 3347 3271 3382 ι
3301 3330 3443 3385 Infer

1863 3434 2077 3472 manum
2105 3427 2249 3473 tuam
2285 3419 2335 3472 in
2370 3419 2545 3472 sinum
2571 3427 2718 3473 tuum
2747 3436 2762 3484 ;
2792 3429 2846 3475 et
2871 3421 3092 3490 protulit
3120 3437 3336 3478 manum
3374 3424 3442 3477 de

1864 3511 1982 3564 sinu
2018 3524 2135 3574 suo,
2168 3520 2222 3564 et
2248 3510 2388 3564 facta
2420 3517 2503 3564 est
2530 3524 2720 3564 manus
2753 3510 2872 3580 ejus
2910 3511 3048 3566 sicut
3077 3513 3188 3568 nix.
3226 3513 3286 3567 Et
3307 3514 3441 3569 dixit

1865 3600 2054 3653 iterum
2085 3617 2099 3654 :
2128 3596 2271 3654 infer
2306 3613 2520 3653 manum
2557 3607 2700 3652 tuam
2735 3601 2786 3654 in
2835 3601 3010 3657 sinum
3049 3610 3198 3657 tuum
3228 3621 3243 3659 :
3269 3615 3324 3659 et
3358 3605 3438 3658 iu-

1864 3691 1983 3744 tulit
2008 3707 2222 3746 manum
2262 3707 2415 3746 suam
2456 3691 2507 3745 in
2529 3692 2707 3747 sinu‘m
2750 3708 2903 3748 suum
2927 3731 2941 3759 ,
2981 3697 3035 3748 et
3070 3695 3291 3764 protulit
3320 3710 3438 3751 eam

1862 3782 1930 3837 de
1951 3783 2072 3836 sinu
2100 3793 2291 3847 suo,et
2325 3784 2517 3837 iterum
2547 3785 2792 3838 restituta
2820 3793 2904 3838 est
2935 3785 2988 3838 in
3009 3785 3242 3840 colorem
3260 3787 3441 3841 carnis

1862 3875 1980 3940 ejus
2001 3874 2066 3928 η.
2103 3893 2122 3926 ο
2165 3873 2375 3928 Manum
2402 3876 2466 3928 ad
2497 3874 2771 3928 dexteram
2813 3866 2904 3930 Dei
2939 3883 2994 3929 et
3029 3875 3206 3931 Patris
3246 3891 3434 3931 verum

1863 3963 2055 4018 Filium
2080 3963 2192 4032 ejus
2228 3965 2406 4018 divina
2435 3960 2713 4034 Scriptura
2747 3966 3009 4020 nominat.
3037 3967 3254 4022 lnduxit
3287 3968 3436 4025 enim

1863 4055 2037 4126 ipsum
2089 4056 2354 4111 dicentem
2393 4073 2406 4108 :
2443 4073 2461 4108 ι
2509 4051 2620 4125 Ego
2676 4071 2836 4111 manu
2890 4073 3006 4113 mea
3054 4061 3264 4118 ﬁrmavi
3322 4077 3436 4120 cm-

1863 4145 1971 4200 lum
2003 4145 2050 4177 “
2091 4163 2106 4210 ;
2146 4163 2166 4198 ι
2221 4160 2319 4200 nec
2370 4159 2475 4199 non
2535 4147 2701 4200 etiam
2741 4145 2906 4202 David
2943 4148 3154 4205 divinus
3200 4163 3382 4208 cantat
3418 4173 3434 4209 :

1869 4255 1888 4290 ι
1916 4236 2088 4292 Verbo
2121 4236 2330 4292 Domini
2363 4237 2484 4294 coeli
2514 4237 2705 4292 lirmati
2739 4248 2863 4294 sunt
2888 4240 2932 4272 “
2989 4259 3010 4294 ι
3054 4241 3225 4299 Cerne
3253 4244 3437 4316 igitur.

1865 4330 1917 4384 in
1951 4331 2128 4384 sinum
2156 4331 2370 4399 Qttidem
2404 4329 2601 4406 Moysis
2643 4331 2819 4386 adhuc
2853 4347 3073 4389 manum
3108 4334 3226 4406 ejus
3251 4339 3437 4393 occul-

1866 4422 1998 4486 tari,
2034 4431 2090 4477 ct
2121 4423 2354 4476 nondum
2410 4401 2606 4477 l’aetam
2659 4416 2923 4494 leprosam
2948 4465 2963 4490 ,
2997 4401 3268 4498 prolatam
3306 4446 3437 4485 vero

1864 4515 2046 4571 statim
2101 4515 2366 4584 leprosam
2421 4512 2619 4571 factam
2650 4535 2662 4569 :
2695 4517 2889 4573 deinde
2933 4533 3058 4574 mox
3116 4519 3356 4587 illatam,
3385 4531 3441 4576 et

184 4605 414 4659 adverte
474 4604 529 4658 in
575 4602 662 4657 his
710 4609 904 4656 natura
963 4611 1018 4654 et
1091 4602 1320 4655 veritate
1388 4599 1584 4654 Filium
1638 4599 1755 4662 Dei,
1795 4621 2054 4680 Drursus
2112 4606 2403 4676 prolatam,
2459 4615 2513 4661 et
2569 4607 2635 4661 de
2686 4617 2880 4662 cartero
2940 4623 3042 4664 non
3117 4610 3435 4680 leprosam:

187 4707 448 4764 tanquam
509 4694 750 4763 quaedam
802 4694 951 4762 virga
1005 4693 1074 4747 sit
1122 4691 1338 4757 Patris;
1377 4692 1523 4758 virga
1583 4701 1760 4745 autem

184 4789 406 4857 insigne
433 4795 516 4841 est
561 4785 712 4854 regni
744 4803 757 4839 :
799 4802 819 4837 ι
860 4783 998 4838 Filio
1030 4783 1172 4838 enim
1229 4783 1374 4837 dedit
1412 4784 1610 4837 habere
1641 4797 1760 4837 om-

185 4880 342 4932 nium
388 4885 703 4946 potestatem
746 4875 809 4928 ⁸³.
862 4894 879 4927 ι
913 4875 1062 4929 Unde
1096 4875 1259 4928 etiam
1299 4873 1512 4928 divinus
1540 4873 1706 4928 David
1746 4892 1763 4928 :

189 4990 209 5022 ι
259 4969 507 5024 Thronus
537 4978 677 5032 tuus,
709 4969 900 5039 inquit,
934 4969 1094 5032 Deus,
1124 4967 1176 5019 in
1197 4967 1450 5020 steculum
1473 4967 1673 5030 saeculi,
1713 4975 1767 5020 et

182 5063 335 5131 virga
358 5061 646 5129 aequitatis,
669 5062 817 5129 virga
843 5057 991 5128 regni
1013 5059 1203 5112 tui“.r
1241 5057 1343 5111 Sed
1380 5073 1498 5112 eam
1533 5057 1761 5127 projecit

177 5154 238 5209 in
272 5163 494 5216 terram,
525 5154 576 5205 id
598 5160 713 5217 est,
748 5165 973 5219 corpore
997 5159 1210 5204 terreno
1239 5149 1611 5212 circumdedit,
1645 5149 1758 5206 sive

176 5260 286 5316 per
332 5243 720 5300 humanitatem
777 5242 922 5296 misit
958 5241 1010 5293 in
1065 5251 1262 5294 terram
1301 5259 1313 5295 :
1350 5251 1475 5295 tunc
1510 5240 1650 5294 enim
1703 5241 1754 5293 in

174 5336 535 5391 similitudine
563 5334 736 5388 factus
767 5342 848 5387 cst
882 5333 1238 5402 malignorum
1280 5331 1580 5393 hominum,
1605 5330 1755 5386 scili-

173 5426 649 5495 cet-malignitatis
689 5426 896 5493 signum
929 5435 1010 5480 est
1040 5439 1280 5494 serpens.

210 5517 374 5587 Quod
396 5527 572 5571 autem
597 5531 781 5572 verum
805 5518 893 5581 sit,
922 5517 1043 5572 hinc
1070 5519 1290 5571 scimus.
1331 5513 1446 5585 Ipse
1474 5515 1617 5569 enim
1645 5513 1754 5569 Do-

383 5631 428 5642 ση-

170 5685 220 5716 ⁸⁷
333 5683 504 5738 Exod.
527 5701 657 5748 xxv,
686 5684 773 5738 l7.

167 5759 312 5817 'xvtt,
340 5753 395 5808 2.
472 5753 517 5785 ⁵⁸
553 5754 692 5808 Psal.
734 5770 879 5817 κων,
940 5755 988 5807 7.

166 5825 221 5858 ⁸⁹
256 5819 429 5876 Exod.
457 5837 533 5886 tv,
557 5826 608 5877 6.

169 5896 222 5924 ⁸³
259 5893 435 5952 Le'vit.
465 5895 583 5958 xm,
609 5894 663 5948 2.

1068 5756 1112 5785 ⁸⁸
1146 5753 1304 5810 Num.
1359 5770 1472 5817 χχι,
1529 5752 1584 5807 8.

724 5825 766 5854 ⁶⁰
797 5825 897 5883 lsa.
929 5824 1224 5890 “1111,15.

851 5683 963 5714 δ’δ’
998 5682 1193 5738 ann.
1223 5699 1284 5749 tt,
1331 5686 1381 5748 1,
1417 5686 1473 5738 2.
1552 5685 1596 5713 ⁵ο
1629 5680 1788 5735 Rom.
1814 5696 1899 5749 tu,
1956 5680 2050 5740 25.
2126 5682 2169 5714 ⁸¹
2205 5681 2308 5738 158.
2334 5697 2408 5745 νιν
2437 5682 2488 5735 l-

1662 5751 1708 5784 "°
1771 5750 1927 5807 Joan.
1996 5767 2078 5814 ιιι.
2136 5752 2221 5807 14.

1339 5826 1379 5856 ⁸⁸
1415 5824 1554 5879 l‘sal.
1586 5838 1755 5891 χχχιι,
1778 5823 1832 5878 6.

1866 4697 2170 4753 «Restituta
2184 4704 2269 4749 est
2289 4695 2454 4762 enim,
2485 4694 2678 4764 inquit,
2709 4695 2760 4749 in
2791 4696 3025 4751 colorem
3047 4698 3225 4752 carnis
3247 4699 3382 4769 ejus.
3413 4717 3433 4752 ι

1863 4788 2003 4858 Ergo
2052 4784 2286 4856 quandiu
2361 4786 2575 4855 quidem
2636 4797 2756 4841 erat
2808 4787 2859 4842 in
2914 4789 3037 4844 sinu
3090 4788 3266 4846 Patris
3296 4793 3438 4847 Deus

1864 4875 2120 4940 Verbum,
2158 4874 2456 4929 divinitatis
2489 4875 2665 4928 nitore
2699 4874 2972 4945 fulgebat;
3009 4892 3194 4934 verum
3219 4881 3438 4949 quando

1864 4965 2043 5035 aliquo
2104 4967 2261 5021 modo
2323 4976 2473 5021 extra
2523 4964 2624 5021 fuit
2679 4981 2777 5038 per
2835 4969 3259 5025 incarnationem
3322 4972 3440 5027 sive

1865 5052 2310 5129 ὲνανορώπησιν,
2348 5058 2522 5115 factus
2568 5071 2648 5114 est
2690 5077 2708 5106 ο
2757 5061 2808 5114 in
2858 5061 3206 5117 similitudine
3259 5065 3440 5117 carnis

1865 5151 2108 5218 peccati,
2147 5161 2200 5204 et
2250 5151 2388 5206 inter
2445 5151 2660 5219 iniquos
2714 5160 2992 5219 reputatus
3043 5163 3126 5206 est
3155 5154 3221 5204 ⁶¹.
3288 5173 3306 5206 ι
3345 5155 3439 5208 Ait

1865 5241 2005 5295 enim
2033 5241 2244 5295 divinus
2270 5240 2467 5296 Paulus
2490 5282 2505 5307 ,
2541 5258 2560 5291 ι
2602 5256 2724 5299 eum
2761 5242 2849 5310 qui
2885 5252 3164 5310 peccatum
3201 5259 3305 5297 non
3337 5259 3436 5297 no-

1862 5342 2034 5394 verat,
2058 5347 2152 5401 pro
2175 5331 2328 5386 nobis
2351 5342 2630 5400 peccatum
2660 5333 2844 5398 fuisse,
2869 5343 2924 5387 ut
2955 5349 3049 5387 nos
3080 5334 3328 5389 [ieremus
3348 5335 3438 5406 ju—

1864 5423 2008 5477 stitia
2049 5424 2100 5476 in
2128 5423 2241 5492 ipso
2279 5423 2344 5477 ⁵³.
2390 5442 2410 5477 ι
2447 5421 2559 5478 Hoc
2582 5424 2835 5478 existimo
2866 5425 3064 5494 lepram
3099 5426 3430 5494 srgnilicare.

1865 5514 2171 5571 immundus
2215 5516 2358 5572 enim
2390 5517 2684 5573 secundum
2723 5517 2894 5588 legem
2935 5518 3178 5589 leprosus
3209 5519 3273 5575 “.
3328 5519 3435 5575 Sed

3198 5687 3242 5718 ⁸³
3272 5684 3430 5742 Joan.

2863 5754 2909 5784 "‘
2967 5755 3108 5809 Psal.
3174 5771 3314 5817 thv,
3375 5756 3430 5812 7.

2913 5826 2956 5858 "
2989 5827 3007 5881 ι
3036 5826 3160 5882 Cor.
3219 5843 3269 5889 v,
3341 5825 3430 5883 21.

2564 5680 2609 5712 ⁸⁸
2646 5681 2816 5738 Exod.
2871 5701 2944 5746 tv,
2996 5685 3118 5742 1-5.

2300 5752 2343 5782 ⁵⁷
2382 5751 2550 5806 Exod.
2607 5769 2682 5817 tv,
2728 5753 2784 5807 9..

1911 5824 1955 5854 ⁸³
1989 5821 2145 5879 R-nn.
2177 5840 2289 5886 vttt,
2316 5822 2381 5887 ὃς
2415 5821 2519 5876 lsa.
2546 5837 2668 5888 ιιιι,
2747 5823 2838 5885 η.
