4038 6510
571 476 700 532 1591

1588 465 1647 520 S.
1685 457 1967 529 ογιιιιιι
1996 454 2466 514 ΑιΕΧΑΝυιιιΝι
2502 448 2825 509 ARCHIEP.

3698 443 3845 499 539!

572 586 829 659 quoniam
867 581 1061 635 iterum
1090 578 1141 633 in
1174 577 1295 647 sinu
1338 576 1436 632 fuit
1467 578 1642 634 Patris
1669 578 2022 647 (assumptus
2068 583 2153 628 est
2180 578 2225 634 Α
2253 570 2588 641 θρωπήσεως
2609 566 2632 619 2
2656 566 2763 619 Aut
2789 575 2959 633 quare
2992 558 3327 659 incarnatunt
3353 554 3677 659 dicit‘Deum
3700 556 3840 610 Ver-

571 682 625 733 in
661 672 1107 731 resurrectionem
1152 685 1180 723 a
1218 668 1518 739 mortuis),
1552 668 1756 737 prolata
1802 667 1997 721 iterum
2039 680 2156 720 ma-

571 785 673 824 nus
701 765 984 820 videbatur
1015 761 1211 816 munda
1243 775 1260 813 :
1292 760 1541 815 adveniet
1576 760 1720 814 enim
1760 767 1884 828 post
1912 765 2153 825 tempora

573 858 831 914 Dominus
846 866 1025 910 noster
1038 851 1196 908 Jesus
1224 851 1498 917 Christus,
1524 850 1576 905 in
1604 849 1918 906 sinceritate
1966 847 2157 902 divini-

574 953 699 1006 tatis
725 960 779 1004 et
803 946 995 1019 gloria,
1038 944 1289 1015 quamvis
1317 942 1729 998 similitudinem
1763 950 2005 997 nostram
2044 954 2151 994 non

575 1041 878 1111 projecerit.
927 1038 1019 1093 Ait
1051 1038 1196 1093 enim
1226 1043 1282 1089 et
1313 1035 1504 1090 beatus
1543 1032 1747 1089 Paulus
1791 1034 1860 1089 de
1880 1031 2098 1087 Christo
2130 1049 2147 1085 ;

578 1151 603 1187 ι
632 1133 766 1200 Quia
797 1130 962 1189 semel
992 1138 1239 1184 mortuus
1260 1137 1344 1183 est
1371 1126 1439 1181 ad
1467 1126 1751 1182 multorum
1785 1120 2151 1180 esbaurienda

570 1232 818 1293 peccata.
859 1220 1109 1277 Secundo
1141 1220 1257 1275 sine
1284 1228 1507 1288 peccato
1525 1216 1806 1286 apparebit
1833 1223 2153 1284 exspectan-

576 1314 718 1369 tibus
759 1326 818 1368 se
869 1312 926 1366 in
958 1310 1188 1366 salutem
1217 1309 1283 1363 ".
1336 1327 1354 1361 ι
1389 1307 1531 1378 Ergo
1558 1308 1770 1377 quoties
1807 1307 1965 1363 nobis
1995 1319 2151 1361 sacra

572 1402 781 1458 Littera
812 1402 1057 1458 nominat
1082 1400 1354 1456 Christum
1371 1398 1576 1464 Jesum,
1604 1397 1763 1468 791
1788 1411 1856 1453 ne
1876 1397 2149 1451 hominem

572 1508 813 1549 seorsum
871 1492 1173 1564 putaveris,
1222 1505 1328 1545 non
1380 1504 1508 1545 vere
1568 1491 1801 1544 adunato
1879 1486 1977 1557 ipsi
2043 1488 2152 1543 Deo

579 1584 752 1639 Verbo
786 1601 801 1648 ;
842 1583 935 1638 sed
964 1579 1364 1637 existimaveris
1394 1580 1563 1650 magis
1584 1579 1758 1648 ipsum
1795 1592 1915 1634 esse
1935 1593 2000 1633 ex
2044 1577 2152 1631 Deo

575 1686 629 1727 ct
663 1672 825 1731 Patre
873 1671 1109 1729 Verbum
1143 1668 1334 1725 Jesum
1373 1668 1646 1725 Christum
1669 1708 1684 1736 ,
1708 1684 1828 1724 cum
1858 1666 2039 1723 factus
2083 1667 2153 1722 sit

574 1766 609 1819 lt
622 1779 755 1821 ιιιιο.

1186 1894 1335 1951 CAP.
1368 1894 1529 1950 XVII.

579 2006 731 2072 Quod
762 2005 1000 2063 Christus
1032 2025 1134 2062 non
1160 2019 1269 2061 erat
1292 2010 1442 2061 homo
1468 2007 1743 2077 θεοφόρος,
1767 2022 1857 2061 nec
1884 2004 2113 2077 simplici
2124 2033 2144 2077 -_

578 2093 653 2130 ter
696 2081 750 2131 in
794 2079 998 2131 homine
1053 2078 1360 2130 inhabitari:
1398 2077 1536 2129 Deus
1576 2074 1850 2137 Verbum;
1883 2075 1972 2128 sed
2011 2074 2147 2144 quod

577 2149 742 2267 ξηρὴ
767 2162 891 2200 caro
920 2147 988 2199 sit
1012 2146 1232 2214 factum,
1257 2147 1362 2200 sive
1384 2148 1535 2199 homo
1556 2147 1831 2214 perfectus,
1866 2146 2149 2198 secundum

622 2229 897 2284 crtpturas.

648 2350 749 2416 Qui
798 2349 961 2406 ﬁdem
1010 2349 1208 2405 habent
1256 2351 1311 2405 in
1365 2349 1581 2406 Christo
1640 2349 2038 2406 immaculatam
2098 2357 2152 2403 et

580 2441 741 2494 rectis
769 2440 1022 2495 omnibus
1041 2439 1308 2511 suﬂragiis
1341 2442 1763 2511 comprobatam,
1803 2441 1985 2496 dicant
2007 2440 2152 2495 vide-

579 2532 703 2586 licet
740 2532 882 2601 quod
911 2532 1024 2602 ipse
1039 2546 1106 2586 ex
1131 2531 1238 2586 Deo
1260 2531 1417 2587 Patre
1443 2532 1581 2587 Deus
1609 2530 1845 2587 Verbum
1871 2530 1926 2585 in
1963 2532 2150 2586 exina-

578 2624 804 2677 nitatem
889 2622 1262 2687 descenderit,
1346 2622 1573 2677 formam
1638 2622 1781 2678 servi
1857 2621 2147 2693 accipiens,

581 2715 960 2783 propriumque
998 2713 1099 2769 sibi
1134 2712 1337 2769 faciens
1382 2727 1601 2783 corpus,
1652 2712 1796 2782 quod
1838 2721 1922 2768 est
1963 2722 2148 2766 natum

580 2818 643 2858 ex
667 2805 921 2875 Virgine;
946 2803 1085 2875 quod
1121 2803 1295 2859 factus
1325 2804 1396 2858 sit
1429 2805 1593 2859 nostri
1629 2803 1841 2868 similis,
1869 2814 1923 2859 et
1948 2819 2154 2859 nuncuo

582 2903 740 2963 putus
759 2892 799 2948 ιε’
805 2893 926 2949 ilius
951 2892 1203 2948 hominis.
1235 2894 1329 2948 Est
1355 2902 1533 2948 autem
1554 2891 1695 2948 Deus
1718 2894 1929 2963 quidem
1957 2910 2152 2948 secun-

581 2985 706 3036 dum
726 2983 971 3052 spiritum
1000 2999 1016 3049 ;
1046 2983 1207 3038 homo
1229 2995 1405 3038 autem
1433 2985 1571 3038 idem
1595 2985 1889 3039 secundum
1912 3001 2148 3039 carnem.

585 3073 784 3128 Deinde
809 3073 1022 3130 divinus
1046 3072 1245 3129 Paulus
1268 3073 1577 3131 Judazorum
1614 3075 1866 3146 populum
1907 3078 2151 3145 alloque-

583 3165 741 3219 batur
779 3165 1005 3222 dicens:
1036 3185 1054 3219 ι
1086 3166 1426 3222 Multifariam
1473 3168 1763 3239 multisque
1810 3169 1982 3225 modis
2025 3169 2151 3223 olim

585 3257 723 3312 Deus
740 3257 963 3326 loquens
988 3259 1231 3330 patribus
1251 3260 1302 3314 in
1326 3260 1624 3329 prophetis,
1641 3261 1950 3317 novissimis
1967 3262 2153 3317 diebus
2180 3265 2222 3324 C

588 3350 705 3403 istis
724 3347 933 3405 locutus
956 3358 1040 3405 est
1063 3351 1218 3407 nobis
1247 3352 1300 3406 in
1325 3351 1459 3407 Filio
1480 3349 1546 3408 “.
1586 3372 1607 3406 ι
1638 3354 1699 3408 Et
1725 3368 1955 3423 quonam
2000 3353 2159 3410 modo

587 3439 919 3509 intelligatur
949 3440 1162 3497 locutus
1194 3441 1363 3499 fuisse
1393 3443 1533 3500 Deus
1570 3454 1625 3499 et
1655 3444 1816 3501 Pater
1850 3446 2159 3501 novissimis

584 3528 773 3584 uiebus
805 3529 856 3584 itt
882 3529 1063 3585 Filio?
1102 3529 1335 3587 Locutus
1367 3542 1449 3588 est
1474 3534 1617 3588 enim
1648 3536 2043 3607 antiquioribus
2063 3552 2159 3606 per

586 3626 762 3696 ipsum
801 3626 935 3682 dans
964 3626 1157 3698 legem,
1183 3639 1237 3683 et
1288 3620 1490 3685 idcirco
1513 3631 1626 3701 ipse
1662 3630 1830 3687 Filius
1865 3623 1992 3687 suos
2025 3633 2157 3688 dicit

585 3732 707 3772 esse
735 3732 1040 3785 sermones,
1064 3732 1159 3790 per
1180 3722 1632 3791 sapientissimum
1656 3723 1872 3796 Moysen
1897 3725 2153 3797 prolatos.

583 3807 672 3862 Ait
693 3806 835 3862 enim
866 3824 881 3862 :
921 3826 941 3860 ι
966 3807 1144 3865 Nolite
1175 3822 1364 3879 putare
1393 3815 1515 3883 quia
1557 3816 1678 3869 veni
1721 3816 1933 3872 solvere
1959 3800 2151 3887 legent,

584 3910 674 3955 aut
697 3905 1005 3972 prophetas.
1040 3901 1156 3959 Non
1185 3905 1305 3961 veni
1346 3906 1573 3973 solvere,
1614 3908 1708 3963 sed
1738 3909 1981 3980 implere.
2020 3908 2152 3965 Dico

583 3995 728 4047 enim
765 3994 938 4061 vobis,
965 3995 1073 4050 iota
1097 4010 1281 4064 unum,
1308 4008 1405 4052 aut
1434 4015 1571 4055 unus
1601 4016 1733 4071 apex
1760 4017 1865 4058 non
1905 4001 2152 4059 transibit

584 4103 613 4138 a
638 4087 772 4157 lege,
788 4086 955 4144 donec
976 4089 1155 4144 omnia
1185 4091 1330 4145 fiant.
1358 4091 1561 4148 Casium
1578 4101 1635 4147 et
1661 4101 1799 4148 terra
1827 4094 2147 4158 transibunt,

582 4180 745 4231 verba
786 4188 964 4235 autem
1011 4194 1129 4237 mea
1178 4198 1283 4237 non
1323 4184 1627 4239 transibunt
1664 4184 1729 4239 ".
1762 4204 1779 4236 ι
1814 4185 1964 4240 Adde
1985 4186 2150 4241 etiam

582 4272 856 4338 propheta:
911 4287 1097 4327 vocem
1151 4289 1166 4327 :
1226 4292 1243 4325 ι
1292 4271 1409 4341 ipse
1478 4275 1567 4344 qui
1621 4275 1899 4345 loquebar,
1952 4286 2149 4346 praesto

584 4385 701 4423 sum
732 4368 797 4425 ⁸⁸.
836 4386 855 4420 ι
900 4366 1042 4438 Ergo
1089 4380 1213 4423 cum
1273 4367 1444 4419 lactus
1498 4376 1582 4420 est
1631 4366 1798 4422 Filius
1847 4370 1899 4420 in
1960 4382 2145 4433 carne,

585 4474 711 4515 tunc
758 4462 969 4516 locutus
1016 4466 1101 4515 est
1160 4459 1312 4514 nobis
1364 4459 1525 4514 Pater
1592 4460 1645 4514 in
1679 4461 1813 4529 ipso,
1880 4459 2019 4515 sicut
2071 4460 2148 4514 ait

2252 661 2403 724 bum,
2446 660 2491 714 si
2539 672 2643 712 non
2684 655 2864 710 factus
2896 661 2981 706 est
3018 649 3188 705 caro?
3222 647 3318 705 Vis
3356 646 3843 718 ὲνανθρωπήσεως

2250 764 2305 810 et
2328 751 2559 808 similem
2586 747 2758 807 nostri
2782 761 2904 802 eum
2928 743 3130 799 tactum
3154 755 3276 797 esse
3292 739 3586 811 signiﬁcat,
3612 748 3669 794 et
3684 753 3844 793 man-

2250 842 2385 899 sisse
2407 850 2587 897 tamen
2623 839 2703 894 sic
2726 848 2943 908 quoque
2993 832 3168 904 ipsum
3220 844 3383 900 supra
3431 842 3560 893 nos,
3606 827 3845 883 imosu-

2250 948 2347 1005 pra
2381 935 2687 988 universam
2718 930 2890 1001 ipsam
2914 935 3245 982 creaturam.

2320 1025 2585 1096 Oportere
2626 1030 2806 1079 autem
2843 1019 3115 1081 existimo,
3146 1029 3208 1070 ea
3248 1029 3368 1085 qua:
3396 1013 3533 1076 dixi,
3569 1010 3842 1080 exemplis

2250 1116 2413 1171 etiam
2456 1114 2813 1184 comprobare
2857 1119 2912 1164 et
2953 1107 3301 1179 persuadere,
3331 1104 3477 1174 quod
3506 1100 3839 1171 llnigeaitus

2251 1206 2433 1262 l'actus
2467 1205 2539 1261 sit
2572 1206 2754 1265 homo,
2786 1214 2842 1256 et
2880 1200 2952 1255 sit
2977 1197 3138 1263 Deus,
3170 1196 3333 1250 etiam
3368 1209 3492 1248 cum
3539 1206 3733 1258 carne,
3776 1206 3841 1245 ac

2252 1314 2359 1355 non
2396 1306 2607 1353 tantum
2638 1292 2958 1351 inhabitarit
2989 1290 3044 1344 in
3083 1289 3325 1352 homine,
3363 1285 3635 1356 θιοφόρον
3662 1284 3840 1354 ipsum

2250 1390 2507 1455 eﬁiciens,
2544 1398 2801 1457 tanquam
2842 1384 2999 1447 alios,
3026 1381 3117 1451 qui
3149 1380 3447 1436 divinitatis
3478 1377 3657 1446 ipsius
3687 1374 3840 1431 tam

2251 1481 2559 1553 participes.

2843 1628 2997 1687 CAP.
3034 1626 3219 1684 XVI".

2253 1747 2405 1812 Quod
2434 1740 2745 1801 Emmanuel
2775 1743 2944 1799 Deum
2970 1744 3209 1797 habuerit
3231 1743 3380 1798 aliter
3416 1738 3836 1809 inhabilem

2883 1829 3041 1883 quam
3082 1829 3193 1867 nos.

2177 1926 2221 1980 Β
2318 1930 2408 1983 Ait
2435 1926 2629 1983 alicubi
2660 1928 2807 1982 Deus
2843 1927 2909 1981 de
2948 1927 3142 1981 nobis:
3173 1945 3193 1979 ι
3224 1925 3541 1981 lnhabitabo
3590 1925 3647 1981 in
3680 1926 3838 1995 ipsis,

2251 2030 2305 2076 et
2330 2019 2695 2082 inambulabo,
2735 2026 2791 2073 et
2820 2031 2914 2072 ero
2941 2015 3075 2088 ipsis
3108 2015 3273 2082 Deus,
3305 2026 3360 2070 et
3381 2016 3480 2084 ipsi
3510 2024 3678 2070 erunt
3702 2015 3835 2069 mihi

2250 2111 2477 2182 populus
2505 2109 2571 2164 ⁷³.
2605 2126 2624 2160 ι
2667 2106 2777 2161 Nec
2818 2122 2925 2162 non
2964 2106 3127 2161 etiam
3180 2107 3292 2177 ipse
3340 2106 3602 2162 Dominus
3650 2116 3837 2160 noster

2249 2200 2408 2258 Jestts
2434 2200 2682 2256 Christus
2715 2217 2730 2253 :
2776 2215 2795 2250 ο
2826 2197 2965 2253 Ecce
2995 2212 3095 2270 ego
3142 2198 3335 2265 venio;
3368 2208 3426 2253 et
3450 2198 3495 2252 si
3536 2197 3666 2267 quis
3699 2197 3831 2251 mihi

2251 2291 2543 2363 aperuerit,
2597 2290 2807 2346 intrabo
2851 2304 2973 2360 ego,
3025 2298 3082 2344 et
3120 2287 3257 2359 apud
3292 2304 3417 2343 eum
3470 2290 3733 2353 cmnabo,
3780 2299 3835 2342 et

2251 2381 2430 2449 Pater,
2457 2391 2509 2437 et
2537 2382 2602 2435 ad
2632 2396 2753 2436 eum
2776 2381 3074 2445 veniemus,
3102 2389 3157 2436 et
3178 2379 3511 2435 mansionem
3536 2382 3687 2450 apud
3708 2394 3831 2434 eum

2252 2473 2597 2531 faciemus“.
2634 2492 2653 2527 ι
2692 2472 2961 2529 Nominati
2992 2488 3177 2527 sumus
3198 2473 3361 2526 etiam
3390 2472 3654 2540 templum
3691 2470 3785 2526 Dei
3810 2485 3829 2523 :

2257 2587 2276 2620 ι
2312 2568 2415 2622 Vos
2456 2566 2620 2631 enim,
2674 2564 2864 2633 inquit,
2901 2562 3097 2631 temMa
3125 2563 3257 2619 eStis
3300 2561 3393 2617 Dei
3436 2562 3543 2616 vivi
3586 2562 3659 2614 ".
3692 2579 3714 2614 s
3768 2562 3829 2617 Et

2252 2673 2440 2713 rursus
2462 2675 2474 2712 :
2495 2677 2513 2709 ι
2534 2657 2762 2712 Nescitis
2778 2670 3004 2726 corpora
3029 2662 3203 2710 vestra
3227 2653 3482 2724 templum
3513 2667 3637 2708 esse
3661 2654 3832 2721 Spiri-

2256 2759 2339 2803 tus
2366 2748 2560 2815 sancti,
2584 2747 2673 2818 qui
2700 2756 2782 2802 est
2816 2747 2868 2801 in
2897 2746 3069 2811 vobis,
3093 2759 3250 2815 quem
3274 2744 3482 2800 habetis
3502 2760 3534 2798 a
3557 2744 3671 2799 Deo
3691 2744 3779 2799 ὀἳ
3806 2762 3826 2797 ι

2261 2839 2454 2895 Verum
2475 2840 2518 2894 si
2544 2839 2618 2894 ita
2644 2838 2815 2905 aiunt,
2836 2838 3010 2906 ipsum
3046 2850 3261 2907 quoque
3283 2850 3342 2892 se
3370 2835 3573 2891 habere
3606 2835 3831 2889 Emma-

2253 2931 2399 2996 nuel,
2413 2940 2488 2996 et,
2503 2939 2758 3000 tanquam
2780 2940 3216 2999 unumquemque
3233 2938 3499 2994 nostrum,
3521 2926 3832 2982 inhabitan-

2256 3030 2362 3075 tem
2382 3021 2433 3075 in
2450 3033 2571 3076 sese
2586 3019 2752 3074 Deum
2774 3018 3054 3083 habuisse,
3081 3026 3264 3088 aperte
3281 3018 3686 3086 conﬁteantur;
3708 3033 3831 3072 cum

2256 3109 2426 3179 ipsum
2477 3108 2694 3163 adorari
2738 3107 3101 3175 conspiciunt,
3137 3116 3244 3160 tam
3281 3122 3310 3160 a
3356 3105 3533 3172 nobis,
3566 3122 3733 3176 quam
3763 3108 3835 3162 ab

2254 3199 2477 3272 angelis,
2510 3200 2561 3254 in
2597 3198 2734 3255 coelo
2759 3200 2962 3268 pariter
2990 3206 3046 3254 et
3068 3198 3122 3253 in
3157 3207 3321 3263 terra,
3354 3198 3689 3255 erubescant
3711 3206 3830 3252 tan.

2256 3307 2416 3364 quam
2462 3293 2674 3348 diversa
2720 3290 3004 3361 alienaque
3052 3290 3366 3356 sentientes,
3394 3298 3451 3347 et
3495 3289 3830 3346 Litterarum

2240 3399 2536 3440 sacrarum
2577 3383 2905 3454 propositum
2941 3383 3265 3448 nescientes,
3307 3397 3408 3437 nec
3454 3382 3727 3438 habentes
3778 3383 3832 3436 ia

2257 3490 2317 3532 se
2348 3476 2527 3540 ﬁdem,
2560 3489 2720 3545 quam
2759 3474 2917 3530 nobis
2946 3474 3304 3539 tradiderunt,
3349 3473 3441 3543 qui
3477 3473 3533 3529 in
3563 3473 3833 3543 principio

2255 3575 2309 3621 et
2333 3565 2604 3631 viderunt,
2637 3572 2694 3620 et
2724 3563 3167 3619 ministraverunt
3200 3560 3401 3617 Verbo.

2328 3656 2385 3711 Si
2425 3666 2607 3711 autem
2648 3654 2851 3721 dicant,
2883 3656 3026 3726 quod
3057 3661 3339 3725 propterea
3383 3654 3526 3709 Deus
3555 3654 3654 3723 sit,
3690 3663 3746 3709 et
3775 3662 3832 3708 ut

2254 3746 2396 3804 Deus
2422 3746 2775 3817 gloriﬁcetur,
2808 3748 2934 3816 quia
2968 3747 3021 3802 in
3046 3761 3113 3802 eo
3135 3755 3339 3803 tantum
3373 3746 3707 3803 inhabitavit
3738 3747 3828 3803 Dei

2252 3841 2428 3897 Patris
2467 3840 2740 3907 Verbum,
2777 3854 2843 3895 ac
2872 3855 2977 3897 non
3021 3848 3326 3912 propterea,
3367 3840 3493 3911 quia
3532 3839 3719 3895 factus
3758 3841 3828 3895 sit

2251 3934 2450 3998 homo;
2473 3932 2693 3988 audient
2714 3946 2903 3989 rursus
2932 3949 2958 3987 a
2983 3931 3137 3987 nobis
3166 3948 3182 3985 :
3205 3931 3260 3986 Si
3285 3931 3371 3998 iis,
3394 3931 3486 4001 qui
3513 3931 3823 3985 inbabitar

2253 4035 2361 4081 tem
2396 4026 2446 4080 in
2483 4039 2544 4080 se
2569 4023 2738 4079 Deum
2770 4023 3078 4092 habuerint,
3104 4024 3235 4079 satis
3254 4032 3358 4082 est.
3383 4030 3441 4077 ut
3470 4023 3678 4078 idcirco
3702 4038 3826 4077 vero

2249 4120 2323 4174 dii
2352 4134 2477 4175 esse
2502 4117 2731 4189 possint,
2756 4126 2812 4172 et
2838 4117 2906 4171 ab
2942 4116 3250 4173 hominibus
3289 4115 3608 4180 adorentur,
3636 4129 3825 4168 omnes

2249 4225 2383 4267 sane
2416 4210 2590 4281 angeli
2626 4209 2979 4277 hominesque
3008 4210 3119 4262 sint
3156 4208 3226 4263 dii
3252 4216 3308 4261 et
3337 4206 3637 4270 adorandi;
3665 4206 3823 4259 inha-

2249 4302 2384 4357 bitat
2406 4302 2547 4357 enim
2582 4302 2725 4357 Deus
2758 4300 2811 4354 in
2843 4298 3044 4354 sanctis
3065 4296 3291 4365 angelis.
3330 4296 3627 4351 Habuimus
3656 4295 3819 4349 etiam

2249 4408 2347 4448 nos
2381 4393 2557 4463 ipsum
2586 4392 2640 4446 in
2671 4390 2827 4447 nobis
2852 4404 2948 4459 per
2976 4389 3238 4458 Spiritum
3270 4397 3549 4454 sanctum;
3587 4389 3683 4442 sed
3712 4403 3819 4443 non

2246 4483 2446 4539 suﬁicit
2468 4485 2569 4539 hoc
2597 4483 2903 4545 ostendere,
2939 4489 3128 4536 natura
3151 4479 3280 4535 deos
3300 4488 3354 4533 et
3392 4478 3704 4534 adorandus
3728 4492 3824 4532 eos

580 4550 772 4606 beatas
833 4549 1054 4659 Paulus,
1106 4549 1414 4659 novissimis
1463 4551 1730 4659 diebus".
1762 4643 1774 4655 .
1802 4549 1906 4606 Sed
1944 4565 2012 4605 ne
2049 4565 2143 4621 ρει·
2177 4602 2223 4659 Β
2248 4577 2341 4644 qui
2377 4576 2575 4630 habent
2610 4572 2869 4643 spiritum
2898 4581 3167 4627 sanctum.
3204 4569 3369 4639 [sum
3397 4586 3503 4625 non
3534 4578 3818 4639 pm,“

583 4660 696 4696 tum
722 4642 1026 4708 credamus,
1059 4644 1205 4715 quod
1234 4645 1347 4713 ipse
1375 4644 1444 4699 sit
1474 4642 1563 4698 ille
1585 4643 1675 4712 qui
1702 4643 1865 4697 etiam
1896 4653 2020 4697 ante
2046 4658 2145 4697 sae-

581 4736 699 4789 cula
759 4733 949 4802 Filius,
1003 4736 1183 4791 intulit
1232 4737 1461 4792 statim:
1502 4735 1651 4792 «Per
1698 4750 1857 4805 quem
1912 4733 2042 4788 fecit
2092 4742 2149 4787 et

2246 4665 2394 4722 Deus
2428 4675 2531 4728 est,
2558 4675 2611 4719 et
2637 4664 2946 4720 adorandus
2974 4660 3309 4727 Emmanuel,
3330 4661 3475 4731 quod
3500 4660 3821 4716 inhabitarit

2245 4757 2418 4817 ineo.
2471 4767 2721 4827 tanquam
2772 4757 2825 4811 in
2875 4757 3090 4810 homine
3132 4754 3424 4820 communi,
3474 4763 3529 4809 et
3573 4768 3821 4808 seorsum

579 4825 772 4881 wcttla
805 4826 884 4919 τξ,
919 4845 953 4919 )—
989 4827 1330 4919 splendorem
1384 4830 1545 4883 etiam
1581 4827 1765 4896 εισι-ιω
1810 4835 1865 4880 et
1921 4826 2143 4889 ﬁguram
2243 4825 2595 4919 intelligenda
2642 4857 2697 4903 οι
2727 4849 2781 4903 in
2812 4858 2963 4917 parte
3002 4849 3167 4902 Deum
3210 4844 3479 4911 verbum;
3525 4844 3622 4899 sed
3671 4844 3820 4913 quod

580 4915 892 4970 substantiae
923 4914 1100 4970 Patris
1131 4931 1251 4971 eSse
1290 4931 1719 4971 commemorans
1744 4915 1810 4968 “.

652 5011 821 5066 llomo
851 5010 1012 5077 igitur
1039 5010 1212 5066 lactus
1238 5019 1320 5066 est
1361 5022 1489 5063 vere
1528 5007 1575 5062 is
1615 5021 1712 5077 per
1744 5018 1901 5075 quem
1934 5004 2062 5060 fecit
2091 5013 2146 5058 et

576 5105 769 5159 smcnla
801 5104 939 5159 Deus
966 5104 1163 5171 Pater;
1191 5111 1245 5158 et
1272 5118 1400 5167 non,
1434 5111 1490 5154 ut
1520 5097 1759 5154 nonnulli
1802 5096 2135 5160 existimant,

577 5200 631 5252 in
666 5196 883 5251 homine
920 5195 1039 5262 fuit,
1072 5205 1127 5249 ut
1171 5201 1329 5249 homo
1377 5192 1704 5261 intelligatur
1744 5205 1776 5244 a
1821 5189 1974 5243 nobis
2021 5197 2139 5241 tan-

576 5302 734 5354 quam
767 5283 1157 5339 Deum‘habens
1181 5281 1595 5336 inltahitantem.
1627 5276 1757 5331 Nam
1787 5276 1831 5331 si
1859 5276 1973 5330 haec
1998 5283 2141 5329 recte

577 5394 633 5428 se
666 5376 863 5429 habere
916 5389 1039 5427 vere
1066 5370 1359 5432 conﬁdunt,
1389 5381 1827 5439 supervacanetts
1849 5379 1971 5419 esse
1996 5362 2136 5417 vide-

577 5468 720 5519 bitur
742 5465 930 5519 beatus
957 5463 1281 5533 evangelista
1317 5459 1557 5515 Joannes
1594 5460 1781 5515 dicens
1814 5472 1828 5510 :
1865 5475 1883 5508 ι
1914 5456 1979 5509 Et
2008 5454 2142 5511 Ver-

576 5556 700 5608 bum
733 5568 859 5610 caro
889 5556 1083 5607 factum
1107 5563 1190 5607 est
1216 5553 1285 5607 τ’.
1318 5571 1335 5605 t
1374 5550 1471 5606 Ubi
1498 5551 1639 5605 enim
1669 5548 1962 5606 necessitas
1987 5548 2140 5599 ἐναν-

646 5702 690 5731 ⁶⁸
726 5699 888 5754 Hebr.
919 5716 992 5761 ιχ,
1017 5697 1104 5752 28.
1181 5699 1225 5730 ⁶⁶
1258 5698 1420 5755 Hebr.
1448 5714 1487 5766 ι,
1514 5700 1567 5753 1.
1639 5698 1683 5730 ⁸⁷
1718 5700 1905 5756 Matth.
1934 5716 1984 5763 v,
2014 5699 2099 5753 17.

2258 5699 2357 5753 lia.
2390 5714 2485 5757 ιιι.
2513 5698 2565 5751 3.

2223 5772 2269 5801 ’³
2304 5775 2469 5839 Apoc.
2514 5783 2590 5832 nt,
2645 5764 2745 5830 20;
2799 5761 2953 5817 Jonn.
2986 5774 3095 5825 xtv,
3152 5762 3236 5814 l6.

577 5771 619 5799 "
652 5770 805 5824 Joatt.
837 5784 874 5833 ι,
904 5771 985 5823 H.

1096 5770 1142 5801 ⁷³
1179 5771 1345 5825 chit.
1396 5784 1536 5834 xxvi,
1570 5767 1662 5834 ης
1694 5771 1710 5822 Ι
1738 5770 1861 5824 Cor.
1913 5786 1988 5836 vt,
2023 5771 2112 5827 16.

576 5840 620 5869 ⁷⁵
652 5843 670 5892 ι
700 5841 825 5896 Cor.
852 5850 923 5905 vi,
955 5839 1038 5892 19.
1256 5862 1269 5871 -

2241 4940 2444 4995 factum
2489 4941 2562 4996 sit
2584 4954 2736 5005 caro,
2774 4941 2827 4996 id
2857 4948 2963 5003 est,
3000 4939 3161 4993 homo
3197 4955 3212 4992 :
3259 4937 3458 4993 mansit
3484 4937 3631 4993 enim
3675 4937 3817 4993 idem

2240 5039 2296 5086 et
2320 5030 2481 5096 Deus,
2513 5042 2568 5087 et
2592 5030 2898 5087 adorandus

2765 5163 2927 5235 792
2963 5160 3115 5218 CAP.
3153 5158 3293 5215 χιιι.

2316 5282 2471 5338 Dicta
2511 5281 2800 5336 auostolica
2837 5280 3113 5402 ing/uibus
3152 5278 3288 5332 Deus
3327 5272 3631 5329 nominatus
3670 5284 3749 5327 est

2931 5352 3156 5402 'tristus.

2931 5352 3156 5403 .‘Itristus.

2322 5465 2395 5520 De
2424 5464 2684 5534 mysterio
2716 5461 2901 5516 dicens
2930 5459 3222 5514 secundum
3257 5455 3530 5511 Christum
3564 5472 3579 5508 :
3614 5474 3632 5504 ι
3665 5453 3818 5520 Quod

2237 5558 2376 5623 aliis,
2393 5556 2585 5626 inquit,
2612 5550 3054 5625 generationibus
3070 5564 3173 5603 non
3195 5558 3274 5603 est
3297 5546 3535 5617 agnitum
3558 5544 3684 5599 ﬁliis
3717 5543 3817 5598 ho-

3138 5690 3184 5721 "
3220 5688 3350 5744 ibid.
3376 5686 3431 5741 Ξ.
3510 5687 3556 5717 "
3599 5684 3733 5739 ibid.
3759 5684 3813 5738 5.

2661 5696 2705 5725 ⁵³
2740 5689 2904 5748 llehr.
2935 5706 2977 5754 t,
3011 5692 3057 5744 l.
3138 5690 3184 5721 ⁷ο
3220 5689 3350 5744 ibid.
3376 5689 3431 5741 2.
3510 5689 3556 5717 "
3599 5689 3733 5739 ibid.
3759 5689 3813 5738 5.

2661 5764 2745 5820 20;
2799 5761 2953 5817 Joan.
2986 5774 3095 5820 xtv,
3152 5762 3236 5814 l6.
3330 5758 3376 5789 "
3411 5756 3429 5811 Ι
3458 5755 3585 5809 Cor.
3616 5770 3701 5820 ιιι,
3732 5754 3815 5808 ΓΙ.
