4038 6594
362 363 505 421 1393

1284 357 1572 416 SCIIULIA
1614 356 1704 414 DE
1736 348 2254 415 INCARNATIONE
2293 348 2665 414 UNIGENI'I’I.

3482 356 3505 409 Ι
3517 354 3621 411 594

362 474 745 541 minu'm,sicut
761 490 905 531 nunc
921 474 1216 531 revelatum
1234 482 1318 530 est
1331 474 1539 530 sanctis
1556 474 1927 545 apostolis".i
1962 477 2010 532 Δ
2040 489 2058 524 ι
2094 470 2356 544 Apparuit
2379 471 2523 527 enim
2549 472 2719 541 gratia
2747 472 2841 527 Dei
2872 466 3159 526 salvatoris
3189 467 3461 534 omnibus,
3491 483 3620 541 eru-

363 568 473 623 Et:
525 584 546 619 ι
576 565 891 638 Mysterium
925 567 1068 637 quod
1116 567 1493 622 absconditum
1537 566 1641 622 fuit
1666 582 1694 621 a
1730 567 1941 622 saeculis

363 669 421 713 et
448 656 911 727 generationibus,
943 672 1086 712 nunc
1109 666 1290 712 autem
1325 657 1668 712 manifestum
1703 666 1787 713 est
1811 672 1939 712 san-

360 748 464 803 ctis
492 747 630 815 ejus,
661 747 859 817 quibus
886 746 1054 802 voluit
1081 748 1323 804 revelare
1357 749 1573 804 divitias
1601 748 1786 820 gloriae
1821 762 1940 820 my-

360 839 512 895 sterii
543 840 702 908 huius
725 840 780 895 in
806 840 1079 912 gentibus,
1108 843 1251 912 quod
1284 851 1367 898 est
1391 840 1665 910 Christus,
1698 844 1754 898 in
1789 842 1943 898 vobis

359 946 487 1001 spes
532 930 737 1001 gloria,
768 946 930 1002 quem
971 948 1071 989 nos
1111 934 1491 990 annuntiamus
1511 934 1578 987 τ’.
1618 952 1637 987 ι
1673 934 1732 990 Si
1782 934 1944 1004 igitur

359 1032 448 1078 est
486 1023 769 1095 θεοφόρος,
801 1034 855 1080 et
886 1040 992 1081 non
1035 1025 1175 1081 Deus
1220 1040 1366 1091 vere,
1396 1027 1670 1096 quomodo
1710 1026 1824 1098 ipse
1861 1034 1943 1081 est

358 1113 566 1167 divitia:
593 1115 778 1182 gloriae
814 1116 1079 1185 mystcrii,
1104 1116 1248 1186 quod
1276 1118 1626 1171 annuntiatur
1654 1117 1945 1189 gentibus?

364 1202 461 1257 Vel
490 1204 764 1274 quomodo
786 1207 1008 1262 omnino
1034 1207 1175 1263 Deus
1197 1208 1590 1264 annuntiatur?

1001 1315 1154 1373 CAI‘.
1189 1316 1309 1374 XX.

1061 1432 1245 1486 Aliud.

439 1556 457 1588 ι
493 1535 623 1592 Volo
653 1538 796 1593 enim
832 1555 928 1596 vos
961 1541 1105 1597 scire
1140 1545 1357 1613 qualem
1388 1547 1805 1606 sollicitudinem
1847 1554 1945 1607 ha-

362 1626 517 1682 beam
558 1644 654 1698 pro
675 1630 826 1686 vobis
847 1642 904 1688 et
933 1648 1030 1702 pro
1058 1634 1123 1690 iis
1148 1636 1236 1705 qui
1260 1648 1384 1694 sunt
1410 1638 1708 1709 Laodiceae,
1734 1652 1789 1699 et
1816 1645 1942 1714 qui-

362 1733 575 1787 cunque
625 1736 732 1776 non
788 1724 1039 1780 viderunt
1072 1726 1266 1783 faciem
1322 1745 1497 1787 meam
1548 1733 1599 1787 in
1652 1749 1835 1801 carne,
1886 1746 1947 1792 ut

2042 565 2194 621 diens
2228 581 2346 630 nos,
2383 572 2440 619 ut
2486 566 2814 630 abnegantes
2861 565 3195 635 impietatem
3249 573 3304 618 et
3334 563 3619 618 saecularia

2042 656 2332 722 desideria,
2385 654 2568 711 sobrie
2610 666 2665 711 et
2704 654 2851 721 iuste
2876 664 2932 712 et
2966 659 3053 727 pie
3099 655 3366 719 vivamus,
3416 654 3469 708 in
3521 654 3622 707 hoc

2040 746 2260 811 saeculo,
2313 756 2692 815 exspectantes
2742 747 2956 803 beatam
3005 762 3181 818 spem,
3224 757 3280 801 et
3327 746 3617 801 adventum

2043 836 2227 907 gloriae
2246 837 2421 908 magni
2439 836 2530 891 Dei
2545 846 2601 891 et
2616 836 2914 893 Salvatoris
2933 838 3101 893 nostri
3122 835 3248 892 Iesu
3275 836 3476 892 Christi
3496 832 3615 887 ιδ’.»

2044 928 2183 984 Ecce
2222 928 2385 997 Deus,
2434 938 2489 983 et
2533 945 2782 1002 magnus,
2832 929 3144 998 plenissime
3180 929 3488 984 nominatus
3539 937 3624 982 est

2047 1022 2304 1077 Dominus
2332 1034 2518 1077 noster
2542 1020 2698 1078 Iesus
2727 1023 2977 1079 Christus
3006 1041 3020 1078 :
3048 1023 3160 1091 ipse
3184 1031 3268 1077 est
3300 1023 3443 1077 enim
3469 1018 3623 1089 cujus

2042 1113 2328 1167 adventum
2380 1114 2563 1181 gloriae
2627 1124 3044 1184 exspectantes,
3103 1114 3283 1168 sobrie
3334 1112 3516 1166 vivere
3567 1119 3625 1166 et

2044 1205 2594 1273 Irreprehensibiliter
2653 1205 2995 1261 festinamus.
3053 1203 3160 1259 Sed
3220 1203 3267 1258 si
3329 1213 3413 1257 est
3456 1204 3619 1258 homo

2043 1294 2324 1365 θεοφόρος,
2359 1296 2630 1365 quomodo
2657 1297 2727 1350 sit
2756 1310 2981 1365 magnus
3009 1293 3192 1349 Deus?
3222 1291 3315 1348 Vel
3354 1293 3624 1363 quomodo

2042 1386 2202 1441 beata
2236 1400 2361 1456 spes
2388 1386 2441 1440 in
2466 1385 2630 1440 eum?
2657 1383 2933 1454 Siquidem
2964 1400 3127 1441 verus
3152 1394 3235 1440 est
3267 1382 3508 1451 profecto
3535 1377 3625 1435 Ie-

2044 1476 2243 1531 remias
2268 1475 2495 1530 dicens:
2538 1492 2558 1526 r
2596 1473 2915 1531 Maledictus
2943 1476 3035 1545 qui
3074 1490 3223 1544 spem
3274 1488 3429 1530 suam
3472 1472 3627 1542 ponit

2042 1567 2097 1623 in
2130 1569 2346 1622 homine
2370 1566 2438 1620 ⁸⁸.
2472 1585 2490 1619 ι
2532 1564 2716 1636 Neque
2736 1566 2881 1622 enim
2910 1566 3076 1622 Deum
3108 1567 3278 1636 ipsum
3310 1566 3482 1636 possit
3505 1563 3624 1617 elli-

2044 1674 2187 1726 cere,
2219 1668 2279 1715 ut
2318 1670 2444 1714 ante
2473 1659 2610 1723 dixi,
2647 1659 2699 1714 id
2735 1661 2878 1730 quod
2913 1671 2998 1715 est
3043 1662 3209 1716 Deum
3251 1668 3488 1729 portare.
3523 1659 3625 1710 De-

2045 1752 2210 1821 nique
2240 1751 2470 1808 doceant
2494 1767 2612 1816 nos,
2649 1750 2777 1821 quid
2803 1751 3057 1821 impediat
3083 1750 3217 1806 alios
3241 1750 3403 1805 etiam
3435 1764 3625 1804 omnes

362 1810 715 1912 consolentur
743 1815 907 1914 corda
957 1817 1220 1914 ipsorum,
1256 1820 1506 1878 instructi
1554 1826 1607 1880 in
1650 1826 1939 1895 cbarilale.
1974 1827 2017 1883 ⁸
2048 1810 2176 1899 deos
2206 1859 2338 1901 esse
2371 1854 2424 1899 et
2449 1810 2778 1911 adorandos,
2804 1810 2894 1914 qui
2926 1844 2978 1897 in
3009 1857 3066 1898 se
3098 1841 3385 1897 habuerint
3414 1839 3624 1896 Deum?

361 1911 415 1990 et
440 1900 493 1955 in
523 1916 712 1958 omnes
734 1904 948 1961 divitias
977 1909 1331 1977 plenitudinis
1354 1914 1680 1981 intellectus,
1711 1920 1766 1975 in
1793 1922 1942 1990 agni-

365 1988 565 2044 tionem
615 1995 858 2063 mystcrii
891 1994 986 2052 Dei
1039 1998 1239 2056 Christi
1274 2001 1344 2056 π.
1377 2020 1395 2054 ι
1436 2002 1576 2060 Ecce
1624 1988 1940 2078 mysterium

364 2079 479 2145 Dei,
509 2085 822 2152 mysterium
858 2089 1102 2143 nominat
1123 2089 1345 2157 Christi,
1368 2106 1424 2150 et
1454 2095 1614 2164 plene
1642 2098 1940 2169 intelligere

359 2174 620 2241 quosdam
647 2176 762 2229 vult
790 2177 842 2230 in
870 2178 1195 2248 agnitionem
1227 2182 1417 2252 ipsius.
1446 2185 1564 2253 Quo
1584 2187 1748 2257 igitur
1780 2189 1939 2246 intel-

362 2262 504 2317 lectu
550 2280 685 2333 opus
716 2276 855 2330 erat,
910 2269 1213 2327 volentibus
1245 2273 1445 2329 Christi
1493 2279 1808 2348 mysterium
1859 2280 1941 2335 di-

359 2366 539 2419 scere,
566 2354 609 2408 si
646 2354 861 2412 fuerant
897 2360 1155 2427 audituri,
1195 2365 1339 2433 quod
1380 2366 1711 2423 inhabitaret
1756 2370 1810 2426 in
1845 2371 1942 2426 lto-

360 2443 507 2497 mine
544 2443 730 2501 Dcus?
774 2446 922 2517 Opus
960 2460 1046 2506 est
1086 2460 1264 2508 autem
1316 2456 1486 2511 nimio
1533 2459 1831 2527 intellectu,
1882 2472 1942 2518 ut

330 2532 504 2592 .scias
529 2542 715 2590 contra
747 2540 891 2607 quod
932 2538 1191 2607 Verbum,
1241 2559 1366 2599 cum
1419 2547 1493 2602 sit
1539 2547 1701 2615 Deus,
1737 2549 1941 2608 factum

359 2624 429 2679 sit
466 2625 648 2681 homo.

980 2744 1137 2801 CAP.
1176 2746 1317 2803 XXI.

1072 2858 1252 2913 Aliud.

439 2982 457 3015 ι
497 2963 537 3017 A
572 2965 722 3021 vobis
753 2966 895 3022 enim
931 2970 1106 3024 sonuit
1134 2985 1314 3025 sermo
1344 2972 1578 3041 Domini,
1614 2993 1721 3034 non
1764 2981 1938 3041 solum

360 3052 417 3108 in
448 3052 761 3112 Macedonia
794 3068 847 3112 et
870 3059 1105 3129 Achaia;
1136 3065 1229 3118 sed
1253 3067 1399 3121 omni
1431 3068 1548 3124 loco
1573 3071 1704 3127 fides
1737 3085 1939 3144 vestra,

361 3162 483 3239 qua:
514 3157 596 3202 est
624 3147 691 3202 ad
732 3150 923 3217 Deum,
949 3153 1115 3208 exivit
1144 3155 1212 3210 ⁸⁸.
1245 3175 1263 3208 ι
1302 3157 1438 3214 Ecce
1466 3162 1660 3216 iterum
1692 3164 1746 3220 in
1774 3166 1940 3224 Deum
1969 3183 2012 3239 ο

363 3237 522 3294 ﬁdem
552 3240 746 3296 lactant
787 3259 909 3297 esse
939 3260 1347 3315 commemorat,
1373 3265 1494 3305 cum
1511 3254 1676 3309 etiam
1696 3255 1948 3317 Christus

360 3330 535 3386 dicat:
566 3350 584 3384 ι
615 3331 714 3399 Qui
745 3336 923 3390 credit
951 3337 1134 3407 inme,
1160 3339 1321 3395 habet
1345 3342 1509 3397 vitam
1539 3353 1795 3404 aeternam
1820 3351 1888 3408 “.
1923 3374 1941 3405 ι

362 3423 679 3481 Sermonem
710 3437 890 3484 autent
921 3430 1357 3498 prmdicationem
1390 3435 1521 3491 dicit
1552 3439 1618 3494 de
1646 3441 1843 3511 seipso.

967 3564 1119 3619 CAP.
1163 3565 1331 3623 XXII.

1060 3678 1243 3735 Aliud.

437 3803 459 3836 ι
496 3786 599 3855 ipsi
652 3790 794 3843 enim
845 3792 996 3847 scitis
1031 3794 1313 3851 introitum
1363 3809 1603 3858 nostrum
1641 3806 1781 3875 apud
1822 3824 1941 3873 vos,

360 3878 613 3947 quoniam
662 3896 767 3935 non
800 3882 977 3938 inanis
1016 3884 1157 3952 fuit;
1197 3889 1291 3943 sed
1322 3900 1449 3946 ante
1488 3893 1651 3948 multa
1696 3899 1861 3965 passi,
1889 3907 1941 3951 et

361 3972 704 4027 contumeliis
736 3972 936 4038 aﬂ’ecti,
972 3977 1111 4033 sicut
1131 3980 1306 4045 scitis,
1342 3982 1393 4036 in
1430 3982 1716 4054 Philippis,
1747 3988 1935 4042 coniisi

362 4059 561 4116 fuimus
588 4064 639 4117 in
673 4065 781 4121 Deo
817 4067 1050 4138 colloqui
1082 4071 1148 4123 ad
1184 4086 1279 4127 vos
1321 4073 1671 4147 Evangelium
1706 4078 1797 4132 Dei
1824 4080 1888 4132 δ’.
1914 4098 1932 4131 ι

360 4149 499 4207 Ecce
538 4153 763 4224 loquens
792 4157 844 4211 in
887 4158 1020 4226 Deo,
1062 4160 1157 4217 Dei
1207 4163 1553 4234 Evangeliutn
1581 4170 1934 4236 memoravit;

359 4243 449 4312 qui
476 4245 731 4316 pradicet
767 4251 1023 4318 gentibus
1049 4252 1347 4308 Christum.

953 4380 1107 4438 CAP.
1148 4383 1334 4440 XXIII.

1054 4494 1241 4553 Aliud.

436 4626 456 4659 ι
477 4605 877 4672 Recordamini,
897 4608 1114 4677 fratres,
1138 4611 1373 4667 laborent
1396 4622 1639 4667 nostrum
1662 4625 1716 4669 et
1738 4630 1932 4670 terum-

358 4716 504 4764 nam,
537 4709 696 4755 nocte
723 4709 778 4755 et
802 4700 888 4755 die
910 4712 1221 4772 operantes,
1255 4720 1321 4758 ne
1341 4720 1499 4774 quem
1533 4714 1771 4761 vestrum
1798 4724 1927 4778 gra-

355 4806 625 4856 varemus;
651 4790 1058 4860 praedicavimus
1082 4794 1424 4864 Evangelium
1444 4796 1535 4850 Dei
1562 4798 1699 4852 inter
1718 4800 1882 4854 vos“.
1897 4817 1915 4849 ι

357 4880 424 4937 Et
455 4882 648 4935 iterum
683 4894 694 4929 :
736 4898 754 4931 ι
784 4878 1075 4949 Propterea
1118 4893 1174 4936 et
1205 4898 1306 4938 nos
1336 4884 1538 4953 gratias
1577 4885 1786 4954 agimus
1818 4884 1925 4939 Deo

355 4974 471 5027 sine
522 4972 963 5038 intermissione;
1014 4974 1267 5042 quoniam
1314 4991 1437 5029 cum
1472 4977 1848 5045 percepissetis
1894 4995 1924 5033 a

356 5063 511 5141 nobis
540 5063 781 5129 verbum,
809 5064 992 5119 auditu
1027 5064 1118 5120 Dei
1158 5066 1465 5135 excepistis,
1490 5083 1595 5122 non
1623 5078 1678 5121 ut
1703 5070 1926 5123 verbum

355 5153 655 5219 hominutn,
683 5154 776 5209 sed
805 5163 861 5207 ut
886 5154 1105 5209 verbum
1137 5155 1251 5221 Dei,
1280 5157 1368 5224 qui
1392 5167 1645 5225 operatur
1673 5158 1727 5212 in
1750 5160 1924 5223 vobis,

354 5245 443 5312 qui
485 5247 792 5303 credidistis
837 5248 905 5301 ἰ.
942 5266 960 5299 ι
1013 5247 1205 5303 Nonne
1249 5250 1528 5304 evidenter
1577 5249 1925 5319 Evangelintn

356 5334 473 5400 Dei,
501 5343 555 5391 et
586 5338 677 5392 Dei
711 5340 933 5393 verbum
965 5339 1400 5408 praedicationem
1437 5341 1503 5394 de
1538 5340 1756 5396 Christo
1776 5357 1925 5395 com-

355 5429 657 5482 inemorat?
686 5430 881 5499 quippe
908 5430 959 5483 id
983 5430 1231 5486 omnibus
1265 5429 1760 5487 manifestissimum
1794 5442 1875 5487 est
1909 5448 1925 5485 :

427 5631 471 5700 "_’
505 5629 697 5694 EpIIt’S.
730 5645 810 5695 ιιι,
838 5632 890 5685 5.
969 5634 1014 5665 ⁷⁸
1041 5634 1245 5691 Coloss.
1278 5652 1316 5699 I,
1341 5637 1432 5691 ‘26.
1508 5639 1553 5668 "’
1585 5636 1793 5691 Coluss.
1821 5653 1880 5700 ll,
1912 5638 1956 5690 l.

357 5697 677 5772 επινιιιρδς.
713 5716 770 5763 ιι,
799 5702 849 5752 ιι.
964 5703 1009 5733 ιε
1065 5706 1192 5760 una.
1229 5697 1312 5761 i5.
1425 5708 1486 5737 ου’
1525 5705 1627 5763 Tu.
1685 5724 1744 5772 ιι,
1816 5697 1897 5763 ιι.

357 5771 399 5799 ⁸⁸
420 5765 596 5825 Galnl.
626 5784 662 5834 Ι,
690 5771 740 5823 ὕ.
820 5773 863 5804 ⁸⁸
899 5772 1023 5825 IIIItI.

1978 5708 2021 5738 ⁸³
2054 5705 2253 5762 Ierem.
2305 5722 2344 5769 ι,
2387 5706 2438 5759 5.

2042 1934 2211 1989 Deum
2245 1946 2424 1991 autem
2455 1944 2512 1991 et
2544 1951 2795 2008 magnum
2827 1943 2881 1989 et
2910 1936 3153 1999 beatum,
3185 1933 3468 1990 habentem
3501 1934 3624 1988 illu-

2043 2028 2393 2082 minationem
2437 2027 2712 2084 Christum
2750 2027 2991 2081 nominat
3039 2028 3229 2082 beatus
3262 2025 3483 2090 Paulus,
3529 2025 3623 2094 qui

2043 2118 2315 2174 invenitur
2338 2118 2525 2173 dicens
2551 2118 2619 2174 de
2640 2117 2843 2174 Iudaeis
2864 2128 2920 2172 et
2942 2114 3264 2172 Emmanuel
3290 2135 3303 2170 :
3334 2133 3355 2167 ι
3383 2115 3623 2181 Quorum

2044 2216 2247 2277 patres,
2281 2215 2333 2262 et
2366 2216 2771 2272 testamentum,
2805 2217 2859 2261 et
2890 2207 3299 2276 promissiones,
3332 2215 3389 2261 et
3410 2221 3473 2261 ex
3500 2207 3625 2275 qui-

2044 2301 2143 2355 bus
2175 2299 2427 2355 Christus
2465 2298 2765 2355 secundum
2801 2313 3044 2363 carnem,
3077 2298 3170 2363 qui
3201 2306 3283 2353 est
3318 2312 3479 2365 super
3510 2313 3626 2352 om—

2045 2390 2129 2446 nia
2161 2390 2477 2445 benedictus
2509 2403 2560 2443 ιιι
2590 2387 2786 2444 smcula
2822 2388 3169 2444 saeculorum.
3206 2387 3381 2442 Amen
3423 2386 3490 2439 '°.
3531 2407 3549 2440 ι

2111 2480 2264 2547 Quod
2313 2494 2444 2535 vero
2477 2479 2774 2535 secundum
2827 2480 3063 2533 divinam
3116 2478 3500 2533 revelationem
3544 2479 3624 2532 fa-

2041 2573 2216 2629 ciebat
2248 2571 2714 2642 praedicationem,
2741 2570 3082 2640 perspicuum
3112 2570 3193 2633 fit,
3225 2569 3341 2638 ipso
3368 2569 3624 2624 dicente:

2048 2680 2068 2714 ι
2114 2660 2317 2716 Deinde
2358 2668 2480 2731 post
2510 2675 2683 2715 annos
2713 2660 3123 2732 quattuordecim
3163 2660 3355 2713 iterum
3405 2660 3625 2714 ascendi

2044 2750 2471 2824 Hierosolymam
2503 2765 2626 2806 cum
2661 2750 2937 2813 Barnaba,
2960 2759 3242 2819 assumpto
3280 2741 3443 2804 etiam
3477 2747 3622 2803 Tito.

2043 2842 2271 2898 Ascendi
2315 2851 2494 2897 autem
2535 2844 2832 2898 secundum
2872 2841 3281 2902 revelationem,
3311 2849 3367 2894 et
3398 2840 3637 2904 exposui

2042 2933 2125 2988 eis
2165 2932 2542 3003 Evangelium,
2583 2933 2726 3000 quod
2770 2932 3008 3001 prindico
3040 2931 3328 3000 gentibus;
3380 2943 3636 2984 seorsum

2043 3035 2222 3082 autem
2277 3026 2341 3080 iis
2386 3026 2480 3096 qui
2526 3024 2853 3079 videbantur
2878 3023 3080 3092 aliquid
3117 3038 3258 3085 esse,
3296 3036 3363 3075 ne
3402 3022 3541 3076 forte
3570 3021 3624 3076 in

2045 3131 2270 3171 vacuum
2292 3112 2594 3179 currerem,
2619 3123 2711 3170 aut
2734 3115 3094 3169 cucurrissent
3127 3113 3195 3168 ον.
3234 3133 3251 3167 ι
3278 3114 3436 3185 793
3462 3112 3633 3168 Chri-

2047 3217 2190 3263 stum
2217 3208 2519 3279 praedicans
2548 3206 2818 3279 gentibus,
2850 3217 2910 3262 ut
2945 3208 3136 3271 Deum,
3171 3208 3410 3262 divinum
3444 3208 3620 3262 nomi-

2050 3309 2141 3355 nat
2170 3300 2338 3368 ipsius
2375 3297 2573 3369 ubique
2612 3300 2948 3370 mysterium.
2992 3299 3249 3354 Ascendit
3284 3314 3380 3370 per
3415 3299 3624 3353 revela,

2050 3391 2247 3446 tionem
2297 3388 2751 3460 Hierosolymam,
2795 3397 2849 3444 et
2896 3389 3148 3459 exposuit
3192 3389 3279 3444 his
3320 3390 3414 3459 qui
3472 3391 3625 3444 vide-

2047 3481 2245 3534 bantur
2272 3478 2474 3550 aliquid
2519 3492 2661 3541 esse,
2701 3478 2751 3532 id
2781 3486 2886 3545 est,
2936 3479 3142 3533 sanctis
3185 3477 3467 3548 apostolis,
3510 3478 3624 3532 sive

2047 3571 2345 3641 discipulis,
2382 3586 2449 3625 ne
2484 3570 2623 3625 forte
2654 3570 2706 3624 in
2739 3585 2965 3624 vacuum
3005 3578 3209 3624 currat.
3238 3569 3372 3625 Cum
3401 3585 3527 3623 vero
3554 3570 3623 3621 ab

2046 3661 2437 3732 Hierosolymis
2467 3661 2859 3723 descendisset,
2892 3668 2947 3713 et
2994 3674 3181 3715 rursus
3224 3659 3464 3733 gentium
3495 3674 3621 3726 gre-

2044 3753 2201 3820 gibus
2230 3752 2586 3816 interfuisset,
2610 3750 2989 3805 emendavitne
3012 3748 3212 3816 aliquid
3232 3763 3294 3801 ex
3320 3746 3624 3815 prioribus?

2043 3842 2231 3901 Nonne
2269 3842 2635 3913 perseveravit
2679 3841 2848 3895 Deum
2888 3840 3153 3893 couiltens
3178 3837 3450 3891 Christum
3471 3835 3497 3889 ‘I
3525 3836 3621 3889 At-

2041 3952 2147 4009 que
2172 3936 2293 3991 ideo
2328 3934 2517 3988 scribit
2542 3931 2864 4002 quibusdam
2910 3949 2922 3984 :
2959 3948 2978 3983 ι
3016 3930 3182 3983 Miror
3218 3928 3358 3998 quod
3394 3931 3473 3983 sic
3510 3930 3620 3983 cito

2042 4025 2433 4081 transferimini
2466 4023 2532 4077 ab
2559 4036 2644 4087 eo,
2674 4024 2763 4089 qui
2808 4035 2903 4075 vos
2937 4021 3149 4074 vocavit
3181 4020 3233 4073 in
3265 4019 3408 4072 aliud
3452 4033 3620 4073 evan-

2039 4118 2259 4190 gelium,
2295 4115 2438 4185 quod
2473 4121 2683 4185 tion.est
2712 4112 2876 4174 aliud,
2905 4111 3007 4165 nisi
3042 4112 3206 4180 aliqui
3245 4119 3370 4164 sunt
3398 4120 3617 4163 contur-

2038 4211 2228 4266 bantes
2255 4223 2351 4263 vos
2379 4215 2433 4261 et
2459 4205 2700 4260 volentes
2735 4212 3052 4258 convertere
3085 4200 3432 4272 Evangelium
3460 4199 3617 4255 Chri-

2036 4303 2105 4359 sti
2140 4301 2209 4353 ".
2247 4318 2264 4353 ι
2309 4298 2399 4354 Ait
2444 4306 2623 4351 autem
2674 4296 2868 4351 iterum
2918 4311 2932 4347 :
2984 4313 3001 4345 ι
3046 4292 3150 4348 Sed
3205 4294 3306 4349 etsi
3368 4308 3466 4348 nos
3523 4302 3619 4346 aut

2037 4392 2261 4463 angelus
2308 4393 2377 4445 de
2423 4390 2561 4443 caelo
2610 4385 3065 4457 evangelizaverit
3101 4385 3271 4447 vobis.
3324 4393 3518 4455 printer
3562 4384 3615 4438 id

1967 4517 2012 4575 ι)
2040 4486 2182 4555 quod
2225 4481 2534 4552 accepistis,
2578 4479 2861 4533 anathema
2893 4477 2963 4531 sit
2992 4476 3061 4533 ⁸⁸.
3114 4497 3132 4530 ι
3171 4475 3276 4530 Pro
3306 4491 3411 4545 qua
3452 4473 3615 4543 igitur

2038 4590 2199 4633 causa
2242 4574 2376 4627 alios
2410 4587 2598 4627 omnes
2631 4573 2910 4637 omittens,
2945 4569 3072 4624 licet
3104 4569 3271 4623 Deum
3304 4567 3612 4623 inhabitan-

2039 4678 2148 4726 tem
2170 4664 2479 4730 habuerint,
2503 4664 2675 4719 solum
2696 4658 3225 4734 praedicabatIesum
3254 4659 3394 4714 sicut
3420 4658 3608 4714 Deum.

2631 4817 2779 4873 CAP.
2821 4816 3012 4874 XXIV.

2726 4932 2906 4990 Aliud.

2105 5069 2377 5137 Scriptum
2408 5077 2493 5124 est
2520 5070 2586 5123 de
2632 5066 2849 5123 Christo
2886 5082 2900 5120 :
2947 5083 2966 5118 ι
2997 5065 3129 5131 Cum
3163 5077 3341 5121 autem
3377 5075 3521 5119 esset
3554 5065 3607 5119 in

2037 5156 2424 5231 Hierosolymis
2448 5159 2501 5212 in
2540 5160 2626 5215 die
2662 5158 2820 5223 festo,
2853 5157 3009 5213 multi
3049 5155 3395 5209 crediderunt
3427 5155 3477 5208 in
3512 5170 3606 5207 no-

2039 5250 2180 5302 mine
2205 5250 2324 5319 ejus
2357 5251 2599 5305 videntes
2631 5250 2783 5318 signa
2812 5262 2934 5318 quae
2978 5246 3245 5311 iaciebat;
3280 5245 3392 5313 ipse
3424 5256 3603 5298 autem

2033 5339 2188 5394 Iesus
2210 5354 2314 5395 non
2334 5341 2587 5395 credebat
2610 5353 2668 5393 se
2695 5339 2835 5407 illis;
2861 5339 2998 5409 quod
3026 5337 3139 5408 ipse
3165 5339 3372 5393 sciebat
3392 5353 3601 5397 omnes,

2034 5440 2087 5485 et
2115 5432 2256 5501 quod
2283 5446 2388 5486 non
2413 5445 2631 5488 necesse
2655 5430 2909 5497 habebat,
2941 5438 2998 5486 ut
3016 5430 3211 5499 aliquis
3235 5428 3601 5484 testimonium

3114 5631 3159 5663 υ
3196 5627 3427 5684 l'fhess.
3458 5644 3515 5695 ιι,
3542 5629 3598 5683 2.

3127 5702 3169 5731 ⁸⁷
3203 5700 3375 5755 Calai.
3422 5715 3481 5763 tt,
3549 5699 3596 5755 l.

2035 5634 2080 5667 ⁸ο
2113 5636 2131 5690 ι
2160 5634 2352 5691 Thess.
2381 5652 2420 5698 ι.
2445 5634 2498 5689 8.
2575 5634 2617 5664 ⁸⁸
2649 5632 2805 5687 Ioan.
2837 5646 2928 5693 vn.
2950 5630 3039 5687 25.

2054 5705 2253 5757 λιιι-ειη.
2305 5722 2344 5757 ι.
2387 5706 2438 5757 5.
2520 5705 2562 5734 "'
2602 5702 2756 5757 Betti.
2807 5716 2880 5757 tv.
2942 5701 2994 5755 9.
