4038 6600
459 359 597 417 1395

1476 358 1533 416 S.
1572 358 1851 417 CYRILLI
1890 356 2355 415 ALEXANDRINI
2394 359 2711 417 ARCHIEP.

3560 370 3696 425 1396

454 470 764 542 perhiberet
794 469 859 527 de
888 470 1147 528 homine:
1192 472 1306 545 ipse
1342 473 1485 530 enim
1519 473 1725 530 sciebat
1748 470 1877 544 quid
1907 482 2026 529 erat
2048 476 2101 537 Α
2125 486 2246 527 esse
2296 472 2443 537 talia,
2477 474 2529 529 in
2586 474 2780 543 quibus
2852 476 3112 533 habitavit
3158 479 3297 537 Deus
3345 484 3714 553 omnipotens.

454 561 509 616 in
541 562 759 618 homine
795 564 886 617 ⁶⁹⁶.
922 580 941 615 ι
964 563 1022 618 Si
1066 563 1228 619 homo
1256 574 1403 622 esset
1442 566 1719 639 θεοφόρος.
1763 567 2071 651 quomodo;

454 667 563 707 non
589 653 796 722 decepti
828 664 954 707 sunt
990 652 1167 721 multi,
1201 654 1292 723 qui
1328 654 1722 728 Hierosolymis
1750 657 1803 712 in
1835 670 2030 711 nomen

452 744 572 814 ejus
608 744 991 808 crediderunt?
1065 743 1161 800 Vel
1200 761 1367 814 quare
1414 745 1561 803 solus
1599 747 1872 817 cognoscit
1915 761 2033 817 qua:

453 842 582 888 sunt
615 832 666 887 in
703 833 951 898 homine,
984 847 1105 889 cum
1154 836 1452 904 praesertim
1490 849 1649 891 nemo
1683 836 1822 890 alius
1861 836 2033 891 sciat?

453 921 707 979 Finxisse
725 922 867 978 enim
890 922 1092 979 dicitur
1116 924 1256 978 Deus
1280 924 1438 979 corda
1465 933 1646 979 nostra
1668 923 1941 996 sigillatim
1961 925 2027 977 ".

456 1009 552 1065 Vel
583 1025 750 1080 quare
777 1012 925 1071 solus
960 1013 1191 1069 remittit
1224 1024 1442 1085 peccata
1462 1016 1486 1073 ‘2
1509 1014 1599 1068 Ait
1626 1015 1768 1070 enim
1796 1030 1810 1071 :
1847 1034 1865 1067 ς
1894 1014 2031 1081 Quia

453 1110 772 1173 potestatem
791 1103 954 1160 habet
972 1103 1139 1159 Filius
1162 1105 1213 1159 in
1235 1113 1379 1160 terra
1400 1108 1671 1161 remittere
1690 1117 1908 1174 peccata
1926 1108 1992 1161 “.
2008 1126 2026 1159 ι

456 1196 638 1260 Quare
674 1195 821 1252 solus
854 1204 1049 1264 praeter
1079 1196 1213 1252 alios
1257 1211 1502 1252 assessor
1530 1198 1683 1253 sedet
1716 1199 1814 1254 Dei
1836 1208 1891 1253 et
1924 1197 2030 1254 Pa-

455 1286 602 1341 tris?
635 1286 813 1358 Quare
846 1286 945 1343 soli
969 1288 1342 1357 obsequuntur
1374 1288 1588 1357 angeli?
1620 1289 1729 1344 Cur
1773 1305 1872 1345 nos
1910 1291 2033 1359 qui-

456 1376 579 1434 dem
625 1374 808 1437 docuit
848 1392 1189 1433 communem
1222 1386 1414 1448 putare
1448 1377 1687 1443 Patrem,
1729 1380 1819 1450 qui
1852 1390 1938 1435 est
1974 1381 2030 1436 in

457 1469 646 1535 caelis;
673 1469 775 1527 sibi
810 1478 987 1524 autem
1018 1484 1139 1525 eum
1170 1469 1478 1540 specialiter
1508 1471 1822 1527 scribebat?

527 1559 633 1615 Sed
666 1558 802 1615 forte
831 1558 980 1614 dices
1007 1560 1149 1628 quod
1177 1558 1485 1627 huiusmodi
1514 1575 1675 1616 voces
1712 1561 2033 1618 inhabitanti

458 1649 636 1704 Verbo
668 1650 985 1718 deputanda:
1009 1649 1135 1703 sint.
1164 1646 1352 1703 Nonne
1378 1648 1546 1718 igitur
1578 1664 1698 1704 eum
1728 1653 2032 1719 oportebat,

448 1738 602 1806 juxta
631 1738 908 1811 prophetis
930 1739 1339 1794 convenientem
1362 1740 1881 1808 mensuram,ipsum
1900 1754 2032 1809 quo-

2200 564 2432 635 Scripsit
2457 574 2638 621 autem
2670 566 2865 622 alicubi
2885 568 3046 622 etiam
3074 569 3288 627 divinus
3314 571 3514 630 Paulus
3543 594 3557 629 :
3590 595 3609 628 ι
3636 576 3713 631 Ir-

2132 654 2290 711 t‘itam
2337 656 2544 714 faciens
2576 658 2697 726 quis
2732 656 2902 727 legem
2935 658 3157 728 Moysis,
3181 661 3299 717 sine
3327 664 3436 719 ulla
3479 668 3715 722 misera-

2134 746 2279 803 tione
2321 747 2531 803 duobus
2578 759 2672 803 aut
2708 750 2881 805 tribus
2918 751 3143 806 testibus
3194 755 3442 821 moritur,
3506 765 3717 824 quanto

2133 839 2305 908 magis
2332 840 2535 909 putatis
2553 840 2824 896 deteriora
2856 843 3051 897 mereri
3072 844 3355 913 supplicia,
3386 848 3478 915 qui
3512 846 3713 901 Filium

2134 930 2230 985 Dei
2258 930 2681 995 conculcaverit,
2710 940 2764 985 et
2784 933 3098 1002 sanguinem
3123 939 3427 992 testamenti
3448 938 3715 1007 pollutum

2132 1021 2344 1078 duxerit
2369 1021 2458 1075 "?
2486 1041 2505 1074 ι
2530 1022 2693 1091 Atqui
2718 1023 2895 1077 divina
2918 1032 3039 1078 erat
3058 1024 3167 1092 lex,
3198 1036 3253 1082 et
3281 1029 3538 1084 mandata
3568 1032 3717 1085 dicta

2131 1129 2229 1184 per
2259 1113 2502 1181 angelos.
2551 1113 2832 1179 Quomodo
2864 1114 3026 1184 igitur
3053 1117 3246 1186 dignus
3288 1121 3392 1173 erit
3435 1121 3719 1176 deteriore

2132 1200 2419 1271 supplicio,
2456 1201 2549 1270 qui
2572 1201 2831 1270 pollutum
2859 1202 3073 1258 duxerit
3104 1207 3421 1276 sanguinem
3463 1209 3725 1264 Christi?

2134 1292 2227 1348 Vel
2252 1292 2521 1362 quomodo
2542 1292 2718 1361 potior
2738 1301 2821 1348 est
2851 1293 3129 1363 religione,
3161 1311 3280 1366 quae
3301 1308 3383 1354 est
3410 1303 3723 1355 secundum

2131 1381 2326 1450 legem,
2352 1380 2484 1436 lldes
2507 1382 2558 1435 in
2588 1380 2904 1436 Christum?
2928 1383 3056 1448 Sed,
3084 1392 3144 1438 ut
3164 1386 3274 1453 jam
3301 1396 3426 1442 ante
3452 1389 3723 1453 diximus,

2131 1474 2380 1530 Christus
2404 1489 2508 1528 non
2545 1474 2738 1529 similis
2770 1475 2997 1530 aliorum
3033 1488 3367 1548 sanctorum,
3397 1482 3569 1536 homo
3602 1482 3727 1535 Oeo-

2134 1564 2320 1635 φόρος,
2346 1565 2438 1618 sed
2479 1564 2623 1619 Deus
2647 1565 2817 1636 magis
2842 1580 2988 1631 vere,
3017 1576 3073 1622 et
3100 1570 3245 1623 omni
3284 1574 3485 1625 mundo
3518 1572 3723 1627 celsio-

2134 1671 2248 1710 rem
2277 1654 2516 1724 possidet
2536 1653 2783 1724 gloriam,
2816 1657 2955 1727 quod
2979 1672 3098 1713 cum
3128 1658 3270 1715 Deus
3293 1660 3366 1716 sit
3392 1668 3592 1715 natura
3626 1661 3727 1716 Dei

2139 1743 2395 1807 Verbum,
2446 1745 2621 1800 factus
2662 1756 2749 1801 est
2795 1761 2945 1811 caro,
3007 1748 3120 1805 sive
3171 1751 3332 1806 homo
3376 1751 3662 1820 perfectus
3707 1768 3726 1805 :

455 1845 562 1900 que
591 1830 809 1889 dicere:
846 1847 865 1882 t
898 1830 1022 1892 Haec
1048 1828 1180 1905 dicit
1203 1828 1497 1897 Dominus?
1529 1849 1547 1882 ι
1588 1828 1785 1884 Verum
1820 1843 1939 1883 cum
1971 1843 2033 1884 ea
2067 1817 2112 1872 Β
2141 1836 2437 1890 animatum
2468 1836 2613 1890 enim
2637 1846 2692 1892 et
2724 1840 3046 1895 rationabile
3073 1854 3213 1907 esse,
3244 1817 3392 1911 quod
3415 1842 3727 1896 adunatum

457 1936 576 1991 ηυδε
590 1936 749 1992 supra
770 1921 941 1992 legem
964 1922 1179 1981 sancire
1196 1920 1378 1985 vellet,
1405 1936 1688 1976 assumens
1713 1921 1814 1977 sibi
1836 1936 2035 1977 conve-

457 2014 692 2077 trientem
715 2013 1009 2085 legislatori
1039 2013 1441 2079 auctoritatem,
1467 2013 1647 2069 aiebat
1682 2030 1697 2067 :
1735 2030 1753 2064 ι
1780 2012 1891 2082 Ego
1916 2012 2035 2068 dico

458 2106 615 2165 vobis
638 2107 686 2139 "
713 2106 811 2177 (i).
854 2125 874 2160 ι

528 2194 808 2266 Quomodo
837 2194 1071 2250 liberum
1106 2208 1166 2249 se
1200 2195 1296 2257 ait,
1328 2201 1381 2249 et
1414 2208 1517 2247 non
1558 2193 1848 2247 obnoxium
1888 2193 2039 2247 Deo?

455 2285 582 2346 Ideo
603 2286 727 2357 quia
758 2295 843 2346 est
890 2286 1056 2353 Filius
1085 2287 1140 2346 in
1188 2287 1462 2345 veritate?
1498 2286 1564 2340 Et
1610 2285 1654 2340 si
1691 2294 1835 2340 esset
1877 2286 2037 2340 homo

456 2374 737 2449 Θεοφόροςἰ
768 2386 985 2433 essetne
1030 2377 1195 2432 etiam
1236 2376 1374 2431 liber
1401 2374 1696 2431 secundum
1746 2372 2035 2430 naturam?

461 2468 631 2539 llnjus
672 2468 814 2528 enim
847 2467 990 2524 Deus
1036 2467 1191 2533 liber,
1236 2478 1399 2537 atque
1441 2466 1652 2525 solutus
1695 2475 1779 2520 est
1828 2486 1841 2522 :
1890 2466 2037 2524 solus

458 2558 602 2613 cnim
623 2559 774 2628 quasi
811 2557 1012 2622 tributa
1035 2560 1275 2613 omnium
1299 2558 1498 2627 exigit;
1531 2566 1586 2612 et
1630 2573 1894 2626 tauquam
1921 2558 2038 2613 loco

459 2652 758 2714 debitorum
776 2653 844 2711 ab
862 2650 1115 2711 omnibus
1136 2649 1331 2719 recipit
1353 2649 1688 2719 religionem.
1724 2648 1832 2703 Etsi
1862 2649 2039 2703 exitus

462 2743 593 2809 legis
623 2755 676 2795 et
702 2743 1087 2810 prophetarum
1122 2740 1372 2795 Christus
1404 2748 1510 2806 est,
1543 2749 1627 2794 est
1663 2753 1843 2795 autem
1877 2741 2040 2795 homo

462 2832 753 2901 Ozocpdpog;
780 2847 957 2893 nonne
987 2833 1170 2889 dicere
1212 2833 1395 2895 liceat,
1429 2831 1571 2900 quod
1600 2833 2037 2902 propheticarum

460 2924 898 2994 praedicationum
925 2927 1104 2982 exitus
1136 2923 1615 2997 ἀνθρωπολατρίας
1647 2925 1801 2981 nobis
1832 2925 2036 2981 crimen

460 3015 772 3075 induxerit?
1506 3068 1509 3069 ν

533 3106 742 3162 Deinde
767 3106 852 3163 lex
875 3106 1088 3177 quidem
1120 3108 1487 3177 praedicabat:
1512 3129 1530 3162 c
1557 3110 1840 3164 Dominum
1869 3109 2036 3165 Deum

462 3206 613 3253 tuum
637 3199 912 3263 adorabis,
947 3196 1100 3259 etilli
1128 3199 1226 3253 soli
1255 3201 1460 3257 servies
1484 3202 1551 3254 ”.
1584 3222 1602 3253 ι
1636 3201 1750 3268 Qua
1780 3216 1877 3256 nos
1914 3216 2042 3257 eru-

462 3287 666 3342 ditione
697 3287 947 3358 perduxit
978 3288 1044 3342 ad
1087 3287 1386 3355 Christum,
1421 3290 1572 3357 quasi
1606 3291 1671 3345 ad
1711 3291 2041 3361 agnitionem

465 3376 572 3431 illis
616 3377 706 3454 qui
735 3377 793 3433 in
820 3377 1028 3439 umbris
1050 3377 1265 3434 fuerant
1320 3380 1583 3450 potiorem
1610 3399 1626 3435 :
1657 3390 2043 3451 Spernentesne

465 3468 630 3538 igitur
652 3471 816 3530 Deum
848 3471 985 3545 legis
1012 3479 1067 3531 et
1097 3471 1480 3543 prophetarum
1512 3474 1757 3535 adorare,
1789 3471 2041 3526 adorabi-

466 3575 587 3617 rnns
617 3560 891 3620 hominem
938 3560 1221 3621 habentem
1267 3562 1432 3623 Deum
1466 3563 1892 3619 inhabitantetn?
1941 3562 2041 3618 Ubi

465 3649 609 3703 enim
641 3649 998 3717 praestabilius
1026 3660 1145 3705 erat
1183 3649 1349 3707 Deum
1388 3651 1656 3720 intelligi?
1693 3652 1748 3706 In
1778 3651 1938 3712 coelo,
1972 3666 2041 3706 an

466 3736 522 3790 in
552 3738 733 3803 terra?
755 3738 808 3801 ln
842 3739 1149 3810 Seraphim,
1177 3756 1245 3795 an
1279 3743 1330 3796 in
1364 3751 1584 3798 terreno
1609 3745 1880 3812 corpore!

538 3827 596 3884 Si
624 3839 746 3887 erat
781 3829 945 3891 homo
984 3831 1260 3905 θεοφόρος,
1300 3833 1570 3901 quomodo
1604 3854 1622 3887 ι
1656 3838 2041 3904 propemodum

467 3934 532 3979 ac
574 3933 670 3975 nos
711 3921 1053 3992 participavit
1082 3924 1231 3979 carui
1273 3938 1335 3979 ac
1365 3925 1613 3993 sanguini
1644 3925 1735 3978 “?
1774 3946 1793 3980 ι
1835 3926 1965 3985 Nam
1995 3928 2041 3983 si

466 4011 595 4087 quia
626 4010 767 4072 Deus
797 4011 1140 4080 inhabitavit,
1175 4015 1275 4077 hoc
1301 4015 1348 4069 ei
1380 4015 1595 4081 sullicit,
1626 4025 1684 4069 ut
1707 4016 1961 4072 similiter
1981 4034 2045 4075 ac

469 4117 568 4157 nos
591 4102 939 4175 participaret
975 4105 1126 4163 carni
1161 4116 1217 4161 et
1253 4106 1539 4177 sanguini;
1579 4117 1631 4161 et
1662 4108 1733 4161 ita
1764 4107 1847 4162 his
1878 4108 2047 4177 parti-

468 4174 651 4262 cipare
675 4195 728 4250 id
758 4174 937 4266 ipsum
962 4206 1067 4262 est,
1085 4197 1226 4267 quod
1258 4174 1531 4252 hominem
1567 4174 1938 4256 factumesse:
1961 4201 2045 4255 in-

468 4284 732 4343 habitavit
769 4297 948 4343 autem
982 4298 1038 4345 et
1079 4288 1132 4343 in
1173 4289 1355 4345 multis
1397 4291 1638 4355 sanctis;
1679 4291 1840 4345 homo
1880 4289 2047 4361 igitur

473 4391 581 4433 non
629 4378 824 4448 semel,
853 4380 949 4436 sed
995 4379 1289 4450 saepissime
1331 4380 1507 4437 factus
1543 4391 1646 4437 est.
1696 4381 1875 4449 Quare
1917 4397 2046 4453 ergo

2141 1936 2223 1982 est
2251 1926 2323 1989 ei,
2366 1925 2529 1998 ⁵194¹
2558 1927 2828 1985 credimus
2861 1943 3078 1999 corpus,
3120 1939 3177 1986 et
3220 1944 3347 1987 vera
3373 1931 3601 1986 omnino
3638 1940 3730 1985 est

2142 2014 2414 2069 adunauo.

2750 2197 2899 2254 CAP.
2938 2195 3103 2252 XXV.

2146 2309 2417 2376 Quomodo
2446 2320 2681 2379 aporteat
2708 2311 3033 2380 intelligere:
3056 2330 3075 2364 ι
3105 2308 3331 2365 Verbum
3356 2327 3481 2364 caro
3513 2311 3727 2381 factum

2214 2390 2310 2443 est,
2343 2391 2389 2434 et
2422 2382 2675 2435 habitauit
2712 2382 2768 2434 in
2797 2382 2982 2447 nobis;
3018 2399 3036 2433 ι
3070 2390 3118 2435 et
3150 2383 3409 2451 quomodo
3439 2382 3724 2450 propritim

2214 2451 2377 2521 ipsius
2408 2451 2619 2504 dicatur
2640 2467 2847 2519 corpus.

2217 2560 2414 2617 Semen
2444 2561 2675 2616 Abrahae
2708 2560 3127 2631 apprehendisse
3157 2559 3391 2616 Verbum
3408 2559 3505 2614 Dei
3526 2558 3696 2629 unige
3715 2586 3729 2599 -

2147 2651 2339 2715 nitum,
2386 2652 2577 2707 beatus
2640 2649 2839 2707 Paulus
2887 2658 3273 2706 commemorat
3319 2650 3402 2715 ";
3458 2662 3557 2704 nec
3614 2661 3728 2701 neu

2144 2743 2331 2809 etiam,
2362 2744 2504 2811 quod
2538 2743 2923 2813 propemodum
2957 2758 3020 2796 ac
3050 2756 3148 2798 nos
3185 2742 3527 2810 participavit
3565 2739 3725 2795 carni

2146 2842 2201 2887 et
2240 2834 2491 2903 sanguini
2523 2834 2592 2888 ⁸⁸.
2638 2834 2903 2889 Memores
2933 2843 3112 2887 autem
3144 2848 3328 2887 sumus
3352 2832 3516 2887 etiam
3549 2829 3729 2886 Joan-

2147 2921 2263 2987 nis;
2300 2923 2374 2976 ait
2401 2923 2588 2978 enim:
2622 2942 2641 2975 ι
2677 2924 2909 2978 Verbum
2938 2937 3065 2977 caro
3093 2922 3289 2978 factum
3321 2931 3424 2985 est,
3466 2930 3523 2977 et
3563 2920 3727 2975 habi—

2112 3022 2113 3025 ‘
2149 3011 2281 3065 tavit
2308 3012 2359 3065 in
2396 3011 2553 3067 nobis
2571 3012 2639 3067 ⁹⁹.
2673 3030 2690 3062 ι
2725 3012 2851 3068 Idne
2879 3012 3041 3082 igitur
3076 3011 3174 3065 fuit
3216 3014 3550 3081 propositum
3586 3012 3727 3066 viris

2066 3161 2114 3224 C

2146 3101 2503 3171 Spirilalibus,
2535 3102 2750 3166 docere,
2788 3103 2928 3172 quod
2960 3102 3052 3158 Dei
3081 3100 3317 3156 Verbum
3344 3101 3727 3156 conversionis

2145 3191 2215 3245 sit
2249 3193 2497 3259 patiens;
2530 3201 2621 3245 aut
2650 3193 2791 3261 quod
2821 3195 2993 3263 ipsum
3022 3192 3102 3249 fas
3129 3193 3723 3254 sitcommutationem,

2143 3299 2264 3353 quae
2304 3285 2475 3351 magis
2508 3296 2770 3339 creaturae
2802 3284 3103 3349 conveniat,
3141 3284 3448 3339 sustinere:
3496 3284 3636 3337 adeo
3671 3291 3730 3336 ut

2145 3374 2195 3427 id
2227 3372 2369 3442 quod
2425 3389 2530 3427 non
2565 3381 2703 3438 erat,
2749 3371 2973 3427 forsitan
3010 3373 3062 3427 in
3110 3371 3160 3425 id
3203 3386 3299 3424 sua
3338 3380 3530 3439 sponte
3557 3370 3726 3422 deve-

2144 3464 2286 3529 niat;
2338 3470 2435 3516 aut
2477 3463 2615 3516 alius
2647 3472 2836 3517 contra
2880 3462 3046 3531 ipsius
3080 3461 3412 3514 voluntatem
3449 3461 3517 3512 ad
3558 3458 3725 3510 aliam

2143 3567 2391 3612 naturam
2437 3554 2779 3625 impellatur?
2822 3553 2981 3610 absit.
3013 3553 3192 3607 Manet
3231 3567 3463 3621 namque
3490 3550 3656 3612 idem,
3695 3563 3725 3600 a

2143 3664 2240 3705 sua
2273 3658 2464 3704 natura
2489 3649 2969 3703 commutationem
2997 3661 3211 3702 omnem
3237 3644 3551 3707 excludens,
3588 3657 3726 3696 eon-

2147 3742 2411 3796 versionis
2434 3742 2680 3795 umbram
2712 3740 2957 3795 nesciens
2979 3739 3086 3809 pati
3113 3758 3126 3793 :
3161 3739 3261 3794 lixa
3292 3747 3375 3793 est
3405 3736 3549 3789 enim
3576 3748 3727 3789 sem-

2144 3844 2240 3900 per
2265 3829 2318 3884 in
2345 3831 2460 3885 suis
2489 3845 2721 3899 superna
2754 3829 2840 3883 illa
2870 3828 3214 3897 ccelestisque
3244 3836 3450 3881 natura.

2215 3921 2496 3987 Quomodo
2545 3922 2707 3989 igitur
2747 3921 2981 3976 Verbum
3009 3936 3141 3974 caro
3186 3919 3380 3972 factum
3408 3916 3501 3981 sit,
3535 3914 3730 3968 videre

2146 4028 2367 4068 necesse
2389 4022 2491 4068 est.
2517 4012 2753 4067 Primum
2774 4012 2988 4082 quidem
3008 4011 3183 4065 divina
3202 4008 3482 4077 Scriptura
3501 4020 3727 4060 carnem

2146 4104 2463 4174 plerumque
2487 4104 2727 4158 nominat
2753 4102 3046 4167 hominem,
3074 4109 3129 4155 et
3159 4100 3308 4170 quasi
3331 4115 3393 4155 ex
3432 4108 3587 4167 parte
3609 4098 3731 4150 ani-

2147 4196 2305 4251 malis
2338 4198 2503 4252 totius
2536 4196 2983 4266 signiiicationem
3022 4194 3171 4257 facit,
3213 4207 3312 4246 nec
3354 4207 3463 4245 non
3494 4193 3663 4245 etiam
3697 4208 3724 4240 τι

2146 4289 2261 4344 sola
2291 4290 2467 4344 anima
2490 4288 2758 4344 interdum
2803 4287 3135 4341 tantumdem
3173 4287 3311 4353 agit;
3344 4285 3607 4353 scriptum
3639 4292 3729 4335 est

2147 4380 2293 4434 enim
2317 4379 2458 4446 quod
2490 4396 2508 4429 ι
2544 4379 2755 4439 Videbit
2791 4376 2971 4432 omnis
2996 4391 3126 4432 caro
3155 4376 3391 4430 salutare
3418 4375 3510 4431 Dei
3537 4376 3579 4427 ¹.
3614 4392 3633 4424 ι
3660 4374 3727 4427 Et

477 4485 497 4520 ι
530 4467 697 4531 semel
718 4469 770 4524 in
803 4472 1265 4526 consummatione
1290 4473 1631 4538 saeculorum,
1656 4473 1706 4527 in
1732 4474 2049 4529 destruetio—
2077 4503 2124 4560 Ι)
2151 4471 2269 4543 ipse
2294 4470 2507 4526 divinus
2545 4468 2782 4525 Paulus:
2825 4488 2843 4521 ι
2879 4466 2995 4523 Non
3024 4468 3294 4531 consensi,
3336 4466 3526 4535 inquit,
3573 4464 3724 4517 carni

475 4570 596 4614 nem
615 4560 841 4628 peccati,
857 4574 954 4632 per
970 4560 1199 4619 hostiam
1223 4576 1374 4616 suam
1393 4562 1590 4627 dicitur
1605 4564 1918 4635 apparuisse
1939 4564 2042 4621 ⁸⁵2»
2073 4582 2078 4587 η

473 4649 752 4715 Quomodo
791 4663 970 4715 autent
1001 4668 1166 4715 unum
1202 4654 1356 4715 nobis
1396 4654 1558 4712 Verbi
1593 4656 1880 4711 adventum
1909 4670 2042 4725 prte-

469 4741 656 4799 dicant
678 4744 872 4800 divina
905 4744 1218 4815 Scriptum,
1247 4745 1290 4801 si
1322 4746 1579 4819 θεοφόρος
1614 4757 1730 4803 erat
1756 4750 1957 4805 homo?
1982 4748 2038 4806 Si

471 4833 727 4904 templum
756 4844 810 4890 et
836 4836 951 4905 ipse
976 4835 1149 4893 factus
1173 4848 1257 4892 est
1280 4837 1396 4904 Dei,
1438 4839 1705 4909 quomodo
1727 4852 1780 4895 et
1808 4842 1861 4895 in
1890 4841 2042 4897 nobis

466 4925 635 4980 etiam
683 4924 932 4983 Christus
962 4929 1089 4983 est?
1137 4927 1357 4984 Sicutne
1403 4931 1658 5001 templum
1702 4932 1755 4986 in
1794 4933 2044 5003 templis?

470 5017 553 5071 An
580 5022 642 5071 ut
668 5014 811 5072 Deus
840 5017 1011 5088 magis
1035 5019 1088 5073 in
1115 5006 1327 5089 templis
1352 5036 1449 5090 per
1478 5019 1784 5091 Spiritum?
1822 5022 1879 5078 Si
1920 5022 2039 5077 θεο-

471 5103 637 5177 φόρος
673 5114 793 5161 erat
822 5108 1001 5175 homo,
1034 5120 1146 5163 cur
1173 5118 1256 5165 est
1282 5110 1451 5166 solius
1489 5110 1656 5181 ipsius
1680 5126 1876 5182 corpus
1904 5110 2041 5167 vivi-

474 5195 682 5252 ficum?
736 5195 1060 5268 Oportuerat
1127 5198 1274 5259 enim
1324 5200 1554 5260 aliorum
1611 5202 1772 5258 etiam
1815 5218 2041 5275 corpora

2154 4572 2210 4619 ct
2229 4562 2480 4633 sanguini
2504 4564 2548 4618 ¹.
2574 4581 2592 4614 ι
2632 4562 2909 4617 Allocutus
2932 4569 3014 4615 est
3042 4570 3223 4615 autem
3248 4574 3342 4616 eos
3375 4560 3467 4628 qui
3494 4564 3623 4611 sunt
3654 4570 3726 4609 ex

2153 4655 2317 4711 Israel
2345 4654 2583 4724 pontifex
2610 4654 2818 4725 Moyses
2849 4672 2862 4708 :
2901 4673 2919 4706 ι
2952 4653 3008 4708 1η
3038 4652 3374 4723 septuaginta
3398 4662 3453 4705 et
3483 4649 3727 4719 quinque

2146 4747 2430 4803 animabus
2457 4748 2846 4802 descenderunt
2887 4756 3066 4816 patres
3100 4745 3176 4799 tui
3219 4746 3271 4798 in
3305 4743 3597 4813 Egyptum
3620 4741 3662 4793 ³.
3701 4759 3719 4789 ι

2150 4838 2255 4895 Sed
2286 4854 2393 4893 non
2418 4839 2618 4894 idcirco
2642 4837 2862 4904 dixeris,
2891 4838 3035 4909 quod
3066 4836 3223 4891 nuda:
3244 4844 3299 4891 et
3324 4836 3438 4889 sine
3466 4832 3730 4887 carnibus

2150 4932 2342 4985 animm
2391 4930 2443 4985 in
2499 4929 2784 5000 Egyptum
2824 4914 3229 4994 descenderint;
3268 4940 3364 4981 nec
3394 4939 3555 4995 porro
3581 4923 3728 4991 quod

2148 5022 2399 5079 inanimis
2453 5022 2792 5090 corporibus,
2853 5029 2909 5075 et
2966 5020 3097 5075 solis
3152 5017 3435 5081 carnibus,
3486 5014 3729 5068 salutare

2147 5128 2303 5168 suum
2339 5112 2480 5168 Deus
2513 5112 2816 5169 indulserit.
2855 5111 3078 5179 Quoties
3115 5110 3277 5182 igitur
3309 5108 3557 5162 audimus
3599 5120 3709 5159 ca:-

2150 5219 2271 5260 nem
2301 5206 2503 5268 factum
2533 5217 2653 5261 esse
2683 5203 2943 5271 Verbum,
2981 5203 3250 5257 hominem
3280 5199 3629 5269 intelligimus
3654 5212 3724 5251 ex

546 5352 616 5424 “ff
640 5353 807 5424 ,Joan.
836 5350 899 5424 it1
918 5349 1023 5424 25.
1074 5351 1128 5424 ff
1145 5350 1292 5424 Psal.
1319 5367 1495 5424 xxx",
1516 5353 1611 5424 illi.
1683 5355 1728 5388 "
1759 5354 1949 5411 Matth.
1978 5371 2054 5421 Ix,
2081 5356 2133 5412 6.
2210 5358 2255 5389 “
2285 5356 2473 5417 Matth.
2500 5372 2552 5424 v,
2575 5356 2663 5412 32.
2740 5359 2786 5391 ”
2824 5358 2975 5411 Deut.
3004 5371 3078 5419 vr,
3106 5354 3190 5407 i5.
3219 5423 3226 5424 ί
3273 5355 3320 5386 ⁸⁸
3354 5350 3516 5424 Πρὶν.
3542 5368 3604 5411 tt.
3635 5350 3722 5424 id.

473 5421 518 5453 ”
556 5419 717 5484 Hebr,
758 5436 835 5485 ιε,
871 5419 960 5477 26.
1069 5422 1116 5453 ⁸⁸
1153 5420 1313 5483 Hebr.
1374 5438 1427 5483 x,
1467 5423 1557 5489 28,
1600 5426 1690 5481 29.

477 5492 497 5521 ’
536 5489 711 5546 Galat.
754 5506 794 5556 ι,
836 5490 922 5545 i6.
997 5490 1020 5523 ⁸
1056 5489 1209 5546 Deut.
1251 5507 1308 5557 x,
1346 5491 1437 5547 2‘2.

1800 5426 1843 5458 ⁸⁷
1885 5425 2039 5484 Hebr.

2143 5445 2171 5493 ι,
2213 5427 2299 5486 16.
2373 5427 2420 5459 ⁸⁸
2458 5421 2591 5489 ibid.
2654 5429 2738 5483 l4.
2814 5430 2857 5461 ”
2885 5425 3045 5483 Joan.
3088 5440 3127 5490 I,
3176 5423 3255 5479 14.
3336 5424 3351 5454 ί
3388 5421 3519 5478 Luc.
3548 5437 3635 5487 ttt,
3667 5422 3719 5474 6.

2752 5596 2797 5613 A—I“

548 5670 626 5746 (t)
665 5672 891 5729 Videtur
916 5673 1116 5746 aliquid
1153 5673 1241 5733 hic
1263 5672 1482 5741 deesse;
1515 5675 1588 5739 id.
1638 5673 1847 5741 ooinor,
1897 5672 2038 5744 quod
2077 5674 2394 5735 Anastasius
2463 5676 2669 5735 Sinaita
2697 5685 2961 5733 memorat
2994 5693 3058 5734 oe
3097 5688 3294 5736 statere
3360 5678 3411 5734 in
3461 5676 3725 5734 tributum

474 5742 760 5813 pensitato.
