4038 6640
383 408 542 490 isses

1386 414 1444 468 S.
1483 404 1761 467 CYRILLI
1797 397 2271 459 ALEXANDle
2308 401 2610 460 ARCHIEP

3521 393 3667 451 με.

472 537 713 607 Denique
746 533 907 590 etiam
954 532 1172 587 divinus
1214 529 1416 585 Paulus
1461 528 1539 582 ait
1591 526 1659 580 de
1707 522 1930 578 Christo
1960 538 1972 574 :
2003 521 2054 580 Α
2086 540 2105 573 ι
2133 520 2303 575 Amen
2342 518 2464 575 dico
2512 517 2689 585 vobis,
2725 524 3013 585 antequam
3052 514 3329 569 Abraham
3364 521 3529 576 esset,
3561 526 3667 582 ego

383 648 428 723 ξι
462 630 623 700 Ergo,
648 626 841 681 fratres
868 625 1062 688 sancti,
1086 620 1386 703 vocationis
1410 617 1643 673 caelestis
1664 613 1972 686 participes,

384 698 743 784 Tconsiderate
796 713 1097 786 apostolum
1149 723 1204 767 et
1256 698 1572 781 pontiﬁcem
1623 702 2048 762 confessioniso.

404 820 605 868 nostra;
654 806 838 864 Jesum
861 806 905 860 '.
940 825 959 859 ι
1003 804 1386 860 Animadverte
1428 807 1607 857 autem
1643 798 1808 869 quod,
1855 809 1977 851 cum

404 918 527 960 eum
574 899 971 956 ministrantem
1020 894 1301 951 hominum
1348 906 1499 949 more
1541 889 1811 954 ostendit,
1854 885 1982 941 licet

406 1002 596 1048 natura
628 991 699 1047 sit
725 989 887 1052 Deus,
920 995 1050 1041 tune
1084 984 1136 1042 ei
1167 986 1330 1041 etiam
1374 982 1609 1038 ofﬁcium
1652 977 1982 1050 apostolatus

404 1080 651 1146 attribuit
689 1099 703 1136 :
747 1077 885 1134 nihil
928 1086 1130 1142 autem,
1158 1084 1217 1132 ut
1247 1085 1372 1131 ante
1409 1074 1664 1138 diximus,
1690 1070 1980 1126 absurdum

406 1182 509 1237 est,
544 1172 590 1227 si
628 1170 770 1225 Deus
798 1167 1033 1224 Verbum
1071 1166 1210 1221 mitti
1257 1166 1420 1222 etiam
1467 1163 1677 1220 dicatur
1719 1177 1748 1216 a
1787 1159 1980 1227 Patre;

408 1262 593 1334 implet
622 1275 857 1330 namque
886 1258 1191 1315 certissime
1231 1255 1436 1322 omnia,
1471 1264 1525 1312 et
1572 1254 1703 1309 nulli
1743 1252 1861 1308 loco
1891 1263 1988 1321 pe-

411 1354 554 1410 nitus
579 1351 731 1407 deest
762 1367 777 1413 :
809 1365 910 1407 nos
952 1363 1081 1403 vero
1126 1347 1373 1402 humanis
1416 1345 1643 1401 vocibus
1676 1341 1856 1398 divina
1900 1339 1985 1396 in.

412 1451 792 1513 terpretantes,
822 1439 1232 1510 ﬁgurationibus
1265 1435 1509 1508 corporis
1540 1433 1863 1491 immortalis
1893 1445 1989 1486 na-

414 1545 548 1590 turae
572 1533 1027 1603 dispensationem
1057 1531 1292 1587 solemus
1318 1527 1638 1597 intelligere.

486 1625 729 1694 Denique
779 1638 901 1680 cum
956 1631 1177 1679 sanctus
1232 1619 1467 1689 Spiritus
1515 1616 1697 1672 omnia
1752 1615 1989 1686 impleat,

415 1716 601 1772 scribit
636 1715 827 1770 beatus
860 1712 1079 1777 Paulus,
1110 1720 1166 1767 et
1212 1711 1344 1765 dicit
1394 1728 1407 1764 :
1445 1727 1463 1760 ι
1496 1708 1760 1775 Quoniam
1810 1716 1989 1759 autem

416 1811 547 1863 estis
582 1806 698 1871 lilii,
739 1804 887 1860 misit
939 1803 1082 1859 Deus
1131 1801 1391 1873 Spiritum
1437 1799 1560 1854 Filii
1609 1799 1690 1854 sui
1730 1799 1782 1851 in
1830 1796 1992 1851 corda

2079 625 2199 667 sum
2238 612 2383 665 ‘°-“.
2429 629 2449 665 ι
2499 607 2780 676 Quomodo
2826 606 2971 661 enim
3008 604 3167 659 aliter
3215 614 3345 659 ante
3386 604 3665 657 Abraham

2079 712 2222 765 erat,
2253 701 2345 771 qui
2377 699 2558 753 multis
2587 706 2709 768 post
2748 696 3078 765 temporibus
3106 694 3407 749 secundum
3439 705 3670 746 carnem

2079 803 2238 847 natus
2273 791 2402 845 est?
2441 790 2586 845 Satis
2622 798 2800 843 autem
2844 789 3009 859 ipsos,
3037 795 3097 841 ut
3124 785 3338 854 opinor,
3376 784 3673 850 redarguet

2082 882 2299 938 divinus
2324 880 2561 938 Joannes
2584 881 2767 935 dicens
2796 898 2811 935 :
2840 898 2857 931 ι
2881 880 2982 933 Hic
3003 885 3139 943 erat,
3163 876 3231 929 de
3250 888 3356 943 quo
3381 886 3487 943 ego
3512 871 3625 926 dixi
3656 889 3669 923 :

2084 974 2210 1029 Post
2234 988 2320 1027 me
2344 974 2488 1028 venit
2512 972 2616 1038 vir,
2641 972 2730 1041 qui
2760 980 2885 1026 ante
2917 984 3003 1025 me
3025 967 3204 1023 iactus
3226 975 3330 1029 est,
3357 964 3482 1034 quia
3515 963 3678 1033 prior

2082 1080 2168 1121 me
2200 1076 2318 1120 erat
2341 1064 2401 1119 ”.
2445 1082 2465 1116 ι

2158 1155 2343 1228 794⁵
2382 1152 2868 1210 Praetermittcntes
2909 1149 3075 1222 igitur
3114 1148 3171 1203 in
3220 1162 3278 1203 re
3317 1155 3425 1200 tam
3474 1141 3679 1197 frivola

2086 1249 2205 1304 sine
2231 1262 2396 1302 causa
2437 1253 2672 1311 certare,
2712 1246 2779 1299 ad
2816 1244 2944 1299 illud
2980 1240 3150 1310 magis
3185 1236 3491 1298 veniamus,
3523 1232 3679 1303 quod

2086 1340 2248 1394 etiam
2288 1336 2634 1394 emolumenti
2681 1334 2886 1403 aliquid
2926 1332 3099 1404 possit
3127 1328 3344 1391 aﬂ'erre,
3385 1341 3453 1381 ne
3496 1324 3683 1377 mole-

2086 1436 2170 1483 ste
2207 1425 2385 1482 ferant
2421 1423 2662 1480 nonnulli
2702 1422 3006 1486 audientes,
3046 1432 3167 1473 esse
3212 1424 3451 1470 sanctam
3489 1409 3680 1478 Virgio

2089 1533 2214 1573 nem
2255 1516 2538 1581 Θεοτόκον,
2578 1530 2678 1570 nec
2709 1510 3108 1569 incredulitatis
3146 1506 3382 1563 Judaicm
3408 1518 3540 1558 suas
3570 1516 3682 1570 op-

2090 1610 2275 1682 pleant
2300 1618 2529 1673 mentes,
2555 1607 2665 1661 imo
2688 1620 2816 1660 vero
2852 1603 3013 1658 etiam
3037 1599 3314 1671 paganica:
3348 1596 3676 1666 impietatis.

2092 1701 2259 1757 Judaei
2303 1699 2499 1755 etenim
2550 1696 3004 1769 aggrediebantur
3052 1692 3325 1748 Christum
3372 1687 3677 1742 dicentes:

2100 1813 2119 1846 ι
2149 1792 2227 1848 De
2259 1793 2402 1848 bono
2428 1804 2589 1861 opere
2614 1805 2720 1845 non
2757 1788 3057 1858 lapidamus
3087 1792 3171 1849 te;
3200 1782 3294 1837 sed
3318 1781 3385 1834 de
3414 1778 3682 1847 blasphe-

416 1906 623 1962 nostra,
642 1896 694 1951 in
727 1909 833 1965 quo
856 1893 1149 1949 clamamus
1175 1871 1193 1946 ξ
1217 1891 1369 1946 Abba
1397 1889 1554 1945 Pater
1576 1888 1616 1942 ⁸.
1641 1906 1660 1939 ›
1700 1888 1787 1941 Ait
1810 1895 1987 1940 autem
2021 1872 2064 1932 Β
2092 1885 2223 1950 mia,
2250 1883 2391 1953 quod
2413 1896 2532 1937 cum
2556 1880 2633 1935 sis
2655 1880 2842 1942 homo,
2865 1876 3000 1931 facis
3022 1883 3075 1929 te
3106 1874 3274 1928 Deum
3294 1871 3358 1927 ".
3395 1889 3414 1922 ι
3446 1872 3512 1925 At
3541 1881 3683 1922 vero

417 1997 471 2043 et
503 1987 621 2057 ipse
651 1985 899 2041 Salvator
931 2002 945 2037 :
979 2002 996 2034 ι
1030 1980 1257 2052 Expedit
1284 1978 1456 2045 vobis,
1487 1989 1544 2031 ut
1572 1991 1669 2046 ego
1693 1990 1842 2039 eam;
1870 1988 1992 2027 nam

418 2080 606 2133 sinon
655 2076 863 2140 abiero,
905 2072 1221 2128 Paracletus
1272 2086 1378 2126 non
1424 2069 1602 2125 veniet
1638 2068 1704 2121 ad
1750 2082 1844 2120 vos
1883 2065 1924 2118 ⁷.
1970 2080 1991 2115 ›

408 2165 644 2236 Oportet
666 2164 830 2236 igitur
854 2164 921 2219 ad
945 2164 1210 2219 rationem
1236 2162 1454 2231 pietatis
1474 2158 1653 2214 omnia
1679 2157 1993 2218 referentes,

417 2265 563 2310 certa
592 2254 919 2325 cogitatione
950 2252 1147 2308 sectari
1191 2270 1204 2306 :
1242 2252 1294 2305 id
1332 2249 1476 2306 enim
1521 2248 1779 2304 facientes
1817 2245 1999 2300 nobis-

420 2346 664 2416 metipsis
694 2344 929 2404 maxime
955 2341 1337 2413 profuerimus.

1018 2520 1167 2575 CAP.
1208 2518 1399 2575 XXVI.

526 2656 800 2722 memoria
834 2655 1149 2726 intelligitur
1185 2654 1448 2718 Θεοτόκος
1483 2651 1645 2722 Virgo
1680 2664 1885 2708 sancta.

490 2789 691 2844 Natum.
716 2797 797 2844 est
827 2787 1051 2858 quidem
1074 2786 1524 2843 inaaStimabiliter
1554 2784 1789 2841 Verbum
1826 2784 1916 2838 Dei
1946 2794 1999 2840 et

423 2879 632 2945 Patris;
666 2890 718 2935 et
752 2882 865 2935 haec
893 2880 1170 2950 generatio
1212 2893 1426 2935 omnem
1459 2890 1675 2932 sensum
1716 2877 2001 2945 cogitatio-

424 2986 657 3041 nemque
693 2972 1046 3036 transcendit,
1082 2980 1137 3026 et
1167 2979 1249 3026 est
1281 2969 1604 3040 incorporali
1632 2977 1839 3022 natura:
1868 2984 2001 3021 con-

425 3064 668 3117 veniens.
694 3062 1080 3117 Verumtamen
1123 3061 1177 3115 id
1220 3063 1361 3131 quod
1398 3069 1582 3115 natum
1620 3068 1726 3125 est,
1754 3060 2001 3129 proprius
2027 3031 2073 3091 c

427 3162 611 3222 partus
638 3153 957 3221 intelligitur
979 3152 1274 3216 Genitoris,
1291 3160 1343 3206 et
1371 3151 1608 3222 ejusdem
1638 3165 1758 3203 cum
1791 3164 1855 3205 eo
1879 3151 2005 3203 sub-

428 3245 677 3309 stantiae;
732 3244 959 3312 ideoque
998 3243 1161 3299 etiam
1192 3242 1361 3298 Filius
1412 3243 1738 3303 nominatur,
1791 3242 2008 3295 nomine

429 3336 635 3390 scilicet
674 3336 946 3390 indicante
978 3336 1127 3405 quasi
1177 3350 1359 3389 veram
1402 3337 1781 3404 sinceramque
1813 3348 2009 3399 proge-

431 3426 572 3478 niem
592 3442 612 3491 ;Δ
645 3424 737 3479 sed
767 3440 889 3478 cum
916 3425 987 3478 sit
1014 3424 1165 3477 vivus
1196 3422 1250 3477 in
1281 3434 1542 3478 mternum
1572 3420 1753 3486 Pater,
1789 3436 2011 3475 necesse

433 3524 538 3581 est,
570 3530 688 3567 cum
719 3528 933 3583 quoque
964 3514 1150 3569 vivere
1188 3515 1240 3569 in
1269 3524 1552 3580 teternum,
1600 3523 1817 3584 propter
1848 3529 2009 3581 quem

433 3614 517 3657 est
572 3603 749 3658 Pater.
802 3604 969 3672 Igitur
1021 3622 1039 3655 ‹
1077 3604 1132 3658 ln
1186 3604 1453 3673 principio
1500 3613 1618 3657 erat
1650 3604 1906 3666 Verbum,
1958 3612 2012 3655 et

435 3695 577 3749 Deus
624 3705 741 3749 erat
795 3695 1059 3761 Verbum,
1100 3705 1153 3749 et
1202 3703 1319 3749 erat
1370 3695 1533 3749 etiam
1591 3692 1824 3748 Verbum
1870 3696 2011 3762 apud

436 3786 602 3841 Deum
636 3786 683 3849 ⁸η,
712 3804 733 3838 ι
768 3796 825 3840 ιιι
849 3786 1278 3856 sapientissimus
1318 3786 1652 3856 Evangelista
1689 3799 2016 3840 commemo—

437 3887 544 3933 rat.
589 3876 645 3934 ln
683 3877 1145 3933 consummatione
1188 3886 1368 3930 autem
1416 3886 1736 3946 temporum,
1794 3886 2015 3945 propter

439 3984 539 4029 nos
566 3970 833 4031 homines,
868 3978 923 4023 et
961 3978 1184 4038 propter
1222 3977 1462 4022 nostram
1500 3970 1724 4023 salutem
1764 3969 2016 4023 incarna-

443 4072 554 4116 tum
587 4070 688 4127 est,
731 4069 786 4115 et
816 4061 975 4114 homo
1016 4069 1101 4114 est
1146 4059 1383 4125 factum;
1432 4075 1535 4113 non
1580 4060 1831 4115 amittens
1874 4059 2015 4124 quod

440 4160 583 4217 erat,
614 4150 705 4207 sed
739 4150 979 4205 retinens
1024 4147 1494 4204 iuconvertibilem
1538 4163 1688 4202 suam
1742 4159 2014 4213 naturam,

444 4250 501 4297 ct
528 4256 741 4311 semper
762 4241 813 4295 in
843 4238 1144 4295 divinitatis
1172 4239 1389 4310 fastigio
1421 4239 1770 4303 collocatam;
1800 4238 2019 4293 subiens

2096 1975 2192 2030 lilii
2248 1987 2577 2044 paganorum
2630 1969 2889 2025 Ecclesiae
2935 1969 3185 2035 dogmata
3228 1962 3522 2023 derident,
3573 1974 3681 2011 ao—

2096 2067 2303 2122 dientes
2331 2079 2396 2119 ex
2422 2064 2645 2118 muliere
2671 2060 2840 2115 Deum
2883 2072 3005 2113 esse
3042 2056 3417 2126 progenitum;
3460 2052 3557 2107 sed
3596 2049 3681 2103 illi

2097 2159 2313 2223 quidem
2346 2171 2458 2210 suae
2486 2154 2771 2209 dementiae
2812 2151 3047 2207 exedent
3088 2149 3323 2210 fructus,
3357 2156 3413 2199 et
3452 2144 3685 2200 audient

2098 2268 2127 2306 a
2184 2251 2337 2307 nobis
2367 2267 2383 2303 :
2417 2267 2436 2301 ι
2467 2246 2678 2303 Stultus
2729 2244 2890 2299 stulte
2942 2243 3198 2312 loquitur,
3256 2249 3311 2292 et
3361 2252 3457 2292 eor
3505 2236 3684 2303 ipsius

2098 2358 2232 2399 vana
2264 2341 2543 2410 intelliget.
2573 2358 2591 2390 ι
2633 2337 2814 2391 Nostri
2855 2335 2999 2389 enim
3052 2331 3294 2403 mysterii
3339 2328 3504 2390 ratio,
3548 2327 3685 2380 licet

2097 2434 2297 2490 Iudaeis
2338 2435 2411 2487 sit
2448 2429 2783 2493 scandalum,
2828 2426 3079 2497 gentibus
3113 2432 3291 2478 autem
3332 2420 3565 2476 stultitia
3590 2420 3681 2482 “;

2100 2525 2253 2579 nobis
2283 2532 2481 2589 tamen,
2529 2521 2672 2591 quod
2708 2518 2933 2583 scimus,
2958 2530 3086 2570 vere
3123 2524 3207 2570 est
3250 2510 3592 2573 admirabile,
3624 2516 3688 2562 et

2099 2615 2356 2679 salutare,
2388 2622 2443 2665 et
2475 2610 2850 2680 dignissimum
2880 2605 3025 2660 credi
3059 2624 3071 2659 :
3101 2613 3156 2660 et
3193 2603 3240 2659 si
3270 2611 3414 2658 esset
3454 2599 3691 2653 omnino

2099 2704 2409 2774 quisquam,
2436 2701 2526 2772 qui
2564 2701 2745 2755 dicere
2780 2698 3029 2762 auderet,
3071 2697 3210 2750 hanc
3242 2708 3465 2749 carnem
3505 2701 3685 2746 terre-

2101 2810 2222 2849 nam
2262 2794 2416 2848 nudae
2463 2792 2761 2847 divinitatis
2799 2790 2969 2844 fuisse
3020 2786 3358 2858 genitricem,
3414 2794 3469 2839 et
3510 2797 3580 2837 ex
3614 2796 3688 2837 ea

2100 2895 2346 2941 creatura
2394 2884 2542 2939 omni
2580 2880 2914 2951 superiorem
2965 2887 3146 2932 natam
3194 2875 3364 2930 fuisse
3401 2884 3685 2937 naturam,

2102 2976 2312 3031 insania
2347 2976 2397 3028 id
2436 2983 2583 3029 esset
2612 2982 2666 3027 et
2709 2971 2882 3025 furor.
2922 2966 3109 3037 Neque
3141 2967 3285 3021 enim
3334 2980 3402 3019 ex
3437 2964 3688 3019 terradi-

2109 3069 2230 3121 vina
2257 3076 2339 3121 est
2372 3065 2511 3119 facta
2536 3073 2765 3126 natura;
2803 3075 2903 3115 nec
2940 3058 3289 3128 corruptibile
3321 3056 3692 3123 incorruptio-

2107 3158 2193 3214 nis
2226 3158 2376 3212 radix
2432 3170 2668 3225 unquam
2717 3152 2849 3217 liet;
2894 3165 2995 3205 nec
3041 3148 3351 3204 mortalitas
3393 3147 3570 3215 pariet
3604 3145 3691 3198 vi-

2109 3258 2218 3303 tam
2247 3264 2263 3313 ;
2296 3261 2397 3301 nec
2427 3244 2673 3311 corporis
2703 3238 2999 3295 tractabilis
3047 3236 3386 3307 incorporale
3434 3235 3526 3289 [iet
3555 3248 3687 3303 gero

2110 3355 2269 3403 men;
2303 3353 2402 3391 nec
2446 3336 2744 3391 increatum
2781 3348 2810 3388 a
2859 3340 3043 3387 creato
3078 3337 3364 3384 nascetur"
3403 3341 3503 3382 nec
3539 3324 3690 3381 quod

2111 3431 2316 3498 absque
2346 3427 2517 3489 initio,
2553 3426 2617 3479 ab
2645 3439 2709 3479 eo
2734 3424 2876 3493 quod
2909 3423 3070 3476 habet
3094 3420 3327 3475 initium.

2186 3522 2381 3575 Verum
2427 3517 2686 3587 quoniam
2741 3514 2833 3569 Dei
2876 3513 3109 3568 Verbum
3150 3512 3303 3581 juxta
3350 3525 3448 3566 nos
3486 3510 3692 3564 factum

2113 3626 2232 3666 esse
2261 3609 2617 3674 allirntamus,
2648 3614 2701 3661 et
2731 3605 2931 3659 nostris
2960 3604 3279 3673 corporibus
3307 3617 3501 3671 corpus
3534 3616 3697 3655 sum-

2118 3702 2292 3770 psisse
2349 3697 2649 3761 consimile,
2702 3697 2866 3765 idque
2913 3693 3015 3748 sibi
3066 3693 3347 3748 verissime
3396 3692 3693 3756 adunasse,

2117 3806 2314 3846 arcana
2356 3788 2817 3858 incnarrabilique
2849 3789 3083 3853 ratione,
3112 3796 3165 3841 et
3190 3787 3271 3841 sic
3301 3785 3574 3840 hominem
3611 3782 3691 3836 fa-

2115 3892 2262 3936 ctum
2294 3880 2588 3935 carnaliter
2612 3889 2797 3933 natum
2828 3894 2970 3943 esse,
3001 3878 3129 3948 quid
3154 3875 3443 3931 absurdum
3476 3884 3584 3938 est,
3610 3874 3697 3930 vel

2119 3975 2262 4043 quod
2308 3972 2456 4028 credi
2504 3986 2609 4026 non
2657 3972 2883 4027 debeat?
2924 3972 3057 4026 Cum
3106 3970 3407 4041 praesertim
3457 3970 3699 4025 hominis

2121 4066 2323 4129 anima,
2357 4074 2413 4116 ut
2441 4062 2741 4131 smpissime
2765 4063 3024 4127 diximus,
3060 4076 3183 4117 cum
3211 4062 3281 4117 sit
3322 4069 3529 4114 natura:
3558 4060 3697 4113 alte-

2120 4159 2234 4212 rius
2259 4166 2452 4225 prazter
2480 4169 2696 4224 corpus,
2727 4163 2981 4209 nascatur
3014 4164 3193 4209 tamen
3238 4168 3359 4208 cum
3394 4153 3533 4222 ipso,
3570 4165 3699 4206 eum

2121 4248 2192 4303 sit
2239 4247 2288 4302 ei
2333 4247 2588 4309 adunata,
2640 4260 2740 4301 nec
2781 4246 3069 4315 quisquam
3108 4245 3404 4300 arbitretur
3442 4253 3694 4297 naturam

449 4343 629 4389 tamen
661 4340 882 4402 prepter
909 4346 1007 4386 nos
1040 4332 1436 4401 dispensatorie
1470 4331 2016 4396 exinanitatem;ncc
2049 4361 2094 4418 υ
2123 4340 2364 4408 corporis
2399 4341 2593 4392 animas.
2639 4338 2852 4393 ίηῑιῖυιη
2902 4339 3147 4408 ρτωδθιιθ
3183 4340 3538 4403 substantia;
3599 4340 3693 4392 sed

445 4425 781 4481 inhonorans
829 4422 925 4495 [id
975 4434 1085 4489 est,
1133 4440 1237 4480 non
1288 4420 1630 4494 despiciens]
1682 4422 2014 4491 pauperiem,

445 4530 564 4585 quae
611 4515 861 4568 humana:
909 4522 1113 4568 natura:
1145 4515 1396 4578 convenit
1440 4530 1455 4567 :
1502 4527 1623 4566 nam
1660 4529 1681 4564 ε
1710 4527 1832 4567 cum
1877 4518 2018 4565 esset

443 4605 615 4668 dives,
644 4619 845 4674 pauper
869 4614 951 4659 est
985 4604 1181 4667 l‘actus,
1212 4602 1352 4657 sicut
1379 4603 1639 4671 scriptum
1672 4610 1756 4655 est
1786 4619 1798 4655 :
1831 4612 1890 4655 ut
1920 4614 2018 4655 nos

442 4703 760 4763 paupertate
813 4694 930 4762 ejus
969 4694 1161 4750 divites
1210 4707 1452 4749 essemus
1502 4696 1542 4746 ο.
1580 4711 1600 4745 ι
1665 4691 1885 4746 Factum
1938 4698 2021 4744 est

447 4788 612 4856 igitur
648 4786 830 4849 homo,
864 4795 918 4839 et
947 4783 1347 4855 generationem
1375 4799 1440 4839 ex
1467 4783 1688 4838 muliere
1706 4797 1923 4852 passum
1942 4781 2022 4833 di-

447 4877 606 4931 citur.
641 4874 806 4944 Igitur
832 4884 1116 4943 pr0pterea
1139 4874 1281 4943 quod
1326 4889 1392 4928 ex
1426 4883 1608 4929 sancta
1649 4872 1864 4943 Virgine
1899 4886 2022 4927 vere

446 4967 551 5024 sibi
572 4969 864 5024 adunatum
887 4980 1082 5035 corpus
1106 4966 1417 5034 acceperit;
1452 4965 1573 5019 inde
1611 4965 1871 5017 Θεοτόκον
1902 4978 2022 5018 esse

450 5055 680 5110 dicimus
722 5053 995 5124 Virginem
1038 5063 1305 5119 sanctam,
1345 5054 1470 5122 quia
1515 5053 1565 5106 id
1615 5056 1869 5119 humane,
1915 5053 2029 5110 sive

451 5147 747 5208 secundum
772 5160 989 5199 carnem
1023 5145 1254 5214 peperit,
1282 5144 1409 5199 licet
1433 5145 1656 5200 haberet
1678 5153 1803 5199 ante
1831 5146 2028 5201 saecula

452 5240 854 5308 generationem
885 5255 950 5294 ex
978 5236 1161 5301 Patre,

523 5327 745 5396 Opinari
788 5337 967 5383 autem
1018 5325 1307 5382 nonnullos
1351 5323 1589 5380 Verbum
1638 5326 1763 5382 hinc
1814 5326 2026 5381 initium

376 5412 381 5417 ’
458 5418 625 5476 fuisse
658 5421 931 5485 sortitum,
978 5435 1098 5475 cum
1143 5417 1307 5473 homo
1341 5417 1413 5472 sit
1462 5416 1687 5481 factum,
1738 5418 2030 5486 impietatis

453 5520 539 5564 est
584 5510 889 5582 lurorisque
938 5509 1331 5579 plenissimum.
1384 5506 1489 5563 Eos
1535 5510 1732 5563 etenim
1774 5508 2032 5577 insipien-

433 5645 437 5649 ι
460 5602 697 5661 tissimos
719 5618 861 5668 esse,
886 5601 1203 5658 monstravit
1233 5603 1346 5671 ipse
1368 5600 1615 5656 Salvator
1635 5601 1700 5653 de
1721 5614 1778 5654 se
1806 5598 2029 5656 dicens:

526 5764 547 5795 ⁸
579 5762 743 5817 llebr.
790 5778 874 5820 tn.
919 5764 967 5816 l.

1045 5763 1065 5791 ⁸
1104 5760 1278 5816 Galat.
1312 5777 1384 5824 tv,
1428 5762 1478 5814 6.

456 5828 503 5864 δ’
538 5831 697 5889 Joan.
740 5850 777 5901 t,
808 5832 896 5887 50.

976 5830 1018 5862 ’⁸
1051 5830 1203 5886 Joan.
1236 5847 1285 5895 tt,
1314 5831 1403 5884 9.5.

1555 5761 1573 5791 "
1613 5758 1766 5814 Joan.
1809 5773 1918 5820 xvi,
1952 5760 2003 5814 7.

1484 5830 1525 5860 “
1558 5831 1573 5884 l
1613 5828 1738 5885 Cor.
1770 5843 1809 5894 t,
1838 5830 1929 5887 25.

2079 5764 2103 5795 ⁸
2133 5764 2289 5821 Joan.
2328 5782 2364 5832 ι,
2403 5766 2448 5819 l.

2119 4428 2362 4487 immittit
2392 4429 2605 4498 quidem
2637 4428 2805 4498 ipsam
2837 4428 3284 4484 iuaestimabiliter
3316 4430 3454 4484 Deus
3488 4430 3542 4482 in
3574 4444 3697 4482 cor-

2121 4536 2241 4593 pus,
2273 4530 2324 4575 et
2369 4534 2491 4573 cum
2544 4519 2658 4587 ipso
2697 4520 2861 4574 etiam
2906 4519 3185 4574 nascitur:
3215 4534 3378 4573 unum
3412 4528 3597 4573 tamen
3630 4534 3697 4573 ex

2123 4620 2352 4679 utroque
2382 4608 2581 4662 animal
2610 4608 2919 4671 delinimus,
2950 4606 3221 4662 hominem
3267 4608 3493 4662 scilicet.
3533 4605 3699 4677 Igitur

2125 4702 2362 4758 Verbum
2405 4700 2620 4770 quidem
2669 4700 2811 4754 Dens
2859 4708 2999 4763 erat,
3046 4698 3251 4753 factum
3284 4708 3368 4753 est
3415 4708 3597 4751 autem
3644 4704 3700 4749 et

2126 4791 2313 4852 homo,
2350 4800 2401 4845 et
2423 4788 2548 4858 quia
2580 4796 2759 4841 natum
2783 4796 2866 4841 est
2894 4786 3190 4842 secundum
3216 4799 3453 4846 carnem,
3484 4791 3702 4849 propter

2130 4883 2523 4938 humanitatem
2572 4878 2937 4933 necessarium
2981 4888 3086 4940 est,
3138 4890 3198 4931 ut
3233 4890 3352 4945 quae
3393 4874 3567 4942 ipsum
3605 4887 3703 4939 pe-

2129 4978 2290 5047 perit,
2321 4976 2394 5028 sit
2423 4972 2715 5034 Θεοτόκοςε
2751 4986 2872 5024 nam
2897 4970 2941 5023 si
2971 4985 3076 5023 non
3107 4970 3313 5038 peperit
3338 4968 3528 5031 Deum,
3554 4974 3703 5019 certe

2133 5082 2235 5121 nec
2272 5066 2481 5119 dicetur
2530 5062 2690 5125 Deus,
2724 5059 2814 5128 qui
2849 5067 2932 5113 est
2973 5058 3039 5111 ab
3081 5060 3194 5126 ipsa
3240 5057 3587 5128 progenitus;
3619 5055 3699 5107 sin

2133 5172 2263 5210 vero
2295 5156 2460 5209 Deum
2496 5153 2666 5219 ipsum
2708 5151 2904 5205 divinte
2938 5148 3235 5215 Scriptura:
3267 5146 3565 5207 nominant,
3612 5160 3700 5212 pe-

2136 5247 2273 5314 perit
2304 5246 2417 5314 ipsa
2467 5243 2632 5297 Deum
2677 5241 2945 5296 haminem
2993 5240 3216 5299 factum,
3246 5238 3505 5306 siquidem
3544 5238 3701 5288 homo

2135 5337 2292 5390 aliter
2333 5335 2447 5389 lieri
2495 5350 2600 5387 non
2650 5342 2848 5400 posset,
2902 5331 3003 5384 nisi
3056 5345 3151 5397 per
3198 5330 3597 5397 generationem
3637 5342 3698 5382 ex

2136 5426 2381 5482 muliere.
2416 5425 2697 5491 Quomodo
2732 5423 2895 5493 igitur
2924 5435 3030 5474 non
3060 5421 3153 5483 sit,
3193 5434 3310 5488 qua:
3345 5419 3513 5487 ipsum
3541 5433 3699 5486 pepe-

2136 5516 2550 5586 rit,jOsocdxog?
2573 5514 2723 5580 Quod
2746 5522 2923 5565 autem
2962 5513 3101 5566 Deus
3130 5512 3200 5566 sit
3228 5525 3404 5576 verus,
3433 5510 3523 5581 qui
3549 5517 3702 5565 natus

2138 5607 2262 5663 inde
2288 5615 2388 5669 est,
2423 5620 2485 5660 ex
2517 5603 2699 5659 divina
2742 5602 3022 5670 Scriptura
3053 5599 3331 5654 discimus.

2525 5766 2543 5795 θ
2578 5762 2615 5819 ll
2655 5762 2774 5817 Cor.
2813 5776 2928 5827 vtu,
2972 5760 3022 5813 9.
3107 5762 3223 5794 ‘°'“
3256 5758 3407 5817 Joan.
3454 5773 3570 5822 rm,
3610 5755 3697 5812 58.
