4038 6556
177 408 314 467 τιοι

758 513 912 572 CAP.
952 511 1165 568 XXVII.

710 630 866 684 Dicta
905 627 969 682 de
996 626 1231 681 Christo.

261 767 278 801 I
310 749 448 803 Ecce
495 745 646 814 virgo
688 744 740 798 in
775 752 930 797 utero
971 741 1222 810 accipiet,
1262 747 1317 792 et
1349 735 1520 803 pariet
1560 731 1752 792 illium,

183 853 234 894 ιί
279 839 554 894 vocabunt
594 850 789 891 nomen
820 833 938 903 eius
978 829 1288 886 Emmanuel
1317 829 1384 882 “'.
1420 846 1439 878 ι
1477 823 1754 891 Quomodo

183 946 316 999 ergo
347 931 397 984 id
429 927 571 998 quod
609 936 794 980 natum
828 937 913 980 est
949 938 1015 977 ex
1045 931 1228 977 sancta
1266 918 1505 988 Virgine,
1541 915 1757 968 Euima.

186 1023 309 1076 nuel
353 1021 683 1085 nominatur,
723 1032 846 1073 cum
890 1013 1228 1078 Emmanuel,
1258 1021 1315 1066 ut
1361 1019 1487 1063 ante
1515 1006 1646 1067 dixi,
1683 1004 1757 1058 si-

186 1114 410 1183 gniticet
458 1113 511 1167 iu
565 1121 750 1165 nostra
799 1118 990 1162 natura
1039 1115 1262 1177 prapter
1307 1117 1531 1159 carnem
1592 1098 1758 1152 fuisse

188 1204 448 1270 Verbum,
497 1203 638 1273 quod
688 1214 775 1257 est
821 1201 961 1255 Deus
1004 1215 1163 1254 verus
1199 1197 1266 1252 de
1313 1198 1418 1250 Deo
1453 1190 1620 1246 vero?
1652 1188 1758 1244 Sed

189 1299 364 1355 factus
400 1304 484 1352 est
514 1294 828 1351 Emmanuel
861 1312 875 1349 :
906 1291 1206 1350 exiuanivit
1245 1290 1390 1344 enim
1418 1302 1476 1340 se
1503 1284 1569 1348 ¹⁶.
1598 1297 1759 1351 gene-

188 1389 453 1445 rationem
484 1395 728 1442 nostram
758 1396 815 1441 et
853 1383 1084 1438 similem
1114 1396 1324 1451 passus,
1357 1394 1421 1432 ac
1450 1377 1529 1431 sic
1575 1373 1760 1429 uobis-

189 1496 316 1538 cum
364 1487 710 1534 conversatus
763 1485 865 1532 est.
908 1474 1048 1544 Ergo
1085 1480 1141 1528 et
1182 1472 1324 1525 Deus
1373 1469 1425 1523 in
1473 1480 1666 1531 carne,
1706 1472 1762 1520 et

190 1569 452 1634 Θεοτόκος
477 1583 602 1623 vere
629 1578 712 1623 est
752 1583 871 1636 quite
899 1581 1022 1620 eum
1052 1561 1365 1626 carnaliter,
1409 1561 1524 1615 sive
1563 1572 1761 1614 secun-

193 1664 322 1721 dum
353 1677 571 1720 carnem
612 1659 914 1731 generavit.

749 1772 901 1826 CAP.
959 1767 1196 1824 XXVIII.

881 1879 1064 1935 Aliud.

273 2019 293 2054 ι
322 2000 590 2069 Quomam
631 2011 820 2050 omnes
861 1992 1055 2047 stolam
1101 1989 1224 2046 dolo
1253 1995 1660 2058 congregatum,
1709 1992 1767 2040 et

190 2096 572 2151 vestimentum
611 2106 732 2144 cum
776 2071 1203 2142 commutatione
1250 2093 1532 2151 reponent,
1573 2090 1626 2134 et
1673 2093 1766 2132 vo-

191 2187 328 2252 lent,
355 2186 402 2239 si
445 2182 672 2236 fuissent
714 2179 801 2233 isti
853 2175 1152 2241 combusti;
1201 2174 1457 2244 quoniam
1507 2170 1763 2240 parvulus

189 2286 354 2334 natus
400 2283 485 2330 est
535 2271 712 2334 nobis,
752 2279 806 2324 et
856 2267 996 2320 Illius
1045 2266 1204 2320 datus
1247 2275 1328 2318 est
1383 2264 1560 2327 nobis,
1610 2261 1766 2331 cujus

189 2369 529 2440 principatus
580 2365 755 2418 factus
787 2371 870 2415 est
903 2359 955 2412 in
1003 2357 1229 2411 humero
1273 2355 1408 2424 ejus,
1455 2364 1508 2407 et
1545 2363 1768 2406 vocatur

192 2476 390 2518 nomen
418 2458 532 2526 eius
555 2457 733 2525 magni
762 2450 975 2508 consilii
1009 2448 1231 2502 mmtius
1256 2449 1322 2501 ".
1355 2466 1372 2498 ι
1409 2445 1599 2507 Audis,
1625 2442 1766 2511 quod

189 2567 333 2624 puer
365 2546 798 2624 uomiuatus_sit,
829 2542 1084 2614 quodque
1117 2539 1520 2610 generationem
1555 2538 1624 2592 sit
1664 2551 1769 2589 no-

193 2653 323 2699 stra:
368 2640 600 2697 similem
642 2619 852 2708 ρῗδειιε.
903 2635 974 2688 At
1008 2646 1128 2685 eum
1167 2645 1391 2700 puerum
1433 2628 1629 2682 caelum
1675 2640 1770 2696 per

191 2736 407 2792 stellam
440 2731 795 2788 clarissimam
823 2725 1113 2792 indicavit;
1143 2724 1281 2794 magi
1313 2723 1677 2776 adoraverunt
1700 2734 1770 2773 ex

192 2825 403 2882 ultimis
438 2833 596 2878 teme
619 2821 880 2876 limitibus
915 2819 1307 2880 adventantes;
1334 2813 1507 2882 angeli
1541 2811 1772 2881 pastori-

193 2917 299 2972 bus
325 2913 791 2985 evangelizabant,
823 2897 1169 2962 'Salvatorem
1203 2921 1322 2960 esse
1363 2914 1542 2958 natum
1583 2903 1769 2956 dicen-

196 3017 306 3072 tes,
337 3017 393 3062 et
418 3020 604 3075 pacem
641 3017 736 3057 nec
769 3017 874 3056 non
907 3001 1072 3056 etiam
1103 2999 1277 3053 Patris
1307 2997 1502 3051 bonam
1528 2999 1772 3050 volunta-

196 3108 308 3156 tem
344 3098 730 3152 aununtiantes
758 3113 772 3148 :
815 3112 833 3146 ι
867 3092 965 3148 Est
997 3093 1172 3162 magni
1211 3091 1422 3146 consilii
1469 3089 1714 3142 nuntius.
1747 3105 1766 3138 ι

1093 395 1384 455 SCIIOIJA
1421 393 1509 448 DE
1541 384 2058 446 INCARNATlONE
2087 380 2460 440 UNIGENITI.

1778 505 1835 566 Α
1857 511 1941 558 est
1971 499 2314 557 benedictum
2350 496 2402 549 in
2447 504 2609 548 terra.
2644 490 2882 547 Observa
2915 493 3090 540 autem
3125 483 3268 551 quod
3305 497 3430 549 pro-

3293 364 3314 418 ι
3325 362 3432 421 403

1856 592 2030 665 priam
2065 592 2304 646 nominet
2336 595 2593 650 matrem,
2633 597 2751 650 qua
2780 595 2936 635 suum
2967 574 3175 646 peperit
3205 587 3430 638 corpus.

1856 685 1998 754 Ergo
2041 683 2084 738 si
2131 682 2299 736 Deum
2337 691 2522 732 verum
2568 689 2630 728 se
2667 686 2789 726 esse
2835 670 3137 738 cognoscit,
3174 665 3260 718 illa
3309 677 3431 732 quae

1855 794 1983 836 eum
2010 776 2304 832 carnaliter
2331 769 2562 841 peperit,
2591 765 2852 826 Θεοτὸκος
2879 762 3096 824 dicitur,
3129 768 3184 813 et
3211 755 3429 826 quidem

1858 868 2155 926 recte:sin
2201 880 2330 920 vero
2381 877 2484 916 non
2528 864 2612 914 est
2666 857 2831 920 Deus,
2865 853 2914 907 id
2966 852 3110 921 quod
3152 850 3431 910 audacter,

1861 961 1971 1016 imo
1993 959 2172 1029 potius
2194 954 2460 1010 scelerate
2484 944 2724 1005 nonnulli
2746 944 3007 1004 sentiunt,
3034 938 3236 1009 privari
3268 950 3432 1003 opor-

1862 1061 1940 1107 tet
1975 1027 2144 1120 ipsam
2184 1046 2461 1113 Virginem
2490 1050 2734 1096 sanctam
2767 1037 2871 1091 hoc
2915 1033 3131 1088 nomine
3162 1044 3268 1100 quo
3301 1027 3434 1080 Θεοο

1861 1144 2019 1204 τόκος
2051 1154 2176 1197 esse
2223 1139 2456 1192 dicatur.

2454 1262 2605 1320 CAP.
2645 1256 2842 1316 XXIX.

1865 1410 2019 1478 Quod
2052 1407 2190 1461 Deus
2221 1401 2524 1457 nominatur
2545 1406 2590 1451 et
2621 1396 2776 1449 homo
2808 1403 3068 1459 apparens
3101 1380 3441 1452 Unigenitus.

1935 1544 2191 1600 Salomon
2241 1539 2318 1591 ait
2371 1546 2536 1588 orans
2564 1572 2576 1584 .
2617 1548 2636 1580 ι
2671 1529 2737 1581 Et
2783 1537 2963 1587 nunc,
3023 1517 3249 1573 Domine
3299 1514 3442 1568 Deus

1861 1635 2052 1700 Israel,
2089 1629 2345 1688 credibile
2379 1626 2471 1680 tiat
2502 1623 2725 1676 verbum
2757 1628 2930 1676 tuum.
2973 1612 3114 1682 quod
3145 1611 3356 1664 locutus
3383 1621 3445 1660 es

1863 1742 2032 1801 puero
2063 1733 2154 1781 tuo
2186 1720 2373 1775 David.
2417 1718 2630 1785 Ergone
2651 1707 2911 1767 credibile
2946 1714 3027 1760 est
3051 1702 3194 1774 quod
3227 1700 3442 1754 habita-

1791 1847 1836 1903 Β
1864 1791 1942 1873 vit
1968 1819 2110 1872 Dens
2132 1827 2253 1870 cum
2283 1807 2596 1865 hominibus
2629 1802 2680 1856 in
2711 1810 2852 1854 terra
2870 1795 2957 1849 ἰτ
2984 1812 3004 1847 ι
3035 1791 3440 1850 Animadverte,

1866 1910 2008 1981 quod
2037 1906 2264 1961 miretur
2292 1899 2454 1956 Verbi
2487 1892 2918 1950 incarnationem
2949 1904 2962 1941 :
3000 1883 3265 1941 habitavit
3289 1896 3444 1934 nam-

1865 2015 1971 2071 que
2001 2012 2123 2052 cum
2152 1993 2460 2050 hominibus
2484 1989 2536 2041 in
2565 1995 2729 2048 terra,
2758 1996 2878 2034 cum
2908 1980 3068 2032 homo
3097 1985 3182 2029 est
3213 1973 3441 2035 factum,

1865 2107 1954 2149 res
1985 2091 2129 2146 enim
2154 2082 2488 2142 incredibilis
2530 2076 2834 2132 videbatur.
2873 2068 3128 2137 Alioquin
3172 2063 3444 2132 quomodo

1875 2184 1928 2240 id
1964 2180 2294 2252 praecipuum
2326 2170 2581 2242 quiddam
2619 2167 2709 2233 sit,
2754 2162 2839 2216 vel
2875 2159 3144 2230 quomodo
3192 2155 3244 2208 id
3281 2153 3446 2205 mira-

1871 2249 2016 2330 tione
2048 2271 2290 2340 dignum,
2326 2279 2448 2317 cum
2488 2261 2627 2314 Deus
2666 2259 2734 2310 ab
2775 2255 2878 2315 bis,
2915 2265 3034 2321 quae
3082 2249 3196 2317 ipse
3226 2257 3449 2299 creave-

1868 2367 1959 2429 rit,
2002 2378 2109 2418 non
2153 2356 2416 2418 discedat,
2452 2352 2640 2406 fovens
2671 2364 2734 2402 ea
2773 2345 3002 2405 scilicet,
3032 2349 3086 2394 et
3123 2353 3183 2391 ea
3233 2335 3449 2402 quidem

1870 2455 2177 2515 continens,
2213 2463 2334 2520 qua:
2361 2446 2473 2514 jam
2510 2443 2651 2496 facta
2696 2446 2860 2499 sunt;
2894 2448 2958 2488 ea
2989 2445 3119 2485 vero
3161 2437 3282 2498 qua:
3312 2440 3452 2479 uou-

1870 2549 1997 2603 dum
2046 2544 2186 2598 facta
2239 2548 2399 2601 sunt,
2448 2532 2678 2590 creans?
2716 2525 3033 2583 Miraculum
3082 2531 3261 2576 autem
3319 2531 3446 2570 vere

1871 2637 2227 2712 pra'cipuum,
2263 2629 2404 2700 quod
2429 2627 2482 2682 in
2519 2634 2660 2679 terra
2691 2635 2816 2677 cum
2847 2614 3159 2672 hominibus
3189 2607 3454 2665 habitarit

1873 2703 2053 2789 homo?
2084 2730 2258 2781 factus
2309 2724 2469 2785 Deus,
2521 2719 2672 2788 juxta
2716 2709 3107 2784 promissiones
3146 2703 3255 2772 iam
3296 2709 3450 2759 antea

1873 2826 2025 2880 datas
2065 2821 2250 2875 divino
2287 2813 2487 2875 David;
2524 2809 2788 2878 scriptum
2833 2811 2920 2858 est
2960 2798 3108 2853 enim
3144 2814 3158 2850 :
3191 2813 3208 2846 ι
3244 2790 3456 2847 Iuravit

1874 2914 2135 2969 Dominus
2196 2905 2360 2960 David
2417 2901 2742 2961 veritatem,
2816 2903 2871 2947 et
2931 2905 3036 2944 non
3101 2884 3457 2941 Irustrabitur

1873 3021 1993 3061 eam
2015 3003 2082 3056 ".
2117 3019 2134 3052 ι
2175 2996 2312 3065 Quid
2357 3005 2539 3046 autem
2575 2985 2820 3057 iuravit?
2853 3001 2871 3034 ι
2908 2981 2980 3034 De
3035 2978 3212 3033 fructu
3245 2972 3454 3029 ventris

1879 3101 1953 3153 tui
2013 3108 2206 3164 ponam
2254 3103 2419 3157 super
2463 3084 2644 3139 sedem
2703 3087 2851 3133 tuam
2875 3075 2942 3127 ⁸⁷.
2978 3089 2996 3122 ι
3052 3065 3118 3125 Ει
3163 3081 3291 3120 vero
3337 3062 3452 3120 ille.

200 3185 566 3244 Manifestavit
613 3186 814 3240 etenim
867 3184 1023 3238 nobis
1063 3183 1240 3237 Patris
1283 3181 1631 3242 voluntatem,
1684 3178 1768 3233 cui
1799 3181 1842 3240 ρ
1876 3161 2121 3259 ("multis
2155 3180 2496 3242 credidisset,
2533 3171 2675 3242 quod
2746 3178 3020 3234 nunquam
3066 3161 3296 3224 abneget
3333 3165 3457 3222 pro.

203 3300 226 3334 ι
257 3281 309 3336 iu
341 3294 408 3334 eo
441 3277 765 3347 complacuit
792 3275 977 3330 orbem
1020 3274 1232 3329 salvare
1268 3281 1532 3328 terrarum
1557 3270 1623 3333 η,
1659 3289 1677 3322 ι
1718 3278 1772 3322 ει

197 3389 297 3444 per
327 3376 502 3442 ipsqu
553 3381 608 3425 et
653 3370 706 3423 in
755 3370 869 3437 ipso
917 3366 1178 3420 mundum
1223 3363 1326 3418 sibi
1373 3360 1767 3416 reconciliare:

197 3465 419 3522 Christo
444 3463 593 3518 enim.
622 3457 975 3523 reconciliati,
1011 3458 1118 3511 Deo
1143 3471 1331 3511 sumus
1352 3452 1684 3509 reconciliati
1707 3453 1772 3516 “’,

202 3556 346 3612 Deus
375 3564 458 3611 est
499 3555 640 3608 enim
674 3566 799 3605 vere
834 3549 1001 3604 Filius
1050 3547 1143 3602 Dei
1173 3557 1226 3602 et
1263 3547 1460 3601 Patris.
1493 3544 1773 3611 Quodnam

202 3648 371 3716 igitur
411 3644 480 3700 sit
516 3642 692 3698 Patris
721 3639 1030 3704 consilium,
1063 3638 1218 3704 cujus
1253 3637 1408 3691 nobis
1439 3635 1599 3688 fuerit
1633 3649 1775 3688 nuu-

206 3736 338 3802 tius,
377 3735 490 3805 ipse
523 3732 740 3788 docebit
786 3730 1015 3784 dicens:
1055 3745 1072 3779 ι
1105 3725 1180 3781 Ita
1215 3726 1360 3780 enim
1407 3725 1598 3779 dilexit
1636 3723 1778 3779 Deus

204 3822 490 3887 mundum,
543 3829 598 3873 ut
642 3815 840 3872 Filium
888 3831 1043 3870 suum
1096 3815 1430 3883 unigenitum
1481 3813 1656 3879 daret,
1721 3820 1780 3866 ut

203 3911 385 3966 onmis
419 3909 510 3980 qui
545 3907 719 3962 credit
758 3907 808 3960 in
844 3907 1040 3976 ipsum,
1067 3921 1171 3960 non
1204 3913 1412 3976 pereat,
1447 3905 1540 3959 sed
1584 3904 1781 3958 habeat

203 4003 372 4057 vitam
402 3999 744 4056 teternam”.
779 4018 796 4050 ι
825 3997 992 4052 Filius
1028 4009 1209 4052 autem
1242 3997 1548 4064 unigenitus
1582 3995 1670 4048 ille
1699 4004 1783 4048 est

205 4095 300 4163 qui
344 4103 429 4147 est
461 4107 524 4146 ex
560 4099 744 4145 sancta
773 4087 996 4158 Virgine
1031 4094 1353 4158 procreatus
1385 4102 1399 4138 :
1433 4086 1606 4154 ipsum
1636 4084 1780 4137 enim

206 4183 449 4241 Verbum
471 4183 629 4236 homo
649 4180 872 4243 factum,
894 4179 1034 4249 quod
1056 4177 1154 4231 fuit
1174 4175 1314 4231 Deus
1333 4175 1386 4230 in
1410 4189 1596 4239 carne,
1624 4189 1686 4228 ac
1706 4174 1784 4229 sic

210 4277 445 4332 terrenis
477 4271 746 4341 apparuit.
786 4269 1028 4339 Denique
1058 4268 1271 4322 dicebat
1297 4286 1310 4321 :
1348 4286 1366 4318 ι
1397 4264 1498 4332 Qui
1530 4265 1704 4320 credit
1729 4264 1784 4318 in

209 4384 321 4435 me,
353 4366 511 4422 habet
533 4363 697 4417 vitam
731 4373 988 4417 aeternam
1011 4361 1078 4416 “.
1113 4379 1132 4412 ι
1164 4359 1313 4426 Quod
1343 4373 1468 4412 vero
1492 4372 1587 4426 per
1613 4357 1783 4425 ipsum

210 4473 269 4517 et
299 4463 352 4515 in
384 4460 498 4528 ipso
527 4457 813 4512 credamus
837 4451 1008 4517 Patri,
1041 4453 1349 4522 explanavit
1377 4452 1596 4506 dicens:
1637 4468 1656 4501 ι
1685 4449 1786 4516 Qui

1877 3281 2192 3337 missionem
2225 3276 2366 3329 Deus
2403 3266 2768 3334 omnipotens,
2808 3268 2984 3313 tamen
3028 3253 3201 3322 ipsum
3234 3260 3459 3318 genera-

1879 3373 2042 3428 tionis
2068 3371 2244 3424 locum
2281 3361 2546 3418 curiosius
2577 3353 2914 3423 inquirebat,
2949 3347 3178 3413 ideoque
3209 3337 3455 3395 dicebat:

1886 3486 1904 3519 ι
1935 3464 1992 3519 Si
2033 3459 2328 3517 ascendero
2379 3465 2540 3521 super
2585 3448 2784 3501 lectum
2834 3439 2986 3496 strati
3023 3435 3151 3500 mei,
3187 3432 3231 3486 si
3261 3429 3460 3484 dedero

1881 3567 2129 3608 somnum
2172 3545 2347 3600 oculis
2386 3542 2540 3602 meis,
2581 3545 2673 3590 aut
2718 3528 2988 3600 palpebris
3022 3523 3157 3578 meis
3195 3518 3461 3574 dormint.

1881 3646 2105 3704 tionem,
2139 3647 2233 3693 aut
2264 3633 2502 3703 requiem
2535 3625 2869 3697 temporibus
2911 3619 3068 3681 meis,
3107 3616 3281 3668 donec
3308 3609 3462 3665 iuve-

1883 3736 2025 3791 niam
2058 3732 2234 3786 locum
2270 3727 2519 3786 Domino,
2559 3713 2965 3774 tabernaculum
3001 3711 3111 3764 Deo
3140 3702 3310 3760 Iacob
3329 3701 3401 3754 ".
3437 3717 3460 3751 ›

1885 3824 2088 3881 Deinde
2129 3835 2252 3875 cum
2297 3817 2348 3870 id
2376 3825 2592 3884 quoque
2642 3823 2737 3877 per
2779 3804 3029 3874 spiritum
3061 3795 3376 3868 repet-isset,
3411 3799 3467 3844 et

1883 3913 2121 3972 carnalis
2163 3904 2525 3979 generationis
2565 3896 2841 3969 Uuigeniti
2879 3895 3056 3947 locum
3093 3885 3461 3958 cognovisset,

1885 4003 2292 4074 evangelizabat
2360 4007 2415 4052 et
2474 3993 2688 4048 dicebat
2739 4008 2751 4043 :
2809 4006 2827 4040 ι
2871 3984 3185 4040 Audivimus
3231 3991 3351 4032 eam
3411 3979 3465 4034 in

1886 4097 2148 4168 Ephrata,
2180 4112 2198 4145 ι
2236 4091 2414 4154 idest,
2448 4089 2499 4140 in
2532 4084 2848 4146 Bethleem;
2885 4097 2903 4129 ι
2931 4073 3234 4131 invenimus
3264 4085 3383 4128 eam
3411 4071 3467 4124 in

1888 4163 2093 4258 campis
2121 4185 2270 4242 silvae
2289 4183 2356 4236 ’9.
2393 4200 2411 4232 ι
2459 4178 2612 4247 Quod
2646 4189 2775 4229 vero
2801 4172 2987 4227 dicens
3009 4169 3265 4236 Ephrata,
3293 4163 3467 4235 signi-

1889 4256 2024 4337 ticet
2058 4276 2335 4332 Bethleem
2366 4314 2382 4338 ,
2428 4270 2689 4340 prepheta
2740 4261 3113 4332 comprobavit
3158 4275 3173 4313 :
3227 4277 3245 4309 ι
3276 4256 3340 4311 Ει
3373 4269 3426 4309 ιιι
3449 4295 3469 4318 ,

1891 4367 2188 4430 Bethleem,
2217 4364 2406 4419 domus
2439 4361 2672 4429 Ephrata
2703 4355 2770 4410 ³ο.
2805 4374 2822 4407 ι
2861 4353 3098 4409 Observa
3127 4357 3306 4403 autem
3342 4361 3472 4414 quo-

1894 4460 2052 4516 modo
2089 4472 2236 4518 eum,
2273 4468 2431 4523 quem
2471 4449 2779 4507 crediderat
2806 4442 3226 4511 creatumjuxta
3276 4453 3376 4492 uos
3413 4436 3468 4490 in

213 4554 394 4611 ετεάίῑ
417 4553 472 4605 in
514 4563 618 4615 mer
649 4564 752 4603 “0"
780 4546 954 4602 οτθάῖι
983 4545 1036 4599 in
1061 4560 1168 4609 ιιιεν
1203 4544 1294 4600 Sed
1322 4543 1374 4596 Ῑη
1404 4551 1527 4597 Nl“
1559 4541 1648 4610 (ΙηῘ
1681 4541 1784 4594 ιιιί·
1820 4548 1864 4605 D
1889 4554 2150 4623 prrata,
2197 4547 2366 4602 Deum
2409 4543 2576 4599 Iacob
2628 4541 2888 4601 nominet,
2944 4535 3101 4603 cujus
3151 4529 3474 4585 inhabilatio

213 4647 288 4701 sit
331 4643 516 4709 me";
548 4661 565 4694 ι
600 4647 652 4695 ει
686 4657 698 4694 :
738 4657 756 4691 ι
789 4636 890 4706 Qui
918 4635 1053 4691 vidit
1082 4650 1191 4701 me,
1239 4635 1371 4690 vidit
1403 4648 1527 4688 eum
1558 4631 1647 4703 qui
1685 4633 1786 4687 mi-

213 4739 288 4793 sit
319 4750 403 4789 me
425 4735 492 4788 ”.
525 4752 542 4786 ι

290 4845 310 4878 ι
341 4826 534 4880 Audite
578 4839 684 4887 me,
726 4819 934 4884 iusnhc,
982 4830 1035 4874 et
1084 4817 1364 4884 attendite,
1409 4828 1615 4888 gentes.
1666 4818 1792 4874 Post

216 4920 445 4976 nmltum
499 4917 754 4988 temporis
785 4913 969 4978 stabit,
1004 4913 1133 4967 dicit
1176 4912 1469 4977 Dominus;
1519 4927 1583 4966 ex
1637 4922 1791 4968 utero

216 5012 413 5068 matris
455 5012 728 5064 vocabunt
772 5021 964 5061 nomen
1005 5003 1272 5057 meum".
1308 5022 1327 5055 ι
1375 5003 1507 5056 Cum
1553 4999 1789 5058 Verbum

217 5104 290 5158 sit
320 5102 482 5164 Deus,
508 5116 613 5154 non
640 5096 909 5168 ignoravit
932 5097 1074 5164 quod
1101 5093 1500 5163 generationem
1533 5093 1789 5160 patietur,

218 5209 288 5250 ex
322 5193 550 5247 muliere
590 5192 928 5246 incarnatum
962 5197 1181 5256 propter
1213 5199 1329 5239 nos.
1361 5183 1578 5239 Sciebat
1614 5194 1791 5239 autem

220 5285 368 5355 quod
413 5284 697 5338 vocabitur
750 5281 1000 5334 Christus
1044 5277 1198 5332 Iesus
1247 5292 1275 5330 a
1325 5273 1437 5332 Deo
1492 5287 1545 5330 et
1598 5275 1792 5340 Patre;

219 5374 477 5433 omnibus
521 5373 678 5430 nobis
713 5388 906 5428 novum
935 5370 1030 5424 ﬁlii
1069 5383 1265 5425 nomen
1297 5368 1616 5439 przedicans,
1654 5369 1794 5437 quod

299 5599 342 5632 "
377 5598 478 5651 lsa.
523 5609 618 5654 vlt.
654 5593 736 5655 II,
763 5591 913 5657 juxta
954 5589 1140 5661 Matth.
1177 5599 1229 5643 et
1267 5588 1450 5661 Cyrilli
1480 5587 1785 5661 lectionem.
1859 5561 1902 5624 ίο
1931 5591 2154 5661 Philipp.
2205 5606 2264 5654 tt,
2299 5590 2351 5643 7.

227 5668 436 5723 Coloss.
474 5682 515 5720 ι.
545 5666 633 5718 ‘20.
718 5665 758 5694 "
790 5661 944 5713 Rom.
974 5674 1024 5711 v.
1057 5661 1139 5713 I0.
1217 5661 1263 5690 “
1299 5661 1457 5714 Ioan.
1485 5675 1562 5719 Ill.
1604 5661 1682 5716 ιϐ.
1762 5662 1804 5693 ³⁸
1846 5661 2001 5716 Ioan.
2050 5677 2121 5721 vt,
2154 5661 2240 5713 47.

227 5755 374 5799 χιιι,
410 5739 458 5802 1,
511 5739 657 5803 jtntu
727 5731 885 5786 LXX.
918 5731 981 5803 ’δώ
1026 5726 1063 5782 ll
1091 5727 1350 5803 rl’aralip.
1407 5745 1480 5794 VI,
1516 5730 1599 5788 I7,
1653 5731 1804 5802 juxta
1843 5731 2006 5787 LXX,
2085 5733 2128 5763 "
2158 5732 2240 5785 Ps:

718 5665 758 5694 ¹⁹
790 5661 944 5713 Rom.
974 5674 1024 5711 v.
1057 5660 1139 5713 I0.
1217 5661 1263 5690 “

222 5668 436 5723 Coluss.
474 5682 515 5720 ι.
545 5666 633 5718 ‘20.
718 5665 758 5694 ¹⁹
790 5661 944 5713 Rom.
974 5674 1024 5711 v.
1057 5660 1139 5713 10.
1217 5661 1263 5690 ³⁸
1299 5659 1457 5714 Ioan.
1485 5675 1562 5719 ut.
1604 5659 1682 5716 ιϐ.

229 5811 275 5845 ²⁹
308 5799 526 5864 ιιωιζιιῖ
607 5805 648 5834 ³³
681 5803 723 5857 Μ
753 5804 833 5856 (lt.
873 5817 921 5861 γ.
956 5799 1008 5852 ‘3.
1089 5801 1130 5829 ³⁸
1171 5800 1309 5853 Ι¹δτιΙ.
1357 5815 1496 5864 XLVI,
1542 5803 1620 5854 10..

1895 4622 1996 4698 fuit
2029 4641 2082 4695 in
2115 4634 2466 4693 tabernaculo
2499 4652 2512 4688 :
2543 4633 2612 4687 ibi
2645 4630 2790 4686 enim
2826 4626 3036 4698 peperit
3065 4622 3250 4676 Iesum
3279 4625 3468 4672 sancta

1897 4735 2083 4804 Virgo.

1965 4799 2218 4881 N-ominat
2249 4830 2425 4877 autem
2457 4831 2579 4871 cum
2607 4824 2664 4867 et
2695 4810 2821 4866 alibi
2859 4809 3028 4864 Deum
3071 4803 3342 4860 Abraham
3381 4799 3460 4854 di-

1898 4934 2028 4975 cens
2061 4936 2074 4971 :
2108 4935 2126 4968 ι
2157 4911 2435 4979 Principes
2464 4905 2782 4976 populorum
2826 4896 3138 4969 congregati
3183 4902 3310 4950 sunt
3351 4905 3476 4945 cum

1899 5011 2009 5065 Deo
2053 5006 2321 5062 Abraham
2351 5003 2416 5056 ³¹.
2456 5020 2473 5051 ι
2507 4998 2652 5052 Peue
2686 4995 2829 5050 enim
2882 4992 3079 5046 mentis
3123 5001 3233 5041 ειιτε
3281 4982 3474 5042 oculis,

1901 5116 1998 5169 per
2020 5095 2464 5152 illuminationcut
2485 5089 2720 5158 Spiritus
2742 5083 2943 5146 Sancti,
2967 5081 3270 5134 futurorum
3293 5077 3474 5130 scien-

1905 5191 1974 5244 tia
2020 5189 2287 5252 eruditus,
2323 5184 2592 5254 principes
2635 5179 2977 5251 populorum,
3026 5176 3077 5229 id
3123 5183 3227 5237 est,
3259 5178 3476 5226 sanctos

1905 5279 2179 5350 apostolus
2221 5279 2271 5332 in
2324 5275 2531 5330 Domini
2581 5272 2750 5328 nostri
2795 5271 2925 5327 Iesu
2970 5266 3170 5324 Christi
3219 5262 3474 5318 cernebat

1906 5372 2184 5441 obsequio.
2231 5370 2366 5425 Cum
2401 5367 2564 5438 igitur
2599 5384 2618 5417 ι
2649 5362 2792 5420 Deus
2830 5361 3102 5418 Abraham
3136 5376 3154 5409 ›
3187 5365 3241 5411 ει
3282 5374 3300 5406 ι
3334 5352 3474 5406 Deus

2469 5587 2509 5620 ¹⁷
2549 5586 2649 5642 lsa.
2691 5601 2769 5647 XI,
2813 5580 2866 5646 5.
2896 5571 3329 5647 (ial'lX‘aLxx:
3376 5642 3390 5647 _
3433 5566 3475 5602 ’⁸

2318 5642 2363 5693 ³⁷³
2394 5658 2548 5713 Ioan.
2591 5673 2684 5720 ιιι,
2720 5642 2807 5707 Ii.
2855 5642 2929 5680 "3
2966 5642 3208 5720 ibida-lﬁ.
3293 5644 3337 5674 “
3362 5642 3474 5720 Jsiv.

2085 5733 2128 5763 "
2158 5731 2296 5785 Psal.
2330 5744 2514 5791 cxxxt,
2557 5712 2683 5781 II.'
2754 5725 2795 5756 ²τ
2841 5723 2966 5776 ibid.
3081 5719 3125 5748 "'
3187 5718 3316 5770 inid.
3361 5714 3392 5764 5
