4038 6532
291 369 429 428 “05

1203 372 1492 431 SCBOLIA
1533 375 1618 431 DE
1653 342 2161 435 ῙΝΟΑΒΝΔΤΙΟΝΕ
2195 378 2563 435 UNIGENITI.

3398 378 3531 440 μοσ

295 504 316 539 ι
355 485 594 549 Christo,
624 486 816 555 inquit,
870 502 1030 556 passo
1061 503 1158 556 pro
1183 492 1336 546 nobis
1369 505 1535 548 carne
1558 492 1622 547 “.
1668 511 1686 544 δ
1718 493 1853 548 Cum
1884 495 1932 552 A
1958 493 2122 548 Pullis
2149 495 2355 551 duobus
2388 508 2734 567 comparatur
2770 499 3040 564 Christus,
3092 514 3200 553 non
3229 500 3371 568 quod
3420 502 3528 555 duo

289 592 456 632 unum
508 576 670 644 igitur
725 578 996 633 credimus
1044 578 1329 635 Dominum
1377 592 1619 638 nostrum
1670 583 1853 637 Jesum

287 663 585 730 Christum,
618 665 670 720 id
695 676 801 731 est,
858 667 911 721 in
946 668 1178 723 humana
1230 670 1405 726 forma
1457 683 1804 741 conspectum
1836 712 1854 740 ,

286 755 404 812 sive
434 757 705 812 hominem
753 756 953 813 factum
1004 760 1161 830 juxta
1211 777 1329 825 nos,
1363 763 1531 817 Deum
1569 763 1801 819 Verbum
1837 803 1853 828 ,

286 848 559 919 quomodo
594 858 648 904 et
685 850 988 920 passionem
1024 852 1122 921 ipsi
1162 853 1501 923 deputemus.
1547 864 1603 909 et
1650 856 1855 926 impas-

286 938 444 994 sibile
483 947 657 994 tamen
676 954 974 1008 servemus,
1010 950 1072 997 ut
1103 942 1317 999 Deum?

350 1030 493 1101 Ergo
524 1031 703 1099 passio
730 1030 1150 1102 dispensationis
1174 1043 1314 1103 erat,
1348 1050 1443 1091 sua
1477 1037 1697 1106 quidem
1747 1038 1851 1093 du-

286 1130 443 1177 cente
483 1121 593 1176 Deo
631 1119 812 1176 Verbo
852 1135 939 1187 ea,
996 1138 1116 1194 quae
1169 1134 1297 1179 sunt
1353 1127 1569 1195 propria
1622 1127 1805 1181 carnis
1833 1165 1850 1192 ,

284 1222 508 1284 propter
559 1213 980 1269 inenarrabilem
1029 1214 1345 1282 unitatem;
1404 1226 1658 1271 manente
1724 1232 1855 1272 vero

283 1313 441 1359 extra
469 1306 799 1374 passionem,
823 1315 1084 1375 quantum
1116 1306 1181 1361 ad
1205 1306 1401 1376 ~ipsius
1442 1316 1690 1362 naturam
1725 1324 1853 1378 per-

284 1394 420 1449 tinet
451 1412 466 1449 :
497 1395 841 1464 impassibilis
859 1397 1001 1450 enim
1036 1395 1176 1453 Deus
1205 1407 1309 1454 est.
1332 1397 1517 1469 Neque
1536 1399 1589 1455 id
1617 1400 1812 1454 mirum
1832 1441 1850 1467 ,

282 1500 405 1541 cum
435 1495 491 1541 et
515 1486 683 1554 ipsam
719 1486 952 1542 hominis
980 1487 1216 1543 animam
1245 1490 1527 1547 videamus
1556 1530 1571 1555 ,
1626 1492 1673 1547 si
1723 1494 1852 1561 quid

279 1588 481 1641 corpus
500 1589 712 1645 passum
742 1573 923 1641 fuerit,
949 1584 1101 1630 extra
1135 1577 1440 1646 passionem
1470 1578 1686 1649 quidem
1738 1596 1851 1635 ma-

282 1675 523 1731 nentem,
574 1675 835 1736 quantum
873 1668 1112 1737 pertinet
1160 1670 1227 1724 ad
1277 1680 1560 1739 naturam;
1610 1682 1847 1727 attamen

281 1769 390 1810 non
420 1764 575 1811 extra
600 1757 905 1825 passionem
932 1771 1052 1814 esse
1104 1758 1332 1829 intelligi
1365 1802 1382 1829 ,
1418 1776 1484 1816 eo
1530 1763 1673 1831 quod
1715 1778 1848 1831 pro-

279 1847 456 1915 prium
487 1848 559 1902 sit
591 1823 787 1918 corpus
816 1848 986 1919 ipsius
1014 1852 1155 1919 quod
1189 1823 1407 1919 patitur.
1439 1823 1604 1924 79b
1632 1852 1699 1907 Et
1718 1823 1849 1909 licet
1880 1823 1923 1881 Β

282 1935 590 2006 lncontigua
620 1937 712 2002 sit,
764 1947 821 1993 et
856 1939 1084 2009 simplex
1119 1958 1135 2008 ;
1183 1950 1361 1998 tamen
1393 1942 1445 1998 id
1475 1946 1617 2013 quod
1644 1944 1851 2013 patitur

280 2038 386 2080 non
416 2034 500 2081 est
536 2025 794 2085 alienum.
837 2028 929 2084 Sic
972 2030 1242 2100 intelliges
1292 2033 1456 2088 etiam
1509 2033 1577 2088 de
1629 2034 1849 2089 Christo

242 2164 249 2171 .
276 2117 516 2171 omnium
540 2116 839 2175 Salvatore.
867 2121 1005 2178 Utar
1026 2132 1202 2179 autem
1229 2124 1515 2194 exemplis,
1544 2142 1664 2196 qua:
1689 2129 1847 2199 quasi

276 2220 375 2276 per
410 2207 640 2277 aenigma
680 2209 836 2265 nobis
881 2212 1093 2281 possint
1140 2212 1460 2279 ostendere,
1498 2216 1646 2285 quod
1688 2232 1842 2272 com-

275 2296 569 2352 municarit
612 2298 829 2368 quidem
884 2302 1121 2369 passioni
1163 2300 1528 2373 Unigenitus,
1579 2316 1840 2376 quantum

278 2388 554 2457 pertineat
581 2394 649 2445 ad
683 2389 1112 2449 familiaritatem
1165 2396 1410 2466 corporis
1443 2397 1548 2464 sui,
1581 2399 1844 2455 manserit

274 2487 452 2534 autem
480 2481 749 2550 passionis
776 2497 995 2555 expers,
1025 2495 1086 2539 ut
1116 2484 1276 2542 Deus.

344 2569 525 2641 itaque
561 2573 703 2629 Deus
747 2576 1096 2645 omnipotens
1142 2577 1386 2650 prodigia
1430 2580 1842 2648 sapientissimo

271 2659 443 2734 Moysi
468 2662 695 2731 iubebat
726 2664 961 2733 efﬁcere,
1004 2679 1066 2722 ut
1086 2670 1338 2724 crederet
1358 2670 1409 2725 ei
1446 2669 1616 2727 lsrael
1645 2712 1662 2739 ,
1696 2675 1839 2743 quod

270 2762 420 2809 esset
444 2757 641 2811 missus
672 2770 699 2810 a
731 2756 862 2821 Deo,
888 2766 942 2813 et
962 2769 1020 2814 ut
1043 2774 1073 2815 a
1098 2760 1352 2816 violentia
1373 2763 1734 2830 liberaretur;
1764 2767 1840 2820 ait

270 2854 485 2901 autem:
523 2866 542 2900 ι
577 2846 645 2902 Ει
671 2848 905 2919 accipies
929 2864 1127 2918 aquam
1153 2851 1222 2906 de
1251 2851 1492 2919 ﬂumine,
1521 2862 1576 2909 et
1596 2852 1840 2910 eﬂ‘undes

269 2952 430 3009 super
457 2947 675 3003 terram,
702 2949 758 2996 et
787 2942 893 2996 erit
923 2957 1063 3010 aqua
1087 2959 1248 3014 quam
1273 2946 1511 3016 accipies
1543 2962 1571 2999 a
1590 2945 1834 3013 ﬂumine,

269 3028 487 3098 sanguis
525 3045 691 3100 super
727 3040 928 3087 terram
978 3034 1046 3090 ⁸⁵.
1084 3054 1104 3087 ι
1150 3034 1462 3106 lnquinms,
1507 3040 1648 3109 quod
1697 3054 1835 3108 aqua

267 3119 483 3187 quidem
516 3119 683 3190 ﬁgura
716 3122 789 3177 sit
819 3125 965 3189 vitae,
997 3134 1049 3181 et
1080 3127 1221 3194 quod
1253 3128 1321 3181 sit
1348 3142 1442 3197 per
1460 3140 1708 3183 naturam
1728 3130 1834 3184 vita

266 3208 437 3265 Filius
458 3226 524 3266 ex
557 3212 720 3268 Patre
747 3224 1005 3285 tanquam
1035 3234 1100 3272 ex
1126 3216 1347 3275 ﬂumine
1372 3222 1578 3288 exiens,
1596 3221 1838 3291 ejusdem

267 3306 581 3362 substantia:
633 3309 875 3377 ratione;
927 3309 1107 3378 itaque
1151 3312 1330 3366 omnia
1377 3313 1631 3368 viviﬁcat.
1670 3332 1690 3366 ι
1736 3313 1841 3369 Sed

267 3413 392 3455 cum
416 3414 635 3469 aquam,
658 3401 854 3471 inquit,
882 3402 1137 3458 effuderis
1162 3418 1323 3472 super
1343 3415 1563 3469 terram,
1587 3406 1692 3460 erit
1715 3422 1841 3460 san-

268 3488 409 3560 guis.
445 3509 465 3545 »
499 3490 754 3557 Verbum,
787 3509 907 3548 cum
944 3494 1144 3549 factum
1195 3506 1278 3550 est
1312 3512 1440 3551 caro
1487 3499 1553 3552 de
1581 3508 1747 3564 terra,
1786 3498 1840 3554 id

266 3591 369 3649 est,
406 3587 620 3654 quando
643 3599 670 3639 a
706 3595 847 3641 terra
873 3602 1089 3641 carnem
1118 3587 1217 3643 sibi
1238 3589 1615 3657 circumdedit,
1640 3589 1836 3653 tuncin

267 3691 332 3732 ea
374 3686 599 3734 mortem
642 3688 844 3735 nostras
892 3680 1122 3735 similem
1180 3681 1381 3737 dicitur
1435 3698 1677 3752 passum,
1714 3682 1839 3738 licet

268 3776 363 3837 per
389 3774 635 3825 naturam
671 3767 743 3823 sit
768 3767 897 3822 vita.

834 3905 986 3964 CAP.
1021 3904 1259 3962 XXXIV.

954 4019 1138 4077 Aliud.

337 4127 393 4183 In
415 4127 655 4185 Levitico
687 4133 948 4201 pollutum
974 4134 1112 4188 Deus
1132 4142 1187 4187 et
1209 4134 1541 4189 immundum
1568 4136 1834 4206 leprosum

264 4234 387 4275 esse
419 4221 714 4290 significat,
750 4231 913 4291 atque
940 4223 1012 4276 ita
1036 4238 1161 4277 eum
1196 4223 1263 4279 de
1280 4226 1477 4280 castris
1498 4226 1617 4294 ejici
1648 4227 1837 4295 prmci-

265 4310 343 4380 pit
374 4318 627 4379 oportere
642 4309 688 4341 “
715 4326 730 4377 ;
760 4318 815 4365 et
848 4312 892 4365 si
926 4320 1152 4367 sanatus
1209 4313 1373 4367 fuerit
1421 4316 1673 4380 morbus,
1733 4316 1836 4371 hoc

264 4414 388 4454 eum
438 4410 597 4469 pacto
641 4400 858 4469 purgari
902 4417 914 4452 :
972 4420 991 4454 ς
1048 4401 1115 4457 Ει
1156 4404 1429 4474 accipiens
1475 4405 1610 4461 duos
1662 4407 1836 4474 pullos

1866 3171 1913 3234 C

1959 585 2068 640 dint
2097 584 2214 649 ﬁlii,
2250 588 2344 641 sed
2394 589 2535 657 quod
2581 605 2720 644 unus
2768 589 2946 658 potius
2985 602 3051 644 ex
3103 590 3350 655 duobus,
3392 591 3531 645 divi-

1956 677 2128 732 nitate
2171 685 2225 730 et
2266 678 2603 735 humanitate
2652 682 2703 734 in
2750 681 3008 735 unitatem
3056 682 3288 736 collatis.
3337 681 3522 736 Mundi

1957 778 2133 822 autem
2164 769 2293 841 pulli
2321 786 2335 823 :
2363 785 2540 839 neque
2570 772 2711 826 enim
2744 772 2872 826 fecit
2907 784 3183 840 peccatum
3228 774 3368 829 Deus
3424 788 3530 827 no-

1958 868 2072 914 ster
2097 858 2256 915 Jesus
2291 860 2573 924 Christus;
2603 862 2699 916 sed
2726 871 2844 917 erat
2888 864 3123 918 Verbum
3156 872 3429 929 sanctum,
3472 873 3529 918 et

1956 948 2249 1003 divinitatis
2294 958 2349 1004 et
2379 950 2734 1005 humanitatis
2766 952 2995 1005 ratione.
3037 950 3364 1007 Volucribus
3396 968 3526 1007 vero

1954 1049 2334 1110 comparatur,
2387 1042 2529 1111 quod
2560 1043 2715 1110 quasi
2752 1043 2804 1096 in
2841 1042 3060 1096 sublimi
3097 1044 3168 1096 sit
3213 1060 3374 1111 supra
3410 1054 3525 1098 ter-

1957 1147 2093 1194 ram,
2133 1142 2187 1187 et
2225 1146 2259 1187 θ
2301 1133 2439 1188 coelo
2489 1134 2767 1203 desuper:
2807 1150 2838 1189 e
2862 1136 3001 1189 caelo
3038 1135 3182 1190 enim
3238 1136 3401 1190 immo
3443 1143 3528 1190 est

1953 1223 2217 1290 Christus,
2254 1224 2378 1280 licet
2407 1240 2625 1280 carnem
2672 1235 2862 1281 sancta
2912 1224 3082 1294 Virgo
3108 1226 3425 1294 pepererit;
3459 1240 3524 1280 eo

1953 1316 2112 1371 modo
2136 1316 2295 1386 igitur
2315 1316 2547 1385 desuper
2564 1328 2617 1372 et
2641 1319 2708 1372 de
2736 1318 2897 1373 coelo.
2928 1317 3069 1371 Deus
3093 1318 3237 1372 enim
3261 1316 3525 1382 Verbum,

1952 1405 2096 1474 quod
2120 1415 2205 1461 est
2238 1406 2469 1475 desuper
2500 1416 2552 1463 et
2581 1423 2645 1462 ex
2674 1408 2831 1463 Patre
2856 1447 2872 1473 ,
2917 1423 3137 1462 carnem
3183 1422 3251 1461 ex
3302 1407 3527 1476 Virgine

1951 1506 2137 1552 sancta
2160 1498 2448 1566 accipiens,
2480 1508 2535 1553 et
2559 1514 2678 1554 eam
2719 1514 2872 1554 suam
2898 1501 3281 1569 propriamque
3315 1499 3510 1552 existi-

1951 1601 2124 1653 mans,
2162 1596 2414 1658 tanquam
2445 1588 2491 1643 si
2519 1603 2639 1643 eam
2684 1589 2914 1658 desuper
2945 1599 2999 1643 et
3047 1589 3115 1643 de
3160 1587 3299 1643 cmio
3355 1588 3520 1641 detu-

1950 1676 2119 1743 lisset,
2153 1678 2407 1733 dicebat:
2451 1697 2470 1730 ι
2512 1678 2676 1733 Nemo
2726 1680 2969 1733 ascendit
3024 1679 3077 1732 iu
3125 1679 3362 1742 coelum,
3414 1676 3523 1732 nisi

1951 1770 2040 1839 qui
2073 1770 2141 1823 de
2193 1770 2333 1824 coelo
2381 1769 2662 1826 descendit
2695 1770 2864 1824 Filius
2905 1769 3177 1833 hominis,
3223 1770 3421 1837 quiest
3468 1768 3521 1822 in

1959 1862 2097 1917 cmlo
2120 1862 2187 1917 “.
2229 1880 2247 1913 ι
2285 1862 2361 1916 Ea
2388 1862 2532 1916 enim
2582 1861 2703 1932 qua:
2748 1877 2844 1917 sua
2884 1870 3049 1924 sunt,
3096 1861 3326 1930 propriae
3371 1858 3521 1913 carni

1959 1969 2172 2023 semper
2207 1953 2492 2017 attribuit;
2518 1952 2811 2006 adunatum
2845 1966 2973 2005 vero
2997 1949 3164 2005 semel
3192 1988 3207 2015 ,
3251 1949 3363 2019 jam
3397 1962 3521 2003 cum

1959 2044 2073 2113 ipsa
2106 2059 2267 2097 unum
2298 2042 2506 2097 scilicet
2531 2042 2849 2096 aestimatur.

2028 2131 2291 2187 Caeterum
2320 2132 2462 2195 vide,
2501 2132 2683 2187 occiso
2715 2147 2823 2185 uno
2870 2130 3038 2200 pullo,
3076 2130 3246 2185 lavari
3298 2132 3521 2200 quidem

1953 2224 2178 2280 alterum
2205 2224 2319 2293 ejus
2352 2224 2635 2292 sanguine,
2671 2233 2849 2277 tamen
2883 2236 2991 2276 non
3036 2222 3207 2276 emori
3236 2238 3250 2287 ;
3300 2229 3356 2275 et
3388 2221 3520 2290 quid

1953 2316 2055 2372 hoc
2079 2316 2190 2370 sit?
2246 2314 2470 2370 Vivebat
2517 2312 2774 2379 Verbum,
2820 2312 3104 2367 licet‘sua
3156 2325 3284 2366 caro
3326 2310 3522 2366 fuisset

1950 2415 2218 2469 emortua,
2265 2413 2320 2459 et
2358 2419 2697 2459 communem
2747 2404 3057 2472 passionem
3095 2416 3216 2456 esse
3264 2401 3520 2466 dicebat,

1948 2507 2167 2567 propter
2196 2496 2572 2551 adunatiouem
2597 2506 2647 2548 et
2666 2496 3083 2549 familiaritatem
3103 2508 3262 2563 quam
3289 2493 3522 2549 habebat

1948 2602 2069 2642 cum
2099 2601 2283 2641 carne.
2325 2582 2491 2654 Igitur
2517 2584 2692 2652 ipsum
2739 2584 2957 2652 quidem
3000 2583 3175 2648 vivit,
3222 2590 3281 2637 ut
3330 2581 3519 2650 Deus;

1949 2691 2144 2745 corpus
2168 2690 2296 2730 vero
2324 2683 2584 2744 tanquam
2613 2675 2889 2745 proprium
2934 2674 3188 2739 faciebat,
3239 2683 3294 2728 et
3333 2674 3413 2728 sic
3462 2674 3517 2729 in

1947 2784 2005 2823 se
2032 2766 2371 2821 familiariter
2392 2765 2688 2833 accipiebat
2733 2766 2976 2833 corporis
3021 2767 3337 2834 passiones,
3385 2778 3509 2818 cum

1947 2859 2123 2928 ipsum
2160 2857 2291 2911 nihil
2342 2859 2395 2910 iu
2442 2866 2631 2909 natura
2683 2856 2900 2924 propria
2936 2862 3235 2924 pateretur.
3284 2854 3516 2910 Prodest

1946 2950 2106 3019 igitur
2133 2958 2187 3003 et
2213 2948 2572 3003 necessariam
2605 2955 2709 3009 est,
2743 2948 2786 3000 si
2821 2949 2871 2999 in
2899 2962 3006 3001 uno
3032 2946 3250 3000 Christo
3279 2945 3331 2999 id
3356 2946 3507 3000 acci-

1944 3042 2156 3112 piamus
2191 3041 2335 3108 quod
2381 3040 2683 3094 secundum
2728 3038 2871 3092 aliud
2907 3046 2961 3093 et
2990 3038 3136 3091 aliud
3175 3038 3241 3092 de
3278 3052 3387 3092 uno
3420 3052 3519 3091 eo-

1944 3134 2175 3201 demque
2225 3132 2611 3196 constituatur,
2662 3131 2897 3200 etquod
2948 3130 3003 3183 in
3053 3128 3161 3183 duo
3196 3128 3361 3182 dividi
3407 3144 3517 3185 non

1945 3225 2293 3295 permittatur
2318 3264 2332 3287 ,
2372 3224 2495 3278 licet
2519 3223 2730 3277 diversa
2761 3221 2901 3276 inter
2934 3236 3013 3286 se,
3051 3228 3107 3275 et
3136 3219 3361 3274 minime
3389 3234 3517 3274 cou-

1941 3316 2229 3379 venientia,
2262 3326 2384 3369 actu
2410 3328 2532 3369 esse
2556 3313 2823 3368 dicantur.

2015 3407 2107 3462 Est
2137 3416 2316 3462 autem
2350 3407 2456 3461 tale
2485 3405 2626 3474 quod
2662 3404 2805 3458 dico.
2838 3402 3034 3458 Natum
3063 3417 3188 3457 esse
3216 3402 3515 3458 secundum

1939 3511 2161 3552 Carnem
2191 3512 2255 3549 ex
2284 3495 2507 3549 muliere
2544 3493 2708 3547 Deum
2741 3492 2975 3547 dicimus
3018 3490 3247 3546 Verbum
3275 3530 3291 3554 ,
3323 3506 3517 3559 quam-

1939 3588 2022 3643 vis
2056 3588 2306 3641 omnibus
2340 3588 2455 3655 ipse
2488 3585 2724 3655 prtebeat
2758 3582 2929 3648 nasci,
2964 3591 3019 3638 et
3048 3583 3115 3637 ad
3146 3583 3511 3646 nativitatem,

1938 3696 2057 3751 quae
2085 3682 2321 3735 nondum
2366 3689 2489 3733 nata
2520 3688 2665 3742 sunt,
2700 3688 2872 3732 vocet.
2927 3676 3234 3732 Secundum
3280 3676 3424 3732 aliud
3463 3691 3519 3732 et

1939 3774 2083 3828 aliud
2112 3782 2295 3827 natum
2327 3780 2430 3836 est,
2456 3786 2522 3824 eo
2552 3770 2694 3840 quod
2739 3770 2901 3824 homo
2926 3770 3098 3824 nostri
3131 3769 3326 3823 similis
3353 3767 3513 3822 intel-

1951 3866 2188 3932 ligatur;
2215 3871 2369 3916 vocat
2398 3870 2577 3916 autem
2609 3862 2672 3915 ad
2708 3860 3039 3915 nativitatem
3062 3861 3261 3925 omnia,
3286 3874 3351 3915 eo
3372 3859 3517 3929 quod

1938 3965 2129 4009 natura
2158 3953 2227 4006 sit
2256 3953 2418 4007 Deus.

2007 4043 2281 4110 Scriptum
2306 4050 2391 4095 est
2424 4040 2586 4095 etiam
2616 4041 2682 4095 de
2709 4041 2825 4107 ipso
2864 4054 2874 4088 :
2918 4058 2936 4091 ι
2992 4040 3131 4093 Puer
3167 4039 3512 4109 proﬁciebat,

1934 4146 1988 4188 et
2021 4131 2454 4196 confortabatur,
2500 4145 2557 4185 et
2590 4131 2919 4200 implebatur
2963 4130 3228 4199 sapientia
3283 4138 3337 4185 et
3385 4146 3514 4200 gra-

1937 4226 2008 4277 tia
2040 4222 2105 4278 δ’.
2138 4241 2158 4274 ›
2193 4219 2326 4277 Cum
2372 4229 2564 4275 natura
2598 4221 2667 4273 sit
2706 4219 3006 4288 perfectum
3040 4227 3096 4271 ut
3146 4216 3321 4284 Deus,
3368 4227 3420 4272 et
3446 4232 3512 4273 ex

1933 4329 2030 4370 sua
2070 4312 2399 4382 plenitudine
2442 4310 2707 4380 spiritalia
2751 4309 2955 4364 sanctis
3011 4307 3287 4377 impertiat
3327 4325 3339 4371 ;
3385 4322 3510 4362 cum

1934 4404 2104 4472 ipsum
2147 4401 2525 4472 sitsapientia:
2555 4401 2710 4453 dator
2735 4398 3023 4467 etgratize,
3072 4395 3338 4466 quomodo
3387 4411 3515 4465 pro.

265 4490 514 4555 mundos,
542 4497 597 4543 et
626 4489 828 4557 lignum
861 4493 1161 4559 cedrinum,
1192 4505 1247 4549 et
1292 4498 1572 4551 coccinum
1611 4507 1666 4552 et
1702 4499 1830 4569 hys-
1864 4527 1908 4581 ι)
1936 4498 2044 4551 ﬁcit
2071 4510 2222 4562 puer,
2254 4504 2308 4549 et
2331 4494 2591 4561 sapientia
2628 4492 2881 4560 impletur
2931 4502 2983 4543 et
3036 4491 3208 4557 gratia
3235 4489 3258 4541 Ἰ
3303 4489 3513 4542 Secun-

264 4594 478 4649 sopum,
501 4588 555 4633 et
578 4580 854 4650 praecipiet
895 4583 1149 4638 sacerdos
1173 4623 1187 4648 ,
1237 4594 1293 4639 et
1323 4585 1577 4642 occidens
1620 4588 1831 4657 pullum

262 4687 429 4725 unum
460 4672 513 4724 in
545 4685 672 4726 vase
698 4673 868 4739 fictili,
904 4674 955 4728 in
1004 4690 1141 4744 aqua
1187 4676 1305 4730 viva
1334 4718 1350 4743 ,
1415 4684 1470 4732 et
1503 4679 1704 4748 pullum
1738 4681 1830 4749 qui

262 4764 396 4818 vivit
444 4763 726 4835 accipiet,
781 4775 837 4821 et
862 4766 1069 4821 lavabit
1121 4767 1273 4823 illum
1311 4770 1366 4824 in
1396 4772 1661 4842 sanguine
1690 4772 1823 4840 pulli

262 4854 427 4910 occisi
457 4855 510 4909 in
530 4872 667 4925 aqua
698 4856 844 4922 viva,
871 4868 925 4913 et
953 4868 1201 4929 aspergat
1228 4875 1390 4928 super
1412 4875 1534 4917 eum
1566 4862 1658 4929 qui
1688 4878 1824 4931 pur-

262 4953 419 5013 gatus
454 4954 535 4998 est
563 4960 593 4999 a
622 4944 767 5014 lepra
803 4947 1020 5016 septies,
1051 4958 1107 5002 et
1137 4949 1368 5004 mundus
1393 4949 1498 5003 erit
1523 4948 1591 5005 ⁸⁷.
1628 4968 1647 5002 ι
1683 4950 1825 5005 Red-

263 5034 345 5090 dit
396 5034 612 5103 quidem
679 5052 778 5091 nos
821 5041 1051 5093 mundos
1085 5080 1101 5106 ,
1143 5048 1197 5094 et
1232 5040 1591 5111 pollutionqu
1645 5044 1836 5098 sordes

262 5123 454 5188 abluit,
485 5134 541 5180 et
571 5126 808 5182 carnalis
841 5130 1298 5197 concupiscentia:
1325 5131 1710 5186 mortalitatem
1746 5147 1830 5186 re-

263 5213 415 5283 pellit
458 5215 680 5285 sanguis
728 5218 1155 5286 pretiosissimus
1205 5219 1444 5285 Christi,
1489 5230 1544 5275 et
1581 5222 1831 5291 purgatio

263 5304 606 5374 baptismatis
650 5311 1007 5365 sacrosancti.
1080 5310 1347 5367 Caeterum
1409 5312 1538 5366 illud
1605 5313 1829 5383 aspice:

263 5395 577 5453 amittentes
624 5400 768 5453 enim
813 5402 1139 5471 scriptorum
1192 5404 1300 5457 vim
1333 5404 1649 5459 examinare
1690 5404 1832 5474 quod

264 5488 526 5556 mysterio
581 5492 875 5562 expediat,
928 5495 981 5549 iu
1035 5496 1320 5566 prmsentia
1388 5498 1827 5555 memorabimus.

336 5689 384 5763 ξι
420 5689 441 5746 ι
470 5691 614 5747 Petr.
648 5713 720 5763 ιν,
765 5698 807 5752 i.

267 5699 450 5793 υ
471 5699 720 5793 Ρξιτὲέν,
765 5699 807 5752 i.
887 5700 931 5730 "
968 5699 1134 5755 Exod.
1183 5718 1256 5765 ιν,
1290 5704 1343 5756 9.

337 5757 471 5817 Luc.
512 5778 570 5828 Il,
597 5763 683 5821 59.

1423 5704 1465 5735 “
1523 5702 1689 5758 Levii.
1757 5719 1873 5772 \‘ttt,
1916 5703 1949 5755 2
1994 5718 2145 5774 seqq.

1941 4588 2063 4643 dum
2092 4585 2235 4640 aliud
2268 4594 2320 4640 et
2347 4584 2489 4638 aliud
2528 4601 2540 4637 :
2573 4598 2694 4637 cum
2736 4583 2804 4637 sit
2829 4581 2973 4635 enim
3028 4580 3142 4648 ipse
3170 4581 3307 4631 idem
3349 4578 3511 4632 homo

1939 4676 2099 4733 simul
2140 4685 2194 4731 et
2238 4675 2396 4739 Deus,
2441 4682 2663 4743 propter
2710 4674 2970 4725 unitatem
3016 4672 3232 4739 quidem
3284 4668 3504 4738 propria

1941 4768 2086 4824 ducit
2116 4769 2347 4823 humana
2373 4783 2387 4831 ;
2416 4774 2497 4821 est
2519 4777 2700 4820 autem
2733 4763 3028 4834 perfectus,
3069 4770 3124 4817 ct
3152 4761 3429 4830 sapientiae
3456 4768 3511 4814 et

1936 4859 2123 4930 gratia:
2153 4860 2331 4922 dator,
2364 4866 2421 4911 ut
2459 4857 2620 4911 Deus.

2009 4949 2358 5017 Nuncupatus
2412 4957 2494 5002 est
2550 4948 2714 5002 etiam
2752 4954 2804 4999 et
2845 4942 3258 5011 primogenitns,
3301 4949 3355 4996 et
3393 4942 3514 4993 uni-

1938 5042 2190 5113 genitus;
2244 5040 2338 5095 sed
2391 5040 2434 5094 si
2469 5038 2591 5109 quis
2634 5038 2740 5091 vim
2784 5037 2954 5105 ipsam
3000 5035 3231 5090 scrutari
3285 5032 3511 5086 voluerit

1939 5130 2257 5194 dictionum,
2290 5128 2677 5197 primogenitus
2698 5136 2801 5189 est,
2842 5126 2932 5194 qui
2964 5127 3107 5178 inter
3150 5123 3349 5177 fratres
3385 5121 3505 5191 plu-

1942 5223 2105 5277 rimos
2131 5220 2518 5291 primogenitus
2541 5236 2555 5285 ;
2582 5219 2889 5289 uuigeuitus
2921 5231 3050 5268 vero
3077 5256 3091 5279 ,
3146 5223 3204 5269 ut
3241 5214 3497 5283 unigeni-

1936 5321 2043 5376 tus,
2075 5328 2177 5365 non
2203 5310 2313 5379 jam
2350 5310 2760 5378 primogenitus,
2794 5323 2891 5363 uec
2920 5308 3063 5361 inter
3096 5306 3358 5376 plurimos
3391 5305 3504 5357 fra-

1936 5414 2065 5459 tres.
2096 5403 2166 5457 At
2193 5412 2274 5458 est
2306 5402 2439 5472 ipse,
2481 5410 2536 5455 et
2573 5402 2693 5459 hoc.
2727 5406 2780 5453 ct
2813 5398 2940 5452 illud
2968 5415 2982 5463 ;
3030 5398 3301 5465 quomodo
3337 5395 3510 5463 ergo?

1939 5495 2241 5551 Secundum
2278 5493 2419 5549 aliud
2462 5504 2536 5564 et_
2561 5491 2703 5546 aliud
2740 5507 2752 5543 :
2788 5488 3181 5560 primogenitus
3230 5490 3370 5542 enim
3399 5528 3412 5550 ,
3451 5498 3508 5539 ut

2977 5695 3017 5726 ιδ
3057 5691 3212 5747 Joan.
3278 5708 3355 5755 lli,
3422 5692 3500 5744 i5.

2223 5701 2263 5734 "
2308 5698 2479 5755 Levii.
2539 5713 2652 5764 xw,
2714 5695 2897 5753 ιθοει.
