4038 6518
453 366 669 452 ὶηιιοτ

1559 354 1620 408 S.
1662 347 1941 407 CYRILLl
1975 338 2443 400 ALEXANDRINI
2484 334 2808 393 ARCHIEP.

3662 328 3797 385 H08

534 480 675 534 inter
694 474 853 545 797
882 472 1141 543 plurimos
1174 468 1391 531 fratres,
1425 476 1643 538 propter
1666 464 2063 521 humanitatem
2091 477 2108 527 ;
2139 464 2186 520 Δ
2214 458 2526 524 ειίθωζιιιηε
2542 469 2665 509 cum
2690 452 2745 506 in
2765 448 2949 545 multis
2969 448 3134 504 fuerit
3155 447 3426 545 Ifratrlbus
3451 465 3466 502 :
3498 454 3631 501 tunc
3654 447 3800 501 enim

531 568 842 639 unigenitus
874 579 1033 633 porro
1066 561 1231 625 idem,
1275 568 1332 614 ut
1363 556 1514 614 solus
1558 573 1626 614 ex
1659 557 1778 614 solo
1808 557 1974 611 Patre
2008 570 2109 609 na-

532 671 646 722 tus,
670 666 724 711 ct
753 665 812 709 ut
846 655 1009 708 Deus.

607 746 1001 803 Sanctiﬁcatus
1051 740 1217 795 fuisse
1267 739 1468 794 dicitur
1509 753 1605 810 per
1647 738 1908 809 Spiritum
1935 777 1951 805 ,
1989 752 2111 792 cum

534 844 656 913 ipse
682 839 1026 896 sanctiticare
1066 833 1243 890 soleat
1274 832 1629 897 accedentes;
1677 832 1990 900 baptizatus
2028 843 2113 884 se-

534 933 769 987 cundum
800 942 1044 991 carnem,
1090 926 1181 993 qui
1218 926 1271 979 in
1301 934 1493 980 sancto
1521 922 1728 992 Spiritu
1775 920 2111 990 baptizabat.

538 1021 821 1091 Quomodo
868 1020 1033 1089 igitur
1079 1022 1219 1075 idem
1256 1027 1313 1070 et
1360 1012 1664 1068 sanctiﬁcat
1704 1020 1759 1065 et
1808 1011 2116 1066 sanctiﬁca-

539 1123 663 1178 tur,
714 1112 955 1182 baptizat
998 1121 1051 1165 et
1102 1106 1457 1179 baptizatur?
1514 1104 1821 1159 Secundum
1870 1104 2014 1158 aliud
2059 1113 2117 1158 et

539 1202 686 1257 aliud
715 1219 730 1257 :
761 1202 1129 1256 sauctiﬁcatur
1157 1199 1303 1254 enim
1326 1198 1579 1260 humane,
1608 1196 1751 1251 sicut
1774 1194 1938 1249 etiam
1979 1197 2114 1265 bap-

540 1298 783 1361 tizatur;
842 1292 1148 1348 sanctiﬁcat
1191 1299 1371 1345 autem
1418 1289 1633 1354 divine,
1686 1296 1743 1342 et
1776 1286 2015 1356 baptizat
2062 1286 2116 1341 in

542 1386 749 1457 Spiritu
778 1396 990 1441 sancto.

608 1478 741 1533 Cum
771 1478 884 1547 ipse
906 1477 1128 1531 suscitet
1149 1492 1291 1529 mor-

539 1580 659 1623 tuos
688 1608 703 1633 ,
744 1568 1044 1622 resurrexit
1074 1582 1103 1620 a
1144 1583 1291 1620 mor-

448 1672 451 1673 '
539 1663 669 1725 tuis,
703 1670 897 1717 etcum
920 1661 989 1714 sit
1020 1675 1115 1729 per
1142 1669 1293 1714 natu-

538 1772 653 1811 ram
676 1755 809 1819 vita,
857 1753 1121 1809 viviﬁcari
1159 1753 1292 1807 dici-

541 1859 661 1914 tur;
697 1848 799 1903 boc
838 1862 1073 1916 quonam
1098 1845 1295 1900 modo?

538 1938 847 1994 Secundum
865 1936 1008 1993 aliud
1030 1951 1220 2005 nempe
1242 1947 1295 1989 et

537 2027 684 2081 aliud
726 2027 884 2096 :ipse
924 2026 1068 2080 enim
1122 2041 1299 2079 resur-

540 2120 681 2176 rexit
717 2119 932 2188 quidem
978 2135 1005 2172 a
1047 2120 1294 2183 mortuis,

538 2210 869 2268 etviviﬁcari
900 2210 1088 2263 dicitur
1110 2225 1300 2263 secun-

535 2307 664 2360 dum
721 2319 984 2370 carnem;
1056 2304 1295 2357 vivilirat

537 2408 716 2452 autem
751 2408 806 2452 et
834 2398 1065 2451 suscitat
1092 2413 1120 2449 a
1152 2411 1293 2449 mor-

536 2491 664 2557 tuis,
711 2501 896 2561 utpote
948 2491 1106 2545 Deus.
1150 2488 1296 2542 l'ati-

534 2596 647 2651 tur,
690 2595 743 2640 et
792 2601 896 2641 non
940 2586 1164 2655 patitur,
1205 2599 1290 2637 se-

532 2673 773 2728 cundum
819 2674 961 2728 aliud
1010 2685 1066 2729 et
1099 2673 1241 2729 aliud
1277 2688 1290 2729 :

538 2767 747 2835 patitur
790 2768 1008 2835 quidem
1062 2767 1294 2821 humane

535 2870 799 2919 carne,eo
818 2859 965 2928 quod
995 2858 1155 2911 honto
1184 2856 1289 2923 sit;

538 2951 883 3020 impassibilis
911 2961 1088 3007 autem
1113 2953 1294 3008 divine

534 3054 741 3107 manet,
770 3054 826 3097 ut
849 3044 1009 3101 Deus.

607 3134 865 3189 Adoravit
896 3136 1007 3205 ipse
1030 3135 1310 3190 nobiscum
1340 3152 1355 3189 :
1381 3152 1401 3186 ι
1446 3133 1557 3189 Vos
1596 3134 1761 3197 enim,
1795 3133 1987 3202 inquit,
2023 3134 2112 3187 ad-
2143 3136 2188 3195 ο

1434 1472 1604 1538 Αὐτὸς
1620 1473 1846 1545 ἐγείρων
1880 1473 2006 1536 τοὺς
2030 1489 2118 1526 νε-

1364 1569 1550 1637 κροὺς,
1574 1568 1639 1620 ὲκ
1660 1566 1869 1637 νεκρῶν
1890 1566 2122 1636 ὲγήγερ⁴

1362 1676 1483 1714 ται·
1523 1660 1617 1713 καὶ
1647 1659 1755 1724 ζῶν
1786 1657 1927 1712 κατὰ
1958 1656 2120 1727 φύσιν

1364 1754 1646 1823 τυγχάνων
1663 1792 1678 1815 ,
1738 1749 2118 1815 ζωοποιεῖσθαι

1365 1850 1602 1919 λέγεται.
1636 1848 1746 1901 Καὶ
1775 1847 1893 1911 πῶς
1930 1847 2119 1912 τοῦτο;

1367 1944 1502 1996 Κατ’
1551 1943 1680 1997 ἄλλο
1729 1946 1824 1999 καὶ
1874 1947 2020 2001 ἄλλο.
2066 1944 2123 1995 Ὀ

1369 2034 1476 2107 γὰρ
1497 2036 1655 2100 αὐτὸς
1691 2040 1987 2110 ἐγήγερται
2025 2037 2123 2109 μὲν

1367 2127 1433 2181 ὲκ
1474 2127 1703 2197 νεκρῶν,
1748 2127 2125 2192 ζωοποεεῐσοαί

1366 2237 1425 2272 τε
1474 2220 1689 2286 λέγεται
1736 2222 1877 2274 κατὰ
1924 2221 2121 2290 σάρκα,

1368 2312 1623 2376 ζωοποιεῖ
1642 2314 1699 2367 δὲ
1725 2316 1816 2368 καὶ
1841 2313 2124 2385 ἀνίστησιν

1364 2402 1491 2464 τοὺς
1537 2402 1780 2473 νεκροὺς,
1831 2402 1908 2467 ὡς
1954 2404 2119 2467 Θεός·

1368 2493 1588 2564 πάσχει,
1639 2495 1735 2548 κού⁵
1777 2496 1837 2547 οὐ
1902 2495 2121 2564 πάσχει,

1369 2590 1489 2641 κατ’
1531 2586 1658 2640 ἄλλο
1702 2587 1793 2639 καὶ
1836 2586 1990 2641 ἄλλο·
2026 2587 2125 2641 πά-

1369 2698 1485 2751 σχει
1536 2682 1633 2752 μὲν
1688 2684 1795 2752 γὰρ
1842 2681 2120 2753 ἀνθρωπί-

1366 2789 1472 2836 νως
1502 2772 1695 2843 σαρκὶ,
1740 2772 1875 2827 καθὸ
1917 2773 2123 2845 ἄνθρω-

1366 2883 1465 2929 πος
1487 2880 1501 2896 ⁶
1534 2865 1748 2933 ἀπαθὴς
1777 2866 1833 2918 δέ
1868 2868 1983 2919 ἐστι
2016 2866 2123 2922 θεῖ-

1365 2959 1499 3023 κῶς,
1529 2958 1604 3021 ὡς
1632 2958 1784 3021 Θεός.

537 3222 706 3277 oratis
723 3222 865 3292 quod
892 3224 1148 3292 nescitis;
1169 3239 1267 3278 nos
1286 3223 1575 3278 adoramus
1597 3223 1736 3291 quod
1757 3223 1959 3278 scimus
1978 3224 2062 3289 ";
2094 3241 2110 3275 ι

539 3321 705 3367 etest
736 3314 899 3367 etiam
923 3314 1231 3369 adorandus
1266 3330 1278 3365 :
1314 3332 1332 3365 ι
1370 3312 1628 3367 Flectitur
1646 3313 1787 3367 enim
1822 3314 1920 3381 ipsi
1956 3330 2115 3369 omne
2198 3314 2203 3341 τ

538 3419 679 3475 genu
728 3406 795 3458 δι.
833 3423 852 3456 ι
887 3405 999 3461 lloc
1047 3420 1264 3475 quoque
1308 3405 1603 3461 secundum
1666 3404 1811 3458 aliud
1858 3413 1914 3459 et
1944 3406 2111 3462 aliud.

539 3497 746 3551 Aderat
772 3498 943 3562 enim,
968 3500 1097 3567 quia
1130 3507 1375 3551 naturam
1400 3497 1715 3565 assumpsit,
1760 3512 1881 3565 qua:
1920 3497 2118 3551 debeat

541 3589 770 3643 adorare
800 3607 815 3655 ;
851 3591 1110 3644 adorator
1140 3599 1319 3644 autem
1357 3605 1520 3659 porro
1551 3590 1715 3654 idem,
1759 3591 1912 3658 quasi
1947 3590 2118 3659 major

539 3678 805 3733 adorante
852 3688 1067 3746 natura,
1115 3693 1181 3733 eo
1230 3680 1371 3748 quod
1422 3678 1743 3746 intelligitur
1792 3680 1949 3733 Deus.
2004 3682 2113 3735 Ad-

541 3773 791 3831 oratione
814 3788 945 3826 vero
975 3788 1079 3825 non
1107 3782 1189 3826 est
1212 3771 1557 3825 dividendum
1590 3770 1644 3824 in
1671 3772 1943 3827 hominem
1964 3787 2116 3827 seor-

541 3881 636 3921 sus
659 3874 716 3920 et
742 3879 960 3919 seorsus
993 3863 1046 3921 in
1092 3864 1293 3930 Deum;
1338 3879 1515 3933 neque
1548 3879 1678 3920 vero
1720 3875 1974 3934 tanquam
2011 3864 2118 3920 Deo

540 3954 887 4024 coniunctum
906 3954 1211 4024 aequalitate
1230 3954 1531 4025 dignitatis,
1554 3954 1745 4009 divisis
1774 3953 2115 4021 substantiis,

541 4062 665 4103 cum
712 4046 830 4115 ipso
877 4047 1090 4103 adorari
1120 4046 1350 4105 dicimus
1402 4047 1679 4101 hominem
1739 4046 1817 4116 (id
1849 4048 1992 4101 enim
2022 4061 2117 4101 ex-

543 4148 732 4191 tremae
760 4137 1051 4205 impietatis
1078 4138 1449 4206 plenissimum
1478 4138 1583 4207 est)
1620 4140 1751 4191 :sed
1807 4154 1971 4191 unum
2009 4139 2110 4191 ad-

542 4228 807 4283 orandum
848 4229 1120 4285 ltomiuem
1158 4229 1450 4294 factum,el
1479 4229 1821 4284 iucarnatum
1854 4230 1943 4283 Dei
1986 4228 2119 4283 Ver-

544 4321 692 4387 bum;
718 4321 789 4374 ita
822 4331 1023 4383 tamen,
1058 4331 1115 4374 ut
1157 4321 1441 4375 credamus
1483 4337 1681 4389 corpus
1726 4321 1773 4375 ei
1819 4326 2115 4376 adunatum

543 4411 780 4465 animam
809 4410 962 4478 juxta
1013 4427 1111 4466 nos
1166 4411 1421 4467 habuisse
1478 4412 1879 4467 rationabilem.
1933 4412 2117 4481 Neque

543 4497 686 4552 enim
722 4498 861 4552 Dens
887 4499 1226 4568 oumipotens
1258 4500 1395 4555 duos
1426 4500 1820 4569 primogenitos
1858 4504 2116 4572 praecepit

542 4598 814 4657 oportere,
851 4599 955 4643 tant
995 4608 1023 4644 a
1054 4592 1210 4645 nobis
1244 4606 1404 4660 quam
1428 4607 1457 4644 a
1494 4592 1699 4646 sanctis
1752 4594 1980 4663 angelis,
2014 4597 2113 4649 ad-

542 4681 714 4731 orari.
744 4677 895 4733 Unus
922 4691 1001 4734 est
1033 4682 1200 4747 enim,
1227 4683 1315 4751 qui
1353 4692 1435 4737 est
1474 4683 1813 4739 introductus
1842 4686 1894 4740 itt
1925 4686 2113 4742 orbent

543 4781 808 4824 terrarum
837 4773 913 4837 ⁵¹;
952 4782 1005 4826 et
1032 4774 1075 4827 si
1112 4775 1527 4831 iutroductionis
1574 4777 1790 4831 modum
1838 4779 2115 4835 curiosius

544 4870 980 4930 perscrntemur,
1020 4864 1254 4918 carnalis
1313 4866 1739 4933 dispensationis
1790 4871 2113 4939 mysterium

544 4952 901 5007 iuvenieuuts.
936 4951 1283 5010 Introductus
1313 4967 1396 5011 est
1443 4968 1624 5010 autem
1681 4958 1731 5012 in
1767 4960 1955 5015 orbem
2010 4970 2118 5016 ter-

545 5059 747 5106 rarum,
786 5055 911 5098 tunc
939 5059 1062 5099 cum
1098 5046 1270 5103 factus
1307 5058 1389 5102 est
1421 5049 1602 5112 homo,
1636 5048 1759 5102 licet
1796 5059 1991 5104 natura
2020 5066 2115 5106 sua

548 5136 752 5191 distare
774 5140 839 5191 ab
862 5141 993 5195 orbe
1018 5139 1332 5210 longissime
1357 5141 1623 5204 videatur,
1655 5150 1707 5193 et
1736 5141 1788 5195 in
1812 5142 2112 5198 divinitatis

541 5227 834 5281 eminentia
856 5244 980 5283 vere
998 5243 1116 5283 esse
1144 5231 1398 5284 credatur
1433 5247 1448 5284 :
1484 5231 1620 5284 alius
1644 5242 1723 5285 est
1747 5231 1891 5284 enim
1919 5242 2117 5301 praeter

541 5317 805 5373 eletncuta
832 5331 1044 5375 creator
1070 5322 1327 5392 ipsorum.

1369 5322 1505 5393 Ergo
1537 5339 1699 5391 super
1723 5338 1807 5388 ea,
1835 5338 1953 5392 qua:
1985 5326 2099 5393 ipse

542 5410 801 5474 condidit,
840 5414 1133 5468 secundum
1168 5425 1415 5468 naturam
1450 5426 1567 5477 eSt,
1607 5417 1749 5483 quod
1802 5425 1999 5469 natura
2046 5415 2118 5470 sit

547 5497 708 5553 ltens.
746 5501 892 5557 Unus
931 5515 1133 5570 tamen,
1200 5515 1255 5560 ut
1285 5516 1409 5561 autc
1436 5507 1545 5559 dixi
1578 5547 1591 5572 ,
1648 5508 1956 5563 adorandus
1990 5518 2071 5562 est
2102 5548 2115 5573 ,

618 5702 661 5734 ”
682 5700 848 5777 dealt.
889 5725 959 5777 tv,
985 5712 1073 5767 22.

544 5788 655 5840 atv,
681 5774 768 5830 35.

1193 5714 1229 5745 δ’
1272 5714 1497 5785 Philipp.
1532 5731 1589 5779 tt,
1630 5716 1711 5771 l0.

1826 5718 1867 5749 "
1907 5716 2065 5773 "chr.
2104 5734 2141 5785 t,
2184 5718 2233 5773 6.

2212 556 2499 617 propterea
2536 544 2720 598 dictus
2751 550 2837 595 est
2865 538 3280 611 primogenitus.

2289 636 2472 691 Unum
2505 634 2698 689 Filium
2731 632 2988 688 adoravit
3035 643 3212 685 caecus
3262 643 3294 683 a
3326 627 3615 683 nativitate
3655 642 3752 681 sua
3784 668 3799 692 ,

2215 742 2336 782 cum
2363 740 2476 797 pra:
2492 726 2654 795 cipuo
2678 721 3028 791 mirabilique
3060 720 3222 774 modo
3255 726 3477 775 sanatus
3507 727 3613 774 est.
3644 717 3803 779 Nam,

2221 837 2239 870 ι
2281 832 2402 872 cum
2444 816 2745 872 invenisset
2770 829 2895 871 eum
2924 814 2977 868 in
3009 810 3207 881 templo
3236 807 3418 875 Jesus,
3468 809 3610 864 dixit
3654 828 3668 863 :
3723 807 3802 863 'l'u

2217 908 2394 964 credis
2417 908 2469 962 itt
2508 907 2705 963 Filium
2745 904 2882 960 Dei?
2905 902 2999 959 ille
3045 911 3227 957 autem
3261 899 3401 955 dixit
3433 917 3447 954 :
3483 898 3623 965 Quis
3673 910 3757 954 est
3787 940 3803 963 ,

2219 995 2465 1060 Domine.
2496 1004 2557 1051 ut
2588 996 2809 1051 credam
2854 994 2909 1048 in
2954 1008 3079 1048 eum
3099 990 3190 1045 “i
3245 1008 3264 1041 ι
3293 988 3551 1045 Christus
3577 1003 3715 1044 vero
3757 991 3803 1042 ei

2219 1084 2456 1152 seipsum
2497 1099 2622 1139 cum
2673 1097 2904 1152 corpore
2952 1082 3364 1146 demonstrans,
3399 1082 3582 1136 aiebat
3618 1097 3634 1133 :
3688 1098 3708 1130 ο
3746 1077 3807 1133 Et

2219 1175 2400 1230 vidisti
2433 1176 2649 1247 quidem
2681 1190 2828 1243 eum,
2878 1182 2933 1229 et
2978 1174 3069 1244 qui
3124 1172 3359 1242 loquitur
3414 1182 3595 1229 tecum
3629 1210 3647 1237 ,
3696 1172 3811 1240 ipse

2220 1275 2307 1320 est
2338 1264 2403 1319 “.
2438 1284 2457 1317 ι
2495 1264 2655 1320 Vides
2677 1264 2830 1334 quod
2860 1262 3121 1333 singulari
3159 1278 3386 1318 numero
3424 1271 3613 1316 utatur
3639 1301 3655 1325 ,
3704 1279 3809 1315 non

2222 1356 2544 1424 permittens
2596 1355 2766 1410 Deum
2818 1363 2874 1409 et
2920 1355 3195 1410 hominem
3251 1369 3470 1410 seorsus
3530 1352 3809 1423 intelligi;

2223 1444 2335 1499 imo
2378 1459 2507 1499 vero
2543 1452 2597 1501 et
2642 1445 2689 1499 si
2717 1445 2839 1514 quis
2869 1444 3144 1500 hominem
3199 1443 3815 1499 notninaveritEmma-

2225 1536 2371 1602 nuel,
2407 1536 2634 1592 minime
2673 1537 2890 1606 quidem
2920 1549 3267 1591 communem
3322 1534 3606 1591 hominem
3640 1534 3815 1604 signi-

2227 1631 2503 1698 ﬁcaverit;
2529 1631 2622 1685 sed
2645 1630 2739 1686 Dei
2769 1626 3003 1683 Verbum
3023 1627 3323 1683 adunatum
3343 1637 3549 1687 nostra:
3579 1638 3813 1683 nature.

2233 1723 2384 1778 Hune
2413 1722 2555 1778 sicut
2589 1736 2755 1776 unum
2779 1762 2794 1787 ,
2827 1720 3101 1775 hominem
3153 1721 3452 1774 adoravere
3503 1719 3659 1774 beati
3705 1719 3814 1774 dis-

2159 1804 2201 1859 Β
2228 1814 2410 1884 cipuli,
2440 1829 2567 1870 cum
2599 1827 2721 1868 eum
2750 1813 2997 1868 videntes
3049 1812 3205 1868 miris
3246 1814 3422 1867 modis
3467 1812 3615 1866 inter
3645 1826 3818 1882 aquas

2227 1905 2527 1970 stabulare,
2553 1904 2870 1971 adoravere,
2906 1903 3155 1960 dicentes
3207 1921 3221 1957 :
3276 1920 3297 1955 ι
3333 1901 3476 1959 Vere
3517 1903 3617 1958 Dei
3645 1900 3816 1959 Filias

2298 2089 2356 2143 Si
2387 2103 2520 2144 vero
2549 2088 2821 2145 hominem
2853 2104 2977 2145 cum
3017 2087 3130 2144 Deo
3153 2087 3437 2144 coadorari
3480 2086 3817 2149 dixerimus,

2228 2182 2545 2236 divisionem
2605 2180 3057 2249 spatiosissimam
3095 2181 3459 2236 inducemus:
3513 2179 3619 2231 σὺν
3667 2180 3811 2232 enim

2224 2288 2440 2342 semper
2472 2272 2636 2345 (quod
2668 2281 2753 2328 est
2785 2271 2976 2327 Latine
2995 2270 3161 2341 cum),
3189 2272 3291 2327 nisi
3321 2272 3377 2327 in
3406 2269 3820 2342 signiﬁcatione

2227 2366 2477 2431 unitatis,
2508 2380 2630 2436 qua
2655 2374 2739 2421 est
2759 2380 2857 2435 per
2887 2364 3357 2434 compositionem,
3391 2371 3654 2431 ponatur,
3708 2363 3818 2415 duo

2224 2458 2449 2512 omnino
2473 2464 2629 2527 coget
2662 2456 2912 2526 intelligi.
2947 2455 3419 2522 Quemadmodum
3453 2452 3609 2510 enim
3646 2467 3815 2507 nemo

2224 2548 2326 2602 alii
2354 2552 2645 2604 convenire
2667 2548 2879 2603 dicatur
2903 2587 2920 2612 ,
2948 2562 3132 2619 neque
3151 2562 3504 2611 concinnare,
3526 2556 3626 2601 aut
3646 2544 3811 2601 eoad-

2224 2648 2501 2704 orare,aut
2519 2640 2866 2696 coambulare
2890 2657 2906 2707 ;
2934 2641 3161 2695 duarum
3185 2640 3328 2695 enim
3351 2653 3721 2709 personarum
3737 2636 3815 2691 si-

2223 2729 2625 2798 gniﬁcationem
2652 2730 2857 2787 inducit
2882 2733 3194 2802 praepositio
3254 2732 3425 2787 verbo
3461 2733 3762 2801 przposita
3800 2750 3815 2783 :

2227 2821 2298 2875 ita
2319 2820 2478 2875 etiam
2502 2822 2548 2877 si
2577 2824 2701 2890 quis
2717 2823 3001 2879 coadorari
3020 2824 3293 2878 hominem
3306 2838 3430 2877 cum
3450 2822 3567 2876 Deo
3586 2822 3816 2886 dixerit,

2224 2913 2360 2967 duos
2400 2912 2559 2981 plane
2594 2913 2734 2970 ﬁlios
2761 2914 2915 2980 dicit,
2948 2924 3053 2970 eta
3076 2928 3196 2970 sese
3213 2914 3517 2984 disiunctas
3542 2932 3557 2979 ;
3583 2914 3823 2968 unitatis

2228 3004 2372 3057 enim
2404 3004 2562 3070 ratio,
2588 3004 2633 3058 si
2657 3004 2708 3059 in
2736 3004 2850 3059 sola
2887 3004 3165 3076 dignitatis
3205 3003 3523 3075 equalitate
3547 3004 3671 3058 sive
3713 3017 3843 3057 an-r

2223 3094 2493 3149 ctoritatis
2518 3095 2869 3167 intelligatur,
2886 3111 2996 3155 non
3020 3110 3143 3151 esse
3167 3110 3292 3151 vera
3312 3094 3689 3157 convincitur,
3721 3093 3816 3148 ω-

2221 3201 2327 3256 que
2354 3203 2383 3240 a
2417 3185 2571 3242 nobis
2598 3187 2712 3258 jam
2744 3187 2988 3257 pluribus
3037 3197 3164 3242 ante
3208 3187 3498 3257 probatum
3554 3193 3667 3240 est.

2711 3300 2877 3371 793
2900 3301 2984 3356 CA
2996 3300 3054 3355 ιτ.
3088 3300 3306 3355 xxxv.

2221 3411 2482 3465 Adversus
2515 3410 2637 3467 il'los
2666 3413 2758 3481 qui
2788 3413 2962 3476 aiunt,
3004 3412 3145 3476 quod
3192 3412 3306 3465 sola
3346 3410 3601 3466 relatione
3640 3409 3816 3463 Detula

2628 3481 2853 3537 Verbum
2885 3485 3105 3536 deceant
3134 3482 3371 3535 humana

2291 3592 2551 3647 Garriunt
2580 3592 2818 3647 nonnulli
2850 3593 2916 3647 de
2965 3590 3170 3647 carnali
3210 3591 3625 3660 dispensatione
3655 3588 3796 3644 Uul-

2220 3683 2407 3752 geniti.
2440 3692 2495 3738 et
2534 3683 2863 3746 venerabile,
2894 3698 2959 3739 ac
3001 3697 3273 3754 magnum,
3302 3692 3356 3737 et
3384 3683 3642 3751 supernis
3686 3683 3807 3749 spi-

2222 3773 2416 3827 ritibus
2443 3774 2892 3828 amabilissimum
2924 3776 3264 3845 mysterinm,
3306 3789 3403 3843 per
3433 3776 3577 3843 quod
3637 3776 3807 3828 etiam

2222 3862 2416 3918 salvati
2449 3879 2658 3928 sumus,
2691 3866 2757 3917 ad
2790 3879 2984 3921 sensus
3012 3864 3233 3935 fragiles
3269 3864 3605 3927 deferentes,
3642 3863 3812 3917 decus

2221 3954 2599 4009 contaminant
2624 3954 3199 4025 pulchritudinemque
3222 3953 3478 4009 veritatis
3503 3971 3519 4020 ;
3558 3969 3683 4008 cum
3711 3969 3807 4007 eos

2222 4054 2491 4115 oporteat,
2527 4062 2632 4101 non
2662 4046 2706 4101 si
2744 4046 2871 4117 quid
2918 4046 3048 4114 ipsis
3088 4056 3236 4102 recte
3281 4046 3486 4102 habere
3532 4047 3803 4108 videatur,

2222 4138 2480 4191 roborare
2509 4136 2716 4203 conari;
2758 4135 2851 4191 sed
2884 4136 3153 4207 inspicere
3183 4137 3376 4209 magis,
3402 4136 3587 4191 subtili
3609 4148 3806 4190 acuto—

2219 4242 2324 4297 que
2342 4228 2539 4282 mentis
2557 4228 2737 4292 oculo,
2760 4241 3042 4282 sacrarum
3080 4229 3413 4297 propositum
3441 4226 3807 4286 Litterarum.

2220 4328 2382 4386 atque
2409 4327 2615 4373 rectum
2646 4318 2720 4371 ita
2752 4318 2856 4373 iter
2882 4318 3112 4389 ingredi,
3147 4328 3421 4374 sectantes
3450 4332 3514 4370 ea
3550 4332 3671 4379 qua:
3701 4315 3807 4369 Pa-

2223 4418 2336 4466 tres
2361 4411 2691 4465 sanctissimi
2726 4411 3110 4465 examinarunt
3135 4452 3150 4477 ,
3204 4411 3297 4482 qui
3336 4410 3511 4465 sancti
3563 4408 3809 4477 Spiritus

2150 4469 2192 4523 θ
2224 4500 2706 4557 illuminationihus
2751 4501 2974 4565 eruditi,
3021 4516 3255 4557 sanxere
3301 4502 3455 4557 nobis
3491 4499 3807 4572 symbolqu

2226 4594 2369 4657 ﬁdei,
2402 4595 2573 4664 ipsum
2599 4595 2861 4661 dicentes,
2893 4595 3037 4664 quod
3065 4610 3129 4650 ex
3155 4594 3333 4649 Patris
3360 4594 3669 4650 substantia
3711 4592 3804 4645 in-

2221 4687 2612 4742 tcstintabiliter
2642 4696 2827 4742 natum
2857 4696 2961 4751 est,
3001 4686 3171 4742 Deum
3218 4685 3477 4752 Verbum,
3528 4701 3626 4756 per
3658 4684 3809 4755 quod

2220 4778 2401 4833 omnia
2431 4778 2573 4833 facta
2598 4787 2745 4841 sunt.
2772 4795 2891 4850 qua:
2915 4779 2967 4833 in
3001 4781 3162 4846 cmlo,
3185 4789 3373 4848 etquae
3405 4779 3455 4832 in
3484 4787 3653 4840 terra,
3678 4791 3807 4844 pro-

2223 4880 2343 4941 pter
2375 4886 2474 4925 nos
2500 4870 2769 4933 homines,
2803 4880 2857 4925 et
2900 4883 3100 4927 nostra:
3144 4873 3337 4927 salutis
3365 4884 3531 4925 causa
3561 4870 3801 4924 desceno

2221 4962 2385 5026 disse,
2426 4960 2696 5017 hominem
2732 4961 2955 5027 factum,
3001 4978 3345 5032 passamque,
3382 4960 3700 5015 ascendisse
3748 4960 3801 5012 in

2221 5051 2441 5117 malum,
2480 5061 2768 5108 venturum
2822 5063 2940 5123 post
2978 5064 3218 5124 tempora
3259 5055 3509 5124 judicare
3548 5052 3702 5105 vivos
3746 5060 3805 5106 et

2221 5154 2481 5200 lllOl‘lllOS.

2296 5235 2491 5289 Verum
2531 5237 2773 5291 nonnulli
2805 5246 2951 5301 sunt,
2982 5239 3173 5291 doctus
3207 5252 3264 5291 se
3298 5251 3419 5293 esse
3449 5237 3800 5303 scientesque

2222 5324 2446 5394 Opinati,
2485 5336 2537 5379 et
2566 5327 2871 5395 supercilio,
2914 5338 2966 5382 et
2989 5338 3194 5383 tumore
3227 5328 3443 5390 sufﬂati,
3486 5329 3578 5398 qui
3610 5328 3654 5380 si
3684 5329 3800 5381 ha’c

2215 5417 2376 5471 verba
2409 5418 2699 5483 audierint,
2734 5421 3019 5484 derident;
3053 5429 3102 5473 et
3130 5436 3190 5473 ea
3213 5436 3332 5489 qua:
3366 5430 3471 5473 tam
3503 5429 3650 5474 recte
3672 5428 3798 5471 sunt

2218 5510 2384 5575 dicta,
2412 5511 2760 5565 deliratttettla
2794 5513 2961 5579 magis
3015 5514 3327 5567 existimant
3356 5531 3368 5565 :
3400 5527 3522 5565 cum
3564 5526 3797 5580 praeser-

2346 5715 2391 5746 ”
2449 5713 2599 5770 lusu.
2637 5732 2707 5779 ιτ,
2741 5716 2827 5783 38,
2854 5717 2936 5773 59.
3054 5719 3094 5749 ⁸³
3137 5716 3260 5772 ibid.
3327 5716 3416 5769 57.
3525 5716 3567 5745 ⁸⁸
3603 5712 3793 5768 Matth.
