4038 6516
450 402 580 461 NH

1445 402 1505 455 3.
1544 398 1825 456 ογίιιιιι
1864 395 2332 453 ALEXANDRINI
2372 397 2693 453 Αιιειιιῐερ.

3554 406 3694 463 Ni!

443 515 597 573 uotis
635 532 648 570 τ
689 533 708 567 ι
752 514 853 581 Qui
891 514 1082 584 recipit
1121 526 1235 577 vos,
1279 525 1368 567 me
1416 511 1609 582 recipit
1641 512 1709 565 ἰ.
1744 529 1761 561 ›
1796 508 2013 564 Necnon
2048 514 2090 568 Α
2119 509 2278 563 bilem
2318 523 2445 563 vero
2477 519 2530 563 ut
2558 511 2721 564 Deum
2752 511 3109 569 servavimus.
3148 512 3283 572 Nam
3337 515 3467 574 licet
3512 517 3689 577 factus

439 608 602 663 etiam
658 607 1038 662 misericordes
1086 619 1183 675 pro
1226 604 1478 660 tribunali
1515 617 1614 657 suo
1660 603 2016 656 allocuturutn

442 716 502 756 se
532 701 811 770 pollicetur
838 718 850 753 :
880 718 898 751 ι
946 698 1160 765 Venite,
1195 699 1458 753 benedicti
1486 696 1662 750 Patris
1687 694 1812 759 mei,
1838 693 2017 764 perci-

439 794 549 859 pite
566 800 811 860 paratum
834 790 985 844 vobis
1007 804 1227 859 regnum
1246 804 1275 842 a
1300 787 1682 842 constitutione
1700 784 1966 839 mundi“.
1993 802 2012 835 ι

442 881 731 936 Probitatis
749 897 875 936 vero
900 882 1137 949 ipsorum
1156 896 1332 934 mores
1355 879 1696 933 familiariter
1714 891 2021 948 agnoscens

436 973 503 1026 de
552 972 639 1038 iis,
693 972 886 1040 quibus
939 971 1077 1025 bene
1132 970 1437 1025 consultum
1496 969 1674 1023 fuerat
1717 969 1783 1023 ab
1832 969 2012 1039 ipsis:

422 1034 462 1131 ξι
492 1063 739 1129 Quandiu
768 1063 1028 1128 feceritis,
1062 1063 1255 1134 inquit,
1286 1063 1373 1117 uni
1403 1062 1595 1118 horum
1644 1061 2010 1131 minimorum,

434 1154 565 1206 tnihi
611 1152 813 1208 fecistis
835 1154 895 1205 “.
933 1172 951 1205 ι
1710 1138 1723 1149 ’

506 1242 664 1307 Ecce,
691 1245 744 1297 in
774 1244 856 1297 his
886 1244 1162 1299 relationis
1191 1244 1379 1299 modus
1398 1244 1576 1315 qualis
1598 1246 1689 1312 sit,
1719 1249 2004 1318 cognosci-

438 1341 529 1389 tur
572 1334 868 1389 evidenter.
936 1333 1312 1389 Murmurabat
1373 1336 1632 1391 adversus
1686 1337 1901 1410 Moysen
1959 1350 2014 1395 et

433 1426 613 1479 Aaron
668 1424 895 1494 populus
927 1422 1113 1488 Israel,
1147 1433 1200 1479 et
1236 1440 1323 1479 res
1354 1426 1569 1494 quidem
1604 1426 1838 1482 habebat
1868 1429 2005 1483 relao

434 1515 632 1569 tionem
677 1516 731 1568 in
776 1515 1160 1579 Deum;erant
1188 1524 1365 1569 tamen
1407 1517 1654 1571 homines
1698 1517 1906 1588 Moyses
1958 1530 2013 1573 et

434 1606 613 1658 Aaron
646 1604 852 1659 similes
897 1605 1093 1659 nostri.
1125 1604 1328 1660 Eodem
1393 1617 1554 1676 pacto
1605 1608 1769 1661 etiam
1805 1609 1858 1662 in
1891 1608 2011 1665 aliis

432 1695 719 1765 intelliges,
761 1710 991 1766 quorum
1044 1712 1218 1765 nuper
1245 1697 1473 1752 fecimus
1525 1700 1884 1755 mentionem:
1916 1701 2009 1754 sed

432 1793 588 1840 erant
639 1786 876 1855 quidem,
910 1796 968 1840 ut
1009 1795 1134 1842 ante
1164 1786 1297 1849 dixi,
1349 1790 1519 1842 sancti
1569 1798 1624 1843 et
1665 1791 2011 1845 admirabiles

2123 601 2193 653 sit
2219 600 2410 654 similis
2444 600 2638 666 nostri,
2673 610 2913 657 attamen
2942 603 3084 659 scire
3112 604 3369 663 debemus
3388 609 3693 668 cclestlum

2122 690 2442 759 dignitatum
2471 700 2525 745 et
2547 692 2741 746 divina:
2769 690 2886 760 eius
2930 695 3241 751 eminentiae
3270 697 3625 769 maiestatem.

2201 782 2483 836 [’razmissa
2518 782 2681 851 igitur
2711 784 2916 841 unitate
2954 801 3039 851 ea,
3066 788 3222 857 quasi
3257 787 3438 859 aliquo
3495 791 3691 847 funda-

2120 884 2299 929 mento
2329 874 2448 928 fidei
2470 875 2744 944 prwjacto,
2774 891 2937 931 carne
2952 892 3167 946 passum
3188 892 3310 935 esse
3326 882 3645 939 confitemur
3671 902 3686 949 ;

2117 966 2383 1021 mansisse
2416 981 2543 1021 vero
2597 977 2749 1021 extra
2800 967 3103 1035 passiones,
3148 970 3345 1041 quippe
3388 987 3508 1026 cum
3544 975 3595 1027 in
3628 991 3692 1030 se

2118 1058 2332 1123 habeat,
2358 1068 2414 1111 nt
2438 1059 2545 1128 pati
2582 1074 2686 1113 non
2709 1058 2876 1128 possit
2909 1076 2923 1113 :
2958 1058 3041 1113 sin
3076 1075 3205 1116 vero
3236 1062 3285 1116 in
3328 1074 3479 1134 parte
3521 1080 3692 1133 pona-

2118 1165 2239 1206 mus
2268 1151 2434 1204 Deum
2465 1159 2519 1204 et
2562 1149 2855 1214 hominem,
2888 1162 3108 1207 naturas
3138 1167 3168 1207 a
3202 1166 3321 1207 sese
3358 1152 3687 1219 dividentes,

2115 1249 2169 1294 et
2189 1243 2483 1295 secundum
2510 1239 2677 1294 solam
2703 1239 3018 1297 relationem
3049 1244 3292 1297 dicamus
3315 1242 3551 1299 Verbum
3584 1262 3686 1300 sua

2115 1332 2332 1385 duxisse
2367 1346 2451 1395 ea,
2481 1346 2598 1400 quae
2632 1332 2846 1399 corpori
2877 1334 3236 1401 contigerunt,
3266 1332 3468 1405 Moysis
3493 1350 3690 1403 nempe

2113 1430 2168 1477 et
2196 1424 2373 1476 Aaron
2403 1425 2616 1476 modum
2639 1423 2798 1476 habet
2828 1422 2892 1487 is,
2924 1422 3013 1490 qui
3060 1432 3233 1478 estex
3265 1438 3416 1477 sacra
3465 1422 3691 1495 Virgine

2114 1523 2424 1585 procreatus
2497 1512 2832 1579 Emmanuel,
2898 1515 3041 1583 quod
3112 1524 3193 1569 est
3250 1514 3686 1584 interpretatum,

2114 1604 2391 1658 nobiscum
2431 1604 2591 1658 Deus.

2179 1696 2344 1767 800
2392 1696 2533 1766 Ergo
2578 1696 2681 1751 etsi
2743 1711 2839 1766 per
2889 1694 3181 1767 prophetas
3228 1706 3449 1753 sanctos
3499 1697 3682 1754 dicat:

2117 1805 2135 1837 ι
2180 1788 2403 1841 Dorsum
2434 1802 2610 1841 meum
2646 1788 2797 1856 posui
2836 1788 2889 1843 in
2921 1786 3165 1855 ﬂagella;
3199 1788 3445 1842 maxillas
3499 1798 3684 1843 autem

438 1876 703 1942 homines,
735 1876 978 1930 homines
1004 1888 1177 1930 tamen
1208 1877 1411 1932 similes
1444 1881 1633 1934 nostri.
1665 1878 1814 1935 Eone
1851 1883 2011 1952 igitur
2041 1854 2083 1908 Β
2113 1889 2261 1930 meas
2282 1876 2355 1929 'in
2394 1876 2599 1943 palmas
2627 1892 2640 1941 ;
2667 1874 2859 1929 faciem
2906 1888 3077 1928 meam
3120 1884 3298 1929 autem
3348 1890 3454 1928 non
3505 1875 3680 1930 averti

432 1968 590 2021 modo
613 1968 777 2021 etiam
807 1967 965 2021 homo
1001 1967 1110 2021 Deo
1154 1966 1329 2023 Verbo
1371 1968 1716 2038 conjunctus,
1758 1974 1898 2027 sicut
1931 1972 2008 2027 illi

429 2060 599 2123 aiunt,
634 2058 951 2113 relationem
985 2060 1037 2113 in
1072 2058 1125 2113 id
1170 2074 1388 2114 suarum
1425 2062 1620 2117 habeat
1653 2064 2011 2131 passionum?

430 2147 497 2201 Et
521 2149 912 2217 quomodojam
943 2163 1050 2202 non
1077 2149 1146 2203 sit
1164 2149 1326 2204 homo
1345 2152 1671 2215 communis,
1693 2163 1746 2206 et
1766 2169 2005 2220 seorsus,

431 2248 487 2292 ιιι
521 2240 665 2293 aliud
698 2240 829 2294 nihil
852 2241 875 2295 Ἰ
897 2241 1036 2310 Ergo
1071 2255 1175 2293 non
1204 2250 1287 2296 est
1326 2255 1452 2296 vere
1498 2241 1640 2296 Deus
1664 2242 2004 2309 Emmanuel,

429 2345 537 2383 non
568 2329 873 2398 unigenitns
902 2329 1095 2396 Filius,
1126 2346 1229 2385 non
1256 2332 1393 2385 Deus
1418 2332 1709 2385 secundum
1738 2343 2002 2387 naturam.

500 2419 702 2474 Deinde
749 2436 910 2490 quam
978 2426 1046 2477 ob
1093 2436 1311 2477 causam
1362 2437 1521 2478 nemo
1578 2422 1867 2477 alioruma
1897 2424 2005 2478 Deo

427 2511 608 2569 Verbo
668 2512 965 2567 honoratus
1017 2521 1102 2567 est
1155 2514 1462 2583 mqualitate
1532 2514 1829 2582 dignitatis,
1892 2515 2005 2569 sive

428 2604 769 2659 auctoritatis
798 2605 822 2658 ?
852 2602 1033 2659 Solum
1082 2613 1259 2658 autem
1290 2604 1429 2658 hunc
1482 2605 1631 2673 paria
1677 2606 1857 2658 omnia
1887 2621 2005 2659 sor-

430 2694 583 2749 titum
612 2693 779 2748 fuisse
803 2694 1168 2763 contendunt;
1196 2695 1431 2747 maxime
1456 2708 1576 2746 cum
1598 2693 1737 2747 Deus
1755 2690 2003 2748 Salvator

427 2784 693 2848 omnium,
727 2800 834 2838 non
861 2784 1069 2853 judicet
1102 2785 1168 2839 ad
1194 2782 1840 2852 personam,sedjustum
1866 2784 2003 2853 judi~

424 2878 590 2941 cium,
620 2875 763 2930 sicut
790 2876 903 2943 ipse
930 2873 1404 2929 commemorat“.
1439 2873 1618 2940 Quare
1652 2888 1782 2942 ergo
1821 2874 2001 2927 consi-

423 2971 516 3021 det
546 2967 738 3021 solus?
775 2967 1065 3034 Quomodo
1118 2967 1297 3020 veniet
1327 2964 1515 3034 jndex,
1573 2964 1999 3034 obsequentibus

424 3058 869 3130 angelis?Quare
919 3070 1096 3114 autem
1137 3060 1286 3113 solus
1334 3066 1443 3112 tam
1484 3072 1514 3111 a
1561 3058 1717 3113 nobis
1767 3073 1928 3128 quam
1965 3075 1995 3114 a

419 3152 669 3221 supernis
693 3153 976 3222 spiritibus
1014 3151 1266 3207 adorator
1292 3150 1316 3204 ?
1351 3151 1457 3204 Sed
1487 3149 1664 3213 valde,
1690 3150 1863 3219 inquit
1894 3168 1907 3203 :
1944 3159 1995 3205 te
2022 3181 2064 3239 ο

418 3246 565 3299 enim
619 3259 836 3313 quoque
893 3244 945 3299 id
995 3258 1156 3313 agere
1201 3244 1552 3308 invenimusz;
1584 3257 1800 3308 passum
1849 3241 1993 3296 enim

422 3337 599 3404 ipsum
622 3336 916 3401 confiteris,
938 3346 1206 3405 quatenus
1232 3335 1281 3389 ei
1306 3334 1488 3389 carnis
1511 3332 1760 3387 attribuis
1784 3333 1991 3402 passio-

420 3442 540 3492 nes,
563 3426 687 3481 licet
714 3424 1098 3495 impassibilem
1135 3438 1319 3479 serves
1344 3420 1614 3477 utDeum.
1651 3422 1723 3476 At
1749 3437 1869 3489 nos,
1908 3426 1992 3478 vir

419 3520 643 3589 optime,
678 3532 801 3574 cum
834 3518 982 3587 prius
1018 3516 1436 3571 adunaverimus
1470 3513 1708 3569 Verbum
1736 3524 1790 3570 et
1815 3514 1991 3569 homi-

420 3625 564 3675 nem,
609 3611 757 3665 carni
807 3611 1020 3680 quidem
1056 3608 1338 3680 passiones
1383 3607 1692 3674 tribuimus,
1734 3606 1990 3677 impassi—

486 3787 530 3824 ⁶¹
566 3785 699 3842 Luc.
725 3790 914 3851 tx,48.
1026 3788 1069 3819 ⁸³
1101 3786 1285 3842 Matth.
1322 3805 1447 3849 xxv,
1488 3789 1577 3842 δι.

417 3855 463 3892 ’ν
486 3854 626 3913 Psal.
657 3874 844 3941 uvttt,
878 3861 963 3914 22.
1042 3858 1086 3889 “
1128 3857 1232 3911 Ιςιι.
1259 3874 1372 3923 un,
1410 3858 1460 3912 5.

1692 3788 1737 3819 ⁸³
1781 3787 1907 3843 ibid.
1952 3785 2036 3839 $0.

2112 1980 2141 2018 a
2170 1965 2485 2019 confusione
2504 1975 2781 2035 sputorum
2800 1966 2865 2020 “.
2892 1983 2913 2017 ι
2940 1964 3140 2020 Porro:
3167 1984 3186 2017 ι
3227 1964 3543 2019 [infoderunt
3573 1979 3685 2020 ma.

2112 2070 2213 2110 nus
2252 2071 2396 2110 meas
2444 2066 2499 2109 et
2548 2056 2708 2126 pedes
2760 2071 2928 2120 meos,
2968 2055 3444 2111 dinumeraverunt
3496 2056 3682 2111 omnia

2109 2162 2232 2202 ossa
2263 2164 2379 2201 mea
2402 2148 2467 2201 “.
2506 2167 2525 2202 ι
2568 2146 2635 2201 Ει
2667 2162 2864 2217 porro:
2896 2166 2915 2199 ι
2948 2147 3153 2204 Dedere
3184 2147 3237 2202 in
3280 2147 3457 2202 cibum
3498 2162 3680 2200 meum

2109 2239 2417 2310 hyssopum,
2457 2245 2511 2291 et
2562 2237 2612 2292 in
2654 2236 2800 2291 sitim
2837 2251 3009 2291 meam
3049 2238 3357 2293 obtulerunt
3385 2239 3516 2292 mihi
3557 2254 3682 2293 ace-

2109 2339 2218 2385 tum
2252 2332 2317 2383 ⁶⁷.
2359 2349 2379 2382 ι
2432 2329 2535 2397 1ρεί
2590 2330 2771 2385 omnia
2826 2329 2941 2385 haec
2964 2328 3248 2398 Unigenito
3305 2331 3678 2395 attribuimus,

2106 2436 2228 2491 qua:
2259 2436 2355 2491 pro
2373 2421 2523 2475 nobis
2544 2421 2936 2491 dispensatorie
2961 2435 3126 2477 carne
3144 2436 3334 2492 passus
3360 2432 3465 2485 est,
3488 2436 3683 2478 secun-

2106 2517 2228 2568 dum
2285 2511 2591 2580 Scripturas
2622 2530 2634 2565 :
2667 2530 2686 2565 ‹
2720 2510 2905 2568 Vibice
2973 2513 3116 2566 enim
3176 2511 3291 2580 ejus
3344 2529 3440 2567 nos
3495 2515 3677 2568 sanati

2104 2619 2310 2671 sumus,
2375 2613 2431 2658 et
2491 2603 2605 2671 ipse
2661 2601 2962 2658 infirmatus
3028 2612 3112 2657 est
3176 2612 3393 2673 propter
3452 2612 3680 2673 peccata

2103 2709 2286 2752 nostra
2318 2697 2383 2751 ⁸⁸.
2422 2715 2440 2749 ι
2501 2695 2890 2765 impassibilem
2943 2709 3074 2750 vero
3135 2709 3256 2749 eum
3312 2706 3501 2749 natura
3556 2709 3682 2750 esse

2102 2788 2477 2856 cognoscimus
2511 2803 2524 2839 :
2566 2801 2684 2839 nam
2715 2786 2792 2849 si,
2828 2794 2886 2838 ut
2933 2784 3129 2838 dudum
3159 2784 3289 2851 dixi,
3325 2785 3464 2838 idem
3511 2783 3682 2838 homo

2100 2890 2184 2934 est
2232 2879 2390 2933 simul
2445 2886 2499 2931 et
2552 2875 2714 2942 Deus,
2775 2883 2899 2930 sunt
2947 2886 3093 2930 certe
3146 2875 3496 2930 humanitatis
3557 2876 3678 2942 ejus

2100 2967 2400 3039 passiones,
2427 2964 2518 3019 Dei
2544 2979 2705 3033 porro
2730 2964 3028 3034 proprium,
3054 2974 3110 3019 ut
3140 2965 3480 3025 impassibilis
3508 2964 3677 3019 intel—

2099 3060 2314 3131 ligatur.

2169 3152 2294 3207 llaec
2322 3152 2395 3206 ita
2449 3151 2743 3207 sentientes
2791 3150 3126 3207 servabimus
3168 3148 3442 3218 pietatem,
3478 3158 3535 3202 et
3575 3164 3677 3219 per

2099 3249 2277 3296 rectas
2323 3242 2681 3311 cogitationes
2726 3253 2917 3297 euntes
2964 3250 3019 3297 et
3069 3257 3280 3309 sensus,
3320 3242 3387 3295 ad
3431 3240 3675 3294 cwlcstis

2097 3332 2397 3388 vocationis
2442 3334 2673 3404 palmam
2733 3334 3106 3404 perveniemus
3162 3336 3215 3389 in
3271 3332 3512 3397 Christo,
3572 3348 3673 3402 per

2097 3437 2277 3492 quem,
2310 3433 2365 3476 et
2386 3437 2508 3477 cum
2540 3438 2668 3494 quo,
2699 3422 2811 3479 Deo
2848 3436 2907 3480 et
2933 3424 3080 3480 Patri
3108 3424 3271 3497 gloria
3306 3438 3427 3480 cum
3460 3421 3672 3493 Spiritu

2094 3525 2283 3571 sancto
2322 3514 2377 3569 in
2404 3517 2597 3572 secula
2628 3518 2967 3573 δίκαιοι-ωτι.
3010 3518 3198 3573 Amen.

2725 3784 2770 3820 ⁸⁸
2799 3785 2900 3841 lsa.
2931 3797 2984 3851 ι,
3026 3784 3075 3839 6.
3162 3783 3206 3815 “
3236 3782 3373 3841 Psal.
3408 3798 3500 3839 nt
3570 3780 3665 3849 18,

2126 3786 2169 3817 ⁸⁸
2208 3782 2361 3841 Joan.
2398 3802 2513 3853 vni,
2552 3785 2644 3857 16..
