4038 6538
244 413 389 473 1415

1136 411 1423 470 SCHOLlA
1461 411 1550 465 DE
1588 405 2101 463 INCARNATIONE
2138 402 2346 459 VERBI
2380 402 2515 460 DEI.

3374 401 3520 480 ms

258 552 3494 603 MM

1328 586 1687 596 ...ψ-ο.-

723 753 1068 891 ΤΟΥ
1142 751 2026 888 ΜΑΚΑΡΙΟΥ
2099 745 3026 896 ΚΥΡΙΛΛΟΥν

1312 1008 1885 1065 ΑΡΧΙΕΠΙΣΚΟΠΟΥ
1922 1002 2463 1070 ΑΛΕΞΑΝΔΡΕῙΔΣ,

537 1197 716 1255 ΠΕΡΙ
754 1197 894 1254 ΤΗΣ
930 1193 1572 1255 ΕΝΔΝΘΡΩΠΗΣΕΩΣ
1613 1193 1757 1251 ΤΟΥ
1792 1192 1981 1245 ΘΕΟΥ
2014 1198 2288 1261 ΛΟΓΟΥ,
2334 1200 2477 1252 ΤΟΥ
2519 1196 2697 1250 ΥΙΟΥ
2735 1193 2878 1248 ΤΟΥ
2908 1191 3220 1247 ΠΑΤΡΟΣ.

1087 1529 1677 1659 ΒΕΑΤΙ
1840 1529 2665 1659 CYRILLI

1342 1788 1873 1848 ARCHIEPISCOPI
1922 1786 2416 1856 ALEXANDRINI,

468 1966 619 2079 DE
696 1966 1607 2062 INCARNATIONE
1683 1971 2048 2063 VERBI
2130 1970 2377 2090 DEI,
2454 1966 2752 2055 FILII
2830 1966 3289 2055 PATRIS.

322 2329 386 2384 'H
418 2331 516 2401 τῆς
547 2330 697 2394 θείας
725 2331 953 2403 Γραφῆς
994 2332 1259 2405 ὀρθοτὰτη
1304 2333 1501 2399 ἔννοια,
1535 2336 1825 2400 εἰσοικιξο-

2004 2337 2164 2407 301
2209 2334 2514 2389 Germanus
2545 2332 2737 2386 divina:
2767 2332 3060 2399 Scripturze
3086 2345 3275 2384 sensus
3302 2337 3521 2385 sancto-

238 2420 381 2495 μένη
405 2422 483 2485 είς
511 2420 600 2475 τὸν
626 2421 734 2475 τῶν
762 2422 933 2490 ἁγίων
962 2422 1108 2486 νοῦν,
1139 2427 1509 2495 κατακοσμεῖν
1545 2427 1701 2480 εἴωθε
1725 2428 1826 2491 τὰς

233 2514 348 2570 τῶν
396 2514 568 2583 ἁγίων
614 2514 823 2585 ψυχάςο
860 2513 927 2577 ἃς
956 2514 1017 2567 τὸ
1044 2514 1268 2586 Πνεῦμα
1314 2514 1377 2569 τὸ
1415 2516 1568 2585 ἅγιον
1615 2517 1825 2586 εἰσάγει

235 2605 323 2670 είς
353 2604 421 2658 τὰ
450 2604 661 2674 πελάγη
702 2603 802 2674 τῆς
832 2604 1057 2657 ἀεννάου
1104 2604 1360 2672 γνώσεώς
1405 2623 1465 2659 τε
1498 2606 1592 2660 καὶ⁸
1634 2608 1826 2677 σοφίας

237 2693 479 2768 Χριστοῦ
498 2710 512 2725 ·
563 2695 630 2747 δι’
661 2688 736 2748 ὧν
766 2696 795 2747 ὁ
826 2695 1014 2766 Πατὴρ
1052 2694 1158 2749 τῶν
1189 2697 1326 2751 ὅλων
1355 2697 1489 2762 Θεὸς
1528 2699 1827 2769 δοεολογεῖ-

236 2804 353 2841 ται.
380 2786 701 2857 Θησαυροὺς
718 2787 897 2839 τοίνυν
916 2786 1291 2860 ἀποκρύφους,
1317 2791 1603 2861 ἁοράτους,
1629 2791 1828 2856 ἁνοίξω

241 2893 348 2942 σοι,
381 2878 523 2931 κατά
551 2877 613 2931 τὸ
636 2878 1043 2949 γεγραμμένον.
1077 2879 1398 2951 Θησαυροὺς
1425 2881 1479 2934 δέ
1512 2898 1656 2953 φημι
1701 2883 1828 2946 τοῦς

237 2968 341 3038 τῆς
371 2967 540 3039 ὀρθῆς
561 2967 816 3037 γνώσεως
843 2969 1082 3031 διανοίας
1115 2971 1443 3042 ὀφθαλμοὺς,
1472 2974 1638 3041 ὑγιῶς
1659 2974 1828 3044 ὁρῶν.

236 3076 336 3124 τας
366 3059 462 3113 καὶ
490 3059 808 3131 ἀλωὸήτως.
843 3062 918 3113 Οὐ
950 3062 1058 3133 γὰρ
1099 3063 1415 3133 χαρίσματα
1445 3065 1609 3135 ἀτελῆ
1641 3065 1829 3137 δωρεί-

237 3167 331 3205 ται
377 3150 510 3213 Θεὸς
559 3154 675 3213 τοῖς
727 3154 1099 3221 ὲπεγνωκὸσιν
1142 3155 1335 3209 αὐτόν·
1382 3154 1505 3209 οὔτε
1542 3157 1648 3227 μὴν
1681 3159 1826 3229 ὅροις

239 3240 592 3313 ἀνθρωπίνης
615 3242 856 3307 διανοίας
881 3246 1333 3317 περιγραφόμενα
1350 3263 1363 3277 °
1392 3247 1596 3311 τέλειος
1620 3248 1727 3320 γὰρ
1752 3248 1826 3303 ὢν

238 3336 269 3388 ὁ
304 3335 413 3388 τῶν
445 3336 700 3389 ἁπάντων
728 3337 881 3407 ἡμῶν
910 3339 1186 3410 Δεσπότης
1205 3340 1355 3403 Θεὸς,
1388 3341 1607 3406 τελείως
1636 3342 1825 3415 δωρεῖ-

239 3443 333 3481 ται
379 3427 448 3481 τὰ
492 3427 699 3497 ἄφθονα
743 3431 855 3493 τοῖς
904 3430 1070 3494 ἀξίως
1132 3431 1568 3502 πολιτευομένοις
1617 3435 1821 3489 αὐτοῦ·

240 3518 478 3590 ἐραστὴς
500 3519 610 3591 γὰρ
632 3520 845 3588 πέφυκε
877 3520 987 3574 τῶν
1010 3523 1069 3575 ἐν
1090 3522 1309 3594 καθαρᾷ
1332 3524 1531 3596 καρδίᾳ
1552 3525 1827 3580 δουλευόν-

240 3626 351 3664 των
400 3608 550 3679 αὐτῷ
604 3610 1004 3681 ἀνυποκρίτως.
1042 3612 1252 3665 ’Πκέτω
1304 3612 1483 3667 τοίνυν
1533 3616 1640 3681 πᾶς
1688 3616 1825 3687 ὀρθὰ

1931 2443 2047 2482 rum
2103 2428 2376 2480 mentibus
2431 2425 2684 2493 illapsus,
2734 2424 2946 2476 illormu
2999 2423 3208 2477 aninms
3249 2430 3511 2487 exornat,

1927 2528 2065 2584 quos
2105 2512 2341 2583 Spiritus
2382 2522 2604 2566 sanctus
2638 2512 2690 2565 in
2730 2512 2854 2565 illud
2896 2512 3149 2581 perennis
3182 2512 3424 2568 scientia:
3461 2523 3515 2568 et

1928 2606 2210 2676 sapientiae
2254 2604 2458 2659 Christi
2503 2604 2724 2674 pe!agus
2767 2604 2975 2657 inducit
3012 2621 3026 2657 :
3064 2619 3158 2670 per
3192 2619 3312 2674 qute
3354 2603 3515 2659 Pater

1929 2696 2019 2752 ille
2059 2697 2435 2751 universorum
2476 2696 2619 2750 Deus
2655 2695 3010 2767 gloriﬁcatur.
3046 2682 3367 2750 Thesauros
3393 2712 3516 2765 pro-

1930 2789 2056 2844 inde
2087 2789 2439 2845 absconditos
2467 2800 2519 2843 et
2554 2786 2882 2854 invisibiles,
2916 2796 2973 2840 ut
3002 2797 3087 2842 est
3115 2788 3168 2840 iu
3200 2789 3372 2842 sacris
3400 2786 3515 2840 Lit-

1931 2882 2060 2935 teris
2080 2880 2117 2943 ί,
2146 2880 2240 2933 tibi
2271 2879 2565 2933 recludam.
2588 2874 2905 2930 Thesauros
2933 2886 3112 2930 autem
3146 2886 3308 2930 recta:
3333 2877 3517 2946 mgni-

1931 2972 2093 3026 tionis
2118 2971 2328 3041 appello
2352 2973 2548 3025 mentis
2568 2970 2775 3031 oculos.
2799 2971 2887 3039 qui
2914 2970 3124 3023 sincere
3148 2968 3515 3038 inoﬂ'euseque

1928 3062 2286 3130 perspiciunt.
2323 3059 2510 3128 Neque
2544 3060 2690 3115 enim
2729 3060 2872 3114 Deus
2907 3058 3253 3127 imperfecta,
3290 3069 3382 3112 aut
3417 3060 3514 3112 hu-

1929 3168 2102 3207 mante
2129 3153 2326 3206 mentis
2354 3152 2616 3205 limitibus
2642 3151 3051 3220 circumscripta
3079 3164 3299 3202 munera
3331 3150 3395 3203 iis
3422 3152 3513 3217 qui

1929 3243 2076 3297 illum
2110 3245 2467 3314 agnoverint,
2504 3243 2836 3313 impertitur.
2872 3241 3044 3305 Nam,
3080 3243 3205 3311 quia
3242 3241 3514 3310 perfectus
3562 3256 3569 3261 '

1926 3347 2011 3392 est
2056 3338 2171 3407 ipse
2210 3337 2351 3391 Deus
2392 3346 2578 3390 noster
2614 3336 2857 3390 omnium
2902 3336 3178 3399 Daminus,
3219 3332 3512 3402 perfectam

1927 3446 2142 3501 quoque
2179 3430 2447 3483 honorum
2484 3444 2705 3483 suorum
2742 3429 2953 3498 copiam
2990 3427 3098 3480 illis
3130 3427 3220 3497 qui
3255 3427 3371 3494 ipso
3406 3441 3513 3479 non

1928 3521 2202 3590 indignam
2229 3521 2391 3574 vitam
2420 3520 2874 3591 agunt.-dilargiri
2898 3519 3054 3573 solet.
3080 3517 3213 3572 Nam
3264 3517 3353 3587 qui
3379 3532 3514 3586 puro

1926 3613 2185 3681 omnique
2214 3610 2563 3665 siumlatioiw
2598 3625 2770 3664 vacuo
2802 3610 2982 3664 animo
3010 3608 3086 3662 illi
3115 3609 3391 3670 serviunt,
3420 3624 3515 3660 eos

242 3702 461 3771 φρονεῖν
502 3700 778 3771 ᾑρημένος
826 3702 920 3754 ἐπὶ
953 3704 1051 3772 τὴν
1080 3702 1308 3757 ἁένναον
1333 3703 1515 3775 πηγὴν
1559 3706 1650 3759 τὸν
1694 3708 1829 3779 Χρι-

1931 3701 2191 3773 singulari
2228 3716 2415 3756 amore
2448 3709 2504 3756 et
2537 3700 2915 3756 benevolentia
2949 3699 3346 3768 complectitur.
3380 3696 3514 3754 0m-

244 3785 389 3853 στὸν,
417 3789 629 3843 ἀκούων
675 3789 840 3843 αὑτοῦ
874 3791 1325 3863 προσφωνοῦντος
1353 3793 1441 3846 διά
1465 3794 1558 3848 τοῦ
1587 3795 1829 3867 Εὐαγγέ-

243 3878 388 3932 λίου·
418 3897 437 3931 ι
462 3880 588 3933 Ἐάν
617 3898 700 3943 τις
724 3881 875 3953 διψᾷ,
905 3883 1149 3953 ἐρχέσθω
1177 3884 1314 3956 πρός
1337 3902 1426 3955 με,
1446 3887 1542 3940 καὶ
1567 3890 1787 3944 πινέτω.
1803 3909 1822 3941 ι

242 3969 318 4023 Οὐ
345 3969 452 4041 γὰρ
486 3969 603 4023 δέον
632 3972 780 4025 ἐστὶν
811 3974 980 4042 ἡμᾶς,
1012 3974 1086 4045 μὴ
1124 3977 1387 4047 πρότερον
1419 3979 1739 4046 ὲπιγνόντας
1768 3981 1829 4033 τὸ

242 4061 341 4131 τῆς
374 4062 656 4126 εὐσεϐείας
705 4065 1026 4135 μυστήριον,
1062 4065 1340 4139 διερευνᾷν
1384 4069 1417 4140 ἢ
1466 4069 1827 4139 ἐκλαμϐάνειν

243 4151 428 4216 ἁπλῶς
476 4155 603 4225 περὶ
642 4155 878 4224 Χριστοῦ
912 4156 1007 4209 τοῦ
1038 4158 1195 4215 Θεοῦ.
1214 4159 1603 4216 Ὑποκλέπτειν
1649 4165 1828 4219 τοίνυν

240 4240 443 4295 οἴονταί
473 4258 616 4305 τινες
642 4244 753 4295 τῶν
783 4245 1149 4316 ἀκροωμένων
1174 4250 1270 4313 τὰς
1298 4250 1498 4321 ψυχὰς,
1517 4252 1821 4326 ἄνθρωπον,

241 4334 396 4403 φησι,
428 4335 679 4403 λέγοντες
716 4336 1066 4408 ἀνειληφέναι
1094 4340 1185 4395 τὸν
1218 4341 1351 4397 Θεὸν
1380 4347 1553 4416 Λόγον
1572 4364 1586 4377 ·
1622 4348 1715 4402 καὶ
1738 4347 1824 4403 διὰ

240 4424 401 4478 τοῦτο
433 4426 658 4499 πρόοδον
699 4429 1033 4500 πεποιῆσθαι
1071 4432 1160 4486 διὰ
1199 4436 1300 4507 τῆς
1330 4438 1489 4507 ἁγίας
1521 4440 1822 4512 Παρθένου,

240 4516 337 4568 καὶ
384 4516 570 4571 τοῦτον
619 4518 784 4572 αὑτὸν
833 4520 924 4573 τὸν
972 4521 1258 4596 ἄνθρωπον
1306 4528 1717 4585 ἁποτεθεῶσθαι
1748 4530 1826 4603 τῷ

240 4606 362 4677 Θεῷ
389 4608 569 4679 Λόγῳ,
594 4609 656 4662 οὐ
690 4611 961 4678 συνιέντες
988 4616 1050 4668 τὸ
1072 4617 1169 4687 τῆς
1190 4619 1476 4685 εὐσεϐείας
1501 4624 1821 4695 μυστήριον,

240 4698 459 4769 καὶτῆς
496 4700 633 4768 μετὰ
668 4703 870 4773 σαρκὸς
900 4706 1210 4777 οἰκονομίας
1237 4710 1333 4763 τοῦ
1366 4712 1705 4781 Μονογενοῦς
1725 4714 1825 4786 τὴν

239 4790 399 4875 χὰριν
444 4790 672 4860 μετρίαν
718 4793 1050 4865 ποιούμενοι.
1070 4798 1264 4869 Ἡμεῖς
1297 4802 1354 4855 δὲ
1386 4804 1485 4875 οὐχ
1515 4804 1658 4858 οὕτω
1686 4806 1824 4858 δεδι-

238 4872 517 4959 δάγμεθα·
575 4874 690 4937 ἕνα,
726 4879 819 4930 καὶ
871 4879 964 4932 τὸν
1022 4884 1186 4936 αὐτὸν
1244 4886 1423 4956 ῐσμεν,
1454 4872 1698 4959 ἀδελφοὶ,
1732 4888 1825 4942 τὸν

238 4958 325 5050 διὰ
352 4960 452 5030 τῆς
480 4962 639 5027 ἁγίας
673 4966 952 5036 Παρθένου
979 4971 1078 5039 τῆς
1111 4972 1374 5028 Θεοτόκου
1401 4977 1619 5048 Μαρίας
1638 4994 1825 5050 γεννηο

240 5048 421 5114 θέντα,
455 5052 587 5106 Θεὸν
612 5055 836 5123 τέλειον,
864 5059 958 5112 καὶ
986 5060 1271 5133 ἄνθρωπον
1297 5046 1522 5135 τέλειον,
1556 5046 1818 5139 ἔμψυχον,
1849 5046 1895 5109 c

236 5139 476 5211 λογικόν.
514 5145 783 5219 Ταῦτῃτοι
829 5153 925 5205 καὶ
971 5142 1231 5209 Θεοτόκον
1265 5158 1496 5229 λέγομεν
1535 5162 1633 5232 τὴν
1662 5167 1824 5233 ἁγίαν

237 5234 539 5305 Παρθένον,
571 5239 662 5290 καὶ
691 5242 1028 5313 ὲνῳκηκέναι
1056 5247 1327 5312 οὐσιωδώς
1355 5250 1446 5305 τὸν
1477 5252 1609 5307 Θεὸν
1653 5256 1823 5324 Λόγον

236 5330 293 5380 ἐν
324 5326 461 5399 αὐτῇ
507 5330 567 5381 οὐ
607 5330 847 5403 δοκήσει,
877 5335 1013 5389 ἁ).λά
1038 5340 1289 5411 ἐνεργείᾳ
1309 5354 1322 5368 ’
1348 5342 1437 5395 τὸν
1467 5344 1630 5400 αὑτὸν
1660 5348 1823 5420 διμη-

237 5415 406 5503 ναῖον,
440 5416 537 5468 καὶ
583 5424 927 5489 τριμηναῖον,
963 5424 1087 5479 Υἱὸν
1116 5445 1175 5480 τε
1214 5428 1347 5483 Θεοῦ
1390 5432 1528 5503 ἅμα,
1572 5438 1665 5491 καὶ
1698 5415 1825 5494 Ῡίὸν

238 5500 547 5597 ἀνθρώπου,
565 5507 725 5561 Ἀλλὰ
762 5510 870 5580 γὰρ
896 5515 990 5567 καὶ
1016 5516 1112 5581 τὰς
1142 5521 1239 5589 τῆς
1267 5500 1705 5597 ἀνθρωπότητος,
1724 5520 1819 5584 καί⁸

242 5591 348 5664 μὴν
374 5596 468 5647 καὶ
496 5595 597 5659 τὰς
624 5599 681 5651 ὲν
704 5599 924 5674 ἐξουσίᾳ
955 5607 1021 5675 τῇ
1052 5607 1348 5682 θεοπρεπεῖ
1373 5591 1558 5685 φωνὰς
1614 5591 1699 5683 ἃς
1737 5620 1817 5675 δι-

239 5685 590 5755 αγορεύουσιν
620 5690 751 5760 ἡμῖν
782 5692 835 5744 αί
864 5691 1005 5748 θεῖαι
1038 5696 1250 5770 Γραφαὶ
1280 5706 1409 5777 περὶ
1436 5708 1625 5779 αὑτοῦ,
1646 5712 1725 5777 είς
1757 5711 1814 5766 ἓν

316 5866 459 5925 ‘lsa.
494 5885 617 5941 xu,
650 5873 704 5929 3.
781 5875 801 5906 '
840 5872 996 5934 Joan.
1028 5893 1122 5947 vn,
1160 5881 1252 5939 37.

1934 3808 2031 3849 nes
2072 3795 2252 3864 itaque
2286 3794 2377 3862 qui
2424 3802 2570 3847 recte
2610 3806 2801 3861 sapere
2843 3790 3213 3854 instituerunt,
3249 3789 3316 3843 ad
3354 3789 3515 3843 (Lhri-

1932 3894 2073 3940 stum
2115 3900 2408 3954 perennem
2457 3884 2606 3937 illum
2652 3884 2855 3937 fontem
2900 3880 3180 3945 accedant,
3222 3880 3370 3934 illum
3416 3895 3512 3948 per

1929 3977 2281 4046 Evangelium
2336 3976 2658 4030 clamantem
2714 3973 2994 4028 audientes
3030 3987 3044 4025 :
3085 3990 3103 4024 ι
3146 3973 3201 4026 Si
3238 3972 3359 4041 quis
3394 3973 3510 4026 sitit

1930 4069 2113 4124 veniat
2139 4070 2203 4123 ad
2235 4084 2340 4134 me,
2366 4078 2420 4124 et
2450 4069 2686 4123 bibat'.»
2716 4066 2900 4136 Neque
2930 4066 3072 4121 enim
3102 4081 3237 4136 opus
3268 4075 3371 4129 est,
3402 4080 3508 4119 non

1929 4163 2114 4231 agnito
2138 4162 2288 4233 prius
2313 4162 2402 4215 illo
2428 4161 2645 4231 pietatis
2669 4159 2951 4232 mysterio,
2979 4167 3181 4213 temere
3203 4158 3269 4212 de
3291 4157 3511 4213 Christo

1932 4254 2041 4310 Deo
2069 4254 2417 4325 investigare,
2449 4253 2528 4308 vel
2562 4255 2856 4308 disserere.
2885 4251 3025 4305 Sunt
3053 4263 3183 4320 ergo
3207 4250 3298 4321 qui
3331 4250 3383 4305 in
3415 4265 3512 4304 au-

1930 4347 2165 4401 ditorum
2209 4348 2419 4401 animos
2461 4347 2645 4400 furtim
2693 4360 2757 4401 ac
2799 4360 2897 4414 per
2936 4342 3181 4400 fraudem
3227 4347 3508 4413 irrepunt,

1930 4436 2097 4493 Deum
2119 4436 2350 4494 Verbum
2380 4448 2691 4494 asserentes
2723 4438 2995 4493 hominem
3026 4426 3404 4505 assumpsisse,
3432 4451 3511 4492 ac-

1929 4526 2133 4583 idcirco
2177 4542 2271 4596 per
2309 4538 2554 4583 sanctam
2597 4526 2873 4598 Virginem
2922 4529 3220 4598 prodiisse,
3264 4535 3319 4581 et
3364 4528 3509 4583 hunc

1928 4618 2179 4673 eumdem
2227 4618 2499 4672 hominem
2546 4633 2575 4671 a
2625 4619 2733 4673 Deo
2772 4617 2951 4673 Verbo
2997 4619 3302 4675 deiﬁcatum
3348 4633 3507 4685 esse;

1929 4721 2187 4777 magnum
2221 4705 2349 4760 illud
2382 4705 2599 4776 pietatis
2631 4708 2947 4777 mysterium
2980 4724 3086 4763 non
3121 4708 3505 4779 intelligentes,

1927 4798 2453 4868 dispensationisque
2500 4797 2770 4868 Unigeuiti
2813 4814 2936 4853 cum
2981 4814 3144 4855 carne
3182 4800 3505 4856 beneﬁcium

1928 4891 2364 4961 parvifacientes.
2403 4892 2512 4948 Nos
2555 4901 2754 4955 autem,
2796 4890 3016 4957 fratres,
3059 4908 3163 4947 non
3206 4894 3285 4949 sic
3329 4893 3503 4949 edocti

1927 4999 2134 5040 sumus.
2172 4985 2325 5040 lllum
2367 5000 2600 5055 namque
2638 4986 2728 5053 qui
2770 5000 2834 5039 ex
2875 4992 3061 5038 sancta
3094 4983 3310 5054 Virgine
3348 4994 3505 5039 natus

1926 5084 2029 5142 cst,
2060 5092 2227 5130 unum
2265 5079 2622 5145 eumdemque
2653 5091 2773 5131 esse
2804 5078 3168 5146 agnoscimus.
3204 5076 3502 5145 perfectum

1925 5167 2093 5222 Deum
2128 5177 2182 5221 et
2217 5168 2513 5238 perrectum
2558 5169 2828 5223 hominem
2865 5168 3042 5221 anima
3080 5169 3326 5222 rationali
3364 5184 3502 5237 prte-

1924 5260 2118 5313 ditum.
2151 5259 2262 5313 llac
2296 5259 2460 5314 etiam
2494 5260 2559 5314 de
2590 5274 2752 5313 causa
2786 5270 3027 5313 sanctam
3064 5259 3339 5327 Virginem
3380 5259 3503 5314 Dei~

1924 5364 2109 5420 param
2138 5351 2501 5419 appellamus;
2532 5350 2810 5419 Deumque
2828 5348 3066 5404 Verbum
3094 5365 3198 5403 nou
3226 5349 3501 5418 opinione,

1923 5438 2016 5495 sed
2057 5454 2115 5493 re
2153 5440 2266 5509 ipsa
2305 5440 2359 5495 in
2398 5440 2485 5494 illa
2528 5442 2798 5496 habitasse
2831 5443 3061 5496 dicimus
3092 5458 3105 5494 :
3140 5441 3386 5496 eumdem
3422 5442 3503 5496 bi-

1929 5538 2182 5584 mestrem
2215 5540 2268 5584 et
2300 5531 2649 5596 trimestrem,
2676 5531 2867 5586 Filiqu
2898 5530 2991 5586 Dei
3021 5530 3204 5594 simul,
3230 5541 3285 5585 et
3308 5530 3501 5587 Filium

1928 5618 2183 5675 hominis.
2220 5618 2360 5686 Quin
2405 5621 2569 5675 etiam
2602 5636 2761 5677 voces
2803 5621 2945 5683 illas,
2981 5636 3116 5691 quas
3159 5621 3352 5675 divina:
3392 5620 3504 5674 Lit-

1928 5719 2056 5768 tera:
2084 5716 2245 5770 modo
2274 5714 2632 5783 humanitati,
2666 5714 2824 5771 modo
2852 5714 3049 5771 divinae
3080 5712 3221 5770 illius
3251 5711 3502 5785 potemtl
