  <div class='ocr_page' id='page_1' title='image "/cluster/home/n/w/nwhite01/storage/ocr_20150623/75/hvd.32044019207935/745.png"; bbox 0 0 4038 6520; ppageno 0'>
   <div class='ocr_carea' id='block_1_1' title="bbox 532 384 674 445">
    <p class='ocr_par' dir='ltr' id='par_1_1' title="bbox 532 384 674 445">
     <span class='ocr_line' id='line_1_1' title="bbox 532 384 674 445; baseline 0.007 -3"><span class='ocrx_word' id='word_1_1' title='bbox 532 384 674 445; x_wconf 69' lang='lat' dir='ltr'><strong>H15</strong></span> 
     </span>
    </p>
   </div>
   <div class='ocr_carea' id='block_1_2' title="bbox 1522 372 2770 434">
    <p class='ocr_par' dir='ltr' id='par_1_2' title="bbox 1522 372 2770 434">
     <span class='ocr_line' id='line_1_2' title="bbox 1522 372 2770 434; baseline -0.003 0"><span class='ocrx_word' id='word_1_2' title='bbox 1522 377 1582 434; x_wconf 88' lang='lat' dir='ltr'><strong>S.</strong></span> <span class='ocrx_word' id='word_1_3' title='bbox 1619 372 1895 432; x_wconf 77' lang='lat' dir='ltr'><strong>CYRILLI</strong></span> <span class='ocrx_word' id='word_1_4' title='bbox 1933 372 2407 433; x_wconf 71' lang='lat' dir='ltr'><strong>ALEXANDRINI</strong></span> <span class='ocrx_word' id='word_1_5' title='bbox 2447 373 2770 431; x_wconf 77' lang='lat' dir='ltr'><strong>ARCHIEP.</strong></span> 
     </span>
    </p>
   </div>
   <div class='ocr_carea' id='block_1_3' title="bbox 3666 382 3803 435">
    <p class='ocr_par' dir='ltr' id='par_1_3' title="bbox 3666 382 3803 435">
     <span class='ocr_line' id='line_1_3' title="bbox 3666 382 3803 435; baseline 0.007 -1"><span class='ocrx_word' id='word_1_6' title='bbox 3666 382 3803 435; x_wconf 72' lang='lat' dir='ltr'><strong>HIS</strong></span> 
     </span>
    </p>
   </div>
   <div class='ocr_carea' id='block_1_4' title="bbox 534 492 2123 570">
    <p class='ocr_par' dir='ltr' id='par_1_4' title="bbox 534 492 2104 570">
     <span class='ocr_line' id='line_1_4' title="bbox 534 492 2104 570; baseline -0.007 -14"><span class='ocrx_word' id='word_1_7' title='bbox 534 502 796 566; x_wconf 88' lang='lat' dir='ltr'><strong>tribuunt,</strong></span> <span class='ocrx_word' id='word_1_8' title='bbox 826 492 989 570; x_wconf 62' lang='lat'><strong>802</strong></span> <span class='ocrx_word' id='word_1_9' title='bbox 1016 494 1069 552; x_wconf 90' lang='lat' dir='ltr'><strong>in</strong></span> <span class='ocrx_word' id='word_1_10' title='bbox 1100 506 1262 550; x_wconf 87' lang='lat' dir='ltr'><strong>unam</strong></span> <span class='ocrx_word' id='word_1_11' title='bbox 1293 496 1558 549; x_wconf 80' lang='lat' dir='ltr'><strong>duntaxat</strong></span> <span class='ocrx_word' id='word_1_12' title='bbox 1586 506 1871 562; x_wconf 83' lang='lat' dir='ltr'><strong>personam</strong></span> <span class='ocrx_word' id='word_1_13' title='bbox 1905 503 2104 545; x_wconf 84' lang='lat' dir='ltr'><strong>conve-</strong></span> 
     </span>
    </p>
   </div>
   <div class='ocr_carea' id='block_1_5' title="bbox 2226 492 3803 570">
    <p class='ocr_par' dir='ltr' id='par_1_5' title="bbox 2226 492 3803 567">
     <span class='ocr_line' id='line_1_5' title="bbox 2226 492 3803 567; baseline 0.001 -20"><span class='ocrx_word' id='word_1_14' title='bbox 2226 493 2506 563; x_wconf 75' lang='grc' dir='ltr'>πρόσωπον</span> <span class='ocrx_word' id='word_1_15' title='bbox 2534 492 2795 563; x_wconf 83' lang='grc' dir='ltr'>συνῆχθαί</span> <span class='ocrx_word' id='word_1_16' title='bbox 2828 511 3029 565; x_wconf 74' lang='grc' dir='ltr'>φαμεν.</span> <span class='ocrx_word' id='word_1_17' title='bbox 3056 495 3159 548; x_wconf 79' lang='grc' dir='ltr'>Τὸν</span> <span class='ocrx_word' id='word_1_18' title='bbox 3186 497 3349 549; x_wconf 74' lang='grc' dir='ltr'>αυτὸν</span> <span class='ocrx_word' id='word_1_19' title='bbox 3382 494 3493 567; x_wconf 77' lang='grc' dir='ltr'>γὰρ</span> <span class='ocrx_word' id='word_1_20' title='bbox 3525 498 3689 567; x_wconf 67' lang='grc' dir='ltr'>ταμεν</span> <span class='ocrx_word' id='word_1_21' title='bbox 3713 500 3803 549; x_wconf 76' lang='grc' dir='ltr'>ἐπὶ</span> 
     </span>
    </p>
   </div>
   <div class='ocr_carea' id='block_1_6' title="bbox 533 579 2104 661">
    <p class='ocr_par' dir='ltr' id='par_1_6' title="bbox 533 579 2104 661">
     <span class='ocr_line' id='line_1_6' title="bbox 533 579 2104 661; baseline -0.009 -14"><span class='ocrx_word' id='word_1_22' title='bbox 533 597 650 647; x_wconf 83' lang='lat' dir='ltr'><strong>nire</strong></span> <span class='ocrx_word' id='word_1_23' title='bbox 698 593 1071 661; x_wconf 68' lang='lat' dir='ltr'><strong>praedicamus.</strong></span> <span class='ocrx_word' id='word_1_24' title='bbox 1116 587 1377 641; x_wconf 85' lang='lat' dir='ltr'><strong>Eumdem</strong></span> <span class='ocrx_word' id='word_1_25' title='bbox 1427 586 1572 639; x_wconf 92' lang='lat' dir='ltr'><strong>enim</strong></span> <span class='ocrx_word' id='word_1_26' title='bbox 1620 582 1963 653; x_wconf 82' lang='lat' dir='ltr'><strong>agnoscimus</strong></span> <span class='ocrx_word' id='word_1_27' title='bbox 2013 579 2104 649; x_wconf 87' lang='lat' dir='ltr'><strong>qui</strong></span> 
     </span>
    </p>
   </div>
   <div class='ocr_carea' id='block_1_7' title="bbox 533 674 2111 753">
    <p class='ocr_par' dir='ltr' id='par_1_7' title="bbox 533 674 2111 753">
     <span class='ocr_line' id='line_1_7' title="bbox 533 674 2111 753; baseline -0.008 -16"><span class='ocrx_word' id='word_1_28' title='bbox 533 700 696 753; x_wconf 80' lang='lat' dir='ltr'><strong>super</strong></span> <span class='ocrx_word' id='word_1_29' title='bbox 722 680 954 736; x_wconf 81' lang='lat' dir='ltr'><strong>cervical</strong></span> <span class='ocrx_word' id='word_1_30' title='bbox 988 678 1333 745; x_wconf 84' lang='lat' dir='ltr'><strong>dormiebat,-</strong></span> <span class='ocrx_word' id='word_1_31' title='bbox 1351 687 1406 732; x_wconf 90' lang='lat' dir='ltr'><strong>et</strong></span> <span class='ocrx_word' id='word_1_32' title='bbox 1434 674 1529 745; x_wconf 88' lang='lat' dir='ltr'><strong>qui</strong></span> <span class='ocrx_word' id='word_1_33' title='bbox 1563 688 1710 729; x_wconf 88' lang='lat' dir='ltr'><strong>mare</strong></span> <span class='ocrx_word' id='word_1_34' title='bbox 1741 682 1793 727; x_wconf 91' lang='lat' dir='ltr'><strong>et</strong></span> <span class='ocrx_word' id='word_1_35' title='bbox 1824 679 2015 725; x_wconf 90' lang='lat' dir='ltr'><strong>ventos</strong></span> <span class='ocrx_word' id='word_1_36' title='bbox 2045 685 2111 724; x_wconf 80' lang='lat' dir='ltr'><strong>ex</strong></span> 
     </span>
    </p>
   </div>
   <div class='ocr_carea' id='block_1_8' title="bbox 536 762 2113 844">
    <p class='ocr_par' dir='ltr' id='par_1_8' title="bbox 536 762 2113 844">
     <span class='ocr_line' id='line_1_8' title="bbox 536 762 2113 844; baseline -0.006 -20"><span class='ocrx_word' id='word_1_37' title='bbox 536 785 800 844; x_wconf 75' lang='lat' dir='ltr'><strong>potestate</strong></span> <span class='ocrx_word' id='word_1_38' title='bbox 836 769 1191 841; x_wconf 77' lang='lat' dir='ltr'><strong>increpabat’</strong></span> <span class='ocrx_word' id='word_1_39' title='bbox 1226 786 1240 824; x_wconf 89' lang='lat'><strong>:</strong></span> <span class='ocrx_word' id='word_1_40' title='bbox 1278 769 1525 823; x_wconf 89' lang='lat' dir='ltr'><strong>eumdem</strong></span> <span class='ocrx_word' id='word_1_41' title='bbox 1559 767 1650 837; x_wconf 88' lang='lat' dir='ltr'><strong>qui</strong></span> <span class='ocrx_word' id='word_1_42' title='bbox 1684 780 1750 819; x_wconf 86' lang='lat' dir='ltr'><strong>ex</strong></span> <span class='ocrx_word' id='word_1_43' title='bbox 1788 765 1984 818; x_wconf 75' lang='lat' dir='ltr'><strong>itinere</strong></span> <span class='ocrx_word' id='word_1_44' title='bbox 2018 762 2113 816; x_wconf 82' lang='lat' dir='ltr'><strong>de-</strong></span> 
     </span>
    </p>
   </div>
   <div class='ocr_carea' id='block_1_9' title="bbox 538 854 2115 934">
    <p class='ocr_par' dir='ltr' id='par_1_9' title="bbox 538 854 2115 934">
     <span class='ocr_line' id='line_1_9' title="bbox 538 854 2115 934; baseline -0.01 -15"><span class='ocrx_word' id='word_1_45' title='bbox 538 866 867 934; x_wconf 63' lang='lat' dir='ltr'><strong>l&#39;atigabatur</strong></span> <span class='ocrx_word' id='word_1_46' title='bbox 891 862 933 927; x_wconf 75' lang='grc'>⁸,</span> <span class='ocrx_word' id='word_1_47' title='bbox 968 873 1023 916; x_wconf 90' lang='lat' dir='ltr'><strong>et</strong></span> <span class='ocrx_word' id='word_1_48' title='bbox 1056 862 1144 931; x_wconf 86' lang='lat' dir='ltr'><strong>qui</strong></span> <span class='ocrx_word' id='word_1_49' title='bbox 1182 874 1345 929; x_wconf 85' lang='lat' dir='ltr'><strong>super</strong></span> <span class='ocrx_word' id='word_1_50' title='bbox 1379 871 1561 921; x_wconf 88' lang='lat' dir='ltr'><strong>mare,</strong></span> <span class='ocrx_word' id='word_1_51' title='bbox 1599 854 1821 925; x_wconf 88' lang='lat' dir='ltr'><strong>perinde</strong></span> <span class='ocrx_word' id='word_1_52' title='bbox 1853 867 1919 907; x_wconf 90' lang='lat' dir='ltr'><strong>ac</strong></span> <span class='ocrx_word' id='word_1_53' title='bbox 1954 865 2115 919; x_wconf 89' lang='lat' dir='ltr'><strong>super</strong></span> 
     </span>
    </p>
   </div>
   <div class='ocr_carea' id='block_1_10' title="bbox 537 942 2114 1019">
    <p class='ocr_par' dir='ltr' id='par_1_10' title="bbox 537 942 2114 1019">
     <span class='ocr_line' id='line_1_10' title="bbox 537 942 2114 1019; baseline -0.011 -8"><span class='ocrx_word' id='word_1_54' title='bbox 537 957 762 1010; x_wconf 76' lang='lat' dir='ltr'><strong>solidam</strong></span> <span class='ocrx_word' id='word_1_55' title='bbox 810 966 1029 1015; x_wconf 87' lang='lat' dir='ltr'><strong>terram,</strong></span> <span class='ocrx_word' id='word_1_56' title='bbox 1072 966 1168 1006; x_wconf 88' lang='lat' dir='ltr'><strong>sua</strong></span> <span class='ocrx_word' id='word_1_57' title='bbox 1211 958 1477 1019; x_wconf 81' lang='lat' dir='ltr'><strong>potestate</strong></span> <span class='ocrx_word' id='word_1_58' title='bbox 1517 946 1864 1018; x_wconf 77' lang='lat' dir='ltr'><strong>gradiebatur</strong></span> <span class='ocrx_word' id='word_1_59' title='bbox 1886 944 1927 997; x_wconf 79' lang='grc'><strong>⁸.</strong></span> <span class='ocrx_word' id='word_1_60' title='bbox 1970 942 2114 997; x_wconf 89' lang='lat' dir='ltr'><strong>ldcm</strong></span> 
     </span>
    </p>
   </div>
   <div class='ocr_carea' id='block_1_11' title="bbox 539 1034 2117 1116">
    <p class='ocr_par' dir='ltr' id='par_1_11' title="bbox 539 1034 2117 1116">
     <span class='ocr_line' id='line_1_11' title="bbox 539 1034 2117 1116; baseline -0.008 -16"><span class='ocrx_word' id='word_1_61' title='bbox 539 1049 725 1116; x_wconf 79' lang='lat' dir='ltr'><strong>itaque</strong></span> <span class='ocrx_word' id='word_1_62' title='bbox 775 1046 911 1099; x_wconf 88' lang='lat' dir='ltr'><strong>citra</strong></span> <span class='ocrx_word' id='word_1_63' title='bbox 963 1043 1123 1096; x_wconf 82' lang='lat' dir='ltr'><strong>ullam</strong></span> <span class='ocrx_word' id='word_1_64' title='bbox 1181 1038 1605 1095; x_wconf 87' lang='lat' dir='ltr'><strong>controversiam</strong></span> <span class='ocrx_word' id='word_1_65' title='bbox 1660 1036 1799 1090; x_wconf 85' lang='lat' dir='ltr'><strong>Deus</strong></span> <span class='ocrx_word' id='word_1_66' title='bbox 1848 1034 2009 1088; x_wconf 86' lang='lat' dir='ltr'><strong>simul</strong></span> <span class='ocrx_word' id='word_1_67' title='bbox 2062 1042 2117 1088; x_wconf 89' lang='lat' dir='ltr'><strong>et</strong></span> 
     </span>
    </p>
   </div>
   <div class='ocr_carea' id='block_1_12' title="bbox 541 1124 2117 1197">
    <p class='ocr_par' dir='ltr' id='par_1_12' title="bbox 541 1124 2117 1197">
     <span class='ocr_line' id='line_1_12' title="bbox 541 1124 2117 1197; baseline -0.01 -8"><span class='ocrx_word' id='word_1_68' title='bbox 541 1139 701 1189; x_wconf 86' lang='lat' dir='ltr'><strong>homo</strong></span> <span class='ocrx_word' id='word_1_69' title='bbox 740 1133 973 1189; x_wconf 80' lang='lat' dir='ltr'><strong>exsistit.</strong></span> <span class='ocrx_word' id='word_1_70' title='bbox 1016 1130 1155 1197; x_wconf 82' lang='lat' dir='ltr'><strong>Quid</strong></span> <span class='ocrx_word' id='word_1_71' title='bbox 1200 1131 1344 1185; x_wconf 89' lang='lat' dir='ltr'><strong>enim</strong></span> <span class='ocrx_word' id='word_1_72' title='bbox 1389 1127 1582 1181; x_wconf 85' lang='lat' dir='ltr'><strong>mirum</strong></span> <span class='ocrx_word' id='word_1_73' title='bbox 1626 1135 1790 1189; x_wconf 81' lang='lat' dir='ltr'><strong>esset,</strong></span> <span class='ocrx_word' id='word_1_74' title='bbox 1828 1124 1871 1181; x_wconf 82' lang='lat' dir='ltr'><strong>si</strong></span> <span class='ocrx_word' id='word_1_75' title='bbox 1920 1132 2117 1179; x_wconf 62' lang='lat' dir='ltr'><strong>nostrae</strong></span> 
     </span>
    </p>
   </div>
   <div class='ocr_carea' id='block_1_13' title="bbox 539 1214 2117 1289">
    <p class='ocr_par' dir='ltr' id='par_1_13' title="bbox 539 1214 2117 1289">
     <span class='ocr_line' id='line_1_13' title="bbox 539 1214 2117 1289; baseline -0.011 -7"><span class='ocrx_word' id='word_1_76' title='bbox 539 1226 867 1282; x_wconf 73' lang='lat' dir='ltr'><strong>conditionis</strong></span> <span class='ocrx_word' id='word_1_77' title='bbox 914 1226 1073 1277; x_wconf 92' lang='lat' dir='ltr'><strong>homo</strong></span> <span class='ocrx_word' id='word_1_78' title='bbox 1116 1220 1381 1289; x_wconf 82' lang='lat' dir='ltr'><strong>quispiam</strong></span> <span class='ocrx_word' id='word_1_79' title='bbox 1426 1218 1520 1271; x_wconf 91' lang='lat' dir='ltr'><strong>Dei</strong></span> <span class='ocrx_word' id='word_1_80' title='bbox 1569 1224 1834 1287; x_wconf 89' lang='lat' dir='ltr'><strong>potestate</strong></span> <span class='ocrx_word' id='word_1_81' title='bbox 1880 1214 2117 1267; x_wconf 89' lang='lat' dir='ltr'><strong>munitus</strong></span> 
     </span>
    </p>
   </div>
   <div class='ocr_carea' id='block_1_14' title="bbox 546 1303 2117 1385">
    <p class='ocr_par' dir='ltr' id='par_1_14' title="bbox 546 1303 2117 1385">
     <span class='ocr_line' id='line_1_14' title="bbox 546 1303 2117 1385; baseline -0.01 -13"><span class='ocrx_word' id='word_1_82' title='bbox 546 1318 802 1372; x_wconf 67' lang='lat' dir='ltr'><strong>miracula</strong></span> <span class='ocrx_word' id='word_1_83' title='bbox 845 1313 1120 1385; x_wconf 78' lang='lat' dir='ltr'><strong>patraret?</strong></span> <span class='ocrx_word' id='word_1_84' title='bbox 1154 1313 1347 1365; x_wconf 86' lang='lat' dir='ltr'><strong>Verum</strong></span> <span class='ocrx_word' id='word_1_85' title='bbox 1388 1319 1445 1362; x_wconf 92' lang='lat' dir='ltr'><strong>ut</strong></span> <span class='ocrx_word' id='word_1_86' title='bbox 1476 1308 1603 1362; x_wconf 91' lang='lat' dir='ltr'><strong>illud</strong></span> <span class='ocrx_word' id='word_1_87' title='bbox 1640 1310 1810 1376; x_wconf 87' lang='lat' dir='ltr'><strong>ipsum</strong></span> <span class='ocrx_word' id='word_1_88' title='bbox 1858 1305 1950 1358; x_wconf 86' lang='lat' dir='ltr'><strong>Dei</strong></span> <span class='ocrx_word' id='word_1_89' title='bbox 1984 1303 2117 1359; x_wconf 80' lang='lat' dir='ltr'><strong>Ver-</strong></span> 
     </span>
    </p>
   </div>
   <div class='ocr_carea' id='block_1_15' title="bbox 544 1402 2117 1477">
    <p class='ocr_par' dir='ltr' id='par_1_15' title="bbox 544 1402 2117 1477">
     <span class='ocr_line' id='line_1_15' title="bbox 544 1402 2117 1477; baseline -0.008 -13"><span class='ocrx_word' id='word_1_90' title='bbox 544 1414 669 1465; x_wconf 81' lang='lat' dir='ltr'><strong>Imm</strong></span> <span class='ocrx_word' id='word_1_91' title='bbox 716 1428 817 1461; x_wconf 88' lang='grc' dir='ltr'>ιιιιιι</span> <span class='ocrx_word' id='word_1_92' title='bbox 862 1406 1261 1477; x_wconf 73' lang='lat' dir='ltr'><strong>imaginatione,</strong></span> <span class='ocrx_word' id='word_1_93' title='bbox 1302 1413 1396 1456; x_wconf 90' lang='lat' dir='ltr'><strong>aut</strong></span> <span class='ocrx_word' id='word_1_94' title='bbox 1434 1403 1713 1473; x_wconf 85' lang='lat' dir='ltr'><strong>apparenti</strong></span> <span class='ocrx_word' id='word_1_95' title='bbox 1753 1402 1984 1470; x_wconf 87' lang='lat' dir='ltr'><strong>quadam</strong></span> <span class='ocrx_word' id='word_1_96' title='bbox 2026 1414 2117 1453; x_wconf 79' lang='lat' dir='ltr'><strong>ra-</strong></span> 
     </span>
    </p>
   </div>
   <div class='ocr_carea' id='block_1_16' title="bbox 550 1494 2120 1565">
    <p class='ocr_par' dir='ltr' id='par_1_16' title="bbox 550 1494 2120 1565">
     <span class='ocr_line' id='line_1_16' title="bbox 550 1494 2120 1565; baseline -0.005 -10"><span class='ocrx_word' id='word_1_97' title='bbox 550 1514 713 1563; x_wconf 86' lang='lat' dir='ltr'><strong>ttune,</strong></span> <span class='ocrx_word' id='word_1_98' title='bbox 741 1499 835 1553; x_wconf 88' lang='lat' dir='ltr'><strong>sed</strong></span> <span class='ocrx_word' id='word_1_99' title='bbox 870 1514 926 1551; x_wconf 86' lang='lat' dir='ltr'><strong>re</strong></span> <span class='ocrx_word' id='word_1_100' title='bbox 957 1498 1068 1565; x_wconf 89' lang='lat' dir='ltr'><strong>ipsa</strong></span> <span class='ocrx_word' id='word_1_101' title='bbox 1097 1511 1155 1550; x_wconf 92' lang='lat' dir='ltr'><strong>se</strong></span> <span class='ocrx_word' id='word_1_102' title='bbox 1180 1496 1566 1561; x_wconf 75' lang='lat' dir='ltr'><strong>cxinanivisse,</strong></span> <span class='ocrx_word' id='word_1_103' title='bbox 1599 1494 1795 1549; x_wconf 71' lang='lat' dir='ltr'><strong>divina:</strong></span> <span class='ocrx_word' id='word_1_104' title='bbox 1824 1494 2120 1561; x_wconf 74' lang='lat' dir='ltr'><strong>Scriptum</strong></span> 
     </span>
    </p>
   </div>
   <div class='ocr_carea' id='block_1_17' title="bbox 547 1584 2123 1653">
    <p class='ocr_par' dir='ltr' id='par_1_17' title="bbox 547 1584 2123 1653">
     <span class='ocr_line' id='line_1_17' title="bbox 547 1584 2123 1653; baseline -0.004 -10"><span class='ocrx_word' id='word_1_105' title='bbox 547 1592 703 1644; x_wconf 81' lang='lat' dir='ltr'><strong>nobis</strong></span> <span class='ocrx_word' id='word_1_106' title='bbox 741 1586 1107 1651; x_wconf 77' lang='lat' dir='ltr'><strong>ostendant‘;</strong></span> <span class='ocrx_word' id='word_1_107' title='bbox 1147 1601 1310 1639; x_wconf 90' lang='lat' dir='ltr'><strong>unum</strong></span> <span class='ocrx_word' id='word_1_108' title='bbox 1356 1584 1714 1653; x_wconf 84' lang='lat' dir='ltr'><strong>eutndemque</strong></span> <span class='ocrx_word' id='word_1_109' title='bbox 1757 1585 1919 1637; x_wconf 90' lang='lat' dir='ltr'><strong>Deum</strong></span> <span class='ocrx_word' id='word_1_110' title='bbox 1961 1584 2123 1637; x_wconf 82' lang='lat' dir='ltr'><strong>simul</strong></span> 
     </span>
    </p>
   </div>
   <div class='ocr_carea' id='block_1_18' title="bbox 545 1674 2123 1745">
    <p class='ocr_par' dir='ltr' id='par_1_18' title="bbox 545 1674 2123 1745">
     <span class='ocr_line' id='line_1_18' title="bbox 545 1674 2123 1745; baseline -0.004 -11"><span class='ocrx_word' id='word_1_111' title='bbox 545 1693 599 1733; x_wconf 90' lang='lat' dir='ltr'><strong>ct</strong></span> <span class='ocrx_word' id='word_1_112' title='bbox 626 1681 894 1733; x_wconf 83' lang='lat' dir='ltr'><strong>hominem</strong></span> <span class='ocrx_word' id='word_1_113' title='bbox 927 1692 1020 1745; x_wconf 88' lang='lat' dir='ltr'><strong>per</strong></span> <span class='ocrx_word' id='word_1_114' title='bbox 1047 1678 1338 1745; x_wconf 83' lang='lat' dir='ltr'><strong>prophetas</strong></span> <span class='ocrx_word' id='word_1_115' title='bbox 1365 1686 1417 1727; x_wconf 88' lang='lat' dir='ltr'><strong>et</strong></span> <span class='ocrx_word' id='word_1_116' title='bbox 1444 1676 1718 1745; x_wconf 82' lang='lat' dir='ltr'><strong>apostolos</strong></span> <span class='ocrx_word' id='word_1_117' title='bbox 1745 1674 1899 1727; x_wconf 90' lang='lat' dir='ltr'><strong>nobis</strong></span> <span class='ocrx_word' id='word_1_118' title='bbox 1924 1675 2123 1728; x_wconf 83' lang='lat' dir='ltr'><strong>diserte</strong></span> 
     </span>
    </p>
   </div>
   <div class='ocr_carea' id='block_1_19' title="bbox 547 1763 2120 1840">
    <p class='ocr_par' dir='ltr' id='par_1_19' title="bbox 547 1763 2120 1840">
     <span class='ocr_line' id='line_1_19' title="bbox 547 1763 2120 1840; baseline -0.003 -17"><span class='ocrx_word' id='word_1_119' title='bbox 547 1771 957 1840; x_wconf 85' lang='lat' dir='ltr'><strong>pronuntiantes</strong></span> <span class='ocrx_word' id='word_1_120' title='bbox 991 1769 1264 1821; x_wconf 71' lang='lat' dir='ltr'><strong>dixerunt.</strong></span> <span class='ocrx_word' id='word_1_121' title='bbox 1299 1768 1389 1821; x_wconf 92' lang='lat' dir='ltr'><strong>Dei</strong></span> <span class='ocrx_word' id='word_1_122' title='bbox 1422 1765 1602 1834; x_wconf 79' lang='lat' dir='ltr'><strong>itaque</strong></span> <span class='ocrx_word' id='word_1_123' title='bbox 1630 1774 1746 1821; x_wconf 83' lang='lat' dir='ltr'><strong>erat</strong></span> <span class='ocrx_word' id='word_1_124' title='bbox 1781 1766 1867 1817; x_wconf 87' lang='lat' dir='ltr'><strong>illa</strong></span> <span class='ocrx_word' id='word_1_125' title='bbox 1899 1780 1964 1818; x_wconf 83' lang='lat' dir='ltr'><strong>ex</strong></span> <span class='ocrx_word' id='word_1_126' title='bbox 1994 1763 2120 1819; x_wconf 85' lang='lat' dir='ltr'><strong>Vir-</strong></span> 
     </span>
    </p>
   </div>
   <div class='ocr_carea' id='block_1_20' title="bbox 2213 583 3804 663">
    <p class='ocr_par' dir='ltr' id='par_1_20' title="bbox 2213 583 3804 663">
     <span class='ocr_line' id='line_1_20' title="bbox 2213 583 3804 663; baseline 0.004 -28"><span class='ocrx_word' id='word_1_127' title='bbox 2213 583 2274 635; x_wconf 81' lang='grc' dir='ltr'>τὸ</span> <span class='ocrx_word' id='word_1_128' title='bbox 2303 584 2737 653; x_wconf 74' lang='grc' dir='ltr'>προσκεφάλαιον</span> <span class='ocrx_word' id='word_1_129' title='bbox 2762 585 3091 640; x_wconf 77' lang='grc' dir='ltr'>καθεύδοντα</span> <span class='ocrx_word' id='word_1_130' title='bbox 3112 590 3495 663; x_wconf 76' lang='grc' dir='ltr'>[καθήμενον],</span> <span class='ocrx_word' id='word_1_131' title='bbox 3519 592 3613 644; x_wconf 76' lang='grc' dir='ltr'>τὸν</span> <span class='ocrx_word' id='word_1_132' title='bbox 3640 592 3804 644; x_wconf 68' lang='grc' dir='ltr'>αὐτὸν</span> 
     </span>
    </p>
   </div>
   <div class='ocr_carea' id='block_1_21' title="bbox 2214 672 3805 750">
    <p class='ocr_par' dir='ltr' id='par_1_21' title="bbox 2214 672 3805 750">
     <span class='ocr_line' id='line_1_21' title="bbox 2214 672 3805 750; baseline 0.007 -28"><span class='ocrx_word' id='word_1_133' title='bbox 2214 674 2280 742; x_wconf 77' lang='grc' dir='ltr'>τῇ</span> <span class='ocrx_word' id='word_1_134' title='bbox 2312 672 2553 743; x_wconf 84' lang='grc' dir='ltr'><strong>Θαλάσσῃ</strong></span> <span class='ocrx_word' id='word_1_135' title='bbox 2585 674 2923 743; x_wconf 80' lang='grc' dir='ltr'><strong>ἐπιτιμῶντα</strong></span> <span class='ocrx_word' id='word_1_136' title='bbox 2946 678 3004 729; x_wconf 86' lang='grc' dir='ltr'>ἐν</span> <span class='ocrx_word' id='word_1_137' title='bbox 3027 677 3265 750; x_wconf 79' lang='grc' dir='ltr'>ἐξουσίᾳ,</span> <span class='ocrx_word' id='word_1_138' title='bbox 3295 681 3387 732; x_wconf 57' lang='grc' dir='ltr'><strong>καὶ⁸</strong></span> <span class='ocrx_word' id='word_1_139' title='bbox 3411 684 3527 744; x_wconf 80' lang='grc' dir='ltr'>τοῖς</span> <span class='ocrx_word' id='word_1_140' title='bbox 3553 684 3805 750; x_wconf 75' lang='grc' dir='ltr'>ἀνέμοις·</span> 
     </span>
    </p>
   </div>
   <div class='ocr_carea' id='block_1_22' title="bbox 2214 758 3809 840">
    <p class='ocr_par' dir='ltr' id='par_1_22' title="bbox 2214 758 3809 840">
     <span class='ocr_line' id='line_1_22' title="bbox 2214 758 3809 840; baseline 0.008 -29"><span class='ocrx_word' id='word_1_141' title='bbox 2214 758 2305 813; x_wconf 78' lang='grc' dir='ltr'><strong>τὸν</strong></span> <span class='ocrx_word' id='word_1_142' title='bbox 2353 759 2517 813; x_wconf 76' lang='grc' dir='ltr'>αὑτὸν</span> <span class='ocrx_word' id='word_1_143' title='bbox 2559 764 2654 815; x_wconf 73' lang='lat' dir='ltr'><strong>xa‘t</strong></span> <span class='ocrx_word' id='word_1_144' title='bbox 2698 763 2791 816; x_wconf 80' lang='grc' dir='ltr'>ἐπὶ</span> <span class='ocrx_word' id='word_1_145' title='bbox 2831 765 2932 834; x_wconf 77' lang='grc' dir='ltr'><strong>τῆς</strong></span> <span class='ocrx_word' id='word_1_146' title='bbox 2970 765 3278 837; x_wconf 77' lang='grc' dir='ltr'>ὁδοιπορίας</span> <span class='ocrx_word' id='word_1_147' title='bbox 3321 772 3667 840; x_wconf 68' lang='grc' dir='ltr'>κεκμηκότα,</span> <span class='ocrx_word' id='word_1_148' title='bbox 3715 774 3809 824; x_wconf 65' lang='grc' dir='ltr'><strong>τὸν</strong></span> 
     </span>
    </p>
   </div>
   <div class='ocr_carea' id='block_1_23' title="bbox 2216 848 3810 926">
    <p class='ocr_par' dir='ltr' id='par_1_23' title="bbox 2216 848 3810 926">
     <span class='ocr_line' id='line_1_23' title="bbox 2216 848 3810 926; baseline 0.004 -24"><span class='ocrx_word' id='word_1_149' title='bbox 2216 848 2377 902; x_wconf 79' lang='grc' dir='ltr'>αὐτὸν</span> <span class='ocrx_word' id='word_1_150' title='bbox 2402 850 2498 903; x_wconf 79' lang='grc' dir='ltr'>καὶ</span> <span class='ocrx_word' id='word_1_151' title='bbox 2529 851 2621 902; x_wconf 72' lang='grc' dir='ltr'><strong>ἐπὶ</strong></span> <span class='ocrx_word' id='word_1_152' title='bbox 2651 855 2749 922; x_wconf 83' lang='grc' dir='ltr'>τῆς</span> <span class='ocrx_word' id='word_1_153' title='bbox 2794 851 3069 924; x_wconf 83' lang='grc' dir='ltr'>θαλάσσης</span> <span class='ocrx_word' id='word_1_154' title='bbox 3115 856 3547 926; x_wconf 80' lang='grc' dir='ltr'>περιπατοῦντα,</span> <span class='ocrx_word' id='word_1_155' title='bbox 3584 858 3661 920; x_wconf 73' lang='grc' dir='ltr'>ὡς</span> <span class='ocrx_word' id='word_1_156' title='bbox 3716 861 3810 911; x_wconf 75' lang='grc' dir='ltr'>ἐπὶ</span> 
     </span>
    </p>
   </div>
   <div class='ocr_carea' id='block_1_24' title="bbox 2218 941 3809 1017">
    <p class='ocr_par' dir='ltr' id='par_1_24' title="bbox 2218 941 3809 1017">
     <span class='ocr_line' id='line_1_24' title="bbox 2218 941 3809 1017; baseline 0.006 -24"><span class='ocrx_word' id='word_1_157' title='bbox 2218 943 2447 1011; x_wconf 83' lang='grc' dir='ltr'>στερεᾶς</span> <span class='ocrx_word' id='word_1_158' title='bbox 2494 941 2619 1013; x_wconf 81' lang='grc' dir='ltr'>γῆς,</span> <span class='ocrx_word' id='word_1_159' title='bbox 2655 943 2761 1014; x_wconf 75' lang='grc' dir='ltr'>ἰδίᾳ</span> <span class='ocrx_word' id='word_1_160' title='bbox 2819 944 3069 1017; x_wconf 84' lang='grc' dir='ltr'>ἐξουσίᾳ·</span> <span class='ocrx_word' id='word_1_161' title='bbox 3100 946 3128 997; x_wconf 90' lang='grc' dir='ltr'><strong>ὁ</strong></span> <span class='ocrx_word' id='word_1_162' title='bbox 3166 947 3331 1008; x_wconf 81' lang='grc' dir='ltr'>αὐτὸς</span> <span class='ocrx_word' id='word_1_163' title='bbox 3370 949 3557 1001; x_wconf 80' lang='grc' dir='ltr'>τοίνυν</span> <span class='ocrx_word' id='word_1_164' title='bbox 3588 948 3747 1011; x_wconf 75' lang='grc' dir='ltr'>Θεὸς,</span> <span class='ocrx_word' id='word_1_165' title='bbox 3782 952 3809 1003; x_wconf 84' lang='grc' dir='ltr'><strong><em>ὀ</em></strong></span> 
     </span>
    </p>
   </div>
   <div class='ocr_carea' id='block_1_25' title="bbox 2216 1031 3806 1111">
    <p class='ocr_par' dir='ltr' id='par_1_25' title="bbox 2216 1031 3806 1111">
     <span class='ocr_line' id='line_1_25' title="bbox 2216 1031 3806 1111; baseline 0.008 -28"><span class='ocrx_word' id='word_1_166' title='bbox 2216 1031 2381 1094; x_wconf 78' lang='grc' dir='ltr'>αὐτὸς</span> <span class='ocrx_word' id='word_1_167' title='bbox 2422 1032 2706 1103; x_wconf 80' lang='grc' dir='ltr'>ἄνθρωπος</span> <span class='ocrx_word' id='word_1_168' title='bbox 2752 1035 3219 1107; x_wconf 82' lang='grc' dir='ltr'><strong>ὁμολογουμένως.</strong></span> <span class='ocrx_word' id='word_1_169' title='bbox 3255 1038 3321 1092; x_wconf 88' lang='grc' dir='ltr'><strong>Τί</strong></span> <span class='ocrx_word' id='word_1_170' title='bbox 3358 1040 3468 1109; x_wconf 83' lang='grc' dir='ltr'><strong>γάρ</strong></span> <span class='ocrx_word' id='word_1_171' title='bbox 3501 1041 3565 1093; x_wconf 81' lang='grc' dir='ltr'>τὸ</span> <span class='ocrx_word' id='word_1_172' title='bbox 3600 1040 3806 1111; x_wconf 77' lang='grc' dir='ltr'>θαῦμα,</span> 
     </span>
    </p>
   </div>
   <div class='ocr_carea' id='block_1_26' title="bbox 2219 1122 3810 1201">
    <p class='ocr_par' dir='ltr' id='par_1_26' title="bbox 2219 1122 3810 1201">
     <span class='ocr_line' id='line_1_26' title="bbox 2219 1122 3810 1201; baseline 0.006 -26"><span class='ocrx_word' id='word_1_173' title='bbox 2219 1124 2265 1175; x_wconf 87' lang='grc' dir='ltr'><strong>εί</strong></span> <span class='ocrx_word' id='word_1_174' title='bbox 2298 1122 2580 1195; x_wconf 79' lang='grc' dir='ltr'>ἄνθρωπός</span> <span class='ocrx_word' id='word_1_175' title='bbox 2617 1141 2699 1187; x_wconf 81' lang='grc' dir='ltr'><strong>τις</strong></span> <span class='ocrx_word' id='word_1_176' title='bbox 2732 1125 2841 1178; x_wconf 83' lang='grc' dir='ltr'><strong>τῶν</strong></span> <span class='ocrx_word' id='word_1_177' title='bbox 2873 1127 2995 1179; x_wconf 88' lang='grc' dir='ltr'>καθ’</span> <span class='ocrx_word' id='word_1_178' title='bbox 3022 1129 3174 1198; x_wconf 80' lang='grc' dir='ltr'>ἡμᾶς</span> <span class='ocrx_word' id='word_1_179' title='bbox 3200 1131 3259 1182; x_wconf 88' lang='grc' dir='ltr'><strong>ἐν</strong></span> <span class='ocrx_word' id='word_1_180' title='bbox 3290 1130 3512 1201; x_wconf 75' lang='grc' dir='ltr'>ἐξουσίᾳ</span> <span class='ocrx_word' id='word_1_181' title='bbox 3542 1130 3810 1201; x_wconf 73' lang='grc' dir='ltr'>δυνάμεις</span> 
     </span>
    </p>
   </div>
   <div class='ocr_carea' id='block_1_27' title="bbox 2216 1213 3809 1297">
    <p class='ocr_par' dir='ltr' id='par_1_27' title="bbox 2216 1213 3809 1297">
     <span class='ocr_line' id='line_1_27' title="bbox 2216 1213 3809 1297; baseline 0.008 -31"><span class='ocrx_word' id='word_1_182' title='bbox 2216 1213 2351 1266; x_wconf 93' lang='grc' dir='ltr'>Θεοῦ</span> <span class='ocrx_word' id='word_1_183' title='bbox 2373 1217 2612 1288; x_wconf 76' lang='grc' dir='ltr'><strong>ἐνεργεῖν</strong></span> <span class='ocrx_word' id='word_1_184' title='bbox 2631 1215 2739 1287; x_wconf 59' lang='lat' dir='ltr'><strong>[Ion</strong></span> <span class='ocrx_word' id='word_1_185' title='bbox 2760 1218 2819 1270; x_wconf 81' lang='grc' dir='ltr'><strong>ἐν</strong></span> <span class='ocrx_word' id='word_1_186' title='bbox 2842 1216 3059 1289; x_wconf 81' lang='grc' dir='ltr'>ἐξουσίᾳ</span> <span class='ocrx_word' id='word_1_187' title='bbox 3079 1220 3234 1286; x_wconf 88' lang='grc' dir='ltr'>Θεοῦ,</span> <span class='ocrx_word' id='word_1_188' title='bbox 3255 1222 3515 1293; x_wconf 71' lang='grc' dir='ltr'>δυνάμεις</span> <span class='ocrx_word' id='word_1_189' title='bbox 3538 1226 3809 1297; x_wconf 73' lang='grc' dir='ltr'>ἐνεργείνι</span> 
     </span>
    </p>
   </div>
   <div class='ocr_carea' id='block_1_28' title="bbox 2216 1305 3810 1383">
    <p class='ocr_par' dir='ltr' id='par_1_28' title="bbox 2216 1305 3810 1383">
     <span class='ocr_line' id='line_1_28' title="bbox 2216 1305 3810 1383; baseline 0.009 -26"><span class='ocrx_word' id='word_1_190' title='bbox 2216 1305 2465 1375; x_wconf 87' lang='grc' dir='ltr'>λέγεται;</span> <span class='ocrx_word' id='word_1_191' title='bbox 2510 1308 2646 1359; x_wconf 85' lang='grc' dir='ltr'>Ἀλλ’</span> <span class='ocrx_word' id='word_1_192' title='bbox 2678 1308 2764 1361; x_wconf 84' lang='grc' dir='ltr'><strong>ἵνα</strong></span> <span class='ocrx_word' id='word_1_193' title='bbox 2793 1309 2883 1361; x_wconf 85' lang='grc' dir='ltr'>τὸν</span> <span class='ocrx_word' id='word_1_194' title='bbox 2916 1311 3078 1365; x_wconf 78' lang='grc' dir='ltr'>αὐτὸν</span> <span class='ocrx_word' id='word_1_195' title='bbox 3106 1313 3238 1365; x_wconf 82' lang='grc' dir='ltr'><strong>Θεὸν</strong></span> <span class='ocrx_word' id='word_1_196' title='bbox 3264 1314 3437 1383; x_wconf 86' lang='grc' dir='ltr'>Λόγον</span> <span class='ocrx_word' id='word_1_197' title='bbox 3460 1316 3810 1371; x_wconf 70' lang='grc' dir='ltr'><strong>κεκενῶσθαι</strong></span> 
     </span>
    </p>
   </div>
   <div class='ocr_carea' id='block_1_29' title="bbox 2218 1398 3812 1479">
    <p class='ocr_par' dir='ltr' id='par_1_29' title="bbox 2218 1398 3812 1479">
     <span class='ocr_line' id='line_1_29' title="bbox 2218 1398 3812 1479; baseline 0.009 -29"><span class='ocrx_word' id='word_1_198' title='bbox 2218 1398 2571 1465; x_wconf 78' lang='grc' dir='ltr'>ὁποδείξωσιν</span> <span class='ocrx_word' id='word_1_199' title='bbox 2604 1401 2736 1471; x_wconf 79' lang='grc' dir='ltr'>ἡμῖν</span> <span class='ocrx_word' id='word_1_200' title='bbox 2766 1402 2822 1454; x_wconf 76' lang='grc' dir='ltr'>αἱ</span> <span class='ocrx_word' id='word_1_201' title='bbox 2854 1403 2995 1457; x_wconf 87' lang='grc' dir='ltr'>θεῖαι</span> <span class='ocrx_word' id='word_1_202' title='bbox 3032 1404 3266 1474; x_wconf 71' lang='grc' dir='ltr'>Γραφαὶ,</span> <span class='ocrx_word' id='word_1_203' title='bbox 3296 1407 3359 1460; x_wconf 80' lang='grc' dir='ltr'>οὐ</span> <span class='ocrx_word' id='word_1_204' title='bbox 3387 1407 3639 1479; x_wconf 76' lang='grc' dir='ltr'><strong>δοκήσει,</strong></span> <span class='ocrx_word' id='word_1_205' title='bbox 3672 1410 3812 1463; x_wconf 67' lang='grc' dir='ltr'>ἀλλὰ</span> 
     </span>
    </p>
   </div>
   <div class='ocr_carea' id='block_1_30' title="bbox 2219 1489 3812 1569">
    <p class='ocr_par' dir='ltr' id='par_1_30' title="bbox 2219 1489 3812 1569">
     <span class='ocr_line' id='line_1_30' title="bbox 2219 1489 3812 1569; baseline 0.008 -30"><span class='ocrx_word' id='word_1_206' title='bbox 2219 1489 2507 1560; x_wconf 88' lang='grc' dir='ltr'>ἐνεργείᾳ,</span> <span class='ocrx_word' id='word_1_207' title='bbox 2574 1490 2671 1545; x_wconf 76' lang='grc' dir='ltr'><strong>ἕνα</strong></span> <span class='ocrx_word' id='word_1_208' title='bbox 2720 1493 2815 1546; x_wconf 82' lang='grc' dir='ltr'>καὶ</span> <span class='ocrx_word' id='word_1_209' title='bbox 2877 1493 2969 1547; x_wconf 83' lang='grc' dir='ltr'>τὸν</span> <span class='ocrx_word' id='word_1_210' title='bbox 3029 1495 3194 1547; x_wconf 81' lang='grc' dir='ltr'>αὑτὸν</span> <span class='ocrx_word' id='word_1_211' title='bbox 3245 1497 3376 1567; x_wconf 63' lang='grc' dir='ltr'><strong>⁴ἡμῖν</strong></span> <span class='ocrx_word' id='word_1_212' title='bbox 3419 1498 3812 1569; x_wconf 75' lang='grc' dir='ltr'>διαγορεύουσι</span> 
     </span>
    </p>
   </div>
   <div class='ocr_carea' id='block_1_31' title="bbox 2222 1585 3811 1663">
    <p class='ocr_par' dir='ltr' id='par_1_31' title="bbox 2222 1585 3811 1663">
     <span class='ocr_line' id='line_1_31' title="bbox 2222 1585 3811 1663; baseline 0.006 -28"><span class='ocrx_word' id='word_1_213' title='bbox 2222 1586 2596 1654; x_wconf 77' lang='grc' dir='ltr'>προφητικοίς,</span> <span class='ocrx_word' id='word_1_214' title='bbox 2626 1586 2717 1638; x_wconf 80' lang='grc' dir='ltr'><strong>καὶ</strong></span> <span class='ocrx_word' id='word_1_215' title='bbox 2764 1585 2872 1656; x_wconf 76' lang='grc' dir='ltr'><strong>μὴν</strong></span> <span class='ocrx_word' id='word_1_216' title='bbox 2909 1588 3006 1640; x_wconf 71' lang='lat' dir='ltr'><strong>xui.</strong></span> <span class='ocrx_word' id='word_1_217' title='bbox 3048 1590 3424 1654; x_wconf 82' lang='grc' dir='ltr'>ἀποστολικοτς</span> <span class='ocrx_word' id='word_1_218' title='bbox 3458 1592 3811 1663; x_wconf 73' lang='grc' dir='ltr'><strong>κηρύγμασι,</strong></span> 
     </span>
    </p>
   </div>
   <div class='ocr_carea' id='block_1_32' title="bbox 2220 1669 3811 1750">
    <p class='ocr_par' dir='ltr' id='par_1_32' title="bbox 2220 1669 3811 1750">
     <span class='ocr_line' id='line_1_32' title="bbox 2220 1669 3811 1750; baseline 0.005 -25"><span class='ocrx_word' id='word_1_219' title='bbox 2220 1673 2312 1725; x_wconf 81' lang='grc' dir='ltr'><strong>τὸν</strong></span> <span class='ocrx_word' id='word_1_220' title='bbox 2360 1674 2522 1727; x_wconf 74' lang='grc' dir='ltr'>αὐτὸν</span> <span class='ocrx_word' id='word_1_221' title='bbox 2567 1669 2718 1727; x_wconf 82' lang='grc' dir='ltr'>εἷπον</span> <span class='ocrx_word' id='word_1_222' title='bbox 2767 1676 2920 1739; x_wconf 84' lang='grc' dir='ltr'>Θεὸν,</span> <span class='ocrx_word' id='word_1_223' title='bbox 2964 1676 3055 1729; x_wconf 81' lang='grc' dir='ltr'><strong>τὸν</strong></span> <span class='ocrx_word' id='word_1_224' title='bbox 3104 1678 3265 1732; x_wconf 82' lang='grc' dir='ltr'>αὐτὸν</span> <span class='ocrx_word' id='word_1_225' title='bbox 3315 1678 3629 1750; x_wconf 79' lang='grc' dir='ltr'>ἄνθρωπον.</span> <span class='ocrx_word' id='word_1_226' title='bbox 3676 1680 3811 1733; x_wconf 74' lang='grc' dir='ltr'>Θεοῦ</span> 
     </span>
    </p>
   </div>
   <div class='ocr_carea' id='block_1_33' title="bbox 2223 1764 3809 1842">
    <p class='ocr_par' dir='ltr' id='par_1_33' title="bbox 2223 1764 3809 1842">
     <span class='ocr_line' id='line_1_33' title="bbox 2223 1764 3809 1842; baseline 0.005 -25"><span class='ocrx_word' id='word_1_227' title='bbox 2223 1764 2404 1818; x_wconf 84' lang='grc' dir='ltr'>τοίνυν</span> <span class='ocrx_word' id='word_1_228' title='bbox 2447 1766 2479 1836; x_wconf 77' lang='grc' dir='ltr'><strong>ἠ</strong></span> <span class='ocrx_word' id='word_1_229' title='bbox 2528 1765 2786 1836; x_wconf 76' lang='grc' dir='ltr'><strong>σύλληψις</strong></span> <span class='ocrx_word' id='word_1_230' title='bbox 2817 1768 2862 1837; x_wconf 50' lang='grc' dir='ltr'>,ἡ</span> <span class='ocrx_word' id='word_1_231' title='bbox 2906 1768 3207 1839; x_wconf 78' lang='grc' dir='ltr'>παρθενική</span> <span class='ocrx_word' id='word_1_232' title='bbox 3230 1787 3245 1802; x_wconf 79' lang='grc' dir='ltr'><strong>ο</strong></span> <span class='ocrx_word' id='word_1_233' title='bbox 3278 1770 3414 1824; x_wconf 75' lang='grc' dir='ltr'>Θεοῦ</span> <span class='ocrx_word' id='word_1_234' title='bbox 3445 1774 3477 1841; x_wconf 79' lang='grc' dir='ltr'><strong>ἡ</strong></span> <span class='ocrx_word' id='word_1_235' title='bbox 3510 1771 3773 1842; x_wconf 67' lang='grc' dir='ltr'>γέννησις</span> <span class='ocrx_word' id='word_1_236' title='bbox 3794 1789 3809 1802; x_wconf 81' lang='grc'><em>’</em></span> 
     </span>
    </p>
   </div>
   <div class='ocr_carea' id='block_1_34' title="bbox 546 1841 2123 1931">
    <p class='ocr_par' dir='ltr' id='par_1_34' title="bbox 546 1855 2121 1931">
     <span class='ocr_line' id='line_1_34' title="bbox 546 1855 2121 1931; baseline -0.003 -16"><span class='ocrx_word' id='word_1_237' title='bbox 546 1862 670 1931; x_wconf 72' lang='lat' dir='ltr'><strong>gine</strong></span> <span class='ocrx_word' id='word_1_238' title='bbox 708 1860 1013 1927; x_wconf 82' lang='lat' dir='ltr'><strong>conceptio,</strong></span> <span class='ocrx_word' id='word_1_239' title='bbox 1059 1858 1150 1911; x_wconf 89' lang='lat' dir='ltr'><strong>Dei</strong></span> <span class='ocrx_word' id='word_1_240' title='bbox 1195 1858 1471 1922; x_wconf 83' lang='lat' dir='ltr'><strong>nativitas,</strong></span> <span class='ocrx_word' id='word_1_241' title='bbox 1517 1856 1609 1911; x_wconf 89' lang='lat' dir='ltr'><strong>Dei</strong></span> <span class='ocrx_word' id='word_1_242' title='bbox 1656 1855 1969 1921; x_wconf 88' lang='lat' dir='ltr'><strong>similitudo,</strong></span> <span class='ocrx_word' id='word_1_243' title='bbox 2014 1871 2121 1925; x_wconf 88' lang='lat' dir='ltr'><strong>qua</strong></span> 
     </span>
    </p>
   </div>
   <div class='ocr_carea' id='block_1_35' title="bbox 2226 1841 3813 1931">
    <p class='ocr_par' dir='ltr' id='par_1_35' title="bbox 2226 1853 3813 1928">
     <span class='ocr_line' id='line_1_35' title="bbox 2226 1853 3813 1928; baseline 0.003 -21"><span class='ocrx_word' id='word_1_244' title='bbox 2226 1853 2359 1907; x_wconf 85' lang='grc' dir='ltr'>Θεοῦ</span> <span class='ocrx_word' id='word_1_245' title='bbox 2386 1855 2418 1926; x_wconf 80' lang='grc' dir='ltr'>ἡ</span> <span class='ocrx_word' id='word_1_246' title='bbox 2450 1854 2589 1908; x_wconf 85' lang='grc' dir='ltr'>κατὰ</span> <span class='ocrx_word' id='word_1_247' title='bbox 2616 1856 2795 1909; x_wconf 81' lang='grc' dir='ltr'>πάντα</span> <span class='ocrx_word' id='word_1_248' title='bbox 2828 1856 2968 1927; x_wconf 77' lang='grc' dir='ltr'>πρὸς</span> <span class='ocrx_word' id='word_1_249' title='bbox 2995 1858 3162 1926; x_wconf 80' lang='grc' dir='ltr'>ἡμᾶς,</span> <span class='ocrx_word' id='word_1_250' title='bbox 3196 1859 3289 1911; x_wconf 79' lang='grc' dir='ltr'><strong>καὶ</strong></span> <span class='ocrx_word' id='word_1_251' title='bbox 3323 1859 3391 1911; x_wconf 84' lang='grc' dir='ltr'>δι’</span> <span class='ocrx_word' id='word_1_252' title='bbox 3426 1860 3578 1927; x_wconf 75' lang='grc' dir='ltr'>ἡμᾶς</span> <span class='ocrx_word' id='word_1_253' title='bbox 3609 1860 3813 1928; x_wconf 83' lang='grc' dir='ltr'>ὁμοίω-</span> 
     </span>
    </p>
   </div>
   <div class='ocr_carea' id='block_1_36' title="bbox 548 1947 2122 2019">
    <p class='ocr_par' dir='ltr' id='par_1_36' title="bbox 548 1947 2122 2019">
     <span class='ocr_line' id='line_1_36' title="bbox 548 1947 2122 2019; baseline -0.001 -14"><span class='ocrx_word' id='word_1_254' title='bbox 548 1954 703 2008; x_wconf 85' lang='lat' dir='ltr'><strong>nobis</strong></span> <span class='ocrx_word' id='word_1_255' title='bbox 738 1951 907 2005; x_wconf 84' lang='lat' dir='ltr'><strong>nostri</strong></span> <span class='ocrx_word' id='word_1_256' title='bbox 948 1964 1109 2002; x_wconf 85' lang='lat' dir='ltr'><strong>causa</strong></span> <span class='ocrx_word' id='word_1_257' title='bbox 1148 1947 1538 2016; x_wconf 83' lang='lat' dir='ltr'><strong>dispensatorie</strong></span> <span class='ocrx_word' id='word_1_258' title='bbox 1570 1962 1667 2019; x_wconf 89' lang='lat' dir='ltr'><strong>per</strong></span> <span class='ocrx_word' id='word_1_259' title='bbox 1696 1948 1871 2002; x_wconf 85' lang='lat' dir='ltr'><strong>omnia</strong></span> <span class='ocrx_word' id='word_1_260' title='bbox 1905 1948 2122 2004; x_wconf 76' lang='lat' dir='ltr'><strong>assimi-</strong></span> 
     </span>
    </p>
   </div>
   <div class='ocr_carea' id='block_1_37' title="bbox 548 2039 2126 2109">
    <p class='ocr_par' dir='ltr' id='par_1_37' title="bbox 548 2039 2126 2109">
     <span class='ocr_line' id='line_1_37' title="bbox 548 2039 2126 2109; baseline -0.003 -10"><span class='ocrx_word' id='word_1_261' title='bbox 548 2047 689 2099; x_wconf 85' lang='lat' dir='ltr'><strong>latus</strong></span> <span class='ocrx_word' id='word_1_262' title='bbox 716 2055 827 2105; x_wconf 85' lang='lat' dir='ltr'><strong>est;</strong></span> <span class='ocrx_word' id='word_1_263' title='bbox 862 2043 951 2096; x_wconf 91' lang='lat' dir='ltr'><strong>Dei</strong></span> <span class='ocrx_word' id='word_1_264' title='bbox 985 2040 1186 2109; x_wconf 79' lang='lat' dir='ltr'><strong>passio,</strong></span> <span class='ocrx_word' id='word_1_265' title='bbox 1218 2039 1308 2093; x_wconf 86' lang='lat' dir='ltr'><strong>Dei</strong></span> <span class='ocrx_word' id='word_1_266' title='bbox 1339 2040 1403 2093; x_wconf 90' lang='lat' dir='ltr'><strong>iis</strong></span> <span class='ocrx_word' id='word_1_267' title='bbox 1429 2040 1519 2108; x_wconf 84' lang='lat' dir='ltr'><strong>qui</strong></span> <span class='ocrx_word' id='word_1_268' title='bbox 1551 2041 1604 2092; x_wconf 92' lang='lat' dir='ltr'><strong>in</strong></span> <span class='ocrx_word' id='word_1_269' title='bbox 1632 2053 1850 2094; x_wconf 88' lang='lat' dir='ltr'><strong>carcere</strong></span> <span class='ocrx_word' id='word_1_270' title='bbox 1876 2049 1929 2093; x_wconf 90' lang='lat' dir='ltr'><strong>et</strong></span> <span class='ocrx_word' id='word_1_271' title='bbox 1962 2040 2011 2093; x_wconf 94' lang='lat' dir='ltr'><strong>in</strong></span> <span class='ocrx_word' id='word_1_272' title='bbox 2047 2049 2126 2095; x_wconf 78' lang='lat' dir='ltr'><strong>te-</strong></span> 
     </span>
    </p>
   </div>
   <div class='ocr_carea' id='block_1_38' title="bbox 549 2130 2123 2202">
    <p class='ocr_par' dir='ltr' id='par_1_38' title="bbox 549 2130 2123 2202">
     <span class='ocr_line' id='line_1_38' title="bbox 549 2130 2123 2202; baseline -0.002 -13"><span class='ocrx_word' id='word_1_273' title='bbox 549 2134 733 2189; x_wconf 81' lang='lat' dir='ltr'><strong>nebris</strong></span> <span class='ocrx_word' id='word_1_274' title='bbox 755 2144 910 2188; x_wconf 85' lang='lat' dir='ltr'><strong>erant</strong></span> <span class='ocrx_word' id='word_1_275' title='bbox 936 2132 1268 2202; x_wconf 71' lang='lat' dir='ltr'><strong>przedicatio,</strong></span> <span class='ocrx_word' id='word_1_276' title='bbox 1293 2130 1386 2184; x_wconf 91' lang='lat' dir='ltr'><strong>Dei</strong></span> <span class='ocrx_word' id='word_1_277' title='bbox 1417 2132 1765 2196; x_wconf 86' lang='lat' dir='ltr'><strong>resurrectio,</strong></span> <span class='ocrx_word' id='word_1_278' title='bbox 1793 2131 1883 2186; x_wconf 86' lang='lat' dir='ltr'><strong>Dei</strong></span> <span class='ocrx_word' id='word_1_279' title='bbox 1912 2136 2123 2187; x_wconf 88' lang='lat' dir='ltr'><strong>tandem</strong></span> 
     </span>
    </p>
   </div>
   <div class='ocr_carea' id='block_1_39' title="bbox 550 2219 2127 2289">
    <p class='ocr_par' dir='ltr' id='par_1_39' title="bbox 550 2219 2127 2289">
     <span class='ocr_line' id='line_1_39' title="bbox 550 2219 2127 2289; baseline -0.001 -12"><span class='ocrx_word' id='word_1_280' title='bbox 550 2225 603 2277; x_wconf 90' lang='lat' dir='ltr'><strong>in</strong></span> <span class='ocrx_word' id='word_1_281' title='bbox 634 2222 799 2277; x_wconf 74' lang='lat' dir='ltr'><strong>cmlos</strong></span> <span class='ocrx_word' id='word_1_282' title='bbox 829 2220 1149 2289; x_wconf 88' lang='lat' dir='ltr'><strong>assumptio.</strong></span> <span class='ocrx_word' id='word_1_283' title='bbox 1182 2219 1281 2285; x_wconf 88' lang='lat' dir='ltr'><strong>Qui</strong></span> <span class='ocrx_word' id='word_1_284' title='bbox 1310 2222 1429 2288; x_wconf 89' lang='lat' dir='ltr'><strong>capi</strong></span> <span class='ocrx_word' id='word_1_285' title='bbox 1464 2235 1569 2274; x_wconf 93' lang='lat' dir='ltr'><strong>non</strong></span> <span class='ocrx_word' id='word_1_286' title='bbox 1602 2231 1848 2289; x_wconf 74' lang='lat' dir='ltr'><strong>pateret,</strong></span> <span class='ocrx_word' id='word_1_287' title='bbox 1883 2236 1979 2289; x_wconf 90' lang='lat' dir='ltr'><strong>per</strong></span> <span class='ocrx_word' id='word_1_288' title='bbox 2004 2236 2127 2275; x_wconf 53' lang='lat' dir='ltr'><strong>car.</strong></span> 
     </span>
    </p>
   </div>
   <div class='ocr_carea' id='block_1_40' title="bbox 550 2310 2125 2383">
    <p class='ocr_par' dir='ltr' id='par_1_40' title="bbox 550 2310 2125 2383">
     <span class='ocr_line' id='line_1_40' title="bbox 550 2310 2125 2383; baseline -0.003 -14"><span class='ocrx_word' id='word_1_289' title='bbox 550 2329 671 2369; x_wconf 87' lang='lat' dir='ltr'><strong>nem</strong></span> <span class='ocrx_word' id='word_1_290' title='bbox 704 2329 864 2383; x_wconf 81' lang='lat' dir='ltr'><strong>quant</strong></span> <span class='ocrx_word' id='word_1_291' title='bbox 898 2312 1068 2365; x_wconf 74' lang='lat' dir='ltr'><strong>nosui</strong></span> <span class='ocrx_word' id='word_1_292' title='bbox 1102 2326 1264 2365; x_wconf 90' lang='lat' dir='ltr'><strong>causa</strong></span> <span class='ocrx_word' id='word_1_293' title='bbox 1298 2326 1363 2364; x_wconf 77' lang='lat' dir='ltr'><strong>ex</strong></span> <span class='ocrx_word' id='word_1_294' title='bbox 1396 2310 1561 2363; x_wconf 83' lang='lat' dir='ltr'><strong>Maria</strong></span> <span class='ocrx_word' id='word_1_295' title='bbox 1594 2311 1850 2379; x_wconf 86' lang='lat' dir='ltr'><strong>sumpsit,</strong></span> <span class='ocrx_word' id='word_1_296' title='bbox 1881 2311 2125 2380; x_wconf 74' lang='lat' dir='ltr'><strong>virginali</strong></span> 
     </span>
    </p>
   </div>
   <div class='ocr_carea' id='block_1_41' title="bbox 548 2398 2123 2465">
    <p class='ocr_par' dir='ltr' id='par_1_41' title="bbox 548 2398 2123 2465">
     <span class='ocr_line' id='line_1_41' title="bbox 548 2398 2123 2465; baseline -0.003 -8"><span class='ocrx_word' id='word_1_297' title='bbox 548 2416 703 2459; x_wconf 86' lang='lat' dir='ltr'><strong>utero</strong></span> <span class='ocrx_word' id='word_1_298' title='bbox 733 2402 977 2457; x_wconf 85' lang='lat' dir='ltr'><strong>concludi</strong></span> <span class='ocrx_word' id='word_1_299' title='bbox 1015 2416 1078 2454; x_wconf 90' lang='lat' dir='ltr'><strong>ac</strong></span> <span class='ocrx_word' id='word_1_300' title='bbox 1113 2399 1322 2454; x_wconf 87' lang='lat' dir='ltr'><strong>deliniri</strong></span> <span class='ocrx_word' id='word_1_301' title='bbox 1359 2398 1633 2454; x_wconf 91' lang='lat' dir='ltr'><strong>sustinuit.</strong></span> <span class='ocrx_word' id='word_1_302' title='bbox 1664 2398 1767 2465; x_wconf 86' lang='lat' dir='ltr'><strong>Qui</strong></span> <span class='ocrx_word' id='word_1_303' title='bbox 1803 2399 1913 2454; x_wconf 86' lang='lat' dir='ltr'><strong>late</strong></span> <span class='ocrx_word' id='word_1_304' title='bbox 1943 2403 2123 2454; x_wconf 88' lang='lat' dir='ltr'><strong>omnia</strong></span> 
     </span>
    </p>
   </div>
   <div class='ocr_carea' id='block_1_42' title="bbox 548 2492 2125 2563">
    <p class='ocr_par' dir='ltr' id='par_1_42' title="bbox 548 2492 2125 2563">
     <span class='ocr_line' id='line_1_42' title="bbox 548 2492 2125 2563; baseline -0.002 -12"><span class='ocrx_word' id='word_1_305' title='bbox 548 2497 781 2560; x_wconf 82' lang='lat' dir='ltr'><strong>excedit,</strong></span> <span class='ocrx_word' id='word_1_306' title='bbox 824 2509 989 2550; x_wconf 84' lang='lat' dir='ltr'><strong>carne</strong></span> <span class='ocrx_word' id='word_1_307' title='bbox 1036 2493 1361 2548; x_wconf 75' lang='lat' dir='ltr'><strong>continetur.</strong></span> <span class='ocrx_word' id='word_1_308' title='bbox 1410 2493 1467 2545; x_wconf 92' lang='lat' dir='ltr'><strong>ln</strong></span> <span class='ocrx_word' id='word_1_309' title='bbox 1512 2507 1672 2563; x_wconf 80' lang='lat' dir='ltr'><strong>quem</strong></span> <span class='ocrx_word' id='word_1_310' title='bbox 1717 2492 1860 2547; x_wconf 88' lang='lat' dir='ltr'><strong>nulla</strong></span> <span class='ocrx_word' id='word_1_311' title='bbox 1900 2493 2125 2549; x_wconf 83' lang='lat' dir='ltr'><strong>mutatio</strong></span> 
     </span>
    </p>
   </div>
   <div class='ocr_carea' id='block_1_43' title="bbox 549 2581 2126 2653">
    <p class='ocr_par' dir='ltr' id='par_1_43' title="bbox 549 2581 2126 2653">
     <span class='ocr_line' id='line_1_43' title="bbox 549 2581 2126 2653; baseline -0.001 -12"><span class='ocrx_word' id='word_1_312' title='bbox 549 2586 717 2650; x_wconf 86' lang='lat' dir='ltr'><strong>cadit,</strong></span> <span class='ocrx_word' id='word_1_313' title='bbox 760 2587 1051 2639; x_wconf 83' lang='lat' dir='ltr'><strong>humanam</strong></span> <span class='ocrx_word' id='word_1_314' title='bbox 1098 2583 1324 2635; x_wconf 76' lang='lat' dir='ltr'><strong>fortnam</strong></span> <span class='ocrx_word' id='word_1_315' title='bbox 1368 2581 1553 2640; x_wconf 85' lang='lat' dir='ltr'><strong>subiit.</strong></span> <span class='ocrx_word' id='word_1_316' title='bbox 1594 2582 1940 2653; x_wconf 90' lang='lat' dir='ltr'><strong>lmpalibilis,</strong></span> <span class='ocrx_word' id='word_1_317' title='bbox 1983 2584 2126 2640; x_wconf 85' lang='lat' dir='ltr'><strong>ultro</strong></span> 
     </span>
    </p>
   </div>
   <div class='ocr_carea' id='block_1_44' title="bbox 550 2679 2122 2751">
    <p class='ocr_par' dir='ltr' id='par_1_44' title="bbox 550 2679 2122 2751">
     <span class='ocr_line' id='line_1_44' title="bbox 550 2679 2122 2751; baseline 0.004 -22"><span class='ocrx_word' id='word_1_318' title='bbox 550 2695 646 2747; x_wconf 85' lang='lat' dir='ltr'><strong>pro</strong></span> <span class='ocrx_word' id='word_1_319' title='bbox 676 2679 830 2733; x_wconf 87' lang='lat' dir='ltr'><strong>nobis</strong></span> <span class='ocrx_word' id='word_1_320' title='bbox 857 2686 912 2731; x_wconf 89' lang='lat' dir='ltr'><strong>et</strong></span> <span class='ocrx_word' id='word_1_321' title='bbox 942 2686 1158 2747; x_wconf 85' lang='lat' dir='ltr'><strong>propter</strong></span> <span class='ocrx_word' id='word_1_322' title='bbox 1187 2694 1283 2734; x_wconf 87' lang='lat' dir='ltr'><strong>nos</strong></span> <span class='ocrx_word' id='word_1_323' title='bbox 1314 2695 1409 2749; x_wconf 89' lang='lat' dir='ltr'><strong>per</strong></span> <span class='ocrx_word' id='word_1_324' title='bbox 1440 2681 1710 2750; x_wconf 88' lang='lat' dir='ltr'><strong>propriam</strong></span> <span class='ocrx_word' id='word_1_325' title='bbox 1740 2695 1960 2736; x_wconf 86' lang='lat' dir='ltr'><strong>carnem</strong></span> <span class='ocrx_word' id='word_1_326' title='bbox 1991 2696 2122 2751; x_wconf 86' lang='lat' dir='ltr'><strong>pas-</strong></span> 
     </span>
    </p>
   </div>
   <div class='ocr_carea' id='block_1_45' title="bbox 549 2770 2121 2838">
    <p class='ocr_par' dir='ltr' id='par_1_45' title="bbox 549 2770 2121 2838">
     <span class='ocr_line' id='line_1_45' title="bbox 549 2770 2121 2838; baseline 0.003 -16"><span class='ocrx_word' id='word_1_327' title='bbox 549 2784 644 2823; x_wconf 87' lang='lat' dir='ltr'><strong>sns</strong></span> <span class='ocrx_word' id='word_1_328' title='bbox 682 2778 781 2824; x_wconf 78' lang='lat' dir='ltr'><strong>est.</strong></span> <span class='ocrx_word' id='word_1_329' title='bbox 820 2770 926 2823; x_wconf 88' lang='lat' dir='ltr'><strong>Deo</strong></span> <span class='ocrx_word' id='word_1_330' title='bbox 962 2780 1015 2823; x_wconf 91' lang='lat' dir='ltr'><strong>et</strong></span> <span class='ocrx_word' id='word_1_331' title='bbox 1051 2770 1191 2823; x_wconf 65' lang='lat' dir='ltr'><strong>l’att&#39;i</strong></span> <span class='ocrx_word' id='word_1_332' title='bbox 1229 2771 1491 2826; x_wconf 85' lang='lat' dir='ltr'><strong>indivulse</strong></span> <span class='ocrx_word' id='word_1_333' title='bbox 1525 2770 1827 2837; x_wconf 64' lang='lat' dir='ltr'><strong>cohaerens,</strong></span> <span class='ocrx_word' id='word_1_334' title='bbox 1864 2773 1917 2827; x_wconf 88' lang='lat' dir='ltr'><strong>in</strong></span> <span class='ocrx_word' id='word_1_335' title='bbox 1957 2784 2121 2838; x_wconf 85' lang='lat' dir='ltr'><strong>terra,</strong></span> 
     </span>
    </p>
   </div>
   <div class='ocr_carea' id='block_1_46' title="bbox 548 2862 2127 2929">
    <p class='ocr_par' dir='ltr' id='par_1_46' title="bbox 548 2862 2127 2929">
     <span class='ocr_line' id='line_1_46' title="bbox 548 2862 2127 2929; baseline 0.003 -16"><span class='ocrx_word' id='word_1_336' title='bbox 548 2873 609 2914; x_wconf 91' lang='grc' dir='ltr'><strong>ιιι</strong></span> <span class='ocrx_word' id='word_1_337' title='bbox 642 2862 901 2929; x_wconf 84' lang='lat' dir='ltr'><strong>scriptum</strong></span> <span class='ocrx_word' id='word_1_338' title='bbox 935 2868 1038 2927; x_wconf 84' lang='lat' dir='ltr'><strong>est,</strong></span> <span class='ocrx_word' id='word_1_339' title='bbox 1074 2862 1221 2917; x_wconf 88' lang='lat' dir='ltr'><strong>visus</strong></span> <span class='ocrx_word' id='word_1_340' title='bbox 1254 2872 1359 2927; x_wconf 91' lang='lat' dir='ltr'><strong>est,</strong></span> <span class='ocrx_word' id='word_1_341' title='bbox 1394 2871 1449 2917; x_wconf 93' lang='lat' dir='ltr'><strong>et</strong></span> <span class='ocrx_word' id='word_1_342' title='bbox 1487 2878 1609 2917; x_wconf 89' lang='lat' dir='ltr'><strong>cum</strong></span> <span class='ocrx_word' id='word_1_343' title='bbox 1650 2864 1961 2918; x_wconf 82' lang='lat' dir='ltr'><strong>hominibus</strong></span> <span class='ocrx_word' id='word_1_344' title='bbox 1997 2880 2127 2917; x_wconf 74' lang='lat' dir='ltr'><strong>con-</strong></span> 
     </span>
    </p>
   </div>
   <div class='ocr_carea' id='block_1_47' title="bbox 544 2953 2126 3025">
    <p class='ocr_par' dir='ltr' id='par_1_47' title="bbox 544 2953 2126 3025">
     <span class='ocr_line' id='line_1_47' title="bbox 544 2953 2126 3025; baseline 0.005 -22"><span class='ocrx_word' id='word_1_345' title='bbox 544 2965 797 3007; x_wconf 73' lang='lat' dir='ltr'><strong>versatus</strong></span> <span class='ocrx_word' id='word_1_346' title='bbox 817 2955 859 3006; x_wconf 88' lang='lat'><strong>&quot;.</strong></span> <span class='ocrx_word' id='word_1_347' title='bbox 891 2953 991 3020; x_wconf 87' lang='lat' dir='ltr'><strong>Qui</strong></span> <span class='ocrx_word' id='word_1_348' title='bbox 1020 2953 1121 3007; x_wconf 85' lang='lat' dir='ltr'><strong>sub</strong></span> <span class='ocrx_word' id='word_1_349' title='bbox 1151 2962 1347 3008; x_wconf 89' lang='lat' dir='ltr'><strong>tactum</strong></span> <span class='ocrx_word' id='word_1_350' title='bbox 1383 2972 1486 3009; x_wconf 82' lang='lat' dir='ltr'><strong>non</strong></span> <span class='ocrx_word' id='word_1_351' title='bbox 1519 2956 1793 3024; x_wconf 82' lang='lat' dir='ltr'><strong>veniebat,</strong></span> <span class='ocrx_word' id='word_1_352' title='bbox 1829 2956 1897 3009; x_wconf 89' lang='lat' dir='ltr'><strong>ab</strong></span> <span class='ocrx_word' id='word_1_353' title='bbox 1928 2956 2126 3025; x_wconf 84' lang='lat' dir='ltr'><strong>iniquis</strong></span> 
     </span>
    </p>
   </div>
   <div class='ocr_carea' id='block_1_48' title="bbox 545 3042 2125 3115">
    <p class='ocr_par' dir='ltr' id='par_1_48' title="bbox 545 3042 2125 3115">
     <span class='ocr_line' id='line_1_48' title="bbox 545 3042 2125 3115; baseline 0.003 -21"><span class='ocrx_word' id='word_1_354' title='bbox 545 3045 735 3097; x_wconf 64' lang='lat' dir='ltr'><strong>lancea</strong></span> <span class='ocrx_word' id='word_1_355' title='bbox 771 3057 1125 3111; x_wconf 88' lang='lat' dir='ltr'><strong>compunctus</strong></span> <span class='ocrx_word' id='word_1_356' title='bbox 1162 3054 1246 3098; x_wconf 84' lang='lat' dir='ltr'><strong>est</strong></span> <span class='ocrx_word' id='word_1_357' title='bbox 1270 3045 1311 3095; x_wconf 80' lang='grc'><strong>⁸.</strong></span> <span class='ocrx_word' id='word_1_358' title='bbox 1350 3042 1723 3115; x_wconf 86' lang='lat' dir='ltr'><strong>Impassibilis,</strong></span> <span class='ocrx_word' id='word_1_359' title='bbox 1764 3045 2125 3099; x_wconf 81' lang='lat' dir='ltr'><strong>voluntariam</strong></span> 
     </span>
    </p>
   </div>
   <div class='ocr_carea' id='block_1_49' title="bbox 550 3137 2121 3201">
    <p class='ocr_par' dir='ltr' id='par_1_49' title="bbox 550 3137 2121 3201">
     <span class='ocr_line' id='line_1_49' title="bbox 550 3137 2121 3201; baseline -0.003 -7"><span class='ocrx_word' id='word_1_360' title='bbox 550 3152 764 3194; x_wconf 84' lang='lat' dir='ltr'><strong>crucem</strong></span> <span class='ocrx_word' id='word_1_361' title='bbox 790 3138 959 3192; x_wconf 78' lang='lat' dir='ltr'><strong>nostri</strong></span> <span class='ocrx_word' id='word_1_362' title='bbox 980 3153 1139 3192; x_wconf 88' lang='lat' dir='ltr'><strong>causa</strong></span> <span class='ocrx_word' id='word_1_363' title='bbox 1166 3137 1405 3201; x_wconf 83' lang='lat' dir='ltr'><strong>pertulit.</strong></span> <span class='ocrx_word' id='word_1_364' title='bbox 1429 3137 1736 3192; x_wconf 87' lang='lat' dir='ltr'><strong>lmmortale</strong></span> <span class='ocrx_word' id='word_1_365' title='bbox 1762 3138 1938 3192; x_wconf 88' lang='lat' dir='ltr'><strong>lumen</strong></span> <span class='ocrx_word' id='word_1_366' title='bbox 1967 3138 2121 3191; x_wconf 89' lang='lat' dir='ltr'><strong>morti</strong></span> 
     </span>
    </p>
   </div>
   <div class='ocr_carea' id='block_1_50' title="bbox 486 3228 2123 3298">
    <p class='ocr_par' dir='ltr' id='par_1_50' title="bbox 486 3228 2123 3298">
     <span class='ocr_line' id='line_1_50' title="bbox 486 3228 2123 3298; baseline -0.001 -16"><span class='ocrx_word' id='word_1_367' title='bbox 486 3229 494 3235; x_wconf 82' lang='grc'><strong>’</strong></span> <span class='ocrx_word' id='word_1_368' title='bbox 552 3228 787 3297; x_wconf 70' lang='lat' dir='ltr'><strong>aeipsum</strong></span> <span class='ocrx_word' id='word_1_369' title='bbox 819 3228 1031 3293; x_wconf 89' lang='lat' dir='ltr'><strong>obtulit,</strong></span> <span class='ocrx_word' id='word_1_370' title='bbox 1056 3240 1108 3283; x_wconf 90' lang='lat' dir='ltr'><strong>et</strong></span> <span class='ocrx_word' id='word_1_371' title='bbox 1140 3230 1295 3283; x_wconf 89' lang='lat' dir='ltr'><strong>tnorti</strong></span> <span class='ocrx_word' id='word_1_372' title='bbox 1326 3230 1540 3298; x_wconf 87' lang='lat' dir='ltr'><strong>quidem</strong></span> <span class='ocrx_word' id='word_1_373' title='bbox 1568 3231 1767 3285; x_wconf 89' lang='lat' dir='ltr'><strong>crucis.</strong></span> <span class='ocrx_word' id='word_1_374' title='bbox 1794 3230 1895 3297; x_wconf 87' lang='lat' dir='ltr'><strong>Qui</strong></span> <span class='ocrx_word' id='word_1_375' title='bbox 1924 3230 1976 3283; x_wconf 90' lang='lat' dir='ltr'><strong>in</strong></span> <span class='ocrx_word' id='word_1_376' title='bbox 2004 3230 2123 3283; x_wconf 89' lang='lat' dir='ltr'><strong>sinu</strong></span> 
     </span>
    </p>
   </div>
   <div class='ocr_carea' id='block_1_51' title="bbox 553 3318 2127 3390">
    <p class='ocr_par' dir='ltr' id='par_1_51' title="bbox 553 3318 2127 3390">
     <span class='ocr_line' id='line_1_51' title="bbox 553 3318 2127 3390; baseline 0.002 -18"><span class='ocrx_word' id='word_1_377' title='bbox 553 3318 730 3372; x_wconf 84' lang='lat' dir='ltr'><strong>Patris</strong></span> <span class='ocrx_word' id='word_1_378' title='bbox 759 3332 896 3382; x_wconf 87' lang='lat' dir='ltr'><strong>erat,</strong></span> <span class='ocrx_word' id='word_1_379' title='bbox 932 3335 1027 3388; x_wconf 89' lang='lat' dir='ltr'><strong>per</strong></span> <span class='ocrx_word' id='word_1_380' title='bbox 1057 3322 1325 3390; x_wconf 82' lang='lat' dir='ltr'><strong>propriam</strong></span> <span class='ocrx_word' id='word_1_381' title='bbox 1357 3338 1576 3376; x_wconf 90' lang='lat' dir='ltr'><strong>carnem</strong></span> <span class='ocrx_word' id='word_1_382' title='bbox 1610 3323 1662 3377; x_wconf 91' lang='lat' dir='ltr'><strong>in</strong></span> <span class='ocrx_word' id='word_1_383' title='bbox 1695 3323 1888 3377; x_wconf 67' lang='lat' dir='ltr'><strong>caelum</strong></span> <span class='ocrx_word' id='word_1_384' title='bbox 1920 3322 2127 3378; x_wconf 80' lang='lat' dir='ltr'><strong>assumi</strong></span> 
     </span>
    </p>
   </div>
   <div class='ocr_carea' id='block_1_52' title="bbox 555 3412 2131 3485">
    <p class='ocr_par' dir='ltr' id='par_1_52' title="bbox 555 3412 2131 3485">
     <span class='ocr_line' id='line_1_52' title="bbox 555 3412 2131 3485; baseline 0.004 -25"><span class='ocrx_word' id='word_1_385' title='bbox 555 3426 661 3464; x_wconf 89' lang='lat' dir='ltr'><strong>non</strong></span> <span class='ocrx_word' id='word_1_386' title='bbox 702 3412 985 3465; x_wconf 87' lang='lat' dir='ltr'><strong>recusavit.</strong></span> <span class='ocrx_word' id='word_1_387' title='bbox 1023 3412 1123 3477; x_wconf 86' lang='lat' dir='ltr'><strong>Qui</strong></span> <span class='ocrx_word' id='word_1_388' title='bbox 1170 3424 1349 3467; x_wconf 89' lang='lat' dir='ltr'><strong>autem</strong></span> <span class='ocrx_word' id='word_1_389' title='bbox 1390 3413 1485 3467; x_wconf 87' lang='lat' dir='ltr'><strong>Dei</strong></span> <span class='ocrx_word' id='word_1_390' title='bbox 1528 3413 1721 3469; x_wconf 87' lang='lat' dir='ltr'><strong>Filium</strong></span> <span class='ocrx_word' id='word_1_391' title='bbox 1765 3413 1960 3485; x_wconf 84' lang='lat' dir='ltr'><strong>[Deum</strong></span> <span class='ocrx_word' id='word_1_392' title='bbox 1996 3412 2131 3467; x_wconf 67' lang='lat' dir='ltr'><strong>Vero</strong></span> 
     </span>
    </p>
   </div>
   <div class='ocr_carea' id='block_1_53' title="bbox 552 3498 2129 3571">
    <p class='ocr_par' dir='ltr' id='par_1_53' title="bbox 552 3498 2129 3571">
     <span class='ocr_line' id='line_1_53' title="bbox 552 3498 2129 3571; baseline 0.001 -17"><span class='ocrx_word' id='word_1_393' title='bbox 552 3498 718 3571; x_wconf 83' lang='lat' dir='ltr'><strong>bum]</strong></span> <span class='ocrx_word' id='word_1_394' title='bbox 758 3502 1027 3555; x_wconf 85' lang='lat' dir='ltr'><strong>hominem</strong></span> <span class='ocrx_word' id='word_1_395' title='bbox 1073 3505 1380 3571; x_wconf 85' lang='lat' dir='ltr'><strong>quempiam</strong></span> <span class='ocrx_word' id='word_1_396' title='bbox 1425 3504 1594 3557; x_wconf 89' lang='lat' dir='ltr'><strong>nostri</strong></span> <span class='ocrx_word' id='word_1_397' title='bbox 1644 3504 1878 3558; x_wconf 89' lang='lat' dir='ltr'><strong>similem</strong></span> <span class='ocrx_word' id='word_1_398' title='bbox 1918 3518 2129 3558; x_wconf 87' lang='lat' dir='ltr'><strong>assum-</strong></span> 
     </span>
    </p>
   </div>
   <div class='ocr_carea' id='block_1_54' title="bbox 546 3592 2129 3662">
    <p class='ocr_par' dir='ltr' id='par_1_54' title="bbox 546 3592 2129 3662">
     <span class='ocr_line' id='line_1_54' title="bbox 546 3592 2129 3662; baseline 0.001 -17"><span class='ocrx_word' id='word_1_399' title='bbox 546 3592 729 3661; x_wconf 67' lang='lat' dir='ltr'><strong>psisse</strong></span> <span class='ocrx_word' id='word_1_400' title='bbox 767 3594 987 3659; x_wconf 79' lang='lat' dir='ltr'><strong>dicunt;</strong></span> <span class='ocrx_word' id='word_1_401' title='bbox 1031 3593 1204 3662; x_wconf 81' lang='lat' dir='ltr'><strong>ipsum</strong></span> <span class='ocrx_word' id='word_1_402' title='bbox 1252 3604 1430 3648; x_wconf 87' lang='lat' dir='ltr'><strong>autem</strong></span> <span class='ocrx_word' id='word_1_403' title='bbox 1472 3596 1656 3648; x_wconf 88' lang='lat' dir='ltr'><strong>vivum</strong></span> <span class='ocrx_word' id='word_1_404' title='bbox 1699 3605 1756 3649; x_wconf 90' lang='lat' dir='ltr'><strong>et</strong></span> <span class='ocrx_word' id='word_1_405' title='bbox 1802 3593 1991 3650; x_wconf 79' lang='lat' dir='ltr'><strong>elIicax</strong></span> <span class='ocrx_word' id='word_1_406' title='bbox 2039 3595 2129 3649; x_wconf 89' lang='lat' dir='ltr'><strong>Dei</strong></span> 
     </span>
    </p>
   </div>
   <div class='ocr_carea' id='block_1_55' title="bbox 557 3682 2129 3753">
    <p class='ocr_par' dir='ltr' id='par_1_55' title="bbox 557 3682 2129 3753">
     <span class='ocr_line' id='line_1_55' title="bbox 557 3682 2129 3753; baseline 0.003 -18"><span class='ocrx_word' id='word_1_407' title='bbox 557 3682 855 3747; x_wconf 54' lang='lat' dir='ltr'><strong>Verbum”,</strong></span> <span class='ocrx_word' id='word_1_408' title='bbox 896 3686 1035 3753; x_wconf 84' lang='lat' dir='ltr'><strong>quod</strong></span> <span class='ocrx_word' id='word_1_409' title='bbox 1079 3684 1129 3737; x_wconf 94' lang='lat' dir='ltr'><strong>in</strong></span> <span class='ocrx_word' id='word_1_410' title='bbox 1172 3685 1388 3753; x_wconf 90' lang='lat' dir='ltr'><strong>propria</strong></span> <span class='ocrx_word' id='word_1_411' title='bbox 1432 3683 1728 3753; x_wconf 84' lang='lat' dir='ltr'><strong>[eﬂicacem</strong></span> <span class='ocrx_word' id='word_1_412' title='bbox 1772 3685 1867 3740; x_wconf 87' lang='lat' dir='ltr'><strong>Dei</strong></span> <span class='ocrx_word' id='word_1_413' title='bbox 1911 3685 2129 3751; x_wconf 85' lang='lat' dir='ltr'><strong>Filium,</strong></span> 
     </span>
    </p>
   </div>
   <div class='ocr_carea' id='block_1_56' title="bbox 2228 1946 3810 2023">
    <p class='ocr_par' dir='ltr' id='par_1_56' title="bbox 2228 1946 3810 2023">
     <span class='ocr_line' id='line_1_56' title="bbox 2228 1946 3810 2023; baseline 0.004 -25"><span class='ocrx_word' id='word_1_414' title='bbox 2228 1960 2312 2010; x_wconf 82' lang='grc' dir='ltr'><strong>σις</strong></span> <span class='ocrx_word' id='word_1_415' title='bbox 2330 1946 2688 2017; x_wconf 76' lang='grc' dir='ltr'>οἰκονομικῶς</span> <span class='ocrx_word' id='word_1_416' title='bbox 2704 1964 2717 1978; x_wconf 88' lang='grc'><strong>·</strong></span> <span class='ocrx_word' id='word_1_417' title='bbox 2743 1946 2878 2001; x_wconf 82' lang='grc' dir='ltr'>Θεοῦ</span> <span class='ocrx_word' id='word_1_418' title='bbox 2900 1948 2961 2000; x_wconf 85' lang='grc' dir='ltr'><strong>τὸ</strong></span> <span class='ocrx_word' id='word_1_419' title='bbox 2980 1947 3147 2014; x_wconf 85' lang='grc' dir='ltr'>πάθος</span> <span class='ocrx_word' id='word_1_420' title='bbox 3166 1966 3177 1980; x_wconf 91' lang='grc'><strong>·</strong></span> <span class='ocrx_word' id='word_1_421' title='bbox 3202 1949 3337 2003; x_wconf 83' lang='grc' dir='ltr'>Θεοῦ</span> <span class='ocrx_word' id='word_1_422' title='bbox 3361 1954 3476 2013; x_wconf 73' lang='grc' dir='ltr'>τοῖς</span> <span class='ocrx_word' id='word_1_423' title='bbox 3506 1953 3569 2003; x_wconf 80' lang='grc' dir='ltr'><strong>ἐν</strong></span> <span class='ocrx_word' id='word_1_424' title='bbox 3594 1952 3810 2023; x_wconf 78' lang='grc' dir='ltr'>φυλακῇ</span> 
     </span>
    </p>
   </div>
   <div class='ocr_carea' id='block_1_57' title="bbox 2226 2037 3811 2110">
    <p class='ocr_par' dir='ltr' id='par_1_57' title="bbox 2226 2037 3811 2110">
     <span class='ocr_line' id='line_1_57' title="bbox 2226 2037 3811 2110; baseline 0.003 -20"><span class='ocrx_word' id='word_1_425' title='bbox 2226 2038 2319 2090; x_wconf 75' lang='grc' dir='ltr'><strong>καὶ</strong></span> <span class='ocrx_word' id='word_1_426' title='bbox 2359 2040 2415 2091; x_wconf 84' lang='grc' dir='ltr'><strong>ἐν</strong></span> <span class='ocrx_word' id='word_1_427' title='bbox 2454 2037 2533 2107; x_wconf 86' lang='grc' dir='ltr'><strong>τῷ</strong></span> <span class='ocrx_word' id='word_1_428' title='bbox 2563 2038 2743 2091; x_wconf 87' lang='grc' dir='ltr'>σκότει</span> <span class='ocrx_word' id='word_1_429' title='bbox 2774 2040 2805 2107; x_wconf 84' lang='grc' dir='ltr'>ἡ</span> <span class='ocrx_word' id='word_1_430' title='bbox 2837 2038 3094 2110; x_wconf 78' lang='grc' dir='ltr'>κήρυξις·</span> <span class='ocrx_word' id='word_1_431' title='bbox 3126 2039 3262 2093; x_wconf 81' lang='grc' dir='ltr'>Θεοῦ</span> <span class='ocrx_word' id='word_1_432' title='bbox 3288 2042 3593 2105; x_wconf 78' lang='grc' dir='ltr'>ἀνάστασις</span> <span class='ocrx_word' id='word_1_433' title='bbox 3615 2058 3630 2071; x_wconf 90' lang='grc'><strong>·</strong></span> <span class='ocrx_word' id='word_1_434' title='bbox 3676 2042 3811 2095; x_wconf 81' lang='grc' dir='ltr'>Θεοῦ</span> 
     </span>
    </p>
   </div>
   <div class='ocr_carea' id='block_1_58' title="bbox 2227 2126 3813 2203">
    <p class='ocr_par' dir='ltr' id='par_1_58' title="bbox 2227 2126 3813 2203">
     <span class='ocr_line' id='line_1_58' title="bbox 2227 2126 3813 2203; baseline 0.004 -23"><span class='ocrx_word' id='word_1_435' title='bbox 2227 2129 2260 2198; x_wconf 81' lang='grc' dir='ltr'>ἡ</span> <span class='ocrx_word' id='word_1_436' title='bbox 2288 2128 2574 2198; x_wconf 75' lang='grc' dir='ltr'>ἀνάληψις.</span> <span class='ocrx_word' id='word_1_437' title='bbox 2593 2126 2648 2182; x_wconf 80' lang='grc' dir='ltr'><strong>Ὀ</strong></span> <span class='ocrx_word' id='word_1_438' title='bbox 2676 2128 2961 2201; x_wconf 78' lang='grc' dir='ltr'>ἀχὼρητος</span> <span class='ocrx_word' id='word_1_439' title='bbox 3003 2132 3192 2184; x_wconf 73' lang='grc' dir='ltr'>ἑαυτὸν</span> <span class='ocrx_word' id='word_1_440' title='bbox 3222 2131 3420 2185; x_wconf 75' lang='grc' dir='ltr'>δέδωκε</span> <span class='ocrx_word' id='word_1_441' title='bbox 3455 2133 3813 2203; x_wconf 70' lang='grc' dir='ltr'>κεχωρῆσθαι</span> 
     </span>
    </p>
   </div>
   <div class='ocr_carea' id='block_1_59' title="bbox 2225 2212 3813 2294">
    <p class='ocr_par' dir='ltr' id='par_1_59' title="bbox 2225 2212 3813 2294">
     <span class='ocr_line' id='line_1_59' title="bbox 2225 2212 3813 2294; baseline 0.004 -24"><span class='ocrx_word' id='word_1_442' title='bbox 2225 2212 2291 2270; x_wconf 84' lang='grc' dir='ltr'>δι’</span> <span class='ocrx_word' id='word_1_443' title='bbox 2318 2219 2465 2287; x_wconf 81' lang='grc' dir='ltr'>ἡμᾶς</span> <span class='ocrx_word' id='word_1_444' title='bbox 2492 2220 2550 2271; x_wconf 88' lang='grc' dir='ltr'><strong>ἐν</strong></span> <span class='ocrx_word' id='word_1_445' title='bbox 2575 2221 2639 2289; x_wconf 80' lang='grc' dir='ltr'>τῇ</span> <span class='ocrx_word' id='word_1_446' title='bbox 2674 2218 2774 2288; x_wconf 83' lang='grc' dir='ltr'><strong>τῆς</strong></span> <span class='ocrx_word' id='word_1_447' title='bbox 2806 2220 3091 2291; x_wconf 82' lang='grc' dir='ltr'>Παρθένου</span> <span class='ocrx_word' id='word_1_448' title='bbox 3126 2224 3329 2293; x_wconf 83' lang='grc' dir='ltr'>μήτρᾳ,</span> <span class='ocrx_word' id='word_1_449' title='bbox 3360 2224 3501 2293; x_wconf 82' lang='grc' dir='ltr'>μετὰ</span> <span class='ocrx_word' id='word_1_450' title='bbox 3533 2225 3642 2294; x_wconf 75' lang='grc' dir='ltr'>τῆς</span> <span class='ocrx_word' id='word_1_451' title='bbox 3680 2226 3813 2290; x_wconf 64' lang='lat' dir='ltr'><strong>iriiri;</strong></span> 
     </span>
    </p>
   </div>
   <div class='ocr_carea' id='block_1_60' title="bbox 2230 2309 3814 2387">
    <p class='ocr_par' dir='ltr' id='par_1_60' title="bbox 2230 2309 3814 2387">
     <span class='ocr_line' id='line_1_60' title="bbox 2230 2309 3814 2387; baseline 0.006 -26"><span class='ocrx_word' id='word_1_452' title='bbox 2230 2309 2450 2379; x_wconf 79' lang='grc' dir='ltr'>σαρκὸς.</span> <span class='ocrx_word' id='word_1_453' title='bbox 2478 2311 2544 2380; x_wconf 82' lang='grc' dir='ltr'><strong>ῆν</strong></span> <span class='ocrx_word' id='word_1_454' title='bbox 2589 2310 2957 2381; x_wconf 76' lang='grc' dir='ltr'>προσελάϐετο</span> <span class='ocrx_word' id='word_1_455' title='bbox 3002 2312 3061 2378; x_wconf 81' lang='grc' dir='ltr'><strong>ἐξ</strong></span> <span class='ocrx_word' id='word_1_456' title='bbox 3110 2314 3298 2384; x_wconf 77' lang='grc' dir='ltr'>αὐτῆς.</span> <span class='ocrx_word' id='word_1_457' title='bbox 3317 2314 3374 2368; x_wconf 90' lang='lat'><strong>&#39;0</strong></span> <span class='ocrx_word' id='word_1_458' title='bbox 3418 2317 3719 2387; x_wconf 75' lang='grc' dir='ltr'>ὰχὼρητος</span> <span class='ocrx_word' id='word_1_459' title='bbox 3761 2320 3814 2371; x_wconf 83' lang='grc' dir='ltr'><strong>ἐν</strong></span> 
     </span>
    </p>
   </div>
   <div class='ocr_carea' id='block_1_61' title="bbox 2230 2401 3811 2480">
    <p class='ocr_par' dir='ltr' id='par_1_61' title="bbox 2230 2401 3811 2480">
     <span class='ocr_line' id='line_1_61' title="bbox 2230 2401 3811 2480; baseline 0.004 -27"><span class='ocrx_word' id='word_1_460' title='bbox 2230 2401 2393 2471; x_wconf 71' lang='grc' dir='ltr'>σαρκὶ</span> <span class='ocrx_word' id='word_1_461' title='bbox 2422 2402 2711 2473; x_wconf 82' lang='grc' dir='ltr'>ἐχωρεῖτο·</span> <span class='ocrx_word' id='word_1_462' title='bbox 2747 2404 2775 2456; x_wconf 87' lang='grc' dir='ltr'><strong>ὁ</strong></span> <span class='ocrx_word' id='word_1_463' title='bbox 2796 2402 3153 2467; x_wconf 80' lang='grc' dir='ltr'>ἀναλλοίωτος</span> <span class='ocrx_word' id='word_1_464' title='bbox 3179 2407 3234 2458; x_wconf 86' lang='grc' dir='ltr'><strong>ἐν</strong></span> <span class='ocrx_word' id='word_1_465' title='bbox 3266 2407 3558 2477; x_wconf 81' lang='grc' dir='ltr'>ἀνθρώπου</span> <span class='ocrx_word' id='word_1_466' title='bbox 3593 2414 3777 2480; x_wconf 59' lang='grc' dir='ltr'>μορφῇ</span> <span class='ocrx_word' id='word_1_467' title='bbox 3797 2428 3811 2440; x_wconf 87' lang='lat'><strong>-</strong></span> 
     </span>
    </p>
   </div>
   <div class='ocr_carea' id='block_1_62' title="bbox 2224 2489 3816 2566">
    <p class='ocr_par' dir='ltr' id='par_1_62' title="bbox 2224 2489 3816 2566">
     <span class='ocr_line' id='line_1_62' title="bbox 2224 2489 3816 2566; baseline 0.002 -20"><span class='ocrx_word' id='word_1_468' title='bbox 2224 2491 2254 2546; x_wconf 85' lang='grc' dir='ltr'><strong>ὁ</strong></span> <span class='ocrx_word' id='word_1_469' title='bbox 2279 2489 2495 2561; x_wconf 83' lang='grc' dir='ltr'>ἀπαθὴς</span> <span class='ocrx_word' id='word_1_470' title='bbox 2524 2490 2758 2544; x_wconf 86' lang='grc' dir='ltr'>πέπονθε</span> <span class='ocrx_word' id='word_1_471' title='bbox 2777 2490 2846 2545; x_wconf 84' lang='grc' dir='ltr'>δι’</span> <span class='ocrx_word' id='word_1_472' title='bbox 2867 2492 3013 2562; x_wconf 76' lang='grc' dir='ltr'>ἡμᾶς</span> <span class='ocrx_word' id='word_1_473' title='bbox 3043 2489 3324 2557; x_wconf 77' lang='grc' dir='ltr'>ἑκουσίως,</span> <span class='ocrx_word' id='word_1_474' title='bbox 3357 2496 3452 2548; x_wconf 74' lang='grc' dir='ltr'>καὶ</span> <span class='ocrx_word' id='word_1_475' title='bbox 3483 2496 3631 2565; x_wconf 83' lang='grc' dir='ltr'>ὑπὲρ</span> <span class='ocrx_word' id='word_1_476' title='bbox 3657 2497 3816 2566; x_wconf 73' lang='grc' dir='ltr'>ἡμῶν</span> 
     </span>
    </p>
   </div>
   <div class='ocr_carea' id='block_1_63' title="bbox 2225 2581 3815 2659">
    <p class='ocr_par' dir='ltr' id='par_1_63' title="bbox 2225 2581 3815 2659">
     <span class='ocr_line' id='line_1_63' title="bbox 2225 2581 3815 2659; baseline 0.003 -24"><span class='ocrx_word' id='word_1_477' title='bbox 2225 2585 2291 2653; x_wconf 83' lang='grc' dir='ltr'>τῇ</span> <span class='ocrx_word' id='word_1_478' title='bbox 2336 2582 2442 2653; x_wconf 82' lang='grc' dir='ltr'>ίδίᾳ</span> <span class='ocrx_word' id='word_1_479' title='bbox 2492 2581 2675 2652; x_wconf 87' lang='grc' dir='ltr'>σαρκί.</span> <span class='ocrx_word' id='word_1_480' title='bbox 2707 2582 2767 2635; x_wconf 86' lang='lat'><strong>&#39;0</strong></span> <span class='ocrx_word' id='word_1_481' title='bbox 2815 2581 3118 2653; x_wconf 81' lang='grc' dir='ltr'>ἀχώριστος</span> <span class='ocrx_word' id='word_1_482' title='bbox 3162 2584 3257 2637; x_wconf 84' lang='grc' dir='ltr'><strong>τοῦ</strong></span> <span class='ocrx_word' id='word_1_483' title='bbox 3294 2584 3429 2639; x_wconf 86' lang='grc' dir='ltr'>Θεοῦ</span> <span class='ocrx_word' id='word_1_484' title='bbox 3473 2587 3569 2639; x_wconf 75' lang='grc' dir='ltr'><strong>καὶ</strong></span> <span class='ocrx_word' id='word_1_485' title='bbox 3603 2589 3815 2659; x_wconf 70' lang='grc' dir='ltr'>Πατρὶς</span> 
     </span>
    </p>
   </div>
   <div class='ocr_carea' id='block_1_64' title="bbox 2226 2673 3813 2747">
    <p class='ocr_par' dir='ltr' id='par_1_64' title="bbox 2226 2673 3813 2747">
     <span class='ocr_line' id='line_1_64' title="bbox 2226 2673 3813 2747; baseline 0.002 -17"><span class='ocrx_word' id='word_1_486' title='bbox 2226 2677 2318 2730; x_wconf 68' lang='grc' dir='ltr'>ἐπὶ</span> <span class='ocrx_word' id='word_1_487' title='bbox 2341 2675 2445 2746; x_wconf 78' lang='grc' dir='ltr'>γῆς</span> <span class='ocrx_word' id='word_1_488' title='bbox 2472 2673 2650 2747; x_wconf 78' lang='grc' dir='ltr'>ὤφθη,</span> <span class='ocrx_word' id='word_1_489' title='bbox 2670 2675 2809 2728; x_wconf 88' lang='grc' dir='ltr'>κατὰ</span> <span class='ocrx_word' id='word_1_490' title='bbox 2838 2674 2897 2728; x_wconf 85' lang='grc' dir='ltr'>τὸ</span> <span class='ocrx_word' id='word_1_491' title='bbox 2936 2677 3340 2747; x_wconf 82' lang='grc' dir='ltr'>γεγραμμένον,</span> <span class='ocrx_word' id='word_1_492' title='bbox 3368 2679 3463 2732; x_wconf 74' lang='grc' dir='ltr'><strong>καὶ</strong></span> <span class='ocrx_word' id='word_1_493' title='bbox 3490 2682 3550 2732; x_wconf 83' lang='grc' dir='ltr'><strong>ἐν</strong></span> <span class='ocrx_word' id='word_1_494' title='bbox 3578 2683 3698 2744; x_wconf 60' lang='lat' dir='ltr'><strong>cui;</strong></span> <span class='ocrx_word' id='word_1_495' title='bbox 3722 2683 3813 2733; x_wconf 72' lang='grc' dir='ltr'><strong>ἀν-</strong></span> 
     </span>
    </p>
   </div>
   <div class='ocr_carea' id='block_1_65' title="bbox 2227 2765 3813 2844">
    <p class='ocr_par' dir='ltr' id='par_1_65' title="bbox 2227 2765 3813 2844">
     <span class='ocr_line' id='line_1_65' title="bbox 2227 2765 3813 2844; baseline 0.003 -23"><span class='ocrx_word' id='word_1_496' title='bbox 2227 2767 2467 2840; x_wconf 80' lang='grc' dir='ltr'>θρώποις</span> <span class='ocrx_word' id='word_1_497' title='bbox 2519 2765 2952 2837; x_wconf 77' lang='grc' dir='ltr'>συνανεστράιρη.</span> <span class='ocrx_word' id='word_1_498' title='bbox 2994 2767 3053 2823; x_wconf 85' lang='grc' dir='ltr'>Ὀ</span> <span class='ocrx_word' id='word_1_499' title='bbox 3095 2767 3451 2839; x_wconf 74' lang='grc' dir='ltr'>ἀψηλάερητος</span> <span class='ocrx_word' id='word_1_500' title='bbox 3497 2771 3678 2844; x_wconf 78' lang='grc' dir='ltr'>λόγχῃ</span> <span class='ocrx_word' id='word_1_501' title='bbox 3714 2775 3813 2826; x_wconf 66' lang='grc' dir='ltr'><strong>ὑπὸ</strong></span> 
     </span>
    </p>
   </div>
   <div class='ocr_carea' id='block_1_66' title="bbox 2225 2860 3815 2937">
    <p class='ocr_par' dir='ltr' id='par_1_66' title="bbox 2225 2860 3815 2937">
     <span class='ocr_line' id='line_1_66' title="bbox 2225 2860 3815 2937; baseline 0.004 -24"><span class='ocrx_word' id='word_1_502' title='bbox 2225 2860 2335 2914; x_wconf 83' lang='grc' dir='ltr'><strong>τῶν</strong></span> <span class='ocrx_word' id='word_1_503' title='bbox 2383 2860 2714 2930; x_wconf 83' lang='grc' dir='ltr'>παρανόμων</span> <span class='ocrx_word' id='word_1_504' title='bbox 2774 2860 3149 2914; x_wconf 82' lang='grc' dir='ltr'>κατενύττετο.</span> <span class='ocrx_word' id='word_1_505' title='bbox 3189 2861 3247 2913; x_wconf 87' lang='lat'><strong>&#39;0</strong></span> <span class='ocrx_word' id='word_1_506' title='bbox 3303 2862 3522 2935; x_wconf 75' lang='grc' dir='ltr'>ἀπαθὴς</span> <span class='ocrx_word' id='word_1_507' title='bbox 3582 2868 3815 2937; x_wconf 46' lang='lat' dir='ltr'><strong>«an?»</strong></span> 
     </span>
    </p>
   </div>
   <div class='ocr_carea' id='block_1_67' title="bbox 2227 2951 3817 3023">
    <p class='ocr_par' dir='ltr' id='par_1_67' title="bbox 2227 2951 3817 3023">
     <span class='ocr_line' id='line_1_67' title="bbox 2227 2951 3817 3023; baseline 0.003 -16"><span class='ocrx_word' id='word_1_508' title='bbox 2227 2952 2532 3008; x_wconf 77' lang='grc' dir='ltr'>ἐθελούσιον</span> <span class='ocrx_word' id='word_1_509' title='bbox 2579 2951 2840 3021; x_wconf 81' lang='grc' dir='ltr'>ὑπέμεινε</span> <span class='ocrx_word' id='word_1_510' title='bbox 2882 2951 2948 3004; x_wconf 79' lang='grc' dir='ltr'>δι’</span> <span class='ocrx_word' id='word_1_511' title='bbox 2984 2953 3162 3021; x_wconf 73' lang='grc' dir='ltr'>ἡμᾶς·</span> <span class='ocrx_word' id='word_1_512' title='bbox 3207 2955 3270 3006; x_wconf 83' lang='grc' dir='ltr'>τὸ</span> <span class='ocrx_word' id='word_1_513' title='bbox 3302 2954 3417 3023; x_wconf 82' lang='grc' dir='ltr'><strong>φῶς</strong></span> <span class='ocrx_word' id='word_1_514' title='bbox 3449 2955 3512 3008; x_wconf 84' lang='grc' dir='ltr'><strong>τὸ</strong></span> <span class='ocrx_word' id='word_1_515' title='bbox 3546 2956 3817 3011; x_wconf 75' lang='grc' dir='ltr'>ἀθάνατον</span> 
     </span>
    </p>
   </div>
   <div class='ocr_carea' id='block_1_68' title="bbox 2228 3042 3815 3119">
    <p class='ocr_par' dir='ltr' id='par_1_68' title="bbox 2228 3042 3815 3119">
     <span class='ocr_line' id='line_1_68' title="bbox 2228 3042 3815 3119; baseline 0.004 -22"><span class='ocrx_word' id='word_1_516' title='bbox 2228 3045 2441 3114; x_wconf 82' lang='grc' dir='ltr'>θανάτῳ</span> <span class='ocrx_word' id='word_1_517' title='bbox 2476 3045 2666 3096; x_wconf 77' lang='grc' dir='ltr'>ἑαυτὸν</span> <span class='ocrx_word' id='word_1_518' title='bbox 2706 3042 2992 3106; x_wconf 74' lang='grc' dir='ltr'>ἐκδέδωκε,</span> <span class='ocrx_word' id='word_1_519' title='bbox 3031 3042 3244 3114; x_wconf 86' lang='grc' dir='ltr'>θανάτῳ</span> <span class='ocrx_word' id='word_1_520' title='bbox 3281 3045 3337 3097; x_wconf 80' lang='grc' dir='ltr'>δὲ</span> <span class='ocrx_word' id='word_1_521' title='bbox 3372 3048 3716 3119; x_wconf 81' lang='grc' dir='ltr'>σταυροῦ.’0</span> <span class='ocrx_word' id='word_1_522' title='bbox 3744 3052 3815 3103; x_wconf 80' lang='grc' dir='ltr'>ὦν</span> 
     </span>
    </p>
   </div>
   <div class='ocr_carea' id='block_1_69' title="bbox 2229 3134 3816 3211">
    <p class='ocr_par' dir='ltr' id='par_1_69' title="bbox 2229 3134 3816 3211">
     <span class='ocr_line' id='line_1_69' title="bbox 2229 3134 3816 3211; baseline -0.001 -17"><span class='ocrx_word' id='word_1_523' title='bbox 2229 3140 2285 3193; x_wconf 78' lang='grc' dir='ltr'><strong>ἐν</strong></span> <span class='ocrx_word' id='word_1_524' title='bbox 2315 3137 2393 3208; x_wconf 78' lang='grc' dir='ltr'><strong>τῷ</strong></span> <span class='ocrx_word' id='word_1_525' title='bbox 2420 3137 2604 3207; x_wconf 84' lang='grc' dir='ltr'>κόλπῳ</span> <span class='ocrx_word' id='word_1_526' title='bbox 2630 3134 2724 3189; x_wconf 88' lang='grc' dir='ltr'><strong>τοῦ</strong></span> <span class='ocrx_word' id='word_1_527' title='bbox 2753 3136 2985 3205; x_wconf 75' lang='grc' dir='ltr'>Πατρὸς,</span> <span class='ocrx_word' id='word_1_528' title='bbox 3013 3135 3278 3207; x_wconf 67' lang='grc' dir='ltr'>ἀνάληψιν</span> <span class='ocrx_word' id='word_1_529' title='bbox 3306 3136 3573 3208; x_wconf 78' lang='grc' dir='ltr'>ὑπέμεινε</span> <span class='ocrx_word' id='word_1_530' title='bbox 3610 3141 3699 3194; x_wconf 71' lang='grc' dir='ltr'><strong>διά</strong></span> <span class='ocrx_word' id='word_1_531' title='bbox 3725 3146 3816 3211; x_wconf 74' lang='grc' dir='ltr'>τῆς</span> 
     </span>
    </p>
   </div>
   <div class='ocr_carea' id='block_1_70' title="bbox 2238 3229 3818 3302">
    <p class='ocr_par' dir='ltr' id='par_1_70' title="bbox 2238 3229 3818 3302">
     <span class='ocr_line' id='line_1_70' title="bbox 2238 3229 3818 3302; baseline 0.002 -17"><span class='ocrx_word' id='word_1_532' title='bbox 2238 3232 2374 3294; x_wconf 81' lang='grc' dir='ltr'>ἰδίας</span> <span class='ocrx_word' id='word_1_533' title='bbox 2408 3230 2630 3300; x_wconf 82' lang='grc' dir='ltr'>σαρκός.</span> <span class='ocrx_word' id='word_1_534' title='bbox 2660 3229 2798 3293; x_wconf 78' lang='grc' dir='ltr'>Τοὺς</span> <span class='ocrx_word' id='word_1_535' title='bbox 2843 3229 2899 3282; x_wconf 74' lang='grc' dir='ltr'>δὲ</span> <span class='ocrx_word' id='word_1_536' title='bbox 2930 3229 3207 3298; x_wconf 83' lang='grc' dir='ltr'>λέγοντας,</span> <span class='ocrx_word' id='word_1_537' title='bbox 3239 3230 3527 3302; x_wconf 79' lang='grc' dir='ltr'>ἄνθρωπόν</span> <span class='ocrx_word' id='word_1_538' title='bbox 3560 3251 3688 3287; x_wconf 80' lang='grc' dir='ltr'>τινα</span> <span class='ocrx_word' id='word_1_539' title='bbox 3714 3237 3818 3288; x_wconf 81' lang='grc' dir='ltr'><strong>τῶν</strong></span> 
     </span>
    </p>
   </div>
   <div class='ocr_carea' id='block_1_71' title="bbox 2229 3321 3817 3396">
    <p class='ocr_par' dir='ltr' id='par_1_71' title="bbox 2229 3321 3817 3396">
     <span class='ocr_line' id='line_1_71' title="bbox 2229 3321 3817 3396; baseline 0 -18"><span class='ocrx_word' id='word_1_540' title='bbox 2229 3326 2349 3381; x_wconf 79' lang='grc' dir='ltr'>καθ’</span> <span class='ocrx_word' id='word_1_541' title='bbox 2370 3326 2516 3396; x_wconf 79' lang='grc' dir='ltr'>ἡμᾶς</span> <span class='ocrx_word' id='word_1_542' title='bbox 2540 3322 2888 3391; x_wconf 81' lang='grc' dir='ltr'>ἀνειληφέναι</span> <span class='ocrx_word' id='word_1_543' title='bbox 2913 3321 3001 3375; x_wconf 76' lang='grc' dir='ltr'>τὸν</span> <span class='ocrx_word' id='word_1_544' title='bbox 3024 3322 3154 3373; x_wconf 80' lang='grc' dir='ltr'>Θεὸν</span> <span class='ocrx_word' id='word_1_545' title='bbox 3176 3323 3368 3390; x_wconf 67' lang='grc' dir='ltr'>Λόγον,</span> <span class='ocrx_word' id='word_1_546' title='bbox 3390 3325 3486 3377; x_wconf 77' lang='grc' dir='ltr'><strong>καὶ</strong></span> <span class='ocrx_word' id='word_1_547' title='bbox 3512 3327 3592 3395; x_wconf 80' lang='grc' dir='ltr'>μὴ</span> <span class='ocrx_word' id='word_1_548' title='bbox 3616 3327 3817 3394; x_wconf 68' lang='grc' dir='ltr'>μᾶλλον</span> 
     </span>
    </p>
   </div>
   <div class='ocr_carea' id='block_1_72' title="bbox 2228 3414 3818 3489">
    <p class='ocr_par' dir='ltr' id='par_1_72' title="bbox 2228 3414 3818 3489">
     <span class='ocr_line' id='line_1_72' title="bbox 2228 3414 3818 3489; baseline -0.001 -16"><span class='ocrx_word' id='word_1_549' title='bbox 2228 3419 2395 3474; x_wconf 76' lang='grc' dir='ltr'>αὐτὸν</span> <span class='ocrx_word' id='word_1_550' title='bbox 2426 3415 2518 3469; x_wconf 83' lang='grc' dir='ltr'>τὸν</span> <span class='ocrx_word' id='word_1_551' title='bbox 2548 3415 2677 3467; x_wconf 80' lang='grc' dir='ltr'>Υίὺν</span> <span class='ocrx_word' id='word_1_552' title='bbox 2712 3415 2801 3467; x_wconf 78' lang='grc' dir='ltr'><strong>τὸν</strong></span> <span class='ocrx_word' id='word_1_553' title='bbox 2838 3414 3206 3468; x_wconf 84' lang='grc' dir='ltr'>ἐνυπόστατόν</span> <span class='ocrx_word' id='word_1_554' title='bbox 3233 3431 3295 3469; x_wconf 82' lang='grc' dir='ltr'><strong>τε</strong></span> <span class='ocrx_word' id='word_1_555' title='bbox 3328 3418 3421 3469; x_wconf 71' lang='grc' dir='ltr'><strong>καὶ</strong></span> <span class='ocrx_word' id='word_1_556' title='bbox 3450 3418 3657 3489; x_wconf 76' lang='grc' dir='ltr'>ἐνεργῆ</span> <span class='ocrx_word' id='word_1_557' title='bbox 3679 3459 3694 3481; x_wconf 85' lang='grc'><strong>,</strong></span> <span class='ocrx_word' id='word_1_558' title='bbox 3729 3422 3818 3471; x_wconf 73' lang='grc' dir='ltr'><strong>καὶ</strong></span> 
     </span>
    </p>
   </div>
   <div class='ocr_carea' id='block_1_73' title="bbox 2230 3506 3819 3579">
    <p class='ocr_par' dir='ltr' id='par_1_73' title="bbox 2230 3506 3819 3579">
     <span class='ocr_line' id='line_1_73' title="bbox 2230 3506 3819 3579; baseline -0.001 -16"><span class='ocrx_word' id='word_1_559' title='bbox 2230 3511 2429 3576; x_wconf 84' lang='grc' dir='ltr'>ζῶντα,</span> <span class='ocrx_word' id='word_1_560' title='bbox 2462 3507 2717 3577; x_wconf 81' lang='grc' dir='ltr'>γενέσθαι</span> <span class='ocrx_word' id='word_1_561' title='bbox 2764 3506 3052 3576; x_wconf 81' lang='grc' dir='ltr'>ἄνθρωπον</span> <span class='ocrx_word' id='word_1_562' title='bbox 3101 3508 3193 3559; x_wconf 75' lang='grc' dir='ltr'><strong>καὶ</strong></span> <span class='ocrx_word' id='word_1_563' title='bbox 3247 3510 3311 3560; x_wconf 85' lang='grc' dir='ltr'><strong>ἐν</strong></span> <span class='ocrx_word' id='word_1_564' title='bbox 3359 3511 3475 3571; x_wconf 75' lang='grc' dir='ltr'>τοῖς</span> <span class='ocrx_word' id='word_1_565' title='bbox 3511 3510 3641 3563; x_wconf 75' lang='grc' dir='ltr'>καθ’</span> <span class='ocrx_word' id='word_1_566' title='bbox 3674 3512 3819 3579; x_wconf 67' lang='grc' dir='ltr'>ἡμᾶς</span> 
     </span>
    </p>
   </div>
   <div class='ocr_carea' id='block_1_74' title="bbox 2228 3594 3819 3672">
    <p class='ocr_par' dir='ltr' id='par_1_74' title="bbox 2228 3594 3819 3672">
     <span class='ocr_line' id='line_1_74' title="bbox 2228 3594 3819 3672; baseline 0.001 -21"><span class='ocrx_word' id='word_1_567' title='bbox 2228 3597 2585 3667; x_wconf 81' lang='grc' dir='ltr'>οἰκονομικῶς</span> <span class='ocrx_word' id='word_1_568' title='bbox 2612 3596 2679 3648; x_wconf 83' lang='grc' dir='ltr'>δι’</span> <span class='ocrx_word' id='word_1_569' title='bbox 2710 3597 2879 3665; x_wconf 78' lang='grc' dir='ltr'>ἡμᾶς,</span> <span class='ocrx_word' id='word_1_570' title='bbox 2915 3594 3148 3666; x_wconf 75' lang='grc' dir='ltr'>ἐξορίζει</span> <span class='ocrx_word' id='word_1_571' title='bbox 3181 3597 3212 3667; x_wconf 84' lang='grc' dir='ltr'>ή</span> <span class='ocrx_word' id='word_1_572' title='bbox 3244 3598 3375 3666; x_wconf 84' lang='grc' dir='ltr'>ἁγία</span> <span class='ocrx_word' id='word_1_573' title='bbox 3415 3600 3669 3665; x_wconf 67' lang='grc' dir='ltr'>Σῦνοδος,</span> <span class='ocrx_word' id='word_1_574' title='bbox 3698 3604 3729 3672; x_wconf 78' lang='grc' dir='ltr'><strong>ή</strong></span> <span class='ocrx_word' id='word_1_575' title='bbox 3763 3605 3819 3653; x_wconf 88' lang='grc' dir='ltr'><strong>ἐν</strong></span> 
     </span>
    </p>
   </div>
   <div class='ocr_carea' id='block_1_75' title="bbox 2228 3683 3161 3757">
    <p class='ocr_par' dir='ltr' id='par_1_75' title="bbox 2228 3683 3161 3757">
     <span class='ocr_line' id='line_1_75' title="bbox 2228 3683 3161 3757; baseline 0.001 -18"><span class='ocrx_word' id='word_1_576' title='bbox 2228 3690 2299 3757; x_wconf 76' lang='grc' dir='ltr'>τῇ</span> <span class='ocrx_word' id='word_1_577' title='bbox 2335 3685 2597 3755; x_wconf 82' lang='grc' dir='ltr'>Ἐφεσίων</span> <span class='ocrx_word' id='word_1_578' title='bbox 2623 3684 2775 3737; x_wconf 81' lang='grc' dir='ltr'>πόλει</span> <span class='ocrx_word' id='word_1_579' title='bbox 2800 3683 3161 3753; x_wconf 81' lang='grc' dir='ltr'>γεγενημένη.</span> 
     </span>
    </p>
   </div>
   <div class='ocr_carea' id='block_1_76' title="bbox 556 3773 3821 3849">
    <p class='ocr_par' dir='ltr' id='par_1_76' title="bbox 556 3773 3821 3849">
     <span class='ocr_line' id='line_1_76' title="bbox 556 3773 3821 3849; baseline 0.002 -23"><span class='ocrx_word' id='word_1_580' title='bbox 556 3774 647 3843; x_wconf 74' lang='lat' dir='ltr'><strong>qui</strong></span> <span class='ocrx_word' id='word_1_581' title='bbox 694 3773 750 3827; x_wconf 88' lang='lat' dir='ltr'><strong>in</strong></span> <span class='ocrx_word' id='word_1_582' title='bbox 794 3774 1041 3847; x_wconf 81' lang='lat' dir='ltr'><strong>pmpria]</strong></span> <span class='ocrx_word' id='word_1_583' title='bbox 1088 3791 1316 3845; x_wconf 87' lang='lat' dir='ltr'><strong>persona</strong></span> <span class='ocrx_word' id='word_1_584' title='bbox 1366 3776 1633 3844; x_wconf 89' lang='lat' dir='ltr'><strong>subsistit,</strong></span> <span class='ocrx_word' id='word_1_585' title='bbox 1705 3778 1979 3833; x_wconf 84' lang='lat' dir='ltr'><strong>hominem</strong></span> <span class='ocrx_word' id='word_1_586' title='bbox 2031 3779 2255 3843; x_wconf 75' lang='lat' dir='ltr'><strong>factum,</strong></span> <span class='ocrx_word' id='word_1_587' title='bbox 2319 3777 2899 3849; x_wconf 85' lang='lat' dir='ltr'><strong>dispensatoriequein</strong></span> <span class='ocrx_word' id='word_1_588' title='bbox 2963 3778 3215 3833; x_wconf 83' lang='lat' dir='ltr'><strong>humanis</strong></span> <span class='ocrx_word' id='word_1_589' title='bbox 3278 3790 3502 3848; x_wconf 74' lang='lat' dir='ltr'><strong>propter</strong></span> <span class='ocrx_word' id='word_1_590' title='bbox 3556 3797 3660 3835; x_wconf 73' lang='lat' dir='ltr'><strong>nos</strong></span> <span class='ocrx_word' id='word_1_591' title='bbox 3705 3798 3821 3835; x_wconf 72' lang='lat' dir='ltr'><strong>ven-</strong></span> 
     </span>
    </p>
   </div>
   <div class='ocr_carea' id='block_1_77' title="bbox 552 3866 2750 3940">
    <p class='ocr_par' dir='ltr' id='par_1_77' title="bbox 552 3866 2750 3940">
     <span class='ocr_line' id='line_1_77' title="bbox 552 3866 2750 3940; baseline 0.001 -24"><span class='ocrx_word' id='word_1_592' title='bbox 552 3871 731 3918; x_wconf 81' lang='lat' dir='ltr'><strong>satum</strong></span> <span class='ocrx_word' id='word_1_593' title='bbox 770 3880 889 3920; x_wconf 84' lang='lat' dir='ltr'><strong>esse</strong></span> <span class='ocrx_word' id='word_1_594' title='bbox 930 3867 1270 3920; x_wconf 73' lang='lat' dir='ltr'><strong>inliciamtur-</strong></span> <span class='ocrx_word' id='word_1_595' title='bbox 1315 3866 1436 3921; x_wconf 90' lang='lat' dir='ltr'><strong>illos</strong></span> <span class='ocrx_word' id='word_1_596' title='bbox 1474 3882 1630 3921; x_wconf 89' lang='lat' dir='ltr'><strong>sacra</strong></span> <span class='ocrx_word' id='word_1_597' title='bbox 1658 3867 1912 3937; x_wconf 85' lang='lat' dir='ltr'><strong>Synodus</strong></span> <span class='ocrx_word' id='word_1_598' title='bbox 1955 3870 2222 3924; x_wconf 79' lang='lat' dir='ltr'><strong>Enhesina</strong></span> <span class='ocrx_word' id='word_1_599' title='bbox 2253 3868 2491 3940; x_wconf 79' lang='lat' dir='ltr'><strong>explodit</strong></span> <span class='ocrx_word' id='word_1_600' title='bbox 2522 3878 2578 3922; x_wconf 89' lang='lat' dir='ltr'><strong>et</strong></span> <span class='ocrx_word' id='word_1_601' title='bbox 2605 3866 2750 3930; x_wconf 89' lang='lat' dir='ltr'><strong>ejicit</strong></span> 
     </span>
    </p>
   </div>
   <div class='ocr_carea' id='block_1_78' title="bbox 1019 4002 1660 4059">
    <p class='ocr_par' dir='ltr' id='par_1_78' title="bbox 1019 4002 1660 4059">
     <span class='ocr_line' id='line_1_78' title="bbox 1019 4002 1660 4059; baseline 0.003 -2"><span class='ocrx_word' id='word_1_602' title='bbox 1019 4002 1320 4057; x_wconf 79' lang='lat' dir='ltr'><strong>Disvulatia</strong></span> <span class='ocrx_word' id='word_1_603' title='bbox 1356 4005 1422 4057; x_wconf 79' lang='lat' dir='ltr'><strong>de</strong></span> <span class='ocrx_word' id='word_1_604' title='bbox 1460 4008 1660 4059; x_wconf 81' lang='lat' dir='ltr'><strong>eodem.</strong></span> 
     </span>
    </p>
   </div>
   <div class='ocr_carea' id='block_1_79' title="bbox 629 4136 2133 4209">
    <p class='ocr_par' dir='ltr' id='par_1_79' title="bbox 629 4136 2133 4209">
     <span class='ocr_line' id='line_1_79' title="bbox 629 4136 2133 4209; baseline 0 -16"><span class='ocrx_word' id='word_1_605' title='bbox 629 4137 1006 4208; x_wconf 71' lang='lat' dir='ltr'><strong>Interrogatio.</strong></span> <span class='ocrx_word' id='word_1_606' title='bbox 1042 4136 1155 4193; x_wconf 89' lang='lat' dir='ltr'><strong>Cur</strong></span> <span class='ocrx_word' id='word_1_607' title='bbox 1181 4138 1344 4203; x_wconf 86' lang='lat' dir='ltr'><strong>Deus,</strong></span> <span class='ocrx_word' id='word_1_608' title='bbox 1374 4139 1465 4209; x_wconf 86' lang='lat' dir='ltr'><strong>qui</strong></span> <span class='ocrx_word' id='word_1_609' title='bbox 1492 4138 1879 4208; x_wconf 89' lang='lat' dir='ltr'><strong>comprehendi</strong></span> <span class='ocrx_word' id='word_1_610' title='bbox 1910 4154 2013 4192; x_wconf 89' lang='lat' dir='ltr'><strong>non</strong></span> <span class='ocrx_word' id='word_1_611' title='bbox 2042 4154 2133 4208; x_wconf 91' lang='lat' dir='ltr'><strong>po-</strong></span> 
     </span>
    </p>
   </div>
   <div class='ocr_carea' id='block_1_80' title="bbox 557 4229 2131 4299">
    <p class='ocr_par' dir='ltr' id='par_1_80' title="bbox 557 4229 2131 4299">
     <span class='ocr_line' id='line_1_80' title="bbox 557 4229 2131 4299; baseline 0 -16"><span class='ocrx_word' id='word_1_612' title='bbox 557 4238 688 4295; x_wconf 87' lang='lat' dir='ltr'><strong>test,</strong></span> <span class='ocrx_word' id='word_1_613' title='bbox 727 4230 967 4299; x_wconf 79' lang='lat' dir='ltr'><strong>virgineo</strong></span> <span class='ocrx_word' id='word_1_614' title='bbox 1007 4240 1162 4285; x_wconf 89' lang='lat' dir='ltr'><strong>utero</strong></span> <span class='ocrx_word' id='word_1_615' title='bbox 1202 4231 1628 4298; x_wconf 87' lang='lat' dir='ltr'><strong>comprehensus</strong></span> <span class='ocrx_word' id='word_1_616' title='bbox 1667 4230 1787 4286; x_wconf 81' lang='lat' dir='ltr'><strong>est?</strong></span> <span class='ocrx_word' id='word_1_617' title='bbox 1823 4229 2131 4297; x_wconf 79' lang='lat' dir='ltr'><strong>Responsio.</strong></span> 
     </span>
    </p>
   </div>
   <div class='ocr_carea' id='block_1_81' title="bbox 555 4320 2133 4390">
    <p class='ocr_par' dir='ltr' id='par_1_81' title="bbox 555 4320 2133 4390">
     <span class='ocr_line' id='line_1_81' title="bbox 555 4320 2133 4390; baseline 0.001 -16"><span class='ocrx_word' id='word_1_618' title='bbox 555 4322 696 4389; x_wconf 80' lang='lat' dir='ltr'><strong>Quia</strong></span> <span class='ocrx_word' id='word_1_619' title='bbox 736 4320 1041 4374; x_wconf 85' lang='lat' dir='ltr'><strong>mortalium</strong></span> <span class='ocrx_word' id='word_1_620' title='bbox 1082 4336 1254 4390; x_wconf 77' lang='lat' dir='ltr'><strong>genus</strong></span> <span class='ocrx_word' id='word_1_621' title='bbox 1292 4320 1579 4389; x_wconf 83' lang='lat' dir='ltr'><strong>redimere,</strong></span> <span class='ocrx_word' id='word_1_622' title='bbox 1616 4329 1671 4377; x_wconf 90' lang='lat' dir='ltr'><strong>et</strong></span> <span class='ocrx_word' id='word_1_623' title='bbox 1709 4338 1739 4376; x_wconf 94' lang='lat' dir='ltr'><strong>a</strong></span> <span class='ocrx_word' id='word_1_624' title='bbox 1780 4323 2040 4378; x_wconf 87' lang='lat' dir='ltr'><strong>servitute</strong></span> <span class='ocrx_word' id='word_1_625' title='bbox 2079 4323 2133 4375; x_wconf 78' lang='lat' dir='ltr'><strong>iu</strong></span> 
     </span>
    </p>
   </div>
   <div class='ocr_carea' id='block_1_82' title="bbox 553 4410 1393 4481">
    <p class='ocr_par' dir='ltr' id='par_1_82' title="bbox 553 4410 1393 4481">
     <span class='ocr_line' id='line_1_82' title="bbox 553 4410 1393 4481; baseline 0.001 -16"><span class='ocrx_word' id='word_1_626' title='bbox 553 4412 861 4467; x_wconf 83' lang='lat' dir='ltr'><strong>libertatem</strong></span> <span class='ocrx_word' id='word_1_627' title='bbox 891 4425 1139 4466; x_wconf 83' lang='lat' dir='ltr'><strong>asserere</strong></span> <span class='ocrx_word' id='word_1_628' title='bbox 1170 4410 1393 4481; x_wconf 90' lang='lat' dir='ltr'><strong>placuit.</strong></span> 
     </span>
    </p>
   </div>
   <div class='ocr_carea' id='block_1_83' title="bbox 627 4502 2132 4573">
    <p class='ocr_par' dir='ltr' id='par_1_83' title="bbox 627 4502 2132 4573">
     <span class='ocr_line' id='line_1_83' title="bbox 627 4502 2132 4573; baseline -0.001 -16"><span class='ocrx_word' id='word_1_629' title='bbox 627 4502 893 4573; x_wconf 72' lang='lat' dir='ltr'><strong>Interrog.</strong></span> <span class='ocrx_word' id='word_1_630' title='bbox 925 4502 1039 4558; x_wconf 86' lang='lat' dir='ltr'><strong>Cur</strong></span> <span class='ocrx_word' id='word_1_631' title='bbox 1065 4503 1218 4557; x_wconf 90' lang='lat' dir='ltr'><strong>initio</strong></span> <span class='ocrx_word' id='word_1_632' title='bbox 1258 4516 1452 4558; x_wconf 85' lang='lat' dir='ltr'><strong>carens</strong></span> <span class='ocrx_word' id='word_1_633' title='bbox 1477 4518 1544 4559; x_wconf 84' lang='lat' dir='ltr'><strong>ex</strong></span> <span class='ocrx_word' id='word_1_634' title='bbox 1571 4503 1795 4558; x_wconf 91' lang='lat' dir='ltr'><strong>muliere</strong></span> <span class='ocrx_word' id='word_1_635' title='bbox 1833 4504 1982 4558; x_wconf 82' lang='lat' dir='ltr'><strong>nasci</strong></span> <span class='ocrx_word' id='word_1_636' title='bbox 2013 4516 2132 4571; x_wconf 84' lang='lat' dir='ltr'><strong>per-</strong></span> 
     </span>
    </p>
   </div>
   <div class='ocr_carea' id='block_1_84' title="bbox 555 4593 2132 4664">
    <p class='ocr_par' dir='ltr' id='par_1_84' title="bbox 555 4593 2132 4664">
     <span class='ocr_line' id='line_1_84' title="bbox 555 4593 2132 4664; baseline 0.001 -16"><span class='ocrx_word' id='word_1_637' title='bbox 555 4595 717 4650; x_wconf 77' lang='lat' dir='ltr'><strong>tulit?</strong></span> <span class='ocrx_word' id='word_1_638' title='bbox 764 4593 925 4664; x_wconf 77' lang='lat' dir='ltr'><strong>Resp.</strong></span> <span class='ocrx_word' id='word_1_639' title='bbox 976 4593 1423 4664; x_wconf 85' lang='lat' dir='ltr'><strong>Quandoquidem</strong></span> <span class='ocrx_word' id='word_1_640' title='bbox 1477 4596 1581 4651; x_wconf 84' lang='lat' dir='ltr'><strong>sub</strong></span> <span class='ocrx_word' id='word_1_641' title='bbox 1635 4595 1920 4650; x_wconf 88' lang='lat' dir='ltr'><strong>maledicto</strong></span> <span class='ocrx_word' id='word_1_642' title='bbox 1974 4605 2132 4649; x_wconf 88' lang='lat' dir='ltr'><strong>erant</strong></span> 
     </span>
    </p>
   </div>
   <div class='ocr_carea' id='block_1_85' title="bbox 550 4690 2131 4763">
    <p class='ocr_par' dir='ltr' id='par_1_85' title="bbox 550 4690 2131 4763">
     <span class='ocr_line' id='line_1_85' title="bbox 550 4690 2131 4763; baseline 0.001 -20"><span class='ocrx_word' id='word_1_643' title='bbox 550 4704 744 4746; x_wconf 86' lang='lat' dir='ltr'><strong>omnes</strong></span> <span class='ocrx_word' id='word_1_644' title='bbox 778 4690 1027 4745; x_wconf 82' lang='lat' dir='ltr'><strong>homines</strong></span> <span class='ocrx_word' id='word_1_645' title='bbox 1061 4691 1250 4760; x_wconf 13' lang='lat' dir='ltr'><strong>(eratut</strong></span> <span class='ocrx_word' id='word_1_646' title='bbox 1286 4691 1430 4747; x_wconf 77' lang='lat' dir='ltr'><strong>enim</strong></span> <span class='ocrx_word' id='word_1_647' title='bbox 1467 4693 1568 4746; x_wconf 80' lang='lat' dir='ltr'><strong>sub</strong></span> <span class='ocrx_word' id='word_1_648' title='bbox 1605 4693 1811 4763; x_wconf 84' lang='lat' dir='ltr'><strong>peccati</strong></span> <span class='ocrx_word' id='word_1_649' title='bbox 1846 4691 2008 4762; x_wconf 79' lang='lat'><strong>803</strong></span> <span class='ocrx_word' id='word_1_650' title='bbox 2049 4707 2131 4744; x_wconf 86' lang='lat' dir='ltr'><strong>re-</strong></span> 
     </span>
    </p>
   </div>
   <div class='ocr_carea' id='block_1_86' title="bbox 552 4781 2126 4852">
    <p class='ocr_par' dir='ltr' id='par_1_86' title="bbox 552 4781 2126 4852">
     <span class='ocr_line' id='line_1_86' title="bbox 552 4781 2126 4852; baseline 0.001 -17"><span class='ocrx_word' id='word_1_651' title='bbox 552 4781 705 4852; x_wconf 68' lang='lat' dir='ltr'><strong>gno),</strong></span> <span class='ocrx_word' id='word_1_652' title='bbox 738 4782 860 4837; x_wconf 90' lang='lat' dir='ltr'><strong>ideo</strong></span> <span class='ocrx_word' id='word_1_653' title='bbox 891 4782 944 4836; x_wconf 90' lang='lat' dir='ltr'><strong>in</strong></span> <span class='ocrx_word' id='word_1_654' title='bbox 970 4790 1178 4837; x_wconf 73' lang='lat' dir='ltr'><strong>natum</strong></span> <span class='ocrx_word' id='word_1_655' title='bbox 1208 4782 1362 4837; x_wconf 86' lang='lat' dir='ltr'><strong>initia</strong></span> <span class='ocrx_word' id='word_1_656' title='bbox 1390 4783 1592 4839; x_wconf 81' lang='lat' dir='ltr'><strong>relatus</strong></span> <span class='ocrx_word' id='word_1_657' title='bbox 1623 4793 1707 4840; x_wconf 90' lang='lat' dir='ltr'><strong>est</strong></span> <span class='ocrx_word' id='word_1_658' title='bbox 1732 4801 1759 4838; x_wconf 90' lang='lat' dir='ltr'><strong>a</strong></span> <span class='ocrx_word' id='word_1_659' title='bbox 1786 4787 1941 4838; x_wconf 84' lang='lat' dir='ltr'><strong>nobis</strong></span> <span class='ocrx_word' id='word_1_660' title='bbox 1975 4785 2126 4852; x_wconf 86' lang='lat' dir='ltr'><strong>ipsis,</strong></span> 
     </span>
    </p>
   </div>
   <div class='ocr_carea' id='block_1_87' title="bbox 552 4875 2129 4945">
    <p class='ocr_par' dir='ltr' id='par_1_87' title="bbox 552 4875 2129 4945">
     <span class='ocr_line' id='line_1_87' title="bbox 552 4875 2129 4945; baseline 0.001 -18"><span class='ocrx_word' id='word_1_661' title='bbox 552 4880 618 4927; x_wconf 72' lang='lat' dir='ltr'><strong>ut</strong></span> <span class='ocrx_word' id='word_1_662' title='bbox 667 4881 725 4928; x_wconf 87' lang='lat' dir='ltr'><strong>et</strong></span> <span class='ocrx_word' id='word_1_663' title='bbox 769 4882 1120 4944; x_wconf 78' lang='lat' dir='ltr'><strong>cognatorum</strong></span> <span class='ocrx_word' id='word_1_664' title='bbox 1169 4875 1540 4941; x_wconf 79' lang='lat' dir='ltr'><strong>nativitatem,</strong></span> <span class='ocrx_word' id='word_1_665' title='bbox 1588 4883 1644 4931; x_wconf 90' lang='lat' dir='ltr'><strong>et</strong></span> <span class='ocrx_word' id='word_1_666' title='bbox 1690 4876 1869 4945; x_wconf 87' lang='lat' dir='ltr'><strong>ipsum</strong></span> <span class='ocrx_word' id='word_1_667' title='bbox 1920 4883 2129 4929; x_wconf 89' lang='lat' dir='ltr'><strong>uterum</strong></span> 
     </span>
    </p>
   </div>
   <div class='ocr_carea' id='block_1_88' title="bbox 554 4964 942 5022">
    <p class='ocr_par' dir='ltr' id='par_1_88' title="bbox 554 4964 942 5022">
     <span class='ocr_line' id='line_1_88' title="bbox 554 4964 942 5022; baseline 0 0"><span class='ocrx_word' id='word_1_668' title='bbox 554 4964 942 5022; x_wconf 79' lang='lat' dir='ltr'><strong>sanctiﬁcaret.</strong></span> 
     </span>
    </p>
   </div>
   <div class='ocr_carea' id='block_1_89' title="bbox 627 5057 2131 5128">
    <p class='ocr_par' dir='ltr' id='par_1_89' title="bbox 627 5057 2131 5128">
     <span class='ocr_line' id='line_1_89' title="bbox 627 5057 2131 5128; baseline 0.002 -16"><span class='ocrx_word' id='word_1_669' title='bbox 627 5057 894 5128; x_wconf 77' lang='lat' dir='ltr'><strong>lnterrog.</strong></span> <span class='ocrx_word' id='word_1_670' title='bbox 934 5058 1045 5114; x_wconf 85' lang='lat' dir='ltr'><strong>Cur</strong></span> <span class='ocrx_word' id='word_1_671' title='bbox 1070 5058 1403 5116; x_wconf 84' lang='lat' dir='ltr'><strong>inalterabile</strong></span> <span class='ocrx_word' id='word_1_672' title='bbox 1433 5070 1489 5116; x_wconf 91' lang='lat' dir='ltr'><strong>et</strong></span> <span class='ocrx_word' id='word_1_673' title='bbox 1514 5060 1854 5117; x_wconf 85' lang='lat' dir='ltr'><strong>immutabile</strong></span> <span class='ocrx_word' id='word_1_674' title='bbox 1882 5061 1975 5116; x_wconf 89' lang='lat' dir='ltr'><strong>Dei</strong></span> <span class='ocrx_word' id='word_1_675' title='bbox 1997 5060 2131 5116; x_wconf 80' lang='lat' dir='ltr'><strong>Ver-</strong></span> 
     </span>
    </p>
   </div>
   <div class='ocr_carea' id='block_1_90' title="bbox 557 5149 2129 5223">
    <p class='ocr_par' dir='ltr' id='par_1_90' title="bbox 557 5149 2129 5223">
     <span class='ocr_line' id='line_1_90' title="bbox 557 5149 2129 5223; baseline 0.001 -20"><span class='ocrx_word' id='word_1_676' title='bbox 557 5149 686 5204; x_wconf 80' lang='lat' dir='ltr'><strong>bum</strong></span> <span class='ocrx_word' id='word_1_677' title='bbox 727 5151 866 5204; x_wconf 83' lang='lat' dir='ltr'><strong>inter</strong></span> <span class='ocrx_word' id='word_1_678' title='bbox 908 5150 1156 5206; x_wconf 83' lang='lat' dir='ltr'><strong>homines</strong></span> <span class='ocrx_word' id='word_1_679' title='bbox 1195 5161 1589 5223; x_wconf 88' lang='lat' dir='ltr'><strong>computatum,</strong></span> <span class='ocrx_word' id='word_1_680' title='bbox 1633 5161 1689 5208; x_wconf 89' lang='lat' dir='ltr'><strong>et</strong></span> <span class='ocrx_word' id='word_1_681' title='bbox 1730 5154 1891 5208; x_wconf 85' lang='lat' dir='ltr'><strong>homo</strong></span> <span class='ocrx_word' id='word_1_682' title='bbox 1930 5153 2129 5208; x_wconf 76' lang='lat' dir='ltr'><strong>factum</strong></span> 
     </span>
    </p>
   </div>
   <div class='ocr_carea' id='block_1_91' title="bbox 553 5239 2130 5315">
    <p class='ocr_par' dir='ltr' id='par_1_91' title="bbox 553 5239 2130 5315">
     <span class='ocr_line' id='line_1_91' title="bbox 553 5239 2130 5315; baseline 0.004 -21"><span class='ocrx_word' id='word_1_683' title='bbox 553 5240 676 5294; x_wconf 76' lang='lat' dir='ltr'><strong>est?</strong></span> <span class='ocrx_word' id='word_1_684' title='bbox 701 5239 858 5311; x_wconf 74' lang='lat' dir='ltr'><strong>Resp.</strong></span> <span class='ocrx_word' id='word_1_685' title='bbox 881 5239 965 5297; x_wconf 89' lang='lat' dir='ltr'><strong>Ob</strong></span> <span class='ocrx_word' id='word_1_686' title='bbox 993 5243 1045 5296; x_wconf 90' lang='lat' dir='ltr'><strong>id</strong></span> <span class='ocrx_word' id='word_1_687' title='bbox 1075 5244 1168 5298; x_wconf 90' lang='lat' dir='ltr'><strong>Dei</strong></span> <span class='ocrx_word' id='word_1_688' title='bbox 1188 5242 1369 5299; x_wconf 85' lang='lat' dir='ltr'><strong>Verbo</strong></span> <span class='ocrx_word' id='word_1_689' title='bbox 1395 5244 1759 5315; x_wconf 84' lang='lat' dir='ltr'><strong>dispensative</strong></span> <span class='ocrx_word' id='word_1_690' title='bbox 1786 5255 2007 5315; x_wconf 86' lang='lat' dir='ltr'><strong>propter</strong></span> <span class='ocrx_word' id='word_1_691' title='bbox 2028 5260 2130 5301; x_wconf 86' lang='lat' dir='ltr'><strong>nos</strong></span> 
     </span>
    </p>
   </div>
   <div class='ocr_carea' id='block_1_92' title="bbox 555 5330 2130 5405">
    <p class='ocr_par' dir='ltr' id='par_1_92' title="bbox 555 5330 2130 5405">
     <span class='ocr_line' id='line_1_92' title="bbox 555 5330 2130 5405; baseline 0.004 -22"><span class='ocrx_word' id='word_1_692' title='bbox 555 5330 615 5383; x_wconf 80' lang='lat' dir='ltr'><strong>in</strong></span> <span class='ocrx_word' id='word_1_693' title='bbox 648 5330 897 5386; x_wconf 87' lang='lat' dir='ltr'><strong>humanis</strong></span> <span class='ocrx_word' id='word_1_694' title='bbox 922 5333 1166 5400; x_wconf 85' lang='lat' dir='ltr'><strong>versari,</strong></span> <span class='ocrx_word' id='word_1_695' title='bbox 1200 5334 1461 5401; x_wconf 83' lang='lat' dir='ltr'><strong>nobisque</strong></span> <span class='ocrx_word' id='word_1_696' title='bbox 1493 5349 1586 5403; x_wconf 90' lang='lat' dir='ltr'><strong>per</strong></span> <span class='ocrx_word' id='word_1_697' title='bbox 1614 5335 1827 5399; x_wconf 89' lang='lat' dir='ltr'><strong>omnia,</strong></span> <span class='ocrx_word' id='word_1_698' title='bbox 1860 5334 1976 5391; x_wconf 90' lang='lat' dir='ltr'><strong>solo</strong></span> <span class='ocrx_word' id='word_1_699' title='bbox 2002 5349 2130 5405; x_wconf 83' lang='lat' dir='ltr'><strong>pec-</strong></span> 
     </span>
    </p>
   </div>
   <div class='ocr_carea' id='block_1_93' title="bbox 557 5423 2133 5497">
    <p class='ocr_par' dir='ltr' id='par_1_93' title="bbox 557 5423 2133 5497">
     <span class='ocr_line' id='line_1_93' title="bbox 557 5423 2133 5497; baseline 0.005 -23"><span class='ocrx_word' id='word_1_700' title='bbox 557 5430 685 5475; x_wconf 85' lang='lat' dir='ltr'><strong>cato</strong></span> <span class='ocrx_word' id='word_1_701' title='bbox 712 5430 960 5492; x_wconf 81' lang='lat' dir='ltr'><strong>excepto,</strong></span> <span class='ocrx_word' id='word_1_702' title='bbox 994 5423 1280 5479; x_wconf 84' lang='lat' dir='ltr'><strong>assimilari</strong></span> <span class='ocrx_word' id='word_1_703' title='bbox 1312 5425 1529 5495; x_wconf 88' lang='lat' dir='ltr'><strong>placuit,</strong></span> <span class='ocrx_word' id='word_1_704' title='bbox 1562 5425 1687 5496; x_wconf 87' lang='lat' dir='ltr'><strong>quia</strong></span> <span class='ocrx_word' id='word_1_705' title='bbox 1720 5428 2009 5482; x_wconf 82' lang='lat' dir='ltr'><strong>humanum</strong></span> <span class='ocrx_word' id='word_1_706' title='bbox 2039 5442 2133 5497; x_wconf 79' lang='lat' dir='ltr'><strong>ge-</strong></span> 
     </span>
    </p>
   </div>
   <div class='ocr_carea' id='block_1_94' title="bbox 560 5514 1129 5572">
    <p class='ocr_par' dir='ltr' id='par_1_94' title="bbox 560 5514 1129 5572">
     <span class='ocr_line' id='line_1_94' title="bbox 560 5514 1129 5572; baseline 0.012 -9"><span class='ocrx_word' id='word_1_707' title='bbox 560 5526 668 5566; x_wconf 80' lang='lat' dir='ltr'><strong>nus</strong></span> <span class='ocrx_word' id='word_1_708' title='bbox 696 5514 910 5570; x_wconf 85' lang='lat' dir='ltr'><strong>salvare</strong></span> <span class='ocrx_word' id='word_1_709' title='bbox 937 5515 1129 5572; x_wconf 82' lang='lat' dir='ltr'><strong>voluit.</strong></span> 
     </span>
    </p>
   </div>
   <div class='ocr_carea' id='block_1_95' title="bbox 639 5688 2705 5763">
    <p class='ocr_par' dir='ltr' id='par_1_95' title="bbox 639 5688 2705 5763">
     <span class='ocr_line' id='line_1_95' title="bbox 639 5688 2705 5763; baseline 0.007 -23"><span class='ocrx_word' id='word_1_710' title='bbox 639 5689 661 5719; x_wconf 83' lang='grc'><strong>⁸</strong></span> <span class='ocrx_word' id='word_1_711' title='bbox 695 5688 875 5763; x_wconf 74' lang='lat' dir='ltr'><strong>Ilarc._</strong></span> <span class='ocrx_word' id='word_1_712' title='bbox 899 5706 972 5753; x_wconf 88' lang='lat' dir='ltr'><strong>tv,</strong></span> <span class='ocrx_word' id='word_1_713' title='bbox 991 5691 1082 5747; x_wconf 76' lang='lat'><strong>38.</strong></span> <span class='ocrx_word' id='word_1_714' title='bbox 1151 5693 1173 5725; x_wconf 68' lang='lat'><strong>‘</strong></span> <span class='ocrx_word' id='word_1_715' title='bbox 1201 5693 1355 5751; x_wconf 84' lang='lat' dir='ltr'><strong>Joan.</strong></span> <span class='ocrx_word' id='word_1_716' title='bbox 1393 5710 1464 5763; x_wconf 86' lang='lat' dir='ltr'><strong>tv,</strong></span> <span class='ocrx_word' id='word_1_717' title='bbox 1494 5695 1546 5750; x_wconf 85' lang='lat'><strong>6.</strong></span> <span class='ocrx_word' id='word_1_718' title='bbox 1625 5698 1644 5729; x_wconf 82' lang='grc'>⁸</span> <span class='ocrx_word' id='word_1_719' title='bbox 1687 5698 1883 5752; x_wconf 76' lang='lat' dir='ltr'><strong>Matth.</strong></span> <span class='ocrx_word' id='word_1_720' title='bbox 1926 5713 2034 5762; x_wconf 75' lang='lat' dir='ltr'><strong>xw,</strong></span> <span class='ocrx_word' id='word_1_721' title='bbox 2073 5697 2159 5751; x_wconf 65' lang='lat'><strong>25.</strong></span> <span class='ocrx_word' id='word_1_722' title='bbox 2239 5698 2259 5728; x_wconf 86' lang='grc'>⁶</span> <span class='ocrx_word' id='word_1_723' title='bbox 2296 5698 2522 5753; x_wconf 83' lang='lat' dir='ltr'><strong>l’hilinn.</strong></span> <span class='ocrx_word' id='word_1_724' title='bbox 2555 5712 2616 5763; x_wconf 90' lang='lat' dir='ltr'><strong>tt,</strong></span> <span class='ocrx_word' id='word_1_725' title='bbox 2652 5697 2705 5754; x_wconf 87' lang='lat'><strong>7.</strong></span> 
     </span>
    </p>
   </div>
   <div class='ocr_carea' id='block_1_96' title="bbox 562 5758 1167 5827">
    <p class='ocr_par' dir='ltr' id='par_1_96' title="bbox 562 5758 1167 5827">
     <span class='ocr_line' id='line_1_96' title="bbox 562 5758 1167 5827; baseline 0.002 -12"><span class='ocrx_word' id='word_1_726' title='bbox 562 5758 655 5815; x_wconf 66' lang='grc'><strong>34.</strong></span> <span class='ocrx_word' id='word_1_727' title='bbox 731 5761 750 5791; x_wconf 88' lang='grc'><strong>⁹</strong></span> <span class='ocrx_word' id='word_1_728' title='bbox 783 5758 945 5815; x_wconf 79' lang='lat' dir='ltr'><strong>llebr.</strong></span> <span class='ocrx_word' id='word_1_729' title='bbox 975 5776 1049 5827; x_wconf 84' lang='lat' dir='ltr'><strong>tv,</strong></span> <span class='ocrx_word' id='word_1_730' title='bbox 1082 5764 1167 5817; x_wconf 65' lang='grc' dir='ltr'><strong>ιε.</strong></span> 
     </span>
    </p>
   </div>
   <div class='ocr_carea' id='block_1_97' title="bbox 2584 4004 3455 4075">
    <p class='ocr_par' dir='ltr' id='par_1_97' title="bbox 2584 4004 3455 4075">
     <span class='ocr_line' id='line_1_97' title="bbox 2584 4004 3455 4075; baseline 0.005 -16"><span class='ocrx_word' id='word_1_731' title='bbox 2584 4004 2904 4074; x_wconf 59' lang='grc' dir='ltr'>Σιεζόξτησις</span> <span class='ocrx_word' id='word_1_732' title='bbox 2941 4007 3071 4075; x_wconf 79' lang='grc' dir='ltr'>περὶ</span> <span class='ocrx_word' id='word_1_733' title='bbox 3111 4007 3213 4062; x_wconf 85' lang='grc' dir='ltr'><strong>τοῦ</strong></span> <span class='ocrx_word' id='word_1_734' title='bbox 3248 4008 3455 4063; x_wconf 68' lang='grc' dir='ltr'>αὑτοῦ.</span> 
     </span>
    </p>
   </div>
   <div class='ocr_carea' id='block_1_98' title="bbox 2312 4141 3817 4219">
    <p class='ocr_par' dir='ltr' id='par_1_98' title="bbox 2312 4141 3817 4219">
     <span class='ocr_line' id='line_1_98' title="bbox 2312 4141 3817 4219; baseline 0.004 -22"><span class='ocrx_word' id='word_1_735' title='bbox 2312 4143 2652 4212; x_wconf 82' lang='grc' dir='ltr'>Ἐρώτησις.</span> <span class='ocrx_word' id='word_1_736' title='bbox 2698 4142 2822 4206; x_wconf 83' lang='grc' dir='ltr'>Πῶς</span> <span class='ocrx_word' id='word_1_737' title='bbox 2852 4145 2881 4197; x_wconf 88' lang='grc' dir='ltr'><strong>ὁ</strong></span> <span class='ocrx_word' id='word_1_738' title='bbox 2908 4141 3041 4206; x_wconf 78' lang='grc' dir='ltr'>Θεὸς</span> <span class='ocrx_word' id='word_1_739' title='bbox 3066 4144 3095 4195; x_wconf 89' lang='grc' dir='ltr'><strong>ὁ</strong></span> <span class='ocrx_word' id='word_1_740' title='bbox 3128 4142 3413 4216; x_wconf 84' lang='grc' dir='ltr'>ἀχώρητος</span> <span class='ocrx_word' id='word_1_741' title='bbox 3458 4148 3721 4219; x_wconf 72' lang='grc' dir='ltr'>ἐχωρήθη</span> <span class='ocrx_word' id='word_1_742' title='bbox 3758 4153 3817 4205; x_wconf 79' lang='grc' dir='ltr'><strong>ἐν</strong></span> 
     </span>
    </p>
   </div>
   <div class='ocr_carea' id='block_1_99' title="bbox 2231 4232 3813 4308">
    <p class='ocr_par' dir='ltr' id='par_1_99' title="bbox 2231 4232 3813 4308">
     <span class='ocr_line' id='line_1_99' title="bbox 2231 4232 3813 4308; baseline 0.006 -24"><span class='ocrx_word' id='word_1_743' title='bbox 2231 4234 2418 4304; x_wconf 80' lang='grc' dir='ltr'>μήτρᾳ</span> <span class='ocrx_word' id='word_1_744' title='bbox 2473 4232 2813 4304; x_wconf 80' lang='grc' dir='ltr'>παρθενικῇ;</span> <span class='ocrx_word' id='word_1_745' title='bbox 2888 4232 3237 4301; x_wconf 80' lang='grc' dir='ltr'>Ἀπόκρισις.</span> <span class='ocrx_word' id='word_1_746' title='bbox 3276 4236 3496 4308; x_wconf 73' lang='grc' dir='ltr'>Ἐπειδὴ</span> <span class='ocrx_word' id='word_1_747' title='bbox 3554 4240 3813 4305; x_wconf 70' lang='grc' dir='ltr'>εὐδόκησε</span> 
     </span>
    </p>
   </div>
   <div class='ocr_carea' id='block_1_100' title="bbox 2230 4323 3814 4401">
    <p class='ocr_par' dir='ltr' id='par_1_100' title="bbox 2230 4323 3814 4401">
     <span class='ocr_line' id='line_1_100' title="bbox 2230 4323 3814 4401; baseline 0.004 -24"><span class='ocrx_word' id='word_1_748' title='bbox 2230 4323 2652 4394; x_wconf 77' lang='grc' dir='ltr'>λυτρώσασθαι,</span> <span class='ocrx_word' id='word_1_749' title='bbox 2710 4326 2804 4377; x_wconf 75' lang='grc' dir='ltr'><strong>καὶ</strong></span> <span class='ocrx_word' id='word_1_750' title='bbox 2854 4323 3219 4395; x_wconf 79' lang='grc' dir='ltr'>ἐλευθερῶσαι</span> <span class='ocrx_word' id='word_1_751' title='bbox 3270 4326 3330 4379; x_wconf 83' lang='grc' dir='ltr'>τὸ</span> <span class='ocrx_word' id='word_1_752' title='bbox 3373 4328 3475 4396; x_wconf 76' lang='grc' dir='ltr'>τῆς</span> <span class='ocrx_word' id='word_1_753' title='bbox 3523 4330 3814 4401; x_wconf 75' lang='grc' dir='ltr'>ἀνθρώπου</span> 
     </span>
    </p>
   </div>
   <div class='ocr_carea' id='block_1_101' title="bbox 2234 4413 2650 4482">
    <p class='ocr_par' dir='ltr' id='par_1_101' title="bbox 2234 4413 2650 4482">
     <span class='ocr_line' id='line_1_101' title="bbox 2234 4413 2650 4482; baseline 0 -16"><span class='ocrx_word' id='word_1_754' title='bbox 2234 4413 2449 4482; x_wconf 66' lang='grc' dir='ltr'>φύσεως</span> <span class='ocrx_word' id='word_1_755' title='bbox 2474 4415 2650 4481; x_wconf 88' lang='grc' dir='ltr'>γένος.</span> 
     </span>
    </p>
   </div>
   <div class='ocr_carea' id='block_1_102' title="bbox 2332 4504 3813 4581">
    <p class='ocr_par' dir='ltr' id='par_1_102' title="bbox 2332 4504 3813 4581">
     <span class='ocr_line' id='line_1_102' title="bbox 2332 4504 3813 4581; baseline 0.004 -23"><span class='ocrx_word' id='word_1_756' title='bbox 2332 4504 2515 4572; x_wconf 69' lang='grc' dir='ltr'>Ερώτ.</span> <span class='ocrx_word' id='word_1_757' title='bbox 2556 4504 2677 4567; x_wconf 78' lang='grc' dir='ltr'>Πῶς</span> <span class='ocrx_word' id='word_1_758' title='bbox 2712 4507 2740 4560; x_wconf 92' lang='grc' dir='ltr'><strong>ὁ</strong></span> <span class='ocrx_word' id='word_1_759' title='bbox 2767 4507 3001 4577; x_wconf 71' lang='grc' dir='ltr'>ἄναρχος</span> <span class='ocrx_word' id='word_1_760' title='bbox 3022 4509 3275 4577; x_wconf 84' lang='grc' dir='ltr'>γέννησιν</span> <span class='ocrx_word' id='word_1_761' title='bbox 3304 4509 3563 4580; x_wconf 78' lang='grc' dir='ltr'>ὑπέμεινε</span> <span class='ocrx_word' id='word_1_762' title='bbox 3592 4511 3692 4581; x_wconf 73' lang='grc' dir='ltr'><strong>τὴν</strong></span> <span class='ocrx_word' id='word_1_763' title='bbox 3728 4512 3813 4564; x_wconf 71' lang='grc' dir='ltr'>διὰ</span> 
     </span>
    </p>
   </div>
   <div class='ocr_carea' id='block_1_103' title="bbox 2235 4599 3811 4674">
    <p class='ocr_par' dir='ltr' id='par_1_103' title="bbox 2235 4599 3811 4674">
     <span class='ocr_line' id='line_1_103' title="bbox 2235 4599 3811 4674; baseline 0.005 -24"><span class='ocrx_word' id='word_1_764' title='bbox 2235 4599 2525 4667; x_wconf 79' lang='grc' dir='ltr'>γυναικόςς</span> <span class='ocrx_word' id='word_1_765' title='bbox 2580 4599 2820 4667; x_wconf 72' lang='grc' dir='ltr'>Ἀπόκρ.</span> <span class='ocrx_word' id='word_1_766' title='bbox 2860 4601 3073 4671; x_wconf 72' lang='grc' dir='ltr'>Ἐπειδὴ</span> <span class='ocrx_word' id='word_1_767' title='bbox 3122 4602 3227 4654; x_wconf 76' lang='grc' dir='ltr'>ὑπὸ</span> <span class='ocrx_word' id='word_1_768' title='bbox 3277 4606 3522 4674; x_wconf 74' lang='grc' dir='ltr'>κατάραν</span> <span class='ocrx_word' id='word_1_769' title='bbox 3570 4607 3811 4673; x_wconf 80' lang='grc' dir='ltr'>ἐγεγόνει</span> 
     </span>
    </p>
   </div>
   <div class='ocr_carea' id='block_1_104' title="bbox 2235 4690 3813 4767">
    <p class='ocr_par' dir='ltr' id='par_1_104' title="bbox 2235 4690 3813 4767">
     <span class='ocr_line' id='line_1_104' title="bbox 2235 4690 3813 4767; baseline 0.003 -24"><span class='ocrx_word' id='word_1_770' title='bbox 2235 4691 2422 4744; x_wconf 81' lang='grc' dir='ltr'>λοιπὸν</span> <span class='ocrx_word' id='word_1_771' title='bbox 2470 4692 2577 4753; x_wconf 80' lang='grc' dir='ltr'><strong>πᾶς</strong></span> <span class='ocrx_word' id='word_1_772' title='bbox 2623 4690 2940 4763; x_wconf 79' lang='grc' dir='ltr'>ἄνθρωπος·</span> <span class='ocrx_word' id='word_1_773' title='bbox 2998 4691 3345 4761; x_wconf 73' lang='grc' dir='ltr'>βεδασίλευτο</span> <span class='ocrx_word' id='word_1_774' title='bbox 3395 4695 3505 4763; x_wconf 78' lang='grc' dir='ltr'><strong>γὰρ</strong></span> <span class='ocrx_word' id='word_1_775' title='bbox 3552 4697 3664 4749; x_wconf 78' lang='grc' dir='ltr'>ὑπὸ</span> <span class='ocrx_word' id='word_1_776' title='bbox 3720 4698 3813 4767; x_wconf 77' lang='grc' dir='ltr'>τῆς</span> 
     </span>
    </p>
   </div>
   <div class='ocr_carea' id='block_1_105' title="bbox 2238 4780 3809 4854">
    <p class='ocr_par' dir='ltr' id='par_1_105' title="bbox 2238 4780 3809 4854">
     <span class='ocr_line' id='line_1_105' title="bbox 2238 4780 3809 4854; baseline 0.004 -20"><span class='ocrx_word' id='word_1_777' title='bbox 2238 4783 2513 4853; x_wconf 81' lang='grc' dir='ltr'>ἁμαρτίας</span> <span class='ocrx_word' id='word_1_778' title='bbox 2536 4799 2549 4810; x_wconf 74' lang='grc' dir='ltr'><strong>ο</strong></span> <span class='ocrx_word' id='word_1_779' title='bbox 2589 4781 2677 4836; x_wconf 80' lang='grc' dir='ltr'>διὰ</span> <span class='ocrx_word' id='word_1_780' title='bbox 2707 4780 2864 4835; x_wconf 83' lang='grc' dir='ltr'>τοῦτο</span> <span class='ocrx_word' id='word_1_781' title='bbox 2894 4782 2973 4844; x_wconf 83' lang='grc' dir='ltr'><strong>είς</strong></span> <span class='ocrx_word' id='word_1_782' title='bbox 3004 4782 3179 4853; x_wconf 75' lang='grc' dir='ltr'>ἀρχὰς</span> <span class='ocrx_word' id='word_1_783' title='bbox 3204 4783 3298 4836; x_wconf 87' lang='grc' dir='ltr'><strong>τοῦ</strong></span> <span class='ocrx_word' id='word_1_784' title='bbox 3330 4780 3470 4837; x_wconf 76' lang='grc' dir='ltr'>εἶναι</span> <span class='ocrx_word' id='word_1_785' title='bbox 3496 4786 3809 4854; x_wconf 72' lang='grc' dir='ltr'>λελόγισται</span> 
     </span>
    </p>
   </div>
   <div class='ocr_carea' id='block_1_106' title="bbox 2230 4873 3814 4952">
    <p class='ocr_par' dir='ltr' id='par_1_106' title="bbox 2230 4873 3814 4952">
     <span class='ocr_line' id='line_1_106' title="bbox 2230 4873 3814 4952; baseline 0.005 -27"><span class='ocrx_word' id='word_1_786' title='bbox 2230 4874 2364 4943; x_wconf 78' lang='grc' dir='ltr'>πρὸς</span> <span class='ocrx_word' id='word_1_787' title='bbox 2382 4873 2538 4945; x_wconf 76' lang='grc' dir='ltr'><strong>ἡμῶν</strong></span> <span class='ocrx_word' id='word_1_788' title='bbox 2553 4873 2754 4938; x_wconf 76' lang='grc' dir='ltr'>αὐτῶν,</span> <span class='ocrx_word' id='word_1_789' title='bbox 2782 4874 2869 4927; x_wconf 78' lang='grc' dir='ltr'>ἵνα</span> <span class='ocrx_word' id='word_1_790' title='bbox 2892 4875 2984 4927; x_wconf 74' lang='grc' dir='ltr'>καὶ</span> <span class='ocrx_word' id='word_1_791' title='bbox 3006 4874 3105 4946; x_wconf 83' lang='grc' dir='ltr'>τὴν</span> <span class='ocrx_word' id='word_1_792' title='bbox 3124 4874 3229 4928; x_wconf 79' lang='grc' dir='ltr'>τῶν</span> <span class='ocrx_word' id='word_1_793' title='bbox 3258 4878 3534 4948; x_wconf 81' lang='grc' dir='ltr'>ὁμογενῶν</span> <span class='ocrx_word' id='word_1_794' title='bbox 3561 4880 3814 4952; x_wconf 79' lang='grc' dir='ltr'>γέννησιν</span> 
     </span>
    </p>
   </div>
   <div class='ocr_carea' id='block_1_107' title="bbox 2235 4964 2843 5036">
    <p class='ocr_par' dir='ltr' id='par_1_107' title="bbox 2235 4964 2843 5036">
     <span class='ocr_line' id='line_1_107' title="bbox 2235 4964 2843 5036; baseline 0.002 -19"><span class='ocrx_word' id='word_1_795' title='bbox 2235 4964 2331 5018; x_wconf 77' lang='grc' dir='ltr'><strong>καὶ</strong></span> <span class='ocrx_word' id='word_1_796' title='bbox 2372 4968 2584 5035; x_wconf 86' lang='grc' dir='ltr'>μήτραν</span> <span class='ocrx_word' id='word_1_797' title='bbox 2621 4964 2843 5036; x_wconf 82' lang='grc' dir='ltr'>ἁγιάσῃ.</span> 
     </span>
    </p>
   </div>
   <div class='ocr_carea' id='block_1_108' title="bbox 2322 5056 3811 5133">
    <p class='ocr_par' dir='ltr' id='par_1_108' title="bbox 2322 5056 3811 5133">
     <span class='ocr_line' id='line_1_108' title="bbox 2322 5056 3811 5133; baseline 0.004 -22"><span class='ocrx_word' id='word_1_798' title='bbox 2322 5056 2520 5123; x_wconf 82' lang='grc' dir='ltr'>Ἐρὼτ.</span> <span class='ocrx_word' id='word_1_799' title='bbox 2558 5056 2684 5120; x_wconf 83' lang='grc' dir='ltr'><strong>Πῶς</strong></span> <span class='ocrx_word' id='word_1_800' title='bbox 2731 5057 2790 5109; x_wconf 83' lang='grc' dir='ltr'><strong>ἐν</strong></span> <span class='ocrx_word' id='word_1_801' title='bbox 2836 5057 3143 5129; x_wconf 82' lang='grc' dir='ltr'>ἀνθρώποις</span> <span class='ocrx_word' id='word_1_802' title='bbox 3181 5060 3559 5133; x_wconf 77' lang='grc' dir='ltr'>κατελογίσθη,</span> <span class='ocrx_word' id='word_1_803' title='bbox 3596 5065 3692 5116; x_wconf 74' lang='grc' dir='ltr'><strong>καὶ</strong></span> <span class='ocrx_word' id='word_1_804' title='bbox 3722 5066 3811 5117; x_wconf 66' lang='grc' dir='ltr'><strong>ἄν⁹</strong></span> 
     </span>
    </p>
   </div>
   <div class='ocr_carea' id='block_1_109' title="bbox 2239 5148 3811 5221">
    <p class='ocr_par' dir='ltr' id='par_1_109' title="bbox 2239 5148 3811 5221">
     <span class='ocr_line' id='line_1_109' title="bbox 2239 5148 3811 5221; baseline 0.006 -21"><span class='ocrx_word' id='word_1_805' title='bbox 2239 5148 2456 5220; x_wconf 82' lang='grc' dir='ltr'>θρωπος</span> <span class='ocrx_word' id='word_1_806' title='bbox 2481 5150 2694 5218; x_wconf 82' lang='grc' dir='ltr'>γέγονε,</span> <span class='ocrx_word' id='word_1_807' title='bbox 2742 5150 3010 5221; x_wconf 78' lang='grc' dir='ltr'>ἄτρεπτὸς</span> <span class='ocrx_word' id='word_1_808' title='bbox 3042 5168 3099 5204; x_wconf 84' lang='grc' dir='ltr'><strong>τε</strong></span> <span class='ocrx_word' id='word_1_809' title='bbox 3128 5154 3222 5208; x_wconf 74' lang='grc' dir='ltr'><strong>καὶ</strong></span> <span class='ocrx_word' id='word_1_810' title='bbox 3256 5154 3618 5220; x_wconf 82' lang='grc' dir='ltr'>ἀναλλοίωτος</span> <span class='ocrx_word' id='word_1_811' title='bbox 3652 5160 3681 5210; x_wconf 87' lang='grc' dir='ltr'><strong>ὁ</strong></span> <span class='ocrx_word' id='word_1_812' title='bbox 3723 5158 3811 5210; x_wconf 81' lang='grc' dir='ltr'><strong>τοῦ</strong></span> 
     </span>
    </p>
   </div>
   <div class='ocr_carea' id='block_1_110' title="bbox 2238 5240 3809 5315">
    <p class='ocr_par' dir='ltr' id='par_1_110' title="bbox 2238 5240 3809 5315">
     <span class='ocr_line' id='line_1_110' title="bbox 2238 5240 3809 5315; baseline 0.007 -22"><span class='ocrx_word' id='word_1_813' title='bbox 2238 5240 2373 5293; x_wconf 86' lang='grc' dir='ltr'>Θεοῦ</span> <span class='ocrx_word' id='word_1_814' title='bbox 2428 5240 2631 5310; x_wconf 85' lang='grc' dir='ltr'>Λόγος;</span> <span class='ocrx_word' id='word_1_815' title='bbox 2694 5242 2921 5311; x_wconf 75' lang='grc' dir='ltr'>Ἀπόκρ.</span> <span class='ocrx_word' id='word_1_816' title='bbox 2972 5244 3045 5296; x_wconf 82' lang='grc' dir='ltr'><strong>Τὸ</strong></span> <span class='ocrx_word' id='word_1_817' title='bbox 3096 5244 3385 5315; x_wconf 84' lang='grc' dir='ltr'>ἀνθρώπου</span> <span class='ocrx_word' id='word_1_818' title='bbox 3430 5249 3589 5315; x_wconf 85' lang='grc' dir='ltr'>γένος</span> <span class='ocrx_word' id='word_1_819' title='bbox 3642 5252 3809 5304; x_wconf 64' lang='grc' dir='ltr'>σῶσαι</span> 
     </span>
    </p>
   </div>
   <div class='ocr_carea' id='block_1_111' title="bbox 2238 5330 3811 5414">
    <p class='ocr_par' dir='ltr' id='par_1_111' title="bbox 2238 5330 3811 5414">
     <span class='ocr_line' id='line_1_111' title="bbox 2238 5330 3811 5414; baseline 0.007 -32"><span class='ocrx_word' id='word_1_820' title='bbox 2238 5330 2578 5401; x_wconf 83' lang='grc' dir='ltr'>βουλόμενος,</span> <span class='ocrx_word' id='word_1_821' title='bbox 2611 5332 2869 5402; x_wconf 78' lang='grc' dir='ltr'>εὐδόκησε</span> <span class='ocrx_word' id='word_1_822' title='bbox 2915 5333 2982 5386; x_wconf 87' lang='grc' dir='ltr'>δι’</span> <span class='ocrx_word' id='word_1_823' title='bbox 3012 5336 3157 5404; x_wconf 78' lang='grc' dir='ltr'>ἡμᾶς</span> <span class='ocrx_word' id='word_1_824' title='bbox 3181 5339 3239 5389; x_wconf 82' lang='grc' dir='ltr'>ἐν</span> <span class='ocrx_word' id='word_1_825' title='bbox 3266 5336 3279 5406; x_wconf 67' lang='grc' dir='ltr'><strong>ί</strong></span> <span class='ocrx_word' id='word_1_826' title='bbox 3307 5338 3390 5393; x_wconf 82' lang='grc' dir='ltr'><strong>τσ.</strong></span> <span class='ocrx_word' id='word_1_827' title='bbox 3428 5340 3682 5405; x_wconf 79' lang='grc' dir='ltr'>γενέσθαι</span> <span class='ocrx_word' id='word_1_828' title='bbox 3713 5341 3811 5414; x_wconf 85' lang='grc' dir='ltr'><strong>ὲν]</strong></span> 
     </span>
    </p>
   </div>
   <div class='ocr_carea' id='block_1_112' title="bbox 2235 5422 3811 5502">
    <p class='ocr_par' dir='ltr' id='par_1_112' title="bbox 2235 5422 3811 5502">
     <span class='ocr_line' id='line_1_112' title="bbox 2235 5422 3811 5502; baseline 0.004 -25"><span class='ocrx_word' id='word_1_829' title='bbox 2235 5424 2349 5487; x_wconf 78' lang='grc' dir='ltr'>τοῖς</span> <span class='ocrx_word' id='word_1_830' title='bbox 2398 5422 2521 5477; x_wconf 88' lang='grc' dir='ltr'>καθ’</span> <span class='ocrx_word' id='word_1_831' title='bbox 2552 5425 2700 5494; x_wconf 75' lang='grc' dir='ltr'>ἡμᾶς</span> <span class='ocrx_word' id='word_1_832' title='bbox 2739 5425 3117 5497; x_wconf 84' lang='grc' dir='ltr'>οίκονομικῶς,</span> <span class='ocrx_word' id='word_1_833' title='bbox 3165 5429 3258 5480; x_wconf 77' lang='grc' dir='ltr'><strong>καὶ</strong></span> <span class='ocrx_word' id='word_1_834' title='bbox 3302 5428 3624 5498; x_wconf 76' lang='grc' dir='ltr'>ώμοιῶσθαι</span> <span class='ocrx_word' id='word_1_835' title='bbox 3684 5434 3811 5502; x_wconf 66' lang='grc' dir='ltr'>ἡμῖν</span> 
     </span>
    </p>
   </div>
   <div class='ocr_carea' id='block_1_113' title="bbox 2238 5515 3133 5588">
    <p class='ocr_par' dir='ltr' id='par_1_113' title="bbox 2238 5515 3133 5588">
     <span class='ocr_line' id='line_1_113' title="bbox 2238 5515 3133 5588; baseline -0.001 -17"><span class='ocrx_word' id='word_1_836' title='bbox 2238 5518 2379 5571; x_wconf 76' lang='grc' dir='ltr'>κατὰ</span> <span class='ocrx_word' id='word_1_837' title='bbox 2418 5516 2613 5579; x_wconf 82' lang='grc' dir='ltr'>πάντα,</span> <span class='ocrx_word' id='word_1_838' title='bbox 2655 5515 2821 5587; x_wconf 74' lang='grc' dir='ltr'>χωρὶς</span> <span class='ocrx_word' id='word_1_839' title='bbox 2860 5518 3133 5588; x_wconf 79' lang='grc' dir='ltr'>ἁμαρτίας</span> 
     </span>
    </p>
   </div>
   <div class='ocr_carea' id='block_1_114' title="bbox 2803 5694 3807 5763">
    <p class='ocr_par' dir='ltr' id='par_1_114' title="bbox 2803 5694 3807 5763">
     <span class='ocr_line' id='line_1_114' title="bbox 2803 5694 3807 5763; baseline 0.007 -15"><span class='ocrx_word' id='word_1_840' title='bbox 2803 5695 2821 5727; x_wconf 81' lang='grc'><strong>⁷</strong></span> <span class='ocrx_word' id='word_1_841' title='bbox 2864 5694 3093 5751; x_wconf 83' lang='lat' dir='ltr'><strong>Baruch.</strong></span> <span class='ocrx_word' id='word_1_842' title='bbox 3128 5712 3209 5763; x_wconf 87' lang='lat' dir='ltr'><strong>tn,</strong></span> <span class='ocrx_word' id='word_1_843' title='bbox 3244 5698 3330 5755; x_wconf 84' lang='lat'><strong>38.</strong></span> <span class='ocrx_word' id='word_1_844' title='bbox 3447 5701 3469 5730; x_wconf 84' lang='grc'>⁸</span> <span class='ocrx_word' id='word_1_845' title='bbox 3498 5700 3657 5755; x_wconf 75' lang='lat' dir='ltr'><strong>Joan.</strong></span> <span class='ocrx_word' id='word_1_846' title='bbox 3695 5717 3807 5758; x_wconf 75' lang='grc' dir='ltr'><strong>ιιι.</strong></span> 
     </span>
    </p>
   </div>
  </div>
