4038 6576
243 397 380 453 ΗΠ

1170 387 1467 445 SCllOLlA
1510 387 1600 442 DE
1635 381 2146 442 lNCARNATlONE
2184 381 2390 437 VERBI
2423 381 2557 439 DEI.

3334 383 3486 448 “18.

323 513 516 584 Ἐρὼτ.
559 513 682 573 Πως
735 508 812 580 τῷ
861 507 1060 562 ἀπαθεῖ
1107 507 1291 571 ῦπνον,
1341 505 1433 559 καὶ
1482 507 1667 567 κόπον,
1715 502 1808 557 καὶ

1981 501 2242 571 Inlerrog.
2283 498 2561 566 Quomodo
2595 496 2872 566 impati‘bili
2908 510 3178 560 somnum,
3208 495 3468 560 laborem,

238 609 455 671 πεῖναν,
491 604 585 656 καὶ
617 601 869 670 σταυρὸν,
899 599 990 651 καὶ
1019 597 1195 650 πάντα
1219 595 1288 649 τὰ
1311 593 1644 663 ὑποκείμενα
1684 593 1813 661 φθο-

243 700 338 770 ρᾷ,
371 695 693 766 περιάπτειν
737 691 1007 760 τολμᾶτες
1071 689 1307 755 Ἀπόκρ.
1337 687 1604 756 Εὐφήμει,
1649 678 1694 736 ὧ
1732 684 1814 736 ἰν-

243 786 455 856 Ορωπε,
503 779 826 852 παρακαλῶ.
859 777 998 848 Ἤδη
1039 779 1318 847 προεῖπον,
1357 776 1522 845 σαρκὶ⁸
1571 772 1811 843 παθητῇ,

244 877 432 941 καθὼς
455 875 549 930 καὶ
572 875 630 927 αι
654 872 793 926 θεῖαι
809 870 1025 941 Γραφαὶ
1057 869 1188 938 ἡμῖν
1216 865 1631 938 παραδεδώκασι
1643 861 1816 934 [6:511-

244 964 499 1037 Mimos],
533 963 830 1036 περιῆφθαι
851 961 942 1015 τὸν
962 959 1056 1012 τοῦ
1080 957 1210 1012 Θεοῦ
1231 958 1422 1025 Λόγον,
1458 955 1552 1009 καὶ
1579 952 1816 1024 ἡνῶσθαι

215 1060 412 1125 ,αὐτὸν
445 1059 606 1127 αὐτῇ,
637 1056 730 1108 καὶ
774 1053 840 1106 δι’
871 1052 1039 1122 αὐτῆς
1083 1048 1362 1118 πεφηνότα
1404 1047 1494 1100 τὸν
1543 1046 1672 1098 Υἱὸν
1722 1043 1816 1097 τοῦ

245 1151 408 1215 Θεοῦ,
453 1148 548 1202 τὸν
575 1147 707 1200 Θεὸν
736 1144 928 1212 Λόγον,
965 1142 1078 1212 μετ’
1106 1140 1277 1210 αὐτῆς
1319 1137 1483 1192 ῦπνον
1509 1137 1816 1207 ὑπομεῖναι,

247 1243 349 1300 καὶ
396 1240 586 1304 κόπον,
640 1238 736 1292 καὶ
785 1234 962 1289 πάντα
1007 1231 1076 1285 τὰ
1122 1229 1216 1283 τοῦ
1270 1226 1556 1299 ἀνθρώπου
1584 1266 1598 1289 ,
1653 1225 1820 1296 χωρὶς

248 1333 548 1406 ἁμαρτίας,
581 1331 641 1384 οὺ
685 1330 750 1400 τῇ
805 1326 982 1397 φθορᾷ
1021 1322 1380 1391 ὑποκείμενος
1400 1335 1414 1348 ·
1443 1317 1680 1388 ἀμείνων
1713 1316 1821 1386 γὰρ

247 1428 480 1498 φθορᾶς,
508 1425 604 1478 καὶ
633 1421 862 1476 θανάτου
915 1419 944 1470 6
992 1415 1268 1486 ἄφθαρτος
1303 1410 1398 1466 καὶ
1440 1409 1700 1474 ξωοποιδς
1726 1406 1820 1498 τοιξ

248 1496 391 1573 Θεοῦ
442 1515 645 1584 Λόγος,
683 1511 816 1566 ἀλλά
859 1507 958 1579 τὴν
1001 1504 1205 1576 φθορὰν
1251 1500 1534 1557 ἀποσοϐῶν
1577 1498 1685 1552 ἀπὸ
1727 1496 1821 1551 τοῦ

253 1610 448 1672 γένους
495 1606 602 1660 τῶν
647 1600 967 1674 ἀνθρώπων.
1015 1596 1126 1651 Οὐκ
1179 1591 1332 1664 οἶμαι
1375 1592 1627 1662 ἔγκλημα
1670 1607 1824 1661 περι-

254 1698 522 1754 άπτεσθαι
554 1693 783 1766 βασιλεῖ,
806 1691 1004 1744 ὁπόταν
1031 1684 1352 1757 βουλόμενος
1383 1681 1554 1735 σῶσαι
1580 1679 1640 1732 τὸ
1669 1678 1820 1743 ἴδιον,

253 1791 319 1844 τὸ
360 1787 454 1843 τοῦ
498 1785 684 1840 δούλου
715 1786 902 1853 σχῆμα
933 1779 1242 1848 ἐνδύσηται.
1276 1775 1385 1828 Καὶ
1418 1773 1534 1836 πῶς
1564 1771 1822 1841 τολμήσει

1913 592 2373 662 defatigationem,
2413 603 2649 654 crucem,
2689 586 2907 651 famem,
2949 593 3253 656 caeteraque
3294 589 3475 642 otnnia

1912 681 2248 752 corruptioui
2283 679 2525 750 subjecta
2567 678 2804 734 tribuere
2825 677 3073 733 audetis?
3108 673 3258 745 Resp.
3287 676 3474 739 Parce,

1911 783 2118 842 quaeso,
2144 768 2462 824 maledictis.
2509 765 2629 821 Jam
2679 774 2805 820 ante
2853 764 3056 832 monui,
3106 763 3200 820 Dei
3243 763 3476 821 Verbum

1911 874 2080 916 carne
2123 857 2396 928 passibili,
2439 854 2740 912 secundum
2785 853 3185 923 Scripturarum
3229 854 3480 912 traditio--

1915 965 2070 1016 nem,
2100 963 2162 1006 se
2195 948 2463 1014 induisse,
2495 954 2552 1002 et
2584 959 2646 1000 se
2681 944 2756 1000 illi
2791 945 2973 1000 unisse
3003 963 3018 999 :
3049 959 3147 1014 per
3173 945 3342 1013 ipsam
3384 962 3482 1000 au-

1917 1049 2024 1094 tem
2073 1040 2238 1095 Deum
2281 1036 2513 1093 Verbum
2563 1043 2619 1090 et
2668 1035 2756 1088 Dei
2806 1033 2998 1088 Filium
3046 1036 3376 1103 apparuisse,
3430 1047 3484 1089 et

1917 1145 2040 1186 cum
2087 1130 2198 1200 ipsa
2226 1129 2488 1194 laborem,
2517 1135 2572 1182 et
2612 1141 2859 1182 somnum
2905 1135 2959 1180 et
3003 1127 3237 1178 humana
3280 1126 3480 1185 omnia.

1918 1229 2138 1290 peccato
2187 1228 2393 1274 tantum
2440 1226 2686 1286 excepto,
2740 1215 3064 1271 sustinuisse
3115 1234 3130 1270 :
3185 1227 3291 1270 non
3343 1219 3482 1284 quod

1921 1310 2255 1382 corruptioni
2298 1307 2632 1376 subiaceret,
2673 1306 2935 1378 siquidem
2979 1305 3393 1374 incorruptibile
3434 1316 3487 1358 et

1919 1401 2188 1457 viviﬂcnm
2222 1399 2315 1456 Dei
2341 1398 2575 1455 Verbum
2607 1399 2958 1467 corruptione
2993 1406 3047 1452 et
3081 1396 3299 1451 interitu
3332 1396 3490 1468 longe

1921 1492 2170 1562 superius
2199 1498 2310 1558 est;
2344 1489 2436 1546 sed
2475 1499 2534 1544 ut
2570 1490 2844 1544 interitum
2882 1489 2949 1543 ab
2981 1488 3259 1542 hominum
3295 1503 3492 1556 genere.

1922 1583 2283 1638 submoveret.
2317 1575 2427 1636 Nec
2465 1578 2699 1635 arbitror
2731 1579 2841 1648 regi
2880 1577 3010 1632 vitio
3049 1577 3185 1632 verti
3228 1592 3405 1646 posse,
3445 1579 3488 1631 si

1922 1681 2142 1728 servare
2175 1670 2316 1741 quod
2353 1672 2472 1741 ejus
2508 1670 2782 1741 proprium
2819 1679 2904 1724 est
2931 1668 3140 1732 volens,
3175 1668 3356 1723 servili
3395 1669 3492 1722 ha-

1925 1763 2039 1818 bitu
2069 1777 2126 1818 sc
2154 1764 2358 1819 induat.
2387 1761 2454 1816 Et
2481 1761 2750 1831 quomodo
2778 1759 3040 1830 quispiam
3073 1760 3153 1824 ei,
3186 1759 3274 1829 qui
3305 1769 3493 1829 suapte

251 1898 342 1944 τις
385 1877 463 1948 τῷ
502 1879 568 1947 τῇ
621 1847 782 1944 φύσεί
805 1847 1097 1939 τελευθέρῳ
1120 1847 1406 1934 ἐγκαλεῖν,
1438 1863 1518 1915 ὅτι
1546 1859 1736 1929 γέγονε
1761 1857 1828 1911 δι’

1940 1864 2124 1908 natura
2152 1854 2287 1909 liber
2307 1863 2409 1918 est,
2435 1854 2648 1910 crimini
2671 1862 2886 1908 vertere
2911 1851 3124 1915 audeat,
3150 1852 3291 1920 quod
3321 1855 3490 1907 nostri

255 1971 408 2040 ἡμᾶς
434 1968 738 2038 ἄνθρωπος,
771 1963 866 2016 καὶ
897 1961 954 2013 ὲν
979 1962 1090 2021 τοῖς
1117 1956 1239 2010 καθ’
1265 1955 1411 2026 ἡμᾶς
1435 1950 1824 2040 οἰκονομικῶς;

269 2039 556 2130 ίΛποδέχου
606 2053 696 2108 τοῦ
746 2051 959 2122 Πατρδς
1008 2048 1104 2119 τὴν
1146 2043 1574 2116 φιλανθρωπίαν,
1615 2042 1694 2093 ὃτι
1739 2039 1828 2130 τὸν

257 2155 393 2208 ἴδιον
419 2128 548 2204 Υίῑδν
591 2148 842 2219 δωρεῖται
891 2142 958 2195 δι’
990 2141 1170 2211 ἡμᾶς·
1229 2137 1303 2208 μὴ
1355 2130 1719 2206 περιεργάζου
1770 2128 1830 2182 τὸ

259 2242 512 2313 πρᾶγμα,
546 2233 877 2308 παρακαλῶ·
926 2232 987 2284 οῦ
1029 2228 1138 2299 γὰρ
1189 2226 1246 2292 ἐξ
1280 2223 1614 2313 Ἑλληνικῆς
1641 2220 1830 2313 σοιρῖας

259 2309 325 2387 τό
348 2309 662 2403 γνώρισμα’
694 2325 813 2379 οὐδὲ
838 2323 946 2376 ἀπὸ
975 2319 1326 2403 φρονήματος
1354 2309 1647 2382 κοσμικοῦ’
1679 2309 1832 2403 ἀλλό-

259 2401 415 2496 τριον
439 2401 550 2492 γὰρ
575 2419 868 2489 ἑκατέρων.
901 2434 918 2466 ι
944 2413 1226 2482 Μακάριος
1245 2402 1312 2472 εἴ,
1336 2427 1354 2458 ι
1573 2403 1602 2453 6
1631 2401 1712 2496 βό
1724 2415 1835 2496 ριος

259 2487 344 2588 τῶ
369 2487 579 2587 [let-pip,
619 2531 636 2564 ι
666 2487 848 2582 Σιμῶν
867 2506 983 2578 Βάρ
1026 2504 1206 2565 Ἰωνᾶ,
1241 2501 1322 2554 ὅτι
1369 2493 1524 2588 σὰρξ,
1559 2487 1835 2588 καὶῌαῖμα

260 2583 368 2663 οῦκ
395 2583 709 2672 ἀπεκάλυψέ
751 2617 853 2663 σοι,
877 2597 990 2652 ἀλλ’
1017 2597 1044 2648 ὁ
1075 2593 1266 2661 Πατήρ
1298 2606 1418 2660 μου,
1449 2586 1478 2638 ὁ
1508 2588 1564 2639 ἐν
1601 2586 1712 2646 τοῖς
1747 2583 1837 2634 οὐ-

264 2701 470 2773 ρανοῖς.
505 2717 522 2748 ι
567 2693 832 2765 Οὐράνιον
865 2688 925 2743 τὸ
961 2681 1223 2773 δῶρονντὸ
1246 2681 1345 2750 τῆς
1372 2677 1522 2741 θείας
1553 2673 1834 2742 ἐπιφοιτή-

265 2772 409 2850 σεως
445 2782 538 2838 τοῦ
578 2780 708 2834 Υἱοῦ
745 2777 839 2832 τοῦ
877 2775 1013 2829 Θεοῦ
1051 2772 1356 2844 γνώρισμα.

353 2876 550 2948 Ἐρώτ.
591 2873 716 2938 Πῶς
745 2871 772 2922 6
810 2868 918 2922 τῶν
967 2866 1183 2920 πάντων
1223 2859 1451 2931 ποιητὴς
1480 2856 1610 2919 Θεὸς
1646 2856 1838 2922 Λόγος,

262 2972 301 3028 ὁ
327 2969 699 3042 ἀψηλάφητος,
728 2966 756 3017 6
784 2962 1039 3033 ἀόρατος,
1057 2959 1087 3010 6
1109 2951 1462 3013 ἀναλλοίωτός
1488 2966 1546 3001 τε
1570 2948 1662 3001 καὶ
1682 2961 1839 3042 περι-

265 3037 485 3137 γραιρὴν
531 3057 607 3129 μὴ
657 3053 1001 3126 ἀνεχόμενος,
1052 3050 1109 3102 ὲν
1155 3043 1363 3100 εὐτελεῖ
1414 3042 1581 3137 ξύλῳ-
1612 3037 1842 3109 σταυρὸν

269 3213 727 3312 ὑπομεμενηκότα
771 3231 862 3286 τὸν
906 3227 1000 3282 τοῦ
1045 3224 1179 3280 Θεοῦ
1225 3223 1415 3288 Λόγον,
1450 3217 1542 3272 καὶ
1588 3213 1840 3285 σταυρὸν,

269 3335 362 3389 διὰ
385 3303 493 3402 ’της
522 3303 723 3400 σαρκὸς
745 3324 848 3397 τῇς
880 3321 1037 3385 ιδίας,
1075 3317 1161 3370 ἵνα
1196 3314 1341 3385 ἡμᾶς
1365 3306 1648 3402 ἀπαλλάξῃ
1678 3303 1842 3402 θανάα

273 3443 390 3486 του,
420 3394 512 3477 καὶ
541 3394 743 3491 φθορᾶς
763 3394 794 3449 ·“
809 3414 906 3485 τὴν
939 3411 1075 3466 ἰδίαν
1107 3407 1217 3477 γὰρ
1240 3402 1416 3474 ψυχὴν
1445 3396 1684 3491 τέθεικεν
1702 3394 1846 3491 sua?

275 3516 456 3588 ἡμῶν,
482 3486 583 3567 οὐκ
603 3486 886 3579 ἀλλοτρίαν
916 3498 1154 3567 obeam-il
1181 3496 1338 3588 ξένην
1356 3491 1449 3588 τοῦ
1480 3487 1613 3544 Θεοῦ
1641 3486 1842 3588 Λόγου·

278 3574 586 3678 ἀπόρρητος
614 3601 722 3672 γὰρ
819 3597 1042 3657 ἓνωσις·
1081 3589 1241 3651 αὐτὸς
1263 3582 1371 3656 γὰρ
1399 3579 1578 3678 εἶπεν·
1615 3599 1643 3678 ⁵ι
1669 3574 1848 3678 'Ez’iou-

278 3669 402 3754 σίαν
428 3669 553 3767 ’ἐγω
588 3669 895 3765 τὴν-ψῦχήν
933 3705 1032 3760 μου
1077 3681 1269 3746 θεῖναι,
1304 3680 1411 3767 καὶ.
1449 3669 1712 3767 ἐξουσίανΔ
1740 3669 1848 3767 ἔχω

281 3791 444 3845 πάλιν
475 3760 658 3840 λαϐεῖν
692 3760 882 3851 αῦτην.
916 3800 934 3832 ι
968 3775 1182 3845 Ταύτης
1212 3773 1341 3825 ῐδιον
1370 3765 1429 3822 τὸ
1457 3760 1848 3851 ἀδημονεῖν,-το

278 3883 457 3952 λύπην
491 3877 777 3948 ὑπομεῖναι
811 3866 1169 3945 [ὑπομένειν],
1191 3864 1253 3918 τὸ
1296 3861 1550 3930 ἐκδημεῖν
1597 3853 1704 3909 ἀπὸ
1755 3849 1848 3906 τοῦ

285 3973 554 4044 σώματος,
582 3969 657 4030 ὼς
686 3965 779 4019 καὶ
811 3962 1010 4031 σαρκὸς
1038 3957 1097 4011 τὸ
1125 3955 1340 4025 κοπιᾷν,
1367 3950 1428 4004 τὸ
1468 3942 1848 4016 σταυροῦσθαι,

281 4064 345 4117 τὸ
369 4031 713 4120 ἀνίστασθαι,
744 4054 805 4108 τὸ
836 4052 1127 4122 μετάρσιον
1163 4042 1454 4113 ὑπομένειν
1501 4037 1678 4088 θέσιν’
1713 4031 1851 4099 πλὴν

284 4156 420 4211 Θεοῦ
469 4155 538 4210 τὰ
587 4153 765 4206 πάντα
811 4148 1047 4215 λέγεται,
1079 4141 1172 4196 καὶ
1221 4134 1355 4190 εἰσί·
1393 4129 1525 4186 Θεοῦ
1554 4129 1662 4200 γὰρ
1693 4125 1789 4181 καὶ
1818 4126 1852 4196 ἡ

282 4251 463 4324 ψυχή’
498 4243 633 4300 Θεοῦ
674 4243 768 4296 καὶ
805 4240 866 4292 τὸ
905 4236 1084 4306 σῶμα.

368 4425 565 4493 Ἐρώτ.
606 4421 730 4483 Πῶς
778 4419 805 4470 6
851 4411 1254 4481 παντοδύναμος
1285 4407 1456 4476 Λόγος
1496 4399 1588 4456 τοῦ
1641 4400 1854 4493 Πατρός

1931 1957 2095 1998 causa
2137 1945 2296 1998 homo
2337 1944 2452 1998 ﬁeri
2510 1943 3006 2012 dispensatorieque
3046 1943 3100 1998 in
3141 1945 3340 1998 nostris
3374 1958 3498 1997 ver-

1932 2033 2041 2088 sari
2085 2047 2191 2088 non
2235 2033 2521 2087 abnuerit?
2561 2032 2738 2086 Patris
2784 2031 3191 2101 benignitatem,
3234 2031 3325 2099 qui
3373 2047 3497 2100 pro-

1932 2124 2106 2192 prium
2145 2124 2340 2179 Filium
2379 2132 2598 2193 propter
2629 2137 2726 2176 nos
2761 2122 3010 2186 donavit,
3049 2121 3404 2191 amplectere;
3441 2124 3496 2177 in

1934 2215 2104 2284 ipsam
2139 2223 2316 2269 autem
2351 2228 2464 2270 rem
2497 2213 2786 2277 curiosius,
2820 2226 3022 2281 quaeso,
3062 2212 3166 2266 noli
3204 2213 3493 2281 inquirere.

1935 2307 2049 2361 Non
2087 2306 2230 2359 enim
2272 2319 2367 2375 per
2404 2303 2714 2358 amcorum
2757 2303 3100 2372 sapientiam,
3143 2310 3234 2356 aut
3278 2301 3501 2356 munda-

1937 2412 2061 2452 num
2096 2411 2309 2450 sensum
2344 2394 2659 2463 percipitur,
2691 2394 2784 2448 scd
2821 2393 2888 2447 ab
2921 2401 3150 2461 utroque
3181 2397 3265 2446 est
3301 2391 3497 2446 aliena.

1941 2507 1959 2540 ι
1981 2486 2174 2544 Beatus
2190 2503 2268 2552 es,
2289 2485 2470 2541 Simon
2495 2485 2781 2547 Bar-Jona,
2802 2503 2819 2535 ι
2839 2484 3014 2553 inquit
3033 2483 3288 2538 Dominus
3316 2482 3495 2545 Petro,

1941 2598 1960 2630 ι
2008 2579 2131 2649 quia
2153 2594 2281 2634 caro
2303 2587 2356 2633 et
2380 2579 2598 2646 sanguis
2625 2592 2728 2630 non
2757 2576 3034 2631 revelavit'
3050 2576 3168 2644 tibi,
3203 2575 3298 2632 sed
3339 2574 3502 2629 Pater

1939 2687 2088 2725 meus
2113 2671 2203 2740 qui
2230 2679 2312 2724 est
2338 2669 2390 2723 in
2419 2669 2571 2722 cwlis
2590 2669 2654 2724 ‘°.
2691 2686 2709 2719 ι
2741 2666 2872 2719 Nam
2901 2667 3063 2720 divini
3092 2668 3354 2722 adventus
3378 2649 3499 2722 Filii

1938 2759 2031 2815 Dei
2061 2758 2316 2829 cognitio,
2344 2758 2564 2813 caeleste
2593 2757 2790 2811 donum
2819 2767 2922 2810 est.

2011 2849 2272 2918 Interrog.
2309 2847 2586 2914 Quomodo
2610 2846 2980 2900 universorum
3007 2846 3186 2916 opifex
3214 2847 3352 2902 Deus
3372 2845 3504 2901 Ver-

1941 2943 2092 3008 bum,
2119 2943 2210 3012 qui
2241 2956 2340 2994 nec
2372 2941 2534 3010 tangi,
2563 2954 2662 2994 nec
2694 2939 2863 3004 cerni,
2893 2953 2990 2994 nec
3020 2939 3238 3004 mutari,
3267 2954 3369 2995 nec
3398 2940 3507 2996 cir-

1943 3032 2229 3089 cumscribi
2269 3039 2476 3101 potest,
2512 3032 2564 3085 in
2599 3030 2690 3084 vili
2731 3030 2876 3101 ligno
2915 3036 3128 3085 crucem
3171 3039 3508 3100 mortemque

1943 3124 2229 3182 sustinuit?
2255 3122 2408 3193 Resp.
2438 3121 2664 3176 Mortem
2699 3131 2750 3176 et
2783 3134 2996 3176 crucem
3029 3121 3123 3176 Dei
3150 3119 3381 3176 Verbum
3413 3137 3508 3191 per

1947 3216 2214 3286 propriam
2242 3229 2460 3270 carnem
2488 3213 2807 3268 sustinuisse
2835 3213 3062 3268 dicimus
3088 3230 3102 3268 :
3129 3213 3386 3269 sustinuit
3413 3229 3508 3266 au-

1946 3317 2053 3362 tem
2095 3309 2234 3370 hac,
2273 3315 2332 3376 ut
2367 3321 2464 3360 nos
2499 3321 2527 3358 a
2566 3314 2736 3359 morte
2771 3312 2825 3360 et
2859 3305 3206 3373 corruptione
3242 3306 3509 3360 immunes

1947 3400 2213 3454 redderet.
2239 3395 2374 3451 Nam
2409 3397 2642 3450 animam
2676 3397 2945 3464 propriam
2982 3395 3069 3451 ille
3099 3411 3196 3466 pro
3229 3396 3384 3454 nobis
3417 3412 3511 3466 po-

1945 3480 2072 3552 suit,
2101 3502 2204 3542 non
2233 3485 2592 3555 peregrinam,
2618 3494 2712 3538 aut
2740 3499 2770 3539 a
2799 3483 2907 3539 Deo
2927 3483 3103 3540 Verbo
3127 3486 3358 3541 alienam
3385 3500 3402 3539 :
3430 3487 3514 3541 in-

1946 3579 2278 3650 explicabilis
2303 3579 2446 3632 enim
2472 3586 2555 3631 est
2580 3577 2726 3631 unio.
2756 3575 2872 3645 Ipse
2897 3577 3041 3632 enim
3069 3577 3145 3631 ait
3170 3595 3184 3631 :
3220 3596 3239 3628 ι
3271 3576 3516 3633 Potesta-

1951 3682 2054 3726 tem
2097 3671 2269 3724 habeo
2309 3668 2536 3737 ponendi
2578 3668 2811 3721 animam
2853 3682 3061 3731 meam,
3099 3675 3153 3722 et
3194 3677 3513 3738 potestatem

1951 3761 2120 3816 habeo
2160 3760 2349 3813 iterum
2387 3757 2629 3812 sumendi
2670 3756 2872 3811 eam“.
2919 3774 2938 3806 ι
2978 3756 3126 3810 illius
3166 3759 3358 3812 anima
3391 3774 3518 3827 pro-

1950 3854 2124 3922 prium
2175 3852 2399 3914 taedere,
2443 3847 2786 3912 contristari,
2827 3861 2858 3900 e
2900 3846 3066 3917 804
3111 3862 3337 3917 corpore
3381 3850 3517 3904 emi-

1951 3957 2133 4011 grare,
2161 3939 2608 4008 quemadmodum
2639 3946 2693 3992 et
2722 3937 2873 3991 carni
2903 3951 3114 4006 quoque
3140 3939 3411 4006 peculiare
3434 3949 3517 3995 est

1953 4029 2253 4100 dciatigari,
2285 4025 2551 4097 crucifigi,
2583 4024 2928 4089 exsuscitari,
2962 4023 3012 4076 in
3049 4023 3216 4077 altum
3249 4024 3514 4080 sublatam

1952 4120 2227 4176 collocari.
2267 4117 2643 4173 Verumtamen
2683 4113 2862 4168 omnia
2908 4114 3020 4168 haec
3059 4122 3114 4167 et
3151 4113 3243 4168 Dei
3280 4122 3426 4182 sunt,
3463 4124 3517 4169 et

1955 4213 2047 4268 Dei
2094 4225 2215 4266 esse
2259 4211 2530 4264 dicuntur.
2582 4197 2676 4260 Dei
2717 4205 2862 4260 enim
2907 4211 2992 4259 est
3039 4203 3252 4270 anima,
3297 4204 3390 4260 Dei
3435 4215 3522 4262 est

1954 4319 2100 4360 caro.

2026 4393 2290 4462 Interrog.
2322 4388 2600 4456 Quomodo
2621 4386 2961 4455 omnipotens
2984 4385 3160 4441 Patris
3178 4385 3412 4440 Verbum
3435 4399 3521 4440 re-

287 4471 584 4573 magis;
607 4471 990 4582 :teptenlixn,
1019 4504 1112 4558 καὶ
1133 4471 1306 4571 ιέθορᾷ
1333 4471 1382 4550 ὁ-
1400 4496 1672 4566 ἄφθαρτος
1697 4489 1838 4582 [ἀθὰξ

1962 4481 2231 4545 surrexit,
2269 4483 2360 4532 aut
2404 4474 2808 4545 incorruptibile
2851 4475 3180 4543 corruptioni
3224 4471 3518 4529 obnoxium

1967 4573 1988 4582 η
2025 4573 2034 4582 .
2076 4570 2100 4582 ι.
2148 4568 2183 4582 .-
2341 4566 2376 4582 .η
2795 4561 2932 4582 ι---)

289 4610 502 4681 ita-cog];
537 4581 762 4674 Ἀπόκρῖ
793 4601 1000 4673 Φθοράν
1031 4597 1128 4670 μὲν
1155 4595 1253 4664 οὐχ
1277 4591 1567 4661 ὑπέμεινεν
1591 4586 1698 4681 οῦδ⁹
1722 4581 1860 4651 αὐτὴ

291 4707 325 4776 ἠ
357 4678 618 4756 τοῦγΘεοῦ
643 4697 816 4764 Λόγου
848 4691 1014 4764 σάρξ·
1050 4688 1217 4750 νόθως
1254 4683 1362 4755 γὰρ
1382 4678 1860 4776 διαλαμόάνοντες,

291 4766 460 4855 ῦόθως
482 4789 576 4856 καὶ
606 4785 914 4856 ὲπερωτᾶτε
935 4797 949 4811 ο
987 4775 1452 4850 προανεκεκράγει
1473 4771 1580 4840 γάρ
1602 4769 1630 4820 6
1654 4766 1862 4856 προφή-

291 4899 391 4953 της
422 4880 548 4950 περὶ
576 4855 767 4931 αὑτοῦ⁹
811 4891 830 4924 ι
861 4871 934 4923 Οὐ
965 4869 1158 4931 δώσεις
1185 4866 1274 4919 τὸν
1295 4862 1440 4917 ὅσιόν
1472 4876 1563 4912 σου
1597 4857 1724 4909 ἰδεῖν
1746 4855 1862 4907 διαδ

291 4944 518 5044 φθοράν..
545 4991 564 5022 ι
595 4969 767 5030 Πάθος
797 4965 894 5036 μὲν
919 4962 1206 5031 ὑπέμεινεν
1232 4955 1532 5010 ἐθελούσιον
1561 4951 1588 5002 ὁ
1610 4947 1702 5001 τοῦ
1726 4944 1862 4998 Θεοῦ

304 5039 419 5128 ἧός
438 5081 451 5095 ·
481 5066 508 5116 6
532 5060 724 5132 χωρῶν
755 5061 810 5112 ὲν
841 5054 1018 5123 ἑαυτῷ
1047 5052 1135 5103 τὸν
1167 5050 1449 5119 ἀχώρητον
1480 5039 1695 5109 Πατέρα
1715 5055 1729 5070 ο
1761 5053 1867 5105 χω-

295 5159 556 5230 ρούμενος
587 5155 642 5206 δὲ
675 5151 767 5206 καὶ
799 5149 958 5208 αὐτὸς
988 5145 1092 5199 ὑπὸ
1112 5142 1205 5195 τοῦ
1238 5137 1448 5210 Πατρός
1468 5155 1480 5166 ·
1515 5132 1859 5230 χωροό-μενος

448 5248 552 5301 ὑπὸ
598 5245 691 5298 τοῦ
736 5241 969 5310 Πατρὸς,
995 5238 1086 5292 καὶ
1111 5234 1184 5288 ῶν
1216 5234 1272 5285 ὲν
1300 5229 1377 5299 τῷ
1411 5227 1592 5295 κόλπῳ
1621 5222 1714 5320 τοῦ
1744 5223 1860 5320 Πα-

293 5312 442 5411 τρός,
473 5339 729 5408 ὲχωρεῖτο
761 5333 1012 5403 ἀρρήτως
1045 5327 1137 5380 καὶ
1185 5325 1240 5377 ὲν
1282 5322 1347 5390 τῇ
1399 5317 1504 5411 ἰδία
1543 5312 1862 5411 σαρκίπΑνῒ

295 5399 439 5482 εῦίω⁷
470 5399 534 5480 δὲ,
569 5399 1396 5496 τριήμερος,γλαφυραγωγήσας
1436 5407 1526 5458 τὸν
1573 5399 1864 5496 ᾅδηνζκαὲ

299 5523 570 5589 ὲπέφανεν
605 5489 748 5585 ’ἡμῖν
774 5489 935 5582 ’μετά
980 5510 1076 5578 τῆς
1125 5506 1260 5564 ἰδίας
1304 5497 1504 5569 σαρκὸς
1536 5491 1698 5589 6-105-
1729 5489 1863 5589 Θεοῦ

299 5579 452 5672 Υἱόςο
491 5608 578 5659 ἵνα
609 5579 702 5658 καὶ
753 5607 785 5674 ἡ
797 5579 899 5672 μᾶς
929 5595 1208 5666 ἀπαλλάξῃ
1253 5591 1481 5645 θανάτου
1514 5585 1606 5638 καὶ
1636 5579 1860 5652 φθορᾶς.

1963 4570 2100 4625 fuit?
2139 4568 2293 4636 Resp.
2339 4563 2750 4634 Corruptionem
2794 4561 2934 4616 haud
2975 4562 3231 4617 sustinuit
3270 4577 3368 4617 nec
3409 4563 3520 4631 ipsa

1957 4663 2172 4733 quidem
2217 4661 2304 4713 Dei
2340 4657 2497 4712 Verbi
2538 4668 2685 4710 caro.
2718 4651 2851 4706 Nam
2890 4651 3016 4722 quia
3055 4667 3244 4722 parum
3284 4647 3522 4724 legitime

1959 4751 2308 4822 distinguitis,
2338 4761 2526 4817 parum
2553 4745 2717 4800 etiam
2745 4740 2980 4814 legitime
3011 4740 3376 4812 interrogatis.
3401 4740 3523 4797 Jam

1958 4845 2102 4900 enim
2141 4843 2341 4896 dudum
2384 4850 2508 4890 ante
2539 4835 2802 4905 propheta
2844 4833 2913 4888 de
2951 4831 3166 4888 Christo
3206 4831 3525 4902 pronuntia-

1960 4943 2072 4991 rat:
2111 4951 2129 4984 ι
2174 4931 2291 4986 Νοη
2335 4929 2489 4984 dabis
2517 4926 2775 4981 Sanctum
2819 4936 2967 4980 tuum
3005 4926 3188 4980 videre
3227 4919 3530 4990 corruptio-

1960 5043 2082 5084 nem
2104 5029 2168 5079 η.
2203 5044 2222 5077 ι
2256 5024 2397 5078 Sane
2428 5022 2731 5090 passionem
2755 5019 3115 5074 voluntariam
3145 5015 3401 5070 sustinuit
3429 5009 3523 5069 Dei

1965 5117 2154 5182 Filius,
2187 5116 2273 5183 qui
2308 5112 2521 5166 Patrem
2556 5115 2875 5166 immensum
2909 5112 2962 5164 in
2995 5123 3053 5163 se
3084 5101 3349 5172 continet,
3377 5115 3432 5160 et
3460 5103 3527 5158 ab

1960 5213 2074 5280 ipso
2107 5207 2345 5262 vicissim
2385 5205 2544 5259 Patre
2583 5205 2912 5257 continetur.
2949 5199 3081 5254 Nam
3119 5215 3149 5253 a
3191 5197 3348 5254 Patre
3382 5213 3531 5253 com-

1964 5301 2282 5371 prehensus,
2319 5305 2374 5348 et
2407 5295 2458 5348 in
2495 5302 2720 5361 paterno
2755 5293 2872 5348 sinu
2908 5297 3197 5354 cxsistens,
3232 5286 3530 5358 inexplica-

1967 5393 2056 5448 bili
2083 5391 2315 5459 quodam
2345 5386 2503 5440 modo
2525 5385 2684 5440 etiam
2712 5384 2924 5454 pmpria
2948 5397 3108 5437 carne
3130 5381 3525 5437 continebatur.

1965 5485 2106 5538 Idem
2141 5477 2231 5533 Dci
2264 5477 2432 5533 Filius
2458 5478 2615 5532 tertia
2645 5477 2730 5530 die
2760 5475 2952 5528 revixit
2982 5471 3169 5527 inferis
3195 5467 3528 5539 despoliatie.

1967 5584 2020 5628 et
2055 5585 2174 5625 cum
2212 5567 2428 5638 propria
2457 5580 2618 5623 carne
2647 5565 2809 5621 nobis
2838 5563 3113 5633 apparuit,
3147 5567 3253 5628 quo
3282 5551 3531 5612 videlicet

373 5786 419 5819 "
456 5784 644 5838 Matth.
675 5795 782 5842 xvi,
818 5778 901 5831 l7.
981 5777 1018 5806 ¹¹
1055 5773 1211 5826 Joan.
1245 5785 1299 5835 x,
1333 5771 1414 5827 l8.
1494 5769 1534 5800 ¹²
1566 5767 1704 5822 Psal.
1735 5779 1823 5827 xv,
1865 5759 1970 5826 l0;
2007 5760 2121 5814 Act.
2164 5773 2220 5822 tt,
2253 5753 2341 5807 Si.

581 5876 849 5934 PATROL.
882 5870 997 5928 Gn.
1029 5865 1253 5925 LXXV.

3108 5830 3181 5890 45
