4038 6546
527 407 660 463 Hi9
1513 397 1566 451 S.
1610 395 1886 452 CYRILLI
1926 391 2399 450 ALEXANDBINI
2436 391 2749 448 ARCIIIEP.
3649 384 3785 440 ΗνΞο

522 527 620 568 nos
649 526 862 583 quoque
894 525 921 563 a
951 518 1125 564 morte
1154 518 1208 563 et
1238 506 1588 576 corruptione
1619 507 1875 559 liberaret
1899 506 1963 557 ιε.
2000 505 2092 559 Dei

2201 504 2336 557 Θεοῦ
2364 502 2540 556 τοίνυν
2572 502 2632 556 τὸ
2660 501 2852 564 πάθος,
2895 497 3031 554 Θεοῦ
3068 500 3162 555 καὶ
3215 500 3248 570 ἡ
3298 500 3621 563 ἀνάστασις,
3649 496 3784 550 Θεοῦ

523 605 703 673 itaque
736 610 819 656 est
852 601 1063 672 passio,
1102 600 1192 654 Dci
1234 598 1589 657 resurrectio,
1628 596 1721 650 Dei
1760 598 2093 665 assumptio,

2204 596 2298 648 καὶ
2330 596 2363 665 ἡ
2395 593 2681 663 ἀνάληψις,
2713 590 2849 646 Θεοῦ
2880 594 2973 646 καὶ
3001 594 3034 663 ἡ
3064 593 3205 646 κατά
3250 592 3424 645 πάντα
3457 589 3597 659 πρὸς
3639 590 3787 658 ﬁgi;

523 696 614 750 Dei
662 694 895 764 donique
943 691 1029 745 illa
1078 691 1357 746 nobiseum
1404 704 1501 758 per
1542 689 1723 743 omnia
1770 688 2096 753 similitudo,

2202 686 2483 755 ὁμοίωσις,
2502 684 2668 754 χωρὶς
2697 684 2992 753 ἁμαρτίας.
3029 682 3103 735 οὐ
3134 681 3375 750 δοκήσει,
3396 679 3535 733 ἀλλά
3555 678 3788 747 ἀληθείᾳ

522 796 743 856 peccato
768 792 992 853 excepto
1011 783 1052 815 “
1085 801 1097 836 :
1134 797 1309 851 neque
1340 780 1679 850 imaginarie,
1709 782 1804 834 sed
1830 793 1957 834 vere
1984 793 2099 833 om-

2195 776 2264 829 τὰ
2308 776 2485 829 πάντα
2529 775 2749 843 γέγονεν
2783 776 2840 827 ὲν
2866 772 3035 845 αὐτῷ.
3065 771 3223 842 Δὺτῷ
3267 773 3300 841 ἡ
3345 770 3506 836 δόξα.
3561 770 3685 837 ἅμα
3712 768 3790 837 τῷ

525 878 610 929 uia
650 876 701 929 in
738 891 801 930 eo
840 874 1078 932 fuerunt.
1115 872 1217 943 Ipsi
1256 872 1416 926 simul
1452 885 1574 925 cum
1612 868 1775 926 Patre
1804 880 1853 924 et
1896 868 2099 939 Spiritu

2196 868 2370 939 IIarpi.
2426 867 2520 919 καὶ
2547 866 2627 937 τῷ
2655 865 2795 936 ἁγίῳ
2823 865 3124 934 Πνεύματι,
3154 863 3270 928 νῦν,
3305 862 3399 917 καὶ
3426 860 3536 923 ἀεὶ,
3570 859 3669 913 καὶ
3712 859 3791 920 είς

524 976 713 1021 sancto
742 966 813 1022 sit
842 966 1012 1035 gloria
1035 1006 1050 1031 ,
1084 978 1227 1019 nunc
1253 972 1307 1018 et
1338 976 1575 1032 semper,
1606 970 1662 1016 et
1689 961 1740 1014 in
1774 961 1967 1017 saecula
1998 976 2099 1016 sae-

1561 1001 1575 1027 ,
1606 970 1662 1016 et
1689 961 1740 1014 in
1774 961 1967 1017 saecula
1998 976 2099 1016 δεε-
2194 960 2320 1022 τοὺς
2348 958 2550 1022 αἰῶνας
2577 960 2683 1011 τῶν
2710 957 2943 1013 αἰώνων.
2962 956 3154 1026 Ἀμήν.

525 1057 794 1113 culorum.
826 1061 1015 1112 Amen.

606 1233 650 1264 "
681 1232 837 1289 Rom.
871 1245 989 1299 un,
1026 1232 1115 1284 ει.
1196 1231 1239 1263 ¹⁸
1273 1227 1437 1287 Hebr.
1475 1245 1546 1292 tv,
1584 1228 1666 1282 15.

542 1408 3791 1455 ΨΜ

1219 1588 1564 1721 ΤΟΥ
1640 1580 2157 1714 ΑΓΙΟΥ
2240 1577 3099 1711 ΚΥΡΙΛΛΟΥ

954 1839 1210 1936 ΠΕΡΙ
1283 1852 1499 1936 ΤΗΣ.
1570 1850 1797 1934 ΤΟΥ
1874 1846 2291 1933 ΚΥΡΙοΥ
2366 1844 3357 1932 ΕΝΑΝΘΡΩΠΗΣΕΩΣ.

1500 2218 2067 2345 SANCTI
2149 2215 2799 2343 CYRILLI

1263 2467 1410 2554 DE
1493 2462 2393 2555 INCABNATIONE
2473 2459 2915 2553 DOMINI
2966 2454 3035 2547 ⁸.

1648 2673 1759 2734 Mn,
1798 2670 2027 2723 Bibliotli.
2064 2686 2185 2723 nova
2215 2676 2440 2730 Patrum,
2470 2674 2532 2734 ll,
2566 2674 2643 2723 51.

528 3005 746 3079 805m
772 3002 817 3057 1.
858 3000 1195 3079 Quod_utiiia
1221 2999 1288 3055 sit
1334 2998 1672 3079 audientibus
1708 2992 1902 3051 divina:
1931 2997 2108 3051 incar-

2209 2998 2288 3052 A'.
2332 2998 2463 3051 Ὀτι
2499 2996 2803 3079 ὠφέλιμον
2845 2995 2967 3079 τοῖς
3010 2996 3341 3079 ᾲκούουσιν
3374 2998 3414 3066 ὴ
3460 2997 3576 3067 τῆς
3635 2996 3804 3064 θείας

925 3070 1156 3126 nationis
1204 3069 1652 3125 commemoratio.

2632 3069 2980 3138 οἰκονομίας
3007 3069 3362 3137 ἀνάμνησις.

607 3187 775 3252 Satis,
808 3194 867 3239 ut
890 3192 1043 3255 puto,
1074 3182 1141 3237 de
1189 3187 1380 3236 sancta
1427 3177 1696 3234 Trinitate
1742 3186 1997 3249 tanquam
2052 3178 2105 3232 in

2290 3182 2350 3236 '0
2405 3184 2502 3253 μὲν
2549 3183 2678 3251 περ)⁵
2723 3183 2818 3254 τῆς
2854 3182 3013 3251 ἁγίας
3054 3182 3281 3252 Τρίαδος
3325 3183 3400 3246 ὡς
3448 3184 3511 3235 ὲν
3554 3183 3802 3236 εὐσεϐῶν

535 3275 965 3331 orthodoxorum
1002 3271 1265 3327 concione
1310 3278 1366 3325 et
1401 3268 1730 3337 evangelicis
1767 3267 2108 3338 dogmatibus

2213 3274 2475 3346 συλλόγῳ,
2526 3272 2617 3327 καὶ
2662 3275 2775 3337 τοῖς
2815 3273 3194 3343 εὐαγγελικοῖς
3227 3273 3495 3342 δόγμασιν
3538 3272 3803 3342 πειθομέ-

493 3393 497 3397 ·
534 3366 871 3423 credentium
899 3364 1287 3421 disseruimus.
1319 3360 1436 3415 Non
1465 3362 1611 3416 enim
1652 3359 2027 3415 contradicere
2052 3359 2088 3413 it

2210 3383 2339 3430 νων,
2370 3366 2737 3437 ἀποχρώντως
2769 3367 2920 3435 ἡμῖν,
2965 3366 3041 3428 ὡς
3069 3360 3244 3435 οἶμαι,
3280 3364 3433 3432 λόγος
3482 3365 3798 3434 διήνυσται.

535 3458 788 3531 prmsenti
824 3456 1167 3527 irreligiosis,
1191 3454 1285 3510 sed
1314 3451 1681 3523 apostolorum
1716 3451 1994 3521 discipulis
2044 3450 2111 3505 ﬁ-

2212 3452 2286 3506 Οὐ
2318 3452 2427 3524 γὰρ
2467 3453 2745 3507 ἀντειπεῖν
2776 3454 2867 3507 ἐπὶ
2910 3453 3003 3506 τοῦ
3051 3454 3317 3526 παρόντος
3359 3457 3475 3517 τοῖς
3518 3455 3800 3520 ἀσεϐέσιν,

536 3552 658 3606 dem
689 3562 960 3619 exponere
998 3546 1334 3616 propositum
1373 3544 1530 3600 nobis
1574 3542 1695 3597 fuit.
1728 3543 1862 3610 Quia
1893 3558 2023 3597 vero
2057 3552 2112 3599 et

2212 3542 2347 3597 ἀλλὰ
2379 3546 2489 3607 τοῖς
2534 3546 2815 3615 φοιτηταῖς
2842 3545 2951 3597 τῶν
2978 3544 3292 3600 ἀποστόλων
3324 3545 3585 3600 ἐκθέσθαι
3616 3547 3802 3599 πίστιν

538 3644 843 3699 divinorum
887 3639 1271 3695 beneﬁciorum
1306 3635 1620 3708 magnitudo
1659 3650 1989 3707 magnopere
2019 3650 2109 3691 so-

2214 3634 2579 3705 προύθέμεθα.
2627 3635 2845 3706 Ἐπειδὴ
2876 3634 2934 3689 δὲ
2969 3636 3064 3688 καὶ
3102 3635 3210 3689 τῶν
3260 3636 3419 3689 θείων
3452 3636 3801 3707 εὐεργεσιῶν

537 3736 610 3790 let
664 3731 1013 3787 succendere
1055 3728 1167 3785 Deo
1216 3727 1553 3784 add‘ictorum
1614 3725 1863 3782 allectum
1911 3742 2114 3799 eosque

2210 3727 2272 3778 τὸ
2306 3724 2532 3795 μέγεθος
2559 3726 2826 3795 ὑφάπτειν
2855 3724 2961 3780 οἶδε
2993 3727 3255 3797 μειζόνως
3280 3729 3387 3781 τῶν
3415 3729 3689 3797 φιλοθέων
3709 3729 3801 3782 τὸν

539 3825 861 3881 fervidiores
908 3821 1123 3878 efﬁcere
1148 3821 1240 3877 Dei
1290 3830 1562 3876 amatores
1585 3860 1600 3884 ,
1645 3820 1768 3875 ideo
1802 3820 2111 3875 necessario

2214 3816 2397 3882 πόθον,
2433 3817 2528 3870 καὶ
2562 3817 2924 3889 Θερμοτέρους
2957 3819 3155 3882 αὐτοὺς
3203 3816 3523 3889 καθίστησιν
3558 3821 3802 3889 ἐραστὰς

540 3922 681 3974 hunc
706 3932 921 3989 quoqne
967 3917 1253 3987 aggredior
1286 3915 1550 3977 libellum,
1580 3925 1639 3969 ut
1687 3915 1967 3983 praeterito
1998 3928 2113 3968 ser-

2212 3909 2305 3963 τοῦ
2339 3908 2475 3963 Θεοῦ
2498 3951 2513 3975 ,
2546 3912 2858 3979 ἀναγκαίως
2892 3913 2985 3965 καὶ
3022 3912 3116 3964 ἐπὶ
3154 3912 3341 3965 τοῦτον
3379 3911 3677 3982 βαδιοῦμαι
3710 3913 3800 3963 τὸν

539 4010 688 4066 moui
722 4010 789 4065 de
827 4010 937 4065 Deo
979 4016 1302 4063 connectam
1352 4005 1745 4060 incarnationis
1793 4006 2111 4074 mysterium

2212 4001 2389 4070 λόγον,
2437 4004 2504 4073 τῇ
2566 4001 2813 4074 Θεολογίᾳ
2856 4003 2953 4074 τὴν
2994 4004 3304 4074 οἰκονομίαν
3361 4004 3681 4068 συνάπτων,
3708 4003 3802 4055 καὶ

538 4103 1015 4169 demonstremque
1051 4098 1231 4168 qualia
1279 4104 1334 4151 et
1390 4106 1592 4166 quanta
1640 4096 1869 4150 Creator
1923 4094 2109 4166 generi

2210 4094 2425 4158 δεικνὺς
2466 4095 2629 4166 ἡλίκα
2672 4096 2904 4148 καὶηόσα
2933 4098 2961 4148 ό
3012 4096 3246 4167 Ποιητὴς
3288 4098 3348 4149 τὸ
3401 4096 3677 4166 ἡμέτερον
3721 4097 3803 4149 εὐ-

540 4203 727 4250 nostro
768 4192 1031 4249 beneﬁcia
1076 4188 1383 4245 contulerit.
1416 4185 1704 4258 Nunquam
1736 4186 1887 4242 enim
1920 4203 2107 4242 cessa-

2212 4188 2485 4259 ηργέτησε
2530 4184 2704 4257 γένος.
2762 4186 2838 4242 Οὐ
2890 4189 2999 4260 γὰρ
3058 4190 3362 4243 ἐπαύσαντο
3409 4189 3632 4243 πώποτε
3693 4188 3802 4240 τῶν

545 4295 668 4340 runt
696 4285 995 4340 divinorum
1024 4284 1286 4339 donorum
1314 4278 1495 4336 fontes
1526 4282 1816 4349 quominus
1846 4279 1986 4333 bona
2010 4280 2111 4335 ho-

2218 4281 2379 4334 θείων
2421 4281 2618 4351 δορεῶν
2665 4281 2723 4334 αἱ
2767 4284 2943 4353 πηγαὶ
2981 4284 3095 4346 τοῖς
3138 4280 3445 4353 ἀνθρώποις
3498 4280 3567 4333 τὰ
3615 4280 3800 4348 ἀγαθά

541 4373 784 4428 minibus
810 4371 1173 4427 effunderent.

1036 4380 1173 4427 rent.
2144 4376 2186 4434 C
2219 4371 2631 4435 ἀναϐλύζουσαι.

542 4486 608 4542 ΙΙ.
641 4483 902 4539 Narratio
939 4501 1117 4538 eorum
1157 4500 1274 4546 qua:
1302 4483 1442 4536 Deus
1482 4483 1552 4536 ad
1586 4482 1855 4554 hominum
1896 4482 2005 4549 iam
2037 4483 2119 4537 in-

2216 4484 2293 4539 B'.
2326 4484 2616 4554 Διήγησις
2648 4485 2767 4539 τῶν
2793 4485 2915 4540 ὑπὸ
2945 4485 3092 4540 Θεοῦ
3122 4486 3537 4554 γεγενημένων
3570 4487 3662 4550 εὶς
3687 4484 3802 4549 τὴν

861 4556 924 4608 de
955 4556 1019 4608 ab
1053 4555 1209 4608 initio
1238 4554 1520 4607 utilitatem
1551 4552 1798 4606 contulit.
2448 4552 2455 4554 “

2448 4552 2455 4554 “
2478 4552 2793 4625 ἀνθρώπου
2826 4552 3179 4625 εὐεργεσίαν
3200 4552 3281 4620 ήέξ
3312 4552 3526 4623 ἀρχῆς.

611 4661 691 4717 Ex
718 4675 823 4730 quo
858 4662 1003 4716 hunc
1028 4662 1229 4727 optime
1268 4669 1627 4730 temperatum
1666 4662 1923 4714 mundum
1962 4676 2119 4716 crea-

2299 4667 2438 4720 Ἀλλ’
2484 4668 2576 4737 ἀφ’
2631 4663 2801 4738 οὗπερ
2838 4668 2989 4721 τόνδε
3034 4668 3127 4721 τὸν
3172 4668 3543 4739 παναρμόνιον
3591 4668 3800 4737 κόσμον

539 4752 623 4806 vit
649 4753 815 4818 Deus,
846 4753 1016 4807 variis
1056 4752 1220 4806 simul
1252 4752 1535 4807 beneﬁciis
1573 4762 1825 4808 naturam
1876 4765 2117 4809 nostram

2217 4758 2669 4829 ἐδημιούργησεν,
2718 4762 2838 4823 ταῖς
2862 4760 3135 4823 ποικίλαις
3164 4759 3505 4831 εὐεργεσίαις
3530 4760 3638 4829 τὴν
3670 4763 3803 4831 ἡμε-

542 4844 805 4898 cumulat.
827 4843 893 4898 Et
924 4845 1098 4912 primo
1128 4842 1348 4912 quidem
1373 4857 1492 4896 eam
1526 4858 1645 4911 quae
1675 4859 1779 4899 non
1817 4852 1935 4898 erat
1967 4845 2112 4911 fecit,

2219 4847 2384 4917 τέραν
2414 4849 2694 4912 ἐπικλύζει
2734 4850 2897 4918 φύσιν
2930 4854 2958 4904 ὁ
2986 4850 3243 4921 Ποιητής.
3286 4852 3396 4904 Καὶ
3434 4849 3662 4920 πρῶτον
3704 4850 3803 4920 μὲν

543 4945 599 4990 et
628 4934 916 4991 formatam
943 4934 1648 5004 honoravit,pulveremque
1680 4937 1730 4989 in
1762 4936 1996 4991 hominis
2023 4953 2117 4991 na-

2227 4940 2301 5010 μὴ
2336 4940 2467 4993 ὄντα
2496 4942 2763 5011 πεποίηκε
2796 4943 2891 4996 xui
2914 4942 3256 4996 διαπλάττων
3279 4942 3564 5013 ἐτίμησεν,
3592 4942 3799 4995 καὶτὸν

546 5033 722 5078 turam
750 5032 911 5093 prout
937 5022 1109 5075 voluit
1140 5023 1448 5089 convertit;
1490 5033 1544 5077 et
1573 5025 1800 5079 deformi
1852 5027 1965 5080 luto
1998 5027 2117 5094 pul-

2222 5031 2351 5100 χοῦν
2379 5034 2457 5094 εἰς
2483 5032 2769 5103 ἀνθρώπου
2802 5033 2963 5101 φύσιν
2997 5034 3292 5105 μτέὸαλεν
3319 5035 3393 5097 ὠς
3421 5033 3685 5103 ἠθέλησε.
3713 5033 3801 5085 καὶ

542 5112 905 5168 chritudinem
939 5110 1099 5166 simul
1129 5113 1469 5181 animamque
1500 5114 1721 5185 806m
1753 5115 1988 5186 largitus
2010 5126 2115 5181 est,

2226 5119 2303 5187 τῷ
2353 5120 2582 5173 δυσειδεῖ
2629 5122 2784 5192 πηλῷ
2832 5124 3028 5187 κάλλος
3077 5126 3171 5178 καὶ
3226 5125 3401 5196 ψυχὴν
3448 5125 3800 5195 ἐδωρήσατο,

543 5203 824 5259 oculorum
855 5204 1180 5265 claritatem,
1224 5205 1403 5258 vultus
1454 5206 1810 5271 hilaritatem,
1852 5223 2112 5276 genarum

2216 5209 2506 5278 ὀφθαλμῶν
2537 5211 2934 5283 λαμπρότητα,
2990 5214 3087 5268 καὶ
3134 5215 3373 5286 γαλήνης
3425 5214 3800 5282 καθαρότητα.

545 5297 858 5361 levitatem,
895 5294 1090 5363 linguae
1116 5293 1535 5359 ﬂexibilitatem,
1585 5298 1867 5365 sanguinis
1916 5298 2119 5355 rivulos

2220 5300 2312 5353 καὶ
2340 5301 2580 5373 παρειῶν
2607 5305 2879 5375 λειότητα,
2910 5309 3005 5360 καὶ
3034 5306 3281 5378 γλώττης
3306 5307 3627 5377 ἁπαλότητα
3651 5348 3666 5371 ,
3711 5307 3803 5359 καὶ

548 5384 614 5437 ad
646 5382 828 5438 omnia
883 5381 1128 5449 corporis
1164 5380 1539 5437 discurrentes
1587 5386 1853 5452 membra,
1889 5396 1943 5440 et
1988 5400 2119 5442 cou-

2220 5392 2452 5461 αῖματος
2484 5395 2703 5463 ὀχετοὺς
2732 5398 2809 5459 εἰς
2838 5395 3053 5449 ἅπαντα
3089 5397 3183 5450 τοῦ
3215 5397 3466 5467 σώματος
3487 5398 3802 5458 διαθέοντας

548 5490 735 5543 gruam
777 5475 926 5529 carni
980 5473 1164 5529 nervis
1213 5483 1376 5543 atque
1418 5474 1529 5527 culi
1588 5477 1908 5545 rigationem
1962 5480 2123 5533 mini-

2226 5483 2397 5552 μέλη,
2443 5487 2538 5536 καὶ
2587 5486 2806 5556 ἀρδείαν
2849 5489 3175 5559 ἀποχρῶσαν
3230 5490 3395 5559 σαρκὶ
3446 5492 3541 5543 καὶ
3588 5490 3805 5561 νεύροις

548 5578 804 5635 strantes,
835 5569 1040 5623 ossium
1083 5566 1357 5630 duritiem,
1405 5574 1457 5620 et
1490 5565 1820 5623 inclusarum
1874 5570 1958 5625 bis
2004 5586 2123 5625 mc-

2223 5574 2593 5645 χορηγοῦντας
2637 5579 2731 5631 καὶ
2780 5579 3032 5650 δέρματι,
3086 5580 3257 5634 ὀστῶν
3309 5582 3656 5644 ἀντιτυπίαν,
3708 5582 3805 5631 καὶ

622 5721 963 5804 ’.δθαυθηιίε
987 5722 1435 5805 cunctacapitula
1474 5738 1611 5798 opus
1633 5726 1965 5784 constituunt
1992 5745 2215 5800 prorsus
2274 5735 2544 5791 diversum
2606 5738 2800 5794 abillis
2820 5737 3024 5807 jamdiu
3084 5741 3244 5797 editis
3268 5740 3328 5795 S.
3352 5741 3540 5811 Cyrilli
3566 5739 3802 5795 Seboliis

550 5794 619 5849 de
644 5804 1021 5847 incarnatione
1051 5792 1283 5850 Domuu.
