4038 6552
210 418 337 475 Hii

1374 410 1464 467 DE
1498 405 2021 466 INCARN‘ATIONE
2059 406 2317 469 DOMIXI.

3324 405 3464 467 H22

204 537 316 590 τῶν
368 536 426 586 ἐν
473 530 683 596 τούτοις
729 532 1109 602 ἀποκειμένων
1155 528 1367 600 μυελῶν
1397 528 1458 581 re
1498 525 1786 599 χρειῶδες,

1909 528 2160 583 lullarnm
2209 525 2524 589 utilitatem,
2554 535 2612 581 et
2644 532 2912 595 quotquot
2958 523 3062 580 alia
3113 522 3171 578 in
3220 522 3463 578 humano

207 629 303 682 atat
344 625 515 680 τάλλα
549 625 651 677 ὅσα
686 622 779 677 τοῦ
820 623 1162 694 ἀνθρωπίνου
1208 619 1349 684 ζώου
1402 620 1463 672 τὸ
1510 616 1790 689 ὁρώμενον

206 718 346 787 εχει.
382 713 493 767 Καὶ
526 713 663 783 πρὸς
713 710 954 775 τούτοις,
1004 710 1129 764 νοῦν
1176 709 1375 763 ἔδωκεν
1413 707 1657 779 ἡγεμόνα
1696 707 1793 759 καὶ

208 807 573 878 κυϐερνήτην,
612 804 800 873 σοφίας
834 801 1161 874 πληρώσας,
1207 802 1400 873 τέχνης
1442 799 1662 869 ἀπάσης
1698 799 1793 852 καὶ

208 900 522 969 ἐπιστήμης
550 896 860 967 ἐμπλήσας,
906 895 998 948 καὶ
1036 895 1252 963 λογικὸν
1283 894 1530 964 ἀπέφηνε
1556 891 1616 946 τὸ
1640 891 1794 961 πήλι-

210 1008 302 1045 νον
334 990 584 1060 ἄγαλμα,
619 990 712 1042 καὶ
742 988 952 1041 οίκείαν
983 988 1170 1041 είκόνα
1196 986 1467 1057 πεποίηκε
1488 985 1580 1038 τὸν
1612 982 1793 1054 χοῖκὸν

212 1083 531 1155 ἀνδριάντα,
572 1080 634 1134 τὸ
672 1079 899 1151 ἀρχικὸν
948 1078 1042 1133 atat
1082 1078 1545 1150 αὐτοκρατορικδν
1572 1076 1667 1129 καὶ
1700 1075 1794 1145 δη-

217 1173 538 1246 μιουργικὸν
569 1175 635 1244 τῇ
672 1173 833 1243 νοερᾷ
880 1170 1027 1242 ψυχῇ
1060 1169 1155 1224 καὶ
1187 1169 1440 1238 ἀθανάτῳ
1480 1167 1796 1239 δωρησάμεο

214 1281 321 1329 νος.
354 1259 489 1316 Εἶτα
519 1260 743 1332 βασιλέα
784 1260 1017 1330 κτηνῶν,
1050 1259 1147 1312 καὶ
1179 1258 1547 1328 τετραπόδων,
1575 1258 1669 1311 καὶ
1706 1258 1797 1327 ἐρ-

218 1354 418 1418 πετῶν,
453 1351 689 1423 νηκτῶν,
740 1352 834 1405 καὶ
861 1350 1161 1421 ἀμφιϐίων,
1202 1350 1297 1403 καὶ
1321 1348 1431 1403 τῶν
1475 1348 1795 1420 ἀεροπόρων

212 1443 443 1517 ὀρνίθων
485 1440 883 1512 ἐχειροτόνησε.
925 1439 1040 1511 Πρὸ
1080 1439 1138 1493 δὲ
1176 1437 1381 1493 τούτων
1430 1438 1619 1508 ῶσπερ
1675 1436 1796 1491 τινὰ

216 1529 463 1583 παστάδα
524 1528 889 1601 χαριεστάτην
956 1527 1161 1583 ἀνωθεν
1216 1528 1479 1593 ἐξέτεινεν
1543 1526 1793 1597 οὐρανὸν,

215 1621 485 1690 λειμῶνας
519 1619 764 1691 ἀστέρων
787 1619 1198 1690 ἐγκαταπήξας,
1228 1619 1419 1690 χρείαν
1450 1636 1510 1672 τε
1541 1618 1677 1689 ὁμοῦ
1702 1618 1796 1672 καί

218 1712 408 1782 τέρψιν
437 1711 805 1782 παρέχοντας·
837 1712 989 1782 ἥλιόν
1014 1728 1074 1764 τε
1109 1712 1350 1781 ἀνίσχειν
1380 1710 1672 1774 κελεύσας,
1704 1710 1797 1764 καὶ

1895 617 2114 673 animali
2161 617 2345 672 videre
2373 626 2476 671 est.
2515 615 2579 669 Et
2621 624 2821 684 praeter
2866 614 3004 683 haec,
3054 623 3290 671 mentem
3318 616 3464 670 dedit

1895 710 2087 762 ducem
2131 718 2187 764 et
2218 706 2682 777 gubernatricem,
2710 705 2977 776 sapientia
3010 705 3298 771 imbutam,
3330 708 3466 762 artis

1891 800 2070 853 omnis
2120 798 2469 869 scientiaeque
2505 811 2800 865 capacem;
2831 805 2886 853 et
2929 795 3248 852 rationalem
3303 799 3462 854 exhi-

1894 886 2009 941 buit
2036 885 2236 941 luteam
2269 892 2525 948 statuam,
2555 896 2718 955 atque
2739 884 2807 939 ad
2835 884 3125 955 imaginem
3154 898 3310 940 suam
3335 900 3467 941 con-

1897 974 2148 1030 formavit
2176 976 2487 1046 pulvereum
2508 975 2883 1041 simulacrum,
2926 975 3307 1045 imperativam
3330 978 3464 1041 vim,

1896 1068 2126 1124 liberum
2158 1068 2465 1135 arbitrium,
2499 1077 2555 1124 et
2585 1066 2803 1138 quidvis
2826 1067 3137 1123 fabricandi
3173 1070 3465 1139 potentiam

1898 1160 2249 1216 intellectuali
2282 1159 2685 1230 immortalique
2717 1161 2914 1214 animae
2945 1161 3274 1215 concedens.
3299 1158 3466 1214 Dein-
3504 1197 3513 1227 ,

1896 1252 1963 1307 de
1990 1250 2265 1306 hominem
2298 1251 2624 1317 belluarnm,
2656 1260 2710 1305 et
2734 1251 3171 1322 quadrupedum,
3204 1265 3269 1307 ac
3298 1251 3467 1322 repti-
3503 1236 3511 1253 ”

1897 1341 2092 1406 tilium,
2122 1341 2465 1412 aquatilium,
2495 1350 2552 1397 et
2603 1342 3026 1412 amphibiorum,
3074 1351 3128 1397 et
3168 1342 3466 1397 volatilium

1898 1438 2075 1493 avium
2107 1453 2289 1508 regem
2318 1440 2625 1495 constituit.
2654 1439 2793 1493 Ante
2826 1438 2943 1495 hare
2974 1448 3175 1505 autem,
3200 1437 3467 1508 quoddam

1900 1530 2065 1585 veluti
2090 1528 2548 1600 iucundissimum
2584 1529 2895 1585 cubiculum
2946 1529 3180 1597 desuper
3223 1527 3469 1581 extendit

1897 1617 2117 1683 cmlum,
2153 1616 2392 1673 siderum
2438 1618 2784 1673 amoenitates
2839 1618 3107 1680 inserens,
3150 1630 3275 1686 quae
3310 1629 3465 1671 usum

1897 1707 2057 1763 simul
2106 1707 2627 1777 delectationemque
2682 1708 2925 1778 praebent
2964 1707 3174 1763 :solem
3209 1707 3341 1762 oriri
3380 1705 3469 1776 ju-

217 1776 460 1865 δύεσθαι,
654 1803 829 1855 ποιεῖν
860 1776 1101 1872 λημέρας
1165 1776 1267 1854 καῖ
1304 1801 1525 1865 νύκτας,
1574 1801 1671 1854 καὶ
1720 1799 1797 1871 τῷ

1909 1806 2032 1859 betts
2053 1814 2109 1858 et
2136 1806 2481 1870 occumbere,
2511 1803 2738 1872 diesque
2763 1813 2818 1857 et
2860 1812 3048 1858 noctes
3079 1801 3315 1866 efﬁcere,
3344 1816 3471 1856 cur-

218 1894 404 1965 δρόμῳ
452 1894 543 1947 τὸν
599 1893 791 1964 χρόνον
856 1865 1107 1965 μετρεῖν·
1164 1894 1395 1964 σελήνην
1444 1893 1651 1961 φθίνειν
1704 1865 1798 1945 καὶ

1909 1910 2075 1960 suque
2102 1909 2201 1949 suo
2232 1904 2473 1963 tempora
2512 1895 2695 1949 metiri
2723 1909 2738 1959 ;
2769 1894 2952 1948 lunam
2977 1892 3146 1949 minui
3178 1901 3232 1948 et
3263 1892 3468 1963 augeri,

221 1984 471 2054 πλήθειν,
509 1984 601 2037 καὶ
625 1986 742 2047 ταῖς
774 1986 1002 2046 πυκναῖς
1034 1984 1359 2054 μεταϐολαῖς
1384 1986 1533 2055 ῆδειν
1564 2001 1625 2037 τε
1661 1983 1797 2055 ὁμοῦ

220 2077 317 2130 καὶ
354 2076 640 2146 σημαίνειν
670 2074 869 2129 κύκλον
898 2075 988 2127 τὸν
1015 2075 1313 2128 ἐνιαύσιον·
1343 2075 1447 2145 γῆν
1470 2075 1527 2129 δὲ
1553 2075 1800 2129 κάτωθεν

222 2166 578 2239 ὑπεστόρεσε,
612 2167 703 2219 καὶ
732 2165 977 2220 ποικίλον
1015 2166 1153 2235 αὐτῇ
1186 2166 1392 2235 κόσμον
1422 2166 1655 2219 δέδωκεν
1675 2207 1689 2230 ,
1720 2166 1802 2228 είς

221 2258 363 2329 ἄλση
390 2258 484 2311 καὶ
513 2257 638 2329 λήῖα
671 2258 766 2309 καὶ
799 2256 1073 2327 λειμῶνας
1106 2255 1383 2328 διακρίνας
1405 2271 1420 2285 ·
1464 2256 1568 2327 ὅρη
1598 2256 1801 2326 κιρτώ-

223 2366 326 2411 σας
349 2350 426 2411 είς
457 2347 623 2417 ὕψος,
672 2348 768 2401 καὶ
796 2348 974 2411 νάπας
1008 2347 1279 2410 κοιλάνας,
1308 2346 1402 2400 καὶ
1435 2348 1594 2399 πεδία
1636 2346 1804 2400 ὕπτια

226 2437 323 2490 καὶ
356 2436 574 2489 ίσόπεδα
602 2435 803 2501 δείξας,
848 2437 944 2490 καὶ
974 2437 1156 2508 πηγάς
1195 2436 1513 2500 ἀναϐλύζειν
1558 2438 1615 2489 ἐν
1654 2437 1804 2507 μέσῳ

224 2528 522 2591 κελεύσας,
583 2530 679 2581 καὶ
740 2528 1020 2599 ποταμοὺς
1087 2526 1299 2597 τρέχειν
1359 2528 1641 2592 ἄπαυστα,
1711 2528 1807 2581 καὶ

224 2618 390 2674 τᾶλλα
418 2618 516 2671 ὅσα
546 2617 648 2687 γῆν
676 2615 1004 2680 καλλωπίζει
1029 2614 1125 2669 καὶ
1150 2614 1439 2669 θάλατταν.

224 2817 305 2873 1".
344 2816 449 2871 Διὰ
485 2817 544 2869 τί
589 2814 694 2868 τὸν
721 2814 1042 2884 ἄνθρωπον
1077 2816 1579 2883 προσηγόρευσεν·
1610 2813 1804 2883 Ἀδάμ.

299 2930 456 2983 Οὖτω
479 2928 891 2999 δημιουργήσας
917 2927 1007 2981 τὸν
1032 2926 1251 2998 πρῶτον
1273 2926 1581 2997 ἄνθρωπον,
1612 2926 1710 2980 καὶ
1740 2928 1807 2998 τῇ

225 3019 399 3073 ιίκόνι
432 3020 673 3089 τιμήσας
705 3018 801 3072 καὶ
829 3017 910 3088 τῷ
939 3017 1133 3085 πλήθει
1172 3017 1284 3071 τῶν
1312 3017 1534 3087 δωρεῶν
1572 3017 1782 3071 ἀποκλύ

228 3128 354 3176 σας,
394 3109 607 3180 τίθησιν
633 3109 782 3180 αὺτῷ
819 3110 882 3163 τὸ
906 3109 1008 3181 τῆς
1034 3108 1250 3178 φύσεως
1281 3108 1482 3179 ὄνομα·
1501 3108 1671 3178 Ἀδὰμ
1699 3108 1808 3179 γὰρ

1902 1988 2124 2055 suisque
2156 1986 2531 2055 frequentibus
2574 1984 3000 2040 revolutionibus
3025 1982 3300 2039 delectare
3323 1985 3471 2053 pari-

1905 2084 2007 2138 ter,
2035 2082 2090 2127 et
2130 2088 2371 2128 annuum
2401 2072 2666 2127 circulum
2717 2070 3045 2141 significare.
3070 2070 3191 2126 iam
3225 2072 3471 2127 tellurem

1902 2165 1992 2219 hic
2018 2164 2247 2220 inferius
2276 2166 2595 2230 substravit,
2640 2164 2798 2232 eique
2834 2164 3041 2219 varium
3080 2175 3331 2219 ornatum
3375 2164 3475 2218 de-

1904 2254 2002 2317 dit,
2040 2254 2213 2320 silvis,
2241 2256 2406 2317 arvis,
2437 2255 2721 2325 pratisque
2761 2253 3097 2324 distinguens
3118 2292 3133 2317 ,
3181 2264 3392 2309 montes
3422 2254 3475 2309 in

1904 2343 2267 2398 sublimitates
2301 2360 2559 2408 curvans,
2591 2344 2761 2398 valles
2787 2358 3081 2409 excavans,
3114 2358 3335 2415 campos
3381 2359 3477 2399 su-

1906 2436 2063 2504 pinos
2091 2436 2495 2506 aequabilesque
2524 2438 2837 2502 ostendens,
2876 2435 3160 2506 fontesque
3200 2436 3269 2490 de
3306 2436 3479 2491 medi-

1908 2527 2062 2581 tullio
2108 2529 2376 2583 seaturire
2412 2527 2632 2596 iubens,
2684 2536 2740 2581 et
2780 2525 3002 2581 flumina
3029 2526 3341 2597 perenniter
3364 2526 3476 2583 dis-

1904 2632 2149 2683 currere,
2182 2628 2345 2688 atque
2374 2618 2479 2673 alia
2524 2618 2710 2673 omnia
2764 2624 3032 2688 quotquot
3066 2623 3265 2672 terram
3300 2630 3477 2673 mare-

1907 2724 2011 2779 que
2041 2720 2328 2765 exornant.

2084 2822 2172 2878 lll.
2206 2821 2318 2878 Cur
2347 2824 2609 2879 hominem
2642 2823 2983 2893 appellaverit
3012 2822 3301 2877 Adamum.

1983 2937 2118 2993 Cum
2148 2936 2227 2991 sic
2253 2936 2487 3006 primum
2529 2935 2802 2990 hominem
2852 2932 3205 3000 condidisset,
3245 2941 3303 2988 et
3345 2932 3481 2989 ima-

1912 3028 2057 3098 ginis
2111 3041 2225 3082 suae
2296 3026 2503 3111 honore
2562 3024 2840 3091 auxisset,
2903 3022 3480 3101 donorumque-copia

1912 3118 2207 3182 obruisset,
2246 3129 2439 3170 nomen
2485 3114 2536 3170 ei
2563 3122 2769 3170 naturae
2802 3112 2972 3183 ipsius
3001 3112 3278 3183 proprium
3311 3112 3482 3183 impo-

229 3203 397 3256 αὑτὸν
424 3202 905 3273 προσηγόρευσεν·
949 3200 1108 3255 τοῦτο
1147 3201 1205 3254 δὲ
1248 3201 1342 3254 τὸν
1386 3201 1515 3271 χοῦν
1561 3200 1806 3272 δηλοῖτῇ

1915 3211 2021 3267 snit
2049 3229 2064 3277 ;
2088 3209 2289 3264 etenim
2315 3208 2581 3263 Adamum
2612 3206 2964 3276 nuncupavit,
2988 3203 3132 3274 quod
3159 3201 3480 3260 vocabulum

244 3293 511 3364 Ἐϐραίων
542 3294 715 3363 φωνῇ.
739 3293 855 3345 Μία
884 3292 940 3345 δὲ
963 3292 1058 3346 καὶ
1083 3291 1224 3362 αὕτη
1252 3291 1383 3363 περὶ
1411 3292 1502 3345 τὸν
1528 3292 1812 3363 ἄνθρωπον

229 3383 553 3454 κηδεμονία.
612 3384 831 3454 Ἐπειδὴ
877 3382 987 3454 γὰρ
1038 3382 1229 3452 ἔμελλε
1274 3382 1550 3448 τοσούτοις
1590 3384 1816 3452 ἀγαθοῖς

231 3475 613 3546 ἐντρυφήσειν,
653 3475 747 3527 κα)⁸
794 3474 1063 3527 τοσούτων
1105 3476 1288 3545 ἄρχων
1334 3474 1678 3545 ἀνηγορεύθη
1720 3477 1817 3529 καὶ

236 3567 509 3636 βασιλεὺς,
542 3567 630 3620 ἵνα
664 3566 740 3637 μὴ
773 3564 853 3636 τῷ
879 3564 1076 3636 πλήθει
1103 3566 1210 3619 τῶν
1244 3566 1462 3636 δωρεῶν
1489 3567 1815 3638 ὑπερμαζή-

238 3675 359 3723 σας,
416 3659 512 3713 καὶ
558 3658 636 3730 τῷ
687 3658 812 3728 ὕψει
853 3659 955 3729 τῆς
1000 3658 1294 3729 ἡγεμονίας
1337 3659 1598 3731 ἐπαρθεὶς
1643 3678 1817 3713 κατα-

238 3749 509 3819 σκιρτήση
534 3747 627 3801 τοῦ
661 3747 967 3813 κτίσαντος,
1013 3750 1109 3801 καὶ
1144 3748 1409 3819 μεγίστην
1454 3750 1518 3801 ἐκ
1567 3750 1667 3818 τῆς
1719 3766 1815 3801 τυ-

238 3833 483 3902 ραννίδος
544 3834 915 3903 ἀπενέγκηται
975 3834 1222 3905 βλάϐην,
1271 3836 1412 3891 κατὰ
1465 3837 1555 3889 τὸν
1601 3838 1816 3909 πρῶτον

235 3926 550 3996 ἀποστάτην
582 3927 785 3979 ἐκεῖνον
813 3927 903 3982 τὸν
932 3927 1007 3991 ὡς
1050 3928 1335 4000 ἀστραπὴν
1367 3932 1430 3982 ἐκ
1460 3931 1554 3983 τοῦ
1582 3929 1815 4000 ούρανοῦ

237 4014 474 4068 πεσόντα
502 4014 571 4067 δι’
592 4015 936 4079 ἀλαζονείαν,
968 4018 1285 4085 ἀναγκαίως
1302 4021 1330 4071 ό
1360 4019 1521 4087 σοφὸς
1546 4020 1657 4072 τῶν
1679 4020 1817 4072 ὅλων

238 4104 504 4175 πρύτανις
533 4106 757 4160 κωλύων
784 4107 949 4161 αὑτοῦ
987 4111 1080 4162 τὸν
1124 4110 1286 4177 ὄγκον
1314 4109 1407 4162 τοῦ
1447 4112 1814 4181 φρονήματος,

246 4194 423 4265 Ἀδάμ
457 4198 921 4268 προσηγόρευσεν,
970 4199 1056 4251 ἵνα
1092 4201 1156 4252 ἐκ
1184 4201 1285 4269 τῆς
1325 4202 1698 4273 προσηγορίας
1732 4204 1818 4255 ἐν-

240 4286 378 4339 νοῶν
404 4285 504 4357 τὴν
540 4288 889 4355 συγγένειαν,
916 4289 1013 4341 καὶ
1051 4289 1152 4351 τάς
1179 4291 1435 4361 ἀφορμὰς
1464 4292 1563 4363 τῆς
1599 4294 1817 4361 φύσεως

238 4374 610 4446 λογιζόμενος,
640 4378 733 4431 καὶ
760 4378 851 4431 τὸν
894 4379 1158 4450 πρόγονον
1185 4382 1314 4452 χοῦν
1342 4382 1450 4453 πρὸ
1480 4383 1588 4437 τῶν
1615 4384 1820 4453 ὀφθαλ-

1916 3306 1968 3359 in
2022 3302 2371 3358 Hebraeorum
2428 3300 2605 3370 lingua
2654 3297 2930 3369 pulverem
2983 3296 3275 3367 significat.
3309 3295 3484 3364 Atque

1913 3397 2029 3451 haec
2054 3394 2218 3449 etiam
2266 3407 2394 3462 erga
2435 3391 2711 3446 hominem
2750 3387 3087 3458 providentia
3117 3386 3336 3458 807m
3362 3384 3482 3440 fuit.

1915 3483 2049 3539 Nam
2084 3482 2209 3551 quia
2253 3480 2421 3535 tantis
2446 3477 2605 3534 bonis
2632 3476 2899 3531 fruiturus
2928 3484 3070 3540 erat,
3109 3484 3298 3544 totque
3329 3487 3485 3529 crea-

1915 3583 2160 3628 turarum
2195 3572 2451 3639 princeps
2478 3568 2808 3624 constitutus
2836 3576 2957 3623 erat
2985 3576 3043 3621 et
3066 3582 3183 3631 rex,
3212 3580 3279 3620 ne
3316 3566 3487 3620 dono-

1919 3679 2035 3718 rum
2063 3661 2412 3718 multitudine
2442 3659 2729 3715 lasciviens
2767 3670 2822 3714 et
2869 3659 3207 3728 principatus
3249 3656 3484 3713 excelsi-

1918 3766 2027 3810 tate
2080 3755 2255 3808 elatus
2323 3753 2586 3806 adversus
2639 3748 2954 3805 Creatorem
3007 3749 3255 3818 petulans
3308 3748 3485 3812 fieret.

1919 3848 2321 3913 rriaximumque
2352 3859 2417 3897 ex
2452 3843 2552 3897 hac
2582 3841 2748 3897 veluti
2785 3840 3070 3911 tyrannide
3098 3838 3485 3894 detrimentum

1916 3947 2156 4006 caperet,
2193 3950 2342 3989 more
2391 3934 2533 3988 illius
2566 3932 2727 4002 primi
2774 3940 3061 3999 apostatze,
3106 3929 3197 3999 qui
3230 3939 3489 3996 tanquam

1918 4027 2094 4094 fulgur
2135 4026 2402 4094 superbiae
2445 4038 2556 4078 sua:
2602 4036 2766 4077 causa
2812 4020 2952 4075 caelo
2981 4018 3182 4074 excidit
3214 4020 3255 4082 ι,
3298 4032 3490 4072 neces-

1919 4117 2065 4171 sario
2117 4116 2337 4184 sapiens
2398 4128 2579 4168 rerum
2633 4112 2876 4167 omnium
2925 4121 3167 4174 curator,
3220 4119 3485 4165 tumorem

1920 4208 2089 4276 ipsius
2117 4205 2314 4260 mentis
2344 4204 2728 4275 comprimens,
2762 4203 3029 4257 Adamum
3080 4200 3397 4271 appellavit,
3427 4211 3488 4254 ut

1919 4314 1985 4353 ex
2011 4298 2231 4353 nomine
2260 4296 2629 4351 conditionem
2674 4308 2831 4350 suam
2867 4302 3150 4362 reputans,
3186 4303 3240 4347 et
3280 4301 3488 4347 natura:

1922 4387 2214 4459 primordia
2250 4385 2631 4449 considerans,
2674 4391 3070 4453 parentemque
3117 4396 3276 4435 suum
3308 4380 3493 4451 pulve-

243 4468 364 4536 μῶν
389 4466 684 4537 θεώμενος,
708 4469 901 4522 ἑαυτὸν
933 4470 1032 4539 μὲν
1063 4471 1325 4543 γνωρίζῃ,
1349 4477 1629 4546 προσκυνῇ
1649 4474 1704 4528 δὲ
1728 4475 1806 4529 cei

1925 4494 2039 4533 rem
2086 4493 2196 4547 pra:
2242 4474 2413 4530 oculis
2447 4474 2674 4537 habens,
2715 4487 2774 4528 se
2823 4473 2997 4541 ipsum
3027 4472 3247 4540 quidem
3292 4484 3492 4540 cogno-

240 4559 511 4629 τοσαύτην
580 4559 911 4630 εὐπρέπειαν
969 4562 1119 4632 αύτῷ
1174 4566 1269 4617 καὶ
1331 4565 1806 4635 μεγαλοπρέπειαν

1924 4536 2121 4632 sceret,
2146 4566 2403 4621 adoraret
2427 4573 2607 4618 autem
2629 4536 2803 4629 illum,
2823 4536 2915 4631 qui
2938 4536 3144 4615 tantum
3168 4561 3217 4615 ei
3241 4536 3492 4616 decorem

238 4646 663 4717 δωρησάμενον·
730 4646 868 4718 αὓτη
938 4648 1128 4720 πρώτη
1191 4652 1320 4722 περὶ
1376 4651 1467 4704 τὸν
1526 4652 1815 4724 ἄνθρωπον

243 4737 458 4807 ἐδείχθη
490 4738 584 4791 τοῦ
619 4739 853 4810 Ποιητοῦ
897 4740 1033 4810 μετά
1056 4742 1154 4811 τὴν
1178 4741 1535 4813 δημιουργίαν
1565 4743 1814 4814 πρόνοια·

243 4826 417 4891 οὕτως
447 4829 505 4896 ἐξ
540 4832 712 4901 ἀρχῆς
737 4830 824 4885 οίά
854 4849 939 4896 τις
972 4833 1153 4903 πατὴρ
1201 4834 1297 4886 καὶ
1327 4834 1509 4905 ίατρὸς
1540 4835 1635 4888 καὶ
1666 4834 1817 4888 διδά-

245 4920 465 4986 σκαλος,
516 4925 736 4993 κοσμῶν
782 4925 917 4994 ὁμοῦ
966 4926 1059 4978 καὶ
1110 4925 1374 4995 ίατρεύων
1422 4926 1515 4981 καὶ
1554 4926 1821 4983 διδάσκων

246 5009 411 5062 αὐτὸν
438 5012 533 5081 τὴν
563 5014 785 5083 ἀρετὴν,
821 5016 1137 5070 διετέλεσεν.

245 5146 322 5197 Δ’.
348 5145 449 5198 Διὰ
472 5146 527 5198 τί
553 5148 667 5216 τὴν
694 5149 947 5220 γυναῖκα
978 5151 1046 5203 ἐκ
1070 5150 1176 5219 τῆς
1212 5151 1478 5220 πλευρᾶς
1506 5151 1816 5223 ἐδημιούρ-

958 5237 1126 5291 mae.

320 5326 508 5391 Οὕτως
540 5331 701 5383 αὐτὸν
739 5333 1041 5398 διαπλάσας
1067 5375 1081 5400 ,
1128 5334 1300 5399 οὕτως
1342 5335 1815 5407 προσαγορεύσας.

252 5417 447 5487 βοηθὸν
479 5420 626 5490 αὐτῷ
672 5423 767 5474 καὶ
814 5426 1075 5496 συνεργὸν
1123 5427 1217 5480 καὶ
1259 5426 1352 5478 τοῦ
1390 5426 1507 5497 βίου
1564 5427 1821 5479 κοινωνὸν

250 5514 593 5582 παραχρῆμα
636 5513 1094 5587 ἐδημιούργησεν·
1147 5519 1247 5571 οὐκ
1288 5520 1351 5572 ἐκ
1403 5519 1569 5590 μόνης
1612 5518 1668 5572 δὲ
1723 5518 1823 5587 τῆς

252 5595 395 5668 γῆς,
436 5597 511 5661 ὡς
560 5601 646 5652 ἐπ’
688 5602 917 5670 ἐκείνου,
967 5605 1229 5675 λαμϐάνει
1274 5605 1371 5670 τὰς
1416 5606 1670 5676 ἀφορμὰς
1721 5608 1819 5678 τῆς

325 5798 341 5828 ⁸
384 5797 488 5855 lsa.
520 5815 629 5861 xlv,
669 5798 748 5852 t2.

1924 4676 1988 4716 ac
2010 4659 2415 4741 speciositatem
2444 4655 2686 4710 donavit.
2721 4653 2901 4708 Prima
2928 4652 3044 4707 haec
3061 4666 3192 4722 erga
3217 4653 3491 4709 hominem

1926 4750 2173 4807 Factoris
2199 4756 2321 4819 post
2353 4745 2685 4802 creationem
2714 4742 3057 4815 providentia
3089 4744 3321 4799 exstitit.
3354 4744 3429 4798 lta
3448 4744 3496 4799 is

1920 4845 2032 4917 jam
2060 4843 2185 4897 inde
2209 4841 2279 4896 ab
2310 4840 2488 4902 initio,
2513 4852 2615 4893 ceu
2648 4845 2802 4906 pater
2831 4835 3049 4906 quidam
3080 4845 3135 4890 et
3168 4834 3408 4891 medicus
3437 4844 3494 4891 et

1921 4934 2198 5003 magister,
2228 4944 2438 4986 ornans
2469 4928 2629 4985 simul
2658 4937 2715 4983 et
2757 4939 2959 4983 sanans
2991 4926 3361 4994 virtutemque
3399 4924 3495 4979 do-

1922 5039 2072 5091 cens,
2095 5039 2153 5079 se
2184 5022 2370 5093 gessit.

2029 5160 2115 5214 IV.
2153 5158 2262 5213 Cur
2308 5161 2577 5212 mulierem
2609 5172 2674 5210 ea:
2713 5158 2811 5211 viri
2844 5155 3005 5210 latere
3046 5153 3376 5225 formaverit.

2006 5338 2300 5409 Posrquam
2356 5355 2479 5395 eum
2529 5340 2602 5395 ita
2657 5337 2988 5393 formaverat
3043 5345 3205 5403 atque
3251 5328 3492 5400 appella-

1927 5438 2100 5494 verat,
2156 5430 2477 5484 auxiliarem
2511 5429 2684 5483 eidem
2715 5437 2771 5481 et
2811 5424 3235 5495 coaperatricem
3266 5422 3495 5488 vitaeque

1926 5520 2164 5575 sodalem
2203 5518 2349 5574 illico
2379 5517 2689 5573 fabricavit.
2733 5515 2886 5571 Haud
2929 5524 3107 5569 tamen
3146 5527 3217 5569 ex
3251 5510 3363 5567 sola
3391 5519 3494 5564 ter-

1926 5624 2005 5674 ra,
2045 5611 2184 5666 sicut
2207 5611 2260 5666 in
2296 5612 2409 5683 ipso
2440 5610 2664 5677 fecerat,
2715 5607 2992 5665 materiam
3024 5604 3301 5677 plasmatis
3347 5615 3494 5657 sum-
