4038 6530
606 378 745 433 ΗνΞῦ

1593 382 1652 439 S.
1688 380 1963 439 CYRILLI
1994 383 2466 443 ALEXANDRINI
2506 387 2830 445 ARCHIEI’.

3726 404 3857 457 143$

602 498 746 564 psit;
778 494 871 550 sed
903 508 1063 550 unam
1095 510 1159 549 ex
1182 496 1285 551 viri
1308 497 1477 552 costis
1495 500 1735 569 capiens,
1756 510 1918 570 atque
1949 502 2049 557 hac
2075 516 2148 557 cet

2274 503 2634 569 διαπλάσεως,
2663 505 2800 560 ἀλλὰ
2835 506 2963 577 μίαν
2993 506 3102 561 τῶν
3134 509 3379 581 πλευρῶν
3410 513 3621 566 ἐκείνου
3654 514 3851 577 λαϐὼν,

607 587 720 643 basi
743 595 798 642 et
823 586 1177 643 fundamento
1206 596 1383 654 utens,
1414 590 1706 646 femineam
1748 604 1995 649 naturam
2022 610 2173 649 com-

602 676 823 745 posuit:
862 675 1006 730 haud
1057 691 1191 733 sane
1227 680 1469 734 materia:
1516 683 1765 750 penuria,
1805 683 1916 739 sola
1945 686 2086 739 enim
2120 685 2169 740 ei

603 763 861 820 voluntas
895 764 967 819 ad
1001 764 1244 834 cujusvis
1272 768 1349 823 rei
1379 770 1708 826 creationem
1742 772 2059 839 sulliciebat,
2078 777 2174 830 sed

602 852 729 922 quia
788 853 1097 908 concordiae
1155 854 1427 913 vinculum
1484 867 1692 913 naturae
1737 861 1920 916 indere
1976 863 2165 919 voluit.

598 943 828 999 Hortum
867 958 1083 1014 quoque
1112 946 1648 1019 consevit,eumque
1691 949 1886 1019 plantis
1924 954 2169 1023 omnige-

603 1036 687 1091 nis
717 1036 1022 1100 exornavit,
1070 1037 1232 1107 idque
1265 1037 1637 1095 habitaculum
1694 1043 1897 1098 homini
1946 1058 2170 1101 conces-

600 1129 697 1191 sit,
727 1128 974 1199 praebens
1008 1129 1083 1184 illi
1113 1130 1331 1184 virtutis
1365 1131 1710 1196 exercitium,
1744 1133 1884 1187 haud
1925 1132 2166 1190 laborio-

592 1236 720 1275 sum
747 1235 923 1289 neque
957 1220 1111 1275 multi
1136 1220 1355 1276 sudoris
1383 1233 1709 1293 praeceptum
1744 1224 2047 1295 imponens,
2073 1228 2167 1283 sed

599 1311 842 1367 modesto
870 1322 1017 1367 certe
1044 1312 1320 1382 perfacile.

940 1424 1001 1479 ν.
1041 1425 1151 1480 Cur
1181 1428 1230 1481 ei
1271 1427 1433 1498 legem
1465 1431 1821 1488 constituerit.

664 1538 797 1593 Nam
828 1555 951 1595 cum
986 1543 1237 1597 omnibus
1271 1544 1413 1599 horti
1462 1544 1662 1614 plantis
1708 1546 1853 1602 vesci
1896 1562 2017 1604 eum
2053 1548 2169 1617 jus-

594 1628 780 1689 si‘sset.
822 1631 980 1684 unius
1006 1641 1219 1700 gustum
1259 1633 1463 1698 vetuit;
1499 1649 1674 1704 neque
1700 1635 1751 1690 id
1782 1636 1960 1707 ipsum
1989 1648 2163 1694 teme-

593 1734 653 1774 re
681 1720 826 1784 fecit,
846 1721 937 1774 sed
960 1730 1013 1773 ut
1042 1723 1202 1775 homo
1225 1722 1465 1793 808m.
1505 1735 1780 1781 auctorem
1809 1742 1965 1782 suum
1998 1743 2165 1799 agno-

2277 595 2368 647 καὶ
2395 595 2564 667 ταύτῃ
2595 597 2849 669 καθάπερ
2875 599 2980 653 τινὶ
3012 601 3234 670 κρηπῖδι
3264 603 3359 656 καὶ
3384 602 3626 675 θεμελίῳ
3652 610 3853 676 χρησα-

2277 701 2456 753 μενος,
2487 687 2585 756 τὴν
2616 689 2932 755 γυναικείαν
2978 691 3141 759 φύσιν
3185 697 3331 747 ποιεῖ
3357 712 3367 723 ·
3398 696 3499 765 οὐχ
3549 696 3683 767 ὕλης
3720 700 3853 751 ἀπο-

2278 775 2385 847 ρίᾳ·
2418 777 2552 847 μόνη
2589 778 2698 847 γὰρ
2724 778 2871 849 αὐτῷ
2902 780 3069 851 βουλὴ
3104 782 3236 852 πρὸς
3281 784 3375 853 τὴν
3419 786 3562 839 ὅλων
3591 786 3853 857 δημιουρ-

2272 868 2397 934 γίαν
2432 868 2663 937 ἤρκεσεν
2690 886 2703 898 ·
2730 870 2845 922 ἀλλ’
2875 873 2932 923 ἐν
2964 875 3029 942 τῇ
3072 873 3234 941 φύσει
3264 876 3361 944 τῆς
3406 878 3665 947 ὁμονοίας
3698 877 3853 947 θελή-

2277 973 2375 1021 σας
2404 958 2636 1011 ἐνθεῖναι
2663 961 2752 1012 τὸν
2787 960 3102 1032 σύνδεσμον.
3122 966 3345 1019 Φυτεύει
3369 968 3462 1019 καὶ
3498 968 3852 1037 παράδεισον,

2273 1047 2367 1098 καὶ¹
2397 1052 2581 1116 φυτοῖς
2605 1049 2770 1101 αὐτὸν
2815 1055 3157 1123 κατακοσμεῖ
3183 1056 3476 1121 παντοίοις,
3526 1058 3623 1110 καὶ
3670 1059 3857 1111 τοῦτον

2273 1137 2595 1208 ἐνδιαίτημα
2626 1142 2703 1211 τῷ
2731 1143 3006 1214 ἀνθρώπῳ
3056 1147 3359 1215 χαρίζεται,
3406 1148 3663 1212 δεδωκὼς
3710 1150 3857 1219 αύτῷ

2271 1227 2572 1295 γυμνάσιον
2602 1230 2804 1301 ἀρετῆς
2833 1272 2847 1295 ,
2875 1233 3096 1302 ἐντολὴν
3128 1235 3228 1287 οὐκ
3279 1237 3555 1301 ἐπίπονον,
3600 1238 3729 1291 οὐδὲ
3767 1241 3857 1305 γέ·

2270 1334 2480 1386 μουσαν
2508 1320 2759 1391 ίδρῶτος,
2789 1324 2928 1379 ἀλλὰ
2956 1326 3103 1396 μάλα
3136 1329 3501 1399 σωφρονοῦντι
3528 1332 3751 1403 ῥᾳδίαν.

2534 1433 2610 1487 E'.
2652 1435 2756 1489 Διὰ
2791 1437 2850 1489 τί
2872 1439 3059 1506 νόμον
3094 1438 3255 1504 αὐτῷ
3288 1441 3574 1496 τέθεικεν.

2342 1541 2566 1595 Πάντων
2598 1544 2704 1617 γὰρ
2732 1545 2840 1599 τῶν
2869 1548 3050 1616 φυτῶν
3086 1550 3181 1603 τοῦ
3210 1553 3540 1623 παραδείσου
3582 1555 3858 1620 κελεύσας

2270 1631 2597 1699 ἀπολαύειν,
2650 1638 2768 1701 ἐνὸς
2810 1640 3158 1712 ἀπηγόρευσε
3216 1646 3315 1715 τὴν
3360 1644 3707 1717 μετάληψινο
3760 1649 3858 1718 οὑχ

2270 1724 2457 1790 ἁπλῶς
2483 1728 2603 1780 οὐδὲ
2640 1729 2799 1783 τοῦτο
2841 1732 3182 1801 πεποιηκὼς,
3218 1734 3333 1788 ἀλλ’
3360 1735 3447 1789 ἵνα
3490 1737 3583 1789 τὸν
3617 1754 3856 1807 πεποιηο

592 1823 792 1877 sccret,
824 1824 986 1881 atque
1030 1814 1203 1867 instar
1229 1814 1342 1883 jugi
1376 1815 1656 1884 cujusdam
1688 1816 1856 1888 legem
1888 1818 2148 1875 Creatori:

2270 1813 2403 1868 κότα
2433 1818 2706 1891 γνωρίζῃ,
2738 1821 2834 1873 καὶ
2858 1820 3047 1891 ὥσπερ
3081 1822 3202 1877 τινὰ
3235 1825 3395 1893 ζυγὸν
3422 1827 3523 1899 ἔχῃ
3559 1828 3657 1879 τὸν
3691 1828 3855 1898 νόμον

593 1903 855 1966 haberet;
892 1913 1057 1972 utque
1084 1904 1252 1958 sciret
1293 1920 1351 1958 se
1386 1908 1601 1973 quidem
1632 1909 1685 1962 in
1723 1920 1866 1964 terra
1903 1925 2159 1978 regnare,

591 1994 683 2047 sed
718 2003 898 2047 tamen
936 1994 1217 2049 Factorem
1249 2011 1406 2049 suum
1442 1998 1679 2052 vicissim
1730 2000 1830 2054 sibi
1869 2002 2158 2067 dominari,

482 2118 483 2121 η
590 2097 826 2151 ριίιτοεεο
865 2094 919 2138 et
942 2084 1158 2150 subjici,
1198 2086 1468 2153 imperare
1499 2098 1553 2142 et
1582 2091 1858 2158 imperari,
1890 2093 2089 2150 ducere
2109 2104 2164 2148 et

591 2173 851 2229 duci.Sed
876 2183 929 2227 ct
955 2175 1195 2244 alioquin
1231 2192 1474 2245 congrua
1502 2188 1586 2233 est
1610 2182 1965 2237 rationalibus
2000 2181 2163 2254 legis-

589 2265 719 2320 latio
773 2285 787 2321 :
819 2275 903 2320 est
936 2266 1083 2321 enim
1118 2268 1403 2324 brutorum
1445 2274 1722 2340 pr0prium
1758 2274 1874 2327 sine
1921 2274 2039 2344 lege
2082 2277 2163 2331 vi~

588 2370 735 2409 vere.
787 2354 1098 2410 Mandatum
1155 2368 1337 2412 autem
1387 2360 1529 2413 circa
1577 2372 1755 2415 escam
1802 2360 2036 2418 Creator
2083 2366 2158 2421 illi

589 2443 865 2513 imposuit,
892 2445 1017 2513 quia
1051 2446 1189 2501 alius
1216 2446 1455 2515 cujusvis
1495 2451 1630 2521 legis
1663 2461 1793 2506 tunc
1841 2452 2033 2509 fuisset
2074 2454 2158 2510 in-

588 2535 735 2590 utilis
759 2535 905 2589 latio.
961 2538 1099 2603 Quid
1142 2538 1285 2593 enim
1314 2542 1360 2594 ei
1400 2544 1681 2611 velandum
1730 2546 2057 2602 erat?Num
2092 2565 2158 2605 ne

585 2626 854 2682 occideret
876 2627 900 2680 ?
922 2626 1086 2698 Atqui
1137 2645 1295 2685 nemo
1326 2641 1463 2697 erat,
1503 2634 1554 2688 in
1586 2650 1747 2704 quem
1783 2641 1958 2694 cmdes
1997 2641 2158 2695 cade-

585 2726 687 2772 ret.
720 2716 858 2772 Num
891 2733 957 2773 ne
995 2722 1405 2777 mmeharetnr?
1437 2726 1600 2797 Atqui
1654 2744 1721 2783 ne
1754 2728 1805 2785 si
1836 2732 1995 2786 vellet
2030 2734 2154 2802 qui-

583 2808 704 2863 dem
736 2809 788 2863 id
815 2818 1047 2878 poterat,
1075 2825 1196 2865 cum
1224 2813 1328 2867 alia
1358 2813 1555 2870 femina
1585 2832 1689 2873 non
1721 2832 1888 2875 esset.
1921 2821 2056 2878 Num
2088 2839 2156 2880 ne

581 2899 900 2955 iuraretur?
947 2901 1021 2955 At
1062 2903 1217 2971 cujus
1266 2904 1449 2959 bona?
1498 2906 1705 2965 Cuncta
1757 2912 1903 2966 enim
1955 2914 2007 2969 iu
2037 2915 2154 2985 ejus

582 3000 854 3060 potestate
896 3003 1074 3048 erant.
1116 2993 1245 3049 Erat
1285 2996 1451 3066 igitur
1489 2998 1576 3054 ille
1633 3001 1866 3059 mundus
1922 3005 2149 3074 tempori

480 3104 481 3107 η
581 3094 682 3134 suo
717 3081 1072 3147 conveniens,
1118 3097 1297 3154 neque
1351 3093 1722 3145 tantummodo
1769 3090 1874 3146 illis
1911 3093 2004 3161 qui
2046 3095 2150 3151 duo

2268 1905 2363 1960 τοῦ
2386 1907 2911 1981 δημιουργήσαντος,
2955 1914 3041 1968 ἵνα
3070 1914 3312 1986 γινώσκῃ
3339 1916 3414 1979 ὡς
3444 1918 3727 1987 βασιλεύει
3756 1919 3857 1987 μὲν

2266 1997 2376 2050 τῶν
2408 2002 2464 2052 ἐν
2493 2003 2557 2071 τῇ
2590 2004 2683 2072 γῇ,
2727 2002 3072 2071 βασιλεύεται
3105 2006 3163 2059 δὲ
3194 2007 3298 2060 ὑπὸ
3329 2007 3665 2071 πλάσαντος,
3694 2010 3853 2081 ἄρχει

2261 2089 2361 2141 καὶ
2385 2088 2630 2159 ἄρχεται,
2682 2090 2931 2157 δεσπόζει
2966 2096 3060 2148 καὶ
3114 2095 3455 2161 δεσπόζεται,
3489 2100 3717 2167 ἡγεῖται
3759 2101 3853 2151 καὶ

2262 2174 2477 2243 ἄγεται.
2516 2177 2725 2242 ’Ἄλλως
2766 2180 2823 2232 δὲ
2856 2182 2954 2235 καὶ
2998 2183 3305 2255 πρόσφορος
3338 2188 3370 2257 ἡ
3401 2187 3701 2257 νομοθεσία
3738 2192 3851 2253 toi;

2263 2266 2533 2335 λογικοῖς·
2570 2269 2779 2338 ἀλόγων
2824 2274 2933 2343 γὰρ
2983 2273 3112 2328 ἴδιον
3144 2277 3206 2329 τὸ
3258 2278 3439 2348 νόμων
3478 2281 3655 2351 χωρὶς
3702 2282 3853 2335 πολι-

2258 2355 2535 2411 τεύεσθαι·
2558 2359 2654 2412 τὸν
2683 2360 2739 2415 δὲ
2771 2365 2898 2434 περὶ
2933 2364 3187 2434 βρώσεως
3212 2368 3374 2438 νόμον
3412 2371 3667 2425 τέθεικεν
3700 2372 3852 2443 αύτῷ

2260 2445 2289 2498 ὁ
2320 2447 2575 2519 Ποιητής,
2608 2449 2797 2521 ἐπειδὴ
2821 2454 2929 2506 τῶν
2955 2453 3130 2508 ἄλλων
3155 2458 3335 2528 νόμων
3369 2462 3403 2531 η
3430 2460 3583 2524 θέσις
3610 2466 3850 2533 περιττὴ

2259 2539 2558 2607 τηνικαῦτα
2586 2536 2672 2611 ἦν.
2710 2543 2773 2593 Τί
2803 2545 2909 2615 γὰρ
2934 2546 3081 2616 αὐτῷ
3107 2548 3199 2600 καὶ
3225 2550 3599 2621 ἀπαγορεύειν
3632 2556 3809 2623 ἐχρῆν
3832 2573 3846 2619 ;

2259 2628 2350 2699 Μὴ
2375 2631 2629 2698 φονεῦσαι
2651 2650 2664 2697 ;
2696 2633 2834 2686 Ἀλλ’
2855 2638 2954 2689 οὐκ
2982 2632 3048 2708 ἦν
3075 2640 3103 2692 ὁ
3134 2640 3291 2694 τοῦτο
3320 2645 3669 2714 πεισόμενος.
3689 2648 3852 2699 Ἀλλὰ

2263 2722 2338 2792 μὴ
2374 2725 2689 2794 μοιχεῦσαις
2729 2728 2868 2781 Ἀλλ’
2896 2731 3017 2784 οὐδὲ
3045 2732 3328 2804 βουληθεὶς
3357 2732 3464 2801 οἷός
3500 2756 3568 2792 τε
3595 2736 3671 2811 ἦν
3695 2782 3713 2804 ,
3748 2759 3851 2810 γυ-

2258 2813 2444 2874 ναικὸς
2487 2814 2654 2886 ἄλλης
2693 2818 2795 2871 οὐκ
2822 2818 3009 2891 οὔσης.
3057 2823 3221 2877 Ἀλλὰ
3267 2826 3343 2897 μὴ
3376 2827 3608 2898 κλέψας
3648 2832 3733 2884 Τὰ
3763 2833 3849 2885 τέ-

2254 2922 2373 2972 νος;
2439 2907 2613 2961 Αὐτοῦ
2661 2908 2771 2980 γὰρ
2829 2906 2897 2981 ἦν
2943 2912 3181 2970 ἅπαντα.
3231 2916 3518 2989 Ἁρμόδιος
3570 2923 3762 2976 τοίνυε⁸
3823 2928 3848 2977 ὁ

2254 2996 2459 3066 κόσμος
2483 3000 2691 3063 ἐκεῖνος
2722 2996 2793 3071 ἦν
2822 3002 2900 3073 τῷ
2922 3004 3048 3058 τότε
3081 3007 3281 3079 καιρῷ,
3313 3011 3408 3064 καὶ
3432 3012 3494 3065 οὐ
3532 3014 3704 3082 μόνον
3732 3020 3849 3079 τοῖς

2257 3087 2441 3155 μόνοις
2477 3084 2656 3154 οὖσιν,
2702 3090 2842 3146 ἀλλὰ
2886 3094 2983 3148 καὶ
3034 3097 3269 3163 παιδίοις
3313 3101 3665 3172 ἀρτιγενέσιν
3707 3124 3845 3177 συμ-

580 3169 683 3225 soli
713 3180 891 3239 erant,
924 3185 1115 3227 verum
1147 3174 1309 3232 etiam
1362 3179 1548 3247 pueris
1582 3191 1827 3236 recenter
1848 3184 1998 3239 natis
2024 3185 2149 3241 ido—
2177 3176 2221 3238 (ἓ
2255 3176 2475 3233 ϐαίνων.

579 3277 735 3318 nens.

1036 3354 1121 3411 Vl.
1152 3355 1227 3411 De
1262 3358 1457 3413 Adami
1486 3361 1693 3417 exsilio.

650 3467 759 3523 Sed
796 3477 1091 3542 postquam
1140 3472 1341 3527 invidia
1380 3474 1603 3539 diaboli,
1642 3486 1699 3530 et
1746 3479 1987 3535 mulieris
2017 3480 2148 3534 sim-

579 3559 825 3628 plicitate
866 3574 1111 3615 errorem
1166 3565 1437 3618 commisit
1486 3565 1740 3635 (namque
1780 3569 1921 3623 hanc
1963 3580 2148 3639 utpote

577 3650 892 3707 debiliorem
933 3650 1148 3718 fallens,
1184 3655 1358 3723 primo
1402 3671 1497 3722 per
1538 3658 1734 3726 ipsam,
1775 3674 1873 3713 ceu
1921 3675 2144 3727 persua-

575 3742 750 3798 dendo
784 3742 1074 3811 aptiorem,
1100 3746 1365 3801 Adamum
1396 3734 1593 3803 nostra:
1622 3751 1811 3804 salutis
1844 3753 2014 3808 hostis
2033 3753 2144 3807 cir-

574 3833 890 3905 cumvenit),
916 3835 1102 3905 pulsus
1150 3836 1293 3890 illico
1328 3840 1576 3906 paradiso
1608 3840 1728 3904 fuit,
1759 3851 1812 3896 et
1843 3843 1909 3896 ad
1949 3858 2146 3897 conna-

576 3923 806 3979 turalem
840 3938 994 3978 suam
1044 3934 1246 3980 terram
1275 3928 1533 3983 dimissus
1566 3939 1669 3993 est,
1706 3933 1915 3999 sudori,
1945 3934 2138 3998 labori,

571 4028 934 4084 mrumnmque
964 4016 1196 4082 deditus,
1230 4032 1296 4072 ac
1323 4018 1486 4073 veluti
1520 4020 1672 4075 freno
1715 4024 1966 4090 quodam,
1999 4025 2142 4090 agri-

568 4105 801 4160 culturae
859 4104 1064 4172 labore,
1104 4108 1441 4175 aliorumque
1470 4111 1594 4164 vitae
1629 4112 1889 4167 malorum
1919 4130 2140 4183 perpes-

566 4196 719 4249 sione
752 4195 1102 4250 constrictus.
1134 4196 1272 4262 Quia
1303 4200 1449 4253 enim
1482 4200 1630 4253 illam
1683 4202 1866 4257 labore
1898 4205 2042 4257 omni
2074 4220 2137 4260 ac

568 4283 754 4339 dolore
782 4286 1008 4339 liberam
1039 4285 1205 4341 vitam
1237 4303 1341 4342 non
1368 4303 1490 4343 cum
1524 4300 1680 4358 grato
1707 4292 1891 4347 animo
1915 4294 2132 4360 tulerat,

566 4373 876 4428 calamitate
911 4374 1174 4445 deinceps
1221 4377 1513 4447 implicitus
1543 4379 1661 4445 fuit,
1697 4393 1753 4435 ut
1789 4394 2131 4440 contractum

565 4466 927 4533 prosperitate
976 4468 1227 4522 morbum
1261 4507 1276 4531 ,
1326 4467 1601 4524 laboribus
1636 4472 1948 4541 depelleret.
1992 4474 2127 4530 Tum

561 4556 728 4609 etiam
771 4566 946 4611 morte
983 4558 1195 4626 peccati
1242 4574 1457 4613 cursum
1511 4562 1788 4631 legislator
1822 4565 2131 4635 interrupit,

559 4652 615 4696 ct
645 4656 861 4711 pmnam
895 4645 1065 4713 ipsam
1094 4646 1269 4700 instar
1288 4648 1587 4704 clementiae
1613 4652 1811 4707 intulit.
1835 4656 1967 4710 Cum
1986 4657 2131 4712 enim

566 4729 985 4797 transgressioni
1030 4741 1259 4787 mortem
1306 4734 1638 4793 decrevisset
1694 4741 1997 4810 legislator,
2042 4746 2130 4799 fa-

561 4824 683 4870 ctus
710 4831 838 4871 vero
888 4828 1263 4888 transgressor
1307 4824 1470 4881 homo
1514 4827 1568 4887 in
1619 4844 1739 4884 eam
1785 4848 2000 4902 poenam
2049 4837 2132 4891 in-

560 4908 841 4974 currisset,
889 4925 1110 4979 operam
1158 4913 1247 4968 ille
1299 4915 1446 4970 dedit
1488 4927 1550 4973 ut
1596 4935 1755 4989 pmna
1802 4927 1853 4978 in
1899 4928 2127 4985 salutem

557 5006 827 5064 vergeret.
860 4997 1108 5068 Namque
1139 5001 1241 5055 hoc
1283 5003 1484 5059 animal
1520 5023 1666 5063 mors
1712 5011 1983 5080 dissolvit,
2014 5034 2128 5073 ma-

556 5084 686 5139 litiae
716 5090 986 5143 actionem
1020 5091 1184 5158 sistit,
1211 5092 1487 5150 laboribus
1516 5098 1809 5166 subtrahit,
1838 5107 2126 5163 sudoribus

560 5174 777 5240 liberat,
812 5178 1093 5235 doloribus
1138 5183 1395 5253 curisque
1457 5188 1641 5255 eripit,
1694 5191 1853 5247 linem
1882 5200 2125 5266 corporis

556 5265 795 5335 809m.
824 5270 1051 5337 imponit
1090 5276 1453 5341 passionibus.
1494 5279 1668 5335 Tanta
1710 5265 1988 5342 nimirum
2016 5290 2125 5347 cle-

554 5360 753 5411 mentia
790 5374 1004 5428 puznam
1037 5368 1357 5435 temperavit
1382 5368 1543 5439 judex
1570 5373 1584 5426 l

557 5549 665 5609 ΥΙΙ.
699 5556 869 5621 Quam
911 5562 1112 5649 ingrati
1151 5564 1385 5649 homines
1416 5568 1637 5637 fuerint,
1672 5585 1719 5629 et
1753 5594 1909 5646 quam
1939 5584 2117 5649 1)ιόιοί-

1028 5636 1125 5687 dus
1170 5636 1327 5702 Deus,
1356 5651 1626 5697 narratur.
1765 5636 1775 5646 ’
1939 5636 1961 5649 ’⁷

622 5736 726 5793 Sed
770 5739 902 5793 nihil
940 5742 1061 5799 inde
1104 5761 1273 5811 genus
1299 5750 1579 5830 hominum
1624 5754 1891 5825 ingratum
1930 5773 2113 5828 perce-

2507 3362 2597 3428 σν.
2634 3364 2774 3432 Περί
2807 3366 2918 3435 τῆς
2950 3368 3190 3440 ἐξορίας
3223 3375 3331 3429 τοῦ
3369 3372 3565 3447 Ἀδάμ.

2337 3473 2553 3545 Ἐπειδὴ
2579 3474 2633 3529 δὲ
2658 3476 2835 3547 φθόνῳ
2862 3480 3107 3535 διαϐόλου
3125 3523 3139 3547 ,
3182 3486 3277 3539 καὶ
3308 3491 3573 3555 γυναικὲς
3606 3496 3838 3569 εὐκολία

2253 3563 2352 3635 τὴν
2391 3565 2608 3636 ἀπάτην
2656 3568 2875 3632 ἐδέξατο
2920 3571 3146 3644 (ταύτην
3192 3577 3299 3649 γὰρ
3348 3579 3425 3644 ὡς
3469 3563 3839 3657 ἁπαλωτέραν

2254 3657 2574 3723 φενακίσας,
2607 3659 2872 3731 πρότερον
2900 3664 2968 3716 δι’
2994 3668 3183 3738 αὐτῆς,
3212 3670 3287 3733 ὡς
3311 3675 3719 3747 πιθανωτέρας,
3747 3683 3839 3734 τὸν

2267 3745 2434 3841 Ἀδὰμ
2451 3750 2488 3841 δ
2652 3751 2925 3822 ἡμετέρας
2954 3755 3171 3821 φύσεως
3211 3761 3463 3835 ἀλάστωρ
3499 3745 3832 3841 ἐπολιόρκη-

2254 3835 2388 3896 σεν),
2414 3834 2675 3907 ἐξεϐλήθη
2732 3840 2831 3910 μὲν
2863 3843 3026 3907 εὐθὺς
3053 3845 3148 3900 τοῦ
3182 3834 3534 3921 παραδείσου,
3566 3860 3665 3912 καὶ

2248 3924 2346 3995 τὴν
2377 3928 2616 3998 συγγενῆ
2644 3929 2747 3999 γῆν
2777 3934 3143 4007 παρεπέμφθη
3166 3979 3179 4001 ,
3208 3940 3394 4010 ίδρῶτι
3431 3948 3528 4000 καὶ
3562 3924 3831 4022 πόνῳ

2246 4015 2591 4088 ταλαιπωρίᾳ
2630 4021 3069 4093 συγκληρωθεὶς,
3106 4031 3200 4085 καὶ
3223 4026 3333 4087 οἶόν
3368 4053 3472 4089 τινι
3512 4015 3721 4113 χαλινῷ
3759 4050 3824 4115 τῇ

2247 4108 2483 4180 γηπονία
2530 4111 2624 4165 καὶ
2653 4116 2994 4189 κακοπαθείᾳ
3041 4122 3135 4173 καὶ
3174 4126 3295 4189 ταῖς
3338 4108 3543 4194 ἄλλαις
3572 4134 3669 4187 τοῦ
3692 4108 3825 4206 *βέού

2244 4200 2532 4297 πονηρίαις
2572 4204 2914 4297 παραδοθείς.
2949 4208 3038 4273 Ὠς
3064 4213 3173 4283 γὰρ
3220 4216 3317 4285 τὴν
3357 4219 3560 4275 ἄπονον
3602 4200 3824 4297 ἐκείνην

2242 4290 2338 4342 καὶ
2364 4291 2568 4346 ἄλυπον
2595 4294 2694 4348 οὐκ
2714 4298 2952 4365 ἐνεγκὼν
2981 4304 3341 4376 εὐγνωμόνως
3387 4309 3554 4383 ζωὴν,
3601 4322 3671 4387 τῇ
3703 4319 3821 4371 δυσ-

2240 4382 2449 4453 ημερία
2473 4384 2851 4454 συζεύγνυται,
2879 4392 2966 4445 ἵνα
2997 4395 3095 4466 τὴν
3122 4396 3229 4451 ἀπὸ
3252 4402 3349 4470 τῆς
3390 4382 3698 4477 εὐημερέανς
3726 4430 3819 4479 φε-

2243 4473 2475 4544 ρομένην
2504 4476 2656 4528 νόσον
2709 4478 2795 4533 διὰ
2826 4482 2935 4537 τῶν
2962 4486 3137 4540 πόνων
3170 4473 3644 4567 ἀποσκευάσηται.
3688 4473 3815 4556 Δια-

2237 4562 2426 4617 κόπτει
2471 4566 2528 4618 δὲ
2572 4568 2664 4621 καὶ
2713 4570 2927 4644 θανάτῳ
2973 4576 3065 4631 τὸν
3112 4578 3310 4651 δρόμον
3338 4586 3436 4655 τῆς
3467 4562 3749 4659 ἁμαρτέας
3786 4599 3813 4647 ὁ

2233 4654 2527 4753 νομοθέτης
2551 4698 2565 4721 ,
2621 4660 2713 4712 καὶ
2755 4663 2925 4735 αὐτὴν
2970 4666 3206 4725 δείκνυσι
3240 4674 3336 4744 τὴν
3376 4654 3660 4750 τιμωρίαν
3696 4654 3809 4753 φἰλ-

2231 4743 2577 4843 ανθρωπίαν,
2610 4752 2845 4843 ἔἘπειδὴ
2879 4758 2985 4829 γὰρ
3029 4764 3093 4831 τῇ
3140 4743 3449 4836 παραϐάσει
3501 4743 3807 4843 νομοθετῶν

2231 4837 2517 4903 συνέζευξε
2559 4841 2806 4908 θάνατον,
2852 4850 3109 4918 παραϐὰς
3157 4854 3212 4908 δὲ
3243 4858 3346 4909 ὑπὸ
3387 4861 3489 4929 τὴν
3539 4837 3805 4937 τιμωρίαν

2228 4926 2445 4999 ἐκείνην
2486 4933 2723 4999 ἐγένετο,
2782 4938 3058 5009 οἰκονομεῖ
3096 4944 3194 5014 τὴν
3226 4926 3499 5017 τιμωρίαν
3531 4926 3793 5027 σωτηρίαι,

2227 5020 2500 5086 γενέσθαι.
2535 5024 2748 5078 Διαλύει
2774 5031 2881 5099 γὰρ
2913 5030 3070 5085 τοῦτο
3101 5035 3160 5087 τὸ
3189 5035 3330 5098 ζῶον
3354 5041 3382 5091 ὁ
3422 5020 3779 5108 θάνατοςῖκα

2226 5108 2391 5160 παύει
2424 5111 2523 5179 μὲν
2554 5111 2652 5181 τὴν
2685 5114 2786 5183 τῆς
2828 5120 3091 5188 πονηρίας
3118 5125 3420 5193 ἐνέργειαν,
3464 5131 3799 5189 ἀπαλλάττει

2224 5196 2279 5251 δὲ
2312 5200 2509 5265 πόνων,
2544 5204 2639 5256 καὶ
2668 5205 2904 5274 ἱδρώτων
2928 5209 3223 5283 ἐλευθεροῖ,
3260 5216 3433 5282 λύπας
3457 5224 3552 5274 καὶ
3582 5228 3801 5294 φροντίο

2221 5290 2319 5353 δας
2353 5291 2588 5358 ἐλαύνει,
2634 5296 2786 5360 τέλος
2813 5302 2924 5364 τοῖς
2957 5303 3051 5355 τοῦ
3083 5305 3334 5376 σώματος
3364 5310 3548 5365 δίδωσι
3577 5316 3796 5373 πάθεσι.

2223 5380 2472 5453 Τοσαύτη
2531 5385 2911 5459 φιλανθρωπίᾳ
2970 5391 3068 5463 τὴν
3119 5400 3389 5471 τιμωρίαν
3440 5406 3706 5475 ἐκέρασεν
3768 5412 3803 5462 ὁ

2222 5472 2417 5541 κριτής
2439 5476 2451 5526 l

2218 5584 2291 5638 Z'.
2328 5587 2753 5674 Anjrmncfﬁc
2782 5597 2899 5678 ςῶτ
2925 5599 3252 5678 ἀζθρώξτων
3283 5607 3661 5677 ἀχαριστίας,
3690 5616 3803 5668 καὶ

2569 5672 2679 5731 τῆς
2709 5672 2813 5722 τοῦ
2853 5672 3001 5726 Θεοῦ
3036 5672 3411 5743 κηδεμονίᾰςξ

2302 5770 2441 5824 Ἀλλ’
2481 5775 2631 5830 οὐδὲν
2657 5780 2903 5838 ἐντεῦθεν
2931 5786 2991 5840 τὸ
3034 5788 3326 5860 ἀχάριστον
3357 5795 3514 5860 γένος
3548 5796 3657 5848 τῶν
3692 5798 3801 5850 αν.
