4038 6518
258 371 398 428 M25

1426 374 1511 430 DE
1549 370 2071 431 INCARNATIONE
2105 370 2362 430 DOMfNi‘.

3363 382 3499 442 1426

256 484 494 558 θρώπων
527 482 783 539 ἀπώνατο
803 502 820 517 ο
852 486 1063 557 μείζοσι
1092 488 1149 541 δὲ
1176 488 1595 560 ἀγνωμοσύναις
1620 491 1714 545 τὸν
1741 490 1837 543 £6-

1944 488 2015 557 pit
2042 489 2327 546 utilitatis:
2358 490 2542 548 imoet
2570 493 2846 566 peioribus
2877 495 3161 554 maleficiis
3197 497 3499 555 benefacto-

256 576 489 648 εργέτην
516 575 810 646 ἠμείψατο.
859 578 1035 641 Εὐθὺς
1064 577 1173 650 γάρ
1219 579 1601 649 ἀδελφοκτονία
1626 581 1831 651 τολμᾶ-

254 686 390 732 ται,
441 668 539 723 καὶ
585 667 816 736 φθόνος,
864 668 961 721 καὶ
1004 668 1235 738 ψεῦδος,
1288 672 1579 727 ἀκολασίαι
1622 688 1683 726 τε
1740 673 1834 725 καὶ

255 760 577 828 ἀσέλγειαι,
642 759 887 825 ἀδικίαι,
950 762 1047 814 καὶ
1113 762 1535 834 ἀλληλοφονίαι,
1581 766 1676 818 καὶ
1724 765 1834 819 τῶν

144 885 150 891 -
255 851 556 923 ἀλλοτρίων
592 854 866 925 ἁρπαγαὶ,
914 855 1009 907 καὶ
1051 854 1221 909 τάλλα
1272 856 1375 909 ὅσα
1426 856 1762 926 ἐϐλάστησεν
1799 858 1833 927 ὴ

259 943 502 1013 ἁμαρτία
532 942 700 998 κακά.
740 942 883 997 Ἀλλ’
914 944 1035 998 οὐδὲ
1062 944 1237 1010 οὕτως
1287 945 1317 999 6
1355 945 1590 1017 Ποιητής
1628 948 1693 1018 ἢν
1728 946 1841 1000 διέ-

260 1032 467 1085 πλασεν
498 1033 878 1104 ἀπηγόρευσεν
909 1035 1069 1104 φύσιν
1090 1053 1103 1068 ·
1133 1037 1309 1106 σοφῶς
1336 1037 1395 1091 δὲ
1420 1038 1553 1091 αὐτὸ
1591 1039 1687 1092 καὶ
1728 1037 1836 1093 δια-

259 1122 441 1193 φόρως
480 1123 751 1191 ἐτέλεσεν,
785 1124 1077 1197 ίατρεύων,
1109 1126 1400 1198 ἐπιτιμῶν,
1430 1126 1699 1195 ἐγκαλῶν,
1726 1128 1836 1182 είσ-

258 1212 562 1283 ηγούμενος
598 1215 659 1266 τὸ
708 1214 848 1279 δέον,
887 1216 1290 1286 συμϐουλεύων,
1327 1217 1585 1283 ἀπειλῶν,
1613 1218 1835 1288 ἐπάγων

257 1304 358 1375 τὴν
386 1304 637 1375 ἀπειλὴν,
669 1305 911 1369 κολάζων
931 1308 1057 1369 τοὺς
1082 1309 1376 1379 πονηροὺς,
1405 1309 1683 1380 στεφανῶν
1709 1311 1836 1373 τοὺς

260 1394 498 1463 ἀγαθοὺς
521 1437 535 1457 ,
579 1395 675 1449 καὶ
703 1395 793 1448 τὸν
826 1397 924 1467 μὲν
969 1398 1359 1469 ἀνακηρύττων
1384 1441 1401 1465 ,
1434 1402 1524 1454 τὸν
1573 1400 1629 1453 δὲ
1672 1416 1835 1470 μετα·

260 1486 430 1549 τιθεὶς
452 1526 470 1550 ,
500 1485 591 1540 τὸν
620 1486 677 1539 δὲ
713 1486 857 1557 ξύλῳ
893 1487 1033 1558 μετὰ
1056 1489 1150 1543 τοῦ
1179 1489 1370 1559 γένους
1399 1489 1699 1559 διασὼζων,
1742 1491 1835 1545 καὶ

264 1575 536 1648 σπινθῆρα
571 1579 638 1647 τῇ
688 1576 845 1646 φύσει
889 1578 1181 1651 διατηρῶν,
1212 1579 1519 1645 ἐπικλύζων
1572 1579 1668 1652 τὴν
1705 1579 1837 1651 γῆν,

259 1665 584 1738 διαφθείρων
619 1666 772 1720 ὐδατι
803 1668 929 1731 τοὺς
958 1669 1193 1739 ἐργάτας
1220 1672 1320 1741 τῆς
1345 1671 1631 1743 πονηρίας,
1654 1670 1834 1735 αὔξων

261 1751 417 1820 αὖθις
443 1758 504 1811 τὸ
532 1754 869 1828 ἀνθρώπινον
896 1759 1053 1827 γένος
1070 1801 1083 1823 ,
1120 1763 1373 1833 μερικαῖς
1399 1761 1697 1834 τιμωρίαις
1720 1779 1836 1817 κοι-

260 1846 356 1910 νάς
398 1845 634 1918 ἰατρείας
668 1848 1011 1919 ποιούμενος,
1047 1850 1229 1914 πόλεις
1259 1852 1535 1915 ἀσεϐείαις
1584 1850 1835 1915 συζώσας
1866 1836 1911 1891 Β

262 1938 393 2007 πυρὶ
443 1938 800 2007 καταφλέγων
833 1941 1101 2011 οὐρανίῳ,
1134 1941 1223 1994 τὸν
1258 1943 1353 1995 σύν
1383 1943 1569 2005 αὐτοῖς
1619 1942 1720 2011 μὲν
1757 1944 1835 1995 ol-

262 2028 463 2083 κοῦντα
483 2068 497 2091 ,
526 2030 624 2098 τῆς
657 2028 702 2081 δ’
742 2028 992 2093 ἀσεϐείας
1023 2030 1083 2083 οὐ
1123 2029 1501 2094 κοινωνοῦντα,
1535 2030 1637 2099 τῆς
1666 2047 1838 2099 τιμω-

265 2120 384 2189 ρίας
429 2120 747 2189 ἐλευθερῶν,
785 2120 1096 2190 εὐετηρίαις
1128 2120 1468 2191 δωρούμενος
1492 2161 1507 2184 ,
1562 2122 1621 2174 ὲν
1660 2119 1837 2192 καιρῷ

260 2208 415 2260 ὑετὸν
459 2207 853 2280 χαριζόμενος,
909 2207 1086 2272 αὐξων
1132 2209 1387 2279 ἀρρήτως
1429 2211 1496 2262 τὰ
1542 2208 1692 2279 παρά
1729 2209 1839 2262 τῶν

260 2296 562 2368 ἀνθρώπων
594 2297 1039 2367 καταϐαλλόμενα
1076 2300 1384 2369 σπέρματα,
1418 2298 1649 2368 καρπῶν
1671 2298 1837 2367 ἀφθο-

262 2387 377 2450 νίας
455 2387 638 2458 βρύειν
686 2389 753 2442 τά
809 2388 998 2458 δένδρα
1049 2388 1313 2454 κελεύων,
1380 2388 1523 2459 λιμῷ
1571 2388 1839 2442 παιδεύων

261 2478 385 2541 τοὺς
432 2477 584 2529 οὐδὲν
633 2479 695 2530 ὲκ
748 2478 846 2547 τῆς
899 2479 1152 2549 εὐθηνίας
1202 2480 1605 2550 ὠφεληθέντας,
1651 2479 1841 2542 νόσους

264 2569 505 2636 ἐπάγων,
538 2568 633 2620 καί
676 2568 837 2622 πάλιν
866 2569 1067 2632 ταύτας
1096 2569 1355 2635 ἐλαύνων,
1400 2570 1841 2641 χαλασφενδονῶν

262 2657 361 2720 τὰς
402 2657 501 2726 τῆς
549 2655 691 2728 ζωῆς
738 2659 993 2729 ἀφορμὰς
1016 2699 1031 2722 ,
1067 2660 1284 2728 νέφεσιν
1313 2661 1531 2731 ἀκρίδος
1561 2661 1652 2713 τὸν
1692 2662 1842 2732 ἥλιον

264 2743 523 2814 κρύπτων
544 2745 638 2797 καὶ
667 2745 792 2809 τοὺς
816 2748 1063 2817 καρποὺς
1085 2746 1429 2819 διαφθείρων
1464 2750 1633 2804 νεύων
1663 2747 1838 2814 αὖθις,

264 2834 361 2887 καὶ
410 2835 479 2887 τά
524 2835 743 2907 λυπηρά
791 2838 1174 2905 μεταϐάλλων,
1224 2840 1352 2903 τοὺς
1414 2841 1513 2914 τὴν
1560 2843 1842 2896 εὐσέϐειαν

265 2922 659 2992 ἀγαπήσαντας
691 2926 790 2979 οὐκ
819 2926 923 2978 ἐῶν
950 2968 963 2993 ,
998 2930 1092 2981 καὶ
1116 2930 1324 2993 τούτοις
1370 2932 1711 3001 φαινόμενος,
1750 2934 1844 2986 καὶ

266 3011 493 3079 φιλικῶς
522 3013 922 3085 διαλεγόμενος,
970 3016 1066 3068 καὶ
1094 3017 1180 3070 διὰ
1211 3018 1414 3071 τούτων
1456 3021 1843 3090 προσημαίνων

202 3180 206 3184 θ
264 3105 337 3160 τά
372 3107 653 3177 μέλλοντα.

268 3216 350 3269 Il'.
396 3218 525 3270 Ὀτι
564 3221 1011 3293 φιλανθρωπίας
1055 3220 1218 3291 γέμει
1267 3224 1305 3293 ἠ
1353 3223 1458 3277 τοῦ
1493 3222 1640 3278 Θεοῦ
1670 3224 1846 3280 ἐναν-

891 3290 1219 3359 θρώπησις.

355 3400 570 3470 Ἐπειδὴ
628 3400 685 3452 δὲ
750 3402 960 3470 ταῦτα,
1038 3404 1131 3456 καὶ
1174 3404 1339 3459 τᾶλλα
1398 3405 1467 3459 τά
1523 3406 1693 3476 μυρία
1753 3407 1847 3459 καὶ

268 3492 598 3561 δυσδιήγητα
632 3490 732 3560 τῆς
763 3490 909 3554 θείας
954 3493 1266 3563 οἰκονομίας
1326 3494 1438 3565 εἴδη
1496 3494 1707 3563 ὀλίγους
1750 3497 1848 3565 μὲν

271 3583 660 3653 εὐηργέτησεν,
692 3585 741 3635 οἱ
772 3583 828 3635 δὲ
860 3584 1038 3637 λοιποὶ
1058 3584 1166 3638 τῶν
1199 3585 1504 3656 ἀνθρώπων
1527 3588 1848 3657 ἀνηκέστως

269 3675 549 3737 διέκειντο,
585 3676 704 3727 τότε
731 3674 816 3745 δὴ,
837 3676 957 3728 τότε
988 3677 1048 3728 τὸ
1081 3675 1223 3746 μέγα
1253 3678 1345 3731 καὶ
1375 3677 1611 3749 ἄρρητον
1637 3680 1846 3747 γίνεται

269 3765 370 3834 τῆς
412 3767 720 3835 οἰκονομίας
768 3768 1099 3838 μυστήριον⁸
1132 3768 1293 3831 αὐτὸς
1322 3769 1432 3839 γὰρ
1473 3769 1501 3820 6
1545 3770 1715 3837 Λόγος
1753 3770 1846 3824 τοῦ

281 3852 441 3919 Θεοῦ,
476 3855 503 3906 6
532 3855 860 3927 δημιουργὸς
895 3856 1109 3927 ἀπάσης
1152 3858 1249 3928 τῆς
1284 3860 1531 3923 κτίσεως,
1564 3861 1589 3913 ὁ
1621 3861 1848 3931 ἀχώρη-

272 3964 361 4010 τος
386 3986 400 4007 ,
430 3948 457 3999 ὁ
486 3948 895 4018 ἀπερίγραπτος
920 3992 935 4015 ,
971 3950 999 4000 6
1047 3947 1406 4011 ἀναλλοίωτος
1430 3991 1443 4014 ,
1474 3953 1508 4021 ἡ
1557 3952 1707 4021 πηγὴ
1749 3950 1847 4020 τῆς

273 4036 454 4105 ζωῆς,
496 4038 558 4090 τὸ
594 4041 656 4090 ὲκ
691 4039 782 4090 τοῦ
822 4039 999 4107 φωτὸς
1034 4039 1149 4108 φῶς
1178 4080 1191 4102 ,
1240 4041 1271 4108 ἡ
1318 4038 1468 4101 ζῶσα
1500 4039 1592 4091 τοῦ
1634 4040 1847 4110 Πατρὸς

272 4128 456 4194 εἰκὼν,
508 4130 567 4181 τὸ
608 4130 946 4199 ἀπαύγασμα
992 4132 1093 4199 τῆς
1129 4130 1305 4199 δόξης,
1348 4132 1375 4182 6
1423 4130 1710 4201 χαρακτὴρ
1748 4130 1848 4200 τῆς

274 4221 647 4283 ῦποστάσεως,
695 4220 790 4290 τὴν
839 4221 1182 4289 ἀνθρωπείαν
1229 4220 1391 4287 φύσιν
1446 4221 1844 4290 ἀναλαμϐάνει,

276 4309 372 4360 καὶ
416 4309 515 4379 τὴν
561 4310 766 4361 οίκείαν
818 4310 1001 4363 εἰκόνα
1056 4313 1292 4363 νεοποιεί
1332 4314 1397 4382 τῇ
1454 4312 1698 4383 ἁμαρτίᾳ
1734 4312 1847 4365 δια-

278 4398 600 4467 φθαρεῖσαν,
635 4399 842 4477 καὶτὸν
877 4399 1168 4469 ἀνδριάντα
1196 4400 1285 4452 τὸν
1316 4401 1420 4453 ὐπὸ
1460 4400 1553 4453 τοῦ
1597 4402 1714 4454 υίοῦ
1750 4404 1846 4473 τῆς

1935 591 2047 633 rem
2079 586 2460 638 remuneratus
2485 591 2588 640 est.
2640 585 2837 641 Statim
2872 588 3016 642 enim
3052 587 3308 645 fraternae
3341 591 3499 646 caedis

1933 667 2166 736 facinus,
2208 672 2430 741 invidia,
2466 675 2830 745 mendacium,
2866 678 3309 751 intemperantia,
3349 682 3502 737 luxu-

1933 758 2049 825 τίω,
2076 759 2311 830 injuriae,
2340 770 2541 819 mutuae
2568 766 2892 835 occisiones,
2933 769 3122 825 aliena:
3156 771 3231 826 rei
3274 772 3499 841 rapinae,

1933 858 1988 904 et
2021 850 2125 904 alia
2146 850 2453 919 huiusmodi
2481 868 2601 922 qua:
2635 866 2916 925 peccatum
2948 860 3159 930 peperit
3189 862 3352 918 mala.
3392 864 3498 918 Sed

1934 954 2002 994 ne
2036 941 2119 997 sic
2144 941 2360 1011 quidem
2390 958 2550 1015 quam
2575 945 2908 1003 formaverat
2946 951 3150 1021 abjecit
3172 953 3311 1008 Deus
3340 963 3501 1009 natu-

1934 1046 2051 1085 ram
2082 1050 2097 1085 :
2125 1036 2219 1089 sed
2269 1034 2413 1089 varia
2449 1036 2717 1106 sapientia
2768 1039 2836 1092 ad
2882 1054 3004 1095 eum
3042 1041 3202 1096 finem
3236 1059 3366 1097 usus
3395 1053 3499 1104 est.

1935 1123 2157 1179 medens
2201 1123 2433 1189 scilicet,
2468 1124 2783 1196 increpans,
2823 1130 3104 1195 incusans,
3150 1130 3217 1184 ad
3266 1130 3506 1186 ofﬁcium

1934 1213 2213 1278 erudiens,
2240 1214 2467 1271 consilia
2517 1230 2816 1287 suggerens
2841 1257 2862 1283 ,
2903 1220 3243 1275 comminans
3269 1258 3286 1285 ,
3330 1221 3507 1276 minas

1936 1294 2079 1373 ipsas
2110 1306 2163 1359 in
2195 1320 2306 1360 rem
2339 1306 2647 1373 conferens,
2690 1307 2865 1365 malos
2896 1310 3159 1379 puniens,
3179 1311 3352 1367 bonos
3382 1326 3512 1365 mus

1936 1410 2153 1461 nerans,
2181 1407 2232 1451 et
2276 1397 2437 1451 alium
2496 1397 2711 1468 quidem
2766 1398 2930 1454 laude
2965 1413 3192 1465 ornans,
3230 1401 3396 1455 alium
3438 1402 3508 1455 dc

1937 1486 2133 1539 mundo
2171 1486 2525 1551 transferens,
2551 1487 2718 1542 alium
2752 1503 2878 1544 arca
2914 1490 3093 1560 lignea
3135 1505 3257 1547 cum
3305 1505 3506 1559 genere

1936 1573 2167 1640 salvan‘s,
2197 1586 2251 1630 et
2292 1585 2501 1632 natura)
2539 1577 2841 1653 scintillam
2880 1593 3265 1647 conservans;
3304 1590 3506 1637 terram

1936 1666 2135 1721 diluvio
2159 1668 2419 1733 obruens,
2452 1676 2507 1723 et
2533 1668 2791 1739 nequitia:
2820 1681 3141 1739 operatores
3173 1671 3331 1742 aquis
3373 1686 3507 1741 prae-

1937 1753 2153 1823 focans;
2190 1758 2553 1827 multiplicans
2588 1772 2782 1813 rursus
2835 1760 3140 1816 humanum
3171 1775 3366 1831 genus,
3392 1762 3507 1817 sin-

1938 1846 2215 1917 gularibus
2246 1848 2421 1919 poenis
2470 1850 2752 1920 generales
2780 1851 3022 1909 medelas
3057 1851 3291 1916 faciens,
3318 1851 3511 1906 civitas

1940 1947 2022 1994 tes
2047 1939 2341 1997 sceleribus
2370 1941 2578 1997 deditas
2606 1942 2731 2010 igne
2770 1943 3245 2010 exurenscmlesti
3282 1958 3299 2007 ;
3331 1943 3505 1999 virum

1938 2028 2152 2084 illarum
2172 2030 2387 2100 quidem
2419 2031 2678 2096 incolam,
2713 2034 2807 2088 sed
2832 2033 3108 2091 scelerum
3136 2033 3359 2089 minime
3386 2048 3507 2102 par-

1940 2121 2181 2191 ticipem,
2204 2134 2375 2189 poena:
2403 2120 2684 2191 eripiens:
2716 2136 2941 2179 annuos
2975 2134 3278 2192 proventus
3320 2138 3509 2192 suppe-

1940 2209 2137 2277 ditans,
2168 2209 2394 2265 imbrem
2424 2221 2728 2281 opportune
2766 2212 3025 2281 largiens,
3062 2226 3268 2283 augens
3290 2226 3519 2272 arcano.

1940 2301 2099 2355 modo
2117 2300 2262 2369 iacta
2287 2302 2358 2357 ab
2379 2301 2688 2359 hominibus
2701 2303 2930 2369 semina,
2954 2301 3233 2360 fructuum
3258 2301 3510 2359 ubertate

1940 2392 2162 2445 arbores
2188 2392 2462 2446 luxuriare
2486 2392 2711 2463 jubens,
2756 2392 2900 2447 fame
2935 2392 3227 2461 aliquando
3251 2391 3510 2449 erudiens

1942 2479 2061 2536 illos
2085 2496 2221 2549 quos
2262 2481 2592 2537 abundantia
2625 2498 2731 2538 non
2780 2484 3026 2553 iuverat,
3055 2484 3274 2540 morbos
3304 2481 3511 2538 immite

1945 2580 2081 2638 teus,
2115 2580 2274 2641 atque
2317 2573 2414 2628 hos
2456 2588 2646 2627 rursus
2682 2573 2995 2643 depellens;
3026 2571 3292 2644 grandine
3314 2572 3511 2629 verbe-

1944 2675 2070 2714 rans
2115 2661 2230 2716 ritae
2273 2662 2550 2729 subsidia;
2598 2661 2926 2717 locustarum
2970 2661 3172 2716 nimbis
3203 2660 3374 2714 solem
3413 2659 3512 2715 ob.-

1943 2766 2188 2815 scurans,
2226 2752 2512 2827 frugesque
2546 2766 2931 2822 corrumpens;
2971 2752 3162 2807 favens
3195 2752 3416 2815 iterum,
3454 2758 3510 2804 et

1944 2842 2218 2913 lliuleslins
2248 2854 2517 2908 avertens,
2576 2842 2856 2912 religiosos
2899 2844 3147 2900 homines
3201 2857 3307 2899 non
3363 2842 3513 2898 dese-

1945 2946 2089 2997 rens,
2126 2932 2208 2985 ltis
2242 2932 2406 2988 etiam
2455 2948 2745 3001 apparens,
2781 2935 2955 2989 amice
3001 2932 3347 3004 colloquens,
3388 2946 3510 3006 pel?-

1947 3036 2050 3089 que
2087 3023 2184 3077 hos
2216 3022 2395 3077 futura
2422 3027 2779 3092 portendens.

1949 3212 2076 3268 Vill.
2118 3212 2271 3278 Quod
2305 3231 2563 3271 summam
2614 3220 2938 3273 demonstrat
2985 3220 3314 3276 clementiam
3345 3223 3527 3278 inscr.

2582 3289 2726 3341 natio
2770 3287 2887 3342 Dei.

2018 3398 2308 3470 Postquam
2341 3414 2467 3456 vero
2507 3408 2622 3459 tum
2650 3402 2767 3458 haec
2793 3411 2905 3457 tum
2936 3400 3042 3457 alia
3072 3401 3358 3459 innumera
3388 3405 3509 3460 vix.

1946 3504 2050 3559 que
2101 3488 2334 3545 eﬂ‘abilia
2389 3490 2582 3545 divina:
2627 3491 2983 3559 providentia
3016 3492 3257 3562 810st.
3290 3508 3511 3564 genera.

1947 3582 2133 3649 paucis
2180 3581 2374 3650 oppido
2414 3581 2758 3648 profuerunt,
2807 3580 3002 3651 reliqui
3040 3592 3224 3639 autem
3262 3583 3517 3639 homines

1946 3671 2272 3725 insanabiles
2299 3672 2711 3739 permanebant,
2744 3680 2871 3727 tunc
2894 3672 3111 3729 demum
3146 3687 3401 3742 magnum
3438 3684 3517 3727 at-

1946 3776 2052 3830 que
2099 3760 2369 3816 ineffabile
2418 3772 2695 3830 peractum
2733 3760 2835 3816 fuit
2866 3762 3263 3818 incarnationis
3314 3772 3518 3835 myste-

1949 3854 2108 3907 rium.
2153 3852 2326 3920 Ipsum
2359 3851 2500 3905 enim
2545 3852 2637 3907 Dei
2676 3853 2932 3917 Verbum,
2964 3853 3039 3908 rei
3066 3853 3330 3907 universae
3358 3866 3512 3907 crea-

1948 3952 2014 3997 tae
2049 3951 2264 4005 auctor,
2308 3942 2608 3997 immensus
2651 3940 2774 4007 ille,
2821 3942 3367 4012 incircumscriptus,
3411 3942 3514 3997 im-

1945 4031 2240 4098 mutabilis,
2274 4032 2398 4085 vitm
2438 4029 2579 4099 fons,
2615 4032 2793 4087 lumen
2833 4034 2900 4088 de
2933 4033 3155 4097 lumine,
3187 4031 3310 4087 viva
3340 4030 3518 4086 Patris

1946 4124 2147 4193 imago,
2179 4123 2431 4193 splendor
2464 4124 2669 4194 gloriae,
2702 4124 2873 4193 figura
2898 4123 3214 4179 substantia:
3244 4124 3291 4190 ’,
3323 4122 3515 4180 huma-

1948 4228 2072 4268 nam
2129 4227 2378 4268 naturam
2435 4215 2745 4285 assumpsit,
2796 4214 3179 4285 propriamque
3230 4214 3526 4283 imaginem.

1948 4315 2174 4376 peccato
2205 4316 2514 4375 corruptam
2548 4305 2888 4369 instauravit,
2921 4312 3154 4361 statuam
3186 4320 3215 4359 a
3263 4303 3375 4359 filio
3413 4303 3519 4359 ini-

1951 4399 2182 4467 quitatis
2212 4397 2552 4467 antiquatam
2597 4399 2895 4463 renovavit,
2950 4406 3005 4451 et
3041 4396 3223 4466 priore
3259 4395 3522 4465 pulchrio~

278 4489 540 4558 πονηρίας
570 4489 948 4543 παλαιωθέντα
979 4492 1212 4557 ἀνανεοῖ,
1244 4493 1335 4544 καὶ
1364 4490 1458 4545 τοῦ
1497 4493 1712 4563 πρώτου
1747 4512 1844 4565 χα-

1950 4503 2063 4544 rem
2095 4490 2351 4555 ostendit,
2388 4489 2530 4543 haud
2556 4487 2670 4559 jam
2711 4503 2779 4544 ex
2808 4498 2975 4554 terra,
2999 4494 3060 4541 ut
3079 4486 3232 4553 olim,
3263 4500 3382 4541 eam
3406 4484 3518 4542 for-

280 4579 555 4649 ριέστερον
599 4580 887 4643 δείκνυσιν,
926 4582 1024 4635 οὐκ
1055 4582 1161 4635 ἀπὸ
1207 4582 1310 4652 γῆς
1349 4583 1424 4646 ὡς
1458 4584 1623 4637 πάλαι
1661 4585 1853 4637 τοῦτον

276 4671 724 4742 δημιουργήσας,
777 4672 891 4726 ἀλλ’
942 4673 1104 4737 αὐτὸς
1148 4674 1615 4746 καταδεξάμενος·
1653 4677 1711 4729 οὐ
1752 4680 1850 4748 τὴν

278 4761 428 4815 θείαν
453 4763 613 4831 φύσιν
637 4766 716 4827 είς
743 4765 1089 4834 ἀνθρωπείαν
1116 4764 1456 4835 μεταϐαλὼν,
1479 4766 1614 4819 ἀλλά
1638 4768 1702 4837 τῇ
1732 4766 1850 4839 θεία

278 4849 377 4920 τὴν
410 4851 752 4923 ἀνθρωπείαν
784 4854 1023 4923 συνάψας
1047 4870 1059 4884 ο
1097 4853 1271 4923 μένων
1318 4855 1426 4924 γὰρ
1460 4854 1488 4908 ὃ
1537 4851 1625 4926 ἦν,
1660 4855 1851 4909 ἔλαϐεν

278 4941 307 4993 ὃ
355 4942 455 4995 οὐκ
506 4939 604 5014 ἦν·
670 4945 764 4997 καὶ
809 4944 967 4999 τοῦτο
1014 4947 1160 5017 ἡμᾶς
1217 4945 1454 5001 διδάσκει
1502 4947 1531 4997 ὁ
1583 4949 1853 5018 μακάριος

280 5032 489 5096 Παῦλος
523 5033 659 5103 βοῶν
683 5052 695 5064 ο
735 5056 752 5087 ι
790 5035 960 5089 Τοῦτο
1000 5036 1303 5108 φρονείσθω
1336 5039 1393 5089 ὲν
1432 5038 1578 5106 ὑμῖν,
1607 5038 1635 5089 ὃ
1663 5040 1755 5092 καὶ
1796 5042 1854 5092 ὲν

280 5125 503 5196 Χριστῷ
544 5128 717 5198 Ἰησοῦ
745 5168 759 5191 ,
802 5128 860 5191 ὃς
903 5130 960 5181 ἐν
1020 5132 1198 5199 μορφῇ
1244 5129 1378 5182 Θεοῦ
1429 5129 1720 5200 ὑπάρχων,
1757 5131 1855 5201 οὐχ

284 5216 581 5286 ἁρπαγμὸν
616 5218 861 5288 ἡγήσατο
910 5220 970 5271 τὸ
1005 5213 1143 5272 εἶναι
1195 5219 1285 5271 ῐσα
1314 5218 1452 5289 Θεῷ,
1501 5220 1617 5274 ἀλλ’
1666 5222 1855 5274 ἑαυτὸν

280 5307 514 5361 ὲκένωσε
543 5348 556 5369 ,
593 5309 804 5380 μορφὴν
846 5309 1034 5362 δούλου
1068 5308 1267 5364 λαϐὼν.
1306 5329 1323 5361 ι
1376 5310 1463 5376 Ἐξ
1500 5307 1575 5365 ὧν
1606 5310 1847 5383 εὔδηλον,

281 5396 357 5457 ὼς
391 5398 423 5465 ἡ
455 5396 547 5448 τοῦ
593 5398 726 5450 Θεοῦ
775 5400 995 5470 μορφὴ,
1035 5400 1269 5469 μένουσα
1312 5402 1340 5453 6
1383 5397 1472 5472 ἦν,
1526 5402 1685 5455 ἔλαϐε
1752 5403 1851 5473 τὴν

282 5485 467 5541 δούλου
505 5490 744 5559 μορφήν·
786 5493 998 5563 μορφὴν
1044 5494 1100 5546 δὲ
1135 5494 1291 5546 καλεῖ
1337 5495 1398 5547 οὐ
1433 5494 1492 5548 τὸ
1534 5495 1854 5565 φαινόμενον

290 5575 444 5645 μόνον
497 5577 591 5630 τοῦ
643 5579 952 5650 ἀνθρώπου,
1002 5581 1138 5636 ἀλλά
1193 5584 1371 5637 πᾶσαν
1416 5585 1514 5654 τὴν
1567 5583 1855 5655 ἀνθρώπου

368 5757 387 5786 ³
413 5750 576 5810 iiebr.
612 5772 650 5821 t,
678 5757 731 5811 5.
809 5759 827 5788 ³
868 5755 1097 5827 Philipp.
1135 5774 1195 5827 ll,
1229 5758 1350 5814 5-7.

1951 4595 2127 4646 mans,
2158 4582 2251 4636 sed
2297 4582 2521 4649 ipsemet
2554 4583 2605 4633 in
2640 4594 2700 4633 se
2741 4578 3053 4647 recipiens:
3089 4577 3237 4631 haud
3273 4590 3404 4631 sane
3440 4576 3519 4630 di-

1950 4673 2128 4727 vinant
2162 4684 2410 4726 naturam
2446 4671 2497 4725 in
2533 4671 2826 4725 humanam
2856 4676 3200 4731 convertens,
3245 4666 3339 4723 sed
3381 4665 3518 4720 divi-

1949 4782 2032 4820 nae
2055 4764 2347 4820 humanam
2382 4764 2661 4833 c0pulans.
2694 4762 2916 4819 Manens
2943 4760 3089 4817 enim
3124 4758 3267 4830 quod
3298 4766 3438 4824 erat,
3470 4757 3519 4812 id

1951 4858 2092 4927 quod
2119 4871 2225 4911 non
2257 4865 2378 4911 erat
2416 4856 2670 4924 suscepit.
2704 4853 2877 4922 Quam
2917 4867 3031 4908 rem
3074 4867 3172 4907 nos
3204 4851 3362 4906 docet
3401 4850 3523 4905 bea-

1953 4955 2040 4998 tus
2073 4942 2270 4998 Paulus
2296 4944 2571 4998 clamans:
2612 4961 2632 4994 ι
2662 4942 2775 4999 Hoc
2803 4942 2998 4997 sentite
3026 4941 3079 4996 in
3113 4939 3266 4995 vobis
3294 4937 3443 5009 quod
3469 4947 3524 4992 et

1952 5034 2005 5089 in
2053 5032 2275 5088 Christo
2303 5032 2455 5098 Jcsn,
2487 5033 2575 5103 qui
2611 5047 2733 5087 cum
2770 5032 2823 5086 in
2854 5030 3027 5086 forma
3063 5029 3157 5084 Dei
3206 5036 3371 5093 esset,
3414 5041 3520 5080 non

1955 5123 2202 5192 rapinam
2231 5125 2526 5180 arbitratus
2550 5134 2634 5181 est
2661 5138 2781 5180 esse
2827 5136 2887 5178 se
2948 5121 3212 5192 aqualem
3257 5118 3388 5186 Deo,
3421 5118 3515 5174 sed

1954 5217 2304 5284 semetipsum
2348 5214 2665 5279 exinanivit,
2694 5213 2925 5269 formam
2944 5213 3087 5268 servi
3113 5210 3386 5281 accipiens
3411 5208 3453 5261 ³.
3498 5228 3516 5261 r
3602 5278 3607 5282 θ

1957 5305 2112 5361 Unde
2144 5315 2311 5375 patet,
2333 5306 2423 5361 Dei
2456 5305 2683 5361 formam
2707 5305 2757 5360 in
2790 5319 2855 5360 eo
2876 5305 3019 5375 quod
3049 5312 3169 5358 erat
3195 5306 3520 5363 manentem,

1960 5398 2104 5455 servi
2152 5396 2382 5452 formam
2428 5397 2745 5466 sumpsisse.
2782 5395 3033 5450 Formam
3065 5402 3241 5447 autem
3286 5388 3520 5459 appellat

1961 5503 2067 5544 non
2093 5488 2146 5544 id
2171 5486 2542 5543 tantummodo
2560 5486 2795 5541 hominis
2814 5484 2956 5552 quod
2978 5490 3221 5555 apparet,
3238 5481 3333 5538 sed
3350 5488 3515 5534 totam

1962 5595 2186 5649 prorsus
2219 5578 2451 5635 hominis
2498 5585 2766 5633 naturam.
2816 5575 2951 5631 Nam
2992 5575 3150 5631 sicuti
3197 5572 3291 5629 Dei
3328 5572 3527 5636 forma,
