4038 6510
259 405 396 463 “29
1414 384 1502 439 DE
1536 373 2049 438 INCARNATIONE
2086 366 2340 426 DOMINI.
3368 344 3503 402 1450

258 515 534 587 γενέσθαι,
567 511 659 564 καὶ
687 510 924 581 σχήματι
957 503 1244 579 εὑρεθῆναι
1283 501 1356 563 ὼς
1393 498 1696 570 ἄνθρωπον,
1728 493 1829 564 τῆς
1858 495 1879 552 ἐ

1980 499 1989 543 t
2044 485 2338 544 hominem,
2397 489 2562 547 prava
2625 468 2771 528 omni
2850 464 3131 523 hominum
3188 459 3507 531 'operatione

1986 581 1997 587 -
2209 573 2247 587 τι
2356 582 2492 587 μμ--
2524 564 2648 587 -nL:
2674 557 3075 587 -..-,.......:..t...n
3103 574 3116 586 .
3150 573 3167 587 .
3198 551 3331 587 Nam
3363 551 3503 587 ηιιηιΙ

270 551 534 587 meum,
569 551 659 564 σηι-
688 551 924 581 νΑ-η--η
958 551 1243 579 --ι---τν-
1289 551 1354 563 π.
1497 551 1508 570 ,
1686 551 1695 556 ,
1785 551 1825 564 ,.
1861 551 1868 552 ,

261 606 503 676 πονηρᾶς
550 588 827 672 ἐῗνεργείας
885 598 993 652 τῶν
1039 584 1829 665 ἀνθρώπωνάπηλλαγμένον.

1986 581 2182 634 ienum.
2209 573 2499 641 Propterea
2523 564 2649 621 allbi
2672 573 2885 632 quoque
2902 557 3079 613 aiebat
3103 574 3117 608 :
3150 573 3167 606 ι
3198 551 3332 607 Nam
3363 551 3504 618 quod

2137 664 2169 676 ··
2194 665 2224 676 ··
2376 669 2388 676 ·
2417 659 2427 676 ·
2444 673 2456 676 -
2473 656 2513 676 -ε
2559 656 2609 676 ευ
2635 666 2735 676 --υ-
2754 665 2849 676 -ιι-
2872 659 3088 676 λιι-ιω...
3108 642 3486 676 ιηην..ις.ιι..ι....

262 698 353 751 Διδ
385 642 502 748 ίιῗιί
525 642 747 764 ὲτέριωθι
777 642 928 759 ἔλεγε
948 704 961 719 °
1009 706 1028 740 ι
1077 642 1168 739 ΤὸΓ
1326 642 1589 736 ἀδύνατον
1618 642 1711 731 τοῦ
1744 674 1833 729 νό-

1980 664 2261 737 npossibile
2278 669 2396 717 erat
2416 656 2539 726 legi,
2559 656 2737 722 inquo
2754 665 2849 719 per
2871 659 3090 704 carnem
3108 642 3505 698 inlirmabatur,

2104 755 2200 764 ----
2459 762 2468 764 μ
2505 745 2721 764 “ea---
2772 741 2825 764 ε..
2881 733 3291 764 ,ιηιιιιηιιιηηηι
3331 730 3505 764 Num“

268 808 369 862 μου
395 789 453 841 tv
479 782 523 856 ᾧ
556 730 769 855 ἠσῗένει
798 730 889 836 διά
912 780 1013 852 τῆς
1043 730 1325 849 σαρκδς,ἴό
1636 730 1834 822 ἑαυτοῦ

1980 772 2076 813 eus
2104 755 2295 811 Filium
2321 762 2476 807 suum
2504 745 2725 801 mittens
2772 741 2827 797 in
2881 733 3292 793 similitudinem
3331 730 3511 786 carnis

2106 847 2142 862 "
2223 853 2263 862 -·
2295 856 2385 862 ·“-“
2424 845 2644 862 -υ--ΜΑ
2697 829 2968 862 ιιι-ηιηοηνῖι
3024 827 3076 862 in
3121 836 3284 862 tvm-nn
3324 832 3511 862 napo}.

266 827 395 934 r1:le
426 827 671 949 πᾶιψας,
716 877 775 928 tv
820 827 1377 943 ὁμοιώματίησάρκδς
1417 827 1711 932 ἁμαρτίας,
1741 855 1838 908 καὶ

1980 847 2168 909 eccati,
2214 853 2267 898 et
2295 856 2391 912 pro
2424 845 2667 910 peccato,
2697 829 2975 887 damnavit
3024 827 3077 881 in
3121 836 3284 879 carne
3324 832 3513 890 pecca-

2166 944 2175 949 -
2208 933 2219 949 —
2296 929 2519 949 anu-2-
2553 924 2685 949 ιιι-ιι.
2734 918 3045 949 ςηωιρηιι...
3097 918 3150 949 :n
3204 912 3360 949 nnhin
3418 908 3511 949 nni

275 908 395 934 ιιυν
426 908 671 949 -ιςεμγας,
716 908 773 928 εν
820 908 1123 943 νμυωμυ...
1178 908 1375 937 -..,...-,
1418 908 1711 932 arar--."

268 972 397 1044 περὶ
428 967 723 1040 ἁμαρτίας,
770 961 1057 1031 κατέκρινε
1099 957 1199 1028 τὴν
1236 952 1508 1024 ἁμαρτίαν
1547 952 1604 1002 tv
1651 947 1835 1016 σαρκὶ,

1980 955 2049 993 tm
2083 908 2524 1003 ;utjustilicatio
2553 924 2687 997 legis
2734 918 3045 990 impleretur
3097 918 3152 970 in
3204 912 3383 977 nobis,
3418 908 3512 978 qui

2202 1043 2230 1044 "
2273 1024 2380 1044 ¹ν·-“
2423 1032 2636 1044 ’λ--υεϋ
2686 1011 3021 1044 “mh-damna
3098 1006 3188 1044 and
3219 1001 3512 1044 clamandum

270 1001 745 1124 i’vaP1buthZthl;
771 1049 867 1104 106
893 1001 1058 1119 νὸκμου
1082 1001 1583 1115 ημῖν
1616 1001 1735 1098 τοῖς.
1762 1001 1837 1102 μη

1980 1046 2048 1087 on
2090 1024 2383 1084 secundum
2418 1032 2637 1077 carnem
2686 1011 3044 1076 ambulamus,
3098 1006 3190 1062 sed
3219 1001 3514 1061 secundum

271 1149 413 1205 κατὰ
457 1148 635 1217 σάρκα
663 1119 1072 1214 περιπατοῦσιν,
1103 1135 1238 1191 ἀλλά
1271 1132 1413 1187 κατὰ
1442 1128 1658 1198 πνεῦμα
1681 1126 1779 1195 (Ι).
1812 1143 1831 1175 ι

1980 1120 2187 1192 plritum
2212 1119 2256 1172 ".
2291 1135 2311 1168 ι

354 1216 547 1310 Ὁρᾶτε
589 1235 708 1297 πῶς
752 1232 839 1286 διά
876 1228 1078 1283 τούτων
1124 1225 1346 1278 ἐκείνων
1393 1222 1509 1274 λύει
1558 1219 1657 1289 τὴν
1703 1216 1842 1271 ἁσά-

272 1308 450 1402 φειαν.
490 1348 508 1380 ι
559 1328 619 1379 '0
650 1325 802 1389 Θεὸς,
833 1320 984 1393 φησι,
1014 1318 1105 1371 τὸν
1138 1314 1329 1371 ἑαυτοῦ
1371 1312 1497 1367 Υίὸν
1536 1309 1760 1379 πέμψας
1787 1308 1844 1360 tv

272 1396 577 1492 δμοιώματι
611 1415 811 1487 σαρκὸς
839 1409 1132 1482 ἁμαρτίαςο
1164 1427 1182 1459 ι
1219 1406 1319 1476 οὐχ
1365 1401 1553 1465 ἁπλῶς
1584 1396 1758 1462 εἶπεν,
1788 1398 1846 1450 tv

273 1489 581 1583 ὁμοιώματι
631 1504 854 1576 σαρκὸς,
903 1498 1130 1554 διαλύων
1162 1496 1269 1549 τῶν
1299 1492 1512 1548 ἀσεϐῶν
1563 1489 1848 1559 δογμάτων

272 1580 376 1672 την
421 1596 801 1670 βλασφημίανο
838 1589 1196 1664 προγινώσκει
1228 1586 1335 1656 γὰρ
1373 1584 1588 1637 ἅπαντα
1627 1583 1660 1651 ἡ
1690 1580 1851 1650 χάρις

274 1690 521 1750 τοῦῐινεύ
529 1704 717 1763 ματος·
731 1687 870 1753 ἀλλ’,
882 1703 899 1737 ι
912 1686 968 1737 tv
983 1680 1288 1752 ὁμοιώματι
1303 1675 1501 1749 σαρκὸς
1516 1673 1810 1745 ἁμαρτίας,
1825 1688 1842 1721 ι

278 1786 368 1839 ι’να
398 1780 656 1854 μάθωμεν
688 1778 762 1842 ώς
782 1777 844 1829 τὸ
882 1774 1212 1845 ιὸμοίωμαμ
1246 1768 1332 1823 διὰ
1355 1766 1414 1821 τὸ
1447 1765 1629 1836 πάσης
1665 1764 1850 1834 ἀμαρ-

279 1875 401 1937 τίας
446 1868 792 1941 ἀπηλλάχθαι
822 1866 915 1919 τὸν
960 1863 1226 1934 ἡμέτερον
1270 1858 1520 1928 Σωτῆρα,

280 1964 567 2035 ἄνθρωπος
614 1960 723 2029 γὰρ
767 1958 1057 2026 γενόμενος
1101 1952 1198 2022 τὴν
1248 1951 1405 2020 φύσιν
1439 1948 1536 2019 (‘2),
1569 1946 1712 2000 κατά
1756 1945 1856 2014 τὴν

281 2053 560 2126 ἁμαρτίαν
595 2052 818 2119 γέγονεν
852 2046 1136 2117 ἄνθρωπος
1156 2057 1170 2073 ο
1201 2043 1283 2096 διδ
1306 2044 1363 2095 tv
1387 2038 1692 2111 ὁμοιώματι
1727 2052 1858 2107 σαρ-

285 2148 381 2212 κὸς
410 2145 685 2218 ἁμαρτίας
715 2140 1004 2211 κατέκρινε
1036 2138 1136 2206 τὴν
1162 2133 1435 2205 ἁμαρτίαν
1469 2133 1528 2185 tv
1552 2133 1620 2202 τῇ
1657 2127 1854 2198 σαρκί·

284 2238 629 2310 ἀνθρωπείαν
663 2237 761 2306 μὲν
800 2233 960 2303 φύσιν
1008 2226 1315 2291 ἀναλαδὼν,
1349 2225 1447 2295 τῆς
1476 2223 1533 2276 δὲ
1568 2219 1862 2292 τυραννού-

289 2348 388 2402 σης
418 2333 477 2384 tv
503 2331 616 2392 τοῖς
643 2324 950 2396 ἀνθρώποις
984 2318 1258 2391 ἁμαρτίας
1281 2316 1372 2369 τὸν
1411 2313 1573 2382 ζυγὸν
1606 2312 1681 2383 μὴ
1707 2310 1862 2376 δεξά-

293 2439 474 2493 μενος,
520 2419 656 2473 ἀλλά
696 2418 879 2470 πᾶσαν
926 2412 1127 2480 ταύτης
1172 2405 1484 2479 ἀπορρίψας
1533 2404 1631 2474 τὴν
1676 2403 1867 2454 δεσπο-

290 2489 461 2574 τείαν,
508 2508 602 2561 καὶ
630 2504 830 2570 δείξας,
866 2502 941 2565 ώς
977 2497 1201 2553 δυνατὸν
1244 2498 1302 2548 tv
1346 2490 1662 2561 ἀνθρωπεία
1708 2489 1867 2558 φύσει

291 2601 400 2656 τῶν
425 2600 526 2669 τῆς
567 2598 841 2669 ἁμαρτίας
874 2588 1257 2663 περιγενέσθαι
1292 2586 1461 2657 βελῶν
1481 2601 1495 2614 ·
1528 2582 1699 2646 οὕτως
1732 2598 1870 2635 κατ-

296 2692 478 2765 έκρινε
511 2690 610 2761 τὴν
652 2685 930 2758 ἁμαρτίαν
972 2684 1031 2735 tv
1056 2684 1122 2752 τῇ
1155 2678 1341 2750 σαρκὶ,
1370 2675 1430 2729 τδ
1451 2674 1672 2736 ἀσθενὲς
1700 2670 1871 2741 αὐτῆς

299 2763 546 2852 ἐλέγξας,
582 2781 676 2834 καὶ⁸
708 2780 807 2849 τὴν
837 2774 1125 2849 τυραννίδα
1160 2772 1393 2834 παύσας,
1422 2767 1516 2822 καὶ
1544 2767 1699 2837 νικᾷν
1731 2763 1873 2817 οὕτω

296 2877 423 2938 τοὺς
452 2871 770 2944 ἀνθρώπους
800 2867 1051 2933 διδάξας·
1096 2863 1174 2917 διὸ
1223 2862 1501 2932 ἐπήγαγεν
1539 2859 1567 2911 ὁ
1605 2856 1873 2927 μακάριος

300 2967 533 3030 Παῦλος,
554 2966 671 3016 Ἵνα
695 2963 754 3015 τὸ
777 2958 1052 3028 δικαίωμα
1066 2954 1159 3008 τοῦ
1184 2954 1351 3024 νόμου
1382 2949 1642 3020 πληρωθῇ
1666 2950 1723 3001 tv
1745 2948 1878 3018 ἡμῖν

302 3061 413 3122 τοῖς
448 3057 522 3127 μὴ
567 3054 710 3109 κατά
755 3053 933 3124 σάρκα
962 3048 1056 3102 τοῦ
1090 3047 1257 3117 νόμου
1299 3042 1714 3113 περιπατοῦσιν,
1744 3036 1880 3091 ἀλλά

305 3147 447 3203 κατά
478 3145 713 3216 πνεῦμα.
763 3139 971 3195 Οὐκοῦν
1020 3134 1436 3206 ὲδικαιώθημεν,
1470 3132 1566 3203 τῆς
1610 3128 1881 3200 ἁμαρτίας

306 3246 365 3296 tv
395 3239 560 3312 σαρκῖ
591 3233 1049 3307 κατακριθείσης’
1086 3228 1375 3296 κατέκρινε
1405 3224 1461 3278 δὲ
1491 3225 1548 3278 tv
1595 3221 1759 3291 capaci.
1784 3221 1884 3289 τὴν

310 3311 605 3402 ἁμαρτίαν,
641 3327 697 3378 tv
725 3321 1029 3394 ὁμοιώματι
1062 3317 1263 3388 σαρκὸς
1294 3314 1567 3386 ἁμαρτίας
1597 3311 1886 3380 γενόμενος

308 3427 338 3477 ὁ
382 3420 572 3492 Σωτὴρ
618 3420 647 3471 ὁ
690 3416 988 3487 ἡμέτερος·
1030 3412 1129 3483 τὴν
1179 3412 1276 3482 μὲν
1325 3406 1672 3477 ἀνθρωπείαν
1727 3403 1888 3473 φύσιν

313 3512 615 3576 ἀναλαϐὼν,
645 3509 745 3580 τὴν
783 3508 838 3576 δὲ
870 3507 1037 3560 πάλαι
1065 3504 1268 3574 ταύτης
1295 3500 1660 3564 δεσπόζουσαν
1695 3496 1768 3567 μὴ
1793 3512 1891 3547 κα-

311 3605 674 3674 ταδεξάμενος
722 3599 1016 3671 ἁμαρτίαν.
1063 3596 1248 3658 Οὕτως
1280 3595 1308 3646 ὁ
1350 3591 1632 3651 θεσπέσιος
1682 3586 1891 3650 Παῦλος

316 3698 376 3748 tv
422 3693 622 3761 ὀλίγοις
672 3692 910 3762 ῥήμασιν
945 3688 1091 3742 ἁπαν
1138 3685 1246 3738 τῶν
1281 3682 1568 3755 αίρετικῶν
1601 3681 1661 3733 τὸ
1707 3679 1893 3747 στῖφος

318 3786 592 3850 διέλυσεν,
653 3783 862 3855 Ἀρείου
930 3780 1028 3851 μὲν
1081 3778 1178 3832 καὶ
1228 3776 1493 3846 Εὐνομίου
1543 3773 1643 3844 τὴν
1702 3771 1895 3843 μανίαν

319 3875 565 3945 ἐλέγξας,
612 3875 668 3926 tv
702 3876 767 3943 τῇ
816 3871 926 3924 τῶν
961 3867 1374 3941 προειρημένων
1421 3865 1682 3935 ῥημάτων
1714 3864 1855 3932 ἀρχῇ
1880 3878 1892 3890 ⁸

328 3989 347 4021 ι
389 3966 556 4021 Τοῦτο
601 3965 712 4033 γὰρ
758 3962 1058 4033 φρονείσθω
1106 3962 1164 4012 tv
1211 3960 1361 4030 ὑμῖν,
1396 3956 1424 4008 ὃ
1468 3956 1561 4009 καὶ
1592 3957 1651 4007 tv
1679 3950 1899 4023 Χριστῷ

336 4057 533 4129 Ἰησοῦ,
571 4056 629 4119 ὃς
680 4057 737 4107 tv
771 4054 951 4125 μορφῇ
990 4049 1125 4105 Θεοῦ
1150 4050 1433 4119 ὑπάρχων,
1476 4046 1574 4115 οὐχ
1603 4041 1896 4115 ἁρπαγμὸν

325 4152 572 4223 ἡγήσατο
597 4148 657 4200 τὸ
673 4142 813 4199 εἶναι
844 4147 934 4198 ἶσα
958 4142 1099 4212 Θεῷ,
1126 4141 1240 4195 ἀλλ’
1273 4138 1465 4192 ἑαυτὸν
1493 4135 1750 4199 ὲκένωσε,
1774 4150 1904 4205 μορ-

330 4242 435 4309 φὴν
464 4236 650 4291 δούλου
690 4233 891 4289 λαϐών.
943 4252 964 4286 ι
1008 4233 1082 4286 Οὐ
1104 4230 1214 4301 γὰρ
1260 4225 1431 4294 εἶπεν,
1465 4228 1522 4279 tv
1556 4229 1737 4297 μορφῇ
1768 4223 1904 4278 Θεοῦ

330 4330 642 4402 γενόμενος,
674 4326 813 4390 ἀλλ’,
847 4343 865 4377 ι
910 4326 968 4378 tv
1000 4327 1183 4396 μορφῇ
1213 4321 1350 4376 Θεοῦ
1398 4320 1680 4389 ὑπάρχων.

332 4425 486 4478 εἶπεν
512 4423 624 4492 Οὐχ
661 4418 953 4491 ἁρπαγμὸν
985 4417 1229 4489 ἡγήσατο
1270 4413 1331 4467 τὸ
1369 4410 1506 4467 εἶναι
1562 4414 1653 4466 ῐσα
1696 4410 1903 4480 ἑαυτῷ,

334 4519 367 4585 ἢ
395 4514 484 4568 ἴσα
516 4513 787 4583 ἀγγέλοις,
820 4510 853 4581 ἢ
883 4510 971 4563 ι’σα
1000 4512 1065 4581 τῇ
1105 4508 1301 4571 κτίσει,
1324 4505 1439 4559 ἀλλ’
1485 4506 1595 4569 ίσα,
1629 4502 1754 4574 ἔφη,

336 4608 414 4679 τῷ
441 4607 636 4677 Πατρὶ,
669 4604 747 4676 τῷ
776 4604 1115 4673 γεννήσαντι,
1144 4601 1385 4671 ἀνάρχῳ,
1412 4597 1489 4670 τῷ
1520 4593 1911 4666 ἁγεννήτῳ,τῷ

339 4698 651 4769 ἀπεράντῳ,
682 4694 759 4765 τῷ
796 4693 902 4746 τῶν
930 4693 1065 4745 ὅλων
1097 4690 1362 4762 Δεσπότῃ.

414 4790 632 4859 Ἄρειος
661 4787 757 4857 μὲν
782 4779 873 4838 οὖν
897 4784 991 4837 καὶ
1019 4782 1282 4852 Εὐνόμιος
1310 4780 1386 4851 (5)
1422 4778 1637 4850 ἰσχυρὸν
1667 4775 1913 4831 ἐντεῦθεν

344 4880 591 4948 ἐδέξαντο
619 4883 715 4949 τῆς
747 4876 950 4940 οἰκείας
976 4874 1230 4937 ἀσεϐείας
1258 4874 1347 4926 τὸν
1394 4871 1612 4942 ἔλεγχον
1631 4911 1644 4935 ,
1676 4869 1768 4922 καὶ
1811 4869 1917 4922 Σα-

2015 1205 2444 1267 Animadvertite
2494 1199 2762 1272 quomodo
2791 1210 2887 1266 per
2923 1194 3041 1247 haec
3091 1190 3308 1245 illorum
3362 1182 3522 1238 solvit

1944 1300 2350 1360 obscuritatem.
2390 1313 2408 1347 t
2448 1295 2610 1358 Deus,
2644 1287 2839 1358 inquit,
2886 1283 3081 1338 Filium
3113 1291 3269 1333 suum
3301 1274 3523 1329 mittens

1948 1395 2003 1448 in
2030 1389 2437 1447 similitudinem
2467 1383 2651 1439 carnis
2694 1375 2894 1447 peccati
2933 1391 2947 1427 :
2992 1392 3012 1425 ι
3050 1384 3155 1425 non
3207 1363 3526 1434 simpliciter

1949 1483 2102 1546 dixit,
2139 1481 2194 1535 in
2216 1473 2623 1534 similitudinem
2647 1467 2849 1527 carnis,
2886 1473 3076 1531 nempe
3124 1466 3185 1512 ut
3235 1454 3523 1524 impiorum

1950 1542 2260 1643 dogmatum
2313 1561 2707 1634 blasphemiam
2744 1555 3068 1622 dissiparet;
3100 1545 3299 1604 etenim
3345 1542 3526 1597 omnia

1951 1635 2209 1732 praevidet
2234 1655 2406 1726 gratia
2432 1649 2700 1721 Spiritus;
2723 1646 2837 1709 sed,
2861 1662 2878 1694 ι
2903 1644 2955 1695 in
2979 1635 3389 1694 similitudinem
3410 1645 3532 1686 car-

1952 1754 2041 1807 nis
2063 1748 2292 1821 peccati,
2336 1763 2354 1796 »
2413 1720 2487 1796 ιιι
2522 1737 2901 1805 intelligamus,
2928 1727 3245 1786 vocabulum
3295 1743 3314 1776 ί
3345 1720 3530 1783 simili-

1572 1815 1626 1836 Ἰ*
1670 1815 1681 1817 ἡ
1706 1815 1718 1834 ι
1757 1815 1765 1816 ί
1790 1815 1801 1832 Ι

1572 1854 1813 1908 τέθεικεν
1833 1870 1845 1881 '

1980 1815 2082 1896 udo
2129 1858 2148 1892 ι
2183 1839 2250 1892 ab
2272 1850 2338 1890 eo
2356 1832 2610 1903 positum,
2641 1826 2767 1895 quia
2807 1831 3031 1893 peccato
3081 1817 3228 1875 omni
3278 1815 3535 1876 Servator

1957 1942 2143 1991 noster
2175 1929 2370 1985 caruit.
2394 1922 2565 1979 Homo
2594 1921 2735 1975 enim
2759 1925 2952 1971 natura
2993 1913 3187 1977 factus,
3241 1906 3533 1963 secundum

1958 2029 2241 2095 peccatum
2287 2018 2465 2071 factus
2522 2020 2605 2068 est
2656 2011 2842 2064 homo.
2896 2004 3021 2058 Ideo
3072 2003 3123 2056 in
3182 1996 3539 2055 similitudine

1963 2113 2144 2171 carnis
2170 2107 2374 2181 peccati
2396 2102 2671 2160 damnavit
2702 2098 2759 2152 in
2792 2109 2953 2152 carne
2981 2099 3260 2162 peccatum
3297 2107 3310 2143 :
3352 2088 3541 2141 huma-

1964 2223 2088 2264 nam
2138 2203 2355 2275 quidem
2409 2207 2657 2252 naturam
2708 2202 3015 2251 assumens,
3050 2194 3289 2238 attamen
3330 2178 3543 2250 tyranni

1966 2298 2244 2356 hominum
2298 2288 2509 2362 peccati
2547 2285 2735 2356 jugum
2791 2295 2897 2336 non
2935 2276 3179 2337 subiens,
3239 2270 3335 2326 sed
3389 2265 3547 2334 hujus

1966 2402 2178 2447 omnem
2203 2384 2534 2439 dominatum
2570 2386 2851 2445 respuens,
2891 2370 3387 2430 demonstransque
3428 2357 3544 2414 ﬁeri

1968 2496 2126 2554 posse
2164 2488 2223 2532 ut
2262 2476 2316 2529 in
2370 2474 2605 2527 humana
2641 2474 2833 2520 natura
2892 2459 3098 2530 peccati
3152 2456 3255 2511 tela
3294 2455 3543 2508 vitemus.

1972 2541 2065 2630 'Sic
2095 2565 2373 2626 damnavit
2402 2565 2454 2617 in
2490 2575 2657 2615 carne
2680 2563 2984 2623 peccatum,
3039 2548 3372 2606 debilitatem
3403 2541 3548 2610 ejus—

1974 2665 2094 2719 dem
2113 2671 2432 2728 coarguens,
2464 2649 2806 2723 tyrannidem
2849 2642 3128 2705 cohibens,
3165 2648 3329 2706 atque
3377 2635 3449 2688 ita
3483 2632 3550 2685 ad

1976 2725 2268 2811 victoriam
2300 2746 2549 2803 homines
2600 2739 2874 2796 erudiens.
2926 2732 3051 2788 ldeo
3108 2728 3316 2785 addidit
3359 2725 3549 2780 beatus

1979 2845 2211 2903 Paulus:
2243 2834 2649 2909 Utjustilicatio
2666 2832 2799 2902 legis
2821 2826 3134 2897 impleretur
3172 2822 3224 2876 in
3252 2817 3427 2881 nobis,
3457 2815 3550 2886 qui

1979 2955 2085 2996 non
2126 2934 2419 2990 secundum
2461 2941 2681 2984 carnem
2729 2921 3093 2981 ambulamus,
3115 2913 3211 2971 sed
3256 2907 3554 2967 secundum

1984 3028 2254 3099 spiritum.
2306 3023 2449 3089 Ergo
2488 3018 2689 3072 fuimus
2729 3008 3034 3082 iustiﬁcati,
3065 3012 3285 3077 peccato
3310 3001 3364 3055 in
3391 3011 3559 3055 carne

1985 3122 2256 3177 damnato.
2292 3110 2579 3169 Damnavit
2625 3114 2803 3160 autem
2848 3102 2902 3155 in
2930 3111 3091 3155 carne
3114 3102 3413 3167 peccatum,
3436 3104 3558 3144 cum

1988 3213 2039 3265 in
2084 3206 2488 3264 similitudinem
2532 3199 2711 3254 carnis
2781 3191 2992 3265 peccati
3054 3188 3311 3244 Servator
3378 3188 3562 3237 noster

1988 3303 2162 3357 factus
2194 3306 2320 3361 est;
2354 3295 2644 3349 htnnanam
2687 3287 2901 3358 quidem
2962 3289 3211 3336 naturam
3251 3285 3560 3335 assumens,

1990 3394 2212 3449 minime
2253 3400 2431 3444 tamen
2482 3384 2769 3440 dominans
2793 3379 2840 3434 ei
2902 3381 3182 3445 peccatum
3247 3365 3561 3422 admittens.

1993 3484 2085 3539 Sic
2108 3484 2263 3537 divus
2292 3479 2490 3534 Paulus
2532 3474 2714 3528 verbis
2750 3468 2937 3541 paucis
2987 3463 3299 3519 universum
3346 3455 3565 3511 haereti-

1992 3587 2178 3629 corum
2228 3584 2421 3640 agmen
2455 3562 2773 3637 proﬂigavit,
2830 3559 2995 3631 813
3022 3574 3093 3611 m.
3129 3553 3243 3609 Arii
3274 3550 3462 3618 utique
3515 3559 3571 3599 et

1998 3661 2243 3718 Ennomii
2276 3658 2544 3713 insaniam
2582 3654 2826 3709 refutans
2870 3647 3250 3720 praedictorum
3284 3641 3571 3696 verborum

1997 3755 2154 3810 initio
2187 3771 2200 3807 :
2236 3770 2253 3803 ι
2286 3749 2397 3803 Hoc
2426 3747 2571 3803 enim
2602 3743 2870 3800 sentitein
2902 3740 3055 3793 vobis
3078 3735 3219 3806 quod
3251 3741 3306 3788 et
3338 3733 3390 3786 in
3416 3730 3575 3786 Chri-

2000 3855 2083 3899 sto
2124 3840 2273 3905 Jesu,
2308 3838 2543 3906 quicum
2579 3834 2630 3887 in
2667 3831 2837 3885 forma
2868 3829 2958 3883 Dei
2989 3835 3154 3890 esset,
3179 3838 3283 3877 non
3328 3821 3572 3889 rapinam

2002 3935 2295 3988 arbitratus
2312 3937 2396 3985 est
2423 3942 2544 3982 esse
2569 3938 2628 3980 se
2653 3921 2914 3991 aequalem
2943 3919 3070 3982 Deo,
3098 3915 3190 3971 sed
3221 3910 3572 3979 semetipsum

2003 4018 2321 4080 exinanivit,
2372 4016 2602 4070 formam
2656 4008 2797 4064 servi
2856 4003 3148 4073 accipiens.
3192 4017 3210 4050 ι
3266 3994 3381 4050 Νοη
3431 3991 3577 4048 enim

2005 4114 2157 4177 dixit,
2194 4110 2247 4165 in
2286 4106 2459 4162 forma
2483 4102 2577 4158 Dei
2600 4102 2790 4165 factus,
2824 4095 2939 4158 sed,
2978 4111 2997 4144 ι
3035 4105 3157 4146 cum
3182 4089 3236 4143 in
3262 4085 3442 4145 forma
3486 4081 3579 4135 Dei

2006 4175 2168 4261 esset.
2204 4220 2222 4252 ι
2268 4197 2453 4268 Neque
2492 4196 2619 4249 item
2659 4190 2794 4245 dixit
2825 4185 2980 4243 :Non
3012 4182 3253 4252 rapinam
3286 4175 3583 4231 arbitratus

1721 4264 1738 4369 ί
2009 4305 2090 4350 est
2114 4306 2234 4349 esse
2254 4306 2313 4346 se
2329 4264 2593 4358 aequalem
2615 4282 2831 4338 sibimet
2853 4287 2947 4331 aut
2965 4272 3189 4345 angelis,
3207 4277 3301 4324 aut
3320 4264 3584 4337 aequalem

2010 4396 2294 4447 creaturae,
2339 4354 2435 4435 sed
2485 4374 2747 4446 aequalem
2810 4368 2946 4425 dixit
3015 4366 3121 4420 Deo
3173 4360 3322 4416 Patri
3378 4354 3470 4426 qui
3529 4368 3588 4406 se

1944 4502 1988 4557 ι)
2014 4445 2293 4549 genuerat,
2312 4469 2481 4535 Patri,
2517 4445 2759 4535 inquam,
2786 4460 2994 4526 absque
3021 4452 3305 4525 principio,
3326 4445 3585 4519 ingenito.

2020 4567 2250 4628 infinito,
2285 4575 2464 4618 rerum
2504 4555 2748 4612 omnium
2786 4550 3034 4605 Domino.

2095 4767 2259 4823 Arius
2301 4761 2464 4833 igitur
2515 4766 2678 4826 atque
2702 4746 3001 4806 Eunomius
3026 4739 3257 4797 validam
3296 4735 3423 4789 hinc
3469 4745 3593 4799 per-

2024 4862 2262 4917 tulerunt
2288 4829 2586 4925 impietatis
2611 4859 2722 4902 suae
2763 4834 3200 4908 redargutionem
3229 4848 3243 4884 :
3268 4829 3596 4895 iusuperque

348 4918 552 5035 69340;
575 4970 632 5024 δὲ
660 4918 754 5023 κά).
779 4918 1097 5039 Μάρκελλος
1126 4918 1228 5019 καί
1250 4918 1879 5030 ὀἰ

2028 4949 2295 5009 Sabellius
2314 4918 2679 5001 et-Marcellus
2714 4943 2876 5003 atque
2911 4926 3195 4986 Photinus,
3258 4918 3349 4988 qui
3396 4923 3595 4984 negant

2576 5038 2579 5039 ν
2627 5026 2640 5039 .
2682 5026 2714 5039 ._
2858 5006 3567 5039 “Annum”,nmmhmn

349 5065 674 5153 ὑποστάσεις
722 5061 1066 5133 ἀρνούμενοι,
1099 5060 1194 5113 καὶ
1239 5058 1338 5121 τὰς
1380 5058 1478 5126 τῆς
1510 5054 1761 5124 θεότητος
1795 5070 1924 5120 συγ-

350 5150 562 5224 χέοντες
594 5152 882 5221 ίδιότητας,
913 5148 1161 5202 ἐντεῦθεν
1193 5143 1636 5217 βλασφημοῦντες
1681 5140 1927 5211 ἐλέγχον-⁹

2026 5053 2135 5097 tres
2171 5042 2511 5109 ltypostases,
2536 5038 2589 5085 et
2611 5024 2828 5081 deitatis
2849 5016 3185 5075 confundunt
3207 5006 3591 5080 proprietates,

352 5186 560 5224 χευνιεε,
594 5186 882 5221 ιυινυιμυη,
913 5186 1159 5202 tua..."
1193 5186 1633 5217 ,....-,..,,.--..-,
1681 5186 1867 5211 -..ηπ

350 5262 476 5299 ται·
511 5245 696 5315 ἕτερος
738 5243 846 5315 γὰρ
894 5243 1037 5296 κατὰ
1074 5240 1173 5311 τὴν
1223 5238 1517 5292 ὑπόστασιν
1564 5236 1593 5287 ὁ
1641 5235 1699 5287 tv
1746 5249 1879 5304 μοριί

2028 5186 2150 5280 dum
2175 5186 2509 5293 hypostasim
2538 5211 2626 5266 ille
2654 5186 2747 5277 qui
2783 5204 2836 5259 in
2889 5200 3060 5255 forma
3091 5193 3187 5250 Dei
3218 5198 3358 5254 erat,
3386 5197 3442 5243 et
3463 5186 3602 5241 alius

350 5278 440 5299 *ωλι
512 5278 694 5315 διώρυξ
750 5278 846 5315 μιν
897 5278 1037 5296 unum
1086 5278 1171 5311 σιμ
1227 5278 1357 5292 νην-ν
1374 5278 1513 5289 νιν-νυν
1566 5278 1591 5287 -
1641 5278 1693 5287 τ.
1746 5278 1879 5304 παι-τ

326 5334 488 5389 τθεοῦ
514 5334 795 5404 ὑπάρχων,
823 5334 917 5388 κα)⁸
946 5333 1131 5402 ἕτερος
1152 5332 1356 5393 ἐκεῖνος
1382 5322 1443 5381 06
1470 5326 1527 5379 tv
1557 5326 1739 5396 μορφῇ
1764 5322 1876 5377 ὑπά

2029 5316 2116 5372 ille
2150 5278 2301 5381 cuius
2334 5311 2388 5365 in
2417 5307 2589 5362 forma
2610 5309 2765 5356 erat:
2796 5306 2851 5353 et
2894 5293 3032 5349 alius
3055 5296 3256 5346 ‘rursus
3309 5280 3400 5350 qui
3449 5278 3599 5348 rapi-

428 5499 448 5529 '
488 5497 646 5551 Rom.
674 5509 795 5557 vttt,
828 5493 883 5557 ὅ,
917 5491 972 5549 4.

435 5658 511 5729 (l)
539 5652 772 5729 ALegesis
789 5647 1047 5729 Cyrillum
1070 5645 1124 5700 in
1146 5638 1551 5698 commentariis
1571 5636 1683 5692 suis
1703 5633 1769 5688 ad
1792 5631 1934 5686 hunc
2041 5622 2302 5729 patl'gculla
2330 5619 2413 5729 τὺ,
2440 5631 2564 5669 non.

2262 5709 2292 5729 n
2357 5702 2438 5729 mn
2475 5695 2527 5729 et

361 5719 510 5783 Pauli
539 5719 713 5779 locum
744 5719 881 5790 apud
909 5732 1027 5790 nos.

436 5798 512 5865 (2)
555 5793 707 5850 Haud
750 5790 861 5848 scio
904 5804 972 5844 an

2332 5660 2827 5763 lto’cne'tusgquente
2842 5762 2847 5763 γ
2863 5675 3123 5763 opusculo
3156 5668 3384 5763 pullulat-13‘
3401 5660 3615 5718 haereti-

1014 5754 1100 5842 liic
1146 5777 1533 5851 interponenda
1580 5778 1650 5832 sit
1692 5771 1939 5843 negativa
2047 5735 2858 5822 cum,racenﬁoremﬁunotnio
2890 5735 3406 5811 nominatCyrillus.
