4038 6540
469 367 604 424 1451

1494 363 1551 422 S.
1586 359 1858 420 CYRlLLl
1895 358 2364 418 ALEXANDRINI
2415 360 2760 433 ARCHIEP.’

3586 359 3611 411 ἰ
3631 358 3730 412 352

468 499 596 538 nam
615 498 724 540 non
741 482 1114 539 arbitrabatur
1127 496 1248 540 esse
1269 496 1330 540 se
1356 482 1615 552 aequalem
1647 482 1778 548 Deo,
1809 492 1866 538 et
1903 481 2037 534 alius

2143 497 2228 550 χει
2247 498 2259 510 ·
2299 479 2393 532 καὶ
2418 480 2576 543 ἄλλος
2604 479 2764 534 πάλιν
2795 479 2823 533 ὁ
2853 479 2928 550 μὴ
2957 477 3253 551 ἁρπαγμὸν
3276 475 3628 548 ἡγησάμενος
3664 473 3729 524 τδ

469 576 556 630 ille
578 575 664 628 cui
688 573 1030 643 esttequalis,
1052 573 1147 630 sed
1169 588 1277 629 non
1297 574 1398 632 sibi
1429 574 1793 644 aequalitatem
1809 589 1931 627 cum
1950 572 2040 627 illo

468 664 674 731 rapuit.
704 662 970 720 Praeterea
1007 664 1100 720 ille
1153 665 1320 721 etiam
1378 664 1500 721 falsi
1540 665 1777 721 nominis
1814 664 2036 731 Paulus,

466 751 560 818 qui
603 751 913 809 Set-viatoris
957 761 1081 810 ante
1129 752 1328 809 secula
1363 752 1768 824 generationem
1803 753 2035 823 negavit,

465 839 748 897 Judaicam
811 844 1134 901 sententiam
1180 845 1394 912 fovens,
1446 854 1501 900 et
1537 845 1607 900 de
1657 845 1879 913 Virgine
1923 855 2041 898 tan-

470 932 749 987 tummodo
772 942 959 988 natum
989 933 1274 991 confessus
1293 944 1400 998 est,
1447 949 1514 988 ex
1558 933 1643 988 his
1685 934 1818 1003 ipsis
1861 932 2040 989 verbis

469 1020 683 1089 dignam
733 1023 1014 1092 impietate
1053 1040 1150 1080 sua
1197 1026 1340 1095 capit
1379 1025 1758 1094 ignominiam.
1809 1026 2042 1080 nocetur

466 1110 611 1165 enim
641 1113 770 1169 hinc
799 1129 834 1168 a-
851 1115 976 1170 divo
1000 1114 1168 1172 Paulo
1193 1127 1250 1171 et
1274 1117 1366 1171 Dei
1409 1115 1641 1171 Verbum
1669 1118 1812 1186 quod
1853 1131 2040 1172 susce-

469 1202 566 1270 pit,
597 1215 653 1259 et
683 1204 974 1260 humanam
1008 1217 1312 1278 susceptam
1366 1219 1638 1275 naturam,
1676 1218 1732 1264 et
1774 1209 2044 1279 ρεπεκεὶ-

468 1302 700 1350 stentem
719 1296 814 1353 Dei
829 1297 1082 1361 formam,
1097 1309 1152 1356 et
1172 1300 1226 1356 in
1245 1300 1349 1356 line
1365 1301 1685 1357 saeculorum
1705 1313 2036 1371 assumptatn

469 1385 536 1439 ab
564 1388 755 1441 eadem
800 1390 944 1444 servi
996 1387 1252 1445 formam.
1301 1393 1532 1448 Docetur
1583 1391 1784 1462 pariter
1836 1389 2034 1460 Apelli~

471 1478 617 1532 naris
653 1493 778 1534 cum
815 1480 950 1537 Αιῖο
969 1491 1130 1552 atque
1158 1483 1446 1550 Eunomio,
1497 1484 1640 1553 quod
1697 1498 2036 1554 nequaquam

469 1570 615 1626 Deus
657 1571 916 1637 Verbum,
963 1576 1104 1642 quod
1151 1585 1234 1629 est
1283 1575 1647 1642 immutabile,
1705 1575 1758 1629 in
1816 1589 2038 1629 carnem

468 1660 632 1715 fuerit
704 1663 1074 1728 immutatum,
1121 1665 1215 1719 sed
1283 1666 1430 1733 quod
1483 1679 1665 1721 nostra
1732 1665 2038 1720 substantia

468 1765 788 1824 assumpta,
828 1755 1057 1810 salutem
1119 1765 1359 1811 nostram
1395 1757 1470 1812 sit
1515 1764 1818 1826 operatum.
1867 1755 2040 1810 Porro

467 1847 718 1915 superius
777 1847 940 1901 dictis
991 1847 1507 1912 demonstravimus,
1592 1847 1823 1901 formam
1884 1847 2035 1900 servi

467 1939 789 2008 appellatam
823 1953 944 1994 esse
979 1939 1215 1994 hominis
1263 1947 1540 1994 naturam.
1583 1936 1718 1993 Nam
1761 1939 1812 1993 si
1862 1937 2038 1992 forma

468 2027 566 2083 Dei
624 2038 709 2085 est
758 2031 1061 2084 substantia
1093 2028 1192 2082 Dei
1233 2029 1408 2100 (caret
1453 2030 1602 2084 enim
1649 2041 1834 2084 revera
1866 2029 2040 2084 forma

465 2120 634 2192 βιῶ
655 2137 727 2175 m.
756 2131 812 2176 ct
841 2121 1030 2192 quavis
1053 2121 1233 2192 specie
1261 2120 1426 2186 Deus,
1456 2121 1548 2190 qui
1577 2130 1661 2175 est
1680 2121 1929 2190 simplex,
1962 2120 2043 2174 in-

467 2215 821 2284 compositus,
858 2223 914 2269 et
943 2213 1091 2269 omni
1126 2213 1302 2284 ﬁgura
1344 2214 1680 2284 destitutus),
1709 2214 1953 2284 sequitur
1983 2223 2042 2267 ut

467 2306 612 2361 servi
665 2306 868 2372 forma,
925 2320 1078 2374 atque
1124 2306 1264 2361 servi
1309 2305 1610 2362 substantia
1682 2305 2038 2375 intelligatur.

469 2395 623 2452 Servi
675 2406 853 2452 autem
891 2397 1221 2464 substantia,
1267 2396 1320 2451 id
1366 2405 1455 2452 est.
1498 2397 1756 2462 hominis,
1802 2410 1908 2450 non
1958 2405 2047 2450 est

466 2502 669 2558 corpus
696 2490 808 2545 hoc
861 2489 1233 2544 tantummodo
1281 2488 1422 2556 quod
1476 2495 1722 2556 apparet,
1779 2488 1872 2541 sed
1927 2496 2040 2541 tota

467 2581 705 2637 hominis
745 2589 940 2635 natura
994 2596 1023 2635 a
1076 2578 1436 2649 prudentibus
1483 2578 1845 2634 existimatur.
1893 2577 2039 2633 Prae-

468 2682 614 2728 terea
646 2684 701 2728 et
728 2672 804 2728 illi
834 2672 1131 2743 impietatis
1159 2669 1526 2739 antesignani,
1579 2679 1634 2724 et
1692 2669 2040 2738 blasphemia:

467 2764 733 2819 adversus
766 2771 968 2819 rectam
1016 2762 1176 2819 ﬁdem
1208 2762 1370 2834 primi
1428 2769 1700 2824 auctores,
1757 2761 1847 2830 qni
1877 2760 2036 2815 Chri-

464 2835 763 2911 stianarum
798 2855 1018 2925 quidem
1065 2853 1172 2910 sibi
1211 2856 1430 2910 nomina
1484 2852 1886 2923 imposuerunt,
1942 2856 2035 2908 sed

463 2945 861 3002 idololatricum
951 2945 1302 3016 paiytbeismi
1376 2958 1620 3000 errorem
1684 2956 2036 3015 superarunt,

462 3039 724 3107 Euscion,
771 3039 1016 3109 inquam,
1063 3046 1124 3093 et
1151 3037 1362 3102 Manes,
1409 3047 1466 3092 et
1520 3038 1701 3093 caeteri
1737 3039 2038 3108 pestilentis

463 3133 678 3187 illorum
716 3131 991 3187 cathedrae
1043 3128 1388 3185 consectanei
1442 3137 1497 3184 et
1549 3129 1824 3198 discipuli,
1858 3146 1924 3184 ex
1949 3129 2032 3183 his
2061 3158 2104 3215 ο

463 3221 596 3290 ipsis
647 3219 891 3290 Apostoli
943 3218 1122 3273 verbis
1195 3233 1349 3272 suam
1417 3219 1692 3274 vesaniam
1752 3220 1886 3272 satis
1937 3235 2031 3272 co-

462 3318 750 3383 gnoscant.
793 3308 930 3364 Nam
963 3323 1086 3364 cum
1111 3308 1210 3377 ipsi
1241 3307 1454 3362 Domini
1487 3309 1780 3363 secundum
1815 3324 2031 3363 carnem

462 3402 802 3457 nativitatem
826 3409 883 3456 et
908 3399 1304 3454 humanitatem
1327 3411 1438 3456 non
1472 3400 1784 3464 admittant,
1807 3400 2036 3455 audiunt

461 3492 937 3564 pmclaﬁssimum
970 3489 1194 3545 Paulum
1224 3491 1530 3556 docentem,
1556 3491 1697 3554 quod
1737 3490 1828 3547 Dei
1861 3493 2031 3547 forma

462 3586 607 3642 servi
636 3585 866 3641 formam
891 3583 1214 3653 susceperit.
1243 3584 1397 3638 Servi
1428 3592 1607 3638 autem
1667 3584 1842 3640 forma
1892 3587 2033 3640 haud

461 3673 748 3743 phantasia
769 3673 1013 3742 quaedam
1031 3680 1168 3737 erat,
1185 3686 1359 3741 neque
1382 3671 1593 3739 umbra,
1617 3688 1792 3743 neque
1815 3688 2034 3729 aereum

461 3763 834 3830 simulacrum,
866 3776 1044 3832 neque
1069 3761 1214 3816 aliud
1251 3761 1468 3831 quidvis
1496 3761 1812 3833 huiusmodi
1846 3765 2030 3834 appel-

462 3857 626 3922 tatur,
655 3855 750 3912 sed
777 3855 920 3910 servi
944 3862 1157 3909 natura.

531 3948 686 4016 Quod
717 3947 763 4002 si
798 3946 1182 4016 subsequentia
1217 3946 1306 4000 illa
1336 3945 1501 4001 verba
1562 3948 1718 4004 nobis
1750 3947 2041 4018 obiiciant,

467 4059 488 4094 ε
519 4041 577 4094 in
599 4038 1005 4094 similitudinem
1027 4037 1264 4092 hominis
1293 4038 1766 4106 factus,ethahilu
1786 4041 2034 4094 inventus

462 4139 524 4186 ιιι
545 4133 707 4187 homo
734 4147 750 4198 ;
783 4149 803 4183 ι
834 4143 1042 4184 necnon
1077 4128 1166 4182 illa
1215 4129 1286 4184 ad
1323 4129 1600 4186 Romanos
1625 4148 1640 4185 :
1665 4148 1682 4182 t
1711 4130 1764 4185 in
1787 4130 2034 4185 similitu-

461 4220 642 4277 dinem
667 4218 848 4274 carnis
877 4219 1084 4288 peccati
1110 4218 1137 4250 ⁸
1167 4233 1184 4272 :
1234 4238 1260 4272 ι-
1290 4221 1464 4290 primo
1498 4222 1714 4290 quidem
1747 4220 2028 4275 stultitiam

461 4311 700 4381 ipset-tn
740 4310 1146 4364 convincamus.
1181 4308 1315 4363 Nam
1349 4310 1392 4365 si
1415 4311 1599 4376 verba,
1642 4329 1660 4362 ι
1699 4311 1752 4365 in
1779 4311 2033 4366 similitu-

461 4401 640 4457 dinem
697 4400 954 4465 hominis,
1005 4412 1062 4456 et
1118 4400 1303 4456 habitu
1355 4402 1604 4457 inventus
1655 4412 1712 4456 ut
1789 4405 1972 4470 homo,
2008 4424 2030 4455 ι

462 4493 805 4567 phantasiam
869 4493 1100 4562 aliquam
1170 4492 1459 4548 humanam
1517 4495 1802 4562 denotant,

461 4592 642 4637 autem
676 4581 872 4645 forma,
924 4590 1112 4636 natura
1166 4581 1400 4636 hominis
1451 4592 1573 4638 est:
1606 4586 2032 4641 contradicentia

461 4676 640 4743 posuit
685 4673 998 4742 Apostolus.
1051 4673 1169 4728 Jam
1230 4675 1274 4728 si
1319 4674 1559 4743 Apostoli
1619 4682 1783 4732 verba
1811 4679 2034 4732 minime

462 4767 690 4821 invicem
709 4765 1108 4828 contradicunt,
1143 4780 1273 4821 sane
1299 4765 1579 4831 discimus,
1610 4769 1752 4823 servi
1781 4768 2038 4835 formam,

463 4860 608 4915 servi
640 4872 762 4914 esse
784 4859 1167 4912 substantiam.
1208 4858 1378 4913 Porro
1399 4859 1449 4912 iu
1480 4859 1754 4914 hominum
1789 4859 2040 4915 similitu-

464 4949 644 5005 dinem
693 4946 836 5015 ﬁeri,
875 4957 930 5003 et
983 4947 1169 5003 habitu
1215 4958 1273 5004 ut
1314 4949 1587 5004 hominem
1632 4950 1885 5015 inveniri,
1950 4952 2030 5007 sic

465 5042 826 5113 intelligemus
869 5058 888 5108 ;
940 5055 1134 5110 nempe
1199 5041 1486 5095 Dominum
1547 5051 1789 5096 nostrum
1843 5043 2028 5099 Jesum

462 5135 764 5200 Christum,
794 5143 1046 5188 naturam
1076 5141 1317 5188 nostram
1347 5130 1656 5198 habentem,
1689 5149 1792 5187 non
1826 5133 1877 5187 in
1901 5150 2035 5188 cun-

462 5229 568 5284 etis
617 5226 772 5282 nobis
802 5226 970 5280 fuisse
999 5223 1283 5294 aqualem.
1320 5222 1564 5294 Namque
1602 5233 1655 5278 et
1713 5226 1826 5294 ipse
1876 5237 2036 5282 natus

462 5330 545 5376 est
584 5321 652 5376 de
690 5319 940 5384 muliere,
994 5318 1090 5372 sed
1145 5317 1250 5372 alia
1303 5331 1368 5372 ne
1417 5331 1517 5373 nos
1547 5319 1755 5373 ratione
1791 5335 1817 5385 ;.
1838 5321 2037 5390 quippe

461 5413 552 5480 qui
608 5412 674 5466 de
728 5410 977 5481 virginali
1032 5409 1230 5479 prodiit
1283 5407 1459 5462 vulva.
1508 5409 1574 5465 Et
1606 5410 1766 5466 homo
1819 5412 2034 5481 quidem

531 5589 553 5622 ‘
587 5591 744 5645 llum.
779 5607 898 5655 vm,
930 5593 983 5646 ὅ.

536 5771 612 5836 (ll
652 5767 907 5837 intelligit
938 5763 1159 5822 Paulum
1197 5751 1655 5824 Santosatensem'.

2141 566 2280 624 εἶναι
2327 569 2418 622 ica
2459 570 2598 642 Θεῷ,
2635 572 2764 641 παρ’
2814 572 3021 624 ἐκεῖνον
3049 587 3111 624 οι.
3141 571 3252 633 ἴσος
3301 569 3560 636 ὑπάρχει,
3609 565 3728 616 ἀλλ’

2143 661 2243 732 οὐχ
2271 662 2520 732 ἥρπασεν
2552 663 2651 731 τὴν
2693 661 2830 731 πρὸς
2873 661 3037 714 αὑτὸν
3067 660 3306 730 ἰσότητα.
3345 644 3495 734 Πρδς
3521 656 3578 708 δὲ
3607 653 3730 706 τού-

2139 773 2253 817 τοις
2298 757 2446 808 καὶὸ
2472 753 2820 824 ψευδώνυμος
2865 751 3077 815 Παῦλος
3120 752 3217 822 (1),
3259 751 3293 818 ῥ
3322 749 3419 820 τὴν
3474 748 3574 819 μὲν
3618 745 3729 816 πρὸ

2139 848 2350 903 αἰώνων
2380 847 2635 918 γέννησιν
2658 845 2753 898 τοῦ
2779 845 3028 915 Σωτῆρος
3050 844 3410 915 ἀρνούμενος,
3440 837 3730 907 Ἰουδαῖκῷ

2141 941 2198 994 δὲ
2225 939 2566 1010 κεχρημένος
2599 938 2927 1008 φρονήματι,
2958 935 3054 988 καὶ
3096 933 3194 1005 τὴν
3221 935 3286 988 ἐκ
3315 930 3602 1001 Παρθένου
3632 928 3730 997 μόο

2141 1049 2236 1100 νην
2255 1028 2554 1100 ὁμολογῶν,
2575 1030 2641 1082 ἐκ
2660 1029 2769 1081 τῶν
2795 1027 2975 1081 αὐτῶν
3001 1025 3202 1080 τούτων
3221 1025 3415 1093 λόγων,
3442 1023 3546 1093 τὴν
3565 1019 3739 1084 ἀξίαν-

2139 1124 2240 1193 τῆς
2288 1121 2544 1185 ἀσεϐείας
2586 1119 2847 1191 αἰσχύνην
2893 1118 3230 1190 καρποῦται*
3265 1117 3584 1170 διδάσκεται
3615 1114 3731 1184 γὰρ

2141 1215 2248 1269 ὑπὸ
2270 1214 2366 1267 τοῦ
2409 1213 2554 1267 θείου
2601 1212 2815 1266 Παύλου
2855 1212 2944 1264 τὸν
2972 1211 3204 1263 λαϐόντα
3231 1209 3362 1262 Θεὸν
3395 1209 3599 1276 Λόγον,
3633 1207 3730 1259 καὶ

2139 1308 2237 1377 τὴν
2264 1307 2612 1376 ἀνθρωπείαν
2643 1304 2802 1374 φύσιν
2835 1305 2933 1374 τὴν
2960 1303 3274 1374 ληφθεῖσαν,
3305 1303 3408 1372 τὴν
3439 1298 3730 1368 προῦπάρυ

2140 1417 2233 1471 χου
2243 1416 2338 1452 σαν
2361 1397 2572 1470 μορφὴν
2595 1396 2687 1449 τοῦ
2717 1395 2876 1460 Θεοῦ,
2905 1397 2998 1449 καὶ
3026 1397 3082 1448 ὲν
3108 1394 3184 1465 τῷ
3205 1393 3350 1447 τέλει
3372 1393 3486 1446 τῶν
3509 1391 3730 1445 αἰώνων

2143 1490 2582 1562 προσληφθεῖσαν
2619 1487 2712 1541 ἀπ’
2758 1486 2974 1556 ἐκείνης
3019 1484 3208 1537 δούλου
3265 1485 3504 1554 μορφήν.
3563 1481 3727 1533 Διδά-

2145 1600 2337 1638 σκεται
2365 1582 2421 1635 δὲ
2456 1580 2622 1634 πάλιν
2659 1576 3033 1646 ’Δπολινὰριος
3063 1576 3160 1628 σὺν
3204 1575 3398 1643 ’Δρείῳ
3429 1573 3529 1625 καὶ
3559 1569 3730 1624 Εὐνο-

2145 1675 2273 1747 plut,
2299 1675 2375 1737 ὡς
2419 1673 2518 1742 οὐχ
2545 1672 2574 1724 ὁ
2621 1669 2754 1733 Θεὸς
2795 1669 2967 1736 Λόγος
3007 1669 3036 1720 ὁ
3077 1668 3364 1738 ἄτρεπτος,
3408 1667 3490 1727 είς
3523 1661 3730 1734 supra;

2141 1767 2304 1836 φύσιν
2330 1764 2565 1834 ὲτράπη,
2597 1760 2732 1816 ἀλλά
2758 1761 2856 1831 τὴν
2886 1759 3166 1830 ἡμετέραν
3192 1755 3478 1812 ἀναλαϐὼν
3509 1753 3732 1811 οὐσίαν,

2142 1860 2241 1932 τὴν
2268 1858 2551 1930 ἡμετέραν
2563 1853 3066 1927 ἐπραγματεύσατο
3079 1849 3372 1920 σωτηρίαν.
3416 1845 3730 1911 ’Δπεδείξα-

2145 1968 2248 2021 μεν
2289 1950 2369 2014 δὲ,
2409 1948 2475 2002 δι’
2509 1941 2584 2002 ὧν
2629 1947 2951 2018 εἰρήκαμεν,
2991 1942 3202 2014 μορφὴν
3247 1940 3434 1992 δούλου
3481 1937 3584 2008 τὴν
3631 1937 3728 1988 τοῦ

2141 2039 2426 2112 ἀνθρώπου
2457 2035 3006 2110 προσαγορευομένην
3026 2031 3207 2085 οὐσίαν
3227 2047 3240 2060 ·
3271 2027 3448 2098 εἰγάρ
3479 2029 3514 2097 ἡ
3542 2026 3732 2096 μορφὴ

2139 2131 2236 2185 τοῦ
2268 2129 2423 2193 Θεοῦ,
2449 2127 2608 2182 οὐσία
2632 2125 2732 2180 τοῦ
2759 2125 2899 2178 Θεοῦ
2920 2140 2934 2154 ⁸
2958 2123 3286 2193 ἁμόρφωτον
3310 2120 3424 2190 γὰρ
3448 2119 3546 2171 καὶ
3577 2117 3732 2169 ἀνεί-

2140 2223 2259 2278 δεον
2283 2223 2346 2276 τὸ
2367 2222 2546 2275 Θεῑον’
2571 2217 2776 2274 ἁπλοῦν
2808 2217 2870 2270 δὲ
2892 2215 2989 2268 καὶ
3019 2212 3308 2266 ἀσύνθετον
3337 2210 3432 2263 καὶ
3473 2205 3734 2276 ἀσχημά-

2140 2331 2341 2377 τιστον,
2372 2312 2467 2366 καὶ
2491 2314 2525 2383 ἠ
2564 2309 2662 2364 τοῦ
2687 2308 2874 2362 δούλου
2907 2305 3091 2377 μορφὴ
3119 2303 3361 2374 δηλονότι
3411 2301 3575 2354 οὐσία
3607 2298 3730 2350 δού-

2141 2405 2234 2458 λου
2272 2403 2495 2466 είκότως
2528 2402 2594 2456 ἂν
2636 2398 2886 2469 νοηθείη’
2921 2396 3082 2450 οὐσία
3106 2397 3162 2450 δὲ
3191 2393 3401 2458 δούλου,
3440 2392 3736 2445 τουτέστιν

2140 2492 2451 2564 ἀνθρώπου,
2474 2491 2539 2544 οὐ
2565 2489 2628 2543 τὸ
2652 2488 2978 2559 φαινόμενον
3011 2485 3172 2557 σῶμα
3206 2484 3388 2555 μόνον,
3408 2482 3550 2535 ἀλλά
3573 2484 3732 2534 πᾶσα

2138 2584 2233 2638 τοῦ
2263 2581 2551 2653 ἀνθρώπου
2579 2582 2614 2652 ἡ
2641 2579 2802 2650 φύσις
2831 2577 2986 2649 παρά
3026 2579 3137 2640 τοῖς
3165 2573 3542 2646 σωφρονοῦσιν
3571 2574 3729 2625 νενό-

2143 2693 2349 2748 μισται.
2373 2673 2516 2746 Πρὸς
2539 2672 2597 2726 δὲ
2616 2671 2826 2734 τούτοις
2844 2673 2894 2723 οἱ
2915 2667 3295 2740 πρωτοστάται
3316 2665 3417 2736 τῆς
3439 2664 3730 2729 ἀσεϐείας,

2139 2769 2232 2823 καὶ
2277 2767 2486 2838 πρῶτοι
2535 2762 2635 2834 τὴν
2684 2762 3032 2833 βλασφημίαν
3081 2759 3229 2813 κατά
3281 2757 3381 2828 τῆς
3434 2755 3728 2817 εὐσεϐείας

2141 2859 2561 2930 βλαστήσαντες,
2607 2853 2704 2906 καὶ
2747 2850 3094 2922 Χριστιανῶν
3137 2849 3235 2920 μὲν
3279 2849 3451 2918 ὄνομα
3499 2847 3732 2905 ἑαυτοῖς

2138 2949 2437 3011 ἐπιθέντες,
2467 2948 2650 3000 πᾶσαν
2683 2945 2742 2998 δὲ
2765 2945 2864 3014 τὴν
2891 2942 3150 2996 πολύθεον
3178 2940 3285 2994 τῶν
3313 2939 3553 2993 εἰδώλων
3586 2939 3719 2990 πλά-

2137 3056 2236 3110 νην
2265 3035 2808 3108 ὑπερακοντίσαντες,
2837 3031 3126 3102 Μαρκίων,
3169 3033 3338 3102 φημὶ,
3368 3031 3466 3084 καὶ
3502 3031 3728 3097 Μάνης,

2138 3131 2232 3185 καὶ
2261 3131 2310 3184 οἰ
2336 3131 2432 3198 τῆς
2461 3127 2711 3197 λοιμικῆς
2734 3124 2912 3179 αὐτῶν
2939 3123 3209 3195 καθέδρας
3241 3123 3440 3192 μύσται
3483 3123 3582 3175 καὶ
3610 3123 3722 3188 γεξ-

2136 3236 2307 3282 τονες,
2355 3218 2424 3271 δι’
2449 3217 2628 3270 αὐτῶν
2659 3214 2864 3268 τούτων
2890 3214 3001 3267 τῶν
3050 3213 3310 3284 ῥημάτων
3364 3211 3461 3282 τὴν
3509 3211 3728 3264 οἰκείαν

2135 3309 2520 3383 παραπληξίαν
2566 3307 2928 3379 μανθάνουσι·
2961 3305 3060 3375 τὴν
3093 3304 3236 3358 κατά
3274 3303 3455 3374 σάρκα
3483 3302 3596 3372 γὰρ
3629 3301 3732 3354 τοῦ

2137 3405 2340 3476 Κυρίου
2374 3401 2625 3472 γέννησίν
2651 3416 2715 3453 τε
2762 3399 2860 3452 καὶ
2878 3397 3035 3453 ὲνανθ
3047 3397 3294 3469 ρῶπησιν
3319 3397 3379 3448 ού
3409 3395 3726 3465 δεχόμενοι,

2135 3496 2394 3551 ἀκούουσι
2437 3495 2531 3549 τοῦ
2578 3492 2852 3547 θειοτάτου
2892 3490 3105 3545 Παύλου
3137 3491 3503 3552 διδάσκοντος,
3564 3487 3641 3550 ὡς
3688 3489 3727 3557 ἡ

2133 3588 2228 3642 τοῦ
2256 3585 2392 3641 Θεοῦ
2425 3585 2605 3657 μορφὴ
2633 3583 2790 3636 ἔλαϐε
2820 3582 2921 3653 τὴν
2951 3583 3046 3636 τοῦ
3074 3581 3262 3636 δούλου
3297 3581 3511 3651 μορφήν
3535 3595 3551 3609 ο
3585 3581 3620 3649 ἡ
3665 3577 3724 3629 δὲ

2134 3680 2228 3734 τοῦ
2283 3678 2470 3733 δούλου
2520 3676 2700 3747 μορφὴ
2739 3677 2804 3729 οὐ
2829 3675 3100 3745 φαντασία
3124 3691 3209 3736 τις
3253 3667 3352 3744 ἦν’,
3397 3671 3520 3724 οὐδὲ
3568 3671 3730 3730 σκιὰ,

2135 3770 2255 3824 οὐδὲ
2301 3768 2484 3839 ἀέριον
2539 3765 2804 3836 ἰνδαλμα,
2858 3765 2966 3818 οὐδ’
3011 3764 3140 3820 ἄλλο
3189 3781 3244 3816 τι
3286 3763 3396 3815 τῶν
3451 3760 3726 3815 τοιούτων

2136 3859 2624 3934 προσαγορεύεται,
2651 3857 2764 3911 ἀλλ’
2801 3859 2834 3928 ἡ
2867 3856 2964 3910 τοῦ
2987 3856 3172 3910 δούλου
3209 3855 3390 3925 φύσις.

2204 3953 2268 4007 Εἰ
2300 3951 2357 4005 δὲ
2385 3951 2453 4005 τὰ
2477 3949 2941 4020 ὲπαγόμεναὴμίν
2961 3947 3365 4019 προϐάλλοιντο,
3392 3965 3411 3998 ι
3444 3948 3500 3998 ἐν
3519 3944 3721 4014 ὁμοιὼ-

2139 4060 2268 4113 ματι
2299 4039 2586 4115 ἀνθρώπου
2615 4040 2926 4110 γενόμενος,
2956 4037 3054 4092 καὶ
3091 4039 3330 4108 σχήματι
3361 4035 3610 4106 εὑρεθεὶς
3641 4034 3726 4096 ὡς

2134 4136 2444 4208 ἄνθρωπος,
2485 4153 2504 4186 ›
2533 4133 2626 4187 καὶ
2678 4133 2739 4186 τὸ
2794 4134 2856 4186 ὲν
2901 4135 2975 4203 τῇ,
3001 4130 3136 4201 πρὸς
3185 4130 3510 4198 Ῥωμαίους,
3573 4147 3592 4178 ι
3660 4129 3721 4179 ὲν

2137 4225 2443 4298 ὁμοιώματι
2493 4223 2690 4294 σαρκὸς
2733 4224 3026 4293 ἁμαρτίας,
3071 4241 3089 4271 ι
3140 4219 3356 4290 πρῶτον
3398 4217 3580 4270 αὐτῶν
3615 4219 3720 4288 τὴν

2137 4319 2320 4372 ἄνοιαν
2352 4316 2714 4386 διελέγξωμεν
2736 4335 2748 4346 ·
2780 4316 2829 4367 εἰ
2866 4314 2972 4383 γὰρ
3000 4313 3085 4378 τὸ,
3125 4332 3142 4364 ι
3181 4315 3238 4366 ἐν
3276 4310 3585 4382 ὁμοιώματι
3617 4313 3717 4363 ἀν-

2138 4408 2377 4480 θρώπου,
2402 4409 2498 4462 καὶ
2531 4408 2772 4477 σχήματι
2805 4405 3050 4476 εὑρεθεὶς
3077 4404 3153 4468 ὼς
3183 4402 3490 4474 ἄνθρωπος,
3527 4421 3547 4455 ι
3581 4419 3722 4471 φαν-

1885 4498 2027 4551 servi
2061 4512 2106 4567 ι)
2136 4500 2326 4554 τασίαν
2359 4499 2481 4552 τινὰ
2509 4495 2853 4566 ἀνθρωπείαν
2888 4495 3056 4566 δηλοῖ,
3089 4496 3120 4565 ἡ
3155 4495 3214 4548 δὲ
3246 4495 3427 4566 μορφὴ
3462 4493 3558 4546 τοῦ
3593 4493 3721 4546 δού-

2133 4593 2244 4658 λου,
2279 4591 2436 4661 φύσις
2458 4589 2767 4662 ἀνθρώπου·
2791 4588 3012 4642 ἐναντία
3044 4586 3256 4656 τίθησιν
3279 4589 3306 4640 ὁ
3357 4586 3716 4650 Ἀπὸστολος’

2134 4687 2183 4738 εἰ
2229 4685 2285 4738 δὲ
2317 4685 2415 4738 οὐκ
2447 4683 2662 4737 ἐναντία
2693 4681 2786 4735 τοῦ
2834 4681 3161 4734 Ἀποστόλου
3202 4681 3269 4732 τὰ
3309 4681 3554 4750 ῥήματα,
3598 4680 3713 4749 μά-

2135 4780 2316 4848 θωμεν
2344 4777 2417 4840 ὡς
2447 4779 2480 4847 ἡ
2514 4775 2608 4830 τοῦ
2639 4776 2827 4829 δούλου
2859 4775 3064 4848 μορφὴ,
3096 4773 3254 4828 οὐσία
3281 4773 3468 4826 δούλου
3513 4776 3720 4844 τυγχά-

2135 4887 2235 4925 νει.
2269 4868 2342 4921 Τὸ
2373 4867 2428 4920 δὲ
2472 4870 2528 4921 ἐν
2562 4867 2869 4939 ὁμοιώματι
2883 4866 3188 4938 ἀνθρώπων
3215 4865 3294 4936 (2)
3314 4865 3594 4934 γενέσθαι,
3619 4869 3722 4919 καὶ

2139 4959 2376 5031 σχήματι
2425 4959 2716 5030 εὑρεθῆναι
2753 4958 2828 5022 ὡς
2873 4957 3182 5029 ἄνθρωπον,
3218 4956 3388 5020 οὕτως
3423 4957 3720 5027 νοήσομεν,

2134 5051 2215 5105 ὃτι
2265 5050 2295 5101 ὁ
2335 5049 2538 5122 Κύριος
2584 5051 2740 5121 ἡμῶν
2778 5049 2984 5122 Ἰησοῦς
3027 5049 3260 5120 Χριστὸς
3295 5051 3395 5120 τὴν
3433 5051 3720 5122 ἡμετέραν

2133 5141 2270 5212 ἔχων
2304 5142 2484 5212 φύσιν,
2535 5141 2594 5194 οὐ
2631 5141 2770 5196 κατὰ
2813 5142 2992 5196 πάντα
3045 5142 3157 5204 ἴσος
3200 5143 3333 5211 ἡμῖν
3383 5141 3714 5211 ἐτύγχανεν·

2133 5231 2395 5300 ἂγεννήθη
2429 5231 2530 5300 μὲν
2562 5230 2668 5300 γὰρ
2696 5232 2761 5284 ὲκ
2790 5231 3046 5300 γυναικὸς
3098 5230 3192 5282 καὶ
3241 5218 3425 5293 αὐτὸς,
3459 5230 3576 5283 ἀλλ’
3615 5231 3718 5301 οὐχ

2133 5319 2333 5389 ὁμοίως
2362 5321 2520 5391 ἡμῖν·
2546 5321 2610 5373 ἐκ
2637 5320 2972 5391 παρθενικῆς
2997 5319 3105 5390 γάρ
3129 5319 3432 5391 ἐϐλάστησε
3461 5321 3676 5391 μήτρας
3700 5337 3716 5351 ο

2136 5412 2229 5465 καὶ
2265 5413 2469 5476 τέλειος
2521 5413 2618 5484 μὲν
2666 5412 2949 5483 ἄνθρωπος
2995 5407 3062 5481 ἦν
3118 5412 3194 5476 ὡς
3247 5412 3442 5482 ἡμεῖς·
3491 5405 3606 5480 εἶχε
3659 5410 3720 5462 δὲ

2206 5769 2280 5841 (2)
2327 5770 2398 5825 ita
2432 5770 2518 5826 hic
2554 5770 2674 5825 cod.
2706 5776 2762 5823 ut
2801 5768 2862 5822 in.
2890 5769 3016 5823 edu'.
