4038 6514
248 385 273 438 ἰ
284 384 384 439 453

1404 386 1490 441 DE
1532 386 2055 443 lNCAltNATIONE
2096 386 2352 443 DOMlNl.

3356 389 3378 443 l
3394 388 3495 447 454

228 496 409 554 πλέον
445 500 575 571 ἡμῖν
619 502 712 555 τοῦ
760 503 893 557 Θεοῦ
939 504 1109 573 Λόγου
1153 503 1253 573 τὴν
1303 503 1573 574 ὲνοίκησίν
1612 522 1670 555 τε
1716 504 1810 555 κα)⁸

1915 504 2185 573 perfectus
2211 513 2489 572 eratazqne
2510 518 2571 558 ac
2599 518 2729 568 nos;
2762 504 2853 558 sed
2879 512 3073 572 praeter
3091 518 3201 557 rem
3224 512 3489 567 nostram,

245 594 472 647 ῐνωσιψ
508 593 602 645 καὶ
633 593 812 663 σάρκα
844 596 942 664 μὲν
973 590 1118 665 εἶχεν
1158 581 1397 663 ἔμψυχόν
1423 611 1482 647 τε
1524 594 1616 647 καὶ
1664 596 1815 663 λογι-

242 684 345 754 κὴν
388 684 464 747 ὡς
509 686 687 754 ἡμεῖς,
721 685 828 738 τῶν
872 685 927 739 δὲ
975 686 1074 755 τῆς
1109 687 1380 758 ἁμαρτίας
1422 687 1520 739 οὐκ
1547 686 1816 757 ’ἠνέσχετο

244 776 561 845 κινημάτων
591 775 782 847 ὥσπερ
810 778 991 847 ἡμεῖς,
1023 776 1136 833 ἀλλ’
1175 779 1233 829 ὲν
1263 777 1473 847 σώματι
1513 778 1602 846 ὑφ’
1636 779 1815 847 ἀμαρ-

242 867 363 929 τίας
393 866 803 937 πολεμουμένῳ,
822 868 922 937 τὴν
946 869 1046 938 τῆς
1078 868 1350 939 ἀμαρτίας
1377 868 1666 937 τυραννίδα
1687 884 1819 921 κατ-

243 957 431 1009 έλυσε·
482 958 569 1010 διὰ
617 957 774 1011 τοῦτο
841 961 899 1012 ὲν
967 960 1267 1031 ὁμοιώματι
1318 959 1603 1030 ἀνθρώπου
1665 959 1819 1027 γενό-

246 1064 423 1116 μενος,
458 1049 552 1102 καὶ
601 1050 839 1119 σχήματι
872 1051 1112 1123 εὑρεθεὶς
1162 1052 1238 1115 ώς
1291 1051 1594 1121 ἄνθρωπος,
1628 1051 1819 1104 ἑαυτὸν

241 1138 626 1199 ἐταπείνωσεν,
659 1141 944 1210 γενόμενος
979 1143 1219 1213 ὑπήκοος
1252 1142 1412 1212 μέχρι
1446 1142 1695 1205 θανάτου,
1723 1141 1819 1195 θα·-

241 1229 403 1281 νάτου
432 1228 487 1281 δὲ
516 1229 751 1300 σταυροῦ
771 1244 783 1259 ”
831 1231 923 1283 καὶ
950 1232 1082 1286 αὐτὸ
1112 1232 1168 1285 δὲ
1211 1233 1269 1286 τὺ
1306 1232 1475 1301 ὄνομα
1509 1233 1608 1302 τῆς
1636 1250 1821 1286 ταπειυ

242 1316 459 1380 νώσεως
503 1317 654 1389 δηλοῖ
691 1318 793 1390 τὴν
831 1320 929 1389 τῆς
972 1325 1233 1393 ταπεινῆς
1269 1322 1536 1393 ἀνάληψιν
1582 1323 1814 1393 φύσεως.

245 1408 455 1471 ’Ἄλλως
492 1426 549 1461 τε
580 1411 707 1479 περ)⁸
737 1410 831 1463 τοῦ
863 1412 921 1465 έν
953 1416 1133 1484 μορφῇ
1169 1414 1303 1467 Θεοῦ
1332 1415 1668 1485 ὑπάρχοντος
1698 1415 1816 1468 δια-

239 1499 552 1569 λεγόμενος,
601 1500 914 1571 ἐπήγαγεν
970 1520 992 1554 σ
1050 1505 1136 1558 Ἑν
1166 1503 1469 1575 ὁμοιώματι
1516 1504 1818 1575 ἀνθρώπων

240 1587 551 1656 γενόμενος,
583 1589 677 1640 καὶ
721 1591 960 1659 σχήματι
1008 1592 1250 1661 εὑρεθεὶς
1304 1594 1379 1656 ὡς
1426 1593 1729 1665 ἄνθρωπος,
1790 1615 1810 1647 ι

238 1675 506 1729 διδάσκων
534 1677 617 1729 ὄτι
662 1678 691 1730 6
720 1677 1012 1748 ἀσώματος
1050 1680 1185 1734 Θεοῦ
1216 1682 1387 1749 Λόγος
1428 1686 1503 1746 ὡς
1532 1684 1818 1755 ἄνθρωπος

240 1763 417 1833 ὤφθη,
441 1764 603 1833 φύσιν
632 1766 982 1836 ἀνθρωπείαν
1007 1769 1292 1823 ἀναλαϐών
1312 1789 1325 1802 ·
1360 1771 1441 1824 διὸ
1479 1774 1573 1826 καὶ
1602 1775 1664 1825 τὸ
1693 1794 1709 1823 ι
1740 1776 1815 1838 ὡς

1919 596 2104 649 habuit
2128 594 2288 649 etiam
2324 593 2493 647 Deum
2522 591 2756 648 Verbum
2797 593 2961 664 815
2990 611 3059 646 m.
3102 594 3410 649 inhabitans
3437 604 3493 647 et

1918 686 2149 739 unitum.
2202 684 2434 739 Carnem
2490 684 2678 738 habuit
2718 685 3013 738 animatam
3067 694 3120 740 ct
3173 685 3488 739 rationalem

1919 778 1993 831 uti
2025 792 2144 842 nos,
2175 784 2230 831 at
2278 776 2481 845 peccati
2538 776 2928 831 commotiones
2973 792 3078 832 non
3113 792 3265 847 aeque
3296 792 3359 833 ac
3393 793 3491 831 nos

1919 878 2178 938 expertus
2197 877 2279 923 est
2309 884 2324 932 ;
2360 867 2452 922 sed
2496 866 2548 921 in
2602 881 2833 935 corpore
2880 869 3018 936 quod
3078 877 3301 938 peccato
3354 867 3490 923 sole:

1918 977 2038 1017 esse
2112 960 2426 1025 obnoxium,
2498 959 2703 1028 peccati
2774 958 3111 1029 tyrannidem
3180 959 3487 1014 debellavit.

1919 1052 2208 1123 Propterea
2249 1052 2299 1106 in
2352 1051 2756 1107 similitudinem
2790 1050 3025 1103 hominis
3075 1049 3270 1114 factus,
3302 1061 3357 1104 et
3388 1049 3488 1103 ha—

1918 1142 2032 1196 bitu
2090 1142 2340 1196 inventus
2372 1152 2431 1195 ut
2481 1142 2663 1203 homo,
2713 1149 2886 1194 semet
2942 1139 3265 1204 humiliavit,
3318 1139 3491 1193 factus

1917 1230 2172 1284 obediens
2223 1244 2395 1299 usque
2425 1231 2490 1284 ad
2545 1232 2796 1294 mortem,
2857 1238 3087 1283 mortem
3131 1238 3309 1281 autem
3366 1243 3492 1281 eru-

1918 1318 1998 1373 cis
2019 1318 2131 1371 '°’°.
2184 1318 2249 1372 Et
2283 1318 2493 1388 quidem
2534 1317 2706 1387 ipsum
2753 1316 3144 1371 humiliationis
3172 1314 3489 1369 vocabulum

1918 1410 2251 1464 demonstrat
2288 1406 2506 1461 humilis
2544 1416 2750 1461 naturze
2771 1406 3217 1475 assumptionem.
3261 1404 3491 1459 Aliunde

1917 1501 2100 1565 etiam,
2143 1501 2211 1555 de
2238 1515 2301 1554 eo
2321 1501 2412 1569 qui
2445 1502 2497 1554 in
2521 1501 2691 1555 forma
2730 1500 2820 1555 Dei
2858 1510 2974 1555 erat
3009 1500 3309 1560 disserens,
3340 1496 3492 1551 addi-

1918 1592 1994 1647 dit
2028 1606 2043 1645 :
2083 1609 2100 1643 ι
2132 1589 2189 1645 In
2216 1591 2621 1646 similitudinem
2644 1591 2922 1645 hominum
2974 1590 3176 1655 factus,
3217 1597 3270 1643 et
3302 1587 3491 1643 habitu

1918 1680 2169 1736 inventus
2219 1690 2278 1734 ut
2334 1683 2548 1747 homo;
2612 1699 2631 1733 ι
2689 1682 2892 1736 docens
2944 1679 3319 1749 incorporeum
3396 1678 3491 1733 Dei

1920 1772 2153 1828 Verbum
2205 1772 2279 1828 uti
2330 1772 2600 1829 hominem
2630 1774 2971 1843 apparuisse,
3011 1773 3244 1825 humana
3285 1770 3492 1826 scilicet

239 1854 522 1924 ἄνθρωπος
558 1874 576 1906 ι
609 1856 873 1923 τέθεικεν,
898 1860 986 1912 ἵνα
1017 1859 1091 1929 μὴ
1114 1862 1323 1931 τροπήν
1345 1879 1464 1914 τινα
1491 1864 1813 1932 γεγενῆσθαι

1920 1873 2193 1939 assumpta
2230 1876 2443 1920 natura.
2474 1864 2600 1921 Ideo
2626 1874 2678 1919 et
2704 1866 2841 1919 dixit
2876 1883 2895 1915 ‹
2930 1873 2989 1918 ut
3012 1864 3192 1930 homo,
3230 1881 3249 1915 ι
3282 1878 3347 1918 ne
3373 1878 3491 1916 mn-

239 1944 553 2016 νομίσωμεν
575 1946 670 2000 τοῦ
700 1949 932 2019 ἀοράτου
975 1950 1133 2015 Θεοῦ,
1166 1953 1301 2005 ἀλλά
1336 1954 1715 2024 πιστεύσωμεν
1735 1957 1818 2009 ὅτι

242 2036 421 2106 σάρκα
451 2037 631 2091 λαϐὼν
660 2038 901 2111 ἔμψυχόν
943 2059 1003 2095 τε
1042 2043 1137 2095 καὶ
1172 2042 1416 2115 λογικὴν,
1464 2044 1596 2108 Θεὸς
1641 2044 1717 2098 ὢν
1760 2049 1819 2099 ὲν

238 2126 548 2196 ὁμοιώματι
583 2128 872 2199 ἀνθρώπου
922 2132 1157 2199 ἐγένετο,
1206 2135 1297 2186 καὶ
1342 2138 1582 2205 σχήματι
1619 2135 1816 2207 εὑρέθη

238 2216 315 2279 ὡς
351 2217 671 2288 ἄνθρωπος’
713 2220 884 2285 οὕτως
930 2224 958 2275 ὁ
1007 2222 1180 2293 μέγας
1217 2225 1316 2294 τῆς
1354 2226 1635 2289 εὐσεϐείας
1686 2243 1821 2297 προ-

238 2310 564 2376 αγωνιστὴς,
597 2314 626 2363 6
658 2313 927 2383 μακάριος
961 2314 1102 2383 λέγω
1129 2314 1361 2381 Παῦλος,
1380 2317 1448 2368 τά
1474 2318 1694 2370 ποικίλα
1724 2319 1817 2370 καὶ⁵

236 2397 468 2468 διάφορα
522 2400 632 2453 τῶν
687 2401 979 2471 αίρετικῶν
1029 2403 1293 2455 κατέλυσε
1342 2404 1604 2474 στόματα.
1674 2403 1816 2457 Ἀλλ’

147 2508 153 2513 ·
238 2490 479 2544 ἐνταῦθα
514 2491 613 2562 μὲν
660 2494 805 2563 ἡμᾶς
836 2496 865 2547 ὁ
895 2495 1066 2562 Λόγος
1094 2498 1429 2567 παρήνεγκε,
1463 2499 1564 2569 τὴν
1596 2498 1706 2552 τῶν
1734 2501 1818 2552 ai-

240 2580 473 2650 ρετικῶν
502 2582 741 2653 ἐλέγχων
769 2584 1189 2655 ἐμϐροντησίαν,
1222 2586 1316 2639 καὶ
1345 2587 1480 2658 δῆλα
1510 2589 1680 2642 ποιῶν
1705 2592 1843 2655 τοῖς,

235 2672 523 2742 τροφίμοις
555 2676 653 2744 τῆς
685 2674 963 2739 εὑσεδείας
1000 2677 1096 2747 τῆς
1132 2678 1390 2748 ἀληθείας
1436 2679 1508 2734 τά
1548 2681 1812 2753 δόγματα.

253 2764 577 2835 ’Δναχωρεϊν
608 2761 725 2825 οὖν,
753 2764 876 2819 ὅθεν
915 2766 1128 2839 ἐξέϐην,
1162 2771 1372 2841 καιρός.

240 2917 343 2977 IA'.
390 2921 556 2987 Τίνος
586 2922 761 2990 χάριν
787 2921 903 2994 τὴν
949 2923 1330 2992 ἀνθρωπίνην
1364 2926 1557 2994 φύσιν
1604 2930 1637 2983 ό
1673 2928 1817 2994 Θεὸς

766 2991 1020 3045 ἀνέλαϐε
1054 2996 1264 3062 Λόγος.

308 3100 499 3155 Τοίνυν
548 3102 646 3173 τὴν
684 3103 957 3173 ἡμετέραν
992 3104 1153 3173 φύσιν
1188 3108 1216 3159 ὁ
1250 3107 1490 3178 Ποιητὴς
1532 3110 1817 3180 οἰκτείρας

236 3192 340 3246 ὑπὸ
362 3193 453 3247 τοῦ
485 3194 725 3265 Πονηροῦ
754 3196 1187 3269 πολεμουμένην,
1216 3199 1310 3251 καὶ
1337 3204 1451 3263 τοῖς
1468 3205 1685 3274 πικροῖς
1712 3203 1814 3273 τῆς

238 3287 513 3357 ἁμαρτίας
543 3287 721 3357 βέλεσι
754 3288 1109 3361 βαλλομένην,
1159 3292 1254 3344 καὶ
1284 3292 1362 3362 τῷ
1397 3293 1608 3365 θανάτῳ
1635 3312 1817 3366 παρα-

237 3379 619 3449 πεμπομένην,
658 3380 929 3450 ὲπαμύνει
966 3385 1030 3453 τῇ
1078 3384 1271 3448 εἰκόνι,
1327 3386 1421 3437 καὶ
1470 3386 1598 3447 τοὺς
1651 3386 1816 3439 πολε-

238 3470 470 3540 μοῦντας
498 3472 953 3540 καταγωνίζεται,
985 3473 1045 3526 o6
1087 3478 1265 3545 γυμνῇ
1313 3478 1381 3546 τῇ
1423 3476 1647 3546 δυνάμει
1677 3496 1816 3550 χρη-

237 3560 467 3628 σάμενος
494 3563 558 3631 τῇ
591 3560 826 3628 θεότητι,
875 3562 996 3615 οὐδὲ
1034 3566 1113 3633 τῇ
1143 3562 1362 3633 ἐξουσίᾳ
1402 3564 1505 3633 τῆς
1539 3563 1816 3633 βασιλείας

234 3646 585 3718 καταπλήξας
602 3650 727 3713 τοὺς
754 3650 1100 3716 ἀντιπάλους,
1126 3652 1226 3705 οὐκ
1258 3652 1525 3721 ἀγγέλους
1556 3656 1815 3724 στρατεύ-

234 3756 353 3802 σας,
385 3740 505 3792 ούδὲ
542 3742 668 3803 τοὺς
710 3740 1080 3813 ἀρχαγγέλους
1130 3743 1210 3805 είς
1250 3744 1565 3813 συμμαχίαν
1610 3744 1815 3810 λαϐὼν,

230 3830 352 3884 οὐδὲ
412 3834 709 3903 κεραυνοὺς
762 3833 794 3904 ἢ
842 3834 1165 3905 πρηστῆρας
1214 3835 1355 3889 κατὰ
1404 3837 1511 3889 τῶν
1556 3838 1812 3890 ἐναντίων

229 3922 474 3989 ὁπλίσας,
517 3924 638 3977 οὐδὲ
690 3926 828 3994 μετὰ
875 3926 983 3979 τῶν
1038 3927 1301 3998 χερουὸὶμ
1346 3929 1534 3996 φανεὶς
1582 3928 1673 3980 ἐπὶ
1714 3931 1813 3997 τῆς

230 4016 456 4084 ἠπείρου
502 4017 597 4069 καὶ
646 4016 756 4069 τῶν
804 4018 1091 4089 ἡμετέρων
1145 4020 1434 4073 ἀντιδίκων
1482 4006 1812 4081 δικαστικῶς

229 4104 747 4176 καταψηφισάμενος
793 4106 938 4179 [cod.
1001 4109 1261 4163 mendose
1304 4107 1806 4179 καταψησάμενοςΙ,

226 4193 339 4246 ἀλλ’
380 4190 460 4257 εἷς
486 4195 596 4247 τῶν
627 4196 944 4249 ὑπευθύνων
992 4198 1086 4249 καὶ
1134 4197 1557 4267 πολεμουμένων
1591 4199 1810 4267 γινόμε-

224 4300 334 4346 νος,
365 4285 459 4337 καὶ
491 4285 851 4355 κατακρύψας
877 4286 939 4337 τὸ
971 4287 1379 4358 μεγαλοπρεπὲς
1424 4288 1522 4357 τῆς
1557 4288 1810 4358 θεότητος

222 4378 289 4444 τῇ
343 4373 586 4445 εὐτελείᾳ
632 4378 731 4445 τῆς
782 4375 1224 4446 ἀνθρωπότητος,
1269 4377 1358 4429 καὶ
1402 4376 1493 4430 τὸν
1530 4377 1808 4448 ὁρώμενον

220 4465 507 4536 ἄνθρωπον
540 4468 619 4530 εἰς
652 4467 829 4538 πάλην
860 4468 1107 4538 ἀλείψας,
1143 4470 1236 4522 καὶ
1264 4470 1565 4541 νικήσαντα
1610 4488 1808 4541 στεφα-

220 4555 431 4619 νώσας’
465 4558 559 4611 καὶ
591 4558 844 4612 παιδόθεν
877 4559 974 4629 μὲν
1019 4560 1117 4629 τὴν
1144 4561 1344 4631 ἀρετὴν
1372 4561 1675 4627 ὲκδιδάξας,
1718 4563 1809 4617 καὶ

228 4649 572 4720 δικαιοσύνης
602 4652 680 4712 είς
711 4652 1011 4720 ἀκρότατον
1052 4651 1292 4719 ἀγαγὼν,
1327 4654 1594 4725 ἀήττητον
1633 4654 1690 4707 δὲ
1713 4673 1812 4723 φυ-

1923 1954 2179 2008 tationem
2246 1954 2478 2024 aliquam
2532 1955 2732 2009 factam
2789 1953 3163 2008 existimemus
3210 1952 3492 2008 invisibilis

1919 2044 2035 2109 Dei,
2084 2045 2180 2099 sed
2226 2046 2513 2099 credamus
2543 2045 2740 2113 potius,
2792 2044 2965 2112 ipsum
3006 2058 3170 2098 carne
3218 2052 3491 2111 assumpta

1920 2136 2154 2191 animata
2203 2151 2267 2191 ac
2303 2136 2577 2201 rationali,
2609 2151 2730 2191 cum
2778 2137 2920 2192 Deus
2960 2145 3125 2201 esset,
3159 2136 3214 2192 in
3239 2137 3494 2191 similitu-

1919 2231 2098 2285 dinem
2129 2229 2362 2284 hominis
2397 2227 2621 2295 factum,
2667 2238 2723 2283 et
2765 2229 2953 2283 habitu
2992 2228 3267 2284 inventum
3305 2240 3364 2283 ut
3395 2231 3493 2283 ho-

1919 2322 2141 2375 minem.
2174 2319 2265 2375 Sic
2300 2334 2525 2389 magnus
2561 2330 2723 2373 rectae
2749 2319 2871 2375 ﬁdei
2911 2331 3300 2391 propugnator,
3357 2321 3491 2376 bea-

1922 2419 2022 2474 tus,
2050 2412 2292 2479 inquam,
2322 2408 2539 2475 Paulus,
2565 2410 2778 2465 diversa
2810 2426 2876 2466 ac
2910 2411 3060 2464 varia
3111 2411 3488 2467 haereticorum

1917 2515 2012 2555 ora
2043 2500 2342 2568 dissipavit.
2368 2499 2475 2554 Sed
2501 2498 2868 2569 ulteriusjam
2893 2515 2991 2555 nos
3022 2502 3278 2570 provexit
3310 2516 3493 2556 sermo

1919 2600 2124 2655 noster,
2180 2590 2307 2645 dum
2363 2589 2744 2646 haereticorum
2790 2591 3070 2647 vesaniam
3126 2593 3391 2663 coarguit,
3440 2601 3495 2646 et

1919 2690 2083 2738 recta:
2108 2681 2232 2736 ﬁdei
2274 2681 2508 2737 alumnis
2534 2684 2786 2752 dogmata
2817 2683 3063 2739 veritatis
3087 2684 3295 2753 pandit.
3353 2684 3495 2753 Ergo

1913 2774 2026 2845 jam
2057 2782 2267 2843 tempus
2293 2781 2378 2828 est
2406 2772 2552 2841 illnc,
2588 2773 2729 2830 unde
2748 2773 3125 2841 discessimus,
3159 2774 3491 2832 revertendi.

1916 2925 2010 2981 Xl.
2047 2924 2215 2995 Cujus
2242 2926 2321 2981 rei
2350 2925 2525 2995 gratia
2565 2926 2849 2979 humanam
2881 2931 3129 2995 ngluram
3172 2923 3312 2977 Deus
3370 2919 3497 2975 Ver-

2441 2996 2562 3049 bum
2599 2982 2959 3064 assumpserd.

2014 3108 2183 3180 Igitur
2246 3116 2498 3162 naturam
2564 3114 2805 3160 uestram
2863 3104 3087 3160 Creator
3145 3103 3414 3157 miserans
3462 3115 3493 3154 a

1842 3182 1885 3240 (ἶ
1916 3201 2059 3257 malo
2086 3200 2333 3255 daemone
2362 3205 2753 3268 oppugnatam,
2777 3206 2833 3251 et
2865 3196 3080 3251 acerbis
3105 3193 3313 3265 peccati
3334 3191 3495 3262 sagit-

1919 3295 1985 3349 tis
2007 3291 2371 3356 vulneratam,
2393 3288 2667 3359 mortique
2690 3287 2986 3350 addictam,
3032 3285 3304 3354 propriam
3348 3282 3494 3336 ultus

1916 3390 1997 3434 est
2047 3382 2361 3452 imaginem,
2397 3380 2694 3448 hostesque
2743 3376 3098 3449 propulsavit,
3160 3374 3307 3430 haud
3361 3373 3494 3429 solis

1915 3471 2135 3527 deitatis
2178 3473 2383 3528 viribus
2440 3481 2629 3535 utens,
2667 3484 2843 3539 neque
2897 3466 3197 3539 maiestatis
3250 3464 3493 3534 potentia

1916 3563 2302 3619 colluetatores
2365 3563 2679 3633 proﬂigans,
2758 3575 2863 3615 non
2935 3559 3252 3628 angelorum
3317 3558 3491 3611 aciein

1915 3652 2213 3714 instruens,
2241 3664 2417 3719 neque
2445 3649 2800 3720 arehangelos
2839 3648 3139 3703 auxiliares
3180 3660 3489 3707 assumens,

1915 3757 2022 3797 non
2059 3741 2282 3795 fulmina
2317 3751 2411 3794 aut
2446 3742 2688 3796 turbines
2719 3749 2911 3795 contra
2950 3740 3202 3794 inimicos
3243 3752 3491 3798 armaris.

1914 3846 2090 3900 neque
2107 3845 2230 3885 cum
2273 3829 2583 3884 cherubinis
2609 3832 2661 3883 in
2691 3839 2834 3885 terra
2857 3842 3121 3899 apparens
3146 3827 3493 3883 adversarios

1912 3937 2011 3990 pro
2042 3921 2296 3975 tribunali
2341 3921 2708 3975 condemnans
2750 3919 2894 3987 ;sed
2951 3928 3207 3988 tanquam
3258 3932 3398 3972 unus
3425 3919 3493 3971 de

1912 4012 2019 4066 reis
2046 4013 2478 4081 oppugnatisque
2499 4010 2699 4079 factus,
2754 4011 3083 4082 deitatisque
3135 4008 3492 4080 magnificeno

1914 4102 2039 4157 tiam
2070 4102 2278 4157 vilitate
2316 4103 2667 4157 humanitatis
2712 4101 2914 4167 celans,
2981 4100 3150 4171 816
3180 4114 3251 4155 ιιι.
3299 4098 3490 4155 visibi-

1910 4192 2014 4248 lem
2038 4194 2307 4248 hominem
2345 4193 2410 4248 ad
2442 4209 2678 4264 pugnam
2709 4192 3106 4259 corroboravit,
3137 4201 3193 4247 et
3220 4193 3484 4246 victorem

1910 4287 2193 4340 coronavit
2233 4294 2329 4339 :et
2347 4284 2457 4353 jam
2488 4285 2616 4339 inde
2650 4300 2679 4338 a
2714 4284 2896 4354 pueris
2942 4283 3202 4339 virtutem
3248 4282 3489 4345 edocuit.

1914 4387 2077 4445 atque
2108 4375 2174 4431 ad
2210 4375 2441 4444 justitia:
2470 4376 2685 4430 culmen
2730 4374 2997 4443 provexit,
3049 4372 3313 4428 invictum
3372 4386 3489 4426 ser-

1910 4485 2062 4533 vans,
2099 4479 2153 4523 et
2181 4468 2387 4538 peccati
2424 4468 2545 4522 telis
2577 4468 2897 4532 immunem,
2971 4464 3293 4534 permittens
3328 4464 3489 4519 simul

1916 4572 1974 4617 ut
2039 4562 2200 4617 morti
2270 4561 2671 4624 succumberet,
2728 4572 2835 4627 quo
2893 4557 3101 4626 peccati
3169 4554 3487 4623 iniustitiam

1918 4660 2259 4724 coargueret,
2287 4659 2343 4705 et
2390 4652 2582 4705 mortis
2617 4646 2914 4716 potentiam
2949 4646 3276 4700 destrueret.

221 4737 405 4805 λάξας,
453 4741 543 4793 καὶ
604 4742 711 4794 τῶν
756 4742 926 4811 βελῶν
964 4745 1062 4814 τῆς
1123 4744 1394 4816 ἁμαρτίας
1458 4746 1762 4818 ἐλεύθερον,
1814 4750 2174 4818 συγχωρήσας
2218 4742 2275 4796 δὲ
2324 4743 2474 4813 ὅμως
2516 4741 2622 4794 ὑπὸ
2676 4738 2906 4793 θάνατον
2956 4738 3231 4806 γενέσθαι,
3272 4735 3358 4790 ἵνα
3392 4734 3490 4805 τῆς

220 4831 491 4902 ἁμαρτίας
524 4833 622 4903 τὴν
696 4834 910 4887 ἀδικίαν
975 4835 1208 4909 ἐλέγξῃ,
1278 4838 1370 4890 καὶ
1424 4838 1519 4892 τοῦ
1586 4840 1817 4895 θανάτου
1873 4838 2155 4911 καταλύσῃ
2214 4835 2276 4888 τὸ
2319 4835 2536 4905 κράτος.

288 4979 350 5030 Et
383 4980 491 5050 γὰρ
517 4979 626 5032 τῶν
658 4980 765 5033 ὑπὸ
794 4981 895 5051 τὴν
924 4982 1200 5052 ἁμαρτίαν
1234 4985 1617 5057 γεγενημένων
1645 4988 1673 5039 ὁ
1707 4986 1802 5041 θά-

215 5088 375 5134 νατος
405 5073 700 5143 ἐπιτίμιον,
726 5076 753 5126 ὁ
780 5073 984 5143 ταύτης
1004 5075 1424 5146 ἀπηλλαγμένος
1455 5078 1795 5142 παντάπασι,

211 5161 453 5232 δηλονότι
489 5162 635 5233 ζωῆς
680 5164 997 5228 ἀπολαύειν,
1037 5164 1150 5219 ἀλλ’
1187 5168 1247 5218 o6
1298 5166 1552 5233 θανάτου,
1596 5168 1800 5233 δίκαιος

211 5246 316 5321 ἦν’
348 5252 526 5305 τοίνυν
565 5254 857 5324 ἡττηθείσα
903 5256 940 5325 ἡ
978 5256 1257 5327 ἁμαρτία,
1300 5257 1392 5309 καὶ
1437 5258 1528 5309 τὸν
1573 5258 1799 5328 νικητὴν

218 5345 595 5415 κατακρίνασα
638 5345 892 5417 θανάτῳ,
935 5346 1028 5400 καὶ
1075 5346 1173 5417 τὴν
1220 5347 1389 5419 αὐτὴν
1442 5348 1800 5417 ὲξενεγκοῦσα

215 5434 361 5489 κατὰ
385 5436 483 5489 τοῦ
514 5438 859 5509 νενικηκότος
887 5438 1087 5509 ψῆφον,
1118 5440 1183 5510 ἢν
1212 5441 1299 5493 ἀεὶ
1329 5439 1470 5494 κατὰ
1494 5439 1602 5492 τῶν
1626 5442 1800 5508 ἡττω-

216 5527 392 5597 μένων
422 5529 698 5603 ἐξέφερεν,
725 5530 987 5585 ἀδικοῦσα
1019 5532 1179 5587 ἑάλω.
1201 5535 1377 5604 Μέχρι
1408 5532 1508 5603 μὲν
1529 5535 1643 5602 γὰρ
1671 5533 1796 5594 τοὺς

214 5620 487 5690 ὑπηκόους
500 5622 591 5701 ,τῷ
617 5622 831 5692 θανάτῳ
856 5624 1237 5696 παρέπεμπεν,
1262 5626 1336 5689 ὼς
1357 5627 1537 5681 δίκαια
1571 5623 1796 5677 ποιοῦσα

288 5803 380 5835 ⁹·¹⁰
411 5802 638 5870 Philipp.
679 5819 738 5869 Il,
770 5805 823 5869 7,
860 5805 911 5860 8.

1978 4985 2111 5039 Nam
2156 4982 2202 5040 si
2242 4995 2427 5038 eorum
2478 4980 2566 5051 qui
2612 4986 2838 5050 peccato
2891 4988 3291 5033 succunuerunt
3327 4986 3488 5043 paena

1908 5092 2054 5133 mors
2101 5085 2203 5143 est,
2255 5075 2302 5130 is
2354 5077 2442 5143 qui
2492 5081 2715 5144 peccato
2761 5084 2987 5141 prorsus
3034 5067 3208 5123 fuerat
3258 5064 3491 5127 alienus,

1909 5171 2019 5224 vita
2068 5169 2280 5225 scilicet
2331 5166 2477 5232 frui,
2521 5180 2625 5219 non
2681 5170 2911 5218 mortem
2956 5161 3068 5231 pati
3112 5160 3304 5230 dignus
3349 5167 3493 5212 erat.

1909 5262 2077 5316 Porro
2099 5261 2307 5315 victum
2339 5265 2622 5328 peccatum
2678 5269 2799 5309 cum
2832 5255 3009 5323 ipsum
3037 5252 3295 5308 victorem
3326 5251 3489 5305 morti

1900 5352 2219 5415 addixisset,
2248 5350 2601 5417 eamdemque
2618 5349 2880 5401 adversus
2908 5343 3298 5399 dominatorem
3325 5355 3488 5395 suum

1898 5442 2223 5498 sententiam
2255 5441 2484 5505 tulisset,
2520 5453 2682 5507 quam
2709 5446 2970 5506 perpetuo
3001 5443 3194 5490 contra
3233 5431 3487 5488 subditos

1897 5547 2025 5589 suos
2075 5532 2401 5593 exercebat,
2456 5527 2655 5596 injuste
2704 5541 2866 5598 agere
2917 5525 3316 5594 deprehensum
3377 5531 3485 5576 est.

1898 5624 2030 5680 Nam
2065 5622 2300 5694 quandiu
2340 5630 2617 5691 peccatum
2655 5619 2897 5675 subditos
2957 5633 3085 5675 suos
3126 5626 3296 5674 morte
3340 5613 3486 5671 mul-
