4038 6544
490 379 625 436 N35

1474 376 1529 430 S.
1560 374 1835 432 CYRlLLl
1864 370 2332 426 ALEXANDRINI
2371 373 2691 429 ARCIIIEP.

3598 380 3739 433 HBG

488 496 658 561 tabat,
700 510 798 552 ceu
826 496 949 568 jure
984 498 1038 552 id
1070 511 1235 567 agens
1261 511 1365 551 non
1397 497 1817 565 prohibebatur:
1840 497 1933 550 sed
1963 495 2050 548 ubi

2179 498 2513 563 ξυνεχωρείτο
2542 497 2698 549 τοῦτο
2740 501 2912 552 ποιεῖν
2935 516 2947 529 ·
2980 500 3175 571 ἐπειδὴ
3206 501 3260 554 δὲ
3293 501 3383 554 τὸν
3430 502 3612 554 ἀθῶον
3648 502 3743 555 καὶ

488 586 834 640 innocentem
871 595 927 640 et
962 584 1159 640 nullius
1195 585 1365 656 culpae
1399 602 1571 651 reum,
1606 587 1714 641 imo
1738 586 1975 656 praemiis
2003 595 2058 640 et

490 676 723 729 summis
773 674 1024 731 laudibus
1073 676 1317 745 dignum,
1376 678 1549 731 eidem
1600 690 1773 745 ptume
1829 676 2053 740 addixit,

490 765 802 819 necessario
841 765 1093 835 posthinc
1146 775 1327 837 utpote
1371 767 1628 837 iujustum
1671 766 1912 835 potentia
1959 782 2058 822 sua

491 853 771 921 depulsum
821 854 944 909 fuit.
996 855 1172 925 Atque
1228 857 1329 912 hoc
1384 857 1582 912 docens
1626 856 1814 912 beatus
1863 857 2059 913 Paulus

492 944 714 1001 aiebat:
749 964 767 997 ι
797 945 952 1013 Quod
1005 955 1123 1001 erat
1177 948 1508 1018 impossibile
1542 948 1667 1019 legi,
1716 949 1768 1003 in
1814 963 1921 1019 quo
1966 964 2060 1019 per

493 1051 711 1092 carnem
743 1037 1144 1102 inﬁrmabatur,
1179 1041 1319 1095 Deus
1353 1040 1545 1095 Filium
1568 1056 1722 1096 suum
1755 1041 1976 1095 mittens
2006 1041 2059 1095 in

497 1127 904 1183 similitudinem
930 1131 1112 1184 carnis
1125 1131 1350 1201 peccati,
1381 1142 1432 1184 et
1457 1146 1555 1200 pro
1573 1139 1815 1200 peccato,
1838 1131 2062 1185 damna-

496 1217 575 1272 vit
602 1219 653 1273 in
694 1234 863 1275 carne
893 1231 1195 1288 peccatum,
1229 1230 1286 1275 ut
1309 1222 1626 1289 justilicatio
1656 1221 1788 1292 legis
1813 1223 2062 1293 implere-

496 1320 586 1364 tur
619 1312 670 1365 in
692 1312 970 1382 nobis,qui
998 1328 1100 1367 non
1122 1314 1419 1368 secundum
1450 1329 1669 1369 carnem
1693 1316 2058 1382 ambulamus,

496 1402 587 1457 sed
624 1403 917 1457 secundum
959 1403 1204 1473 spiritum
1230 1405 1295 1457 ιι.
1330 1423 1350 1456 ι

567 1493 722 1560 Quod
758 1508 885 1549 vero
915 1495 1007 1558 ait,
1046 1495 1145 1549 hoc
1176 1503 1257 1549 est
1290 1510 1304 1549 :
1341 1495 1547 1564 Scopus
1579 1495 1713 1567 legis
1742 1506 1859 1552 erat
1886 1499 2059 1553 homi-

499 1597 625 1635 mnn
667 1592 911 1637 naturam
951 1582 1251 1651 justificare
1280 1603 1292 1637 :
1324 1586 1463 1639 haud
1520 1595 1695 1641 tamen
1733 1588 1783 1641 id
1827 1598 2060 1658 poterat,

497 1685 605 1727 non
638 1676 869 1743 propriae
900 1674 1231 1730 inlirmitatis
1258 1692 1442 1743 causa,
1469 1679 1562 1734 sed
1595 1689 1814 1750 propter
1840 1682 2064 1736 audien-

498 1766 631 1818 tium
668 1764 733 1817 ad
766 1774 912 1820 recte
942 1768 1206 1835 agendmn
1237 1768 1500 1839 ignaviam
1533 1786 1546 1824 :
1581 1785 1811 1839 namque
1835 1773 1900 1826 ad
1940 1788 2062 1827 car-

2158 584 2447 638 άνεύθυνον
2475 588 2568 640 καὶ
2611 589 2886 657 στεφάνων
2919 592 3014 643 καὶ
3046 592 3401 661 ἀναῤῥήσεων
3433 592 3584 657 ἄξιον
3628 594 3742 653 τοῖς

2158 677 2343 741 αὐτοῖς
2379 678 2675 747 ἐπιτιμίοις
2706 680 3028 745 ὑπέϐαλλεν,
3073 683 3385 750 ἀναγκαίως
3438 683 3629 735 λοιπὸν
3668 682 3743 745 ὡς

2158 766 2339 829 ἄδικος
2372 766 2473 835 τῆς
2496 765 2741 832 ἐξουσίας
2774 769 3111 826 ἐκϐάλλεται.
3137 773 3247 833 Καὶ
3277 772 3438 825 τοῦτο
3467 772 3744 825 διδάσκων

2158 858 2186 910 6
2214 856 2482 928 μακάριος
2530 857 2741 921 Παῦλος
2783 859 2997 929 ἔλεγεν⁹
3040 880 3057 913 ι
3092 860 3164 914 Τὸ
3215 861 3325 931 γὰρ
3352 861 3619 915 ἀδύνατον
3648 860 3741 913 τοῦ

2160 945 2323 1015 νόμου
2370 950 2427 1000 ὲν
2457 939 2501 1014 ᾧ
2541 947 2754 1017 ἠσθένει
2783 950 2873 1003 διὰ
2904 950 3004 1020 τῆς
3043 951 3242 1021 σαρκὸς
3290 950 3390 1020 (1),
3421 953 3451 1003 6
3483 950 3621 1013 Θεὸς
3651 951 3743 1003 τὸν

2161 1037 2357 1092 ἑαυτοῦ
2399 1040 2523 1093 Υίὸν
2554 1040 2811 1111 πέμψας,
2860 1044 2919 1095 ὲν
2949 1042 3255 1112 ὁμοιώματι
3304 1042 3511 1113 σαρκὸς
3554 1044 3742 1111 ἁμαρ-

2160 1128 2296 1193 τίας,
2326 1128 2419 1181 καὶ
2451 1131 2579 1200 περὶ
2599 1130 2896 1201 ἁμαρτίας,
2934 1131 3217 1203 κατέκρινε
3245 1130 3345 1201 τὴν
3373 1132 3657 1201 ἁμαρτίαν
3686 1132 3746 1181 ἑν

2159 1221 2227 1289 τῇ
2265 1220 2461 1290 σαρκὶ,
2498 1221 2584 1274 ἵνα
2630 1222 2689 1274 τὸ
2736 1222 3009 1293 δικαίωμα
3038 1222 3133 1276 τοῦ
3172 1224 3336 1293 νόμου
3371 1223 3642 1293 πληρωθῇ
3689 1223 3747 1274 ἐν

2162 1314 2293 1384 ἡμῖν
2321 1314 2435 1375 τοῖς
2472 1313 2547 1384 μὴ
2580 1313 2722 1367 κατὰ
2760 1315 2941 1385 σάρκα
2976 1313 3391 1383 περιπατοῦσιν,
3427 1314 3569 1367 ἀλλὰ
3602 1313 3749 1365 κατὰ

2163 1407 2400 1477 πνεῦμα.
2440 1426 2459 1460 ι

2241 1500 2305 1551 Ὃ
2346 1498 2403 1550 δὲ
2442 1498 2608 1565 λέγει,
2651 1497 2858 1552 τοιοῦτό
2904 1500 3023 1552 ἐστι
3046 1516 3059 1529 ·
3093 1498 3323 1561 Σκοπὸς,
3359 1498 3550 1568 φησὶν,
3579 1493 3651 1566 ῆν
3669 1496 3748 1566 τῷ

2163 1588 2311 1658 νόμῳ
2337 1587 2621 1641 δικαιῶσαι
2646 1588 2742 1658 τὴν
2771 1589 2929 1657 φύσιν
2958 1588 3066 1642 τῶν
3093 1587 3397 1660 ἀνθρώπων
3416 1604 3430 1617 δ
3463 1587 3750 1649 ἀδυνάτως

2163 1680 2221 1733 δὲ
2251 1676 2360 1749 εἶχε
2394 1678 2551 1732 τοῦτο
2581 1683 2771 1743 ποιεῖν,
2801 1682 2862 1733 οὐ
2894 1680 3047 1750 παρὰ
3074 1682 3172 1749 τὴν
3199 1679 3406 1732 οίκείαν
3431 1676 3745 1738 ἀσθένειαν,

2166 1772 2300 1824 ἀλλὰ
2334 1771 2419 1824 διὰ
2458 1773 2556 1841 τὴν
2588 1771 2697 1824 τῶν
2726 1771 3033 1825 ἀκουόντων
3075 1770 3359 1841 ῥαστώνην
3380 1787 3393 1800 °
3426 1768 3753 1839 ἐπιρρεπῶς

499 1856 584 1908 nis
635 1854 958 1926 voluptatem
994 1858 1281 1927 proclives,
1328 1862 1703 1915 mandatorum
1747 1862 1877 1932 legis
1913 1864 2065 1918 labo-

2179 1862 2278 1934 γὰρ
2321 1840 2533 1933 ἔχοντες
2573 1862 2700 1933 περὶ
2743 1862 2840 1933 τὴν
2882 1862 2983 1931 τῆς
3023 1840 3224 1932 σαρκὸς
3277 1859 3501 1930 ἡδονὴν,
3548 1859 3755 1928 ἔφυγον

500 1960 617 1998 rem
639 1944 1000 2014 defugiebant,
1029 1951 1378 2018 corporisque
1405 1951 1849 2007 delectationibus
1882 1955 2067 2009 adhae-

499 2036 710 2092 rebant.
753 2036 1065 2108 Propterea,
1102 2041 1293 2110 inquit,
1338 2043 1656 2098 universalis
1695 2044 1836 2099 Deus
1874 2045 2065 2099 Filium

503 2142 659 2182 suum
713 2130 930 2199 mittens
971 2131 1024 2184 in
1062 2131 1469 2187 similitudinem
1505 2134 1683 2189 carnis
1710 2137 1936 2205 peccati,
1970 2138 2071 2192 hoc

501 2228 585 2273 est
628 2236 750 2275 cum
787 2222 1019 2277 humana
1056 2223 1270 2291 quidem
1320 2231 1535 2290 natura,
1584 2226 1676 2280 sed
1715 2234 1891 2281 tamen
1939 2242 2068 2296 pec-

426 2308 429 2311 ’
502 2322 629 2366 cato
670 2312 867 2378 aliena,
902 2323 957 2367 et
1007 2329 1103 2384 pro
1136 2324 1376 2384 peccato,
1430 2317 1704 2371 damnavit
1743 2318 1796 2372 in
1826 2319 2066 2389 817m.

505 2418 672 2456 carne
711 2417 1015 2472 peccatum,
1053 2406 1315 2473 injustitia
1353 2407 1469 2471 ejus
1503 2417 1783 2477 coarguta,
1826 2411 1951 2478 quia
1988 2412 2071 2464 iu-

506 2504 788 2551 nocentem
849 2504 904 2550 et
959 2504 1179 2563 peccato
1235 2494 1461 2553 liberum
1510 2497 1848 2568 peccantium
1912 2515 2070 2569 poena

504 2581 789 2639 affecisset.
831 2581 946 2638 Non
989 2594 1168 2639 autem
1219 2586 1269 2640 id
1300 2587 1428 2657 egit,
1469 2597 1524 2642 ut
1555 2602 1713 2656 quem
1760 2602 2073 2660 susceperat

506 2673 775 2727 hominem
807 2674 1152 2743 justiiicaret,
1194 2676 1286 2731 sed
1324 2686 1401 2741 ut,
1430 2677 1622 2746 inquit,
1647 2677 1779 2746 legis
1801 2680 2071 2750 justiﬁca-

510 2766 584 2819 tio
617 2764 930 2836 impleretur
963 2768 1014 2820 in
1053 2768 1226 2831 nobis,
1268 2769 1358 2837 qui
1391 2783 1497 2823 non
1527 2771 1821 2825 secundum
1850 2787 2072 2828 carnem

508 2854 870 2920 ambulamus,
919 2857 1013 2911 sed
1064 2860 1357 2913 secundum
1406 2859 1676 2929 spiritum.
1725 2860 1969 2933 Namque
2008 2867 2074 2918 ad

508 2946 818 3001 universam
885 2947 1163 3003 hominum
1227 2958 1473 3004 naturam
1539 2950 1846 3008 Servatoris
1904 2957 2073 3010 nostri

511 3039 832 3093 benelicium
863 3040 1119 3109 pertingit
1154 3059 1169 3095 :
1204 3051 1262 3095 ut
1302 3042 1461 3097 sicuti
1495 3046 1856 3114 progenitoris
1888 3048 2074 3103 Adami

514 3130 875 3185 maledictioni
909 3134 1447 3201 comnmuicavimus,
1474 3145 1529 3191 et
1558 3140 1739 3194 cuncti
1775 3150 1829 3193 ut
1860 3141 1947 3195 ille
1978 3144 2080 3196 sub

514 3222 707 3276 mortis
731 3222 853 3291 jura
900 3222 1255 3288 devenimus,
1303 3227 1374 3279 ita
1425 3226 1733 3285 Servatoris
1781 3229 1980 3287 Christi
2028 3242 2081 3287 et

514 3311 797 3366 victoriam
836 3326 933 3367 ceu
977 3324 1213 3368 nostram
1261 3316 1543 3383 faciamus,
1573 3328 1626 3373 et
1656 3320 1880 3391 gloriam
1913 3323 2079 3390 parti-

515 3401 848 3468 cipemus,‘et
870 3420 1033 3475 regno
1055 3409 1507 3477 congaudeamus.
1528 3412 1703 3479 Atque
1718 3412 1905 3466 horum
1925 3415 2082 3468 testis

516 3501 603 3546 est
624 3492 821 3567 .beatus
849 3494 1044 3551 Paulus
1068 3498 1134 3561 ’⁸,
1167 3498 1292 3551 dum
1322 3511 1499 3553 vetera
1532 3502 1688 3554 simul
1723 3513 1775 3554 et
1802 3518 1937 3556 nova
1973 3520 2083 3556 mc-

522 3590 715 3645 morat,
747 3592 800 3636 et
826 3585 1063 3651 priorqu
1097 3585 1286 3639 factum
1321 3589 1729 3646 dissolutionem
1762 3608 1857 3661 per
1886 3593 2083 3648 Serva-

523 3670 655 3725 toris
682 3673 851 3727 nostri
875 3674 1139 3742 justitiam
1169 3678 1516 3733 demonstrat.

522 3893 631 3949 ιιιιγ
680 3893 827 3949 Sicut
855 3896 1046 3951 Adamt’
1088 3909 1301 3969 mortem
1332 3902 1783 3969 participavimus,
1822 3905 1896 3957 ita
1928 3905 2082 3959 etiam

1084 3967 1299 4022 Domini
1334 3967 1522 4024 vitam.

601 4098 620 4132 ι
654 4078 786 4133 Nam
816 4080 858 4134 si
890 4096 1070 4144 nutus,
1105 4082 1297 4151 inquit,
1336 4082 1485 4151 lnpstt
1525 4083 1676 4138 multi
1709 4097 1833 4139 sunt
1866 4089 2083 4153 mortui,

522 4170 691 4245 multo
726 4170 895 4239 magis
922 4172 1094 4240 gratia
1126 4172 1240 4235 Dei,
1266 4183 1319 4228 et
1351 4174 1549 4228 donum
1582 4191 1703 4228 cum
1734 4177 1905 4244 gratia
1931 4178 2087 4232 unius

522 4260 759 4315 hominis
792 4258 919 4315 Jesu
965 4260 1163 4315 Christi
1214 4262 1265 4315 in
1311 4261 1490 4331 plures
1539 4263 1832 4319 abundavit
1858 4266 1921 4320 ¹³.
1954 4286 1971 4317 ι
2026 4268 2088 4323 Et

521 4351 681 4421 paulo
723 4361 886 4420 post;
925 4370 943 4401 ι
975 4351 1161 4419 Itaque
1213 4353 1351 4407 sicut
1398 4370 1491 4423 pcr
1532 4356 1688 4410 unius
1737 4357 1987 4411 delictum
2034 4359 2086 4412 in

522 4456 715 4498 omnes
742 4442 988 4497 homines
1017 4443 1422 4509 condemnatio,
1448 4444 1518 4497 ita
1552 4456 1604 4499 et
1636 4461 1728 4515 per
1756 4448 1912 4503 unius
1932 4448 2090 4516 justi-

2175 1954 2274 2023 μὲν
2299 1954 2358 2006 τὸ
2404 1953 2510 2006 τῶν
2539 1953 2787 2024 νομίμων
2814 1954 3090 2016 ἐπίπονον,
3140 1954 3258 2014 ταῖς
3283 1951 3339 2004 δὲ
3368 1950 3461 2003 τοῦ
3494 1949 3753 2017 σώματος

2171 2045 2552 2117 προσεχώρουν
2595 2043 2983 2115 ἡδυπαθείαις·
3011 2043 3099 2097 διὰ
3143 2042 3320 2106 τοῦτο,
3357 2042 3545 2111 φησιν,
3574 2043 3604 2092 6
3647 2039 3756 2091 τῶν

2170 2136 2307 2189 ὅλων
2350 2135 2482 2197 Θεὸς
2520 2134 2611 2187 τὸν
2661 2133 2855 2187 ἑαυτοῦ
2912 2132 3138 2203 πέμψας
3171 2133 3300 2185 Υἱὸν
3339 2133 3397 2183 ὲν
3439 2129 3755 2201 ὁμοιώματι

2173 2223 2375 2293 σαρκὸς
2410 2221 2707 2293 ἁμαρτίας,
2749 2221 3028 2273 τουτέστιν
3059 2218 3374 2291 ἀνθρωπίνῃ
3424 2220 3526 2287 μὲν
3565 2216 3755 2286 φύσει,

2173 2308 2443 2379 ἁμαρτίας
2465 2307 2521 2361 δὲ
2547 2307 2963 2379 άπηλλαγμένῃ,
2995 2306 3089 2360 καὶ
3118 2308 3246 2377 περὶ
3284 2306 3585 2376 ἁμαρτίας,
3621 2322 3757 2358 κατ-

2174 2397 2354 2469 έκρινε
2378 2399 2477 2468 τὴν
2504 2395 2775 2467 ἁμαρτίαν
2806 2400 2864 2449 ὲν
2890 2400 2954 2467 τῇ
2987 2397 3169 2466 σαρκὶ,
3195 2396 3418 2465 ἐλέγξας
3447 2397 3625 2466 αὐτῆς
3656 2397 3758 2464 τὴν

2173 2487 2405 2553 ἀδικίαν,
2436 2490 2518 2542 ὅτι
2554 2488 2645 2541 τὸν
2689 2487 2982 2541 ἀνεύθυνον
3016 2488 3110 2541 καὶ
3143 2488 3421 2558 ἁμαρτίας
3466 2486 3763 2556 ἐλεύθερον

2174 2579 2287 2640 τοῖς
2333 2576 2441 2630 τῶν
2483 2577 2821 2648 ἁμαρτωλῶν
2894 2576 3192 2647 ἐπιτιμίοις
3268 2576 3605 2629 ὑπέὁαλλενο
3661 2579 3759 2646 οὐχ

2173 2668 2261 2721 ἵνα
2311 2668 2368 2721 δὲ
2422 2667 2687 2741 δικαιώσῃ
2731 2670 2789 2722 ὃν
2851 2669 3112 2727 ἀνέλαϐεν
3172 2668 3497 2738 ἄνθρωπον,
3578 2670 3761 2722 ταῦτα

2176 2759 2495 2829 πεποίηκεν,
2541 2759 2655 2813 ἀλλ’
2683 2761 2790 2823 ἵνα,
2832 2759 2988 2831 φησι,
3033 2760 3093 2813 τὸ
3132 2759 3409 2829 δικαίωμα
3441 2759 3539 2812 τοῦ
3585 2760 3757 2829 νόμον

2177 2851 2436 2922 πληρωθῇ
2469 2854 2525 2904 ὲν
2556 2853 2686 2923 ἡμῖν
2712 2854 2826 2915 τοῖς
2854 2852 2928 2923 μὴ
2954 2850 3097 2904 κατὰ
3124 2852 3301 2920 σάρκα
3332 2852 3756 2923 περιπατοῦσιν,

2176 2942 2313 2996 ἀλλὰ
2346 2943 2484 2995 κατὰ
2523 2942 2760 3012 πνεῦμα.
2803 2943 2926 2995 Ἐπὶ
2958 2942 3067 3013 γὰρ
3116 2945 3297 2996 πᾶσαν
3327 2942 3424 3013 τὴν
3455 2943 3624 3011 φύσιν
3653 2944 3763 2996 τῶν

2177 3032 2477 3104 ἀνθρώπων
2502 3035 2535 3104 η
2560 3033 2651 3086 τοῦ
2677 3034 2926 3105 Σωτῆρος
2951 3035 3106 3105 ἡμῶν
3134 3035 3421 3105 εὐεργεσία
3449 3038 3652 3105 χωρεῖ·
3682 3038 3762 3089 ὅτι

2181 3124 2433 3196 καθάπερ
2464 3123 2541 3194 τῷ
2576 3126 2883 3197 προπάτορι
2918 3126 3124 3197 Ἀδὰμ,
3170 3128 3262 3181 καὶ
3294 3128 3395 3198 τῆς
3425 3128 3570 3197 ἀρᾶς
3616 3129 3766 3181 ἐκοι-

2185 3220 2524 3287 νωνήσαμεν,
2555 3219 2648 3271 καὶ
2675 3219 2978 3289 γεγόναμεν
3014 3219 3249 3282 ἅπαντες
3276 3220 3381 3272 ὑπὸ
3406 3220 3499 3272 τὸν
3533 3220 3765 3274 θάνατον

2187 3308 2373 3379 ὥσπερ
2399 3311 2623 3375 ἐκεῖνος,
2652 3309 2795 3362 οὕτω
2821 3310 2917 3363 τοῦ
2946 3311 3196 3383 Σωτῆρος
3242 3311 3481 3382 Χριστοῦ
3532 3313 3631 3366 καὶ
3669 3313 3766 3383 τὴν

2188 3400 2343 3468 νίκην
2370 3400 2737 3472 οἰκειούμεθα,
2768 3401 2861 3455 καὶ
2889 3403 2988 3473 τῆς
3015 3403 3173 3473 δόξης
3204 3404 3639 3474 συμμεθέξομεν,
3674 3406 3767 3458 καὶ

2189 3488 2291 3559 τῆς
2321 3487 2596 3558 βασιλείας
2624 3489 3155 3560 συναπολαυσόμεθα.
3185 3490 3292 3544 Καὶ⁸
3316 3489 3523 3543 τούτων
3558 3490 3770 3560 μάρτυς

2191 3582 2219 3633 6
2257 3580 2525 3651 μακάριος
2561 3580 2790 3646 Παῦλος,
2830 3581 2938 3635 τῶν
2981 3597 3040 3635 τε
3074 3582 3320 3635 παλαιῶν
3358 3584 3453 3636 καὶ
3482 3582 3595 3633 τῶν
3634 3580 3771 3633 νέων

2191 3672 2642 3742 ἀναμιμνήσκων,
2664 3674 2758 3725 καὶ
2784 3671 2999 3735 δεικνὺς
3028 3673 3139 3749 τῶν
3172 3674 3453 3745 προτέρων
3485 3672 3647 3726 λύσιν
3680 3691 3770 3743 γε·

2193 3764 2517 3835 γενημένην,
2545 3763 2643 3835 τὴν
2671 3763 2763 3817 τοῦ
2790 3765 3041 3835 Σωτῆρος
3075 3764 3231 3835 ήμῶν
3257 3765 3629 3836 δικαιοσύνην.

2193 3894 2292 3951 IB'.
2337 3896 2562 3964 ’Ὠσπερ
2597 3894 2676 3960 τῷ
2723 3895 2829 3949 τοῦ
2872 3894 3045 3964 Ἀδὰμ
3079 3894 3311 3964 θανάτῳ
3357 3896 3771 3964 ἐκοινωνήσα-

2418 3963 2553 4036 per,
2584 3966 2736 4018 οὕτω
2766 3966 2863 4019 καὶ
2896 3965 2971 4033 τῇ
3004 3963 3110 4018 τοῦ
3142 3967 3359 4033 Κυρίου
3397 3963 3535 4033 ζωῇ.

2270 4095 2288 4127 ι
2313 4076 2375 4128 Εί
2392 4075 2498 4146 γάρ
2522 4074 2600 4143 τῷ
2621 4076 2714 4127 τοῦ
2749 4075 2889 4137 ἐνὸς,
2918 4075 3073 4146 φησι,
3094 4074 3501 4146 παραπτώματι
3519 4077 3568 4127 οἱ
3588 4074 3775 4127 πολλοὶ

2192 4166 2487 4227 ἀπέθανον,
2528 4165 2711 4236 πολλῷ
2754 4165 2953 4236 μᾶλλον
2996 4168 3029 4237 ἡ
3075 4166 3233 4237 χάρις
3266 4165 3359 4218 τοῦ
3395 4164 3556 4230 Θεοῦ,
3600 4167 3699 4217 καὶ
3738 4168 3773 4233 ἡ

2194 4259 2371 4330 δωρεά
2391 4260 2446 4311 ὲν
2474 4260 2655 4329 χάριτι
2681 4259 2745 4328 τῇ
2770 4256 2861 4310 τοῦ
2885 4257 2999 4320 ἐνὸς
3022 4256 3308 4328 ἀνθρώπου
3340 4256 3516 4325 Ἰησοῦ
3538 4255 3777 4324 Χριστοῦ

2197 4352 2276 4414 είς
2289 4350 2513 4412 πολλοὺς
2531 4349 2906 4421 ὲπερίσσευσε.
2924 4368 2940 4399 ι
2963 4348 3071 4401 Καὶ
3088 4347 3226 4417 μετὰ
3250 4347 3476 4417 βραχέα·
3494 4365 3512 4396 ι
3530 4347 3676 4416 ’Δρα
3688 4341 3778 4396 οὖν

2196 4442 2271 4505 ώς
2309 4441 2374 4493 δι’
2402 4441 2519 4503 ἐνὸς
2549 4440 2994 4511 παραπτώματος
3022 4441 3099 4502 είς
3129 4438 3338 4501 πάντας
3365 4436 3695 4507 ἀνθρώπους
3722 4438 3780 4488 τι)

527 4533 654 4587 tiam
685 4532 1004 4600 justilicatio
1028 4533 1169 4587 vita).
1196 4531 1350 4587 Sicut
1372 4535 1512 4588 cnim
1542 4550 1635 4604 per
1672 4537 2074 4593 inobcdieutiam

2195 4534 2534 4605 κατάκριμα,
2565 4531 2707 4585 οὕτω
2733 4533 2828 4586 καὶ
2861 4533 2927 4585 δι’
2954 4532 3069 4591 ὲνδς
3099 4529 3466 4599 δικαιώματος
3496 4529 3780 4587 δικαίωσις

526 4626 684 4680 unius
738 4625 970 4680 hominis
1023 4636 1337 4695 peccatores
1394 4628 1671 4682 constituti
1724 4640 1848 4683 sunt
1902 4631 2091 4695 multi.

2193 4626 2376 4696 ζωῆς·
2410 4624 2601 4694 ὥσπερ
2630 4624 2736 4695 γὰρ
2782 4623 2868 4676 διὰ
2909 4623 3008 4693 τῆς
3055 4622 3341 4693 παρακοῆς
3370 4620 3466 4672 τοῦ
3515 4620 3638 4681 ἐνὸς
3686 4621 3777 4670 άνο

527 4716 599 4768 ita
645 4724 701 4768 et
750 4729 848 4785 per
899 4715 1056 4768 unius
1107 4716 1473 4771 obeditioncm
1524 4716 1653 4786 justi
1700 4721 2074 4775 constituenttn

2192 4716 2412 4788 θρώπου
2457 4714 2773 4787 ἁμαρτωλοὶ
2818 4714 3233 4785 κατεστάθησαν
3277 4715 3325 4765 oi
3378 4710 3603 4776 πολλοὶ,
3641 4709 3780 4762 οὕτω

528 4806 772 4860 multi“.
801 4824 819 4857 ι
870 4805 994 4860 11ωο
1042 4807 1094 4859 in
1146 4806 1382 4875 Epistula
1414 4822 1629 4877 quoque
1669 4811 1733 4863 ad
1786 4811 2074 4867 Corinthio

2193 4807 2289 4861 mi.
2333 4805 2420 4858 διὰ
2468 4807 2566 4876 τῆς
2604 4805 2849 4875 ὑπακοῆς
2880 4803 2973 4857 τοῦ
3014 4804 3131 4867 ἑνὸς
3176 4802 3372 4856 δίκαιοι
3426 4799 3779 4867 κατασταθή-

530 4896 769 4965 apertius
797 4897 955 4951 docet
991 4896 1176 4952 dicens
1206 4914 1218 4952 :
1259 4917 1275 4949 ι
1310 4897 1461 4950 Sicut
1486 4899 1628 4951 enim
1664 4900 1714 4952 in
1747 4899 1953 4955 Adamo
1986 4915 2100 4955 0m-

530 5003 626 5041 ncs
655 4985 981 5052 niuriunlur,
1015 4985 1085 5039 ita
1112 4994 1165 5041 et
1200 4986 1251 5039 in
1282 4985 1497 5040 Christo
1527 5002 1713 5042 omnes
1747 4989 2095 5044 viviﬁcabun-

528 5077 707 5131 tur".
741 5095 759 5128 ι
815 5075 962 5132 Unde
1003 5084 1237 5142 constat,
1285 5076 1568 5130 victoriam
1621 5087 1855 5132 nostram
1908 5095 2094 5135 revera

528 5186 648 5223 esse
676 5168 983 5223 Servatoris
1009 5168 1179 5223 nostri
1206 5168 1507 5225 victoriam.
1542 5167 1674 5222 Nam
1709 5180 1762 5223 et
1794 5174 2095 5227 communis

531 5262 709 5315 clades
739 5260 839 5314 fuit
894 5260 979 5314 illa
1017 5260 1379 5329 progenitoris
1409 5262 1577 5315 nostri
1602 5262 1782 5316 clades
1813 5281 1826 5316 :
1853 5275 2094 5332 oportet-

531 5367 636 5421 qne
679 5355 818 5408 sicut
856 5352 1215 5423 progenitoris
1261 5354 1770 5409 contaminationcm
1809 5358 2095 5427 participa-

2198 4916 2379 4951 σονται
2401 4900 2453 4951 οἱ
2482 4898 2721 4952 πολλοί.»
2749 4898 2937 4952 Ταῦτα
2966 4898 3063 4950 καὶ
3096 4898 3153 4950 ὲν
3190 4898 3256 4966 τῇ
3291 4894 3426 4965 πρὸς
3458 4890 3783 4961 Κορινθίους

2214 4989 2501 5059 Ἐπιστολῇ
2537 4989 2873 5060 σαφέστερον
2892 4988 3132 5042 διδάσκει
3166 4987 3358 5055 λέγων·
3396 4984 3647 5052 «Ὥσπερ
3677 4983 3783 5049 γὰρ

2201 5084 2259 5136 ὲν
2290 5080 2365 5151 τῷ
2394 5081 2566 5151 Ἀδάμ
2591 5083 2792 5145 πάντες
2832 5081 3287 5151 ἀποθνήσκουσιν,
3313 5076 3455 5129 οὕτω
3487 5075 3584 5128 καὶ
3622 5076 3684 5126 ὲν
3709 5073 3787 5141 τῷ

2200 5173 2423 5245 Χριστῷ
2474 5174 2672 5235 πάντες
2711 5172 3264 5243 ζωοποιηθήσονται.»
3307 5168 3395 5233 Ἐξ
3427 5160 3503 5220 ὧν
3529 5165 3777 5235 εὔδηλον,

2203 5266 2285 5329 ὼς,
2302 5267 2549 5336 ἡμετέρα
2577 5265 2699 5336 νίκη
2726 5263 2819 5317 τοῦ
2841 5263 3093 5335 Σωτῆρος
3120 5261 3275 5333 ἡμῶν
3300 5263 3332 5330 ἡ
3356 5260 3480 5328 νίκη
3506 5274 3519 5286 ·
3554 5258 3653 5309 καὶ
3679 5258 3788 5325 γάρ

2202 5353 2340 5428 ἧττα
2370 5357 2522 5427 κοινὴ
2560 5357 2842 5427 γέγονενή
2886 5354 2979 5408 τοῦ
3024 5353 3367 5424 προπάτορος
3400 5348 3560 5419 ἡμῶν
3605 5342 3785 5417 ἧττα⁶

604 5532 641 5561 ¹¹
687 5529 842 5585 Rom.
884 5547 1000 5595 \‘lll,
1033 5533 1085 5596 3,
1121 5530 1173 5585 4.
1239 5531 1279 5562 "
1308 5528 1348 5585 ll
1374 5528 1497 5585 Cor.
1528 5545 1579 5597 ν,
1618 5530 1702 5584 l7.
1774 5530 1815 5562 ’³
1847 5530 2000 5585 Rom.
2035 5548 2074 5597 ν,

2184 5570 2197 5585 .
2277 5533 2323 5565 ”
2358 5535 2487 5589 ibid.
2535 5534 2615 5589 l8.
2698 5535 2739 5566 “‘
2780 5532 2954 5588 lCor.
2986 5548 3077 5597 xv,
3113 5531 3204 5585 22.

610 5708 684 5777 (l)
716 5707 916 5779 Confer
956 5724 1075 5778 qua:
1109 5710 1209 5763 hac
1240 5724 1397 5778 super
1446 5724 1502 5763 re
1538 5708 1664 5762 dicit
1725 5709 1861 5763 idem
1897 5708 2127 5778 Cyrillus
2205 5711 2256 5767 in
2312 5711 2686 5779 explanatione
2738 5708 2993 5779 Epistola:
3046 5708 3109 5762 ad
3153 5706 3443 5770 Romanos,
3487 5718 3606 5772 cap.
3662 5710 3791 5761 mh

541 5791 683 5832 Vers.
712 5778 764 5833 5.
