4038 6518
253 373 274 427 ί
295 371 386 427 I57

1409 372 1498 427 DE
1540 373 2057 432 INCARNATIONE
2088 372 2353 431 DOMINI.

3359 367 3495 448 uss

249 485 343 539 mi
369 483 469 547 δεῖ,
501 482 751 555 καθάπερ
769 483 963 553 ἐκείνῳ
978 486 1078 554 τῆς
1107 484 1393 549 κοινωνίας
1424 484 1502 557 (I)
1530 488 1822 559 ἐκοινωνή-

1933 491 2122 555 vimus,
2168 490 2240 543 ita
2280 489 2437 544 bonis
2464 497 2562 543 nos
2593 487 2751 544 simul
2788 484 2990 557 perfrui
3020 499 3141 540 cum
3184 484 3272 541 illo
3304 485 3395 553 qui
3434 488 3502 540 de

251 591 443 646 σαμεν,
469 573 640 637 οὕτως
666 576 812 643 ἡμᾶς
838 576 1239 628 συναπολαῦσαι
1269 576 1376 629 τῶν
1404 577 1625 645 ἀγαθῶν
1656 578 1734 648 τῷ
1767 578 1828 643 ἐξ

247 666 406 736 ἡμῶν
433 665 532 735 μὲν
555 664 937 735 ἀναληφθέντι,
965 667 1103 738 ὑπὲρ
1133 666 1289 738 ἡμῶν
1314 667 1371 720 δὲ
1397 668 1822 736 στεφανωθέντι·

248 755 329 808 διδ
355 757 449 807 καὶ
478 755 506 806 ό
534 753 676 818 θεῖος
699 755 1019 819 Ἀπόστολος
1042 756 1247 825 ἔλεγεν,
1274 758 1356 811 ὅτι
1390 777 1407 810 ι
1436 757 1543 822 Οὓς
1578 759 1829 831 προέγνω

249 844 344 896 καὶ
378 841 652 913 προώρισε
681 842 1041 914 συμμόρφους
1070 843 1170 914 τῆς
1204 845 1411 908 εἰκόνος
1439 842 1533 897 τοῦ
1567 843 1698 897 Υίοῦ
1734 844 1830 897 αύ-

247 934 365 999 τοῦ,
398 936 479 997 είς
505 934 565 986 τὸ
600 930 739 987 εἶναι
773 934 935 989 αὑτὸν
968 936 1311 1007 πρωτότοκον
1342 936 1403 988 ὲν
1436 936 1650 999 πολλοῖς
1678 936 1830 990 ἀδελ-

252 1028 397 1094 φοῖς·
429 1024 523 1088 οὓς
551 1025 714 1079 αὐτὸν
741 1025 1038 1096 προώρισε,
1062 1026 1287 1090 τούτους
1314 1028 1408 1080 καὶ
1439 1027 1665 1081 ἐκάλεσε
1689 1044 1702 1057 ·
1735 1028 1830 1082 καὶ

248 1114 341 1179 οὓς
380 1115 640 1181 ἐκάλεσε,
674 1116 903 1180 τούτους
949 1119 1044 1171 καὶ
1091 1117 1412 1172 ἐδικαίωσεο
1447 1119 1542 1173 καὶ
1586 1117 1680 1183 οὓς
1728 1119 1832 1173 ὲδι·

250 1206 477 1270 καίωσε,
515 1206 738 1271 τούτους
766 1208 860 1261 καὶ
891 1207 1130 1272 ὲδόξασε.
1160 1226 1179 1259 ι
1216 1210 1324 1261 Καὶ
1352 1209 1617 1281 ἑτέρωθεν
1648 1209 1827 1278 λέγει·

256 1318 275 1352 ι
303 1299 365 1352 Εἰ
386 1298 444 1351 δὲ
471 1298 656 1361 τέκνα,
684 1298 777 1351 καὶ
804 1298 1129 1369 κληρονόμοι
1151 1315 1164 1328 °
1195 1299 1523 1371 κληρονόμοι
1555 1300 1655 1371 μὲν
1673 1301 1827 1366 Θεοῦ,

253 1387 686 1458 συγκληρονόμοι
710 1387 767 1441 δὲ
802 1388 1037 1460 Χριστοῦ
1060 1406 1074 1420 ⁸
1106 1389 1267 1461 είπερ
1294 1390 1390 1445 καὶ
1416 1392 1827 1462 συμπάσχομεν,

254 1478 343 1533 ἵνα
371 1479 465 1532 καὶ
491 1478 957 1551 συνδοξασθῶμεν.
984 1499 1004 1533 ι
1036 1482 1147 1535 Καὶ
1175 1482 1408 1553 ἀλλαχοῦ
1434 1499 1448 1514 ο
1485 1501 1504 1534 t
1534 1483 1596 1536 Εἰ
1626 1483 1832 1554 ὑπομέ-

252 1586 438 1641 νομεν,
473 1572 568 1625 καὶ
603 1571 1126 1643 συμϐασιλεύσομεν.
1154 1593 1173 1626 ι
1220 1574 1393 1644 ’Υπὲρ
1440 1574 1621 1642 πάσης
1652 1574 1833 1629 τοίνυν

250 1660 350 1731 τῆς
396 1661 672 1733 ἡμετέρας
703 1664 919 1731 φύσεως
957 1666 986 1717 ό
1014 1663 1108 1717 τοῦ
1152 1663 1287 1717 Θεοῦ
1336 1664 1470 1728 Θεὸς
1514 1666 1685 1734 Λόγος
1734 1665 1833 1737 τὴν

252 1752 525 1824 ἡμετέραν
551 1754 805 1825 ἀπαρχὴν
828 1754 1137 1822 ἀνελάϐετο,
1176 1756 1262 1809 ἵνα
1299 1756 1389 1810 διὰ
1429 1757 1613 1828 πάσης
1651 1757 1821 1828 αὐτὴν

253 1844 457 1914 ἀρετῆς
487 1844 731 1914 ἀγαγὼν,
771 1847 851 1908 εἰς
899 1846 1077 1917 πάλην
1120 1845 1218 1917 μὲν
1254 1847 1536 1918 προτρέψῃ
1576 1847 1669 1900 τὸν
1700 1848 1829 1901 ἀντ·
1860 1834 1904 1888 Β

253 1934 588 2006 αγωνιστὴν,
635 1934 783 2008 δείξῃ
829 1934 886 1987 δὲ
922 1937 1016 1989 τὸν
1070 1936 1311 2007 ἀθλητὴν
1392 1938 1698 2008 ἀήττητονο
1736 1940 1830 1991 καὶ

250 2026 439 2081 τοῦτον
472 2026 572 2095 μὲν
607 2024 945 2099 στεφανώσῃ,
971 2025 1178 2080 ἐκείνου
1200 2026 1257 2079 δὲ
1282 2026 1381 2098 τὴν
1400 2022 1569 2098 ἦτταν
1595 2027 1828 2098 κηρύξῃ,

252 2120 348 2171 καὶ
380 2118 747 2189 καταθαῤῥεῖν
771 2118 935 2171 αὑτοῦ
968 2117 1177 2182 πάντας
1204 2119 1600 2191 παρασκευάσῃ
1618 2136 1631 2149 ·
1664 2118 1746 2172 διὸ
1773 2121 1833 2172 ἐν

250 2213 364 2275 τοῖς
401 2211 565 2281 ἰεροτς
600 2209 952 2279 Εὐαγγελίοις
986 2208 1160 2277 ἔλεγε,
1207 2208 1302 2264 νῦν
1337 2210 1467 2282 μέν·
1509 2230 1526 2261 ι
1559 2206 1712 2264 Εἶδον
1739 2211 1831 2264 τὸν

251 2302 494 2356 Σατανᾶν
535 2301 610 2365 ὡς
660 2301 947 2371 ἀστραπὴν
991 2303 1055 2355 ὲκ
1097 2301 1191 2354 τοῦ
1239 2301 1468 2373 ούρανοῦ
1504 2301 1771 2356 πεσόντα·
1805 2323 1825 2354 ›

252 2392 347 2445 νῦν
378 2392 472 2446 δέ’
507 2410 526 2444 ι
568 2391 693 2444 Ἐὰν
746 2392 819 2463 μή
859 2409 943 2454 τις
980 2391 1194 2463 εἰσέλθῃ
1248 2393 1329 2455 εἰς
1373 2392 1473 2462 τὴν
1522 2392 1701 2445 οἰκίαν
1735 2392 1828 2445 τοῦ

254 2480 499 2554 ἰσχυροῦ,
528 2482 623 2536 καὶ⁸
658 2481 748 2535 τὸν
780 2482 999 2553 ἰσχυρὸν
1026 2483 1184 2554 δήσῃ,
1221 2481 1338 2546 πῶς
1364 2482 1433 2535 τὰ
1469 2482 1638 2551 σκεύη
1666 2481 1831 2535 αὑτοῦ

249 2574 571 2646 διαρπάσει;
603 2592 621 2625 ι
655 2573 836 2627 οἰκίαν
873 2573 1049 2642 λέγων
1089 2573 1184 2626 τοῦ
1236 2572 1456 2645 ἰσχυροῦ
1490 2574 1587 2643 τὴν
1619 2573 1830 2645 ἀνθρω-

252 2664 410 2718 πείαν
459 2664 643 2735 φύσιν,
680 2664 755 2728 ὡς
791 2665 926 2735 πρὸς
971 2667 1176 2719 ἐκεῖνον
1220 2666 1692 2737 αὑτομολήσασαν,
1738 2666 1832 2718 καὶ

252 2758 363 2810 πᾶν
396 2756 456 2810 τὸ
489 2757 776 2811 κελευσθὲν
817 2757 909 2810 ὑπ’
960 2757 1168 2810 ἐκείνου
1220 2760 1394 2810 ποιεῖν
1433 2758 1827 2828 ἀνασχομένην,

254 2850 349 2901 καὶ
377 2848 696 2918 αὐθαίρετον
729 2848 972 2903 δουλείαν
1005 2850 1482 2920 ὲπισπασαμένην.
1523 2852 1632 2903 Καὶ
1671 2851 1833 2904 ἀλλα-

253 2939 351 3010 χοῦ
380 2940 457 3005 δὲ,
479 2960 497 2993 ‹
520 2941 802 3011 Θαρσεῖτε,
821 2940 1004 3010 φησιν,
1023 2938 1133 3009 ἐγὼ
1163 2941 1423 3011 νενίκηκα
1451 2941 1543 2993 τδν
1571 2943 1821 3012 κόσμον.»

254 3032 368 3085 Καὶ
391 3031 654 3101 ἑτέρωθεν
672 3049 688 3067 σ
718 3047 738 3083 ι
772 3030 887 3084 Νῦν
917 3033 1097 3102 κρίσις
1123 3032 1240 3084 ἐστὶ
1263 3031 1356 3086 τοῦ
1382 3032 1588 3103 κόσμου
1618 3032 1827 3097 τούτου,

1932 582 2085 637 nobis
2115 591 2360 650 sumptus
2404 588 2509 644 est,
2550 592 2603 633 et
2650 593 2746 648 pro
2780 578 2936 632 nobis
2973 586 3285 632 coronatus.
3323 576 3502 643 Quare

1929 677 1985 721 et
2041 666 2197 721 divus
2249 666 2540 736 Apostolus
2593 664 2771 720 aiebat
2812 683 2827 719 :
2885 684 2902 717 ι
2940 663 3093 732 Quos
3122 665 3395 734 praescivit
3446 680 3500 718 et

1928 757 2333 830 praedestinavit
2361 758 2666 815 conformes
2703 758 2817 813 fieri
2860 758 3113 828 imaginis
3150 755 3270 812 Filii
3302 756 3410 825 sui,
3442 765 3501 810 ut

1930 849 2000 904 sit
2031 850 2148 920 ipse
2177 849 2421 920 818m.
2468 849 2861 920 primogenitus
2892 850 2946 904 in
2988 848 3177 903 multis
3212 847 3496 902 fratribus.

1929 939 2077 1006 Quos
2105 950 2285 994 autem
2328 939 2752 1009 praedestinavit,
2792 939 2889 994 hos
2914 947 2970 994 et
2999 939 3213 993 vocavit
3244 953 3259 991 :
3286 947 3342 992 et
3364 951 3500 1006 quos

1929 1030 2165 1094 vocavit,
2200 1030 2300 1084 hos
2330 1038 2384 1083 et
2410 1028 2728 1099 justilicavit
2759 1050 2770 1083 :
2802 1042 2938 1097 quos
2967 1025 3499 1094 autemjustilicavit,

1931 1123 2033 1179 hos
2083 1131 2138 1177 et
2193 1122 2516 1190 glorificavit
2542 1122 2605 1175 ⁸⁸.
2636 1140 2656 1174 ι
2709 1122 2777 1175 Ει
2808 1120 2935 1175 alibi
2969 1121 3046 1174 ait
3079 1138 3093 1174 :
3131 1137 3148 1170 ι
3183 1137 3203 1170 ι
3234 1116 3289 1171 Si
3321 1124 3499 1170 autem

1932 1214 2051 1281 filii,
2094 1215 2282 1284 utique
2322 1224 2379 1269 et
2405 1213 2649 1269 haeredes
2681 1229 2697 1267 :
2731 1213 2976 1268 hazrcdes
3008 1209 3225 1281 quidem
3268 1207 3381 1272 Dei,
3406 1220 3497 1260 co-

1932 1306 2175 1362 heredes
2201 1315 2382 1362 autem
2414 1306 2618 1362 Christi
2655 1324 2668 1360 :
2722 1305 2769 1360 si
2812 1315 2992 1361 tamen
3022 1301 3408 1372 compatimur,
3446 1306 3505 1350 nt

1932 1408 1987 1456 ct
2028 1398 2590 1470 conglorilicemur".
2624 1416 2643 1450 ι
2696 1396 2763 1451 Et
2810 1396 2983 1451 alibi:
3019 1415 3038 1448 ι
3068 1394 3126 1449 Si
3177 1390 3503 1449 sustinueri-

1931 1507 2070 1555 mus,
2108 1492 2273 1546 etiam
2300 1490 2754 1559 conregnabimus
2781 1488 2846 1542 ¹⁸.
2882 1506 2901 1540 ι
2943 1487 3048 1541 Pro
3082 1486 3330 1540 universa
3371 1497 3505 1551 ergo

1932 1591 2126 1638 natura
2162 1591 2345 1636 nostra
2380 1580 2472 1635 Dei
2509 1579 2745 1635 Verbum
2782 1577 2924 1632 Deus
2968 1574 3367 1631 inchoationem
3402 1588 3504 1626 no-

1933 1685 2098 1732 stram
2133 1674 2389 1743 suscepit,
2423 1682 2483 1728 ut
2510 1685 2630 1726 eam
2672 1684 2766 1739 per
2793 1682 3007 1724 omnem
3043 1667 3296 1720 virtutem
3335 1663 3505 1718 dedu-

1934 1781 2085 1830 cens,
2121 1766 2186 1821 ad
2216 1771 2501 1831 certamen
2546 1770 2873 1831 provocarat
2908 1757 3299 1821 adversarium,
3347 1771 3503 1808 suum

1933 1872 2060 1912 vero
2089 1856 2352 1911 athletam
2389 1855 2651 1909 invictum
2676 1858 2958 1921 praestaret
2992 1867 3007 1903 :
3038 1849 3257 1903 ethunc
3285 1848 3503 1916 quidem

1932 1954 2241 2010 coronaret,
2272 1945 2415 1999 illius
2442 1953 2621 1998 autem
2649 1943 2855 1997 cladem
2888 1940 3271 2010 proclamaret,
3302 1947 3357 1991 et
3382 1952 3505 1990 om-

1931 2037 2092 2091 nibus
2122 2035 2381 2090 adversus
2417 2034 2564 2087 illum
2601 2032 2884 2087 audaciam
2928 2040 3171 2100 augeret.
3205 2029 3417 2083 Idcirco
3449 2029 3504 2081 iu

1932 2126 2102 2182 sacris
2127 2126 2432 2195 Evangeliis
2462 2126 2620 2178 modo
2655 2123 2833 2177 aiebat
2870 2139 2883 2175 :
2915 2139 2933 2171 ι
2965 2121 3218 2175 Videbam
3247 2118 3504 2173 Satanam

1931 2219 2073 2278 sicut
2131 2218 2310 2287 fulgur
2351 2216 2419 2271 de
2460 2214 2600 2271 uelo
2647 2214 2928 2269 cadentem
2954 2212 3027 2278 ‘9;
3063 2229 3081 2261 ›
3134 2224 3277 2265 nunc
3330 2225 3504 2265 vero:

1939 2328 1957 2360 ι
1992 2308 2102 2361 Nisi
2144 2308 2266 2376 quis
2309 2306 2363 2359 in
2414 2305 2571 2358 fortis
2605 2303 2823 2357 domum
2865 2300 3172 2365 intraverit,
3208 2299 3511 2369 fortemque

1932 2398 2253 2467 alligaverit,
2279 2396 2551 2465 quomodo
2578 2411 2703 2450 vasa
2732 2396 2850 2464 ejus
2873 2394 3094 2463 diripiet
3119 2392 3209 2444 ὀἳ
3238 2412 3257 2444 ι
3291 2394 3507 2447 domum

1933 2488 2092 2544 fortis
2121 2490 2308 2544 dicens
2340 2490 2634 2543 humanam
2667 2494 2938 2549 naturam,
2977 2500 3072 2539 ceu
3100 2499 3218 2551 quae
3254 2485 3321 2538 ad
3358 2484 3506 2537 illum

1932 2578 2252 2649 profugerit,
2290 2586 2346 2632 et
2373 2578 2551 2631 omnia
2595 2576 2766 2645 ipsius
2802 2575 3054 2629 mandata
3096 2574 3318 2644 exsequi
3350 2589 3507 2652 passa

1936 2671 2118 2737 fuerit,
2142 2671 2533 2738 servitiumque
2559 2669 2662 2724 sibi
2701 2676 2893 2738 sponte
2921 2666 3257 2736 imposuerit.
3286 2667 3351 2721 Et
3380 2665 3509 2721 alibi

1933 2776 2185 2830 quoque:
2222 2780 2239 2813 ι
2265 2760 2551 2824 Conﬁdite,
2604 2758 2799 2829 inquit,
2838 2771 2940 2827 ego
2966 2756 3071 2810 vici
3105 2758 3360 2811 mundum
3383 2757 3450 2809 ²¹.
3486 2774 3503 2805 ι

1934 2854 1999 2909 Ει
2022 2854 2125 2909 alio
2146 2854 2263 2908 loco
2289 2870 2304 2909 :
2329 2871 2345 2904 ι
2370 2851 2520 2906 Nunc
2538 2849 2799 2919 judicium
2822 2857 2905 2903 est
2927 2847 3136 2914 mundi,
3162 2861 3303 2902 nunc
3324 2845 3510 2900 mundi

1932 2950 2182 3016 princeps
2239 2946 2485 3017 ejicietur
2529 2943 2674 2999 loras
2703 2943 2778 3008 ³²;
2816 2960 2834 2994 ι
2870 2949 2924 2996 et
2950 2958 2968 2991 ι
3002 2939 3112 3009 Ego
3165 2939 3210 2994 si
3237 2938 3512 2992 exaltatns

1933 3038 2087 3094 fuero
2117 3055 2147 3093 a
2195 3047 2364 3102 terra,
2398 3050 2588 3091 omnes
2620 3034 2831 3089 traham
2865 3032 2931 3086 ad
2968 3045 3053 3085 me
3083 3030 3257 3101 ipsum
3283 3028 3350 3082 ”.
3386 3044 3404 3078 ι
3443 3025 3511 3080 Et

166 3202 171 3203 γ
255 3122 401 3176 νῦνό
430 3123 612 3193 ἄρχων
637 3121 732 3176 τοῦ
800 3121 1005 3192 κόσμου
1057 3122 1451 3192 ἐκϐληθήσεται
1494 3123 1624 3188 ἔξωο
1674 3124 1829 3192 κάγὼ

261 3213 358 3238 ιι...
425 3214 525 3238 ι.-λ
585 3214 681 3238 -=-
748 3214 851 3238 -.=-
903 3212 1099 3238 .ο..ι.--ιι.”⁴.
1173 3213 1379 3238 -ι...-..-
1434 3214 1637 3238 u--_o.-_-
1694 3217 1828 3238 --μ

1934 3146 2098 3201 porro
2128 3144 2380 3200 pergens,
2420 3128 2475 3183 id
2509 3128 2684 3196 ipsum
2716 3124 2919 3181 clarius
2945 3122 3119 3177 dicit:

260 3213 358 3267 ἐὰν
421 3214 529 3266 ἀπὸ
584 3214 681 3284 τῆς
748 3214 851 3283 γῆς
903 3212 1121 3282 ὑψωθῶ,
1173 3213 1379 3277 πάντας
1430 3214 1641 3269 ἑλκύσω
1693 3217 1829 3287 πρὸς

257 3305 544 3374 ἐμαυτόν.»
576 3304 686 3359 Καὶ
723 3303 929 3375 προῖὼν
958 3304 1014 3357 δὲ
1041 3304 1199 3359 τοῦτο
1229 3304 1376 3374 λέγει
1405 3305 1765 3377 σαφέστερον·

259 3436 354 3490 ῐΓ¹.
392 3437 514 3490 Ὅτι
546 3436 716 3505 κοινὴ
760 3436 891 3510 τῶνε
907 3438 1232 3506 ἀνθρώπων
1272 3440 1587 3510 εὐεργεσια
1636 3441 1674 3508 ἠ
1728 3442 1835 3496 τοῦ

727 3506 1003 3576 Σωτῆρος
1026 3510 1357 3579 οἰκονομία.

331 3662 352 3694 ι
378 3643 515 3714 Περὶ
544 3642 601 3696 δὲ
628 3643 886 3715 κρίσεως,
913 3643 997 3696 ὅτι
1023 3645 1050 3697 ό
1077 3644 1260 3714 ἄρχων
1283 3644 1377 3698 τοῦ
1410 3645 1619 3715 κόσμου
1648 3645 1837 3699 τούτου

258 3734 542 3807 κέκριταιο
569 3752 586 3785 ι
619 3734 715 3788 καὶ
746 3729 925 3797 αὖθις·
963 3753 981 3785 ι
1016 3735 1273 3805 Ἔρχεται
1298 3736 1327 3788 ό
1352 3736 1446 3790 τοῦ
1478 3737 1684 3806 κόσμου
1715 3737 1837 3790 τού-

256 3842 351 3879 του
382 3824 585 3896 άρχων,
614 3825 709 3878 κιιί⁵
733 3826 791 3879 ὲν
820 3824 945 3896 ἐμοὶ
972 3825 1073 3879 οὐκ
1105 3825 1219 3896 ἔχει
1251 3827 1434 3881 οὐδέν’
1462 3847 1480 3879 ι
1516 3828 1698 3898 πάσης
1726 3828 1837 3899 γὰρ

257 3916 673 3988 ἀπηλλαγμένος
713 3916 913 3983 αἰτίας,
958 3917 1111 3971 οὐδὲν
1150 3916 1264 3989 εἶχε
1302 3920 1410 3972 τῶν
1441 3918 1536 3972 τοῦ
1586 3920 1833 3972 διαϐόλου

261 4009 608 4081 σπερμάτων.
636 4009 729 4062 Διὸ
775 4009 869 4063 καὶ
909 4011 972 4063 τὸ
1017 4013 1300 4083 τυραννεῖν
1333 4011 1697 4076 κατέπαυσεν,
1738 4012 1834 4065 καὶ

257 4097 509 4164 ὲξέϐαλεν
541 4098 665 4163 ἔξω,
696 4099 790 4153 καὶ
829 4099 933 4153 ὑπὸ
976 4100 1086 4155 τῶν
1130 4101 1299 4154 πάλαι
1336 4099 1695 4153 δουλευόντων
1725 4118 1830 4153 πα-

256 4192 465 4244 τεῖσθαι
510 4191 802 4261 πεποίηκε,
856 4191 1207 4261 παρεγγυῶν,
1249 4190 1343 4244 καὶ
1386 4191 1586 4259 λέγων’
1641 4210 1659 4244 ι
1700 4190 1832 4247 Ἰδοὺ

254 4279 449 4351 δίδωμι
477 4282 605 4351 ὑμῖν
628 4280 874 4347 ἐξουσίαν
900 4284 1091 4335 πατεῖν
1117 4282 1302 4336 ἐπάνω
1327 4282 1525 4351 όφεων,
1555 4284 1650 4338 καὶ
1680 4303 1835 4358 σκορ-

257 4374 417 4437 πίων,
447 4372 541 4426 καὶ
566 4372 659 4424 ἐπὶ
689 4374 868 4426 πᾶσαν
897 4372 997 4443 τὴν
1027 4373 1254 4443 δύναμιν
1281 4376 1376 4427 τοῦ
1394 4375 1639 4446 Ἐχθροῦ.
1670 4396 1687 4429 ι
1720 4378 1836 4431 Ἵνα

1934 3440 2070 3496 XIII.
2115 3438 2269 3505 Quod
2294 3454 2567 3495 commune
2593 3453 2716 3504 erga
2753 3437 2994 3505 homines
3016 3429 3320 3498 beneﬁcium
3347 3428 3511 3498 fuerit

2397 3508 2691 3564 Servatoris
2728 3503 3050 3560 incarnatio.

2012 3668 2029 3698 ι
2063 3646 2365 3717 Dejudicio
2406 3643 2648 3713 quidem,
2681 3642 2806 3710 quia
2839 3642 3092 3711 princeps
3130 3639 3314 3695 mundi
3351 3638 3513 3710 hujus

1931 3733 2041 3804 jam
2096 3734 2373 3803 judicatus
2410 3731 2584 3786 est“.
2618 3750 2637 3782 ι
2685 3731 2753 3785 Ει
2801 3745 3028 3784 rursus:
3065 3748 3083 3780 ι
3118 3729 3278 3783 Venit
3326 3730 3508 3784 mundi

1935 3822 2093 3891 hujus
2124 3824 2398 3891 princeps,
2430 3828 2485 3874 et
2514 3820 2566 3873 in
2601 3833 2685 3873 me
2730 3833 2834 3872 non
2870 3818 3028 3872 habet
3055 3816 3348 3887 quidquam
3368 3817 3412 3848 "
3439 3832 3452 3869 :
3486 3836 3505 3867 ι

1936 3928 2190 3981 namque,
2212 3910 2357 3964 omni
2387 3911 2619 3965 crimine
2644 3908 2875 3973 alienus,
2909 3906 3052 3962 nulla
3079 3906 3278 3961 diaboli
3304 3908 3509 3963 semina

1936 4002 2189 4057 habebat.
2220 3999 2375 4055 Unde
2404 4011 2460 4054 et
2494 3999 2637 4054 hunc
2664 3998 2949 4070 tyrannide
2979 3998 3248 4067 deposuit,
3285 4010 3340 4052 et
3365 4000 3513 4054 foras

1935 4092 2117 4161 ejecit,
2155 4099 2209 4147 et
2245 4092 2459 4147 illorum
2501 4092 2593 4161 qui
2642 4103 2801 4145 antea
2837 4090 2887 4145 ei
2942 4090 3252 4145 serviebant
3287 4089 3511 4160 pedibus

1934 4182 2193 4252 subjecit,
2247 4182 2543 4238 adhortans
2600 4182 2894 4251 dicensque
2936 4199 2951 4237 ;
2992 4199 3011 4234 ι
3041 4179 3184 4236 Ecce
3235 4195 3334 4251 ego
3388 4179 3509 4235 dedi

1936 4275 2089 4330 vobis
2119 4283 2439 4345 potestatem
2469 4274 2715 4329 calcandi
2753 4289 2916 4344 supra
2959 4279 3243 4340 serpentes
3273 4281 3329 4326 et
3359 4285 3510 4325 scor-

1933 4370 2144 4439 piones,
2188 4379 2241 4424 et
2271 4384 2434 4440 super
2466 4383 2681 4423 omnem
2727 4368 2981 4422 virtutem
3023 4364 3232 4421 Inimici
3261 4365 3329 4420 ".
3366 4383 3383 4415 ι
3414 4365 3513 4418 At-

256 4465 314 4520 δὲ
347 4466 438 4519 καὶ
486 4465 657 4537 αὐτὴν
715 4464 916 4535 ἴδωμεν
973 4465 1070 4536 τὴν
1128 4466 1265 4535 πρὸς
1298 4466 1390 4519 τὸν
1448 4466 1694 4521 διάϐολον
1727 4469 1831 4523 πά-

1936 4478 2041 4531 que
2072 4473 2129 4515 ιιι
2164 4462 2333 4531 ipsam
2362 4464 2626 4515 adversus
2652 4458 2924 4513 diabolum
2951 4459 3153 4512 luctam
3182 4466 3510 4525 spectemus,

1989 4553 2001 4567 ι
2065 4564 2117 4567 ---
2203 4550 2293 4567 --I!
2312 4564 2413 4567 -_,--
2445 4547 2659 4567 AIA,“
2734 4547 3015 4567 I-!_.---:----
3060 4545 3341 4567 ---_!....-..-
3402 4545 3477 4567 n--

256 4554 377 4624 λην,
426 4555 668 4626 ἔλθωμεν
716 4556 810 4609 ἐπὶ
853 4555 951 4626 τὴν
1008 4556 1248 4627 ἱστορίαν
1301 4558 1408 4610 τῶν
1459 4560 1826 4628 Εὐαγγελίων.

270 4645 502 4717 ’Δνήχθη
533 4646 637 4698 ὑπὸ
669 4646 762 4700 τοῦ
794 4646 1108 4717 Πνεύματος
1145 4648 1349 4717 Ἰησοῦς
1380 4652 1459 4712 εἰς
1488 4649 1585 4721 τὴν
1625 4651 1831 4722 ἔρημον

262 4737 398 4805 μετὰ
441 4736 501 4789 τὸ
540 4735 843 4806 βάπτισμα,
877 4737 1236 4808 πειρασθῆναι
1280 4740 1385 4792 ὑπὸ
1423 4740 1514 4793 τοῦ
1561 4742 1828 4797 διαϐόλου.

271 4826 505 4897 Ἀνήχθη
539 4828 598 4881 δὲ
633 4829 731 4899 οὐχ
763 4830 791 4881 ό
831 4829 961 4891 Θεὸς
989 4829 1180 4897 Λόγος,
1219 4830 1333 4884 ἀλλ’
1361 4833 1389 4884 ό
1417 4832 1481 4884 ὲκ
1520 4832 1832 4903 σπέρματος

260 4916 423 4969 Δαϐἱδ
448 4918 554 4971 ὑπὸ
578 4918 670 4971 τοῦ
700 4918 835 4972 Θεοῦ
866 4919 1038 4988 Λόγου
1079 4920 1306 4989 ληφθεὶς
1340 4921 1493 4984 ναός’
1519 4923 1580 4975 ού
1612 4922 1716 4993 γὰρ
1741 4924 1831 4978 τὸν

260 5008 390 5061 Θεὸν
411 5009 583 5087 Λόγον
610 5013 690 5074 εἰς
712 5010 811 5082 τὴν
836 5011 972 5082 πρὸς
998 5011 1088 5064 τὸν
1108 5012 1352 5065 διάϐολον
1375 5013 1550 5082 πάλην
1574 5015 1831 5084 ἀπήγαγε

259 5101 324 5151 τὸ
344 5099 567 5170 Πνεῦμα
592 5101 654 5155 τὸ
683 5102 859 5171 ἆγιον,
887 5104 1001 5157 ἀλλ’
1019 5103 1077 5157 ὃν
1108 5106 1166 5157 ὲν
1197 5107 1262 5175 τῇ
1293 5105 1553 5176 Παρθένῳ
1579 5105 1831 5161 διέπλασε

260 5187 477 5259 τῷ.Θεῷ
516 5190 674 5262 Λόγῳ
711 5192 858 5249 ναόν.
896 5195 1110 5257 Ἀσιτος
1139 5194 1437 5247 διετέλεσεν
1468 5196 1681 5266 ἡμέρας
1710 5214 1833 5249 τεσ-

262 5276 587 5347 σαράκοντα,
620 5282 714 5334 καὶ
742 5282 942 5347 νύκτας
969 5283 1287 5353 ἰσαρίθμους
1306 5300 1318 5313 ’
1346 5283 1407 5335 ού
1434 5282 1541 5353 γὰρ
1573 5282 1833 5354 ἠθέλησεν

332 5456 376 5487 ’⁸
416 5457 572 5525 Rom.
606 5472 721 5519 VIII,
761 5455 851 5516 29,
892 5459 979 5512 '50.
1058 5459 1097 5490 ⁸⁷
1122 5460 1248 5515 ibid.
1286 5460 1372 5513 l7.
1456 5461 1498 5492 ⁸⁸
1527 5460 1565 5515 ll
1595 5461 1733 5514 Tim.
1767 5477 1823 5525 ιι,

1933 5501 1941 5515 .
2026 5463 2065 5494 ⁸⁸
2104 5460 2232 5517 Luc.
2267 5478 2325 5523 χ,
2366 5461 2450 5517 18.

262 5524 350 5580 53.
425 5527 470 5557 “
507 5524 662 5580 Joan.
698 5542 795 5589 xu,
831 5527 919 5582 3i.
981 5528 1025 5559 ”
1061 5530 1186 5584 ibid.
1223 5530 1312 5584 32.

1938 4553 2001 4604 ad
2056 4547 2686 4619 evangelicam819m.
2734 4547 3017 4601 historiam
3060 4545 3362 4600 veniamus.
3402 4545 3505 4599 Du-

1938 4652 2056 4696 ctns
2101 4650 2182 4695 est
2228 4656 2257 4694 a
2306 4639 2510 4709 Spiritu
2565 4641 2617 4692 in
2664 4639 2937 4692 desertum
2984 4635 3140 4691 Iesus
3181 4644 3300 4706 post
3336 4635 3511 4705 bapti-

1937 4748 2111 4787 smum
2140 4740 2197 4785 ιιι
2241 4740 2543 4786 tentaretur
2573 4746 2600 4784 a
2625 4729 2839 4783 diabolo
2857 4729 2922 4783 "’.
2952 4726 3185 4782 Ductqu
3217 4735 3300 4781 est
3329 4736 3507 4781 autem

1937 4840 2043 4879 non
2075 4824 2167 4879 Dei
2193 4822 2454 4887 Verbum,
2478 4823 2574 4878 sed
2604 4824 2733 4877 illud
2764 4838 2830 4878 ex
2862 4823 3083 4878 Davidis
3115 4823 3320 4878 semine
3346 4837 3376 4875 a
3402 4822 3512 4876 Deo

1943 4915 2115 4972 Verbo
2152 4916 2407 4984 templum
2436 4925 2795 4985 assumptum.
2833 4912 2947 4968 Non
2984 4916 3128 4970 cnim
3170 4913 3338 4969 Deum
3374 4913 3510 4967 Ver-

1929 5007 2056 5062 bum
2096 5008 2163 5060 ad
2198 5005 2510 5061 luctandum
2558 5022 2681 5061 cum
2731 5005 2949 5059 diabolo
2997 5005 3221 5060 abduxit
3273 5003 3511 5072 Spiritus

1930 5110 2170 5162 sanctus,
2206 5100 2298 5154 sed
2332 5099 2481 5162 illud,
2515 5099 2756 5165 inquam,
2796 5098 2936 5167 quod
2970 5113 3035 5152 ex
3061 5096 3280 5167 Virgine
3307 5094 3509 5149 fortna-

1931 5197 2083 5241 verat
2131 5187 2241 5242 Deo
2298 5186 2476 5241 Verbo
2537 5188 2815 5255 templum.
2882 5187 3255 5241 Perseveravit
3290 5183 3510 5254 jejunus

1931 5281 2289 5353 quadraginta
2321 5283 2532 5349 diebus,
2563 5281 2896 5351 totidemque
2926 5280 3195 5338 noctibus.
3223 5279 3338 5334 Non
3361 5279 3507 5333 enim

2529 5464 2575 5495 ¹⁰
2606 5461 2796 5518 Matth.
2822 5480 2922 5527 ιιι,
2951 5465 3042 5521 29.
3138 5465 3181 5495 ’ί
3210 5464 3366 5519 Joan.
3388 5479 3500 5521 xw.

1388 5530 1433 5561 “
1470 5530 1623 5586 Joan.
1667 5546 1777 5598 xw,
1812 5534 1831 5586 I

1976 5533 2019 5564 ’⁵
2047 5532 2202 5587 Joau.
2237 5549 2346 5597 xw,
2378 5532 2465 5587 30.
2541 5535 2587 5566 ’°
2619 5534 2747 5589 Luc.
2791 5551 2842 5600 κ,
2876 5536 2959 5589 I9.
3036 5536 3078 5565 ’⁷
3112 5534 3303 5590 Matth.
3341 5550 3414 5598 IV,
3449 5534 3500 5586 I.
3575 5528 3579 5532 ’

332 5704 409 5787 (1)
446 5704 668 5797 Ιέιιιςριί.
703 5705 1007 5797 κοινωχίας,
1035 5708 1232 5797 (μιαιθεὶ
1302 5708 1460 5764 lectio
1519 5724 1648 5765 sana
1708 5718 1790 5767 est

1933 5711 2070 5768 ltilve
2119 5715 2292 5781 deest,
2328 5714 2541 5769 videtur
2594 5714 2924 5782 idiotismus,
2968 5716 3042 5772 uti
3092 5724 3174 5772 est
3221 5712 3395 5779 κοινδς
3444 5714 3502 5768 in

263 5774 433 5831 sacris
456 5774 641 5832 Bibliis
666 5790 764 5846 pro
786 5776 1039 5845 pollutus,
1068 5775 1339 5845 profanus.
