4038 6518
503 352 643 408 1459
1476 352 1532 408 S.
1576 350 1855 406 CYRILLI
1892 348 2098 402 ΑΒΕΧέ

2177 347 2361 402 DRINI
2398 346 2721 405 ARCHIEP.
3621 350 3772 407 Η»ίο

501 462 671 517 voluit
692 475 879 517 eorum
905 462 997 532 qui
1026 461 1155 517 olim
1173 461 1555 533 jejunaverant
1579 478 1886 519 mensuram
1910 475 2071 516 exce-

2171 460 2473 531 ὑπερϐῆναι
2506 460 2612 515 τῶν
2644 461 2811 516 πάλαι
2850 461 3283 532 νενηστευκὸτων
3310 462 3371 514 τὸ
3406 464 3629 534 μέτρον,
3664 465 3751 517 ἵνα

500 557 650 620 dere,
694 571 759 608 ne
790 554 1053 610 adversus
1090 568 1150 609 se
1182 570 1416 626 pugnam
1473 556 1821 609 adversarius
1851 554 2067 623 defuge-

2174 550 2248 622 μὴ
2277 551 2421 621 φύγῃ
2455 552 2553 622 τὴν
2587 552 2722 620 πρὸς
2751 552 2914 606 αὐτὸν
2938 555 2966 607 ὁ
2990 554 3283 617 ἀντίπαλος
3316 553 3527 624 μάχην,
3558 555 3649 607 ἵνα
3680 557 3754 625 μὴ

502 656 604 707 ret,
633 661 722 709 ne,
748 645 989 713 inquam,
1012 660 1078 701 eo
1111 645 1200 715 qui
1234 646 1481 701 occultus
1502 657 1617 702 erat
1642 647 1845 717 agnito,
1876 646 2067 703 luctari

2170 644 2439 713 γνωρίσας
2470 644 2560 697 τὸν
2598 644 2994 715 κρυπτόμενον,
3019 645 3169 717 φύγῃ
3192 646 3289 715 τὴν
3315 645 3455 715 πρὸς
3480 645 3543 697 τὸ
3575 648 3755 714 φαινό-

500 752 620 789 cnm
671 736 959 792 manifesto
1012 746 1311 793 recusaret.
1360 737 1531 805 Hujus
1578 739 1658 793 rei
1712 754 1901 804 causa,
1948 748 2070 808 post

2173 753 2330 806 μενον
2374 736 2577 805 πάλην.
2604 734 2808 789 Τούτου
2844 736 3003 807 χάριν
3043 734 3181 806 μετά
3211 736 3304 788 τὸν
3345 736 3750 806 προειρημένον

434 834 439 838 ‘
502 829 818 894 [)l‘lBtllClum
852 827 1060 883 dierum
1094 843 1402 895 numerum,
1439 830 1689 885 humanae
1714 842 1919 885 natura!
1947 846 2029 902 pas

2169 828 2398 899 ἀριθμὸν
2442 828 2551 881 τῶν
2594 826 2838 898 ἡμερῶν,
2881 827 2981 897 τῆς
3027 827 3374 899 ἀνθρωπείας
3421 828 3641 895 φύσεως
3696 829 3754 879 τὸ

424 942 429 952 ·
502 922 707 973 sionem
740 918 1018 989 patefecit,
1050 921 1301 991 permisit
1334 920 1459 976 fami
1492 922 1717 987 aditum,
1746 921 1889 977 fame
1922 922 2019 975 vid:

2172 920 2340 985 πάθος
2390 921 2705 989 ὑποφαίνει,
2755 920 2850 974 καί
2901 923 3173 989 συγχωρεῖ
3230 923 3298 991 τῇ
3346 920 3507 990 πείνῃ
3564 919 3766 990 χώραν.

501 1010 627 1062 licet
660 1024 848 1063 ansam
882 1009 1097 1065 diabolo
1138 1011 1407 1079 praebens.
1453 1008 1570 1064 Non
1620 1013 1764 1065 enim
1811 1013 2069 1066 accedere

2169 1011 2379 1077 λαϐεῖν,
2407 1012 2574 1083 λαϐὴν
2600 1011 2791 1082 ἐκείνῳ
2814 1010 2903 1064 διὰ
2934 1010 3033 1080 τῆς
3074 1010 3263 1081 πείνης
3300 1011 3473 1074 διδούς
3493 1027 3508 1039 ’
3549 1011 3609 1063 ού
3647 1011 3755 1078 γὰρ

421 1098 431 1145 ἰ
503 1102 759 1166 audebat,
793 1104 917 1171 quia
953 1103 1119 1157 multa
1153 1104 1217 1156 ab
1257 1118 1324 1157 eo
1360 1104 1518 1174 digna
1564 1104 1673 1157 Deo
1707 1105 1843 1159 facta
1873 1108 2016 1159 ODSEI

2171 1103 2491 1174 προσελθεῖν
2554 1104 2798 1173 ἐτόλμα,
2855 1101 3025 1155 πολλὰ
3074 1101 3205 1174 περὶ
3252 1102 3417 1156 αὑτὸν
3469 1101 3753 1170 θεοπρεπῆ

504 1211 744 1253 voverat.
784 1201 1024 1267 Namque
1058 1208 1115 1253 et
1158 1198 1333 1267 angeli
1362 1212 1427 1251 eo
1459 1206 1585 1251 nato
1621 1198 2068 1265 tripudiaverant,

2170 1191 2429 1259 γινττμενα
2474 1190 2695 1259 θεωρῶν
2716 1209 2729 1221 ο
2761 1190 2855 1244 καὶ
2887 1189 2998 1258 γὰρ
3027 1188 3248 1257 ἄγγελοι
3288 1189 3577 1258 τεχθέντος
3632 1190 3752 1257 ἐχό-

504 1303 557 1348 et
591 1302 837 1348 exortum
863 1293 1013 1348 sidus
1041 1307 1228 1360 magos
1256 1292 1554 1345 deduxerat
1579 1291 1646 1343 ad
1671 1290 2067 1355 adoratinnem,

2173 1297 2359 1350 ρειον,
2422 1280 2705 1344 ἀνατείλας
2763 1280 2937 1350 ἀστὴρ
2999 1278 3209 1349 μάγους
3268 1280 3612 1349 ὲποδήγησεν
3677 1281 3754 1341 εἰς

506 1399 696 1452 nempe
733 1385 973 1454 ejusdem
1013 1384 1220 1438 ordinis
1251 1383 1653 1451 antesignanos,
1682 1391 1736 1435 et
1779 1382 1953 1448 ipsum
1991 1379 2069 1431 vi-

2172 1371 2543 1442 προσκύνησιν
2580 1373 2707 1435 τοὺς
2744 1372 2840 1441 τῆς
2870 1370 3041 1439 αὐτῆς
3075 1370 3355 1439 φάλαγγος
3394 1371 3751 1440 κορυφαίους,

503 1476 655 1529 derat.
680 1475 791 1541 jam
825 1475 947 1529 inde
979 1490 1010 1528 a
1044 1474 1273 1543 pueritia
1315 1473 1461 1527 omni
1486 1473 1715 1542 justitia:
1740 1473 2004 1535 deditum,
2039 1486 2067 1523 tt

2172 1462 2265 1513 καὶ
2298 1461 2461 1514 αὐτὸν
2488 1460 2633 1531 ἐώρα
2662 1462 2841 1514 πᾶσαν
2872 1462 2935 1514 ὲκ
2965 1460 3154 1523 παιδὸς
3192 1462 3445 1531 μετιόντα
3482 1460 3756 1513 atumo";-

505 1566 743 1634 nequitia
779 1566 1187 1628 abhorrentem,
1222 1563 1441 1619 malitiae
1475 1578 1726 1628 osorem;
1766 1573 1926 1631 atque
1956 1564 2070 1616 haec

2171 1570 2292 1621 νην,
2321 1552 2739 1621 βδελυττόμενον
2766 1553 2989 1614 κακίαν,
3017 1552 3421 1623 μυσαττόμενον
3452 1549 3750 1620 πονηρίαν·

502 1658 795 1711 secundum
842 1656 1047 1712 editum
1118 1658 1185 1713 de
1236 1673 1301 1711 eo
1353 1672 1380 1709 a
1425 1658 1685 1727 proliheta
1733 1655 2067 1718 vaticinium,

2172 1644 2264 1696 καὶ
2295 1644 2465 1697 ταῦτα
2496 1643 2640 1715 [cod.
2662 1642 2887 1714 ταύτην]
2921 1644 3063 1697 κατὰ
3093 1643 3191 1712 τὴν
3220 1644 3299 1705 εἰς
3329 1642 3491 1694 αὐτὸν
3517 1658 3754 1709 γεγενηο

500 1748 754 1816 quoniam
796 1768 813 1799 ι
845 1747 1164 1817 Priusquam
1214 1758 1504 1816 cognoscat
1562 1749 1675 1815 ipse
1730 1748 1925 1801 bonum
1984 1747 2068 1797 vel

2176 1733 2342 1803 μένην
2387 1734 2689 1804 πρόρρησιν
2740 1732 2845 1785 ὑπὸ
2892 1732 2987 1787 τοῦ
3034 1734 3333 1803 προφήτου.
3368 1732 3452 1783 ὅτι
3489 1750 3508 1782 ι
3539 1731 3679 1799 Πρὶν
3721 1729 3758 1798 ἦ

502 1838 724 1903 malum,
755 1854 860 1891 non
895 1840 1080 1893 credet
1120 1838 1358 1901 malitiae,
1398 1847 1453 1892 ut
1494 1838 1651 1905 eligat.
1678 1838 1819 1905 quod
1867 1837 2068 1890 bonum

2173 1822 2377 1890 γνῶναι
2408 1824 2566 1877 αὑτὸν
2596 1823 2796 1892 ἀγαθὸν
2830 1823 2862 1893 ἦ
2899 1823 3090 1885 κακὸν,
3134 1822 3349 1875 ἀπειθεῖ
3384 1821 3626 1891 πονηρία
3660 1820 3754 1872 τοῦ

502 1939 585 1983 est
604 1931 649 1961 ’⁸
683 1931 782 2000 (l).
816 1949 835 1982 δ
906 1929 1191 1985 Clamabat
1235 1947 1449 1999 quoque
1510 1929 1748 1984 Joannes
1804 1946 1818 1985 :
1869 1949 1886 1980 ι
1935 1930 2071 1983 Ecce

2170 1913 2489 1980 ἐκλέξασθαι
2519 1916 2579 1967 τὸ
2612 1914 2814 1982 ἀγαθόν
2838 1934 2849 1945 ·
2873 1932 2892 1964 ι
2928 1913 3061 1966 ἐϐόα
3074 1913 3129 1965 δὲ
3160 1912 3254 1966 καὶ
3284 1913 3573 1981 ἰωάννης-
3603 1930 3620 1961 ι
3649 1909 3755 1961 Ἴδε

506 2037 675 2089 agnus
720 2021 837 2086 Dei,
884 2022 974 2091 qui
1031 2022 1167 2076 tollit.
1216 2032 1493 2089 peccatum
1543 2022 1818 2075 mundi”.
1848 2041 1865 2071 ι
1910 2021 2071 2074 Pater

2170 2008 2197 2058 6
2223 2007 2390 2077 ἀμνὸς
2413 2006 2507 2059 τοῦ
2528 2006 2689 2071 Θεοῦ,
2708 2007 2736 2057 6
2760 2005 2931 2077 αἴρων
2947 2005 3049 2075 τὴν
3061 2003 3337 2074 ἁμαρτίαν
3359 2001 3451 2054 τοῦ
3475 2002 3707 2069 κόσμου.
3732 2021 3764 2050 ι

505 2111 733 2179 desuper
767 2090 1065 2166 testabatur
1095 2130 1109 2168 :
1147 2132 1165 2163 ι
1201 2111 1299 2165 llic
1326 2121 1408 2165 est
1440 2112 1609 2165 Filius
1634 2127 1782 2165 meus
1814 2112 2070 2175 dilectus,

2171 2098 2359 2167 Πατὴρ
2414 2098 2615 2151 ἄνωθεν
2662 2096 3045 2167 ἐμαρτύρησεν
3069 2113 3082 2124 ·
3120 2113 3139 2146 ι
3180 2090 3345 2155 Οὗτός
3380 2096 3531 2146 ἐστιν
3568 2094 3598 2144 6
3632 2091 3758 2153 Υἱός

505 2203 558 2255 in
599 2218 703 2271 quo
738 2202 869 2256 mihi
913 2203 1214 2273 eomplacui
1242 2202 1309 2257 ³ο.
1344 2223 1362 2253 ι
1401 2202 1583 2258 Gratia
1627 2202 1857 2270 denique
1899 2203 2073 2270 Spir-io

2174 2188 2318 2256 μουό
2348 2187 2650 2255 ἀγαπητὸς,
2678 2190 2733 2239 ὲν
2764 2180 2809 2254 ᾧ
2842 2186 3139 2257 ηὐδόκησα.
3164 2204 3181 2235 ι
3215 2184 3320 2235 Τοῦ
3363 2181 3683 2252 Πνεύματος
3724 2182 3754 2247 ἠ

506 2302 592 2347 tus
624 2294 793 2348 sancti
825 2294 1157 2363 supervenit.
1188 2293 1311 2347 llaec
1344 2303 1399 2347 et.
1438 2293 1701 2361 ejusmodi
1748 2294 1851 2346 alia
1888 2294 2068 2346 diabo-

2179 2278 2331 2349 χάρις
2358 2279 2630 2349 ὲφοίτησε.
2660 2279 2843 2331 Ταῦτα
2876 2280 2967 2331 καὶ
2996 2280 3095 2330 ὅσα
3130 2276 3357 2329 τοιαῦτα
3388 2276 3480 2327 τὸν
3506 2274 3774 2328 διάϐολον

506 2384 613 2435 lum
662 2383 1079 2447 terrefacientia,
1128 2400 1232 2438 non
1281 2384 1532 2439 sinebant
1575 2386 1834 2437 accedere
1864 2385 1928 2436 ad
1976 2398 2071 2437 no-

2171 2369 2617 2438 καταπλήττοντα
2654 2368 2967 2441 προσελθεῖν
2998 2368 3098 2420 οὐκ
3128 2370 3212 2419 εία
3240 2368 3319 2436 τῷ
3348 2370 3446 2436 τῆς
3473 2365 3756 2436 ἡμετέρας

506 2482 632 2526 stne
671 2482 875 2526 natura
921 2474 1200 2527 athletam.
1238 2473 1341 2527 Sed
1384 2482 1665 2541 postquam
1712 2474 1758 2525 is
1794 2472 1951 2525 laniis
1978 2487 2069 2525 ac—

2173 2456 2387 2525 φύσεως
2433 2458 2677 2528 ἀθλητῇ·
2712 2458 2787 2520 ὼς
2825 2456 2879 2509 δὲ
2920 2457 3017 2526 τῆς
3065 2457 3255 2526 πείνης
3298 2456 3399 2526 τὴν
3444 2454 3756 2527 προσϐολὴν

505 2579 717 2615 cessum
748 2562 989 2629 admisit,
1026 2565 1309 2632 ipsumque
1339 2565 1475 2619 vidit
1504 2564 1720 2617 lnnnani
1755 2561 2072 2616 nutrimenti

2173 2548 2486 2615 ὑπεδέξατο,
2519 2550 2614 2601 καὶ
2655 2550 2862 2620 τροφῆς
2891 2548 3055 2602 αὐτὸν
3089 2544 3229 2601 εἶδεν
3261 2547 3611 2618 ἀνθρωπίνης
3642 2548 3758 2599 6:6-

507 2655 767 2722 indignm,
806 2669 978 2723 neque
1017 2658 1153 2708 ultra
1184 2655 1530 2723 antiquorum
1565 2655 1839 2707 hominum
1888 2664 2073 2707 terun-

2176 2657 2355 2709 μενον,
2404 2640 2499 2693 καὶ
2548 2644 2835 2711 καρτερεῖν
2870 2640 3183 2711 περαιτέρω
3221 2640 3331 2691 τῶν
3370 2640 3617 2693 παλαιῶν
3660 2640 3756 2692 ἀν·-

510 2758 633 2797 num
668 2743 866 2798 durare
892 2744 1184 2807 valentem,
1220 2755 1344 2797 tunc
1380 2744 1631 2805 accessit,
1665 2759 1851 2797 ansam
1883 2745 2074 2798 existi-

2172 2731 2312 2801 δρῶν
2335 2731 2396 2784 οὐ
2425 2730 2739 2801 δυνάμενον,
2774 2731 3161 2802 προσέρχεται,
3189 2728 3357 2799 λαϐὴν
3384 2730 3634 2800 οἰόμενος
3666 2730 3760 2782 εὐ-

509 2851 663 2889 mans
713 2850 770 2891 se
820 2836 1031 2903 cepisse
1082 2836 1408 2899 maximam,
1462 2834 1786 2891 facilernoue
1846 2836 2074 2891 credens

2179 2822 2402 2893 ρηκέναι
2435 2823 2722 2893 μεγίστην,
2752 2822 2845 2875 καὶ
2876 2823 3119 2892 νικήσειν
3154 2820 3351 2892 ῥαδίως
3380 2821 3684 2876 πιστεύων.

506 2922 789 2977 victoriam
834 2923 1154 2978 relaturum.

572 3036 809 3105 820m.
858 3034 992 3090 XIV.
1026 3033 1338 3119 Quomodo“
1367 3037 1635 3119 diabolum
1668 3037 2002 3093 debellaverit

2247 3048 2345 3100 Μ’.
2391 3047 2511 3100 Τίνι
2541 3046 2738 3119 τρόπῳ
2769 3046 3219 3119 κατηγωνίσατο
3256 3046 3364 3101 τὸν
3398 3046 3687 3103 διάϐολον

1021 3106 1255 3161 Christus
1294 3105 1569 3161 Dominus.
2569 3105 2587 3113 ⁷

2569 3105 2587 3113 ⁷
2619 3118 2652 3170 ό
2690 3105 2999 3181 Δεσπόὲὴς
3035 3118 3309 3183 Χριστός.

573 3226 650 3279 Ac
684 3224 1129 3294 quemadmodum
1168 3225 1220 3278 in
1275 3225 1479 3294 prmliis
1511 3240 1631 3279 cum
1666 3198 1789 3294 quis
1823 3226 1936 3279 vult
1968 3226 2069 3281 ali-
2099 3189 2146 3253 C

2245 3226 2355 3281 Καὶ
2401 3225 2652 3295 καθάπερ
2686 3226 2743 3278 ὲν
2774 3228 2887 3289 τοῖς
2916 3225 3174 3296 πολέμοις
3198 3226 3290 3280 τὸν
3324 3228 3665 3298 πανταχόθεν
3692 3233 3758 3298 τῇ

504 3334 663 3387 quem
693 3317 1097 3387 cataphractum
1136 3316 1241 3369 telo
1268 3326 1540 3386 appetere,
1567 3325 1736 3370 totum
1763 3317 1935 3372 oculis
1963 3318 2071 3372 eir-

2174 3316 2445 3387 πανοπλίᾳ
2491 3315 2906 3385 κεκαλυμμένον
2954 3316 3348 3381 κατατοξεῦσαι
3397 3335 3486 3380 τις
3530 3317 3758 3379 ἐθέλων,

506 3418 832 3474 cumtuetur,
860 3409 1068 3462 eminus
1091 3408 1405 3473 observans,
1438 3410 1633 3461 nudum
1659 3408 1872 3477 aliquod
1906 3424 2072 3463 mem-

2172 3408 2290 3461 ὅλον
2324 3411 2435 3469 τοῖς
2466 3407 2763 3478 ὀφθαλμοῖς
2789 3407 3160 3478 περισκοπῶν,
3183 3408 3465 3480 πόρρωθεν
3493 3410 3756 3479 ἐρευνῶν,

506 3500 658 3551 brum
692 3498 999 3566 explorans,
1032 3508 1087 3551 ut
1115 3498 1239 3551 illuc
1270 3498 1520 3575 sagittam
1557 3499 1793 3560 dirigens
1821 3498 2072 3552 adversa-

2177 3500 2335 3570 μέλος
2364 3499 2781 3569 γεγυμνωμένον
2809 3500 3102 3569 ἐπιζητῶν,
3141 3500 3226 3552 ἴνα
3258 3498 3317 3553 τὸ
3351 3500 3504 3569 βέλος
3533 3503 3651 3553 ἐκεῖ
3678 3504 3759 3569 ρί-

507 3593 643 3643 rium
674 3590 953 3655 vulneret;
986 3591 1063 3643 sic
1090 3589 1336 3642 diabolus
1369 3590 1511 3642 omni
1560 3588 1766 3655 iustitia
1795 3588 2072 3643 Christum

2172 3592 2278 3661 ψας
2328 3591 2417 3643 τὸν
2459 3589 2751 3644 ἀντίπαλον
2798 3588 2997 3662 πλήξῃ,
3026 3588 3199 3652 οὕτως
3242 3593 3269 3643 6
3307 3590 3555 3653 διάϐολος
3608 3591 3756 3659 πάσῃ

506 3681 694 3734 videns
743 3690 1045 3743 armatum,
1102 3681 1372 3749 situmque
1410 3681 1660 3734 idoneam
1706 3690 1953 3735 scrutans
2006 3688 2072 3735 ad

2174 3680 2485 3754 δικαιοσύνῃ
2534 3681 2624 3734 τὸν
2669 3680 2903 3751 Χριστὸν
2948 3680 3394 3751 καθωπλισμένον
3434 3681 3617 3750 δρῶν,
3669 3684 3760 3733 καί

504 3786 661 3841 quem
703 3771 864 3826 telum
897 3772 1171 3841 dirigeret,
1204 3784 1261 3824 ut
1292 3780 1657 3842 emergentem
1686 3772 1819 3825 vidit
1854 3770 2070 3840 famem,

2174 3772 2339 3825 τόπον
2370 3770 2547 3841 ζητῶν
2580 3770 2858 3841 ἁρμόδιον,
2896 3770 2983 3824 ἵνα
3020 3772 3081 3825 τὸ
3117 3772 3270 3842 βέλος
3318 3772 3435 3824 ἐκεῖ
3472 3774 3757 3845 ἁκοντίη,

505 3864 759 3917 audacter
786 3863 993 3917 accedit
1020 3879 1117 3918 ceu
1155 3880 1211 3918 re
1237 3865 1459 3933 quzesita
1504 3864 1726 3933 potitus,
1750 3864 1871 3932 quia
1905 3865 2071 3931 ipsam

2176 3862 2249 3925 ὡς
2277 3858 2382 3914 εἶδε
2408 3862 2505 3933 τὴν
2530 3863 2719 3916 πείναν
2750 3863 3133 3931 ἀναφανεῖσαν,
3160 3863 3522 3935 προσέρχεται
3556 3863 3761 3934 θαρσα-

507 3956 867 4026 progenitoris
902 3958 1203 4025 passionem
1242 3958 1293 4011 itt
1332 3973 1396 4012 eo
1433 3958 1880 4026 deprehenderat.
1917 3958 2076 4013 Nam—

2176 3954 2315 4016 λέως
2358 3953 2433 4017 ὡς
2485 3953 2659 4025 εὑρὼν
2686 3954 2746 4007 τὸ
2777 3954 3131 4025 ζητούμενον,
3168 3956 3243 4018 ὡς
3282 3956 3377 4011 τοῦ
3415 3955 3760 4025 προπάτορος

505 4061 609 4114 qne
649 4054 705 4100 et
739 4046 885 4100 illum
938 4063 1061 4101 esca
1091 4047 1268 4103 oblata
1315 4046 1458 4102 felici
1490 4047 1596 4101 vita
1640 4048 1981 4117 spoliaverat,
2022 4059 2075 4102 et

2176 4046 2235 4098 ὲν
2282 4044 2430 4115 αὐτῷ
2480 4046 2762 4117 θεωρήσας
2808 4046 2867 4098 τὸ
2909 4045 3099 4109 πάθος.
3140 4046 3249 4100 Καὶ
3284 4046 3392 4116 γάρ
3432 4048 3641 4099 ἐκεῖνον
3678 4047 3761 4099 διὰ

504 4138 707 4201 sudori,
742 4153 1013 4202 aerumnae,
1046 4154 1108 4193 ac
1141 4139 1298 4193 morti
1328 4138 1686 4209 implicuerat.
1724 4139 1863 4210 Ergo
1894 4141 1966 4194 ita
1996 4140 2074 4194 di-

2180 4136 2433 4208 βρὼσεως
2488 4139 2755 4206 στερησας
2798 4136 2899 4205 τῆς
2949 4136 3153 4189 ἀλύπου
3199 4135 3378 4207 ζωῆς,
3427 4136 3615 4206 ἱδρῶτι
3671 4138 3761 4188 καὶ

505 4246 633 4284 cens
660 4231 903 4285 accedit:
940 4248 956 4282 ι
996 4230 1051 4285 Si
1084 4230 1252 4286 Filius
1292 4231 1384 4286 Dei
1418 4246 1497 4296 es,
1528 4230 1615 4285 die
1657 4240 1713 4286 ut
1754 4230 1959 4299 lapides
1988 4231 2073 4286 isti

2177 4228 2521 4298 ταλαιπωρίᾳ
2591 4228 2685 4280 καὶ
2734 4226 2952 4297 θανάτῳ
3014 4225 3333 4290 συνέζευξε·
3396 4226 3760 4296 προσέρχεται

507 4336 670 4389 panes
700 4321 832 4374 fiant
867 4322 931 4374 ³¹.
971 4339 989 4374 ι
1035 4321 1193 4377 Certe
1236 4322 1288 4376 id
1336 4337 1439 4376 non
1494 4321 1734 4387 fecisset,
1774 4323 1873 4376 nisi
1920 4322 2077 4377 famis

2178 4319 2354 4372 τοίνυν
2379 4319 2551 4387 λέγων
2573 4337 2585 4350 ο
2626 4338 2643 4369 ι
2676 4320 2738 4371 Ei
2772 4318 2900 4380 Υίὸς
2933 4312 2985 4369 εἷ
3010 4317 3101 4370 τοῦ
3134 4315 3291 4380 Θεοῦ,
3328 4318 3450 4369 είπὲ
3484 4318 3573 4370 ἵνα
3599 4319 3648 4370 oi
3682 4318 3762 4369 λε-

506 4414 808 4484 passionem
853 4414 1108 4469 Servator
1152 4413 1476 4467 admisisset.
1527 4412 1696 4480 Quam
1742 4430 1855 4467 rem
1898 4428 1964 4468 ex
2010 4415 2075 4469 iis

2180 4411 2261 4464 θοι
2294 4406 2437 4465 οῦτοι
2464 4411 2615 4482 ἄρτοι
2644 4409 2927 4477 γένωνται.
2965 4428 2981 4461 ι
3016 4410 3129 4463 Οὐκ
3154 4409 3217 4462 ἄν
3246 4409 3300 4461 δὲ
3331 4409 3491 4462 τοῦτο
3522 4410 3762 4477 πεποίη-

505 4523 623 4575 qna:
658 4516 841 4575 postea
865 4516 1160 4562 evenerunt
1192 4506 1417 4576 quilibet
1448 4508 1728 4561 manifeste
1761 4516 2071 4576 cognoscet.

2180 4518 2293 4563 κεν,
2323 4503 2370 4553 εἰ
2410 4501 2482 4570 μὴ
2508 4500 2568 4552 τὸ
2590 4499 2759 4562 πάθος
2788 4499 2888 4568 τῆς
2918 4499 3109 4569 πείνης
3136 4500 3163 4551 6
3190 4496 3380 4569 Σωτὴρ
3409 4498 3760 4561 κατεδέξατο·

507 4600 780 4668 Siquidem
806 4600 984 4653 statim
1012 4615 1075 4653 ac
1108 4599 1279 4653 vietus
1311 4600 1361 4653 in
1389 4598 1529 4654 lucta
1564 4599 1683 4662 fuit,
1719 4608 2079 4668 expertusque

2177 4594 2271 4647 καὶ
2317 4592 2475 4644 τοῦτο
2523 4591 2683 4661 μάθοι
2718 4609 2799 4653 τις
2832 4593 2895 4644 ἐκ
2928 4592 3036 4644 τῶν
3072 4592 3209 4661 μετὰ
3238 4590 3408 4644 ταῦτα
3438 4592 3659 4661 σαςρῶς⁸
3691 4592 3766 4654 ὡς

504 4690 689 4745 didicit
748 4690 891 4745 hunc
930 4705 1051 4745 esse
1092 4707 1247 4759 quem
1296 4692 1571 4760 propinata:
1596 4706 1785 4745 omnes
1811 4691 2076 4758 praedixe-

2176 4684 2284 4753 γὰρ
2331 4682 2538 4753 ἡττήθη
2582 4682 2868 4744 παλαίσας,
2908 4681 3003 4734 καὶ
3048 4681 3135 4734 διὰ
3169 4682 3264 4750 τῆς
3302 4682 3499 4750 πείρας
3534 4680 3762 4751 ἔμαθεν,

509 4792 661 4849 rant,
716 4798 782 4838 ne
841 4792 1117 4852 aspectum
1164 4783 1376 4852 quidem
1415 4783 1532 4852 ejus
1581 4783 1884 4837 accedentis
1939 4782 2081 4837 ferre

2176 4775 2258 4827 ὃτι
2278 4774 2436 4838 αὑτός
2460 4775 2606 4825 ἐστιν
2632 4773 2691 4826 ὃν
2714 4774 2763 4825 οἱ
2788 4772 3062 4843 προφῆται
3090 4773 3475 4842 προεκήρυξαν
3497 4773 3768 4836 ἅπαντες,

505 4891 667 4931 ausus
687 4886 792 4940 est,
817 4876 909 4929 sed
951 4875 1095 4929 illico
1118 4875 1345 4944 aufugit,
1389 4891 1531 4929 nunc
1567 4876 1807 4929 clamans
1836 4892 1850 4929 :
1888 4892 1906 4925 ι
1940 4873 2078 4941 Quid

2176 4864 2297 4917 οὐδὲ
2346 4865 2446 4933 τὴν
2480 4864 2607 4917 θέαν
2650 4864 2813 4916 αὑτοῦ
2856 4862 3175 4936 προσιόντος
3210 4862 3401 4932 φέρειν
3432 4863 3765 4931 ἐτόλμησεν,

507 4969 661 5022 nobis
684 4976 737 5023 et
776 4968 892 5032 tibi,
928 4967 1025 5021 Fili
1064 4968 1153 5022 Dei
1178 4968 1315 5022 ?cur
1343 4966 1538 5022 venisti
1579 4977 1703 5021 ante
1735 4976 1943 5035 tempus
1970 4976 2081 5021 tor-

2180 4956 2293 5010 ἀλλ’
2324 4956 2483 5017 εὐθὺς
2525 4956 2938 5025 ἐδραπέτευσεν,
2976 4954 3070 5008 νῦν
3119 4953 3217 5024 μὲν
3259 4952 3417 5023 βοῶν,
3460 4972 3478 5003 ι
3512 4953 3582 5005 Τί
3628 4954 3765 5023 ἡμῖν

506 5074 671 5130 qucre
696 5075 791 5113 nos
810 5059 898 5113 "?
937 5078 954 5111 ι
992 5074 1136 5114 nunc
1171 5069 1347 5114 autem
1394 5077 1409 5114 :
1446 5058 1607 5112 «Novi
1631 5058 1770 5129 quod
1799 5057 1963 5113 Filius
1987 5057 2081 5112 Dei

2183 5051 2275 5105 καὶ
2310 5050 2413 5112 σοὶ,
2440 5049 2535 5101 Υἱὲ
2562 5048 2656 5101 τοῦ
2687 5048 2856 5112 Θεοῦ;
2898 5050 2950 5099 τί
2985 5044 3146 5119 ἦλθες
3176 5046 3282 5116 πρὸ
3309 5044 3503 5116 καιροῦ
3534 5046 3765 5115 βασανί-

508 5153 617 5206 sis:
666 5152 856 5221 adjuro
909 5161 977 5215 te,
1027 5167 1096 5205 ne
1139 5166 1223 5205 me
1266 5160 1521 5220 torqueas
1558 5151 1623 5205 ³³.
1666 5170 1683 5201 ›
1742 5150 1888 5203 Adeo
1934 5149 2081 5202 ἰιιιιιιι

2186 5159 2275 5196 σαι
2308 5142 2489 5211 ἠμᾶς;
2519 5160 2535 5189 ι
2568 5138 2660 5193 νῦν
2687 5140 2766 5203 δὲ,
2803 5134 2965 5191 «Οἷδά
3001 5156 3059 5190 σε
3088 5138 3170 5201 τίς
3204 5132 3274 5198 εἴ,
3296 5138 3323 5189 6
3343 5136 3470 5199 Υἱὸς
3488 5135 3584 5187 τοῦ
3602 5134 3760 5196 Θεοῦ,

510 5244 749 5305 timebat,
788 5243 1133 5312 judicemque
1183 5242 1489 5297 fatebatur!
1527 5241 1679 5296 Tunc
1732 5250 1910 5295 autem
1963 5249 2087 5294 ante

2181 5231 2385 5304 ὁρκίζω
2446 5248 2504 5284 σε
2553 5232 2624 5301 μή
2685 5249 2750 5301 με
2802 5230 3119 5302 βασανίσῃς.
3154 5249 3171 5281 ι
3225 5229 3411 5291 ῡῦτως
3478 5227 3760 5289 ἐδεδοίκει,

507 5334 918 5403 experientiam,
946 5336 1086 5389 haud
1115 5334 1310 5389 talibus
1336 5332 1514 5388 verbis
1537 5334 1808 5397 utebatur,
1838 5331 1931 5385 sed
1958 5345 2086 5385 eou-

2186 5326 2281 5379 καὶ
2311 5323 2503 5395 κριτὴν
2531 5323 2798 5393 ὡμολόγει
2821 5338 2834 5351 '
2862 5322 2981 5374 τότε
3016 5320 3119 5391 πρὸ
3142 5320 3244 5389 τῆς
3271 5320 3469 5389 πείρας
3497 5318 3561 5370 ού
3590 5316 3764 5369 τοιού-

581 5492 625 5523 ¹⁸
656 5495 761 5548 lsa.
786 5507 879 5560 vn,
921 5490 1009 5546 16.
1073 5491 1117 5521 ’⁸
1155 5488 1309 5544 Joan.
1344 5503 1382 5552 ι,
1416 5487 1505 5544 99.
1540 5487 1583 5517 ³ο
1617 5484 1805 5540 Matth.
1841 5499 1923 5549 ιιι,
1952 5483 2036 5537 l7.
2118 5481 2160 5514 ³¹

2159 5508 2160 5511 η
2194 5479 2379 5535 Matth.
2418 5494 2490 5540 Iv.
2523 5480 2576 5535 '5.
2654 5478 2696 5510 ³¹
2735 5476 2921 5529 Matth.
2956 5490 3073 5539 vm,
3101 5473 3190 5528 ‘29.
3268 5474 3312 5505 ³³
3347 5473 3622 5537 Luc.vm,
3659 5472 3754 5527 28.

585 5631 661 5697 (l)
702 5628 775 5682 lta
803 5645 860 5685 se
886 5631 1048 5685 habet
1074 5630 1294 5685 Graecus
1321 5636 1501 5683 textus
1531 5636 1640 5680 tum
1669 5628 1723 5681 in
1756 5626 1941 5681 Bibliis
1970 5636 2079 5679 tum
2190 5623 2269 5677 dit
2306 5619 2571 5697 Irena:us_,'
2596 5619 2685 5697 qui
2712 5626 3037 5697 rtamcupro
3070 5631 3177 5697 non
3213 5612 3623 5697 credet,nssribit
3648 5627 3767 5697 non

516 5682 1431 5770 apudCyrillum{atque'ita‘aptd
1460 5697 1796 5752 Sabalerium
1829 5698 2083 5764 interpre~
2194 5694 2492 5770 consentiet.
2535 5682 2792 5756 Vulgatus
2838 5682 3018 5739 autem
3070 5685 3339 5755 interpres
3384 5682 3596 5749 dill'ert,
3636 5685 3766 5748 quia

521 5783 700 5824 tantur
726 5770 824 5824 SS.
852 5770 1166 5824 Ambrosius
1194 5779 1351 5824 alone
1376 5717 1717 5824 ignigentius;
1745 5782 1915 5824 neque
1942 5767 2083 5819 ablu-
2194 5762 2515 5816 llehralcum
2550 5769 2751 5814 textum
2784 5766 3042 5813 sectatur.

521 5762 700 5826 tantur
723 5762 824 5826 SS.
852 5762 1166 5825 Ambrosius
1194 5762 1351 5839 atque
1376 5762 1717 5837 Fulgentius;
1745 5782 1915 5835 neque
1942 5762 2083 5819 ablu-
2194 5762 2515 5816 llehraieum
2550 5769 2751 5814 textum
2784 5766 3042 5813 sectatur.
