4038 6552
270 386 399 443 ΜΗ

1422 374 1508 427 DE
1550 369 2059 427 ιΝρΑιιινΑἰίυινΕ
2097 366 2354 422 DOMINI.

3389 368 3528 437 ista

267 516 379 561 τοις
398 497 666 566 ὲοκέχρητο
694 495 952 564 ῥήμασιν,
982 492 1118 546 ἀλλὰ
1143 490 1359 563 θαρρῶν
1390 489 1617 561 προσῄει
1644 488 1835 553 λέγων·

1968 484 2173 539 identer
2203 481 2493 538 accedebat
2520 481 2704 537 dicens
2738 497 2753 535 :
2797 499 2815 532 t
2847 481 2940 537 Dic
2973 490 3029 537 ut
3059 482 3262 552 lapides
3296 482 3384 537 isti
3427 500 3521 550 ρει-

275 611 292 641 ι
331 588 464 641 Εἰπὲ
495 587 580 639 ἵνα
606 586 656 638 οἱ
689 585 828 637 λίθοι
855 577 998 636 οὗτοι
1033 584 1186 653 ἄρτοι
1219 581 1503 649 γένωνται.
1538 599 1556 632 ι
1596 579 1707 646 Τῆς
1746 576 1844 647 μὲν

267 679 374 748 γὰρ
409 675 612 731 ἀνωθεν
647 674 908 744 ἐλθούσης
940 674 1123 743 φωνῆς
1153 675 1379 743 ηκουσα,
1410 670 1566 740 φησὶ,
1599 668 1755 722 τοῦτό
1786 683 1843 731 σε

271 769 598 836 καλεσάσης,
634 765 847 819 ἀπιστῶ
878 764 934 817 δὲ
965 763 1069 826 ἕως
1103 764 1169 817 ἂν
1211 763 1359 817 λάϐω
1391 761 1489 831 τὴν
1529 752 1724 828 πεῖραν
1767 757 1847 810 δι-

271 857 559 914 δάσκαλον.
596 856 788 909 Πεῑσόν
831 872 897 924 με
939 855 1029 908 διά
1056 854 1165 908 τῶν
1192 853 1553 925 πραγμάτων.
1590 851 1664 913 ὡς
1697 848 1725 901 ὃ
1750 848 1847 901 κέ·-

271 951 488 1021 κλησαι,
524 947 737 1016 ἀληθῶς
763 946 1152 1018 ύπάρχεις.“Αν
1183 946 1289 1016 γὰρ
1315 945 1475 998 τοῦτο
1504 942 1679 1013 μάθω,
1710 939 1843 1008 φεύ-

271 1042 455 1110 ξομαι,
487 1038 583 1091 καὶ
608 1037 982 1107 δραπετεύσω,
1012 1038 1107 1091 καὶ
1133 1036 1230 1105 τὴν
1263 1034 1399 1106 πρὸς
1429 1034 1489 1086 σὲ
1514 1032 1848 1102 παραιτήσο-

275 1146 372 1200 μαι
403 1127 581 1196 πάλην
603 1142 617 1157 ο
650 1119 766 1178 οἶδα
792 1125 901 1195 γὰρ
922 1126 1046 1177 ὅσον
1076 1122 1210 1194 ἐμοῦ
1237 1126 1332 1177 καὶ
1362 1120 1456 1175 σού
1486 1122 1546 1174 τὸ
1571 1121 1845 1189 διάφορον.

273 1216 453 1279 Δεῖξον
472 1214 654 1267 τοίνυν
677 1213 739 1265 τὸ
760 1212 943 1284 θαῦμα
973 1214 1067 1265 καὶ
1088 1213 1184 1284 τὴν
1211 1210 1677 1282 θαυματουργίαν,
1707 1209 1851 1262 δίδα-

276 1308 363 1374 ξον
409 1306 500 1360 τὸν
534 1304 630 1359 τοῦ
662 1304 939 1375 θαύματος
969 1306 1228 1376 ποιητήψ
1270 1322 1289 1356 ι
1324 1304 1457 1357 Εἰπὲ
1492 1304 1579 1357 ἵνα
1621 1304 1671 1355 οἱ
1715 1302 1852 1354 λίθοι

274 1392 415 1453 οὗτοι
454 1397 609 1467 ἄρτοι
646 1396 931 1465 γένωνται.
965 1416 982 1447 ι

346 1486 563 1540 Τούτων
604 1485 845 1548 ἀκούσας
874 1483 1107 1555 κρύπτει
1148 1484 1245 1553 μὲν
1282 1483 1381 1552 τὴν
1423 1482 1672 1552 θεότητα,
1705 1481 1767 1533 ὲκ
1795 1480 1853 1533 δὲ

274 1581 371 1649 τῆς
402 1578 747 1649 ἀνθρωπείας
787 1577 1091 1644 διαλέγεται
1124 1575 1340 1645 φύσεως
1359 1591 1373 1607 ο
1407 1594 1425 1625 ι
1454 1575 1568 1627 Ούκ
1597 1575 1681 1625 ἐπ’
1706 1574 1855 1643 ἄρτῳ

281 1670 446 1739 μόνῳ,
478 1666 671 1734 λέγων,
704 1665 938 1735 ζήσηται
973 1662 1280 1734 ἄνθρωπος,
1318 1661 1434 1715 ἀλλ’
1464 1664 1521 1714 ὲν
1559 1659 1721 1712 παντὶ
1755 1658 1855 1728 pl;-

281 1776 411 1829 ματι
454 1757 541 1811 διὰ
584 1758 850 1825 στόματος
879 1753 1297 1825 ἐκπορευομένῳ
1324 1751 1482 1806 Θεοῦ.
1521 1771 1539 1803 ι
1573 1750 1845 1820 Δύναμαι,

1947 591 2042 629 nes
2091 576 2240 629 liant.
2273 592 2293 626 ι
2324 572 2458 627 Nam
2500 589 2809 644 supernam,
2860 575 3053 642 inquit,
3088 589 3271 629 vocem
3323 574 3521 637 audivi,

1947 665 2142 720 Filium
2183 675 2235 722 te
2279 666 2644 731 vocitantem;
2680 666 2866 735 ignoro
2896 676 3098 731 autem,
3138 668 3310 720 donec
3357 681 3523 734 expe-

1948 755 2199 810 rientiam
2232 756 2544 824 magistram
2577 766 2768 811 nactus
2802 756 2973 810 fuero.
3019 756 3198 810 Factis
3237 756 3367 809 mihi
3401 770 3525 824 per-

1947 848 2134 912 suade,
2170 849 2261 915 qui
2305 847 2617 917 appellaris,
2651 862 2772 901 eum
2804 857 2854 901 te
2885 863 3005 903 esse
3050 862 3259 901 revera.
3305 845 3436 900 Nam
3482 849 3526 900 si

1949 940 2050 995 hoc
2080 940 2341 1002 didicero,
2375 940 2595 1007 fugiam.
2628 940 2874 1003 evadam,
2904 941 3188 1007 quominus
3215 948 3390 993 tecum
3418 938 3529 992 col.

1951 1030 2126 1084 lucter
2152 1031 2501 1099 deprecabor.
2540 1028 2750 1083 Etenim
2794 1039 3052 1098 quantum
3093 1030 3233 1084 inter
3265 1032 3529 1085 uosduos

1951 1122 2184 1185 intersit,
2223 1122 2355 1176 scio.
2396 1122 2712 1175 DemOustra
2748 1136 2877 1191 ergo
2917 1123 3238 1190 prodigium,
3272 1132 3529 1192 tuamque

1950 1210 2209 1265 miracula
2240 1211 2484 1279 patrandi
2516 1208 2844 1272 eﬂicaciatn;
2882 1210 3015 1264 doce
3049 1224 3133 1262 me
3164 1210 3393 1279 prodigii
3429 1226 3528 1263 au-

1951 1308 2185 1354 ctorem:
2224 1319 2241 1350 ι
2276 1299 2372 1355 Dic
2405 1309 2463 1353 ut
2490 1300 2690 1369 lapides
2716 1300 2803 1354 isti
2838 1316 3004 1369 panes
3037 1300 3185 1354 tiaut.
3221 1318 3242 1352 ο

2026 1472 2169 1542 Ergo
2207 1475 2289 1528 his
2326 1475 2546 1539 auditis,
2574 1474 2712 1529 celat
2751 1476 3006 1530 deitatem
3044 1477 3311 1543 Christus,
3342 1478 3531 1533 huma-

1961 1579 2149 1634 nmque
2170 1574 2373 1619 natura:
2390 1581 2537 1621 more
2562 1566 2796 1635 loquitur
2826 1584 2840 1621 :
2869 1568 3112 1638 821m.
3136 1589 3154 1621 ι
3178 1571 3290 1625 Non
3317 1586 3380 1625 ex
3413 1570 3529 1625 solo

1954 1669 2092 1723 pane
2118 1656 2251 1709 vivit
2293 1658 2472 1723 homo,
2514 1661 2608 1715 sed
2652 1675 2718 1714 ex
2746 1663 2891 1716 onmi
2930 1664 3092 1716 verbo
3114 1664 3256 1731 quod
3286 1663 3530 1730 procedit

1957 1747 2022 1800 de
2049 1760 2143 1801 ore
2170 1745 2264 1802 Dei
2290 1748 2353 1801 ".
2388 1766 2407 1801 ι
2444 1749 2692 1815 Possum,
2738 1751 2931 1820 inquit,
2962 1754 3079 1806 sine
3129 1768 3265 1820 pane
3311 1755 3528 1807 nutriri.

280 1814 463 1920 ipnclv.
492 1850 618 1903 ἀνευ
642 1814 810 1918 ἄρτου
831 1814 1237 1916 τραφῆναι..ού
1268 1814 1430 1914 μόνον
1458 1843 1568 1912 γὰρ
1597 1814 1783 1910 ἄρτοις
1817 1842 1849 1908 ἡ

1968 1838 2143 1906 Neque
2178 1840 2320 1894 enim
2362 1842 2589 1910 panibus
2620 1853 2825 1897 tantum
2865 1845 2970 1898 vita
3011 1846 3284 1899 hominum
3320 1858 3532 1902 susten-

280 1939 387 1991 τών
432 1935 734 2006 ἀνθρώπων
785 1934 1164 2003 συγκορτεῖται
1211 1931 1346 2001 ζωὴ,
1378 1931 1512 1983 ἀλλὰ
1542 1931 1693 2002 ῥῆμα
1721 1929 1854 1982 Θεοῦ

282 2029 439 2097 ἀρκεῖ
487 2028 664 2079 πᾶσαν
717 2024 823 2076 τῶν
876 2022 1179 2093 ἀνθρώπων
1207 2022 1493 2093 διαθρέψαι
1523 2023 1620 2090 τὴν
1654 2021 1814 2088 φύσιν
1840 2036 1853 2051 ο

282 2118 454 2181 οὕτως
484 2117 512 2169 ὁ
558 2114 946 2185 Ἰσραηλιτικὺς
977 2113 1240 2183 διετράφη
1269 2111 1416 2175 λαὸς,
1449 2112 1857 2181 τεσσαράκοντα

283 2213 376 2281 ἔτη
408 2209 675 2277 συλλέγων
698 2208 757 2261 τὸ
782 2208 977 2277 μάννα,
1002 2206 1099 2259 καὶ⁸
1124 2205 1297 2275 θήρας
1318 2204 1606 2259 ἀπολαύων
1631 2204 1858 2274 ὀρνίθων

285 2319 351 2354 πε
363 2300 491 2370 πεόη
502 2299 665 2369 μένης
697 2296 857 2367 βουλῇ
882 2297 1015 2349 Θεοῦ
1042 2313 1054 2326 °
1080 2297 1171 2350 καί
1196 2295 1380 2358 Ἠλίας
1406 2295 1647 2364 κόρακας
1678 2294 1861 2346 ἑστιά-

284 2406 450 2459 τορας
503 2391 664 2457 ἔσχεο
718 2388 812 2439 καὶ
859 2387 1123 2448 Ἐλισαῖος
1172 2385 1384 2454 ἀγρίοις
1432 2384 1685 2453 λαχάνοις
1737 2384 1865 2445 τοὺς

289 2478 563 2542 θιασώτας
607 2476 857 2548 διέθρεψε
879 2494 890 2505 ο
944 2476 1037 2528 καὶ
1067 2476 1119 2527 τί
1158 2491 1225 2545 με
1256 2475 1336 2527 δεῖ
1362 2473 1429 2527 τὰ
1458 2473 1661 2527 παλαιά
1701 2490 1866 2526 κατα-

280 2572 501 2639 ηλέγειν;
564 2568 815 2637 Ἰωάννης
859 2559 1013 2629 οὗτος
1060 2568 1089 2618 ὁ
1133 2564 1363 2635 ἔναγχος
1413 2566 1469 2617 ὲν
1520 2564 1595 2634 τῷ
1631 2564 1868 2636 Ἰορδάνῃ

293 2662 592 2732 βαπτίζων,
624 2658 802 2713 πᾶσάν
827 2675 886 2710 τε
912 2658 1007 2728 τὴν
1038 2657 1252 2727 ἡλικίαν
1282 2658 1338 2708 ἐν
1377 2659 1441 2726 τῇ
1472 2658 1665 2728 ἐρήμῳ
1689 2656 1868 2709 διατε-

293 2755 477 2817 λέσας,
504 2751 689 2823 ἀκρίσι
713 2749 990 2819 τρέφεται,
1012 2750 1106 2801 καὶ
1129 2746 1395 2818 μελιττῶν
1416 2748 1624 2817 ἀγρίων
1648 2747 1864 2819 καρπῷ·

294 2846 447 2899 οὐδὲν
469 2844 648 2898 τοίνυν
682 2842 930 2905 ἀπεικὸς,
956 2842 1051 2894 ml.
1077 2842 1224 2911 ἡμᾶς
1248 2839 1358 2893 ἀπὸ
1378 2838 1512 2892 Θεοῦ
1542 2839 1668 2912 ξένῃ
1693 2840 1873 2893 ἑστια-

280 2937 456 3008 ’θῆναι
494 2937 690 3006 τροφῇ,
728 2938 824 2988 καὶ
860 2933 1025 3002 ἄρτου
1068 2931 1143 3002 μὴ
1180 2932 1458 3002 δεηθῆναι.

367 3028 582 3081 Τούτων
622 3024 857 3088 ἀκούσας
886 3027 914 3076 ὁ
944 3022 1210 3085 διάϐολος,
1239 3023 1446 3095 ἤλγησε
1482 3028 1580 3097 μὲν
1615 3028 1689 3092 ὡς
1715 3032 1876 3101 ἡττη-

1958 1935 2125 1993 tatur,
2176 1930 2268 1983 sed
2306 1929 2399 1983 Dei
2444 1932 2669 1985 verbum
2705 1931 2899 1985 sutlicit
2948 1934 3211 1988 universae
3254 1935 3530 1988 hominum
3632 1930 3635 1933 ’

1960 2020 2162 2076 alenda:
2193 2030 2419 2075 naturai.
2453 2021 2544 2076 Sic
2572 2023 2895 2077 lsraeliticus
2935 2035 3119 2092 pastus
3150 2025 3247 2079 fuit
3286 2026 3533 2095 p0pulus,

1960 2111 2318 2179 quadraginta
2345 2113 2501 2166 annis
2525 2127 2723 2167 manna
2751 2113 3031 2182 colligens,
3061 2125 3115 2168 et
3138 2117 3313 2168 avium
3342 2127 3534 2169 venatu

1962 2204 2147 2258 fruens
2181 2218 2299 2270 quae
2339 2203 2431 2259 Dei
2467 2202 2746 2259 voluntate
2779 2203 3183 2259 irrctiebantur.
3229 2206 3359 2261 Item
3395 2207 3539 2261 Elias

1962 2310 2158 2350 corvos
2188 2295 2388 2350 altores
2417 2295 2633 2359 habuit;
2670 2297 2892 2351 Elisteus
2940 2308 3117 2353 autem
3159 2299 3357 2368 agresti
3391 2299 3539 2352 olere

1963 2385 2178 2441 sodales
2225 2400 2353 2439 suos
2402 2386 2648 2441 nutrivit.
2707 2388 2812 2441 Sed
2865 2403 2963 2442 cur
3015 2400 3192 2443 vetera
3242 2391 3543 2444 enumero?

1937 2472 2220 2539 Joannes,
2262 2477 2352 2545 qui
2386 2491 2559 2546 nuper
2592 2478 2730 2545 apud
2753 2477 3040 2533 Jordanem
3067 2481 3387 2548 baptizabat,
3416 2497 3538 2535 om-

1967 2580 2199 2635 nemque
2226 2574 2438 2620 aetatem
2467 2568 2519 2621 in
2562 2569 2779 2623 deserto
2817 2554 3098 2634 transegit,
3130 2572 3353 2627 locustis
3380 2573 3541 2627 alitur

1969 2666 2022 2712 et
2062 2671 2221 2726 apum
2268 2658 2593 2713 silvestrium
2626 2658 2822 2714 fructu.
2871 2661 3022 2716 llaud
3063 2678 3192 2732 ergo
3231 2663 3540 2718 incredibile

1970 2756 2077 2813 est,
2100 2762 2201 2803 nos
2222 2763 2436 2818 quoque
2481 2749 2696 2805 insolito
2719 2765 2749 2803 a
2782 2751 2891 2807 Deo
2915 2752 3037 2807 cibo
3067 2754 3285 2819 nutriri,
3319 2765 3371 2808 et
3405 2770 3542 2825 pane

1973 2853 2080 2896 non
2107 2840 2364 2909 indigere.
2729 2862 2733 2866 λ

2047 3016 2172 3072 Haec
2200 3018 2426 3073 audiens
2454 3019 2724 3088 diabolus,
2751 3022 2953 3076 victum
2993 3024 3211 3092 quidem
3248 3038 3306 3078 se
3332 3025 3544 3089 doluit;

298 3119 432 3182 θεὶς,
458 3119 558 3202 οὐκ
585 3116 929 3187 ἀπηγόρευσε
960 3114 1016 3168 δὲ
1048 3113 1144 3185 τὴν
1185 3114 1363 3184 νίκην,
1399 3117 1637 3183 ἀκούσας
1672 3121 1748 3184 ώς
1792 3125 1863 3178 ἄν.

1985 3110 2079 3165 sed
2109 3118 2287 3164 tamen
2306 3125 2424 3165 eum
2452 3111 2754 3179 intelligens
2780 3114 3050 3168 hominem
3079 3130 3216 3181 esse,
3241 3117 3306 3171 de
3328 3117 3546 3190 victoria

290 3197 537 3281 »θρωπος
566 3208 685 3278 εἴη’
724 3206 802 3259 διὸ
850 3204 1109 3276 δευτέραν
1158 3206 1306 3277 αὐτῷ
1360 3209 1454 3261 καὶ
1498 3213 1688 3283 τρίτην
1721 3212 1877 3282 αὖθις

303 3303 495 3368 πεῖραν
520 3298 802 3370 προσάγει,
824 3298 902 3368 πὴ
927 3298 1024 3367 μὲν
1045 3296 1237 3365 λέγων,
1264 3318 1282 3349 ί
1302 3299 1365 3354 Εἰ
1389 3300 1513 3365 Υἱὸς
1534 3297 1585 3355 εἴ
1601 3305 1692 3357 τοῦ
1718 3307 1873 3373 Θεοῦ,

304 3391 431 3458 βάλε
481 3389 704 3443 σεαυτὸν
740 3387 946 3443 ἀνωθεν
980 3389 1159 3442 κάτω·
1191 3408 1208 3440 ι
1260 3389 1334 3460 πὴ
1373 3390 1429 3443 δὲ
1468 3393 1565 3457 τὰς
1602 3395 1877 3465 βασιλείας

301 3486 400 3553 τῆς
440 3481 765 3552 οἰκουμένης
810 3481 1148 3545 ὑποδεικνὺς,
1178 3483 1272 3534 καὶ
1321 3483 1523 3548 ταύτας
1568 3488 1878 3545 ἀντιδώσειν

304 3573 749 3644 ὑπισχνούμενος,
777 3574 825 3624 εί
856 3572 1117 3643 πρότερον
1147 3574 1275 3640 παρ’
1306 3575 1471 3629 αὑτοῦ
1503 3578 1601 3648 τὴν
1634 3584 1874 3651 προσκύ-

304 3680 458 3734 νησιν
492 3662 643 3715 λάϐοι
665 3678 678 3691 ο
716 3663 790 3725 ὼς
820 3660 877 3712 δὲ
920 3661 1080 3713 πάλιν
1113 3661 1274 3713 αὑτὸν
1303 3665 1409 3716 τῶν
1441 3666 1684 3721 παλαιῶν
1723 3672 1875 3741 νομί-

309 3774 424 3827 μων
450 3756 739 3824 ἀνέμνησε,
777 3771 795 3803 ι
824 3752 1157 3823 Γέγραπται,
1190 3754 1383 3822 λέγων,
1404 3757 1605 3828 Κύριον
1630 3762 1718 3813 τὸν
1743 3762 1874 3819 Θεόν

308 3867 400 3901 σου
436 3845 851 3917 προσκυνήσεις,
889 3845 980 3898 xui.
1013 3844 1160 3915 αύτῷ
1192 3846 1335 3918 μόνῳ
1366 3847 1703 3917 λατρεύσεις,
1732 3873 1748 3903 ι
1783 3855 1878 3907 καὶ

307 3938 541 4003 ἐδίδαξεν
583 3937 664 3989 ὅτι
705 3935 805 3989 οὐκ
832 3935 1076 4002 ἀνέξεται
1106 3938 1275 4008 ἑτέρῳ
1306 3938 1414 3992 τινὶ
1448 3940 1507 3992 τὸ
1538 3940 1679 3995 θεῖον
1710 3945 1877 4013 γέρας

308 4031 712 4101 προσενεγκεῖν,
751 4028 845 4081 καὶ
890 4028 1089 4099 ἐτέρων
1117 4030 1174 4081 δὲ
1212 4029 1564 4100 ύπομέμνησε
1620 4034 1877 4103 ῥημάτων

306 4119 399 4174 τοῦ
417 4118 550 4172 Θεοῦ
574 4118 669 4171 καὶ
688 4116 1028 4185 διδαγμάτων
1054 4116 1475 4184 διαγορευόντων
1500 4118 1574 4189 μὴ
1605 4122 1879 4191 πειράζειν

307 4212 399 4264 τὸν
445 4210 551 4262 τῶν
604 4207 740 4259 ὅλων
784 4204 936 4268 Θεὸν,
968 4205 995 4256 ὁ
1030 4205 1127 4275 μὲν
1162 4206 1390 4277 ἀπέδρα,
1424 4208 1522 4275 τῆς
1567 4210 1737 4280 ἣττης
1781 4213 1879 4282 τὴν

308 4300 569 4371 αἰσχύνην
595 4298 654 4350 ού
681 4296 880 4366 φέρων,
905 4297 996 4349 καὶ
1020 4297 1251 4362 δειλιῶν,
1281 4300 1372 4352 καὶ
1399 4300 1636 4371 τρέμων,
1666 4303 1758 4355 καὶ
1782 4306 1879 4373 τῆς

311 4390 623 4465 τυραννίδος
670 4387 1105 4457 ὲκόληθήσεσθαι
1148 4391 1484 4458 προσδοκῶν.
1538 4394 1721 4447 Πάντα
1772 4395 1881 4466 γὰρ

1984 3215 2091 3255 non
2114 3202 2439 3269 desperavit.
2468 3202 2759 3274 Propterea
2796 3208 3085 3261 secundam
3124 3208 3195 3261 illi
3228 3209 3551 3277 tertiamque

1984 3295 2234 3348 admovet
2273 3296 2651 3362 teutationem;
2686 3298 2853 3375 modo.
2874 3297 3059 3353 dicens
3088 3317 3101 3352 :
3130 3317 3147 3351 ι
3186 3299 3241 3355 Si
3273 3300 3435 3355 Filius
3458 3302 3549 3355 Dei

1983 3396 2061 3443 es,
2090 3382 2241 3435 mitte
2282 3392 2332 3436 te
2375 3382 2502 3438 hinc
2532 3385 2781 3439 deorsum
2810 3386 2888 3451 ³³;
2926 3406 2944 3439 ι
2977 3388 3135 3443 modo
3178 3404 3336 3458 regna
3369 3393 3552 3445 mundi

1983 3474 2301 3538 ostendens,
2326 3488 2497 3541 eaque
2522 3491 2579 3529 se
2609 3478 2860 3531 daturum
2888 3480 3226 3547 promittens,
3248 3483 3290 3534 si
3317 3496 3375 3536 se
3406 3483 3557 3549 prius

1985 3564 2287 3619 adorasset.
2314 3564 2419 3619 Sed
2448 3566 2535 3620 ubi
2560 3566 2810 3622 Christus
2840 3568 2911 3621 illi
2946 3570 3120 3637 prisca
3147 3573 3284 3625 dicta
3323 3573 3373 3625 iu
3408 3590 3556 3627 meu-

1989 3662 2092 3709 tem
2128 3656 2421 3719 revocavit,
2456 3675 2475 3707 ι
2522 3656 2794 3727 Scriptum
2836 3668 2938 3723 est,
2974 3660 3241 3729 inquiens,
3274 3662 3553 3717 Dominum

1987 3746 2155 3801 Deum
2183 3758 2330 3800 tuum
2364 3747 2635 3811 adorabis,
2669 3756 2723 3800 et
2755 3747 2827 3801 illi
2860 3749 2956 3801 soli
2982 3751 3185 3804 servies
3212 3750 3285 3817 ³⁶;
3315 3770 3334 3801 ι
3370 3753 3557 3804 admo-

1986 3840 2227 3906 uuitque,
2274 3853 2544 3906 nunquam
2592 3853 2651 3893 se
2694 3839 3111 3894 commissurum
3156 3851 3215 3894 ut
3254 3844 3423 3897 cuivis
3467 3847 3555 3898 alii

1986 3929 2223 3984 divinum
2256 3929 2574 3996 obsequium
2601 3927 2855 3995 oﬂ'erret;
2885 3939 3046 3999 atque
3083 3933 3186 3984 alia
3222 3933 3440 4003 insuper
3464 3936 3555 3991 Dei

1985 4020 2142 4075 allata
2171 4036 2247 4085 ac
2291 4032 2555 4090 prmcepta
2602 4024 3066 4088 commemoravit,
3117 4040 3236 4092 quae
3273 4027 3552 4081 universa-

1985 4114 2090 4170 lem
2121 4114 2287 4168 Deum
2330 4123 2538 4169 tentare
2577 4116 2864 4183 vetabant;
2904 4116 2992 4171 ille
3035 4117 3250 4186 quidem
3297 4116 3553 4189 fugiebat,

1989 4206 2335 4274 ignominiam
2377 4204 2549 4259 cladis
2594 4220 2700 4259 non
2742 4205 2937 4271 ferens,
2966 4205 3162 4259 timens
3195 4214 3555 4276 tremensque,

1989 4306 2043 4352 et
2066 4312 2124 4352 se
2154 4297 2434 4367 tyrannide
2462 4297 2740 4367 depulsum
2782 4297 2846 4351 iri
2877 4307 3218 4367 exspectans.
3264 4297 3395 4351 Nam
3435 4312 3556 4353 cum

1990 4387 2093 4443 tela
2128 4388 2305 4442 omnia
2332 4389 2732 4459 insumpsisset,
2768 4399 3100 4457 cunctasque
3151 4389 3357 4444 fraudis
3389 4388 3559 4443 luctas

310 4481 474 4537 αὐτοῦ
499 4479 737 4540 κενώσας
765 4477 832 4531 τὰ
862 4477 1010 4548 βέλη,
1036 4478 1128 4531 καὶ
1151 4479 1327 4544 πάσας
1355 4481 1516 4533 αὐτοῦ
1540 4482 1641 4552 τῆς
1663 4484 1863 4555 ἀπάτη,

1991 4479 2090 4549 ipsi
2129 4479 2474 4545 admovisset,
2500 4480 2947 4551 invulnerabilem
2980 4481 3348 4548 invictumque
3386 4479 3561 4534 athle-

310 4576 409 4637 τὰς
431 4572 603 4635 πάλας
630 4568 1026 4642 προσενεγκὼν,
1055 4568 1296 4640 ἄτρωτον
1321 4567 1446 4641 εὗρε
1493 4574 1585 4626 καὶ
1614 4574 1863 4645 ἀήττητοι

1983 4580 2091 4625 tatu
2117 4584 2236 4625 esse
2272 4571 2542 4640 cognovit.
2584 4571 2794 4626 Etenim
2838 4586 2959 4625 cum
2999 4586 3123 4625 eum
3159 4571 3348 4625 Adami
3391 4572 3562 4626 instar

311 4667 403 4720 τὸν
447 4664 707 4735 ἀθλητήν.
735 4662 845 4715 Καὶ
876 4661 951 4723 ώς
990 4660 1069 4730 τῷ
1104 4660 1273 4731 Ἀδὰμ
1306 4663 1635 4731 προσελθὼν,
1662 4667 1759 4736 οὐχ
1795 4660 1863 4720 εὗ.

1982 4662 2175 4718 luisset
2192 4678 2493 4733 aggressus,
2518 4678 2621 4718 non
2644 4664 2860 4733 qualem
2884 4664 3254 4732 exspectabat,
3279 4663 3558 4733 comperit.

316 4775 407 4831 ρεν
456 4756 513 4809 ὃν
563 4753 992 4827 προσεδόκησεν·
1030 4752 1249 4820 ἄγγελοι
1278 4752 1334 4805 δὲ
1364 4752 1441 4823 τῷ
1485 4758 1675 4826 νικητῇ
1720 4773 1860 4828 προσ

1983 4754 2155 4811 Porro
2200 4754 2374 4825 angeli
2420 4756 2485 4810 ad
2519 4757 2777 4811 victorem
2826 4759 3161 4822 accedentes,
3212 4756 3302 4826 qui
3350 4756 3565 4812 eminus

317 4849 509 4912 ιόντες,
539 4845 587 4899 οἳ
617 4843 897 4915 πόρρωθεν
926 4843 1109 4913 ἑώρων
1131 4844 1227 4914 τήν
1244 4843 1439 4914 πάλην,
1471 4845 1720 4917 καθάπερ
1748 4848 1863 4900 me

1987 4855 2149 4901 antea
2191 4845 2390 4901 luctam
2434 4855 2839 4917 spectaverant,
2890 4863 2987 4903 ceu
3024 4850 3238 4919 quidam
3294 4856 3567 4902 amatores

316 4936 541 5010 ἐρασταὶ
577 4934 877 5003 διηκόνουν,
901 4933 1174 5003 ἐχόρευον,
1209 4933 1487 5005 εὐφήμουν
1513 4936 1603 4989 τὸν
1628 4937 1863 5010 ἀθλητὴν

1985 4938 2096 5008 jam
2129 4938 2532 5006 ministrabant,
2569 4941 2822 4995 choream
2870 4940 3119 5009 agebant,
3158 4939 3414 4993 athletam
3451 4954 3567 4992 tua-

316 5026 665 5098 ὲστεφάνουν,
706 5025 1091 5095 ἀνεκήρυττον,
1131 5023 1348 5096 ἔχαιρον
1380 5026 1472 5079 ἐπὶ
1518 5030 1582 5099 τῇ
1625 5028 1731 5081 τῶν
1758 5032 1863 5099 ὁμο

1988 5027 2337 5096 guiiicabant,
2373 5032 2723 5095 coronabant,
2754 5031 3135 5100 praedicabant,
3174 5029 3415 5100 822m.
3444 5043 3565 5098 gra—

315 5122 515 5175 δούλων
539 5116 842 5189 ἀνθρώπων
880 5116 1183 5188 ἐλευθερίᾳ,
1219 5118 1507 5186 ὲγάννυντο
1536 5112 1630 5173 τοῦ
1660 5121 1863 5175 ἀντιπά

1990 5118 2302 5174 tulabantur
2331 5136 2718 5178 conservorum
2764 5123 3042 5177 hominum
3075 5123 3332 5187 libertati,
3374 5122 3566 5176 adver-

314 5212 411 5265 λου
448 5211 547 5282 τὴν
583 5204 752 5267 ἧτταν
789 5207 1046 5281 ὁρῶντες.

1988 5212 2118 5265 sarii
2147 5211 2351 5265 cladem
2378 5223 2686 5281 spectantes
2711 5216 3035 5283 gaudebant.

318 5303 573 5376 lE'.5"0rt
601 5304 664 5376 ei
698 5300 846 5376 νοῦς
871 5302 982 5376 cipe
999 5299 1540 5376 ‘dréalc‘té’srtpt'zéér
1564 5303 1712 5376 {pec
1738 5302 1863 5371 ἠμᾶ.

1989 5301 2127 5376 ΧΥ,
2150 5303 2273 5356 Nisi
2301 5303 2540 5358 Christus
2571 5318 2789 5360 mentem
2826 5322 3030 5376 quoque
3060 5306 3446 5376 assumpsisse],
3480 5305 3566 5358 nio

389 5369 442 5441 7'1-
476 5374 625 5425 κατὰ
668 5370 772 5441 τοῦ
810 5369 1093 5423 διαϐόλου
1125 5370 1284 5437 νίκη.
1318 5370 1476 5424 Κατὰ
1515 5371 1622 5424 τοῦ
1663 5369 1859 5427 nam

2056 5373 2128 5425 hil
2171 5386 2404 5427 nostrum
2435 5376 2702 5429 interesset
2731 5369 2955 5430 victbrid
2995 5379 3059 5430 de
3099 5369 3334 5430 diabolo.
3369 5374 3569 5428 Contra

386 5440 600 5510 raplov

2066 5443 2442 5511 Apollinarem.

389 5533 573 5587 Ταῦτα
605 5532 704 5602 τήν
742 5529 1110 5600 Ἀπολιναρίου
1152 5529 1363 5601 ἐλέγχει
1397 5532 1803 5601 ματαιολογίαν,
1831 5535 1857 5586 ὃ

2068 5533 2191 5589 H:ec
2224 5537 2445 5592 stultum
2492 5538 2816 5607 Apollinaris
2849 5539 3262 5595 deliramentum
3310 5537 3566 5598 refutant.

392 5647 438 5681 “
464 5646 651 5701 Matth.
687 5662 759 5733 tv:
790 5645 842 5699 4.
930 5646 975 5680 ³⁸
1006 5646 1130 5701 ibid.
1169 5646 1222 5712 ὃ,
1251 5645 1303 5700 6.
1380 5648 1423 5680 ³⁸
1448 5648 1575 5704 ibid.
1604 5648 1655 5714 9,
1686 5649 1768 5702 10.

396 5736 474 5841 (1.)
514 5768 588 5823 De
626 5766 790 5823 variis
828 5766 1154 5836 Apollinaris
1202 5768 1479 5823 erroribus
1534 5770 1749 5825 memini
1808 5786 1891 5825 me
1930 5771 2056 5826 olim
2125 5770 2391 5825 disserere
2422 5766 2617 5835 Script.
2652 5777 2752 5823 ret.
2792 5778 2826 5822 t.
2860 5767 2898 5833 l,
2929 5769 3018 5824 ed.
3075 5769 3232 5837 prim.
3266 5786 3318 5839 p.
3355 5768 3477 5831 l85,
3512 5766 3567 5822 in
