4038 6518
1030 264 1063 295 \

549 366 691 421 “63

1579 362 1635 414 S.
1675 361 1949 417 CYRILLI
1993 360 2459 417 ALEXANDRINI
2500 363 2815 420 ABCHIEP.

3668 372 3807 427 illa

540 484 631 553 qui
677 480 871 535 mentis
904 480 1020 535 loco
1056 480 1221 534 Deum
1270 477 1503 533 Verbum
1536 478 1588 532 in
1639 489 1909 547 assumpta
1952 494 2110 533 carne

2219 481 2338 532 ἀντὶ
2382 482 2474 534 νοῦ
2508 482 2596 535 τὸν
2625 483 2757 536 Θεὸν
2789 483 2961 551 Λογον
3003 485 3280 555 ἐνοικῆσαι
3327 485 3477 555 λέγει
3526 490 3595 558 τῇ
3633 505 3801 558 προσ-

543 574 929 629 inhabitavisse
958 573 1105 627 dicit.
1137 570 1267 625 Nam
1306 572 1353 625 si
1390 572 1527 625 [orte
1566 573 1852 625 humanam
1878 581 2115 625 mentem

542 674 818 732 assumpta
864 673 1053 716 natura
1084 678 1189 716 non
1239 662 1540 725 habuisset,
1589 662 1726 716 Deus
1754 664 1941 731 utique
1972 664 2118 716 solus

540 771 661 808 cum
686 753 901 808 diabolo
932 754 1286 816 decertasset,
1319 754 1461 806 Deus
1494 752 1773 806 victoriam
1806 754 2114 820 retulisset;

545 848 651 899 lico
675 857 850 899 autem
876 844 1099 906 victore,
1129 858 1228 913 ego
1250 843 1379 896 nihil
1410 845 1474 896 de
1500 843 1720 896 victoria
1745 843 2110 912 profecissem,

540 936 671 1004 quia
704 936 769 988 ad
806 951 925 989 eam
957 934 1031 987 nil
1069 934 1441 987 contulissem.
1487 934 1593 988 Sed
1621 944 1676 988 et
1702 935 1848 988 omni
1894 936 1964 989 ob
1994 950 2111 988 eam

538 1025 735 1093 gaudio
776 1039 1041 1088 carerem,
1103 1025 1226 1093 quia
1270 1024 1448 1078 alieno
1491 1033 1698 1077 tantum
1745 1034 1944 1094 tropaeo
1996 1026 2115 1095 glo-

541 1118 736 1170 riarer.
768 1116 1023 1170 Diabolus
1058 1130 1184 1169 vero
1227 1114 1519 1181 laetaretur,
1553 1115 1897 1183 gloriaretur,
1930 1131 2115 1185 super-

543 1212 704 1277 biret,
730 1225 893 1279 seque
917 1211 1164 1278 jactaret,
1206 1224 1304 1263 ceu
1345 1224 1466 1264 cum
1500 1209 1608 1264 Deo
1643 1210 1945 1278 prteliatus,
1988 1220 2044 1265 et
2085 1226 2114 1265 a

545 1302 656 1356 Deo
694 1302 890 1355 victus.
939 1298 1187 1367 Magnum
1232 1299 1359 1368 quid
1404 1299 1547 1352 enim
1599 1301 1697 1368 ipsi
1747 1311 1888 1354 esset
1932 1315 1963 1353 a
2005 1300 2117 1355 Deo

545 1392 708 1447 vinci.
737 1391 869 1444 Nam
894 1391 937 1444 si
964 1389 1103 1444 Deus
1129 1388 1387 1453 Verbum,
1417 1389 1611 1443 mentis
1634 1390 1769 1455 loco,
1790 1390 1841 1443 in
1864 1401 2116 1461 suscepto

542 1497 769 1552 corpore
794 1481 1001 1545 fuisset,
1036 1480 1400 1551 probabilibus
1424 1480 1653 1535 fortasse
1679 1484 2115 1538 excusationibus

543 1587 672 1626 usus
702 1582 845 1625 esset
867 1571 1142 1634 diabolus;
1181 1572 1382 1625 etenim
1411 1572 1549 1625 haud
1580 1572 1811 1627 absurde
1846 1574 2069 1625 dixisset
2097 1589 2111 1626 :

540 1661 677 1729 Ego,
705 1662 925 1717 Domine
954 1672 1008 1716 et
1033 1678 1215 1717 rerum
1243 1664 1479 1717 omnium
1514 1673 1723 1727 auctor,
1754 1664 1895 1717 haud
1925 1674 2112 1718 contra

542 1763 596 1806 te
622 1768 855 1822 pugnam
905 1754 1115 1821 suscepi
1161 1770 1175 1807 :
1225 1754 1343 1807 novi
1393 1753 1535 1807 enim
1587 1754 1900 1823 dignitatem
1945 1766 2112 1819 tuam,

2221 569 2485 642 ληφθείσῃ
2528 573 2709 643 σαρκί.
2759 574 2822 628 Εί
2854 574 2964 645 γάρ
2995 574 3125 628 νοῦν
3156 577 3257 630 οὐκ
3285 572 3431 647 εἶχεν
3462 577 3804 648 ἀνθρώπινον

2220 664 2253 731 ἡ
2284 662 2655 733 ἀναληφθεῖσα
2700 664 2883 733 φύσις,
2910 666 3042 732 Θεὸς
3088 668 3186 736 μὲν
3214 670 3243 720 6
3279 667 3415 738 πρὸς
3441 668 3533 722 τὸν
3560 669 3805 722 διάϐολον

2219 747 2628 818 ἀγωνισάμενος
2657 746 2745 820 ἧν,
2774 750 2906 815 Θεὸς
2926 752 2983 806 δὲ
3005 756 3034 807 6
3060 755 3159 825 τῆν
3185 754 3343 826 νίκην
3369 758 3801 826 ἀναδησάμενος·

2218 838 2353 891 Θεοῦ
2385 840 2441 893 δὲ
2480 844 2846 913 νενικηκότος,
2880 844 2993 913 ἐγὼ
3032 844 3131 915 μὲν
3159 846 3315 898 οὐδὲν
3354 846 3668 916 ἀπωνάμην
3710 849 3805 917 τῆς

2219 931 2394 1001 νίκης,
2422 931 2497 994 ὡς
2521 934 2672 986 οὐδὲν
2700 936 2780 998 είς
2805 937 3011 1006 ταύτην
3031 936 3358 1005 εἰσενεγκὼν
3378 953 3392 967 ο
3422 937 3566 990 ἀλλά
3593 940 3687 991 καὶ
3708 942 3805 1008 τῆς

2217 1022 2465 1074 ἐντεῦθεν
2511 1024 2853 1095 εὐφροσύνης
2879 1027 3263 1097 γεγύμνωμαι,
3288 1026 3367 1084 ὡς
3395 1028 3491 1080 ἐπὶ
3518 1030 3805 1096 τροπαίοις

2216 1113 2458 1183 γαυριῶν
2486 1114 2821 1186 ἀλλοτρίοις·
2870 1119 2897 1169 6
2941 1118 2997 1171 δὲ
3031 1118 3278 1180 διάϐολος
3316 1119 3496 1188 αὐχεῖ,
3533 1120 3631 1171 καὶ
3670 1136 3804 1187 κομι

2216 1202 2403 1266 πάζει,
2440 1204 2532 1257 καὶ
2572 1205 2716 1275 μέγα
2762 1210 2970 1277 φρονεῖ,
3021 1210 3114 1261 καὶ
3161 1209 3507 1278 σεμνύνεται,
3552 1209 3633 1272 ὡς
3688 1209 3803 1277 Θεῷ

2217 1294 2508 1360 παλαίσας,
2540 1297 2635 1349 καὶ
2682 1298 2789 1350 ὑπὸ
2830 1298 2965 1351 Θεοῦ
3008 1299 3297 1370 ἡττηθείς·
3334 1300 3477 1369 μέγα
3511 1300 3627 1372 γάρ
3654 1300 3804 1369 αὐτῷ

2216 1386 2309 1437 καὶ
2335 1386 2395 1438 τὸ
2425 1386 2721 1458 ἡττηθῆναι
2751 1389 2856 1442 ὑπὸ
2885 1388 3021 1442 Θεοῦ
3043 1406 3057 1420 ·
3092 1391 3174 1443 ὅτι
3217 1391 3266 1442 εί
3309 1391 3338 1442 6
3376 1390 3510 1454 Θεὸς
3532 1391 3713 1458 Λόγος
3736 1386 3803 1460 ἦν

2216 1474 2336 1526 ἀντὶ
2359 1474 2451 1528 νοῦ
2475 1478 2533 1528 ὲν
2561 1477 2638 1548 τῷ
2667 1477 2947 1546 ληφθέντι,
2971 1480 3064 1531 καὶ
3088 1482 3117 1533 6
3142 1480 3389 1545 διάϐολος
3410 1480 3803 1548 δικαιολογίαις

2214 1566 2479 1635 χρήσαιτο
2512 1568 2577 1621 ἂν
2625 1569 2886 1637 εὐλόγοις,
2920 1570 3015 1623 καὶ
3045 1572 3188 1623 εἴποι
3226 1572 3293 1625 ἂν
3342 1573 3569 1636 εἰκότως
3590 1590 3605 1603 ο
3636 1573 3799 1640 Ἐγὼν

2214 1656 2458 1709 Δέσποτα
2483 1659 2577 1710 καὶ
2604 1658 2803 1728 ποιητά
2830 1660 2941 1713 τῶν
2969 1661 3125 1726 ὅλων,
3144 1662 3205 1714 οὐ
3230 1663 3365 1732 πρὸς
3394 1664 3454 1716 σὲ
3480 1663 3583 1734 τὴν
3617 1663 3801 1733 μάχην

2214 1745 2575 1818 ἀνεδεξάμην·
2611 1744 2726 1800 οἶδα
2748 1750 2859 1819 γάρ
2900 1766 2993 1802 σου
3023 1750 3121 1820 τὴν
3152 1751 3329 1816 ἀξίαν,
3366 1752 3674 1821 ἐπίσταμαι
3703 1752 3800 1819 τὴν

541 1846 655 1900 scio
687 1846 1003 1913 potentiam,
1033 1860 1228 1913 agosco
1260 1844 1615 1900 dominatum.
1651 1844 1824 1899 Meum
1854 1847 2110 1902 conﬁteor

2218 1814 2466 1901 ἐξουσίαν
2494 1814 2514 1898 ,1
2557 1814 2950 1909 γινώσκωττὴν
2999 1814 3334 1893 δεσποτείαν.
3370 1814 3654 1911 Ὁμολογῶ

422 1938 427 1941 ⁴
539 1934 889 1999 famulitium,
924 1949 1231 2005 quanquam
1272 1944 1517 2003 apostata
1567 1935 1742 1989 factus
1788 1951 1926 1991 sum.
1974 1938 2118 1992 Cedo

540 2037 717 2080 autem
754 2028 817 2080 de
848 2026 1077 2080 victoria
1111 2027 1240 2094 ipsis
1268 2026 1476 2096 angelis
1517 2030 1834 2097 cunctisque
1873 2031 2112 2085 caelesti-

541 2117 643 2169 bus
670 2117 925 2179 coetibus,
956 2131 1183 2185 quorum
1214 2115 1402 2170 infelix
1434 2131 1534 2188 ego
1564 2133 1686 2187 pars
1713 2120 1841 2173 olim
1872 2121 1967 2174 fui.
2008 2121 2113 2177 Sed

540 2206 790 2275 praelium
836 2215 1023 2258 contra
1066 2206 1207 2260 hunc
1250 2208 1486 2276 suscepi,
1536 2224 1695 2276 quem
1729 2212 1794 2263 de
1834 2211 1960 2265 limo
2002 2211 2115 2266 for-

540 2300 745 2346 matum
773 2294 840 2346 ad
877 2294 1161 2363 imaginem
1196 2304 1341 2347 tuam
1379 2296 1691 2361 condidisti,
1748 2300 1973 2354 rationis
2016 2316 2113 2355 usu

538 2384 833 2448 exornasti,
857 2395 911 2437 et
930 2384 1162 2452 paradisi
1186 2385 1360 2439 civem
1397 2388 1744 2450 constituisti,
1771 2399 2033 2458 terrisque
2062 2401 2115 2446 et

539 2473 710 2525 maris
740 2474 1017 2526 dominum
1046 2474 1361 2527 exhibuisti.
1389 2474 1541 2528 Hunc
1560 2491 1660 2544 ego
1684 2480 1748 2529 ad
1778 2479 1913 2532 hanc
1945 2494 2116 2548 usque

538 2565 680 2618 diem
718 2565 938 2618 vincens
965 2574 1019 2619 et
1043 2561 1335 2619 vulnerans
1362 2576 1418 2619 et
1448 2569 1605 2621 morti
1632 2569 1886 2623 addicens
1910 2582 2112 2637 persto.

540 2654 676 2709 Huic
701 2656 755 2709 iu
794 2656 1025 2709 stadium
1064 2658 1321 2719 adducto,
1359 2668 1415 2712 et
1441 2673 1652 2712 mecum
1690 2661 1877 2715 luctari
1904 2674 2112 2729 coacto,

538 2746 697 2799 velim
744 2747 859 2815 ipse
896 2755 1169 2813 spectator
1215 2749 1360 2802 adsis
1402 2758 1457 2802 et
1500 2752 1851 2805 certaminum
1891 2769 2110 2822 praeses.

537 2836 691 2902 Quod
725 2839 771 2892 si
822 2838 1063 2908 magistri
1099 2854 1309 2908 quoque
1352 2841 1430 2894 vis
1465 2842 1609 2910 fungi
1657 2843 1793 2909 vice,
1828 2844 1961 2899 doce
1989 2859 2111 2900 eum

538 2928 752 2991 luctari,
797 2930 1106 2983 demonstra
1142 2930 1216 2984 illi
1264 2931 1775 2997 victoriaaartificia,
1817 2935 2026 2991 instrue
2058 2948 2116 2992 ut

535 3019 773 3091 823m.
803 3021 885 3075 vis
910 3038 927 3088 ;
956 3032 1164 3075 tantum
1201 3037 1268 3075 ne
1293 3022 1405 3091 ipse
1427 3026 1749 3078 certaminis
1783 3028 1961 3081 socius
1993 3025 2109 3082 ﬁas.

2217 1927 2478 1994 δουλείαν,
2505 1930 2555 1982 ει
2591 1930 2686 1982 καὶ
2710 1930 3051 1984 ἀποστασίαν
3076 1930 3246 1984 νοσῶ’
3271 1932 3593 2003 παραχωρῶ
3618 1933 3679 1986 δὲ
3705 1935 3800 1986 καὶ

2216 2020 2467 2088 ἀγγέλοις
2494 2021 2592 2090 τῆς
2620 2020 2797 2089 νίκης,
2832 2021 2925 2074 καὶ
2964 2023 3097 2074 πᾶσι
3128 2025 3239 2085 τοῖς
3265 2024 3541 2093 οὐρανίοις
3578 2023 3798 2094 δήμοις,

2214 2104 2290 2163 ὧν
2323 2127 2451 2163 ποτε
2486 2111 2577 2164 καὶ
2617 2113 2645 2163 6
2682 2111 3030 2182 ταλαίπωρος
3050 2107 3131 2175 εἷς
3160 2113 3402 2183 ὑπῆρχον
3428 2113 3541 2182 ἐγώ
3561 2130 3577 2145 ο
3608 2116 3712 2183 τὴν
3743 2114 3799 2166 δὲ

2220 2202 2400 2271 μάχην
2448 2201 2585 2270 πρὸς
2634 2201 2823 2254 τοῦτον
2864 2202 3218 2273 ἀνεδεξάμην,
3248 2203 3305 2255 δν
3330 2204 3438 2256 ἀπὸ
3469 2204 3647 2275 πηλοῦ
3700 2204 3799 2274 μὲν

2215 2291 2526 2354 διέπλασας,
2550 2292 2864 2345 κατέίκόνα
2891 2292 2948 2345 δὲ
2977 2294 3078 2365 σὴν
3103 2296 3381 2364 ἐποίησας,
3406 2297 3501 2349 καὶ
3526 2297 3799 2366 ἐτίμησας

2214 2382 2291 2451 τῷ
2322 2382 2484 2450 λόγῳ,
2520 2383 2613 2434 καὶ
2660 2382 2988 2450 παραδείσου
3028 2382 3254 2452 πολίτην
3289 2384 3657 2455 κατέστησας,
3706 2388 3799 2438 καὶ

2214 2476 2317 2542 γῆς
2343 2476 2435 2526 καὶ
2469 2474 2737 2544 θαλάττης
2770 2475 3036 2545 δεσπότην
3065 2475 3379 2545 ἀπέφηνας·
3407 2477 3602 2530 τοῦτον
3633 2480 3798 2548 μέχρι

2213 2565 2311 2635 τῆς
2346 2566 2581 2635 σήμερον
2608 2566 2818 2636 ἡμέρας
2848 2566 3034 2628 νικῶν,
3063 2567 3157 2619 καὶ
3195 2567 3424 2637 βάλλων,
3455 2570 3553 2621 καὶ
3585 2569 3669 2638 τῷ
3700 2570 3799 2621 θα-

2214 2656 2359 2725 νάτῳ
2393 2655 2779 2725 παραπέμπων
2823 2656 3087 2709 διατελῶ·
3121 2656 3311 2710 τοῦτον
3352 2660 3433 2721 είς
3476 2659 3537 2711 τὸ
3583 2660 3798 2712 στάδιον

2215 2746 2456 2815 ἀγαγὼν,
2488 2748 2582 2799 καὶ
2616 2747 2866 2801 παλαίειν
2910 2749 3033 2818 ἐμοὶ
3076 2750 3358 2812 κελεύσας,
3388 2749 3548 2817 γενοῦ
3598 2750 3797 2820 θεατὴς

2215 2838 2373 2901 αὐτὸς
2396 2839 2490 2890 καὶ
2511 2838 2618 2891 τῶν
2642 2839 3038 2909 παλαισμάτων
3060 2840 3434 2909 ἀγωνοθέτης·
3464 2841 3510 2892 εί
3531 2840 3589 2893 δὲ
3614 2840 3796 2910 βούλει

2216 2929 2310 2981 καὶ
2337 2928 2405 2980 τά
2441 2927 2790 2996 παιδοτρίϐου
2820 2933 3015 2993 ποιεῖν,
3045 2929 3255 2996 δίδαξον
3283 2930 3558 2995 παλαίειν,
3588 2931 3779 2983 ὑπόδει

2217 3016 2305 3081 εον
2338 3017 2485 3088 αὐτῷ
2529 3018 2628 3081 τὰς
2675 3019 2775 3089 τῆς
2817 3018 2974 3088 νίκης
3007 3018 3197 3084 λαϐὰς,
3226 3019 3443 3088 ἄλειψον
3482 3019 3561 3082 ὡς
3597 3020 3796 3084 θέλεις,

536 3111 652 3166 Non
689 3113 832 3166 enim
865 3128 963 3183 ego
1005 3114 1077 3166 ita
1111 3128 1231 3167 sum
1274 3114 1475 3177 audax,
1505 3125 1559 3169 et
1590 3128 1770 3171 mente
1811 3128 2023 3187 captus,
2056 3128 2110 3174 ut

2219 3111 2377 3183 μόνον
2408 3110 2481 3181 μὴ
2514 3114 2881 3182 συμμαχήσῃς
2909 3112 3210 3166 παλαίοντι.
3242 3114 3314 3165 Οὐ
3348 3114 3457 3183 γὰρ
3488 3111 3638 3165 οὕτω
3673 3113 3800 3183 θρα-

541 3210 717 3255 tecum
740 3202 996 3256 Creatore
1016 3212 1229 3257 certare
1252 3206 1550 3273 aggrediar.
1583 3204 1705 3260 Haec
1726 3208 1846 3274 jure
1874 3210 2110 3265 diabolus

2219 3203 2316 3265 σὺς
2357 3200 2488 3269 ἐγὼ,
2537 3203 2630 3255 καὶ
2675 3202 2769 3255 τοῦ
2816 3206 3031 3273 φρονεῖν
3077 3203 3417 3275 ἐξεστηκὼς,
3459 3205 3536 3268 ὼς
3591 3206 3677 3257 σοὶ
3722 3204 3799 3273 τῷ

540 3292 818 3346 Servatori
844 3293 1063 3348 Christo
1091 3294 1340 3359 dixisset,
1373 3297 1417 3350 si
1447 3308 1596 3351 certe
1621 3298 1760 3352 haud
1790 3301 1951 3355 homo
1981 3304 2113 3357 fuis-

538 3393 641 3447 set,
670 3384 763 3437 sed
798 3383 937 3438 Deus
985 3386 1100 3439 vice
1143 3385 1377 3439 hominis
1409 3387 1638 3444 luctans.
1697 3389 1828 3444 Nam
1877 3393 1920 3445 si
1965 3406 2114 3448 mens

540 3475 772 3528 humana
806 3478 857 3529 in
889 3491 953 3531 eo
982 3493 1084 3530 non
1108 3487 1246 3541 erat,
1277 3478 1419 3533 Deus
1442 3480 1562 3534 loco
1589 3483 1790 3537 mentis
1818 3483 2107 3549 inhaerens,

538 3564 709 3619 oﬂicia
725 3568 915 3621 mentis
932 3569 1224 3637 implesset,
1240 3569 1379 3623 Deus
1398 3570 1471 3639 (id
1484 3579 1569 3623 est
1588 3587 1732 3624 mera
1747 3574 1938 3641 deitas)
1955 3576 2115 3629 simul

539 3670 663 3712 cum
691 3672 915 3727 corpore
938 3660 1218 3728 esurisset,
1261 3661 1401 3718 Deus
1432 3664 1655 3728 sitisset,
1695 3663 1835 3719 Deus
1873 3667 2110 3722 laborem

539 3756 595 3803 et
642 3750 879 3818 reliquas
921 3768 1109 3807 omnes
1155 3770 1440 3823 perpessus
1485 3765 1628 3810 esset
1674 3756 1938 3813 humanas
1986 3774 2110 3828 pas-

536 3842 741 3896 siones.
785 3840 954 3896 Porro
1002 3844 1047 3898 si
1078 3846 1217 3899 Deus
1246 3847 1478 3901 luctatus
1508 3855 1651 3901 esset
1676 3858 1841 3916 atque
1869 3850 2109 3917 vicisset,

537 3947 641 4001 ego
669 3934 885 4001 quidem
935 3934 1155 3988 victoria
1189 3936 1505 4002 caruissem,
1553 3937 1691 3991 Deus
1724 3953 1852 3994 vero
1897 3955 2110 3997 onmem

532 4023 800 4091 justitiam
844 4022 1141 4091 implesset.
1190 4025 1491 4094 Siquidem,
1539 4036 1597 4082 ut
1639 4028 1790 4082 aiunt
1837 4031 2111 4099 Apollina-

541 4114 707 4167 rianm
734 4116 1065 4183 garrulitatis
1100 4116 1452 4186 professores,
1484 4122 1606 4189 quia
1634 4123 1964 4191 impossibile
1994 4134 2111 4179 erat

543 4206 776 4258 humana
809 4207 1091 4273 praeditum
1125 4219 1322 4274 mente,
1349 4207 1573 4275 justitia:
1610 4211 1757 4281 leges
1793 4214 2108 4284 adimplere,

539 4296 679 4351 banc
710 4299 914 4353 idcirco
936 4313 1042 4353 non
1072 4304 1309 4370 suscepit
1338 4302 1570 4358 Verbum
1604 4305 1763 4360 Deus.

2217 3296 2422 3365 Ποιητῇ
2451 3295 2701 3349 παλαίειν
2731 3296 3097 3367 ἐπιχειρῆσαι.
3123 3296 3307 3350 Ταῦτα
3344 3297 3409 3350 ἀν
3444 3292 3601 3349 εἶπεν
3626 3300 3654 3349 6
3684 3297 3799 3349 διά-

2217 3387 2371 3451 ϐολος
2398 3388 2621 3452 δικαίως
2663 3388 2801 3459 πρὸς
2828 3389 2918 3441 τὸν
2951 3391 3181 3461 Σωτῆρα
3210 3391 3467 3462 Χριστὸν,
3504 3391 3668 3461 εἴπερ
3698 3393 3798 3443 οὐκ

2217 3480 2504 3550 ἄνθρωπος
2531 3476 2623 3549 ἦν,
2655 3481 2792 3535 ἀλλά
2817 3481 2971 3545 Θεὸς,
3013 3484 3041 3534 6
3059 3482 3179 3535 ἀντὶ
3200 3482 3491 3554 ἀνθρώπου
3525 3483 3793 3536 παλαίων.

2216 3570 2279 3621 Ei
2307 3570 2415 3639 γάρ
2451 3569 2575 3632 νοῦς
2615 3568 2956 3640 ἀνθρώπινος
2994 3571 3093 3622 οὐκ
3127 3566 3196 3642 ἦν
3226 3572 3283 3623 ὲν
3312 3570 3479 3641 αὐτῷ,
3509 3571 3644 3633 Θεὸς
3674 3572 3796 3623 ἀντὶ

2214 3660 2305 3713 νοῦ
2342 3661 2600 3731 ὑπάρχων
2628 3662 2697 3713 τά
2736 3660 2814 3730 τῷ
2855 3661 2930 3730 νῷ
2972 3663 3191 3731 ἐνήργει
3234 3666 3614 3734 προσήκοντα’
3659 3661 3795 3725 Θεὸς

2218 3752 2314 3821 μὲν
2346 3747 2413 3822 ἦν
2443 3756 2470 3804 ὁ
2498 3751 2576 3822 τῷ
2601 3750 2809 3822 σώματι
2835 3769 2898 3803 συ
2907 3755 3229 3822 μπεινάσας,
3255 3754 3385 3817 Θεὸς
3405 3754 3463 3806 δὲ
3484 3756 3512 3806 6
3535 3754 3792 3823 διψήσας,

2215 3844 2308 3896 καὶ
2333 3844 2623 3906 κοπιάσας,
2648 3844 2742 3895 καὶ
2769 3843 2903 3896 ἄλλα
2934 3844 3111 3897 πάντα
3139 3847 3208 3899 τά
3230 3845 3545 3914 ἀνθρώπινα
3566 3846 3793 3915 ὑπομεί-

2210 3953 2307 3999 νας
2340 3934 2658 4004 παθήματα.
2689 3937 2751 3989 Εί
2780 3936 2835 3990 δὲ
2867 3936 2999 3997 Θεὸς
3030 3938 3057 3988 ὀ
3087 3936 3378 3999 παλαίσας,
3404 3937 3501 3987 καὶ
3534 3936 3788 4005 νικήσας,

2212 4025 2366 4094 κάγὼ
2384 4025 2477 4078 τοῦ
2502 4026 2679 4088 νίκους
2701 4028 2896 4095 ὲστέρη
2904 4044 3021 4095 μαι,
3042 4028 3174 4090 Θεὸς
3191 4027 3245 4079 δὲ
3267 4028 3296 4077 6
3315 4027 3414 4097 τὴν
3441 4026 3791 4094 δικαιοσύνην

2211 4117 2427 4169 ἃπασαν
2461 4116 2830 4185 κατορθώσας.
2868 4118 3061 4187 Εἴπερ,
3101 4116 3175 4181 ὦς
3210 4134 3370 4187 φασιν
3412 4119 3463 4169 οἱ
3494 4121 3595 4187 τῆς
3628 4118 3791 4168 Ἀποο

2211 4206 2448 4277 λιναρίου
2493 4205 2777 4276 τερθρείας
2820 4207 3170 4277 ὀμολογηταὶ,
3204 4207 3392 4277 ἐπειδὴ
3427 4207 3694 4259 ἀδύνατον
3725 4202 3791 4277 ἦν

2212 4299 2306 4352 καὶ
2354 4299 2412 4350 ὲν
2455 4295 2782 4366 ἀνθρωπίνῳ
2814 4296 2937 4367 [νοτ]
2974 4296 3262 4367 πληρῶσαι
3303 4296 3405 4365 τῆς
3442 4296 3792 4365 δικαιοσύνης

2222 4390 2336 4450 .οὺς
2374 4386 2590 4456 νόμους,
2630 4387 2732 4438 οὐκ
2768 4386 3062 4440 άνελάϐετο
3098 4387 3288 4441 τοῦτον
3324 4389 3351 4440 6
3389 4387 3522 4449 Θεὸς
3560 4390 3756 4455 Λόγος.

540 4494 673 4550 XVI.
716 4495 869 4561 Quod
898 4497 1244 4575 defensionem
1276 4500 1497 4575 habeant
1532 4512 1846 4575 peccatores,
1881 4520 1926 4558 st
1957 4521 2103 4559 men-

2216 4505 2330 4570 κζ’,
2346 4501 2555 4575 ’Ὧτιᾼοὶ
2579 4499 3029 4575 ᾀμαρτάνογτεςν
3051 4500 3386 4575 ἀπολογίαν
3409 4500 3696 4575 ἕχογσιν,
3741 4502 3794 4575 ει

602 4577 726 4629 tem,
783 4577 958 4637 utpote
1016 4569 1306 4636 inﬁrmam,
1368 4569 1538 4625 Deus
1579 4570 1798 4626 Verbum
1854 4590 1956 4628 non
1992 4592 2115 4631 aus-

602 4640 756 4705 cepit.

608 4749 721 4803 lloc
774 4750 899 4803 dum
950 4752 1119 4816 aiunt,
1171 4752 1344 4819 primo
1390 4754 1607 4821 quidem
1660 4756 1804 4810 haud
1843 4758 2109 4815 modicam

538 4840 907 4909 impotentiam
942 4842 1039 4911 ipsi
1066 4841 1176 4896 Deo
1209 4842 1489 4913 alliugunt,
1524 4845 1810 4914 siquidem,
1845 4859 1901 4902 ut
1937 4851 2109 4915 aiunt,

539 4930 655 4985 fieri
690 4948 794 4987 non
827 4940 1035 5001 poterat
1063 4944 1118 4987 ut
1140 4935 1183 4988 si
1223 4935 1457 4988 humana
1482 4951 1636 4991 mens
1666 4940 1711 4991 ei
1742 4938 1962 5006 inesset,
2005 4944 2105 4996 ho-

539 5024 736 5078 minem
766 5026 1112 5094 justifiraret.
1152 5026 1352 5079 Deinde
1384 5027 1759 5095 peccatoribus
1788 5032 2021 5093 cunctis,
2054 5040 2111 5085 et

537 5116 842 5169 divinarum
872 5118 1042 5187 legum
1070 5119 1438 5184 violatoribus,
1470 5119 1802 5174 defensionis
1834 5119 1977 5175 fores
2009 5136 2105 5188 pa-

538 5206 816 5260 tefaciunt.
863 5207 993 5263 Jure
1022 5213 1162 5264 enim
1199 5228 1378 5265 rermu
1406 5212 1645 5267 omnium
1679 5212 1790 5266 Deo
1818 5214 2061 5267 dicerent
2089 5230 2103 5265 :

534 5296 679 5351 Nihil
722 5302 873 5353 venia
906 5303 1210 5370 indignum,
1237 5303 1481 5369 Domine,
1528 5308 1888 5371 peccavimus,
1934 5320 2106 5376 neque

535 5405 694 5459 pinna
724 5393 976 5461 dignum;
1009 5396 1437 5463 quandoquidem
1465 5396 1691 5451 infirma:
1723 5400 1917 5453 mentis
1941 5401 2105 5453 duca-

537 5490 648 5532 tum
674 5483 848 5536 sortiti
881 5498 1084 5549 sumus,
1118 5501 1235 5555 qua:
1266 5488 1410 5557 leges
1436 5495 1555 5543 tuas
1576 5490 1868 5545 observare
1896 5493 2102 5562 nequit.

537 5658 688 5737 adn.”
711 5672 815 5737 quo
838 5666 1073 5737 tempore
1098 5664 1347 5737 notrtnulla
1371 5666 1486 5734 ejus
1511 5683 1560 5719 m
1583 5667 1780 5722 Lucam
1804 5667 2101 5737 fragmenta

535 5742 599 5779 ex
619 5723 877 5781 Vaticano
905 5723 1083 5785 codice
1110 5734 1246 5787 edidi
1276 5754 1289 5789 :
1318 5723 1621 5805 quanquam
1653 5741 1818 5792 multo
1847 5723 2100 5794 lautiores

2279 4574 2359 4640 ὡς
2383 4571 2608 4634 ἀσθενῆ
2644 4571 2753 4623 τὸν
2793 4571 2944 4626 νοῦν
2974 4574 3084 4625 οὐκ
3114 4572 3407 4624 ἀνέλαϐεν
3430 4574 3464 4624 ό
3500 4572 3647 4633 Θεὸς
3680 4572 3792 4623 Ad-

2279 4660 2404 4712 τος-

2279 4758 2449 4812 Τοῦτο
2490 4760 2546 4813 δὲ
2586 4759 2855 4827 λέγοντες,
2886 4756 3101 4828 πρῶτον
3145 4756 3244 4827 μὲν
3272 4754 3579 4825 ἀδυναμίαν
3622 4770 3795 4822 προσο

2211 4849 2469 4903 ἀπτουσιν
2509 4851 2569 4903 οὐ
2612 4852 2713 4922 τὴν
2743 4848 3013 4919 τυχοῦσαν
3043 4847 3191 4917 αὐτῷ
3214 4846 3291 4916 τῷ
3325 4846 3465 4916 Θεῷ,
3498 4846 3684 4915 είπερ,
3721 4845 3792 4907 ὡς

2210 4960 2391 5012 φασιν,
2427 4944 2527 5013 οὐχ
2566 4937 2678 4996 οἶόν
2707 4960 2765 4994 τε
2797 4939 2864 5012 ῆν
2898 4941 2989 4995 τοῦ
3023 4940 3116 4993 νοῦ
3147 4939 3243 4992 τοῦ
3277 4939 3625 5008 ἀνθρωπίνου
3664 4955 3795 4990 συν-

2209 5034 2359 5097 όντος
2394 5034 2676 5087 δικαιῶσαι
2705 5034 2796 5086 τὸν
2824 5033 3369 5103 ἄνθρωπον.Ἔπειτα
3412 5031 3469 5083 δὲ
3514 5032 3609 5083 καὶ
3659 5032 3794 5083 πᾶσι

2211 5127 2325 5188 τοῖς
2337 5126 2732 5196 ἁμαρτάνουσι,
2750 5125 2981 5188 καὶτοὺς
3002 5123 3179 5186 θείους
3198 5123 3393 5193 νόμους
3409 5122 3794 5193 παραϐαίνου-

2214 5234 2318 5281 σιν,
2343 5218 2633 5285 ἀπολογίας
2656 5218 3007 5285 ὐπανοίγουσι
3036 5216 3225 5286 θύραν.
3258 5216 3477 5268 Εῐποιεν
3505 5216 3617 5285 γάρ
3646 5215 3795 5267 εὶκό·

2210 5322 2317 5369 τως
2361 5308 2498 5377 πρὸς
2540 5310 2631 5360 τὸν
2677 5309 2787 5360 τῶν
2816 5308 2952 5360 ὅλων
2983 5306 3115 5358 Θεόν
3138 5323 3151 5337 ·
3181 5307 3293 5360 Οὐκ
3322 5306 3671 5373 ἀσύγνωστα,
3692 5306 3792 5358 Δέ-

2214 5413 2406 5461 σποτα,
2441 5400 3008 5470 πεπλημμελήκαμεν,
3046 5398 3167 5451 οὐδὲ
3199 5398 3469 5468 τιμωρίας
3492 5398 3638 5464 ἄξια,
3666 5398 3796 5451 νοῦν

2212 5489 2450 5561 ἡγεμόνα
2501 5490 2755 5555 λαϐόντες
2798 5492 3020 5561 ἀσθενῆ,
3054 5492 3151 5544 καὶ
3179 5490 3466 5560 φυλάττειν
3497 5493 3623 5554 τοὺς
3666 5494 3799 5554 σοὺς

2213 5670 2538 5741 Apollinaer
2576 5670 2744 5738 copia:
2793 5685 2857 5723 cx
2903 5671 3024 5725 aliis
3062 5670 3238 5726 adhuc
3280 5669 3556 5726 codicibus
3594 5675 3796 5741 produ-

2208 5738 2546 5797 cendae'mihl
2570 5754 2884 5810 supersunt.
