  <div class='ocr_page' id='page_1' title='image "/cluster/home/n/w/nwhite01/storage/ocr_20150623/75/hvd.32044019207935/760.png"; bbox 0 0 4038 6534; ppageno 0'>
   <div class='ocr_carea' id='block_1_1' title="bbox 262 356 395 416">
    <p class='ocr_par' dir='ltr' id='par_1_1' title="bbox 262 356 395 416">
     <span class='ocr_line' id='line_1_1' title="bbox 262 356 395 416; baseline 0.015 -2"><span class='ocrx_word' id='word_1_1' title='bbox 262 360 270 367; x_wconf 79' lang='grc'><em>’</em></span> <span class='ocrx_word' id='word_1_2' title='bbox 292 356 395 416; x_wconf 63' lang='grc'><strong>143</strong></span> 
     </span>
    </p>
   </div>
   <div class='ocr_carea' id='block_1_2' title="bbox 1421 351 2369 413">
    <p class='ocr_par' dir='ltr' id='par_1_2' title="bbox 1421 351 2369 413">
     <span class='ocr_line' id='line_1_2' title="bbox 1421 351 2369 413; baseline -0.002 -4"><span class='ocrx_word' id='word_1_3' title='bbox 1421 356 1508 410; x_wconf 88' lang='lat' dir='ltr'><strong>DE</strong></span> <span class='ocrx_word' id='word_1_4' title='bbox 1548 351 2066 413; x_wconf 69' lang='lat' dir='ltr'><strong>INCARNATIONE</strong></span> <span class='ocrx_word' id='word_1_5' title='bbox 2106 351 2369 407; x_wconf 74' lang='lat' dir='ltr'><strong>DOMINI.</strong></span> 
     </span>
    </p>
   </div>
   <div class='ocr_carea' id='block_1_3' title="bbox 3377 356 3511 415">
    <p class='ocr_par' dir='ltr' id='par_1_3' title="bbox 3377 356 3511 415">
     <span class='ocr_line' id='line_1_3' title="bbox 3377 356 3511 415; baseline 0.015 -4"><span class='ocrx_word' id='word_1_6' title='bbox 3377 358 3395 411; x_wconf 82' lang='grc'><strong>1</strong></span> <span class='ocrx_word' id='word_1_7' title='bbox 3408 356 3511 415; x_wconf 68' lang='grc' dir='ltr'><strong>μϐ</strong></span> 
     </span>
    </p>
   </div>
   <div class='ocr_carea' id='block_1_4' title="bbox 255 452 1839 551">
    <p class='ocr_par' dir='ltr' id='par_1_4' title="bbox 255 477 1833 551">
     <span class='ocr_line' id='line_1_4' title="bbox 255 477 1833 551; baseline -0.003 -19"><span class='ocrx_word' id='word_1_8' title='bbox 255 481 311 532; x_wconf 68' lang='grc' dir='ltr'><strong>ού</strong></span> <span class='ocrx_word' id='word_1_9' title='bbox 357 480 654 551; x_wconf 83' lang='grc' dir='ltr'><strong>δυνάμενον</strong></span> <span class='ocrx_word' id='word_1_10' title='bbox 694 480 910 549; x_wconf 87' lang='grc' dir='ltr'>νόμους.</span> <span class='ocrx_word' id='word_1_11' title='bbox 940 479 1050 533; x_wconf 77' lang='grc' dir='ltr'><strong>Καὶ</strong></span> <span class='ocrx_word' id='word_1_12' title='bbox 1092 477 1431 551; x_wconf 77' lang='grc' dir='ltr'><strong>μαρτυροῦσι</strong></span> <span class='ocrx_word' id='word_1_13' title='bbox 1476 477 1833 550; x_wconf 76' lang='grc' dir='ltr'><strong>πατριάρχαι,</strong></span> 
     </span>
    </p>
   </div>
   <div class='ocr_carea' id='block_1_5' title="bbox 1941 452 3514 551">
    <p class='ocr_par' dir='ltr' id='par_1_5' title="bbox 1941 452 3514 545">
     <span class='ocr_line' id='line_1_5' title="bbox 1941 452 3514 545; baseline 0.002 -17"><span class='ocrx_word' id='word_1_14' title='bbox 1941 475 2131 529; x_wconf 87' lang='lat' dir='ltr'><strong>Testes</strong></span> <span class='ocrx_word' id='word_1_15' title='bbox 2180 485 2307 529; x_wconf 82' lang='lat' dir='ltr'><strong>Sunt</strong></span> <span class='ocrx_word' id='word_1_16' title='bbox 2368 474 2684 541; x_wconf 61' lang='lat' dir='ltr'><strong>patriarcha:</strong></span> <span class='ocrx_word' id='word_1_17' title='bbox 2738 484 2901 545; x_wconf 91' lang='lat' dir='ltr'><strong>atque</strong></span> <span class='ocrx_word' id='word_1_18' title='bbox 2952 474 3247 545; x_wconf 62' lang='lat' dir='ltr'><strong>propheta,</strong></span> <span class='ocrx_word' id='word_1_19' title='bbox 3296 484 3350 529; x_wconf 91' lang='lat' dir='ltr'><strong>et</strong></span> <span class='ocrx_word' id='word_1_20' title='bbox 3404 452 3514 531; x_wconf 80' lang='lat' dir='ltr'><strong>Deo</strong></span> 
     </span>
    </p>
   </div>
   <div class='ocr_carea' id='block_1_6' title="bbox 255 568 1838 643">
    <p class='ocr_par' dir='ltr' id='par_1_6' title="bbox 255 568 1838 643">
     <span class='ocr_line' id='line_1_6' title="bbox 255 568 1838 643; baseline -0.001 -20"><span class='ocrx_word' id='word_1_21' title='bbox 255 572 347 625; x_wconf 75' lang='grc' dir='ltr'><strong>καὶ</strong></span> <span class='ocrx_word' id='word_1_22' title='bbox 374 571 669 641; x_wconf 79' lang='grc' dir='ltr'><strong>προφῆται,</strong></span> <span class='ocrx_word' id='word_1_23' title='bbox 700 571 791 625; x_wconf 82' lang='grc' dir='ltr'>καὶ</span> <span class='ocrx_word' id='word_1_24' title='bbox 834 572 941 625; x_wconf 79' lang='grc' dir='ltr'><strong>τῶν</strong></span> <span class='ocrx_word' id='word_1_25' title='bbox 988 571 1253 639; x_wconf 83' lang='grc' dir='ltr'><strong>θεοφιλῶν</strong></span> <span class='ocrx_word' id='word_1_26' title='bbox 1283 569 1585 643; x_wconf 85' lang='grc' dir='ltr'>ἀνθρώπων</span> <span class='ocrx_word' id='word_1_27' title='bbox 1634 568 1704 622; x_wconf 80' lang='grc' dir='ltr'>τὰ</span> <span class='ocrx_word' id='word_1_28' title='bbox 1741 570 1838 622; x_wconf 84' lang='grc' dir='ltr'>τά·</span> 
     </span>
    </p>
   </div>
   <div class='ocr_carea' id='block_1_7' title="bbox 254 660 1836 735">
    <p class='ocr_par' dir='ltr' id='par_1_7' title="bbox 254 660 1836 735">
     <span class='ocr_line' id='line_1_7' title="bbox 254 660 1836 735; baseline -0.003 -19"><span class='ocrx_word' id='word_1_29' title='bbox 254 679 457 731; x_wconf 86' lang='grc' dir='ltr'>γματα,</span> <span class='ocrx_word' id='word_1_30' title='bbox 482 662 591 715; x_wconf 90' lang='grc' dir='ltr'><strong>τῶν</strong></span> <span class='ocrx_word' id='word_1_31' title='bbox 619 680 677 716; x_wconf 85' lang='grc' dir='ltr'><strong>τε</strong></span> <span class='ocrx_word' id='word_1_32' title='bbox 718 663 825 735; x_wconf 83' lang='grc' dir='ltr'><strong>πρὸ</strong></span> <span class='ocrx_word' id='word_1_33' title='bbox 850 662 945 715; x_wconf 91' lang='grc' dir='ltr'><strong>τοῦ</strong></span> <span class='ocrx_word' id='word_1_34' title='bbox 986 663 1172 733; x_wconf 88' lang='grc' dir='ltr'>νόμου,</span> <span class='ocrx_word' id='word_1_35' title='bbox 1206 662 1298 716; x_wconf 76' lang='grc' dir='ltr'><strong>καὶ</strong></span> <span class='ocrx_word' id='word_1_36' title='bbox 1324 663 1432 717; x_wconf 87' lang='grc' dir='ltr'><strong>τῶν</strong></span> <span class='ocrx_word' id='word_1_37' title='bbox 1466 661 1607 734; x_wconf 88' lang='grc' dir='ltr'><strong>μετά</strong></span> <span class='ocrx_word' id='word_1_38' title='bbox 1635 661 1725 715; x_wconf 90' lang='grc' dir='ltr'><strong>τὸν</strong></span> <span class='ocrx_word' id='word_1_39' title='bbox 1752 660 1836 712; x_wconf 82' lang='grc' dir='ltr'>νό-</span> 
     </span>
    </p>
   </div>
   <div class='ocr_carea' id='block_1_8' title="bbox 257 751 1836 824">
    <p class='ocr_par' dir='ltr' id='par_1_8' title="bbox 257 751 1836 824">
     <span class='ocr_line' id='line_1_8' title="bbox 257 751 1836 824; baseline -0.002 -17"><span class='ocrx_word' id='word_1_40' title='bbox 257 770 377 823; x_wconf 87' lang='grc' dir='ltr'>μον,</span> <span class='ocrx_word' id='word_1_41' title='bbox 408 755 455 805; x_wconf 90' lang='grc' dir='ltr'><strong>οἰ</strong></span> <span class='ocrx_word' id='word_1_42' title='bbox 488 755 547 805; x_wconf 83' lang='grc' dir='ltr'><strong>ἐν</strong></span> <span class='ocrx_word' id='word_1_43' title='bbox 578 751 800 824; x_wconf 80' lang='grc' dir='ltr'>ἀζυγίᾳ,</span> <span class='ocrx_word' id='word_1_44' title='bbox 844 754 893 805; x_wconf 90' lang='grc' dir='ltr'><strong>οἰ</strong></span> <span class='ocrx_word' id='word_1_45' title='bbox 936 754 995 806; x_wconf 78' lang='grc' dir='ltr'><strong>ἐν</strong></span> <span class='ocrx_word' id='word_1_46' title='bbox 1028 754 1197 824; x_wconf 80' lang='grc' dir='ltr'>ζυγῷ,</span> <span class='ocrx_word' id='word_1_47' title='bbox 1231 756 1281 806; x_wconf 88' lang='grc' dir='ltr'><strong>οἰ</strong></span> <span class='ocrx_word' id='word_1_48' title='bbox 1324 756 1384 806; x_wconf 92' lang='grc' dir='ltr'><strong>ἐν</strong></span> <span class='ocrx_word' id='word_1_49' title='bbox 1427 753 1664 822; x_wconf 86' lang='grc' dir='ltr'>πλούτῳ,</span> <span class='ocrx_word' id='word_1_50' title='bbox 1696 754 1746 805; x_wconf 89' lang='grc' dir='ltr'>οἱ</span> <span class='ocrx_word' id='word_1_51' title='bbox 1779 754 1836 805; x_wconf 86' lang='grc' dir='ltr'><strong>ἐν</strong></span> 
     </span>
    </p>
   </div>
   <div class='ocr_carea' id='block_1_9' title="bbox 254 842 1835 916">
    <p class='ocr_par' dir='ltr' id='par_1_9' title="bbox 254 842 1835 916">
     <span class='ocr_line' id='line_1_9' title="bbox 254 842 1835 916; baseline -0.002 -19"><span class='ocrx_word' id='word_1_52' title='bbox 254 844 493 914; x_wconf 82' lang='grc' dir='ltr'>άκτησίᾳ</span> <span class='ocrx_word' id='word_1_53' title='bbox 530 843 843 916; x_wconf 71' lang='grc' dir='ltr'><strong>πληρῶσαί⁴</strong></span> <span class='ocrx_word' id='word_1_54' title='bbox 868 861 961 897; x_wconf 89' lang='grc' dir='ltr'><strong>σου</strong></span> <span class='ocrx_word' id='word_1_55' title='bbox 996 843 1095 907; x_wconf 79' lang='grc' dir='ltr'>τὰς</span> <span class='ocrx_word' id='word_1_56' title='bbox 1130 844 1350 907; x_wconf 83' lang='grc' dir='ltr'>ἐντολάς</span> <span class='ocrx_word' id='word_1_57' title='bbox 1397 845 1471 915; x_wconf 85' lang='grc' dir='ltr'>μὴ</span> <span class='ocrx_word' id='word_1_58' title='bbox 1516 842 1835 914; x_wconf 82' lang='grc' dir='ltr'><strong>δυνηθέντες</strong></span> 
     </span>
    </p>
   </div>
   <div class='ocr_carea' id='block_1_10' title="bbox 252 935 1835 1006">
    <p class='ocr_par' dir='ltr' id='par_1_10' title="bbox 252 935 1835 1006">
     <span class='ocr_line' id='line_1_10' title="bbox 252 935 1835 1006; baseline -0.001 -18"><span class='ocrx_word' id='word_1_59' title='bbox 252 936 340 989; x_wconf 85' lang='grc' dir='ltr'>διὰ</span> <span class='ocrx_word' id='word_1_60' title='bbox 382 936 603 989; x_wconf 72' lang='grc' dir='ltr'>τοῦτονο</span> <span class='ocrx_word' id='word_1_61' title='bbox 654 936 749 988; x_wconf 80' lang='grc' dir='ltr'>καὶ</span> <span class='ocrx_word' id='word_1_62' title='bbox 800 935 973 990; x_wconf 86' lang='grc' dir='ltr'>ταῦτα</span> <span class='ocrx_word' id='word_1_63' title='bbox 1006 936 1083 1006; x_wconf 83' lang='grc' dir='ltr'>τῷ</span> <span class='ocrx_word' id='word_1_64' title='bbox 1113 935 1364 1006; x_wconf 84' lang='grc' dir='ltr'>παναγίῳ</span> <span class='ocrx_word' id='word_1_65' title='bbox 1414 953 1507 989; x_wconf 90' lang='grc' dir='ltr'><strong>σου</strong></span> <span class='ocrx_word' id='word_1_66' title='bbox 1556 935 1835 1005; x_wconf 86' lang='grc' dir='ltr'>Πνεύματι</span> 
     </span>
    </p>
   </div>
   <div class='ocr_carea' id='block_1_11' title="bbox 254 1021 1835 1096">
    <p class='ocr_par' dir='ltr' id='par_1_11' title="bbox 254 1021 1835 1096">
     <span class='ocr_line' id='line_1_11' title="bbox 254 1021 1835 1096; baseline 0.001 -17"><span class='ocrx_word' id='word_1_67' title='bbox 254 1024 634 1096; x_wconf 80' lang='grc' dir='ltr'>βοηθούμενοι.</span> <span class='ocrx_word' id='word_1_68' title='bbox 677 1026 787 1079; x_wconf 82' lang='grc' dir='ltr'>Καὶ</span> <span class='ocrx_word' id='word_1_69' title='bbox 813 1026 867 1079; x_wconf 89' lang='grc' dir='ltr'><strong>τί</strong></span> <span class='ocrx_word' id='word_1_70' title='bbox 904 1027 986 1079; x_wconf 85' lang='grc' dir='ltr'><strong>δεῖ</strong></span> <span class='ocrx_word' id='word_1_71' title='bbox 1015 1026 1083 1079; x_wconf 86' lang='grc' dir='ltr'>τὰ</span> <span class='ocrx_word' id='word_1_72' title='bbox 1114 1026 1287 1080; x_wconf 86' lang='grc' dir='ltr'>πολλὰ</span> <span class='ocrx_word' id='word_1_73' title='bbox 1324 1026 1538 1094; x_wconf 86' lang='grc' dir='ltr'>λέγειν;</span> <span class='ocrx_word' id='word_1_74' title='bbox 1566 1026 1758 1091; x_wconf 84' lang='grc' dir='ltr'>Αὐτὸς,</span> <span class='ocrx_word' id='word_1_75' title='bbox 1790 1021 1835 1080; x_wconf 81' lang='grc' dir='ltr'><strong>ὦ</strong></span> 
     </span>
    </p>
   </div>
   <div class='ocr_carea' id='block_1_12' title="bbox 253 1112 1836 1184">
    <p class='ocr_par' dir='ltr' id='par_1_12' title="bbox 253 1112 1836 1184">
     <span class='ocr_line' id='line_1_12' title="bbox 253 1112 1836 1184; baseline -0.001 -18"><span class='ocrx_word' id='word_1_76' title='bbox 253 1116 536 1178; x_wconf 84' lang='grc' dir='ltr'><strong>Δέσποτα,</strong></span> <span class='ocrx_word' id='word_1_77' title='bbox 582 1115 642 1166; x_wconf 90' lang='grc' dir='ltr'><strong>ἐν</strong></span> <span class='ocrx_word' id='word_1_78' title='bbox 690 1114 855 1184; x_wconf 84' lang='grc' dir='ltr'>σαρκί</span> <span class='ocrx_word' id='word_1_79' title='bbox 897 1114 1310 1184; x_wconf 83' lang='grc' dir='ltr'><strong>παραγέγονας,</strong></span> <span class='ocrx_word' id='word_1_80' title='bbox 1362 1113 1455 1166; x_wconf 69' lang='grc' dir='ltr'>καὶ</span> <span class='ocrx_word' id='word_1_81' title='bbox 1510 1113 1687 1183; x_wconf 83' lang='grc' dir='ltr'>σάρκα</span> <span class='ocrx_word' id='word_1_82' title='bbox 1738 1112 1836 1182; x_wconf 85' lang='grc' dir='ltr'><strong>μὲν</strong></span> 
     </span>
    </p>
   </div>
   <div class='ocr_carea' id='block_1_13' title="bbox 252 1204 1837 1277">
    <p class='ocr_par' dir='ltr' id='par_1_13' title="bbox 252 1204 1837 1277">
     <span class='ocr_line' id='line_1_13' title="bbox 252 1204 1837 1277; baseline 0 -20"><span class='ocrx_word' id='word_1_83' title='bbox 252 1206 528 1277; x_wconf 77' lang='grc' dir='ltr'>ἡμετέραν</span> <span class='ocrx_word' id='word_1_84' title='bbox 559 1205 839 1269; x_wconf 80' lang='grc' dir='ltr'>ἀνέλαϐες,</span> <span class='ocrx_word' id='word_1_85' title='bbox 869 1206 959 1258; x_wconf 90' lang='grc' dir='ltr'><strong>τὸν</strong></span> <span class='ocrx_word' id='word_1_86' title='bbox 1008 1206 1065 1259; x_wconf 85' lang='grc' dir='ltr'><strong>δὲ</strong></span> <span class='ocrx_word' id='word_1_87' title='bbox 1112 1206 1236 1258; x_wconf 91' lang='grc' dir='ltr'>νοῦν</span> <span class='ocrx_word' id='word_1_88' title='bbox 1284 1204 1360 1269; x_wconf 83' lang='grc' dir='ltr'>ὡς</span> <span class='ocrx_word' id='word_1_89' title='bbox 1412 1204 1688 1258; x_wconf 87' lang='grc' dir='ltr'>κωλύοντα</span> <span class='ocrx_word' id='word_1_90' title='bbox 1736 1204 1837 1272; x_wconf 84' lang='grc' dir='ltr'>τῆς</span> 
     </span>
    </p>
   </div>
   <div class='ocr_carea' id='block_1_14' title="bbox 252 1296 1837 1368">
    <p class='ocr_par' dir='ltr' id='par_1_14' title="bbox 252 1296 1837 1368">
     <span class='ocr_line' id='line_1_14' title="bbox 252 1296 1837 1368; baseline -0.002 -18"><span class='ocrx_word' id='word_1_91' title='bbox 252 1297 455 1367; x_wconf 85' lang='grc' dir='ltr'>ἀρετῆς</span> <span class='ocrx_word' id='word_1_92' title='bbox 504 1298 600 1368; x_wconf 82' lang='grc' dir='ltr'>τὴν</span> <span class='ocrx_word' id='word_1_93' title='bbox 650 1296 864 1361; x_wconf 80' lang='grc' dir='ltr'>κτῆσιν,</span> <span class='ocrx_word' id='word_1_94' title='bbox 891 1298 987 1350; x_wconf 71' lang='grc' dir='ltr'><strong>καὶ</strong></span> <span class='ocrx_word' id='word_1_95' title='bbox 1028 1297 1126 1367; x_wconf 84' lang='grc' dir='ltr'>τῆς</span> <span class='ocrx_word' id='word_1_96' title='bbox 1161 1297 1436 1367; x_wconf 85' lang='grc' dir='ltr'>ἁμαρτίας</span> <span class='ocrx_word' id='word_1_97' title='bbox 1479 1296 1576 1367; x_wconf 83' lang='grc' dir='ltr'><strong>τὴν</strong></span> <span class='ocrx_word' id='word_1_98' title='bbox 1620 1296 1837 1364; x_wconf 85' lang='grc' dir='ltr'>ἀπάτην</span> 
     </span>
    </p>
   </div>
   <div class='ocr_carea' id='block_1_15' title="bbox 258 1388 1836 1461">
    <p class='ocr_par' dir='ltr' id='par_1_15' title="bbox 258 1388 1836 1461">
     <span class='ocr_line' id='line_1_15' title="bbox 258 1388 1836 1461; baseline -0.001 -21"><span class='ocrx_word' id='word_1_99' title='bbox 258 1388 458 1458; x_wconf 72' lang='grc' dir='ltr'>ῥᾳδίως</span> <span class='ocrx_word' id='word_1_100' title='bbox 507 1389 903 1459; x_wconf 83' lang='grc' dir='ltr'>ὑποδεχόμενον</span> <span class='ocrx_word' id='word_1_101' title='bbox 958 1388 1293 1461; x_wconf 74' lang='grc' dir='ltr'>ἀπέρριψας,</span> <span class='ocrx_word' id='word_1_102' title='bbox 1324 1389 1419 1443; x_wconf 76' lang='grc' dir='ltr'><strong>καὶ</strong></span> <span class='ocrx_word' id='word_1_103' title='bbox 1462 1390 1562 1442; x_wconf 79' lang='grc' dir='ltr'><strong>οὐκ</strong></span> <span class='ocrx_word' id='word_1_104' title='bbox 1606 1388 1836 1458; x_wconf 74' lang='grc' dir='ltr'>ἠνέσχου</span> 
     </span>
    </p>
   </div>
   <div class='ocr_carea' id='block_1_16' title="bbox 255 1480 1838 1555">
    <p class='ocr_par' dir='ltr' id='par_1_16' title="bbox 255 1480 1838 1555">
     <span class='ocr_line' id='line_1_16' title="bbox 255 1480 1838 1555; baseline 0.001 -24"><span class='ocrx_word' id='word_1_105' title='bbox 255 1480 439 1534; x_wconf 79' lang='grc' dir='ltr'>λαϐεῖν</span> <span class='ocrx_word' id='word_1_106' title='bbox 461 1499 474 1513; x_wconf 88' lang='grc'><strong>·</strong></span> <span class='ocrx_word' id='word_1_107' title='bbox 511 1482 742 1551; x_wconf 85' lang='grc' dir='ltr'>γέγονας</span> <span class='ocrx_word' id='word_1_108' title='bbox 767 1482 823 1534; x_wconf 83' lang='grc' dir='ltr'>δὲ</span> <span class='ocrx_word' id='word_1_109' title='bbox 852 1482 972 1535; x_wconf 74' lang='grc' dir='ltr'>ἀντὶ</span> <span class='ocrx_word' id='word_1_110' title='bbox 998 1481 1089 1534; x_wconf 91' lang='grc' dir='ltr'><strong>νοῦ</strong></span> <span class='ocrx_word' id='word_1_111' title='bbox 1115 1485 1181 1553; x_wconf 80' lang='grc' dir='ltr'>τῇ</span> <span class='ocrx_word' id='word_1_112' title='bbox 1216 1484 1404 1555; x_wconf 75' lang='grc' dir='ltr'>σαρκὶ,</span> <span class='ocrx_word' id='word_1_113' title='bbox 1427 1482 1523 1536; x_wconf 73' lang='grc' dir='ltr'><strong>καὶ</strong></span> <span class='ocrx_word' id='word_1_114' title='bbox 1548 1481 1625 1551; x_wconf 85' lang='grc' dir='ltr'>τῷ</span> <span class='ocrx_word' id='word_1_115' title='bbox 1650 1482 1838 1551; x_wconf 87' lang='grc' dir='ltr'>τρόπῳ</span> 
     </span>
    </p>
   </div>
   <div class='ocr_carea' id='block_1_17' title="bbox 254 1570 1838 1643">
    <p class='ocr_par' dir='ltr' id='par_1_17' title="bbox 254 1570 1838 1643">
     <span class='ocr_line' id='line_1_17' title="bbox 254 1570 1838 1643; baseline 0.001 -21"><span class='ocrx_word' id='word_1_116' title='bbox 254 1570 431 1641; x_wconf 88' lang='grc' dir='ltr'>τούτῳ</span> <span class='ocrx_word' id='word_1_117' title='bbox 486 1571 585 1643; x_wconf 82' lang='grc' dir='ltr'><strong>τὴν</strong></span> <span class='ocrx_word' id='word_1_118' title='bbox 645 1572 992 1643; x_wconf 87' lang='grc' dir='ltr'>δικαιοσύνην</span> <span class='ocrx_word' id='word_1_119' title='bbox 1058 1573 1448 1642; x_wconf 86' lang='grc' dir='ltr'>κατώρθωσας.</span> <span class='ocrx_word' id='word_1_120' title='bbox 1503 1573 1690 1643; x_wconf 84' lang='grc' dir='ltr'>Τούτῳ</span> <span class='ocrx_word' id='word_1_121' title='bbox 1760 1571 1838 1641; x_wconf 88' lang='grc' dir='ltr'>τῷ</span> 
     </span>
    </p>
   </div>
   <div class='ocr_carea' id='block_1_18' title="bbox 253 1662 1837 1737">
    <p class='ocr_par' dir='ltr' id='par_1_18' title="bbox 253 1662 1837 1737">
     <span class='ocr_line' id='line_1_18' title="bbox 253 1662 1837 1737; baseline 0.004 -25"><span class='ocrx_word' id='word_1_122' title='bbox 253 1678 441 1732; x_wconf 85' lang='grc' dir='ltr'>τροπῳ</span> <span class='ocrx_word' id='word_1_123' title='bbox 488 1662 587 1732; x_wconf 80' lang='grc' dir='ltr'><strong>τὴν</strong></span> <span class='ocrx_word' id='word_1_124' title='bbox 639 1664 916 1735; x_wconf 80' lang='grc' dir='ltr'>ἁμαρτίαν</span> <span class='ocrx_word' id='word_1_125' title='bbox 964 1666 1277 1737; x_wconf 85' lang='grc' dir='ltr'>νενίκηκας.</span> <span class='ocrx_word' id='word_1_126' title='bbox 1330 1666 1462 1730; x_wconf 88' lang='grc' dir='ltr'>Θεὸς</span> <span class='ocrx_word' id='word_1_127' title='bbox 1510 1665 1618 1737; x_wconf 86' lang='grc' dir='ltr'>γὰρ</span> <span class='ocrx_word' id='word_1_128' title='bbox 1658 1666 1837 1737; x_wconf 83' lang='grc' dir='ltr'>ὑπάρ-</span> 
     </span>
    </p>
   </div>
   <div class='ocr_carea' id='block_1_19' title="bbox 254 1752 1836 1827">
    <p class='ocr_par' dir='ltr' id='par_1_19' title="bbox 254 1752 1836 1827">
     <span class='ocr_line' id='line_1_19' title="bbox 254 1752 1836 1827; baseline 0.004 -24"><span class='ocrx_word' id='word_1_129' title='bbox 254 1768 391 1820; x_wconf 87' lang='grc' dir='ltr'>χεις,</span> <span class='ocrx_word' id='word_1_130' title='bbox 428 1752 589 1824; x_wconf 84' lang='grc' dir='ltr'>βουλῇ</span> <span class='ocrx_word' id='word_1_131' title='bbox 617 1755 785 1809; x_wconf 91' lang='grc' dir='ltr'>ποιῶν</span> <span class='ocrx_word' id='word_1_132' title='bbox 821 1757 883 1809; x_wconf 88' lang='grc' dir='ltr'><strong>τὸ</strong></span> <span class='ocrx_word' id='word_1_133' title='bbox 911 1756 1123 1821; x_wconf 82' lang='grc' dir='ltr'>δοκοῦν,</span> <span class='ocrx_word' id='word_1_134' title='bbox 1153 1757 1383 1827; x_wconf 83' lang='grc' dir='ltr'>νεύματι</span> <span class='ocrx_word' id='word_1_135' title='bbox 1416 1756 1836 1827; x_wconf 81' lang='grc' dir='ltr'>μετασκευάζων</span> 
     </span>
    </p>
   </div>
   <div class='ocr_carea' id='block_1_20' title="bbox 254 1833 1911 1918">
    <p class='ocr_par' dir='ltr' id='par_1_20' title="bbox 254 1833 1911 1918">
     <span class='ocr_line' id='line_1_20' title="bbox 254 1833 1911 1918; baseline 0.005 -24"><span class='ocrx_word' id='word_1_136' title='bbox 254 1842 323 1895; x_wconf 82' lang='grc' dir='ltr'><strong>τά</strong></span> <span class='ocrx_word' id='word_1_137' title='bbox 345 1844 667 1913; x_wconf 87' lang='grc' dir='ltr'>πράγματα.</span> <span class='ocrx_word' id='word_1_138' title='bbox 685 1846 877 1915; x_wconf 79' lang='grc' dir='ltr'>Ἡμεῖς</span> <span class='ocrx_word' id='word_1_139' title='bbox 897 1846 951 1898; x_wconf 88' lang='grc' dir='ltr'>δὲ</span> <span class='ocrx_word' id='word_1_140' title='bbox 977 1847 1099 1899; x_wconf 88' lang='grc' dir='ltr'>νοῦν</span> <span class='ocrx_word' id='word_1_141' title='bbox 1125 1847 1339 1917; x_wconf 79' lang='grc' dir='ltr'>ἔχοντες</span> <span class='ocrx_word' id='word_1_142' title='bbox 1361 1848 1449 1900; x_wconf 91' lang='grc' dir='ltr'><strong>τὸν</strong></span> <span class='ocrx_word' id='word_1_143' title='bbox 1474 1834 1831 1918; x_wconf 78' lang='grc' dir='ltr'>ἀνθρώπινον,</span> <span class='ocrx_word' id='word_1_144' title='bbox 1868 1833 1911 1887; x_wconf 74' lang='grc' dir='ltr'>Β</span> 
     </span>
    </p>
   </div>
   <div class='ocr_carea' id='block_1_21' title="bbox 253 1931 1834 2006">
    <p class='ocr_par' dir='ltr' id='par_1_21' title="bbox 253 1931 1834 2006">
     <span class='ocr_line' id='line_1_21' title="bbox 253 1931 1834 2006; baseline 0.004 -23"><span class='ocrx_word' id='word_1_145' title='bbox 253 1931 311 1983; x_wconf 83' lang='grc' dir='ltr'>ὃν</span> <span class='ocrx_word' id='word_1_146' title='bbox 364 1932 653 1986; x_wconf 80' lang='grc' dir='ltr'>ἀναλαϐεῖν</span> <span class='ocrx_word' id='word_1_147' title='bbox 700 1933 799 1987; x_wconf 85' lang='grc' dir='ltr'><strong>οὐκ</strong></span> <span class='ocrx_word' id='word_1_148' title='bbox 850 1934 1160 2003; x_wconf 70' lang='grc' dir='ltr'>ἠθέλησας,</span> <span class='ocrx_word' id='word_1_149' title='bbox 1208 1936 1521 2004; x_wconf 81' lang='grc' dir='ltr'>ἀναγκαίως</span> <span class='ocrx_word' id='word_1_150' title='bbox 1582 1936 1687 1989; x_wconf 89' lang='grc' dir='ltr'><strong>ύπὸ</strong></span> <span class='ocrx_word' id='word_1_151' title='bbox 1734 1938 1834 2006; x_wconf 79' lang='grc' dir='ltr'>τὴν</span> 
     </span>
    </p>
   </div>
   <div class='ocr_carea' id='block_1_22' title="bbox 254 2022 1834 2095">
    <p class='ocr_par' dir='ltr' id='par_1_22' title="bbox 254 2022 1834 2095">
     <span class='ocr_line' id='line_1_22' title="bbox 254 2022 1834 2095; baseline 0.002 -21"><span class='ocrx_word' id='word_1_152' title='bbox 254 2022 531 2093; x_wconf 80' lang='grc' dir='ltr'>ἁμαρτίαν</span> <span class='ocrx_word' id='word_1_153' title='bbox 559 2023 923 2093; x_wconf 80' lang='grc' dir='ltr'>τυγχάνομεν,</span> <span class='ocrx_word' id='word_1_154' title='bbox 957 2026 1066 2085; x_wconf 89' lang='grc' dir='ltr'>τοῖς</span> <span class='ocrx_word' id='word_1_155' title='bbox 1102 2026 1214 2087; x_wconf 90' lang='grc' dir='ltr'>σοῖς</span> <span class='ocrx_word' id='word_1_156' title='bbox 1246 2024 1607 2094; x_wconf 80' lang='grc' dir='ltr'>ἀκολουθῆσαι</span> <span class='ocrx_word' id='word_1_157' title='bbox 1632 2026 1834 2095; x_wconf 77' lang='grc' dir='ltr'>ἴχνεσιν</span> 
     </span>
    </p>
   </div>
   <div class='ocr_carea' id='block_1_23' title="bbox 253 2114 1830 2188">
    <p class='ocr_par' dir='ltr' id='par_1_23' title="bbox 253 2114 1830 2188">
     <span class='ocr_line' id='line_1_23' title="bbox 253 2114 1830 2188; baseline 0.002 -22"><span class='ocrx_word' id='word_1_158' title='bbox 253 2114 355 2166; x_wconf 89' lang='grc' dir='ltr'><strong>ούκ</strong></span> <span class='ocrx_word' id='word_1_159' title='bbox 385 2114 724 2185; x_wconf 86' lang='grc' dir='ltr'>ἰσχύσαντες.</span> <span class='ocrx_word' id='word_1_160' title='bbox 761 2115 825 2167; x_wconf 85' lang='grc' dir='ltr'>Τί</span> <span class='ocrx_word' id='word_1_161' title='bbox 854 2115 963 2186; x_wconf 89' lang='grc' dir='ltr'><strong>γὰρ</strong></span> <span class='ocrx_word' id='word_1_162' title='bbox 988 2114 1113 2178; x_wconf 90' lang='grc' dir='ltr'>νοῦς</span> <span class='ocrx_word' id='word_1_163' title='bbox 1143 2115 1480 2188; x_wconf 85' lang='grc' dir='ltr'>ἀνθρώπινος</span> <span class='ocrx_word' id='word_1_164' title='bbox 1519 2116 1656 2188; x_wconf 88' lang='grc' dir='ltr'>πρὸς</span> <span class='ocrx_word' id='word_1_165' title='bbox 1697 2115 1830 2169; x_wconf 88' lang='grc' dir='ltr'>Θεοῦ</span> 
     </span>
    </p>
   </div>
   <div class='ocr_carea' id='block_1_24' title="bbox 254 2204 1829 2277">
    <p class='ocr_par' dir='ltr' id='par_1_24' title="bbox 254 2204 1829 2277">
     <span class='ocr_line' id='line_1_24' title="bbox 254 2204 1829 2277; baseline 0.002 -22"><span class='ocrx_word' id='word_1_166' title='bbox 254 2204 482 2275; x_wconf 87' lang='grc' dir='ltr'>δυνάμιν</span> <span class='ocrx_word' id='word_1_167' title='bbox 517 2208 608 2261; x_wconf 69' lang='grc' dir='ltr'><strong>καί¹</strong></span> <span class='ocrx_word' id='word_1_168' title='bbox 636 2205 774 2260; x_wconf 85' lang='grc' dir='ltr'>Θεοῦ</span> <span class='ocrx_word' id='word_1_169' title='bbox 810 2207 1022 2275; x_wconf 84' lang='grc' dir='ltr'>σοφίαν,</span> <span class='ocrx_word' id='word_1_170' title='bbox 1051 2208 1147 2261; x_wconf 76' lang='grc' dir='ltr'>καὶ</span> <span class='ocrx_word' id='word_1_171' title='bbox 1181 2208 1317 2275; x_wconf 89' lang='grc' dir='ltr'>φῶς,</span> <span class='ocrx_word' id='word_1_172' title='bbox 1348 2208 1441 2261; x_wconf 82' lang='grc' dir='ltr'><strong>καί</strong></span> <span class='ocrx_word' id='word_1_173' title='bbox 1466 2206 1829 2277; x_wconf 87' lang='grc' dir='ltr'>δικαιοσύνην,</span> 
     </span>
    </p>
   </div>
   <div class='ocr_carea' id='block_1_25' title="bbox 256 2294 1833 2369">
    <p class='ocr_par' dir='ltr' id='par_1_25' title="bbox 256 2294 1833 2369">
     <span class='ocr_line' id='line_1_25' title="bbox 256 2294 1833 2369; baseline 0.003 -23"><span class='ocrx_word' id='word_1_174' title='bbox 256 2294 351 2347; x_wconf 73' lang='grc' dir='ltr'>καὶ</span> <span class='ocrx_word' id='word_1_175' title='bbox 386 2296 552 2367; x_wconf 77' lang='grc' dir='ltr'>ζωὴν,</span> <span class='ocrx_word' id='word_1_176' title='bbox 586 2298 679 2349; x_wconf 79' lang='grc' dir='ltr'><strong>καὶ</strong></span> <span class='ocrx_word' id='word_1_177' title='bbox 709 2296 807 2359; x_wconf 85' lang='grc' dir='ltr'>τὰς</span> <span class='ocrx_word' id='word_1_178' title='bbox 851 2296 1017 2359; x_wconf 80' lang='grc' dir='ltr'>ἄλλας</span> <span class='ocrx_word' id='word_1_179' title='bbox 1050 2298 1329 2369; x_wconf 77' lang='grc' dir='ltr'>ἐνεργείας</span> <span class='ocrx_word' id='word_1_180' title='bbox 1360 2299 1459 2367; x_wconf 84' lang='grc' dir='ltr'>τῆς</span> <span class='ocrx_word' id='word_1_181' title='bbox 1497 2299 1596 2367; x_wconf 84' lang='grc' dir='ltr'>σῆς</span> <span class='ocrx_word' id='word_1_182' title='bbox 1622 2298 1833 2363; x_wconf 85' lang='grc' dir='ltr'>οὐσίας,</span> 
     </span>
    </p>
   </div>
   <div class='ocr_carea' id='block_1_26' title="bbox 254 2384 1836 2457">
    <p class='ocr_par' dir='ltr' id='par_1_26' title="bbox 254 2384 1836 2457">
     <span class='ocr_line' id='line_1_26' title="bbox 254 2384 1836 2457; baseline 0.002 -21"><span class='ocrx_word' id='word_1_183' title='bbox 254 2384 310 2436; x_wconf 86' lang='grc' dir='ltr'>αἳ</span> <span class='ocrx_word' id='word_1_184' title='bbox 340 2385 592 2457; x_wconf 86' lang='grc' dir='ltr'>καθάπερ</span> <span class='ocrx_word' id='word_1_185' title='bbox 622 2388 839 2451; x_wconf 77' lang='grc' dir='ltr'>ἀκτῖνες</span> <span class='ocrx_word' id='word_1_186' title='bbox 880 2388 974 2441; x_wconf 68' lang='grc' dir='ltr'>καὶ</span> <span class='ocrx_word' id='word_1_187' title='bbox 1021 2387 1360 2457; x_wconf 88' lang='grc' dir='ltr'>λαμπηδόνες</span> <span class='ocrx_word' id='word_1_188' title='bbox 1386 2388 1451 2439; x_wconf 89' lang='grc' dir='ltr'><strong>ἐκ</strong></span> <span class='ocrx_word' id='word_1_189' title='bbox 1486 2387 1586 2457; x_wconf 81' lang='grc' dir='ltr'>τῆς</span> <span class='ocrx_word' id='word_1_190' title='bbox 1614 2388 1712 2456; x_wconf 83' lang='grc' dir='ltr'><strong>σῆς</strong></span> <span class='ocrx_word' id='word_1_191' title='bbox 1742 2387 1836 2439; x_wconf 89' lang='grc' dir='ltr'>ἀν-</span> 
     </span>
    </p>
   </div>
   <div class='ocr_carea' id='block_1_27' title="bbox 258 2477 1832 2550">
    <p class='ocr_par' dir='ltr' id='par_1_27' title="bbox 258 2477 1832 2550">
     <span class='ocr_line' id='line_1_27' title="bbox 258 2477 1832 2550; baseline 0.001 -21"><span class='ocrx_word' id='word_1_192' title='bbox 258 2477 466 2547; x_wconf 85' lang='grc' dir='ltr'>ίσχουσι</span> <span class='ocrx_word' id='word_1_193' title='bbox 514 2480 756 2549; x_wconf 86' lang='grc' dir='ltr'>φύσεως;</span> <span class='ocrx_word' id='word_1_194' title='bbox 801 2480 962 2533; x_wconf 84' lang='grc' dir='ltr'>Ταῦτ’</span> <span class='ocrx_word' id='word_1_195' title='bbox 1014 2480 1079 2533; x_wconf 85' lang='grc' dir='ltr'><strong>ἂν</strong></span> <span class='ocrx_word' id='word_1_196' title='bbox 1133 2480 1357 2542; x_wconf 84' lang='grc' dir='ltr'>εἰκότως</span> <span class='ocrx_word' id='word_1_197' title='bbox 1413 2481 1616 2533; x_wconf 85' lang='grc' dir='ltr'>εῖποιεν</span> <span class='ocrx_word' id='word_1_198' title='bbox 1663 2481 1711 2532; x_wconf 78' lang='grc' dir='ltr'><strong>οἰ</strong></span> <span class='ocrx_word' id='word_1_199' title='bbox 1764 2482 1832 2550; x_wconf 79' lang='grc' dir='ltr'>τῇ</span> 
     </span>
    </p>
   </div>
   <div class='ocr_carea' id='block_1_28' title="bbox 1937 565 3514 637">
    <p class='ocr_par' dir='ltr' id='par_1_28' title="bbox 1937 565 3514 637">
     <span class='ocr_line' id='line_1_28' title="bbox 1937 565 3514 637; baseline 0.001 -18"><span class='ocrx_word' id='word_1_200' title='bbox 1937 566 2227 619; x_wconf 91' lang='lat' dir='ltr'><strong>charorum</strong></span> <span class='ocrx_word' id='word_1_201' title='bbox 2258 565 2536 618; x_wconf 84' lang='lat' dir='ltr'><strong>hominum</strong></span> <span class='ocrx_word' id='word_1_202' title='bbox 2571 568 2807 637; x_wconf 80' lang='lat' dir='ltr'><strong>agmina,</strong></span> <span class='ocrx_word' id='word_1_203' title='bbox 2845 578 2955 621; x_wconf 90' lang='lat' dir='ltr'><strong>tum</strong></span> <span class='ocrx_word' id='word_1_204' title='bbox 2989 576 3114 621; x_wconf 89' lang='lat' dir='ltr'><strong>ante</strong></span> <span class='ocrx_word' id='word_1_205' title='bbox 3149 575 3260 620; x_wconf 89' lang='lat' dir='ltr'><strong>tum</strong></span> <span class='ocrx_word' id='word_1_206' title='bbox 3289 575 3411 636; x_wconf 84' lang='lat' dir='ltr'><strong>post</strong></span> <span class='ocrx_word' id='word_1_207' title='bbox 3440 567 3514 621; x_wconf 85' lang='lat' dir='ltr'><strong>le-</strong></span> 
     </span>
    </p>
   </div>
   <div class='ocr_carea' id='block_1_29' title="bbox 1938 656 3513 728">
    <p class='ocr_par' dir='ltr' id='par_1_29' title="bbox 1938 656 3513 728">
     <span class='ocr_line' id='line_1_29' title="bbox 1938 656 3513 728; baseline 0.001 -17"><span class='ocrx_word' id='word_1_208' title='bbox 1938 672 2080 726; x_wconf 89' lang='lat' dir='ltr'><strong>gem,</strong></span> <span class='ocrx_word' id='word_1_209' title='bbox 2111 666 2220 710; x_wconf 91' lang='lat' dir='ltr'><strong>tum</strong></span> <span class='ocrx_word' id='word_1_210' title='bbox 2247 656 2479 723; x_wconf 74' lang='lat' dir='ltr'><strong>caelibes,</strong></span> <span class='ocrx_word' id='word_1_211' title='bbox 2511 666 2622 710; x_wconf 92' lang='lat' dir='ltr'><strong>tum</strong></span> <span class='ocrx_word' id='word_1_212' title='bbox 2642 659 2933 728; x_wconf 69' lang='lat' dir='ltr'><strong>coniugati,</strong></span> <span class='ocrx_word' id='word_1_213' title='bbox 2969 666 3079 712; x_wconf 92' lang='lat' dir='ltr'><strong>tum</strong></span> <span class='ocrx_word' id='word_1_214' title='bbox 3111 656 3374 727; x_wconf 90' lang='lat' dir='ltr'><strong>opulenti,</strong></span> <span class='ocrx_word' id='word_1_215' title='bbox 3401 667 3513 712; x_wconf 91' lang='lat' dir='ltr'><strong>tum</strong></span> 
     </span>
    </p>
   </div>
   <div class='ocr_carea' id='block_1_30' title="bbox 1939 748 3512 822">
    <p class='ocr_par' dir='ltr' id='par_1_30' title="bbox 1939 748 3512 822">
     <span class='ocr_line' id='line_1_30' title="bbox 1939 748 3512 822; baseline 0.001 -19"><span class='ocrx_word' id='word_1_216' title='bbox 1939 750 2147 818; x_wconf 80' lang='lat' dir='ltr'><strong>inapes,</strong></span> <span class='ocrx_word' id='word_1_217' title='bbox 2183 748 2275 818; x_wconf 90' lang='lat' dir='ltr'><strong>qui</strong></span> <span class='ocrx_word' id='word_1_218' title='bbox 2305 749 2504 803; x_wconf 89' lang='lat' dir='ltr'><strong>mentis</strong></span> <span class='ocrx_word' id='word_1_219' title='bbox 2538 763 2699 802; x_wconf 87' lang='lat' dir='ltr'><strong>causa</strong></span> <span class='ocrx_word' id='word_1_220' title='bbox 2736 758 2857 805; x_wconf 90' lang='lat' dir='ltr'><strong>tuas</strong></span> <span class='ocrx_word' id='word_1_221' title='bbox 2881 750 3175 821; x_wconf 85' lang='lat' dir='ltr'><strong>adimplere</strong></span> <span class='ocrx_word' id='word_1_222' title='bbox 3202 749 3348 822; x_wconf 91' lang='lat' dir='ltr'><strong>leges</strong></span> <span class='ocrx_word' id='word_1_223' title='bbox 3369 750 3512 805; x_wconf 90' lang='lat' dir='ltr'><strong>haud</strong></span> 
     </span>
    </p>
   </div>
   <div class='ocr_carea' id='block_1_31' title="bbox 1938 835 3555 909">
    <p class='ocr_par' dir='ltr' id='par_1_31' title="bbox 1938 835 3555 909">
     <span class='ocr_line' id='line_1_31' title="bbox 1938 835 3555 909; baseline 0.002 -15"><span class='ocrx_word' id='word_1_224' title='bbox 1938 850 2245 909; x_wconf 89' lang='lat' dir='ltr'><strong>potuerunt,</strong></span> <span class='ocrx_word' id='word_1_225' title='bbox 2263 842 2624 909; x_wconf 86' lang='lat' dir='ltr'><strong>nequidquam</strong></span> <span class='ocrx_word' id='word_1_226' title='bbox 2647 839 2851 909; x_wconf 90' lang='lat' dir='ltr'><strong>Spiritu</strong></span> <span class='ocrx_word' id='word_1_227' title='bbox 2874 851 2965 897; x_wconf 90' lang='lat' dir='ltr'><strong>tuo</strong></span> <span class='ocrx_word' id='word_1_228' title='bbox 2992 842 3335 898; x_wconf 81' lang='lat' dir='ltr'><strong>sanctissimo</strong></span> <span class='ocrx_word' id='word_1_229' title='bbox 3357 844 3514 897; x_wconf 76' lang='lat' dir='ltr'><strong>auxi-</strong></span> <span class='ocrx_word' id='word_1_230' title='bbox 3542 835 3555 869; x_wconf 76' lang='lat'><strong>&quot;</strong></span> 
     </span>
    </p>
   </div>
   <div class='ocr_carea' id='block_1_32' title="bbox 1941 929 3512 1003">
    <p class='ocr_par' dir='ltr' id='par_1_32' title="bbox 1941 929 3512 1003">
     <span class='ocr_line' id='line_1_32' title="bbox 1941 929 3512 1003; baseline 0.003 -20"><span class='ocrx_word' id='word_1_231' title='bbox 1941 931 2124 985; x_wconf 91' lang='lat' dir='ltr'><strong>Iiante.</strong></span> <span class='ocrx_word' id='word_1_232' title='bbox 2162 930 2268 985; x_wconf 90' lang='lat' dir='ltr'><strong>Sed</strong></span> <span class='ocrx_word' id='word_1_233' title='bbox 2304 945 2402 986; x_wconf 90' lang='lat' dir='ltr'><strong>cur</strong></span> <span class='ocrx_word' id='word_1_234' title='bbox 2440 929 2687 1001; x_wconf 86' lang='lat' dir='ltr'><strong>pluribus</strong></span> <span class='ocrx_word' id='word_1_235' title='bbox 2717 932 2898 987; x_wconf 80' lang='lat' dir='ltr'><strong>verbis</strong></span> <span class='ocrx_word' id='word_1_236' title='bbox 2943 948 3079 1003; x_wconf 79' lang='lat' dir='ltr'><strong>Opus</strong></span> <span class='ocrx_word' id='word_1_237' title='bbox 3108 934 3220 988; x_wconf 83' lang='lat' dir='ltr'><strong>sit?</strong></span> <span class='ocrx_word' id='word_1_238' title='bbox 3265 933 3344 988; x_wconf 85' lang='lat' dir='ltr'><strong>Tu</strong></span> <span class='ocrx_word' id='word_1_239' title='bbox 3378 934 3512 1003; x_wconf 87' lang='lat' dir='ltr'><strong>ipse,</strong></span> 
     </span>
    </p>
   </div>
   <div class='ocr_carea' id='block_1_33' title="bbox 1942 1022 3512 1093">
    <p class='ocr_par' dir='ltr' id='par_1_33' title="bbox 1942 1022 3512 1093">
     <span class='ocr_line' id='line_1_33' title="bbox 1942 1022 3512 1093; baseline 0.001 -18"><span class='ocrx_word' id='word_1_240' title='bbox 1942 1022 2184 1086; x_wconf 90' lang='lat' dir='ltr'><strong>Domine,</strong></span> <span class='ocrx_word' id='word_1_241' title='bbox 2217 1037 2380 1078; x_wconf 89' lang='lat' dir='ltr'><strong>carne</strong></span> <span class='ocrx_word' id='word_1_242' title='bbox 2407 1022 2629 1078; x_wconf 89' lang='lat' dir='ltr'><strong>indutus</strong></span> <span class='ocrx_word' id='word_1_243' title='bbox 2656 1024 2891 1091; x_wconf 79' lang='lat' dir='ltr'><strong>venisti;</strong></span> <span class='ocrx_word' id='word_1_244' title='bbox 2920 1024 3013 1079; x_wconf 89' lang='lat' dir='ltr'><strong>sed</strong></span> <span class='ocrx_word' id='word_1_245' title='bbox 3048 1039 3267 1080; x_wconf 90' lang='lat' dir='ltr'><strong>carnem</strong></span> <span class='ocrx_word' id='word_1_246' title='bbox 3296 1026 3512 1093; x_wconf 87' lang='lat' dir='ltr'><strong>quidem</strong></span> 
     </span>
    </p>
   </div>
   <div class='ocr_carea' id='block_1_34' title="bbox 1939 1114 3518 1182">
    <p class='ocr_par' dir='ltr' id='par_1_34' title="bbox 1939 1114 3518 1182">
     <span class='ocr_line' id='line_1_34' title="bbox 1939 1114 3518 1182; baseline 0.002 -16"><span class='ocrx_word' id='word_1_247' title='bbox 1939 1120 2180 1167; x_wconf 88' lang='lat' dir='ltr'><strong>nostram</strong></span> <span class='ocrx_word' id='word_1_248' title='bbox 2204 1114 2570 1182; x_wconf 90' lang='lat' dir='ltr'><strong>assumpsisti,</strong></span> <span class='ocrx_word' id='word_1_249' title='bbox 2593 1124 2829 1170; x_wconf 84' lang='lat' dir='ltr'><strong>mentem</strong></span> <span class='ocrx_word' id='word_1_250' title='bbox 2866 1123 3044 1169; x_wconf 86' lang='lat' dir='ltr'><strong>tamen</strong></span> <span class='ocrx_word' id='word_1_251' title='bbox 3072 1124 3131 1169; x_wconf 88' lang='lat' dir='ltr'><strong>ut</strong></span> <span class='ocrx_word' id='word_1_252' title='bbox 3152 1116 3367 1170; x_wconf 86' lang='lat' dir='ltr'><strong>virtutis</strong></span> <span class='ocrx_word' id='word_1_253' title='bbox 3421 1117 3518 1169; x_wconf 80' lang='lat' dir='ltr'><strong>ad-</strong></span> 
     </span>
    </p>
   </div>
   <div class='ocr_carea' id='block_1_35' title="bbox 1938 1203 3511 1274">
    <p class='ocr_par' dir='ltr' id='par_1_35' title="bbox 1938 1203 3511 1274">
     <span class='ocr_line' id='line_1_35' title="bbox 1938 1203 3511 1274; baseline -0.003 -14"><span class='ocrx_word' id='word_1_254' title='bbox 1938 1205 2138 1274; x_wconf 89' lang='lat' dir='ltr'><strong>eptioni</strong></span> <span class='ocrx_word' id='word_1_255' title='bbox 2161 1205 2515 1271; x_wconf 89' lang='lat' dir='ltr'><strong>contrariam,</strong></span> <span class='ocrx_word' id='word_1_256' title='bbox 2530 1215 2584 1259; x_wconf 91' lang='lat' dir='ltr'><strong>et</strong></span> <span class='ocrx_word' id='word_1_257' title='bbox 2602 1205 2811 1274; x_wconf 88' lang='lat' dir='ltr'><strong>peccati</strong></span> <span class='ocrx_word' id='word_1_258' title='bbox 2835 1206 3004 1259; x_wconf 84' lang='lat' dir='ltr'><strong>errori</strong></span> <span class='ocrx_word' id='word_1_259' title='bbox 3021 1203 3176 1259; x_wconf 81' lang='lat' dir='ltr'><strong>facile</strong></span> <span class='ocrx_word' id='word_1_260' title='bbox 3202 1204 3511 1268; x_wconf 77' lang='lat' dir='ltr'><strong>obnoxiam,</strong></span> 
     </span>
    </p>
   </div>
   <div class='ocr_carea' id='block_1_36' title="bbox 1940 1293 3517 1366">
    <p class='ocr_par' dir='ltr' id='par_1_36' title="bbox 1940 1293 3517 1366">
     <span class='ocr_line' id='line_1_36' title="bbox 1940 1293 3517 1366; baseline 0 -17"><span class='ocrx_word' id='word_1_261' title='bbox 1940 1295 2199 1351; x_wconf 83' lang='lat' dir='ltr'><strong>recusasti</strong></span> <span class='ocrx_word' id='word_1_262' title='bbox 2226 1310 2327 1352; x_wconf 88' lang='lat' dir='ltr'><strong>nec</strong></span> <span class='ocrx_word' id='word_1_263' title='bbox 2347 1310 2563 1351; x_wconf 89' lang='lat' dir='ltr'><strong>sumere</strong></span> <span class='ocrx_word' id='word_1_264' title='bbox 2591 1310 2784 1365; x_wconf 87' lang='lat' dir='ltr'><strong>passus</strong></span> <span class='ocrx_word' id='word_1_265' title='bbox 2806 1309 2866 1350; x_wconf 91' lang='lat' dir='ltr'><strong>es</strong></span> <span class='ocrx_word' id='word_1_266' title='bbox 2890 1309 2908 1349; x_wconf 91' lang='lat'><strong>:</strong></span> <span class='ocrx_word' id='word_1_267' title='bbox 2930 1304 3095 1364; x_wconf 89' lang='lat' dir='ltr'><strong>tuque</strong></span> <span class='ocrx_word' id='word_1_268' title='bbox 3121 1293 3362 1366; x_wconf 51' lang='lat' dir='ltr'><strong>82mm</strong></span> <span class='ocrx_word' id='word_1_269' title='bbox 3382 1294 3517 1349; x_wconf 80' lang='lat' dir='ltr'><strong>adeo</strong></span> 
     </span>
    </p>
   </div>
   <div class='ocr_carea' id='block_1_37' title="bbox 1940 1387 3515 1458">
    <p class='ocr_par' dir='ltr' id='par_1_37' title="bbox 1940 1387 3515 1458">
     <span class='ocr_line' id='line_1_37' title="bbox 1940 1387 3515 1458; baseline -0.001 -17"><span class='ocrx_word' id='word_1_270' title='bbox 1940 1388 2134 1443; x_wconf 86' lang='lat' dir='ltr'><strong>mentis</strong></span> <span class='ocrx_word' id='word_1_271' title='bbox 2164 1388 2283 1444; x_wconf 83' lang='lat' dir='ltr'><strong>vice</strong></span> <span class='ocrx_word' id='word_1_272' title='bbox 2313 1388 2365 1442; x_wconf 95' lang='lat' dir='ltr'><strong>in</strong></span> <span class='ocrx_word' id='word_1_273' title='bbox 2399 1403 2564 1443; x_wconf 90' lang='lat' dir='ltr'><strong>carne</strong></span> <span class='ocrx_word' id='word_1_274' title='bbox 2596 1388 2813 1444; x_wconf 87' lang='lat' dir='ltr'><strong>functus</strong></span> <span class='ocrx_word' id='word_1_275' title='bbox 2846 1402 2925 1452; x_wconf 91' lang='lat' dir='ltr'><strong>es,</strong></span> <span class='ocrx_word' id='word_1_276' title='bbox 2961 1397 3124 1458; x_wconf 85' lang='lat' dir='ltr'><strong>atque</strong></span> <span class='ocrx_word' id='word_1_277' title='bbox 3152 1388 3226 1442; x_wconf 90' lang='lat' dir='ltr'><strong>ita</strong></span> <span class='ocrx_word' id='word_1_278' title='bbox 3251 1387 3515 1457; x_wconf 82' lang='lat' dir='ltr'><strong>justitiam</strong></span> 
     </span>
    </p>
   </div>
   <div class='ocr_carea' id='block_1_38' title="bbox 1940 1478 3519 1551">
    <p class='ocr_par' dir='ltr' id='par_1_38' title="bbox 1940 1478 3519 1551">
     <span class='ocr_line' id='line_1_38' title="bbox 1940 1478 3519 1551; baseline -0.001 -16"><span class='ocrx_word' id='word_1_279' title='bbox 1940 1480 2083 1535; x_wconf 81' lang='lat' dir='ltr'><strong>felici</strong></span> <span class='ocrx_word' id='word_1_280' title='bbox 2136 1496 2394 1538; x_wconf 86' lang='lat' dir='ltr'><strong>successu</strong></span> <span class='ocrx_word' id='word_1_281' title='bbox 2460 1482 2736 1551; x_wconf 71' lang='lat' dir='ltr'><strong>peregisti.</strong></span> <span class='ocrx_word' id='word_1_282' title='bbox 2804 1480 2918 1536; x_wconf 81' lang='lat' dir='ltr'><strong>Hac</strong></span> <span class='ocrx_word' id='word_1_283' title='bbox 2987 1480 3236 1536; x_wconf 84' lang='lat' dir='ltr'><strong>videlicet</strong></span> <span class='ocrx_word' id='word_1_284' title='bbox 3308 1478 3519 1534; x_wconf 85' lang='lat' dir='ltr'><strong>ratione</strong></span> 
     </span>
    </p>
   </div>
   <div class='ocr_carea' id='block_1_39' title="bbox 1941 1570 3513 1642">
    <p class='ocr_par' dir='ltr' id='par_1_39' title="bbox 1941 1570 3513 1642">
     <span class='ocr_line' id='line_1_39' title="bbox 1941 1570 3513 1642; baseline -0.003 -15"><span class='ocrx_word' id='word_1_285' title='bbox 1941 1580 2217 1642; x_wconf 88' lang='lat' dir='ltr'><strong>peccatum</strong></span> <span class='ocrx_word' id='word_1_286' title='bbox 2247 1573 2451 1630; x_wconf 84' lang='lat' dir='ltr'><strong>vicisti.</strong></span> <span class='ocrx_word' id='word_1_287' title='bbox 2486 1573 2627 1628; x_wconf 92' lang='lat' dir='ltr'><strong>Dens</strong></span> <span class='ocrx_word' id='word_1_288' title='bbox 2660 1573 2803 1629; x_wconf 90' lang='lat' dir='ltr'><strong>enim</strong></span> <span class='ocrx_word' id='word_1_289' title='bbox 2836 1588 2917 1636; x_wconf 91' lang='lat' dir='ltr'><strong>es,</strong></span> <span class='ocrx_word' id='word_1_290' title='bbox 2952 1571 3247 1628; x_wconf 88' lang='lat' dir='ltr'><strong>voluntatis</strong></span> <span class='ocrx_word' id='word_1_291' title='bbox 3278 1570 3329 1624; x_wconf 93' lang='lat' dir='ltr'><strong>vi</strong></span> <span class='ocrx_word' id='word_1_292' title='bbox 3354 1570 3513 1639; x_wconf 83' lang='lat' dir='ltr'><strong>quid-</strong></span> 
     </span>
    </p>
   </div>
   <div class='ocr_carea' id='block_1_40' title="bbox 1939 1658 3518 1737">
    <p class='ocr_par' dir='ltr' id='par_1_40' title="bbox 1939 1658 3518 1737">
     <span class='ocr_line' id='line_1_40' title="bbox 1939 1658 3518 1737; baseline -0.002 -20"><span class='ocrx_word' id='word_1_293' title='bbox 1939 1665 2064 1733; x_wconf 91' lang='lat' dir='ltr'><strong>quid</strong></span> <span class='ocrx_word' id='word_1_294' title='bbox 2098 1664 2312 1719; x_wconf 87' lang='lat' dir='ltr'><strong>libuerit</strong></span> <span class='ocrx_word' id='word_1_295' title='bbox 2347 1680 2534 1737; x_wconf 90' lang='lat' dir='ltr'><strong>agens,</strong></span> <span class='ocrx_word' id='word_1_296' title='bbox 2569 1676 2702 1721; x_wconf 91' lang='lat' dir='ltr'><strong>nutu</strong></span> <span class='ocrx_word' id='word_1_297' title='bbox 2737 1675 2828 1721; x_wconf 91' lang='lat' dir='ltr'><strong>tuo</strong></span> <span class='ocrx_word' id='word_1_298' title='bbox 2869 1664 3079 1735; x_wconf 82' lang='lat' dir='ltr'><strong>negotia</strong></span> <span class='ocrx_word' id='word_1_299' title='bbox 3114 1677 3357 1720; x_wconf 89' lang='lat' dir='ltr'><strong>versans.</strong></span> <span class='ocrx_word' id='word_1_300' title='bbox 3407 1658 3518 1716; x_wconf 89' lang='lat' dir='ltr'><strong>Nos</strong></span> 
     </span>
    </p>
   </div>
   <div class='ocr_carea' id='block_1_41' title="bbox 1941 1752 3519 1824">
    <p class='ocr_par' dir='ltr' id='par_1_41' title="bbox 1941 1752 3519 1824">
     <span class='ocr_line' id='line_1_41' title="bbox 1941 1752 3519 1824; baseline -0.001 -19"><span class='ocrx_word' id='word_1_301' title='bbox 1941 1768 2069 1809; x_wconf 90' lang='lat' dir='ltr'><strong>vero</strong></span> <span class='ocrx_word' id='word_1_302' title='bbox 2097 1762 2276 1809; x_wconf 89' lang='lat' dir='ltr'><strong>mente</strong></span> <span class='ocrx_word' id='word_1_303' title='bbox 2320 1754 2557 1809; x_wconf 88' lang='lat' dir='ltr'><strong>humana</strong></span> <span class='ocrx_word' id='word_1_304' title='bbox 2594 1754 2826 1824; x_wconf 64' lang='lat' dir='ltr'><strong>praediti,</strong></span> <span class='ocrx_word' id='word_1_305' title='bbox 2873 1769 3033 1823; x_wconf 92' lang='lat' dir='ltr'><strong>quam</strong></span> <span class='ocrx_word' id='word_1_306' title='bbox 3077 1761 3131 1808; x_wconf 91' lang='lat' dir='ltr'><strong>tu</strong></span> <span class='ocrx_word' id='word_1_307' title='bbox 3164 1752 3259 1807; x_wconf 88' lang='lat' dir='ltr'><strong>tibi</strong></span> <span class='ocrx_word' id='word_1_308' title='bbox 3302 1764 3519 1805; x_wconf 84' lang='lat' dir='ltr'><strong>sumere</strong></span> 
     </span>
    </p>
   </div>
   <div class='ocr_carea' id='block_1_42' title="bbox 1942 1843 3515 1917">
    <p class='ocr_par' dir='ltr' id='par_1_42' title="bbox 1942 1843 3515 1917">
     <span class='ocr_line' id='line_1_42' title="bbox 1942 1843 3515 1917; baseline -0.002 -19"><span class='ocrx_word' id='word_1_309' title='bbox 1942 1845 2183 1912; x_wconf 91' lang='lat' dir='ltr'><strong>noluisti,</strong></span> <span class='ocrx_word' id='word_1_310' title='bbox 2211 1848 2517 1903; x_wconf 86' lang='lat' dir='ltr'><strong>necessario</strong></span> <span class='ocrx_word' id='word_1_311' title='bbox 2545 1847 2645 1903; x_wconf 89' lang='lat' dir='ltr'><strong>sub</strong></span> <span class='ocrx_word' id='word_1_312' title='bbox 2674 1857 2899 1917; x_wconf 85' lang='lat' dir='ltr'><strong>peccato</strong></span> <span class='ocrx_word' id='word_1_313' title='bbox 2929 1846 3196 1916; x_wconf 87' lang='lat' dir='ltr'><strong>degimus,</strong></span> <span class='ocrx_word' id='word_1_314' title='bbox 3244 1854 3333 1898; x_wconf 92' lang='lat' dir='ltr'><strong>tua</strong></span> <span class='ocrx_word' id='word_1_315' title='bbox 3364 1843 3515 1912; x_wconf 87' lang='lat' dir='ltr'><strong>sequi</strong></span> 
     </span>
    </p>
   </div>
   <div class='ocr_carea' id='block_1_43' title="bbox 1942 1934 3517 2006">
    <p class='ocr_par' dir='ltr' id='par_1_43' title="bbox 1942 1934 3517 2006">
     <span class='ocr_line' id='line_1_43' title="bbox 1942 1934 3517 2006; baseline -0.003 -15"><span class='ocrx_word' id='word_1_316' title='bbox 1942 1938 2165 2006; x_wconf 84' lang='lat' dir='ltr'><strong>vestigia</strong></span> <span class='ocrx_word' id='word_1_317' title='bbox 2230 1954 2336 1993; x_wconf 92' lang='lat' dir='ltr'><strong>non</strong></span> <span class='ocrx_word' id='word_1_318' title='bbox 2396 1945 2664 1994; x_wconf 83' lang='lat' dir='ltr'><strong>vatcntes.</strong></span> <span class='ocrx_word' id='word_1_319' title='bbox 2731 1938 2871 2004; x_wconf 80' lang='lat' dir='ltr'><strong>Quid</strong></span> <span class='ocrx_word' id='word_1_320' title='bbox 2954 1948 3037 1993; x_wconf 91' lang='lat' dir='ltr'><strong>est</strong></span> <span class='ocrx_word' id='word_1_321' title='bbox 3084 1937 3228 1991; x_wconf 91' lang='lat' dir='ltr'><strong>enim</strong></span> <span class='ocrx_word' id='word_1_322' title='bbox 3280 1934 3517 1989; x_wconf 87' lang='lat' dir='ltr'><strong>humana</strong></span> 
     </span>
    </p>
   </div>
   <div class='ocr_carea' id='block_1_44' title="bbox 1942 2027 3516 2100">
    <p class='ocr_par' dir='ltr' id='par_1_44' title="bbox 1942 2027 3516 2100">
     <span class='ocr_line' id='line_1_44' title="bbox 1942 2027 3516 2100; baseline -0.003 -17"><span class='ocrx_word' id='word_1_323' title='bbox 1942 2043 2096 2083; x_wconf 90' lang='lat' dir='ltr'><strong>mens</strong></span> <span class='ocrx_word' id='word_1_324' title='bbox 2130 2044 2240 2097; x_wconf 78' lang='lat' dir='ltr'><strong>prte</strong></span> <span class='ocrx_word' id='word_1_325' title='bbox 2276 2030 2368 2085; x_wconf 88' lang='lat' dir='ltr'><strong>Dei</strong></span> <span class='ocrx_word' id='word_1_326' title='bbox 2418 2031 2655 2093; x_wconf 86' lang='lat' dir='ltr'><strong>viribus,</strong></span> <span class='ocrx_word' id='word_1_327' title='bbox 2692 2031 2983 2100; x_wconf 79' lang='lat' dir='ltr'><strong>sapientia,</strong></span> <span class='ocrx_word' id='word_1_328' title='bbox 3026 2030 3245 2092; x_wconf 90' lang='lat' dir='ltr'><strong>lumine,</strong></span> <span class='ocrx_word' id='word_1_329' title='bbox 3280 2027 3516 2097; x_wconf 85' lang='lat' dir='ltr'><strong>justitia,</strong></span> 
     </span>
    </p>
   </div>
   <div class='ocr_carea' id='block_1_45' title="bbox 1940 2118 3517 2190">
    <p class='ocr_par' dir='ltr' id='par_1_45' title="bbox 1940 2118 3517 2190">
     <span class='ocr_line' id='line_1_45' title="bbox 1940 2118 3517 2190; baseline -0.001 -17"><span class='ocrx_word' id='word_1_330' title='bbox 1940 2120 2073 2184; x_wconf 88' lang='lat' dir='ltr'><strong>vita,</strong></span> <span class='ocrx_word' id='word_1_331' title='bbox 2122 2120 2354 2190; x_wconf 89' lang='lat' dir='ltr'><strong>aliisque</strong></span> <span class='ocrx_word' id='word_1_332' title='bbox 2384 2123 2705 2177; x_wconf 83' lang='lat' dir='ltr'><strong>substantiae</strong></span> <span class='ocrx_word' id='word_1_333' title='bbox 2736 2132 2838 2176; x_wconf 66' lang='lat' dir='ltr'><strong>tute</strong></span> <span class='ocrx_word' id='word_1_334' title='bbox 2880 2121 3157 2184; x_wconf 85' lang='lat' dir='ltr'><strong>eﬂicaciis,</strong></span> <span class='ocrx_word' id='word_1_335' title='bbox 3202 2135 3320 2188; x_wconf 69' lang='lat' dir='ltr'><strong>qum</strong></span> <span class='ocrx_word' id='word_1_336' title='bbox 3354 2118 3517 2171; x_wconf 80' lang='lat' dir='ltr'><strong>veluti</strong></span> 
     </span>
    </p>
   </div>
   <div class='ocr_carea' id='block_1_46' title="bbox 1945 2209 3522 2282">
    <p class='ocr_par' dir='ltr' id='par_1_46' title="bbox 1945 2209 3522 2282">
     <span class='ocr_line' id='line_1_46' title="bbox 1945 2209 3522 2282; baseline 0 -18"><span class='ocrx_word' id='word_1_337' title='bbox 1945 2211 2081 2266; x_wconf 89' lang='lat' dir='ltr'><strong>radii</strong></span> <span class='ocrx_word' id='word_1_338' title='bbox 2115 2227 2178 2267; x_wconf 87' lang='lat' dir='ltr'><strong>ac</strong></span> <span class='ocrx_word' id='word_1_339' title='bbox 2213 2212 2489 2282; x_wconf 88' lang='lat' dir='ltr'><strong>lampades</strong></span> <span class='ocrx_word' id='word_1_340' title='bbox 2532 2228 2597 2268; x_wconf 81' lang='lat' dir='ltr'><strong>ex</strong></span> <span class='ocrx_word' id='word_1_341' title='bbox 2643 2223 2838 2267; x_wconf 88' lang='lat' dir='ltr'><strong>natura</strong></span> <span class='ocrx_word' id='word_1_342' title='bbox 2876 2222 2965 2267; x_wconf 93' lang='lat' dir='ltr'><strong>tua</strong></span> <span class='ocrx_word' id='word_1_343' title='bbox 3009 2212 3353 2267; x_wconf 80' lang='lat' dir='ltr'><strong>scaturiunt?</strong></span> <span class='ocrx_word' id='word_1_344' title='bbox 3398 2209 3522 2264; x_wconf 76' lang='lat' dir='ltr'><strong>Ila-c</strong></span> 
     </span>
    </p>
   </div>
   <div class='ocr_carea' id='block_1_47' title="bbox 1942 2299 3522 2372">
    <p class='ocr_par' dir='ltr' id='par_1_47' title="bbox 1942 2299 3522 2372">
     <span class='ocr_line' id='line_1_47' title="bbox 1942 2299 3522 2372; baseline -0.001 -18"><span class='ocrx_word' id='word_1_345' title='bbox 1942 2299 2276 2355; x_wconf 89' lang='lat' dir='ltr'><strong>credibiliter</strong></span> <span class='ocrx_word' id='word_1_346' title='bbox 2310 2302 2553 2356; x_wconf 90' lang='lat' dir='ltr'><strong>dicerent</strong></span> <span class='ocrx_word' id='word_1_347' title='bbox 2577 2302 2612 2356; x_wconf 94' lang='lat' dir='ltr'><strong>ii</strong></span> <span class='ocrx_word' id='word_1_348' title='bbox 2646 2303 2735 2370; x_wconf 91' lang='lat' dir='ltr'><strong>qui</strong></span> <span class='ocrx_word' id='word_1_349' title='bbox 2769 2313 2989 2372; x_wconf 90' lang='lat' dir='ltr'><strong>peccato</strong></span> <span class='ocrx_word' id='word_1_350' title='bbox 3024 2301 3232 2356; x_wconf 89' lang='lat' dir='ltr'><strong>servire</strong></span> <span class='ocrx_word' id='word_1_351' title='bbox 3255 2299 3522 2354; x_wconf 82' lang='lat' dir='ltr'><strong>decrevis-</strong></span> 
     </span>
    </p>
   </div>
   <div class='ocr_carea' id='block_1_48' title="bbox 1942 2387 3519 2455">
    <p class='ocr_par' dir='ltr' id='par_1_48' title="bbox 1942 2387 3519 2455">
     <span class='ocr_line' id='line_1_48' title="bbox 1942 2387 3519 2455; baseline -0.002 -13"><span class='ocrx_word' id='word_1_352' title='bbox 1942 2401 2084 2455; x_wconf 89' lang='lat' dir='ltr'><strong>sent,</strong></span> <span class='ocrx_word' id='word_1_353' title='bbox 2109 2390 2153 2446; x_wconf 90' lang='lat' dir='ltr'><strong>si</strong></span> <span class='ocrx_word' id='word_1_354' title='bbox 2180 2391 2320 2445; x_wconf 90' lang='lat' dir='ltr'><strong>Deus</strong></span> <span class='ocrx_word' id='word_1_355' title='bbox 2334 2387 2573 2445; x_wconf 80' lang='lat' dir='ltr'><strong>Verbum</strong></span> <span class='ocrx_word' id='word_1_356' title='bbox 2597 2390 2722 2443; x_wconf 91' lang='lat' dir='ltr'><strong>dum</strong></span> <span class='ocrx_word' id='word_1_357' title='bbox 2749 2405 2875 2445; x_wconf 90' lang='lat' dir='ltr'><strong>vere</strong></span> <span class='ocrx_word' id='word_1_358' title='bbox 2895 2390 3168 2444; x_wconf 86' lang='lat' dir='ltr'><strong>hominem</strong></span> <span class='ocrx_word' id='word_1_359' title='bbox 3198 2399 3519 2449; x_wconf 85' lang='lat' dir='ltr'><strong>assumeret,</strong></span> 
     </span>
    </p>
   </div>
   <div class='ocr_carea' id='block_1_49' title="bbox 1945 2480 3448 2551">
    <p class='ocr_par' dir='ltr' id='par_1_49' title="bbox 1945 2480 3448 2551">
     <span class='ocr_line' id='line_1_49' title="bbox 1945 2480 3448 2551; baseline -0.002 -17"><span class='ocrx_word' id='word_1_360' title='bbox 1945 2481 2047 2534; x_wconf 87' lang='lat' dir='ltr'><strong>hac</strong></span> <span class='ocrx_word' id='word_1_361' title='bbox 2080 2481 2289 2535; x_wconf 87' lang='lat' dir='ltr'><strong>ratione</strong></span> <span class='ocrx_word' id='word_1_362' title='bbox 2322 2481 2735 2551; x_wconf 90' lang='lat' dir='ltr'><strong>impeccantiam</strong></span> <span class='ocrx_word' id='word_1_363' title='bbox 2770 2496 2921 2534; x_wconf 88' lang='lat' dir='ltr'><strong>suam</strong></span> <span class='ocrx_word' id='word_1_364' title='bbox 2952 2481 3055 2535; x_wconf 83' lang='lat' dir='ltr'><strong>sibi</strong></span> <span class='ocrx_word' id='word_1_365' title='bbox 3087 2480 3448 2535; x_wconf 79' lang='lat' dir='ltr'><strong>conciliasset.</strong></span> 
     </span>
    </p>
   </div>
   <div class='ocr_carea' id='block_1_50' title="bbox 254 2566 3521 2643">
    <p class='ocr_par' dir='ltr' id='par_1_50' title="bbox 254 2566 3521 2643">
     <span class='ocr_line' id='line_1_50' title="bbox 254 2566 3521 2643; baseline 0.001 -22"><span class='ocrx_word' id='word_1_366' title='bbox 254 2568 503 2641; x_wconf 82' lang='grc' dir='ltr'>ἁμαρτίᾳ</span> <span class='ocrx_word' id='word_1_367' title='bbox 547 2571 817 2625; x_wconf 84' lang='grc' dir='ltr'>δουλεύειν</span> <span class='ocrx_word' id='word_1_368' title='bbox 866 2573 1202 2642; x_wconf 83' lang='grc' dir='ltr'>αἱρούμενοι,</span> <span class='ocrx_word' id='word_1_369' title='bbox 1233 2576 1392 2643; x_wconf 81' lang='grc' dir='ltr'>είπερ</span> <span class='ocrx_word' id='word_1_370' title='bbox 1431 2574 1459 2624; x_wconf 87' lang='grc' dir='ltr'>ὁ</span> <span class='ocrx_word' id='word_1_371' title='bbox 1503 2570 1637 2634; x_wconf 85' lang='grc' dir='ltr'>Θεὸς</span> <span class='ocrx_word' id='word_1_372' title='bbox 1666 2570 1836 2638; x_wconf 83' lang='grc' dir='ltr'>Λόγος</span> <span class='ocrx_word' id='word_1_373' title='bbox 1878 2570 2092 2640; x_wconf 83' lang='grc' dir='ltr'>ἀληθῶς</span> <span class='ocrx_word' id='word_1_374' title='bbox 2143 2572 2211 2625; x_wconf 86' lang='grc' dir='ltr'><strong>ἂν</strong></span> <span class='ocrx_word' id='word_1_375' title='bbox 2262 2572 2617 2628; x_wconf 81' lang='grc' dir='ltr'>συνανέλαόεν</span> <span class='ocrx_word' id='word_1_376' title='bbox 2650 2566 2957 2643; x_wconf 78' lang='grc' dir='ltr'>ἄνθρωπον,</span> <span class='ocrx_word' id='word_1_377' title='bbox 2998 2571 3172 2642; x_wconf 83' lang='grc' dir='ltr'>τούτῳ</span> <span class='ocrx_word' id='word_1_378' title='bbox 3211 2569 3289 2641; x_wconf 81' lang='grc' dir='ltr'>τῷ</span> <span class='ocrx_word' id='word_1_379' title='bbox 3333 2570 3521 2641; x_wconf 83' lang='grc' dir='ltr'>τρόπῳ</span> 
     </span>
    </p>
   </div>
   <div class='ocr_carea' id='block_1_51' title="bbox 265 2662 1266 2735">
    <p class='ocr_par' dir='ltr' id='par_1_51' title="bbox 265 2662 1266 2735">
     <span class='ocr_line' id='line_1_51' title="bbox 265 2662 1266 2735; baseline 0.004 -23"><span class='ocrx_word' id='word_1_380' title='bbox 265 2662 718 2732; x_wconf 66' lang='grc' dir='ltr'>μηχανησάμενος</span> <span class='ocrx_word' id='word_1_381' title='bbox 758 2664 821 2717; x_wconf 90' lang='grc' dir='ltr'><strong>τὸ</strong></span> <span class='ocrx_word' id='word_1_382' title='bbox 860 2665 1266 2735; x_wconf 79' lang='grc' dir='ltr'>ἀναμάρτητον.</span> 
     </span>
    </p>
   </div>
   <div class='ocr_carea' id='block_1_52' title="bbox 255 2857 1837 2998">
    <p class='ocr_par' dir='ltr' id='par_1_52' title="bbox 255 2857 1837 2998">
     <span class='ocr_line' id='line_1_52' title="bbox 255 2857 1837 2998; baseline 0.003 -90"><span class='ocrx_word' id='word_1_383' title='bbox 255 2857 356 2911; x_wconf 78' lang='lat' dir='ltr'><strong>IZ&#39;.</strong></span> <span class='ocrx_word' id='word_1_384' title='bbox 379 2858 761 2927; x_wconf 82' lang='grc' dir='ltr'>Κατασκευὴ,</span> <span class='ocrx_word' id='word_1_385' title='bbox 776 2859 864 2913; x_wconf 83' lang='grc' dir='ltr'>ὅτι</span> <span class='ocrx_word' id='word_1_386' title='bbox 880 2861 1137 2998; x_wconf 46' lang='grc' dir='ltr'><strong>Ξῦἐέγοίἶ</strong></span> <span class='ocrx_word' id='word_1_387' title='bbox 1154 2860 1190 2927; x_wconf 78' lang='grc' dir='ltr'>ἡ</span> <span class='ocrx_word' id='word_1_388' title='bbox 1211 2859 1315 2913; x_wconf 88' lang='grc' dir='ltr'><strong>τοῦ</strong></span> <span class='ocrx_word' id='word_1_389' title='bbox 1332 2858 1442 2913; x_wconf 76' lang='grc' dir='ltr'>νοῦ</span> <span class='ocrx_word' id='word_1_390' title='bbox 1462 2857 1837 2927; x_wconf 80' lang='grc' dir='ltr'>ἀνθρωπίνου</span> 
     </span>
     <span class='ocr_line' id='line_1_53' title="bbox 922 2947 1607 2996; baseline 0.009 -15"><span class='ocrx_word' id='word_1_391' title='bbox 922 2948 959 2981; x_wconf 79' lang='grc' dir='ltr'><em>ν</em></span> <span class='ocrx_word' id='word_1_392' title='bbox 1044 2947 1079 2996; x_wconf 86' lang='grc' dir='ltr'><strong>η</strong></span> <span class='ocrx_word' id='word_1_393' title='bbox 1138 2948 1210 2996; x_wconf 84' lang='grc' dir='ltr'><strong>ις.</strong></span> <span class='ocrx_word' id='word_1_394' title='bbox 1600 2982 1607 2987; x_wconf 83' lang='grc'><strong>.</strong></span> 
     </span>
    </p>
   </div>
   <div class='ocr_carea' id='block_1_53' title="bbox 922 2947 1210 2996">
    <p class='ocr_par' dir='ltr' id='par_1_53' title="bbox 922 2947 1210 2996">
     <span class='ocr_line' id='line_1_54' title="bbox 922 2947 1210 2996; baseline 0.01 -15"><span class='ocrx_word' id='word_1_395' title='bbox 922 2947 1210 2996; x_wconf 67' lang='grc' dir='ltr'>ναληψις.</span> 
     </span>
    </p>
   </div>
   <div class='ocr_carea' id='block_1_54' title="bbox 342 3062 1836 3135">
    <p class='ocr_par' dir='ltr' id='par_1_54' title="bbox 342 3062 1836 3135">
     <span class='ocr_line' id='line_1_55' title="bbox 342 3062 1836 3135; baseline 0.002 -20"><span class='ocrx_word' id='word_1_396' title='bbox 342 3062 502 3117; x_wconf 80' lang='grc' dir='ltr'>Ἀλλά</span> <span class='ocrx_word' id='word_1_397' title='bbox 539 3065 636 3134; x_wconf 86' lang='grc' dir='ltr'>τὴν</span> <span class='ocrx_word' id='word_1_398' title='bbox 680 3065 778 3133; x_wconf 83' lang='grc' dir='ltr'>μὲν</span> <span class='ocrx_word' id='word_1_399' title='bbox 821 3063 1138 3135; x_wconf 87' lang='grc' dir='ltr'>ἀδολεσχίαν</span> <span class='ocrx_word' id='word_1_400' title='bbox 1175 3065 1402 3119; x_wconf 77' lang='grc' dir='ltr'>ἐκείνων</span> <span class='ocrx_word' id='word_1_401' title='bbox 1446 3064 1836 3134; x_wconf 84' lang='grc' dir='ltr'>καταλίπωμεν</span> 
     </span>
    </p>
   </div>
   <div class='ocr_carea' id='block_1_55' title="bbox 1946 2855 3521 2925">
    <p class='ocr_par' dir='ltr' id='par_1_55' title="bbox 1946 2855 3521 2925">
     <span class='ocr_line' id='line_1_56' title="bbox 1946 2855 3521 2925; baseline -0.003 -13"><span class='ocrx_word' id='word_1_402' title='bbox 1946 2857 2108 2915; x_wconf 80' lang='lat' dir='ltr'><strong>XVII.</strong></span> <span class='ocrx_word' id='word_1_403' title='bbox 2150 2859 2474 2924; x_wconf 81' lang='lat' dir='ltr'><strong>Argumenta</strong></span> <span class='ocrx_word' id='word_1_404' title='bbox 2525 2860 2593 2912; x_wconf 88' lang='lat' dir='ltr'><strong>ad</strong></span> <span class='ocrx_word' id='word_1_405' title='bbox 2635 2858 3098 2912; x_wconf 76' lang='lat' dir='ltr'><strong>demonstrandum</strong></span> <span class='ocrx_word' id='word_1_406' title='bbox 3143 2866 3279 2909; x_wconf 81' lang='lat' dir='ltr'><strong>recte</strong></span> <span class='ocrx_word' id='word_1_407' title='bbox 3321 2855 3521 2925; x_wconf 79' lang='lat' dir='ltr'><strong>fartam</strong></span> 
     </span>
    </p>
   </div>
   <div class='ocr_carea' id='block_1_56' title="bbox 2181 2929 3286 2998">
    <p class='ocr_par' dir='ltr' id='par_1_56' title="bbox 2181 2929 3286 2998">
     <span class='ocr_line' id='line_1_57' title="bbox 2181 2929 3286 2998; baseline -0.004 -17"><span class='ocrx_word' id='word_1_408' title='bbox 2181 2929 2343 2998; x_wconf 76' lang='lat' dir='ltr'><strong>fuisse</strong></span> <span class='ocrx_word' id='word_1_409' title='bbox 2372 2929 2557 2982; x_wconf 82' lang='lat' dir='ltr'><strong>mentis</strong></span> <span class='ocrx_word' id='word_1_410' title='bbox 2591 2930 2836 2983; x_wconf 81' lang='lat' dir='ltr'><strong>humana:</strong></span> <span class='ocrx_word' id='word_1_411' title='bbox 2858 2937 3286 2994; x_wconf 73' lang='lat' dir='ltr'><strong>assumptionem.</strong></span> 
     </span>
    </p>
   </div>
   <div class='ocr_carea' id='block_1_57' title="bbox 2014 3061 3519 3134">
    <p class='ocr_par' dir='ltr' id='par_1_57' title="bbox 2014 3061 3519 3134">
     <span class='ocr_line' id='line_1_58' title="bbox 2014 3061 3519 3134; baseline -0.005 -14"><span class='ocrx_word' id='word_1_412' title='bbox 2014 3063 2121 3120; x_wconf 91' lang='lat' dir='ltr'><strong>Sed</strong></span> <span class='ocrx_word' id='word_1_413' title='bbox 2168 3062 2280 3133; x_wconf 89' lang='lat' dir='ltr'><strong>jam</strong></span> <span class='ocrx_word' id='word_1_414' title='bbox 2332 3062 2557 3118; x_wconf 92' lang='lat' dir='ltr'><strong>istorum</strong></span> <span class='ocrx_word' id='word_1_415' title='bbox 2597 3077 2767 3134; x_wconf 86' lang='lat' dir='ltr'><strong>nugas</strong></span> <span class='ocrx_word' id='word_1_416' title='bbox 2798 3063 2851 3117; x_wconf 92' lang='lat' dir='ltr'><strong>in</strong></span> <span class='ocrx_word' id='word_1_417' title='bbox 2883 3062 3137 3133; x_wconf 65' lang='lat' dir='ltr'><strong>praesenti</strong></span> <span class='ocrx_word' id='word_1_418' title='bbox 3183 3061 3519 3115; x_wconf 88' lang='lat' dir='ltr'><strong>omittamus.</strong></span> 
     </span>
    </p>
   </div>
   <div class='ocr_carea' id='block_1_58' title="bbox 257 3133 1839 3228">
    <p class='ocr_par' dir='ltr' id='par_1_58' title="bbox 257 3133 1837 3228">
     <span class='ocr_line' id='line_1_59' title="bbox 257 3133 1837 3228; baseline 0.001 -22"><span class='ocrx_word' id='word_1_419' title='bbox 257 3155 350 3206; x_wconf 72' lang='grc' dir='ltr'><strong>ἐπὶ</strong></span> <span class='ocrx_word' id='word_1_420' title='bbox 395 3154 489 3207; x_wconf 85' lang='grc' dir='ltr'><strong>τοῦ</strong></span> <span class='ocrx_word' id='word_1_421' title='bbox 542 3133 840 3226; x_wconf 74' lang='grc' dir='ltr'>παρόντοςο</span> <span class='ocrx_word' id='word_1_422' title='bbox 882 3133 1047 3228; x_wconf 78' lang='grc' dir='ltr'>ἡμεῖς</span> <span class='ocrx_word' id='word_1_423' title='bbox 1088 3158 1144 3210; x_wconf 82' lang='grc' dir='ltr'>δὲ</span> <span class='ocrx_word' id='word_1_424' title='bbox 1191 3157 1283 3210; x_wconf 71' lang='grc' dir='ltr'><strong>ἐπὶ</strong></span> <span class='ocrx_word' id='word_1_425' title='bbox 1325 3158 1425 3228; x_wconf 78' lang='grc' dir='ltr'>τὴν</span> <span class='ocrx_word' id='word_1_426' title='bbox 1468 3133 1837 3228; x_wconf 83' lang='grc' dir='ltr'>προκειμένην</span> 
     </span>
    </p>
   </div>
   <div class='ocr_carea' id='block_1_59' title="bbox 1941 3133 3519 3228">
    <p class='ocr_par' dir='ltr' id='par_1_59' title="bbox 1941 3133 3519 3222">
     <span class='ocr_line' id='line_1_60' title="bbox 1941 3133 3519 3222; baseline -0.002 -15"><span class='ocrx_word' id='word_1_427' title='bbox 1941 3152 2049 3209; x_wconf 85' lang='lat' dir='ltr'><strong>Nos</strong></span> <span class='ocrx_word' id='word_1_428' title='bbox 2090 3168 2222 3209; x_wconf 89' lang='lat' dir='ltr'><strong>vero</strong></span> <span class='ocrx_word' id='word_1_429' title='bbox 2253 3151 2319 3206; x_wconf 88' lang='lat' dir='ltr'><strong>ad</strong></span> <span class='ocrx_word' id='word_1_430' title='bbox 2354 3133 2691 3222; x_wconf 15' lang='lat' dir='ltr'><strong>propositum,</strong></span> <span class='ocrx_word' id='word_1_431' title='bbox 2733 3161 3113 3222; x_wconf 86' lang='lat' dir='ltr'><strong>argumentum</strong></span> <span class='ocrx_word' id='word_1_432' title='bbox 3160 3159 3519 3213; x_wconf 88' lang='lat' dir='ltr'><strong>revertamur,</strong></span> 
     </span>
    </p>
   </div>
   <div class='ocr_carea' id='block_1_60' title="bbox 259 3242 1835 3317">
    <p class='ocr_par' dir='ltr' id='par_1_60' title="bbox 259 3242 1835 3317">
     <span class='ocr_line' id='line_1_61' title="bbox 259 3242 1835 3317; baseline 0.004 -22"><span class='ocrx_word' id='word_1_433' title='bbox 259 3242 517 3296; x_wconf 76' lang='grc' dir='ltr'>ὑπόθεσιν</span> <span class='ocrx_word' id='word_1_434' title='bbox 542 3245 948 3315; x_wconf 87' lang='grc' dir='ltr'>ἐπανέλθωμεν,</span> <span class='ocrx_word' id='word_1_435' title='bbox 982 3248 1075 3298; x_wconf 77' lang='grc' dir='ltr'>καὶ</span> <span class='ocrx_word' id='word_1_436' title='bbox 1101 3246 1365 3317; x_wconf 82' lang='grc' dir='ltr'>δείξωμεν</span> <span class='ocrx_word' id='word_1_437' title='bbox 1390 3247 1489 3317; x_wconf 76' lang='grc' dir='ltr'>τὴν</span> <span class='ocrx_word' id='word_1_438' title='bbox 1519 3247 1613 3300; x_wconf 89' lang='grc' dir='ltr'><strong>τοῦ</strong></span> <span class='ocrx_word' id='word_1_439' title='bbox 1648 3246 1835 3317; x_wconf 82' lang='grc' dir='ltr'>Σωτῆ-</span> 
     </span>
    </p>
   </div>
   <div class='ocr_carea' id='block_1_61' title="bbox 261 3335 1840 3409">
    <p class='ocr_par' dir='ltr' id='par_1_61' title="bbox 261 3335 1840 3409">
     <span class='ocr_line' id='line_1_62' title="bbox 261 3335 1840 3409; baseline 0.004 -23"><span class='ocrx_word' id='word_1_440' title='bbox 261 3348 352 3403; x_wconf 85' lang='grc' dir='ltr'><strong>ρος</strong></span> <span class='ocrx_word' id='word_1_441' title='bbox 380 3335 536 3405; x_wconf 85' lang='grc' dir='ltr'>ήμῶν</span> <span class='ocrx_word' id='word_1_442' title='bbox 558 3337 873 3405; x_wconf 76' lang='grc' dir='ltr'>οἰκονομίαν</span> <span class='ocrx_word' id='word_1_443' title='bbox 905 3338 1221 3405; x_wconf 87' lang='grc' dir='ltr'>ἀναγκαίως</span> <span class='ocrx_word' id='word_1_444' title='bbox 1250 3339 1644 3409; x_wconf 88' lang='grc' dir='ltr'>γεγενημένην.</span> <span class='ocrx_word' id='word_1_445' title='bbox 1662 3340 1840 3392; x_wconf 83' lang='grc' dir='ltr'>Ἐπει-</span> 
     </span>
    </p>
   </div>
   <div class='ocr_carea' id='block_1_62' title="bbox 256 3423 1836 3499">
    <p class='ocr_par' dir='ltr' id='par_1_62' title="bbox 256 3423 1836 3499">
     <span class='ocr_line' id='line_1_63' title="bbox 256 3423 1836 3499; baseline 0.004 -24"><span class='ocrx_word' id='word_1_446' title='bbox 256 3423 321 3491; x_wconf 82' lang='grc' dir='ltr'>δὴ</span> <span class='ocrx_word' id='word_1_447' title='bbox 348 3424 456 3495; x_wconf 86' lang='grc' dir='ltr'>γὰρ</span> <span class='ocrx_word' id='word_1_448' title='bbox 485 3424 630 3489; x_wconf 81' lang='grc' dir='ltr'>ἄπας</span> <span class='ocrx_word' id='word_1_449' title='bbox 656 3428 684 3479; x_wconf 88' lang='grc' dir='ltr'>ὁ</span> <span class='ocrx_word' id='word_1_450' title='bbox 710 3426 993 3497; x_wconf 81' lang='grc' dir='ltr'>ἄνθρωπος</span> <span class='ocrx_word' id='word_1_451' title='bbox 1018 3428 1297 3499; x_wconf 77' lang='grc' dir='ltr'>ἠπατήθη,</span> <span class='ocrx_word' id='word_1_452' title='bbox 1324 3428 1416 3481; x_wconf 72' lang='grc' dir='ltr'><strong>καὶ</strong></span> <span class='ocrx_word' id='word_1_453' title='bbox 1442 3429 1588 3491; x_wconf 83' lang='grc' dir='ltr'>ἀπας</span> <span class='ocrx_word' id='word_1_454' title='bbox 1616 3428 1720 3481; x_wconf 81' lang='grc' dir='ltr'><strong>ὑπὸ</strong></span> <span class='ocrx_word' id='word_1_455' title='bbox 1738 3427 1836 3498; x_wconf 82' lang='grc' dir='ltr'><strong>τὴν</strong></span> 
     </span>
    </p>
   </div>
   <div class='ocr_carea' id='block_1_63' title="bbox 258 3516 1837 3593">
    <p class='ocr_par' dir='ltr' id='par_1_63' title="bbox 258 3516 1837 3593">
     <span class='ocr_line' id='line_1_64' title="bbox 258 3516 1837 3593; baseline 0.003 -26"><span class='ocrx_word' id='word_1_456' title='bbox 258 3516 535 3587; x_wconf 81' lang='grc' dir='ltr'>ἁμαρτίαν</span> <span class='ocrx_word' id='word_1_457' title='bbox 558 3519 794 3587; x_wconf 77' lang='grc' dir='ltr'>ἐγένετο,</span> <span class='ocrx_word' id='word_1_458' title='bbox 808 3519 901 3572; x_wconf 73' lang='grc' dir='ltr'><strong>καὶ</strong></span> <span class='ocrx_word' id='word_1_459' title='bbox 926 3519 1031 3589; x_wconf 86' lang='grc' dir='ltr'><strong>πρὸ</strong></span> <span class='ocrx_word' id='word_1_460' title='bbox 1052 3519 1145 3572; x_wconf 83' lang='grc' dir='ltr'><strong>τοῦ</strong></span> <span class='ocrx_word' id='word_1_461' title='bbox 1168 3520 1419 3590; x_wconf 83' lang='grc' dir='ltr'>σώματος</span> <span class='ocrx_word' id='word_1_462' title='bbox 1438 3522 1495 3574; x_wconf 81' lang='grc' dir='ltr'>δὲ</span> <span class='ocrx_word' id='word_1_463' title='bbox 1509 3521 1606 3593; x_wconf 82' lang='grc' dir='ltr'>τὴν</span> <span class='ocrx_word' id='word_1_464' title='bbox 1622 3522 1837 3591; x_wconf 82' lang='grc' dir='ltr'>ἀπάτην</span> 
     </span>
    </p>
   </div>
   <div class='ocr_carea' id='block_1_64' title="bbox 256 3608 1838 3684">
    <p class='ocr_par' dir='ltr' id='par_1_64' title="bbox 256 3608 1838 3684">
     <span class='ocr_line' id='line_1_65' title="bbox 256 3608 1838 3684; baseline 0.004 -24"><span class='ocrx_word' id='word_1_465' title='bbox 256 3610 285 3660; x_wconf 83' lang='grc' dir='ltr'><strong>ό</strong></span> <span class='ocrx_word' id='word_1_466' title='bbox 307 3608 430 3671; x_wconf 89' lang='grc' dir='ltr'>νοῦς</span> <span class='ocrx_word' id='word_1_467' title='bbox 456 3610 750 3675; x_wconf 82' lang='grc' dir='ltr'>ὑπεδέξατο</span> <span class='ocrx_word' id='word_1_468' title='bbox 765 3629 777 3640; x_wconf 89' lang='grc'><strong>·</strong></span> <span class='ocrx_word' id='word_1_469' title='bbox 804 3615 837 3683; x_wconf 81' lang='grc' dir='ltr'>ἡ</span> <span class='ocrx_word' id='word_1_470' title='bbox 860 3611 954 3664; x_wconf 88' lang='grc' dir='ltr'><strong>τοῦ</strong></span> <span class='ocrx_word' id='word_1_471' title='bbox 979 3612 1069 3665; x_wconf 87' lang='grc' dir='ltr'><strong>νοῦ</strong></span> <span class='ocrx_word' id='word_1_472' title='bbox 1093 3613 1200 3683; x_wconf 86' lang='grc' dir='ltr'><strong>γάρ</strong></span> <span class='ocrx_word' id='word_1_473' title='bbox 1222 3615 1486 3684; x_wconf 85' lang='grc' dir='ltr'>πρότερον</span> <span class='ocrx_word' id='word_1_474' title='bbox 1506 3613 1838 3681; x_wconf 75' lang='grc' dir='ltr'>συγκατάθεο</span> 
     </span>
    </p>
   </div>
   <div class='ocr_carea' id='block_1_65' title="bbox 259 3699 1885 3777">
    <p class='ocr_par' dir='ltr' id='par_1_65' title="bbox 259 3699 1885 3777">
     <span class='ocr_line' id='line_1_66' title="bbox 259 3699 1885 3777; baseline 0.006 -26"><span class='ocrx_word' id='word_1_475' title='bbox 259 3717 343 3762; x_wconf 89' lang='grc' dir='ltr'><strong>σις</strong></span> <span class='ocrx_word' id='word_1_476' title='bbox 360 3700 457 3771; x_wconf 83' lang='grc' dir='ltr'>τὴν</span> <span class='ocrx_word' id='word_1_477' title='bbox 479 3704 755 3772; x_wconf 87' lang='grc' dir='ltr'>ἁμαρτίαν</span> <span class='ocrx_word' id='word_1_478' title='bbox 778 3708 1130 3775; x_wconf 86' lang='grc' dir='ltr'>σκιαγραφεῖ,</span> <span class='ocrx_word' id='word_1_479' title='bbox 1154 3699 1254 3757; x_wconf 83' lang='grc' dir='ltr'>εἷθ’</span> <span class='ocrx_word' id='word_1_480' title='bbox 1274 3704 1446 3768; x_wconf 79' lang='grc' dir='ltr'>οὕτως</span> <span class='ocrx_word' id='word_1_481' title='bbox 1464 3705 1553 3758; x_wconf 83' lang='grc' dir='ltr'>διὰ</span> <span class='ocrx_word' id='word_1_482' title='bbox 1573 3706 1673 3775; x_wconf 88' lang='grc' dir='ltr'>τῆς</span> <span class='ocrx_word' id='word_1_483' title='bbox 1694 3707 1838 3777; x_wconf 85' lang='grc' dir='ltr'>ἐνερ-</span> <span class='ocrx_word' id='word_1_484' title='bbox 1882 3774 1885 3777; x_wconf 18' lang='grc' dir='ltr'><em>Α</em></span> 
     </span>
    </p>
   </div>
   <div class='ocr_carea' id='block_1_66' title="bbox 259 3791 1837 3867">
    <p class='ocr_par' dir='ltr' id='par_1_66' title="bbox 259 3791 1837 3867">
     <span class='ocr_line' id='line_1_67' title="bbox 259 3791 1837 3867; baseline 0.004 -25"><span class='ocrx_word' id='word_1_485' title='bbox 259 3791 410 3856; x_wconf 87' lang='grc' dir='ltr'>γείας</span> <span class='ocrx_word' id='word_1_486' title='bbox 451 3793 513 3844; x_wconf 92' lang='grc' dir='ltr'><strong>τὸ</strong></span> <span class='ocrx_word' id='word_1_487' title='bbox 559 3794 715 3864; x_wconf 90' lang='grc' dir='ltr'>σῶμα</span> <span class='ocrx_word' id='word_1_488' title='bbox 756 3794 961 3865; x_wconf 91' lang='grc' dir='ltr'>ταύτην</span> <span class='ocrx_word' id='word_1_489' title='bbox 996 3798 1215 3865; x_wconf 87' lang='grc' dir='ltr'>μορφοῖ,</span> <span class='ocrx_word' id='word_1_490' title='bbox 1258 3797 1532 3858; x_wconf 80' lang='grc' dir='ltr'>εἰκότωςὸ</span> <span class='ocrx_word' id='word_1_491' title='bbox 1556 3797 1837 3867; x_wconf 83' lang='grc' dir='ltr'>Δεσπότης</span> 
     </span>
    </p>
   </div>
   <div class='ocr_carea' id='block_1_67' title="bbox 258 3884 1838 3956">
    <p class='ocr_par' dir='ltr' id='par_1_67' title="bbox 258 3884 1838 3956">
     <span class='ocr_line' id='line_1_68' title="bbox 258 3884 1838 3956; baseline 0.001 -21"><span class='ocrx_word' id='word_1_492' title='bbox 258 3884 493 3953; x_wconf 80' lang='grc' dir='ltr'>Χριστὸς</span> <span class='ocrx_word' id='word_1_493' title='bbox 533 3884 633 3954; x_wconf 82' lang='grc' dir='ltr'><strong>τὴν</strong></span> <span class='ocrx_word' id='word_1_494' title='bbox 667 3889 1016 3941; x_wconf 84' lang='grc' dir='ltr'>πεπτωκυῖαν</span> <span class='ocrx_word' id='word_1_495' title='bbox 1057 3886 1218 3954; x_wconf 88' lang='grc' dir='ltr'>φύσιν</span> <span class='ocrx_word' id='word_1_496' title='bbox 1245 3886 1546 3956; x_wconf 85' lang='grc' dir='ltr'>ἀναστῆσαι</span> <span class='ocrx_word' id='word_1_497' title='bbox 1579 3885 1838 3955; x_wconf 84' lang='grc' dir='ltr'>βουλόμε-</span> 
     </span>
    </p>
   </div>
   <div class='ocr_carea' id='block_1_68' title="bbox 258 3975 1839 4047">
    <p class='ocr_par' dir='ltr' id='par_1_68' title="bbox 258 3975 1839 4047">
     <span class='ocr_line' id='line_1_69' title="bbox 258 3975 1839 4047; baseline 0.002 -22"><span class='ocrx_word' id='word_1_498' title='bbox 258 3990 369 4038; x_wconf 86' lang='grc' dir='ltr'>νος,</span> <span class='ocrx_word' id='word_1_499' title='bbox 417 3976 549 4026; x_wconf 79' lang='grc' dir='ltr'>πᾶσι</span> <span class='ocrx_word' id='word_1_500' title='bbox 589 3977 748 4044; x_wconf 91' lang='grc' dir='ltr'>χεῖρα</span> <span class='ocrx_word' id='word_1_501' title='bbox 788 3976 1007 4046; x_wconf 87' lang='grc' dir='ltr'>ὀρέγει,</span> <span class='ocrx_word' id='word_1_502' title='bbox 1052 3976 1146 4029; x_wconf 73' lang='grc' dir='ltr'><strong>καὶ</strong></span> <span class='ocrx_word' id='word_1_503' title='bbox 1188 3975 1446 4047; x_wconf 84' lang='grc' dir='ltr'>κειμένην</span> <span class='ocrx_word' id='word_1_504' title='bbox 1489 3976 1693 4045; x_wconf 82' lang='grc' dir='ltr'>ἐγείρει</span> <span class='ocrx_word' id='word_1_505' title='bbox 1741 3976 1839 4044; x_wconf 78' lang='grc' dir='ltr'>τὴν</span> 
     </span>
    </p>
   </div>
   <div class='ocr_carea' id='block_1_69' title="bbox 260 4062 1839 4134">
    <p class='ocr_par' dir='ltr' id='par_1_69' title="bbox 260 4062 1839 4134">
     <span class='ocr_line' id='line_1_70' title="bbox 260 4062 1839 4134; baseline 0.001 -19"><span class='ocrx_word' id='word_1_506' title='bbox 260 4062 459 4132; x_wconf 83' lang='grc' dir='ltr'>σάρκα,</span> <span class='ocrx_word' id='word_1_507' title='bbox 484 4082 555 4133; x_wconf 86' lang='grc' dir='ltr'><strong>φη</strong></span> <span class='ocrx_word' id='word_1_508' title='bbox 566 4065 645 4134; x_wconf 73' lang='grc' dir='ltr'>μὶ,</span> <span class='ocrx_word' id='word_1_509' title='bbox 666 4065 756 4117; x_wconf 77' lang='grc' dir='ltr'><strong>καὶ</strong></span> <span class='ocrx_word' id='word_1_510' title='bbox 777 4067 867 4117; x_wconf 91' lang='grc' dir='ltr'><strong>τὸν</strong></span> <span class='ocrx_word' id='word_1_511' title='bbox 891 4064 1035 4127; x_wconf 87' lang='grc' dir='ltr'>νοῦν,</span> <span class='ocrx_word' id='word_1_512' title='bbox 1054 4066 1113 4128; x_wconf 84' lang='grc' dir='ltr'>ὃς</span> <span class='ocrx_word' id='word_1_513' title='bbox 1134 4067 1375 4133; x_wconf 86' lang='grc' dir='ltr'>ἐγεγόνει</span> <span class='ocrx_word' id='word_1_514' title='bbox 1400 4067 1518 4118; x_wconf 85' lang='grc' dir='ltr'>κατ’</span> <span class='ocrx_word' id='word_1_515' title='bbox 1540 4065 1723 4117; x_wconf 85' lang='grc' dir='ltr'>εἰκόνα</span> <span class='ocrx_word' id='word_1_516' title='bbox 1744 4064 1839 4118; x_wconf 89' lang='grc' dir='ltr'><strong>τοῦ</strong></span> 
     </span>
    </p>
   </div>
   <div class='ocr_carea' id='block_1_70' title="bbox 258 4156 1839 4228">
    <p class='ocr_par' dir='ltr' id='par_1_70' title="bbox 258 4156 1839 4228">
     <span class='ocr_line' id='line_1_71' title="bbox 258 4156 1839 4228; baseline 0.002 -20"><span class='ocrx_word' id='word_1_517' title='bbox 258 4156 588 4219; x_wconf 77' lang='grc' dir='ltr'>κτίσαντος·</span> <span class='ocrx_word' id='word_1_518' title='bbox 613 4157 843 4226; x_wconf 89' lang='grc' dir='ltr'>ἀόρατός</span> <span class='ocrx_word' id='word_1_519' title='bbox 877 4174 936 4208; x_wconf 89' lang='grc' dir='ltr'><strong>τε</strong></span> <span class='ocrx_word' id='word_1_520' title='bbox 978 4158 1085 4226; x_wconf 89' lang='grc' dir='ltr'><strong>γάρ</strong></span> <span class='ocrx_word' id='word_1_521' title='bbox 1128 4159 1265 4220; x_wconf 83' lang='grc' dir='ltr'>ἐστι,</span> <span class='ocrx_word' id='word_1_522' title='bbox 1290 4157 1382 4211; x_wconf 76' lang='grc' dir='ltr'><strong>καὶ</strong></span> <span class='ocrx_word' id='word_1_523' title='bbox 1404 4157 1652 4219; x_wconf 89' lang='grc' dir='ltr'>ἀθέατος,</span> <span class='ocrx_word' id='word_1_524' title='bbox 1676 4158 1839 4228; x_wconf 86' lang='grc' dir='ltr'>ἀνέφ-</span> 
     </span>
    </p>
   </div>
   <div class='ocr_carea' id='block_1_71' title="bbox 260 4245 1834 4318">
    <p class='ocr_par' dir='ltr' id='par_1_71' title="bbox 260 4245 1834 4318">
     <span class='ocr_line' id='line_1_72' title="bbox 260 4245 1834 4318; baseline 0.002 -19"><span class='ocrx_word' id='word_1_525' title='bbox 260 4247 408 4309; x_wconf 82' lang='grc' dir='ltr'>ικτός</span> <span class='ocrx_word' id='word_1_526' title='bbox 443 4264 502 4297; x_wconf 90' lang='grc' dir='ltr'><strong>τε</strong></span> <span class='ocrx_word' id='word_1_527' title='bbox 536 4245 629 4298; x_wconf 73' lang='grc' dir='ltr'><strong>καὶ</strong></span> <span class='ocrx_word' id='word_1_528' title='bbox 664 4246 1068 4316; x_wconf 88' lang='grc' dir='ltr'>ἀκατάληπτος,</span> <span class='ocrx_word' id='word_1_529' title='bbox 1092 4247 1198 4299; x_wconf 79' lang='grc' dir='ltr'>οὐδ’</span> <span class='ocrx_word' id='word_1_530' title='bbox 1222 4248 1415 4301; x_wconf 86' lang='grc' dir='ltr'>ἐαυτὸν</span> <span class='ocrx_word' id='word_1_531' title='bbox 1457 4249 1834 4318; x_wconf 85' lang='grc' dir='ltr'>ἐπιστάμενος,</span> 
     </span>
    </p>
   </div>
   <div class='ocr_carea' id='block_1_72' title="bbox 260 4337 1839 4412">
    <p class='ocr_par' dir='ltr' id='par_1_72' title="bbox 260 4337 1839 4412">
     <span class='ocr_line' id='line_1_73' title="bbox 260 4337 1839 4412; baseline 0.001 -20"><span class='ocrx_word' id='word_1_532' title='bbox 260 4338 398 4409; x_wconf 87' lang='grc' dir='ltr'>πρὸς</span> <span class='ocrx_word' id='word_1_533' title='bbox 437 4338 494 4391; x_wconf 86' lang='grc' dir='ltr'>δὲ</span> <span class='ocrx_word' id='word_1_534' title='bbox 536 4337 748 4401; x_wconf 88' lang='grc' dir='ltr'>τούτοις</span> <span class='ocrx_word' id='word_1_535' title='bbox 787 4339 880 4391; x_wconf 74' lang='grc' dir='ltr'><strong>καὶ</strong></span> <span class='ocrx_word' id='word_1_536' title='bbox 903 4339 1309 4411; x_wconf 81' lang='grc' dir='ltr'>ἀπερίγραφός·</span> <span class='ocrx_word' id='word_1_537' title='bbox 1334 4341 1491 4411; x_wconf 81' lang='grc' dir='ltr'>εῖπερ</span> <span class='ocrx_word' id='word_1_538' title='bbox 1512 4343 1591 4403; x_wconf 89' lang='grc' dir='ltr'><strong>εἰς</strong></span> <span class='ocrx_word' id='word_1_539' title='bbox 1611 4342 1709 4412; x_wconf 85' lang='grc' dir='ltr'>τὴν</span> <span class='ocrx_word' id='word_1_540' title='bbox 1730 4342 1839 4395; x_wconf 89' lang='grc' dir='ltr'><strong>τῶν</strong></span> 
     </span>
    </p>
   </div>
   <div class='ocr_carea' id='block_1_73' title="bbox 1940 3240 3523 3314">
    <p class='ocr_par' dir='ltr' id='par_1_73' title="bbox 1940 3240 3523 3314">
     <span class='ocr_line' id='line_1_74' title="bbox 1940 3240 3523 3314; baseline -0.003 -17"><span class='ocrx_word' id='word_1_541' title='bbox 1940 3254 2101 3314; x_wconf 88' lang='lat' dir='ltr'><strong>atque</strong></span> <span class='ocrx_word' id='word_1_542' title='bbox 2140 3245 2571 3299; x_wconf 83' lang='lat' dir='ltr'><strong>demonstremus</strong></span> <span class='ocrx_word' id='word_1_543' title='bbox 2608 3242 2976 3299; x_wconf 86' lang='lat' dir='ltr'><strong>necessariam</strong></span> <span class='ocrx_word' id='word_1_544' title='bbox 3009 3241 3182 3298; x_wconf 89' lang='lat' dir='ltr'><strong>fuisse</strong></span> <span class='ocrx_word' id='word_1_545' title='bbox 3210 3240 3523 3296; x_wconf 87' lang='lat' dir='ltr'><strong>Servatoris</strong></span> 
     </span>
    </p>
   </div>
   <div class='ocr_carea' id='block_1_74' title="bbox 1939 3332 3523 3402">
    <p class='ocr_par' dir='ltr' id='par_1_74' title="bbox 1939 3332 3523 3402">
     <span class='ocr_line' id='line_1_75' title="bbox 1939 3332 3523 3402; baseline -0.003 -10"><span class='ocrx_word' id='word_1_546' title='bbox 1939 3335 2111 3392; x_wconf 88' lang='lat' dir='ltr'><strong>nostri</strong></span> <span class='ocrx_word' id='word_1_547' title='bbox 2150 3334 2603 3390; x_wconf 84' lang='lat' dir='ltr'><strong>incarnationem.</strong></span> <span class='ocrx_word' id='word_1_548' title='bbox 2643 3334 2780 3402; x_wconf 87' lang='lat' dir='ltr'><strong>Quia</strong></span> <span class='ocrx_word' id='word_1_549' title='bbox 2811 3334 2956 3390; x_wconf 91' lang='lat' dir='ltr'><strong>enim</strong></span> <span class='ocrx_word' id='word_1_550' title='bbox 2987 3342 3131 3390; x_wconf 86' lang='lat' dir='ltr'><strong>totus</strong></span> <span class='ocrx_word' id='word_1_551' title='bbox 3160 3334 3322 3389; x_wconf 90' lang='lat' dir='ltr'><strong>homo</strong></span> <span class='ocrx_word' id='word_1_552' title='bbox 3363 3332 3523 3388; x_wconf 86' lang='lat' dir='ltr'><strong>dece-</strong></span> 
     </span>
    </p>
   </div>
   <div class='ocr_carea' id='block_1_75' title="bbox 1940 3424 3525 3497">
    <p class='ocr_par' dir='ltr' id='par_1_75' title="bbox 1940 3424 3525 3497">
     <span class='ocr_line' id='line_1_76' title="bbox 1940 3424 3525 3497; baseline -0.004 -14"><span class='ocrx_word' id='word_1_553' title='bbox 1940 3438 2064 3497; x_wconf 91' lang='lat' dir='ltr'><strong>ptus</strong></span> <span class='ocrx_word' id='word_1_554' title='bbox 2104 3426 2303 3493; x_wconf 89' lang='lat' dir='ltr'><strong>fuerat,</strong></span> <span class='ocrx_word' id='word_1_555' title='bbox 2338 3435 2589 3495; x_wconf 89' lang='lat' dir='ltr'><strong>totusque</strong></span> <span class='ocrx_word' id='word_1_556' title='bbox 2620 3428 2720 3482; x_wconf 89' lang='lat' dir='ltr'><strong>sub</strong></span> <span class='ocrx_word' id='word_1_557' title='bbox 2769 3434 3055 3497; x_wconf 90' lang='lat' dir='ltr'><strong>peccatum</strong></span> <span class='ocrx_word' id='word_1_558' title='bbox 3111 3424 3409 3489; x_wconf 81' lang='lat' dir='ltr'><strong>deciderat,</strong></span> <span class='ocrx_word' id='word_1_559' title='bbox 3465 3432 3525 3482; x_wconf 66' lang='lat' dir='ltr'><strong>et</strong></span> 
     </span>
    </p>
   </div>
   <div class='ocr_carea' id='block_1_76' title="bbox 1939 3516 3523 3589">
    <p class='ocr_par' dir='ltr' id='par_1_76' title="bbox 1939 3516 3523 3589">
     <span class='ocr_line' id='line_1_77' title="bbox 1939 3516 3523 3589; baseline -0.002 -16"><span class='ocrx_word' id='word_1_560' title='bbox 1939 3529 2067 3576; x_wconf 90' lang='lat' dir='ltr'><strong>ante</strong></span> <span class='ocrx_word' id='word_1_561' title='bbox 2104 3519 2281 3589; x_wconf 91' lang='lat' dir='ltr'><strong>ipsum</strong></span> <span class='ocrx_word' id='word_1_562' title='bbox 2307 3533 2507 3586; x_wconf 89' lang='lat' dir='ltr'><strong>corpus</strong></span> <span class='ocrx_word' id='word_1_563' title='bbox 2544 3532 2699 3574; x_wconf 89' lang='lat' dir='ltr'><strong>mens</strong></span> <span class='ocrx_word' id='word_1_564' title='bbox 2726 3533 2967 3575; x_wconf 90' lang='lat' dir='ltr'><strong>errorem</strong></span> <span class='ocrx_word' id='word_1_565' title='bbox 2999 3516 3332 3584; x_wconf 85' lang='lat' dir='ltr'><strong>admiserat;</strong></span> <span class='ocrx_word' id='word_1_566' title='bbox 3368 3531 3523 3571; x_wconf 86' lang='lat' dir='ltr'><strong>nam-</strong></span> 
     </span>
    </p>
   </div>
   <div class='ocr_carea' id='block_1_77' title="bbox 1941 3608 3523 3682">
    <p class='ocr_par' dir='ltr' id='par_1_77' title="bbox 1941 3608 3523 3682">
     <span class='ocr_line' id='line_1_78' title="bbox 1941 3608 3523 3682; baseline -0.003 -16"><span class='ocrx_word' id='word_1_567' title='bbox 1941 3626 2045 3682; x_wconf 83' lang='lat' dir='ltr'><strong>que</strong></span> <span class='ocrx_word' id='word_1_568' title='bbox 2066 3618 2223 3666; x_wconf 86' lang='lat' dir='ltr'><strong>antea</strong></span> <span class='ocrx_word' id='word_1_569' title='bbox 2245 3610 2443 3666; x_wconf 91' lang='lat' dir='ltr'><strong>mentis</strong></span> <span class='ocrx_word' id='word_1_570' title='bbox 2465 3624 2764 3665; x_wconf 89' lang='lat' dir='ltr'><strong>consensus</strong></span> <span class='ocrx_word' id='word_1_571' title='bbox 2783 3618 3065 3679; x_wconf 90' lang='lat' dir='ltr'><strong>peccatum</strong></span> <span class='ocrx_word' id='word_1_572' title='bbox 3097 3608 3351 3672; x_wconf 88' lang='lat' dir='ltr'><strong>delineat,</strong></span> <span class='ocrx_word' id='word_1_573' title='bbox 3370 3608 3523 3662; x_wconf 88' lang='lat' dir='ltr'><strong>dein-</strong></span> 
     </span>
    </p>
   </div>
   <div class='ocr_carea' id='block_1_78' title="bbox 1942 3700 3524 3773">
    <p class='ocr_par' dir='ltr' id='par_1_78' title="bbox 1942 3700 3524 3773">
     <span class='ocr_line' id='line_1_79' title="bbox 1942 3700 3524 3773; baseline -0.003 -15"><span class='ocrx_word' id='word_1_574' title='bbox 1942 3706 2009 3758; x_wconf 91' lang='lat' dir='ltr'><strong>de</strong></span> <span class='ocrx_word' id='word_1_575' title='bbox 2056 3704 2350 3772; x_wconf 48' lang='lat' dir='ltr'><strong>id‘corpus</strong></span> <span class='ocrx_word' id='word_1_576' title='bbox 2396 3718 2494 3772; x_wconf 88' lang='lat' dir='ltr'><strong>per</strong></span> <span class='ocrx_word' id='word_1_577' title='bbox 2533 3717 2687 3757; x_wconf 89' lang='lat' dir='ltr'><strong>suam</strong></span> <span class='ocrx_word' id='word_1_578' title='bbox 2744 3703 3009 3758; x_wconf 89' lang='lat' dir='ltr'><strong>actionem</strong></span> <span class='ocrx_word' id='word_1_579' title='bbox 3057 3701 3271 3773; x_wconf 84' lang='lat' dir='ltr'><strong>ﬁgurat,</strong></span> <span class='ocrx_word' id='word_1_580' title='bbox 3328 3700 3524 3755; x_wconf 92' lang='lat' dir='ltr'><strong>merito</strong></span> 
     </span>
    </p>
   </div>
   <div class='ocr_carea' id='block_1_79' title="bbox 1942 3795 3520 3865">
    <p class='ocr_par' dir='ltr' id='par_1_79' title="bbox 1942 3795 3520 3865">
     <span class='ocr_line' id='line_1_80' title="bbox 1942 3795 3520 3865; baseline 0 -14"><span class='ocrx_word' id='word_1_581' title='bbox 1942 3797 2191 3852; x_wconf 89' lang='lat' dir='ltr'><strong>Christus</strong></span> <span class='ocrx_word' id='word_1_582' title='bbox 2226 3796 2482 3850; x_wconf 89' lang='lat' dir='ltr'><strong>Dominus</strong></span> <span class='ocrx_word' id='word_1_583' title='bbox 2524 3795 2727 3864; x_wconf 89' lang='lat' dir='ltr'><strong>lapsam</strong></span> <span class='ocrx_word' id='word_1_584' title='bbox 2773 3804 3019 3849; x_wconf 86' lang='lat' dir='ltr'><strong>naturam</strong></span> <span class='ocrx_word' id='word_1_585' title='bbox 3061 3797 3273 3865; x_wconf 88' lang='lat' dir='ltr'><strong>erigere</strong></span> <span class='ocrx_word' id='word_1_586' title='bbox 3312 3795 3520 3857; x_wconf 82' lang='lat' dir='ltr'><strong>volens,</strong></span> 
     </span>
    </p>
   </div>
   <div class='ocr_carea' id='block_1_80' title="bbox 1944 3887 3519 3957">
    <p class='ocr_par' dir='ltr' id='par_1_80' title="bbox 1944 3887 3519 3957">
     <span class='ocr_line' id='line_1_81' title="bbox 1944 3887 3519 3957; baseline -0.001 -17"><span class='ocrx_word' id='word_1_587' title='bbox 1944 3888 2161 3957; x_wconf 89' lang='lat' dir='ltr'><strong>utrique</strong></span> <span class='ocrx_word' id='word_1_588' title='bbox 2190 3887 2352 3941; x_wconf 90' lang='lat' dir='ltr'><strong>simul</strong></span> <span class='ocrx_word' id='word_1_589' title='bbox 2386 3902 2607 3940; x_wconf 90' lang='lat' dir='ltr'><strong>manum</strong></span> <span class='ocrx_word' id='word_1_590' title='bbox 2656 3887 2905 3956; x_wconf 80' lang='lat' dir='ltr'><strong>porrigit,</strong></span> <span class='ocrx_word' id='word_1_591' title='bbox 2938 3895 2992 3940; x_wconf 91' lang='lat' dir='ltr'><strong>et</strong></span> <span class='ocrx_word' id='word_1_592' title='bbox 3030 3887 3297 3955; x_wconf 87' lang='lat' dir='ltr'><strong>jacentem</strong></span> <span class='ocrx_word' id='word_1_593' title='bbox 3340 3887 3519 3955; x_wconf 88' lang='lat' dir='ltr'><strong>erigit,</strong></span> 
     </span>
    </p>
   </div>
   <div class='ocr_carea' id='block_1_81' title="bbox 1944 3976 3524 4046">
    <p class='ocr_par' dir='ltr' id='par_1_81' title="bbox 1944 3976 3524 4046">
     <span class='ocr_line' id='line_1_82' title="bbox 1944 3976 3524 4046; baseline -0.001 -14"><span class='ocrx_word' id='word_1_594' title='bbox 1944 3993 2191 4042; x_wconf 90' lang='lat' dir='ltr'><strong>carnem,</strong></span> <span class='ocrx_word' id='word_1_595' title='bbox 2214 3978 2453 4046; x_wconf 91' lang='lat' dir='ltr'><strong>inquam,</strong></span> <span class='ocrx_word' id='word_1_596' title='bbox 2480 3991 2544 4030; x_wconf 89' lang='lat' dir='ltr'><strong>ac</strong></span> <span class='ocrx_word' id='word_1_597' title='bbox 2573 3987 2828 4040; x_wconf 90' lang='lat' dir='ltr'><strong>mentem,</strong></span> <span class='ocrx_word' id='word_1_598' title='bbox 2858 3992 2980 4046; x_wconf 60' lang='lat' dir='ltr'><strong>quae</strong></span> <span class='ocrx_word' id='word_1_599' title='bbox 3005 3977 3070 4031; x_wconf 91' lang='lat' dir='ltr'><strong>ad</strong></span> <span class='ocrx_word' id='word_1_600' title='bbox 3092 3976 3367 4033; x_wconf 89' lang='lat' dir='ltr'><strong>Creatoris</strong></span> <span class='ocrx_word' id='word_1_601' title='bbox 3387 3979 3524 4032; x_wconf 86' lang='lat' dir='ltr'><strong>ima-</strong></span> 
     </span>
    </p>
   </div>
   <div class='ocr_carea' id='block_1_82' title="bbox 1944 4067 3524 4139">
    <p class='ocr_par' dir='ltr' id='par_1_82' title="bbox 1944 4067 3524 4139">
     <span class='ocr_line' id='line_1_83' title="bbox 1944 4067 3524 4139; baseline 0.003 -17"><span class='ocrx_word' id='word_1_602' title='bbox 1944 4070 2121 4139; x_wconf 80' lang='lat' dir='ltr'><strong>ginem</strong></span> <span class='ocrx_word' id='word_1_603' title='bbox 2156 4069 2296 4123; x_wconf 87' lang='lat' dir='ltr'><strong>facta</strong></span> <span class='ocrx_word' id='word_1_604' title='bbox 2334 4068 2453 4123; x_wconf 89' lang='lat' dir='ltr'><strong>fuit.</strong></span> <span class='ocrx_word' id='word_1_605' title='bbox 2484 4067 2581 4123; x_wconf 87' lang='lat' dir='ltr'><strong>Est</strong></span> <span class='ocrx_word' id='word_1_606' title='bbox 2609 4069 2753 4123; x_wconf 91' lang='lat' dir='ltr'><strong>enim</strong></span> <span class='ocrx_word' id='word_1_607' title='bbox 2790 4084 2944 4125; x_wconf 88' lang='lat' dir='ltr'><strong>mens</strong></span> <span class='ocrx_word' id='word_1_608' title='bbox 2983 4069 3289 4135; x_wconf 86' lang='lat' dir='ltr'><strong>invisibilis,</strong></span> <span class='ocrx_word' id='word_1_609' title='bbox 3337 4070 3524 4126; x_wconf 88' lang='lat' dir='ltr'><strong>incon-</strong></span> 
     </span>
    </p>
   </div>
   <div class='ocr_carea' id='block_1_83' title="bbox 1944 4162 3523 4234">
    <p class='ocr_par' dir='ltr' id='par_1_83' title="bbox 1944 4162 3523 4234">
     <span class='ocr_line' id='line_1_84' title="bbox 1944 4162 3523 4234; baseline 0.002 -19"><span class='ocrx_word' id='word_1_610' title='bbox 1944 4162 2294 4232; x_wconf 89' lang='lat' dir='ltr'><strong>templabilis,</strong></span> <span class='ocrx_word' id='word_1_611' title='bbox 2328 4163 2587 4233; x_wconf 90' lang='lat' dir='ltr'><strong>impervia</strong></span> <span class='ocrx_word' id='word_1_612' title='bbox 2632 4172 2687 4217; x_wconf 91' lang='lat' dir='ltr'><strong>et</strong></span> <span class='ocrx_word' id='word_1_613' title='bbox 2730 4162 3314 4233; x_wconf 90' lang='lat' dir='ltr'><strong>incomprehensibilis,</strong></span> <span class='ocrx_word' id='word_1_614' title='bbox 3346 4178 3523 4234; x_wconf 90' lang='lat' dir='ltr'><strong>neque</strong></span> 
     </span>
    </p>
   </div>
   <div class='ocr_carea' id='block_1_84' title="bbox 1944 4255 3519 4326">
    <p class='ocr_par' dir='ltr' id='par_1_84' title="bbox 1944 4255 3519 4326">
     <span class='ocr_line' id='line_1_85' title="bbox 1944 4255 3519 4326; baseline -0.002 -14"><span class='ocrx_word' id='word_1_615' title='bbox 1944 4273 2003 4312; x_wconf 88' lang='lat' dir='ltr'><strong>se</strong></span> <span class='ocrx_word' id='word_1_616' title='bbox 2049 4257 2217 4326; x_wconf 88' lang='lat' dir='ltr'><strong>ipsam</strong></span> <span class='ocrx_word' id='word_1_617' title='bbox 2264 4271 2616 4326; x_wconf 84' lang='lat' dir='ltr'><strong>cognoscens,</strong></span> <span class='ocrx_word' id='word_1_618' title='bbox 2658 4266 2714 4311; x_wconf 94' lang='lat' dir='ltr'><strong>et</strong></span> <span class='ocrx_word' id='word_1_619' title='bbox 2760 4257 2981 4326; x_wconf 90' lang='lat' dir='ltr'><strong>insuper</strong></span> <span class='ocrx_word' id='word_1_620' title='bbox 3008 4255 3519 4325; x_wconf 88' lang='lat' dir='ltr'><strong>incircumscripta:</strong></span> 
     </span>
    </p>
   </div>
   <div class='ocr_carea' id='block_1_85' title="bbox 1944 4346 3522 4419">
    <p class='ocr_par' dir='ltr' id='par_1_85' title="bbox 1944 4346 3522 4419">
     <span class='ocr_line' id='line_1_86' title="bbox 1944 4346 3522 4419; baseline -0.003 -14"><span class='ocrx_word' id='word_1_621' title='bbox 1944 4359 1998 4406; x_wconf 90' lang='lat' dir='ltr'><strong>et</strong></span> <span class='ocrx_word' id='word_1_622' title='bbox 2044 4350 2087 4403; x_wconf 88' lang='lat' dir='ltr'><strong>si</strong></span> <span class='ocrx_word' id='word_1_623' title='bbox 2134 4348 2521 4419; x_wconf 77' lang='lat' dir='ltr'><strong>cogitationum</strong></span> <span class='ocrx_word' id='word_1_624' title='bbox 2556 4348 2900 4419; x_wconf 87' lang='lat' dir='ltr'><strong>phantasiam</strong></span> <span class='ocrx_word' id='word_1_625' title='bbox 2946 4355 3275 4417; x_wconf 88' lang='lat' dir='ltr'><strong>spectamus,</strong></span> <span class='ocrx_word' id='word_1_626' title='bbox 3323 4346 3522 4400; x_wconf 86' lang='lat' dir='ltr'><strong>ducatu</strong></span> 
     </span>
    </p>
   </div>
   <div class='ocr_carea' id='block_1_86' title="bbox 257 4428 1839 4509">
    <p class='ocr_par' dir='ltr' id='par_1_86' title="bbox 257 4428 1838 4501">
     <span class='ocr_line' id='line_1_87' title="bbox 257 4428 1838 4501; baseline 0.003 -21"><span class='ocrx_word' id='word_1_627' title='bbox 257 4428 533 4497; x_wconf 85' lang='grc' dir='ltr'>λογισμῶν</span> <span class='ocrx_word' id='word_1_628' title='bbox 571 4428 981 4500; x_wconf 74' lang='grc' dir='ltr'>ἀποὸλέψαιμεν</span> <span class='ocrx_word' id='word_1_629' title='bbox 1018 4432 1337 4499; x_wconf 85' lang='grc' dir='ltr'>φαντασίαν,</span> <span class='ocrx_word' id='word_1_630' title='bbox 1365 4433 1632 4501; x_wconf 76' lang='grc' dir='ltr'>ἡγεμονία</span> <span class='ocrx_word' id='word_1_631' title='bbox 1658 4449 1716 4484; x_wconf 91' lang='grc' dir='ltr'><strong>τε</strong></span> <span class='ocrx_word' id='word_1_632' title='bbox 1743 4432 1838 4485; x_wconf 77' lang='grc' dir='ltr'>καὶ</span> 
     </span>
    </p>
   </div>
   <div class='ocr_carea' id='block_1_87' title="bbox 1941 4428 3519 4509">
    <p class='ocr_par' dir='ltr' id='par_1_87' title="bbox 1944 4436 3519 4509">
     <span class='ocr_line' id='line_1_88' title="bbox 1944 4436 3519 4509; baseline -0.003 -16"><span class='ocrx_word' id='word_1_633' title='bbox 1944 4451 1997 4493; x_wconf 90' lang='lat' dir='ltr'><strong>ct</strong></span> <span class='ocrx_word' id='word_1_634' title='bbox 2030 4448 2297 4509; x_wconf 87' lang='lat' dir='ltr'><strong>potestate</strong></span> <span class='ocrx_word' id='word_1_635' title='bbox 2355 4440 2599 4509; x_wconf 69' lang='lat' dir='ltr'><strong>prtedita,</strong></span> <span class='ocrx_word' id='word_1_636' title='bbox 2657 4438 2863 4493; x_wconf 90' lang='lat' dir='ltr'><strong>artibus</strong></span> <span class='ocrx_word' id='word_1_637' title='bbox 2909 4446 2966 4492; x_wconf 87' lang='lat' dir='ltr'><strong>et</strong></span> <span class='ocrx_word' id='word_1_638' title='bbox 3017 4436 3261 4491; x_wconf 90' lang='lat' dir='ltr'><strong>scientiis</strong></span> <span class='ocrx_word' id='word_1_639' title='bbox 3307 4446 3519 4500; x_wconf 90' lang='lat' dir='ltr'><strong>ornata,</strong></span> 
     </span>
    </p>
   </div>
   <div class='ocr_carea' id='block_1_88' title="bbox 258 4519 1839 4603">
    <p class='ocr_par' dir='ltr' id='par_1_88' title="bbox 258 4519 1839 4595">
     <span class='ocr_line' id='line_1_89' title="bbox 258 4519 1839 4595; baseline 0.003 -23"><span class='ocrx_word' id='word_1_640' title='bbox 258 4519 478 4591; x_wconf 74' lang='grc' dir='ltr'>ἐξουσίᾳ</span> <span class='ocrx_word' id='word_1_641' title='bbox 512 4522 894 4592; x_wconf 85' lang='grc' dir='ltr'>τετιμημένος,</span> <span class='ocrx_word' id='word_1_642' title='bbox 921 4522 1135 4592; x_wconf 82' lang='grc' dir='ltr'>τέχναις</span> <span class='ocrx_word' id='word_1_643' title='bbox 1180 4524 1274 4577; x_wconf 77' lang='grc' dir='ltr'><strong>καί</strong></span> <span class='ocrx_word' id='word_1_644' title='bbox 1316 4526 1648 4595; x_wconf 75' lang='grc' dir='ltr'>ἐπιστήμαις</span> <span class='ocrx_word' id='word_1_645' title='bbox 1683 4542 1839 4577; x_wconf 90' lang='grc' dir='ltr'>κεκο-</span> 
     </span>
    </p>
   </div>
   <div class='ocr_carea' id='block_1_89' title="bbox 1941 4519 3517 4603">
    <p class='ocr_par' dir='ltr' id='par_1_89' title="bbox 1949 4527 3517 4603">
     <span class='ocr_line' id='line_1_90' title="bbox 1949 4527 3517 4603; baseline -0.001 -19"><span class='ocrx_word' id='word_1_646' title='bbox 1949 4547 2111 4603; x_wconf 84' lang='lat' dir='ltr'><strong>parva</strong></span> <span class='ocrx_word' id='word_1_647' title='bbox 2134 4533 2375 4602; x_wconf 67' lang='lat' dir='ltr'><strong>quaedam</strong></span> <span class='ocrx_word' id='word_1_648' title='bbox 2398 4548 2458 4586; x_wconf 90' lang='lat' dir='ltr'><strong>ac</strong></span> <span class='ocrx_word' id='word_1_649' title='bbox 2473 4546 2609 4587; x_wconf 87' lang='lat' dir='ltr'><strong>nova</strong></span> <span class='ocrx_word' id='word_1_650' title='bbox 2632 4530 2888 4595; x_wconf 81' lang='lat' dir='ltr'><strong>creatrix,</strong></span> <span class='ocrx_word' id='word_1_651' title='bbox 2904 4530 3009 4592; x_wconf 88' lang='lat' dir='ltr'><strong>vel,</strong></span> <span class='ocrx_word' id='word_1_652' title='bbox 3034 4537 3092 4583; x_wconf 90' lang='lat' dir='ltr'><strong>ut</strong></span> <span class='ocrx_word' id='word_1_653' title='bbox 3110 4530 3290 4583; x_wconf 86' lang='lat' dir='ltr'><strong>verius</strong></span> <span class='ocrx_word' id='word_1_654' title='bbox 3316 4527 3517 4595; x_wconf 90' lang='lat' dir='ltr'><strong>dicam,</strong></span> 
     </span>
    </p>
   </div>
   <div class='ocr_carea' id='block_1_90' title="bbox 260 4612 1839 4704">
    <p class='ocr_par' dir='ltr' id='par_1_90' title="bbox 260 4612 1839 4687">
     <span class='ocr_line' id='line_1_91' title="bbox 260 4612 1839 4687; baseline 0.004 -24"><span class='ocrx_word' id='word_1_655' title='bbox 260 4612 564 4682; x_wconf 80' lang='grc' dir='ltr'>σμημένος,</span> <span class='ocrx_word' id='word_1_656' title='bbox 593 4613 800 4683; x_wconf 83' lang='grc' dir='ltr'>βραχύς</span> <span class='ocrx_word' id='word_1_657' title='bbox 839 4631 923 4677; x_wconf 84' lang='grc' dir='ltr'><strong>τις</strong></span> <span class='ocrx_word' id='word_1_658' title='bbox 961 4616 1056 4668; x_wconf 78' lang='grc' dir='ltr'>καὶ</span> <span class='ocrx_word' id='word_1_659' title='bbox 1081 4614 1198 4678; x_wconf 86' lang='grc' dir='ltr'>νέος</span> <span class='ocrx_word' id='word_1_660' title='bbox 1219 4615 1565 4687; x_wconf 89' lang='grc' dir='ltr'>δημιουργὸς,</span> <span class='ocrx_word' id='word_1_661' title='bbox 1587 4618 1643 4687; x_wconf 84' lang='grc' dir='ltr'>ἦ,</span> <span class='ocrx_word' id='word_1_662' title='bbox 1682 4618 1743 4669; x_wconf 91' lang='grc' dir='ltr'><strong>τό</strong></span> <span class='ocrx_word' id='word_1_663' title='bbox 1776 4634 1839 4685; x_wconf 90' lang='grc' dir='ltr'><strong>γε</strong></span> 
     </span>
    </p>
   </div>
   <div class='ocr_carea' id='block_1_91' title="bbox 1941 4612 3521 4704">
    <p class='ocr_par' dir='ltr' id='par_1_91' title="bbox 1944 4622 3521 4704">
     <span class='ocr_line' id='line_1_92' title="bbox 1944 4622 3521 4704; baseline -0.001 -26"><span class='ocrx_word' id='word_1_664' title='bbox 1944 4624 2220 4679; x_wconf 88' lang='lat' dir='ltr'><strong>Creatoris</strong></span> <span class='ocrx_word' id='word_1_665' title='bbox 2263 4624 2541 4688; x_wconf 82' lang='lat' dir='ltr'><strong>imitatrix,</strong></span> <span class='ocrx_word' id='word_1_666' title='bbox 2594 4624 2778 4692; x_wconf 89' lang='lat' dir='ltr'><strong>regina</strong></span> <span class='ocrx_word' id='word_1_667' title='bbox 2822 4631 3085 4677; x_wconf 73' lang='lat' dir='ltr'><strong>creatura:</strong></span> <span class='ocrx_word' id='word_1_668' title='bbox 3132 4622 3379 4704; x_wconf 78' lang='lat' dir='ltr'><strong>visibilis,</strong></span> <span class='ocrx_word' id='word_1_669' title='bbox 3435 4623 3521 4678; x_wconf 91' lang='lat' dir='ltr'><strong>vel</strong></span> 
     </span>
    </p>
   </div>
   <div class='ocr_carea' id='block_1_92' title="bbox 256 4704 1839 4787">
    <p class='ocr_par' dir='ltr' id='par_1_92' title="bbox 256 4704 1839 4779">
     <span class='ocr_line' id='line_1_93' title="bbox 256 4704 1839 4779; baseline 0.004 -24"><span class='ocrx_word' id='word_1_670' title='bbox 256 4704 620 4775; x_wconf 87' lang='grc' dir='ltr'>ἀληθέστερον</span> <span class='ocrx_word' id='word_1_671' title='bbox 661 4707 856 4771; x_wconf 90' lang='grc' dir='ltr'>εἰπεῖν,</span> <span class='ocrx_word' id='word_1_672' title='bbox 898 4705 990 4760; x_wconf 90' lang='grc' dir='ltr'><strong>τοῦ</strong></span> <span class='ocrx_word' id='word_1_673' title='bbox 1014 4707 1356 4778; x_wconf 87' lang='grc' dir='ltr'>Δημιουργοῦ</span> <span class='ocrx_word' id='word_1_674' title='bbox 1398 4708 1659 4779; x_wconf 82' lang='grc' dir='ltr'>μιμητὴς,</span> <span class='ocrx_word' id='word_1_675' title='bbox 1688 4708 1839 4778; x_wconf 88' lang='grc' dir='ltr'>βασι-</span> 
     </span>
    </p>
   </div>
   <div class='ocr_carea' id='block_1_93' title="bbox 1941 4704 3519 4787">
    <p class='ocr_par' dir='ltr' id='par_1_93' title="bbox 1946 4714 3519 4787">
     <span class='ocr_line' id='line_1_94' title="bbox 1946 4714 3519 4787; baseline -0.001 -17"><span class='ocrx_word' id='word_1_676' title='bbox 1946 4715 2088 4787; x_wconf 85' lang='lat' dir='ltr'><strong>regis</strong></span> <span class='ocrx_word' id='word_1_677' title='bbox 2135 4716 2333 4787; x_wconf 89' lang='lat' dir='ltr'><strong>imago,</strong></span> <span class='ocrx_word' id='word_1_678' title='bbox 2386 4715 2584 4770; x_wconf 86' lang='lat' dir='ltr'><strong>tributa</strong></span> <span class='ocrx_word' id='word_1_679' title='bbox 2633 4715 2721 4769; x_wconf 61' lang='lat' dir='ltr'><strong>de&#39;</strong></span> <span class='ocrx_word' id='word_1_680' title='bbox 2751 4724 2892 4769; x_wconf 86' lang='lat' dir='ltr'><strong>terra</strong></span> <span class='ocrx_word' id='word_1_681' title='bbox 2939 4714 3219 4783; x_wconf 85' lang='lat' dir='ltr'><strong>colligens,</strong></span> <span class='ocrx_word' id='word_1_682' title='bbox 3261 4728 3325 4769; x_wconf 81' lang='lat' dir='ltr'><strong>ex</strong></span> <span class='ocrx_word' id='word_1_683' title='bbox 3360 4715 3519 4780; x_wconf 89' lang='lat' dir='ltr'><strong>mari,</strong></span> 
     </span>
    </p>
   </div>
   <div class='ocr_carea' id='block_1_94' title="bbox 256 4796 1839 4874">
    <p class='ocr_par' dir='ltr' id='par_1_94' title="bbox 256 4796 1839 4871">
     <span class='ocr_line' id='line_1_95' title="bbox 256 4796 1839 4871; baseline 0.005 -26"><span class='ocrx_word' id='word_1_684' title='bbox 256 4796 383 4858; x_wconf 82' lang='grc' dir='ltr'>λεὸς</span> <span class='ocrx_word' id='word_1_685' title='bbox 403 4796 501 4866; x_wconf 78' lang='grc' dir='ltr'>τῆς</span> <span class='ocrx_word' id='word_1_686' title='bbox 520 4797 803 4868; x_wconf 87' lang='grc' dir='ltr'>ὁρωμένης</span> <span class='ocrx_word' id='word_1_687' title='bbox 826 4797 1127 4868; x_wconf 86' lang='grc' dir='ltr'>κτίσεως,ἢ</span> <span class='ocrx_word' id='word_1_688' title='bbox 1156 4798 1419 4867; x_wconf 84' lang='grc' dir='ltr'>βασιλέως</span> <span class='ocrx_word' id='word_1_689' title='bbox 1441 4798 1623 4861; x_wconf 86' lang='grc' dir='ltr'>εἰκὼν,</span> <span class='ocrx_word' id='word_1_690' title='bbox 1644 4800 1839 4871; x_wconf 84' lang='grc' dir='ltr'>φόρους</span> 
     </span>
    </p>
   </div>
   <div class='ocr_carea' id='block_1_95' title="bbox 1941 4796 3522 4874">
    <p class='ocr_par' dir='ltr' id='par_1_95' title="bbox 1945 4806 3522 4874">
     <span class='ocr_line' id='line_1_96' title="bbox 1945 4806 3522 4874; baseline 0.001 -14"><span class='ocrx_word' id='word_1_691' title='bbox 1945 4815 2106 4874; x_wconf 86' lang='lat' dir='ltr'><strong>atque</strong></span> <span class='ocrx_word' id='word_1_692' title='bbox 2139 4822 2285 4871; x_wconf 91' lang='lat' dir='ltr'><strong>aere,</strong></span> <span class='ocrx_word' id='word_1_693' title='bbox 2335 4822 2399 4862; x_wconf 77' lang='lat' dir='ltr'><strong>ex</strong></span> <span class='ocrx_word' id='word_1_694' title='bbox 2432 4807 2545 4861; x_wconf 87' lang='lat' dir='ltr'><strong>sole</strong></span> <span class='ocrx_word' id='word_1_695' title='bbox 2592 4821 2655 4861; x_wconf 92' lang='lat' dir='ltr'><strong>ac</strong></span> <span class='ocrx_word' id='word_1_696' title='bbox 2697 4806 2822 4860; x_wconf 90' lang='lat' dir='ltr'><strong>luna</strong></span> <span class='ocrx_word' id='word_1_697' title='bbox 2854 4816 2907 4861; x_wconf 92' lang='lat' dir='ltr'><strong>et</strong></span> <span class='ocrx_word' id='word_1_698' title='bbox 2958 4807 3149 4871; x_wconf 90' lang='lat' dir='ltr'><strong>stellis,</strong></span> <span class='ocrx_word' id='word_1_699' title='bbox 3181 4822 3245 4861; x_wconf 80' lang='lat' dir='ltr'><strong>ex</strong></span> <span class='ocrx_word' id='word_1_700' title='bbox 3275 4807 3417 4863; x_wconf 82' lang='lat' dir='ltr'><strong>ctelo</strong></span> <span class='ocrx_word' id='word_1_701' title='bbox 3466 4816 3522 4862; x_wconf 84' lang='lat' dir='ltr'><strong>et</strong></span> 
     </span>
    </p>
   </div>
   <div class='ocr_carea' id='block_1_96' title="bbox 260 4885 1839 4969">
    <p class='ocr_par' dir='ltr' id='par_1_96' title="bbox 260 4885 1839 4963">
     <span class='ocr_line' id='line_1_97' title="bbox 260 4885 1839 4963; baseline 0.004 -26"><span class='ocrx_word' id='word_1_702' title='bbox 260 4885 533 4953; x_wconf 89' lang='grc' dir='ltr'>συλλέγων</span> <span class='ocrx_word' id='word_1_703' title='bbox 554 4888 617 4939; x_wconf 85' lang='grc' dir='ltr'><strong>ἐκ</strong></span> <span class='ocrx_word' id='word_1_704' title='bbox 640 4889 762 4959; x_wconf 84' lang='grc' dir='ltr'>γῆς,</span> <span class='ocrx_word' id='word_1_705' title='bbox 790 4890 855 4941; x_wconf 84' lang='grc' dir='ltr'><strong>ἐκ</strong></span> <span class='ocrx_word' id='word_1_706' title='bbox 876 4888 1167 4959; x_wconf 79' lang='grc' dir='ltr'>θαλάττης,</span> <span class='ocrx_word' id='word_1_707' title='bbox 1193 4889 1253 4953; x_wconf 80' lang='grc' dir='ltr'><strong>ἐξ</strong></span> <span class='ocrx_word' id='word_1_708' title='bbox 1276 4890 1456 4963; x_wconf 86' lang='grc' dir='ltr'>ἀέρος,</span> <span class='ocrx_word' id='word_1_709' title='bbox 1479 4890 1538 4955; x_wconf 80' lang='grc' dir='ltr'>ἐξ</span> <span class='ocrx_word' id='word_1_710' title='bbox 1559 4890 1708 4960; x_wconf 87' lang='grc' dir='ltr'>ήλίου</span> <span class='ocrx_word' id='word_1_711' title='bbox 1746 4893 1839 4945; x_wconf 68' lang='grc' dir='ltr'><strong>καί¹</strong></span> 
     </span>
    </p>
   </div>
   <div class='ocr_carea' id='block_1_97' title="bbox 1941 4885 3519 4969">
    <p class='ocr_par' dir='ltr' id='par_1_97' title="bbox 1945 4898 3519 4969">
     <span class='ocr_line' id='line_1_98' title="bbox 1945 4898 3519 4969; baseline 0.002 -19"><span class='ocrx_word' id='word_1_712' title='bbox 1945 4898 2197 4962; x_wconf 90' lang='lat' dir='ltr'><strong>nubibus,</strong></span> <span class='ocrx_word' id='word_1_713' title='bbox 2232 4913 2294 4952; x_wconf 82' lang='lat' dir='ltr'><strong>ex</strong></span> <span class='ocrx_word' id='word_1_714' title='bbox 2339 4898 2551 4960; x_wconf 80' lang='lat' dir='ltr'><strong>ovibus.</strong></span> <span class='ocrx_word' id='word_1_715' title='bbox 2594 4899 2786 4962; x_wconf 86' lang='lat' dir='ltr'><strong>bobus,</strong></span> <span class='ocrx_word' id='word_1_716' title='bbox 2819 4898 3046 4967; x_wconf 88' lang='lat' dir='ltr'><strong>aliisque</strong></span> <span class='ocrx_word' id='word_1_717' title='bbox 3072 4898 3311 4969; x_wconf 77' lang='lat' dir='ltr'><strong>825m.</strong></span> <span class='ocrx_word' id='word_1_718' title='bbox 3358 4913 3519 4968; x_wconf 87' lang='lat' dir='ltr'><strong>pecu-</strong></span> 
     </span>
    </p>
   </div>
   <div class='ocr_carea' id='block_1_98' title="bbox 258 4976 1839 5059">
    <p class='ocr_par' dir='ltr' id='par_1_98' title="bbox 258 4976 1838 5056">
     <span class='ocr_line' id='line_1_99' title="bbox 258 4976 1838 5056; baseline 0.005 -29"><span class='ocrx_word' id='word_1_719' title='bbox 258 4976 489 5048; x_wconf 85' lang='grc' dir='ltr'>σελήνης</span> <span class='ocrx_word' id='word_1_720' title='bbox 516 4981 611 5032; x_wconf 75' lang='grc' dir='ltr'><strong>καί</strong></span> <span class='ocrx_word' id='word_1_721' title='bbox 631 4980 894 5051; x_wconf 85' lang='grc' dir='ltr'>ἀστέρων,</span> <span class='ocrx_word' id='word_1_722' title='bbox 922 4980 980 5046; x_wconf 78' lang='grc' dir='ltr'><strong>ἐξ</strong></span> <span class='ocrx_word' id='word_1_723' title='bbox 1009 4980 1240 5051; x_wconf 89' lang='grc' dir='ltr'>ούρανοῦ</span> <span class='ocrx_word' id='word_1_724' title='bbox 1272 4982 1365 5035; x_wconf 72' lang='grc' dir='ltr'><strong>καὶ</strong></span> <span class='ocrx_word' id='word_1_725' title='bbox 1393 4980 1591 5051; x_wconf 83' lang='grc' dir='ltr'>νεφῶν,</span> <span class='ocrx_word' id='word_1_726' title='bbox 1616 4983 1680 5035; x_wconf 82' lang='grc' dir='ltr'><strong>ἐκ</strong></span> <span class='ocrx_word' id='word_1_727' title='bbox 1700 5000 1838 5056; x_wconf 90' lang='grc' dir='ltr'>προ-</span> 
     </span>
    </p>
   </div>
   <div class='ocr_carea' id='block_1_99' title="bbox 1941 4976 3518 5059">
    <p class='ocr_par' dir='ltr' id='par_1_99' title="bbox 1942 4989 3518 5059">
     <span class='ocr_line' id='line_1_100' title="bbox 1942 4989 3518 5059; baseline 0.002 -17"><span class='ocrx_word' id='word_1_728' title='bbox 1942 4989 2131 5053; x_wconf 90' lang='lat' dir='ltr'><strong>dibus;</strong></span> <span class='ocrx_word' id='word_1_729' title='bbox 2163 4991 2273 5043; x_wconf 94' lang='lat' dir='ltr'><strong>imo</strong></span> <span class='ocrx_word' id='word_1_730' title='bbox 2298 5004 2422 5044; x_wconf 90' lang='lat' dir='ltr'><strong>vero</strong></span> <span class='ocrx_word' id='word_1_731' title='bbox 2448 4989 2686 5044; x_wconf 91' lang='lat' dir='ltr'><strong>omnium</strong></span> <span class='ocrx_word' id='word_1_732' title='bbox 2712 4989 2916 5044; x_wconf 87' lang='lat' dir='ltr'><strong>fructus</strong></span> <span class='ocrx_word' id='word_1_733' title='bbox 2939 5005 3167 5059; x_wconf 89' lang='lat' dir='ltr'><strong>carpens</strong></span> <span class='ocrx_word' id='word_1_734' title='bbox 3192 5008 3205 5043; x_wconf 90' lang='lat'>:</span> <span class='ocrx_word' id='word_1_735' title='bbox 3236 4991 3351 5058; x_wconf 76' lang='lat' dir='ltr'><strong>ejus</strong></span> <span class='ocrx_word' id='word_1_736' title='bbox 3374 4990 3518 5045; x_wconf 89' lang='lat' dir='ltr'><strong>enim</strong></span> 
     </span>
    </p>
   </div>
   <div class='ocr_carea' id='block_1_100' title="bbox 258 5071 1839 5149">
    <p class='ocr_par' dir='ltr' id='par_1_100' title="bbox 258 5071 1838 5145">
     <span class='ocr_line' id='line_1_101' title="bbox 258 5071 1838 5145; baseline 0.003 -22"><span class='ocrx_word' id='word_1_737' title='bbox 258 5071 440 5124; x_wconf 70' lang='lat' dir='ltr'><strong>flaith</strong></span> <span class='ocrx_word' id='word_1_738' title='bbox 481 5072 576 5124; x_wconf 68' lang='grc' dir='ltr'>καὶ</span> <span class='ocrx_word' id='word_1_739' title='bbox 615 5071 753 5140; x_wconf 81' lang='grc' dir='ltr'>βοῶν</span> <span class='ocrx_word' id='word_1_740' title='bbox 797 5073 892 5125; x_wconf 73' lang='grc' dir='ltr'><strong>καὶ</strong></span> <span class='ocrx_word' id='word_1_741' title='bbox 932 5072 1041 5124; x_wconf 90' lang='grc' dir='ltr'><strong>τῶν</strong></span> <span class='ocrx_word' id='word_1_742' title='bbox 1080 5071 1253 5125; x_wconf 82' lang='grc' dir='ltr'>ἄλλων</span> <span class='ocrx_word' id='word_1_743' title='bbox 1292 5072 1525 5142; x_wconf 88' lang='grc' dir='ltr'>κτηνῶν,</span> <span class='ocrx_word' id='word_1_744' title='bbox 1552 5072 1751 5145; x_wconf 83' lang='grc' dir='ltr'>μᾶλλον</span> <span class='ocrx_word' id='word_1_745' title='bbox 1782 5075 1838 5127; x_wconf 83' lang='grc' dir='ltr'>δὲ</span> 
     </span>
    </p>
   </div>
   <div class='ocr_carea' id='block_1_101' title="bbox 1941 5071 3518 5149">
    <p class='ocr_par' dir='ltr' id='par_1_101' title="bbox 1942 5080 3518 5149">
     <span class='ocr_line' id='line_1_102' title="bbox 1942 5080 3518 5149; baseline 0.001 -16"><span class='ocrx_word' id='word_1_746' title='bbox 1942 5082 2115 5149; x_wconf 91' lang='lat' dir='ltr'><strong>gratia</strong></span> <span class='ocrx_word' id='word_1_747' title='bbox 2155 5081 2385 5137; x_wconf 86' lang='lat' dir='ltr'><strong>visibilia</strong></span> <span class='ocrx_word' id='word_1_748' title='bbox 2419 5091 2613 5137; x_wconf 90' lang='lat' dir='ltr'><strong>cuncta</strong></span> <span class='ocrx_word' id='word_1_749' title='bbox 2646 5089 2773 5136; x_wconf 89' lang='lat' dir='ltr'><strong>sunt</strong></span> <span class='ocrx_word' id='word_1_750' title='bbox 2801 5080 2978 5136; x_wconf 88' lang='lat' dir='ltr'><strong>facta:</strong></span> <span class='ocrx_word' id='word_1_751' title='bbox 3006 5097 3131 5135; x_wconf 92' lang='lat' dir='ltr'><strong>nam</strong></span> <span class='ocrx_word' id='word_1_752' title='bbox 3162 5080 3303 5137; x_wconf 88' lang='lat' dir='ltr'><strong>Deus</strong></span> <span class='ocrx_word' id='word_1_753' title='bbox 3326 5081 3518 5136; x_wconf 89' lang='lat' dir='ltr'><strong>borum</strong></span> 
     </span>
    </p>
   </div>
   <div class='ocr_carea' id='block_1_102' title="bbox 258 5162 1839 5239">
    <p class='ocr_par' dir='ltr' id='par_1_102' title="bbox 258 5162 1838 5233">
     <span class='ocr_line' id='line_1_103' title="bbox 258 5162 1838 5233; baseline 0.004 -20"><span class='ocrx_word' id='word_1_754' title='bbox 258 5162 469 5222; x_wconf 84' lang='grc' dir='ltr'>πάντας</span> <span class='ocrx_word' id='word_1_755' title='bbox 510 5162 689 5214; x_wconf 80' lang='grc' dir='ltr'>αὐτῶν</span> <span class='ocrx_word' id='word_1_756' title='bbox 726 5162 853 5224; x_wconf 81' lang='grc' dir='ltr'>τοὺς</span> <span class='ocrx_word' id='word_1_757' title='bbox 894 5163 1139 5232; x_wconf 81' lang='grc' dir='ltr'>καρποὺς</span> <span class='ocrx_word' id='word_1_758' title='bbox 1173 5164 1533 5233; x_wconf 87' lang='grc' dir='ltr'>δρεπόμενος·</span> <span class='ocrx_word' id='word_1_759' title='bbox 1575 5166 1645 5218; x_wconf 87' lang='grc' dir='ltr'>δι’</span> <span class='ocrx_word' id='word_1_760' title='bbox 1677 5167 1838 5219; x_wconf 77' lang='grc' dir='ltr'>αὐτὸν</span> 
     </span>
    </p>
   </div>
   <div class='ocr_carea' id='block_1_103' title="bbox 1941 5162 3553 5239">
    <p class='ocr_par' dir='ltr' id='par_1_103' title="bbox 1943 5172 3553 5239">
     <span class='ocr_line' id='line_1_104' title="bbox 1943 5172 3553 5239; baseline 0.003 -15"><span class='ocrx_word' id='word_1_761' title='bbox 1943 5186 2047 5226; x_wconf 90' lang='lat' dir='ltr'><strong>non</strong></span> <span class='ocrx_word' id='word_1_762' title='bbox 2077 5182 2159 5227; x_wconf 92' lang='lat' dir='ltr'><strong>est</strong></span> <span class='ocrx_word' id='word_1_763' title='bbox 2194 5172 2425 5239; x_wconf 79' lang='lat' dir='ltr'><strong>indigns.</strong></span> <span class='ocrx_word' id='word_1_764' title='bbox 3542 5198 3553 5229; x_wconf 73' lang='grc' dir='ltr'>δ</span> 
     </span>
    </p>
   </div>
   <div class='ocr_carea' id='block_1_104' title="bbox 256 5252 1832 5329">
    <p class='ocr_par' dir='ltr' id='par_1_104' title="bbox 256 5252 1832 5329">
     <span class='ocr_line' id='line_1_105' title="bbox 256 5252 1832 5329; baseline 0.005 -25"><span class='ocrx_word' id='word_1_765' title='bbox 256 5253 365 5323; x_wconf 81' lang='grc' dir='ltr'><strong>γάρ</strong></span> <span class='ocrx_word' id='word_1_766' title='bbox 392 5252 603 5319; x_wconf 80' lang='grc' dir='ltr'>ἐγένετο</span> <span class='ocrx_word' id='word_1_767' title='bbox 624 5253 690 5305; x_wconf 84' lang='grc' dir='ltr'>τὰ</span> <span class='ocrx_word' id='word_1_768' title='bbox 711 5253 985 5324; x_wconf 74' lang='grc' dir='ltr'><strong>ὁρώμενα⁸</strong></span> <span class='ocrx_word' id='word_1_769' title='bbox 1001 5254 1130 5317; x_wconf 83' lang='grc' dir='ltr'>Θεὸς</span> <span class='ocrx_word' id='word_1_770' title='bbox 1154 5254 1259 5325; x_wconf 82' lang='grc' dir='ltr'><strong>γάρ</strong></span> <span class='ocrx_word' id='word_1_771' title='bbox 1286 5255 1491 5309; x_wconf 87' lang='grc' dir='ltr'>τούτων</span> <span class='ocrx_word' id='word_1_772' title='bbox 1507 5258 1832 5329; x_wconf 87' lang='grc' dir='ltr'>ἀπροσδεής.</span> 
     </span>
    </p>
   </div>
   <div class='ocr_carea' id='block_1_105' title="bbox 327 5363 1837 5440">
    <p class='ocr_par' dir='ltr' id='par_1_105' title="bbox 327 5363 1837 5440">
     <span class='ocr_line' id='line_1_106' title="bbox 327 5363 1837 5440; baseline 0.005 -23"><span class='ocrx_word' id='word_1_773' title='bbox 327 5363 537 5417; x_wconf 79' lang='grc' dir='ltr'>Οὔκουν</span> <span class='ocrx_word' id='word_1_774' title='bbox 580 5365 816 5434; x_wconf 75' lang='grc' dir='ltr'>ἠτίμασε</span> <span class='ocrx_word' id='word_1_775' title='bbox 857 5367 945 5418; x_wconf 82' lang='grc' dir='ltr'><strong>τὸν</strong></span> <span class='ocrx_word' id='word_1_776' title='bbox 987 5366 1128 5419; x_wconf 85' lang='grc' dir='ltr'>οῦτω</span> <span class='ocrx_word' id='word_1_777' title='bbox 1166 5368 1373 5437; x_wconf 83' lang='grc' dir='ltr'>τίμιον,</span> <span class='ocrx_word' id='word_1_778' title='bbox 1412 5368 1502 5421; x_wconf 86' lang='grc' dir='ltr'><strong>τὸν</strong></span> <span class='ocrx_word' id='word_1_779' title='bbox 1544 5369 1837 5440; x_wconf 88' lang='grc' dir='ltr'>θεραπείας</span> 
     </span>
    </p>
   </div>
   <div class='ocr_carea' id='block_1_106' title="bbox 254 5455 1836 5531">
    <p class='ocr_par' dir='ltr' id='par_1_106' title="bbox 254 5455 1836 5531">
     <span class='ocr_line' id='line_1_107' title="bbox 254 5455 1836 5531; baseline 0.005 -25"><span class='ocrx_word' id='word_1_780' title='bbox 254 5455 529 5524; x_wconf 69' lang='grc' dir='ltr'>δεόμενον*</span> <span class='ocrx_word' id='word_1_781' title='bbox 554 5455 674 5506; x_wconf 62' lang='lat' dir='ltr'><strong>eoas</strong></span> <span class='ocrx_word' id='word_1_782' title='bbox 698 5455 757 5506; x_wconf 86' lang='grc' dir='ltr'><strong>τὸ</strong></span> <span class='ocrx_word' id='word_1_783' title='bbox 780 5456 1154 5526; x_wconf 81' lang='grc' dir='ltr'>φθειρόμενον,</span> <span class='ocrx_word' id='word_1_784' title='bbox 1172 5457 1416 5528; x_wconf 77' lang='grc' dir='ltr'>καὶνόσῳ</span> <span class='ocrx_word' id='word_1_785' title='bbox 1440 5459 1531 5510; x_wconf 70' lang='grc' dir='ltr'><strong>καὶ</strong></span> <span class='ocrx_word' id='word_1_786' title='bbox 1555 5462 1701 5531; x_wconf 78' lang='grc' dir='ltr'>γήρᾳ</span> <span class='ocrx_word' id='word_1_787' title='bbox 1721 5462 1836 5513; x_wconf 85' lang='grc' dir='ltr'>δου-</span> 
     </span>
    </p>
   </div>
   <div class='ocr_carea' id='block_1_107' title="bbox 2009 5366 3517 5443">
    <p class='ocr_par' dir='ltr' id='par_1_107' title="bbox 2009 5366 3517 5443">
     <span class='ocr_line' id='line_1_108' title="bbox 2009 5366 3517 5443; baseline 0.006 -22"><span class='ocrx_word' id='word_1_788' title='bbox 2009 5366 2124 5423; x_wconf 88' lang='lat' dir='ltr'><strong>Non</strong></span> <span class='ocrx_word' id='word_1_789' title='bbox 2150 5382 2279 5439; x_wconf 88' lang='lat' dir='ltr'><strong>ergo</strong></span> <span class='ocrx_word' id='word_1_790' title='bbox 2299 5371 2745 5440; x_wconf 84' lang='lat' dir='ltr'><strong>contempsittam</strong></span> <span class='ocrx_word' id='word_1_791' title='bbox 2762 5372 3052 5442; x_wconf 86' lang='lat' dir='ltr'><strong>pretiosam</strong></span> <span class='ocrx_word' id='word_1_792' title='bbox 3077 5384 3283 5443; x_wconf 85' lang='lat' dir='ltr'><strong>partem</strong></span> <span class='ocrx_word' id='word_1_793' title='bbox 3309 5375 3517 5430; x_wconf 89' lang='lat' dir='ltr'><strong>medela</strong></span> 
     </span>
    </p>
   </div>
   <div class='ocr_carea' id='block_1_108' title="bbox 1938 5464 3521 5536">
    <p class='ocr_par' dir='ltr' id='par_1_108' title="bbox 1938 5464 3521 5536">
     <span class='ocr_line' id='line_1_109' title="bbox 1938 5464 3521 5536; baseline 0.005 -24"><span class='ocrx_word' id='word_1_794' title='bbox 1938 5470 2190 5530; x_wconf 80' lang='lat' dir='ltr'><strong>egentem</strong></span> <span class='ocrx_word' id='word_1_795' title='bbox 2216 5478 2230 5527; x_wconf 90' lang='lat'><strong>;</strong></span> <span class='ocrx_word' id='word_1_796' title='bbox 2263 5464 2556 5525; x_wconf 83' lang='lat' dir='ltr'><strong>morboque</strong></span> <span class='ocrx_word' id='word_1_797' title='bbox 2586 5472 2641 5515; x_wconf 88' lang='lat' dir='ltr'><strong>et</strong></span> <span class='ocrx_word' id='word_1_798' title='bbox 2670 5476 2884 5518; x_wconf 86' lang='lat' dir='ltr'><strong>senecta</strong></span> <span class='ocrx_word' id='word_1_799' title='bbox 2915 5475 3223 5534; x_wconf 81' lang='lat' dir='ltr'><strong>corruptam</strong></span> <span class='ocrx_word' id='word_1_800' title='bbox 3250 5467 3521 5536; x_wconf 90' lang='lat' dir='ltr'><strong>mortique</strong></span> 
     </span>
    </p>
   </div>
   <div class='ocr_carea' id='block_1_109' title="bbox 256 5545 1839 5627">
    <p class='ocr_par' dir='ltr' id='par_1_109' title="bbox 256 5545 1833 5617">
     <span class='ocr_line' id='line_1_110' title="bbox 256 5545 1833 5617; baseline 0.004 -19"><span class='ocrx_word' id='word_1_801' title='bbox 256 5545 414 5599; x_wconf 80' lang='grc' dir='ltr'>λέῦον</span> <span class='ocrx_word' id='word_1_802' title='bbox 433 5548 528 5599; x_wconf 72' lang='grc' dir='ltr'><strong>καὶ</strong></span> <span class='ocrx_word' id='word_1_803' title='bbox 543 5545 757 5616; x_wconf 79' lang='grc' dir='ltr'>θανάτῳ</span> <span class='ocrx_word' id='word_1_804' title='bbox 775 5547 1027 5611; x_wconf 79' lang='grc' dir='ltr'>ἀνέλαϐε,</span> <span class='ocrx_word' id='word_1_805' title='bbox 1050 5549 1110 5601; x_wconf 88' lang='grc' dir='ltr'><strong>τὸ</strong></span> <span class='ocrx_word' id='word_1_806' title='bbox 1132 5549 1187 5601; x_wconf 81' lang='grc' dir='ltr'>δὲ</span> <span class='ocrx_word' id='word_1_807' title='bbox 1211 5548 1425 5617; x_wconf 78' lang='grc' dir='ltr'>λογικὸν</span> <span class='ocrx_word' id='word_1_808' title='bbox 1449 5553 1543 5603; x_wconf 70' lang='grc' dir='ltr'><strong>καὶ</strong></span> <span class='ocrx_word' id='word_1_809' title='bbox 1567 5551 1833 5605; x_wconf 83' lang='grc' dir='ltr'>ἀθάνατον</span> 
     </span>
    </p>
   </div>
   <div class='ocr_carea' id='block_1_110' title="bbox 1941 5545 3519 5627">
    <p class='ocr_par' dir='ltr' id='par_1_110' title="bbox 1941 5550 3519 5627">
     <span class='ocr_line' id='line_1_111' title="bbox 1941 5550 3519 5627; baseline 0.007 -26"><span class='ocrx_word' id='word_1_810' title='bbox 1941 5550 2299 5618; x_wconf 87' lang='lat' dir='ltr'><strong>mancipatam</strong></span> <span class='ocrx_word' id='word_1_811' title='bbox 2348 5551 2739 5609; x_wconf 88' lang='lat' dir='ltr'><strong>humanitatem</strong></span> <span class='ocrx_word' id='word_1_812' title='bbox 2795 5571 2899 5609; x_wconf 91' lang='lat' dir='ltr'><strong>non</strong></span> <span class='ocrx_word' id='word_1_813' title='bbox 2956 5555 3026 5609; x_wconf 91' lang='lat' dir='ltr'><strong>ita</strong></span> <span class='ocrx_word' id='word_1_814' title='bbox 3089 5559 3407 5627; x_wconf 84' lang='lat' dir='ltr'><strong>assumpsit,</strong></span> <span class='ocrx_word' id='word_1_815' title='bbox 3460 5569 3519 5612; x_wconf 91' lang='lat' dir='ltr'><strong>ut</strong></span> 
     </span>
    </p>
   </div>
   <div class='ocr_carea' id='block_1_111' title="bbox 254 5638 1839 5718">
    <p class='ocr_par' dir='ltr' id='par_1_111' title="bbox 254 5638 1830 5711">
     <span class='ocr_line' id='line_1_112' title="bbox 254 5638 1830 5711; baseline 0.004 -22"><span class='ocrx_word' id='word_1_816' title='bbox 254 5638 349 5689; x_wconf 71' lang='grc' dir='ltr'>καὶ</span> <span class='ocrx_word' id='word_1_817' title='bbox 361 5638 479 5689; x_wconf 84' lang='grc' dir='ltr'>κατ’</span> <span class='ocrx_word' id='word_1_818' title='bbox 496 5638 678 5691; x_wconf 85' lang='grc' dir='ltr'>εἰκόνα</span> <span class='ocrx_word' id='word_1_819' title='bbox 688 5638 1049 5707; x_wconf 85' lang='grc' dir='ltr'>γεγενημένον</span> <span class='ocrx_word' id='word_1_820' title='bbox 1064 5641 1309 5710; x_wconf 78' lang='grc' dir='ltr'>ὑπερεῖδε</span> <span class='ocrx_word' id='word_1_821' title='bbox 1321 5642 1433 5703; x_wconf 73' lang='grc' dir='ltr'>,καὶ</span> <span class='ocrx_word' id='word_1_822' title='bbox 1446 5642 1615 5695; x_wconf 84' lang='grc' dir='ltr'>ταῦτα</span> <span class='ocrx_word' id='word_1_823' title='bbox 1626 5644 1830 5711; x_wconf 85' lang='grc' dir='ltr'>κακῶς,</span> 
     </span>
    </p>
   </div>
   <div class='ocr_carea' id='block_1_112' title="bbox 1941 5638 3516 5718">
    <p class='ocr_par' dir='ltr' id='par_1_112' title="bbox 1941 5641 3516 5718">
     <span class='ocr_line' id='line_1_113' title="bbox 1941 5641 3516 5718; baseline 0.008 -26"><span class='ocrx_word' id='word_1_824' title='bbox 1941 5648 2144 5708; x_wconf 90' lang='lat' dir='ltr'><strong>partem</strong></span> <span class='ocrx_word' id='word_1_825' title='bbox 2184 5641 2353 5712; x_wconf 88' lang='lat' dir='ltr'><strong>ipsius</strong></span> <span class='ocrx_word' id='word_1_826' title='bbox 2394 5644 2708 5699; x_wconf 87' lang='lat' dir='ltr'><strong>rationalem</strong></span> <span class='ocrx_word' id='word_1_827' title='bbox 2752 5655 2805 5700; x_wconf 90' lang='lat' dir='ltr'><strong>et</strong></span> <span class='ocrx_word' id='word_1_828' title='bbox 2851 5645 3211 5704; x_wconf 88' lang='lat' dir='ltr'><strong>immortalem</strong></span> <span class='ocrx_word' id='word_1_829' title='bbox 3248 5659 3406 5718; x_wconf 91' lang='lat' dir='ltr'><strong>atque</strong></span> <span class='ocrx_word' id='word_1_830' title='bbox 3448 5650 3516 5704; x_wconf 82' lang='lat' dir='ltr'><strong>ad</strong></span> 
     </span>
    </p>
   </div>
   <div class='ocr_carea' id='block_1_113' title="bbox 252 5729 1839 5812">
    <p class='ocr_par' dir='ltr' id='par_1_113' title="bbox 252 5729 1829 5802">
     <span class='ocr_line' id='line_1_114' title="bbox 252 5729 1829 5802; baseline 0.006 -20"><span class='ocrx_word' id='word_1_831' title='bbox 252 5729 327 5793; x_wconf 84' lang='grc' dir='ltr'>ὥς</span> <span class='ocrx_word' id='word_1_832' title='bbox 342 5730 653 5792; x_wconf 77' lang='grc' dir='ltr'>φασι,διακε</span> <span class='ocrx_word' id='word_1_833' title='bbox 665 5731 866 5798; x_wconf 79' lang='grc' dir='ltr'>ίμενον·</span> <span class='ocrx_word' id='word_1_834' title='bbox 883 5730 1016 5783; x_wconf 68' lang='grc' dir='ltr'>ἀλλὰ</span> <span class='ocrx_word' id='word_1_835' title='bbox 1036 5734 1211 5784; x_wconf 80' lang='grc' dir='ltr'>πᾶσαν</span> <span class='ocrx_word' id='word_1_836' title='bbox 1223 5733 1317 5802; x_wconf 80' lang='grc' dir='ltr'><strong>τὴν</strong></span> <span class='ocrx_word' id='word_1_837' title='bbox 1331 5733 1491 5801; x_wconf 76' lang='grc' dir='ltr'>φύσιν</span> <span class='ocrx_word' id='word_1_838' title='bbox 1504 5733 1829 5791; x_wconf 79' lang='grc' dir='ltr'>παλαιωθεῖ-</span> 
     </span>
    </p>
   </div>
   <div class='ocr_carea' id='block_1_114' title="bbox 1941 5729 3515 5812">
    <p class='ocr_par' dir='ltr' id='par_1_114' title="bbox 1941 5734 3515 5812">
     <span class='ocr_line' id='line_1_115' title="bbox 1941 5734 3515 5812; baseline 0.003 -24"><span class='ocrx_word' id='word_1_839' title='bbox 1941 5734 2224 5805; x_wconf 85' lang='lat' dir='ltr'><strong>imaginem</strong></span> <span class='ocrx_word' id='word_1_840' title='bbox 2260 5752 2415 5793; x_wconf 87' lang='lat' dir='ltr'><strong>suam</strong></span> <span class='ocrx_word' id='word_1_841' title='bbox 2450 5739 2646 5795; x_wconf 88' lang='lat' dir='ltr'><strong>factam</strong></span> <span class='ocrx_word' id='word_1_842' title='bbox 2672 5740 3013 5812; x_wconf 76' lang='lat' dir='ltr'><strong>despexerit;</strong></span> <span class='ocrx_word' id='word_1_843' title='bbox 3051 5743 3351 5811; x_wconf 68' lang='lat' dir='ltr'><strong>praesertim</strong></span> <span class='ocrx_word' id='word_1_844' title='bbox 3389 5741 3515 5810; x_wconf 89' lang='lat' dir='ltr'><strong>quia</strong></span> 
     </span>
    </p>
   </div>
  </div>
