4038 6514
569 358 591 405 ﬂ
604 349 704 407 ιιι

1594 344 1652 400 S.
1685 343 1963 401 CYRILLI
1996 340 2462 399 ALEXANDBINI
2503 340 2825 398 ARCHIEP.

3702 346 3827 402 1M8

568 470 730 532 male,
764 474 823 523 ut
849 466 1022 532 aiunt,
1053 464 1366 521 sebabebat
1396 481 1409 517 :
1443 464 1538 518 sed
1563 464 1870 518 universam
1904 474 2147 516 naturam

2255 478 2355 515 σαν
2375 461 2707 531 ἐνεοποίησε.
2723 461 2834 515 Καὶ
2850 460 2915 514 τὸ
2935 459 3034 531 μὲν
3050 461 3222 532 αὐτῆς
3236 461 3420 517 καινὸν
3438 464 3826 535 ἀπειργάσατο.

568 561 903 629 antiquatam
940 563 1237 613 renovavit.
1282 559 1434 611 Anne
1465 558 1606 611 enim
1652 567 1858 625 partem
1896 556 2013 625 ejus
2054 571 2149 609 no-

568 668 688 705 vam
738 651 976 715 fecisset,
1029 651 1175 705 illam
1229 665 1378 715 vero,
1426 665 1547 719 qua:
1598 653 1895 703 inveterata
1925 657 2045 702 erat
2096 657 2149 702 et

570 752 841 812 corrupta,
874 742 992 795 sine
1025 742 1267 796 remedio
1300 756 1420 796 esse
1456 738 1719 794 sivisset?
1759 752 1880 792 eum
1918 753 2147 806 praeser-

573 835 667 887 tim
707 848 831 902 pars
864 833 979 887 bazc
1014 832 1406 901 pretiosissima
1450 841 1616 897 esset,
1645 838 1702 883 et
1742 827 2149 883 immortalitate

570 926 797 993 pollens,
830 934 884 978 et
911 924 1137 978 rationis
1166 938 1262 977 usu
1298 930 1582 983 exornata,
1618 930 1672 973 et
1701 920 1768 973 ad
1814 918 2147 972 intellectua-

571 1018 701 1070 lium
761 1017 1007 1070 ordinem
1069 1016 1366 1084 pertinens.
1414 1012 1879 1067 Absurdissimum
1951 1010 2149 1080 quippe

572 1109 785 1173 fuisset,
813 1124 1011 1176 corpus
1039 1108 1243 1161 luteum
1274 1116 1329 1160 et
1357 1105 1692 1175 pulvereum,
1720 1115 1775 1158 et
1804 1103 2149 1173 passionibus

573 1200 893 1270 implicitura
937 1198 1040 1253 sibi
1092 1211 1371 1253 assumere
1422 1206 1585 1264 atque
1635 1193 1948 1264 adiungere,
1995 1203 2050 1248 et
2095 1193 2147 1247 in

572 1292 795 1347 dextera
822 1290 1121 1359 maiestatis
1143 1288 1405 1343 collocare
1443 1304 1457 1341 :
1491 1297 1723 1342 mentem
1754 1286 2147 1342 veroinvisibi-

572 1381 698 1445 lem,
735 1381 1116 1447 immortalem,
1145 1380 1440 1433 animantis
1485 1380 1790 1442 rectricem,
1829 1378 1894 1431 ad
1930 1377 2024 1433 Dei
2066 1376 2147 1431 fa-

571 1481 714 1526 ctam
778 1471 1088 1541 imaginem,
1128 1470 1640 1539 incorruptibilitate
1678 1471 1985 1539 praeditam,
2027 1484 2147 1524 cor-

571 1564 720 1631 poris
746 1563 909 1617 veluti
955 1565 1222 1630 aurigam,
1258 1563 1719 1629 gubernatricem,
1751 1571 1806 1616 et
1831 1563 1986 1632 quasi
2017 1576 2147 1616 con-

2251 552 2310 607 τὸ
2351 552 2408 606 δὲ
2450 552 2900 623 πεπαλαιωμένον
2945 554 3038 606 καὶ
3077 553 3474 625 διεφθαρμένον
3495 557 3717 610 ἀνίατον
3759 558 3829 608 εἷο

2250 660 2383 711 ασε;
2427 643 2522 697 καὶ
2557 643 2731 697 ταῦτα
2767 643 3098 713 τιμιώτατον
3140 646 3409 717 ὑπάρχον,
3432 648 3529 701 καὶ
3566 647 3831 717 ἀθανασία

2250 734 2632 805 τετιμημένον,
2658 735 2754 789 καὶ
2790 735 2935 804 λόγῳ
2975 737 3411 806 κεκοσμημένον,
3455 740 3552 792 καὶ
3591 738 3691 805 τῆς
3731 738 3831 790 τῶν

2248 826 2456 896 νοητῶν
2482 827 2673 897 μοίρας
2696 828 2965 897 τυγχάνον
2983 844 2999 858 ⁸
3022 829 3131 881 τῶν
3152 829 3519 883 ἀτοπωτάτων
3532 831 3645 899 γὰρ
3668 830 3725 882 τὸ
3744 831 3833 898 μὲν

2252 919 2411 989 σῶμα
2446 920 2507 973 τὸ
2530 920 2770 991 πήλινον,
2795 922 2890 975 καὶ
2910 920 3112 991 χοῖκὸν,
3134 923 3229 975 καὶ
3252 922 3449 977 πάθεσι
3472 922 3834 990 συνεζευγμέ-

2248 1027 2359 1074 νον,
2385 1010 2480 1064 καὶ
2517 1011 2947 1082 προσληφθῆναι,
2976 1016 3071 1066 καὶ
3111 1013 3510 1083 ἀναληφθῆναι,
3538 1014 3636 1066 καὶ
3666 1013 3732 1065 ὲκ
3757 1013 3836 1065 Ge-

2250 1100 2379 1167 ξιῶν
2435 1101 2535 1171 τῆς
2586 1101 2976 1172 μεγαλωσύνης
3019 1103 3440 1173 καθιδρυνθῆναι
3461 1119 3475 1133 ο
3509 1104 3603 1156 τὸν
3634 1103 3693 1155 δὲ
3721 1102 3836 1155 νοῦν

2246 1193 2337 1246 τὸν
2360 1194 2613 1265 ἀόρατον,
2635 1193 2728 1246 τόν
2748 1194 3036 1259 ἀθάνατον,
3058 1196 3149 1247 τὸν
3175 1195 3420 1265 ἡγεμόνα
3444 1195 3540 1248 τοῦ
3563 1196 3731 1258 ζῶον,
3753 1193 3836 1246 τὸν

2249 1287 2371 1338 κατ’
2391 1287 2579 1339 εἰκόνα
2636 1286 2793 1339 θείαν
2822 1287 3206 1357 γεγενημένον,
3234 1288 3326 1341 τὸν
3374 1286 3659 1357 ἀφθαρσίᾳ
3699 1303 3835 1339 τετι-

2251 1359 2514 1446 μημένον,
2550 1377 2641 1430 τὸν
2688 1376 2784 1431 τοῦ
2822 1377 3075 1448 σώματος
3107 1380 3319 1449 ἡνίοχον
3368 1380 3463 1431 καὶ
3491 1378 3835 1448 κυϐερνήτην

2247 1468 2341 1521 καὶ
2373 1470 2652 1538 μουσικὸν,
2685 1470 2751 1523 δι’
2776 1469 2836 1523 ὃν
2876 1471 2977 1523 οὐκ
3009 1470 3201 1537 ἄλογος
3227 1473 3260 1541 ἡ
3290 1470 3609 1541 ἀνθρωπεία
3656 1470 3834 1538 φύσις.

2246 1558 2382 1611 ἀλλὰ
2417 1560 2610 1627 σοφίας
2637 1561 2731 1614 καὶ
2751 1560 2947 1631 τέχνης
2966 1562 3063 1615 καὶ
3082 1564 3393 1635 ἐπιστήμης
3422 1564 3725 1622 ἀνάπλεως⁸
3742 1564 3758 1627 (
3773 1563 3784 1609 1
3799 1562 3833 1623 ).

572 1662 733 1709 centu
762 1658 1176 1722 temperantem,
1213 1669 1309 1722 per
1341 1670 1502 1725 quam
1535 1656 1767 1709 humana
1810 1662 2002 1709 natura
2038 1670 2143 1710 non

2249 1650 2434 1705 τοῦτον
2470 1644 2811 1721 ἀπερρίφθαί
2846 1653 3016 1716 κάτω,
3049 1654 3140 1706 καὶ
3185 1654 3286 1723 τῆς
3332 1654 3425 1707 τοῦ
3474 1652 3734 1724 σώματος
3769 1654 3836 1722 μὴ

571 1751 656 1796 est
696 1742 873 1807 bruta,
910 1742 1001 1796 sed
1034 1743 1325 1810 sapientia,
1378 1744 1585 1797 artibus
1624 1753 1679 1797 et
1723 1744 1912 1812 quavis
1956 1745 2143 1812 peritia

2249 1742 2681 1813 μεταλαγχάνειν
2726 1743 2924 1813 τιμῆς⁸
2975 1744 3041 1796 δι’
3073 1744 3132 1797 ὃν
3180 1745 3243 1797 τὸ
3291 1745 3450 1815 σῶμα
3482 1746 3586 1815 τῆς
3619 1744 3837 1812 λογικῆς

571 1834 840 1887 abundat:
882 1833 1040 1895 hanc,
1064 1834 1308 1901 inquam,
1332 1816 1564 1888 mentem
1600 1834 1667 1888 ad
1688 1834 2002 1889 inferiorem
2029 1849 2147 1904 gra-

2256 1836 2473 1903 ὲγένετο
2500 1835 2761 1898 κτίσεως’
2797 1835 2865 1887 δι’
2894 1834 2954 1886 ὃν
2984 1834 3317 1904 νομοθεσίαι,
3356 1836 3451 1887 καί⁵
3484 1837 3833 1906 προφητεῖαι·

571 1924 696 1977 dum
730 1923 982 1991 deprimi,
1018 1937 1115 1977 nec
1138 1938 1324 1991 parem
1354 1924 1545 1979 saltem
1572 1940 1693 1978 eum
1727 1940 1956 1995 corpore
1980 1925 2147 1980 bono-

2250 1927 2316 1979 δι’
2346 1926 2406 1979 ὃν
2442 1926 2675 1994 ἀγῶνες,
2708 1926 2805 1979 καὶ
2832 1925 3022 1989 πάλαι,
3055 1926 3149 1980 καὶ
3173 1926 3339 1988 νίκαι,
3361 1926 3456 1978 καί
3479 1926 3835 1995 ἀναρρήσεις,

571 2027 685 2067 rem
719 2012 1077 2081 participare;
1116 2028 1238 2066 cum
1270 2023 1447 2067 tamen
1483 2012 1602 2082 ejus
1635 2029 1801 2069 causa
1836 2030 2034 2084 corpus
2063 2030 2151 2069 ra-

573 2104 789 2158 tionalis
813 2113 1059 2157 creatura
1090 2104 1363 2170 evaserit;
1399 2120 1520 2159 cum
1553 2104 1793 2175 ejusdem
1825 2122 1989 2161 causa
2018 2107 2154 2160 data:

571 2194 777 2250 fuerint
820 2194 966 2263 leges
1007 2210 1071 2248 ae
1105 2195 1442 2262 prophetim;
1476 2211 1571 2264 per
1607 2212 1769 2265 quam
1806 2198 1940 2251 tiunt
1974 2207 2154 2252 certa-

572 2286 969 2352 mina,,luetat,
1026 2286 1289 2350 victorias,
1343 2286 1699 2355 laudationes,
1749 2303 1998 2352 coronre;
2059 2303 2155 2356 per

573 2394 733 2449 quam
792 2394 991 2447 corpus
1020 2394 1141 2433 cum
1167 2394 1229 2433 ea
1259 2380 1567 2446 decertans,
1593 2382 1871 2449 praemium
1908 2382 2151 2435 laborum

571 2472 920 2540 consequitur
952 2472 1211 2525 cmlorum
1251 2486 1513 2537 regnum;
1563 2474 1632 2526 ob
1674 2488 1833 2540 quam
1874 2474 1986 2541 ipse
2017 2486 2153 2540 quo-

568 2576 674 2630 que
707 2563 1012 2617 Servatoris
1050 2562 1222 2615 nostri
1277 2563 1539 2617 adventus
1576 2564 1825 2633 contigit,
1875 2574 1929 2618 et
1977 2565 2155 2617 incar-

570 2652 806 2706 nationis
834 2663 1109 2722 peractnm
1140 2654 1452 2724 mysterium
1480 2653 1729 2718 est.,Non
1760 2655 1901 2706 enim
1939 2663 2156 2721 propter

2252 2018 2347 2071 καὶ
2375 2018 2661 2085 στέφανοι·
2689 2018 2757 2070 δι’
2780 2016 2838 2069 ὃν
2861 2017 2957 2069 καὶ
2980 2016 3040 2069 τὸ
3064 2017 3223 2086 σῶμα
3248 2017 3309 2069 τὸ
3331 2016 3656 2080 συναθλοῦν,
3684 2011 3837 2069 ἆθλον

2250 2108 2361 2162 τῶν
2410 2109 2587 2162 πόνων
2634 2108 2748 2179 ἔχει
2799 2108 2900 2180 τὴν
2932 2106 3040 2162 τῶν
3067 2108 3311 2179 οὐρανῶν
3341 2108 3622 2178 βασιλείαν
3642 2121 3657 2134 ·
3694 2108 3761 2159 δι’
3786 2107 3839 2158 ὃν

2254 2202 2346 2254 καὶ
2377 2203 2514 2272 αὐτὴ
2548 2200 2641 2254 τοῦ
2677 2202 2927 2271 Σωτῆρος
2956 2200 3113 2272 ἡμῶν
3148 2203 3182 2271 ἡ
3213 2200 3486 2271 παρουσία
3504 2200 3837 2268 ςγεγένηται,

2251 2291 2345 2345 καὶ
2382 2291 2444 2343 τὸ
2477 2291 2575 2361 τῆς
2602 2292 2915 2360 οἰκονομίας
2949 2291 3378 2362 ὲπραγματεύθη
3410 2292 3719 2361 μυστήριον
3744 2307 3757 2318 ·
3785 2290 3839 2341 οὐ

2251 2380 2358 2451 γὰρ
2391 2380 2533 2451 ὑπὲρ
2568 2380 2792 2451 ἀψύχων
2823 2380 2855 2450 ἢ
2880 2382 3126 2452 ἀνοήτων
3155 2383 3223 2436 τὰ
3248 2383 3493 2453 σωτήρια
3512 2381 3842 2445 κατεδέξατο

2252 2471 2399 2541 πάθη
2424 2512 2437 2534 ,
2497 2472 2608 2524 οὐδ’
2647 2472 2789 2543 ὑπὲρ
2837 2472 3047 2541 ἀλόγων
3098 2474 3309 2544 κτηνῶν
3361 2474 3393 2545 ἢ
3448 2473 3618 2527 λίθων
3665 2473 3844 2542 ψυχῆς

2252 2562 2655 2633 ἑστερημένων,
2696 2564 2813 2617 ἀλλ’
2848 2564 2989 2635 ὑπὲρ
3023 2564 3326 2637 ἀνθρώπων
3354 2567 3535 2639 ψυχὴν
3574 2567 3842 2621 ἀθάνατον

2253 2653 2459 2706 ἐνοικον
2500 2672 2667 2726 κεκτη
2679 2656 2878 2725 μένων.

568 2760 658 2801 res
700 2746 963 2802 inanimes
1013 2758 1067 2801 et
1114 2760 1293 2803 mente
1340 2757 1587 2803 carentes
1631 2751 1923 2803 salutarem
1956 2750 2174 2805 admisit
2249 2752 2580 2822 passionem,
2630 2768 2806 2823 neque
2852 2754 3093 2826 826m.
3127 2766 3351 2826 propter
3384 2757 3729 2811 irrationalia
3756 2757 3843 2825 ju-

568 2845 748 2893 menta
787 2848 878 2893 aut
904 2840 1111 2908 lapides
1141 2839 1322 2893 anima
1350 2842 1663 2907 destitutos,
1691 2844 1783 2895 sed
1814 2852 2035 2911 prepter
2059 2827 2307 2897 homines
2334 2843 2430 2911 qui
2480 2842 2841 2898 immortalem
2873 2846 3113 2899 animam
3146 2846 3288 2901 nacti
3317 2855 3446 2902 sunt
3478 2848 3740 2903 incolam.

568 2950 754 3007 XVIII.
786 2951 1170 3008 Hcereticorum
1204 2957 1473 3010 contraria
1497 2966 1811 3027 argumenta
1844 2958 2140 3015 solvuntur.

623 3068 728 3123 Sed
743 3069 835 3137 qui
856 3083 1025 3139 nugas
1060 3071 1231 3139 magis
1262 3084 1424 3139 quam
1444 3070 1726 3124 veritatem
1746 3070 1978 3125 aestimat
1997 3070 2153 3141 Apul-

569 3161 782 3223 linaris,
819 3162 1093 3228 rectisque
1122 3177 1187 3217 ae
1211 3162 1317 3232 piis
1341 3163 1683 3233 degmatibns
1700 3177 1852 3216 suam
1876 3162 2155 3232 anteponit

571 3250 1194 3319 garrulitatem,earnem
1218 3252 1435 3320 quidem
1457 3267 1484 3304 a
1502 3252 1611 3306 Deo
1626 3250 1803 3305 Verbo
1818 3261 2150 3320 assumptam

570 3341 668 3405 ait,
705 3348 865 3408 atque
896 3339 997 3393 bac
1017 3354 1121 3394 ceu
1147 3340 1267 3394 velo
1291 3342 1524 3408 quodam
1557 3354 1678 3395 esse
1709 3356 1864 3395 usum
1899 3357 1912 3405 ;
1971 3350 2153 3395 mente

569 3438 748 3485 autem
779 3446 884 3485 non
921 3431 1249 3499 indiguisse,
1286 3432 1379 3486 sed
1410 3434 1581 3501 ipsum
1617 3433 1736 3485 vice
1782 3432 1981 3486 mentis
2024 3446 2151 3487 cor-

569 3518 688 3585 pori
717 3519 1016 3573 exstitisse.
1050 3520 1178 3584 Sed,
1202 3536 1233 3573 o
1283 3522 1462 3585 sodes,
1495 3520 1641 3573 dicet
1692 3521 1740 3574 ei
1792 3521 1990 3588 aliquis
2014 3560 2030 3587 ,
2085 3536 2153 3576 ne

570 3623 797 3677 corpore
830 3610 1047 3679 quidem
1078 3612 1217 3665 Deus
1257 3610 1490 3665 Verbum
1524 3612 1756 3681 egebat;
1812 3613 1947 3666 nihil
1998 3614 2145 3666 enim

570 3716 793 3769 prorsus
826 3702 1053 3770 requirit
1086 3719 1101 3756 :
1138 3712 1353 3772 poterat
1385 3712 1565 3757 autem
1622 3705 1740 3758 solo
1768 3705 2022 3759 mandato
2054 3721 2152 3759 no-

570 3800 739 3844 stram
770 3791 987 3861 operari
1012 3792 1261 3846 salutem.
1286 3793 1391 3847 Sed
1417 3803 1595 3847 tamen
1622 3794 1787 3848 voluit
1812 3810 1908 3849 nos
1933 3810 2149 3867 quoque

570 3883 1005 3936 communionem
1026 3883 1262 3952 aliquam
1284 3894 1430 3939 recte
1460 3884 1726 3939 factorum
1751 3886 1951 3942 habere
1972 3904 1984 3939 :
2004 3890 2147 3958 quod

569 3982 629 4025 ut
655 3972 909 4040 eﬂiceret,
939 3978 1296 4043 peccatricem
1321 3990 1654 4044 assumptain
1680 3986 1925 4031 naturam
1946 4017 1961 4041 ,
1995 3994 2151 4033 eam-

568 4078 675 4133 que
703 4066 1110 4120 suislaboribus
1130 4067 1505 4136 justilicatam,
1539 4068 1751 4122 acerbis
1772 4071 2043 4138 expedivit
2064 4081 2147 4141 ty-

571 4156 754 4209 rannis
778 4166 998 4223 peccato
1046 4167 1101 4211 et
1142 4160 1356 4213 diabolo
1391 4176 1455 4215 ac
1486 4172 1688 4223 morte,
1727 4171 1779 4214 et
1829 4164 2141 4219 eualestibus

569 4247 789 4301 sedibus
835 4249 1059 4302 donavit
1094 4267 1108 4303 :
1148 4261 1202 4303 et
1232 4266 1327 4319 per
1372 4268 1489 4305 eam
1538 4268 1699 4321 quam
1752 4252 1868 4321 ipse
1916 4257 2148 4325 sumpsit

2387 2959 2493 3013 lH'.
2524 2960 2715 3025 Λύσις
2744 2956 2863 3014 τῶν
2893 2962 3206 3029 αἱρετικῶν
3237 2966 3704 3035 προϐλημάτων.

2340 3069 2477 3122 Ἀλλ’
2509 3072 2539 3123 ό
2569 3070 2660 3123 τὸν
2684 3069 2844 3124 ὕθλον
2876 3074 3224 3146 προτιμήσας
3262 3075 3364 3145 τῆς
3390 3075 3655 3145 ἀληθείας
3685 3078 3843 3131 Ἀπο-

2253 3164 2516 3235 λινάριος,
2564 3164 2659 3217 καὶ
2707 3164 2818 3217 τῶν
2863 3166 3105 3218 εὐσεϐῶν
3160 3166 3447 3238 δογμάτων
3493 3168 3595 3239 τὴν
3636 3169 3843 3221 οἰκείαν

2256 3254 2530 3324 προτάξας
2554 3254 2893 3325 ἀδολεσχίαν,
2923 3256 3023 3326 τὴν
3049 3257 3147 3327 μὲν
3178 3259 3355 3329 σάρκα
3390 3257 3480 3310 τὸν
3507 3258 3644 3312 Θεὸν
3673 3260 3844 3327 Λόγον

2254 3344 2606 3417 ἀνειληφέναι
2640 3348 2794 3417 φησὶ,
2828 3349 2923 3401 καὶ
2958 3348 3133 3421 ταύτῃ
3166 3350 3415 3420 καθάπερ
3453 3352 3561 3403 τινὶ
3587 3368 3842 3421 παραπε-

2253 3434 2492 3503 τάσματι
2524 3436 2830 3505 χρήσασθαι
2858 3454 2873 3468 ·
2902 3437 2995 3490 τοῦ
3044 3438 3099 3491 δὲ
3128 3438 3219 3492 νοῦ
3258 3440 3332 3509 μὴ
3366 3438 3649 3509 δεηθῆναι,
3682 3442 3841 3493 αὐτὸν

2251 3526 2308 3579 δὲ
2337 3526 2457 3578 ἀντὶ
2486 3526 2579 3579 νοῦ
2623 3528 2873 3596 γενέσθαι
2907 3529 2985 3600 τῷ
3017 3530 3247 3599 σώματι.
3292 3531 3453 3597 Ἀλλ’,
3489 3526 3535 3583 ὼ
3569 3531 3836 3600 βέλτιστε,

2253 3620 2399 3673 εἴποι
2428 3639 2513 3683 τις
2548 3622 2613 3673 ἂν
2662 3622 2797 3691 πρὸς
2833 3622 3017 3684 αὐτὸν,
3056 3623 3176 3675 οὐδὲ
3216 3620 3310 3674 τοῦ
3364 3623 3616 3693 σώματος
3648 3627 3678 3677 ό
3710 3628 3839 3688 92o;

2252 3713 2420 3779 Λόγος
2449 3712 2696 3783 ἔχρῃζεν,
2722 3714 3031 3784 ἀπροσδεὴς
3056 3715 3164 3785 γάρ
3186 3729 3199 3743 ’
3226 3714 3458 3783 ἠδύνατο
3481 3716 3537 3768 δὲ
3564 3720 3660 3770 καὶ
3695 3718 3839 3787 μόνῳ

2254 3805 2638 3873 προστάγματι
2685 3804 2783 3873 τὴν
2830 3804 3108 3875 ἡμετέραν
3160 3808 3700 3877 πραγματεύσασθαι
3735 3827 3837 3861 σω-

2250 3894 2470 3965 τηρίαν’
2507 3894 2620 3947 ἀλλ’
2661 3894 2929 3964 ἠθέλησεν
2972 3894 3115 3963 ἔχειν
3158 3896 3279 3949 τινά
3331 3899 3425 3951 καὶ
3468 3898 3619 3967 ἡμᾶς
3664 3901 3744 3961 εἰς
3782 3901 3837 3950 τὸ

2251 3986 2687 4058 κατορθούμενον
2717 3990 3024 4051 κοινωνίαν,
3048 3981 3108 4040 οὗ
3138 3987 3295 4059 χάριν
3327 3987 3507 4041 λαϐὼν
3536 3990 3705 4057 ’,δύσιν
3739 3991 3835 4057 τὴν

2249 4080 2650 4151 ἡμαρτηκυῖαν,
2687 4079 2868 4142 πόνοις
2904 4078 3074 4151 αὐτὴν
3104 4080 3327 4143 οἰκείοις
3366 4080 3695 4145 δικαίωσας,
3728 4083 3837 4134 τῶν

2248 4189 2305 4224 τε
2330 4172 2542 4241 πικρῶν
2566 4171 2844 4242 τυράννων
2862 4171 3173 4241 ἀπήλλαξεν
3191 4175 3488 4244 ἁμαρτίας,
3521 4176 3618 4228 καὶ
3647 4175 3834 4229 διαϐὀ·

2249 4261 2363 4325 λου,
2383 4262 2474 4313 καὶ
2493 4260 2747 4326 θανάτου,
2772 4262 2993 4315 καὶτῶν
3016 4262 3355 4334 ἐπουρανίων
3378 4266 3586 4336 Θρόνων
3603 4268 3832 4336 ἠξίωσε,

570 4337 986 4405 humanitatem,
1015 4343 1267 4396 universo
1318 4345 1501 4412 generi
1544 4345 1847 4401 libertatem
1886 4363 2132 4402 commu-

2249 4355 2331 4407 καὶ
2353 4354 2437 4406 διὰ
2464 4353 2555 4405 τοῦ
2584 4352 2881 4422 ληφθέντος
2917 4356 3079 4408 παντὶ
3101 4354 3178 4425 τῷ
3205 4356 3351 4424 γένει
3384 4358 3483 4427 τῆς
3516 4358 3834 4429 ἐλευθερίας

572 4428 793 4483 nicavit.
826 4430 1082 4485 Sedenim
1114 4432 1246 4485 nihil
1294 4434 1486 4487 horum
1522 4445 1779 4502 reputans
1804 4437 1893 4492 hic
1924 4440 2141 4507 sapien-

571 4520 815 4574 tissimus
837 4560 852 4585 ,
881 4521 1281 4576 voealissimum
1321 4523 1606 4593 theologia:
1633 4540 1937 4592 praeconem
1968 4528 2142 4585 Joan-

570 4626 691 4665 nem
731 4614 1144 4682 evangelistam,
1177 4617 1426 4668 amentise
1460 4632 1573 4669 sua:
1601 4628 1795 4671 testem
1844 4620 2049 4675 habere
2084 4637 2143 4675 se

565 4701 793 4771 judieat.
832 4720 850 4752 ι
894 4701 1126 4757 Verbum
1161 4706 1327 4769 enim,
1372 4706 1589 4774 inquit,
1641 4724 1769 4762 caro
1807 4709 2005 4763 factum
2037 4719 2140 4775 est,

568 4804 624 4846 et
647 4794 907 4848 habitavit
938 4796 988 4849 in
1015 4796 1258 4851 nobis”.
1286 4814 1306 4849 ι
1335 4798 1499 4869 Atqui
1525 4801 1747 4854 omnino
1769 4802 1992 4867 sciebat,
2011 4804 2139 4857 alibi

574 4900 788 4957 quoque
811 4895 1017 4953 partem
1049 4902 1148 4955 pro
1180 4896 1294 4941 toto
1326 4888 1564 4942 divinam
1593 4890 1933 4958 Scripturam
1960 4894 2147 4962 appel-

572 4977 686 5029 lare
714 4975 885 5031 solere
918 4991 930 5024 :
966 4992 1085 5046 quae
1140 4978 1301 5031 modo
1348 4980 1571 5048 quidem
1623 4997 1687 5034 ex
1739 4983 1921 5037 anima
1975 4994 2145 5039 totmn

576 5066 843 5122 hominem
878 5079 1174 5137 nuncupat,
1209 5071 1372 5124 modo
1403 5082 1586 5126 autem
1644 5087 1711 5125 ex
1757 5090 1919 5128 carne
1977 5086 2146 5130 totum

572 5156 768 5213 animal
800 5159 1057 5215 denotat:
1096 5179 1114 5212 ‹
1141 5158 1340 5216 Omnes
1372 5162 1536 5228 enim,
1565 5162 1759 5233 inquit,
1805 5166 1998 5223 anima:
2030 5183 2149 5239 qua:

645 5338 685 5371 "
710 5336 866 5393 Joan.
899 5352 938 5403 ι,
965 5339 1051 5394 14.

643 5545 718 5611 (l)
758 5544 1179 5600 Prteclarissime
1219 5544 1303 5597 his
1342 5543 1536 5598 Cicero
1576 5542 1899 5610 astipulatur
1934 5542 1985 5597 in
2028 5542 2142 5597 Sci-

570 5614 743 5683 pionis
766 5614 1005 5668 Somnio.
1036 5615 1112 5667 Tu
1150 5632 1267 5669 vero
1296 5616 1372 5667 sic
1403 5616 1609 5676 Imbelo,
1642 5629 1743 5665 non
1780 5630 1890 5666 esse
1924 5624 1971 5666 te
2000 5631 2138 5667 mor-

570 5685 760 5748 talem,
788 5685 876 5736 sed
906 5701 1091 5752 corpus
1122 5684 1216 5738 hoc
1248 5701 1264 5738 :
1297 5701 1385 5737 uec
1416 5686 1549 5735 enim
1582 5693 1634 5735 tu
1668 5700 1753 5746 es,
1784 5700 1932 5753 quem
1964 5683 2134 5751 forma

570 5758 669 5808 ista
701 5753 967 5821 declarat,
1001 5756 1087 5808 sed
1120 5771 1263 5808 mens
1295 5754 1545 5822 cujusque
1571 5753 1614 5806 is
1644 5762 1721 5808 est
1751 5757 1996 5822 quisque,
2031 5769 2133 5805 non

2248 4446 2567 4514 μετέδωκεν·
2588 4444 2702 4497 ἀλλ’
2720 4446 2869 4498 οὐδὲν
2885 4445 3090 4499 τούτων
3113 4450 3191 4511 εἰς
3209 4450 3331 4501 νοῦν
3344 4450 3523 4502 λαϐὼν
3542 4453 3570 4502 ὁ
3592 4450 3835 4517 σοφώτα-

2241 4551 2331 4597 τος
2345 4535 2435 4587 τὸν
2452 4534 2969 4605 μεγαλοφωνότατον
2989 4538 3203 4607 κήρυκα
3214 4538 3310 4607 τῆς
3324 4538 3624 4606 θεολογίας,
3640 4540 3737 4591 τὸν
3753 4540 3835 4591 εὗ-

2242 4627 2569 4697 αγγελιστὴν
2586 4628 2862 4698 Ἰωάννην,
2886 4628 3061 4700 μάρτυ
3072 4646 3138 4699 ρα
3155 4630 3252 4699 τῆς
3265 4630 3469 4693 οἰκείας
3481 4632 3672 4693 ἀνοίας
3687 4631 3832 4700 ἔχειν

2242 4720 2474 4789 ἡγεῖται·
2495 4737 2513 4770 ι
2533 4721 2592 4771 Ὀ
2613 4720 2782 4788 Λόγος
2804 4720 2933 4791 γὰρ,
2956 4721 3109 4791 φησὶ,
3133 4721 3269 4791 σὰρξ
3285 4722 3521 4789 ἐγένετο,
3542 4724 3637 4774 καὶ
3663 4724 3833 4791 ἐσκή-

2242 4829 2413 4865 νωσεν
2438 4813 2496 4865 ὲν
2516 4814 2646 4883 ἡμῖν
2666 4830 2678 4841 ·
2710 4833 2727 4865 ι
2745 4816 2839 4867 καὶ
2858 4815 3031 4867 ταῦτα
3052 4815 3237 4884 σαφῶς
3258 4815 3434 4878 εξδὼς,
3457 4815 3534 4879 ὡς
3557 4816 3830 4885 πολλαχὼ

2240 4904 2302 4956 τὸ
2330 4905 2436 4956 πᾶν
2464 4905 2573 4957 ἀπὸ
2601 4906 2803 4977 μέρους
2837 4907 3009 4978 ἠθεία
3042 4908 3232 4979 Γραφὴ
3270 4908 3698 4979 προσαγορεύει,
3736 4909 3835 4961 καὶ

2247 4992 2322 5061 πὴ
2347 4993 2445 5062 μὲν
2462 4995 2569 5046 ἀπὸ
2596 4995 2692 5065 τῆς
2711 4995 2891 5065 ψυχῆς
2913 4998 3088 5051 πάντα
3112 4998 3269 5051 καλεί
3286 5000 3376 5051 τὸν
3402 4998 3720 5068 ἄνθρωπον,

2245 5083 2302 5135 δὲ
2341 5084 2448 5136 ἀπὸ
2482 5084 2585 5154 τῆς
2617 5085 2816 5157 σαρκὸς
2844 5086 2964 5139 ὅλον
2995 5085 3054 5138 τὸ
3084 5086 3221 5150 ζῶον
3248 5086 3428 5158 δηλοῖ·
3456 5108 3473 5139 ι
3496 5088 3679 5140 Πᾶσαι
3720 5087 3831 5157 γὰρ

2248 5176 2304 5228 αἱ
2334 5174 2523 5246 ψυχαὶ,
2550 5178 2605 5229 αἱ
2634 5176 2996 5243 εἰσελθοῦσαι,
3022 5179 3205 5250 φησιν,
3240 5179 3355 5249 ἅμα
3390 5177 3587 5232 Ἰακὼϐ
3622 5180 3710 5241 εἰς
3740 5179 3836 5230 At-

2249 5562 2310 5599 ea
2340 5550 2509 5625 ﬁgura
2530 5566 2645 5620 qua:
2676 5554 2836 5622 digito
2865 5557 3218 5610 demonstrari
3242 5565 3432 5624 potest.
3460 5556 3665 5611 Pudeat
3692 5572 3835 5625 ergo

2246 5632 2369 5740 ﬁes,
2395 5622 2484 5687 qui
2520 5634 2689 5745 [:‘tlu:ll
2732 5627 3001 5681 hominem
3043 5622 3327 5683 materiam
3369 5642 3491 5683 esse
3529 5622 3833 5682 mortalem

2284 5703 2425 5743 icere
2464 5705 2527 5745 au
2570 5707 2632 5745 en
2666 5733 2678 5745 .

2284 5703 2425 5743 ιςετε
2464 5703 2678 5746 audent.
