4038 6512
587 374 647 428 Η
654 371 718 429 Si

1587 366 1647 422 S.
1683 362 1959 423 CYRILLI
1989 362 2463 421 ALEXANDRINI
2506 365 2833 423 ARCHIEP.

3709 369 3840 425 “5‘1

583 494 904 550 exsistentia
933 493 999 549 ad
1029 491 1410 548 exsistendum
1452 498 1718 555 traxerat,
1758 488 1852 558 qui
1887 487 1997 542 vita
2038 498 2142 541 eral

2262 487 2342 550 είς
2363 488 2424 540 τὸ
2450 482 2590 541 εῖναι
2613 490 2871 560 ποιήσας,
2900 488 2933 561 ἡ
2956 486 3093 560 ζωὴ,
3125 488 3184 541 τὸ
3208 487 3325 557 φῶς
3346 487 3408 542 τδ
3441 488 3721 560 ἀληθινὸν,
3748 491 3843 561 τὴν

586 599 642 643 et
668 587 761 642 lux
787 601 947 650 vera;
980 586 1091 650 bic,
1124 586 1223 649 nit,
1253 583 1533 639 hominum
1552 596 1681 636 suas
1706 579 1836 634 fecit
1856 579 2159 649 passiones,

587 677 714 733 dum
756 676 1033 732 hominum
1059 675 1289 730 salutem
1320 680 1664 739 operaretur.
1698 669 1943 738 Cumque
1984 667 2161 722 adhuc

591 771 762 841 magis
817 768 1200 824 beneﬁciorum
1262 765 1405 820 illius
1467 762 1898 832 magnitudinem
1935 759 2161 813 demon-

588 869 765 916 strare
786 858 966 921 vellet,
995 870 1337 926 nequaquam
1364 854 1432 909 de
1462 850 1757 907 immortali
1780 852 1960 904 anima
1994 848 2158 903 verba

587 953 735 1019 fecit,
766 953 860 1007 sed
899 951 965 1007 de
987 949 1230 1020 passibili
1259 962 1444 1010 carne,
1469 944 1683 1000 mortali
1712 951 1765 999 et
1794 941 2155 1013 corruptibili,

586 1059 653 1099 ex
686 1043 812 1097 limo
836 1040 1023 1107 facta;
1070 1048 1235 1108 atque
1271 1053 1300 1092 a
1343 1045 1499 1106 parte
1549 1043 1714 1088 totam
1761 1041 2010 1087 naturam
2058 1032 2155 1087 de-

587 1132 850 1196 claravit,
891 1141 952 1184 ut
973 1128 1257 1197 sequentia
1288 1135 1558 1181 testantur
1594 1142 1607 1179 :
1645 1140 1664 1174 ι
1703 1122 1937 1177 Verbum
1968 1121 2152 1189 enim},

586 1223 762 1292 inquit
788 1260 805 1286 ,

585 1315 669 1371 bis
697 1314 761 1369 ⁵⁸.
800 1332 821 1366 ι

654 1427 807 1484 Alius
833 1441 963 1482 vero
995 1426 1041 1481 is
1067 1434 1208 1489 erat,
1253 1424 1342 1493 qui
1387 1424 1549 1479 modo
1608 1422 1836 1478 naturali
1885 1422 2156 1478 inhabita-

583 1524 698 1583 bat,
737 1518 880 1573 aliud
915 1533 1041 1572 vero
1076 1516 1355 1584 templum.
1391 1515 1569 1581 Quare
1599 1524 1653 1568 et
1684 1513 1883 1568 Iudaeis
1933 1514 2151 1568 aiebat:

586 1628 608 1663 ι
646 1610 850 1665 Solvite
900 1608 1155 1677 templum
1193 1606 1315 1671 hoc,
1337 1615 1392 1659 et
1433 1620 1532 1675 ego
1577 1606 1751 1659 tribus
1779 1606 1968 1661 diebus
2004 1606 2157 1660 exci-

582 1702 709 1757 tabo
735 1701 882 1755 illud.
914 1699 981 1753 ¹⁶⁹.
1025 1719 1043 1751 ι
1083 1698 1291 1767 Templi
1331 1712 1463 1751 vero
1494 1696 1693 1752 solutio
1724 1705 1845 1751 erat
1874 1698 2073 1753 animae
2122 1712 2153 1753 a

876 1236 1006 1277 caro
1059 1220 1262 1275 factum
1321 1224 1455 1283 est,
1520 1224 1577 1271 et
1628 1213 1896 1270 habitavit
1945 1215 2000 1271 in
2052 1228 2152 1270 no-

2264 578 2517 659 φθαρτὴν
2543 579 2774 634 άνέλαὸε
2796 580 2982 650 φύσιν,
2996 581 3091 634 καὶ
3112 578 3182 633 τά
3194 580 3300 634 τῶν
3320 579 3628 654 ἀνθρώπιον
3647 580 3843 651 ᾠκειὼ-

2263 687 2397 725 σατο
2444 671 2612 742 πάθη,
2648 673 2747 743 τὴν
2791 672 2901 727 τῶν
2962 672 3269 744 ἀνθρώπων
3318 673 3841 744 πραγματευόμενος

2263 763 2560 833 σωτηρίαν.
2589 764 2700 816 Καὶ
2725 762 2991 834 μειζόνως
3014 764 3177 818 αὐτοῦ
3201 764 3373 829 δεῖξαι
3390 764 3495 834 τῆς
3520 763 3845 835 εὐεργεσίας

2260 851 2320 903 τὸ
2352 851 2584 920 μέγεθος
2613 852 2901 925 ἐθελήσας,
2922 854 2985 907 οὐ
3015 855 3116 924 τῆς
3139 854 3320 925 ψυχῆς
3350 855 3728 925 ἐμνημόνευσε
3748 853 3841 923 τῆς

2258 942 2555 1010 ἀθανάτου,
2594 944 2730 999 ἀλλά
2760 947 2858 1017 τῆς
2899 947 3103 1019 σαρκὸς
3127 948 3226 1018 τῆς
3260 947 3533 1019 παθητῆς,
3564 947 3668 1017 τῆς
3718 946 3841 1018 θνη-

2257 1034 2377 1106 τῆς,
2409 1035 2512 1105 τῆς
2546 1035 2937 1108 φθειρομένης,
2987 1037 3089 1107 τῆς
3130 1038 3195 1090 ἐκ
3240 1036 3411 1107 πηλοῦ
3442 1035 3840 1107 γεγενημένης

2258 1126 2351 1179 καὶ
2373 1127 2482 1181 ἀπὸ
2523 1127 2619 1181 τοῦ
2654 1128 2856 1200 μέρους
2887 1130 2985 1201 τὴν
3012 1130 3196 1182 πᾶσαν
3226 1130 3389 1197 φύσιν
3435 1128 3742 1199 ἐδήλωσεν,
3774 1125 3843 1186 ὡς

2260 1221 2534 1289 μαρτυρεῖ
2574 1219 2645 1273 τὰ
2692 1221 3010 1290 ἐπαγόμενα
3035 1235 3051 1251 ο
3091 1240 3109 1272 ι
3151 1220 3208 1273 Ὀ
3255 1220 3428 1288 Λόγος
3470 1219 3607 1290 γάρ,
3658 1217 3840 1289 φησιν,

2265 1308 2400 1379 σὰρξ
2426 1310 2667 1378 ἐγένετο,
2701 1312 2795 1365 καὶ
2815 1313 3127 1382 ἐσκήνωσεν
3150 1314 3207 1365 ἐν
3236 1314 3387 1382 ἡμῖν.
3418 1330 3438 1362 ι

2327 1419 2559 1492 Ἕτερος
2596 1422 2654 1475 δὲ
2686 1424 2714 1476 6
2737 1424 3071 1493 κατοικήσας
3107 1422 3248 1476 κατά
3272 1422 3362 1474 τὸν
3404 1420 3565 1488 λόγον
3602 1420 3707 1489 τῆς
3745 1421 3842 1489 φύς

2258 1530 2414 1576 σεως,
2441 1514 2537 1567 καὶ
2561 1513 2648 1566 ἓτε
2657 1530 2749 1585 ρος
2769 1516 2797 1567 6
2823 1514 3076 1576 ναός.Διὸ
3096 1514 3190 1567 καὶ
3217 1515 3330 1577 τοῖς
3360 1513 3640 1575 Ἰουδαίοις
3666 1512 3839 1579 ἐλεγε-

2262 1622 2280 1656 ι
2308 1603 2521 1656 Λύσατε
2552 1604 2642 1657 τὸν
2688 1604 2817 1659 ναὸν
2867 1604 3077 1670 τοῦτον,
3126 1606 3221 1658 καὶ
3274 1606 3332 1659 ἐν
3377 1607 3559 1676 τρισὶν
3605 1604 3844 1676 ἡμέραις

2255 1694 2432 1766 ἐγερῶ
2466 1695 2648 1749 αὐτόν.
2678 1714 2698 1746 ι
2719 1695 2889 1760 Λύσις
2915 1697 2973 1749 δὲ
3004 1696 3098 1751 τοῦ
3122 1696 3277 1760 ναοῦ,
3306 1696 3486 1772 ψυχῆς
3512 1697 3613 1748 καὶ
3653 1696 3842 1765 σώμα-

580 1806 808 1863 corpore
842 1791 1161 1846 dissolutio:
1184 1804 1307 1844 nam
1335 1803 1485 1844 mors
1517 1797 1602 1844 est
1626 1788 1822 1842 animae
1861 1803 1890 1841 a
1920 1802 2142 1859 corpore

2253 1802 2345 1848 τος
2379 1787 2412 1856 ή
2451 1786 2755 1851 διάζευξις’
2800 1787 3176 1861 θάνατοςγάρ
3203 1790 3320 1841 ἐστι
3375 1787 3557 1857 ψυχῆς
3589 1786 3704 1840 ἀπὸ
3739 1786 3842 1839 σώ-

579 1900 847 1940 recessus.
882 1885 1023 1953 Ergo
1058 1883 1242 1951 templi
1293 1881 1616 1936 solutionem
1661 1888 1918 1949 operatur
1958 1882 2142 1934 animat

2258 1894 2427 1947 ματος
2451 1878 2802 1950 ἀναχώρησις
2818 1895 2833 1912 ·
2858 1879 3054 1933 οὐκοῦν
3078 1881 3177 1951 τὴν
3215 1880 3371 1934 λύσιν
3396 1880 3492 1934 τοῦ
3523 1878 3658 1933 ναοῦ
3690 1881 3720 1932 6
3744 1878 3841 1948 τῆς

578 1992 608 2030 a
637 1991 864 2045 corpore
898 1974 1190 2040 separatio.
1226 1972 1403 2042 igitur
1454 1972 1497 2025 si
1538 1969 1708 2024 Judaei
1753 1970 2008 2040 templum
2049 1971 2155 2025 sol-

578 2076 813 2133 verunt,
865 2065 1011 2120 cruci
1068 2064 1339 2131 mortique
1398 2064 1674 2116 tradentes
1709 2102 1724 2126 ,
1783 2062 1985 2117 solutio
2023 2076 2154 2117 vero

579 2156 763 2225 templi
813 2155 1221 2221 conjunctorum
1267 2152 1540 2222 separatio
1580 2150 1727 2216 fuit,
1794 2152 1936 2206 Deus
1971 2159 2150 2205 autem

579 2248 815 2303 Verbum
850 2249 950 2302 boc
980 2247 1299 2301 dissolutum
1364 2246 1717 2299 resuscitavit
1744 2284 1758 2309 ,
1805 2243 2152 2313 exploratum

578 2338 817 2394 arbitror
853 2353 975 2393 esse
1012 2337 1406 2406 prudentibus,
1464 2352 1568 2390 non
1630 2338 1924 2390 iuanimem
1977 2351 2154 2405 neque

576 2441 759 2487 mente
804 2438 1100 2491 carentem,
1127 2429 1221 2483 sed
1272 2429 1575 2497 perfectum
1634 2430 1909 2483 hominem
1966 2444 1995 2482 a
2042 2429 2153 2484 Deo

580 2522 756 2576 Verbo
790 2530 1126 2588 assumptum
1188 2516 1375 2572 fuisse.
1437 2517 1568 2570 Nam
1612 2517 1657 2570 si
1711 2533 1808 2586 pro
1857 2518 2151 2573 immortali

563 2613 779 2677 anima,
818 2611 871 2663 in
916 2616 1199 2675 assumpto
1247 2620 1475 2675 corpore
1511 2606 1652 2659 Deus
1700 2605 1932 2659 Verbum
1983 2607 2152 2659 exsti-

564 2703 766 2768 uisset,
799 2700 984 2769 utique
1012 2697 1222 2753 ludatis
1272 2699 1502 2752 dixisset
1548 2714 1565 2752 :
1604 2696 1892 2752 Dissolvite
1931 2712 2037 2762 me,
2096 2706 2151 2753 et

572 2794 755 2848 triduo
788 2805 1087 2859 resurgam.
1121 2788 1278 2843 Nunc
1303 2803 1434 2843 vero
1465 2803 1587 2842 cum
1615 2786 1831 2853 doceat,
1861 2796 1917 2843 et
1966 2788 2148 2857 templi

572 2884 717 2941 illius
735 2883 1205 2944 mortali-tatem,et
1218 2880 1571 2934 iubabitantis
1586 2879 1810 2934 Deitatis
1828 2880 2147 2949 potentiam,

575 2995 599 3030 ι
640 2976 865 3042 Solvite,
900 2974 1103 3043 inquit,
1123 2972 1383 3043 templum
1421 2972 1545 3037 hoc,
1572 2979 1627 3026 et
1658 2986 1759 3042 ego
1783 2972 1973 3026 triduo
1996 2970 2150 3026 esci-

572 3070 699 3126 tabo
725 3069 872 3123 illud.
913 3085 933 3119 ι
978 3066 1095 3120 Non
1121 3065 1267 3120 enim
1300 3078 1423 3132 ego,
1455 3063 1568 3129 ait,
1603 3079 1633 3117 a
1664 3063 1818 3117 vobis
1850 3063 2142 3130 dissolvar,

569 3163 665 3217 sed
696 3168 1029 3225 assumptum
1064 3173 1093 3212 a
1124 3173 1211 3212 me
1244 3157 1541 3226 templum;
1597 3166 1651 3211 et
1678 3157 1783 3212 hoc
1813 3158 2029 3225 quidem
2063 3158 2146 3228 ip-

2256 1967 2436 2039 ψυχῆς
2473 1971 2767 2042 ἐργάζεται
2799 1972 3110 2043 χωρισμός·
3162 1974 3210 2026 εἰ
3239 1973 3415 2026 τοίνυν
3460 1971 3711 2025 Ἰουδαῖοι
3754 1970 3840 2022 τὸν

2256 2060 2385 2113 ναὸν
2433 2060 2633 2114 ἔλυσαν
2672 2062 2895 2133 σταυρῷ
2942 2064 3037 2117 καὶ
3086 2062 3300 2133 θανάτῳ
3355 2060 3836 2133 παραδεδωκότες,

2255 2150 2411 2216 λύσις
2433 2150 2490 2205 δὲ
2521 2153 2652 2205 ναοῦ
2675 2152 2784 2206 τῶν
2806 2153 3171 2223 συνημμένων
3201 2156 3231 2207 6
3256 2152 3560 2223 χωρισμὸς,
3583 2155 3612 2205 6
3631 2151 3692 2204 δὲ
3714 2151 3839 2214 Θεὸς

2255 2242 2430 2309 Λόγος
2463 2241 2651 2296 τοῦτον
2697 2243 2932 2297 λυθέντα
2986 2245 3276 2314 ἀνέστησε,
3321 2245 3492 2313 σαφὲς
3520 2240 3686 2314 οἶμαι
3734 2246 3838 2307 τοῖς

2255 2331 2545 2403 ἔμφροσιν,
2582 2333 2659 2398 ὠς
2691 2335 2794 2387 οὐκ
2838 2336 3044 2405 ἄψυχον
3076 2336 3198 2389 οὐδὲ
3221 2336 3413 2403 ἄνουν,
3460 2336 3602 2389 άλλά
3636 2334 3840 2388 τέλειον

2254 2421 2545 2492 ἄνθρωπον
2578 2425 2607 2475 6
2635 2424 2770 2488 Θεὸς
2809 2424 3102 2478 ἀνελάϐετο
3126 2426 3298 2495 Λόγος
3320 2444 3334 2459 ο
3369 2428 3418 2481 εί
3452 2427 3565 2499 γὰρ
3592 2426 3723 2481 ἀντὶ
3748 2427 3840 2498 τῆς

2252 2511 2522 2566 ἀθανάτου
2547 2513 2748 2584 ψυχῆς,
2772 2516 2830 2568 ἐν
2858 2515 2937 2586 τῷ
2968 2516 3332 2586 ἀναληφθέντι
3368 2518 3591 2590 σώματι
3620 2519 3841 2587 γέγονεν

2251 2602 2280 2653 6
2323 2602 2456 2663 Θεὸς
2478 2605 2670 2674 Λόγος,
2704 2600 2857 2660 εἶπεν
2888 2607 2954 2661 ἂν
2995 2610 3108 2670 τοῖς
3150 2608 3449 2674 Ἰουδαίοις·
3492 2610 3719 2664 Λύσατέ
3751 2627 3838 2677 με,

2259 2694 2356 2747 καὶ
2394 2696 2453 2748 ἐν
2506 2696 2685 2767 τρισὶν
2728 2698 2969 2768 ἡμέραις
3000 2700 3413 2772 ἀναστήσομαιο
3474 2701 3574 2755 νῦν
3598 2702 3659 2755 δὲ
3696 2700 3837 2755 διδά-

2253 2799 2422 2846 σκων,
2454 2784 2548 2836 καὶ
2582 2783 2677 2837 τοῦ
2716 2785 2847 2839 ναοῦ
2881 2787 2943 2840 τὸ
2970 2788 3268 2857 τηνικαῦτα
3295 2792 3358 2843 τὸ
3399 2790 3621 2860 θνητὸν,
3652 2791 3753 2843 καὶ
3781 2791 3837 2842 τὸ

2249 2872 2475 2927 δυνατὸν
2507 2873 2607 2944 τῆς
2640 2875 2959 2947 ὲνοικούσης
3004 2877 3289 2948 Θεότητος,
3343 2897 3363 2930 ‹
3405 2879 3650 2944 Λύσατε,
3683 2881 3834 2949 φησὶ,

2247 2963 2341 3017 τὸν
2368 2963 2494 3017 ναδν
2537 2964 2758 3029 τοῦτον,
2808 2968 2902 3020 καὶ
2935 2970 2991 3020 ἐν
3035 2970 3211 3038 τρισὶν
3252 2970 3491 3041 ἡμέραις
3526 2970 3715 3043 ἐγερῶ
3739 2972 3834 3023 αύ-

2248 3054 2371 3109 τὸν·
2406 3076 2424 3107 ι
2453 3060 2515 3111 ού
2547 3059 2657 3130 γὰρ
2693 3060 2823 3128 ἐγὼ,
2841 3062 3028 3131 φησιν,
3058 3062 3148 3131 ὑφ’
3180 3063 3332 3133 ὑμῶν
3358 3064 3694 3135 λυθήσομαι,
3723 3064 3834 3118 ἀλλ’

2248 3149 2276 3199 6
2306 3147 2535 3218 ληφθεὶς
2572 3151 2664 3203 ὑπ’
2714 3150 2850 3220 ἐμοῦ
2892 3154 3050 3216 ναός·
3084 3155 3179 3207 καὶ
3211 3148 3365 3219 οὗτος
3394 3156 3452 3209 δὲ
3494 3156 3716 3221 λύεται,
3752 3157 3834 3209 ἵνα

570 3270 689 3310 sum
722 3252 793 3307 ita
821 3250 1136 3306 dissolvitur
1165 3288 1181 3314 ,
1215 3258 1274 3302 ut
1307 3248 1532 3303 meliore
1566 3249 1967 3304 resurreCtione
1995 3262 2142 3320 post-

2250 3239 2560 3308 κρείττονος
2602 3242 2956 3307 ἀναστάσεως
3010 3244 3314 3317 ἀπολαύσῃ,
3368 3246 3456 3299 ἵνα
3493 3246 3596 3318 τὴν
3630 3248 3833 3320 θνητὴν

567 3361 631 3402 ea
673 3345 905 3408 fruatur,
937 3351 996 3397 ut
1022 3340 1309 3395 mortalem
1340 3341 1578 3408 deponat
1614 3351 1888 3405 naturam,
1928 3350 1986 3393 ut
2019 3355 2143 3395 cor-

568 3438 872 3509 ruptionem
901 3442 1066 3487 exuat
1094 3440 1150 3485 et
1183 3432 1369 3486 induat
1396 3432 1880 3501 incorruptionem,
1920 3433 2141 3503 829m

567 3537 628 3582 ut
658 3526 849 3579 mortis
880 3522 1170 3592 imperium
1232 3522 1499 3585 destruat,
1528 3530 1586 3574 ut
1634 3522 1728 3574 [lat
1758 3523 2143 3578 dormientium

566 3616 859 3687 primitize,
924 3622 982 3666 ut
1030 3611 1402 3680 corruptionis
1450 3611 1732 3668 doloribus
1795 3615 1990 3670 solutis
2034 3631 2137 3684 ap-

566 3716 754 3778 pareat
777 3714 1109 3761 mortuorum
1140 3702 1556 3773 primogenitus,
1612 3714 1667 3759 et
1705 3708 1922 3775 propria
1960 3721 2143 3762 resur-

565 3800 809 3857 rectione
861 3796 1101 3854 omnium
1163 3795 1443 3851 hominum
1498 3798 1954 3854 resurrectionem
2010 3814 2136 3870 por-

556 3892 772 3948 tendat.

557 4028 705 4088 XIX.
746 4031 1131 4088 Demonstratio
1165 4072 1178 4096 ,
1236 4034 1377 4099 quod
1425 4033 1659 4086 animum
1728 4030 2138 4087 intellectualem

950 4101 1093 4156 Deus
1137 4101 1355 4157 Verbum
1387 4104 1743 4169 asaumpsert’l.

629 4215 792 4283 Quod
845 4226 1025 4269 autem
1076 4214 1191 4269 haec
1219 4214 1295 4268 ita
1328 4229 1387 4269 se
1424 4213 1678 4277 habeant,
1723 4223 1953 4269 testatur
2004 4230 2137 4285 apo-

552 4307 825 4363 stolorum
854 4307 1107 4376 princeps
1134 4307 1184 4359 in
1209 4305 1433 4359 Actibus
1457 4306 1773 4370 dicens,non
1800 4305 1967 4362 fuisse
1983 4306 2136 4362 dere-

561 4402 742 4454 lictam
770 4400 1006 4453 animam
1040 4397 1160 4466 ejus
1189 4395 1242 4450 in
1277 4396 1510 4458 inferno,
1542 4412 1717 4467 neque
1752 4412 1970 4453 carnem
2017 4400 2133 4468 ejus

2240 3330 2519 3400 ἀπόθηται
2550 3332 2733 3401 φύσιν,
2770 3335 2858 3386 ἵνα
2883 3334 2983 3404 τὴν
3011 3336 3220 3407 φθορὰν
3252 3338 3593 3409 ἀποδύσηται
3622 3343 3723 3393 καὶ
3741 3342 3833 3412 τὴν

2244 3420 2558 3491 ἀφθαρσίαν
2596 3423 2907 3495 ἐνδύσηται,
2932 3428 3020 3480 ἴνα
3053 3428 3148 3482 τοῦ
3189 3430 3422 3484 θανάτου
3453 3432 3743 3504 καταλύσῃ
3776 3433 3834 3485 τὸ

2243 3514 2467 3583 κράτος,
2504 3514 2592 3566 ἵνα
2615 3515 2721 3567 τῶν
2754 3518 3173 3589 κεκοιμημένων
3194 3522 3424 3593 ἀπαρχὴ
3454 3524 3711 3595 γένηται,
3748 3526 3831 3578 ἶνα

2243 3602 2412 3668 λύσας
2440 3605 2543 3677 τῆς
2565 3606 2773 3678 φθορᾶς
2796 3609 2899 3674 τάς
2934 3611 3130 3676 ὠδῖνας
3160 3612 3451 3686 ἀναδειχθῇ
3475 3616 3587 3668 τῶν
3617 3618 3830 3687 νεκρῶν

2243 3695 2611 3764 πρωτότοκος,
2640 3698 2737 3752 καὶ
2764 3699 2851 3753 διά
2884 3702 2985 3771 τῆς
3011 3704 3218 3768 οίκείας
3257 3706 3612 3771 ἀναστάσεως
3668 3710 3829 3778 εὐαγ-

2240 3785 2523 3859 γελίσηται
2552 3788 2655 3856 τὴν
2677 3789 2901 3848 πάντων
2930 3792 3232 3866 ἀνθρώπων
3256 3796 3573 3852 ἀνάστασιν.

2239 4039 2339 4094 ῙΘ’.
2386 4038 2715 4106 Ἀπόδειξις
2758 4042 2846 4095 ὅτι
2886 4044 3101 4168 ιὲιᾷχέζι·
3129 4046 3348 4114 γοερὰν
3376 4050 3409 4102 o'
3444 4048 3595 4114 θεὸς
3630 4052 3825 4120 Λόγος

2986 4131 3023 4166 a
3060 4132 3146 4168 εν.

2986 4131 3146 4169 αδεν.

2309 4223 2432 4275 Ὅτι
2459 4223 2516 4277 δὲ
2542 4223 2718 4278 ταῦτα
2755 4225 2930 4291 οὕτως
2959 4226 3096 4298 ἔχει,
3140 4231 3413 4299 μαρτυρεῖ
3442 4231 3551 4284 τῶν
3581 4233 3826 4288 ἀποστό-

2236 4315 2342 4366 λων
2372 4316 2400 4367 6
2445 4319 2742 4388 κορυφαῖος
2782 4319 2840 4371 ἐν
2879 4321 3001 4382 ταῖς
3049 4320 3284 4391 Πράξεσι
3356 4321 3567 4390 λέγων,
3602 4326 3687 4377 ὅτι
3726 4328 3827 4380 οὒκ

2238 4404 2693 4479 ἐκγατελείφθηὴ
2732 4409 2878 4480 ψυχὴ
2915 4410 3079 4464 αὑτοῦ
3114 4414 3193 4475 είς
3241 4412 3388 4483 ᾅδου,
3437 4415 3565 4467 οὐδὲ
3613 4419 3647 4487 ή
3687 4419 3828 4490 σὰρξ

562 4492 765 4545 vidisse
807 4487 1210 4558 corruptionem
1243 4487 1314 4540 ⁸ο.
1399 4486 1613 4563 Templi
1641 4502 1770 4556 ergo
1824 4486 2021 4543 solutio
2049 4496 2132 4543 est
2235 4496 2400 4550 αὐτοῦ
2439 4493 2553 4552 οἶδε
2606 4499 2923 4571 διαφθοράν.
2972 4503 3140 4566 Λύσις
3187 4506 3474 4575 τοιγαροῦν
3519 4486 3823 4577 massas,

556 4586 753 4640 anima:
791 4597 821 4636 a
854 4594 1080 4650 corpore
1107 4578 1380 4648 separatio
1416 4595 1429 4644 ;
1480 4579 1831 4649 vicissimque
1878 4594 2125 4636 resurre-

2250 4587 2413 4659 ζιυχῆς
2444 4590 2539 4643 καὶ
2566 4590 2819 4662 σώματος
2841 4596 3155 4666 χωρισμόςο
3182 4599 3275 4651 καὶ
3300 4598 3464 4652 πάλιν
3494 4601 3821 4669 ἀνάστασις,

554 4678 665 4732 ctio
692 4681 778 4731 ett
807 4674 873 4729 ad
896 4673 1184 4743 .propriaui
1231 4686 1455 4727 carnem
1488 4672 1723 4727 reditus.
1779 4672 1837 4726 Si
1872 4687 2031 4744 ergo,
2076 4684 2131 4728 ut

2250 4680 2375 4751 πρὸς
2407 4681 2503 4749 τὴν
2535 4681 2714 4751 σάρκα
2744 4682 2841 4754 τὴν
2871 4685 3080 4738 οίκείαν
3110 4688 3365 4750 ἐπάνοδος
3386 4707 3399 4719 σ
3439 4692 3487 4742 εί
3508 4690 3722 4757 τοίνυν,
3746 4693 3825 4757 ὣς

553 4768 825 4822 btercseos
876 4763 1213 4833 antesignani
1272 4764 1447 4825 aiunt,
1505 4762 1718 4819 animas
1770 4762 1909 4818 duas
1956 4778 2128 4819 unus-

552 4860 783 4928 quisque
814 4857 976 4911 homo
1006 4856 1165 4909 habet
1186 4897 1202 4922 ,
1225 4854 1444 4910 vitalem
1471 4854 1747 4910 seilicetet
1782 4854 2123 4922 rationalem,

550 4957 609 5004 et
636 4960 706 5004 ne
734 4961 861 5004 caro
886 4946 1101 5016 quidem
1127 4946 1332 5015 absque
1358 4944 1508 5000 vitali
1530 4945 1725 4999 anima
1761 4945 1989 5016 cogitari
2023 4962 2120 5001 un-

550 5051 713 5107 quam
728 5043 938 5107 potest;
963 5048 1087 5089 nam
1105 5048 1319 5104 corpus,
1338 5048 1445 5088 non
1468 5048 1619 5097 caro,
1649 5034 1847 5103 inquit,
1869 5035 2012 5105 quod
2040 5046 2123 5091 est

549 5129 882 5200 huiusmodi,
910 5126 1212 5198 appellatur
1236 5142 1253 5193 ;
1277 5126 1393 5182 etsi
1426 5125 1626 5180 Petrus
1658 5126 1754 5193 ait,
1790 5142 1895 5182 non
1920 5141 2120 5199 corpus

546 5218 787 5285 Domini,
824 5217 918 5273 sed
970 5215 1182 5270 Domini
1235 5228 1458 5269 carnem
1500 5216 1648 5269 baud
1692 5217 1899 5273 vidisse
1938 5231 2123 5273 corru-

544 5311 808 5381 ptionem,
841 5324 1016 5380 neque
1045 5308 1281 5363 animam
1313 5308 1431 5378 ejus
1454 5309 1503 5362 in
1528 5308 1741 5363 inferno
1765 5309 2080 5367 derelictam
2102 5356 2115 5378 ,

546 5417 677 5456 sane
706 5410 920 5457 constat
948 5402 1164 5456 vitalem
1190 5401 1374 5472 (quam
1421 5403 1694 5470 quomodo
1740 5414 1989 5460 astruant
2020 5422 2120 5460 ne-

546 5490 679 5558 scio)
721 5492 1001 5546 exstitisse
1038 5493 1091 5545 in
1154 5506 1320 5545 carne
1359 5502 1615 5560 corrupta
1672 5494 1909 5547 animam
1937 5534 1952 5559 ,
1999 5497 2119 5551 sine

545 5595 648 5650 qua
681 5596 746 5636 ne
779 5597 905 5636 caro
943 5584 1213 5653 quidem,
1246 5590 1305 5636 ut
1350 5583 1521 5649 aiunt,
1575 5585 1960 5653 appellaretur.
2010 5588 2115 5643 lm-

613 5754 657 5790 ⁵⁵
698 5754 852 5812 Joan.
888 5772 924 5822 ι,
964 5759 1045 5814 ll.
1120 5759 1162 5791 ’δι’
1191 5758 1349 5814 Joan.
1390 5775 1447 5839 ιι,
1486 5760 1563 5813 l9.
1648 5762 1689 5793 ⁸ο
1720 5764 1840 5818 Act.
1876 5779 1930 5828 ιι,
1965 5765 2053 5817 ‘27.

2229 4786 2392 4842 φασιν
2412 4773 2462 4824 οἱ
2493 4772 2594 4841 τῆς
2620 4773 2887 4845 αἱρέσεως
2914 4777 3238 4844 προστάται,
3269 4778 3448 4848 ψυχὰς
3475 4780 3571 4833 δύο
3593 4782 3707 4835 τῶν
3728 4784 3823 4834 ἀν·

2227 4860 2461 4932 θρώπων
2499 4863 2732 4929 ἕκαστος
2760 4864 2893 4936 ἔχει,
2920 4868 3022 4937 τήν
3048 4884 3107 4919 τε
3142 4866 3400 4939 ζωτικὴν,
3435 4872 3529 4924 καὶ
3550 4872 3653 4943 τὴν
3683 4873 3824 4944 λογι-

2233 4952 2355 5023 κὴν,
2384 4954 2479 5007 καὶ
2521 4955 2661 5027 σὰρξ
2691 4956 2819 5011 ἄνευ
2857 4957 3035 5028 ψυχῆς
3072 4958 3171 5012 οὐκ
3198 4960 3262 5013 ἄν
3298 4979 3426 5015 ποτε
3468 4962 3695 5036 νοηθείη
3720 4965 3822 5034 τῆς

2233 5043 2469 5115 ζωτικῆς
2526 5045 2714 5117 (σῶμα
2739 5048 2871 5120 γὰρ,
2900 5049 3015 5103 ἀλλ’
3044 5051 3105 5104 οὐ
3140 5049 3295 5122 σὰρξ,
3318 5053 3469 5121 φησὶ,
3488 5054 3554 5107 τὸ
3575 5055 3823 5107 τοιοῦτον

2230 5136 2749 5211 προσαγορεύεται)’
2770 5140 2977 5213 Πέτρος
3003 5142 3059 5196 δὲ
3086 5143 3209 5215 ἔφη,
3236 5144 3298 5196 οὐ
3321 5144 3383 5197 τὸ
3405 5143 3568 5214 σῶμα
3585 5161 3687 5198 του
3710 5147 3823 5199 Ku-

2235 5226 2373 5297 ρίου,
2409 5226 2544 5281 ἀλλὰ
2578 5228 2679 5300 τὴν
2716 5230 2899 5304 σάρκα
2929 5232 3026 5287 τοῦ
3065 5234 3271 5306 Κυρίου
3303 5233 3379 5305 μὴ
3425 5235 3557 5289 ἰδεῖν
3591 5235 3822 5305 διαφθο-

2228 5316 2353 5388 ράν,
2397 5317 2492 5371 καὶ
2522 5319 2621 5392 τὴν
2657 5320 2837 5395 ψυχὴν
2879 5325 3045 5379 αὐτοῦ
3097 5326 3171 5397 μὴ
3198 5324 3701 5397 ἐγκαταλειφθῆναι
3736 5330 3821 5390 εις

2229 5406 2380 5477 ᾅδου·
2416 5407 2641 5480 εὔδηλον
2670 5412 2747 5477 ὡς
2779 5415 2877 5485 τὴν
2901 5416 2999 5486 μὲν
3029 5415 3289 5487 ζωτικὴν,
3330 5418 3397 5488 ἢν
3420 5419 3521 5470 οὐκ
3548 5412 3649 5471 οἷδ’
3667 5419 3820 5481 ὅταιις

2227 5495 2496 5565 λέγουσιν,
2525 5496 2671 5570 εἶχεν
2693 5506 2726 5573 ἡ
2761 5504 3121 5577 διαφθαρεῖσα
3160 5507 3317 5577 σὰρξ,
3363 5503 3432 5577 ἧς
3456 5508 3588 5561 ἄνευ
3612 5508 3716 5560 οὐκ
3750 5508 3822 5560 ἂν

2226 5591 2720 5662 προσαγορευθείη,
2755 5594 2829 5660 ὦς
2858 5614 3012 5666 φασι,
3049 5599 3213 5669 σάρξσ
3251 5600 3283 5669 ἠ
3331 5599 3386 5652 δὲ
3423 5600 3697 5674 ἀθάνατος
3723 5598 3824 5655 καὶ
