4038 6552
254 419 393 480 1453

1420 400 1510 463 DE
1548 400 2064 462 INCARNATIONE
2102 398 2357 457 DOMINI.
2392 418 2395 419 '

3380 399 3520 455 ΗΜ-

263 538 458 611 λογικὴ
497 531 594 590 καὶ
624 531 717 588 τοῦ
748 530 888 597 ξώου
934 529 1032 601 τὴν
1067 527 1359 601 ἠγεμονίαν
1404 525 1836 596 πεπιστευμένη,

1950 517 2193 575 mortalis
2217 525 2396 571 autem
2436 523 2492 571 et
2535 516 2840 583 rationalis,
2898 532 2983 574 cut
3032 514 3326 573 animantis
3378 522 3519 587 Γιὶμί·

250 635 312 690 ού
345 627 676 699 κατελείφθη
702 627 781 690 είς
803 624 952 696 ᾅδου,
976 622 1110 678 ἀλλὰ
1128 621 1264 693 πρὸς
1298 620 1398 691 τὴν
1424 618 1631 687 οίκείαν
1665 618 1835 671 ἐπαν-

250 727 357 797 ῆκε
423 720 639 792 σάρκα⁸
701 720 797 771 καὶ
856 716 1032 786 μάτην
1083 710 1495 783 ἀδολεσχοῦσιν,
1551 709 1756 778 ἄψυχον
1798 707 1833 776 ἢ

253 816 416 871 ἄνουν
446 810 542 866 τοῦ
589 808 726 863 Θεοῦ
775 806 951 875 Λόγου
985 804 1077 859 τὸν
1120 804 1245 857 ναὸν
1309 799 1833 874 προσαγορεύοντες.

264 906 459 977 Ἡμεῖς
482 902 539 956 δὲ
569 900 762 971 Πέτρῳ
790 896 1055 969 ἑψόμεθα,
1080 895 1175 949 καὶ
1197 895 1376 967 σάρκα
1403 892 1726 963 κηρύττοντι
1757 889 1836 961 μὴ

252 996 554 1067 δεξαμένην
580 991 899 1062 διαφθορὰν,
936 988 1030 1042 καὶ
1065 987 1243 1059 ψυχὴν
1277 986 1352 1058 μὴ
1381 982 1837 1053 καταλειφθεῖσαν

256 1091 335 1152 εἰς
364 1086 509 1158 ᾅδου,
553 1083 668 1138 ἀλλ’
700 1080 1102 1136 ἐπανελθοῦσαν
1134 1080 1227 1133 καὶ
1270 1078 1348 1149 τῷ
1399 1076 1583 1147 οἰκείῳ
1623 1075 1837 1146 σώματι

263 1176 658 1246 συναφθεῖσαν’
688 1171 1015 1242 πιστεύομεν
1042 1170 1100 1223 δὲ
1130 1170 1224 1224 καί
1257 1167 1407 1239 αὐτῷ
1432 1168 1509 1239 τῷ
1529 1167 1719 1239 Κυρίῳ
1750 1165 1840 1219 λέ-

262 1284 440 1339 γοντιο
477 1286 496 1318 ‹
522 1263 826 1336 Περίλυπός
848 1265 996 1317 ἐστιν
1022 1263 1055 1333 ἡ
1089 1261 1235 1331 ψυχή
1272 1278 1372 1331 μου
1398 1260 1501 1323 ἕως
1526 1258 1775 1314 Θανάτου.
1812 1277 1833 1310 ι

263 1362 377 1431 Τῆς
401 1358 511 1430 γὰρ
539 1357 717 1427 λύπης
739 1355 837 1425 τὴν
857 1354 1109 1425 αἴσθησιν
1136 1352 1196 1405 τὸ
1225 1354 1282 1407 ἐν
1306 1354 1441 1424 ἡμῖν
1468 1351 1681 1420 λογικὸν
1702 1350 1837 1403 ὑπο-

263 1451 509 1522 δέχεται’
546 1450 595 1501 εί
646 1447 703 1501 δὲ
744 1445 866 1502 ἀντὶ
901 1443 991 1498 νοῦ
1030 1445 1059 1496 6
1090 1444 1221 1508 Θεὸς
1264 1444 1434 1512 Λόγος
1466 1442 1748 1515 ὑπάρχων,
1770 1440 1840 1494 τὰ

263 1541 357 1595 τοῦ
387 1538 481 1594 νοῦ
512 1537 835 1607 κατεδέχετο
870 1534 1040 1605 πάθη,
1075 1534 1238 1596 αὐτὸς
1275 1528 1343 1604 ἦν
1370 1535 1399 1586 6
1425 1532 1708 1602 λυπηθεὶς,
1745 1532 1840 1585 καὶ

263 1629 546 1702 φοϐηθεὶς,
582 1628 678 1681 καὶ
717 1627 1014 1697 ἀγνοήσας,
1040 1626 1135 1678 καὶ
1182 1624 1513 1693 ἀγωνιάσας,
1548 1624 1643 1677 καὶ
1669 1624 1839 1691 ἀγγε-

260 1724 389 1794 λικῇ
413 1718 701 1791 συμμαχίᾳ
729 1717 957 1789 ῥωσθείς
977 1733 991 1748 ο
1020 1720 1071 1770 εί
1101 1716 1158 1769 δὲ
1185 1716 1473 1771 καὶταῦτα
1499 1717 1761 1787 φήσουσιν
1790 1714 1840 1767 οί

265 1814 363 1884 τῆς
407 1807 785 1877 Ἀπολιναρίου
847 1803 1234 1877 ματαιολογίας
1281 1804 1649 1875 κληρονόμοι,
1702 1802 1841 1872 μετὰ

1938 623 2065 666 men
2120 617 2208 665 est
2262 607 2634 674 commissum,
2685 623 2791 663 non
2847 619 2925 665 est
2973 608 3025 663 in
3088 609 3299 666 inferno
3356 611 3519 665 dere-

1938 702 2097 763 licta.
2146 701 2242 758 sed
2295 701 2364 755 ad
2398 716 2551 756 suam
2585 701 2749 755 rediit
2796 717 3014 757 carnem
3053 723 3065 758 :
3100 703 3331 772 ideoque
3400 702 3517 757 l‘rn~

1943 802 2057 850 stra
2087 800 2361 863 nugantur
2400 790 2476 857 hi,
2526 790 2616 860 qui
2671 791 2910 847 inanime
2955 800 3009 847 et
3048 793 3272 848 rationis
3323 808 3523 861 erpers

1940 885 2109 942 fuisse
2132 886 2319 941 dicunt
2351 883 2445 939 Dei
2481 884 2642 940 Verbi
2679 884 2964 953 templum.
3005 884 3115 941 Nos
3143 896 3324 941 autem
3358 874 3521 941 Petro

1940 978 2305 1035 assentiamur
2363 971 2458 1046 qui
2502 986 2557 1032 et
2600 989 2821 1031 carnem
2867 976 3122 1044 praedicat
3174 979 3522 1046 corruptione

1940 1080 2240 1140 expertem,
2272 1077 2327 1124 et
2361 1068 2600 1123 animam
2645 1067 2700 1122 in
2749 1067 2963 1123 inferno
3012 1083 3121 1122 non
3175 1068 3519 1135 derelictam,

1940 1162 2036 1219 sed
2067 1161 2320 1217 reducem
2350 1170 2515 1230 atque
2555 1159 2623 1213 ad
2680 1172 2880 1229 corpus
2928 1173 3089 1212 suum
3144 1159 3519 1215 recollectam.

1941 1253 2228 1310 Credimus
2266 1255 2429 1309 etiam
2460 1251 2690 1307 Domino
2722 1252 2822 1320 ipsi
2871 1251 3075 1307 dicenti
3109 1268 3123 1304 :
3163 1271 3182 1303 ι
3216 1250 3411 1307 Tristis
3443 1263 3525 1307 est

1942 1347 2123 1401 anima
2171 1360 2289 1401 mea
2332 1358 2504 1415 usque
2543 1344 2608 1398 ad
2653 1352 2882 1398 mortem
2926 1343 3009 1410 5‘;
3059 1361 3078 1396 ι
3122 1358 3246 1398 nam
3290 1344 3525 1398 tristitiae

1942 1453 2159 1493 sensum
2194 1452 2317 1506 pars
2368 1447 2553 1491 nostra
2602 1434 2888 1489 rationalis
2917 1435 3140 1506 excipit.
3191 1434 3344 1502 Quod
3391 1436 3435 1491 si
3471 1437 3524 1489 in

1944 1531 2145 1586 mentis
2189 1529 2307 1584 loco
2356 1528 2496 1584 Deus
2540 1526 2781 1583 Verbum
2823 1527 3129 1593 exsistens,
3175 1529 3373 1582 mentis
3402 1544 3526 1595 pas-

1943 1621 2124 1677 siones
2143 1620 2478 1691 excipiebat,
2504 1619 2693 1689 utique
2721 1620 2892 1686 ipsum
2918 1617 3154 1673 Verbum
3179 1618 3523 1681 tristabatur,

1944 1711 2241 1777 metuebat,
2279 1709 2589 1781 ignorabat,
2625 1709 2952 1780 agouizabat
2977 1748 2993 1774 ,
3034 1719 3088 1764 et
3134 1710 3377 1780 angelica
3421 1726 3526 1776 ope

1945 1800 2373 1858 confortabatur.
2402 1799 2523 1855 Jam
2569 1800 2616 1856 si
2640 1805 2755 1857 haec
2780 1816 2996 1871 quoque
3027 1802 3210 1855 dicant
3246 1802 3527 1872 Apollina-

278 1902 492 1975 Ἀρείου
512 1901 608 1954 καὶ
632 1898 897 1968 Εύνομίου
920 1896 1027 1951 τῶν
1050 1896 1430 1968 χριστομάχων
1450 1895 1809 1965 ταχθήτωσαν
1823 1909 1837 1924 ·

1950 1895 2114 1949 τίοιιω
2139 1895 2383 1949 stultitiae
2421 1893 2683 1959 haeredes,
2704 1894 2737 1948 ii
2767 1895 3010 1963 profecto
3033 1909 3156 1949 cum
3201 1894 3403 1950 Christi
3430 1896 3526 1949 ho-

266 1990 342 2049 ὧν
374 1994 483 2065 γὰρ
535 1993 626 2061 ἴση
680 1992 713 2061 ἡ
769 1987 1107 2059 βλασφημία,
1138 1985 1343 2040 τούτων
1378 1987 1508 2056 μίαν
1556 1980 1695 2039 εἶναι
1743 1985 1843 2055 τὴν

269 2085 512 2158 ἑταιρίαν
539 2083 747 2137 δίκαιον
772 2080 850 2151 (ί)
869 2095 882 2111 ο
909 2080 1073 2150 ἡμεῖς
1091 2078 1147 2131 δὲ
1171 2077 1497 2148 ἀκούσωμεν
1514 2074 1610 2129 τοῦ
1633 2075 1843 2145 Κυρίου

269 2178 523 2247 λέγοντος
540 2192 555 2210 ο
584 2195 603 2229 ι
640 2172 919 2239 Ἐξουσίαν
946 2170 1055 2241 ἔχω
1078 2170 1248 2223 θεῖναι
1274 2168 1371 2241 τὴν
1392 2169 1570 2240 ψυχήν
1600 2186 1725 2242 μου,
1751 2168 1847 2223 καὶ

270 2268 521 2337 ἐξουσίαν
549 2265 656 2338 ἐχω
678 2263 839 2319 πάλιν
863 2263 1047 2317 λαϐεῖν
1072 2262 1246 2332 αὐτήν
1268 2278 1283 2291 ·
1311 2260 1484 2324 οὐδεὶς
1510 2260 1654 2331 αἴρει
1679 2260 1847 2331 αὐτὴν

271 2361 366 2416 ἀπ’
388 2356 544 2430 ἐμοῦ.
571 2374 590 2409 ι
632 2356 727 2410 Ἐκ
754 2355 863 2426 γὰρ
890 2353 999 2407 τῶν
1029 2353 1203 2421 λόγων
1225 2351 1432 2405 τούτων
1460 2351 1841 2423 μαθησόμεθα,

270 2454 347 2518 ὡς
381 2453 569 2524 ἕτερος
596 2449 693 2521 μὲν
722 2450 750 2502 6
778 2446 973 2512 τιθεὶς,
1008 2446 1196 2518 ἕτερον
1218 2445 1276 2499 δὲ
1311 2444 1371 2498 τὸ
1403 2444 1687 2515 τιθέμενον
1708 2460 1722 2476 ο
1752 2445 1847 2499 καὶ

271 2544 404 2608 Θεὸς
438 2543 534 2615 μὲν
562 2543 590 2596 6
610 2540 780 2603 τιθεὶς
807 2540 901 2593 καὶ
919 2537 1232 2610 λαμϐάνων,
1258 2536 1405 2607 ψυχὴ
1432 2537 1489 2590 δὲ
1522 2539 1556 2607 η
1588 2535 1846 2607 τιθεμένη

273 2638 367 2691 κᾶὶ
394 2632 813 2706 λαμϐανομένη⁸
847 2630 940 2684 καὶ
964 2628 1097 2693 Θεὸς
1132 2628 1229 2699 μέν
1258 2628 1358 2698 τὴν
1391 2627 1641 2693 ἐξουσίαν
1685 2626 1842 2698 ἔχων,

270 2726 417 2800 ψυχὴ
443 2726 501 2782 δέ
532 2727 566 2797 ἡ
594 2723 700 2778 ὑπὸ
722 2722 821 2796 τὴν
842 2720 1090 2788 ἐξουσίαν
1118 2706 1336 2791 ἐκείνην
1372 2718 1703 2790 τεταγμένη.

273 3013 359 3069 Κ⁹.
397 3012 527 3066 ’Ὅτι
562 3012 616 3065 οἱ
651 3006 948 3081 προφῆται
979 3006 1366 3081 smmum
1402 3008 1593 3081 φύσιν
1621 3010 1848 3080 dmin-

758 3079 978 3150 φθῆναι
1018 3080 1386 3141 θεσπίζουσι.

1945 1986 2120 2040 stibus
2145 1987 2277 2040 Ario
2307 1994 2469 2055 atque
2485 1985 2704 2055 830m
2729 1985 2994 2041 Eunomio
3018 1986 3521 2042 collocentur.1\'am

1945 2091 2177 2146 quorum
2215 2092 2317 2147 par
2366 2084 2452 2131 est
2496 2077 2837 2146 blasphemia
2867 2118 2882 2144 ,
2928 2078 3123 2132 horum
3184 2095 3349 2134 unam
3402 2095 3526 2135 esse

1945 2167 2295 2223 sodalitatem
2322 2181 2534 2236 aequum
2566 2177 2671 2221 est.
2720 2167 2829 2221 Nos
2853 2183 2983 2223 vero
3015 2170 3302 2224 Dominum
3342 2172 3527 2226 dicen-

1948 2265 2057 2311 tem
2132 2255 2420 2312 audiamus
2473 2272 2487 2307 :
2544 2274 2563 2306 ί
2646 2254 2984 2311 Potestatem
3045 2256 3219 2311 habeo
3290 2259 3525 2326 ponendi

1951 2347 2189 2402 animam
2244 2360 2445 2410 meam,
2493 2354 2548 2400 et
2598 2354 2922 2414 potestatem
2974 2345 3149 2401 habeo
3186 2349 3382 2403 iterum
3435 2365 3529 2404 su-

1954 2439 2133 2495 mendi
2168 2452 2327 2505 eam;
2362 2451 2521 2492 nemo
2556 2435 2696 2491 tollit
2726 2452 2845 2491 eam
2885 2452 2915 2491 a
2940 2451 3026 2492 me
3050 2439 3118 2493 ".
3151 2458 3169 2491 »
3193 2439 3439 2511 Namque
3460 2459 3526 2497 ex

1954 2531 2299 2587 sermonibus
2350 2529 2438 2586 his
2485 2530 2745 2585 discimus
2812 2529 2977 2584 alium
3029 2546 3151 2586 esse
3193 2534 3284 2602 qui
3337 2538 3526 2603 ponit.

1952 2621 2095 2677 aliud
2125 2622 2266 2691 quod
2298 2630 2381 2678 est
2396 2620 2671 2692 positum;
2706 2620 2981 2691 Deumque
3003 2636 3123 2677 esse
3152 2625 3242 2693 qui
3272 2626 3442 2700 ponit,
3476 2639 3531 2681 ct

1955 2715 2047 2786 qui
2085 2714 2250 2770 sumit
2279 2732 2294 2781 ;
2327 2713 2563 2769 animam
2588 2720 2768 2768 autem
2805 2723 2858 2767 et
2878 2714 3111 2782 positam
3137 2726 3190 2769 et
3214 2727 3482 2786 sumptam
3510 2738 3523 2782 ;

1954 2814 2011 2862 et
2037 2805 2131 2860 Dei
2161 2804 2380 2874 quidem
2422 2819 2543 2860 esse
2579 2811 2926 2874 potestatem,
2958 2804 3191 2860 animam
3222 2816 3399 2862 autem
3430 2815 3531 2864 sub

1969 2909 2035 2950 ea
2064 2903 2329 2966 potestate
2360 2895 2613 2950 locatam.

1956 3005 2073 3062 XX.
2115 3006 2270 3073 Quod
2295 3006 2560 3077 propheta:
2587 3006 2871 3081 perfectam
2898 3008 3062 3077 fuisse
3090 3022 3408 3081 assumptum
3436 3012 3536 3068 na-

1944 3095 1946 3098 ν
2498 3086 2673 3131 turam
2706 3078 2983 3147 aﬁrmant.

349 3189 572 3254 Τούτοις
606 3190 817 3262 συνῳδὰ
854 3191 948 3245 καὶ
975 3190 1202 3257 Ἡσαΐας
1229 3193 1258 3245 6
1284 3195 1572 3266 προφήτης
1601 3193 1846 3258 θεσπίζει

2020 3192 2116 3248 llis
2147 3206 2383 3248 consona
2420 3191 2587 3247 Isaias
2620 3206 2835 3261 quoque
2868 3194 3126 3262 prapheta
3160 3194 3411 3263 amrmat,
3448 3200 3533 3254 di-

276 3282 415 3355 βοῶν
429 3296 444 3313 '
457 3300 475 3334 ‹
497 3281 677 3353 Ἰδοὺή
705 3280 970 3352 παρθένος
985 3282 1043 3335 ἐν
1053 3283 1252 3354 γαστρὶ
1270 3282 1520 3354 λήψεται,
1536 3285 1627 3338 και⁹
1637 3285 1849 3352 τέξεται

275 3374 516 3440 υίὸν,καὶ
562 3373 852 3428 καλέσουσι
879 3372 939 3426 τὸ
971 3373 1141 3444 ὄνομα
1171 3374 1336 3428 αὐτοῦ
1378 3376 1745 3448 Ἐμμανουήλ,
1773 3394 1791 3429 ι
1823 3377 1852 3430 ὅ

274 3469 392 3521 ἐστι
420 3466 980 3539 μεθερμηνευόμενον,
1008 3465 1150 3520 κατὰ
1174 3467 1272 3538 τὴν
1287 3467 1395 3521 τῶν
1411 3468 1756 3537 Εύαγγελίων
1775 3468 1853 3523 δι-

273 3556 731 3622 δασκαλίαν,Μεθ“
749 3558 781 3628 ἡ
790 3556 904 3627 μῶν
926 3559 954 3609 6
974 3556 1125 3620 Θεός·
1143 3557 1203 3611 τὸ
1223 3558 1301 3623 δὲ,
1324 3557 1505 3629 Μεθ’ίή
1513 3558 1629 3629 μῶν
1647 3561 1674 3613 6
1695 3559 1849 3625 Θεὸς,

277 3652 418 3722 μετά
435 3650 531 3705 ἀνθ
540 3650 736 3722 ρώπων
751 3649 1041 3720 ἐρμηνεύει
1054 3650 1203 3704 Θεόνυ
1220 3652 1269 3704 εί
1282 3650 1459 3705 τοίνυν
1474 3652 1533 3705 τὸ
1550 3652 1737 3723 κύημα
1752 3650 1852 3722 τῆς

277 3743 557 3816 Παρθένου
588 3741 793 3813 ταύτην
837 3742 998 3795 ἔλαϐε
1044 3743 1142 3814 τὴν
1187 3744 1556 3816 προσηγορίαν
1582 3787 1595 3810 ,
1631 3744 1851 3815 εὔδηλον

278 3835 354 3899 ὡς
375 3836 402 3887 6
429 3834 560 3897 Θεὸς
583 3833 717 3904 ὁμοῦ
749 3833 840 3887 καὶ
863 3834 1151 3907 ἄνθρωπος
1190 3833 1258 3907 ἦν
1284 3853 1298 3867 ο
1340 3836 1401 3889 τὸ
1436 3836 1534 3907 μὲν
1564 3836 1847 3907 ὑπάρχων,

276 3925 415 3980 τὸδὲ
443 3924 644 3990 λαϐὼν,
671 3924 791 3980 καθ’
814 3927 1074 3998 ἑκάτερον
1103 3927 1336 3991 τέλειοςο
1359 3926 1448 3980 διὰ
1480 3926 1577 3997 μὲν
1600 3927 1707 3997 γὰρ
1731 3926 1847 3990 τοῦ,

284 4036 302 4070 ι
337 4017 475 4073 Μεθ’
499 4016 679 4089 ἡμῶν,
707 4038 725 4070 ι
760 4017 853 4071 τοῦ
885 4017 1176 4087 ἀνθρώπου
1206 4018 1265 4071 τὸ
1305 4017 1514 4070 τέλειον
1541 4017 1847 4069 δείκνυται·

274 4108 495 4172 τελείως
532 4110 642 4179 γὰρ
684 4108 844 4179 ἡμῶν
875 4108 1109 4172 ἕκαστος
1140 4107 1252 4179 ἔχει
1298 4107 1393 4160 τοῦ
1427 4106 1716 4178 ἀνθρώπου
1752 4106 1851 4178 τὴν

276 4198 469 4269 φύσιν
503 4199 592 4252 διὰ
619 4198 676 4251 δέ
700 4197 819 4263 τοῦ,
858 4218 877 4249 ι
911 4198 1063 4264 Θεὸς,
1098 4218 1116 4251 ι
1149 4199 1243 4251 καὶ
1272 4199 1373 4269 τῆς
1408 4198 1728 4271 προσθήκης
1750 4197 1845 4252 τοῦ

276 4292 567 4363 ἄρθρου,ἠ
609 4289 701 4344 τοῦ
735 4290 865 4344 Υίοῦ
913 4290 1103 4363 θεότης
1130 4290 1481 4361 γνωρίζεται·
1527 4292 1621 4344 καὶ
1661 4291 1851 4344 τούτου

276 4382 592 4446 διδάσκαλος
624 4384 653 4437 6
688 4383 961 4454 μακάριος
996 4381 1210 4443 Παῦλος
1239 4380 1434 4451 λέγων·
1469 4399 1488 4433 ι
1530 4381 1619 4434 Ἐν
1649 4374 1693 4448 ᾧ
1717 4396 1850 4434 κατ-

277 4477 555 4529 οικεῖλπᾶν
581 4474 642 4527 τὸ
690 4474 968 4547 πλήρωμα
992 4475 1090 4546 τῆς
1137 4474 1389 4543 θεότητος
1433 4473 1791 4545 σωματικῶςο
1825 4492 1842 4523 ι

1957 3299 2088 3340 cens
2116 3302 2130 3338 :
2165 3283 2336 3338 «Ecce
2372 3283 2524 3354 virgo
2551 3282 2819 3352 concipiet
2848 3293 2902 3339 et
2929 3286 3103 3353 pariet
3134 3286 3322 3355 lilium,
3357 3299 3411 3344 et
3436 3305 3529 3346 vo-

1953 3374 2166 3431 cabitur
2182 3388 2377 3428 nomen
2399 3372 2516 3442 ejus
2536 3373 2851 3428 Emmanuel
2869 3373 2934 3441 ⁵³,
2959 3392 2978 3428 ι
3002 3377 3141 3446 quod
3164 3388 3247 3433 est
3270 3379 3533 3452 interprc-

1955 3473 2149 3529 talum,
2183 3467 2478 3521 secundum
2512 3465 2791 3537 Evangelii
2823 3468 3125 3525 doctrinam
3149 3473 3215 3540 ⁸⁸⁵,
3233 3472 3529 3531 Nobiscum

1956 3559 2117 3612 Deus.
2152 3557 2321 3612 Porro
2354 3555 2493 3612 Deus
2530 3559 2800 3613 nobiscum
2862 3560 3030 3615 Deum
3068 3577 3188 3618 cum
3223 3565 3533 3623 hominibus

1954 3650 2241 3720 signiﬁcat.
2274 3650 2335 3705 Si
2370 3665 2501 3721 ergo
2526 3651 2762 3720 Virginis
2795 3664 3090 3723 conceptus
3124 3656 3266 3712 hanc
3296 3657 3534 3714 obtinuit

1955 3742 2392 3812 appellationem,
2439 3750 2589 3811 patet
2638 3741 2803 3797 Deum
2852 3743 3020 3800 fuisse
3061 3747 3223 3801 simul
3265 3759 3317 3802 et
3358 3749 3534 3805 homi-

1956 3846 2111 3897 nem;
2142 3838 2254 3883 tum
2282 3830 2766 3899 praeexsistentem,
2795 3841 2906 3885 tum
2934 3834 3097 3886 etiam
3125 3836 3531 3905 suscipientem,

1957 3923 2008 3977 in
2045 3930 2275 3989 utroque
2306 3919 2627 3988 perfectum.
2660 3918 2793 3974 Nam
2827 3922 3087 3977 vocabulo
3124 3942 3141 3974 ι
3186 3925 3464 3980 nobiscum
3506 3948 3526 3980 ι

1956 4013 2231 4068 hominem
2268 4010 2568 4080 perfectum
2613 4013 2833 4067 denotat
2872 4032 2885 4066 :
2921 4016 3120 4070 etenim
3163 4019 3533 4088 unusquisque

1955 4113 2200 4161 nostrum
2233 4101 2526 4174 perfectam
2560 4103 2724 4159 habet
2756 4103 2993 4160 hominis
3027 4116 3291 4161 naturam.
3327 4108 3403 4163 Ex
3436 4124 3531 4164 vo-

1955 4198 2145 4255 cabulo
2175 4206 2352 4253 autem
2392 4216 2410 4248 ι
2448 4195 2591 4252 Deus
2627 4217 2645 4249 ι
2675 4207 2730 4253 ει
2758 4198 2971 4253 articuli
3004 4198 3176 4255 Graeci
3230 4201 3533 4271 adjectione

1958 4293 2079 4347 Filii
2121 4291 2381 4346 divinitas
2416 4290 2769 4359 conspicitur.
2804 4290 2980 4362 Atque
3015 4291 3155 4347 hanc
3194 4308 3305 4348 rem
3341 4293 3534 4349 beatus

1955 4384 2110 4438 docet
2136 4381 2332 4436 Paulus
2357 4382 2542 4437 dicens
2573 4401 2590 4434 ι
2626 4399 2638 4437 :
2668 4382 2720 4437 In
2747 4398 2855 4451 quo
2881 4383 3145 4438 inhabitat
3166 4386 3343 4439 omnis
3364 4385 3534 4454 pleni~

1961 4475 2093 4529 tudo
2127 4473 2431 4528 divinitatis
2462 4473 2822 4542 corporaliter
2838 4475 2905 4529 ⁸⁸.
2946 4493 2965 4526 ι
2998 4473 3129 4528 Item
3158 4490 3187 4527 a
3219 4474 3327 4530 Deo
3357 4476 3530 4546 inspi-

278 4568 373 4622 καὶ
401 4568 430 4621 6
468 4566 763 4638 θεόληπτος
793 4566 850 4619 δὲ
882 4568 1095 4631 Λουκᾶς
1125 4568 1152 4621 ὁ
1178 4564 1573 4636 εύαγγελιστὴς
1603 4563 1846 4635 ἐναργῶς

1960 4575 2110 4621 ratus
2158 4564 2333 4619 Lucas
2378 4566 2703 4634 evangelista
2754 4568 3035 4636 perspicue
3086 4566 3243 4622 nobis
3294 4569 3536 4623 ostendit

278 4660 407 4731 ἡμῖν
429 4659 673 4713 δείκνυσι
697 4658 789 4711 τὸν
828 4658 955 4713 νοῦν
987 4658 1079 4712 τὸν
1105 4658 1448 4729 ἀνθρώπινον
1470 4656 1565 4710 τοῦ
1600 4656 1852 4726 Σωτῆρος

278 4747 516 4819 Χριστοῦ
539 4763 551 4777 ·
578 4766 595 4799 ι
626 4745 701 4800 Τὸ
727 4746 938 4801 παιδίον
968 4745 1298 4820 γὰρ,φησὶν,
1331 4745 1553 4816 ηὔξανε,
1579 4745 1671 4799 καὶ
1691 4746 1853 4815 ἐκρα-

277 4837 497 4892 ταιοῦτο
535 4836 830 4906 πνεύματι,
889 4836 1265 4911 πληρούμενον
1300 4837 1510 4906 σοφίας,
1556 4836 1651 4890 καὶ
1693 4837 1853 4908 χάρις

278 4928 414 4983 Θεοῦ
434 4924 502 5000 ἦν
522 4930 607 4983 ἐπ’
626 4929 793 4999 αύτῷ.
822 4948 840 4981 ι
867 4930 978 4985 Καὶ
1006 4933 1123 5001 μετ’
1144 4931 1328 4999 ὀλίγαι
1364 4949 1382 4984 ι
1407 4930 1614 5003 Ἰησοῦς
1640 4928 1697 4983 δὲ
1722 4944 1855 5001 προ-

279 5018 507 5072 έκοπτεν
531 5019 739 5091 ἡλικίᾳ,
765 5020 861 5075 καὶ
892 5021 1075 5093 σοφίᾳ,
1100 5022 1191 5075 καὶ
1226 5022 1414 5094 χάριτι
1440 5020 1593 5093 παρὰ
1619 5019 1739 5091 Θεῷ
1760 5020 1854 5073 καὶ

278 5110 606 5183 ἀνθρώποις.
644 5131 663 5163 ι
698 5113 773 5165 To
800 5112 856 5165 δὲ
905 5114 1069 5184 σοφίᾳ
1106 5113 1460 5185 προκόπτειν,
1494 5114 1555 5167 οὐ
1585 5111 1720 5167 Θεοῦ
1759 5111 1853 5164 τοῦ

282 5201 471 5273 σοφοῦ,
510 5202 604 5256 τοῦ
647 5204 999 5276 ἀπροσδεοῦς,
1047 5207 1140 5258 καὶ
1175 5207 1261 5259 ἀεὶ
1314 5207 1548 5271 τελείου,
1579 5207 1673 5260 καὶ
1722 5208 1856 5276 μήτε

277 5293 541 5358 ἐπίδοσιν,
569 5295 707 5367 μήτε
729 5295 1023 5350 ἐλάττωσιν
1038 5297 1355 5369 δεχομένου,
1388 5298 1524 5351 ἀλλὰ
1540 5298 1629 5351 τοῦ
1648 5297 1739 5351 νοῦ
1758 5297 1851 5353 τοῦ

279 5383 645 5451 ἀνθρωπίνου,
676 5384 769 5439 τοῦ
791 5390 909 5450 ταῖς
932 5389 1169 5460 ἡλικίαις
1201 5392 1617 5463 συμπροῐόντος,
1653 5392 1745 5443 καὶ
1774 5390 1854 5443 διο

351 5521 395 5591 ξι
426 5519 614 5591 Matth.
636 5536 783 5588 ικνι,
814 5522 902 5578 58.
962 5524 1008 5557 ”
1040 5524 1198 5580 Joan.
1230 5540 1288 5591 x,
1321 5524 1404 5580 i8.
1481 5525 1527 5557 ⁸⁸
1556 5526 1659 5580 lsa.
1690 5540 1786 5590 vn,
1817 5525 1912 5580 14.

251 5648 255 5653 _
284 5589 329 5620 ⁹’
360 5589 492 5644 ibid.
530 5588 620 5645 52.

1954 4658 2241 4713 humanam
2277 4654 2479 4712 Christi
2515 4657 2822 4712 Servatoris
2858 4666 3092 4711 utentem
3132 4676 3144 4712 :
3186 4675 3206 4709 ‹
3248 4656 3408 4724 Puer,
3442 4658 3530 4713 in-

1953 4748 2098 4820 quit,
2132 4749 2410 4804 crescebat
2438 4757 2493 4803 et
2522 4748 2930 4804 confortabatur
2958 4749 3149 4818 spiritu
3171 4789 3185 4815 ,
3219 4749 3408 4820 plenus
3439 4766 3530 4806 sa-

1952 4842 2176 4913 pientia,
2221 4850 2274 4896 et
2312 4841 2484 4910 gratia
2525 4840 2619 4897 Dei
2660 4850 2777 4896 erat
2814 4856 2939 4896 cum
2981 4841 3069 4895 illo
3088 4840 3154 4895 ⁸⁸.
3201 4859 3220 4894 ι
3267 4840 3334 4896 Et
3373 4842 3532 4911 paulo

1953 4943 2075 5005 post
2115 4951 2128 4987 :
2182 4954 2200 4986 ι
2250 4933 2407 4990 Jesus
2449 4933 2769 5005 proﬁciebat
2810 4942 2997 4995 aetate.
3038 4948 3103 4988 ac
3146 4934 3438 5005 sapientia,
3478 4945 3534 4989 ct

1954 5025 2129 5096 gratia
2176 5024 2320 5095 apud
2364 5023 2531 5080 Deum
2575 5032 2629 5079 et
2672 5023 2918 5078 homines
2941 5023 3005 5073 ⁸⁷.
3057 5041 3075 5073 ι
3116 5022 3233 5077 Jam
3271 5036 3399 5078 vero
3438 5036 3533 5076 sa-

1956 5118 2156 5187 pientia
2193 5117 2479 5189 proﬁcere,
2518 5131 2624 5171 non
2663 5123 2744 5174 est
2781 5115 2873 5170 Dei
2912 5114 3188 5184 sapientis,
3228 5114 3533 5187 nulliusquc

1955 5210 2032 5265 rei
2074 5209 2265 5278 indigi,
2312 5221 2633 5278 semperque
2677 5204 2935 5276 perfecti,
2977 5205 3069 5260 sed
3116 5205 3311 5259 mentis
3355 5207 3533 5273 potius

1953 5300 2224 5361 humanae,
2265 5312 2385 5367 quae
2423 5296 2582 5351 simul
2625 5310 2745 5350 cum
2788 5304 2946 5351 astate
2990 5293 3221 5364 proiicit,
3260 5303 3315 5349 et
3352 5297 3533 5349 erudi-

1957 5391 2099 5444 tione
2121 5399 2261 5457 egct,
2286 5398 2338 5444 et
2358 5389 2461 5443 arti
2485 5388 2705 5459 831m
2734 5396 2895 5457 atque
2934 5386 3173 5441 scientiae
3206 5389 3535 5456 excipienda:

2002 5526 2049 5557 ”
2076 5523 2266 5581 Matth.
2298 5540 2334 5587 ι,
2370 5523 2459 5579 23.
2539 5524 2584 5556 "
2613 5522 2817 5578 Coloss.
2841 5538 2896 5587 ιι,
2922 5521 2976 5577 9.
3052 5522 3098 5553 ⁸⁸
3129 5520 3256 5577 Luc.
3285 5537 3341 5587 ιι,
3372 5522 3463 5581 40.

250 5694 255 5703 ’
358 5701 434 5776 (ι)
464 5698 670 5776 Recole
715 5714 835 5776 cap.
879 5715 955 5776 Ix.
997 5699 1242 5776 .‘iamque
1281 5705 1458 5759 anima
1502 5717 1691 5760 amens
1733 5717 1829 5773 par
1871 5704 1997 5759 nulli
2028 5716 2271 5776 reputata
2339 5705 2546 5770 inisset,
2594 5707 2763 5760 Porro
2825 5704 3060 5758 animam
3091 5718 3278 5773 reapse
3308 5702 3356 5755 in
3383 5698 3537 5756 Chri-

288 5783 372 5827 sto
403 5773 588 5837 luisse,
625 5772 890 5839 negabant
919 5773 1127 5826 Ariani.
