4038 6520
565 369 707 425 H55

1598 365 1658 421 S.
1700 363 1979 422 CYRILLI
2023 367 2497 424 ALEXAI‘DRIM
2547 373 2873 430 ARCHILP.

3713 386 3849 439 ηδε

559 478 757 537 idonea
780 489 886 549 est,
911 490 969 538 et
991 496 1113 553 quae
1138 480 1398 552 paulatim
1427 490 1538 537 tum
1565 480 1801 536 humana
1829 481 2011 547 discit,
2038 490 2121 536 tutt

2254 483 2557 552 δασκαλίας
2579 486 2863 559 δεομένου,
2891 491 2986 546 καί⁵
3028 492 3231 565 τέχνης
3263 494 3359 549 καὶ
3404 496 3723 570 ἐπιστήμης
3760 498 3847 551 δε-

559 568 762 629 divina.

561 768 709 829 XXI.
741 769 830 829 Ea:
858 772 1101 842 Epistula
1131 773 1201 829 ad
1232 771 1484 829 Hebraeos
1515 773 1907 827 demonstratur
1927 781 2148 828 natura-

912 860 1031 899 rum
1060 845 1353 912 distinctio,
1382 855 1431 899 et
1459 843 1614 899 Verbi
1646 844 1795 898 unio.

628 1022 868 1088 Clarius,
899 1019 1113 1091 opinor,
1146 1035 1211 1075 ex
1245 1019 1481 1090 Epistola
1516 1020 1583 1076 ad
1617 1019 1874 1076 Hebraeos
1903 1020 2143 1076 divinam

555 1117 718 1175 simul
740 1123 797 1171 et
822 1115 1114 1170 humanam
1145 1123 1396 1168 naturam
1424 1126 1755 1183 cognoscere
1782 1112 1931 1182 licet,
1952 1129 2143 1184 opera-

556 1209 796 1267 tionibus
829 1208 1044 1277 quidem
1080 1207 1397 1273 distinctas,
1433 1219 1664 1276 persona
1700 1214 1879 1261 tamen
1912 1204 2143 1276 conjun-

556 1310 693 1365 ctas,
725 1309 887 1369 atque
920 1297 1135 1352 unicum
1172 1297 1607 1351 demonstrantes
1634 1293 1851 1350 Filium.
1887 1295 2140 1364 Epistula:

556 1393 800 1464 apprime
844 1390 1169 1462 prommium
1213 1390 1355 1445 hanc
1398 1389 1639 1444 continet
1681 1389 2003 1443 doctrinam.
2047 1389 2141 1445 Ait

550 1485 697 1539 enim
725 1483 879 1538 divus
908 1481 1107 1536 Paulus
1142 1498 1159 1537 :
1193 1497 1211 1532 ι
1247 1479 1349 1546 Qui
1381 1494 1503 1535 cum
1535 1479 1606 1533 sit
1633 1480 1890 1550 splendor
1917 1480 2133 1550 glorize,

550 1586 607 1631 et
644 1575 816 1646 ﬁgura
851 1572 1173 1630 substantia:
1207 1571 1354 1642 ejus,
1388 1580 1722 1641 portansque
1755 1571 1937 1625 omnia
1967 1571 2136 1627 verbo

549 1667 770 1723 virtutis
797 1666 988 1722 suae".
1025 1683 1047 1719 ι
1080 1663 1329 1735 Cumque
1358 1664 1793 1720 demonstrasset
1825 1663 1974 1719 illum
2008 1674 2135 1721 ante

548 1773 710 1813 omne
740 1767 953 1828 tempus
978 1772 1041 1812 ac
1066 1754 1261 1813 saecula
1289 1770 1409 1811 esse
1435 1757 1555 1827 (per
1578 1756 1753 1826 ipsum
1779 1756 1979 1827 quippe
2005 1757 2135 1813 fecit

2251 576 2478 643 κτικοῦ,
2523 580 2619 632 καὶ
2654 580 2797 634 κατὰ
2849 582 3025 655 βραχὺ
3059 587 3129 640 τά
3169 603 3229 640 τε
3269 586 3591 659 ἀνθρώπινα
3643 591 3743 645 καὶ
3780 590 3848 643 τὰ

2251 666 2371 722 θεῖα
2399 669 2763 740 γνωρίζοντος
2786 672 2886 742 (1).

2247 780 2399 861 Κάθι
2420 782 2747 861 Ἂπρδειξις
2782 786 2853 861 ἐκ
2876 787 2985 855 τῆς
3019 790 3169 861 πρὸς
3213 791 3523 861 Ἐϐραίους
3562 795 3846 849 Ἐπιστο-

2314 849 2434 934 ⁸λῆς
2466 852 2578 934 τῆς
2606 849 2734 934 τῷτί
2755 849 3007 925 φύσεων
3037 849 3418 931 διαπρίσεως,
3448 849 3551 918 κάι
3585 864 3703 934 τῆς
3734 866 3841 920 τοῦ

2321 924 2520 993 Λόγου
2553 923 2843 994 ἐνώσεως.

2314 1036 2657 1110 Σαφέστερον
2675 1040 2719 1094 δ’
2752 1040 2819 1095 ἀν
2854 1059 2937 1105 τις
2966 1042 3032 1095 ὲκ
3058 1042 3163 1114 τῆς
3182 1044 3321 1117 πρὸς
3357 1047 3652 1120 Ἐϐραίους
3692 1050 3845 1104 Ἐπιο

2245 1127 2438 1199 στολῆς
2471 1128 2568 1202 τὴν
2591 1130 2741 1187 θείαν
2763 1130 2927 1204 φύσιν
2973 1135 3069 1189 καὶ
3095 1136 3198 1207 τὴν
3226 1138 3577 1211 ἀνθρωπείαν
3604 1140 3844 1206 κατίδοι,

2240 1220 2359 1282 ταῖς
2379 1220 2684 1292 ἐνεργείαις
2707 1223 2806 1295 μὲν
2832 1224 2996 1298 διῃρη
3005 1227 3197 1297 μένας,
3221 1229 3302 1302 τῷ
3329 1235 3619 1303 προσώπῳ
3641 1234 3702 1287 δὲ
3725 1251 3843 1289 συν·

2240 1311 2514 1381 ημμένας,
2540 1314 2634 1367 καὶ
2660 1315 2751 1370 τὸν
2767 1315 2864 1370 ἕνα
2894 1318 3289 1386 ὑποδεικνύσας
3322 1322 3472 1379 Υίόν.
3494 1326 3612 1396 Οὐχ
3636 1328 3842 1397 ἥκιστα

2238 1401 2296 1454 δὲ
2320 1403 2411 1455 καὶ
2440 1404 2538 1475 τῆς
2581 1406 2905 1478 Ἐπιστολῆς
2932 1409 2995 1463 τὸ
3019 1412 3578 1489 προοίμιονλταότην
3603 1417 3723 1487 ἔχει
3739 1420 3841 1488 τὴν

2237 1490 2609 1550 διδασκαλίαν.
2637 1494 2772 1551 Eine
2801 1498 2910 1570 γάρ
2934 1501 2962 1553 6
2982 1501 3274 1569 θεσπέσιος
3296 1507 3511 1572 Παῦλος
3531 1526 3545 1539 ’
3582 1528 3601 1560 ι
3639 1512 3742 1571 ’ος
3764 1512 3839 1564 ῶν

2237 1583 2580 1657 ἀπαύγασμα
2627 1589 2727 1659 τῆς
2767 1590 2946 1662 δόξης,
2988 1594 3083 1646 καὶ
3137 1596 3423 1669 χαρακτὴρ
3454 1599 3556 1669 τῆς
3594 1599 3840 1654 ὕποστά-

2237 1691 2375 1741 σεως
2404 1677 2595 1744 αὐτοῦ,
2629 1680 2813 1751 φέρων
2848 1699 2908 1735 τε
2935 1684 3003 1737 τά
3044 1686 3228 1740 πάντα
3256 1687 3334 1759 τῷ
3363 1690 3577 1761 ῥήματι
3611 1696 3718 1763 τῆς
3749 1693 3842 1747 δυ-

2236 1768 2458 1839 νάμεως
2486 1770 2674 1828 αὑτοῦ.
2714 1791 2733 1825 ι
2769 1774 2882 1828 Καὶ
2925 1774 3108 1843 δείξας
3160 1779 3323 1834 αὑτὸν
3353 1781 3700 1855 ὑπέρχρονον
3741 1788 3841 1841 καὶ

548 1862 602 1906 et
629 1847 870 1921 saecula),
898 1849 1106 1905 addidit
1132 1865 1147 1902 :
1177 1866 1196 1899 ι
1233 1847 1389 1902 Sedit
1420 1847 1486 1901 ad
1517 1847 1796 1902 dexteram
1830 1846 2121 1915 majestatit

2238 1830 2571 1928 προαιῶνιον
2608 1860 2709 1944 (δι’
2737 1863 2906 1918 αὐτοῦ
2950 1830 3314 1938 γάᾖξφῆᾇιᾲ,

547 1942 601 1994 in
647 1939 878 1996 excelsis
916 1958 931 1995 :
976 1948 1126 1993 tanto
1171 1937 1363 1993 melior
1399 1938 1609 2009 angelis
1647 1938 1891 2003 ellectus,
1932 1948 2134 2008 quanto

549 2033 888 2090 diﬂerentius
915 2046 1026 2103 prae
1054 2030 1157 2086 illis
1188 2044 1382 2085 nomen
1410 2030 1836 2085 ltaareditavit".
1869 2049 1887 2082 ι
1916 2030 2010 2086 Est
2035 2046 2135 2086 au-

550 2131 656 2177 tem
712 2120 934 2175 verbum
977 2120 1104 2191 eﬂici
1145 2119 1477 2175 contrarium
1518 2120 1683 2175 verbo
1730 2137 1862 2176 esse.
1908 2120 2041 2176 Nam
2087 2122 2134 2179 is

546 2214 637 2282 qui
683 2222 767 2269 est
806 2212 1060 2283 splendor
1094 2211 1297 2282 gloriae,
1336 2222 1392 2266 et
1436 2212 1603 2283 ﬁgura
1646 2213 1983 2279 substantia),
2022 2230 2132 2271 non

545 2305 775 2361 uincitur
798 2303 1003 2359 ‘melior
1037 2304 1265 2374 angelis,
1298 2304 1394 2358 sed
1431 2315 1513 2359 est
1548 2305 1755 2374 angelis
1793 2322 1897 2361 non
1939 2306 2131 2364 melior

547 2394 941 2458 tantummodo,
975 2407 1165 2448 verum
1201 2394 1365 2448 etiam
1406 2393 1644 2462 ipsorum
1682 2406 1899 2451 creator
1928 2412 1992 2453 ac
2031 2400 2127 2454 do-

546 2487 744 2541 minus.
784 2483 905 2540 lam
946 2484 992 2539 si
1035 2483 1202 2539 verbo
1242 2501 1352 2539 esse
1394 2487 1731 2541 contrarium
1776 2496 1858 2541 est
1900 2487 2128 2543 verbum

540 2576 692 2646 eﬂici,
728 2589 824 2646 per
852 2574 981 2630 illud
1013 2574 1230 2644 quidem
1287 2575 1745 2645 setnpilernaliter
1773 2578 2126 2635 essistentem

544 2666 927 2737 intelligemus,
952 2681 1047 2737 per
1068 2668 1169 2721 hoc
1221 2675 1400 2723 autem
1435 2682 1557 2720 eum
1585 2668 1674 2735 qui
1704 2667 1770 2723 de
1800 2669 1954 2724 nobis
1981 2685 2129 2724 sust-

541 2765 662 2827 ptus
686 2756 809 2822 fuit,
830 2765 886 2811 et
905 2757 1111 2828 angelis
1136 2757 1327 2813 melior
1346 2767 1430 2813 est
1455 2757 1698 2823 ellectus,
1727 2770 1947 2829 propter
1968 2777 2124 2817 suam

539 2864 662 2903 cum
693 2858 1000 2904 assumente
1030 2848 1432 2904 adunationetu.
1465 2849 1528 2903 Et
1560 2850 1720 2919 paulo
1774 2862 1893 2921 post
1940 2852 2004 2906 ad
2036 2852 2125 2908 Fi-

540 2936 669 2990 lium
699 2936 916 3006 quidem
948 2937 1081 2992 dicit
1112 2956 1125 2992 :
1165 2956 1182 2989 ι
1217 2937 1467 2993 Thronus
1499 2949 1640 3007 tuus,
1676 2942 1835 3008 Deus,
1869 2942 1920 2996 in
1953 2959 2125 2998 saecu-

539 3026 650 3080 lum
686 3027 903 3092 steculi;
941 3028 1091 3097 virga
1134 3029 1426 3098 aequitatis,
1470 3032 1621 3101 virga
1664 3035 1815 3102 regni
1864 3036 1938 3088 tui
1983 3051 1996 3088 :
2042 3035 2125 3089 di-

537 3116 715 3173 lexisti
752 3117 1044 3186 justitiam,
1089 3130 1145 3174 et
1184 3121 1346 3176 odisti
1390 3120 1731 3191 iniquitatem
1776 3142 1790 3178 :
1835 3135 2119 3195 propterea

539 3208 693 3263 unxit
736 3218 789 3265 te
832 3209 998 3275 Deus,
1044 3210 1186 3266 Deus
1230 3221 1385 3279 tuus,
1429 3214 1549 3268 oleo
1589 3216 1969 3273 exsultationis
2009 3234 2120 3288 pra:

535 3300 894 3372 participibus
938 3302 1043 3359 tuis
1067 3302 1133 3356 ⁸⁸.
1188 3322 1207 3355 ι
1255 3302 1373 3359 Jam
1417 3319 1545 3361 vero
1589 3306 1761 3374 Deus,
1803 3317 1857 3364 et
1898 3311 2119 3381 quidem

535 3392 725 3449 Grzeco
751 3395 979 3451 articqu
1006 3397 1297 3467 prmposito
1323 3399 1543 3469 preprie
1566 3399 1745 3457 dictus
1769 3400 1933 3469 Dens,
1964 3405 2117 3460 thro-

536 3501 772 3557 numque
809 3497 999 3544 tenens
1033 3489 1085 3543 in
1124 3488 1383 3544 saeculum
1423 3491 1628 3560 sazculi,
1662 3495 1753 3563 qui
1793 3494 1907 3551 ﬁeri
1946 3506 2121 3567 potest

536 3587 594 3634 ut
634 3596 664 3633 a
707 3579 817 3636 Deo
857 3581 1122 3650 ungatur?
1157 3580 1435 3648 Quomodo
1474 3583 1543 3639 ab
1583 3584 1850 3643 electione
1892 3604 2118 3659 regnum

535 3671 819 3738 sortietur,
852 3672 942 3741 qui
970 3672 1094 3740 jure
1128 3674 1359 3729 naturali
1393 3690 1617 3747 regnum
1649 3677 1852 3733 habet?
1884 3698 1903 3731 ι
1944 3680 2120 3737 Thro-

533 3779 639 3819 nus
661 3766 804 3819 enim
839 3775 983 3832 tuus,
1006 3766 1223 3837 832m
1249 3768 1444 3837 inquit,
1468 3769 1633 3835 Deus,
1657 3770 1711 3825 in
1731 3772 1987 3827 saeculum
2012 3790 2116 3831 saa-

533 3855 664 3913 culi.
706 3873 730 3909 ι
770 3856 907 3913 Esse
938 3857 1123 3927 itaque
1160 3874 1367 3930 regem,
1401 3861 1735 3917 contrarium
1772 3873 1856 3919 est
1892 3866 2115 3923 dictioni

533 3948 662 4019 ungi
691 3949 746 4003 in
777 3963 981 4020 regem.
1004 3949 1141 4017 Quia
1173 3951 1408 4006 dilexisti
1430 3952 1701 4019 justitiam
1731 3965 1785 4010 et
1815 3956 1980 4013 odisti
2010 3958 2117 4013 ini-

531 4041 817 4112 quitatem.
842 4040 978 4096 Nam
1011 4042 1256 4098 laborum
1292 4045 1570 4114 praemium
1602 4056 1686 4102 est
1720 4048 1828 4103 tale
1862 4066 2109 4122 regnum.

527 4134 740 4191 ltursus
782 4135 963 4206 itaque
1011 4136 1177 4191 Deum
1208 4136 1359 4206 cujus
1393 4139 1619 4195 thronus
1647 4141 1700 4195 in
1729 4145 1986 4198 saeculum
2012 4160 2114 4199 sa:-

529 4226 660 4295 culi,
684 4227 1145 4297 sempiternaliter
1167 4227 1314 4283 illum
1343 4230 1694 4286 exsiStenlem
1722 4233 2109 4306 intelligemus.

530 4320 666 4374 Eum
707 4330 889 4374 autem
930 4320 1021 4389 qui
1065 4330 1253 4391 postea
1298 4332 1492 4377 unctus
1533 4322 1654 4390 fuit,
1697 4334 1918 4395 propter
1952 4343 2108 4383 suum

528 4410 736 4480 peccati
768 4409 976 4472 odium,
1005 4419 1061 4465 et
1086 4409 1313 4479 justitiar.
1345 4425 1612 4479 amorem,
1642 4411 1790 4468 illum
1823 4415 2110 4472 credemus

525 4504 592 4556 de
621 4500 777 4557 nobis
808 4510 1114 4572 sumptum,
1149 4511 1202 4557 et
1234 4515 1299 4557 ex
1340 4500 1540 4559 Davide
1576 4515 1736 4575 atque
1767 4507 2109 4579 Abraltamo,

2230 4520 2437 4591 ιηφθὲν,
2469 4500 2531 4576 τὸ
2571 4526 2636 4579 ὲκ
2678 4528 2865 4593 Δαὸὶδ,

523 4602 580 4648 et
616 4593 709 4664 qui
748 4592 886 4649 alios
927 4593 1221 4663 participes
1260 4592 1346 4648 sui
1385 4594 1572 4662 habet,
1610 4610 1746 4666 quos
1786 4597 1930 4653 inter
1966 4600 2111 4656 chri-

522 4697 699 4741 smate
732 4685 984 4751 excellit,
1022 4688 1226 4757 quique
1265 4688 1449 4742 omnia
1507 4689 1833 4745 sanctissimi
1877 4689 2111 4762 Spiritus

521 4778 854 4833 charismata
896 4779 951 4833 in
991 4793 1049 4834 se
1090 4779 1314 4849 recepit.
1354 4780 1607 4837 Attamen
1644 4783 1699 4837 in
1743 4791 1972 4855 utraque
2009 4802 2108 4842 na-

524 4882 644 4925 tura
674 4885 838 4926 unum
868 4870 1065 4926 Filium
1094 4870 1464 4927 adorabimus.

593 4960 794 5017 lterum
833 4964 1026 5018 beatus
1062 4962 1263 5018 Paulus
1303 4963 1563 5019 Davidem
1606 4972 1800 5022 testem
1842 4965 2102 5026 invocans

520 5054 615 5125 qui
647 5055 725 5109 ait
757 5072 770 5110 :
809 5072 828 5107 ι
866 5054 1113 5122 Domine,
1148 5056 1276 5126 quid
1310 5065 1393 5113 est
1416 5057 1602 5123 homo,
1632 5060 1775 5129 quod
1808 5075 2014 5117 memor
2043 5078 2103 5119 es

519 5147 660 5216 ejus,
695 5155 789 5200 aut
826 5147 966 5201 [ilius
1003 5147 1239 5202 hominis
1279 5149 1535 5217 quoniam
1574 5151 1765 5206 visitas
1801 5153 1964 5208 cum?
2001 5154 2098 5209 Mi-

520 5237 685 5294 nuisti
716 5252 838 5293 eum
860 5240 1016 5309 paulo
1045 5241 1222 5296 minus
1248 5242 1313 5296 ab
1340 5243 1573 5311 angelis;
1604 5244 1775 5314 gloria
1808 5256 1862 5302 et
1894 5248 2098 5304 honore

519 5331 793 5387 coronasti
824 5348 946 5387 cum
979 5333 1058 5401 ⁶¹;
1091 5353 1110 5386 ι
1140 5334 1383 5389 addidit:
1417 5354 1433 5385 ι
1470 5336 1603 5390 Eum
1636 5348 1818 5393 autem
1852 5341 1943 5410 qui
1978 5357 2092 5397 mo-

2236 1944 2540 2018 εποίησεν),
2571 1950 2874 2022 ἐπήγαγεν
2904 1972 2922 2005 ι
2947 1953 3233 2011 Ἐκάθισεν
3265 1961 3325 2013 ὲν
3354 1960 3506 2034 δεξιᾷ
3521 1963 3628 2033 τῆς
3656 1982 3838 2036 μεγα-

2234 2036 2484 2111 λωσύνης
2531 2044 2589 2095 ὲν
2635 2042 2883 2114 ὑψηλοῖς,
2926 2048 3169 2121 τοσούτῳ
3219 2050 3489 2121 κρείττων
3531 2055 3838 2127 γενόμενος

2231 2127 2343 2182 τῶν
2367 2130 2640 2199 ἀγγέλων,
2669 2133 2793 2207 ὅσῳ⁴
2813 2135 3220 2212 διαφορώτερον
3253 2145 3383 2213 παρ’
3408 2144 3600 2209 αὐτοῖς
3626 2148 3836 2219 κεκλη-

2236 2222 2542 2294 ρονόμηκεν
2583 2222 2780 2296 ὄνομα.
2812 2246 2831 2279 ι
2886 2229 3161 2285 Ἐναντίον
3194 2232 3251 2287 δὲ
3294 2234 3389 2288 τοῦ
3435 2237 3743 2306 γενέσθαι,
3776 2241 3835 2293 τὸ

2231 2307 2405 2368 εἶναι’
2433 2316 2462 2368 6
2486 2315 2595 2387 γὰρ
2616 2314 2692 2371 ῶν
2714 2318 3061 2392 ἀπαύγασμα
3084 2323 3186 2395 τῆς
3217 2325 3397 2398 δόξης,
3416 2329 3513 2382 καὶ
3536 2332 3834 2404 χαρακτὴρ

2229 2404 2332 2474 τῆς
2361 2405 2832 2475 ὑποστάσεως,”οὑ
2860 2411 3071 2482 γίνεται
3100 2416 3368 2488 κρείττων
3398 2420 3679 2489 ἀγγέλων,
3714 2424 3835 2478 ἀλλ’

2230 2494 2378 2551 ἐστιν
2399 2498 2649 2567 ἀγγέλων
2670 2502 2731 2555 οὐ
2756 2503 3024 2575 κρείττων
3050 2507 3234 2577 μόνον,
3262 2509 3399 2565 ἀλλά
3429 2514 3526 2567 καὶ
3554 2514 3829 2589 Ποιητής,

2230 2588 2325 2640 καὶ
2359 2590 2642 2662 Δεσπότης
2663 2608 2679 2625 ·
2706 2596 2755 2647 εί
2788 2593 2846 2648 δὲ
2875 2596 3119 2652 ἐναντίον
3147 2599 3241 2652 τοῦ
3273 2596 3413 2655 εἶναι
3442 2602 3505 2657 τὸ
3537 2588 3830 2673 γενέσθαι,

2226 2679 2294 2733 δι’
2329 2681 2539 2735 ἐκείνου
2570 2685 2672 2754 μὲν
2701 2686 2790 2740 τὸν
2818 2687 2907 2741 ἀεὶ
2938 2687 3069 2742 ὄντα
3103 2695 3394 2764 νοήσομεν,
3417 2694 3508 2749 διά
3542 2698 3746 2752 τούτου
3775 2700 3830 2753 δὲ

2226 2770 2287 2826 τὸ
2309 2774 2367 2839 ἐξ
2393 2773 2553 2844 ἡμῶν
2579 2777 2917 2849 ἀναληφθὲν,
2942 2781 3038 2835 καὶ
3057 2786 3305 2854 κρεῖττον
3325 2787 3433 2841 τῶν
3458 2790 3722 2859 ἀγγέλων
3739 2810 3829 2861 γε-

2225 2867 2546 2935 γενημένον,
2560 2868 2651 2923 διὰ
2666 2870 2765 2940 τὴν
2779 2871 2919 2942 πρὸς
2934 2872 3029 2927 τὸν
3051 2875 3385 2948 ἀνειληφότα
3406 2880 3609 2935 ἕνωσιν
3624 2898 3639 2913 ο
3660 2883 3826 2938 πάλιν

2227 2957 2347 3027 μετ’
2362 2956 2545 3027 ὀλίγα,
2589 2962 2729 3032 πρὸς
2751 2963 2851 3033 μὲν
2877 2964 2968 3020 τὸν
2994 2966 3123 3022 Υίόν
3143 2986 3307 3041 φησιν
3322 2986 3336 3000 ·
3359 2991 3377 3024 ι
3400 2972 3459 3026 '0
3490 2972 3686 3045 θρόνος
3709 2993 3824 3040 σω,

2223 3050 2252 3103 6
2280 3049 2431 3113 Θεὸς,
2463 3052 2544 3115 εἰς
2565 3052 2656 3106 τὸν
2685 3054 2859 3110 αἰῶνα
2878 3058 2974 3111 τοῦ
3011 3058 3205 3124 αἰῶνος
3229 3076 3244 3090 ⁸
3275 3062 3471 3132 ῥάϐδος
3499 3064 3822 3138 εὐθύτητος,

2223 3142 2257 3212 ἡ
2291 3142 2487 3212 ῥάὃδος
2516 3148 2617 3217 τῆς
2649 3146 2927 3217 βασιλείας
2958 3167 3053 3205 σου
3079 3170 3093 3184 ·
3116 3155 3413 3226 ⁴Ιγγιιὶπησας
3441 3157 3824 3233 δικαιοσύνην,

2223 3236 2317 3288 καλ⁸
2344 3236 2614 3308 ἐμίσησας
2651 3240 2882 3311 ἀνομίαν
2903 3257 2916 3270 ·
2945 3242 3033 3297 διὰ
3058 3243 3219 3300 τοῦτο
3250 3246 3435 3319 ἔχρισέ
3466 3268 3524 3303 σε
3558 3253 3586 3304 6
3607 3252 3770 3318 Θεὸς,
3797 3259 3826 3310 6

2221 3326 2359 3391 Θεός
2386 3345 2502 3395 σου,
2554 3329 2734 3385 ἔλαιον
2782 3333 3162 3401 ἀγαλλιάσεως
3199 3342 3354 3410 παρά
3382 3342 3511 3406 τοὺς
3551 3346 3825 3418 μετόχους

2223 3435 2338 3473 σου.
2370 3439 2389 3471 ι
2432 3422 2490 3475 '0
2516 3423 2573 3476 δὲ
2602 3422 2759 3489 Θεὸς,
2793 3426 2887 3479 καὶ
2919 3426 3060 3498 μετά
3079 3428 3176 3483 τοῦ
3207 3431 3411 3504 ἄρθρου
3441 3453 3825 3512 προσαγορευ-

2220 3508 2334 3574 θεὶς
2357 3512 2511 3579 Θεὸς,
2532 3514 2629 3568 καὶ
2650 3516 2741 3569 τὸν
2765 3516 2953 3588 θρόνον
2976 3518 3117 3590 ἔχων
3139 3523 3221 3583 είς
3248 3522 3340 3576 τὸν
3366 3525 3543 3579 αίῶνα
3569 3528 3664 3582 τοῦ
3686 3508 3821 3583 αἰῶ·

2219 3618 2331 3667 νος,
2365 3603 2483 3669 πῶς
2511 3604 2577 3658 ἂν
2610 3606 2715 3660 ὑπὸ
2751 3607 2846 3662 τοῦ
2875 3609 3009 3664 Θεοῦ
3043 3613 3293 3685 χρισθείη
3319 3633 3334 3679 ;
3365 3616 3490 3680 Πῶς
3536 3619 3608 3672 ἂν
3637 3639 3821 3693 χειρο·

2217 3696 2450 3768 τονητὴν
2496 3697 2651 3752 λάϐοι
2689 3699 2991 3771 βασιλείαν,
3041 3706 3279 3776 φυσικὴν
3316 3707 3457 3778 ἔχων
3493 3708 3815 3780 βασιλείανς

2227 3804 2245 3838 ι
2274 3787 2333 3841 Ὀ
2352 3786 2541 3859 θρόνος
2564 3807 2660 3844 σου
2690 3793 2824 3865 γὰρ,
2852 3795 3037 3866 φησὶν,
3064 3797 3093 3850 6
3118 3796 3275 3862 Θεὸς,
3302 3800 3382 3864 εἰς
3398 3800 3490 3853 τὸν
3519 3802 3699 3858 αἰῶνα
3724 3806 3817 3859 τοῦ

2216 3880 2433 3945 αἰῶνος.
2460 3899 2480 3933 ι
2519 3883 2731 3939 Οὐκοῦν
2761 3887 3008 3941 ἐναντίον
3045 3889 3106 3942 τὸ
3153 3885 3298 3945 εἶναι
3333 3891 3565 3961 βασιλέα
3600 3896 3697 3949 τοῦ
3738 3899 3815 3963 εἰς

2218 3968 2443 4040 βασιλέα
2497 3975 2814 4046 χρισθῆναι,
2864 3977 2954 4031 διὰ
2994 3978 3056 4032 τὸ
3108 3981 3394 4054 ἀγαπῆσαι
3437 3983 3810 4058 δικαιοσύνην,

2215 4062 2312 4116 καὶ
2344 4064 2576 4135 μισῆσαι
2623 4067 2875 4139 ἀνομίαν.
2914 4070 3101 4127 Πόνων
3141 4074 3250 4145 γὰρ
3306 4070 3469 4131 ἆθλον
3510 4079 3546 4148 ἠ
3582 4079 3811 4154 τοιαύτη

2216 4152 2487 4225 βασιλεία.
2510 4158 2722 4214 Οὐκοῦν
2752 4161 2913 4215 πάλιν
2934 4162 3026 4217 τὸν
3058 4164 3159 4235 μὲν
3185 4166 3340 4233 Θεὸν,
3360 4162 3422 4222 οὗ
3444 4170 3475 4223 6
3505 4171 3699 4241 θρόνος
3732 4152 3812 4237 είς

2213 4243 2387 4299 αίῶνα
2417 4246 2634 4313 αἰῶνος,
2676 4248 2768 4303 τὸν
2792 4252 2881 4305 ἀεὶ⁵
2901 4251 3033 4307 ὅντα
3053 4256 3318 4327 νοήσομεν
3337 4274 3352 4288 ο
3382 4258 3477 4313 τὸν
3496 4260 3558 4313 δὲ
3587 4260 3811 4335 ὕστερόν

2212 4352 2345 4389 ποτε
2375 4337 2673 4408 χρισθέντα
2695 4341 2784 4397 διά
2813 4342 2874 4396 τὸ
2900 4345 3033 4417 περὶ
3058 4346 3159 4420 τὴν
3190 4349 3471 4421 ἁμαρτίαν
3504 4355 3686 4423 μῖσος,
3717 4357 3812 4409 καὶ

2211 4427 2310 4499 τὴν
2342 4428 2723 4502 ἀγαπηθείσαν
2754 4434 2846 4488 ὑπ’
2874 4436 3043 4491 αὐτοῦ
3077 4438 3451 4513 δικαιοσύνην,
3471 4444 3533 4497 τὸ
3567 4446 3627 4513 ἐξ
3652 4447 3812 4518 ἡμῶν

2911 4530 2973 4585 τὸ
3012 4530 3074 4597 ἐξ
3121 4532 3399 4605 ’Δὸραάμ,
3444 4536 3507 4589 τὸ
3546 4540 3812 4611 μετόχους

2210 4609 2357 4681 ἔχον,
2404 4606 2486 4676 οἷς
2516 4614 2836 4672 πλεονεκτεῖ
2871 4619 2951 4691 τῷ
2986 4622 3274 4694 χρίσματι,
3322 4627 3380 4677 ὲν
3435 4606 3619 4697 ἑαυτῷ
3657 4606 3810 4693 δέξά-

2212 4720 2373 4774 μενον
2404 4705 2583 4759 πάντα
2616 4708 2685 4763 τά
2729 4711 3052 4783 χαρίσματα
3081 4713 3177 4768 τοῦ
3227 4718 3505 4787 παναγίου
3549 4721 3807 4793 Πνεῦμα-

2206 4812 2298 4860 τος
2318 4812 2330 4824 ·
2363 4798 2421 4850 ὲν
2448 4799 2687 4872 ἑκατέρᾳ
2716 4802 2774 4856 δὲ
2798 4803 2958 4873 φύσει
2985 4805 3063 4877 (2)
3094 4807 3185 4860 τὸν
3211 4808 3309 4863 ἕνα
3337 4809 3466 4864 Υίὸν
3489 4816 3805 4885 προσκυνή-

2209 4906 2396 4959 σωμεν
2409 4933 2417 4941 .,

2280 4982 2392 5035 Καὶ
2420 4979 2577 5048 αὖθις
2610 4985 2717 5039 δὲὸ
2753 4987 3024 5061 μακάριος
3068 4989 3282 5057 Παῦλος
3314 4994 3405 5046 τὸν
3439 4996 3611 5049 Δασὶδ
3646 4997 3809 5049 καλέ-

2211 5089 2310 5135 σας
2349 5075 2429 5138 εἰς
2475 5078 2785 5150 μαρτυρίαν
2824 5081 3051 5151 λέγοντα
3077 5100 3090 5115 ο
3127 5103 3144 5135 ι
3172 5084 3368 5155 Κύριε,
3408 5086 3462 5139 τί
3505 5088 3665 5140 ἐστιν
3712 5091 3803 5142 ἀντ

2205 5162 2422 5234 θρωπος
2458 5168 2540 5221 ὅτι
2587 5172 2873 5246 μιμνήσκῃ
2913 5174 3115 5241 αὑτοῦ,
3156 5176 3188 5247 ἦ
3222 5176 3339 5241 υἱὸς
3391 5178 3690 5250 ἀνθρώπου
3724 5181 3804 5232 ὅτι

2205 5257 2515 5333 ἐπισκέπτῃ
2548 5262 2749 5330 αὑτόν;
2788 5265 3138 5332 ’Πλάττωσας
3175 5270 3338 5324 αὑτὸν
3377 5270 3557 5342 βραχύ
3585 5290 3637 5327 τι
3669 5276 3800 5343 παρ’

2204 5347 2490 5417 ἀγγέλους,
2530 5352 2657 5426 δόξῃ
2689 5358 2784 5410 καὶ
2813 5362 2946 5430 τιμῇ
2984 5360 3368 5429 ἐστεφάνωσας
3392 5350 3569 5418 αὐτόν
3593 5382 3605 5395 ο
3633 5383 3654 5416 ι
3696 5365 3797 5417 t1:-

589 5509 636 5544 ⁸⁸
671 5509 835 5567 Ilcb-t'.
865 5527 903 5580 1,
939 5513 992 5568 ’5.
1069 5513 1116 5544 ⁵⁸
1148 5514 1277 5570 ibid.
1300 5502 1368 5569 ‘4.
1448 5513 1492 5545 ⁶⁰
1524 5515 1653 5570 ibid.
1680 5516 1732 5584 8,
1762 5517 1815 5571 9.
1895 5521 1936 5551 ⁶¹
1974 5520 2118 5577 llebr

2230 5527 2339 5594 ,6,
2368 5530 2424 5588 7.

588 5665 664 5737 (l)
691 5667 950 5743 Aditum
966 5668 1129 5743 Lucae
1150 5669 1339 5743 locum
1352 5670 1497 5743 quod
1526 5670 1717 5727 attinet
1742 5672 1949 5743 legatur
1980 5678 2097 5743 pul-

510 5737 638 5791 chra
682 5736 868 5807 Cyrilli
905 5741 1071 5792 nostri
1107 5736 1384 5792 enarratio
1408 5741 1566 5794 etiam
1610 5743 1664 5794 in
1696 5736 2099 5801 conimentariis

509 5807 626 5871 ejus
647 5822 781 5872 quos
809 5822 907 5865 nos
930 5809 1219 5864 edidimus.
1245 5807 1505 5877 (Hujusce
1526 5810 1731 5865 Patrol.
1760 5824 1799 5869 ι.
1829 5811 2095 5886 LXXII.)

2282 5684 2372 5770 (2.)-
2405 5686 2747 5770 llic-quoque
2778 5693 2990 5770 dnasin
3010 5709 3129 5770 _nno
3153 5694 3376 5770 Christo
3402 5709 3631 5770 naturas
3657 5698 3801 5770 apud

2209 5755 2465 5827 Cyrillum
2506 5755 2754 5831 legimus,
2789 5763 2972 5820 invitis
3006 5764 3205 5821 frustra
3242 5767 3579 5823 Severianus.
