4038 6536
256 378 279 432 ί
290 377 403 431 ιότ

1429 392 1518 448 DE
1554 392 2069 453 INCABNATIONE
2106 393 2366 453 DOMINIL

3392 377 3572 483 uss?

252 512 461 569 ηγαγε·
498 518 519 553 ι
548 500 653 556 Τδν
689 502 749 559 δὲ
786 504 963 579 βραχύ
1012 527 1064 563 τι
1110 511 1240 581 παρ’
1281 513 1548 581 ἀγγέλους
1594 515 1835 585 ἠλαττω-

1947 516 2069 573 dico
2113 533 2275 588 quam
2320 518 2499 590 angeli
2541 517 2848 575 minoratus
2888 526 2993 583 est,
3031 516 3279 574 videmus
3317 515 3538 576 Jesum,

254 590 421 658 μένον
460 591 731 665 βλέπομεν
766 598 995 667 Ἰησοῦν,
1039 600 1128 655 διὰ
1164 601 1225 656 τὸ
1269 602 1502 676 πάθημα
1542 604 1640 660 τοῦ
1673 605 1841 660 θανά-

252 697 379 747 του,
425 682 555 758 δόξῃ
592 686 690 741 καὶ
737 692 870 762 τιμῇ
923 692 1397 766 ἐστεφανωμένον,
1457 696 1604 761 ὅπως
1658 697 1841 769 χάριτι

250 771 389 827 Θεοῦ
421 774 561 848 ὐπὲρ
590 778 793 844 παντὸς
817 781 1083 855 γεύσηται
1114 784 1368 843 Θανάτου.
1394 806 1413 839 ι
1448 787 1622 842 Τοῦτο
1649 788 1707 842 δὲ
1744 789 1844 860 μά·

252 861 414 919 λιστα
466 867 656 937 σαφῶς
693 870 932 928 δείκνυσι
961 875 1055 930 τοῦ
1098 878 1502 948 ἀναληφθέντος
1548 879 1839 951 ἀνθρώπου

249 956 314 1011 τὸ
346 957 582 1016 τέλειονο
610 964 706 1019 καὶ
735 967 843 1039 γάρ
897 985 1063 1041 φησι·
1100 989 1118 1021 ι
1148 970 1214 1024 Τί
1244 972 1391 1025 ἐστιν
1419 972 1727 1044 ἄνθρωπος,
1757 975 1838 1027 ὅτι

256 1054 544 1127 μιμνήσκῃ
598 1058 800 1127 αὐτοῦ;
838 1079 859 1113 ι
898 1062 1037 1117 ἀλλά
1081 1064 1134 1116 τί
1179 1064 1328 1120 ἐστιν
1375 1064 1696 1137 ἄνθρωπος,
1744 1067 1839 1120 καὶ

254 1147 436 1202 πᾶσαν
474 1150 608 1221 ὁμοῦ
639 1151 738 1226 τήν
776 1154 940 1224 φύσιν
974 1157 1313 1229 περιλαϐών·
1348 1160 1444 1213 καὶ
1491 1158 1695 1230 Κύριον
1742 1160 1839 1231 μὲν

252 1244 738 1313 προσαγορεύσας,
784 1247 878 1302 τὸν
929 1251 1286 1322 ἐνοικήσαντα
1330 1250 1465 1305 Θεὸν
1506 1250 1701 1321 Λόγον,
1747 1251 1839 1307 τὸν

249 1330 353 1402 τῆς
388 1334 595 1400 οἰκείας
634 1338 842 1405 εἰκόνος
889 1341 1217 1412 μνησθέντα,
1263 1342 1355 1395 τὸν
1385 1344 1621 1416 ἀρρήτῳ
1651 1343 1840 1413 φιλαν-

253 1424 473 1499 θρωπίᾳ
529 1430 881 1502 χρησάμενον
909 1449 921 1461 ·
978 1432 1269 1506 ἄνθρωπον
1324 1434 1382 1490 δὲ
1425 1434 1515 1489 τὸν
1559 1435 1618 1503 ἐξ
1679 1434 1838 1506 ήμῶν

248 1518 630 1591 ἀναληφθέντα
660 1522 807 1589 ναὸν,
838 1524 897 1579 ὃν
926 1527 994 1597 τῇ
1031 1526 1305 1600 παρουσίᾳ
1335 1526 1702 1598 ἐπεσκέψατο,
1739 1528 1836 1581 καὶ

250 1610 431 1682 ἐαυτῷ
462 1613 688 1685 συνῆψε,
718 1616 815 1670 καλ⁸
843 1619 908 1689 τῇ
943 1617 1134 1672 ἐνώσει
1174 1618 1275 1690 τὴν
1318 1618 1594 1690 σωτηρίαν
1649 1619 1837 1690 είργά-

250 1717 385 1755 σατο
404 1719 418 1733 ο
448 1702 541 1756 καὶ
572 1702 732 1757 τοῦτο
781 1706 1101 1778 ἑρμηνεύων
1132 1708 1235 1779 ἔφη
1256 1726 1272 1741 ο
1305 1726 1324 1759 ι
1354 1709 1458 1763 Τὸν
1476 1708 1533 1762 δὲ
1569 1709 1745 1781 βραχύ
1785 1729 1837 1764 τι

251 1791 383 1860 παρ’
403 1791 670 1860 ἀγγέλους
697 1793 1083 1867 ἠλαττωμένον
1112 1797 1385 1869 βλέπομεν
1421 1798 1629 1871 Ἰησοῦν
1657 1800 1747 1854 διὰ
1773 1801 1836 1854 τὸ

1946 620 2169 680 propter
2195 611 2500 679 passionem
2532 611 2747 677 mortis,
2775 610 2947 682 gloria
2978 618 3033 667 et
3062 611 3269 668 honore
3297 623 3530 666 corona-

1945 711 2089 767 tum,
2135 711 2195 757 ut
2239 701 2411 773 gratia
2460 700 2590 768 Dei,
2631 716 2730 774 pro
2770 702 3024 759 omnibus
3067 708 3299 756 mortem
3345 708 3529 771 gusta-

1942 801 2027 848 ret
2052 794 2120 849 “.
2159 812 2178 845 ι
2210 795 2326 850 Hoc
2356 802 2536 850 autem
2567 794 3015 852 manifestissime
3047 792 3313 862 assumpti
3348 788 3527 846 humi;

1940 884 2028 939 nis
2057 884 2448 953 perfectionem
2482 885 2842 942 demonstrat.
2872 885 2961 940 Ait
2989 884 3179 940 enim:
3218 900 3237 935 ι
3275 881 3414 949 Quid
3442 891 3533 934 est

1941 978 2124 1043 homo,
2158 977 2302 1047 quod
2338 992 2546 1033 memor
2575 992 2635 1033 es
2671 976 2824 1046 ejus?
2864 995 2881 1029 ι
2924 975 3030 1031 Sed
3066 974 3209 1046 quid
3235 981 3332 1029 est!
3357 973 3543 1029 homo.

1940 1071 2065 1123 dum
2109 1072 2202 1137 ait,
2244 1069 2552 1126 universam
2593 1070 2755 1124 simul
2790 1077 3042 1123 naturam
3086 1066 3535 1137 comprehendit-

1938 1160 2005 1215 Et
2043 1161 2170 1216 dum
2213 1160 2498 1216 Dominum
2539 1160 2795 1230 appellat,
2835 1158 3001 1214 Deum
3030 1157 3270 1213 Verbum
3311 1154 3526 1211 inhabi-
3628 1198 3631 1201 .

1940 1262 2061 1308 tans
2092 1253 2240 1318 dicit,
2267 1253 2411 1323 quod
2443 1268 2555 1308 suae
2586 1252 2841 1321 imaginis
2873 1265 3079 1305 memor
3107 1248 3233 1313 fuit,
3261 1247 3405 1317 quod
3442 1246 3526 1298 in-

1936 1344 2203 1401 ell‘ahilem
2226 1345 2570 1401 clementiam
2592 1344 2945 1414 exprompsit.
2972 1341 3258 1396 Hominem
3284 1337 3522 1406 denique

1938 1438 2011 1492 ait
2061 1436 2189 1492 illud
2217 1438 2359 1507 quod
2384 1437 2452 1493 de
2479 1437 2635 1492 nobis
2662 1444 2936 1504 sumptum
2964 1443 3047 1489 est
3076 1431 3352 1502 templum,
3378 1430 3521 1498 quod

1939 1528 2224 1598 prmsentia
2252 1544 2349 1583 sua
2374 1528 2642 1594 visitavit,
2670 1528 2885 1597 sibique
2910 1524 3205 1595 copulavit,
3228 1537 3404 1590 eaque
3429 1522 3523 1574 ad-

1938 1622 2195 1676 unatione
2219 1620 2446 1675 salutem
2473 1621 2700 1691 peregit.
2722 1618 2852 1687 Quae
2877 1618 2992 1688 ipse
3017 1617 3386 1687 interpretans
3408 1611 3483 1666 ait
3504 1629 3523 1664 :

1942 1731 1962 1764 ι
2007 1712 2141 1767 Eum
2182 1725 2360 1769 autem
2398 1713 2491 1783 qui
2534 1713 2751 1769 modico
2791 1727 2952 1782 quam
2998 1708 3176 1780 angeli
3218 1707 3529 1761 minoratus

1937 1814 2045 1872 est,
2083 1804 2330 1861 videmus
2370 1804 2586 1873 Jesum,
2625 1814 2846 1877 propter
2885 1803 3078 1859 mortis
3115 1801 3448 1872 passionem.
3496 1815 3515 1848 ι

250 1881 483 1953 πάθημα
518 1884 615 1939 τοῦ
650 1885 902 1942 θανάτου.
930 1906 947 1940 ι
998 1889 1264 1945 Ἀπέθανε
1294 1891 1351 1945 δὲ
1383 1892 1483 1963 οὐχ
1510 1895 1538 1947 6
1566 1893 1835 1957 ἀθάνατος

1940 1896 2181 1952 Mortuus
2204 1907 2288 1952 est
2314 1898 2495 1968 itaque
2519 1873 2979 1953 non‘im—morlalis
3010 1894 3172 1960 Deus,
3200 1892 3295 1948 sed
3324 1898 3521 1945 natura

248 1973 382 2038 Θεὸς
410 1975 605 2045 Λόγος,
638 1977 754 2031 ἀλλ’
786 1980 818 2048 ἠ
855 1979 1025 2052 θνητὴ
1060 1980 1243 2049 φύσις.
1278 1983 1369 2035 Διὸ
1404 1985 1499 2036 καὶ
1536 1983 1838 2054 ἠλαττοῦτο

250 2061 424 2135 βραχύ
458 2081 513 2117 τι
576 2068 707 2138 παρ’
735 2066 1037 2135 ἀγγέλους,
1079 2067 1158 2139 τῷ
1199 2069 1327 2133 τούς
1393 2070 1491 2141 μὲν
1530 2071 1837 2136 ἀθανάτους

248 2151 411 2220 εἶναι,
442 2156 541 2229 τὴν
580 2158 638 2211 δὲ
670 2158 891 2230 θνητήν.
932 2160 992 2215 ’0
1020 2160 1078 2214 δέ
1101 2160 1233 2225 Θεός
1263 2161 1437 2231 Λόγος
1458 2163 1559 2217 οὐκ
1595 2164 1835 2218 ἐλάττων

247 2249 517 2318 ἀγγέλων,
557 2250 694 2305 ἀλλά
720 2252 988 2323 δεσπότης
1020 2254 1271 2323 ἀγγέλων
1292 2270 1306 2286 ο
1348 2274 1366 2307 ι
1406 2255 1494 2309 Ἐν
1525 2254 1677 2327 αὐτῷ
1724 2256 1836 2327 γὰρ

248 2341 472 2413 ἐκτίσθη
512 2344 584 2398 τά
622 2342 835 2411 πάντα,
868 2344 979 2398 εἴτε
1024 2345 1232 2414 ὁρατὰ,
1278 2345 1391 2403 εἴτε
1434 2345 1681 2419 ἀόρατα,
1722 2348 1833 2401 είτε

246 2432 459 2504 Θρόνοι,
491 2435 602 2489 εἴτε
633 2436 988 2509 Κυριότητες,
1013 2438 1122 2492 εἴτε
1152 2439 1363 2510 ’Δρχαὶ,
1390 2438 1501 2493 εἴτε
1539 2438 1833 2506 Ἐξουσίαι,

248 2524 360 2580 είτε
388 2526 667 2597 Ἄγγελοι,
686 2528 797 2583 εἴτε
820 2530 1092 2603 Δυνάμεις
1107 2548 1121 2562 ·
1152 2533 1331 2588 πάντα
1356 2534 1413 2587 δέ
1435 2534 1502 2589 δι’
1527 2534 1718 2601 αὐτοῦ,
1740 2537 1836 2591 καὶ

246 2618 328 2682 εἰς
360 2618 524 2675 αὐτὸν
555 2620 819 2678 ἔκτισται.
855 2642 873 2675 ι
927 2623 1038 2678 Καὶ
1079 2625 1220 2695 μετά
1251 2625 1422 2680 πολλά
1462 2626 1627 2681 πάλιν
1647 2645 1660 2660 ο
1692 2646 1710 2681 ι
1738 2630 1836 2694 Ὃς

245 2711 307 2766 ἐν
328 2715 452 2777 ταῖς
478 2713 735 2787 ἡμέραις,
763 2718 919 2787 φησὶ,
948 2717 1048 2789 τῆς
1081 2718 1284 2790 σαρκὸς
1315 2720 1478 2774 αὐτοῦ
1503 2722 1714 2794 δεήσεις
1740 2725 1836 2777 καὶ⁴

249 2803 534 2875 ἱκετηρίας
562 2806 700 2879 πρὸς
739 2808 830 2862 τὸν
873 2808 1169 2879 δυνάμενον
1195 2811 1356 2865 αὐτὸν
1380 2813 1446 2866 ἐκ
1475 2811 1706 2869 θανάτου
1742 2816 1836 2886 ῥύ-

250 2897 448 2952 σασθαι
495 2900 636 2970 μετά
684 2902 935 2973 κραυγῆς
976 2904 1200 2976 ἰσχυρᾶς
1244 2905 1339 2960 καὶ
1367 2906 1622 2978 δακρύων
1665 2926 1835 2981 προσ-

246 2989 518 3059 ενεγκὼν,
565 2992 660 3045 καὶ
722 2994 1099 3059 εἰσακουσθεὶς
1152 2997 1261 3050 ἀπὸ
1311 2997 1410 3068 τῆς
1457 3000 1765 3066 εὐλαϐείας.
1806 3020 1825 3053 ι

247 3082 467 3155 Καίπερ
497 3082 573 3138 ὢν
606 3084 753 3151 Υἱὸς,
790 3086 994 3157 ἔμαθεν
1028 3088 1087 3156 ἐξ
1135 3083 1209 3143 ὧν
1235 3088 1404 3145 ἔπαθε
1434 3090 1534 3162 τὴν
1565 3092 1830 3166 ὑπακοὴν,

247 3173 341 3225 καὶ
365 3174 671 3242 τελειωθεὶς
700 3176 923 3246 γέγονεν
950 3178 1123 3234 ἅπασι
1148 3181 1261 3245 τοῖς
1285 3181 1652 3238 ὑπακούουσιν
1680 3184 1831 3256 αὐτῷ
1857 3231 1901 3290 c

248 3264 418 3290 ..ι’..--
451 3282 495 3290 ..-
514 3283 590 3290 .-μ
607 3268 688 3290 ΔΙ..
705 3285 722 3290 -
768 3270 858 3290 ML,
890 3270 959 3290 ,L,

245 3264 418 3330 αἴτιος
449 3268 723 3338 σωτηρίας
761 3270 1006 3328 αἰωνίου.

316 3444 412 3509 Τίς
448 3444 625 3500 τοίνυν
651 3448 681 3501 6
711 3449 1178 3522 προσευχόμενος,
1220 3453 1315 3507 καὶ
1345 3454 1563 3526 δεήσεις
1590 3457 1685 3511 καὶ
1721 3458 1834 3512 ίκε-

242 3536 440 3607 τηρίας
459 3537 597 3607 μετά
627 3540 875 3611 κραυγῆς
897 3542 1127 3613 ἰσχυρᾶς
1144 3543 1240 3599 καὶ
1258 3545 1513 3618 δακρύων
1534 3565 1836 3619 προσενεγο

244 3627 388 3696 κών;
437 3630 533 3695 Τίς
576 3634 606 3684 6
634 3634 691 3684 ἐν
724 3633 980 3706 εὐλαϐείᾳ
1017 3638 1291 3711 συζήσας,
1324 3639 1420 3693 καὶ
1448 3640 1537 3695 διὰ
1566 3642 1727 3697 τοῦτο
1772 3645 1833 3698 ὂν

244 3721 489 3775 ἱκέτευσε
545 3723 777 3791 πείσας;
810 3725 906 3790 Τίς
936 3728 965 3782 6
1000 3727 1190 3799 μαθὼν
1235 3731 1330 3799 ἀφ’
1379 3726 1456 3787 ὧν
1506 3732 1679 3789 ἔπαθε
1732 3737 1831 3810 τὴν

242 3812 511 3886 ὑπακοὴν,
538 3817 631 3869 καὶ
656 3817 754 3887 τὴν
781 3820 979 3889 πεῖραν
1005 3819 1186 3876 λαϐὼν
1211 3822 1554 3891 διδάσκαλον,
1582 3826 1679 3880 καὶ
1710 3828 1836 3882 ταύ-

239 3922 342 3977 την
368 3906 578 3974 ἀγνοῶν
602 3908 706 3979 πρὸ
732 3912 829 3980 τῆς
857 3911 1087 3984 πείρας;
1113 3914 1209 3980 Τίς
1235 3917 1262 3968 6
1284 3914 1464 3971 λαϐὼν
1490 3918 1634 3972 κατά
1666 3920 1833 3991 μέρος

238 3996 343 4067 τὴν
380 3995 726 4070 τελειότητα;
758 4002 873 4073 Οὐχ
913 4004 941 4055 6
981 4004 1113 4068 Θεὸς
1142 4005 1339 4073 Λόγος,
1370 4009 1398 4059 6
1431 4006 1658 4074 τέλειος,
1691 4010 1720 4061 6
1755 4012 1832 4063 si-

238 4088 347 4154 δὼς
384 4090 561 4145 πάντα
600 4092 731 4162 πρὶν
776 4095 1046 4162 γενέσεως
1077 4096 1277 4160 αὐτῶν,
1310 4096 1427 4149 ἀλλ’
1449 4099 1511 4152 οὐ
1550 4101 1617 4172 τῇ
1667 4100 1832 4174 πείρᾳ

244 4182 563 4254 μανθάνωνσ
591 4183 621 4235 6
668 4185 877 4248 πάντας
909 4185 1048 4257 έχων
1094 4187 1553 4260 εὐλαϐουμένους,
1586 4192 1701 4246 ἀλλ’
1728 4192 1831 4248 οὐκ

240 4273 407 4337 αὐτὸς
436 4273 832 4343 εὐλαϐούμενος
853 4293 867 4307 ·
900 4278 929 4330 6
960 4277 1294 4348 ἀφελόμενος
1320 4282 1428 4334 πᾶν
1459 4281 1695 4354 δάκρυον
1722 4286 1830 4339 ἀπὸ

242 4365 448 4429 παντὸς
486 4363 802 4435 προσώπου,
828 4366 944 4420 ἀλλ’
970 4368 1032 4421 οὐ
1062 4368 1322 4439 δακρύειν
1356 4371 1449 4425 ὑπ’
1474 4372 1667 4445 ὀδύνης
1700 4376 1830 4430 ἀνα-

239 4457 612 4528 γκαζόμενος·
649 4459 678 4511 6
706 4458 922 4530 ἀπαθὴς
963 4464 1058 4513 καὶ
1090 4460 1375 4527 ἀθάνατος,
1405 4464 1521 4519 ἀλλ’
1547 4467 1608 4520 οὐ
1642 4467 1828 4534 δεδιὼς

1940 1986 2209 2042 mortalis.
2255 1988 2377 2042 ldeo
2417 1996 2473 2043 et
2517 1987 2730 2043 modico
2773 1986 2911 2041 infra
2958 1984 3179 2054 angelos
3219 1982 3522 2037 minoratus

1937 2083 2042 2138 est,
2070 2076 2194 2142 quia
2224 2078 2274 2130 lii
2303 2087 2431 2131 sunt
2461 2075 2819 2140 immortales,
2846 2075 2935 2129 illa
2965 2089 3124 2129 secus
3154 2082 3348 2126 natura
3377 2083 3523 2123 mor-

1940 2167 2065 2223 talis
2090 2176 2193 2222 est.
2220 2166 2391 2223 Porro
2422 2166 2563 2223 Deus'
2586 2167 2821 2221 Verbum
2850 2182 2955 2221 non
2984 2174 3070 2220 est
3096 2164 3236 2219 infra
3265 2160 3485 2230 angelos
3505 2200 3521 2223 ,

1937 2259 2032 2313 sed
2060 2258 2376 2326 angelorum
2403 2257 2622 2329 833m
2655 2257 2932 2312 Dominus.
2979 2274 2996 2306 ι
3029 2253 3295 2321 Quoniam
3322 2251 3374 2305 in
3407 2251 3524 2317 ipso

1937 2351 2157 2405 condita
2192 2358 2319 2405 sunt
2350 2352 2638 2413 universa,
2676 2350 2790 2404 sive
2824 2347 3093 2412 visibilia,
3130 2346 3244 2401 sive
3280 2342 3525 2397 invisibi-

1938 2442 2031 2507 lia,
2062 2441 2179 2498 sive
2208 2440 2438 2509 Throni,
2470 2440 2587 2496 sive
2624 2440 3055 2505 nominationes,
3091 2438 3207 2493 sive
3243 2435 3523 2505 Principa-

1939 2542 2055 2601 tus,
2080 2533 2195 2589 sive
2222 2532 2556 2597 Potestates,
2584 2533 2699 2587 sive
2722 2530 2911 2599 Angeli
2931 2570 2946 2596 ,
2974 2529 3089 2584 sive
3106 2526 3378 2591 Virtutes;
3405 2539 3521 2580 oni-

1938 2626 2028 2682 nia
2058 2634 2237 2682 autem
2269 2639 2365 2695 per
2391 2624 2589 2696 ipsum,
2616 2633 2673 2679 et
2701 2624 2754 2678 in
2791 2623 2909 2692 ipso
2939 2628 3123 2675 creata
3155 2627 3283 2674 sunt
3304 2617 3371 2670 “.
3408 2634 3427 2667 ι
3460 2615 3524 2668 Et

1936 2719 2062 2774 alibi
2106 2718 2285 2774 denuo
2324 2735 2339 2772 :
2382 2736 2401 2769 ι
2446 2716 2549 2783 Qui
2593 2717 2646 2771 in
2694 2716 2908 2777 diebus,
2954 2714 3147 2780 inquit,
3186 2709 3368 2766 carnis
3410 2723 3522 2761 suae

1936 2824 2126 2879 preces
2162 2807 2698 2878 supplicationesque
2732 2807 2798 2860 ad
2835 2821 2995 2869 eum,
3029 2803 3125 2874 qui
3162 2802 3333 2872 possit
3368 2798 3520 2855 illum

1934 2902 2142 2956 salvum
2177 2900 2358 2956 facere
2394 2916 2425 2954 a
2466 2909 2662 2965 morte,
2701 2913 2823 2954 cum
2858 2897 3094 2952 clamore
3128 2893 3305 2948 valido
3343 2900 3397 2947 et
3438 2891 3521 2946 la-

1934 2993 2136 3066 crymis
2179 2992 2443 3057 offerens,
2492 2991 2782 3047 exauditus
2834 2998 2918 3044 est
2969 3003 3067 3057 pro
3112 3001 3210 3040 sua
3263 2998 3521 3039 reveren—

1936 3087 2007 3140 tia
2034 3085 2099 3139 “.
2147 3104 2166 3138 ι
2205 3085 2270 3139 Et
2301 3085 2522 3155 quidem
2563 3100 2684 3139 cum
2725 3092 2869 3139 esset
2906 3080 3102 3146 Filius,
3140 3078 3326 3134 didicit
3352 3092 3417 3131 ex
3454 3078 3520 3131 iis

1936 3193 2057 3248 qua:
2093 3192 2287 3249 passus
2320 3188 2404 3232 est
2435 3176 2797 3232 obedientiam
2833 3193 2848 3230 :
2880 3184 2934 3230 et
2968 3182 3399 3234 consummatus,
3435 3170 3517 3223 fn-

1936 3279 2057 3326 ctus
2086 3277 2173 3325 est
2206 3268 2460 3325 omnibus
2490 3266 2995 3339 obtemperantibus
3024 3264 3149 3332 sibi,
3179 3277 3340 3319 causa
3376 3263 3519 3317 salu.-

1937 3364 2003 3420 tis
2032 3373 2272 3420 aeternae.

2004 3453 2137 3521 Quis
2166 3468 2297 3525 ergo
2332 3460 2419 3509 est
2448 3467 2637 3518 orans,
2669 3461 2722 3507 et
2758 3465 2949 3523 preces
2983 3447 3518 3520 supplicationesque

1933 3559 2057 3600 cum
2087 3544 2327 3600 clamore
2354 3545 2531 3599 valido
2560 3551 2615 3598 et
2645 3542 2899 3613 lacrymis
2929 3540 3200 3596 oli‘erens?
3229 3539 3363 3606 Quis
3394 3552 3517 3593 cum

1934 3637 2185 3708 religiosa
2218 3638 2518 3692 reverentia
2545 3635 2753 3699 vivens,
2784 3635 3013 3704 ideoque
3042 3634 3108 3689 ab
3141 3648 3204 3687 eo
3236 3647 3393 3702 quem
3430 3647 3520 3683 ro-

1931 3730 2078 3802 gavit
2107 3729 2439 3800 impetratis?
2466 3729 2598 3793 Quis
2627 3730 2845 3783 discens
2871 3743 2935 3782 ex
2967 3728 3031 3781 iis
3060 3741 3182 3797 qua:
3211 3740 3404 3794 passus
3432 3734 3527 3777 est

1930 3822 2318 3889 obedientiam,
2346 3833 2401 3876 et
2432 3820 2677 3888 magistri
2710 3819 2830 3873 loco
2857 3817 3250 3886 experientiam
3284 3816 3521 3878 habens,

1932 3915 2154 3984 ignarus
2182 3915 2301 3983 ejus
2332 3911 2406 3965 rei
2438 3921 2737 3980 antequam
2765 3908 3143 3979 experiretur?
3191 3908 3326 3975 Quis
3353 3908 3517 3976 pede-

1934 4008 2123 4063 tentim
2160 4007 2389 4076 adeptus
2426 4014 2510 4059 est
2548 4001 2974 4073 perfectionem?
3012 4000 3163 4055 Haud
3202 4014 3334 4055 sane
3373 4000 3516 4054 Deus

1930 4098 2191 4165 Verbum,
2227 4098 2525 4168 perfectum
2562 4096 2713 4160 illud,
2739 4104 2794 4150 et
2829 4096 2970 4165 quod
3006 4094 3189 4150 omnia
3224 4102 3512 4162 antequam

1930 4193 2062 4247 liant
2090 4191 2261 4256 novit,
2294 4190 2517 4245 minime
2543 4205 2673 4245 vero
2701 4188 3037 4257 experientia
3072 4186 3287 4241 discens
3322 4202 3336 4240 :
3369 4186 3513 4255 quod

1928 4299 2118 4340 omnes
2143 4283 2308 4338 habet
2327 4282 2411 4338 sui
2435 4281 2693 4345 cultores,
2717 4280 2845 4335 dum
2871 4279 2939 4334 ab
2960 4278 3077 4347 ipso
3099 4277 3296 4333 colitur
3317 4290 3513 4343 nemo;

1928 4375 2182 4431 auferens
2215 4374 2284 4429 ab
2310 4373 2456 4428 omni
2492 4373 2634 4429 facie
2665 4373 2982 4443 lacrymam,
3013 4372 3185 4440 ipsum
3213 4385 3341 4425 vero
3373 4369 3517 4423 nullo

1929 4471 2117 4527 dolore
2150 4468 2439 4540 lacrymari
2474 4466 2814 4537 compulsum
2850 4484 2866 4533 ;
2901 4463 3261 4536 impassibile,
3297 4462 3517 4516 immor-

239 4549 335 4602 τὸν
367 4548 614 4614 θάνατον,
646 4548 742 4603 καὶ
793 4550 931 4618 μετά
979 4552 1232 4622 κραυγῆς
1277 4555 1535 4610 ἱκετεύων
1579 4558 1826 4613 ἀπαλλα-

1936 4564 2063 4627 tale,
2102 4577 2205 4617 non
2248 4570 2430 4615 autem
2474 4569 2704 4613 mortem
2754 4559 2971 4622 timens,
3019 4569 3195 4625 neque
3239 4563 3297 4609 ut
3340 4554 3409 4609 ab
3450 4569 3513 4607 ca

241 4642 407 4711 γῆναι
440 4640 692 4697 θανάτου.
726 4642 938 4697 Οὐκοῦν
968 4643 1073 4697 ἴδια
1099 4645 1273 4699 ταῦτα
1296 4649 1396 4718 τῆς
1426 4649 1829 4722 ἀναληφθείσης

238 4732 700 4805 ἀνθρωπότητος,
734 4736 768 4805 ἢ
804 4734 899 4789 καὶ⁴
940 4736 1031 4790 τὸν
1065 4735 1295 4791 θάνατον
1343 4740 1558 4807 ἐδεδίει,
1610 4744 1707 4796 καὶ
1747 4744 1828 4797 δι-

239 4824 417 4878 ετέλει
455 4826 906 4898 προσευχομένη,
952 4829 1051 4900 τῆς
1103 4830 1419 4903 ἐνοικούσης
1467 4832 1731 4906 Θεότητος
1753 4836 1830 4907 τῷ

240 4917 394 4989 φόϐῳ
433 4918 904 4991 παραχωρούσης,
941 4922 1030 4976 ἵνα
1061 4922 1150 4976 διὰ
1181 4923 1290 4978 τῶν
1326 4924 1669 4997 παθημάτων
1718 4929 1828 4983 δει-

237 5008 346 5082 χθῇ
392 5008 485 5064 τοῦ
517 5010 816 5084 ληφθέντος
859 5015 892 5085 ή
927 5013 1109 5085 φύσις.
1160 5017 1271 5071 Καὶ
1320 5018 1514 5072 πάλινο
1553 5040 1572 5072 ι
1603 5023 1678 5075 Οὐ
1721 5022 1830 5095 γὰρ

237 5104 413 5176 δήπου
476 5103 728 5174 ἀγγέλων
789 5105 1257 5177 ἐπιλαμϐάνεται,
1316 5109 1455 5164 ἀλλὰ
1514 5113 1830 5185 σπέρματος

254 5195 503 5266 Ἀϐραὰμ
553 5198 1021 5269 ἐπιλαμϐάνεται·
1058 5199 1180 5255 ὅθεν
1224 5200 1425 5271 ὤφειλε
1475 5205 1617 5260 κατά
1650 5207 1831 5261 πάντα

237 5290 354 5350 τοῖς
399 5286 648 5357 ἀδελφοῖς
682 5290 1050 5363 ὁμοιωθῆναι,
1098 5295 1179 5356 εἰς
1222 5293 1284 5347 τὸ
1341 5295 1660 5353 ἱλάσκεσθαι
1703 5302 1825 5365 ταῖς

241 5378 542 5449 ἁμαρτίαις
582 5381 676 5434 τοῦ
721 5382 874 5438 λαοῦ.
904 5404 925 5438 ι
975 5386 1063 5440 Ἐν
1105 5379 1149 5454 ᾧ
1188 5386 1298 5460 γὰρ
1346 5390 1615 5447 πέπονθεν
1668 5393 1831 5457 αὐτὸς

242 5472 594 5541 πειρασθείς,
638 5472 864 5531 δύναται
909 5482 1025 5545 τοῖς
1082 5482 1499 5553 πειραζομένοις
1540 5484 1825 5556 βοηθῆσαι.

242 5564 354 5617 Καὶ
387 5568 507 5635 μετ’
546 5567 739 5636 ὀλίγα⁸
773 5587 793 5621 ι
822 5570 896 5624 Οὐ
929 5572 1040 5644 γὰρ
1078 5573 1275 5645 ἔχομεν
1319 5577 1584 5648 ἀρχιερέα
1627 5577 1702 5648 μὴ
1736 5577 1830 5631 δυ-

244 5654 474 5724 νὰμενον
521 5656 879 5730 συμπαθῆσαι
912 5663 1034 5723 ταῖς
1061 5663 1369 5730 ἀσθενείαις
1413 5665 1594 5736 ἡμῶν,
1637 5683 1831 5719 πεπει-

312 5830 354 5860 ω
385 5831 546 5887 ιιιειηο.
579 5847 641 5901 tt,
681 5836 737 5891 9.
812 5838 855 5868 ⁶²
889 5836 1096 5894 Coloss.
1126 5855 1161 5906 ι,
1207 5839 1284 5894 l6.
1366 5842 1405 5871 “
1445 5840 1606 5900 llchr.
1638 5860 1687 5909 v,
1723 5846 1772 5901 ἶ.

1932 4658 2193 4712 liberetur
2224 4667 2348 4708 cum
2393 4650 2631 4705 clamore
2671 4650 3008 4718 supplicans.
3045 4646 3308 4712 Superest
3350 4644 3519 4713 igitur

1932 4757 1991 4803 ut
2024 4749 2138 4801 haec
2172 4741 2528 4800 humanitatis
2564 4751 2854 4810 assumpta:
2890 4739 2997 4794 sint
3034 4737 3274 4808 prepria,
3310 4750 3428 4803 quae
3462 4746 3516 4787 et

1934 4847 2164 4895 mortem
2192 4836 2488 4898 metuebat,
2512 4843 2567 4889 et
2595 4834 2649 4888 in
2677 4832 2927 4888 oratione
2956 4828 3362 4900 perseverabat,
3388 4841 3514 4896 qua-

1934 4943 2093 4987 tenus
2128 4928 2438 4985 inhabitans
2474 4927 2654 4984 Deitas
2684 4926 2862 4981 timori
2899 4925 3074 4979 locum
3110 4936 3233 4978 esse
3264 4920 3511 4983 sinebat;

1928 5034 1986 5080 ut
2022 5040 2090 5081 ex
2130 5021 2473 5093 passionibus
2512 5019 2774 5087 assumpti
2819 5017 3052 5071 hominis
3089 5023 3281 5069 natura
3323 5011 3516 5082 digno-

1928 5123 2194 5169 sceretur.
2228 5112 2294 5167 Et
2329 5125 2517 5166 rursus
2553 5130 2568 5165 :
2611 5128 2630 5162 ι
2673 5108 2947 5177 Nusquam
2986 5107 3129 5160 enim
3166 5103 3386 5174 angelos
3420 5119 3517 5171 ap-

1929 5206 2249 5278 prehendit,
2284 5204 2379 5259 sed
2424 5218 2608 5258 semcn
2650 5203 2890 5257 Abrahae
2932 5197 3285 5268 apprehendit
3321 5210 3336 5249 :
3373 5196 3516 5250 unde

1933 5297 2120 5354 debuit
2155 5311 2251 5366 per
2282 5296 2465 5350 omnia
2503 5293 2763 5349 fratribus
2795 5290 3053 5356 similari,
3093 5299 3151 5345 ut
3185 5288 3380 5345 delicta
3414 5303 3514 5358 po-

1928 5391 2038 5462 puli
2070 5389 2541 5460 repropitiaret“.
2575 5407 2594 5441 ι
2626 5387 2683 5442 In
2711 5402 2777 5443 eo
2807 5387 2949 5443 enim
2983 5386 3038 5440 in
3071 5399 3178 5455 quo
3209 5396 3403 5452 passus
3433 5393 3533 5439 est:

1928 5481 2042 5549 ipse
2080 5489 2135 5536 et
2177 5488 2449 5545 tentatus,
2493 5488 2686 5550 potens
2726 5487 2811 5534 est
2850 5487 2906 5531 et
2948 5476 3029 5531 eis
3073 5474 3164 5546 qui
3212 5482 3515 5537 tentantur,

1927 5572 2201 5627 auxiliari.
2235 5572 2302 5626 Et
2341 5571 2484 5627 haud
2527 5571 2712 5627 multis
2752 5570 3054 5639 interiectis
3089 5584 3103 5622 :
3147 5586 3165 5619 ι
3207 5565 3513 5621 Nonenim

1927 5665 2191 5721 habemus
2226 5664 2571 5735 pontificem,
2608 5664 2700 5736 qui
2741 5678 2847 5720 non
2885 5662 3056 5733 possit
3090 5659 3328 5731 compati
3363 5656 3516 5713 infir-

1853 5845 1894 5877 ⁸⁵
1932 5844 2096 5900 iiubr.
2133 5861 2193 5913 ll,
2235 5846 2314 5901 16.
