4038 6508
612 383 749 439 “59

1607 376 1665 432 S.
1708 377 1986 433 CYltll.Ll
2014 377 2489 436 ALEXANDRINI
2524 377 2848 441 ARCHIEI‘.

3736 384 3846 445 lilio

609 500 890 579 mitatibus
912 497 1142 561 nostris,
1170 500 1427 549 lentatum
1448 502 1623 549 autem
1648 496 1866 567 835m
1892 513 1987 567 per
2014 497 2172 552 omni:

2295 499 2533 571 ραμίνον
2564 500 2618 555 δὲ
2644 501 2785 555 κατὰ
2820 502 2995 557 πάντα
3034 502 3157 557 καθ’
3178 504 3466 577 ὁμοιότητα
3502 504 3669 579 χωρίς
3698 505 3849 578 ἁμαρ-

607 607 708 660 pro
732 568 1086 645 similitudine
1109 586 1310 656 absque
1334 594 1557 656 peccato
1576 585 1639 639 “.
1669 605 1686 637 ι
1710 585 1804 641 Est
1830 588 1991 658 igitur
2012 588 2182 643 Abra-

614 683 757 736 bami
802 694 983 735 semen
1027 680 1238 733 diversa
1283 693 1370 733 res
1409 678 1478 733 ab
1514 678 1604 733 illo
1640 677 1733 747 qui
1775 680 1829 733 id
1868 679 2177 748 assumpsit.

614 771 808 826 Semen
849 785 975 823 vero
1016 769 1309 823 Abraltami
1349 768 1555 823 sciebat
1596 768 1787 823 beatus
1820 767 2021 823 Paulus
2059 782 2180 823 esse

613 865 953 919 Servatorem
990 860 1263 916 Christum
1298 864 1591 916 secundum
1608 876 1879 914 carnem.t
1909 860 2026 915 Non
2046 861 2181 915 dixit

608 965 663 1009 et
703 953 1000 1009 seminibus
1042 951 1180 1016 tuis,
1223 951 1375 1021 quasi
1419 952 1485 1005 de
1526 950 1741 1015 multis;
1784 952 1877 1004 sed
1917 951 2071 1019 quasi
2112 950 2179 1003 de

611 1060 716 1099 uno
744 1062 755 1098 :
791 1064 808 1096 ι
833 1042 898 1098 Ει
928 1043 1118 1097 semini
1154 1052 1266 1105 tuo,
1293 1045 1381 1110 qui
1412 1050 1494 1095 est
1521 1039 1773 1095 Christus
1793 1041 1857 1095 ⁸⁷.
1891 1060 1908 1092 ι
1943 1041 2179 1111 Denique

608 1134 769 1188 etiam
803 1133 994 1187 tentari
1029 1133 1093 1186 ad
1127 1131 1527 1186 similitudinem
1558 1130 1762 1199 absque
1792 1139 2039 1200 peccato,
2070 1145 2176 1185 non

608 1233 691 1277 est
720 1221 812 1280 Dei
842 1222 1019 1284 Verbi,
1045 1222 1137 1275 sed
1166 1221 1429 1289 assumpti
1459 1220 1686 1275 seminis
1714 1220 2014 1290 pr0prinm.

611 1329 771 1386 XXII.
812 1332 964 1397 Quod
994 1331 1146 1385 Jesus
1180 1339 1227 1385 et
1260 1330 1396 1384 Deus
1446 1330 1662 1383 Verbum
1693 1341 1737 1383 et
1778 1332 1930 1383 homo
1958 1330 2172 1383 dicitur.

644 1514 717 1565 lta
740 1508 1177 1580 pra-clarissimus
1208 1505 1403 1560 Paulus
1430 1520 1523 1576 per
1555 1514 1717 1559 totam
1745 1505 2034 1573 Epistolam
2062 1514 2172 1559 tum

606 1616 809 1657 naturze
846 1603 1223 1669 proprietates,
1264 1608 1371 1651 tum
1421 1611 1664 1665 persona:
1714 1597 1967 1665 praedicat
1998 1597 2176 1650 unita-

605 1706 707 1746 tem
747 1711 759 1746 :
791 1693 1015 1760 ideoque
1040 1689 1222 1744 Jesum
1245 1688 1523 1743 Christum
1554 1697 1605 1739 et
1631 1688 1903 1741 hominem
1941 1688 2176 1757 appellat

601 1796 653 1835 et
698 1784 886 1835 Deum.
939 1799 956 1831 ι
988 1778 1156 1842 Unus,
1196 1780 1388 1846 inquit,
1434 1778 1690 1833 Dominus
1722 1776 1879 1832 Jesus
1905 1778 2169 1843 Christus,

2286 588 2425 656 τίας.
2459 592 2689 663 Ἕτερον
2730 595 2912 647 τοίνυν
2944 595 3006 649 τὸ
3036 595 3130 650 τοῦ
3178 596 3424 668 ’Δϐραὰμ
3470 598 3688 669 σπέρμα
3720 601 3846 669 παρὰ

2286 681 2376 733 τὸν
2417 683 2922 755 ἐπιλαμϐανόμενον
2961 687 3173 742 τούτου.
3204 709 3221 741 ι
3261 689 3489 761 Σπέρμα
3525 691 3582 743 δὲ
3622 691 3847 762 Ἀϐραὰμ

2286 767 2427 825 οἷδεν
2452 773 2481 825 6
2516 775 2785 846 μακάριος
2815 778 3027 842 Παῦλος
3068 779 3159 833 τὸν
3194 781 3424 851 Σωτῆρα
3464 782 3697 851 Χριστὸν
3727 784 3848 837 κατὰ

2288 862 2485 933 σάρκα·
2528 884 2546 915 ι
2570 866 2641 918 O6
2669 866 2777 938 γὰρ
2798 865 2941 932 εἷπε,
2972 870 3124 940 φησὶ,
3150 871 3259 922 Καὶ
3291 874 3406 935 τοῖς
3443 872 3719 943 σπέρμασί
3748 890 3846 934 σου,

2285 953 2360 1017 ὼς
2386 954 2477 1007 ἐπὶ
2508 956 2736 1021 πολλῶν,
2765 960 2878 1011 ἀλλ’
2901 960 2975 1023 ὡς
3007 961 3091 1029 ἐφ’
3117 963 3255 1027 ἐνὸς,
3305 963 3417 1016 Kal.
3480 964 3562 1034 τῷ
3592 965 3847 1034 σπέρματί

2287 1060 2402 1107 σου,
2431 1046 2489 1108 ὃς
2524 1048 2637 1100 ἐστι
2673 1049 2926 1120 Χριστός,
2960 1070 2977 1101 ι
3031 1051 3142 1105 Καὶ
3186 1052 3246 1104 τὸ
3291 1053 3619 1125 πειραθῆναι
3660 1055 3851 1109 δὲκαθ’

2283 1136 2577 1206 ὁμοιότητα
2611 1138 2779 1209 χωρὶς
2810 1140 3106 1211 ἁμαρτίας,
3137 1141 3198 1195 ού
3223 1143 3316 1196 τοῦ
3346 1144 3483 1199 Θεοῦ
3508 1147 3683 1213 Λόγου
3714 1146 3845 1213 ἴδιον,

2283 1224 2417 1278 ἀλλὰ
2451 1227 2545 1280 τοῦ
2573 1229 2971 1299 ἀναληφθέντος
2999 1233 3331 1304 σπέρματος.

2283 1340 2410 1394 ΚΒ¹.
2446 1340 2566 1395 Ὅτι
2603 1342 2833 1411 Ἰησοῦς
2883 1345 3159 1468 καέέθεὸς
3188 1349 3377 1416 Λόγος
3426 1349 3528 1403 καὶ
3556 1351 3850 1419 ἅνθρωπος

3018 1432 3200 1468 γεται.

3018 1432 3200 1484 γεται.

2356 1518 2541 1583 Οὕτως
2568 1521 2883 1587 ὁθειότατος
2900 1524 3133 1591 Παῦλος,
3165 1526 3253 1580 διὰ
3288 1528 3468 1599 πάσης
3490 1530 3592 1598 τῆς
3621 1531 3853 1585 Ἐπιστο-

2280 1612 2401 1681 λῆς,
2424 1613 2522 1675 τάς
2548 1631 2607 1667 τε
2632 1614 2740 1667 τῶν
2768 1616 2983 1685 φύσεων
3014 1617 3300 1689 ἰδιότητας,
3325 1620 3419 1672 καὶ
3445 1620 3542 1673 τοῦ
3570 1621 3851 1692 προσώπου

2282 1702 2541 1773 κηρύττει
2591 1704 2688 1776 τὴν
2734 1706 2961 1761 ἕνωσινο
2997 1707 3077 1761 διὸ
3110 1709 3316 1779 Ἰησοῦν
3349 1712 3589 1780 Χριστὸν
3636 1713 3730 1764 καὶ
3766 1713 3850 1767 άν-

2281 1793 2501 1865 θρωπον
2554 1797 2646 1849 καὶ
2692 1797 2825 1849 Θεὸν
2860 1800 3287 1869 προσαγορεύει³
3331 1822 3350 1853 ‹
3384 1797 3483 1865 Εἷς
3524 1802 3660 1872 γὰρ,
3700 1806 3850 1874 φησὶ,

601 1890 695 1942 per
714 1888 869 1940 quem
899 1871 1077 1925 omnia
1103 1870 1168 1922 ⁸⁸.
1201 1890 1218 1921 ι
1245 1870 1558 1937 Rursusque
1583 1869 1867 1923 Timotheo
1893 1868 2169 1923 scribens:

2277 1853 2482 1957 Kupto;
2514 1888 2720 1959 Ἰησοῦς
2744 1853 3002 1961 Χριστὸς,
3027 1853 3093 1944 δἰν
3113 1853 3176 1947 οὗ
3199 1894 3265 1946 τὰ
3288 1853 3487 1948 πάντα..
3512 1853 3680 1950 ιἰξαξι

606 1984 623 2015 ι
663 1964 813 2019 Unus
850 1962 1132 2024 mediator,
1182 1963 1378 2027 inquit,
1430 1961 1523 2014 Dei
1573 1970 1627 2013 et
1680 1961 1976 2025 hominum,
2014 1960 2173 2013 homo

599 2055 847 2109 Christus
885 2052 1043 2107 Jesus
1088 2054 1152 2106 θ’.
1189 2070 1206 2102 ι
1247 2051 1309 2105 Et
1351 2053 1403 2104 in
1432 2052 1617 2103 eadem
1645 2050 1710 2103 ad
1764 2049 2014 2103 Hebraeos
2043 2046 2157 2115 Epi-

600 2149 734 2204 stola
780 2167 793 2203 :
847 2166 863 2197 ι
902 2145 1061 2201 Jesus
1093 2147 1339 2200 Christus
1378 2144 1494 2197 beri
1530 2140 1592 2197 'et
1628 2143 1804 2205 hodie,
1853 2142 1965 2211 ipse
2014 2148 2067 2195 et
2118 2140 2171 2193 in

600 2238 792 2292 saecula
844 2238 916 2290 '°.
949 2256 968 2289 ι
1005 2238 1121 2290 Alia
1175 2249 1408 2304 quoque,
1461 2234 1504 2286 si
1552 2233 1672 2301 quis
1722 2232 1887 2295 volet,
1936 2232 2173 2287 inveniet

598 2337 850 2383 sexcenta
899 2326 1202 2381 testimonia
1254 2326 1304 2378 in
1346 2324 1522 2377 divina
1570 2323 1847 2390 Scriptura
1893 2335 2010 2387 qua:
2044 2335 2169 2389 pero

600 2420 795 2474 fectum
856 2418 1123 2472 hominem
1185 2416 1499 2484 praedicant,
1572 2423 1735 2483 atque
1793 2413 2170 2467 haereticorum

594 2520 890 2579 coarguunt
914 2508 1202 2563 insaniam.
1234 2506 1401 2560 Nobis
1428 2517 1606 2561 tamen
1631 2505 1798 2560 otium
1834 2505 1885 2557 in
1920 2503 2169 2572 praesenti

595 2620 700 2658 non
727 2612 811 2657 est
840 2616 902 2657 ea
925 2599 1228 2667 colligendi.
1254 2597 1525 2652 Studiosis
1557 2596 1736 2664 itaque
1759 2594 1998 2649 laborem
2030 2593 2174 2648 hunc

594 2696 953 2757 dimittentes,
1008 2710 1107 2748 nos
1138 2691 1353 2761 quidem
1407 2690 1738 2759 propositum
1790 2693 2171 2757 argumentum

592 2800 1003 2863 prosequamur.

833 2900 1018 2955 XXIII.
1062 2900 1137 2955 De
1180 2898 1435 2968 ineffabili
1476 2895 1703 2967 Virginis
1740 2904 1915 2965 partu.

664 3018 827 3088 Igitur
850 3016 1122 3084 propriam
1163 3012 1451 3083 imaginem
1500 3010 1640 3065 bello
1682 3010 2021 3063 fatiscentem
2067 3005 2170 3059 mi-

2277 1977 2527 2047 Τιμοθέῳ
2586 1977 2815 2048 γράφων
2839 1996 2853 2012 ·
2892 2000 2910 2030 ι
2941 1975 3036 2043 Εἷς
3073 1982 3329 2053 μεσίτης,
3380 1986 3546 2054 φησὶ,
3585 1983 3724 2036 Θεοῦ
3767 1984 3853 2037 καὶ

2278 2067 2600 2139 ἀνθρώπων,
2618 2069 2903 2141 ἄνθρωπος
2924 2072 3160 2142 Χριστὸς
3190 2071 3396 2143 Ἰησοῦς
3416 2089 3428 2100 ⁸
3458 2092 3477 2123 ι
3509 2075 3607 2128 καὶ
3636 2076 3696 2127 ὲν
3727 2076 3853 2145 αὐτῇ

2274 2158 2331 2211 δὲ
2372 2160 2437 2228 τῇ
2489 2158 2628 2230 πρὸς
2661 2160 2981 2233 Ἐϐραίους·
3022 2182 3040 2213 ι
3082 2162 3290 2232 Ἰησοῦς
3324 2164 3565 2235 Χριστὸς
3605 2164 3737 2235 χθὲς
3768 2166 3854 2217 καὶ

2278 2252 2519 2323 σήμερον
2545 2253 2573 2304 6
2601 2253 2784 2316 αὐτὸς,
2810 2254 2903 2308 καὶ
2926 2256 3008 2318 είς
3038 2256 3165 2318 τοὺς
3186 2255 3391 2319 αἰῶνας
3409 2273 3423 2288 ·
3450 2276 3469 2308 ι
3505 2258 3602 2310 καὶ
3627 2257 3791 2321 ἄλλας
3814 2256 3851 2309 6‘

2276 2340 2341 2394 ἄν
2363 2358 2445 2404 τις
2470 2341 2731 2413 ἐθελήσας
2756 2342 2904 2412 εὖροι
2938 2343 3139 2415 μυρίας
3168 2344 3473 2416 μαρτυρίας
3501 2347 3565 2399 ὲκ
3590 2346 3693 2416 τῆς
3715 2345 3856 2410 Θείας

2275 2430 2500 2501 Γραφῆς
2528 2431 2623 2484 τὸν
2662 2430 2867 2485 τέλειον
2888 2432 3175 2503 ἄνθρωπον
3205 2434 3609 2505 κηρυττούσας,
3638 2435 3855 2488 καὶτῶν

2275 2520 2568 2589 αἱρετικῶν
2590 2519 2916 2590 ὲλεγχούσας
2936 2519 3038 2592 τὴν
3060 2520 3267 2577 ἄνοιαν.
3294 2522 3434 2576 Ἀλλ’
3458 2525 3593 2593 ἡμῖν
3614 2524 3678 2577 οὐ
3700 2526 3854 2595 σχολὴ

2272 2609 2447 2664 ταῦτα
2476 2610 2755 2679 συλλέγειν
2792 2612 2883 2665 ἐπὶ
2912 2611 3007 2665 τοῦ
3051 2613 3335 2683 παρόντος.
3377 2615 3506 2677 Τοῖς
3553 2614 3857 2685 φιλοπόνοις

2273 2698 2452 2752 τοίνυν
2475 2700 2566 2753 τὸν
2596 2700 2755 2755 πόνον
2780 2700 2965 2754 τοῦτον
2990 2701 3399 2767 καταλιπόντες,
3418 2705 3588 2773 ήμεῖς
3612 2707 3714 2775 τῆς
3738 2720 3856 2775 προ-

2273 2788 2532 2860 κειμένης
2566 2792 2950 2862 πραγματείας
2977 2792 3250 2863 ἐχώμεθα.

2274 2900 2400 2954 Kl".
2435 2900 2572 2969 Περὶ
2598 2900 2709 2971 τῆς
2728 2902 2990 2973 ἁρῤήτου
3017 2903 3129 2974 τῆς
3154 2906 3463 2974 Παρθένου
3488 2906 3855 2976 γεννήσεως.

2344 3012 2643 3082 Τοιγαροῦν
2688 3013 2783 3086 τὴν
2833 3016 3039 3069 οἰκείαν
3090 3019 3273 3072 είκόνα
3328 3018 3751 3089 πολεμουμένην
3781 3020 3855 3073 ol-

591 3120 805 3165 scratus
838 3107 1086 3171 Creator,
1117 3116 1169 3160 et
1197 3106 1354 3159 morti
1386 3103 1658 3165 traditam,
1694 3100 1972 3155 inclinavit
2000 3098 2171 3153 caelos

2277 3104 2496 3173 κτείρας
2543 3105 2571 3156 6
2605 3102 2863 3174 Ποιητής,
2910 3105 3005 3157 καὶ
3059 3104 3274 3178 θανάτῳ
3316 3108 3855 3179 παραπεμπομένην,

592 3211 644 3253 et
669 3198 945 3254 descendit
966 3198 1031 3262 τί,
1067 3195 1207 3251 haud
1236 3209 1366 3247 sane
1396 3192 1570 3245 locum
1603 3200 1838 3253 mutans,
1867 3202 2039 3257 neque
2062 3187 2168 3241 alio

2277 3193 2482 3247 ἔκλινεν
2534 3194 2817 3266 οὐρανοὺς,
2848 3197 2943 3249 καὶ
2968 3198 3196 3267 κατέϐη,
3252 3200 3312 3252 οὐ
3357 3200 3449 3253 τὸν
3487 3200 3654 3252 τόπον
3700 3200 3858 3269 ἁμείυ

594 3305 652 3343 se
684 3287 1053 3352 transferens;
1084 3284 1284 3339 etenim
1312 3282 1495 3336 omnia
1525 3280 1737 3351 implet;
1789 3284 1896 3333 imo
1927 3277 2169 3333 infinitus

2277 3285 2397 3355 ᾠας,
2423 3286 2530 3339 οὐδ’
2553 3287 2787 3357 ἑτέρωσε
2818 3288 3075 3358 μεταϐὰς·
3097 3289 3295 3360 πληροῖ
3319 3288 3426 3359 γὰρ
3452 3290 3518 3343 τὰ
3545 3288 3859 3359 σύμπαντα,

592 3388 698 3445 est,
750 3380 895 3433 nullo
956 3378 1186 3433 termino
1236 3376 1684 3445 comprehensus,
1737 3381 2038 3438 cuncta,ut
2096 3370 2170 3424 ait

593 3473 877 3542 prepbeta,
915 3487 1073 3524 manu
1128 3469 1410 3523 continens
1455 3484 1468 3520 ε
1506 3486 1523 3516 ι
1562 3466 1693 3534 Quis
1752 3465 1918 3530 enim,
1974 3464 2167 3532 inquit,

597 3578 817 3619 mensus
849 3572 931 3616 est
962 3576 1117 3615 manu
1167 3576 1262 3613 sua
1316 3574 1505 3626 aquas,
1551 3567 1605 3611 et
1639 3556 1832 3611 cmlum
1884 3555 2082 3624 palmo,
2118 3564 2173 3608 et

595 3656 903 3710 universam
932 3663 1127 3707 terram
1153 3649 1410 3721 pugillo"
1434 3651 1456 3701 ?
1482 3669 1499 3699 ι
1525 3649 1761 3714 Itemque
1779 3646 1969 3699 David:
1993 3664 2009 3696 ι
2036 3646 2167 3710 Quia

596 3748 649 3799 in
688 3762 846 3799 mantt
896 3744 1012 3811 ejus
1042 3755 1169 3798 sunt
1214 3759 1401 3798 omnes
1450 3741 1583 3795 lines
1611 3748 1769 3793 terra:
1791 3738 1857 3791 ⁸⁷³.
1894 3757 1911 3788 ι
1950 3737 2015 3791 Ει
2058 3738 2172 3803 ipse

596 3836 737 3891 Deus
765 3852 860 3906 per
908 3840 1219 3904 prophetam
1270 3852 1281 3887 :
1330 3853 1348 3884 ι
1379 3832 1583 3887 Caelum
1636 3830 1793 3884 sedes
1848 3844 1988 3891 mea,
2030 3837 2169 3881 terra

595 3940 771 3985 autem
802 3930 1091 3984 scabellnm
1122 3928 1312 3995 pedum
1358 3940 1598 3980 meorum
1631 3923 1697 3977 ⁷⁸.
1739 3924 1916 3992 tErgo
1951 3922 2172 3993 835m

595 4028 914 4076 descensum
980 4020 1494 4075 condescensioqu
1560 4018 1738 4086 potius
1778 4016 2167 4069 existimemus.

599 4113 877 4167 lnclinavit
904 4112 1083 4179 itaque
1109 4109 1278 4165 caelos
1306 4116 1360 4162 et
1390 4109 1688 4169 descendit,
1719 4116 1771 4160 et
1799 4106 2043 4176 virgineo
2076 4106 2170 4159 de-

598 4206 737 4260 lecto
766 4214 920 4258 utero
962 4216 1164 4257 sanctm
1205 4201 1393 4271 puella:
1438 4210 1598 4270 atque
1642 4200 1693 4253 in
1735 4209 1879 4253 recta
1914 4198 2172 4267 religione

598 4297 831 4359 nutritae,
862 4294 1105 4363 angelica
1133 4308 1267 4347 voce
1294 4301 1504 4361 partum
1531 4292 1942 4360 praenuntiantc,
1967 4296 2021 4344 et
2043 4305 2170 4344 eon-

597 4388 859 4456 ceptionis
895 4385 1159 4440 rationem
1208 4394 1363 4438 antea
1397 4382 1723 4451 explicante,
1760 4381 2172 4450 virgineumque

2273 3377 2475 3448 μᾶλλον
2510 3379 2565 3432 δὲ
2592 3379 2818 3450 ἄπειρός
2859 3381 3009 3444 ἐστι,
3050 3380 3144 3433 καὶ
3187 3378 3491 3451 άχὼρητος,
3539 3379 3637 3434 καὶ
3682 3380 3863 3433 πάντα

2271 3467 2577 3538 ἐχων,κατὰ
2599 3469 2687 3521 τὸν
2705 3471 3008 3539 προφήτην,
3029 3470 3085 3522 ὲν
3106 3473 3170 3541 τῇ
3191 3471 3382 3541 χειρί.ι
3396 3470 3493 3532 Τίς
3513 3470 3647 3541 γὰρ,
3672 3472 3860 3538 φησιν.

2272 3561 2543 3631 ὲμέτρησε
2573 3562 2639 3631 τῇ
2675 3561 2817 3630 χειρὶ
2863 3556 3027 3614 αὐτοῦ
3072 3561 3132 3613 τὸ
3178 3562 3339 3631 ὕδωρ,
3372 3560 3467 3613 καὶ
3499 3563 3595 3612 τὸν
3629 3558 3863 3630 οὐρανὸν

2275 3651 2554 3723 σπιθαμῇ,
2600 3655 2692 3705 καὶ
2728 3655 2909 3706 πᾶσαν
2938 3652 3035 3723 τὴν
3079 3653 3180 3723 γῆν
3210 3651 3404 3722 δρακί;
3433 3670 3451 3703 ι
3491 3652 3605 3703 Καὶ
3640 3651 3813 3703 πάλιν
3839 3653 3866 3702 6

2273 3744 2434 3797 Δαϐίδ
2453 3762 2466 3774 ·
2498 3763 2515 3796 ι
2544 3746 2664 3798 Ὅτι
2696 3746 2752 3797 ὲν
2777 3748 2843 3815 τῇ
2873 3746 3014 3816 χειρὶ
3035 3744 3197 3797 αὑτοῦ
3225 3744 3293 3796 τὰ
3324 3743 3538 3816 πέρατα
3565 3744 3666 3813 τῆς
3698 3742 3859 3811 γῆς.»

2274 3835 2383 3888 Καὶ
2408 3836 2567 3899 αὐτὸς
2596 3837 2651 3889 δὲ
2681 3839 2708 3891 6
2739 3837 2871 3900 Θεὸς
2898 3836 2985 3890 διὰ
3014 3837 3107 3889 τοῦ
3136 3838 3415 3908 προφήτου
3438 3850 3452 3863 ·
3492 3854 3510 3886 ‹
3542 3835 3603 3887 '0
3629 3834 3865 3904 οὐρανός

2276 3945 2376 3999 μου
2416 3928 2632 3998 θρόνος,
2675 3930 2708 3998 ἡ
2760 3929 2815 3981 δὲ
2861 3930 2931 3999 γῆ
2971 3930 3257 3983 ὑποπόδιον
3305 3928 3415 3981 τῶν
3451 3927 3628 3980 ποδῶν
3684 3944 3808 3995 μου.
3840 3947 3861 3978 ι

2274 4019 2482 4073 Οὐκοῦν
2496 4020 2592 4091 τὴν
2615 4019 2915 4074 κατάϐασιν
2933 4022 3212 4091 νοήσωμεν
3230 4019 3665 4087 συγκατάϐασιν·
3686 4018 3868 4071 ἔκλινε

2273 4111 2452 4164 τοίνυν
2482 4111 2763 4182 οὐρανοὺς,
2804 4113 2899 4165 καὶ
2947 4112 3171 4181 κατέϐη,
3203 4113 3297 4165 καὶ
3332 4111 3675 4182 παρθενικὴν
3709 4110 3871 4163 ἔκλε-

2276 4202 2508 4272 ξάμενος
2540 4202 2699 4273 νηδὺν
2724 4203 2889 4274 κόρης
2929 4203 3090 4271 ἁγίας
3120 4204 3210 4256 καὶ
3244 4203 3496 4273 εὐσεϐείᾳ.
3524 4200 3871 4272 συντεθραμ-

2279 4295 2470 4365 μένης,
2500 4294 2567 4347 δι’
2594 4294 2891 4363 ἀγγελικῆς
2922 4295 3105 4364 φωνῆς
3148 4294 3239 4345 τὸν
3288 4293 3449 4345 τόκον
3498 4292 3875 4362 προμηνυσάο

2279 4403 2397 4457 σης,
2430 4386 2522 4440 καὶ
2549 4386 2652 4455 τῆς
2680 4386 2991 4457 συλλήψεως
3036 4386 3129 4440 τὸν
3157 4385 3357 4457 τρόπον
3405 4382 3877 4454 προερμηνευσά-

596 4493 851 4549 pavorem
893 4493 953 4533 ea
1002 4476 1370 4533 declaratione
1412 4475 1687 4538 solvente,
1736 4474 2012 4542 proprium
2066 4471 2169 4527 sibi

2280 4492 2399 4545 σης,
2439 4477 2533 4529 καὶ
2575 4478 2671 4547 τῆς
2705 4477 3000 4548 παρθενίας
3032 4478 3121 4530 τὸν
3166 4476 3330 4545 φόϐον
3358 4479 3427 4545 τῇ
3462 4476 3740 4545 ἑρμηνείᾳ
3776 4474 3876 4525 λυ-

601 4571 727 4625 facit
758 4578 1143 4643 comparatque
1169 4567 1449 4637 templum,
1492 4575 1547 4622 et
1583 4581 1758 4634 neque
1790 4576 1962 4620 satam
1998 4578 2172 4633 neque

2279 4569 2472 4639 σάσης,
2496 4568 2844 4632 εἰσοικίζεταί
2864 4586 2944 4634 τε,
2972 4571 3065 4622 καὶ
3086 4568 3211 4622 ναὸν
3234 4567 3411 4637 ἐαυτῷ
3433 4566 3876 4629 κατασκευάζει,

601 4664 708 4716 ullo
743 4663 885 4716 cultu
921 4661 1235 4729 dispositam
1267 4659 1369 4714 sibi
1405 4658 1602 4713 format
1636 4656 1922 4711 stationem
1962 4674 1974 4709 :
2015 4654 2174 4710 sicuti

601 4750 688 4807 ille
724 4754 811 4819 qui
864 4750 1069 4817 primus
1101 4748 1291 4802 serviit
1338 4756 1578 4815 peccato,
1622 4746 1739 4801 sine
1782 4754 1933 4815 patre
1976 4743 2171 4809 fuerat,

600 4856 869 4907 unamque
900 4838 1130 4893 habebat
1157 4848 1355 4893 terram
1385 4850 1630 4892 matrem.
1680 4856 1697 4889 ι
1740 4835 1981 4905 Snmpsit
2005 4836 2171 4900 enim,

602 4931 796 4999 inquit,
843 4933 982 4985 Deus
1031 4930 1301 4999 pulverem
1334 4930 1399 4983 de
1439 4941 1601 4995 terra,
1643 4931 2027 4997 hominemque
2060 4928 2172 4983 for-

602 5026 767 5081 mavit
796 5024 860 5078 ⁷⁸.
903 5043 919 5076 ι
961 5023 1319 5089 Quamobrem
1351 5024 1541 5078 beatus
1570 5038 1782 5091 quoque
1823 5021 2019 5075 Paulus
2050 5022 2125 5075 ait
2153 5036 2169 5075 :

606 5135 622 5165 ι
666 5113 877 5170 Primus
906 5116 1065 5169 homo
1096 5117 1160 5168 de
1195 5124 1337 5168 terra
1388 5124 1671 5179 terrenus;
1708 5114 1975 5167 secundus
2010 5113 2171 5167 homo

603 5209 859 5262 Dominus
884 5208 948 5261 de
983 5207 1121 5261 cmlo
1148 5207 1213 5260 ⁷⁸.
1255 5227 1272 5257 ι
1316 5205 1487 5275 Hujus
1517 5208 1591 5259 rei
1628 5207 1799 5274 gratia
1832 5205 2169 5273 unigenitum

604 5299 694 5353 Dei
730 5296 964 5353 Verbum
994 5312 1061 5351 ex
1105 5297 1215 5350 sola
1249 5298 1470 5366 Virgine
1502 5296 1778 5351 materiam
1830 5295 2045 5349 fabricae
2077 5311 2168 5349 su-

604 5404 777 5453 mens,
808 5396 969 5457 atque
1002 5390 1071 5441 ita
1102 5388 1439 5441 illaboratum
1473 5387 1711 5441 formans
1743 5389 2017 5454 templum.
2047 5386 2176 5439 sibi-

601 5491 705 5546 que
750 5480 962 5540 uniens,
1010 5479 1183 5547 prodit
1229 5493 1291 5532 ex
1348 5475 1584 5547 Virgine,
1626 5476 1766 5530 haud
1817 5476 2068 5545 equidem
2124 5476 2174 5527 itt

604 5578 861 5636 conceptu
920 5570 1136 5624 solvens
1183 5572 1479 5638 virgineam
1538 5584 1751 5633 zonam,
1814 5583 1987 5640 neque
2041 5569 2176 5622 hanc

671 5725 715 5753 ⁶’⁸
752 5721 911 5777 Heln“.
949 5740 1023 5782 tv,
1051 5725 1131 5778 13.

604 5794 645 5824 ⁷⁵
678 5790 783 5849 ιω.
818 5806 903 5858 ιι,
946 5794 1023 5848 12.

1211 5726 1251 5754 ⁸⁷
1276 5722 1448 5779 Galal.
1476 5727 1656 5786 ttt,l6.

1106 5795 1147 5821 λ’
1180 5792 1321 5848 l‘sttl.
1360 5812 1500 5861 κων,
1543 5798 1583 5848 ι.
1662 5800 1703 5827 7‘
1736 5797 1832 5853 lsn.
1871 5813 2012 5858 ιλιι,
2042 5812 2077 5849 1.

2275 4659 2372 4712 καὶ
2398 4660 2496 4729 τὴν
2527 4661 2828 4730 άσπαρτον,
2857 4660 2952 4713 καὶ
2978 4661 3239 4731 ἀνήροτον
3269 4659 3475 4730 σκηνὴν
3504 4657 3874 4711 διαπλάττει”

2276 4750 2465 4819 ἐπειδὴ
2510 4752 2537 4801 6
2577 4750 2805 4820 πρώτως
2848 4750 3140 4815 δουλεύσας
3184 4753 3249 4822 τῇ
3302 4749 3581 4820 ἁμαρτίᾳ,
3632 4750 3883 4817 ἀπάτωρ

2274 4840 2556 4909 ἐτύγχανε,
2598 4840 2809 4909 μητέρα
2836 4840 2893 4894 δὲ
2940 4840 3109 4912 μόνην
3145 4835 3257 4911 εἶχε
3281 4842 3381 4910 τὴν
3426 4843 3532 4909 γῆν
3558 4857 3573 4871 ο
3627 4839 3880 4890 «ἸΞὶαϐε

2277 4931 2406 5000 γὰρ,
2429 4930 2613 4999 φησιν,
2634 4932 2662 4981 6
2686 4929 2817 4992 Θεὸς
2838 4929 2967 4999 χοῦν
3000 4931 3107 4984 ἀπὸ
3129 4932 3225 5000 τῆς
3253 4931 3385 4999 γῆς,
3412 4931 3508 4983 καὶ
3548 4930 3763 4982 ἔπλασε
3790 4929 3884 4981 τὸν

2277 5020 2583 5090 ἄνθρωπον.
2606 5039 2622 5069 ι
2661 5019 2749 5072 Διὸ
2782 5021 2872 5072 καὶ
2894 5021 2923 5073 6
2971 5022 3237 5091 μακάριος
3284 5020 3492 5081 Παῦλός
3524 5036 3702 5089 φησιν
3722 5037 3736 5049 ο
3778 5036 3801 5068 ι
3826 5019 3888 5069 ὐ

2279 5112 2494 5185 πρῶτος
2525 5112 2809 5184 ἄνθρωπος
2845 5114 2909 5165 ὲκ
2948 5112 3050 5182 γῆς
3081 5114 3283 5183 χοῖκὸς,
3313 5114 3340 5165 6
3366 5111 3625 5180 δεύτερος
3662 5110 3891 5181 ἄνθρω-

2282 5221 2381 5266 πος
2407 5205 2434 5256 6
2468 5202 2672 5273 Κύριος
2708 5204 2766 5267 ἐξ
2795 5203 3045 5273 ούρανοῦ.
3074 5223 3092 5255 ι
3127 5204 3330 5256 Τούτου
3365 5202 3530 5273 χάριν
3563 5203 3593 5254 6
3641 5219 3891 5273 μονογε-

2279 5294 2375 5363 νὴς
2414 5292 2511 5347 τοῦ
2541 5292 2676 5347 Θεοῦ
2708 5291 2877 5361 Λόγος
2921 5294 2985 5347 ἐκ
3019 5293 3187 5364 μόνης
3229 5292 3505 5360 Παρθένου
3552 5291 3659 5354 τὰς
3702 5296 3895 5363 αις-μορ-

2277 5384 2383 5454 μὰς
2409 5382 2589 5437 λαϐὼν
2619 5384 2715 5451 τῆς
2741 5383 3105 5447 διαπλάσεως,
3131 5383 3225 5437 καὶ
3254 5383 3428 5452 τούτῳ
3452 5381 3531 5451 τῷ
3554 5383 3760 5452 τρόπῳ
3796 5384 3899 5434 τὸν

2275 5473 2628 5546 ἀγεώργητον
2653 5476 3064 5545 δημιουργήσας
3089 5476 3235 5538 ναὸν,
3264 5475 3359 5528 καὶ
3387 5472 3568 5543 ἐαυτῷ
3595 5472 3897 5540 συνάψας,

2278 5568 2524 5639 πρόεισιν
2549 5569 2611 5621 ἐκ
2644 5569 2740 5637 τῆς
2766 5569 3064 5639 Παρθένου,
3089 5569 3150 5621 ού
3176 5568 3342 5630 λύσας
3372 5569 3436 5636 τῇ
3470 5565 3749 5636 συλλήψει
3788 5565 3903 5634 τὴν

1736 5728 1777 5755 ⁸η
1808 5726 2087 5787 lCur.\'tIt,
2116 5726 2166 5779 6.

1736 5797 1832 5851 lsa.
1871 5813 2012 5851 ιλιιΔ
2042 5812 2077 5849 t.
2156 5799 2168 5824 ⁷

2277 5726 2289 5753 ³
2324 5723 2336 5775 l
2368 5723 2505 5777 Tim.
2540 5739 2601 5781 tt.
2631 5724 2681 5777 5.
2742 5722 2787 5749 ⁷⁰
2820 5720 2979 5773 Hebr.
3015 5737 3129 5784 χιιι,
3153 5724 3202 5775 8.
3283 5724 3321 5752 "
3355 5720 3393 5774 ll
3420 5721 3554 5792 Reg.
3592 5736 3744 5783 uti,
3800 5719 3897 5773 10.

2277 5811 2357 5849 en,
2390 5812 2444 5851 ll.
2480 5796 2528 5848 7.
2609 5794 2652 5821 ⁷⁸
2680 5794 2697 5848 ι
2723 5790 2849 5845 Cur.
2882 5808 2965 5851 xv,
2998 5791 3083 5847 47.

2276 5811 2357 5849 en,
2390 5812 2444 5858 ll,
2489 5811 2528 5848 ι.

2609 5794 2652 5821 ⁷⁸
2680 5794 2697 5848 ι
2723 5790 2849 5845 Cur.
2882 5808 2965 5853 xv,
2998 5791 3083 5847 47.
