4038 6536
264 359 398 420 εισι

1433 377 1520 434 DE
1564 364 2084 436 INUARNATIONE
2123 376 2377 436 DOMINI.

3389 382 3566 438 ING'L

267 481 608 555 παρθενικὴν
638 483 837 557 ζώνην,
870 487 931 542 οὐ
965 490 1032 561 τῇ
1068 491 1324 564 γεννήσει
1363 494 1698 569 διαρρήξας,
1734 495 1850 550 ἀλλ’

1957 498 2244 552 nativitate
2276 497 2615 566 dirumpens,
2663 497 2756 552 sed
2803 494 3131 552 incolumem
3172 467 3550 567 intactamque

263 575 543 646 ἀκήρατον
593 577 688 631 καὶ
730 578 1012 651 ἀνέπαφον
1066 581 1423 654 διαφυλάξας,
1465 588 1561 642 καὶ
1599 589 1662 642 τὸ
1709 589 1854 660 μέγα

1959 603 2326 652 conservans,
2368 595 2534 656 atque
2562 587 2635 642 ita
2667 580 2918 658 mag'uum
2956 589 3059 643 hoc
3089 597 3144 644 et
3181 587 3550 644 inenarrabile

263 662 427 718 τοῦτο
477 665 575 720 καὶ
623 667 863 740 ἄρρητον
918 669 1103 742 θαῦμα
1143 673 1674 748 θαυματουργήσας⁶
1715 677 1854 748 μέγα

1957 689 2182 750 patrans
2224 679 2552 750 prodigium.
2584 678 3083 751 Etenim'magnum
3129 694 3320 750 reapse
3350 689 3456 745 est,
3496 689 3551 734 et

260 754 376 827 γάρ
402 755 482 829 τῷ
511 757 628 812 ὄντι
657 760 749 813 καὶ
792 762 1220 833 άνερμήνευτον,
1271 768 1365 822 καὶ
1411 768 1572 838 λόγου
1622 768 1855 839 δύναμιν

263 850 368 904 ὐπε
379 851 614 920 ρ6αῖνον,
646 853 842 926 βότρυν
870 856 998 910 ἰδεῖν
1024 857 1088 912 ἐκ
1119 861 1222 930 γῆς
1247 861 1376 915 ἄνευ
1404 862 1700 932 κλημάτων
1729 862 1856 933 βλα-

270 943 588 1013 στήσαντα,
639 947 784 999 σῖτον
833 947 964 1002 ἄνευ
1005 952 1340 1022 σπερμάτων
1394 953 1600 1023 φύντα,
1649 953 1855 1024 χιτῶνα

263 1037 438 1108 χωρὶς
487 1037 748 1109 νημάτων
794 1040 886 1094 καὶ
930 1041 1130 1112 χειρῶν
1165 1044 1476 1113 ὑφαντικῶν
1518 1045 1853 1116 ὑφασμένον,

264 1129 430 1201 ἄρτον
473 1131 533 1183 οὐ
575 1129 718 1204 μόλῃ
747 1131 839 1185 καὶ
871 1134 1027 1205 χερσί
1053 1135 1150 1187 καὶ
1183 1136 1319 1207 πυρὶ
1358 1136 1850 1207 δημιουργηθέντα,

264 1219 382 1273 ἀλλ’
405 1221 660 1291 ἀρρήτως
689 1223 752 1274 ἐκ
789 1222 1136 1292 παρθενικῶν
1179 1225 1427 1298 ἀλεύρων
1463 1226 1852 1297 γεγενημένον,

263 1311 362 1362 καί¹
407 1308 508 1380 τὴν
565 1311 894 1384 οἰκουμένην
944 1313 1296 1384 καλύψαντα’
1330 1316 1468 1385 πρὸς
1511 1317 1569 1370 δὲ
1617 1317 1852 1380 τούτοις,

265 1399 544 1472 Παρθένον
591 1402 778 1472 οἰκείῳ
814 1403 1004 1474 βρέφει
1045 1405 1215 1477 θηλὴν
1260 1407 1583 1478 ὀρέγουσαν,
1621 1408 1718 1462 καὶ
1749 1409 1854 1477 γά-

262 1491 460 1557 λακτος
502 1493 848 1565 χορηγοῦσαν
893 1496 1109 1567 πηγὰς,
1154 1499 1248 1553 καὶ
1295 1501 1508 1572 μητέρα
1554 1499 1857 1572 γενομένην

260 1585 364 1655 τὴν
396 1585 578 1656 γάμου
624 1585 790 1657 νόμον
833 1587 896 1640 οὐ
935 1587 1262 1660 δεξαμένην,
1305 1591 1518 1663 μητέρα
1555 1591 1856 1662 γενομένην

259 1677 364 1748 τὴν
400 1678 517 1742 πῶς
555 1677 765 1748 γίνεται
815 1680 999 1751 μήτηρ
1044 1683 1144 1736 οὐκ
1191 1684 1584 1756 ἐπισταμένην,
1641 1684 1856 1756 μητέρα

260 1772 566 1842 γενομένην
594 1772 693 1843 τὴν
730 1775 965 1841 γυναῖκα
999 1774 1264 1846 πρότερον
1292 1776 1355 1829 οὺ
1391 1775 1709 1848 γενομένην,
1737 1776 1854 1828 ἀλλ’

264 1864 325 1917 ἐν
358 1863 630 1936 παρθενίᾳ
675 1865 767 1918 καί⁸
800 1865 891 1920 τὸν
937 1865 1100 1935 ὄγκον
1134 1868 1232 1937 τῆς
1279 1846 1529 1937 γαστρὸς
1552 1868 1860 1922 ἑπιδεικνῦ-
1889 1846 1933 1901 Β

265 1971 389 2019 σαν,
420 1955 516 2010 καὶ
556 1956 650 2009 τὸν
698 1956 911 2028 καρπὸν
951 1958 1011 2012 ἐν
1058 1960 1180 2021 ταῖς
1226 1960 1384 2029 χερσὶ
1432 1961 1856 2032 περιφέρουσαν,

264 2047 362 2101 καὶ
403 2047 472 2101 τὰ
505 2046 710 2120 μητρὸς
738 2046 1135 2120 ἐργαζομένην,
1173 2048 1488 2123 σωζομένης
1517 2051 1618 2120 τῆς
1647 2051 1856 2122 παρθε-

264 2139 410 2202 νίας,
438 2139 532 2192 καὶ
573 2139 842 2210 παρθένον
886 2140 1103 2212 μητέρα
1142 2140 1506 2212 καλουμένην,
1535 2143 1630 2196 καὶ
1657 2145 1856 2198 τάναν-

262 2228 358 2281 τία
405 2228 649 2301 ὀνόματά
691 2247 751 2285 τε
797 2231 894 2286 καὶ
942 2232 1244 2305 πράγματα
1293 2233 1436 2288 κατὰ
1479 2234 1676 2292 ταύτὸν
1729 2252 1854 2291 συν-

267 2337 536 2390 αγουσαν.

265 2436 391 2490 ΚΔ’.
427 2435 525 2490 Ἑν
553 2439 862 2520 κεφαλαίῳ
884 2438 1168 2520 διήγησις
1185 2440 1292 2520 τῆς
1316 2443 1464 2520 μετὰ
1494 2444 1616 2515 τὴν
1640 2447 1858 2516 γέννη-

620 2523 726 2562 σιν
756 2511 860 2564 τοῦ
885 2511 1143 2578 Χριστοῦ
1173 2511 1504 2581 nolite/ac.

337 2622 527 2690 Οὕτως
557 2627 772 2697 τεχθεὶς
792 2630 821 2682 ὁ
845 2629 1126 2701 Δεσπότης
1150 2631 1385 2702 Χριστὸς
1417 2631 1501 2703 (οὐ
1530 2632 1638 2705 γὰρ
1657 2634 1856 2705 εὐαγὲς

270 2719 410 2790 μετὰ
451 2720 545 2775 τὸν
587 2720 743 2775 τόκον
793 2721 826 2793 ἢ
868 2721 1000 2776 Θεὸν
1049 2723 1223 2792 Λόγον
1273 2724 1432 2795 μόνον
1466 2725 1629 2778 αὐτὸν
1683 2742 1855 2796 προσ-

265 2812 550 2883 αγορεύειν
576 2852 592 2878 ,
648 2812 681 2884 ἢ
735 2813 1023 2886 ἄνθρωπον
1073 2816 1504 2886 γεγυμνωμένον
1577 2816 1854 2888 θεότητος,

265 2902 402 2956 ἀλλὰ
447 2903 706 2974 Χριστὸν,
746 2904 775 2957 ὂ
819 2904 1088 2976 ἑκατέραν
1133 2905 1296 2977 φύσιν
1333 2910 1433 2979 τήν
1470 2925 1531 2961 τε
1575 2907 1856 2962 λαϐοῦσαν

264 2996 358 3050 καὶ
386 2997 484 3068 τὴν
511 2996 806 3067 ληφθεῖσαν
825 2998 980 3068 δηλοῖ
1004 3000 1047 3067 ),
1081 2998 1304 3064 πάντως
1336 3000 1404 3053 τά
1431 3000 1677 3072 ἡμέτερα
1716 2999 1856 3070 πλὴν

263 3087 366 3157 τῆς
422 3088 702 3160 ἁμαρτίας
755 3088 1118 3159 καταδέχεται
1183 3090 1372 3161 πάθη,
1443 3091 1856 3162 σπαργανοῦται

1958 773 2358 841 inexplicabile,
2399 781 2454 825 et
2483 771 2749 826 orationis
2793 772 2914 826 rim-
2935 773 3229 839 excedens,
3271 786 3547 828 racemqu

1956 879 2183 920 cernere
2222 865 2286 918 de
2313 872 2455 917 terra
2487 863 2602 916 sine
2633 861 2945 932 palmitibus
2983 863 3400 932 germinantem,
3436 863 3548 916 fru-
3590 893 3595 898 -

1957 962 2195 1008 mentum
2219 953 2334 1006 sine
2358 951 2658 1005 seminibus
2680 960 2885 1012 ortum,
2907 953 3150 1006 tunicam
3171 953 3290 1006 sine
3310 952 3550 1006 stamine

1947 1054 2012 1098 et
2039 1044 2159 1099 siue
2191 1053 2405 1098 texettte
2437 1059 2595 1096 mauu
2627 1050 2937 1096 contextam
2961 1060 2986 1108 ;-
3010 1055 3204 1111 panem
3242 1041 3360 1095 sine
3405 1042 3548 1096 mola

1959 1151 2023 1191 ac
2053 1136 2302 1190 manibus
2349 1145 2402 1189 et
2446 1137 2570 1204 igne
2600 1135 2948 1198 fabricatum,
2994 1134 3087 1188 sed
3120 1150 3318 1190 arcane
3344 1150 3408 1188 ex
3440 1135 3550 1188 vir-

1959 1226 2120 1296 ginali
2175 1227 2346 1280 l‘ariua
2401 1226 2741 1289 confectura,
2809 1233 2865 1280 et
2917 1225 3230 1280 universum
3291 1225 3548 1280 mundum

1959 1317 2354 1387 complentem;
2387 1328 2656 1388 praeterea
2699 1316 3240 1388 Virginem'proprio
3282 1315 3550 1370 inl‘autulo

1959 1424 2250 1462 mammam
2283 1411 2668 1478 porrigentem,
2694 1409 2961 1478 lactisque
2991 1409 3169 1463 fontes
3195 1409 3550 1477 praebentem,

1959 1509 2190 1555 matrem
2227 1499 2471 1556 eli'er-tam
2517 1517 2640 1570 quae
2683 1503 2996 1569 nuptiarum
3041 1501 3212 1569 legem
3242 1515 3345 1553 non
3374 1499 3551 1554 admi-

1959 1604 2132 1658 serat,
2161 1604 2414 1657 matrem,
2436 1594 2678 1661 iuquam,
2712 1592 2959 1647 effectam
2993 1607 3112 1660 quae
3135 1593 3409 1660 quomodo
3457 1591 3550 1645 ﬁat

1960 1696 2136 1741 mater
2185 1685 2506 1756 ignorabat,
2557 1695 2782 1739 matrem
2834 1684 3079 1754 denique
3129 1681 3376 1736 elTectam
3429 1697 3551 1751 qua:

1960 1788 2204 1834 matrona
2229 1788 2387 1833 antea
2413 1793 2516 1831 non
2542 1777 2740 1842 fuerat,
2758 1776 2850 1831 sed
2874 1775 2926 1830 iu
2947 1775 3259 1843 virginitate
3281 1783 3548 1829 tumorem

1958 1871 2165 1925 ventris
2197 1867 2594 1933 ostendentem,
2623 1868 2850 1937 ejusque
2890 1867 3127 1920 fructum
3156 1865 3407 1920 manibus
3437 1863 3548 1920 cir-

1961 1961 2373 2025 cumferentem,
2409 1968 2464 2015 et
2489 1957 2662 2015 oliicia
2695 1958 2883 2014 matris
2925 1957 3073 2013 salva
3103 1957 3418 2026 virginitate
3455 1970 3550 2009 ex-

1960 2062 2296 2121 sequentem,
2323 2061 2378 2106 et
2409 2067 2533 2106 cum
2565 2051 2756 2106 matris
2776 2050 2994 2105 nomine
3018 2050 3311 2116 virginem,
3338 2055 3551 2117 postre-

1959 2159 2051 2201 mo
2075 2144 2367 2198 contraria
2399 2142 2618 2200 nomina
2655 2150 2710 2199 et
2751 2140 3065 2200 contrarias
3094 2155 3182 2197 res
3208 2137 3370 2202 simul
3397 2150 3554 2196 conte-

1959 2232 2416 2305 prebendentem.

1956 2443 2176 2516 836m
2227 2440 2425 2498 XXIV.
2469 2440 2568 2497 Res
2620 2448 2737 2524 post
2769 2440 3341 2524 Christtutativitatem
3383 2446 3550 2509 gesta!

2434 2519 2738 2567 ncnunalt‘m
2779 2519 3091 2566 narrantur.

2029 2628 2123 2684 Sic
2149 2636 2310 2683 natus
2339 2627 2592 2683 Christus
2628 2625 2890 2680 Dominus
2921 2625 3051 2690 (non
3084 2623 3231 2678 enim
3265 2622 3412 2692 pium
3435 2623 3548 2686 sit,

1931 2721 2079 2790 post
2119 2729 2334 2788 partum
2376 2717 2460 2773 vel
2509 2717 2678 2773 Deum
2715 2714 2950 2770 Verbum
2995 2713 3369 2769 tantummodo
3401 2712 3558 2767 illum

1959 2812 2251 2884 appellare,
2270 2812 2352 2866 vel
2375 2811 2670 2876 hominem,
2689 2809 2976 2865 divinitate
2995 2808 3278 2870 nudatum,
3295 2805 3387 2860 scd
3405 2805 3557 2860 Chri-

1959 2915 2076 2961 Stus
2120 2912 2207 2958 est
2258 2902 2643 2973 appellandus,
2694 2903 2838 2970 quod
2888 2901 3212 2955 vocabulum
3267 2907 3557 2966 utramque

1961 3008 2233 3064 naturam,
2255 3005 2308 3052 et
2329 3007 2632 3051 sumentem
2661 2995 2873 3049 scilicet
2899 3002 2954 3048 et
2977 3003 3272 3061 sumptam,
3298 2991 3556 3057 denotat)

1959 3091 2143 3145 omnia
2189 3097 2375 3144 nostra
2408 3096 2637 3154 excepto
2675 3095 2900 3154 peccato
2932 3084 3149 3153 recipit,
3187 3082 3368 3138 fasciis
3403 3097 3558 3136 more

265 3181 667 3252 παραπλησίως
711 3185 828 3246 τοῖς
872 3181 1122 3254 βρέφεσι,
1166 3185 1260 3238 καὶ
1304 3184 1538 3254 γάλακτι
1577 3187 1856 3258 τρέφεται,

1963 3181 2252 3239 infantium
2301 3180 2614 3243 involvitur,
2656 3177 2797 3232 lacte
2841 3177 3008 3231 alitur
3060 3185 3223 3245 atque
3268 3173 3552 3235 educatur,

264 3271 363 3324 καὶ
388 3271 710 3342 τιθηνεῖται,
743 3272 840 3327 καὶ
885 3275 1044 3344 χερσὶ
1075 3275 1454 3347 περιφέρεται,
1495 3278 1591 3330 καὶ
1635 3279 1857 3344 κόλποις

264 3360 554 3426 ἐντίθεται,
589 3363 682 3416 καὶ
714 3362 856 3416 κατὰ
886 3364 1050 3433 νόμον
1074 3365 1484 3436 περιτέμνεται,
1512 3367 1609 3420 καὶ
1643 3368 1856 3443 καθαρι

266 3451 406 3516 σίοις
447 3451 666 3517 θυσίαις
723 3453 1070 3524 καθαίρεται,
1118 3457 1151 3524 ἡ
1199 3457 1359 3526 καινὴ
1427 3458 1522 3510 καὶ
1575 3460 1712 3530 μόνη
1757 3462 1858 3531 τῆς

263 3543 597 3614 οἰκουμένης
628 3542 809 3610 θυσία,
841 3545 870 3597 ὁ
897 3544 994 3597 τοῦ
1030 3545 1240 3616 κόσμου
1275 3548 1376 3618 τὴν
1407 3548 1688 3620 ἁμαρτίαν
1721 3552 1859 3622 ἄρας

279 3634 479 3704 Ἀμνός
501 3651 515 3664 ·
541 3635 648 3689 ὑπὸ
683 3634 779 3688 τοῦ
812 3633 1044 3706 Συμεὼν
1072 3640 1484 3708 προσκυνεῖται,
1535 3641 1632 3694 καὶ
1669 3642 1860 3714 Σωτὴρ

264 3723 403 3794 ὁμοῦ
470 3726 565 3780 καὶ
619 3726 900 3797 Δεσπότης
952 3728 1448 3800 προσαγορεύεται⁹
1521 3732 1713 3802 φεύγει
1771 3735 1860 3789 τὸν

280 3814 540 3886 Ἡρώδην
594 3817 734 3887 μετὰ
782 3817 886 3888 τῆς
943 3819 1152 3892 μητρὸς
1218 3822 1313 3875 καὶ
1364 3821 1460 3876 τοῦ
1519 3825 1856 3896 κηδεμόνος.

265 3905 682 3976 καταλαμϐάνει
737 3908 834 3978 τὴν
884 3910 1197 3980 Αἴγυπτον,
1249 3914 1612 3985 ἐπανέρχεται
1674 3918 1859 3981 πάλιν,

263 3997 502 4070 ἀγωνιᾷ,
531 4001 613 4064 εἰς
681 3999 780 4071 τὴν
811 4002 1072 4074 Ναζαρὲτ
1110 4005 1497 4076 παραγίνεται,
1542 4007 1728 4079 ἡλικίᾳ
1767 4011 1861 4062 καὶ

266 4089 434 4160 σοφίᾳ
465 4089 786 4158 προκόπτει,
820 4094 932 4155 τοῖς
974 4094 1225 4162 γονεῦσιν
1252 4095 1638 4162 ὑποτάσσεται,
1678 4098 1860 4169 πάσης

264 4180 439 4251 τιμῆς
466 4179 608 4242 ἀξιοῖ
631 4180 693 4232 οὐ
728 4181 889 4250 μόνον
923 4183 1022 4254 τὴν
1052 4183 1286 4255 μητέρα,
1319 4185 1456 4239 ἀλλὰ
1490 4187 1583 4240 καί¹
1627 4188 1716 4243 τὸν
1761 4191 1862 4260 τῆς

265 4271 482 4345 μητρὸς
526 4272 696 4326 πάλαι
743 4273 842 4344 μὲν
870 4276 1177 4346 μνηστῆρα,
1229 4277 1367 4348 μετὰ
1407 4278 1580 4333 ταῦτα
1611 4280 1668 4334 δὲ
1702 4283 1862 4354 κηδε-

267 4365 414 4436 μόνα
437 4363 533 4416 καὶ
565 4363 808 4433 φύλακα,
839 4365 938 4429 τὰς
966 4367 1230 4436 ἐννόμους
1256 4369 1450 4440 ἑορτάς
1489 4372 1761 4444 ἑορτάζει,
1781 4373 1874 4446 τῷ-

268 4456 408 4528 ἱερῷ
439 4454 817 4528 προσεδρεύει,
842 4457 944 4528 τὴν
981 4457 1281 4530 Ἰουδαῖκὴν
1306 4460 1519 4532 ἐλέγχει
1549 4463 1855 4535 παχύτητα·

1961 3276 2213 3333 manibus
2265 3273 2670 3336 circumfertur,
2724 3269 2848 3323 sinu
2884 3267 3173 3334 excipitur,
3235 3264 3392 3334 legali
3448 3263 3554 3318 ritu

1962 3367 2396 3433 circumciditur,
2425 3363 2745 3434 expiatoriis
2769 3359 3052 3415 sacrificiis
3077 3357 3396 3428 puriﬁcatur
3413 3370 3553 3410 nova

1964 3472 2020 3516 et
2052 3461 2211 3515 unica
2251 3457 2439 3514 mundi
2472 3455 2675 3520 hostia,
2697 3455 2883 3523 Agnus
2915 3451 3098 3505 mundi
3132 3457 3414 3519 peccatum
3457 3448 3558 3502 tola

1961 3554 2099 3621 lens;
2125 3568 2153 3607 a
2176 3552 2430 3606 Simeone
2450 3550 2787 3610 adoratnr,et
2811 3545 3068 3600 Servator
3091 3542 3253 3598 simul
3274 3540 3558 3597 Dominus-

1960 3663 2067 3720 que
2090 3644 2417 3717 appellatur.
2449 3641 2610 3708 Fugit
2638 3653 2764 3693 cum
2803 3645 2976 3692 matre
3007 3644 3063 3690 ct
3103 3635 3323 3689 custode
3350 3632 3418 3685 ab
3449 3630 3557 3686 lle-

1964 3741 2127 3806 rode,
2181 3739 2328 3793 venit
2382 3735 2434 3790 in
2494 3732 2829 3804 A'ngptum,
2894 3729 3207 3790 revertitur,
3258 3722 3558 3795 periculum

1965 3839 2144 3902 pavet,
2181 3827 2548 3883 Nazarethum
2581 3822 2820 3886 accedit,
2855 3829 3014 3876 aetate
3042 3829 3096 3872 et
3127 3816 3392 3887 sapientia
3426 3828 3557 3883 pro-

1965 3923 2098 3987 licit,
2146 3919 2462 3990 parentibus
2507 3915 2870 3983 obtemperat,
2917 3909 3062 3965 omni
3112 3910 3320 3963 honore
3364 3921 3560 3975 prose-

1962 4011 2146 4081 quitur
2172 4023 2280 4063 non
2314 4016 2543 4060 matrem
2574 4000 2972 4063 tantummodo,
3009 4013 3195 4052 verum
3232 3996 3397 4051 etiam
3435 4011 3555 4050 ma-

1962 4103 2065 4158 tris
2093 4101 2221 4156 olim
2247 4097 2465 4170 quidem
2496 4109 2778 4164 sponsum,
2813 4090 3065 4161 posthinc
3089 4087 3554 4144 vero'curatorem

1961 4203 2126 4265 atque
2155 4190 2458 4254 custodem,
2502 4185 2696 4255 legalia
2729 4183 2867 4239 festa
2910 4181 3172 4246 celebrat,
3210 4180 3263 4235 in
3296 4181 3554 4253 templum

1961 4285 2222 4354 frequens
2249 4281 2424 4346 venit,
2457 4277 2807 4334 Judaicorum
2853 4274 3194 4343 ingeniorum
3242 4272 3553 4327 tarditatem

1961 4375 2246 4446 coarguit;
2281 4374 2442 4441 idque
2469 4368 2579 4440 agit
2610 4367 2698 4422 vix
2745 4363 3111 4422 duodecennis
3140 4372 3264 4433 post
3297 4364 3553 4418 nativita-

1964 4477 2097 4524 tem.
2138 4464 2413 4531 Quaeritur
2444 4477 2476 4516 a
2509 4459 2782 4532 cognatis,
2814 4456 3103 4511 derelictus
3138 4456 3555 4526 reprehenditur

266 4549 370 4602 καὶ
393 4547 556 4602 τοῦτο
580 4549 725 4602 ποιεῖ
751 4548 844 4602 δύο
872 4551 967 4603 καί
985 4550 1116 4604 δέκα
1147 4551 1388 4621 γεγονὼς
1417 4555 1577 4624 μόνον
1600 4555 1694 4627 ἔτη
1722 4555 1858 4621 τέως

1963 4573 1996 4614 a
2026 4563 2228 4620 matre,
2262 4554 2465 4610 factum
2499 4550 2762 4613 defendit,
2791 4556 2847 4604 et
2885 4547 3117 4603 latenter
3155 4548 3556 4616 quodammodo

271 4638 417 4711 μετὰ
461 4640 551 4693 τὸν
585 4639 780 4694 τόκον·
817 4641 1161 4712 ἐπιζητεῖται
1209 4646 1361 4716 παρὰ
1407 4647 1517 4700 τῶν
1557 4648 1865 4720 προσηκόν-

267 4748 382 4785 των
409 4731 508 4802 (l),
538 4731 894 4802 ἀπολειφθεὶς
929 4733 1248 4802 ἐγκαλεῖται
1280 4738 1432 4808 παρὰ
1480 4740 1580 4809 τῆς
1626 4741 1862 4811 μητρὸς,

269 4822 646 4892 ἀπολογεῖται,
699 4824 792 4878 καὶ
821 4823 1010 4895 ἠρέμα
1039 4843 1157 4888 πως
1202 4831 1556 4900 παραγυμνοῖ
1605 4829 1704 4902 τὴν
1745 4829 1866 4883 θεό-

269 4931 432 4984 τητα.
472 4933 490 4965 ι
523 4915 637 4968 Οὐκ
680 4915 858 4969 οἴδατε
901 4915 1034 4988 γὰρ,
1082 4919 1268 4990 φησιν,
1301 4921 1382 4974 ὅτι
1406 4923 1462 4974 ἐν
1490 4923 1603 4985 τοῖς
1646 4923 1869 4988 οἰκείοις

271 5005 369 5059 τοῦ
399 5006 614 5076 Πατρός
647 5024 749 5078 μου
780 5008 860 5061 δεῖ
886 5004 1026 5061 εἷναί
1051 5027 1116 5080 με
1141 5028 1156 5077 ;
1199 5029 1217 5062 ι
1252 5013 1477 5077 Δεικνὺς
1511 5013 1588 5077 ὡς
1611 5015 1673 5066 οὑ
1703 5014 1860 5085 μόνον

273 5098 394 5150 ἐστὶ
436 5097 497 5149 τὸ
527 5098 824 5170 ὁρώμενον,
876 5099 1013 5155 ἀλλὰ
1063 5103 1160 5155 καὶ
1209 5101 1342 5166 Θεὸς
1386 5105 1445 5159 ἐν
1480 5104 1561 5176 τῷ
1601 5107 1863 5178 ὁρωμένῳ

272 5188 683 5260 κρυπτόμενος,
745 5191 1082 5264 ὑπέρχρονος
1128 5193 1225 5246 καὶ
1267 5195 1593 5265 προαιὼνιος
1640 5198 1704 5250 ἐκ
1767 5196 1862 5250 τοῦ

273 5279 489 5351 Πατρὸς
519 5281 828 5352 προελθών·
876 5284 972 5338 καὶ
1018 5285 1105 5338 ἵνα
1143 5287 1423 5357 συντόμως
1473 5289 1638 5358 εἴπω,
1684 5308 1862 5362 παρα-

273 5373 484 5440 γίνεται
519 5373 656 5444 πρὸς
691 5375 944 5450 Ἰωάννην
981 5381 1333 5450 βαπτίζοντα,
1373 5382 1554 5436 πείθει
1598 5383 1860 5453 βαπτίσαι

276 5465 742 5535 παραιτούμενον,
793 5475 1062 5542 προτυποῖ
1105 5474 1166 5528 τὸ
1202 5475 1467 5547 ἡμέτερον
1516 5478 1574 5531 ἐν
1615 5476 1690 5546 τῷ
1734 5477 1863 5545 Ἰορ-

350 5645 394 5676 ⁷⁷
427 5644 564 5702 Luc.
608 5663 663 5712 ιι,
706 5646 794 5701 49.

353 5799 426 5871 (ἰ)
471 5801 549 5856 Au
600 5802 882 5859 dicendum
929 5805 985 5854 ἐν
1033 5804 1139 5866 τοῖς
1186 5803 1476 5872 συγγενέσι
1526 5807 1613 5858 καὶ
1661 5807 1714 5860 ὲν

1965 4647 2304 4704 divinitatem
2365 4657 2520 4698 suam
2587 4639 2796 4696 revelat
2845 4653 2862 4691 :
2913 4656 2932 4690 ι
2966 4637 3322 4703 Nesciebatis,
3354 4638 3584 4707 inquit,,

1965 4738 2224 4810 quoniam
2273 4736 2328 4789 in
2376 4734 2444 4789 iis
2482 4747 2602 4803 quae
2656 4729 2834 4784 Patris
2870 4728 2975 4784 mei
3007 4737 3156 4792 sunt,
3206 4736 3420 4796 oportet
3467 4743 3557 4782 me

1965 4847 2086 4889 esse
2111 4830 2198 4883 '7?
2234 4847 2252 4880 ι
2280 4825 2606 4898 Signiﬁcans
2635 4837 2693 4878 se
2719 4836 2828 4879 non
2864 4834 2988 4876 eum
3027 4835 3148 4875 esse
3179 4822 3554 4873 tantummodo

1967 4924 2072 4994 qui
2108 4919 2455 4983 cernebatur,
2505 4917 2601 4971 sed
2651 4913 2816 4969 Deum
2868 4926 3084 4981 quoque
3132 4925 3256 4966 esse
3312 4912 3412 4965 sub
3462 4909 3554 4963 illo

1969 5024 2190 5086 aSpectu
2252 5011 2508 5074 celatum,
2547 5017 2674 5062 ante
2704 5019 2867 5061 onme
2909 5015 3119 5074 tempus
3148 5013 3205 5058 et
3237 5001 3454 5068 saecula,
3485 5016 3554 5056 ex

1968 5106 2128 5162 Patre
2160 5104 2585 5176 provenientem.
2615 5099 2814 5168 Atque,
2840 5106 2896 5151 ut
2918 5095 3226 5151 summatim
3241 5095 3436 5160 dicam,
3464 5110 3553 5149 ve-

1963 5203 2043 5256 nit
2068 5200 2134 5255 ad
2167 5201 2429 5254 Joannem
2461 5195 2847 5264 baptizantem,
2881 5191 3174 5261 persuadet
3203 5189 3250 5243 ei
3278 5189 3557 5243 recusanti

1962 5303 2020 5348 ut
2064 5305 2121 5346 se
2167 5289 2427 5358 baptizet,
2480 5285 2788 5355 pra-ﬁgurat
2839 5281 2892 5335 in
2941 5277 3178 5337 Jordane
3223 5278 3554 5348 baptismum

1964 5390 2232 5441 nostrum,
2256 5377 2415 5430 linem
2437 5375 2539 5445 legi
2575 5373 2823 5442 imponit,
2848 5371 3038 5441 gratia:
3063 5369 3288 5440 januam
3323 5382 3553 5434 reserat,

1962 5489 1990 5526 a
2021 5469 2180 5524 Patre
2231 5466 2448 5522 caelitus
2493 5464 2815 5536 publicator,
2853 5459 3088 5532 Spiritus
3123 5459 3407 5532 praesentia
3461 5459 3562 5514 de.-

1758 5809 1865 5869 τοῖς
1907 5808 2186 5873 γνωστοῖς,
2222 5806 2358 5860 inter
2419 5813 2663 5872 (“gnatos
2699 5813 2741 5857 cl
2779 5814 2948 5870 notos,
2982 5817 3035 5858 ut
3068 5803 3195 5858 istic.
3226 5821 3284 5868 ιι,
3333 5798 3426 5855 id?
