4038 6538
600 367 741 424 H63

1597 345 1656 401 S.
1698 341 1969 401 CYRILLI
2009 330 2479 421 ALEXAN‘DRINI
2516 328 2841 387 ARCHIEP.

3672 342 3767 404 H04

600 485 959 540 Inonstrstur,
990 470 1204 529 ducitur
1237 470 1293 525 in
1330 467 1606 524 desertum
1638 465 1788 520 velut
1819 463 1887 517 ad
1931 460 2184 515 idoneam

2238 472 2262 529 λ
2291 454 2425 524 δάνῃ
2454 452 2767 523 βάπτισμα,
2793 450 2975 505 δίδωσι
3012 448 3163 511 τέλος
3192 450 3267 521 τῷ
3294 453 3452 523 νόμῳ,
3482 455 3561 508 καὶ
3588 458 3669 528 τήν
3698 462 3766 516 θεῖ.

600 569 892 642 quamdam
938 564 1283 637 palaestram,
1334 562 1389 616 et
1433 557 1640 627 lejunat
1680 554 1899 625 837m
1941 550 2181 642 quidem,

605 639 716 719 non
742 671 923 716 tamen
953 657 1092 710 ultra
1115 660 1322 708 naturae
1344 661 1689 711 mensuram;
1716 654 1771 699 et
1797 643 1940 698 vesci
1966 639 2182 712 quidem

603 754 776 823 cupit,
817 746 1170 807 nihilominus
1209 739 1505 814 appetitum
1548 736 1786 800 cohibet,
1816 748 1991 802 neque
2027 730 2184 823 volu-

606 820 847 914 ptatibus
874 838 1064 894 servit.
1098 834 1166 889 Et
1196 832 1354 888 famis
1380 829 1599 900 quidem
1641 840 1803 880 causa
1828 822 2064 914 concitat
2091 820 2189 876 ad-

608 913 910 986 versarium
936 927 1002 981 ad
1031 925 1253 990 luctam,
1286 935 1445 991 quem
1469 929 1648 973 tamen
1679 916 1914 970 humana
1948 913 2187 982 philoso-

609 1022 735 1092 phia
781 1026 1028 1090 superat,
1071 1031 1179 1071 non
1232 1010 1533 1068 divinitatis
1572 1016 1875 1079 potestate;
1930 1005 2187 1068 luctatur,

607 1121 847 1181 superat,
874 1108 1065 1172 vincit,
1095 1105 1363 1178 proﬂigat,
1392 1100 1730 1173 tyrannidem
1745 1096 2013 1159 dissolvit,
2038 1093 2191 1149 inﬁr-

610 1203 855 1259 mitatem
888 1200 1034 1255 illius
1081 1199 1436 1257 demonstrat,
1467 1192 1781 1259 clademque
1807 1186 2131 1257 depraedicat
2171 1198 2188 1239 :

616 1315 637 1349 ‹
660 1293 947 1357 Conlidite,
971 1289 1164 1361 inquit,
1194 1303 1294 1358 ego
1313 1287 1415 1341 vici
1438 1283 1695 1340 mundum
1720 1280 1800 1332 ἐι
1825 1299 1845 1332 ι
1879 1288 2108 1334 cunctos
2124 1276 2190 1329 ad

612 1390 864 1443 virtutem
893 1385 1158 1446 hortatur,
1178 1380 1478 1435 divinorum
1504 1378 1812 1444 dogmatum
1833 1369 2041 1425 tabulas
2058 1384 2192 1424 con-

613 1481 713 1545 dit,
747 1476 1056 1533 nuntiatum
1087 1487 1183 1529 ore
1216 1470 1495 1541 prophetae
1540 1466 1949 1523 Testamentum
1992 1475 2188 1516 novum

616 1568 780 1625 tradit
805 1569 874 1633 "°,
895 1566 1156 1621 ctelorum
1186 1577 1413 1632 regnum
1436 1558 1723 1630 promittit,
1761 1554 1919 1611 oliieii
1948 1566 2193 1612 contem-

614 1660 860 1732 ptorihus
886 1658 1147 1729 gehennae
1188 1656 1362 1726 ignem
1399 1651 1782 1706 comminatur.

2296 563 2394 618 ραν
2426 543 2708 612 ὑπανοίγει
2732 543 2833 614 τῆς
2861 544 3105 614 χάριτος,
3132 542 3236 596 ύπδ
3266 543 3356 597 τοῦ
3383 545 3569 616 [ἰατρὸς
3596 551 3769 622 comod.

2292 637 2385 690 θεν
2442 634 2898 706 ἀνακηρύττεται,
2954 635 3023 706 τῇ
3073 633 3341 706 παρουσίᾳ
3389 635 3476 690 τοῦ
3525 638 3771 711 Πνεύματος

2289 729 2595 793 δείκνυται,
2627 728 2892 795 ἀνάγεται
2912 728 3003 802 ,είς
3025 726 3123 798 τὴν
3155 726 3357 799 ἔρημον
3382 727 3452 794 ώς
3474 730 3544 794 είς
3568 733 3772 804 appos.“

2285 820 2408 876 τινὰ
2443 819 2788 890 παλαίστραν
2830 818 2935 872 ὑπὸ
2984 816 3080 872 τού
3118 818 3447 889 Πνεύματος,
3477 823 3559 875 καὶ
3584 828 3772 894 νηστεύει

2288 913 2431 984 μὲν,
2482 913 2546 967 ού
2607 912 2750 984 πέρα
2807 911 2866 965 δὲ
2916 910 3023 964 τῶν
3079 910 3289 981 μέτρων
3336 911 3433 981 τῆς
3474 914 3670 982 φύσεως,
3704 922 3773 975 καὶ

2285 1006 2489 1078 τροφῆς
2525 1004 2624 1075 μὲν
2656 1004 2897 1073 ἐφίεται,
2946 1001 3084 1056 ἀλλά
3128 1003 3318 1073 κρατεῖ
3358 1003 3451 1073 τῆς
3489 1006 3772 1075 ὀρέξεως,οὺ

2287 1097 2530 1152 δουλεύει
2573 1099 2693 1160 ταῖς
2734 1096 2980 1167 ἡδοναῖς’
3032 1093 3128 1149 καὶ
3171 1093 3327 1147 καλεῖ
3371 1095 3463 1165 μὲν
3484 1100 3541 1168 τῇ
3565 1100 3692 1172 πείνη
3712 1104 3774 1157 τὸν

2289 1186 2584 1243 ἀντίπαλον
2638 1188 2720 1249 είς
2767 1186 2867 1258 τὴν
2928 1185 3107 1259 πάλην
3131 1225 3147 1249 ,
3214 1186 3531 1256 περιγίνεται
3568 1190 3615 1242 δὲ
3657 1194 3774 1247 αὐτοῦ

2292 1277 2612 1350 ἀνθρωπίνῃ
2660 1277 2949 1349 φιλοσοφίᾳ
2973 1319 2990 1344 ,
3040 1276 3156 1331 ἀλλ’
3205 1276 3306 1329 οὐκ
3344 1276 3542 1348 ἐξουσία
3574 1280 3774 1353 θεότητος,

2294 1366 2627 1437 ἀγωνίζεται
2653 1408 2669 1434 ,
2715 1367 3147 1435 καταγωνίζεται
3170 1407 3186 1429 ,
3229 1369 3355 1437 νικᾷ
3377 1406 3391 1430 ,
3423 1369 3655 1434 ἐξελαύνει
3675 1413 3686 1432 ,
3709 1376 3777 1446 τὴν

2295 1458 2586 1528 τυραννίδα
2617 1458 2879 1514 καταλύει
2897 1497 2914 1520 .
2961 1458 3022 1512 τὸ
3046 1457 3271 1522 ἀσθενὲς
3296 1458 3527 1527 ἐλέγχει,
3556 1463 3637 1533 τὴν
3660 1458 3777 1535 ἧτταν

2299 1547 2596 1620 κηρύττει·
2640 1567 2656 1599 ι
2690 1548 2956 1617 Θαρσεῖτε
2980 1546 3112 1617 γὰρ,
3147 1548 3329 1617 φησιν,
3364 1546 3468 1615 ἐγὼ
3490 1550 3702 1620 νενίκηκα
3717 1555 3778 1606 τὸν

2300 1642 2508 1713 κόσμον
2548 1658 2563 1673 ·
2623 1660 2642 1694 ι
2689 1641 2997 1713 προτρέπει
3061 1640 3271 1702 πάντας
3332 1641 3407 1703 είς
3466 1641 3662 1715 ἀρετήν,
3713 1646 3779 1716 τὴν

618 1731 938 1823 νομοθεσίαν
966 1749 1074 1804 τῶν
1109 1747 1270 1802 θείων
1317 1744 1600 1815 δογμάτων
1640 1742 1803 1805 ποιεῖ,
1846 1740 1945 1810 τὴν
2004 1737 2094 1791 διὰ
2129 1735 2225 1790 τοῦ
2271 1737 2558 1806 προφήτου
2609 1731 3032 1806 ἐπηγγελμένην
3078 1732 3277 1803 καινὴν
3303 1731 3555 1805 Διαθήκην
3607 1736 3779 1800 δίδωσιν,

616 1842 860 1917 οὐρανῶν
929 1841 1210 1913 βασιλείαν
1265 1840 1627 1908 ὑπισχνεῖται,
1683 1838 1793 1899 τοῖς
1822 1832 2113 1904 ἀμελοῦσιν
2154 1828 2367 1885 ἀπειλεῖ
2393 1828 2492 1899 τῆς
2514 1828 2741 1898 γεέννης
2772 1826 2872 1897 τὴν
2897 1824 3093 1896 φλόγα.

676 1955 847 2015 XXV.
887 1954 1292 2024 Compendiaria
1323 1952 1721 2024 Dominicorum
1750 1946 2133 2001 miraculorum

2238 1930 2273 1984 Β
2304 1942 2433 1996 KE’.
2488 1942 2795 2011 Σύντομος
2834 1940 2952 1995 τῶν
2990 1937 3373 2024 ᾼεσποτικῶν
3419 1940 3685 2009 θαυμάτων
3725 1946 3781 1999 δι-

1278 2022 1537 2077 narratio.

690 2144 859 2199 Dictis
888 2141 1050 2197 ildem
1088 2138 1223 2194 facit
1247 2136 1436 2207 grandi
1470 2143 1680 2204 patrato
1707 2130 1989 2195 miraculo,
2017 2129 2202 2185 vinum

625 2250 817 2305 nempe
848 2233 990 2287 nulla
1013 2229 1221 2286 cultura
1249 2227 1574 2296 acquisitum
1607 2223 1806 2294 nuptiis
1830 2222 2201 2291 suppeditans,

622 2323 808 2375 vinum
846 2319 963 2374 sine
999 2315 1308 2387 palmitibus
1357 2331 1423 2368 cx
1471 2330 1612 2384 aqua
1666 2313 1985 2374 conficiens,
2016 2311 2203 2364 vinum

625 2409 830 2478 absque
871 2421 972 2461 uva
1015 2405 1327 2476 nuptiarum
1356 2404 1602 2458 convivis
1636 2402 1892 2472 largiens,
1925 2401 1979 2453 in
2021 2402 2203 2455 vinum

628 2508 843 2551 mutans
874 2510 1136 2566 aquarum
1176 2504 1447 2557 naturam,
1488 2493 1635 2548 nulla
1678 2491 2070 2546 interveniente
2098 2490 2207 2546 vite

628 2589 909 2643 humorem
950 2599 1109 2641 terra:
1140 2587 1480 2654 depraedans,
1525 2594 1687 2654 atque
1736 2584 1809 2639 ita
1844 2585 2059 2651 nuptias
2102 2598 2206 2637 non

628 2678 911 2749 praesentia
939 2676 1331 2739 tantummodo,
1368 2690 1550 2730 verum
1569 2676 1731 2731 etiam
1763 2675 2007 2744 prodigio
2039 2674 2209 2728 hono-

632 2784 777 2824 rans.
814 2766 947 2821 Nam
983 2767 1109 2838 quia
1136 2768 1248 2836 ipse
1271 2767 1336 2822 de
1363 2766 1601 2835 virginea
1634 2766 1791 2821 vulva
1826 2767 2121 2834 prodierat,
2153 2772 2209 2820 et

632 2859 995 2929 virginitatem
1032 2874 1128 2912 usu
1172 2857 1388 2926 proprio
1421 2865 1476 2910 et
1509 2856 1690 2911 verbis
1717 2856 2029 2922 extollebat,
2064 2855 2210 2912 caeli-

631 2952 921 3019 batumque
945 2964 1108 3018 opere
1148 2964 1210 3003 ac
1252 2948 1595 3003 sermonibus
1634 2948 1955 3012 honorabat,
1994 2963 2058 3002 ne
2089 2949 2210 3018 quis

637 3043 775 3097 forte
827 3041 1136 3111 coniugium
1177 3040 1610 3107 intemperantia:
1659 3039 1776 3093 loco
1819 3039 2061 3104 haberet,
2108 3054 2210 3091 nu-

634 3133 883 3202 ptiasque
930 3145 1027 3186 ceu
1081 3130 1296 3184 illicitas
1344 3129 1673 3194 traduceret,
1721 3128 1933 3197 nuptias
1960 3128 2209 3184 honestat

635 3224 919 3293 prmsentia
980 3238 1113 3287 sua,
1176 3222 1435 3275 honorem
1506 3221 1701 3291 insigni
1752 3235 1977 3274 munere
2025 3228 2206 3289 auget,

633 3329 892 3383 sponsum
925 3314 1198 3367 anxietate
1221 3312 1460 3381 expedit,
1498 3311 1754 3365 convivas
1787 3310 1915 3365 facit
1956 3311 2213 3364 attonitos

636 3419 787 3458 novae
833 3404 909 3458 rei
966 3402 1286 3473 fragrantia,
1344 3416 1403 3457 se
1442 3403 1615 3470 ipsum
1673 3402 1773 3456 hoc
1801 3401 1942 3455 dono
1999 3400 2213 3469 publice

636 3495 967 3551 manifestat.
1019 3492 1153 3548 Nam
1202 3493 1296 3561 qui
1345 3491 1668 3546 naturaliter
1719 3492 2037 3546 illaboratus
2073 3500 2211 3557 erat,

636 3585 975 3641 illaboratum
1029 3582 1211 3635 vinum
1251 3581 1633 3653 suppeditavit.
1679 3580 1936 3635 POSlhittc
1980 3590 2214 3650 aegrotos

636 3684 812 3739 sanat,
853 3688 1100 3729 sermone
1147 3674 1363 3728 morbos
1403 3671 1642 3739 resolvit,
1679 3684 1809 3726 nutu
1854 3672 2046 3726 liberat
2087 3688 2212 3742 pas-

636 3766 881 3822 sionibus
914 3763 1243 3827 laborantes,
1292 3763 1651 3818 daemoniaros
1685 3763 1832 3817 rabie
1876 3761 2089 3830 liberat,
2132 3763 2215 3817 fu—

636 3866 818 3915 rentes
856 3856 921 3910 ad
949 3855 1190 3926 quietam
1223 3866 1456 3909 mentem
1500 3864 1736 3915 revocat,
1775 3854 2098 3926 paralyticos
2128 3868 2214 3907 so—

636 3950 789 4013 lidat,
816 3947 1125 4004 claudorum
1158 3946 1318 4016 pedes
1342 3947 1687 4014 redintegrat,
1723 3946 1891 4000 solem
1910 3948 2024 3999 visu
2043 3947 2213 4000 cassis

635 4038 854 4109 838m
895 4037 1150 4099 ostendit,
1187 4036 1331 4090 fores
1377 4036 1629 4089 nimirum
1669 4038 1915 4106 corporis
1963 4037 2213 4106 aperiens

638 4144 735 4201 per
753 4142 889 4198 quas
915 4126 1110 4182 animae
1130 4126 1352 4179 visualis
1380 4125 1610 4180 facultas
1635 4136 1788 4181 extra
1816 4125 2018 4195 prodit;
2055 4126 2213 4195 idque

639 4219 799 4275 modo
836 4217 949 4273 solo
978 4232 1229 4272 sermone
1256 4218 1447 4282 efﬁcit,
1482 4219 1639 4271 modo
1682 4229 1839 4286 sputo
1870 4232 1934 4271 ac
1980 4217 2093 4271 luto
2122 4219 2213 4273 de-

642 4309 907 4364 licienlem
937 4317 1140 4377 partem
1184 4309 1412 4376 supplet,
1450 4308 1685 4378 facitque
1725 4310 1914 4373 lutum,
1940 4310 2083 4379 quod
2119 4326 2214 4381 per

641 4416 700 4455 se
727 4400 896 4455 oculis
931 4409 1013 4453 est
1044 4398 1319 4463 infestum,
1347 4399 1623 4453 oculorum
1660 4401 1947 4467 medicum,
1992 4412 2046 4457 et
2083 4419 2212 4458 con-

641 4492 808 4546 trario
837 4490 1131 4560 pharmaco
1156 4489 1345 4554 utitur,
1393 4499 1448 4544 et
1488 4503 1597 4543 rem
1628 4492 1841 4545 noxiam
1880 4495 2093 4547 exhibet
2126 4511 2211 4550 sa-

2972 2010 3213 2080 ήγησιςο

2372 2124 2670 2180 Πιστούται
2709 2124 2779 2179 τά
2803 2124 3075 2195 λεγόμενα
3100 2126 3165 2194 τῇ
3194 2124 3404 2196 μεγάλῃ
3441 2125 3780 2199 θαυματουργία,

2303 2215 2447 2275 οἶνον
2478 2220 2831 2291 ἀγεώργητον
2860 2219 2940 2291 τῷ
2967 2220 3132 2290 γάμῳ
3154 2216 3507 2289 δωρούμενος.
3534 2214 3651 2272 οἶνον
3668 2222 3783 2295 χωρὶς

2305 2312 2601 2383 κλημάτων
2634 2310 2694 2376 ἐξ
2731 2311 2920 2375 ὓδατος
2955 2309 3347 2383 ἐργαζόμενος,
3391 2304 3521 2363 οἴνον
3556 2311 3783 2380 ἀστάφυλον

2305 2405 2419 2467 τοῖς
2464 2400 2560 2455 τού
2610 2401 2789 2472 γάμου
2830 2400 3118 2472 δαιτυμόσι
3175 2398 3542 2472 χαριζόμενος,
3586 2402 3650 2464 είς
3688 2397 3785 2456 οἶνον

2311 2491 2634 2565 μεταϐαλὼν
2667 2494 2775 2547 τῶν
2796 2493 3005 2547 ὑδάτων
3032 2492 3133 2562 τὴν
3160 2491 3349 2561 φύσιν,
3383 2492 3454 2563 μή
3486 2495 3787 2565 μεσιτευούσης

2308 2585 2556 2655 ἀμπέλου
2584 2623 2599 2649 ,
2630 2584 2726 2639 καὶ
2769 2584 2869 2654 τῆς
2908 2582 3014 2653 γῆς
3047 2582 3146 2655 τήν
3195 2582 3379 2636 νοτίδα
3416 2582 3639 2653 συλήσας,
3665 2585 3785 2654 τιμῶν

2307 2677 2399 2730 τὸν
2430 2678 2608 2748 γάμον
2640 2676 2701 2731 ού
2728 2678 2795 2746 τῇ
2846 2672 3121 2745 παρουσίᾳ
3150 2673 3337 2744 μόνον,
3364 2671 3490 2726 ἀλλά
3516 2675 3597 2727 καὶ
3626 2676 3677 2745 τῇ
3700 2674 3789 2729 θαυ-

2313 2767 2659 2839 ματουργίᾳο
2708 2765 2896 2837 ἐπειδὴ
2942 2764 3051 2835 γάρ
3094 2766 3158 2816 ἐκ
3201 2762 3527 2835 παρθενικῆς
3567 2763 3789 2834 ἐϐλάστησε

2313 2860 2524 2930 μήτρας
2548 2897 2563 2922 ,
2609 2859 2704 2912 καί¹
2733 2856 3032 2927 παρθενίαν
3063 2855 3274 2928 ῆσκησέ
3316 2871 3376 2908 τε
3415 2854 3505 2910 καὶ
3537 2858 3630 2918 τοῖς
3666 2856 3789 2923 λόγοις

2311 2952 2496 3021 ἐξῆρε,
2525 2950 2620 3004 καὶ
2658 2950 2757 3021 τὴν
2789 2948 3021 3017 ἀζυγίαν
3064 2947 3247 3019 ἔργοις
3276 2948 3371 3001 καὶ
3397 2947 3558 3015 λόγοις
3586 2949 3788 3018 ἐτίμησεν,

2311 3045 2399 3099 ἴνα
2453 3045 2527 3116 μή
2575 3060 2658 3107 τις
2704 3042 3002 3097 ἀκολασίαν
3040 3037 3182 3096 εἶναι
3212 3040 3410 3113 νομίζῃ
3452 3042 3540 3111 τὴν
3581 3041 3790 3111 συζυγίαν,

2312 3138 2408 3189 καὶ
2438 3136 2513 3199 ὠς
2545 3135 2864 3206 παρανόμου
2893 3134 2989 3187 τοῦ
3020 3133 3202 3203 γάμου
3246 3133 3587 3204 κατηγοροίη,
3612 3135 3715 3203 τιμᾷ
3731 3135 3792 3186 τὸν

2238 3264 2280 3320 C
2314 3228 2491 3294 γάμον
2507 3229 2587 3320 ’τῇ
2628 3225 2901 3320 παρουσίᾳ
2933 3224 3220 3320 (ηζαῦξει
3245 3224 3348 3320 τὴν
3386 3224 3536 3295 τιμὴν
3556 3226 3612 3295 τῇ
3631 3224 3703 3279 τοῦ
3722 3225 3792 3278 δώ-

2318 3332 2410 3384 ρου
2446 3314 2745 3386 φιλοτιμίᾳ,
2795 3314 2913 3367 λύει
2965 3313 3059 3367 τοῦ
3091 3313 3331 3385 νυμφίου
3370 3316 3464 3385 τὴν
3502 3315 3707 3385 ἀπορίαν,
3731 3316 3794 3367 ix~

2314 3407 2541 3478 πλήττει
2603 3405 2730 3471 τοὺς
2765 3406 3045 3475 συμπότας
3081 3409 3149 3477 τῇ
3198 3404 3297 3459 τοῦ
3345 3405 3517 3459 καινοῦ
3556 3406 3794 3477 πράγματος

2315 3498 2568 3569 εύοσμίᾳ,
2602 3498 2795 3551 ἑαυτὸν
2829 3496 2917 3550 διά
2956 3496 3049 3549 τοῦ
3080 3496 3255 3568 δώρου
3304 3496 3567 3568 κηρύττει.
3622 3494 3794 3563 Ἀγεὼρο

2313 3608 2478 3660 γητος
2503 3588 2611 3661 γάρ
2646 3588 2743 3651 ὣν,
2771 3589 2861 3642 τὸν
2886 3588 3240 3660 ἀγεώργητον
3267 3584 3410 3643 οἶνον
3431 3588 3646 3641 δέδωκεν.
3677 3587 3794 3640 Ἐκεῖ-

2316 3682 2407 3736 θεν
2433 3682 2559 3745 τοὺς
2582 3679 2901 3754 ἀρρώστους
2933 3682 3208 3745 ίᾶται,κα“ι
3232 3680 3381 3753 λόγῳ
3412 3680 3521 3733 λύει
3539 3680 3622 3741 τὰς
3646 3678 3792 3739 νόσους,

2314 3776 2408 3830 καὶ
2431 3774 2661 3845 νεύματι
2689 3774 2800 3827 τῶν
2831 3771 3025 3826 παθῶν
3043 3772 3380 3828 ἀπαλλάττει
3410 3772 3527 3835 τοὺς
3550 3772 3793 3840 κάμνοντας.

2314 3867 2441 3929 τοὺς
2493 3865 2868 3936 δαιμονῶντας
2916 3864 3018 3935 τῆς
3067 3863 3270 3936 λύττης
3311 3863 3589 3934 ἐλευθεροῖ,
3626 3862 3794 3914 δείκνυσι

2313 3956 2441 4020 τοὺς
2476 3955 2787 4027 μεμηνότας
2832 3954 3261 4027 καθεστηκότας,
3307 3956 3522 4026 σφίγγει
3563 3954 3664 4016 τοὺς
3699 3969 3795 4021 mp-

2313 4046 2585 4117 ειμένους,
2617 4046 2911 4119 ἀρτίποδας
2941 4048 3071 4110 τοὺς
3097 4047 3305 4117 χωλοὺς
3355 4045 3703 4115 ἀπεργάζεται,
3723 4043 3796 4094 δεί-

2314 4155 2469 4192 κνυσι
2494 4138 2584 4190 τὸν
2616 4138 2767 4208 ἥλιον
2788 4140 2900 4201 τοίς
2926 4138 2988 4191 τὸ
3019 4138 3236 4208 βλέπειν
3263 4138 3632 4210 ἀφῃρημένοις,
3655 4133 3798 4198 ἀνοίγει

2314 4228 2412 4291 τὰς
2443 4228 2612 4300 θύρας
2666 4228 2758 4281 τοῦ
2789 4228 3044 4299 σώματος
3087 4229 3155 4282 δι’
3182 4223 3256 4282 ὧν
3287 4230 3382 4281 ἐπὶ
3403 4228 3469 4280 τά
3494 4228 3586 4292 ἔξω
3606 4227 3798 4293 διαχεῖται

2312 4319 2373 4372 τὸ
2403 4319 2501 4389 τῆς
2527 4319 2706 4391 ψυχῆς
2739 4320 2985 4384 όπτικὸν,
3018 4320 3114 4374 καὶ
3140 4320 3235 4374 νῦν
3267 4321 3367 4391 μὲν
3401 4320 3535 4391 λόγῳ
3558 4318 3675 4389 μόνῳ
3690 4316 3800 4369 τοῦτο

2314 4414 2476 4474 ποιεῖ,
2504 4412 2596 4465 τὸν
2630 4412 2800 4483 πηλὸν
2823 4413 2916 4466 τὸν
2941 4413 3053 4466 τῶν
3084 4413 3353 4484 ὀμμάτων
3400 4411 3653 4465 ἐπίὸουλον
3672 4410 3801 4479 ὀμμάο

2313 4520 2419 4555 των
2453 4501 2812 4574 θεραπευτὴν,
2839 4505 2929 4557 καὶ
2954 4502 3033 4574 τῷ
3078 4503 3324 4574 πολεμίῳ
3372 4501 3627 4575 φαρμάκῳ
3655 4500 3802 4569 xim-

640 4581 887 4638 lutarem.
916 4579 1150 4633 Auribus
1178 4580 1247 4635 ab
1276 4580 1542 4634 audiendo
1568 4581 1750 4646 dictis,
1776 4583 1868 4637 sed
1898 4594 2074 4638 tamen
2112 4600 2204 4637 an-

2239 4598 2283 4653 D
2311 4609 2418 4656 ται,
2445 4593 2540 4645 καὶ
2578 4593 2640 4647 τὸ
2682 4593 3010 4666 δηλητήριον
3060 4593 3418 4666 ἀλεξητήριον
3456 4594 3695 4647 δείκνυεν
3725 4592 3802 4649 cui;

640 4671 752 4725 ditu
796 4671 1127 4736 carentibus,
1176 4672 1473 4726 naturalem
1510 4673 1747 4743 impertit
1779 4690 1954 4731 usum.
2014 4677 2209 4734 Paucis

640 4761 871 4830 panibus
896 4762 947 4814 in
990 4763 1203 4816 deserto
1236 4763 1399 4817 multa
1437 4764 1713 4819 hominum
1763 4767 1924 4821 millia
1968 4768 2206 4836 satiavit,

641 4854 880 4921 quinque
919 4852 1124 4907 scilicet
1157 4868 1344 4921 panes,
1379 4863 1633 4924 tanquam
1678 4856 1728 4909 in
1766 4873 1952 4911 arvum
1998 4876 2208 4928 semen,

642 4943 889 5001 manibus
927 4945 1165 5007 tradens,
1208 4954 1262 4999 et
1299 4945 1491 5016 lingua:
1523 4947 1947 5003 benedictionem
1988 4967 2084 5006 ceu
2133 4954 2207 5006 ri-

641 5046 804 5100 guum
829 5031 1069 5086 nimbum
1094 5034 1387 5097 adducens,
1412 5035 1629 5090 densam
1656 5037 1928 5105 altamque
1953 5051 2209 5111 segetem,

641 5133 696 5177 et
723 5122 935 5190 plenam
967 5138 1148 5178 aream
1172 5125 1536 5196 apostolorum
1565 5144 1756 5183 manus
1776 5129 1953 5185 elTecit
1982 5148 1994 5184 :
2030 5148 2211 5188 aream

643 5227 743 5268 nec
773 5212 1074 5269 ventilabro
1119 5229 1219 5270 nec
1252 5218 1565 5286 purgatorio
1612 5230 1877 5289 egentem,
1923 5238 2025 5274 non
2075 5224 2212 5278 mola

644 5321 741 5364 nec
772 5315 974 5362 mactra
1016 5322 1114 5362 nec
1143 5308 1264 5378 igne
1290 5317 1382 5365 aut
1428 5308 1663 5375 clibano,
1707 5311 1811 5377 sed.
1841 5312 1984 5381 ipsos
2014 5330 2108 5383 per
2154 5333 2213 5372 se

714 5465 756 5497 ⁷⁸
777 5464 930 5522 Joan.
960 5479 1071 5530 ενι,
1098 5465 1188 5522 53.
1263 5466 1306 5496 ⁷⁸
1330 5463 1529 5520 Jerem.
1557 5481 1705 5528 xxxi,
1727 5467 1814 5522 51.

713 5620 789 5688 (1)
828 5620 1084 5674 Eamdem
1124 5618 1444 5688 sententiam
1482 5618 1647 5674 habes
1685 5620 1736 5673 in
1777 5636 1914 5675 novo
1951 5624 2112 5677 etiam
2150 5634 2210 5677 et-

643 5694 881 5758 apprime
920 5689 1151 5812 genuino
1191 5687 1362 5741 sancti
1400 5687 1676 5756 Augustini
1719 5705 1966 5746 sermone
2009 5695 2072 5747 dc
2113 5710 2204 5747 nu-

643 5763 766 5812 ntiis
799 5776 915 5812 illiill
970 5758 1186 5812 (lanam.
1220 5770 1376 5812 autem
1414 5772 1508 5810 nos
1542 5772 1604 5812 ex
1643 5760 1777 5812 miro
1812 5762 1993 5812 codice
2024 5764 2201 5812 Siﬁctllt

643 5763 766 5831 ptiis
799 5760 936 5833 apud
970 5760 1186 5819 (lanam,
1220 5770 1376 5829 quem
1414 5772 1508 5810 nos
1542 5772 1604 5813 ex
1643 5760 1777 5814 miro
1812 5762 1993 5817 codice
2024 5764 2202 5818 δίκαιῑί

2312 4684 2504 4748 ἀκοαῖς
2533 4684 2915 4755 καλουμέναις,
2937 4684 2999 4738 τὸ
3026 4685 3082 4738 δὲ
3108 4684 3329 4739 ἀκούειν
3354 4683 3717 4758 ἀφῃρημέναις,
3739 4678 3801 4749 τὴν

2314 4776 2520 4828 οἰκείαν
2543 4775 2823 4847 ἐνέργειαν
2845 4775 3368 4847 ἐπιδίδωσι.”Αρτοις
3386 4776 3578 4844 ὀλίγοις
3597 4774 3647 4826 ἐν
3670 4772 3804 4841 ἐρήμῳ

2316 4867 2516 4931 πολλὰς
2564 4869 2788 4939 ἐκόρεσε
2815 4868 3079 4939 χιλιάδας,
3112 4869 3239 4932 τοὺς
3269 4868 3427 4922 πέντε
3453 4868 3651 4936 ἄρτους,
3672 4862 3803 4927 ὥσπερ

2316 4958 2394 5020 εἰς
2422 4958 2660 5029 ἄρουραν
2698 4960 2920 5030 σπέρμα
2940 5000 2955 5025 ,
2982 4962 3100 5023 ταῖς
3139 4960 3326 5031 χερσὶν
3355 4956 3617 5029 ἐμὸαλὼν,
3643 4954 3717 5006 καὶ
3739 4950 3803 5016 τῆς

2310 5047 2556 5117 γλώττης
2582 5051 2679 5120 τὴν
2703 5050 2954 5119 εὐλογίαν
2984 5046 3094 5105 οἷόν
3124 5069 3177 5104 τι
3206 5051 3363 5118 νέφος
3397 5046 3688 5118 ἐπαγαγὼν,
3711 5040 3803 5095 δασὺ

2311 5138 2404 5189 καὶ
2447 5137 2582 5207 βαθὺ
2614 5138 2762 5209 λήϊον
2809 5141 2903 5192 καὶ
2932 5139 3046 5194 ἆλω
3078 5141 3258 5211 πλήρη
3284 5140 3382 5203 τὰς
3420 5140 3525 5192 τῶν
3563 5133 3805 5191 ἀποστόλων

2311 5230 2500 5298 χεῖρας
2542 5229 2855 5300 ἀπέφηνεν,
2887 5230 3001 5285 ἆλω
3030 5232 3091 5283 οὐ
3124 5231 3291 5284 πτύου
3331 5231 3585 5299 δεομένην
3621 5227 3699 5279 καὶ
3731 5225 3805 5276 δια·

2312 5321 2566 5395 κρίσεως,
2598 5324 2657 5375 οὐ
2693 5323 2860 5395 μύτου
2888 5326 2982 5378 καὶ
3029 5326 3273 5397 μάκτρας
3306 5325 3394 5380 καὶ
3430 5322 3590 5394 πυρὸς
3623 5320 3698 5373 καί
3727 5315 3805 5369 κλι-

2569 5631 2832 5689 edidimus
2869 5635 2919 5689 in
2952 5636 3231 5706 Spicilegio
3271 5636 3458 5705 Bouh,
3496 5650 3529 5692 ι.
3564 5635 3677 5701 Vill,
3708 5636 3809 5690 circa
