4038 6534
306 379 327 432 Ι
339 377 446 433 465

1466 372 1555 429 DE
1594 372 2114 431 INCAIlNATIONE
2154 372 2410 431 DOMINI.

3432 376 3573 432 “66

305 488 498 553 σάνου,
548 486 665 543 ἀλλ’
707 485 906 551 αὐτοὺς
954 486 1081 550 τοὺς
1130 485 1330 556 ἄρτους
1380 486 1651 559 βρύουσάν
1689 507 1749 544 τε
1792 490 1887 544 καὶ

2014 504 2158 545 ιεηιιε
2209 487 2607 559 germinantem
2659 494 2820 559 alque
2875 496 3234 545 eructantem.
3291 486 3469 559 Atque
3511 475 3576 547 ut

307 578 697 650 πηγάξουσαν·
747 576 840 630 καὶ
882 576 971 631 ίνα
1018 578 1077 629 ἐν
1116 576 1399 648 κεφαλαίῳ
1447 579 1608 642 εἴπω,
1651 580 1883 650 αἵματος

308 671 537 741 ἔστησεν
579 668 802 739 ὀχετοὺς
831 666 931 738 τὴν
979 667 1123 721 ἴασιν
1153 669 1333 722 ἐκοντὶ
1373 668 1658 741 συληθείς⁶
1712 670 1884 741 κόρην

306 761 487 832 ἄωρον
510 760 855 832 ἁρπαγεῖσαν
884 757 988 811 ὑπὸ
1010 758 1238 813 θανάτου
1264 759 1358 813 καὶ
1388 759 1760 831 πενθουμὲνην
1781 761 1886 815 ὑπὸ

306 853 417 908 τῶν
448 852 666 907 οίκείων
704 849 1060 921 ἀνθαρπάσας
1084 853 1196 915 τοῖς
1227 852 1464 922 φύσασιν
1501 852 1844 907 ἀποδέδωκεν
1868 867 1884 884 ⁶

309 944 498 1017 ἕτερον
545 943 762 996 νεανίαν
808 944 890 1004 είς
935 942 1027 997 τδν
1072 943 1242 1011 τάφον
1280 943 1767 1014 προπεμπόμενον,
1809 944 1889 1009 εἰς

312 1017 460 1107 ζωὴν
486 1035 824 1105 ἐπανήγαγε,
856 1034 951 1087 καὶ
982 1034 1063 1097 εἰς
1087 1034 1261 1105 χαρὰν
1289 1034 1350 1087 τὸ
1375 1034 1569 1098 πένθος
1600 1036 1889 1107 μετέϐαλε,

313 1127 409 1182 καὶ
433 1126 523 1180 τὸν
554 1125 841 1194 ἐπιτάφιον
871 1124 1068 1196 θρῆνον
1099 1126 1179 1188 είς
1199 1122 1385 1195 ὓμνων
1419 1125 1576 1195 λόγον
1605 1126 1891 1199 γαμηλίων

313 1217 507 1290 ἔτρεψε
526 1232 539 1246 ·
570 1217 666 1271 καὶ
692 1216 783 1269 τὸν
813 1214 1024 1286 δυσώδη
1053 1215 1250 1288 νεκρὸν
1299 1217 1440 1287 μετά
1486 1217 1756 1290 τετάρτην
1792 1222 1893 1290 τῆς

313 1309 571 1377 τελευτῆς
606 1309 672 1362 ἐκ
699 1307 800 1377 τῆς
833 1306 1009 1387 θηκης
1040 1306 1300 1378 ἐξήγαγε,
1330 1309 1424 1361 καὶ
1453 1309 1543 1362 τὸν
1578 1309 1893 1379 πεπεδημέ-

317 1419 406 1455 νον
433 1398 668 1472 βαδίζειν
699 1398 1007 1463 ἐκέλευσεν,
1033 1399 1130 1452 καὶ
1155 1398 1500 1471 παραχρῆμα
1527 1399 1556 1452 ὅ
1583 1416 1643 1452 τε
1661 1399 1895 1463 Θάνατος

318 1493 734 1566 ἐδραπέτευσεν,
784 1492 878 1545 καὶ
924 1494 953 1545 ό
986 1491 1179 1563 νεκρὸς
1217 1491 1419 1562 ἔδραμε
1463 1494 1565 1563 τῆς
1598 1492 1898 1563 σηπεδόνος

318 1584 685 1653 ἀπαλλαγεὶς,
740 1584 834 1636 καὶ
880 1583 981 1654 τὴν
1038 1582 1137 1653 τῆς
1204 1583 1497 1652 σηπεδόνος
1556 1583 1898 1653 ἀποθέμενος

297 1657 604 1739 ’δυσωδίαν,
646 1676 740 1729 καὶ
764 1675 864 1739 τὰς
890 1672 986 1728 τοῦ
1017 1673 1249 1729 θανάτου
1276 1674 1449 1739 πύλας
1477 1673 1778 1744 διαφυγὼν,
1802 1675 1900 1728 καὶ

321 1767 427 1821 ὑπὸ
468 1766 576 1821 τῶν
602 1766 820 1837 δεσμῶν
853 1766 1070 1837 τρέχειν
1094 1766 1154 1820 οὐ
1186 1768 1550 1838 κωλυόμενος,
1579 1769 1674 1822 καὶ
1697 1767 1773 1839 τῷ
1801 1769 1899 1839 μὲν

1984 580 2149 636 verba
2180 579 2249 634 ad
2292 580 2676 647 compendium
2706 580 3007 644 conferam,
3052 581 3335 651 sanguinis
3366 582 3572 636 lluxmn

1986 673 2249 737 cohibuit,
2279 673 2512 727 sanitate
2561 672 2630 726 ab
2653 688 2719 727 eo
2755 682 2947 742 sponte
2995 673 3236 743 quidem,
3274 674 3367 728 sed
3417 677 3575 743 quasi

1990 765 2200 828 furtim,
2233 764 2549 832 impetrata.
2577 761 2818 817 Puellam
2850 763 3187 832 impuberem
3220 774 3395 820 morte
3419 765 3579 819 abre-

1989 866 2134 926 ptam
2163 893 2179 920 ,
2210 863 2265 910 et
2290 869 2319 908 a
2349 855 2464 911 suis
2498 854 2769 919 deﬂetam,
2797 854 3038 910 vicissim
3082 856 3341 924 eripiens,
3386 870 3580 924 paren-

1992 951 2138 1005 tibus
2181 947 2437 1003 reddidit.
2476 948 2655 1001 Alium
2700 946 3095 1001 adolescentem
3134 949 3200 1001 ad
3243 946 3575 1011 sepulturam

1991 1042 2217 1104 elatum,
2248 1039 2370 1094 vitae
2404 1038 2664 1102 restituit,
2712 1046 2766 1093 et
2798 1038 2851 1091 iu
2904 1038 3158 1107 gaudium
3207 1036 3408 1091 luctum
3451 1052 3580 1093 con-

1992 1131 2176 1195 vertit,
2208 1139 2264 1185 et
2290 1128 2569 1184 funebrem
2605 1128 3051 1182 lamentationem
3084 1126 3137 1180 iu
3173 1126 3443 1194 nuptiales
3482 1128 3580 1199 hy-

1996 1236 2150 1277 mnos
2190 1219 2592 1275 transmutavit.
2649 1218 2917 1273 Praeterea
2984 1216 3160 1271 fetens
3217 1225 3338 1286 post
3370 1216 3582 1286 quatri-

1996 1314 2163 1368 duum
2208 1315 2277 1368 ab
2309 1312 2457 1367 obitu
2487 1311 2721 1365 cadaver
2766 1325 2832 1365 ex
2872 1324 2996 1364 arca
3031 1307 3238 1375 eduxit,
3283 1317 3336 1362 et
3380 1308 3585 1364 institis

1998 1407 2261 1478 illigatum
2308 1406 2588 1462 ambulare
2622 1405 2819 1476 jussit;
2882 1419 3049 1475 reque
3102 1419 3229 1460 vera
3272 1404 3588 1474 dilfugiente

2000 1510 2193 1566 morte,
2225 1508 2473 1554 mortuus
2501 1497 2779 1563 discurrit,
2825 1496 3113 1566 putredine
3155 1496 3311 1563 liber,
3339 1497 3590 1567 putredi-

2001 1591 2193 1660 nisque
2247 1590 2421 1646 fetore
2472 1589 2757 1658 deposito,
2808 1604 2839 1642 e
2886 1587 3075 1642 mortis
3127 1587 3311 1655 januis
3366 1587 3584 1642 evasit:

2002 1690 2167 1752 atque
2201 1681 2273 1736 ita
2305 1680 2448 1735 haud
2475 1679 2587 1749 jam
2623 1679 2868 1748 ligaturis
2898 1694 2926 1733 a
2957 1693 3117 1735 cursu
3168 1678 3493 1749 prohibitus,
3532 1692 3589 1733 et

2004 1786 2034 1825 a
2081 1772 2303 1827 funereo
2332 1770 2490 1827 faciei
2532 1770 2651 1826 velo
2702 1772 2844 1826 baud
2896 1771 3096 1826 diutius
3136 1773 3255 1827 visu
3304 1771 3587 1840 spoliatus,

320 1858 414 1912 τοῦ
446 1834 739 1929 προσώπου
787 1834 1107 1927 καλύμματι
1152 1858 1214 1910 τὸ
1262 1834 1478 1928 βλέπειν
1521 1834 1898 1929 ἀφῃρημένος,

2014 1864 2122 1919 sine
2162 1863 2269 1919 ullo
2301 1863 2709 1934 impedimento,
2756 1863 2824 1919 ad
2874 1872 3181 1929 vocantem,
3228 1864 3413 1935 agnita
3457 1877 3589 1921 voce

321 1948 615 2012 ἀκωλύτως
647 1948 703 2002 δὲ
728 1948 939 2020 τρέχων
971 1949 1113 2019 πρὸς
1150 1949 1242 2003 τὸν
1288 1949 1617 2016 καλέσαντα,
1668 1951 1766 2003 καὶ
1803 1948 1904 2019 τὴν

322 2040 659 2111 Δεσποτικὴν
689 2037 1071 2108 ἐπιγινώσκων
1100 2040 1305 2111 φωνήν.

326 2158 468 2225 KG‘.
489 2156 611 2209 Ὅτι
630 2155 928 2222 ἑκουσίως
950 2155 1023 2209 τὰ
1046 2154 1312 2225 σωτήρια
1333 2155 1494 2218 πάθη
1515 2154 1903 2221 κατεδέξατο.

395 2334 493 2389 Διά
523 2332 728 2388 τούτων
758 2332 854 2387 καὶ
878 2330 1054 2387 ἄλλων
1094 2328 1240 2402 [cod.
1280 2328 1391 2382 τῶν
1421 2344 1518 2399 pro
1542 2326 1742 2399 ἄλλων]
1770 2326 1906 2381 θαυ-

330 2427 537 2500 μάτων,
563 2424 672 2481 τῶν
716 2422 1059 2494 ἐπαγγελιῶν
1092 2421 1417 2492 ὲμπεδώσας
1440 2420 1498 2474 τὺ
1534 2418 1782 2490 μέγεθος,
1813 2418 1906 2472 καλ⁵

326 2517 419 2571 τὸν
447 2515 608 2587 χορὸν
631 2513 741 2566 τῶν
768 2511 1084 2567 ἀποστόλων
1110 2514 1191 2574 είς
1222 2509 1425 2581 ἀρετὴν
1456 2507 1903 2578 παιδπριὸήσας,

326 2606 658 2678 προστρέχει
716 2607 832 2667 τοῖς
885 2601 1258 2673 ἀναγράπτοις
1308 2600 1536 2654 πάθεσιν
1589 2599 1904 2669 ὲθελοντήςυ

327 2697 592 2761 πολλάκις
645 2696 747 2767 μὲν
788 2693 965 2748 ταῦτα
1002 2696 1119 2756 τοῖς
1173 2695 1458 2762 φοιτηταῖς
1508 2690 1905 2761 προμηνύσας,

326 2789 662 2860 ἐπιτιμήσας
695 2786 753 2841 δὲ
777 2786 853 2857 τῷ
878 2785 1092 2855 Πέτρῳ,
1118 2782 1238 2855 μεθ’
1264 2782 1459 2854 ἡδονῆς
1487 2783 1564 2853 μὴ
1598 2779 1905 2843 καταδεξα-

331 2882 478 2953 μένῳ
524 2880 592 2935 τά
619 2879 728 2935 τῶν
771 2874 961 2931 παθῶν
991 2875 1309 2945 εὐαγγέλια,
1357 2875 1452 2927 καὶ
1498 2874 1677 2938 δείξας
1708 2872 1785 2935 ὡς
1821 2870 1911 2925 διὰ

325 2974 532 3029 τούτων
559 2970 919 3043 κατορθοῦται
954 2969 1054 3040 τῆς
1091 2967 1419 3038 οἰκουμένης
1453 2967 1487 3037 ἡ
1519 2965 1766 3034 σωτηρία
1787 2980 1800 2993 ο
1828 2962 1909 3015 διδ

327 3066 557 3128 καὶτοῖς
585 3062 903 3118 ἐπελθοῦσιν
940 3060 1131 3115 ἐαυτὸν
1165 3059 1449 3123 ὑπέδειξεν
1481 3058 1686 3126 λέγων’
1726 3076 1744 3109 ι
1767 3054 1910 3125 Ἐγώ

2009 1954 2309 2021 Dsminica,
2334 1955 2591 2012 accurrit.

2007 2152 2198 2209 XXVI.
2242 2146 2401 2220 Quod
2443 2162 2627 2221 sponte
2677 2152 2914 2235 (usus)
2953 2152 3241 2208 salutarem
3296 2155 3591 2221 passionem

2660 2233 2943 2292 exceperit.

2079 2333 2174 2387 His
2198 2332 2429 2403 aliisque
2457 2332 2735 2388 miraculis
2766 2332 3185 2402 promissionum
3226 2348 3448 2389 suarum
3482 2349 3596 2388 ma-

2007 2425 2291 2496 gnitudine
2327 2422 2673 2490 confirmata,
2705 2434 2760 2479 et
2790 2425 3161 2495 apostolorum
3197 2426 3367 2481 choro
3399 2426 3463 2480 ad
3487 2426 3597 2481 vir-

2009 2523 2177 2570 tutem
2222 2515 2457 2579 erudito,
2509 2522 2703 2583 sponte
2747 2515 2990 2570 accurrit
3030 2516 3097 2570 ad
3141 2530 3235 2571 cas
3265 2532 3385 2587 qu:e
3427 2517 3494 2571 de
3531 2533 3597 2573 eo

2009 2607 2225 2676 scripta:
2273 2605 2484 2661 fuerant
2526 2605 2745 2677 839m
2797 2606 3109 2675 passiones;
3151 2622 3284 2674 quas
3326 2622 3466 2681 saepe
3511 2609 3595 2661 di-

2010 2697 2233 2766 scipulis
2258 2697 2372 2751 suis
2403 2699 2885 2765 praenuntiaverat,
2928 2694 3093 2750 Petro
3125 2697 3288 2752 etiam
3334 2697 3598 2765 increpito

2010 2788 2100 2858 qui
2149 2789 2289 2843 baud
2337 2787 2569 2842 libenter
2611 2788 2922 2857 passionum
2958 2789 3205 2843 nuntium
3254 2789 3595 2859 excipiebat;

2012 2881 2388 2935 demonstrans
2428 2878 2662 2948 denique
2708 2879 2941 2935 salutem
2990 2880 3178 2935 mundi
3210 2896 3305 2949 per
3348 2881 3443 2934 has
3468 2898 3600 2935 con-

2014 2969 2150 3025 fieri.
2199 2969 2491 3039 PrOpIerea
2547 2978 2602 3025 et
2649 2971 3061 3025 advenientibus
3122 2980 3294 3026 semet
3345 2970 3597 3025 exhibuit

2014 3062 2200 3117 dicens
2233 3078 2248 3115 :
2288 3079 2307 3113 ι
2341 3061 2452 3131 Ego
2479 3077 2597 3116 sum
2626 3077 2786 3131 quem
2815 3063 3058 3131 quaeritis
3081 3064 3149 3118 ν’.
3176 3082 3195 3115 ι
3226 3063 3287 3117 Et
3314 3072 3601 3118 accusatus

329 3159 446 3227 είμι
471 3155 531 3210 ὂν
558 3154 793 3226 ζητεῖτε.
826 3171 844 3205 ι
866 3153 977 3207 Καὶ
999 3150 1475 3223 κατηγορούμενος
1502 3151 1601 3203 οὐκ
1634 3150 1907 3214 ἀντεῖπεν,

2015 3166 2118 3208 non
2148 3153 2444 3222 respondit,
2480 3163 2536 3208 et
2562 3168 2682 3208 cum
2718 3166 2901 3223 posset
2932 3153 3120 3221 latere,
3160 3154 3367 3221 noluit;
3421 3170 3599 3224 quau-

330 3250 426 3304 καὶ
466 3247 764 3317 δυνάμενος
811 3244 1020 3305 λαθεῖν.
1064 3243 1223 3297 τοῦτο
1272 3245 1445 3295 ποιεῖν
1480 3242 1581 3294 οὐκ
1622 3240 1911 3311 ἠνέσχετοο

331 3342 428 3396 καὶ
456 3339 631 3394 ταῦτα
672 3337 931 3401 πολλάκις
952 3336 1118 3408 ἡνίκα
1143 3334 1420 3405 ἠϐουλήθη
1447 3332 1728 3401 διαφυγών
1744 3348 1759 3362 ⁸
1779 3332 1917 3387 ἀλλά

331 3434 427 3488 καὶ
459 3432 636 3486 κλαίει
667 3430 767 3501 μὲν
795 3428 895 3501 τὴν
928 3426 1307 3499 Ἰερουσαλὴμ,
1338 3425 1416 3489 ὡς
1439 3425 1503 3496 δὴ
1530 3426 1630 3496 τῆς
1659 3423 1918 3489 ἀπιστίας

332 3522 725 3593 ἐπισπωμένης
772 3518 869 3572 τὸν
899 3517 1142 3588 ὄλεθρον,
1190 3514 1631 3586 καταψηφίζεται
1680 3514 1738 3567 δὲ
1777 3531 1917 3567 παν-

333 3615 609 3687 ωλεθρίως
653 3614 749 3667 τοῦ
784 3612 1224 3684 πολυθρυλλήτου
1268 3609 1439 3664 πάλαι
1490 3607 1615 3663 θεώ*
1662 3608 1916 3678 ἀνέχεται

335 3706 431 3761 καὶ
461 3705 556 3759 ἐπὶ
581 3706 758 3775 κάρης
787 3701 945 3775 [cod.
973 3702 1145 3773 κόρης
1170 3698 1191 3772 ]
1229 3699 1544 3770 παιόμενος,
1585 3697 1690 3752 ὑπὸ
1717 3696 1915 3767 διπλῆν

333 3796 579 3852 δουλείαν
608 3794 949 3857 δουλεύοντος
978 3792 1125 3866 [cod.
1157 3789 1524 3863 δουλεύοντες]
1552 3789 1916 3859 κολαφιζόμε-

335 3907 459 3958 νος,
525 3888 934 3958 ἐμπτυόμενος,
982 3884 1400 3955 ὀνειδιζόμενος,
1462 3880 1913 3954 στρεδλούμενος,

340 3979 806 4052 μαστιγούμενος,
857 3978 951 4032 καὶ
1001 3978 1064 4032 τὸ
1113 3977 1424 4031 τελευταῖον
1488 3972 1912 4044 σταυρούμενος,

337 4075 433 4128 καὶ
462 4073 758 4145 λαμϐάνων
793 4071 999 4143 λῃστὰς
1041 4071 1140 4141 τῆς
1172 4068 1443 4140 τιμωρίας
1468 4066 1758 4129 κοινωνοὺς
1788 4064 1917 4117 ἑκα-

336 4164 599 4238 τέρωθεν,
626 4165 719 4217 καὶ
747 4162 1094 4231 ἀνδροφόνοις
1133 4162 1227 4214 καὶ
1257 4158 1591 4229 κακούργοις
1622 4154 1915 4209 συνταττό-

342 4273 525 4325 μενος,
557 4256 650 4308 καὶ
674 4253 794 4318 ὅξος
827 4252 921 4305 καὶ
960 4251 1121 4323 χολὴν
1151 4251 1301 4322 παρά
1324 4249 1418 4303 τοῦ
1454 4246 1625 4302 κακοῦ
1657 4246 1915 4318 ἀμπελῶ-

339 4366 428 4412 νος
455 4345 858 4418 καρπούμενος,
903 4344 995 4398 καὶ
1026 4342 1289 4406 ἀκάνθαις
1336 4342 1457 4394 ἀντὶ
1487 4340 1782 4410 κλημάτων
1820 4336 1915 4391 καὶ

342 4438 583 4510 βοτρύων
648 4434 994 4504 στεφόμενος,
1043 4433 1138 4486 καὶ
1186 4430 1478 4502 πορφυρίδι
1520 4427 1939 4500 χλευαζόμενος,

339 4531 720 4603 ὀρυττόμενος,
745 4530 839 4583 καὶ
861 4528 1012 4591 τέλος
1041 4527 1199 4596 τάφῳ
1229 4522 1759 4595 παραπεμπόμενος.

2014 3258 2177 3313 quam
2221 3243 2327 3299 alio
2375 3259 2481 3299 non
2536 3244 2705 3299 semel
2753 3256 2994 3315 tempore
3044 3247 3314 3317 appetitus
3364 3246 3601 3310 insidiis,

2016 3335 2405 3390 declinaverat.
2456 3334 2681 3405 Insuper
2727 3344 2781 3391 et
2826 3336 3130 3392 Jerusalem
3181 3339 3444 3408 deplorat,
3481 3354 3603 3408 qua:

2016 3424 2396 3482 incredulitate
2437 3442 2533 3482 sua
2576 3428 2803 3483 exitium
2842 3430 2945 3485 sibi
2991 3431 3364 3499 comparabat,
3413 3438 3468 3484 et
3508 3444 3605 3483 su-

2017 3532 2219 3588 prema:
2263 3519 2434 3573 ruina:
2464 3520 2667 3576 addicit
2715 3520 2973 3589 templum
3023 3521 3150 3577 olim
3201 3522 3601 3591 famigeratum.

2017 3606 2294 3663 Patientcr
2316 3624 2530 3679 quoque
2560 3624 2620 3666 se
2647 3610 2698 3664 in
2724 3611 2907 3681 capite
2932 3626 3246 3680 percussum
3280 3611 3384 3665 fert
3405 3612 3473 3667 ab
3508 3610 3608 3665 bo-

2018 3700 2164 3755 mine
2198 3701 2485 3771 dupliciter
2532 3702 2739 3757 servili.
2786 3702 3137 3773 Exalapatus,
3175 3714 3488 3771 consputus,
3524 3701 3606 3757 vi-

2022 3779 2321 3861 tuperatus,
2358 3794 2721 3857 excruciatus,
2772 3794 3093 3862 ﬂagellatus,
3135 3804 3189 3848 et
3233 3803 3504 3863 postremo
3547 3792 3603 3847 in

2019 3899 2234 3939 crucem
2264 3893 2438 3949 actus,
2462 3895 2518 3939 et
2547 3886 2724 3940 socios
2746 3885 2996 3954 supplicii
3017 3885 3308 3940 admittens
3330 3884 3603 3953 utrimque

2022 3973 2278 4038 latrones,
2323 3985 2378 4031 et
2424 3990 2547 4031 cum
2597 3976 2883 4032 bomicidis
2914 3986 3076 4047 atque
3106 3977 3346 4031 scelestis
3385 3991 3607 4045 compu-

2026 4073 2190 4129 tatus,
2223 4077 2545 4136 acetumque
2591 4076 2643 4123 et
2697 4066 2769 4123 fel
2821 4084 2886 4123 ex
2938 4068 3076 4123 mala
3130 4070 3237 4123 vite
3284 4067 3604 4138 percipiens,

2024 4157 2300 4226 Spinisque
2336 4173 2433 4227 pro
2467 4158 2781 4228 palmitibus
2812 4170 2975 4230 atque
3016 4162 3250 4215 racemis
3292 4167 3604 4220 coronatus,

2022 4257 2077 4302 et
2126 4263 2361 4317 purpura
2415 4250 2627 4315 illusus,
2685 4251 3003 4321 calamoque
3056 4269 3363 4321 percussus,
3422 4252 3607 4306 lancea

2022 4340 2165 4394 latus
2197 4338 2498 4409 perfossus,
2527 4350 2581 4395 et
2614 4341 2850 4412 denique
2877 4344 3126 4413 sepulcro
3156 4342 3359 4397 illatus.
3392 4364 3395 4367 ν

2018 4431 2112 4483 καὶ
2168 4429 2395 4502 καλάμῳ
2451 4432 2788 4503 παιόμενος,
2839 4435 2934 4488 καὶ
2997 4434 3169 4506 λόγχῃ
3218 4432 3319 4505 τὴν
3367 4432 3610 4502 πλευρὰν

379 4653 503 4709 ΚΖ’.
545 4653 639 4718 Τίς
667 4650 788 4705 τῶν
819 4647 1208 4705 Δεσποτικῶν
1238 4645 1601 4716 παθημάτων
1630 4646 1669 4714 ἠ
1703 4644 1883 4699 αἰτία.

2024 4639 2239 4695 XXVII.
2283 4639 2540 4706 Quantam
2583 4638 2875 4693 Dominicte
2912 4636 3174 4704 passionis
3220 4651 3381 4691 causa
3425 4635 3610 4704 fuerit.

425 4760 714 4833 ’Υπέμεινε
761 4760 819 4813 δὲ
848 4758 1040 4820 ταῦτα,
1075 4756 1175 4827 τὴν
1209 4757 1483 4827 ἡμετέραν
1530 4752 1922 4825 μηχανώμενος

347 4853 621 4926 σωτηρίαν
640 4867 656 4883 ⁶
687 4852 875 4921 ἐπειδὴ
909 4852 1018 4920 γὰρ
1049 4850 1097 4901 ei
1127 4850 1194 4919 τῇ
1244 4845 1491 4917 ἁμαρτίᾳ
1531 4844 1923 4909 δουλεύσαντες

346 4947 455 5007 τοῖς
488 4942 784 5013 ἐπιτιμίοις
818 4939 1111 4994 ὑπεύθυνοι
1157 4937 1254 5007 τῆς
1300 4936 1574 5007 ἁμαρτίας
1603 4935 1921 5006 ἐτύγχανον,

348 5035 506 5096 αὐτὸς
530 5032 807 5105 ἁμαρτίας
840 5027 1282 5102 ἀπηλλαγμένος,
1322 5027 1417 5080 καὶ
1442 5026 1531 5080 διά
1556 5026 1735 5097 πάσης
1776 5025 1925 5079 ὁδεύ-

350 5145 450 5191 σας
498 5125 865 5195 δικαιοσύνης,
904 5122 1004 5192 τὴν
1055 5120 1162 5172 τῶν
1214 5117 1558 5189 ἁμαρτωλῶν
1606 5116 1927 5181 κατεδέξατο

350 5217 641 5288 τιμωρίαν,
674 5216 761 5268 διὰ
794 5214 893 5285 μὲν
934 5211 1030 5266 τοῦ
1080 5209 1334 5280 σταυροῦ,
1366 5209 1464 5279 τῆς
1513 5207 1748 5271 παλαιᾶς
1796 5223 1929 5260 κατ-

352 5311 490 5380 άρας
544 5306 642 5376 τὴν
686 5306 959 5376 ἀπόφασιν
1001 5304 1142 5356 λύων
1188 5320 1205 5351 ι
1241 5299 1513 5371 (Χριστὸς
1559 5298 1689 5370 γὰρ,
1741 5299 1926 5370 φησὶν,

352 5398 684 5470 ἐξηγόρασεν
708 5399 854 5467 ἡμᾶς
884 5398 949 5450 ἐκ
985 5395 1085 5465 τῆς
1129 5394 1372 5463 κατάρας
1414 5391 1510 5444 τοῦ
1555 5392 1744 5463 νόμου,
1776 5392 1932 5459 γενόο

356 5507 511 5563 μενος
576 5489 716 5560 ὑπὲρ
751 5489 906 5559 ἡμῶν
943 5488 1189 5557 κατάρα·
1246 5485 1557 5556 γέγραπται
1609 5484 1737 5557 γάρ’
1780 5486 1932 5538 Ἑπι-

354 5581 666 5652 κατάρατος
700 5581 805 5643 πᾶς
828 5581 856 5633 ὁ
877 5578 1221 5650 κρεμάμενος
1254 5579 1310 5630 ἐν
1351 5576 1497 5646 ξύλῳ
1522 5576 1591 5647 ι),
1613 5576 1700 5631 διὰ
1724 5576 1781 5630 δὲ
1820 5575 1928 5631 τῶν

427 5760 469 5789 ³ο
498 5757 655 5815 Idan.
690 5771 844 5821 xvm,
879 5757 931 5811 6.
1003 5758 1042 5788 ³⁸
1072 5756 1245 5811 Galat.
1278 5770 1361 5822 ut,
1399 5756 1481 5823 l5,
1518 5756 1602 5809 ιιι.

2104 4753 2228 4808 llaec
2258 4763 2436 4807 autem
2470 4767 2760 4821 perpessus
2794 4758 2901 4812 est.
2934 4750 3059 4803 dum
3082 4748 3258 4815 jsaluti
3295 4756 3493 4802 nostrae
3521 4750 3612 4802 dat

2029 4861 2272 4915 operam.
2306 4843 2437 4898 Nam
2458 4844 2583 4913 quia
2621 4844 2654 4898 il
2684 4842 2776 4913 qui
2807 4850 3029 4913 peccato
3051 4840 3376 4905 servierant,
3402 4840 3609 4909 peccati

2030 4938 2203 5008 poenis
2236 4936 2358 4990 facti
2390 4944 2546 4991 erant
2567 4933 2809 4997 obnoxii,
2842 4933 2959 5002 ipse
2987 4931 3134 4986 omni
3168 4937 3389 4999 peccato
3414 4928 3611 4983 immu-

2032 5031 2138 5096 nis,
2176 5038 2230 5085 et
2257 5029 2348 5098 qui
2385 5026 2561 5083 omnis
2600 5024 2826 5093 iustitiae
2866 5039 3082 5079 cursum
3128 5021 3455 5087 confecerat,
3492 5034 3614 5089 pec—

2035 5121 2275 5176 cautium
2300 5118 2623 5189 supplicium
2663 5105 2852 5183 subiit,
2889 5114 3090 5170 veteris
3126 5113 3395 5168 maledicti
3421 5112 3613 5167 decre-

2038 5219 2147 5264 tum
2176 5224 2339 5264 cruce
2363 5224 2458 5263 sua
2489 5208 2695 5264 delens.
2728 5226 2746 5257 ι
2766 5205 3020 5262 Christus
3046 5204 3212 5270 enim,
3242 5203 3419 5275 inquit.
3451 5203 3616 5274 (Pau-

2037 5301 2174 5371 lus),
2210 5317 2306 5356 nos
2337 5300 2567 5356 redemit
2594 5301 2660 5355 de
2691 5298 2977 5355 maledicto
3008 5298 3164 5369 legis,
3192 5296 3367 5351 factus
3395 5310 3494 5365 pro
3514 5311 3615 5351 no-

2038 5394 2122 5449 bis
2166 5392 2513 5448 maledictum
2551 5410 2565 5445 :
2614 5392 2741 5461 quia
2797 5393 3058 5460 scriptum
3106 5399 3190 5445 est
3233 5406 3249 5445 :
3298 5387 3615 5444 Maledictus

2037 5484 2216 5540 omnis
2245 5483 2336 5553 qui
2375 5483 2569 5554 pendet
2597 5483 2650 5537 in
2685 5483 2832 5553 ligno
2860 5482 2938 5548 3‘;
2981 5501 2999 5533 ι
3030 5481 3216 5552 spinea
3247 5495 3375 5534 vero
3418 5494 3613 5535 corona

2037 5576 2195 5634 ﬁnem
2223 5575 2413 5632 Adami
2439 5574 2718 5647 suppliciis
2744 5577 3046 5645 imponens.
3088 5573 3304 5629 Etenim
3338 5580 3457 5643 post
3493 5586 3614 5642 pcc~
