4038 6560
443 385 580 440 N67
1467 394 1525 450 S.
1567 395 1847 454 CYRILLI
1874 397 2343 460 ALEXANDRINI
2381 400 2705 461 ARCIIIEP.

3557 392 3705 450 {$68

442 507 625 553 catum
656 498 748 557 ille
774 501 1025 560 audierat
1054 523 1073 562 :
1111 522 1132 558 ι
1158 504 1443 564 Maledicta
1483 518 1626 566 terra
1676 512 1732 567 in
1765 513 2017 585 operibus

2143 502 2396 582 ἱκανθῶν,
2423 517 2576 581 τέλος
2613 514 2790 578 διδοὺς
2828 514 2947 576 ταῖς
2983 509 3156 583 Ἀδάμ
3186 524 3477 581 τιμωριαις
3516 507 3698 577 (μετά

447 588 558 643 tuis
590 606 606 644 :
638 592 827 659 spinas
878 604 934 650 et
977 595 1201 652 tribulos
1246 601 1569 669 geminabit
1602 602 1698 658 tibi
1726 605 1793 659 ε’.
1828 623 1846 656 ι
1880 604 2027 662 Felle

449 682 868 739 amaritudinem
912 700 976 742 ac
1012 688 1313 745 molestiam
1357 693 1605 749 mortalis
1647 696 2027 768 passibilisque

450 768 731 825 hominum
776 773 899 829 vitae
933 775 986 829 in
1034 790 1095 832 se
1139 778 1361 847 recepit.
1415 779 1583 834 Aceto
1630 780 1913 837 hominum
1966 774 2026 838 in

417 876 424 887 ν
451 858 604 929 pejus
636 864 990 919 mutationem
1022 865 1132 935 ipse
1163 867 1264 922 sibi
1298 867 1599 937 imputavit,
1628 876 1681 923 et
1710 869 1776 924 ad
1806 870 2026 925 meliora

452 953 687 1007 reditum
732 954 955 1025 largitus
982 952 1087 1012 est.
1125 958 1365 1029 Purpura
1410 975 1636 1030 regnum
1684 961 2025 1031 significavit,

451 1041 695 1115 840m
741 1046 947 1104 calamo
996 1049 1361 1105 inﬁrmitatem
1410 1050 1866 1122 fragilitatemque
1930 1069 2030 1125 po-

455 1134 639 1189 tentiae
668 1134 864 1190 diaboli
902 1138 1099 1204 innuit,
1145 1140 1300 1209 alapa
1350 1151 1591 1196 nostram
1630 1142 1924 1212 publicavit
1967 1144 2031 1198 li-

455 1223 743 1293 bertatem,
773 1228 926 1284 nobis
956 1230 1164 1285 debitas
1198 1231 1434 1289 tolerans
1464 1233 1578 1304 ipse
1625 1234 1869 1301 injurias,
1911 1251 2033 1291 cor-

456 1320 727 1375 rectioues
752 1332 913 1391 atque
932 1324 1132 1390 plagas.
1154 1323 1338 1391 Latus,
1356 1340 1510 1395 mque
1538 1342 1602 1381 ac
1626 1326 1889 1394 Adamns,
1907 1344 2031 1397 per-

458 1408 656 1477 fossus,
702 1424 1018 1469 nontamen
1070 1415 1323 1471 fctninam
1376 1417 1501 1471 inde
1531 1430 1895 1490 emergentem
1938 1435 2036 1475 ex-

459 1502 668 1569 hibens,
700 1520 818 1573 quae
872 1517 1097 1561 mortem
1146 1523 1245 1563 suo
1293 1523 1480 1564 errore
1510 1512 1714 1581 genuit,
1766 1514 1859 1566 sed
1910 1516 2033 1568 vitae

457 1593 658 1650 fontem
683 1598 771 1664 qui
801 1598 996 1666 duplici
1032 1600 1200 1654 rivulo
1226 1604 1482 1656 mundum
1506 1603 1778 1670 viviﬁcat;
1804 1620 2031 1673 quorum

456 1684 594 1738 alter
626 1688 676 1739 in
711 1688 1027 1756 baptisteria
1066 1706 1164 1746 nos
1212 1702 1438 1746 renovat
1468 1702 1525 1748 et
1570 1694 1860 1748 immortali
1895 1696 2033 1750 stola

455 1779 640 1842 vestit,
686 1777 820 1833 alter
850 1781 1061 1851 genitos
1097 1782 1194 1835 alit
1228 1785 1279 1838 in
1330 1784 1509 1839 divina
1554 1800 1763 1852 mensa,
1806 1802 1902 1842 ceu
1955 1788 2036 1842 lac

457 1871 731 1938 parvulos.

2127 607 2237 681 γάρ
2266 609 2365 679 τὴν
2400 608 2678 680 ἁμαρτίαν
2710 605 2854 677 [cod.
2880 599 3198 673 τιμωρίαν],
3216 602 3445 671 ἡκουσεν
3469 600 3675 659 ἐκεῖνος

2134 718 2153 752 t
2202 700 2633 769 Ἐπικατάρατος
2666 700 2698 769 ἡ
2732 696 2802 765 γῆ
2837 696 2893 748 ὲν
2920 696 3034 758 τοῖς
3064 692 3247 765 ἔργοις
3300 708 3415 757 σου,
3459 689 3703 751 ἀκάνθας

2127 790 2222 845 καὶ
2267 791 2549 862 τριϐόλους
2596 788 2848 843 ἀνατελεϊ
2878 803 2958 840 σοι
2993 789 3065 857 ι),
3096 785 3183 839 διὰ
3216 784 3273 840 δὲ
3316 785 3415 854 τῆς
3442 782 3605 851 χολῆς
3643 780 3704 832 τὸ

2130 883 2325 952 πικρὸν
2356 883 2449 936 καὶ
2476 882 2732 936 ἐπίπονον
2763 879 2865 949 τῆς
2905 877 3105 949 θνητῆς
3143 877 3237 930 καί⁸
3268 874 3517 944 παθητῆς
3559 868 3705 939 ζωῆς

2129 973 2239 1026 τῶν
2274 973 2578 1044 ἀνθρώπων
2608 975 2689 1035 είς
2718 971 2908 1025 ἑαυτὸν
2935 969 3331 1039 ἀναλαμϐάνων
3353 983 3367 997 ·
3403 966 3493 1020 διά
3520 965 3581 1017 δὲ
3611 962 3703 1015 τοῦ

2129 1059 2285 1125 ὄξους
2331 1061 2431 1129 τὴν
2478 1062 2569 1114 ἐπὶ
2596 1060 2657 1113 τὸ
2685 1062 2864 1131 χεῖρον
2912 1060 3021 1112 τῶν
3068 1056 3365 1128 ἀνθρώπων
3400 1053 3707 1125 μεταϐολὴν

2130 1149 2291 1210 αὐτὸς
2334 1150 2645 1219 δεχόμενος,
2686 1150 2780 1203 καὶ
2813 1148 2912 1220 τὴν
2942 1151 3022 1212 είς
3056 1149 3115 1201 τὸ
3148 1150 3394 1217 κρεῖττον
3447 1143 3711 1197 ἐπάνοδον

2132 1240 2523 1312 χαριζόμενος·
2592 1243 2661 1311 τῇ
2710 1239 3004 1312 πορφυρίδι
3056 1239 3341 1309 σημαίνων
3399 1236 3499 1305 τὴν
3551 1234 3710 1305 βασιο

2131 1331 2311 1398 λείαν,
2360 1332 2437 1402 τῷ
2469 1332 2698 1402 καλάμῳ
2740 1332 2801 1385 τὸ
2840 1330 3063 1393 ἀσθενὲς
3104 1331 3198 1384 καὶ
3249 1328 3446 1399 σαθρὸν
3478 1329 3578 1397 τῆς
3615 1324 3711 1379 τοῦ

2132 1424 2382 1478 διαϐόλου
2422 1424 2702 1494 δυνάμεως
2728 1423 3095 1494 αἰνιττόμενος
3116 1460 3131 1484 ,
3161 1420 3239 1490 τῷ
3275 1419 3581 1492 ραπίσματι
3614 1414 3714 1487 τὴν

2133 1516 2406 1587 ἡμετέραν
2433 1515 2719 1587 κηρύττων
2767 1513 3099 1584 ἐλευθερίαν,
3145 1512 3242 1575 τὰς
3275 1511 3550 1581 ἡμετέρας
3584 1508 3718 1560 ὑπο-

2140 1607 2314 1678 μένων
2360 1607 2546 1678 ὖϐρεις
2576 1646 2590 1668 ,
2642 1608 2735 1660 καὶ
2774 1605 3054 1668 παιδείας,
3104 1606 3199 1658 καὶ
3253 1604 3541 1673 μάστιγας·
3604 1598 3734 1664 Τὴν.

2137 1697 2379 1769 πλευρὰν
2424 1696 2502 1768 τῷ
2548 1698 2721 1769 Ἀδὰμ
2767 1696 3149 1768 παραπλήσιον
3196 1694 3557 1763 νυττόμενος,
3603 1688 3718 1742 ἀλλ’

2138 1790 2199 1842 ού
2236 1792 2473 1859 γυναῖκα
2516 1788 2808 1855 προϊοῦσαν
2851 1788 3058 1842 ἐκεῖθεν
3091 1786 3324 1849 δεικνὺς,
3355 1785 3446 1837 τὸν
3486 1782 3720 1836 θάνατον

2071 1866 2114 1923 Β
2141 1881 2229 1934 διὰ
2269 1881 2370 1951 τῆς
2407 1880 2625 1951 ἀπάτης
2664 1883 3022 1951 γεννήσασαν,
3056 1878 3194 1933 ἀλλά
3223 1877 3406 1947 πηγὴν
3451 1873 3603 1940 ζωῆς
3643 1868 3722 1940 τῷ

456 1963 630 2033 διπλῴ
662 1967 862 2036 νάματι
896 1967 992 2036 τὴν
1025 1968 1353 2040 οἰκουμένην
1400 1971 1809 2041 ζωογονοῖηανσ
1855 1964 1933 2026 ὧν
1969 1970 2032 2025 τὸ
2071 1972 2171 2043 μὲν
2201 1974 2349 2043 ἡμᾶς
2382 1975 2441 2027 ὲν
2509 1972 2865 2043 κολυμϐήθρα
2928 1968 3179 2034 νεοποιεῖ,
3229 1969 3322 2021 καὶ
3351 1970 3417 2037 τῇ
3464 1960 3727 2031 ἀθανάτῳ

459 2059 776 2130 περιϐάλλει
808 2063 965 2135 στολῇ
994 2080 1004 2092 °
1041 2065 1101 2117 τὸ
1143 2064 1199 2118 δὲ
1245 2065 1437 2137 τρέφει
1467 2068 1828 2140 γεννηθέντας
1868 2069 1926 2122 ὲν
1962 2069 2030 2138 τῇ
2070 2068 2317 2140 τραπέζῃ
2342 2071 2407 2141 τῇ
2438 2068 2578 2139 θείᾳ,
2614 2066 2867 2138 καθάπερ
2896 2066 2965 2120 τὰ
3000 2065 3176 2137 βρέφη
3203 2063 3263 2117 τὸ
3295 2062 3459 2131 γάλα-

458 2194 693 2254 XXVlll.
754 2197 903 2263 Quod
939 2214 1002 2252 ex
1028 2196 1225 2281 Christi
1280 2200 1598 2281 cruciatibus
1658 2202 1804 2255 salus
1850 2207 2032 2255 nostra

1134 2279 1250 2323 orta
1276 2279 1365 2323 sit.

529 2399 828 2456 Pharmaca
868 2402 1050 2473 itaque
1083 2412 1269 2458 nostra
1313 2413 1439 2460 sunt
1492 2406 1803 2464 Servatoris
1868 2410 2041 2465 nostri

460 2496 749 2550 cruciatus.
781 2493 932 2560 Quod
960 2496 1217 2566 propheta
1238 2499 1439 2553 docens
1475 2499 1552 2553 ait
1580 2517 1594 2553 :
1627 2519 1645 2551 ι
1671 2499 1789 2569 lpse
1819 2512 2041 2571 peccata

459 2593 642 2640 nostra
681 2584 903 2653 perfert,
942 2596 996 2640 et
1027 2602 1123 2655 pro
1149 2588 1300 2642 nobis
1332 2588 1476 2643 dolet
1512 2608 1526 2644 :
1559 2605 1656 2646 nos
1684 2604 1860 2646 autem
1882 2609 2042 2663 repu-

462 2677 693 2731 tavimus
732 2691 853 2731 eum
910 2678 963 2732 in
1021 2677 1207 2733 labore
1246 2688 1301 2733 et
1337 2679 1489 2749 plaga
1538 2690 1701 2751 atque
1757 2682 2045 2739 aﬂlictioue

461 2769 688 2822 versari.
725 2766 842 2837 lpse
881 2768 1193 2824 vulneratus
1224 2780 1307 2825 est
1335 2781 1555 2841 propter
1579 2784 1800 2843 peccata
1836 2788 2042 2841 nostra,

464 2859 681 2914 attritus
709 2868 793 2915 est
831 2870 1050 2931 propter
1085 2862 1289 2915 scelera
1320 2872 1503 2916 nostra
1541 2879 1557 2921 :
1586 2864 1872 2935 disciplina
1895 2867 2046 2936 pacis

465 2961 665 3006 nostrae
691 2967 852 3021 super
885 2967 1007 3007 eum
1038 2970 1051 3006 :
1090 2952 1258 3006 livore
1286 2953 1401 3022 ejus
1460 2968 1559 3007 nos
1613 2956 1790 3010 sanati
1836 2972 2044 3014 sumus.

465 3044 668 3098 Omnes
705 3046 860 3114 quasi
892 3059 1022 3099 oves
1059 3044 1362 3099 erravimus
1395 3062 1410 3111 ;
1455 3046 1573 3101 ideo
1629 3055 1882 3116 tanquam
1930 3050 2048 3105 ovis

465 3139 531 3192 ad
556 3137 879 3192 occisionem
915 3137 1108 3192 ductus
1126 3145 1228 3202 est,
1259 3146 1312 3190 et
1343 3138 1485 3191 sicut
1510 3151 1682 3206 agnus
1715 3153 1897 3192 coram
1932 3150 2049 3194 ton-

466 3230 628 3284 dente
670 3245 730 3285 se
774 3229 1045 3285 obmutuit
1071 3228 1138 3284 ⁸⁸.
1181 3247 1199 3279 ι
1253 3227 1320 3283 Ει
1361 3229 1503 3283 sicut
1539 3240 1724 3299 pastor
1776 3230 2050 3300 dispersas

465 3338 594 3378 oves
620 3337 869 3387 cernens,
913 3338 1071 3376 unam
1100 3336 1167 3376 ex
1199 3320 1391 3376 ovibus
1445 3336 1605 3374 manu
1663 3331 1870 3384 tenens,
1904 3333 1958 3376 et
1979 3324 2046 3379 ad

2140 2200 2275 2253 KH’.
2311 2198 2439 2251 Ὀτι
2466 2195 2564 2250 διὰ
2587 2196 2705 2250 τῶν
2741 2194 2847 2249 τοῦ
2878 2194 3133 2263 Χριστοῦ
3160 2192 3366 2247 παθῶν
3395 2192 3433 2259 ἡ
3466 2190 3725 2262 ἡμετέρα

2659 2264 2866 2337 γέγονε
2914 2265 3197 2332 σωτηρία.

2210 2403 2482 2474 Φάρμακα
2507 2401 2685 2457 τοίνυν
2741 2399 2890 2453 ἐστὶν
2936 2398 3180 2469 ἡμέτερα
3228 2395 3297 2448 τά
3333 2394 3429 2448 τοῦ
3473 2394 3729 2463 Σωτῆρος

2142 2497 2298 2568 ἡμῶν
2330 2496 2632 2566 παθήματα
2655 2511 2668 2525 °
2719 2494 2814 2547 καὶ
2860 2491 3018 2546 τοῦτο
3060 2491 3323 2545 διδάσκων
3362 2490 3392 2542 ὁ
3434 2488 3729 2559 προφήτης

2145 2588 2279 2661 βοᾷ’
2323 2609 2341 2641 ι
2371 2588 2543 2652 Αὐτὸς
2592 2588 2693 2651 τὰς
2742 2587 3015 2658 ἁμαρτίας
3047 2585 3206 2656 ἡμῶν
3236 2584 3412 2656 φέρει,
3449 2584 3545 2637 καὶ
3590 2582 3731 2651 ὑπὲρ

2143 2680 2298 2751 ἡμῶν
2325 2681 2577 2734 ὁδυνᾶται
2598 2694 2611 2708 ⁸
2642 2682 2805 2750 ἡμεῖς
2829 2680 2885 2732 δὲ
2913 2679 3280 2749 ἐλογισάμεθα
3304 2678 3469 2730 αὐτὸν
3496 2674 3644 2729 εἶναι
3668 2678 3726 2728 ὲν

2143 2771 2311 2842 πόνῳ,
2352 2771 2444 2824 καὶ
2492 2773 2550 2826 ὲν
2601 2771 2810 2842 πληγῇ,
2868 2771 2963 2823 καὶ
3014 2772 3073 2823 ὲν
3115 2768 3390 2823 κακώσει·
3451 2766 3622 2829 αὐτὸς
3675 2766 3732 2819 δὲ

2144 2866 2554 2939 ὲτραυματίσθη
2583 2866 2671 2919 διὰ
2698 2865 2799 2927 τάς
2832 2865 3108 2936 ἁμαρτίας
3136 2863 3315 2934 ἡμῶν,
3350 2863 3447 2917 καὶ
3478 2860 3732 2932 μεμαλά-

2145 2973 2329 3010 κισται
2360 2956 2448 3009 διὰ
2476 2957 2575 3019 τὰς
2597 2956 2829 3028 ἀνομίας
2854 2955 3012 3026 ἡμῶν
3035 2972 3047 2984 ·
3081 2954 3298 3008 παιδεία
3321 2954 3545 3023 εἰρήνης
3574 2950 3733 3021 ἡμῶν

2149 3048 2236 3100 ἔπ’
2260 3048 2408 3117 αὺτῴ
2434 3066 2446 3077 ·
2482 3047 2559 3116 τῷ
2589 3047 2817 3117 μώλωπι
2846 3047 3011 3100 αὑτοῦ
3041 3049 3205 3117 ἡμεῖς
3226 3045 3455 3113 ίάθημεν
3478 3060 3495 3075 ο
3529 3044 3734 3105 πάντες

2146 3138 2221 3202 ὡς
2253 3138 2504 3207 πρόϐατα
2532 3138 2937 3211 ὲπλανὴθημεν,
2962 3138 3043 3191 διὸ
3066 3137 3139 3200 ὡς
3172 3135 3442 3207 πρόϐατον
3468 3134 3564 3185 ἐπὶ
3597 3149 3736 3200 σφα-

2146 3228 2249 3299 γὴν
2301 3231 2464 3300 ἤχθη.
2519 3230 2613 3283 καὶ
2655 3230 2732 3293 ὡς
2790 3230 2962 3300 ἀμνὸς
3009 3229 3251 3282 ἐναντίον
3299 3226 3394 3281 τοῦ
3446 3226 3737 3296 κείραντος

2146 3319 2309 3372 αὑτὸν
2340 3319 2573 3388 ἄφωνος.
2608 3339 2625 3371 ι
2680 3321 2789 3374 Καὶ
2837 3320 3085 3390 καθάπερ
3126 3320 3327 3389 ποιμὴν
3366 3317 3438 3371 τά
3488 3317 3739 3388 πρόϐατα

466 3415 721 3484 placitum
751 3415 852 3469 sibi
883 3429 1138 3484 pascuum
1167 3412 1395 3479 ducens,
1427 3413 1662 3482 reliquas
1693 3413 1855 3467 etiam
1882 3413 2041 3484 hujus

2150 3413 2582 3483 διεσκεδασμένα
2622 3413 2867 3485 θεωρῶν,
2901 3413 2960 3466 ἓν
3006 3413 3112 3466 τῶν
3142 3411 3434 3482 προϐάτων
3463 3410 3736 3479 κατέχωντ

467 3506 717 3576 exemplo
763 3507 828 3561 ad
870 3520 928 3561 se
981 3503 1250 3575 pertrabit
1281 3520 1297 3570 ;
1325 3504 1402 3558 sic
1427 3502 1570 3558 Deus
1625 3502 1858 3558 Verbum
1917 3520 2040 3558 cum

468 3613 639 3668 genus
674 3599 949 3652 hominum
980 3597 1342 3651 errabundum
1390 3596 1634 3658 vidisset,
1678 3596 1820 3649 servi
1873 3596 2044 3650 lorma

469 3699 771 3759 assumpta,
801 3703 971 3757 eaque
994 3688 1094 3741 sibi
1134 3686 1403 3756 copulata,
1446 3688 1513 3741 ad
1544 3702 1603 3741 se
1629 3702 1724 3756 per
1747 3687 1890 3741 illam
1918 3702 2047 3742 con-

469 3780 636 3833 vertit
689 3780 995 3834 universam
1029 3780 1307 3833 hominum
1344 3791 1614 3842 naturam,
1647 3788 1812 3847 atque
1851 3779 1916 3831 ad
1962 3778 2045 3831 di~

468 3875 597 3929 vina
647 3887 843 3944 pascua
877 3875 1101 3928 deduxit
1154 3887 1247 3929 eos
1277 3874 1367 3941 qui
1411 3870 1550 3925 ntale
1583 3872 1947 3939 pascebantur
1995 3882 2049 3926 et

469 3963 612 4034 lupis
651 3975 807 4020 erant
836 3964 1057 4032 objecti.
1078 3964 1369 4032 Propterea
1391 3963 1648 4017 Servalor
1676 3972 1861 4017 noster
1888 3972 2049 4018 natu-

469 4070 586 4109 ram
619 4064 858 4108 nostram
888 4055 1177 4123 assumpsit
1209 4070 1221 4107 :
1263 4064 1549 4123 prepterea
1580 4051 1828 4107 Christus
1872 4053 2050 4107 Domi-

472 4163 571 4201 nus
605 4147 937 4203 salutiferam
964 4146 1180 4215 excepit
1221 4144 1550 4213 passionem,
1587 4143 1858 4212 mortique
1898 4146 2050 4200 dedi-

471 4248 577 4305 tus,
620 4238 864 4308 sepulcro
912 4238 1161 4300 traditus,
1209 4236 1483 4304 antiquam
1519 4235 1663 4289 illam
1702 4238 2045 4307 tyrannidem

470 4332 696 4398 depulit,
728 4342 783 4385 et
831 4328 1135 4397 corruptela
1187 4328 1421 4383 detentis
1482 4327 2046 4398 incorruptibilitatem

470 4420 741 4492 promisit.
802 4416 935 4472 Nam
976 4415 1301 4471 dissolutum
1362 4416 1620 4486 templum
1652 4426 1965 4473 restaurans
1996 4425 2049 4472 et

470 4512 826 4576 resuscitans,
848 4511 1079 4565 mortuis
1104 4522 1318 4579 quoque
1342 4518 1505 4578 atque
1548 4507 1666 4577 ejus
1702 4509 2050 4565 resurrectio-

473 4620 596 4660 nem
632 4603 1075 4674 exspectantibus
1127 4617 1284 4657 veras
1324 4602 1617 4672 ﬁrmasque
1655 4601 1815 4674 841
1849 4620 1897 4655 m
1932 4619 2050 4673 pro-

472 4697 761 4752 missiones
821 4695 1076 4750 ostendit.
1132 4693 1268 4748 Nam
1318 4694 1795 4762 quemadmodum,
1848 4695 2044 4762 inquit,

2150 3503 2245 3555 xui.
2270 3504 2353 3571 ἐφ’
2381 3504 2446 3574 ἢν
2478 3503 2728 3573 βούλεται
2766 3505 2938 3575 νομὴν
2982 3504 3154 3571 ἄγων,
3193 3503 3341 3555 ἕλκει
3371 3503 3440 3555 τὰ
3475 3502 3645 3555 λοιπά
3670 3501 3738 3555 δι’

2149 3594 2359 3647 ἐκείνου
2394 3595 2527 3665 πρὸς
2548 3596 2759 3650 ἑαυτὸνο
2792 3596 2964 3659 οὕτως
2985 3598 3013 3648 ὁ
3034 3595 3167 3658 Θεὸς
3196 3594 3370 3661 Λόγος
3396 3596 3513 3647 τῶν
3530 3593 3740 3663 ἀνθρὼ-

2152 3702 2269 3738 πων
2305 3685 2364 3738 τὸ
2395 3687 2555 3753 γένος
2592 3685 3014 3757 πεπλανημένον
3048 3686 3197 3749 ἰδὼν,
3227 3683 3322 3737 τοῦ
3344 3681 3741 3736 δούλουλαϐὼν

2149 3776 2246 3848 τὴν
2280 3780 2514 3849 μορφὴν,
2560 3778 2656 3831 καὶ
2689 3779 2894 3848 ταύτην
2926 3778 3174 3847 συνάψας
3207 3778 3406 3848 ἑαυτῷ,
3438 3777 3580 3848 πρὸς
3614 3779 3739 3829 ἑαυ-

2148 3868 2241 3921 τὸν
2269 3868 2335 3921 δι’
2367 3869 2587 3939 ἐκείνης
2621 3870 2919 3941 ἐπέστρεψε
2965 3871 3145 3924 πᾶσαν
3174 3870 3272 3941 τὴν
3293 3870 3400 3924 τῶν
3426 3868 3739 3939 ἀνθρώπων

2150 3958 2332 4027 φύσιν,
2376 3961 2469 4012 καὶ
2512 3963 2588 4023 είς
2636 3962 2735 4031 τὴν
2777 3961 2926 4015 θείαν
2976 3963 3149 4032 νομὴν
3198 3964 3373 4032 ἡγαγε
3423 3961 3498 4015 τά
3550 3963 3741 4025 κακῶς

2150 4052 2446 4121 νεμόμενα,
2479 4054 2572 4106 καὶ
2602 4055 2712 4116 τοῖς
2745 4053 2930 4116 λύκοις
2964 4053 3322 4125 προκείμενα.
3368 4054 3467 4108 Διά
3508 4054 3691 4108 ταῦτα
3714 4055 3741 4107 ὁ

2150 4143 2343 4213 Σωτὴρ
2397 4144 2424 4195 ὁ
2478 4144 2750 4213 ἡμέτερος
2808 4144 2906 4213 τὴν
2955 4144 3229 4215 ἡμετέραν
3273 4147 3435 4215 φύσιν
3482 4146 3737 4199 ἀνέλαϐε.

2150 4233 2249 4287 Διά
2265 4234 2435 4287 ταῦτα
2461 4236 2487 4286 ὁ
2501 4236 2779 4305 Δεσπότης
2804 4237 3039 4307 Χριστὸς
3054 4237 3121 4289 τά
3139 4241 3381 4309 σωτήρια
3408 4238 3741 4303 κατεδέξατο

2152 4325 2324 4397 πάθη,
2356 4327 2451 4379 καὶ
2473 4326 2691 4397 θανάτῳ
2722 4329 3172 4400 παραπεμφθεὶς,
3208 4331 3301 4384 καὶ
3326 4333 3473 4401 ταφῇ
3501 4329 3745 4400 παραδο-

2150 4418 2284 4483 θεὶς,
2316 4419 2376 4471 τὸ
2407 4419 2505 4489 μὲν
2548 4419 2781 4473 παλαιὸν
2812 4423 2986 4475 ἐκεῖνο
3016 4423 3110 4474 καὶ
3142 4421 3494 4491 πολυχρόνιον
3533 4422 3745 4491 κράτος

2151 4511 2326 4578 ἔλυσε,
2364 4516 2474 4577 τοῖς
2502 4513 2559 4566 δὲ
2586 4517 2651 4585 τῇ
2675 4513 2850 4585 φθορᾷ
2873 4516 3268 4585 πεπεδημένοις
3293 4515 3393 4586 τὴν
3422 4515 3746 4585 ἀφθαρσίαν

2152 4602 2441 4673 ὑπέσχετο.
2480 4603 2583 4656 Τὸν
2613 4604 2720 4673 γὰρ
2748 4604 2977 4656 λυθέντα
3011 4604 3134 4655 ναὸν
3162 4603 3615 4673 ἀνοικοδομήσας,
3652 4602 3751 4656 καὶ

2150 4695 2459 4766 ἀνεγείρας,
2522 4698 2614 4748 καὶ
2657 4700 2765 4759 τοῖς
2822 4696 3097 4767 κειμένοις
3150 4697 3240 4749 καὶ
3285 4696 3751 4766 προσδεχομένοις

472 4796 687 4856 sumpta
710 4802 775 4842 ex
802 4786 955 4841 vobis
984 4796 1197 4849 natura,
1233 4785 1454 4840 deitatis
1478 4785 2041 4854 inhabitationeatque

2153 4787 2317 4839 αὐτοῦ
2347 4787 2446 4856 τὴν
2480 4789 2779 4841 ἀνάστασιν
2810 4788 3031 4858 ἀληθεῖς
3061 4790 3153 4842 καί
3178 4788 3403 4858 βεϐαίας
3430 4788 3528 4853 τάς
3594 4790 3752 4841 ὑπο-

473 4876 822 4941 adunatione,
842 4875 1295 4931 resurrectionem
1321 4872 1577 4941 obtinuit,
1601 4885 1655 4931 et
1683 4875 2049 4945 corruptibili-

474 4980 585 5024 tate
610 4968 1061 5038 passionibusque
1085 4966 1362 5037 depositis,
1392 4967 1458 5020 ad
1479 4966 2045 5037 incorruptibilitatem

473 5059 1044 5127 imtnortalitatemque
1073 5058 1342 5121 transivit,
1376 5059 1455 5112 sic
1487 5064 1539 5112 et
1567 5072 1659 5112 vos
1690 5059 1827 5111 dura
1855 5058 2045 5111 mortis

473 5150 736 5206 servitute
769 5149 1141 5215 absolvemini,
1172 5148 1490 5217 abjcctaque
1535 5149 1885 5218 corruptione
1922 5162 2043 5201 cum

473 5241 838 5313 passionibus,
893 5239 1327 5310 impassibilitate
1370 5240 1695 5293 vestiemini.
1746 5238 1968 5293 ldcirco‘
2000 5247 2052 5293 et

473 5332 728 5403 baptismi
789 5333 988 5387 donum
1040 5332 1249 5386 cunctis
1294 5330 1603 5386 hominibus
1654 5345 1748 5399 per
1778 5330 2050 5400 apostolos

476 5425 643 5478 misit.
680 5440 699 5475 ι
735 5422 934 5479 Euntcs
964 5424 1132 5487 enim,
1172 5423 1369 5492 inquit,
1400 5424 1586 5477 docete
1615 5436 1806 5477 omnes
1838 5433 2047 5491 gentes,

416 5542 419 5545 ·
478 5516 817 5585 baptizautes
844 5533 937 5572 eas
985 5518 1036 5572 iu
1087 5517 1303 5573 nomine
1348 5514 1531 5569 Patris
1555 5522 1611 5570 et
1644 5513 1765 5568 Filii
1794 5524 1848 5569 et
1878 5512 2051 5584 Spiri-

480 5616 566 5660 tus
601 5608 774 5661 sancti
800 5608 867 5661 “.
912 5628 929 5660 ι
960 5606 1266 5678 Βειριίεηιυε
1315 5604 1657 5661 adumbratio
1684 5604 1928 5675 quzcdam
1965 5614 2050 5660 est

463 5856 473 5865 .
555 5785 599 5815 ⁶²
634 5785 770 5843 ch.
801 5802 880 5853 tu,
913 5786 992 5840 l7.
1070 5790 1113 5819 ⁸³
1143 5789 1241 5843 lsn.
1273 5803 1383 5851 Lut,
1422 5786 1437 5840 l
1474 5802 1625 5858 seqq.

2158 4877 2372 4947 σχέσεις
2392 4877 2688 4943 ὑπέδειξεν.
2719 4881 2815 4932 ’ον
2835 4879 3036 4949 τρόπον
3067 4880 3195 4949 γὰρ,
3226 4879 3411 4949 φησιν,
3435 4882 3469 4949 ἡ
3498 4878 3561 4943 ἐξ
3590 4879 3752 4950 ὑμῶν

2152 4968 2523 5037 ἀναληφθεῖσα
2551 4968 2713 5037 φύσις
2737 4973 2801 5039 τῇ
2833 4971 2932 5039 τῆς
2966 4968 3220 5039 θεότητος
3245 4970 3515 5039 ἐνοικήσει
3547 4985 3617 5020 τε
3655 4970 3751 5020 καὶ

2155 5058 2362 5119 ὲνὼσει,
2406 5062 2506 5130 τῆς
2534 5060 2883 5121 ἀναστάσεως
2914 5060 3095 5129 ἔτυχε,
3124 5060 3217 5111 καὶ
3252 5060 3314 5113 τὸ
3344 5060 3586 5129 φθαρτὸν
3615 5060 3753 5111 ἀνα-

2152 5151 2412 5221 τιθεμένη
2460 5153 2556 5205 σὺν
2614 5156 2725 5216 τοῖς
2779 5153 3101 5223 παθήμασιν
3150 5153 3231 5214 είς
3279 5150 3597 5221 ἀφθαρσίαν
3656 5149 3753 5203 καὶ

2147 5242 2449 5297 ἀθανασίαν
2488 5245 2710 5318 μετέϐηο
2754 5244 2895 5298 οὕτω
2926 5246 3021 5298 καὶ
3055 5244 3213 5315 ὑμεῖς
3242 5244 3342 5315 τῆς
3366 5243 3616 5313 χαλεπῆς
3653 5241 3751 5296 τοῦ

2150 5335 2380 5389 θανάτου
2427 5337 2676 5402 δουλείας
2717 5337 3195 5407 ἀπαλλαγήσεσθε,
3253 5338 3349 5389 καὶ
3386 5335 3485 5406 τὴν
3530 5335 3751 5407 φθορὰν

2148 5426 2552 5498 ἀπορρίψαντες
2580 5431 2677 5483 σὺν
2702 5433 2814 5493 τοῖς
2852 5428 3100 5495 πάθεσιν,
3124 5426 3417 5481 ἐνδύσασθε
3460 5426 3558 5497 τὴν
3598 5426 3751 5479 ἀπάο

2148 5518 2319 5572 θειαν.
2361 5520 2452 5572 Διὸ
2483 5522 2577 5573 καὶ
2609 5521 2669 5574 τὸ
2715 5521 2884 5593 δῶρον
2913 5519 3007 5573 τοῦ
3042 5520 3417 5590 βαπτίσματος
3442 5520 3616 5571 πᾶσιν
3649 5518 3748 5571 ἀν-

2147 5608 2384 5681 θρώποις
2416 5611 2505 5665 διὰ
2528 5613 2638 5665 τῶν
2674 5612 2989 5666 ἀποστόλων
3036 5610 3331 5685 ἐξέπεμψε.
3391 5628 3409 5659 ι
3434 5607 3749 5680 Πορευθένο

1702 5788 1748 5819 δ”
1779 5787 1965 5845 Maltn.
2002 5803 2197 5856 xxvtu,
2230 5793 2309 5847 l9.
