  <div class='ocr_page' id='page_1' title='image "/cluster/home/n/w/nwhite01/storage/ocr_20150623/75/hvd.32044019207935/772.png"; bbox 0 0 4038 6574; ppageno 0'>
   <div class='ocr_carea' id='block_1_1' title="bbox 366 399 501 459">
    <p class='ocr_par' dir='ltr' id='par_1_1' title="bbox 366 399 501 459">
     <span class='ocr_line' id='line_1_1' title="bbox 366 399 501 459; baseline 0.022 -3"><span class='ocrx_word' id='word_1_1' title='bbox 366 399 501 459; x_wconf 71' lang='lat'><strong>“69</strong></span> 
     </span>
    </p>
   </div>
   <div class='ocr_carea' id='block_1_2' title="bbox 1523 409 2459 475">
    <p class='ocr_par' dir='ltr' id='par_1_2' title="bbox 1523 409 2459 475">
     <span class='ocr_line' id='line_1_2' title="bbox 1523 409 2459 475; baseline 0.01 -10"><span class='ocrx_word' id='word_1_2' title='bbox 1523 409 1612 469; x_wconf 84' lang='lat' dir='ltr'><strong>DE</strong></span> <span class='ocrx_word' id='word_1_3' title='bbox 1652 412 2165 473; x_wconf 80' lang='lat' dir='ltr'><strong>INCARNATIONE</strong></span> <span class='ocrx_word' id='word_1_4' title='bbox 2203 416 2459 475; x_wconf 71' lang='lat' dir='ltr'><strong>DOMINI.</strong></span> 
     </span>
    </p>
   </div>
   <div class='ocr_carea' id='block_1_3' title="bbox 3476 418 3615 474">
    <p class='ocr_par' dir='ltr' id='par_1_3' title="bbox 3476 418 3615 474">
     <span class='ocr_line' id='line_1_3' title="bbox 3476 418 3615 474; baseline 0.007 -1"><span class='ocrx_word' id='word_1_5' title='bbox 3476 418 3615 474; x_wconf 72' lang='grc'>1470</span> 
     </span>
    </p>
   </div>
   <div class='ocr_carea' id='block_1_4' title="bbox 361 518 1931 607">
    <p class='ocr_par' dir='ltr' id='par_1_4' title="bbox 361 518 1931 602">
     <span class='ocr_line' id='line_1_4' title="bbox 361 518 1931 602; baseline 0.008 -29"><span class='ocrx_word' id='word_1_6' title='bbox 361 536 454 584; x_wconf 82' lang='grc' dir='ltr'><strong>τες</strong></span> <span class='ocrx_word' id='word_1_7' title='bbox 484 518 614 592; x_wconf 74' lang='grc' dir='ltr'>γὰρ,</span> <span class='ocrx_word' id='word_1_8' title='bbox 647 518 801 594; x_wconf 71' lang='grc' dir='ltr'>φησι,</span> <span class='ocrx_word' id='word_1_9' title='bbox 841 521 1217 597; x_wconf 80' lang='grc' dir='ltr'><strong>μαθητεύσατε</strong></span> <span class='ocrx_word' id='word_1_10' title='bbox 1264 525 1441 582; x_wconf 89' lang='grc' dir='ltr'>πάντα</span> <span class='ocrx_word' id='word_1_11' title='bbox 1469 528 1538 582; x_wconf 75' lang='grc' dir='ltr'><strong>τὰ</strong></span> <span class='ocrx_word' id='word_1_12' title='bbox 1580 529 1732 601; x_wconf 77' lang='grc' dir='ltr'>ἔθνη,</span> <span class='ocrx_word' id='word_1_13' title='bbox 1758 532 1931 602; x_wconf 87' lang='grc' dir='ltr'>βαπτί-</span> 
     </span>
    </p>
   </div>
   <div class='ocr_carea' id='block_1_5' title="bbox 2032 518 3605 607">
    <p class='ocr_par' dir='ltr' id='par_1_5' title="bbox 2048 520 3605 607">
     <span class='ocr_line' id='line_1_5' title="bbox 2048 520 3605 607; baseline -0.004 -16"><span class='ocrx_word' id='word_1_14' title='bbox 2048 544 2102 591; x_wconf 89' lang='lat' dir='ltr'><strong>et</strong></span> <span class='ocrx_word' id='word_1_15' title='bbox 2137 544 2295 607; x_wconf 84' lang='lat' dir='ltr'><strong>typus</strong></span> <span class='ocrx_word' id='word_1_16' title='bbox 2348 536 2541 592; x_wconf 87' lang='lat' dir='ltr'><strong>mortis</strong></span> <span class='ocrx_word' id='word_1_17' title='bbox 2602 534 2915 592; x_wconf 80' lang='lat' dir='ltr'><strong>Dominicae.</strong></span> <span class='ocrx_word' id='word_1_18' title='bbox 2948 553 2967 587; x_wconf 75' lang='grc' dir='ltr'><strong>ι</strong></span> <span class='ocrx_word' id='word_1_19' title='bbox 3007 533 3139 590; x_wconf 80' lang='lat' dir='ltr'><strong>Nam</strong></span> <span class='ocrx_word' id='word_1_20' title='bbox 3168 532 3212 590; x_wconf 86' lang='lat' dir='ltr'><strong>si</strong></span> <span class='ocrx_word' id='word_1_21' title='bbox 3236 520 3605 602; x_wconf 82' lang='lat' dir='ltr'><strong>complantati,</strong></span> 
     </span>
    </p>
   </div>
   <div class='ocr_carea' id='block_1_6' title="bbox 360 612 1932 689">
    <p class='ocr_par' dir='ltr' id='par_1_6' title="bbox 360 612 1932 689">
     <span class='ocr_line' id='line_1_6' title="bbox 360 612 1932 689; baseline 0.007 -25"><span class='ocrx_word' id='word_1_22' title='bbox 360 612 545 677; x_wconf 75' lang='grc' dir='ltr'>ζοντες</span> <span class='ocrx_word' id='word_1_23' title='bbox 574 613 771 679; x_wconf 78' lang='grc' dir='ltr'>αὐτοὺς</span> <span class='ocrx_word' id='word_1_24' title='bbox 799 616 880 680; x_wconf 85' lang='grc' dir='ltr'><strong>είς</strong></span> <span class='ocrx_word' id='word_1_25' title='bbox 900 617 960 669; x_wconf 81' lang='grc' dir='ltr'><strong>τὸ</strong></span> <span class='ocrx_word' id='word_1_26' title='bbox 981 616 1153 686; x_wconf 76' lang='grc' dir='ltr'>ὄνομα</span> <span class='ocrx_word' id='word_1_27' title='bbox 1180 616 1272 670; x_wconf 93' lang='grc' dir='ltr'><strong>τοῦ</strong></span> <span class='ocrx_word' id='word_1_28' title='bbox 1290 618 1524 689; x_wconf 83' lang='grc' dir='ltr'>Πατρὸς,</span> <span class='ocrx_word' id='word_1_29' title='bbox 1547 621 1641 674; x_wconf 72' lang='grc' dir='ltr'><strong>καὶ</strong></span> <span class='ocrx_word' id='word_1_30' title='bbox 1663 621 1756 674; x_wconf 87' lang='grc' dir='ltr'><strong>τοῦ</strong></span> <span class='ocrx_word' id='word_1_31' title='bbox 1781 621 1932 686; x_wconf 79' lang='grc' dir='ltr'>Υίοῦ,</span> 
     </span>
    </p>
   </div>
   <div class='ocr_carea' id='block_1_7' title="bbox 358 701 1936 781">
    <p class='ocr_par' dir='ltr' id='par_1_7' title="bbox 358 701 1936 781">
     <span class='ocr_line' id='line_1_7' title="bbox 358 701 1936 781; baseline 0.007 -27"><span class='ocrx_word' id='word_1_32' title='bbox 358 702 455 756; x_wconf 77' lang='grc' dir='ltr'>καὶ</span> <span class='ocrx_word' id='word_1_33' title='bbox 481 701 577 756; x_wconf 88' lang='grc' dir='ltr'><strong>τοῦ</strong></span> <span class='ocrx_word' id='word_1_34' title='bbox 603 704 759 773; x_wconf 89' lang='grc' dir='ltr'>ἀγίου</span> <span class='ocrx_word' id='word_1_35' title='bbox 786 706 1119 777; x_wconf 87' lang='grc' dir='ltr'>Πνεύματος.</span> <span class='ocrx_word' id='word_1_36' title='bbox 1149 707 1563 781; x_wconf 53' lang='grc' dir='ltr'>»ζΤδξβάπτισμα</span> <span class='ocrx_word' id='word_1_37' title='bbox 1578 710 1671 764; x_wconf 87' lang='grc' dir='ltr'><strong>τοῦ</strong></span> <span class='ocrx_word' id='word_1_38' title='bbox 1685 714 1936 766; x_wconf 76' lang='grc' dir='ltr'>Δεσποτιο</span> 
     </span>
    </p>
   </div>
   <div class='ocr_carea' id='block_1_8' title="bbox 2041 624 3609 695">
    <p class='ocr_par' dir='ltr' id='par_1_8' title="bbox 2041 624 3609 695">
     <span class='ocr_line' id='line_1_8' title="bbox 2041 624 3609 695; baseline -0.001 -14"><span class='ocrx_word' id='word_1_39' title='bbox 2041 626 2214 695; x_wconf 89' lang='lat' dir='ltr'><strong>inquit</strong></span> <span class='ocrx_word' id='word_1_40' title='bbox 2281 627 2513 694; x_wconf 81' lang='lat' dir='ltr'><strong>Paulus,</strong></span> <span class='ocrx_word' id='word_1_41' title='bbox 2582 628 2787 684; x_wconf 83' lang='lat' dir='ltr'><strong>fuimus</strong></span> <span class='ocrx_word' id='word_1_42' title='bbox 2838 626 3175 683; x_wconf 77' lang='lat' dir='ltr'><strong>similitudini</strong></span> <span class='ocrx_word' id='word_1_43' title='bbox 3237 624 3423 680; x_wconf 87' lang='lat' dir='ltr'><strong>mortis</strong></span> <span class='ocrx_word' id='word_1_44' title='bbox 3488 624 3609 681; x_wconf 83' lang='lat' dir='ltr'><strong>Filii</strong></span> 
     </span>
    </p>
   </div>
   <div class='ocr_carea' id='block_1_9' title="bbox 2041 713 3075 782">
    <p class='ocr_par' dir='ltr' id='par_1_9' title="bbox 2041 713 3075 782">
     <span class='ocr_line' id='line_1_9' title="bbox 2041 713 3075 782; baseline -0.001 -13"><span class='ocrx_word' id='word_1_45' title='bbox 2041 713 2179 782; x_wconf 83' lang='lat' dir='ltr'><strong>ejus,</strong></span> <span class='ocrx_word' id='word_1_46' title='bbox 2214 716 2417 770; x_wconf 77' lang='lat' dir='ltr'><strong>erimus</strong></span> <span class='ocrx_word' id='word_1_47' title='bbox 2455 728 2510 771; x_wconf 91' lang='lat' dir='ltr'><strong>et</strong></span> <span class='ocrx_word' id='word_1_48' title='bbox 2533 720 2951 774; x_wconf 81' lang='lat' dir='ltr'><strong>resurrectionis</strong></span> <span class='ocrx_word' id='word_1_49' title='bbox 2977 718 3022 749; x_wconf 80' lang='grc'><strong>³³</strong></span> <span class='ocrx_word' id='word_1_50' title='bbox 3056 736 3075 768; x_wconf 71' lang='grc' dir='ltr'><strong>ι</strong></span> 
     </span>
    </p>
   </div>
   <div class='ocr_carea' id='block_1_10' title="bbox 361 793 3611 879">
    <p class='ocr_par' dir='ltr' id='par_1_10' title="bbox 361 793 3611 879">
     <span class='ocr_line' id='line_1_10' title="bbox 361 793 3611 879; baseline 0.003 -33"><span class='ocrx_word' id='word_1_51' title='bbox 361 793 455 846; x_wconf 88' lang='grc' dir='ltr'><strong>κοῦ</strong></span> <span class='ocrx_word' id='word_1_52' title='bbox 486 794 712 849; x_wconf 88' lang='grc' dir='ltr'>θανάτου</span> <span class='ocrx_word' id='word_1_53' title='bbox 739 797 1079 868; x_wconf 79' lang='grc' dir='ltr'>σκιαγραφία</span> <span class='ocrx_word' id='word_1_54' title='bbox 1123 816 1208 864; x_wconf 90' lang='grc' dir='ltr'><strong>τις</strong></span> <span class='ocrx_word' id='word_1_55' title='bbox 1250 801 1486 872; x_wconf 81' lang='grc' dir='ltr'><strong>ὑπάρχει</strong></span> <span class='ocrx_word' id='word_1_56' title='bbox 1553 802 1648 856; x_wconf 80' lang='grc' dir='ltr'>καὶ</span> <span class='ocrx_word' id='word_1_57' title='bbox 1690 802 1881 867; x_wconf 87' lang='grc' dir='ltr'>τύπος.</span> <span class='ocrx_word' id='word_1_58' title='bbox 1923 823 1943 857; x_wconf 76' lang='lat' dir='ltr'><strong>r</strong></span> <span class='ocrx_word' id='word_1_59' title='bbox 1993 806 2056 859; x_wconf 86' lang='grc' dir='ltr'><strong>Εἰ</strong></span> <span class='ocrx_word' id='word_1_60' title='bbox 2100 808 2210 877; x_wconf 88' lang='grc' dir='ltr'>γὰρ</span> <span class='ocrx_word' id='word_1_61' title='bbox 2248 807 2541 879; x_wconf 81' lang='grc' dir='ltr'>σύμφυτοι,</span> <span class='ocrx_word' id='word_1_62' title='bbox 2605 811 2768 879; x_wconf 71' lang='grc' dir='ltr'>φησιν</span> <span class='ocrx_word' id='word_1_63' title='bbox 2819 812 2846 862; x_wconf 95' lang='lat'><strong>6</strong></span> <span class='ocrx_word' id='word_1_64' title='bbox 2893 808 3122 871; x_wconf 82' lang='grc' dir='ltr'><strong>Παῦλος,</strong></span> <span class='ocrx_word' id='word_1_65' title='bbox 3184 807 3486 876; x_wconf 80' lang='grc' dir='ltr'><strong>γεγόναμεν</strong></span> <span class='ocrx_word' id='word_1_66' title='bbox 3533 800 3611 872; x_wconf 78' lang='grc' dir='ltr'>τῷ</span> 
     </span>
    </p>
   </div>
   <div class='ocr_carea' id='block_1_11' title="bbox 358 885 2785 971">
    <p class='ocr_par' dir='ltr' id='par_1_11' title="bbox 358 885 2785 971">
     <span class='ocr_line' id='line_1_11' title="bbox 358 885 2785 971; baseline 0.006 -33"><span class='ocrx_word' id='word_1_67' title='bbox 358 885 663 958; x_wconf 80' lang='grc' dir='ltr'><strong>ὁμοιώματι</strong></span> <span class='ocrx_word' id='word_1_68' title='bbox 712 888 808 941; x_wconf 92' lang='grc' dir='ltr'><strong>τοῦ</strong></span> <span class='ocrx_word' id='word_1_69' title='bbox 850 889 1078 945; x_wconf 88' lang='grc' dir='ltr'>θανάτου</span> <span class='ocrx_word' id='word_1_70' title='bbox 1123 892 1218 946; x_wconf 84' lang='grc' dir='ltr'><strong>τοῦ</strong></span> <span class='ocrx_word' id='word_1_71' title='bbox 1250 893 1382 948; x_wconf 84' lang='grc' dir='ltr'>Υίοῦ</span> <span class='ocrx_word' id='word_1_72' title='bbox 1414 892 1602 959; x_wconf 84' lang='grc' dir='ltr'>αὐτοῦ,</span> <span class='ocrx_word' id='word_1_73' title='bbox 1636 894 1774 949; x_wconf 89' lang='grc' dir='ltr'><strong>ἀλλά</strong></span> <span class='ocrx_word' id='word_1_74' title='bbox 1818 897 1914 950; x_wconf 71' lang='grc' dir='ltr'>καὶ</span> <span class='ocrx_word' id='word_1_75' title='bbox 1952 900 2054 967; x_wconf 84' lang='grc' dir='ltr'>τῆς</span> <span class='ocrx_word' id='word_1_76' title='bbox 2088 899 2439 965; x_wconf 79' lang='grc' dir='ltr'><strong>ἀναστάσεως</strong></span> <span class='ocrx_word' id='word_1_77' title='bbox 2479 901 2734 971; x_wconf 84' lang='grc' dir='ltr'>ἐσόμεθα.</span> <span class='ocrx_word' id='word_1_78' title='bbox 2766 919 2785 953; x_wconf 73' lang='grc' dir='ltr'><strong>ι</strong></span> 
     </span>
    </p>
   </div>
   <div class='ocr_carea' id='block_1_12' title="bbox 360 1017 1931 1099">
    <p class='ocr_par' dir='ltr' id='par_1_12' title="bbox 360 1017 1931 1099">
     <span class='ocr_line' id='line_1_12' title="bbox 360 1017 1931 1099; baseline 0.009 -28"><span class='ocrx_word' id='word_1_79' title='bbox 360 1017 489 1073; x_wconf 78' lang='grc' dir='ltr'><strong>ΚΘ.</strong></span> <span class='ocrx_word' id='word_1_80' title='bbox 557 1019 888 1099; x_wconf 52' lang='grc' dir='ltr'>’ᾼπόδειεις</span> <span class='ocrx_word' id='word_1_81' title='bbox 937 1022 1012 1099; x_wconf 56' lang='grc' dir='ltr'><strong>ἐκ</strong></span> <span class='ocrx_word' id='word_1_82' title='bbox 1068 1022 1191 1099; x_wconf 60' lang='grc' dir='ltr'><strong>τῶ]ρ</strong></span> <span class='ocrx_word' id='word_1_83' title='bbox 1237 1025 1634 1099; x_wconf 13' lang='grc' dir='ltr'>’Ἀίποστόλου</span> <span class='ocrx_word' id='word_1_84' title='bbox 1701 1030 1931 1098; x_wconf 61' lang='lat' dir='ltr'><strong>magar?»</strong></span> 
     </span>
    </p>
   </div>
   <div class='ocr_carea' id='block_1_13' title="bbox 2032 1017 3609 1099">
    <p class='ocr_par' dir='ltr' id='par_1_13' title="bbox 2043 1028 3609 1099">
     <span class='ocr_line' id='line_1_13' title="bbox 2043 1028 3609 1099; baseline -0.004 -11"><span class='ocrx_word' id='word_1_85' title='bbox 2043 1030 2237 1088; x_wconf 75' lang='lat' dir='ltr'><strong>XXIX.</strong></span> <span class='ocrx_word' id='word_1_86' title='bbox 2258 1031 2342 1087; x_wconf 69' lang='lat' dir='ltr'><strong>Ex-</strong></span> <span class='ocrx_word' id='word_1_87' title='bbox 2364 1032 2598 1096; x_wconf 78' lang='lat' dir='ltr'><strong>Aposloli</strong></span> <span class='ocrx_word' id='word_1_88' title='bbox 2624 1033 2830 1098; x_wconf 73' lang='lat' dir='ltr'><strong>scriptis</strong></span> <span class='ocrx_word' id='word_1_89' title='bbox 2851 1032 2908 1099; x_wconf 84' lang='lat' dir='ltr'><strong>ﬁt</strong></span> <span class='ocrx_word' id='word_1_90' title='bbox 2934 1030 3305 1083; x_wconf 77' lang='lat' dir='ltr'><strong>demonstratio</strong></span> <span class='ocrx_word' id='word_1_91' title='bbox 3330 1028 3609 1097; x_wconf 75' lang='lat' dir='ltr'><strong>perfectam</strong></span> 
     </span>
    </p>
   </div>
   <div class='ocr_carea' id='block_1_14' title="bbox 465 1088 1834 1167">
    <p class='ocr_par' dir='ltr' id='par_1_14' title="bbox 465 1088 1834 1167">
     <span class='ocr_line' id='line_1_14' title="bbox 465 1088 1834 1167; baseline 0.009 -27"><span class='ocrx_word' id='word_1_92' title='bbox 465 1088 598 1155; x_wconf 81' lang='grc' dir='ltr'>περὶ</span> <span class='ocrx_word' id='word_1_93' title='bbox 636 1088 748 1158; x_wconf 82' lang='grc' dir='ltr'>τῆς</span> <span class='ocrx_word' id='word_1_94' title='bbox 786 1092 1020 1158; x_wconf 73' lang='grc' dir='ltr'>τελείας</span> <span class='ocrx_word' id='word_1_95' title='bbox 1062 1092 1170 1146; x_wconf 81' lang='grc' dir='ltr'><strong>τοῦ</strong></span> <span class='ocrx_word' id='word_1_96' title='bbox 1216 1094 1531 1163; x_wconf 77' lang='grc' dir='ltr'>ἀνθρώπου</span> <span class='ocrx_word' id='word_1_97' title='bbox 1574 1088 1834 1167; x_wconf 54' lang='grc' dir='ltr'>φύσει)ςῖ</span> 
     </span>
    </p>
   </div>
   <div class='ocr_carea' id='block_1_15' title="bbox 430 1197 1937 1281">
    <p class='ocr_par' dir='ltr' id='par_1_15' title="bbox 430 1197 1937 1281">
     <span class='ocr_line' id='line_1_15' title="bbox 430 1197 1937 1281; baseline 0.011 -30"><span class='ocrx_word' id='word_1_98' title='bbox 430 1197 587 1252; x_wconf 78' lang='grc' dir='ltr'>Οὕτω</span> <span class='ocrx_word' id='word_1_99' title='bbox 628 1202 909 1271; x_wconf 78' lang='grc' dir='ltr'>γεννηθεὶς</span> <span class='ocrx_word' id='word_1_100' title='bbox 952 1204 981 1255; x_wconf 97' lang='lat'><strong>6</strong></span> <span class='ocrx_word' id='word_1_101' title='bbox 1024 1206 1306 1277; x_wconf 83' lang='grc' dir='ltr'><strong>Δεσπότης</strong></span> <span class='ocrx_word' id='word_1_102' title='bbox 1343 1209 1598 1279; x_wconf 84' lang='grc' dir='ltr'>Χριστὸς,</span> <span class='ocrx_word' id='word_1_103' title='bbox 1629 1210 1773 1264; x_wconf 72' lang='grc' dir='ltr'>οὕτω</span> <span class='ocrx_word' id='word_1_104' title='bbox 1805 1230 1937 1281; x_wconf 90' lang='grc' dir='ltr'>τρα-</span> 
     </span>
    </p>
   </div>
   <div class='ocr_carea' id='block_1_16' title="bbox 360 1287 1933 1369">
    <p class='ocr_par' dir='ltr' id='par_1_16' title="bbox 360 1287 1933 1369">
     <span class='ocr_line' id='line_1_16' title="bbox 360 1287 1933 1369; baseline 0.01 -30"><span class='ocrx_word' id='word_1_105' title='bbox 360 1287 502 1356; x_wconf 72' lang='grc' dir='ltr'>φεὶς,</span> <span class='ocrx_word' id='word_1_106' title='bbox 560 1288 704 1343; x_wconf 77' lang='grc' dir='ltr'>οὕτω</span> <span class='ocrx_word' id='word_1_107' title='bbox 765 1290 1275 1365; x_wconf 79' lang='grc' dir='ltr'>θαυματουργήσας,</span> <span class='ocrx_word' id='word_1_108' title='bbox 1337 1296 1425 1352; x_wconf 82' lang='grc' dir='ltr'><strong>διὰ</strong></span> <span class='ocrx_word' id='word_1_109' title='bbox 1486 1297 1659 1354; x_wconf 86' lang='grc' dir='ltr'>ταῦτα</span> <span class='ocrx_word' id='word_1_110' title='bbox 1724 1301 1933 1369; x_wconf 86' lang='grc' dir='ltr'>παθὼν,</span> 
     </span>
    </p>
   </div>
   <div class='ocr_carea' id='block_1_17' title="bbox 359 1378 1935 1457">
    <p class='ocr_par' dir='ltr' id='par_1_17' title="bbox 359 1378 1935 1457">
     <span class='ocr_line' id='line_1_17' title="bbox 359 1378 1935 1457; baseline 0.01 -26"><span class='ocrx_word' id='word_1_111' title='bbox 359 1378 714 1450; x_wconf 71' lang='grc' dir='ltr'>σταυρωθεὶς,</span> <span class='ocrx_word' id='word_1_112' title='bbox 753 1382 1058 1451; x_wconf 86' lang='grc' dir='ltr'>ἀποθανὼν,</span> <span class='ocrx_word' id='word_1_113' title='bbox 1107 1387 1355 1457; x_wconf 82' lang='grc' dir='ltr'>κήρυκας</span> <span class='ocrx_word' id='word_1_114' title='bbox 1401 1388 1728 1456; x_wconf 77' lang='grc' dir='ltr'><strong>ἀποστείλας</strong></span> <span class='ocrx_word' id='word_1_115' title='bbox 1772 1395 1935 1447; x_wconf 78' lang='grc' dir='ltr'>πᾶσιν</span> 
     </span>
    </p>
   </div>
   <div class='ocr_carea' id='block_1_18' title="bbox 357 1468 1936 1551">
    <p class='ocr_par' dir='ltr' id='par_1_18' title="bbox 357 1468 1936 1551">
     <span class='ocr_line' id='line_1_18' title="bbox 357 1468 1936 1551; baseline 0.009 -31"><span class='ocrx_word' id='word_1_116' title='bbox 357 1468 666 1540; x_wconf 87' lang='grc' dir='ltr'>ἀνθρώποις</span> <span class='ocrx_word' id='word_1_117' title='bbox 707 1472 833 1536; x_wconf 80' lang='grc' dir='ltr'>τοὺς</span> <span class='ocrx_word' id='word_1_118' title='bbox 875 1473 1051 1545; x_wconf 80' lang='grc' dir='ltr'>ἱεροὺς</span> <span class='ocrx_word' id='word_1_119' title='bbox 1092 1476 1360 1547; x_wconf 80' lang='grc' dir='ltr'>μαθητὰς,</span> <span class='ocrx_word' id='word_1_120' title='bbox 1427 1480 1508 1543; x_wconf 84' lang='grc' dir='ltr'><strong>είς</strong></span> <span class='ocrx_word' id='word_1_121' title='bbox 1563 1479 1653 1533; x_wconf 79' lang='grc' dir='ltr'>τὸν</span> <span class='ocrx_word' id='word_1_122' title='bbox 1709 1481 1936 1551; x_wconf 82' lang='grc' dir='ltr'>οὐρανὸν</span> 
     </span>
    </p>
   </div>
   <div class='ocr_carea' id='block_1_19' title="bbox 357 1558 1937 1643">
    <p class='ocr_par' dir='ltr' id='par_1_19' title="bbox 357 1558 1937 1643">
     <span class='ocr_line' id='line_1_19' title="bbox 357 1558 1937 1643; baseline 0.009 -33"><span class='ocrx_word' id='word_1_123' title='bbox 357 1558 670 1630; x_wconf 86' lang='grc' dir='ltr'>ἀνελήφθη·</span> <span class='ocrx_word' id='word_1_124' title='bbox 730 1563 823 1615; x_wconf 79' lang='grc' dir='ltr'>καὶ</span> <span class='ocrx_word' id='word_1_125' title='bbox 865 1563 1036 1618; x_wconf 87' lang='grc' dir='ltr'>ταῦτα</span> <span class='ocrx_word' id='word_1_126' title='bbox 1098 1566 1155 1618; x_wconf 90' lang='grc' dir='ltr'><strong>ἐν</strong></span> <span class='ocrx_word' id='word_1_127' title='bbox 1208 1569 1489 1640; x_wconf 72' lang='grc' dir='ltr'>κεφαλαίῳ</span> <span class='ocrx_word' id='word_1_128' title='bbox 1542 1572 1600 1624; x_wconf 91' lang='grc' dir='ltr'><strong>ἐν</strong></span> <span class='ocrx_word' id='word_1_129' title='bbox 1644 1573 1756 1635; x_wconf 80' lang='grc' dir='ltr'>τοῖς</span> <span class='ocrx_word' id='word_1_130' title='bbox 1800 1572 1937 1643; x_wconf 80' lang='grc' dir='ltr'>πρὸς</span> 
     </span>
    </p>
   </div>
   <div class='ocr_carea' id='block_1_20' title="bbox 358 1649 1935 1733">
    <p class='ocr_par' dir='ltr' id='par_1_20' title="bbox 358 1649 1935 1733">
     <span class='ocr_line' id='line_1_20' title="bbox 358 1649 1935 1733; baseline 0.011 -32"><span class='ocrx_word' id='word_1_131' title='bbox 358 1649 621 1719; x_wconf 88' lang='grc' dir='ltr'>Τιμόθεον</span> <span class='ocrx_word' id='word_1_132' title='bbox 641 1656 950 1723; x_wconf 84' lang='grc' dir='ltr'>γραφεῖσιν.</span> <span class='ocrx_word' id='word_1_133' title='bbox 966 1658 995 1710; x_wconf 91' lang='lat'><strong>6</strong></span> <span class='ocrx_word' id='word_1_134' title='bbox 1012 1658 1330 1724; x_wconf 83' lang='grc' dir='ltr'>Ἀπόστολος</span> <span class='ocrx_word' id='word_1_135' title='bbox 1352 1663 1497 1732; x_wconf 76' lang='grc' dir='ltr'>ἡμᾶς</span> <span class='ocrx_word' id='word_1_136' title='bbox 1520 1663 1722 1728; x_wconf 76' lang='grc' dir='ltr'>ἐδίδαξε</span> <span class='ocrx_word' id='word_1_137' title='bbox 1743 1664 1935 1733; x_wconf 84' lang='grc' dir='ltr'>λέγων·</span> 
     </span>
    </p>
   </div>
   <div class='ocr_carea' id='block_1_21' title="bbox 363 1742 1938 1826">
    <p class='ocr_par' dir='ltr' id='par_1_21' title="bbox 363 1742 1938 1826">
     <span class='ocr_line' id='line_1_21' title="bbox 363 1742 1938 1826; baseline 0.01 -32"><span class='ocrx_word' id='word_1_138' title='bbox 363 1762 382 1794; x_wconf 73' lang='grc' dir='ltr'><strong>ι</strong></span> <span class='ocrx_word' id='word_1_139' title='bbox 405 1742 884 1814; x_wconf 85' lang='grc' dir='ltr'>Ὀμολογουμένως</span> <span class='ocrx_word' id='word_1_140' title='bbox 910 1747 1052 1818; x_wconf 79' lang='grc' dir='ltr'>μέγα</span> <span class='ocrx_word' id='word_1_141' title='bbox 1081 1751 1198 1804; x_wconf 78' lang='grc' dir='ltr'>ἐστὶ</span> <span class='ocrx_word' id='word_1_142' title='bbox 1222 1751 1281 1805; x_wconf 84' lang='grc' dir='ltr'>τὸ</span> <span class='ocrx_word' id='word_1_143' title='bbox 1308 1752 1407 1823; x_wconf 83' lang='grc' dir='ltr'><strong>τῆς</strong></span> <span class='ocrx_word' id='word_1_144' title='bbox 1429 1753 1706 1818; x_wconf 90' lang='grc' dir='ltr'>εὐσεϐείας</span> <span class='ocrx_word' id='word_1_145' title='bbox 1731 1757 1938 1826; x_wconf 78' lang='grc' dir='ltr'>μυστή-</span> 
     </span>
    </p>
   </div>
   <div class='ocr_carea' id='block_1_22' title="bbox 2311 1101 3339 1171">
    <p class='ocr_par' dir='ltr' id='par_1_22' title="bbox 2311 1101 3339 1171">
     <span class='ocr_line' id='line_1_22' title="bbox 2311 1101 3339 1171; baseline -0.006 -15"><span class='ocrx_word' id='word_1_146' title='bbox 2311 1104 2473 1171; x_wconf 76' lang='lat' dir='ltr'><strong>[uisse</strong></span> <span class='ocrx_word' id='word_1_147' title='bbox 2499 1105 2551 1156; x_wconf 87' lang='lat' dir='ltr'><strong>in</strong></span> <span class='ocrx_word' id='word_1_148' title='bbox 2586 1101 2796 1157; x_wconf 82' lang='lat' dir='ltr'><strong>Christo</strong></span> <span class='ocrx_word' id='word_1_149' title='bbox 2818 1101 3042 1154; x_wconf 76' lang='lat' dir='ltr'><strong>hominis</strong></span> <span class='ocrx_word' id='word_1_150' title='bbox 3077 1110 3339 1152; x_wconf 83' lang='lat' dir='ltr'><strong>naturam.</strong></span> 
     </span>
    </p>
   </div>
   <div class='ocr_carea' id='block_1_23' title="bbox 2116 1209 3610 1276">
    <p class='ocr_par' dir='ltr' id='par_1_23' title="bbox 2116 1209 3610 1276">
     <span class='ocr_line' id='line_1_23' title="bbox 2116 1209 3610 1276; baseline -0.006 -5"><span class='ocrx_word' id='word_1_151' title='bbox 2116 1216 2209 1272; x_wconf 86' lang='lat' dir='ltr'><strong>Sic</strong></span> <span class='ocrx_word' id='word_1_152' title='bbox 2239 1228 2401 1270; x_wconf 87' lang='lat' dir='ltr'><strong>natus</strong></span> <span class='ocrx_word' id='word_1_153' title='bbox 2434 1215 2685 1271; x_wconf 80' lang='lat' dir='ltr'><strong>Christus</strong></span> <span class='ocrx_word' id='word_1_154' title='bbox 2723 1213 3005 1276; x_wconf 91' lang='lat' dir='ltr'><strong>Dominus,</strong></span> <span class='ocrx_word' id='word_1_155' title='bbox 3068 1212 3147 1265; x_wconf 90' lang='lat' dir='ltr'><strong>sic</strong></span> <span class='ocrx_word' id='word_1_156' title='bbox 3201 1209 3489 1271; x_wconf 78' lang='lat' dir='ltr'><strong>enutritus,</strong></span> <span class='ocrx_word' id='word_1_157' title='bbox 3531 1215 3610 1264; x_wconf 83' lang='lat' dir='ltr'><strong>tot</strong></span> 
     </span>
    </p>
   </div>
   <div class='ocr_carea' id='block_1_24' title="bbox 2042 1301 3607 1376">
    <p class='ocr_par' dir='ltr' id='par_1_24' title="bbox 2042 1301 3607 1376">
     <span class='ocr_line' id='line_1_24' title="bbox 2042 1301 3607 1376; baseline -0.007 -13"><span class='ocrx_word' id='word_1_158' title='bbox 2042 1308 2322 1363; x_wconf 78' lang='lat' dir='ltr'><strong>miraculis</strong></span> <span class='ocrx_word' id='word_1_159' title='bbox 2360 1310 2543 1365; x_wconf 86' lang='lat' dir='ltr'><strong>editis,</strong></span> <span class='ocrx_word' id='word_1_160' title='bbox 2574 1318 2737 1376; x_wconf 84' lang='lat' dir='ltr'><strong>atque</strong></span> <span class='ocrx_word' id='word_1_161' title='bbox 2791 1307 2859 1360; x_wconf 90' lang='lat' dir='ltr'><strong>ob</strong></span> <span class='ocrx_word' id='word_1_162' title='bbox 2923 1305 3034 1358; x_wconf 78' lang='lat' dir='ltr'><strong>haec</strong></span> <span class='ocrx_word' id='word_1_163' title='bbox 3091 1301 3324 1373; x_wconf 81' lang='lat' dir='ltr'><strong>passioui</strong></span> <span class='ocrx_word' id='word_1_164' title='bbox 3376 1301 3607 1362; x_wconf 84' lang='lat' dir='ltr'><strong>deditus,</strong></span> 
     </span>
    </p>
   </div>
   <div class='ocr_carea' id='block_1_25' title="bbox 2040 1392 3610 1467">
    <p class='ocr_par' dir='ltr' id='par_1_25' title="bbox 2040 1392 3610 1467">
     <span class='ocr_line' id='line_1_25' title="bbox 2040 1392 3610 1467; baseline -0.006 -12"><span class='ocrx_word' id='word_1_165' title='bbox 2040 1400 2355 1466; x_wconf 76' lang='lat' dir='ltr'><strong>cruciﬁxus,</strong></span> <span class='ocrx_word' id='word_1_166' title='bbox 2409 1408 2670 1464; x_wconf 88' lang='lat' dir='ltr'><strong>mortuus,</strong></span> <span class='ocrx_word' id='word_1_167' title='bbox 2722 1395 3160 1467; x_wconf 63' lang='lat' dir='ltr'><strong>praedicatoribus</strong></span> <span class='ocrx_word' id='word_1_168' title='bbox 3213 1392 3277 1446; x_wconf 92' lang='lat' dir='ltr'><strong>ad</strong></span> <span class='ocrx_word' id='word_1_169' title='bbox 3332 1392 3610 1446; x_wconf 84' lang='lat' dir='ltr'><strong>universos</strong></span> 
     </span>
    </p>
   </div>
   <div class='ocr_carea' id='block_1_26' title="bbox 2042 1478 3611 1556">
    <p class='ocr_par' dir='ltr' id='par_1_26' title="bbox 2042 1478 3611 1556">
     <span class='ocr_line' id='line_1_26' title="bbox 2042 1478 3611 1556; baseline -0.006 -12"><span class='ocrx_word' id='word_1_170' title='bbox 2042 1490 2285 1544; x_wconf 86' lang='lat' dir='ltr'><strong>homines</strong></span> <span class='ocrx_word' id='word_1_171' title='bbox 2310 1490 2486 1544; x_wconf 81' lang='lat' dir='ltr'><strong>missis</strong></span> <span class='ocrx_word' id='word_1_172' title='bbox 2510 1491 2679 1543; x_wconf 88' lang='lat' dir='ltr'><strong>sacris</strong></span> <span class='ocrx_word' id='word_1_173' title='bbox 2701 1478 2996 1556; x_wconf 84' lang='lat' dir='ltr'><strong>discipulis,</strong></span> <span class='ocrx_word' id='word_1_174' title='bbox 3014 1485 3064 1539; x_wconf 91' lang='lat' dir='ltr'><strong>in</strong></span> <span class='ocrx_word' id='word_1_175' title='bbox 3085 1484 3278 1540; x_wconf 70' lang='lat' dir='ltr'><strong>erebum</strong></span> <span class='ocrx_word' id='word_1_176' title='bbox 3304 1491 3611 1549; x_wconf 59' lang='lat' dir='ltr'><strong>assumptus</strong></span> 
     </span>
    </p>
   </div>
   <div class='ocr_carea' id='block_1_27' title="bbox 2042 1573 3607 1650">
    <p class='ocr_par' dir='ltr' id='par_1_27' title="bbox 2042 1573 3607 1650">
     <span class='ocr_line' id='line_1_27' title="bbox 2042 1573 3607 1650; baseline -0.007 -14"><span class='ocrx_word' id='word_1_177' title='bbox 2042 1582 2162 1636; x_wconf 80' lang='lat' dir='ltr'><strong>fuit.</strong></span> <span class='ocrx_word' id='word_1_178' title='bbox 2209 1581 2331 1635; x_wconf 66' lang='lat' dir='ltr'><strong>Haec</strong></span> <span class='ocrx_word' id='word_1_179' title='bbox 2376 1581 2589 1650; x_wconf 81' lang='lat' dir='ltr'><strong>quidem</strong></span> <span class='ocrx_word' id='word_1_180' title='bbox 2626 1578 2955 1640; x_wconf 87' lang='lat' dir='ltr'><strong>summatim,</strong></span> <span class='ocrx_word' id='word_1_181' title='bbox 2996 1577 3121 1630; x_wconf 89' lang='lat' dir='ltr'><strong>dum</strong></span> <span class='ocrx_word' id='word_1_182' title='bbox 3171 1577 3236 1628; x_wconf 87' lang='lat' dir='ltr'><strong>ad</strong></span> <span class='ocrx_word' id='word_1_183' title='bbox 3269 1573 3607 1626; x_wconf 80' lang='lat' dir='ltr'><strong>Tinmlheum</strong></span> 
     </span>
    </p>
   </div>
   <div class='ocr_carea' id='block_1_28' title="bbox 2044 1662 3610 1735">
    <p class='ocr_par' dir='ltr' id='par_1_28' title="bbox 2044 1662 3610 1735">
     <span class='ocr_line' id='line_1_28' title="bbox 2044 1662 3610 1735; baseline -0.005 -10"><span class='ocrx_word' id='word_1_184' title='bbox 2044 1671 2331 1732; x_wconf 75' lang='lat' dir='ltr'><strong>scriberet,</strong></span> <span class='ocrx_word' id='word_1_185' title='bbox 2404 1685 2500 1723; x_wconf 86' lang='lat' dir='ltr'><strong>nos</strong></span> <span class='ocrx_word' id='word_1_186' title='bbox 2557 1669 2743 1722; x_wconf 88' lang='lat' dir='ltr'><strong>docuit</strong></span> <span class='ocrx_word' id='word_1_187' title='bbox 2808 1666 3095 1735; x_wconf 85' lang='lat' dir='ltr'><strong>Apostolus</strong></span> <span class='ocrx_word' id='word_1_188' title='bbox 3151 1664 3377 1717; x_wconf 86' lang='lat' dir='ltr'><strong>dicens:</strong></span> <span class='ocrx_word' id='word_1_189' title='bbox 3424 1683 3441 1713; x_wconf 80' lang='grc' dir='ltr'><strong>ι</strong></span> <span class='ocrx_word' id='word_1_190' title='bbox 3482 1662 3610 1717; x_wconf 85' lang='lat' dir='ltr'><strong>Siue</strong></span> 
     </span>
    </p>
   </div>
   <div class='ocr_carea' id='block_1_29' title="bbox 2046 1747 3606 1830">
    <p class='ocr_par' dir='ltr' id='par_1_29' title="bbox 2046 1747 3606 1830">
     <span class='ocr_line' id='line_1_29' title="bbox 2046 1747 3606 1830; baseline -0.008 -16"><span class='ocrx_word' id='word_1_191' title='bbox 2046 1760 2211 1814; x_wconf 89' lang='lat' dir='ltr'><strong>dubio</strong></span> <span class='ocrx_word' id='word_1_192' title='bbox 2243 1775 2494 1830; x_wconf 77' lang='lat' dir='ltr'><strong>maguum</strong></span> <span class='ocrx_word' id='word_1_193' title='bbox 2524 1768 2608 1812; x_wconf 87' lang='lat' dir='ltr'><strong>est</strong></span> <span class='ocrx_word' id='word_1_194' title='bbox 2634 1756 2851 1825; x_wconf 83' lang='lat' dir='ltr'><strong>pietatis</strong></span> <span class='ocrx_word' id='word_1_195' title='bbox 2886 1762 3304 1815; x_wconf 75' lang='lat' dir='ltr'><strong>sacramentum,</strong></span> <span class='ocrx_word' id='word_1_196' title='bbox 3365 1751 3503 1805; x_wconf 81' lang='lat' dir='ltr'><strong>Deus</strong></span> <span class='ocrx_word' id='word_1_197' title='bbox 3554 1747 3606 1803; x_wconf 90' lang='lat' dir='ltr'><strong>in</strong></span> 
     </span>
    </p>
   </div>
   <div class='ocr_carea' id='block_1_30' title="bbox 359 1835 1931 1921">
    <p class='ocr_par' dir='ltr' id='par_1_30' title="bbox 359 1835 1931 1914">
     <span class='ocr_line' id='line_1_30' title="bbox 359 1835 1931 1914; baseline 0.008 -27"><span class='ocrx_word' id='word_1_198' title='bbox 359 1852 495 1905; x_wconf 91' lang='grc' dir='ltr'>ριον,</span> <span class='ocrx_word' id='word_1_199' title='bbox 519 1835 651 1900; x_wconf 85' lang='grc' dir='ltr'>Θεὸς</span> <span class='ocrx_word' id='word_1_200' title='bbox 690 1838 1009 1912; x_wconf 79' lang='grc' dir='ltr'>ἐφανερώθη</span> <span class='ocrx_word' id='word_1_201' title='bbox 1046 1843 1103 1895; x_wconf 87' lang='grc' dir='ltr'><strong>ἐν</strong></span> <span class='ocrx_word' id='word_1_202' title='bbox 1146 1844 1327 1913; x_wconf 77' lang='grc' dir='ltr'>σαρκὶ,</span> <span class='ocrx_word' id='word_1_203' title='bbox 1364 1845 1652 1914; x_wconf 79' lang='grc' dir='ltr'><strong>ἐδικαιώθη</strong></span> <span class='ocrx_word' id='word_1_204' title='bbox 1684 1847 1742 1899; x_wconf 91' lang='grc' dir='ltr'><strong>ἐν</strong></span> <span class='ocrx_word' id='word_1_205' title='bbox 1770 1847 1931 1900; x_wconf 87' lang='grc' dir='ltr'>Πνεύ-</span> 
     </span>
    </p>
   </div>
   <div class='ocr_carea' id='block_1_31' title="bbox 2032 1835 3608 1921">
    <p class='ocr_par' dir='ltr' id='par_1_31' title="bbox 2042 1842 3608 1921">
     <span class='ocr_line' id='line_1_31' title="bbox 2042 1842 3608 1921; baseline -0.007 -16"><span class='ocrx_word' id='word_1_206' title='bbox 2042 1866 2204 1906; x_wconf 87' lang='lat' dir='ltr'><strong>carne</strong></span> <span class='ocrx_word' id='word_1_207' title='bbox 2254 1851 2525 1921; x_wconf 80' lang='lat' dir='ltr'><strong>apparuit,</strong></span> <span class='ocrx_word' id='word_1_208' title='bbox 2585 1848 2910 1917; x_wconf 76' lang='lat' dir='ltr'><strong>justiticatus</strong></span> <span class='ocrx_word' id='word_1_209' title='bbox 2955 1853 3036 1900; x_wconf 89' lang='lat' dir='ltr'><strong>est</strong></span> <span class='ocrx_word' id='word_1_210' title='bbox 3081 1844 3134 1897; x_wconf 89' lang='lat' dir='ltr'><strong>in</strong></span> <span class='ocrx_word' id='word_1_211' title='bbox 3187 1842 3415 1912; x_wconf 89' lang='lat' dir='ltr'><strong>Spiritu,</strong></span> <span class='ocrx_word' id='word_1_212' title='bbox 3461 1843 3608 1894; x_wconf 86' lang='lat' dir='ltr'><strong>visus</strong></span> 
     </span>
    </p>
   </div>
   <div class='ocr_carea' id='block_1_32' title="bbox 360 1926 1935 2026">
    <p class='ocr_par' dir='ltr' id='par_1_32' title="bbox 360 1926 1935 2026">
     <span class='ocr_line' id='line_1_32' title="bbox 360 1926 1935 2026; baseline 0.003 -40"><span class='ocrx_word' id='word_1_213' title='bbox 360 1943 512 2026; x_wconf 57' lang='grc' dir='ltr'><strong>ξιιξιπτιἶ</strong></span> <span class='ocrx_word' id='word_1_214' title='bbox 559 1926 713 2026; x_wconf 76' lang='grc' dir='ltr'>ὤφθη</span> <span class='ocrx_word' id='word_1_215' title='bbox 757 1930 1030 2026; x_wconf 77' lang='grc' dir='ltr'>ἀγγέλοις,</span> <span class='ocrx_word' id='word_1_216' title='bbox 1074 1933 1351 2004; x_wconf 74' lang='grc' dir='ltr'><strong>ἐκηρύχθη</strong></span> <span class='ocrx_word' id='word_1_217' title='bbox 1386 1934 1611 2002; x_wconf 79' lang='grc' dir='ltr'>ἔθνεσιν,</span> <span class='ocrx_word' id='word_1_218' title='bbox 1657 1937 1935 2010; x_wconf 87' lang='grc' dir='ltr'>ἐπιστώθη</span> 
     </span>
    </p>
   </div>
   <div class='ocr_carea' id='block_1_33' title="bbox 358 2019 1939 2101">
    <p class='ocr_par' dir='ltr' id='par_1_33' title="bbox 358 2019 1939 2101">
     <span class='ocr_line' id='line_1_33' title="bbox 358 2019 1939 2101; baseline 0.008 -30"><span class='ocrx_word' id='word_1_219' title='bbox 358 2019 417 2071; x_wconf 74' lang='grc' dir='ltr'><strong>ἐν</strong></span> <span class='ocrx_word' id='word_1_220' title='bbox 451 2020 661 2091; x_wconf 88' lang='grc' dir='ltr'>κόσμῳ,</span> <span class='ocrx_word' id='word_1_221' title='bbox 689 2021 966 2094; x_wconf 82' lang='grc' dir='ltr'>ἀνελήφθη</span> <span class='ocrx_word' id='word_1_222' title='bbox 993 2025 1051 2076; x_wconf 92' lang='grc' dir='ltr'><strong>ἐν</strong></span> <span class='ocrx_word' id='word_1_223' title='bbox 1077 2023 1224 2096; x_wconf 80' lang='grc' dir='ltr'>δόξῃ.</span> <span class='ocrx_word' id='word_1_224' title='bbox 1256 2044 1274 2077; x_wconf 74' lang='grc' dir='ltr'><strong>ι</strong></span> <span class='ocrx_word' id='word_1_225' title='bbox 1306 2026 1414 2079; x_wconf 79' lang='grc' dir='ltr'><strong>Καὶ</strong></span> <span class='ocrx_word' id='word_1_226' title='bbox 1448 2027 1545 2097; x_wconf 84' lang='grc' dir='ltr'><strong>τὴν</strong></span> <span class='ocrx_word' id='word_1_227' title='bbox 1569 2029 1667 2098; x_wconf 84' lang='grc' dir='ltr'><strong>μὲν</strong></span> <span class='ocrx_word' id='word_1_228' title='bbox 1692 2031 1939 2101; x_wconf 81' lang='grc' dir='ltr'>φανέρω-</span> 
     </span>
    </p>
   </div>
   <div class='ocr_carea' id='block_1_34' title="bbox 360 2111 1937 2191">
    <p class='ocr_par' dir='ltr' id='par_1_34' title="bbox 360 2111 1937 2191">
     <span class='ocr_line' id='line_1_34' title="bbox 360 2111 1937 2191; baseline 0.008 -27"><span class='ocrx_word' id='word_1_229' title='bbox 360 2127 445 2165; x_wconf 91' lang='grc' dir='ltr'><strong>σιν</strong></span> <span class='ocrx_word' id='word_1_230' title='bbox 476 2111 766 2178; x_wconf 78' lang='grc' dir='ltr'>συνέζευξε</span> <span class='ocrx_word' id='word_1_231' title='bbox 799 2117 864 2184; x_wconf 82' lang='grc' dir='ltr'>τῇ</span> <span class='ocrx_word' id='word_1_232' title='bbox 910 2116 1095 2185; x_wconf 77' lang='grc' dir='ltr'>σαρκὶ,</span> <span class='ocrx_word' id='word_1_233' title='bbox 1137 2115 1237 2186; x_wconf 83' lang='grc' dir='ltr'>τὴν</span> <span class='ocrx_word' id='word_1_234' title='bbox 1271 2116 1326 2170; x_wconf 80' lang='grc' dir='ltr'>δὲ</span> <span class='ocrx_word' id='word_1_235' title='bbox 1357 2117 1639 2172; x_wconf 83' lang='grc' dir='ltr'>δικαίωσιν</span> <span class='ocrx_word' id='word_1_236' title='bbox 1668 2122 1808 2175; x_wconf 85' lang='grc' dir='ltr'><strong>κατά</strong></span> <span class='ocrx_word' id='word_1_237' title='bbox 1839 2121 1937 2191; x_wconf 81' lang='grc' dir='ltr'>τὴν</span> 
     </span>
    </p>
   </div>
   <div class='ocr_carea' id='block_1_35' title="bbox 357 2204 1936 2284">
    <p class='ocr_par' dir='ltr' id='par_1_35' title="bbox 357 2204 1936 2284">
     <span class='ocr_line' id='line_1_35' title="bbox 357 2204 1936 2284; baseline 0.007 -28"><span class='ocrx_word' id='word_1_238' title='bbox 357 2204 465 2257; x_wconf 88' lang='grc' dir='ltr'><strong>τῶν</strong></span> <span class='ocrx_word' id='word_1_239' title='bbox 490 2206 783 2276; x_wconf 76' lang='grc' dir='ltr'>αἱρετικῶν</span> <span class='ocrx_word' id='word_1_240' title='bbox 816 2207 1142 2280; x_wconf 88' lang='grc' dir='ltr'>ἀϐελτηρίαν</span> <span class='ocrx_word' id='word_1_241' title='bbox 1162 2226 1176 2241; x_wconf 94' lang='grc'><strong>·</strong></span> <span class='ocrx_word' id='word_1_242' title='bbox 1224 2210 1518 2282; x_wconf 73' lang='grc' dir='ltr'>ἐδικαιώθη</span> <span class='ocrx_word' id='word_1_243' title='bbox 1556 2212 1611 2266; x_wconf 82' lang='grc' dir='ltr'>δὲ</span> <span class='ocrx_word' id='word_1_244' title='bbox 1646 2215 1713 2284; x_wconf 84' lang='grc' dir='ltr'>τῇ</span> <span class='ocrx_word' id='word_1_245' title='bbox 1746 2231 1936 2284; x_wconf 77' lang='grc' dir='ltr'>συνερ-</span> 
     </span>
    </p>
   </div>
   <div class='ocr_carea' id='block_1_36' title="bbox 357 2295 1929 2374">
    <p class='ocr_par' dir='ltr' id='par_1_36' title="bbox 357 2295 1929 2374">
     <span class='ocr_line' id='line_1_36' title="bbox 357 2295 1929 2374; baseline 0.007 -27"><span class='ocrx_word' id='word_1_246' title='bbox 357 2295 482 2366; x_wconf 81' lang='grc' dir='ltr'>γείᾳ</span> <span class='ocrx_word' id='word_1_247' title='bbox 530 2296 625 2353; x_wconf 87' lang='grc' dir='ltr'><strong>τοῦ</strong></span> <span class='ocrx_word' id='word_1_248' title='bbox 675 2299 1012 2369; x_wconf 81' lang='grc' dir='ltr'>Πνεύματος.</span> <span class='ocrx_word' id='word_1_249' title='bbox 1062 2295 1207 2368; x_wconf 66' lang='lat' dir='ltr'><strong>1rApta</strong></span> <span class='ocrx_word' id='word_1_250' title='bbox 1254 2301 1316 2355; x_wconf 81' lang='grc' dir='ltr'><strong>τὸ</strong></span> <span class='ocrx_word' id='word_1_251' title='bbox 1360 2302 1658 2357; x_wconf 90' lang='grc' dir='ltr'>δικαιῶσαν</span> <span class='ocrx_word' id='word_1_252' title='bbox 1683 2303 1929 2374; x_wconf 79' lang='grc' dir='ltr'><strong>Πνεῦμα,</strong></span> 
     </span>
    </p>
   </div>
   <div class='ocr_carea' id='block_1_37' title="bbox 358 2390 1934 2460">
    <p class='ocr_par' dir='ltr' id='par_1_37' title="bbox 358 2390 1934 2460">
     <span class='ocr_line' id='line_1_37' title="bbox 358 2390 1934 2460; baseline 0.006 -19"><span class='ocrx_word' id='word_1_253' title='bbox 358 2392 605 2460; x_wconf 83' lang='grc' dir='ltr'>κρεῖττον</span> <span class='ocrx_word' id='word_1_254' title='bbox 651 2390 743 2444; x_wconf 89' lang='grc' dir='ltr'><strong>τοῦ</strong></span> <span class='ocrx_word' id='word_1_255' title='bbox 781 2391 1160 2458; x_wconf 85' lang='grc' dir='ltr'>δικαιωθέντος</span> <span class='ocrx_word' id='word_1_256' title='bbox 1192 2394 1356 2459; x_wconf 84' lang='grc' dir='ltr'>Υἱοῦ;</span> <span class='ocrx_word' id='word_1_257' title='bbox 1397 2394 1536 2449; x_wconf 85' lang='grc' dir='ltr'>Ἀλλ’</span> <span class='ocrx_word' id='word_1_258' title='bbox 1553 2396 1737 2449; x_wconf 83' lang='grc' dir='ltr'>οὐκέτι</span> <span class='ocrx_word' id='word_1_259' title='bbox 1763 2396 1934 2451; x_wconf 87' lang='grc' dir='ltr'>ταῦτα</span> 
     </span>
    </p>
   </div>
   <div class='ocr_carea' id='block_1_38' title="bbox 357 2478 1934 2557">
    <p class='ocr_par' dir='ltr' id='par_1_38' title="bbox 357 2478 1934 2557">
     <span class='ocr_line' id='line_1_38' title="bbox 357 2478 1934 2557; baseline 0.006 -26"><span class='ocrx_word' id='word_1_260' title='bbox 357 2479 458 2531; x_wconf 85' lang='grc' dir='ltr'><strong>οὐκ</strong></span> <span class='ocrx_word' id='word_1_261' title='bbox 498 2478 650 2533; x_wconf 77' lang='grc' dir='ltr'>ἔστι·</span> <span class='ocrx_word' id='word_1_262' title='bbox 694 2480 756 2533; x_wconf 84' lang='grc' dir='ltr'><strong>τὸ</strong></span> <span class='ocrx_word' id='word_1_263' title='bbox 798 2481 907 2552; x_wconf 86' lang='grc' dir='ltr'><strong>γάρ</strong></span> <span class='ocrx_word' id='word_1_264' title='bbox 959 2483 1229 2556; x_wconf 84' lang='grc' dir='ltr'>ἡμέτερον</span> <span class='ocrx_word' id='word_1_265' title='bbox 1282 2484 1570 2557; x_wconf 80' lang='grc' dir='ltr'>ἐδικαιώθη</span> <span class='ocrx_word' id='word_1_266' title='bbox 1609 2485 1696 2539; x_wconf 90' lang='grc' dir='ltr'><strong>διά</strong></span> <span class='ocrx_word' id='word_1_267' title='bbox 1732 2485 1825 2540; x_wconf 90' lang='grc' dir='ltr'><strong>τοῦ</strong></span> <span class='ocrx_word' id='word_1_268' title='bbox 1876 2490 1934 2543; x_wconf 88' lang='grc' dir='ltr'><strong>ἐν</strong></span> 
     </span>
    </p>
   </div>
   <div class='ocr_carea' id='block_1_39' title="bbox 357 2570 1934 2649">
    <p class='ocr_par' dir='ltr' id='par_1_39' title="bbox 357 2570 1934 2649">
     <span class='ocr_line' id='line_1_39' title="bbox 357 2570 1934 2649; baseline 0.006 -26"><span class='ocrx_word' id='word_1_269' title='bbox 357 2570 507 2641; x_wconf 82' lang='grc' dir='ltr'>αὐτῷ</span> <span class='ocrx_word' id='word_1_270' title='bbox 537 2572 942 2642; x_wconf 79' lang='grc' dir='ltr'>φανερωθέντος</span> <span class='ocrx_word' id='word_1_271' title='bbox 974 2574 1129 2641; x_wconf 88' lang='grc' dir='ltr'>Θεοῦ,</span> <span class='ocrx_word' id='word_1_272' title='bbox 1179 2575 1238 2640; x_wconf 83' lang='grc' dir='ltr'>ὃς</span> <span class='ocrx_word' id='word_1_273' title='bbox 1274 2576 1594 2648; x_wconf 88' lang='grc' dir='ltr'>ἀχωρίστως</span> <span class='ocrx_word' id='word_1_274' title='bbox 1626 2577 1776 2649; x_wconf 88' lang='grc' dir='ltr'>αὐτῷ</span> <span class='ocrx_word' id='word_1_275' title='bbox 1809 2596 1934 2632; x_wconf 83' lang='grc' dir='ltr'>συν-</span> 
     </span>
    </p>
   </div>
   <div class='ocr_carea' id='block_1_40' title="bbox 354 2661 1932 2740">
    <p class='ocr_par' dir='ltr' id='par_1_40' title="bbox 354 2661 1932 2740">
     <span class='ocr_line' id='line_1_40' title="bbox 354 2661 1932 2740; baseline 0.008 -28"><span class='ocrx_word' id='word_1_276' title='bbox 354 2661 619 2732; x_wconf 85' lang='grc' dir='ltr'>ημμένος,</span> <span class='ocrx_word' id='word_1_277' title='bbox 645 2664 745 2733; x_wconf 86' lang='grc' dir='ltr'>τήν</span> <span class='ocrx_word' id='word_1_278' title='bbox 768 2679 826 2716; x_wconf 89' lang='grc' dir='ltr'><strong>τε</strong></span> <span class='ocrx_word' id='word_1_279' title='bbox 857 2663 1030 2735; x_wconf 83' lang='grc' dir='ltr'>ἀκραν</span> <span class='ocrx_word' id='word_1_280' title='bbox 1078 2666 1399 2720; x_wconf 74' lang='grc' dir='ltr'>ἐπαίδευσεν</span> <span class='ocrx_word' id='word_1_281' title='bbox 1420 2669 1642 2740; x_wconf 82' lang='grc' dir='ltr'>ἀρετὴν,</span> <span class='ocrx_word' id='word_1_282' title='bbox 1678 2671 1773 2723; x_wconf 80' lang='grc' dir='ltr'><strong>καὶ</strong></span> <span class='ocrx_word' id='word_1_283' title='bbox 1818 2669 1932 2725; x_wconf 89' lang='grc' dir='ltr'><strong>τῶν</strong></span> 
     </span>
    </p>
   </div>
   <div class='ocr_carea' id='block_1_41' title="bbox 358 2749 1933 2835">
    <p class='ocr_par' dir='ltr' id='par_1_41' title="bbox 358 2749 1933 2835">
     <span class='ocr_line' id='line_1_41' title="bbox 358 2749 1933 2835; baseline 0.008 -33"><span class='ocrx_word' id='word_1_284' title='bbox 358 2749 527 2820; x_wconf 86' lang='grc' dir='ltr'>βελῶν</span> <span class='ocrx_word' id='word_1_285' title='bbox 552 2755 651 2823; x_wconf 80' lang='grc' dir='ltr'>τῆς</span> <span class='ocrx_word' id='word_1_286' title='bbox 673 2754 950 2825; x_wconf 87' lang='grc' dir='ltr'>ἁμαρτίας</span> <span class='ocrx_word' id='word_1_287' title='bbox 1009 2755 1273 2825; x_wconf 76' lang='grc' dir='ltr'>ἐφύλαξεν</span> <span class='ocrx_word' id='word_1_288' title='bbox 1302 2758 1585 2827; x_wconf 75' lang='grc' dir='ltr'>ἄγευστον,</span> <span class='ocrx_word' id='word_1_289' title='bbox 1627 2762 1719 2814; x_wconf 69' lang='grc' dir='ltr'>καὶ</span> <span class='ocrx_word' id='word_1_290' title='bbox 1752 2762 1933 2835; x_wconf 88' lang='grc' dir='ltr'>ἀμύη-</span> 
     </span>
    </p>
   </div>
   <div class='ocr_carea' id='block_1_42' title="bbox 353 2846 1935 2924">
    <p class='ocr_par' dir='ltr' id='par_1_42' title="bbox 353 2846 1935 2924">
     <span class='ocr_line' id='line_1_42' title="bbox 353 2846 1935 2924; baseline 0.008 -28"><span class='ocrx_word' id='word_1_291' title='bbox 353 2859 465 2910; x_wconf 88' lang='grc' dir='ltr'>τον,</span> <span class='ocrx_word' id='word_1_292' title='bbox 507 2846 724 2916; x_wconf 73' lang='grc' dir='ltr'>καὶτῆς</span> <span class='ocrx_word' id='word_1_293' title='bbox 760 2846 1067 2917; x_wconf 83' lang='grc' dir='ltr'>διαϐολικῆς</span> <span class='ocrx_word' id='word_1_294' title='bbox 1099 2848 1311 2922; x_wconf 83' lang='grc' dir='ltr'>ἀπάτης</span> <span class='ocrx_word' id='word_1_295' title='bbox 1353 2852 1680 2924; x_wconf 80' lang='grc' dir='ltr'>ὑπέρτερον·</span> <span class='ocrx_word' id='word_1_296' title='bbox 1711 2855 1804 2908; x_wconf 72' lang='grc' dir='ltr'>καὶ</span> <span class='ocrx_word' id='word_1_297' title='bbox 1840 2855 1935 2908; x_wconf 91' lang='grc' dir='ltr'>θα-</span> 
     </span>
    </p>
   </div>
   <div class='ocr_carea' id='block_1_43' title="bbox 353 2935 1935 3018">
    <p class='ocr_par' dir='ltr' id='par_1_43' title="bbox 353 2935 1935 3018">
     <span class='ocr_line' id='line_1_43' title="bbox 353 2935 1935 3018; baseline 0.008 -31"><span class='ocrx_word' id='word_1_298' title='bbox 353 2935 515 2989; x_wconf 87' lang='grc' dir='ltr'>νάτου</span> <span class='ocrx_word' id='word_1_299' title='bbox 562 2936 696 3004; x_wconf 84' lang='grc' dir='ltr'>πρὸς</span> <span class='ocrx_word' id='word_1_300' title='bbox 745 2937 918 3009; x_wconf 84' lang='grc' dir='ltr'>βραχὺ</span> <span class='ocrx_word' id='word_1_301' title='bbox 965 2939 1265 3007; x_wconf 89' lang='grc' dir='ltr'>γεύσασθαι</span> <span class='ocrx_word' id='word_1_302' title='bbox 1312 2945 1695 3016; x_wconf 82' lang='grc' dir='ltr'>συγχωρήσας,</span> <span class='ocrx_word' id='word_1_303' title='bbox 1723 2963 1935 3018; x_wconf 84' lang='grc' dir='ltr'>παραυ-</span> 
     </span>
    </p>
   </div>
   <div class='ocr_carea' id='block_1_44' title="bbox 351 3024 1935 3102">
    <p class='ocr_par' dir='ltr' id='par_1_44' title="bbox 351 3024 1935 3102">
     <span class='ocr_line' id='line_1_44' title="bbox 351 3024 1935 3102; baseline 0.006 -25"><span class='ocrx_word' id='word_1_304' title='bbox 351 3024 480 3079; x_wconf 87' lang='grc' dir='ltr'>τίκα</span> <span class='ocrx_word' id='word_1_305' title='bbox 495 3026 593 3095; x_wconf 81' lang='grc' dir='ltr'>τῆς</span> <span class='ocrx_word' id='word_1_306' title='bbox 612 3025 821 3080; x_wconf 86' lang='grc' dir='ltr'>ἐκείνου</span> <span class='ocrx_word' id='word_1_307' title='bbox 844 3028 1158 3098; x_wconf 85' lang='grc' dir='ltr'>τυραννίδος</span> <span class='ocrx_word' id='word_1_308' title='bbox 1179 3030 1476 3101; x_wconf 78' lang='grc' dir='ltr'>ἀπήλλαξε,</span> <span class='ocrx_word' id='word_1_309' title='bbox 1496 3031 1709 3102; x_wconf 79' lang='grc' dir='ltr'>καὶτῆς</span> <span class='ocrx_word' id='word_1_310' title='bbox 1728 3032 1935 3097; x_wconf 77' lang='grc' dir='ltr'>οἰκείας</span> 
     </span>
    </p>
   </div>
   <div class='ocr_carea' id='block_1_45' title="bbox 352 3116 1931 3195">
    <p class='ocr_par' dir='ltr' id='par_1_45' title="bbox 352 3116 1931 3195">
     <span class='ocr_line' id='line_1_45' title="bbox 352 3116 1931 3195; baseline 0.004 -25"><span class='ocrx_word' id='word_1_311' title='bbox 352 3116 501 3187; x_wconf 80' lang='grc' dir='ltr'>αὐτῷ</span> <span class='ocrx_word' id='word_1_312' title='bbox 528 3116 675 3186; x_wconf 80' lang='grc' dir='ltr'>ζωῆς</span> <span class='ocrx_word' id='word_1_313' title='bbox 718 3117 1075 3188; x_wconf 82' lang='grc' dir='ltr'>μεταδέδωκε,</span> <span class='ocrx_word' id='word_1_314' title='bbox 1117 3120 1212 3174; x_wconf 81' lang='grc' dir='ltr'><strong>καὶ</strong></span> <span class='ocrx_word' id='word_1_315' title='bbox 1244 3122 1319 3185; x_wconf 82' lang='grc' dir='ltr'><strong>είς</strong></span> <span class='ocrx_word' id='word_1_316' title='bbox 1362 3122 1624 3193; x_wconf 83' lang='grc' dir='ltr'>οὐρανοὺς</span> <span class='ocrx_word' id='word_1_317' title='bbox 1666 3124 1931 3195; x_wconf 83' lang='grc' dir='ltr'>ἀνήγαγε,</span> 
     </span>
    </p>
   </div>
   <div class='ocr_carea' id='block_1_46' title="bbox 354 3207 1928 3286">
    <p class='ocr_par' dir='ltr' id='par_1_46' title="bbox 354 3207 1928 3286">
     <span class='ocr_line' id='line_1_46' title="bbox 354 3207 1928 3286; baseline 0.004 -25"><span class='ocrx_word' id='word_1_318' title='bbox 354 3207 448 3261; x_wconf 76' lang='grc' dir='ltr'><strong>καὶ</strong></span> <span class='ocrx_word' id='word_1_319' title='bbox 482 3208 547 3261; x_wconf 88' lang='grc' dir='ltr'><strong>ἐκ</strong></span> <span class='ocrx_word' id='word_1_320' title='bbox 575 3208 764 3272; x_wconf 81' lang='grc' dir='ltr'>δεξιῶν</span> <span class='ocrx_word' id='word_1_321' title='bbox 791 3210 890 3279; x_wconf 84' lang='grc' dir='ltr'>τῆς</span> <span class='ocrx_word' id='word_1_322' title='bbox 913 3211 1303 3283; x_wconf 85' lang='grc' dir='ltr'>μεγαλωσύνης</span> <span class='ocrx_word' id='word_1_323' title='bbox 1328 3213 1599 3279; x_wconf 76' lang='grc' dir='ltr'>ἐκάθισεν,</span> <span class='ocrx_word' id='word_1_324' title='bbox 1634 3216 1729 3270; x_wconf 77' lang='grc' dir='ltr'><strong>καὶ</strong></span> <span class='ocrx_word' id='word_1_325' title='bbox 1757 3215 1928 3286; x_wconf 74' lang='grc' dir='ltr'>ὄνομα</span> 
     </span>
    </p>
   </div>
   <div class='ocr_carea' id='block_1_47' title="bbox 352 3298 1929 3378">
    <p class='ocr_par' dir='ltr' id='par_1_47' title="bbox 352 3298 1929 3378">
     <span class='ocr_line' id='line_1_47' title="bbox 352 3298 1929 3378; baseline 0.006 -27"><span class='ocrx_word' id='word_1_326' title='bbox 352 3298 501 3369; x_wconf 87' lang='grc' dir='ltr'>αὐτῷ</span> <span class='ocrx_word' id='word_1_327' title='bbox 526 3300 818 3371; x_wconf 87' lang='grc' dir='ltr'>ἐχαρίσατο</span> <span class='ocrx_word' id='word_1_328' title='bbox 833 3301 893 3354; x_wconf 81' lang='grc' dir='ltr'><strong>τὸ</strong></span> <span class='ocrx_word' id='word_1_329' title='bbox 916 3302 1057 3373; x_wconf 86' lang='grc' dir='ltr'>ὑπὲρ</span> <span class='ocrx_word' id='word_1_330' title='bbox 1085 3305 1193 3357; x_wconf 77' lang='grc' dir='ltr'>πᾶν</span> <span class='ocrx_word' id='word_1_331' title='bbox 1216 3303 1405 3374; x_wconf 73' lang='grc' dir='ltr'>ὄνομα,</span> <span class='ocrx_word' id='word_1_332' title='bbox 1432 3304 1531 3376; x_wconf 83' lang='grc' dir='ltr'>τὴν</span> <span class='ocrx_word' id='word_1_333' title='bbox 1555 3306 1760 3360; x_wconf 76' lang='grc' dir='ltr'>οἰκείαν</span> <span class='ocrx_word' id='word_1_334' title='bbox 1781 3306 1929 3378; x_wconf 89' lang='grc' dir='ltr'>αύτῷ</span> 
     </span>
    </p>
   </div>
   <div class='ocr_carea' id='block_1_48' title="bbox 350 3390 1929 3470">
    <p class='ocr_par' dir='ltr' id='par_1_48' title="bbox 350 3390 1929 3470">
     <span class='ocr_line' id='line_1_48' title="bbox 350 3390 1929 3470; baseline 0.006 -28"><span class='ocrx_word' id='word_1_335' title='bbox 350 3390 507 3456; x_wconf 84' lang='grc' dir='ltr'>ἀξίαν</span> <span class='ocrx_word' id='word_1_336' title='bbox 531 3391 916 3463; x_wconf 85' lang='grc' dir='ltr'>δωρησάμενος</span> <span class='ocrx_word' id='word_1_337' title='bbox 932 3410 945 3424; x_wconf 96' lang='grc'><strong>·</strong></span> <span class='ocrx_word' id='word_1_338' title='bbox 977 3395 1072 3449; x_wconf 74' lang='grc' dir='ltr'><strong>καὶ</strong></span> <span class='ocrx_word' id='word_1_339' title='bbox 1100 3394 1197 3466; x_wconf 84' lang='grc' dir='ltr'><strong>τὴν</strong></span> <span class='ocrx_word' id='word_1_340' title='bbox 1218 3396 1318 3467; x_wconf 84' lang='grc' dir='ltr'>τῆς</span> <span class='ocrx_word' id='word_1_341' title='bbox 1346 3395 1559 3464; x_wconf 89' lang='grc' dir='ltr'>φύσεως</span> <span class='ocrx_word' id='word_1_342' title='bbox 1581 3397 1744 3450; x_wconf 88' lang='grc' dir='ltr'>αὐτοῦ</span> <span class='ocrx_word' id='word_1_343' title='bbox 1762 3414 1929 3470; x_wconf 87' lang='grc' dir='ltr'>προσ-</span> 
     </span>
    </p>
   </div>
   <div class='ocr_carea' id='block_1_49' title="bbox 352 3483 1925 3561">
    <p class='ocr_par' dir='ltr' id='par_1_49' title="bbox 352 3483 1925 3561">
     <span class='ocr_line' id='line_1_49' title="bbox 352 3483 1925 3561; baseline 0.006 -27"><span class='ocrx_word' id='word_1_344' title='bbox 352 3483 580 3553; x_wconf 88' lang='grc' dir='ltr'>ηγορίαν</span> <span class='ocrx_word' id='word_1_345' title='bbox 627 3484 827 3549; x_wconf 86' lang='grc' dir='ltr'>λαϐὼν,</span> <span class='ocrx_word' id='word_1_346' title='bbox 856 3485 987 3549; x_wconf 66' lang='grc' dir='ltr'>Υἱὸς</span> <span class='ocrx_word' id='word_1_347' title='bbox 1032 3486 1323 3558; x_wconf 83' lang='grc' dir='ltr'>ἀνθρώπου</span> <span class='ocrx_word' id='word_1_348' title='bbox 1374 3489 1403 3540; x_wconf 93' lang='lat'><strong>6</strong></span> <span class='ocrx_word' id='word_1_349' title='bbox 1459 3488 1785 3561; x_wconf 90' lang='grc' dir='ltr'>προαιώνιος</span> <span class='ocrx_word' id='word_1_350' title='bbox 1830 3489 1925 3544; x_wconf 87' lang='grc' dir='ltr'><strong>τοῦ</strong></span> 
     </span>
    </p>
   </div>
   <div class='ocr_carea' id='block_1_50' title="bbox 350 3574 1923 3655">
    <p class='ocr_par' dir='ltr' id='par_1_50' title="bbox 350 3574 1923 3655">
     <span class='ocr_line' id='line_1_50' title="bbox 350 3574 1923 3655; baseline 0.013 -28"><span class='ocrx_word' id='word_1_351' title='bbox 350 3574 487 3629; x_wconf 83' lang='grc' dir='ltr'>Θεοῦ</span> <span class='ocrx_word' id='word_1_352' title='bbox 524 3574 695 3645; x_wconf 85' lang='grc' dir='ltr'>Λόγος</span> <span class='ocrx_word' id='word_1_353' title='bbox 727 3576 1028 3649; x_wconf 85' lang='grc' dir='ltr'>ηὐδόκησεν</span> <span class='ocrx_word' id='word_1_354' title='bbox 1077 3580 1457 3650; x_wconf 81' lang='grc' dir='ltr'>ὀνομάζεσθαι.</span> <span class='ocrx_word' id='word_1_355' title='bbox 1524 3598 1541 3630; x_wconf 73' lang='grc' dir='ltr'><strong>ι</strong></span> <span class='ocrx_word' id='word_1_356' title='bbox 1567 3581 1756 3645; x_wconf 71' lang='grc' dir='ltr'>Οὐδεὶς</span> <span class='ocrx_word' id='word_1_357' title='bbox 1794 3582 1923 3655; x_wconf 81' lang='grc' dir='ltr'>γὰρ,</span> 
     </span>
    </p>
   </div>
   <div class='ocr_carea' id='block_1_51' title="bbox 350 3664 1927 3745">
    <p class='ocr_par' dir='ltr' id='par_1_51' title="bbox 350 3664 1927 3745">
     <span class='ocr_line' id='line_1_51' title="bbox 350 3664 1927 3745; baseline 0.007 -28"><span class='ocrx_word' id='word_1_358' title='bbox 350 3664 535 3735; x_wconf 78' lang='grc' dir='ltr'>φησὶν,</span> <span class='ocrx_word' id='word_1_359' title='bbox 564 3666 900 3739; x_wconf 85' lang='grc' dir='ltr'>ἀναϐέϐηκεν</span> <span class='ocrx_word' id='word_1_360' title='bbox 926 3672 1004 3734; x_wconf 83' lang='grc' dir='ltr'><strong>είς</strong></span> <span class='ocrx_word' id='word_1_361' title='bbox 1037 3671 1127 3724; x_wconf 83' lang='grc' dir='ltr'>τὸν</span> <span class='ocrx_word' id='word_1_362' title='bbox 1160 3672 1406 3742; x_wconf 86' lang='grc' dir='ltr'>οὐρανὸν,</span> <span class='ocrx_word' id='word_1_363' title='bbox 1441 3674 1490 3726; x_wconf 88' lang='grc' dir='ltr'><strong>εί</strong></span> <span class='ocrx_word' id='word_1_364' title='bbox 1518 3672 1592 3744; x_wconf 82' lang='grc' dir='ltr'><strong>μὴ</strong></span> <span class='ocrx_word' id='word_1_365' title='bbox 1620 3674 1649 3726; x_wconf 92' lang='lat'><strong>6</strong></span> <span class='ocrx_word' id='word_1_366' title='bbox 1680 3673 1737 3739; x_wconf 80' lang='grc' dir='ltr'>ἐξ</span> <span class='ocrx_word' id='word_1_367' title='bbox 1765 3674 1927 3745; x_wconf 86' lang='grc' dir='ltr'>ούρα-</span> 
     </span>
    </p>
   </div>
   <div class='ocr_carea' id='block_1_52' title="bbox 349 3748 1927 3834">
    <p class='ocr_par' dir='ltr' id='par_1_52' title="bbox 349 3748 1927 3834">
     <span class='ocr_line' id='line_1_52' title="bbox 349 3748 1927 3834; baseline 0.005 -26"><span class='ocrx_word' id='word_1_368' title='bbox 349 3754 442 3808; x_wconf 92' lang='grc' dir='ltr'><strong>νοῦ</strong></span> <span class='ocrx_word' id='word_1_369' title='bbox 471 3758 716 3822; x_wconf 85' lang='grc' dir='ltr'>καταϐἀς</span> <span class='ocrx_word' id='word_1_370' title='bbox 743 3760 771 3810; x_wconf 85' lang='lat'><strong>6</strong></span> <span class='ocrx_word' id='word_1_371' title='bbox 810 3759 936 3823; x_wconf 84' lang='grc' dir='ltr'>Υἱὸς</span> <span class='ocrx_word' id='word_1_372' title='bbox 960 3758 1054 3813; x_wconf 88' lang='grc' dir='ltr'><strong>τοῦ</strong></span> <span class='ocrx_word' id='word_1_373' title='bbox 1096 3748 1408 3828; x_wconf 72' lang='grc' dir='ltr'>ἀνθρώπου,</span> <span class='ocrx_word' id='word_1_374' title='bbox 1434 3763 1462 3816; x_wconf 97' lang='lat'><strong>6</strong></span> <span class='ocrx_word' id='word_1_375' title='bbox 1486 3761 1560 3816; x_wconf 83' lang='grc' dir='ltr'>ὢν</span> <span class='ocrx_word' id='word_1_376' title='bbox 1585 3765 1643 3817; x_wconf 89' lang='grc' dir='ltr'><strong>ἐν</strong></span> <span class='ocrx_word' id='word_1_377' title='bbox 1664 3762 1741 3833; x_wconf 88' lang='grc' dir='ltr'><strong>τῷ</strong></span> <span class='ocrx_word' id='word_1_378' title='bbox 1766 3764 1927 3834; x_wconf 87' lang='grc' dir='ltr'>οὐρα-</span> 
     </span>
    </p>
   </div>
   <div class='ocr_carea' id='block_1_53' title="bbox 349 3844 1924 3925">
    <p class='ocr_par' dir='ltr' id='par_1_53' title="bbox 349 3844 1924 3925">
     <span class='ocr_line' id='line_1_53' title="bbox 349 3844 1924 3925; baseline 0.005 -26"><span class='ocrx_word' id='word_1_379' title='bbox 349 3844 444 3915; x_wconf 86' lang='grc' dir='ltr'><strong>νῷ.</strong></span> <span class='ocrx_word' id='word_1_380' title='bbox 475 3864 495 3899; x_wconf 74' lang='grc' dir='ltr'><strong>ι</strong></span> <span class='ocrx_word' id='word_1_381' title='bbox 526 3849 746 3920; x_wconf 84' lang='grc' dir='ltr'>Κατέϐη</span> <span class='ocrx_word' id='word_1_382' title='bbox 774 3850 829 3903; x_wconf 86' lang='grc' dir='ltr'><strong>δέ</strong></span> <span class='ocrx_word' id='word_1_383' title='bbox 858 3851 957 3921; x_wconf 87' lang='grc' dir='ltr'><strong>οὐχ</strong></span> <span class='ocrx_word' id='word_1_384' title='bbox 984 3853 1012 3905; x_wconf 88' lang='lat'><strong>6</strong></span> <span class='ocrx_word' id='word_1_385' title='bbox 1050 3851 1114 3905; x_wconf 84' lang='grc' dir='ltr'><strong>ἐκ</strong></span> <span class='ocrx_word' id='word_1_386' title='bbox 1154 3853 1469 3925; x_wconf 78' lang='grc' dir='ltr'>σπέρματος</span> <span class='ocrx_word' id='word_1_387' title='bbox 1512 3854 1678 3907; x_wconf 79' lang='grc' dir='ltr'>Δαϐὶδ</span> <span class='ocrx_word' id='word_1_388' title='bbox 1719 3856 1784 3907; x_wconf 86' lang='grc' dir='ltr'><strong>ἐκ</strong></span> <span class='ocrx_word' id='word_1_389' title='bbox 1818 3854 1924 3908; x_wconf 88' lang='grc' dir='ltr'><strong>τῶν</strong></span> 
     </span>
    </p>
   </div>
   <div class='ocr_carea' id='block_1_54' title="bbox 347 3937 1925 4015">
    <p class='ocr_par' dir='ltr' id='par_1_54' title="bbox 347 3937 1925 4015">
     <span class='ocr_line' id='line_1_54' title="bbox 347 3937 1925 4015; baseline 0.016 -27"><span class='ocrx_word' id='word_1_390' title='bbox 347 3937 612 4007; x_wconf 85' lang='grc' dir='ltr'>οὐρανῶν,</span> <span class='ocrx_word' id='word_1_391' title='bbox 645 3938 760 3992; x_wconf 86' lang='grc' dir='ltr'>ἀλλ’</span> <span class='ocrx_word' id='word_1_392' title='bbox 781 3942 810 3994; x_wconf 90' lang='lat'><strong>6</strong></span> <span class='ocrx_word' id='word_1_393' title='bbox 830 3941 938 3996; x_wconf 89' lang='grc' dir='ltr'><strong>τῶν</strong></span> <span class='ocrx_word' id='word_1_394' title='bbox 977 3940 1292 4014; x_wconf 85' lang='grc' dir='ltr'>[οὐρανῶν]</span> <span class='ocrx_word' id='word_1_395' title='bbox 1328 3944 1577 4015; x_wconf 84' lang='grc' dir='ltr'>ποιητὴς.</span> <span class='ocrx_word' id='word_1_396' title='bbox 1608 3946 1637 3997; x_wconf 76' lang='grc'>6</span> <span class='ocrx_word' id='word_1_397' title='bbox 1659 3945 1925 4015; x_wconf 78' lang='grc' dir='ltr'>ὑπέρχρο-</span> 
     </span>
    </p>
   </div>
   <div class='ocr_carea' id='block_1_55' title="bbox 347 4028 1923 4105">
    <p class='ocr_par' dir='ltr' id='par_1_55' title="bbox 347 4028 1923 4105">
     <span class='ocr_line' id='line_1_55' title="bbox 347 4028 1923 4105; baseline 0.004 -24"><span class='ocrx_word' id='word_1_398' title='bbox 347 4045 437 4089; x_wconf 88' lang='grc' dir='ltr'><strong>νος</strong></span> <span class='ocrx_word' id='word_1_399' title='bbox 464 4028 599 4083; x_wconf 89' lang='grc' dir='ltr'>Θεοῦ</span> <span class='ocrx_word' id='word_1_400' title='bbox 634 4032 826 4099; x_wconf 86' lang='grc' dir='ltr'>Λόγος,</span> <span class='ocrx_word' id='word_1_401' title='bbox 853 4033 882 4085; x_wconf 91' lang='lat'><strong>6</strong></span> <span class='ocrx_word' id='word_1_402' title='bbox 904 4033 1009 4104; x_wconf 82' lang='grc' dir='ltr'><strong>πρὸ</strong></span> <span class='ocrx_word' id='word_1_403' title='bbox 1035 4034 1145 4087; x_wconf 91' lang='grc' dir='ltr'><strong>τῶν</strong></span> <span class='ocrx_word' id='word_1_404' title='bbox 1173 4034 1385 4087; x_wconf 75' lang='grc' dir='ltr'>αἰώνων</span> <span class='ocrx_word' id='word_1_405' title='bbox 1412 4035 1703 4105; x_wconf 84' lang='grc' dir='ltr'>ὑπάρχων·</span> <span class='ocrx_word' id='word_1_406' title='bbox 1745 4035 1835 4088; x_wconf 86' lang='grc' dir='ltr'>διὰ</span> <span class='ocrx_word' id='word_1_407' title='bbox 1865 4034 1923 4088; x_wconf 86' lang='grc' dir='ltr'>δὲ</span> 
     </span>
    </p>
   </div>
   <div class='ocr_carea' id='block_1_56' title="bbox 2038 1932 3605 2011">
    <p class='ocr_par' dir='ltr' id='par_1_56' title="bbox 2038 1932 3605 2011">
     <span class='ocr_line' id='line_1_56' title="bbox 2038 1932 3605 2011; baseline -0.008 -14"><span class='ocrx_word' id='word_1_408' title='bbox 2038 1952 2122 1997; x_wconf 90' lang='lat' dir='ltr'><strong>est</strong></span> <span class='ocrx_word' id='word_1_409' title='bbox 2158 1942 2384 2011; x_wconf 80' lang='lat' dir='ltr'><strong>angelis,</strong></span> <span class='ocrx_word' id='word_1_410' title='bbox 2417 1940 2739 2009; x_wconf 81' lang='lat' dir='ltr'><strong>praedicatus</strong></span> <span class='ocrx_word' id='word_1_411' title='bbox 2787 1948 2871 1991; x_wconf 87' lang='lat' dir='ltr'><strong>est</strong></span> <span class='ocrx_word' id='word_1_412' title='bbox 2909 1937 2961 1990; x_wconf 91' lang='lat' dir='ltr'><strong>in</strong></span> <span class='ocrx_word' id='word_1_413' title='bbox 3017 1934 3285 2002; x_wconf 79' lang='lat' dir='ltr'><strong>gentibus,</strong></span> <span class='ocrx_word' id='word_1_414' title='bbox 3340 1932 3605 1987; x_wconf 85' lang='lat' dir='ltr'><strong>creditum</strong></span> 
     </span>
    </p>
   </div>
   <div class='ocr_carea' id='block_1_57' title="bbox 2036 2022 3602 2096">
    <p class='ocr_par' dir='ltr' id='par_1_57' title="bbox 2036 2022 3602 2096">
     <span class='ocr_line' id='line_1_57' title="bbox 2036 2022 3602 2096; baseline -0.008 -10"><span class='ocrx_word' id='word_1_415' title='bbox 2036 2041 2122 2086; x_wconf 90' lang='lat' dir='ltr'><strong>est</strong></span> <span class='ocrx_word' id='word_1_416' title='bbox 2171 2033 2219 2085; x_wconf 89' lang='lat' dir='ltr'><strong>ei</strong></span> <span class='ocrx_word' id='word_1_417' title='bbox 2268 2032 2319 2085; x_wconf 91' lang='lat' dir='ltr'><strong>in</strong></span> <span class='ocrx_word' id='word_1_418' title='bbox 2353 2031 2576 2093; x_wconf 90' lang='lat' dir='ltr'><strong>mundo,</strong></span> <span class='ocrx_word' id='word_1_419' title='bbox 2623 2036 2932 2096; x_wconf 83' lang='lat' dir='ltr'><strong>assumptus</strong></span> <span class='ocrx_word' id='word_1_420' title='bbox 2977 2026 3075 2079; x_wconf 78' lang='lat' dir='ltr'><strong>fuit</strong></span> <span class='ocrx_word' id='word_1_421' title='bbox 3104 2025 3158 2079; x_wconf 92' lang='lat' dir='ltr'><strong>in</strong></span> <span class='ocrx_word' id='word_1_422' title='bbox 3203 2024 3431 2093; x_wconf 77' lang='lat' dir='ltr'><strong>gloriam</strong></span> <span class='ocrx_word' id='word_1_423' title='bbox 3471 2022 3536 2076; x_wconf 76' lang='grc'><strong>⁸⁸.</strong></span> <span class='ocrx_word' id='word_1_424' title='bbox 3580 2039 3602 2074; x_wconf 70' lang='grc' dir='ltr'><strong>ι</strong></span> 
     </span>
    </p>
   </div>
   <div class='ocr_carea' id='block_1_58' title="bbox 2038 2116 3606 2190">
    <p class='ocr_par' dir='ltr' id='par_1_58' title="bbox 2038 2116 3606 2190">
     <span class='ocr_line' id='line_1_58' title="bbox 2038 2116 3606 2190; baseline -0.006 -14"><span class='ocrx_word' id='word_1_425' title='bbox 2038 2122 2103 2176; x_wconf 84' lang='grc' dir='ltr'>Ει</span> <span class='ocrx_word' id='word_1_426' title='bbox 2128 2120 2621 2176; x_wconf 76' lang='lat' dir='ltr'><strong>manifeStationem</strong></span> <span class='ocrx_word' id='word_1_427' title='bbox 2656 2121 2875 2190; x_wconf 83' lang='lat' dir='ltr'><strong>quidem</strong></span> <span class='ocrx_word' id='word_1_428' title='bbox 2924 2118 3011 2172; x_wconf 89' lang='lat' dir='ltr'><strong>hic</strong></span> <span class='ocrx_word' id='word_1_429' title='bbox 3043 2116 3333 2172; x_wconf 81' lang='lat' dir='ltr'><strong>connexuit</strong></span> <span class='ocrx_word' id='word_1_430' title='bbox 3387 2124 3606 2184; x_wconf 80' lang='lat' dir='ltr'><strong>propter</strong></span> 
     </span>
    </p>
   </div>
   <div class='ocr_carea' id='block_1_59' title="bbox 2037 2206 3604 2282">
    <p class='ocr_par' dir='ltr' id='par_1_59' title="bbox 2037 2206 3604 2282">
     <span class='ocr_line' id='line_1_59' title="bbox 2037 2206 3604 2282; baseline -0.006 -15"><span class='ocrx_word' id='word_1_431' title='bbox 2037 2228 2281 2275; x_wconf 87' lang='lat' dir='ltr'><strong>carnem,</strong></span> <span class='ocrx_word' id='word_1_432' title='bbox 2308 2212 2745 2282; x_wconf 81' lang='lat' dir='ltr'><strong>justilicatiouem</strong></span> <span class='ocrx_word' id='word_1_433' title='bbox 2776 2217 2954 2263; x_wconf 89' lang='lat' dir='ltr'><strong>autem</strong></span> <span class='ocrx_word' id='word_1_434' title='bbox 2987 2218 3206 2277; x_wconf 85' lang='lat' dir='ltr'><strong>propter</strong></span> <span class='ocrx_word' id='word_1_435' title='bbox 3224 2206 3604 2260; x_wconf 66' lang='lat' dir='ltr'><strong>haereticorum</strong></span> 
     </span>
    </p>
   </div>
   <div class='ocr_carea' id='block_1_60' title="bbox 2035 2292 3607 2372">
    <p class='ocr_par' dir='ltr' id='par_1_60' title="bbox 2035 2292 3607 2372">
     <span class='ocr_line' id='line_1_60' title="bbox 2035 2292 3607 2372; baseline -0.008 -10"><span class='ocrx_word' id='word_1_436' title='bbox 2035 2304 2320 2362; x_wconf 68' lang='lat' dir='ltr'><strong>Stultitiam</strong></span> <span class='ocrx_word' id='word_1_437' title='bbox 2346 2323 2359 2358; x_wconf 90' lang='lat'><strong>:</strong></span> <span class='ocrx_word' id='word_1_438' title='bbox 2387 2303 2718 2372; x_wconf 73' lang='lat' dir='ltr'><strong>justitiratus</strong></span> <span class='ocrx_word' id='word_1_439' title='bbox 2745 2311 2827 2356; x_wconf 85' lang='lat' dir='ltr'><strong>est</strong></span> <span class='ocrx_word' id='word_1_440' title='bbox 2866 2312 3044 2354; x_wconf 88' lang='lat' dir='ltr'><strong>autem</strong></span> <span class='ocrx_word' id='word_1_441' title='bbox 3105 2308 3431 2367; x_wconf 82' lang='lat' dir='ltr'><strong>cooperante</strong></span> <span class='ocrx_word' id='word_1_442' title='bbox 3481 2292 3607 2364; x_wconf 84' lang='lat' dir='ltr'><strong>Spi-</strong></span> 
     </span>
    </p>
   </div>
   <div class='ocr_carea' id='block_1_61' title="bbox 2037 2386 3607 2465">
    <p class='ocr_par' dir='ltr' id='par_1_61' title="bbox 2037 2386 3607 2465">
     <span class='ocr_line' id='line_1_61' title="bbox 2037 2386 3607 2465; baseline -0.008 -14"><span class='ocrx_word' id='word_1_443' title='bbox 2037 2397 2167 2451; x_wconf 85' lang='lat' dir='ltr'><strong>ritu.</strong></span> <span class='ocrx_word' id='word_1_444' title='bbox 2200 2395 2335 2450; x_wconf 79' lang='lat' dir='ltr'><strong>Num</strong></span> <span class='ocrx_word' id='word_1_445' title='bbox 2363 2410 2493 2465; x_wconf 78' lang='lat' dir='ltr'><strong>ergo</strong></span> <span class='ocrx_word' id='word_1_446' title='bbox 2518 2395 2753 2463; x_wconf 89' lang='lat' dir='ltr'><strong>Spiritus</strong></span> <span class='ocrx_word' id='word_1_447' title='bbox 2778 2394 3082 2463; x_wconf 84' lang='lat' dir='ltr'><strong>justincans</strong></span> <span class='ocrx_word' id='word_1_448' title='bbox 3121 2391 3297 2462; x_wconf 89' lang='lat' dir='ltr'><strong>potior</strong></span> <span class='ocrx_word' id='word_1_449' title='bbox 3322 2399 3406 2445; x_wconf 89' lang='lat' dir='ltr'><strong>est</strong></span> <span class='ocrx_word' id='word_1_450' title='bbox 3442 2386 3607 2453; x_wconf 85' lang='lat' dir='ltr'><strong>justi-</strong></span> 
     </span>
    </p>
   </div>
   <div class='ocr_carea' id='block_1_62' title="bbox 2036 2481 3607 2557">
    <p class='ocr_par' dir='ltr' id='par_1_62' title="bbox 2036 2481 3607 2557">
     <span class='ocr_line' id='line_1_62' title="bbox 2036 2481 3607 2557; baseline -0.005 -14"><span class='ocrx_word' id='word_1_451' title='bbox 2036 2490 2198 2544; x_wconf 89' lang='lat' dir='ltr'><strong>licato</strong></span> <span class='ocrx_word' id='word_1_452' title='bbox 2224 2489 2363 2543; x_wconf 87' lang='lat' dir='ltr'><strong>Filio</strong></span> <span class='ocrx_word' id='word_1_453' title='bbox 2393 2489 2416 2541; x_wconf 87' lang='lat'><strong>?</strong></span> <span class='ocrx_word' id='word_1_454' title='bbox 2467 2487 2612 2557; x_wconf 78' lang='lat' dir='ltr'><strong>Nego</strong></span> <span class='ocrx_word' id='word_1_455' title='bbox 2640 2487 2920 2542; x_wconf 88' lang='lat' dir='ltr'><strong>enimvero</strong></span> <span class='ocrx_word' id='word_1_456' title='bbox 2956 2504 2969 2541; x_wconf 91' lang='lat'><strong>:</strong></span> <span class='ocrx_word' id='word_1_457' title='bbox 2997 2500 3119 2540; x_wconf 85' lang='lat' dir='ltr'><strong>nam</strong></span> <span class='ocrx_word' id='word_1_458' title='bbox 3187 2492 3369 2537; x_wconf 87' lang='lat' dir='ltr'><strong>nostra</strong></span> <span class='ocrx_word' id='word_1_459' title='bbox 3430 2481 3607 2550; x_wconf 83' lang='lat' dir='ltr'><strong>potius</strong></span> 
     </span>
    </p>
   </div>
   <div class='ocr_carea' id='block_1_63' title="bbox 2036 2570 3603 2651">
    <p class='ocr_par' dir='ltr' id='par_1_63' title="bbox 2036 2570 3603 2651">
     <span class='ocr_line' id='line_1_63' title="bbox 2036 2570 3603 2651; baseline -0.008 -15"><span class='ocrx_word' id='word_1_460' title='bbox 2036 2589 2230 2637; x_wconf 86' lang='lat' dir='ltr'><strong>natura</strong></span> <span class='ocrx_word' id='word_1_461' title='bbox 2257 2578 2552 2651; x_wconf 70' lang='lat' dir='ltr'><strong>iustificata</strong></span> <span class='ocrx_word' id='word_1_462' title='bbox 2594 2576 2714 2641; x_wconf 80' lang='lat' dir='ltr'><strong>fuit,</strong></span> <span class='ocrx_word' id='word_1_463' title='bbox 2778 2585 2998 2645; x_wconf 86' lang='lat' dir='ltr'><strong>propter</strong></span> <span class='ocrx_word' id='word_1_464' title='bbox 3052 2571 3518 2644; x_wconf 84' lang='lat' dir='ltr'><strong>supervenientem</strong></span> <span class='ocrx_word' id='word_1_465' title='bbox 3552 2570 3603 2624; x_wconf 90' lang='lat' dir='ltr'><strong>ei</strong></span> 
     </span>
    </p>
   </div>
   <div class='ocr_carea' id='block_1_64' title="bbox 2036 2662 3606 2741">
    <p class='ocr_par' dir='ltr' id='par_1_64' title="bbox 2036 2662 3606 2741">
     <span class='ocr_line' id='line_1_64' title="bbox 2036 2662 3606 2741; baseline -0.01 -15"><span class='ocrx_word' id='word_1_466' title='bbox 2036 2671 2225 2735; x_wconf 91' lang='lat' dir='ltr'><strong>Deum,</strong></span> <span class='ocrx_word' id='word_1_467' title='bbox 2258 2673 2349 2741; x_wconf 86' lang='lat' dir='ltr'><strong>qui</strong></span> <span class='ocrx_word' id='word_1_468' title='bbox 2380 2668 2553 2724; x_wconf 91' lang='lat' dir='ltr'><strong>eidem</strong></span> <span class='ocrx_word' id='word_1_469' title='bbox 2586 2665 3018 2736; x_wconf 84' lang='lat' dir='ltr'><strong>inseparabiliter</strong></span> <span class='ocrx_word' id='word_1_470' title='bbox 3047 2662 3365 2730; x_wconf 89' lang='lat' dir='ltr'><strong>conjunctus</strong></span> <span class='ocrx_word' id='word_1_471' title='bbox 3403 2667 3504 2722; x_wconf 88' lang='lat' dir='ltr'><strong>est,</strong></span> <span class='ocrx_word' id='word_1_472' title='bbox 3550 2667 3606 2711; x_wconf 89' lang='lat' dir='ltr'><strong>et</strong></span> 
     </span>
    </p>
   </div>
   <div class='ocr_carea' id='block_1_65' title="bbox 2035 2748 3606 2822">
    <p class='ocr_par' dir='ltr' id='par_1_65' title="bbox 2035 2748 3606 2822">
     <span class='ocr_line' id='line_1_65' title="bbox 2035 2748 3606 2822; baseline -0.011 -7"><span class='ocrx_word' id='word_1_473' title='bbox 2035 2776 2299 2818; x_wconf 81' lang='lat' dir='ltr'><strong>summam</strong></span> <span class='ocrx_word' id='word_1_474' title='bbox 2333 2759 2809 2818; x_wconf 86' lang='lat' dir='ltr'><strong>docuitvirtutem,</strong></span> <span class='ocrx_word' id='word_1_475' title='bbox 2855 2763 2962 2808; x_wconf 91' lang='lat' dir='ltr'><strong>eta</strong></span> <span class='ocrx_word' id='word_1_476' title='bbox 2992 2752 3196 2822; x_wconf 89' lang='lat' dir='ltr'><strong>peccati</strong></span> <span class='ocrx_word' id='word_1_477' title='bbox 3252 2748 3372 2805; x_wconf 89' lang='lat' dir='ltr'><strong>telis</strong></span> <span class='ocrx_word' id='word_1_478' title='bbox 3423 2754 3606 2801; x_wconf 90' lang='lat' dir='ltr'><strong>custo-</strong></span> 
     </span>
    </p>
   </div>
   <div class='ocr_carea' id='block_1_66' title="bbox 2034 2838 3602 2918">
    <p class='ocr_par' dir='ltr' id='par_1_66' title="bbox 2034 2838 3602 2918">
     <span class='ocr_line' id='line_1_66' title="bbox 2034 2838 3602 2918; baseline -0.01 -11"><span class='ocrx_word' id='word_1_479' title='bbox 2034 2853 2168 2907; x_wconf 71' lang='lat' dir='ltr'><strong>diivit</strong></span> <span class='ocrx_word' id='word_1_480' title='bbox 2252 2850 2511 2906; x_wconf 83' lang='lat' dir='ltr'><strong>intactam</strong></span> <span class='ocrx_word' id='word_1_481' title='bbox 2567 2858 2731 2918; x_wconf 90' lang='lat' dir='ltr'><strong>atque</strong></span> <span class='ocrx_word' id='word_1_482' title='bbox 2786 2846 3182 2907; x_wconf 86' lang='lat' dir='ltr'><strong>intetneratatu,</strong></span> <span class='ocrx_word' id='word_1_483' title='bbox 3232 2853 3287 2897; x_wconf 89' lang='lat' dir='ltr'><strong>et</strong></span> <span class='ocrx_word' id='word_1_484' title='bbox 3335 2838 3602 2895; x_wconf 85' lang='lat' dir='ltr'><strong>diabolica</strong></span> 
     </span>
    </p>
   </div>
   <div class='ocr_carea' id='block_1_67' title="bbox 2036 2934 3604 3011">
    <p class='ocr_par' dir='ltr' id='par_1_67' title="bbox 2036 2934 3604 3011">
     <span class='ocr_line' id='line_1_67' title="bbox 2036 2934 3604 3011; baseline -0.011 -13"><span class='ocrx_word' id='word_1_485' title='bbox 2036 2943 2225 2999; x_wconf 80' lang='lat' dir='ltr'><strong>fraude</strong></span> <span class='ocrx_word' id='word_1_486' title='bbox 2249 2941 2580 3011; x_wconf 87' lang='lat' dir='ltr'><strong>superiorem</strong></span> <span class='ocrx_word' id='word_1_487' title='bbox 2614 2955 2629 3005; x_wconf 92' lang='lat'><strong>;</strong></span> <span class='ocrx_word' id='word_1_488' title='bbox 2661 2952 2824 3008; x_wconf 88' lang='lat' dir='ltr'><strong>quam</strong></span> <span class='ocrx_word' id='word_1_489' title='bbox 2852 2951 2972 2990; x_wconf 88' lang='lat' dir='ltr'><strong>cum</strong></span> <span class='ocrx_word' id='word_1_490' title='bbox 3004 2934 3149 2989; x_wconf 88' lang='lat' dir='ltr'><strong>brevi</strong></span> <span class='ocrx_word' id='word_1_491' title='bbox 3186 2943 3427 3001; x_wconf 89' lang='lat' dir='ltr'><strong>tempore</strong></span> <span class='ocrx_word' id='word_1_492' title='bbox 3459 2943 3604 2984; x_wconf 85' lang='lat' dir='ltr'><strong>mor—</strong></span> 
     </span>
    </p>
   </div>
   <div class='ocr_carea' id='block_1_68' title="bbox 2034 3020 3603 3101">
    <p class='ocr_par' dir='ltr' id='par_1_68' title="bbox 2034 3020 3603 3101">
     <span class='ocr_line' id='line_1_68' title="bbox 2034 3020 3603 3101; baseline -0.009 -12"><span class='ocrx_word' id='word_1_493' title='bbox 2034 3043 2141 3089; x_wconf 81' lang='lat' dir='ltr'><strong>tem</strong></span> <span class='ocrx_word' id='word_1_494' title='bbox 2172 3042 2388 3101; x_wconf 75' lang='lat' dir='ltr'><strong>gustare</strong></span> <span class='ocrx_word' id='word_1_495' title='bbox 2444 3029 2803 3101; x_wconf 87' lang='lat' dir='ltr'><strong>permisisset,</strong></span> <span class='ocrx_word' id='word_1_496' title='bbox 2852 3042 2973 3081; x_wconf 79' lang='lat' dir='ltr'><strong>mox</strong></span> <span class='ocrx_word' id='word_1_497' title='bbox 3016 3025 3256 3096; x_wconf 81' lang='lat' dir='ltr'><strong>ejusdem</strong></span> <span class='ocrx_word' id='word_1_498' title='bbox 3317 3020 3603 3092; x_wconf 81' lang='lat' dir='ltr'><strong>tyrannide</strong></span> 
     </span>
    </p>
   </div>
   <div class='ocr_carea' id='block_1_69' title="bbox 2035 3112 3602 3197">
    <p class='ocr_par' dir='ltr' id='par_1_69' title="bbox 2035 3112 3602 3197">
     <span class='ocr_line' id='line_1_69' title="bbox 2035 3112 3602 3197; baseline -0.011 -16"><span class='ocrx_word' id='word_1_499' title='bbox 2035 3124 2200 3197; x_wconf 64' lang='grc'><strong>842</strong></span> <span class='ocrx_word' id='word_1_500' title='bbox 2231 3141 2278 3177; x_wconf 87' lang='lat' dir='ltr'><strong>m</strong></span> <span class='ocrx_word' id='word_1_501' title='bbox 2311 3122 2529 3192; x_wconf 84' lang='lat' dir='ltr'><strong>eripuit,</strong></span> <span class='ocrx_word' id='word_1_502' title='bbox 2564 3120 2720 3189; x_wconf 87' lang='lat' dir='ltr'><strong>eique</strong></span> <span class='ocrx_word' id='word_1_503' title='bbox 2764 3119 3035 3189; x_wconf 83' lang='lat' dir='ltr'><strong>prOpriam</strong></span> <span class='ocrx_word' id='word_1_504' title='bbox 3088 3117 3254 3169; x_wconf 89' lang='lat' dir='ltr'><strong>vitam</strong></span> <span class='ocrx_word' id='word_1_505' title='bbox 3300 3112 3602 3181; x_wconf 88' lang='lat' dir='ltr'><strong>impertitus</strong></span> 
     </span>
    </p>
   </div>
   <div class='ocr_carea' id='block_1_70' title="bbox 1959 3196 3602 3281">
    <p class='ocr_par' dir='ltr' id='par_1_70' title="bbox 1959 3196 3602 3281">
     <span class='ocr_line' id='line_1_70' title="bbox 1959 3196 3602 3281; baseline -0.012 -10"><span class='ocrx_word' id='word_1_506' title='bbox 1959 3196 2004 3259; x_wconf 73' lang='grc' dir='ltr'>ο</span> <span class='ocrx_word' id='word_1_507' title='bbox 2034 3196 2140 3281; x_wconf 83' lang='lat' dir='ltr'><strong>est,</strong></span> <span class='ocrx_word' id='word_1_508' title='bbox 2177 3216 2229 3269; x_wconf 93' lang='lat' dir='ltr'><strong>in</strong></span> <span class='ocrx_word' id='word_1_509' title='bbox 2266 3212 2460 3267; x_wconf 66' lang='lat' dir='ltr'><strong>coelum</strong></span> <span class='ocrx_word' id='word_1_510' title='bbox 2494 3211 2711 3275; x_wconf 83' lang='lat' dir='ltr'><strong>extulit,</strong></span> <span class='ocrx_word' id='word_1_511' title='bbox 2737 3219 2792 3263; x_wconf 92' lang='lat' dir='ltr'><strong>et</strong></span> <span class='ocrx_word' id='word_1_512' title='bbox 2821 3210 2873 3263; x_wconf 91' lang='lat' dir='ltr'><strong>in</strong></span> <span class='ocrx_word' id='word_1_513' title='bbox 2914 3208 3132 3263; x_wconf 79' lang='lat' dir='ltr'><strong>dextera</strong></span> <span class='ocrx_word' id='word_1_514' title='bbox 3166 3202 3463 3271; x_wconf 73' lang='lat' dir='ltr'><strong>maiestatis</strong></span> <span class='ocrx_word' id='word_1_515' title='bbox 3491 3198 3602 3253; x_wconf 86' lang='lat' dir='ltr'><strong>col-</strong></span> 
     </span>
    </p>
   </div>
   <div class='ocr_carea' id='block_1_71' title="bbox 2033 3296 3601 3376">
    <p class='ocr_par' dir='ltr' id='par_1_71' title="bbox 2033 3296 3601 3376">
     <span class='ocr_line' id='line_1_71' title="bbox 2033 3296 3601 3376; baseline -0.012 -15"><span class='ocrx_word' id='word_1_516' title='bbox 2033 3306 2249 3369; x_wconf 84' lang='lat' dir='ltr'><strong>locavit,</strong></span> <span class='ocrx_word' id='word_1_517' title='bbox 2280 3306 2439 3376; x_wconf 89' lang='lat' dir='ltr'><strong>eique</strong></span> <span class='ocrx_word' id='word_1_518' title='bbox 2469 3317 2662 3357; x_wconf 89' lang='lat' dir='ltr'><strong>nomen</strong></span> <span class='ocrx_word' id='word_1_519' title='bbox 2683 3300 2903 3355; x_wconf 85' lang='lat' dir='ltr'><strong>donavit</strong></span> <span class='ocrx_word' id='word_1_520' title='bbox 2934 3296 3076 3368; x_wconf 89' lang='lat' dir='ltr'><strong>quod</strong></span> <span class='ocrx_word' id='word_1_521' title='bbox 3104 3305 3190 3350; x_wconf 90' lang='lat' dir='ltr'><strong>est</strong></span> <span class='ocrx_word' id='word_1_522' title='bbox 3232 3306 3393 3362; x_wconf 88' lang='lat' dir='ltr'><strong>super</strong></span> <span class='ocrx_word' id='word_1_523' title='bbox 3440 3303 3601 3344; x_wconf 89' lang='lat' dir='ltr'><strong>omne</strong></span> 
     </span>
    </p>
   </div>
   <div class='ocr_carea' id='block_1_72' title="bbox 2031 3383 3596 3465">
    <p class='ocr_par' dir='ltr' id='par_1_72' title="bbox 2031 3383 3596 3465">
     <span class='ocr_line' id='line_1_72' title="bbox 2031 3383 3596 3465; baseline -0.013 -9"><span class='ocrx_word' id='word_1_524' title='bbox 2031 3414 2227 3456; x_wconf 89' lang='lat' dir='ltr'><strong>nomen</strong></span> <span class='ocrx_word' id='word_1_525' title='bbox 2259 3398 2329 3465; x_wconf 62' lang='lat'><strong>3&#39;,</strong></span> <span class='ocrx_word' id='word_1_526' title='bbox 2361 3411 2512 3451; x_wconf 86' lang='lat' dir='ltr'><strong>suam</strong></span> <span class='ocrx_word' id='word_1_527' title='bbox 2550 3407 2742 3464; x_wconf 82' lang='lat' dir='ltr'><strong>nempe</strong></span> <span class='ocrx_word' id='word_1_528' title='bbox 2775 3392 3091 3460; x_wconf 78' lang='lat' dir='ltr'><strong>dignitatem</strong></span> <span class='ocrx_word' id='word_1_529' title='bbox 3127 3388 3227 3456; x_wconf 87' lang='lat' dir='ltr'><strong>ipsi</strong></span> <span class='ocrx_word' id='word_1_530' title='bbox 3273 3383 3596 3440; x_wconf 78' lang='lat' dir='ltr'><strong>conferens:</strong></span> 
     </span>
    </p>
   </div>
   <div class='ocr_carea' id='block_1_73' title="bbox 2029 3478 3596 3558">
    <p class='ocr_par' dir='ltr' id='par_1_73' title="bbox 2029 3478 3596 3558">
     <span class='ocr_line' id='line_1_73' title="bbox 2029 3478 3596 3558; baseline -0.013 -11"><span class='ocrx_word' id='word_1_531' title='bbox 2029 3508 2091 3547; x_wconf 85' lang='lat' dir='ltr'><strong>ac</strong></span> <span class='ocrx_word' id='word_1_532' title='bbox 2110 3500 2315 3546; x_wconf 61' lang='lat' dir='ltr'><strong>natura:</strong></span> <span class='ocrx_word' id='word_1_533' title='bbox 2338 3486 2752 3558; x_wconf 88' lang='lat' dir='ltr'><strong>appellationem</strong></span> <span class='ocrx_word' id='word_1_534' title='bbox 2784 3483 2927 3539; x_wconf 88' lang='lat' dir='ltr'><strong>illius</strong></span> <span class='ocrx_word' id='word_1_535' title='bbox 2949 3496 3191 3541; x_wconf 89' lang='lat' dir='ltr'><strong>sumens,</strong></span> <span class='ocrx_word' id='word_1_536' title='bbox 3220 3478 3310 3548; x_wconf 86' lang='lat' dir='ltr'><strong>qui</strong></span> <span class='ocrx_word' id='word_1_537' title='bbox 3328 3483 3446 3531; x_wconf 86' lang='lat' dir='ltr'><strong>erat</strong></span> <span class='ocrx_word' id='word_1_538' title='bbox 3469 3481 3596 3527; x_wconf 88' lang='lat' dir='ltr'><strong>ante</strong></span> 
     </span>
    </p>
   </div>
   <div class='ocr_carea' id='block_1_74' title="bbox 2028 3565 3600 3641">
    <p class='ocr_par' dir='ltr' id='par_1_74' title="bbox 2028 3565 3600 3641">
     <span class='ocr_line' id='line_1_74' title="bbox 2028 3565 3600 3641; baseline -0.014 -3"><span class='ocrx_word' id='word_1_539' title='bbox 2028 3581 2224 3639; x_wconf 63' lang='lat' dir='ltr'><strong>saecula</strong></span> <span class='ocrx_word' id='word_1_540' title='bbox 2255 3580 2347 3635; x_wconf 92' lang='lat' dir='ltr'><strong>Dei</strong></span> <span class='ocrx_word' id='word_1_541' title='bbox 2373 3577 2634 3641; x_wconf 80' lang='lat' dir='ltr'><strong>Verbum,</strong></span> <span class='ocrx_word' id='word_1_542' title='bbox 2665 3576 2832 3630; x_wconf 87' lang='lat' dir='ltr'><strong>Filius</strong></span> <span class='ocrx_word' id='word_1_543' title='bbox 2863 3571 3096 3627; x_wconf 91' lang='lat' dir='ltr'><strong>hominis</strong></span> <span class='ocrx_word' id='word_1_544' title='bbox 3124 3569 3386 3623; x_wconf 89' lang='lat' dir='ltr'><strong>nominari</strong></span> <span class='ocrx_word' id='word_1_545' title='bbox 3431 3565 3600 3619; x_wconf 85' lang='lat' dir='ltr'><strong>liben-</strong></span> 
     </span>
    </p>
   </div>
   <div class='ocr_carea' id='block_1_75' title="bbox 2029 3656 3596 3735">
    <p class='ocr_par' dir='ltr' id='par_1_75' title="bbox 2029 3656 3596 3735">
     <span class='ocr_line' id='line_1_75' title="bbox 2029 3656 3596 3735; baseline -0.015 -6"><span class='ocrx_word' id='word_1_546' title='bbox 2029 3684 2111 3729; x_wconf 86' lang='lat' dir='ltr'><strong>ter</strong></span> <span class='ocrx_word' id='word_1_547' title='bbox 2148 3672 2333 3728; x_wconf 92' lang='lat' dir='ltr'><strong>volnit.</strong></span> <span class='ocrx_word' id='word_1_548' title='bbox 2377 3689 2395 3723; x_wconf 76' lang='grc' dir='ltr'><strong>ι</strong></span> <span class='ocrx_word' id='word_1_549' title='bbox 2434 3668 2602 3723; x_wconf 84' lang='lat' dir='ltr'><strong>Nemo</strong></span> <span class='ocrx_word' id='word_1_550' title='bbox 2625 3667 2791 3731; x_wconf 90' lang='lat' dir='ltr'><strong>enim,</strong></span> <span class='ocrx_word' id='word_1_551' title='bbox 2826 3665 3002 3735; x_wconf 87' lang='lat' dir='ltr'><strong>inquit</strong></span> <span class='ocrx_word' id='word_1_552' title='bbox 3025 3660 3289 3732; x_wconf 84' lang='lat' dir='ltr'><strong>(Paulus),</strong></span> <span class='ocrx_word' id='word_1_553' title='bbox 3321 3658 3373 3713; x_wconf 90' lang='lat' dir='ltr'><strong>in</strong></span> <span class='ocrx_word' id='word_1_554' title='bbox 3402 3656 3596 3712; x_wconf 78' lang='lat' dir='ltr'><strong>cmlum</strong></span> 
     </span>
    </p>
   </div>
   <div class='ocr_carea' id='block_1_76' title="bbox 2025 3747 3596 3831">
    <p class='ocr_par' dir='ltr' id='par_1_76' title="bbox 2025 3747 3596 3831">
     <span class='ocr_line' id='line_1_76' title="bbox 2025 3747 3596 3831; baseline -0.012 -12"><span class='ocrx_word' id='word_1_555' title='bbox 2025 3764 2294 3827; x_wconf 87' lang='lat' dir='ltr'><strong>ascendit,</strong></span> <span class='ocrx_word' id='word_1_556' title='bbox 2318 3762 2421 3818; x_wconf 91' lang='lat' dir='ltr'><strong>nisi</strong></span> <span class='ocrx_word' id='word_1_557' title='bbox 2445 3762 2536 3831; x_wconf 92' lang='lat' dir='ltr'><strong>qui</strong></span> <span class='ocrx_word' id='word_1_558' title='bbox 2569 3760 2636 3815; x_wconf 89' lang='lat' dir='ltr'><strong>de</strong></span> <span class='ocrx_word' id='word_1_559' title='bbox 2662 3757 2802 3814; x_wconf 70' lang='lat' dir='ltr'><strong>coelo</strong></span> <span class='ocrx_word' id='word_1_560' title='bbox 2836 3757 3110 3811; x_wconf 88' lang='lat' dir='ltr'><strong>descendit</strong></span> <span class='ocrx_word' id='word_1_561' title='bbox 3141 3754 3305 3807; x_wconf 89' lang='lat' dir='ltr'><strong>Filius</strong></span> <span class='ocrx_word' id='word_1_562' title='bbox 3343 3747 3596 3815; x_wconf 82' lang='lat' dir='ltr'><strong>hominis,</strong></span> 
     </span>
    </p>
   </div>
   <div class='ocr_carea' id='block_1_77' title="bbox 2026 3842 3596 3929">
    <p class='ocr_par' dir='ltr' id='par_1_77' title="bbox 2026 3842 3596 3929">
     <span class='ocr_line' id='line_1_77' title="bbox 2026 3842 3596 3929; baseline -0.011 -15"><span class='ocrx_word' id='word_1_563' title='bbox 2026 3861 2204 3929; x_wconf 90' lang='lat' dir='ltr'><strong>quiin</strong></span> <span class='ocrx_word' id='word_1_564' title='bbox 2240 3857 2393 3912; x_wconf 64' lang='lat' dir='ltr'><strong>caelis</strong></span> <span class='ocrx_word' id='word_1_565' title='bbox 2455 3867 2538 3910; x_wconf 91' lang='lat' dir='ltr'><strong>est</strong></span> <span class='ocrx_word' id='word_1_566' title='bbox 2572 3854 2637 3907; x_wconf 81' lang='grc'><strong>⁸⁸.</strong></span> <span class='ocrx_word' id='word_1_567' title='bbox 2682 3869 2705 3905; x_wconf 74' lang='grc' dir='ltr'><strong>ι</strong></span> <span class='ocrx_word' id='word_1_568' title='bbox 2760 3850 3047 3905; x_wconf 78' lang='lat' dir='ltr'><strong>Descendit</strong></span> <span class='ocrx_word' id='word_1_569' title='bbox 3107 3858 3285 3901; x_wconf 87' lang='lat' dir='ltr'><strong>autem</strong></span> <span class='ocrx_word' id='word_1_570' title='bbox 3339 3847 3405 3899; x_wconf 86' lang='lat' dir='ltr'><strong>de</strong></span> <span class='ocrx_word' id='word_1_571' title='bbox 3457 3842 3596 3897; x_wconf 68' lang='lat' dir='ltr'><strong>caelo</strong></span> 
     </span>
    </p>
   </div>
   <div class='ocr_carea' id='block_1_78' title="bbox 2026 3936 3591 4017">
    <p class='ocr_par' dir='ltr' id='par_1_78' title="bbox 2026 3936 3591 4017">
     <span class='ocr_line' id='line_1_78' title="bbox 2026 3936 3591 4017; baseline -0.011 -14"><span class='ocrx_word' id='word_1_572' title='bbox 2026 3965 2135 4004; x_wconf 89' lang='lat' dir='ltr'><strong>non</strong></span> <span class='ocrx_word' id='word_1_573' title='bbox 2164 3951 2207 4003; x_wconf 90' lang='lat' dir='ltr'><strong>is</strong></span> <span class='ocrx_word' id='word_1_574' title='bbox 2233 3949 2323 4017; x_wconf 89' lang='lat' dir='ltr'><strong>qui</strong></span> <span class='ocrx_word' id='word_1_575' title='bbox 2366 3954 2484 4001; x_wconf 85' lang='lat' dir='ltr'><strong>erat</strong></span> <span class='ocrx_word' id='word_1_576' title='bbox 2515 3946 2581 3999; x_wconf 90' lang='lat' dir='ltr'><strong>de</strong></span> <span class='ocrx_word' id='word_1_577' title='bbox 2634 3942 2851 3996; x_wconf 81' lang='lat' dir='ltr'><strong>Davitlis</strong></span> <span class='ocrx_word' id='word_1_578' title='bbox 2899 3941 3126 4002; x_wconf 89' lang='lat' dir='ltr'><strong>semine,</strong></span> <span class='ocrx_word' id='word_1_579' title='bbox 3175 3938 3269 3992; x_wconf 90' lang='lat' dir='ltr'><strong>sed</strong></span> <span class='ocrx_word' id='word_1_580' title='bbox 3327 3936 3591 3989; x_wconf 67' lang='lat' dir='ltr'><strong>«telorum</strong></span> 
     </span>
    </p>
   </div>
   <div class='ocr_carea' id='block_1_79' title="bbox 2023 4028 3593 4105">
    <p class='ocr_par' dir='ltr' id='par_1_79' title="bbox 2023 4028 3593 4105">
     <span class='ocr_line' id='line_1_79' title="bbox 2023 4028 3593 4105; baseline -0.01 -9"><span class='ocrx_word' id='word_1_581' title='bbox 2023 4050 2260 4105; x_wconf 90' lang='lat' dir='ltr'><strong>creator,</strong></span> <span class='ocrx_word' id='word_1_582' title='bbox 2295 4038 2390 4093; x_wconf 90' lang='lat' dir='ltr'><strong>Dei</strong></span> <span class='ocrx_word' id='word_1_583' title='bbox 2417 4044 2541 4091; x_wconf 89' lang='lat' dir='ltr'><strong>ante</strong></span> <span class='ocrx_word' id='word_1_584' title='bbox 2579 4049 2740 4089; x_wconf 91' lang='lat' dir='ltr'><strong>omne</strong></span> <span class='ocrx_word' id='word_1_585' title='bbox 2803 4041 3015 4099; x_wconf 89' lang='lat' dir='ltr'><strong>tempus</strong></span> <span class='ocrx_word' id='word_1_586' title='bbox 3070 4028 3305 4083; x_wconf 78' lang='lat' dir='ltr'><strong>Verbum</strong></span> <span class='ocrx_word' id='word_1_587' title='bbox 3362 4035 3418 4082; x_wconf 87' lang='lat' dir='ltr'><strong>et</strong></span> <span class='ocrx_word' id='word_1_588' title='bbox 3470 4035 3593 4080; x_wconf 85' lang='lat' dir='ltr'><strong>ante</strong></span> 
     </span>
    </p>
   </div>
   <div class='ocr_carea' id='block_1_80' title="bbox 344 4116 1931 4197">
    <p class='ocr_par' dir='ltr' id='par_1_80' title="bbox 344 4120 1919 4196">
     <span class='ocr_line' id='line_1_80' title="bbox 344 4120 1919 4196; baseline 0.004 -24"><span class='ocrx_word' id='word_1_589' title='bbox 344 4120 445 4193; x_wconf 80' lang='grc' dir='ltr'><strong>τὴν</strong></span> <span class='ocrx_word' id='word_1_590' title='bbox 472 4122 607 4193; x_wconf 80' lang='grc' dir='ltr'>πρὸς</span> <span class='ocrx_word' id='word_1_591' title='bbox 634 4123 694 4175; x_wconf 85' lang='grc' dir='ltr'>τὸ</span> <span class='ocrx_word' id='word_1_592' title='bbox 735 4123 1073 4196; x_wconf 86' lang='grc' dir='ltr'>ἀνθρώπινον</span> <span class='ocrx_word' id='word_1_593' title='bbox 1101 4125 1316 4191; x_wconf 75' lang='grc' dir='ltr'>ἕνωσιν,</span> <span class='ocrx_word' id='word_1_594' title='bbox 1348 4125 1614 4195; x_wconf 88' lang='grc' dir='ltr'>λαμϐάνει</span> <span class='ocrx_word' id='word_1_595' title='bbox 1657 4125 1749 4179; x_wconf 89' lang='grc' dir='ltr'><strong>τοῦ</strong></span> <span class='ocrx_word' id='word_1_596' title='bbox 1787 4125 1919 4179; x_wconf 85' lang='grc' dir='ltr'>Υἱοῦ</span> 
     </span>
    </p>
   </div>
   <div class='ocr_carea' id='block_1_81' title="bbox 2032 4116 3593 4197">
    <p class='ocr_par' dir='ltr' id='par_1_81' title="bbox 2032 4116 3593 4197">
     <span class='ocr_line' id='line_1_81' title="bbox 2032 4116 3593 4197; baseline -0.01 -11"><span class='ocrx_word' id='word_1_597' title='bbox 2032 4130 2243 4186; x_wconf 77' lang='lat' dir='ltr'><strong>saecula.</strong></span> <span class='ocrx_word' id='word_1_598' title='bbox 2275 4128 2373 4182; x_wconf 88' lang='lat' dir='ltr'><strong>llic</strong></span> <span class='ocrx_word' id='word_1_599' title='bbox 2404 4134 2623 4197; x_wconf 89' lang='lat' dir='ltr'><strong>propter</strong></span> <span class='ocrx_word' id='word_1_600' title='bbox 2652 4138 2804 4178; x_wconf 91' lang='lat' dir='ltr'><strong>suam</strong></span> <span class='ocrx_word' id='word_1_601' title='bbox 2851 4136 2969 4176; x_wconf 93' lang='lat' dir='ltr'><strong>cum</strong></span> <span class='ocrx_word' id='word_1_602' title='bbox 3012 4120 3343 4174; x_wconf 86' lang='lat' dir='ltr'><strong>humanitate</strong></span> <span class='ocrx_word' id='word_1_603' title='bbox 3387 4116 3593 4170; x_wconf 87' lang='lat' dir='ltr'><strong>aduna-</strong></span> 
     </span>
    </p>
   </div>
   <div class='ocr_carea' id='block_1_82' title="bbox 345 4208 1931 4289">
    <p class='ocr_par' dir='ltr' id='par_1_82' title="bbox 345 4209 1920 4285">
     <span class='ocr_line' id='line_1_82' title="bbox 345 4209 1920 4285; baseline 0.006 -23"><span class='ocrx_word' id='word_1_604' title='bbox 345 4209 441 4263; x_wconf 86' lang='grc' dir='ltr'><strong>τοῦ</strong></span> <span class='ocrx_word' id='word_1_605' title='bbox 469 4211 757 4280; x_wconf 90' lang='grc' dir='ltr'>ἀνθρώπου</span> <span class='ocrx_word' id='word_1_606' title='bbox 791 4213 853 4265; x_wconf 83' lang='grc' dir='ltr'>τὸ</span> <span class='ocrx_word' id='word_1_607' title='bbox 868 4214 1036 4284; x_wconf 76' lang='grc' dir='ltr'>ὄνομα</span> <span class='ocrx_word' id='word_1_608' title='bbox 1062 4228 1076 4244; x_wconf 93' lang='grc'><strong>·</strong></span> <span class='ocrx_word' id='word_1_609' title='bbox 1098 4217 1194 4268; x_wconf 72' lang='grc' dir='ltr'><strong>καὶ</strong></span> <span class='ocrx_word' id='word_1_610' title='bbox 1223 4214 1454 4285; x_wconf 76' lang='grc' dir='ltr'>ἑτέρωθι</span> <span class='ocrx_word' id='word_1_611' title='bbox 1481 4215 1538 4269; x_wconf 90' lang='grc' dir='ltr'><strong>δέ</strong></span> <span class='ocrx_word' id='word_1_612' title='bbox 1562 4216 1721 4271; x_wconf 89' lang='grc' dir='ltr'>πάλιν</span> <span class='ocrx_word' id='word_1_613' title='bbox 1748 4215 1920 4282; x_wconf 72' lang='grc' dir='ltr'>οὕτως</span> 
     </span>
    </p>
   </div>
   <div class='ocr_carea' id='block_1_83' title="bbox 2032 4208 3589 4289">
    <p class='ocr_par' dir='ltr' id='par_1_83' title="bbox 2032 4208 3589 4289">
     <span class='ocr_line' id='line_1_83' title="bbox 2032 4208 3589 4289; baseline -0.01 -11"><span class='ocrx_word' id='word_1_614' title='bbox 2032 4225 2246 4289; x_wconf 83' lang='lat' dir='ltr'><strong>tionem,</strong></span> <span class='ocrx_word' id='word_1_615' title='bbox 2282 4220 2406 4275; x_wconf 86' lang='lat' dir='ltr'><strong>Filii</strong></span> <span class='ocrx_word' id='word_1_616' title='bbox 2435 4217 2670 4273; x_wconf 91' lang='lat' dir='ltr'><strong>hominis</strong></span> <span class='ocrx_word' id='word_1_617' title='bbox 2702 4212 3124 4281; x_wconf 90' lang='lat' dir='ltr'><strong>nomeuaccipit.</strong></span> <span class='ocrx_word' id='word_1_618' title='bbox 3156 4208 3219 4262; x_wconf 86' lang='lat' dir='ltr'><strong>Et</strong></span> <span class='ocrx_word' id='word_1_619' title='bbox 3247 4209 3351 4263; x_wconf 89' lang='lat' dir='ltr'><strong>alio</strong></span> <span class='ocrx_word' id='word_1_620' title='bbox 3399 4222 3589 4262; x_wconf 89' lang='lat' dir='ltr'><strong>rursus</strong></span> 
     </span>
    </p>
   </div>
   <div class='ocr_carea' id='block_1_84' title="bbox 345 4298 1931 4377">
    <p class='ocr_par' dir='ltr' id='par_1_84' title="bbox 345 4298 1920 4374">
     <span class='ocr_line' id='line_1_84' title="bbox 345 4298 1920 4374; baseline 0.004 -22"><span class='ocrx_word' id='word_1_621' title='bbox 345 4298 508 4352; x_wconf 78' lang='grc' dir='ltr'>αὐτὸν</span> <span class='ocrx_word' id='word_1_622' title='bbox 543 4300 968 4371; x_wconf 86' lang='grc' dir='ltr'>προσαγορεύει·</span> <span class='ocrx_word' id='word_1_623' title='bbox 1036 4321 1055 4353; x_wconf 73' lang='grc' dir='ltr'><strong>ι</strong></span> <span class='ocrx_word' id='word_1_624' title='bbox 1078 4301 1202 4355; x_wconf 84' lang='grc' dir='ltr'><strong>Ἐὰν</strong></span> <span class='ocrx_word' id='word_1_625' title='bbox 1237 4302 1383 4374; x_wconf 77' lang='grc' dir='ltr'>ἴδητε</span> <span class='ocrx_word' id='word_1_626' title='bbox 1412 4303 1503 4356; x_wconf 73' lang='grc' dir='ltr'><strong>τὸν</strong></span> <span class='ocrx_word' id='word_1_627' title='bbox 1540 4304 1664 4357; x_wconf 84' lang='grc' dir='ltr'>Υίὸν</span> <span class='ocrx_word' id='word_1_628' title='bbox 1702 4304 1794 4358; x_wconf 91' lang='grc' dir='ltr'><strong>τοῦ</strong></span> <span class='ocrx_word' id='word_1_629' title='bbox 1827 4306 1920 4358; x_wconf 84' lang='grc' dir='ltr'>ἀν-</span> 
     </span>
    </p>
   </div>
   <div class='ocr_carea' id='block_1_85' title="bbox 2032 4298 3587 4377">
    <p class='ocr_par' dir='ltr' id='par_1_85' title="bbox 2032 4298 3587 4377">
     <span class='ocr_line' id='line_1_85' title="bbox 2032 4298 3587 4377; baseline -0.01 -10"><span class='ocrx_word' id='word_1_630' title='bbox 2032 4314 2141 4367; x_wconf 89' lang='lat' dir='ltr'><strong>loco</strong></span> <span class='ocrx_word' id='word_1_631' title='bbox 2167 4313 2312 4366; x_wconf 90' lang='lat' dir='ltr'><strong>hunc</strong></span> <span class='ocrx_word' id='word_1_632' title='bbox 2348 4311 2420 4364; x_wconf 89' lang='lat' dir='ltr'><strong>ita</strong></span> <span class='ocrx_word' id='word_1_633' title='bbox 2442 4306 2715 4377; x_wconf 88' lang='lat' dir='ltr'><strong>appellat:</strong></span> <span class='ocrx_word' id='word_1_634' title='bbox 2751 4324 2770 4357; x_wconf 85' lang='grc'><em>‹</em></span> <span class='ocrx_word' id='word_1_635' title='bbox 2808 4303 2865 4359; x_wconf 92' lang='lat' dir='ltr'><strong>Si</strong></span> <span class='ocrx_word' id='word_1_636' title='bbox 2891 4303 3132 4358; x_wconf 87' lang='lat' dir='ltr'><strong>videritis</strong></span> <span class='ocrx_word' id='word_1_637' title='bbox 3171 4299 3366 4354; x_wconf 85' lang='lat' dir='ltr'><strong>Filium</strong></span> <span class='ocrx_word' id='word_1_638' title='bbox 3415 4298 3587 4352; x_wconf 83' lang='lat' dir='ltr'><strong>homi-</strong></span> 
     </span>
    </p>
   </div>
   <div class='ocr_carea' id='block_1_86' title="bbox 346 4387 1931 4468">
    <p class='ocr_par' dir='ltr' id='par_1_86' title="bbox 346 4387 1919 4468">
     <span class='ocr_line' id='line_1_86' title="bbox 346 4387 1919 4468; baseline 0.006 -28"><span class='ocrx_word' id='word_1_639' title='bbox 346 4387 566 4459; x_wconf 88' lang='grc' dir='ltr'>θρώπου</span> <span class='ocrx_word' id='word_1_640' title='bbox 611 4391 972 4462; x_wconf 86' lang='grc' dir='ltr'>ἀνερχόμενον</span> <span class='ocrx_word' id='word_1_641' title='bbox 1012 4392 1148 4445; x_wconf 85' lang='grc' dir='ltr'>ὅπου</span> <span class='ocrx_word' id='word_1_642' title='bbox 1188 4387 1255 4464; x_wconf 78' lang='grc' dir='ltr'>ἦν</span> <span class='ocrx_word' id='word_1_643' title='bbox 1298 4393 1360 4446; x_wconf 81' lang='grc' dir='ltr'>τὸ</span> <span class='ocrx_word' id='word_1_644' title='bbox 1414 4394 1676 4466; x_wconf 84' lang='grc' dir='ltr'>πρότερον</span> <span class='ocrx_word' id='word_1_645' title='bbox 1704 4414 1717 4427; x_wconf 91' lang='grc'><strong>·</strong></span> <span class='ocrx_word' id='word_1_646' title='bbox 1748 4415 1766 4448; x_wconf 74' lang='grc' dir='ltr'><strong>ι</strong></span> <span class='ocrx_word' id='word_1_647' title='bbox 1821 4397 1919 4468; x_wconf 87' lang='grc' dir='ltr'><strong>οὐχ</strong></span> 
     </span>
    </p>
   </div>
   <div class='ocr_carea' id='block_1_87' title="bbox 2032 4387 3589 4468">
    <p class='ocr_par' dir='ltr' id='par_1_87' title="bbox 2032 4387 3589 4465">
     <span class='ocr_line' id='line_1_87' title="bbox 2032 4387 3589 4465; baseline -0.012 -5"><span class='ocrx_word' id='word_1_648' title='bbox 2032 4405 2106 4460; x_wconf 78' lang='lat' dir='ltr'><strong>riis</strong></span> <span class='ocrx_word' id='word_1_649' title='bbox 2131 4404 2258 4458; x_wconf 91' lang='lat' dir='ltr'><strong>illuc</strong></span> <span class='ocrx_word' id='word_1_650' title='bbox 2281 4401 2664 4458; x_wconf 87' lang='lat' dir='ltr'><strong>ascendentem</strong></span> <span class='ocrx_word' id='word_1_651' title='bbox 2695 4397 2782 4450; x_wconf 89' lang='lat' dir='ltr'><strong>ubi</strong></span> <span class='ocrx_word' id='word_1_652' title='bbox 2815 4395 2967 4465; x_wconf 90' lang='lat' dir='ltr'><strong>prius</strong></span> <span class='ocrx_word' id='word_1_653' title='bbox 2988 4403 3106 4447; x_wconf 88' lang='lat' dir='ltr'><strong>erat</strong></span> <span class='ocrx_word' id='word_1_654' title='bbox 3135 4391 3203 4455; x_wconf 79' lang='lat'><strong>&quot;,</strong></span> <span class='ocrx_word' id='word_1_655' title='bbox 3261 4409 3279 4444; x_wconf 74' lang='grc' dir='ltr'><strong>ι</strong></span> <span class='ocrx_word' id='word_1_656' title='bbox 3317 4405 3420 4443; x_wconf 90' lang='lat' dir='ltr'><strong>non</strong></span> <span class='ocrx_word' id='word_1_657' title='bbox 3449 4387 3589 4443; x_wconf 76' lang='lat' dir='ltr'><strong>servi</strong></span> 
     </span>
    </p>
   </div>
   <div class='ocr_carea' id='block_1_88' title="bbox 344 4479 1931 4589">
    <p class='ocr_par' dir='ltr' id='par_1_88' title="bbox 344 4480 1917 4589">
     <span class='ocr_line' id='line_1_88' title="bbox 344 4480 1917 4589; baseline 0.006 -56"><span class='ocrx_word' id='word_1_658' title='bbox 344 4480 514 4589; x_wconf 57' lang='grc' dir='ltr'>ήΠτοῦ</span> <span class='ocrx_word' id='word_1_659' title='bbox 554 4481 740 4535; x_wconf 91' lang='grc' dir='ltr'>δούλου</span> <span class='ocrx_word' id='word_1_660' title='bbox 789 4482 994 4553; x_wconf 84' lang='grc' dir='ltr'>μορφὴ,</span> <span class='ocrx_word' id='word_1_661' title='bbox 1020 4482 1135 4535; x_wconf 87' lang='grc' dir='ltr'>ἀλλ’</span> <span class='ocrx_word' id='word_1_662' title='bbox 1176 4485 1209 4553; x_wconf 77' lang='grc' dir='ltr'>ἡ</span> <span class='ocrx_word' id='word_1_663' title='bbox 1260 4482 1355 4537; x_wconf 89' lang='grc' dir='ltr'><strong>τοῦ</strong></span> <span class='ocrx_word' id='word_1_664' title='bbox 1402 4483 1536 4538; x_wconf 89' lang='grc' dir='ltr'>Θεοῦ</span> <span class='ocrx_word' id='word_1_665' title='bbox 1568 4493 1747 4558; x_wconf 76' lang='grc' dir='ltr'>μορφή</span> <span class='ocrx_word' id='word_1_666' title='bbox 1772 4505 1783 4518; x_wconf 85' lang='grc'><strong>·</strong></span> <span class='ocrx_word' id='word_1_667' title='bbox 1824 4490 1917 4542; x_wconf 76' lang='grc' dir='ltr'>καὶ</span> 
     </span>
    </p>
   </div>
   <div class='ocr_carea' id='block_1_89' title="bbox 2032 4479 3591 4589">
    <p class='ocr_par' dir='ltr' id='par_1_89' title="bbox 2032 4479 3591 4561">
     <span class='ocr_line' id='line_1_89' title="bbox 2032 4479 3591 4561; baseline -0.012 -10"><span class='ocrx_word' id='word_1_668' title='bbox 2032 4496 2222 4561; x_wconf 77' lang='lat' dir='ltr'><strong>forma,</strong></span> <span class='ocrx_word' id='word_1_669' title='bbox 2270 4494 2363 4550; x_wconf 85' lang='lat' dir='ltr'><strong>sed</strong></span> <span class='ocrx_word' id='word_1_670' title='bbox 2413 4492 2586 4547; x_wconf 79' lang='lat' dir='ltr'><strong>forma</strong></span> <span class='ocrx_word' id='word_1_671' title='bbox 2634 4488 2751 4543; x_wconf 87' lang='lat' dir='ltr'><strong>Dei.</strong></span> <span class='ocrx_word' id='word_1_672' title='bbox 2817 4483 2888 4543; x_wconf 82' lang='lat' dir='ltr'><strong>Et</strong></span> <span class='ocrx_word' id='word_1_673' title='bbox 2928 4498 3152 4539; x_wconf 88' lang='lat' dir='ltr'><strong>rursus:</strong></span> <span class='ocrx_word' id='word_1_674' title='bbox 3191 4500 3210 4533; x_wconf 79' lang='grc' dir='ltr'><strong>ι</strong></span> <span class='ocrx_word' id='word_1_675' title='bbox 3240 4480 3390 4547; x_wconf 87' lang='lat' dir='ltr'><strong>Quod</strong></span> <span class='ocrx_word' id='word_1_676' title='bbox 3452 4479 3591 4533; x_wconf 77' lang='lat' dir='ltr'><strong>[ilius</strong></span> 
     </span>
    </p>
   </div>
   <div class='ocr_carea' id='block_1_90' title="bbox 343 4568 1931 4650">
    <p class='ocr_par' dir='ltr' id='par_1_90' title="bbox 343 4568 1915 4648">
     <span class='ocr_line' id='line_1_90' title="bbox 343 4568 1915 4648; baseline 0.005 -24"><span class='ocrx_word' id='word_1_677' title='bbox 343 4568 521 4636; x_wconf 80' lang='grc' dir='ltr'>αὖθις·</span> <span class='ocrx_word' id='word_1_678' title='bbox 557 4590 576 4623; x_wconf 77' lang='grc' dir='ltr'><strong>ι</strong></span> <span class='ocrx_word' id='word_1_679' title='bbox 605 4573 728 4625; x_wconf 87' lang='grc' dir='ltr'>’Ότι</span> <span class='ocrx_word' id='word_1_680' title='bbox 766 4571 878 4636; x_wconf 81' lang='grc' dir='ltr'>υίὸς</span> <span class='ocrx_word' id='word_1_681' title='bbox 907 4570 1194 4644; x_wconf 87' lang='grc' dir='ltr'>ἀνθρώπου</span> <span class='ocrx_word' id='word_1_682' title='bbox 1225 4572 1362 4638; x_wconf 70' lang='grc' dir='ltr'>ἐστὶ,</span> <span class='ocrx_word' id='word_1_683' title='bbox 1395 4573 1549 4643; x_wconf 77' lang='grc' dir='ltr'>φησὶ,</span> <span class='ocrx_word' id='word_1_684' title='bbox 1600 4576 1675 4646; x_wconf 80' lang='grc' dir='ltr'><strong>μὴ</strong></span> <span class='ocrx_word' id='word_1_685' title='bbox 1704 4576 1915 4648; x_wconf 89' lang='grc' dir='ltr'>θαυμά-</span> 
     </span>
    </p>
   </div>
   <div class='ocr_carea' id='block_1_91' title="bbox 2032 4568 3586 4650">
    <p class='ocr_par' dir='ltr' id='par_1_91' title="bbox 2032 4569 3586 4650">
     <span class='ocr_line' id='line_1_91' title="bbox 2032 4569 3586 4650; baseline -0.014 -6"><span class='ocrx_word' id='word_1_686' title='bbox 2032 4586 2259 4644; x_wconf 81' lang='lat' dir='ltr'><strong>hominis</strong></span> <span class='ocrx_word' id='word_1_687' title='bbox 2278 4584 2370 4649; x_wconf 90' lang='lat' dir='ltr'><strong>sit,</strong></span> <span class='ocrx_word' id='word_1_688' title='bbox 2396 4581 2589 4650; x_wconf 91' lang='lat' dir='ltr'><strong>inquit,</strong></span> <span class='ocrx_word' id='word_1_689' title='bbox 2618 4593 2684 4633; x_wconf 87' lang='lat' dir='ltr'><strong>ne</strong></span> <span class='ocrx_word' id='word_1_690' title='bbox 2718 4574 2985 4632; x_wconf 89' lang='lat' dir='ltr'><strong>miremini</strong></span> <span class='ocrx_word' id='word_1_691' title='bbox 3021 4591 3035 4640; x_wconf 91' lang='lat'><strong>;</strong></span> <span class='ocrx_word' id='word_1_692' title='bbox 3071 4573 3217 4626; x_wconf 87' lang='lat' dir='ltr'><strong>venit</strong></span> <span class='ocrx_word' id='word_1_693' title='bbox 3242 4571 3382 4626; x_wconf 90' lang='lat' dir='ltr'><strong>enim</strong></span> <span class='ocrx_word' id='word_1_694' title='bbox 3431 4569 3586 4636; x_wconf 83' lang='lat' dir='ltr'><strong>hora,</strong></span> 
     </span>
    </p>
   </div>
   <div class='ocr_carea' id='block_1_92' title="bbox 342 4658 1931 4751">
    <p class='ocr_par' dir='ltr' id='par_1_92' title="bbox 342 4658 1914 4735">
     <span class='ocr_line' id='line_1_92' title="bbox 342 4658 1914 4735; baseline 0.004 -19"><span class='ocrx_word' id='word_1_695' title='bbox 342 4664 465 4727; x_wconf 80' lang='grc' dir='ltr'>ζετε</span> <span class='ocrx_word' id='word_1_696' title='bbox 486 4663 665 4727; x_wconf 85' lang='grc' dir='ltr'>τοῦτο,</span> <span class='ocrx_word' id='word_1_697' title='bbox 695 4664 776 4717; x_wconf 76' lang='grc' dir='ltr'><strong>ὅτι</strong></span> <span class='ocrx_word' id='word_1_698' title='bbox 821 4664 1037 4734; x_wconf 77' lang='grc' dir='ltr'>ἔρχεται</span> <span class='ocrx_word' id='word_1_699' title='bbox 1071 4664 1189 4733; x_wconf 83' lang='grc' dir='ltr'>ὥρα</span> <span class='ocrx_word' id='word_1_700' title='bbox 1239 4665 1295 4717; x_wconf 85' lang='grc' dir='ltr'><strong>ἐν</strong></span> <span class='ocrx_word' id='word_1_701' title='bbox 1408 4664 1727 4721; x_wconf 87' lang='grc' dir='ltr'>ἀκούσονται</span> <span class='ocrx_word' id='word_1_702' title='bbox 1764 4670 1813 4721; x_wconf 76' lang='grc' dir='ltr'>οἱ</span> <span class='ocrx_word' id='word_1_703' title='bbox 1856 4669 1914 4723; x_wconf 90' lang='grc' dir='ltr'><strong>ἐν</strong></span> 
     </span>
    </p>
   </div>
   <div class='ocr_carea' id='block_1_93' title="bbox 2032 4658 3583 4751">
    <p class='ocr_par' dir='ltr' id='par_1_93' title="bbox 2032 4660 3583 4751">
     <span class='ocr_line' id='line_1_93' title="bbox 2032 4660 3583 4751; baseline -0.014 -16"><span class='ocrx_word' id='word_1_704' title='bbox 2032 4695 2128 4751; x_wconf 75' lang='lat' dir='ltr'><strong>qua</strong></span> <span class='ocrx_word' id='word_1_705' title='bbox 2158 4678 2194 4732; x_wconf 92' lang='lat' dir='ltr'><strong>ii</strong></span> <span class='ocrx_word' id='word_1_706' title='bbox 2217 4676 2310 4746; x_wconf 92' lang='lat' dir='ltr'><strong>qui</strong></span> <span class='ocrx_word' id='word_1_707' title='bbox 2344 4675 2396 4728; x_wconf 92' lang='lat' dir='ltr'><strong>in</strong></span> <span class='ocrx_word' id='word_1_708' title='bbox 2421 4668 2784 4727; x_wconf 84' lang='lat' dir='ltr'><strong>monumentis</strong></span> <span class='ocrx_word' id='word_1_709' title='bbox 2812 4664 3173 4721; x_wconf 88' lang='lat' dir='ltr'><strong>suntaudieut</strong></span> <span class='ocrx_word' id='word_1_710' title='bbox 3200 4676 3386 4717; x_wconf 87' lang='lat' dir='ltr'><strong>vocem</strong></span> <span class='ocrx_word' id='word_1_711' title='bbox 3404 4660 3544 4714; x_wconf 91' lang='lat' dir='ltr'><strong>illius</strong></span> <span class='ocrx_word' id='word_1_712' title='bbox 3570 4679 3583 4714; x_wconf 93' lang='lat'><strong>:</strong></span> 
     </span>
    </p>
   </div>
   <div class='ocr_carea' id='block_1_94' title="bbox 340 4751 1931 4838">
    <p class='ocr_par' dir='ltr' id='par_1_94' title="bbox 340 4758 1912 4829">
     <span class='ocr_line' id='line_1_94' title="bbox 340 4758 1912 4829; baseline 0.003 -18"><span class='ocrx_word' id='word_1_713' title='bbox 340 4760 452 4821; x_wconf 84' lang='grc' dir='ltr'>τοῖς</span> <span class='ocrx_word' id='word_1_714' title='bbox 487 4761 732 4829; x_wconf 87' lang='grc' dir='ltr'>μνήμασι</span> <span class='ocrx_word' id='word_1_715' title='bbox 757 4758 853 4827; x_wconf 84' lang='grc' dir='ltr'><strong>τῆς</strong></span> <span class='ocrx_word' id='word_1_716' title='bbox 885 4758 1068 4829; x_wconf 87' lang='grc' dir='ltr'>φωνῆς</span> <span class='ocrx_word' id='word_1_717' title='bbox 1101 4758 1289 4820; x_wconf 87' lang='grc' dir='ltr'>αὐτοῦ,</span> <span class='ocrx_word' id='word_1_718' title='bbox 1338 4759 1432 4812; x_wconf 83' lang='grc' dir='ltr'>καὶ</span> <span class='ocrx_word' id='word_1_719' title='bbox 1473 4759 1840 4826; x_wconf 79' lang='grc' dir='ltr'>ἐξελεύσονται</span> <span class='ocrx_word' id='word_1_720' title='bbox 1863 4763 1912 4815; x_wconf 75' lang='lat' dir='ltr'><strong>oi</strong></span> 
     </span>
    </p>
   </div>
   <div class='ocr_carea' id='block_1_95' title="bbox 2032 4751 3585 4838">
    <p class='ocr_par' dir='ltr' id='par_1_95' title="bbox 2032 4751 3585 4838">
     <span class='ocr_line' id='line_1_95' title="bbox 2032 4751 3585 4838; baseline -0.014 -13"><span class='ocrx_word' id='word_1_721' title='bbox 2032 4778 2074 4825; x_wconf 75' lang='lat' dir='ltr'><strong>et</strong></span> <span class='ocrx_word' id='word_1_722' title='bbox 2105 4764 2399 4838; x_wconf 89' lang='lat' dir='ltr'><strong>procedeut</strong></span> <span class='ocrx_word' id='word_1_723' title='bbox 2429 4760 2521 4832; x_wconf 86' lang='lat' dir='ltr'><strong>qui</strong></span> <span class='ocrx_word' id='word_1_724' title='bbox 2574 4761 2711 4814; x_wconf 90' lang='lat' dir='ltr'><strong>bona</strong></span> <span class='ocrx_word' id='word_1_725' title='bbox 2768 4756 3016 4812; x_wconf 80' lang='lat' dir='ltr'><strong>fecerunt</strong></span> <span class='ocrx_word' id='word_1_726' title='bbox 3042 4755 3093 4808; x_wconf 90' lang='lat' dir='ltr'><strong>in</strong></span> <span class='ocrx_word' id='word_1_727' title='bbox 3136 4751 3585 4807; x_wconf 78' lang='lat' dir='ltr'><strong>resurrectionem</strong></span> 
     </span>
    </p>
   </div>
   <div class='ocr_carea' id='block_1_96' title="bbox 341 4842 1931 4926">
    <p class='ocr_par' dir='ltr' id='par_1_96' title="bbox 341 4849 1915 4920">
     <span class='ocr_line' id='line_1_96' title="bbox 341 4849 1915 4920; baseline 0.003 -17"><span class='ocrx_word' id='word_1_728' title='bbox 341 4851 409 4903; x_wconf 85' lang='grc' dir='ltr'><strong>τὰ</strong></span> <span class='ocrx_word' id='word_1_729' title='bbox 443 4849 623 4918; x_wconf 86' lang='grc' dir='ltr'>ἀγαθὰ</span> <span class='ocrx_word' id='word_1_730' title='bbox 658 4853 1002 4920; x_wconf 80' lang='grc' dir='ltr'>ποιήσαντες,</span> <span class='ocrx_word' id='word_1_731' title='bbox 1040 4850 1119 4911; x_wconf 89' lang='grc' dir='ltr'>εἰς</span> <span class='ocrx_word' id='word_1_732' title='bbox 1149 4849 1445 4904; x_wconf 87' lang='grc' dir='ltr'>ἀνάστασιν</span> <span class='ocrx_word' id='word_1_733' title='bbox 1475 4849 1645 4919; x_wconf 79' lang='grc' dir='ltr'>ζωῆς·</span> <span class='ocrx_word' id='word_1_734' title='bbox 1678 4852 1727 4903; x_wconf 85' lang='grc' dir='ltr'><strong>οί</strong></span> <span class='ocrx_word' id='word_1_735' title='bbox 1757 4851 1815 4904; x_wconf 87' lang='grc' dir='ltr'>δὲ</span> <span class='ocrx_word' id='word_1_736' title='bbox 1847 4853 1915 4907; x_wconf 80' lang='grc' dir='ltr'>τὰ</span> 
     </span>
    </p>
   </div>
   <div class='ocr_carea' id='block_1_97' title="bbox 2032 4842 3584 4926">
    <p class='ocr_par' dir='ltr' id='par_1_97' title="bbox 2032 4842 3584 4926">
     <span class='ocr_line' id='line_1_97' title="bbox 2032 4842 3584 4926; baseline -0.012 -14"><span class='ocrx_word' id='word_1_737' title='bbox 2032 4858 2186 4922; x_wconf 61' lang='lat' dir='ltr'><strong>vitae;</strong></span> <span class='ocrx_word' id='word_1_738' title='bbox 2221 4855 2310 4926; x_wconf 90' lang='lat' dir='ltr'><strong>qui</strong></span> <span class='ocrx_word' id='word_1_739' title='bbox 2354 4867 2483 4909; x_wconf 86' lang='lat' dir='ltr'><strong>vero</strong></span> <span class='ocrx_word' id='word_1_740' title='bbox 2536 4850 2675 4905; x_wconf 81' lang='lat' dir='ltr'><strong>mala</strong></span> <span class='ocrx_word' id='word_1_741' title='bbox 2730 4856 2975 4918; x_wconf 76' lang='lat' dir='ltr'><strong>egerunt,</strong></span> <span class='ocrx_word' id='word_1_742' title='bbox 3029 4846 3080 4899; x_wconf 92' lang='lat' dir='ltr'><strong>in</strong></span> <span class='ocrx_word' id='word_1_743' title='bbox 3140 4842 3584 4899; x_wconf 82' lang='lat' dir='ltr'><strong>resurrectionem</strong></span> 
     </span>
    </p>
   </div>
   <div class='ocr_carea' id='block_1_98' title="bbox 342 4934 1931 5019">
    <p class='ocr_par' dir='ltr' id='par_1_98' title="bbox 342 4940 1915 5014">
     <span class='ocr_line' id='line_1_98' title="bbox 342 4940 1915 5014; baseline -0.001 -16"><span class='ocrx_word' id='word_1_744' title='bbox 342 4943 523 5013; x_wconf 89' lang='grc' dir='ltr'>φαῦλα</span> <span class='ocrx_word' id='word_1_745' title='bbox 546 4942 874 5013; x_wconf 77' lang='grc' dir='ltr'>πράξαντες,</span> <span class='ocrx_word' id='word_1_746' title='bbox 910 4944 987 5004; x_wconf 80' lang='grc' dir='ltr'><strong>είς</strong></span> <span class='ocrx_word' id='word_1_747' title='bbox 1021 4941 1319 4996; x_wconf 88' lang='grc' dir='ltr'>ἀνάστασιν</span> <span class='ocrx_word' id='word_1_748' title='bbox 1364 4940 1618 5012; x_wconf 86' lang='grc' dir='ltr'>κρίσεως.</span> <span class='ocrx_word' id='word_1_749' title='bbox 1645 4959 1664 4990; x_wconf 73' lang='grc' dir='ltr'><strong>ι</strong></span> <span class='ocrx_word' id='word_1_750' title='bbox 1716 4943 1789 4995; x_wconf 90' lang='grc' dir='ltr'>Οὐ</span> <span class='ocrx_word' id='word_1_751' title='bbox 1816 4943 1915 5014; x_wconf 83' lang='grc' dir='ltr'><strong>τῆς</strong></span> 
     </span>
    </p>
   </div>
   <div class='ocr_carea' id='block_1_99' title="bbox 2032 4934 3581 5019">
    <p class='ocr_par' dir='ltr' id='par_1_99' title="bbox 2032 4934 3581 5015">
     <span class='ocr_line' id='line_1_99' title="bbox 2032 4934 3581 5015; baseline -0.012 -11"><span class='ocrx_word' id='word_1_752' title='bbox 2032 4948 2203 5015; x_wconf 88' lang='lat' dir='ltr'><strong>iudicii</strong></span> <span class='ocrx_word' id='word_1_753' title='bbox 2234 4947 2301 5001; x_wconf 76' lang='grc' dir='ltr'><strong>ὀ.</strong></span> <span class='ocrx_word' id='word_1_754' title='bbox 2326 4964 2343 4998; x_wconf 67' lang='grc' dir='ltr'><strong>ι</strong></span> <span class='ocrx_word' id='word_1_755' title='bbox 2368 4944 2482 5001; x_wconf 80' lang='lat' dir='ltr'><strong>Non</strong></span> <span class='ocrx_word' id='word_1_756' title='bbox 2517 4953 2593 4999; x_wconf 88' lang='lat' dir='ltr'><strong>est</strong></span> <span class='ocrx_word' id='word_1_757' title='bbox 2620 4942 2722 4997; x_wconf 82' lang='lat' dir='ltr'><strong>hoc.</strong></span> <span class='ocrx_word' id='word_1_758' title='bbox 2742 4940 2898 4995; x_wconf 90' lang='lat' dir='ltr'><strong>unius</strong></span> <span class='ocrx_word' id='word_1_759' title='bbox 2922 4934 3581 5004; x_wconf 79' lang='lat' dir='ltr'><strong>humanitatisprOprium,</strong></span> 
     </span>
    </p>
   </div>
   <div class='ocr_carea' id='block_1_100' title="bbox 339 5027 1931 5109">
    <p class='ocr_par' dir='ltr' id='par_1_100' title="bbox 339 5032 1917 5106">
     <span class='ocr_line' id='line_1_100' title="bbox 339 5032 1917 5106; baseline 0.001 -18"><span class='ocrx_word' id='word_1_760' title='bbox 339 5034 756 5106; x_wconf 88' lang='grc' dir='ltr'>ἀνθρωπότητος</span> <span class='ocrx_word' id='word_1_761' title='bbox 804 5034 861 5087; x_wconf 83' lang='grc' dir='ltr'>δὲ</span> <span class='ocrx_word' id='word_1_762' title='bbox 901 5034 1063 5104; x_wconf 80' lang='grc' dir='ltr'>ψιλῆς</span> <span class='ocrx_word' id='word_1_763' title='bbox 1104 5032 1264 5087; x_wconf 88' lang='grc' dir='ltr'>τοῦτο</span> <span class='ocrx_word' id='word_1_764' title='bbox 1311 5032 1371 5086; x_wconf 87' lang='grc' dir='ltr'><strong>τὸ</strong></span> <span class='ocrx_word' id='word_1_765' title='bbox 1427 5032 1574 5099; x_wconf 86' lang='grc' dir='ltr'>ίδιον,</span> <span class='ocrx_word' id='word_1_766' title='bbox 1633 5033 1771 5088; x_wconf 88' lang='grc' dir='ltr'><strong>ἀλλά</strong></span> <span class='ocrx_word' id='word_1_767' title='bbox 1815 5035 1917 5106; x_wconf 80' lang='grc' dir='ltr'>τῆς</span> 
     </span>
    </p>
   </div>
   <div class='ocr_carea' id='block_1_101' title="bbox 2032 5027 3584 5109">
    <p class='ocr_par' dir='ltr' id='par_1_101' title="bbox 2032 5027 3584 5109">
     <span class='ocr_line' id='line_1_101' title="bbox 2032 5027 3584 5109; baseline -0.013 -13"><span class='ocrx_word' id='word_1_768' title='bbox 2032 5043 2108 5097; x_wconf 68' lang='lat' dir='ltr'><strong>sed</strong></span> <span class='ocrx_word' id='word_1_769' title='bbox 2140 5038 2414 5109; x_wconf 86' lang='lat' dir='ltr'><strong>operantis</strong></span> <span class='ocrx_word' id='word_1_770' title='bbox 2448 5035 2768 5097; x_wconf 80' lang='lat' dir='ltr'><strong>divinitatis,</strong></span> <span class='ocrx_word' id='word_1_771' title='bbox 2802 5041 2858 5086; x_wconf 89' lang='lat' dir='ltr'><strong>et</strong></span> <span class='ocrx_word' id='word_1_772' title='bbox 2882 5029 3037 5084; x_wconf 90' lang='lat' dir='ltr'><strong>simul</strong></span> <span class='ocrx_word' id='word_1_773' title='bbox 3063 5027 3415 5083; x_wconf 84' lang='lat' dir='ltr'><strong>humanitatis</strong></span> <span class='ocrx_word' id='word_1_774' title='bbox 3457 5041 3584 5078; x_wconf 88' lang='lat' dir='ltr'><strong>cou-</strong></span> 
     </span>
    </p>
   </div>
   <div class='ocr_carea' id='block_1_102' title="bbox 338 5113 1931 5198">
    <p class='ocr_par' dir='ltr' id='par_1_102' title="bbox 338 5124 1915 5198">
     <span class='ocr_line' id='line_1_102' title="bbox 338 5124 1915 5198; baseline 0.001 -21"><span class='ocrx_word' id='word_1_775' title='bbox 338 5125 668 5195; x_wconf 76' lang='grc' dir='ltr'>ἐνεργούσης</span> <span class='ocrx_word' id='word_1_776' title='bbox 696 5124 970 5196; x_wconf 86' lang='grc' dir='ltr'>θεότητος,</span> <span class='ocrx_word' id='word_1_777' title='bbox 1012 5124 1227 5194; x_wconf 75' lang='grc' dir='ltr'>καὶτῆς</span> <span class='ocrx_word' id='word_1_778' title='bbox 1250 5125 1581 5195; x_wconf 80' lang='grc' dir='ltr'>φαινομένης</span> <span class='ocrx_word' id='word_1_779' title='bbox 1615 5124 1677 5196; x_wconf 79' lang='grc' dir='ltr'>δὴ</span> <span class='ocrx_word' id='word_1_780' title='bbox 1705 5126 1915 5198; x_wconf 85' lang='grc' dir='ltr'>ἀνθρω-</span> 
     </span>
    </p>
   </div>
   <div class='ocr_carea' id='block_1_103' title="bbox 2032 5113 3584 5198">
    <p class='ocr_par' dir='ltr' id='par_1_103' title="bbox 2032 5113 3584 5195">
     <span class='ocr_line' id='line_1_103' title="bbox 2032 5113 3584 5195; baseline -0.008 -17"><span class='ocrx_word' id='word_1_781' title='bbox 2032 5126 2211 5195; x_wconf 67' lang='grc' dir='ltr'>ιρίοιιαξ</span> <span class='ocrx_word' id='word_1_782' title='bbox 2273 5135 2495 5194; x_wconf 87' lang='lat' dir='ltr'><strong>propter</strong></span> <span class='ocrx_word' id='word_1_783' title='bbox 2549 5136 2701 5177; x_wconf 85' lang='lat' dir='ltr'><strong>suam</strong></span> <span class='ocrx_word' id='word_1_784' title='bbox 2748 5134 2869 5173; x_wconf 90' lang='lat' dir='ltr'><strong>cum</strong></span> <span class='ocrx_word' id='word_1_785' title='bbox 2914 5118 3197 5174; x_wconf 75' lang='lat' dir='ltr'><strong>divinitate</strong></span> <span class='ocrx_word' id='word_1_786' title='bbox 3250 5113 3584 5184; x_wconf 80' lang='lat' dir='ltr'><strong>conjunctio-</strong></span> 
     </span>
    </p>
   </div>
   <div class='ocr_carea' id='block_1_104' title="bbox 342 5215 1931 5289">
    <p class='ocr_par' dir='ltr' id='par_1_104' title="bbox 342 5216 1912 5289">
     <span class='ocr_line' id='line_1_104' title="bbox 342 5216 1912 5289; baseline 0.002 -20"><span class='ocrx_word' id='word_1_787' title='bbox 342 5216 571 5287; x_wconf 84' lang='grc' dir='ltr'>πότητος</span> <span class='ocrx_word' id='word_1_788' title='bbox 598 5217 687 5271; x_wconf 79' lang='grc' dir='ltr'>διὰ</span> <span class='ocrx_word' id='word_1_789' title='bbox 712 5216 809 5289; x_wconf 85' lang='grc' dir='ltr'>τὴν</span> <span class='ocrx_word' id='word_1_790' title='bbox 835 5217 972 5289; x_wconf 83' lang='grc' dir='ltr'>πρὸς</span> <span class='ocrx_word' id='word_1_791' title='bbox 998 5216 1097 5287; x_wconf 83' lang='grc' dir='ltr'>τὴν</span> <span class='ocrx_word' id='word_1_792' title='bbox 1137 5216 1363 5285; x_wconf 85' lang='grc' dir='ltr'>θεότητα</span> <span class='ocrx_word' id='word_1_793' title='bbox 1405 5216 1700 5286; x_wconf 87' lang='grc' dir='ltr'>συνάφειάν</span> <span class='ocrx_word' id='word_1_794' title='bbox 1731 5235 1789 5271; x_wconf 89' lang='grc' dir='ltr'><strong>τε</strong></span> <span class='ocrx_word' id='word_1_795' title='bbox 1819 5220 1912 5272; x_wconf 80' lang='grc' dir='ltr'><strong>καὶ</strong></span> 
     </span>
    </p>
   </div>
   <div class='ocr_carea' id='block_1_105' title="bbox 2032 5215 2771 5289">
    <p class='ocr_par' dir='ltr' id='par_1_105' title="bbox 2032 5215 2771 5286">
     <span class='ocr_line' id='line_1_105' title="bbox 2032 5215 2771 5286; baseline -0.012 -13"><span class='ocrx_word' id='word_1_796' title='bbox 2032 5233 2133 5273; x_wconf 81' lang='lat' dir='ltr'><strong>tem</strong></span> <span class='ocrx_word' id='word_1_797' title='bbox 2167 5227 2331 5286; x_wconf 88' lang='lat' dir='ltr'><strong>atque</strong></span> <span class='ocrx_word' id='word_1_798' title='bbox 2370 5215 2771 5270; x_wconf 88' lang='lat' dir='ltr'><strong>adunationem.</strong></span> 
     </span>
    </p>
   </div>
   <div class='ocr_carea' id='block_1_106' title="bbox 336 5308 549 5360">
    <p class='ocr_par' dir='ltr' id='par_1_106' title="bbox 336 5308 549 5360">
     <span class='ocr_line' id='line_1_106' title="bbox 336 5308 549 5360; baseline 0.009 -2"><span class='ocrx_word' id='word_1_799' title='bbox 336 5308 549 5360; x_wconf 71' lang='grc' dir='ltr'>ἕνωσιν.</span> 
     </span>
    </p>
   </div>
   <div class='ocr_carea' id='block_1_107' title="bbox 339 5408 1931 5502">
    <p class='ocr_par' dir='ltr' id='par_1_107' title="bbox 339 5412 1910 5502">
     <span class='ocr_line' id='line_1_107' title="bbox 339 5412 1910 5502; baseline 0.001 -35"><span class='ocrx_word' id='word_1_800' title='bbox 339 5417 416 5468; x_wconf 85' lang='grc' dir='ltr'><strong>Λ’.</strong></span> <span class='ocrx_word' id='word_1_801' title='bbox 476 5412 782 5502; x_wconf 23' lang='lat' dir='ltr'><strong>&quot;(att—Aridi;</strong></span> <span class='ocrx_word' id='word_1_802' title='bbox 832 5416 869 5482; x_wconf 75' lang='grc' dir='ltr'><strong><em>ἡ</em></strong></span> <span class='ocrx_word' id='word_1_803' title='bbox 911 5414 1052 5502; x_wconf 35' lang='grc' dir='ltr'>,τοῦι</span> <span class='ocrx_word' id='word_1_804' title='bbox 1104 5414 1330 5468; x_wconf 73' lang='grc' dir='ltr'>δούλου</span> <span class='ocrx_word' id='word_1_805' title='bbox 1381 5412 1583 5500; x_wconf 57' lang='grc' dir='ltr'>μορφὴ</span> <span class='ocrx_word' id='word_1_806' title='bbox 1635 5413 1730 5468; x_wconf 76' lang='grc' dir='ltr'>διὰ</span> <span class='ocrx_word' id='word_1_807' title='bbox 1796 5417 1910 5485; x_wconf 77' lang='grc' dir='ltr'><strong>τὴν</strong></span> 
     </span>
    </p>
   </div>
   <div class='ocr_carea' id='block_1_108' title="bbox 2032 5408 3578 5502">
    <p class='ocr_par' dir='ltr' id='par_1_108' title="bbox 2032 5408 3578 5502">
     <span class='ocr_line' id='line_1_108' title="bbox 2032 5408 3578 5502; baseline -0.01 -28"><span class='ocrx_word' id='word_1_808' title='bbox 2032 5416 2190 5474; x_wconf 71' lang='lat' dir='ltr'><strong>XXX.</strong></span> <span class='ocrx_word' id='word_1_809' title='bbox 2228 5417 2380 5483; x_wconf 73' lang='lat' dir='ltr'><strong>Quod</strong></span> <span class='ocrx_word' id='word_1_810' title='bbox 2411 5416 2581 5502; x_wconf 41' lang='lat' dir='ltr'><strong>[arma</strong></span> <span class='ocrx_word' id='word_1_811' title='bbox 2604 5412 2838 5502; x_wconf 50' lang='grc' dir='ltr'><strong>δεηθῇ,ρὸ</strong></span> <span class='ocrx_word' id='word_1_812' title='bbox 2889 5412 3121 5502; x_wconf 45' lang='lat' dir='ltr'><strong>eamdem</strong></span> <span class='ocrx_word' id='word_1_813' title='bbox 3165 5408 3578 5478; x_wconf 75' lang='lat' dir='ltr'><strong>ranjunctrouem</strong></span> 
     </span>
    </p>
   </div>
   <div class='ocr_carea' id='block_1_109' title="bbox 515 5482 1931 5552">
    <p class='ocr_par' dir='ltr' id='par_1_109' title="bbox 515 5482 1864 5552">
     <span class='ocr_line' id='line_1_109' title="bbox 515 5482 1864 5552; baseline 0.001 -16"><span class='ocrx_word' id='word_1_814' title='bbox 515 5482 852 5551; x_wconf 65' lang='grc' dir='ltr'>συνάφειαι·</span> <span class='ocrx_word' id='word_1_815' title='bbox 892 5486 1174 5551; x_wconf 84' lang='grc' dir='ltr'>ὡσαύτως</span> <span class='ocrx_word' id='word_1_816' title='bbox 1208 5486 1729 5552; x_wconf 77' lang='grc' dir='ltr'>προσαγορεύεται.</span> <span class='ocrx_word' id='word_1_817' title='bbox 1856 5482 1864 5485; x_wconf 48' lang='grc'><em>“</em></span> 
     </span>
    </p>
   </div>
   <div class='ocr_carea' id='block_1_110' title="bbox 2032 5482 3178 5552">
    <p class='ocr_par' dir='ltr' id='par_1_110' title="bbox 2252 5482 3178 5549">
     <span class='ocr_line' id='line_1_110' title="bbox 2252 5482 3178 5549; baseline -0.008 -10"><span class='ocrx_word' id='word_1_818' title='bbox 2252 5482 2261 5483; x_wconf 27' lang='grc' dir='ltr'><strong>ί</strong></span> <span class='ocrx_word' id='word_1_819' title='bbox 2411 5482 2587 5539; x_wconf 72' lang='lat' dir='ltr'><strong>Filius</strong></span> <span class='ocrx_word' id='word_1_820' title='bbox 2610 5484 2848 5538; x_wconf 79' lang='lat' dir='ltr'><strong>similiter</strong></span> <span class='ocrx_word' id='word_1_821' title='bbox 2872 5482 3178 5549; x_wconf 74' lang='lat' dir='ltr'><strong>appelletur.</strong></span> 
     </span>
    </p>
   </div>
   <div class='ocr_carea' id='block_1_111' title="bbox 408 5588 1931 5667">
    <p class='ocr_par' dir='ltr' id='par_1_111' title="bbox 408 5595 1905 5667">
     <span class='ocr_line' id='line_1_111' title="bbox 408 5595 1905 5667; baseline 0.002 -19"><span class='ocrx_word' id='word_1_822' title='bbox 408 5595 594 5659; x_wconf 77' lang='grc' dir='ltr'>Οὐτως</span> <span class='ocrx_word' id='word_1_823' title='bbox 628 5597 655 5648; x_wconf 90' lang='lat'><strong>6</strong></span> <span class='ocrx_word' id='word_1_824' title='bbox 707 5596 849 5660; x_wconf 74' lang='grc' dir='ltr'>Θεὸς</span> <span class='ocrx_word' id='word_1_825' title='bbox 881 5598 1047 5667; x_wconf 80' lang='grc' dir='ltr'>Λόγος</span> <span class='ocrx_word' id='word_1_826' title='bbox 1097 5596 1388 5652; x_wconf 81' lang='grc' dir='ltr'>οἰκειοῦται</span> <span class='ocrx_word' id='word_1_827' title='bbox 1439 5597 1538 5667; x_wconf 80' lang='grc' dir='ltr'>τῆς</span> <span class='ocrx_word' id='word_1_828' title='bbox 1577 5598 1671 5651; x_wconf 84' lang='grc' dir='ltr'><strong>τοῦ</strong></span> <span class='ocrx_word' id='word_1_829' title='bbox 1724 5597 1905 5653; x_wconf 83' lang='grc' dir='ltr'>δούλου</span> 
     </span>
    </p>
   </div>
   <div class='ocr_carea' id='block_1_112' title="bbox 2032 5588 3578 5667">
    <p class='ocr_par' dir='ltr' id='par_1_112' title="bbox 2085 5588 3578 5666">
     <span class='ocr_line' id='line_1_112' title="bbox 2085 5588 3578 5666; baseline -0.007 -13"><span class='ocrx_word' id='word_1_830' title='bbox 2085 5601 2155 5653; x_wconf 83' lang='lat' dir='ltr'><strong>Ita</strong></span> <span class='ocrx_word' id='word_1_831' title='bbox 2215 5600 2354 5653; x_wconf 87' lang='lat' dir='ltr'><strong>Deus</strong></span> <span class='ocrx_word' id='word_1_832' title='bbox 2403 5594 2634 5652; x_wconf 88' lang='lat' dir='ltr'><strong>Verbum</strong></span> <span class='ocrx_word' id='word_1_833' title='bbox 2691 5595 2966 5666; x_wconf 88' lang='lat' dir='ltr'><strong>pr0priam</strong></span> <span class='ocrx_word' id='word_1_834' title='bbox 3019 5592 3121 5647; x_wconf 88' lang='lat' dir='ltr'><strong>sibi</strong></span> <span class='ocrx_word' id='word_1_835' title='bbox 3178 5590 3306 5649; x_wconf 74' lang='lat' dir='ltr'><strong>facit</strong></span> <span class='ocrx_word' id='word_1_836' title='bbox 3368 5588 3578 5645; x_wconf 76' lang='lat' dir='ltr'><strong>servilis</strong></span> 
     </span>
    </p>
   </div>
   <div class='ocr_carea' id='block_1_113' title="bbox 405 5759 1931 5849">
    <p class='ocr_par' dir='ltr' id='par_1_113' title="bbox 405 5776 1920 5849">
     <span class='ocr_line' id='line_1_113' title="bbox 405 5776 1920 5849; baseline 0.001 -18"><span class='ocrx_word' id='word_1_837' title='bbox 405 5777 448 5808; x_wconf 84' lang='grc'><strong>⁸³</strong></span> <span class='ocrx_word' id='word_1_838' title='bbox 475 5776 707 5842; x_wconf 63' lang='lat' dir='ltr'><strong>Renum,</strong></span> <span class='ocrx_word' id='word_1_839' title='bbox 735 5776 784 5830; x_wconf 80' lang='grc'><strong>5.</strong></span> <span class='ocrx_word' id='word_1_840' title='bbox 821 5778 863 5807; x_wconf 70' lang='grc'><strong>⁸⁸</strong></span> <span class='ocrx_word' id='word_1_841' title='bbox 892 5777 909 5830; x_wconf 89' lang='lat' dir='ltr'><strong>l</strong></span> <span class='ocrx_word' id='word_1_842' title='bbox 939 5776 1170 5832; x_wconf 80' lang='lat' dir='ltr'><strong>Tiutotb.</strong></span> <span class='ocrx_word' id='word_1_843' title='bbox 1204 5794 1283 5845; x_wconf 78' lang='lat' dir='ltr'><strong>tu,</strong></span> <span class='ocrx_word' id='word_1_844' title='bbox 1319 5778 1401 5836; x_wconf 84' lang='lat' dir='ltr'><strong>l6.</strong></span> <span class='ocrx_word' id='word_1_845' title='bbox 1438 5779 1477 5809; x_wconf 80' lang='lat'><strong>’&quot;</strong></span> <span class='ocrx_word' id='word_1_846' title='bbox 1516 5776 1742 5849; x_wconf 77' lang='lat' dir='ltr'><strong>Philipp.</strong></span> <span class='ocrx_word' id='word_1_847' title='bbox 1782 5794 1839 5841; x_wconf 88' lang='lat' dir='ltr'><strong>tt,</strong></span> <span class='ocrx_word' id='word_1_848' title='bbox 1871 5778 1920 5833; x_wconf 84' lang='lat'><strong>9.</strong></span> 
     </span>
    </p>
   </div>
   <div class='ocr_carea' id='block_1_114' title="bbox 2032 5759 3550 5849">
    <p class='ocr_par' dir='ltr' id='par_1_114' title="bbox 2032 5759 3550 5846">
     <span class='ocr_line' id='line_1_114' title="bbox 2032 5759 3550 5846; baseline -0.006 -15"><span class='ocrx_word' id='word_1_849' title='bbox 2032 5777 2266 5846; x_wconf 63' lang='grc' dir='ltr'>ιΕνΙιυε.</span> <span class='ocrx_word' id='word_1_850' title='bbox 2300 5791 2369 5841; x_wconf 76' lang='grc' dir='ltr'>ιγ,</span> <span class='ocrx_word' id='word_1_851' title='bbox 2417 5776 2495 5829; x_wconf 85' lang='grc'><strong>10.</strong></span> <span class='ocrx_word' id='word_1_852' title='bbox 2539 5773 2753 5833; x_wconf 71' lang='lat' dir='ltr'><strong>&quot;Juau.</strong></span> <span class='ocrx_word' id='word_1_853' title='bbox 2793 5791 2859 5838; x_wconf 50' lang='lat' dir='ltr'><strong>rt,</strong></span> <span class='ocrx_word' id='word_1_854' title='bbox 2896 5771 2984 5825; x_wconf 74' lang='lat'><strong>65.</strong></span> <span class='ocrx_word' id='word_1_855' title='bbox 3030 5769 3073 5801; x_wconf 82' lang='grc'><strong>⁹⁰</strong></span> <span class='ocrx_word' id='word_1_856' title='bbox 3108 5768 3260 5823; x_wconf 82' lang='lat' dir='ltr'><strong>.luau.</strong></span> <span class='ocrx_word' id='word_1_857' title='bbox 3300 5780 3351 5827; x_wconf 86' lang='lat'><strong>\&#39;,</strong></span> <span class='ocrx_word' id='word_1_858' title='bbox 3380 5759 3550 5817; x_wconf 61' lang='grc' dir='ltr'><strong>εἶτ-29</strong></span> 
     </span>
    </p>
   </div>
  </div>
