  <div class='ocr_page' id='page_1' title='image "/cluster/home/n/w/nwhite01/storage/ocr_20150623/75/hvd.32044019207935/773.png"; bbox 0 0 4038 6548; ppageno 0'>
   <div class='ocr_carea' id='block_1_1' title="bbox 461 389 591 447">
    <p class='ocr_par' dir='ltr' id='par_1_1' title="bbox 461 389 591 447">
     <span class='ocr_line' id='line_1_1' title="bbox 461 389 591 447; baseline 0.023 -3"><span class='ocrx_word' id='word_1_1' title='bbox 461 389 591 447; x_wconf 80' lang='lat' dir='ltr'><strong>M7l</strong></span> 
     </span>
    </p>
   </div>
   <div class='ocr_carea' id='block_1_2' title="bbox 1485 382 2725 450">
    <p class='ocr_par' dir='ltr' id='par_1_2' title="bbox 1485 382 2725 450">
     <span class='ocr_line' id='line_1_2' title="bbox 1485 382 2725 450; baseline -0.007 -2"><span class='ocrx_word' id='word_1_2' title='bbox 1485 392 1545 448; x_wconf 92' lang='lat' dir='ltr'><strong>S.</strong></span> <span class='ocrx_word' id='word_1_3' title='bbox 1584 392 1861 450; x_wconf 74' lang='lat' dir='ltr'><strong>CYBILLI</strong></span> <span class='ocrx_word' id='word_1_4' title='bbox 1895 384 2366 450; x_wconf 76' lang='lat' dir='ltr'><strong>ALEXANDBINI</strong></span> <span class='ocrx_word' id='word_1_5' title='bbox 2403 382 2725 441; x_wconf 77' lang='lat' dir='ltr'><strong>ARCIIIEP.</strong></span> 
     </span>
    </p>
   </div>
   <div class='ocr_carea' id='block_1_3' title="bbox 3581 368 3731 424">
    <p class='ocr_par' dir='ltr' id='par_1_3' title="bbox 3581 368 3731 424">
     <span class='ocr_line' id='line_1_3' title="bbox 3581 368 3731 424; baseline 0 0"><span class='ocrx_word' id='word_1_6' title='bbox 3581 368 3731 424; x_wconf 58' lang='lat' dir='ltr'><strong>H7?</strong></span> 
     </span>
    </p>
   </div>
   <div class='ocr_carea' id='block_1_4' title="bbox 461 491 2041 579">
    <p class='ocr_par' dir='ltr' id='par_1_4' title="bbox 461 508 2037 579">
     <span class='ocr_line' id='line_1_4' title="bbox 461 508 2037 579; baseline 0.001 -16"><span class='ocrx_word' id='word_1_7' title='bbox 461 512 649 564; x_wconf 67' lang='lat' dir='ltr'><strong>formae</strong></span> <span class='ocrx_word' id='word_1_8' title='bbox 679 508 939 564; x_wconf 88' lang='lat' dir='ltr'><strong>vilitatem</strong></span> <span class='ocrx_word' id='word_1_9' title='bbox 964 525 980 576; x_wconf 88' lang='lat'><strong>;</strong></span> <span class='ocrx_word' id='word_1_10' title='bbox 1004 516 1059 565; x_wconf 86' lang='lat' dir='ltr'><strong>et</strong></span> <span class='ocrx_word' id='word_1_11' title='bbox 1087 508 1227 564; x_wconf 84' lang='lat' dir='ltr'><strong>Deus</strong></span> <span class='ocrx_word' id='word_1_12' title='bbox 1268 525 1390 563; x_wconf 91' lang='lat' dir='ltr'><strong>cum</strong></span> <span class='ocrx_word' id='word_1_13' title='bbox 1443 522 1608 579; x_wconf 90' lang='lat' dir='ltr'><strong>esset,</strong></span> <span class='ocrx_word' id='word_1_14' title='bbox 1668 514 1831 569; x_wconf 85' lang='lat' dir='ltr'><strong>homo</strong></span> <span class='ocrx_word' id='word_1_15' title='bbox 1870 511 2037 567; x_wconf 91' lang='lat' dir='ltr'><strong>voluit</strong></span> 
     </span>
    </p>
   </div>
   <div class='ocr_carea' id='block_1_5' title="bbox 2146 491 3725 579">
    <p class='ocr_par' dir='ltr' id='par_1_5' title="bbox 2146 491 3725 579">
     <span class='ocr_line' id='line_1_5' title="bbox 2146 491 3725 579; baseline -0.012 -18"><span class='ocrx_word' id='word_1_16' title='bbox 2146 506 2355 579; x_wconf 75' lang='grc' dir='ltr'>μορφῆς</span> <span class='ocrx_word' id='word_1_17' title='bbox 2374 506 2476 577; x_wconf 84' lang='grc' dir='ltr'><strong>τὴν</strong></span> <span class='ocrx_word' id='word_1_18' title='bbox 2511 503 2803 569; x_wconf 80' lang='grc' dir='ltr'>εὐτέλειαν,</span> <span class='ocrx_word' id='word_1_19' title='bbox 2833 500 2926 556; x_wconf 76' lang='grc' dir='ltr'><strong>καὶ</strong></span> <span class='ocrx_word' id='word_1_20' title='bbox 2953 499 3088 562; x_wconf 81' lang='grc' dir='ltr'>Θεὸς</span> <span class='ocrx_word' id='word_1_21' title='bbox 3116 496 3399 569; x_wconf 73' lang='grc' dir='ltr'>ὑπάρχων,</span> <span class='ocrx_word' id='word_1_22' title='bbox 3430 491 3725 561; x_wconf 66' lang='grc' dir='ltr'>ἄνθρωπος</span> 
     </span>
    </p>
   </div>
   <div class='ocr_carea' id='block_1_6' title="bbox 463 600 2035 672">
    <p class='ocr_par' dir='ltr' id='par_1_6' title="bbox 463 600 2035 672">
     <span class='ocr_line' id='line_1_6' title="bbox 463 600 2035 672; baseline -0.001 -16"><span class='ocrx_word' id='word_1_23' title='bbox 463 602 767 667; x_wconf 86' lang='lat' dir='ltr'><strong>nominari;</strong></span> <span class='ocrx_word' id='word_1_24' title='bbox 793 612 953 670; x_wconf 90' lang='lat' dir='ltr'><strong>atque</strong></span> <span class='ocrx_word' id='word_1_25' title='bbox 981 610 1038 655; x_wconf 94' lang='lat' dir='ltr'><strong>ut</strong></span> <span class='ocrx_word' id='word_1_26' title='bbox 1066 600 1301 655; x_wconf 83' lang='lat' dir='ltr'><strong>hominis</strong></span> <span class='ocrx_word' id='word_1_27' title='bbox 1324 601 1684 657; x_wconf 68' lang='lat' dir='ltr'><strong>humilitatem</strong></span> <span class='ocrx_word' id='word_1_28' title='bbox 1722 602 2035 672; x_wconf 86' lang='lat' dir='ltr'><strong>assumpsit,</strong></span> 
     </span>
    </p>
   </div>
   <div class='ocr_carea' id='block_1_7' title="bbox 466 692 2039 749">
    <p class='ocr_par' dir='ltr' id='par_1_7' title="bbox 466 692 2039 749">
     <span class='ocr_line' id='line_1_7' title="bbox 466 692 2039 749; baseline -0.001 -2"><span class='ocrx_word' id='word_1_29' title='bbox 466 697 537 748; x_wconf 85' lang='lat' dir='ltr'><strong>ita</strong></span> <span class='ocrx_word' id='word_1_30' title='bbox 569 694 693 749; x_wconf 85' lang='lat' dir='ltr'><strong>huic</strong></span> <span class='ocrx_word' id='word_1_31' title='bbox 728 693 970 748; x_wconf 82' lang='lat' dir='ltr'><strong>vicissim</strong></span> <span class='ocrx_word' id='word_1_32' title='bbox 1001 692 1383 748; x_wconf 82' lang='lat' dir='ltr'><strong>sublimitatem</strong></span> <span class='ocrx_word' id='word_1_33' title='bbox 1409 694 1846 747; x_wconf 83' lang='lat' dir='ltr'><strong>communicavit.</strong></span> <span class='ocrx_word' id='word_1_34' title='bbox 1871 694 2039 747; x_wconf 87' lang='lat' dir='ltr'><strong>Voca-</strong></span> 
     </span>
    </p>
   </div>
   <div class='ocr_carea' id='block_1_8' title="bbox 2141 579 3722 669">
    <p class='ocr_par' dir='ltr' id='par_1_8' title="bbox 2141 579 3722 669">
     <span class='ocr_line' id='line_1_8' title="bbox 2141 579 3722 669; baseline -0.013 -18"><span class='ocrx_word' id='word_1_35' title='bbox 2141 599 2406 669; x_wconf 77' lang='grc' dir='ltr'>ὴθέλησεν</span> <span class='ocrx_word' id='word_1_36' title='bbox 2436 593 2817 666; x_wconf 82' lang='grc' dir='ltr'>ὀνομάζεσθαι.</span> <span class='ocrx_word' id='word_1_37' title='bbox 2845 592 2957 645; x_wconf 74' lang='grc' dir='ltr'>Καὶ</span> <span class='ocrx_word' id='word_1_38' title='bbox 2978 589 3167 659; x_wconf 83' lang='grc' dir='ltr'>ὥσπερ</span> <span class='ocrx_word' id='word_1_39' title='bbox 3203 583 3465 659; x_wconf 66' lang='grc' dir='ltr'>μετέλαϐε</span> <span class='ocrx_word' id='word_1_40' title='bbox 3493 581 3605 635; x_wconf 79' lang='grc' dir='ltr'>τῶν</span> <span class='ocrx_word' id='word_1_41' title='bbox 3627 579 3722 632; x_wconf 77' lang='grc' dir='ltr'><strong>τοῦ</strong></span> 
     </span>
    </p>
   </div>
   <div class='ocr_carea' id='block_1_9' title="bbox 2140 678 3722 763">
    <p class='ocr_par' dir='ltr' id='par_1_9' title="bbox 2140 678 3722 763">
     <span class='ocr_line' id='line_1_9' title="bbox 2140 678 3722 763; baseline -0.013 -18"><span class='ocrx_word' id='word_1_42' title='bbox 2140 690 2426 763; x_wconf 84' lang='grc' dir='ltr'>ἀνθρώπου</span> <span class='ocrx_word' id='word_1_43' title='bbox 2459 688 2752 751; x_wconf 81' lang='grc' dir='ltr'><strong>ταπεινῶν,</strong></span> <span class='ocrx_word' id='word_1_44' title='bbox 2787 684 2930 739; x_wconf 74' lang='grc' dir='ltr'>οὕτω</span> <span class='ocrx_word' id='word_1_45' title='bbox 2967 684 3077 738; x_wconf 71' lang='grc' dir='ltr'>τῶν</span> <span class='ocrx_word' id='word_1_46' title='bbox 3102 680 3325 752; x_wconf 79' lang='grc' dir='ltr'>ὑψηλῶν</span> <span class='ocrx_word' id='word_1_47' title='bbox 3361 678 3508 747; x_wconf 76' lang='grc' dir='ltr'>αὐτῷ</span> <span class='ocrx_word' id='word_1_48' title='bbox 3551 692 3722 744; x_wconf 85' lang='grc' dir='ltr'>μετα-</span> 
     </span>
    </p>
   </div>
   <div class='ocr_carea' id='block_1_10' title="bbox 466 765 2041 854">
    <p class='ocr_par' dir='ltr' id='par_1_10' title="bbox 466 783 2039 854">
     <span class='ocr_line' id='line_1_10' title="bbox 466 783 2039 854; baseline -0.001 -15"><span class='ocrx_word' id='word_1_49' title='bbox 466 798 624 840; x_wconf 83' lang='lat' dir='ltr'><strong>catur</strong></span> <span class='ocrx_word' id='word_1_50' title='bbox 661 786 802 839; x_wconf 90' lang='lat' dir='ltr'><strong>enim</strong></span> <span class='ocrx_word' id='word_1_51' title='bbox 827 784 1066 854; x_wconf 79' lang='lat' dir='ltr'><strong>Virginis</strong></span> <span class='ocrx_word' id='word_1_52' title='bbox 1087 784 1341 852; x_wconf 88' lang='lat' dir='ltr'><strong>parvulus</strong></span> <span class='ocrx_word' id='word_1_53' title='bbox 1393 783 1710 838; x_wconf 90' lang='lat' dir='ltr'><strong>Emmanuel</strong></span> <span class='ocrx_word' id='word_1_54' title='bbox 1734 785 1801 849; x_wconf 83' lang='lat'><strong>&quot;,</strong></span> <span class='ocrx_word' id='word_1_55' title='bbox 1847 798 2039 852; x_wconf 85' lang='lat' dir='ltr'><strong>nempe</strong></span> 
     </span>
    </p>
   </div>
   <div class='ocr_carea' id='block_1_11' title="bbox 2146 765 3724 854">
    <p class='ocr_par' dir='ltr' id='par_1_11' title="bbox 2146 765 3724 854">
     <span class='ocr_line' id='line_1_11' title="bbox 2146 765 3724 854; baseline -0.015 -16"><span class='ocrx_word' id='word_1_56' title='bbox 2146 784 2357 838; x_wconf 71' lang='grc' dir='ltr'>δέδωκε.</span> <span class='ocrx_word' id='word_1_57' title='bbox 2386 780 2649 834; x_wconf 81' lang='grc' dir='ltr'>Καλεῐται</span> <span class='ocrx_word' id='word_1_58' title='bbox 2688 779 2798 848; x_wconf 83' lang='grc' dir='ltr'>γὰρ</span> <span class='ocrx_word' id='word_1_59' title='bbox 2823 777 2885 830; x_wconf 82' lang='grc' dir='ltr'>τὸ</span> <span class='ocrx_word' id='word_1_60' title='bbox 2910 776 3011 846; x_wconf 82' lang='grc' dir='ltr'><strong>τῆς</strong></span> <span class='ocrx_word' id='word_1_61' title='bbox 3039 772 3319 842; x_wconf 81' lang='grc' dir='ltr'><strong>Παρθένου</strong></span> <span class='ocrx_word' id='word_1_62' title='bbox 3350 770 3553 841; x_wconf 75' lang='grc' dir='ltr'>βρέφος</span> <span class='ocrx_word' id='word_1_63' title='bbox 3593 765 3724 854; x_wconf 45' lang='grc' dir='ltr'><strong>Ἐμέ⁵</strong></span> 
     </span>
    </p>
   </div>
   <div class='ocr_carea' id='block_1_12' title="bbox 467 875 2040 948">
    <p class='ocr_par' dir='ltr' id='par_1_12' title="bbox 467 875 2040 948">
     <span class='ocr_line' id='line_1_12' title="bbox 467 875 2040 948; baseline -0.001 -17"><span class='ocrx_word' id='word_1_64' title='bbox 467 878 515 931; x_wconf 91' lang='lat' dir='ltr'><strong>is</strong></span> <span class='ocrx_word' id='word_1_65' title='bbox 546 878 635 948; x_wconf 87' lang='lat' dir='ltr'><strong>qtti</strong></span> <span class='ocrx_word' id='word_1_66' title='bbox 668 877 858 947; x_wconf 90' lang='lat' dir='ltr'><strong>pannis</strong></span> <span class='ocrx_word' id='word_1_67' title='bbox 902 884 988 931; x_wconf 89' lang='lat' dir='ltr'><strong>est</strong></span> <span class='ocrx_word' id='word_1_68' title='bbox 1031 875 1304 930; x_wconf 90' lang='lat' dir='ltr'><strong>involutus</strong></span> <span class='ocrx_word' id='word_1_69' title='bbox 1335 877 1403 938; x_wconf 83' lang='lat'><strong>&quot;,</strong></span> <span class='ocrx_word' id='word_1_70' title='bbox 1432 884 1488 929; x_wconf 92' lang='lat' dir='ltr'><strong>et</strong></span> <span class='ocrx_word' id='word_1_71' title='bbox 1549 877 1713 929; x_wconf 88' lang='lat' dir='ltr'><strong>ubera</strong></span> <span class='ocrx_word' id='word_1_72' title='bbox 1770 876 1933 943; x_wconf 72' lang='lat' dir='ltr'><strong>sugit,</strong></span> <span class='ocrx_word' id='word_1_73' title='bbox 1986 882 2040 929; x_wconf 87' lang='lat' dir='ltr'><strong>et</strong></span> 
     </span>
    </p>
   </div>
   <div class='ocr_carea' id='block_1_13' title="bbox 468 964 2036 1035">
    <p class='ocr_par' dir='ltr' id='par_1_13' title="bbox 468 964 2036 1035">
     <span class='ocr_line' id='line_1_13' title="bbox 468 964 2036 1035; baseline -0.003 -14"><span class='ocrx_word' id='word_1_74' title='bbox 468 968 610 1022; x_wconf 82' lang='lat' dir='ltr'><strong>lacte</strong></span> <span class='ocrx_word' id='word_1_75' title='bbox 640 968 897 1030; x_wconf 89' lang='lat' dir='ltr'><strong>nutritur,</strong></span> <span class='ocrx_word' id='word_1_76' title='bbox 939 967 1247 1035; x_wconf 87' lang='lat' dir='ltr'><strong>diciturque</strong></span> <span class='ocrx_word' id='word_1_77' title='bbox 1297 967 1473 1035; x_wconf 80' lang='lat' dir='ltr'><strong>magni</strong></span> <span class='ocrx_word' id='word_1_78' title='bbox 1520 964 1732 1019; x_wconf 86' lang='lat' dir='ltr'><strong>consilii</strong></span> <span class='ocrx_word' id='word_1_79' title='bbox 1791 964 2036 1034; x_wconf 77' lang='lat' dir='ltr'><strong>angelus,</strong></span> 
     </span>
    </p>
   </div>
   <div class='ocr_carea' id='block_1_14' title="bbox 469 1055 2038 1121">
    <p class='ocr_par' dir='ltr' id='par_1_14' title="bbox 469 1055 2038 1121">
     <span class='ocr_line' id='line_1_14' title="bbox 469 1055 2038 1121; baseline -0.002 -9"><span class='ocrx_word' id='word_1_80' title='bbox 469 1056 806 1113; x_wconf 86' lang='lat' dir='ltr'><strong>admirabilis</strong></span> <span class='ocrx_word' id='word_1_81' title='bbox 836 1056 1203 1117; x_wconf 85' lang='lat' dir='ltr'><strong>consiliarius,</strong></span> <span class='ocrx_word' id='word_1_82' title='bbox 1255 1066 1311 1111; x_wconf 91' lang='lat' dir='ltr'><strong>et</strong></span> <span class='ocrx_word' id='word_1_83' title='bbox 1353 1055 1493 1109; x_wconf 89' lang='lat' dir='ltr'><strong>Deus</strong></span> <span class='ocrx_word' id='word_1_84' title='bbox 1540 1055 1716 1121; x_wconf 83' lang='lat' dir='ltr'><strong>fortis,</strong></span> <span class='ocrx_word' id='word_1_85' title='bbox 1770 1070 1833 1110; x_wconf 90' lang='lat' dir='ltr'><strong>ac</strong></span> <span class='ocrx_word' id='word_1_86' title='bbox 1864 1055 2038 1109; x_wconf 87' lang='lat' dir='ltr'><strong>domi-</strong></span> 
     </span>
    </p>
   </div>
   <div class='ocr_carea' id='block_1_15' title="bbox 470 1144 2037 1217">
    <p class='ocr_par' dir='ltr' id='par_1_15' title="bbox 470 1144 2037 1217">
     <span class='ocr_line' id='line_1_15' title="bbox 470 1144 2037 1217; baseline -0.001 -15"><span class='ocrx_word' id='word_1_87' title='bbox 470 1158 648 1212; x_wconf 89' lang='lat' dir='ltr'><strong>nator,</strong></span> <span class='ocrx_word' id='word_1_88' title='bbox 677 1156 733 1202; x_wconf 90' lang='lat' dir='ltr'><strong>et</strong></span> <span class='ocrx_word' id='word_1_89' title='bbox 766 1148 1018 1217; x_wconf 84' lang='lat' dir='ltr'><strong>princeps</strong></span> <span class='ocrx_word' id='word_1_90' title='bbox 1048 1147 1215 1216; x_wconf 88' lang='lat' dir='ltr'><strong>pacis,</strong></span> <span class='ocrx_word' id='word_1_91' title='bbox 1254 1156 1309 1201; x_wconf 92' lang='lat' dir='ltr'><strong>et</strong></span> <span class='ocrx_word' id='word_1_92' title='bbox 1335 1145 1495 1199; x_wconf 86' lang='lat' dir='ltr'><strong>Pater</strong></span> <span class='ocrx_word' id='word_1_93' title='bbox 1548 1144 1710 1199; x_wconf 79' lang='lat' dir='ltr'><strong>l‘uturi</strong></span> <span class='ocrx_word' id='word_1_94' title='bbox 1742 1145 1921 1200; x_wconf 70' lang='lat' dir='ltr'><strong>saeculi</strong></span> <span class='ocrx_word' id='word_1_95' title='bbox 1949 1146 1995 1177; x_wconf 83' lang='grc'><em>’³</em></span> <span class='ocrx_word' id='word_1_96' title='bbox 2022 1163 2037 1212; x_wconf 91' lang='grc'><strong>;</strong></span> 
     </span>
    </p>
   </div>
   <div class='ocr_carea' id='block_1_16' title="bbox 470 1236 2036 1304">
    <p class='ocr_par' dir='ltr' id='par_1_16' title="bbox 470 1236 2036 1304">
     <span class='ocr_line' id='line_1_16' title="bbox 470 1236 2036 1304; baseline -0.003 -10"><span class='ocrx_word' id='word_1_97' title='bbox 470 1255 572 1294; x_wconf 90' lang='lat' dir='ltr'><strong>nec</strong></span> <span class='ocrx_word' id='word_1_98' title='bbox 601 1255 704 1293; x_wconf 92' lang='lat' dir='ltr'><strong>non</strong></span> <span class='ocrx_word' id='word_1_99' title='bbox 731 1238 897 1294; x_wconf 86' lang='lat' dir='ltr'><strong>Filius</strong></span> <span class='ocrx_word' id='word_1_100' title='bbox 926 1238 1211 1302; x_wconf 87' lang='lat' dir='ltr'><strong>Altissimi,</strong></span> <span class='ocrx_word' id='word_1_101' title='bbox 1258 1245 1315 1292; x_wconf 90' lang='lat' dir='ltr'><strong>et</strong></span> <span class='ocrx_word' id='word_1_102' title='bbox 1363 1236 1641 1304; x_wconf 89' lang='lat' dir='ltr'><strong>Servator,</strong></span> <span class='ocrx_word' id='word_1_103' title='bbox 1670 1247 1724 1291; x_wconf 91' lang='lat' dir='ltr'><strong>et</strong></span> <span class='ocrx_word' id='word_1_104' title='bbox 1761 1238 2036 1302; x_wconf 88' lang='lat' dir='ltr'><strong>Dominus,</strong></span> 
     </span>
    </p>
   </div>
   <div class='ocr_carea' id='block_1_17' title="bbox 469 1325 2036 1395">
    <p class='ocr_par' dir='ltr' id='par_1_17' title="bbox 469 1325 2036 1395">
     <span class='ocr_line' id='line_1_17' title="bbox 469 1325 2036 1395; baseline -0.004 -11"><span class='ocrx_word' id='word_1_105' title='bbox 469 1338 524 1384; x_wconf 90' lang='lat' dir='ltr'><strong>et</strong></span> <span class='ocrx_word' id='word_1_106' title='bbox 555 1327 791 1381; x_wconf 85' lang='lat' dir='ltr'><strong>universi</strong></span> <span class='ocrx_word' id='word_1_107' title='bbox 846 1325 1031 1380; x_wconf 90' lang='lat' dir='ltr'><strong>mundi</strong></span> <span class='ocrx_word' id='word_1_108' title='bbox 1085 1326 1330 1383; x_wconf 84' lang='lat' dir='ltr'><strong>Creator.</strong></span> <span class='ocrx_word' id='word_1_109' title='bbox 1368 1343 1389 1378; x_wconf 84' lang='grc' dir='ltr'><strong>ι</strong></span> <span class='ocrx_word' id='word_1_110' title='bbox 1426 1325 1578 1381; x_wconf 92' lang='lat' dir='ltr'><strong>Unus</strong></span> <span class='ocrx_word' id='word_1_111' title='bbox 1624 1325 1795 1390; x_wconf 90' lang='lat' dir='ltr'><strong>enim,</strong></span> <span class='ocrx_word' id='word_1_112' title='bbox 1844 1326 2036 1395; x_wconf 85' lang='lat' dir='ltr'><strong>inquit,</strong></span> 
     </span>
    </p>
   </div>
   <div class='ocr_carea' id='block_1_18' title="bbox 470 1416 2042 1490">
    <p class='ocr_par' dir='ltr' id='par_1_18' title="bbox 470 1416 2042 1490">
     <span class='ocr_line' id='line_1_18' title="bbox 470 1416 2042 1490; baseline 0 -17"><span class='ocrx_word' id='word_1_113' title='bbox 470 1419 732 1474; x_wconf 90' lang='lat' dir='ltr'><strong>Dominus</strong></span> <span class='ocrx_word' id='word_1_114' title='bbox 768 1416 924 1472; x_wconf 82' lang='lat' dir='ltr'><strong>Jesus</strong></span> <span class='ocrx_word' id='word_1_115' title='bbox 966 1416 1233 1482; x_wconf 87' lang='lat' dir='ltr'><strong>Christus,</strong></span> <span class='ocrx_word' id='word_1_116' title='bbox 1294 1432 1387 1486; x_wconf 89' lang='lat' dir='ltr'><strong>per</strong></span> <span class='ocrx_word' id='word_1_117' title='bbox 1435 1433 1595 1487; x_wconf 90' lang='lat' dir='ltr'><strong>quem</strong></span> <span class='ocrx_word' id='word_1_118' title='bbox 1637 1417 1801 1490; x_wconf 72' lang='grc'><strong>843</strong></span> <span class='ocrx_word' id='word_1_119' title='bbox 1830 1436 1879 1471; x_wconf 79' lang='grc' dir='ltr'><strong>ιιι</strong></span> <span class='ocrx_word' id='word_1_120' title='bbox 1922 1433 2042 1473; x_wconf 89' lang='lat' dir='ltr'><strong>om-</strong></span> 
     </span>
    </p>
   </div>
   <div class='ocr_carea' id='block_1_19' title="bbox 470 1508 2043 1579">
    <p class='ocr_par' dir='ltr' id='par_1_19' title="bbox 470 1508 2043 1579">
     <span class='ocr_line' id='line_1_19' title="bbox 470 1508 2043 1579; baseline 0 -15"><span class='ocrx_word' id='word_1_121' title='bbox 470 1512 557 1564; x_wconf 86' lang='lat' dir='ltr'><strong>nia</strong></span> <span class='ocrx_word' id='word_1_122' title='bbox 586 1510 654 1563; x_wconf 74' lang='lat'><strong>”.</strong></span> <span class='ocrx_word' id='word_1_123' title='bbox 692 1530 710 1562; x_wconf 73' lang='grc' dir='ltr'><strong>ι</strong></span> <span class='ocrx_word' id='word_1_124' title='bbox 753 1509 821 1563; x_wconf 84' lang='grc' dir='ltr'>Ει</span> <span class='ocrx_word' id='word_1_125' title='bbox 851 1509 1067 1579; x_wconf 86' lang='lat' dir='ltr'><strong>quidem</strong></span> <span class='ocrx_word' id='word_1_126' title='bbox 1117 1508 1278 1564; x_wconf 80' lang='lat' dir='ltr'><strong>Jesus</strong></span> <span class='ocrx_word' id='word_1_127' title='bbox 1311 1518 1364 1564; x_wconf 91' lang='lat' dir='ltr'><strong>et</strong></span> <span class='ocrx_word' id='word_1_128' title='bbox 1393 1509 1642 1565; x_wconf 89' lang='lat' dir='ltr'><strong>Christus</strong></span> <span class='ocrx_word' id='word_1_129' title='bbox 1666 1510 1882 1565; x_wconf 87' lang='lat' dir='ltr'><strong>nomina</strong></span> <span class='ocrx_word' id='word_1_130' title='bbox 1916 1516 2043 1565; x_wconf 86' lang='lat' dir='ltr'><strong>sunt</strong></span> 
     </span>
    </p>
   </div>
   <div class='ocr_carea' id='block_1_20' title="bbox 468 1599 2041 1671">
    <p class='ocr_par' dir='ltr' id='par_1_20' title="bbox 468 1599 2041 1671">
     <span class='ocr_line' id='line_1_20' title="bbox 468 1599 2041 1671; baseline -0.001 -14"><span class='ocrx_word' id='word_1_131' title='bbox 468 1602 859 1657; x_wconf 81' lang='lat' dir='ltr'><strong>incarnationis</strong></span> <span class='ocrx_word' id='word_1_132' title='bbox 891 1602 1267 1671; x_wconf 77' lang='lat' dir='ltr'><strong>signiticativa.</strong></span> <span class='ocrx_word' id='word_1_133' title='bbox 1322 1599 1633 1657; x_wconf 87' lang='lat' dir='ltr'><strong>lncarnatio</strong></span> <span class='ocrx_word' id='word_1_134' title='bbox 1667 1612 1848 1656; x_wconf 89' lang='lat' dir='ltr'><strong>autem</strong></span> <span class='ocrx_word' id='word_1_135' title='bbox 1896 1600 2041 1656; x_wconf 87' lang='lat' dir='ltr'><strong>haud</strong></span> 
     </span>
    </p>
   </div>
   <div class='ocr_carea' id='block_1_21' title="bbox 467 1693 2043 1763">
    <p class='ocr_par' dir='ltr' id='par_1_21' title="bbox 467 1693 2043 1763">
     <span class='ocr_line' id='line_1_21' title="bbox 467 1693 2043 1763; baseline 0.003 -17"><span class='ocrx_word' id='word_1_136' title='bbox 467 1702 594 1747; x_wconf 85' lang='lat' dir='ltr'><strong>ante</strong></span> <span class='ocrx_word' id='word_1_137' title='bbox 631 1707 808 1748; x_wconf 88' lang='lat' dir='ltr'><strong>rerum</strong></span> <span class='ocrx_word' id='word_1_138' title='bbox 829 1694 1158 1746; x_wconf 80' lang='lat' dir='ltr'><strong>creationem</strong></span> <span class='ocrx_word' id='word_1_139' title='bbox 1202 1706 1377 1761; x_wconf 88' lang='lat' dir='ltr'><strong>neque</strong></span> <span class='ocrx_word' id='word_1_140' title='bbox 1402 1693 1585 1747; x_wconf 78' lang='lat' dir='ltr'><strong>statim</strong></span> <span class='ocrx_word' id='word_1_141' title='bbox 1635 1704 1759 1763; x_wconf 91' lang='lat' dir='ltr'><strong>post</strong></span> <span class='ocrx_word' id='word_1_142' title='bbox 1808 1695 2043 1750; x_wconf 82' lang='lat' dir='ltr'><strong>creatio-</strong></span> 
     </span>
    </p>
   </div>
   <div class='ocr_carea' id='block_1_22' title="bbox 468 1783 2043 1854">
    <p class='ocr_par' dir='ltr' id='par_1_22' title="bbox 468 1783 2043 1854">
     <span class='ocr_line' id='line_1_22' title="bbox 468 1783 2043 1854; baseline 0 -15"><span class='ocrx_word' id='word_1_143' title='bbox 468 1800 613 1846; x_wconf 89' lang='lat' dir='ltr'><strong>nem.</strong></span> <span class='ocrx_word' id='word_1_144' title='bbox 648 1784 743 1839; x_wconf 86' lang='lat' dir='ltr'><strong>sed</strong></span> <span class='ocrx_word' id='word_1_145' title='bbox 771 1783 1032 1838; x_wconf 79' lang='lat' dir='ltr'><strong>extremis</strong></span> <span class='ocrx_word' id='word_1_146' title='bbox 1085 1784 1417 1853; x_wconf 87' lang='lat' dir='ltr'><strong>temporibus</strong></span> <span class='ocrx_word' id='word_1_147' title='bbox 1444 1784 1657 1838; x_wconf 89' lang='lat' dir='ltr'><strong>accidit.</strong></span> <span class='ocrx_word' id='word_1_148' title='bbox 1693 1784 2043 1854; x_wconf 81' lang='lat' dir='ltr'><strong>Quandoqui-</strong></span> 
     </span>
    </p>
   </div>
   <div class='ocr_carea' id='block_1_23' title="bbox 2148 853 3725 946">
    <p class='ocr_par' dir='ltr' id='par_1_23' title="bbox 2148 853 3725 946">
     <span class='ocr_line' id='line_1_23' title="bbox 2148 853 3725 946; baseline -0.011 -18"><span class='ocrx_word' id='word_1_149' title='bbox 2148 873 2405 946; x_wconf 82' lang='grc' dir='ltr'>μανουὴλ,</span> <span class='ocrx_word' id='word_1_150' title='bbox 2436 872 2614 926; x_wconf 75' lang='grc' dir='ltr'>καὶτὸ</span> <span class='ocrx_word' id='word_1_151' title='bbox 2640 873 2753 934; x_wconf 84' lang='grc' dir='ltr'>τοίς</span> <span class='ocrx_word' id='word_1_152' title='bbox 2797 869 3134 940; x_wconf 80' lang='grc' dir='ltr'><strong>σπαργάνοις</strong></span> <span class='ocrx_word' id='word_1_153' title='bbox 3169 860 3589 932; x_wconf 80' lang='grc' dir='ltr'>ὲνειλημμένον.</span> <span class='ocrx_word' id='word_1_154' title='bbox 3626 853 3725 908; x_wconf 73' lang='grc' dir='ltr'><strong>καὶ</strong></span> 
     </span>
    </p>
   </div>
   <div class='ocr_carea' id='block_1_24' title="bbox 2148 950 3725 1038">
    <p class='ocr_par' dir='ltr' id='par_1_24' title="bbox 2148 950 3725 1038">
     <span class='ocr_line' id='line_1_24' title="bbox 2148 950 3725 1038; baseline -0.016 -14"><span class='ocrx_word' id='word_1_155' title='bbox 2148 966 2316 1038; x_wconf 76' lang='grc' dir='ltr'>θηλὴν</span> <span class='ocrx_word' id='word_1_156' title='bbox 2336 964 2514 1029; x_wconf 72' lang='grc' dir='ltr'>ἕλκον,</span> <span class='ocrx_word' id='word_1_157' title='bbox 2539 964 2637 1017; x_wconf 77' lang='grc' dir='ltr'><strong>καὶ</strong></span> <span class='ocrx_word' id='word_1_158' title='bbox 2664 962 3000 1032; x_wconf 84' lang='grc' dir='ltr'><strong>τρεφόμενον</strong></span> <span class='ocrx_word' id='word_1_159' title='bbox 3040 959 3295 1028; x_wconf 86' lang='grc' dir='ltr'>γάλακτι,</span> <span class='ocrx_word' id='word_1_160' title='bbox 3338 956 3433 1009; x_wconf 82' lang='grc' dir='ltr'>καὶ</span> <span class='ocrx_word' id='word_1_161' title='bbox 3472 950 3725 1005; x_wconf 79' lang='grc' dir='ltr'>καλεῖται</span> 
     </span>
    </p>
   </div>
   <div class='ocr_carea' id='block_1_25' title="bbox 2151 1039 3723 1128">
    <p class='ocr_par' dir='ltr' id='par_1_25' title="bbox 2151 1039 3723 1128">
     <span class='ocr_line' id='line_1_25' title="bbox 2151 1039 3723 1128; baseline -0.011 -20"><span class='ocrx_word' id='word_1_162' title='bbox 2151 1057 2392 1128; x_wconf 81' lang='grc' dir='ltr'><strong>μεγάλης</strong></span> <span class='ocrx_word' id='word_1_163' title='bbox 2422 1053 2617 1125; x_wconf 72' lang='grc' dir='ltr'>βουλῆς</span> <span class='ocrx_word' id='word_1_164' title='bbox 2639 1048 2923 1120; x_wconf 73' lang='grc' dir='ltr'>Ἄγγελος,</span> <span class='ocrx_word' id='word_1_165' title='bbox 2947 1049 3043 1102; x_wconf 69' lang='grc' dir='ltr'>καὶ</span> <span class='ocrx_word' id='word_1_166' title='bbox 3067 1044 3375 1118; x_wconf 76' lang='grc' dir='ltr'>θαυμαστὸς</span> <span class='ocrx_word' id='word_1_167' title='bbox 3392 1039 3723 1113; x_wconf 77' lang='grc' dir='ltr'>σύμὸουλος,</span> 
     </span>
    </p>
   </div>
   <div class='ocr_carea' id='block_1_26' title="bbox 2140 1134 3726 1217">
    <p class='ocr_par' dir='ltr' id='par_1_26' title="bbox 2140 1134 3726 1217">
     <span class='ocr_line' id='line_1_26' title="bbox 2140 1134 3726 1217; baseline -0.013 -12"><span class='ocrx_word' id='word_1_168' title='bbox 2140 1150 2235 1205; x_wconf 70' lang='grc' dir='ltr'><strong>κα)⁸</strong></span> <span class='ocrx_word' id='word_1_169' title='bbox 2257 1148 2390 1213; x_wconf 83' lang='grc' dir='ltr'><strong>Θεὸς</strong></span> <span class='ocrx_word' id='word_1_170' title='bbox 2424 1147 2660 1217; x_wconf 75' lang='grc' dir='ltr'>ἰσχυρὸς,</span> <span class='ocrx_word' id='word_1_171' title='bbox 2703 1145 2800 1197; x_wconf 81' lang='grc' dir='ltr'>καὶ</span> <span class='ocrx_word' id='word_1_172' title='bbox 2830 1140 3205 1211; x_wconf 77' lang='grc' dir='ltr'>ὲξουσιαστὴς,</span> <span class='ocrx_word' id='word_1_173' title='bbox 3236 1141 3331 1193; x_wconf 73' lang='grc' dir='ltr'>καὶ</span> <span class='ocrx_word' id='word_1_174' title='bbox 3356 1139 3542 1209; x_wconf 76' lang='grc' dir='ltr'>ἄρχων</span> <span class='ocrx_word' id='word_1_175' title='bbox 3570 1134 3726 1203; x_wconf 74' lang='grc' dir='ltr'>εἰρήο</span> 
     </span>
    </p>
   </div>
   <div class='ocr_carea' id='block_1_27' title="bbox 2141 1224 3729 1313">
    <p class='ocr_par' dir='ltr' id='par_1_27' title="bbox 2141 1224 3729 1313">
     <span class='ocr_line' id='line_1_27' title="bbox 2141 1224 3729 1313; baseline -0.012 -18"><span class='ocrx_word' id='word_1_176' title='bbox 2141 1259 2261 1313; x_wconf 88' lang='grc' dir='ltr'>νης,</span> <span class='ocrx_word' id='word_1_177' title='bbox 2324 1239 2420 1293; x_wconf 73' lang='grc' dir='ltr'>καὶ</span> <span class='ocrx_word' id='word_1_178' title='bbox 2474 1236 2664 1308; x_wconf 82' lang='grc' dir='ltr'>Πατὴρ</span> <span class='ocrx_word' id='word_1_179' title='bbox 2717 1234 2811 1289; x_wconf 92' lang='grc' dir='ltr'><strong>τοῦ</strong></span> <span class='ocrx_word' id='word_1_180' title='bbox 2871 1232 3156 1303; x_wconf 83' lang='grc' dir='ltr'>μέλλοντος</span> <span class='ocrx_word' id='word_1_181' title='bbox 3192 1230 3406 1293; x_wconf 71' lang='grc' dir='ltr'>αἰῶνος,</span> <span class='ocrx_word' id='word_1_182' title='bbox 3453 1228 3551 1281; x_wconf 73' lang='grc' dir='ltr'><strong>καὶ</strong></span> <span class='ocrx_word' id='word_1_183' title='bbox 3597 1224 3729 1286; x_wconf 66' lang='grc' dir='ltr'><strong>Υἱὸς</strong></span> 
     </span>
    </p>
   </div>
   <div class='ocr_carea' id='block_1_28' title="bbox 2153 1318 3729 1403">
    <p class='ocr_par' dir='ltr' id='par_1_28' title="bbox 2153 1318 3729 1403">
     <span class='ocr_line' id='line_1_28' title="bbox 2153 1318 3729 1403; baseline -0.014 -15"><span class='ocrx_word' id='word_1_184' title='bbox 2153 1334 2430 1403; x_wconf 76' lang='grc' dir='ltr'><strong>Ὑψίστου,</strong></span> <span class='ocrx_word' id='word_1_185' title='bbox 2470 1332 2565 1385; x_wconf 75' lang='grc' dir='ltr'><strong>καὶ</strong></span> <span class='ocrx_word' id='word_1_186' title='bbox 2618 1329 2830 1399; x_wconf 72' lang='grc' dir='ltr'>Σωτὴρ,</span> <span class='ocrx_word' id='word_1_187' title='bbox 2883 1326 2977 1380; x_wconf 80' lang='grc' dir='ltr'>καὶ</span> <span class='ocrx_word' id='word_1_188' title='bbox 3015 1324 3240 1393; x_wconf 80' lang='grc' dir='ltr'>Κύριος,</span> <span class='ocrx_word' id='word_1_189' title='bbox 3286 1321 3381 1375; x_wconf 75' lang='grc' dir='ltr'><strong>καὶ</strong></span> <span class='ocrx_word' id='word_1_190' title='bbox 3430 1319 3540 1372; x_wconf 77' lang='grc' dir='ltr'><strong>τῶν</strong></span> <span class='ocrx_word' id='word_1_191' title='bbox 3588 1318 3729 1369; x_wconf 76' lang='grc' dir='ltr'>ὅλων</span> 
     </span>
    </p>
   </div>
   <div class='ocr_carea' id='block_1_29' title="bbox 2142 1411 3727 1500">
    <p class='ocr_par' dir='ltr' id='par_1_29' title="bbox 2142 1411 3727 1500">
     <span class='ocr_line' id='line_1_29' title="bbox 2142 1411 3727 1500; baseline -0.013 -18"><span class='ocrx_word' id='word_1_192' title='bbox 2142 1426 2503 1500; x_wconf 84' lang='grc' dir='ltr'>Δημιουργός.</span> <span class='ocrx_word' id='word_1_193' title='bbox 2556 1444 2574 1475; x_wconf 90' lang='grc' dir='ltr'><strong>ι</strong></span> <span class='ocrx_word' id='word_1_194' title='bbox 2603 1417 2697 1485; x_wconf 77' lang='grc' dir='ltr'><strong>Εἷς</strong></span> <span class='ocrx_word' id='word_1_195' title='bbox 2730 1421 2858 1491; x_wconf 83' lang='grc' dir='ltr'>γὰρ,</span> <span class='ocrx_word' id='word_1_196' title='bbox 2898 1419 3052 1490; x_wconf 65' lang='grc' dir='ltr'>φησι,</span> <span class='ocrx_word' id='word_1_197' title='bbox 3098 1416 3302 1487; x_wconf 81' lang='grc' dir='ltr'>Κύριος</span> <span class='ocrx_word' id='word_1_198' title='bbox 3341 1411 3550 1484; x_wconf 83' lang='grc' dir='ltr'>Ἰησοῦς</span> <span class='ocrx_word' id='word_1_199' title='bbox 3588 1411 3727 1479; x_wconf 82' lang='grc' dir='ltr'>Χρι-</span> 
     </span>
    </p>
   </div>
   <div class='ocr_carea' id='block_1_30' title="bbox 2150 1505 3729 1586">
    <p class='ocr_par' dir='ltr' id='par_1_30' title="bbox 2150 1505 3729 1586">
     <span class='ocr_line' id='line_1_30' title="bbox 2150 1505 3729 1586; baseline -0.015 -10"><span class='ocrx_word' id='word_1_200' title='bbox 2150 1521 2293 1586; x_wconf 78' lang='grc' dir='ltr'>στὸς,</span> <span class='ocrx_word' id='word_1_201' title='bbox 2324 1519 2392 1573; x_wconf 80' lang='grc' dir='ltr'>δι’</span> <span class='ocrx_word' id='word_1_202' title='bbox 2416 1510 2476 1571; x_wconf 78' lang='grc' dir='ltr'><strong>οῦ</strong></span> <span class='ocrx_word' id='word_1_203' title='bbox 2508 1516 2576 1571; x_wconf 81' lang='grc' dir='ltr'><strong>τά</strong></span> <span class='ocrx_word' id='word_1_204' title='bbox 2604 1513 2949 1571; x_wconf 63' lang='grc' dir='ltr'>πάνταΛΚαὶ</span> <span class='ocrx_word' id='word_1_205' title='bbox 2984 1510 3091 1583; x_wconf 75' lang='grc' dir='ltr'>μὴν</span> <span class='ocrx_word' id='word_1_206' title='bbox 3107 1510 3173 1563; x_wconf 82' lang='grc' dir='ltr'><strong>τά</strong></span> <span class='ocrx_word' id='word_1_207' title='bbox 3212 1507 3447 1574; x_wconf 80' lang='grc' dir='ltr'>Ἰησοῦς</span> <span class='ocrx_word' id='word_1_208' title='bbox 3465 1505 3563 1558; x_wconf 71' lang='grc' dir='ltr'>καὶ</span> <span class='ocrx_word' id='word_1_209' title='bbox 3589 1505 3729 1570; x_wconf 83' lang='grc' dir='ltr'>Χρι-</span> 
     </span>
    </p>
   </div>
   <div class='ocr_carea' id='block_1_31' title="bbox 2148 1592 3731 1681">
    <p class='ocr_par' dir='ltr' id='par_1_31' title="bbox 2148 1592 3731 1681">
     <span class='ocr_line' id='line_1_31' title="bbox 2148 1592 3731 1681; baseline -0.015 -14"><span class='ocrx_word' id='word_1_210' title='bbox 2148 1612 2252 1679; x_wconf 80' lang='grc' dir='ltr'><strong>τὸς</strong></span> <span class='ocrx_word' id='word_1_211' title='bbox 2281 1611 2543 1681; x_wconf 84' lang='grc' dir='ltr'>ὀνόματα,</span> <span class='ocrx_word' id='word_1_212' title='bbox 2574 1608 2675 1677; x_wconf 84' lang='grc' dir='ltr'>τ’ἧς</span> <span class='ocrx_word' id='word_1_213' title='bbox 2707 1604 3020 1674; x_wconf 79' lang='grc' dir='ltr'>οἰκονομίας</span> <span class='ocrx_word' id='word_1_214' title='bbox 3042 1602 3150 1655; x_wconf 75' lang='grc' dir='ltr'>εἰσὶ</span> <span class='ocrx_word' id='word_1_215' title='bbox 3177 1596 3489 1670; x_wconf 83' lang='grc' dir='ltr'>σημαντικά</span> <span class='ocrx_word' id='word_1_216' title='bbox 3521 1596 3641 1663; x_wconf 77' lang='grc'><strong>(1)·</strong></span> <span class='ocrx_word' id='word_1_217' title='bbox 3695 1592 3731 1660; x_wconf 78' lang='grc' dir='ltr'><strong>ἡ</strong></span> 
     </span>
    </p>
   </div>
   <div class='ocr_carea' id='block_1_32' title="bbox 2145 1683 3731 1774">
    <p class='ocr_par' dir='ltr' id='par_1_32' title="bbox 2145 1683 3731 1774">
     <span class='ocr_line' id='line_1_32' title="bbox 2145 1683 3731 1774; baseline -0.015 -15"><span class='ocrx_word' id='word_1_218' title='bbox 2145 1706 2204 1759; x_wconf 87' lang='grc' dir='ltr'>δὲ</span> <span class='ocrx_word' id='word_1_219' title='bbox 2236 1701 2542 1774; x_wconf 77' lang='grc' dir='ltr'>οἰκονομία,</span> <span class='ocrx_word' id='word_1_220' title='bbox 2576 1700 2637 1754; x_wconf 78' lang='grc' dir='ltr'>οὐ</span> <span class='ocrx_word' id='word_1_221' title='bbox 2681 1697 2788 1767; x_wconf 74' lang='grc' dir='ltr'><strong>πρὸ</strong></span> <span class='ocrx_word' id='word_1_222' title='bbox 2813 1697 2913 1764; x_wconf 82' lang='grc' dir='ltr'>τῆς</span> <span class='ocrx_word' id='word_1_223' title='bbox 2944 1694 3195 1757; x_wconf 79' lang='grc' dir='ltr'>κτίσεως,</span> <span class='ocrx_word' id='word_1_224' title='bbox 3243 1690 3362 1743; x_wconf 78' lang='grc' dir='ltr'>οὐδὲ</span> <span class='ocrx_word' id='word_1_225' title='bbox 3388 1687 3555 1750; x_wconf 76' lang='grc' dir='ltr'>εὐθὺς</span> <span class='ocrx_word' id='word_1_226' title='bbox 3590 1683 3731 1754; x_wconf 69' lang='grc' dir='ltr'>μετὰ</span> 
     </span>
    </p>
   </div>
   <div class='ocr_carea' id='block_1_33' title="bbox 2142 1778 3730 1869">
    <p class='ocr_par' dir='ltr' id='par_1_33' title="bbox 2142 1778 3730 1869">
     <span class='ocr_line' id='line_1_33' title="bbox 2142 1778 3730 1869; baseline -0.016 -18"><span class='ocrx_word' id='word_1_227' title='bbox 2142 1796 2243 1869; x_wconf 82' lang='grc' dir='ltr'><strong>τὴν</strong></span> <span class='ocrx_word' id='word_1_228' title='bbox 2268 1794 2469 1861; x_wconf 84' lang='grc' dir='ltr'>κτίσιν,</span> <span class='ocrx_word' id='word_1_229' title='bbox 2508 1792 2624 1848; x_wconf 79' lang='grc' dir='ltr'>ἀλλ’</span> <span class='ocrx_word' id='word_1_230' title='bbox 2668 1791 2753 1844; x_wconf 76' lang='grc' dir='ltr'><strong>ἐπ’</strong></span> <span class='ocrx_word' id='word_1_231' title='bbox 2787 1789 3031 1858; x_wconf 78' lang='grc' dir='ltr'>ἐσχάτων</span> <span class='ocrx_word' id='word_1_232' title='bbox 3060 1784 3171 1839; x_wconf 84' lang='grc' dir='ltr'><strong>τῶν</strong></span> <span class='ocrx_word' id='word_1_233' title='bbox 3205 1782 3427 1853; x_wconf 78' lang='grc' dir='ltr'>ἡμερῶν</span> <span class='ocrx_word' id='word_1_234' title='bbox 3463 1778 3688 1847; x_wconf 71' lang='grc' dir='ltr'>ἐγένετο</span> <span class='ocrx_word' id='word_1_235' title='bbox 3715 1790 3730 1804; x_wconf 75' lang='grc' dir='ltr'><strong><em>ο</em></strong></span> 
     </span>
    </p>
   </div>
   <div class='ocr_carea' id='block_1_34' title="bbox 466 1864 2041 1959">
    <p class='ocr_par' dir='ltr' id='par_1_34' title="bbox 466 1873 2040 1946">
     <span class='ocr_line' id='line_1_34' title="bbox 466 1873 2040 1946; baseline 0.001 -16"><span class='ocrx_word' id='word_1_236' title='bbox 466 1875 590 1930; x_wconf 90' lang='lat' dir='ltr'><strong>dem</strong></span> <span class='ocrx_word' id='word_1_237' title='bbox 624 1875 784 1945; x_wconf 79' lang='lat' dir='ltr'><strong>igitur</strong></span> <span class='ocrx_word' id='word_1_238' title='bbox 822 1889 1013 1929; x_wconf 90' lang='lat' dir='ltr'><strong>nomen</strong></span> <span class='ocrx_word' id='word_1_239' title='bbox 1055 1873 1326 1938; x_wconf 88' lang='lat' dir='ltr'><strong>Christus,</strong></span> <span class='ocrx_word' id='word_1_240' title='bbox 1379 1890 1484 1928; x_wconf 90' lang='lat' dir='ltr'><strong>non</strong></span> <span class='ocrx_word' id='word_1_241' title='bbox 1529 1887 1868 1946; x_wconf 84' lang='lat' dir='ltr'><strong>assumptum</strong></span> <span class='ocrx_word' id='word_1_242' title='bbox 1921 1888 2040 1932; x_wconf 89' lang='lat' dir='ltr'><strong>tan-</strong></span> 
     </span>
    </p>
   </div>
   <div class='ocr_carea' id='block_1_35' title="bbox 2146 1864 3734 1959">
    <p class='ocr_par' dir='ltr' id='par_1_35' title="bbox 2147 1864 3734 1959">
     <span class='ocr_line' id='line_1_35' title="bbox 2147 1864 3734 1959; baseline -0.015 -16"><span class='ocrx_word' id='word_1_243' title='bbox 2147 1864 2335 1959; x_wconf 79' lang='grc' dir='ltr'>ὲπειδὴ</span> <span class='ocrx_word' id='word_1_244' title='bbox 2371 1888 2553 1941; x_wconf 84' lang='grc' dir='ltr'>τοίνυν</span> <span class='ocrx_word' id='word_1_245' title='bbox 2581 1883 2641 1937; x_wconf 82' lang='grc' dir='ltr'>τὺ</span> <span class='ocrx_word' id='word_1_246' title='bbox 2679 1879 2932 1952; x_wconf 77' lang='grc' dir='ltr'>Χριστὸς</span> <span class='ocrx_word' id='word_1_247' title='bbox 2971 1878 3164 1947; x_wconf 75' lang='grc' dir='ltr'>ὄνομα,</span> <span class='ocrx_word' id='word_1_248' title='bbox 3203 1876 3264 1928; x_wconf 79' lang='grc' dir='ltr'><strong>οὐ</strong></span> <span class='ocrx_word' id='word_1_249' title='bbox 3305 1873 3397 1927; x_wconf 80' lang='grc' dir='ltr'><strong>τὸν</strong></span> <span class='ocrx_word' id='word_1_250' title='bbox 3448 1869 3734 1959; x_wconf 71' lang='grc' dir='ltr'>ληφθέντα</span> 
     </span>
    </p>
   </div>
   <div class='ocr_carea' id='block_1_36' title="bbox 469 1964 2039 2030">
    <p class='ocr_par' dir='ltr' id='par_1_36' title="bbox 469 1964 2039 2030">
     <span class='ocr_line' id='line_1_36' title="bbox 469 1964 2039 2030; baseline 0.003 -10"><span class='ocrx_word' id='word_1_251' title='bbox 469 1966 768 2030; x_wconf 86' lang='lat' dir='ltr'><strong>tummodo,</strong></span> <span class='ocrx_word' id='word_1_252' title='bbox 838 1981 1027 2019; x_wconf 84' lang='lat' dir='ltr'><strong>verum</strong></span> <span class='ocrx_word' id='word_1_253' title='bbox 1078 1966 1241 2019; x_wconf 89' lang='lat' dir='ltr'><strong>etiam</strong></span> <span class='ocrx_word' id='word_1_254' title='bbox 1294 1981 1577 2022; x_wconf 89' lang='lat' dir='ltr'><strong>assumens</strong></span> <span class='ocrx_word' id='word_1_255' title='bbox 1634 1964 1868 2022; x_wconf 84' lang='lat' dir='ltr'><strong>Verbum</strong></span> <span class='ocrx_word' id='word_1_256' title='bbox 1934 1984 2039 2024; x_wconf 80' lang='lat' dir='ltr'><strong>una</strong></span> 
     </span>
    </p>
   </div>
   <div class='ocr_carea' id='block_1_37' title="bbox 469 2057 2040 2127">
    <p class='ocr_par' dir='ltr' id='par_1_37' title="bbox 469 2057 2040 2127">
     <span class='ocr_line' id='line_1_37' title="bbox 469 2057 2040 2127; baseline 0.003 -19"><span class='ocrx_word' id='word_1_257' title='bbox 469 2071 592 2110; x_wconf 87' lang='lat' dir='ltr'><strong>cum</strong></span> <span class='ocrx_word' id='word_1_258' title='bbox 621 2065 900 2125; x_wconf 89' lang='lat' dir='ltr'><strong>assumpto</strong></span> <span class='ocrx_word' id='word_1_259' title='bbox 935 2057 1157 2111; x_wconf 88' lang='lat' dir='ltr'><strong>denotat</strong></span> <span class='ocrx_word' id='word_1_260' title='bbox 1206 2058 1464 2127; x_wconf 84' lang='lat' dir='ltr'><strong>(namque</strong></span> <span class='ocrx_word' id='word_1_261' title='bbox 1525 2058 1575 2111; x_wconf 93' lang='lat' dir='ltr'><strong>id</strong></span> <span class='ocrx_word' id='word_1_262' title='bbox 1621 2074 1820 2112; x_wconf 84' lang='lat' dir='ltr'><strong>nomen</strong></span> <span class='ocrx_word' id='word_1_263' title='bbox 1873 2059 2040 2115; x_wconf 92' lang='lat' dir='ltr'><strong>Deum</strong></span> 
     </span>
    </p>
   </div>
   <div class='ocr_carea' id='block_1_38' title="bbox 467 2146 2042 2218">
    <p class='ocr_par' dir='ltr' id='par_1_38' title="bbox 467 2146 2042 2218">
     <span class='ocr_line' id='line_1_38' title="bbox 467 2146 2042 2218; baseline 0.003 -16"><span class='ocrx_word' id='word_1_264' title='bbox 467 2146 629 2202; x_wconf 88' lang='lat' dir='ltr'><strong>simul</strong></span> <span class='ocrx_word' id='word_1_265' title='bbox 676 2156 732 2201; x_wconf 90' lang='lat' dir='ltr'><strong>et</strong></span> <span class='ocrx_word' id='word_1_266' title='bbox 782 2147 1052 2201; x_wconf 90' lang='lat' dir='ltr'><strong>hominem</strong></span> <span class='ocrx_word' id='word_1_267' title='bbox 1097 2147 1414 2218; x_wconf 76' lang='lat' dir='ltr'><strong>signiﬁcat),</strong></span> <span class='ocrx_word' id='word_1_268' title='bbox 1443 2148 1641 2204; x_wconf 87' lang='lat' dir='ltr'><strong>Paulus</strong></span> <span class='ocrx_word' id='word_1_269' title='bbox 1689 2151 1939 2205; x_wconf 90' lang='lat' dir='ltr'><strong>attribuit</strong></span> <span class='ocrx_word' id='word_1_270' title='bbox 1991 2152 2042 2207; x_wconf 91' lang='lat' dir='ltr'><strong>ei</strong></span> 
     </span>
    </p>
   </div>
   <div class='ocr_carea' id='block_1_39' title="bbox 471 2236 2041 2308">
    <p class='ocr_par' dir='ltr' id='par_1_39' title="bbox 471 2236 2041 2308">
     <span class='ocr_line' id='line_1_39' title="bbox 471 2236 2041 2308; baseline 0.005 -18"><span class='ocrx_word' id='word_1_271' title='bbox 471 2237 565 2307; x_wconf 90' lang='lat' dir='ltr'><strong>qui</strong></span> <span class='ocrx_word' id='word_1_272' title='bbox 590 2236 820 2294; x_wconf 86' lang='lat' dir='ltr'><strong>visibilis</strong></span> <span class='ocrx_word' id='word_1_273' title='bbox 849 2246 951 2302; x_wconf 90' lang='lat' dir='ltr'><strong>est,</strong></span> <span class='ocrx_word' id='word_1_274' title='bbox 997 2249 1217 2308; x_wconf 85' lang='lat' dir='ltr'><strong>propter</strong></span> <span class='ocrx_word' id='word_1_275' title='bbox 1266 2253 1421 2293; x_wconf 88' lang='lat' dir='ltr'><strong>suam</strong></span> <span class='ocrx_word' id='word_1_276' title='bbox 1468 2256 1590 2294; x_wconf 92' lang='lat' dir='ltr'><strong>cum</strong></span> <span class='ocrx_word' id='word_1_277' title='bbox 1624 2240 1877 2295; x_wconf 90' lang='lat' dir='ltr'><strong>invisibili</strong></span> <span class='ocrx_word' id='word_1_278' title='bbox 1908 2258 2041 2298; x_wconf 93' lang='lat' dir='ltr'><strong>con-</strong></span> 
     </span>
    </p>
   </div>
   <div class='ocr_carea' id='block_1_40' title="bbox 466 2328 2041 2400">
    <p class='ocr_par' dir='ltr' id='par_1_40' title="bbox 466 2328 2041 2400">
     <span class='ocr_line' id='line_1_40' title="bbox 466 2328 2041 2400; baseline 0.005 -18"><span class='ocrx_word' id='word_1_279' title='bbox 466 2328 824 2400; x_wconf 60' lang='lat' dir='ltr'><strong>iunctionem,</strong></span> <span class='ocrx_word' id='word_1_280' title='bbox 853 2330 1120 2396; x_wconf 86' lang='lat' dir='ltr'><strong>attribuit,</strong></span> <span class='ocrx_word' id='word_1_281' title='bbox 1145 2330 1385 2399; x_wconf 90' lang='lat' dir='ltr'><strong>inquam,</strong></span> <span class='ocrx_word' id='word_1_282' title='bbox 1418 2332 1656 2387; x_wconf 86' lang='lat' dir='ltr'><strong>universi</strong></span> <span class='ocrx_word' id='word_1_283' title='bbox 1675 2334 1858 2387; x_wconf 88' lang='lat' dir='ltr'><strong>mundi</strong></span> <span class='ocrx_word' id='word_1_284' title='bbox 1885 2350 2041 2390; x_wconf 87' lang='lat' dir='ltr'><strong>crea-</strong></span> 
     </span>
    </p>
   </div>
   <div class='ocr_carea' id='block_1_41' title="bbox 474 2421 2043 2492">
    <p class='ocr_par' dir='ltr' id='par_1_41' title="bbox 474 2421 2043 2492">
     <span class='ocr_line' id='line_1_41' title="bbox 474 2421 2043 2492; baseline 0.004 -16"><span class='ocrx_word' id='word_1_285' title='bbox 474 2422 673 2476; x_wconf 88' lang='lat' dir='ltr'><strong>tionem</strong></span> <span class='ocrx_word' id='word_1_286' title='bbox 726 2430 781 2477; x_wconf 90' lang='lat' dir='ltr'><strong>et</strong></span> <span class='ocrx_word' id='word_1_287' title='bbox 828 2421 1256 2491; x_wconf 88' lang='lat' dir='ltr'><strong>dispositionem.</strong></span> <span class='ocrx_word' id='word_1_288' title='bbox 1292 2424 1472 2492; x_wconf 87' lang='lat' dir='ltr'><strong>Quare</strong></span> <span class='ocrx_word' id='word_1_289' title='bbox 1503 2434 1558 2480; x_wconf 89' lang='lat' dir='ltr'><strong>et</strong></span> <span class='ocrx_word' id='word_1_290' title='bbox 1596 2426 1722 2481; x_wconf 91' lang='lat' dir='ltr'><strong>alibi</strong></span> <span class='ocrx_word' id='word_1_291' title='bbox 1768 2426 2043 2486; x_wconf 87' lang='lat' dir='ltr'><strong>Christum</strong></span> 
     </span>
    </p>
   </div>
   <div class='ocr_carea' id='block_1_42' title="bbox 469 2513 2044 2591">
    <p class='ocr_par' dir='ltr' id='par_1_42' title="bbox 469 2513 2044 2591">
     <span class='ocr_line' id='line_1_42' title="bbox 469 2513 2044 2591; baseline 0.006 -23"><span class='ocrx_word' id='word_1_292' title='bbox 469 2528 634 2582; x_wconf 86' lang='lat' dir='ltr'><strong>super</strong></span> <span class='ocrx_word' id='word_1_293' title='bbox 670 2513 850 2568; x_wconf 92' lang='lat' dir='ltr'><strong>omnia</strong></span> <span class='ocrx_word' id='word_1_294' title='bbox 881 2513 1044 2569; x_wconf 91' lang='lat' dir='ltr'><strong>Deum</strong></span> <span class='ocrx_word' id='word_1_295' title='bbox 1082 2514 1357 2585; x_wconf 84' lang='lat' dir='ltr'><strong>appellat;</strong></span> <span class='ocrx_word' id='word_1_296' title='bbox 1398 2516 1474 2570; x_wconf 88' lang='lat' dir='ltr'><strong>ait</strong></span> <span class='ocrx_word' id='word_1_297' title='bbox 1507 2518 1649 2572; x_wconf 89' lang='lat' dir='ltr'><strong>enim</strong></span> <span class='ocrx_word' id='word_1_298' title='bbox 1686 2538 1700 2574; x_wconf 89' lang='lat'><strong>:</strong></span> <span class='ocrx_word' id='word_1_299' title='bbox 1742 2539 1761 2572; x_wconf 86' lang='grc' dir='ltr'><strong>ι</strong></span> <span class='ocrx_word' id='word_1_300' title='bbox 1794 2519 1872 2575; x_wconf 81' lang='lat' dir='ltr'><strong>Ex</strong></span> <span class='ocrx_word' id='word_1_301' title='bbox 1920 2522 2044 2591; x_wconf 89' lang='lat' dir='ltr'><strong>qui-</strong></span> 
     </span>
    </p>
   </div>
   <div class='ocr_carea' id='block_1_43' title="bbox 468 2605 2045 2683">
    <p class='ocr_par' dir='ltr' id='par_1_43' title="bbox 468 2605 2045 2683">
     <span class='ocr_line' id='line_1_43' title="bbox 468 2605 2045 2683; baseline 0.005 -24"><span class='ocrx_word' id='word_1_302' title='bbox 468 2605 572 2659; x_wconf 90' lang='lat' dir='ltr'><strong>bus</strong></span> <span class='ocrx_word' id='word_1_303' title='bbox 598 2612 682 2660; x_wconf 90' lang='lat' dir='ltr'><strong>est</strong></span> <span class='ocrx_word' id='word_1_304' title='bbox 718 2605 1013 2661; x_wconf 88' lang='lat' dir='ltr'><strong>secundum</strong></span> <span class='ocrx_word' id='word_1_305' title='bbox 1048 2621 1267 2661; x_wconf 91' lang='lat' dir='ltr'><strong>carnem</strong></span> <span class='ocrx_word' id='word_1_306' title='bbox 1302 2607 1573 2675; x_wconf 86' lang='lat' dir='ltr'><strong>Christus,</strong></span> <span class='ocrx_word' id='word_1_307' title='bbox 1610 2611 1702 2680; x_wconf 90' lang='lat' dir='ltr'><strong>qui</strong></span> <span class='ocrx_word' id='word_1_308' title='bbox 1750 2622 1834 2667; x_wconf 89' lang='lat' dir='ltr'><strong>est</strong></span> <span class='ocrx_word' id='word_1_309' title='bbox 1880 2627 2045 2683; x_wconf 87' lang='lat' dir='ltr'><strong>super</strong></span> 
     </span>
    </p>
   </div>
   <div class='ocr_carea' id='block_1_44' title="bbox 469 2696 2046 2774">
    <p class='ocr_par' dir='ltr' id='par_1_44' title="bbox 469 2696 2046 2774">
     <span class='ocr_line' id='line_1_44' title="bbox 469 2696 2046 2774; baseline 0.006 -23"><span class='ocrx_word' id='word_1_310' title='bbox 469 2698 651 2751; x_wconf 88' lang='lat' dir='ltr'><strong>omnia</strong></span> <span class='ocrx_word' id='word_1_311' title='bbox 679 2697 821 2753; x_wconf 88' lang='lat' dir='ltr'><strong>Deus</strong></span> <span class='ocrx_word' id='word_1_312' title='bbox 847 2698 916 2751; x_wconf 80' lang='lat'><strong>&quot;.</strong></span> <span class='ocrx_word' id='word_1_313' title='bbox 957 2716 975 2750; x_wconf 76' lang='grc' dir='ltr'><strong>ι</strong></span> <span class='ocrx_word' id='word_1_314' title='bbox 1014 2696 1130 2754; x_wconf 82' lang='lat' dir='ltr'><strong>Non</strong></span> <span class='ocrx_word' id='word_1_315' title='bbox 1159 2699 1285 2769; x_wconf 78' lang='lat' dir='ltr'><strong>quia</strong></span> <span class='ocrx_word' id='word_1_316' title='bbox 1325 2698 1544 2755; x_wconf 87' lang='lat' dir='ltr'><strong>Davidis</strong></span> <span class='ocrx_word' id='word_1_317' title='bbox 1589 2716 1756 2773; x_wconf 90' lang='lat' dir='ltr'><strong>nepos</strong></span> <span class='ocrx_word' id='word_1_318' title='bbox 1802 2705 1917 2774; x_wconf 91' lang='lat' dir='ltr'><strong>ipse</strong></span> <span class='ocrx_word' id='word_1_319' title='bbox 1948 2720 2046 2774; x_wconf 89' lang='lat' dir='ltr'><strong>per</strong></span> 
     </span>
    </p>
   </div>
   <div class='ocr_carea' id='block_1_45' title="bbox 468 2788 2045 2863">
    <p class='ocr_par' dir='ltr' id='par_1_45' title="bbox 468 2788 2045 2863">
     <span class='ocr_line' id='line_1_45' title="bbox 468 2788 2045 2863; baseline 0.006 -20"><span class='ocrx_word' id='word_1_320' title='bbox 468 2804 529 2843; x_wconf 83' lang='lat' dir='ltr'><strong>se</strong></span> <span class='ocrx_word' id='word_1_321' title='bbox 557 2789 627 2843; x_wconf 87' lang='lat' dir='ltr'><strong>sit</strong></span> <span class='ocrx_word' id='word_1_322' title='bbox 654 2788 819 2853; x_wconf 91' lang='lat' dir='ltr'><strong>Deus,</strong></span> <span class='ocrx_word' id='word_1_323' title='bbox 850 2798 906 2844; x_wconf 90' lang='lat' dir='ltr'><strong>et</strong></span> <span class='ocrx_word' id='word_1_324' title='bbox 929 2804 1094 2858; x_wconf 88' lang='lat' dir='ltr'><strong>super</strong></span> <span class='ocrx_word' id='word_1_325' title='bbox 1126 2791 1331 2857; x_wconf 89' lang='lat' dir='ltr'><strong>omnia,</strong></span> <span class='ocrx_word' id='word_1_326' title='bbox 1379 2793 1474 2848; x_wconf 89' lang='lat' dir='ltr'><strong>sed</strong></span> <span class='ocrx_word' id='word_1_327' title='bbox 1511 2795 1635 2863; x_wconf 87' lang='lat' dir='ltr'><strong>quia</strong></span> <span class='ocrx_word' id='word_1_328' title='bbox 1699 2796 1790 2850; x_wconf 89' lang='lat' dir='ltr'><strong>Dei</strong></span> <span class='ocrx_word' id='word_1_329' title='bbox 1846 2798 2045 2853; x_wconf 91' lang='lat' dir='ltr'><strong>summi</strong></span> 
     </span>
    </p>
   </div>
   <div class='ocr_carea' id='block_1_46' title="bbox 471 2878 2043 2957">
    <p class='ocr_par' dir='ltr' id='par_1_46' title="bbox 471 2878 2043 2957">
     <span class='ocr_line' id='line_1_46' title="bbox 471 2878 2043 2957; baseline 0.008 -23"><span class='ocrx_word' id='word_1_330' title='bbox 471 2878 727 2947; x_wconf 87' lang='lat' dir='ltr'><strong>templum</strong></span> <span class='ocrx_word' id='word_1_331' title='bbox 754 2890 892 2947; x_wconf 90' lang='lat' dir='ltr'><strong>erat,</strong></span> <span class='ocrx_word' id='word_1_332' title='bbox 925 2882 1131 2938; x_wconf 88' lang='lat' dir='ltr'><strong>unitam</strong></span> <span class='ocrx_word' id='word_1_333' title='bbox 1179 2885 1596 2957; x_wconf 85' lang='lat' dir='ltr'><strong>copulatamque</strong></span> <span class='ocrx_word' id='word_1_334' title='bbox 1626 2887 1834 2943; x_wconf 87' lang='lat' dir='ltr'><strong>babens</strong></span> <span class='ocrx_word' id='word_1_335' title='bbox 1860 2904 2043 2947; x_wconf 90' lang='lat' dir='ltr'><strong>secum</strong></span> 
     </span>
    </p>
   </div>
   <div class='ocr_carea' id='block_1_47' title="bbox 471 2971 835 3027">
    <p class='ocr_par' dir='ltr' id='par_1_47' title="bbox 471 2971 835 3027">
     <span class='ocr_line' id='line_1_47' title="bbox 471 2971 835 3027; baseline 0.008 -3"><span class='ocrx_word' id='word_1_336' title='bbox 471 2971 835 3027; x_wconf 87' lang='lat' dir='ltr'><strong>divinitatem.</strong></span> 
     </span>
    </p>
   </div>
   <div class='ocr_carea' id='block_1_48' title="bbox 469 3085 2045 3213">
    <p class='ocr_par' dir='ltr' id='par_1_48' title="bbox 469 3085 2045 3213">
     <span class='ocr_line' id='line_1_48' title="bbox 469 3085 2045 3213; baseline 0.007 -72"><span class='ocrx_word' id='word_1_337' title='bbox 469 3085 663 3141; x_wconf 58' lang='lat' dir='ltr'><strong>XXXI.</strong></span> <span class='ocrx_word' id='word_1_338' title='bbox 701 3085 855 3152; x_wconf 84' lang='lat' dir='ltr'><strong>Quod</strong></span> <span class='ocrx_word' id='word_1_339' title='bbox 903 3087 1023 3142; x_wconf 69' lang='lat' dir='ltr'><strong>dum</strong></span> <span class='ocrx_word' id='word_1_340' title='bbox 1067 3088 1448 3213; x_wconf 60' lang='lat' dir='ltr'><strong>sinéhnot‘urw,</strong></span> <span class='ocrx_word' id='word_1_341' title='bbox 1476 3109 1582 3147; x_wconf 88' lang='lat' dir='ltr'><strong>una</strong></span> <span class='ocrx_word' id='word_1_342' title='bbox 1614 3105 1789 3149; x_wconf 84' lang='lat' dir='ltr'><strong>autem</strong></span> <span class='ocrx_word' id='word_1_343' title='bbox 1823 3114 2045 3165; x_wconf 76' lang='lat' dir='ltr'><strong>persona</strong></span> 
     </span>
     <span class='ocr_line' id='line_1_49' title="bbox 1228 3176 1364 3213; baseline 0.007 -1"><span class='ocrx_word' id='word_1_344' title='bbox 1228 3176 1299 3213; x_wconf 82' lang='lat' dir='ltr'><strong>rts</strong></span> <span class='ocrx_word' id='word_1_345' title='bbox 1326 3177 1364 3213; x_wconf 83' lang='lat' dir='ltr'><strong>t.</strong></span> 
     </span>
    </p>
   </div>
   <div class='ocr_carea' id='block_1_49' title="bbox 1228 3176 1364 3214">
    <p class='ocr_par' dir='ltr' id='par_1_49' title="bbox 1228 3176 1364 3214">
     <span class='ocr_line' id='line_1_50' title="bbox 1228 3176 1364 3214; baseline 0.015 -2"><span class='ocrx_word' id='word_1_346' title='bbox 1228 3176 1364 3214; x_wconf 60' lang='grc' dir='ltr'>ἤδη.</span> 
     </span>
    </p>
   </div>
   <div class='ocr_carea' id='block_1_50' title="bbox 539 3265 2042 3340">
    <p class='ocr_par' dir='ltr' id='par_1_50' title="bbox 539 3265 2042 3340">
     <span class='ocr_line' id='line_1_51' title="bbox 539 3265 2042 3340; baseline 0.01 -20"><span class='ocrx_word' id='word_1_347' title='bbox 539 3265 664 3322; x_wconf 85' lang='lat' dir='ltr'><strong>Ideo</strong></span> <span class='ocrx_word' id='word_1_348' title='bbox 696 3284 715 3319; x_wconf 88' lang='grc' dir='ltr'><strong>ι</strong></span> <span class='ocrx_word' id='word_1_349' title='bbox 741 3267 902 3323; x_wconf 80' lang='lat' dir='ltr'><strong>Jesus</strong></span> <span class='ocrx_word' id='word_1_350' title='bbox 929 3267 1181 3327; x_wconf 87' lang='lat' dir='ltr'><strong>Christus</strong></span> <span class='ocrx_word' id='word_1_351' title='bbox 1240 3271 1355 3327; x_wconf 92' lang='lat' dir='ltr'><strong>heri</strong></span> <span class='ocrx_word' id='word_1_352' title='bbox 1380 3280 1435 3327; x_wconf 90' lang='lat' dir='ltr'><strong>et</strong></span> <span class='ocrx_word' id='word_1_353' title='bbox 1474 3273 1653 3340; x_wconf 89' lang='lat' dir='ltr'><strong>hodie,</strong></span> <span class='ocrx_word' id='word_1_354' title='bbox 1684 3276 1822 3331; x_wconf 89' lang='lat' dir='ltr'><strong>idem</strong></span> <span class='ocrx_word' id='word_1_355' title='bbox 1858 3288 1941 3333; x_wconf 78' lang='lat' dir='ltr'><strong>est</strong></span> <span class='ocrx_word' id='word_1_356' title='bbox 1985 3288 2042 3335; x_wconf 91' lang='lat' dir='ltr'><strong>et</strong></span> 
     </span>
    </p>
   </div>
   <div class='ocr_carea' id='block_1_51' title="bbox 470 3359 2041 3439">
    <p class='ocr_par' dir='ltr' id='par_1_51' title="bbox 470 3359 2041 3439">
     <span class='ocr_line' id='line_1_52' title="bbox 470 3359 2041 3439; baseline 0.008 -25"><span class='ocrx_word' id='word_1_357' title='bbox 470 3361 525 3415; x_wconf 85' lang='lat' dir='ltr'><strong>in</strong></span> <span class='ocrx_word' id='word_1_358' title='bbox 556 3359 752 3415; x_wconf 68' lang='lat' dir='ltr'><strong>saecula</strong></span> <span class='ocrx_word' id='word_1_359' title='bbox 774 3360 842 3414; x_wconf 84' lang='lat'><strong>&quot;.</strong></span> <span class='ocrx_word' id='word_1_360' title='bbox 883 3378 903 3412; x_wconf 77' lang='grc' dir='ltr'><strong>ι</strong></span> <span class='ocrx_word' id='word_1_361' title='bbox 939 3359 1055 3416; x_wconf 85' lang='lat' dir='ltr'><strong>Non</strong></span> <span class='ocrx_word' id='word_1_362' title='bbox 1086 3362 1231 3417; x_wconf 89' lang='lat' dir='ltr'><strong>enim</strong></span> <span class='ocrx_word' id='word_1_363' title='bbox 1264 3363 1317 3417; x_wconf 91' lang='lat' dir='ltr'><strong>in</strong></span> <span class='ocrx_word' id='word_1_364' title='bbox 1354 3363 1489 3420; x_wconf 87' lang='lat' dir='ltr'><strong>duas</strong></span> <span class='ocrx_word' id='word_1_365' title='bbox 1520 3378 1784 3435; x_wconf 85' lang='lat' dir='ltr'><strong>personas</strong></span> <span class='ocrx_word' id='word_1_366' title='bbox 1821 3369 2041 3439; x_wconf 80' lang='lat' dir='ltr'><strong>dispen-</strong></span> 
     </span>
    </p>
   </div>
   <div class='ocr_carea' id='block_1_52' title="bbox 2145 1958 3730 2059">
    <p class='ocr_par' dir='ltr' id='par_1_52' title="bbox 2145 1958 3730 2059">
     <span class='ocr_line' id='line_1_53' title="bbox 2145 1958 3730 2059; baseline -0.018 -21"><span class='ocrx_word' id='word_1_367' title='bbox 2145 1982 2327 2055; x_wconf 82' lang='grc' dir='ltr'>μόνον,</span> <span class='ocrx_word' id='word_1_368' title='bbox 2355 1980 2489 2034; x_wconf 79' lang='grc' dir='ltr'>ἀλλὰ</span> <span class='ocrx_word' id='word_1_369' title='bbox 2516 1978 2612 2032; x_wconf 76' lang='grc' dir='ltr'><strong>καὶ</strong></span> <span class='ocrx_word' id='word_1_370' title='bbox 2638 1977 2731 2031; x_wconf 82' lang='grc' dir='ltr'><strong>τὸν</strong></span> <span class='ocrx_word' id='word_1_371' title='bbox 2757 1973 2987 2028; x_wconf 78' lang='grc' dir='ltr'>λαϐόντα</span> <span class='ocrx_word' id='word_1_372' title='bbox 3010 1970 3184 2059; x_wconf 87' lang='grc' dir='ltr'>Λόγον</span> <span class='ocrx_word' id='word_1_373' title='bbox 3374 1961 3469 2059; x_wconf 79' lang='grc' dir='ltr'><strong>τοῦ</strong></span> <span class='ocrx_word' id='word_1_374' title='bbox 3491 1958 3730 2059; x_wconf 52' lang='grc' dir='ltr'>ληφθέν-</span> 
     </span>
    </p>
   </div>
   <div class='ocr_carea' id='block_1_53' title="bbox 2142 2054 3732 2145">
    <p class='ocr_par' dir='ltr' id='par_1_53' title="bbox 2142 2054 3732 2145">
     <span class='ocr_line' id='line_1_54' title="bbox 2142 2054 3732 2145; baseline -0.017 -17"><span class='ocrx_word' id='word_1_375' title='bbox 2142 2054 2232 2139; x_wconf 85' lang='grc' dir='ltr'>τος</span> <span class='ocrx_word' id='word_1_376' title='bbox 2278 2072 2432 2145; x_wconf 86' lang='grc' dir='ltr'>δηλοῖ</span> <span class='ocrx_word' id='word_1_377' title='bbox 2463 2068 2593 2142; x_wconf 90' lang='grc' dir='ltr'>(τοῦ</span> <span class='ocrx_word' id='word_1_378' title='bbox 2632 2065 2767 2122; x_wconf 87' lang='grc' dir='ltr'>Θεοῦ</span> <span class='ocrx_word' id='word_1_379' title='bbox 2806 2064 2915 2134; x_wconf 82' lang='grc' dir='ltr'>γὰρ</span> <span class='ocrx_word' id='word_1_380' title='bbox 2956 2061 3049 2115; x_wconf 76' lang='grc' dir='ltr'>καὶ</span> <span class='ocrx_word' id='word_1_381' title='bbox 3085 2058 3182 2112; x_wconf 91' lang='grc' dir='ltr'><strong>τοῦ</strong></span> <span class='ocrx_word' id='word_1_382' title='bbox 3230 2054 3539 2145; x_wconf 71' lang='grc' dir='ltr'>ἀνθρώπου</span> <span class='ocrx_word' id='word_1_383' title='bbox 3566 2054 3732 2103; x_wconf 77' lang='grc' dir='ltr'>τοῦτο</span> 
     </span>
    </p>
   </div>
   <div class='ocr_carea' id='block_1_54' title="bbox 2145 2144 3730 2238">
    <p class='ocr_par' dir='ltr' id='par_1_54' title="bbox 2145 2144 3730 2238">
     <span class='ocr_line' id='line_1_55' title="bbox 2145 2144 3730 2238; baseline -0.018 -16"><span class='ocrx_word' id='word_1_384' title='bbox 2145 2163 2480 2238; x_wconf 83' lang='grc' dir='ltr'>σημαντικόν</span> <span class='ocrx_word' id='word_1_385' title='bbox 2508 2160 2695 2230; x_wconf 74' lang='grc' dir='ltr'>ἐστιν)’</span> <span class='ocrx_word' id='word_1_386' title='bbox 2725 2160 2754 2212; x_wconf 82' lang='grc' dir='ltr'>ὁ</span> <span class='ocrx_word' id='word_1_387' title='bbox 2788 2155 2999 2219; x_wconf 82' lang='grc' dir='ltr'>Παῦλος</span> <span class='ocrx_word' id='word_1_388' title='bbox 3027 2151 3312 2217; x_wconf 80' lang='grc' dir='ltr'>ἀνατίθησι</span> <span class='ocrx_word' id='word_1_389' title='bbox 3349 2147 3442 2201; x_wconf 71' lang='grc' dir='ltr'><strong>καὶ</strong></span> <span class='ocrx_word' id='word_1_390' title='bbox 3472 2144 3555 2216; x_wconf 81' lang='grc' dir='ltr'>τῷ</span> <span class='ocrx_word' id='word_1_391' title='bbox 3584 2147 3730 2238; x_wconf 46' lang='lat' dir='ltr'><strong>opus:</strong></span> 
     </span>
    </p>
   </div>
   <div class='ocr_carea' id='block_1_55' title="bbox 2148 2237 3737 2329">
    <p class='ocr_par' dir='ltr' id='par_1_55' title="bbox 2148 2237 3737 2329">
     <span class='ocr_line' id='line_1_56' title="bbox 2148 2237 3737 2329; baseline -0.014 -17"><span class='ocrx_word' id='word_1_392' title='bbox 2148 2237 2296 2329; x_wconf 70' lang='grc' dir='ltr'>μένῳ</span> <span class='ocrx_word' id='word_1_393' title='bbox 2325 2254 2414 2310; x_wconf 81' lang='grc' dir='ltr'>διὰ</span> <span class='ocrx_word' id='word_1_394' title='bbox 2439 2253 2536 2325; x_wconf 81' lang='grc' dir='ltr'>τὴν</span> <span class='ocrx_word' id='word_1_395' title='bbox 2566 2252 2701 2320; x_wconf 82' lang='grc' dir='ltr'>πρὸς</span> <span class='ocrx_word' id='word_1_396' title='bbox 2732 2248 2792 2305; x_wconf 83' lang='grc' dir='ltr'>τὸ</span> <span class='ocrx_word' id='word_1_397' title='bbox 2831 2248 3208 2321; x_wconf 74' lang='grc' dir='ltr'>κρυπτόμενον</span> <span class='ocrx_word' id='word_1_398' title='bbox 3236 2246 3452 2307; x_wconf 73' lang='grc' dir='ltr'>ἕνωσιν,</span> <span class='ocrx_word' id='word_1_399' title='bbox 3499 2238 3605 2308; x_wconf 73' lang='grc' dir='ltr'><strong>τὴν</strong></span> <span class='ocrx_word' id='word_1_400' title='bbox 3638 2237 3737 2329; x_wconf 85' lang='grc' dir='ltr'><strong>τοῦ</strong></span> 
     </span>
    </p>
   </div>
   <div class='ocr_carea' id='block_1_56' title="bbox 2145 2328 3739 2417">
    <p class='ocr_par' dir='ltr' id='par_1_56' title="bbox 2145 2328 3739 2417">
     <span class='ocr_line' id='line_1_57' title="bbox 2145 2328 3739 2417; baseline -0.015 -13"><span class='ocrx_word' id='word_1_401' title='bbox 2145 2328 2346 2412; x_wconf 79' lang='grc' dir='ltr'>παντὸς</span> <span class='ocrx_word' id='word_1_402' title='bbox 2374 2345 2590 2417; x_wconf 73' lang='grc' dir='ltr'>ποίησιν</span> <span class='ocrx_word' id='word_1_403' title='bbox 2628 2362 2688 2397; x_wconf 89' lang='grc' dir='ltr'><strong>τε</strong></span> <span class='ocrx_word' id='word_1_404' title='bbox 2718 2344 2813 2397; x_wconf 78' lang='grc' dir='ltr'>καὶ</span> <span class='ocrx_word' id='word_1_405' title='bbox 2845 2340 3233 2410; x_wconf 58' lang='grc' dir='ltr'>διακόσμησιν</span> <span class='ocrx_word' id='word_1_406' title='bbox 3261 2335 3342 2390; x_wconf 83' lang='grc' dir='ltr'><strong>διὸ</strong></span> <span class='ocrx_word' id='word_1_407' title='bbox 3374 2334 3469 2387; x_wconf 69' lang='grc' dir='ltr'>καὶ</span> <span class='ocrx_word' id='word_1_408' title='bbox 3498 2328 3739 2400; x_wconf 80' lang='grc' dir='ltr'>ἑτέρωθι</span> 
     </span>
    </p>
   </div>
   <div class='ocr_carea' id='block_1_57' title="bbox 2143 2421 3738 2512">
    <p class='ocr_par' dir='ltr' id='par_1_57' title="bbox 2143 2421 3738 2512">
     <span class='ocr_line' id='line_1_58' title="bbox 2143 2421 3738 2512; baseline -0.014 -17"><span class='ocrx_word' id='word_1_409' title='bbox 2143 2440 2236 2496; x_wconf 79' lang='grc' dir='ltr'><strong>τὸν</strong></span> <span class='ocrx_word' id='word_1_410' title='bbox 2268 2439 2503 2512; x_wconf 80' lang='grc' dir='ltr'>Χριστὸν</span> <span class='ocrx_word' id='word_1_411' title='bbox 2540 2437 2632 2491; x_wconf 74' lang='grc' dir='ltr'>ἐπὶ</span> <span class='ocrx_word' id='word_1_412' title='bbox 2671 2435 2888 2489; x_wconf 89' lang='grc' dir='ltr'>πάντων</span> <span class='ocrx_word' id='word_1_413' title='bbox 2934 2427 3333 2503; x_wconf 79' lang='grc' dir='ltr'>προσαγορεύει</span> <span class='ocrx_word' id='word_1_414' title='bbox 3366 2425 3498 2479; x_wconf 80' lang='grc' dir='ltr'>Θεόν</span> <span class='ocrx_word' id='word_1_415' title='bbox 3521 2442 3537 2455; x_wconf 75' lang='grc'><em>’</em></span> <span class='ocrx_word' id='word_1_416' title='bbox 3582 2441 3602 2474; x_wconf 83' lang='grc' dir='ltr'><strong>ι</strong></span> <span class='ocrx_word' id='word_1_417' title='bbox 3644 2421 3738 2486; x_wconf 78' lang='grc' dir='ltr'>ἐξ</span> 
     </span>
    </p>
   </div>
   <div class='ocr_carea' id='block_1_58' title="bbox 2143 2514 3737 2603">
    <p class='ocr_par' dir='ltr' id='par_1_58' title="bbox 2143 2514 3737 2603">
     <span class='ocr_line' id='line_1_59' title="bbox 2143 2514 3737 2603; baseline -0.015 -14"><span class='ocrx_word' id='word_1_418' title='bbox 2143 2526 2220 2589; x_wconf 82' lang='grc' dir='ltr'>ὧν</span> <span class='ocrx_word' id='word_1_419' title='bbox 2258 2534 2387 2603; x_wconf 82' lang='grc' dir='ltr'>γὰρ,</span> <span class='ocrx_word' id='word_1_420' title='bbox 2425 2531 2609 2602; x_wconf 66' lang='grc' dir='ltr'>φησιν,</span> <span class='ocrx_word' id='word_1_421' title='bbox 2636 2527 2870 2599; x_wconf 81' lang='grc' dir='ltr'>Χριστὸς</span> <span class='ocrx_word' id='word_1_422' title='bbox 2910 2525 2973 2578; x_wconf 85' lang='grc' dir='ltr'><strong>τὸ</strong></span> <span class='ocrx_word' id='word_1_423' title='bbox 3016 2522 3160 2576; x_wconf 86' lang='grc' dir='ltr'><strong>κατά</strong></span> <span class='ocrx_word' id='word_1_424' title='bbox 3198 2521 3397 2591; x_wconf 83' lang='grc' dir='ltr'>σάρκα,</span> <span class='ocrx_word' id='word_1_425' title='bbox 3438 2518 3467 2569; x_wconf 86' lang='grc' dir='ltr'>ὁ</span> <span class='ocrx_word' id='word_1_426' title='bbox 3512 2514 3593 2568; x_wconf 79' lang='grc' dir='ltr'>ὣν</span> <span class='ocrx_word' id='word_1_427' title='bbox 3644 2515 3737 2565; x_wconf 71' lang='grc' dir='ltr'>ἐπὶ</span> 
     </span>
    </p>
   </div>
   <div class='ocr_carea' id='block_1_59' title="bbox 2146 2610 3736 2689">
    <p class='ocr_par' dir='ltr' id='par_1_59' title="bbox 2146 2610 3736 2689">
     <span class='ocr_line' id='line_1_60' title="bbox 2146 2610 3736 2689; baseline -0.013 -8"><span class='ocrx_word' id='word_1_428' title='bbox 2146 2628 2366 2683; x_wconf 84' lang='grc' dir='ltr'>πάντων</span> <span class='ocrx_word' id='word_1_429' title='bbox 2409 2624 2563 2687; x_wconf 86' lang='grc' dir='ltr'>Θεός.</span> <span class='ocrx_word' id='word_1_430' title='bbox 2595 2642 2612 2674; x_wconf 75' lang='grc' dir='ltr'><strong>ι</strong></span> <span class='ocrx_word' id='word_1_431' title='bbox 2664 2621 2780 2674; x_wconf 80' lang='grc' dir='ltr'><strong>υύκ</strong></span> <span class='ocrx_word' id='word_1_432' title='bbox 2815 2617 3002 2689; x_wconf 76' lang='grc' dir='ltr'>ἐπειδὴ</span> <span class='ocrx_word' id='word_1_433' title='bbox 3036 2617 3132 2670; x_wconf 85' lang='grc' dir='ltr'><strong>τοῦ</strong></span> <span class='ocrx_word' id='word_1_434' title='bbox 3168 2614 3333 2668; x_wconf 71' lang='grc' dir='ltr'>Δαόὶδ</span> <span class='ocrx_word' id='word_1_435' title='bbox 3378 2615 3407 2673; x_wconf 79' lang='grc' dir='ltr'><strong>ὸ</strong></span> <span class='ocrx_word' id='word_1_436' title='bbox 3462 2610 3736 2675; x_wconf 73' lang='grc' dir='ltr'>ἀπόγονος</span> 
     </span>
    </p>
   </div>
   <div class='ocr_carea' id='block_1_60' title="bbox 2147 2701 3729 2785">
    <p class='ocr_par' dir='ltr' id='par_1_60' title="bbox 2147 2701 3729 2785">
     <span class='ocr_line' id='line_1_61' title="bbox 2147 2701 3729 2785; baseline -0.015 -9"><span class='ocrx_word' id='word_1_437' title='bbox 2147 2722 2312 2785; x_wconf 74' lang='grc' dir='ltr'>αὐτὸς</span> <span class='ocrx_word' id='word_1_438' title='bbox 2340 2719 2462 2775; x_wconf 86' lang='grc' dir='ltr'>καθ’</span> <span class='ocrx_word' id='word_1_439' title='bbox 2489 2717 2651 2771; x_wconf 81' lang='grc' dir='ltr'>αὐτὸν</span> <span class='ocrx_word' id='word_1_440' title='bbox 2685 2716 2819 2777; x_wconf 86' lang='grc' dir='ltr'>Θεός</span> <span class='ocrx_word' id='word_1_441' title='bbox 2852 2714 2988 2777; x_wconf 74' lang='grc' dir='ltr'>ἐστι,</span> <span class='ocrx_word' id='word_1_442' title='bbox 3020 2711 3114 2765; x_wconf 77' lang='grc' dir='ltr'>καὶ</span> <span class='ocrx_word' id='word_1_443' title='bbox 3170 2709 3263 2761; x_wconf 66' lang='grc' dir='ltr'><strong>ἐπὶ</strong></span> <span class='ocrx_word' id='word_1_444' title='bbox 3293 2708 3513 2761; x_wconf 80' lang='grc' dir='ltr'>πάντων</span> <span class='ocrx_word' id='word_1_445' title='bbox 3567 2701 3729 2763; x_wconf 71' lang='grc' dir='ltr'>Θεὸς,</span> 
     </span>
    </p>
   </div>
   <div class='ocr_carea' id='block_1_61' title="bbox 2145 2794 3734 2870">
    <p class='ocr_par' dir='ltr' id='par_1_61' title="bbox 2145 2794 3734 2870">
     <span class='ocr_line' id='line_1_62' title="bbox 2145 2794 3734 2870; baseline -0.018 0"><span class='ocrx_word' id='word_1_446' title='bbox 2145 2813 2261 2870; x_wconf 82' lang='grc' dir='ltr'>ἀλλ’</span> <span class='ocrx_word' id='word_1_447' title='bbox 2295 2815 2377 2867; x_wconf 84' lang='grc' dir='ltr'>ὅτι</span> <span class='ocrx_word' id='word_1_448' title='bbox 2404 2808 2496 2865; x_wconf 88' lang='grc' dir='ltr'><strong>τοῦ</strong></span> <span class='ocrx_word' id='word_1_449' title='bbox 2528 2805 2662 2863; x_wconf 85' lang='grc' dir='ltr'>Θεοῦ</span> <span class='ocrx_word' id='word_1_450' title='bbox 2691 2805 2785 2859; x_wconf 90' lang='grc' dir='ltr'><strong>τοῦ</strong></span> <span class='ocrx_word' id='word_1_451' title='bbox 2815 2805 2907 2858; x_wconf 76' lang='grc' dir='ltr'>ἐπὶ</span> <span class='ocrx_word' id='word_1_452' title='bbox 2936 2802 3156 2856; x_wconf 87' lang='grc' dir='ltr'>πάντων</span> <span class='ocrx_word' id='word_1_453' title='bbox 3187 2798 3396 2868; x_wconf 83' lang='grc' dir='ltr'>ὑπῆρχε</span> <span class='ocrx_word' id='word_1_454' title='bbox 3422 2794 3573 2855; x_wconf 73' lang='grc' dir='ltr'>ναὸς,</span> <span class='ocrx_word' id='word_1_455' title='bbox 3593 2794 3734 2861; x_wconf 78' lang='grc' dir='ltr'>ἡνω-</span> 
     </span>
    </p>
   </div>
   <div class='ocr_carea' id='block_1_62' title="bbox 2148 2888 3631 2980">
    <p class='ocr_par' dir='ltr' id='par_1_62' title="bbox 2148 2888 3631 2980">
     <span class='ocr_line' id='line_1_63' title="bbox 2148 2888 3631 2980; baseline -0.016 -17"><span class='ocrx_word' id='word_1_456' title='bbox 2148 2908 2321 2980; x_wconf 84' lang='grc' dir='ltr'>μένην</span> <span class='ocrx_word' id='word_1_457' title='bbox 2352 2904 2448 2959; x_wconf 73' lang='grc' dir='ltr'>καὶ</span> <span class='ocrx_word' id='word_1_458' title='bbox 2473 2900 2826 2973; x_wconf 83' lang='grc' dir='ltr'>συνημμένην</span> <span class='ocrx_word' id='word_1_459' title='bbox 2862 2897 3003 2968; x_wconf 74' lang='grc' dir='ltr'>ἔχων</span> <span class='ocrx_word' id='word_1_460' title='bbox 3039 2892 3216 2963; x_wconf 79' lang='grc' dir='ltr'>ἐαυτῷ</span> <span class='ocrx_word' id='word_1_461' title='bbox 3242 2892 3343 2962; x_wconf 78' lang='grc' dir='ltr'>τὴν</span> <span class='ocrx_word' id='word_1_462' title='bbox 3372 2888 3631 2957; x_wconf 72' lang='grc' dir='ltr'>θεότητα.</span> 
     </span>
    </p>
   </div>
   <div class='ocr_carea' id='block_1_63' title="bbox 2219 3089 3663 3170">
    <p class='ocr_par' dir='ltr' id='par_1_63' title="bbox 2219 3089 3663 3170">
     <span class='ocr_line' id='line_1_64' title="bbox 2219 3089 3663 3170; baseline -0.015 -7"><span class='ocrx_word' id='word_1_463' title='bbox 2219 3110 2346 3164; x_wconf 73' lang='lat' dir='ltr'><strong>AA&#39;.</strong></span> <span class='ocrx_word' id='word_1_464' title='bbox 2400 3106 2530 3159; x_wconf 86' lang='grc' dir='ltr'>Ὅτι</span> <span class='ocrx_word' id='word_1_465' title='bbox 2583 3102 2692 3155; x_wconf 83' lang='grc' dir='ltr'><strong>δύο</strong></span> <span class='ocrx_word' id='word_1_466' title='bbox 2737 3100 2853 3170; x_wconf 76' lang='grc' dir='ltr'><strong>μὲν</strong></span> <span class='ocrx_word' id='word_1_467' title='bbox 2900 3098 3017 3170; x_wconf 67' lang='grc' dir='ltr'>εισζὶ</span> <span class='ocrx_word' id='word_1_468' title='bbox 3070 3097 3309 3170; x_wconf 53' lang='grc' dir='ltr'><strong>φύσεις·ἔ</strong></span> <span class='ocrx_word' id='word_1_469' title='bbox 3362 3092 3431 3146; x_wconf 83' lang='grc' dir='ltr'><strong>ἓν</strong></span> <span class='ocrx_word' id='word_1_470' title='bbox 3473 3089 3544 3143; x_wconf 77' lang='grc' dir='ltr'>δὲ</span> <span class='ocrx_word' id='word_1_471' title='bbox 3593 3089 3663 3142; x_wconf 79' lang='grc' dir='ltr'>τὸ</span> 
     </span>
    </p>
   </div>
   <div class='ocr_carea' id='block_1_64' title="bbox 2535 3163 3332 3242">
    <p class='ocr_par' dir='ltr' id='par_1_64' title="bbox 2535 3163 3332 3242">
     <span class='ocr_line' id='line_1_65' title="bbox 2535 3163 3332 3242; baseline -0.013 -14"><span class='ocrx_word' id='word_1_472' title='bbox 2535 3163 2861 3242; x_wconf 54' lang='grc' dir='ltr'>πρόσωπον</span> <span class='ocrx_word' id='word_1_473' title='bbox 2904 3168 3008 3222; x_wconf 86' lang='grc' dir='ltr'><strong>τοῦ</strong></span> <span class='ocrx_word' id='word_1_474' title='bbox 3053 3163 3332 3235; x_wconf 79' lang='grc' dir='ltr'>Χριστοῦ.</span> 
     </span>
    </p>
   </div>
   <div class='ocr_carea' id='block_1_65' title="bbox 2214 3275 3734 3355">
    <p class='ocr_par' dir='ltr' id='par_1_65' title="bbox 2214 3275 3734 3355">
     <span class='ocr_line' id='line_1_66' title="bbox 2214 3275 3734 3355; baseline -0.013 -9"><span class='ocrx_word' id='word_1_475' title='bbox 2214 3291 2315 3346; x_wconf 77' lang='grc' dir='ltr'><strong>Διὰ</strong></span> <span class='ocrx_word' id='word_1_476' title='bbox 2359 3288 2521 3344; x_wconf 88' lang='grc' dir='ltr'>τοῦτο</span> <span class='ocrx_word' id='word_1_477' title='bbox 2570 3306 2589 3339; x_wconf 83' lang='grc' dir='ltr'><strong>ι</strong></span> <span class='ocrx_word' id='word_1_478' title='bbox 2626 3283 2833 3355; x_wconf 80' lang='grc' dir='ltr'>Ἰησοῦς</span> <span class='ocrx_word' id='word_1_479' title='bbox 2863 3281 3098 3354; x_wconf 84' lang='grc' dir='ltr'>Χριστὸς</span> <span class='ocrx_word' id='word_1_480' title='bbox 3126 3279 3256 3350; x_wconf 81' lang='grc' dir='ltr'>χθὲς</span> <span class='ocrx_word' id='word_1_481' title='bbox 3286 3276 3378 3331; x_wconf 76' lang='grc' dir='ltr'><strong>καὶ</strong></span> <span class='ocrx_word' id='word_1_482' title='bbox 3410 3276 3675 3347; x_wconf 80' lang='grc' dir='ltr'>σήμερον,</span> <span class='ocrx_word' id='word_1_483' title='bbox 3701 3275 3734 3327; x_wconf 81' lang='grc' dir='ltr'><strong>ὁ</strong></span> 
     </span>
    </p>
   </div>
   <div class='ocr_carea' id='block_1_66' title="bbox 2142 3366 3731 3448">
    <p class='ocr_par' dir='ltr' id='par_1_66' title="bbox 2142 3366 3731 3448">
     <span class='ocr_line' id='line_1_67' title="bbox 2142 3366 3731 3448; baseline -0.014 -9"><span class='ocrx_word' id='word_1_484' title='bbox 2142 3385 2305 3448; x_wconf 76' lang='grc' dir='ltr'>αὐτὸς</span> <span class='ocrx_word' id='word_1_485' title='bbox 2351 3380 2448 3436; x_wconf 62' lang='grc' dir='ltr'><strong>καὶ⁵</strong></span> <span class='ocrx_word' id='word_1_486' title='bbox 2478 3380 2559 3443; x_wconf 87' lang='grc' dir='ltr'><strong>είς</strong></span> <span class='ocrx_word' id='word_1_487' title='bbox 2585 3378 2712 3439; x_wconf 79' lang='grc' dir='ltr'>τοὺς</span> <span class='ocrx_word' id='word_1_488' title='bbox 2755 3374 2978 3437; x_wconf 80' lang='grc' dir='ltr'><strong>αἰῶνας.</strong></span> <span class='ocrx_word' id='word_1_489' title='bbox 3005 3390 3023 3424; x_wconf 77' lang='grc' dir='ltr'><strong>ι</strong></span> <span class='ocrx_word' id='word_1_490' title='bbox 3066 3371 3141 3425; x_wconf 81' lang='grc' dir='ltr'><strong>Οὐ</strong></span> <span class='ocrx_word' id='word_1_491' title='bbox 3183 3370 3291 3440; x_wconf 82' lang='grc' dir='ltr'>γὰρ</span> <span class='ocrx_word' id='word_1_492' title='bbox 3334 3370 3414 3431; x_wconf 82' lang='grc' dir='ltr'><strong>είς</strong></span> <span class='ocrx_word' id='word_1_493' title='bbox 3456 3366 3731 3437; x_wconf 80' lang='grc' dir='ltr'>πρόσωπα</span> 
     </span>
    </p>
   </div>
   <div class='ocr_carea' id='block_1_67' title="bbox 468 3450 2041 3547">
    <p class='ocr_par' dir='ltr' id='par_1_67' title="bbox 468 3450 2041 3547">
     <span class='ocr_line' id='line_1_68' title="bbox 468 3450 2041 3547; baseline 0.006 -42"><span class='ocrx_word' id='word_1_494' title='bbox 468 3450 699 3506; x_wconf 83' lang='lat' dir='ltr'><strong>sationis</strong></span> <span class='ocrx_word' id='word_1_495' title='bbox 750 3465 887 3521; x_wconf 91' lang='lat' dir='ltr'><strong>opus</strong></span> <span class='ocrx_word' id='word_1_496' title='bbox 940 3451 1251 3517; x_wconf 90' lang='lat' dir='ltr'><strong>dividimus,</strong></span> <span class='ocrx_word' id='word_1_497' title='bbox 1317 3470 1494 3525; x_wconf 89' lang='lat' dir='ltr'><strong>neque</strong></span> <span class='ocrx_word' id='word_1_498' title='bbox 1560 3457 1695 3513; x_wconf 92' lang='lat' dir='ltr'><strong>duos</strong></span> <span class='ocrx_word' id='word_1_499' title='bbox 1748 3459 1888 3515; x_wconf 86' lang='lat' dir='ltr'><strong>lilios</strong></span> <span class='ocrx_word' id='word_1_500' title='bbox 1943 3476 2041 3547; x_wconf 71' lang='lat' dir='ltr'><strong>prq</strong></span> 
     </span>
    </p>
   </div>
   <div class='ocr_carea' id='block_1_68' title="bbox 2146 3450 3731 3547">
    <p class='ocr_par' dir='ltr' id='par_1_68' title="bbox 2146 3456 3731 3547">
     <span class='ocr_line' id='line_1_69' title="bbox 2146 3456 3731 3547; baseline -0.015 -16"><span class='ocrx_word' id='word_1_501' title='bbox 2146 3477 2236 3530; x_wconf 86' lang='grc' dir='ltr'>δύο</span> <span class='ocrx_word' id='word_1_502' title='bbox 2270 3474 2372 3547; x_wconf 78' lang='grc' dir='ltr'>τὴν</span> <span class='ocrx_word' id='word_1_503' title='bbox 2406 3469 2722 3539; x_wconf 87' lang='grc' dir='ltr'>οίκονομίαν</span> <span class='ocrx_word' id='word_1_504' title='bbox 2753 3465 3070 3538; x_wconf 77' lang='grc' dir='ltr'>μερίζομεν,</span> <span class='ocrx_word' id='word_1_505' title='bbox 3118 3461 3239 3516; x_wconf 82' lang='grc' dir='ltr'>οὐδὲ</span> <span class='ocrx_word' id='word_1_506' title='bbox 3277 3460 3428 3523; x_wconf 71' lang='grc' dir='ltr'>υἱοὺς</span> <span class='ocrx_word' id='word_1_507' title='bbox 3471 3456 3568 3511; x_wconf 82' lang='grc' dir='ltr'><strong>δύο</strong></span> <span class='ocrx_word' id='word_1_508' title='bbox 3606 3456 3731 3510; x_wconf 71' lang='grc' dir='ltr'>ἀντὶ</span> 
     </span>
    </p>
   </div>
   <div class='ocr_carea' id='block_1_69' title="bbox 469 3507 2099 3612">
    <p class='ocr_par' dir='ltr' id='par_1_69' title="bbox 469 3507 2099 3612">
     <span class='ocr_line' id='line_1_70' title="bbox 469 3507 2099 3612; baseline 0.008 -17"><span class='ocrx_word' id='word_1_509' title='bbox 469 3537 764 3611; x_wconf 71' lang='lat' dir='ltr'><strong>Unigenito</strong></span> <span class='ocrx_word' id='word_1_510' title='bbox 787 3507 1154 3612; x_wconf 63' lang='lat' dir='ltr'><strong>praedicamus</strong></span> <span class='ocrx_word' id='word_1_511' title='bbox 1191 3507 1251 3598; x_wconf 71' lang='lat' dir='ltr'><strong>et</strong></span> <span class='ocrx_word' id='word_1_512' title='bbox 1276 3507 1569 3611; x_wconf 71' lang='lat' dir='ltr'><strong>credimus,</strong></span> <span class='ocrx_word' id='word_1_513' title='bbox 1600 3549 1694 3602; x_wconf 90' lang='lat' dir='ltr'><strong>sed</strong></span> <span class='ocrx_word' id='word_1_514' title='bbox 1741 3550 1873 3605; x_wconf 88' lang='lat' dir='ltr'><strong>duas</strong></span> <span class='ocrx_word' id='word_1_515' title='bbox 1919 3507 2099 3608; x_wconf 53' lang='lat' dir='ltr'><strong>esse“</strong></span> 
     </span>
    </p>
   </div>
   <div class='ocr_carea' id='block_1_70' title="bbox 471 3632 2043 3699">
    <p class='ocr_par' dir='ltr' id='par_1_70' title="bbox 471 3632 2043 3699">
     <span class='ocr_line' id='line_1_71' title="bbox 471 3632 2043 3699; baseline 0.011 -16"><span class='ocrx_word' id='word_1_516' title='bbox 471 3642 695 3686; x_wconf 85' lang='lat' dir='ltr'><strong>naturas</strong></span> <span class='ocrx_word' id='word_1_517' title='bbox 728 3640 784 3686; x_wconf 91' lang='lat' dir='ltr'><strong>et</strong></span> <span class='ocrx_word' id='word_1_518' title='bbox 813 3632 1102 3688; x_wconf 88' lang='lat' dir='ltr'><strong>didicimus</strong></span> <span class='ocrx_word' id='word_1_519' title='bbox 1151 3643 1207 3689; x_wconf 91' lang='lat' dir='ltr'><strong>et</strong></span> <span class='ocrx_word' id='word_1_520' title='bbox 1233 3635 1507 3692; x_wconf 83' lang='lat' dir='ltr'><strong>docemus.</strong></span> <span class='ocrx_word' id='word_1_521' title='bbox 1563 3638 1721 3694; x_wconf 80' lang='lat' dir='ltr'><strong>Aliud</strong></span> <span class='ocrx_word' id='word_1_522' title='bbox 1751 3642 1894 3696; x_wconf 89' lang='lat' dir='ltr'><strong>enim</strong></span> <span class='ocrx_word' id='word_1_523' title='bbox 1957 3655 2043 3699; x_wconf 86' lang='lat' dir='ltr'><strong>est</strong></span> 
     </span>
    </p>
   </div>
   <div class='ocr_carea' id='block_1_71' title="bbox 472 3720 2022 3800">
    <p class='ocr_par' dir='ltr' id='par_1_71' title="bbox 472 3720 2022 3800">
     <span class='ocr_line' id='line_1_72' title="bbox 472 3720 2022 3800; baseline 0.012 -27"><span class='ocrx_word' id='word_1_524' title='bbox 472 3720 662 3785; x_wconf 89' lang='lat' dir='ltr'><strong>deitas,</strong></span> <span class='ocrx_word' id='word_1_525' title='bbox 686 3730 743 3777; x_wconf 90' lang='lat' dir='ltr'><strong>et</strong></span> <span class='ocrx_word' id='word_1_526' title='bbox 771 3720 912 3776; x_wconf 87' lang='lat' dir='ltr'><strong>aliud</strong></span> <span class='ocrx_word' id='word_1_527' title='bbox 954 3724 1262 3781; x_wconf 87' lang='lat' dir='ltr'><strong>humanitas</strong></span> <span class='ocrx_word' id='word_1_528' title='bbox 1292 3743 1308 3781; x_wconf 89' lang='lat'><strong>:</strong></span> <span class='ocrx_word' id='word_1_529' title='bbox 1336 3727 1479 3781; x_wconf 82' lang='lat' dir='ltr'><strong>aliud</strong></span> <span class='ocrx_word' id='word_1_530' title='bbox 1517 3744 1613 3796; x_wconf 88' lang='lat' dir='ltr'><strong>per</strong></span> <span class='ocrx_word' id='word_1_531' title='bbox 1644 3745 1702 3786; x_wconf 88' lang='lat' dir='ltr'><strong>se</strong></span> <span class='ocrx_word' id='word_1_532' title='bbox 1729 3732 2022 3800; x_wconf 83' lang='lat' dir='ltr'><strong>exsistens,</strong></span> 
     </span>
    </p>
   </div>
   <div class='ocr_carea' id='block_1_72' title="bbox 470 3811 2043 3888">
    <p class='ocr_par' dir='ltr' id='par_1_72' title="bbox 470 3811 2043 3888">
     <span class='ocr_line' id='line_1_73' title="bbox 470 3811 2043 3888; baseline 0.012 -24"><span class='ocrx_word' id='word_1_533' title='bbox 470 3822 526 3864; x_wconf 89' lang='lat' dir='ltr'><strong>et</strong></span> <span class='ocrx_word' id='word_1_534' title='bbox 560 3811 705 3868; x_wconf 85' lang='lat' dir='ltr'><strong>aliud</strong></span> <span class='ocrx_word' id='word_1_535' title='bbox 757 3815 901 3884; x_wconf 89' lang='lat' dir='ltr'><strong>quod</strong></span> <span class='ocrx_word' id='word_1_536' title='bbox 967 3816 1167 3872; x_wconf 79' lang='lat' dir='ltr'><strong>factum</strong></span> <span class='ocrx_word' id='word_1_537' title='bbox 1226 3820 1532 3875; x_wconf 86' lang='lat' dir='ltr'><strong>est:aliud</strong></span> <span class='ocrx_word' id='word_1_538' title='bbox 1595 3821 1686 3877; x_wconf 88' lang='lat' dir='ltr'><strong>Dei</strong></span> <span class='ocrx_word' id='word_1_539' title='bbox 1746 3822 1939 3888; x_wconf 82' lang='lat' dir='ltr'><strong>forma.</strong></span> <span class='ocrx_word' id='word_1_540' title='bbox 1986 3839 2043 3883; x_wconf 91' lang='lat' dir='ltr'><strong>et</strong></span> 
     </span>
    </p>
   </div>
   <div class='ocr_carea' id='block_1_73' title="bbox 471 3902 2040 3981">
    <p class='ocr_par' dir='ltr' id='par_1_73' title="bbox 471 3902 2040 3981">
     <span class='ocr_line' id='line_1_74' title="bbox 471 3902 2040 3981; baseline 0.012 -26"><span class='ocrx_word' id='word_1_541' title='bbox 471 3902 617 3958; x_wconf 88' lang='lat' dir='ltr'><strong>aliud</strong></span> <span class='ocrx_word' id='word_1_542' title='bbox 650 3903 821 3960; x_wconf 79' lang='lat' dir='ltr'><strong>forma</strong></span> <span class='ocrx_word' id='word_1_543' title='bbox 852 3907 1086 3964; x_wconf 87' lang='lat' dir='ltr'><strong>hominis</strong></span> <span class='ocrx_word' id='word_1_544' title='bbox 1116 3926 1131 3964; x_wconf 90' lang='lat'><strong>:</strong></span> <span class='ocrx_word' id='word_1_545' title='bbox 1160 3910 1304 3964; x_wconf 90' lang='lat' dir='ltr'><strong>aliud</strong></span> <span class='ocrx_word' id='word_1_546' title='bbox 1364 3926 1584 3969; x_wconf 90' lang='lat' dir='ltr'><strong>sumens</strong></span> <span class='ocrx_word' id='word_1_547' title='bbox 1631 3926 1848 3981; x_wconf 83' lang='lat' dir='ltr'><strong>natura,</strong></span> <span class='ocrx_word' id='word_1_548' title='bbox 1892 3919 2040 3975; x_wconf 90' lang='lat' dir='ltr'><strong>aliud</strong></span> 
     </span>
    </p>
   </div>
   <div class='ocr_carea' id='block_1_74' title="bbox 470 3997 2042 4081">
    <p class='ocr_par' dir='ltr' id='par_1_74' title="bbox 470 3997 2042 4081">
     <span class='ocr_line' id='line_1_75' title="bbox 470 3997 2042 4081; baseline 0.011 -33"><span class='ocrx_word' id='word_1_549' title='bbox 470 4003 681 4064; x_wconf 88' lang='lat' dir='ltr'><strong>sumpta</strong></span> <span class='ocrx_word' id='word_1_550' title='bbox 724 4015 738 4051; x_wconf 89' lang='lat'><strong>:</strong></span> <span class='ocrx_word' id='word_1_551' title='bbox 781 3997 923 4052; x_wconf 89' lang='lat' dir='ltr'><strong>aliud</strong></span> <span class='ocrx_word' id='word_1_552' title='bbox 974 4002 1229 4069; x_wconf 89' lang='lat' dir='ltr'><strong>templum</strong></span> <span class='ocrx_word' id='word_1_553' title='bbox 1278 4003 1621 4073; x_wconf 90' lang='lat' dir='ltr'><strong>dissolutum,</strong></span> <span class='ocrx_word' id='word_1_554' title='bbox 1669 4016 1725 4062; x_wconf 91' lang='lat' dir='ltr'><strong>et</strong></span> <span class='ocrx_word' id='word_1_555' title='bbox 1765 4009 1912 4065; x_wconf 88' lang='lat' dir='ltr'><strong>aliud</strong></span> <span class='ocrx_word' id='word_1_556' title='bbox 1950 4013 2042 4081; x_wconf 87' lang='lat' dir='ltr'><strong>qui</strong></span> 
     </span>
    </p>
   </div>
   <div class='ocr_carea' id='block_1_75' title="bbox 470 4086 1487 4153">
    <p class='ocr_par' dir='ltr' id='par_1_75' title="bbox 470 4086 1487 4153">
     <span class='ocr_line' id='line_1_76' title="bbox 470 4086 1487 4153; baseline 0.012 -12"><span class='ocrx_word' id='word_1_557' title='bbox 470 4086 574 4143; x_wconf 89' lang='lat' dir='ltr'><strong>hoc</strong></span> <span class='ocrx_word' id='word_1_558' title='bbox 609 4088 925 4144; x_wconf 88' lang='lat' dir='ltr'><strong>dissolutum</strong></span> <span class='ocrx_word' id='word_1_559' title='bbox 956 4094 1300 4149; x_wconf 84' lang='lat' dir='ltr'><strong>resuscitavit</strong></span> <span class='ocrx_word' id='word_1_560' title='bbox 1325 4096 1487 4153; x_wconf 88' lang='lat' dir='ltr'><strong>Deus.</strong></span> 
     </span>
    </p>
   </div>
   <div class='ocr_carea' id='block_1_76' title="bbox 468 4284 2042 4360">
    <p class='ocr_par' dir='ltr' id='par_1_76' title="bbox 468 4284 2042 4360">
     <span class='ocr_line' id='line_1_77' title="bbox 468 4284 2042 4360; baseline 0.011 -20"><span class='ocrx_word' id='word_1_561' title='bbox 468 4284 684 4343; x_wconf 78' lang='lat' dir='ltr'><strong>XXXII.</strong></span> <span class='ocrx_word' id='word_1_562' title='bbox 739 4290 891 4360; x_wconf 82' lang='lat' dir='ltr'><strong>Quod</strong></span> <span class='ocrx_word' id='word_1_563' title='bbox 952 4309 1052 4346; x_wconf 84' lang='lat' dir='ltr'><strong>non</strong></span> <span class='ocrx_word' id='word_1_564' title='bbox 1107 4298 1506 4360; x_wconf 83' lang='lat' dir='ltr'><strong>concretionem,</strong></span> <span class='ocrx_word' id='word_1_565' title='bbox 1537 4300 1629 4352; x_wconf 79' lang='lat' dir='ltr'><strong>sed</strong></span> <span class='ocrx_word' id='word_1_566' title='bbox 1692 4300 1936 4355; x_wconf 83' lang='lat' dir='ltr'><strong>unionem</strong></span> <span class='ocrx_word' id='word_1_567' title='bbox 1987 4304 2042 4357; x_wconf 80' lang='lat' dir='ltr'><strong>in</strong></span> 
     </span>
    </p>
   </div>
   <div class='ocr_carea' id='block_1_77' title="bbox 829 4358 1662 4436">
    <p class='ocr_par' dir='ltr' id='par_1_77' title="bbox 829 4358 1662 4436">
     <span class='ocr_line' id='line_1_78' title="bbox 829 4358 1662 4436; baseline 0.013 -24"><span class='ocrx_word' id='word_1_568' title='bbox 829 4358 1037 4415; x_wconf 73' lang='lat' dir='ltr'><strong>Christo</strong></span> <span class='ocrx_word' id='word_1_569' title='bbox 1053 4364 1224 4418; x_wconf 78' lang='lat' dir='ltr'><strong>dicere</strong></span> <span class='ocrx_word' id='word_1_570' title='bbox 1256 4358 1553 4436; x_wconf 71' lang='lat' dir='ltr'><strong>religiosum</strong></span> <span class='ocrx_word' id='word_1_571' title='bbox 1573 4370 1662 4423; x_wconf 79' lang='lat' dir='ltr'><strong>sit.</strong></span> 
     </span>
    </p>
   </div>
   <div class='ocr_carea' id='block_1_78' title="bbox 538 4469 2038 4551">
    <p class='ocr_par' dir='ltr' id='par_1_78' title="bbox 538 4469 2038 4551">
     <span class='ocr_line' id='line_1_79' title="bbox 538 4469 2038 4551; baseline 0.012 -27"><span class='ocrx_word' id='word_1_572' title='bbox 538 4469 653 4526; x_wconf 84' lang='lat' dir='ltr'><strong>Non</strong></span> <span class='ocrx_word' id='word_1_573' title='bbox 666 4486 794 4540; x_wconf 78' lang='lat' dir='ltr'><strong>ergo</strong></span> <span class='ocrx_word' id='word_1_574' title='bbox 814 4483 1035 4530; x_wconf 90' lang='lat' dir='ltr'><strong>naturas</strong></span> <span class='ocrx_word' id='word_1_575' title='bbox 1049 4475 1627 4551; x_wconf 80' lang='lat' dir='ltr'><strong>cunfundimus,neque</strong></span> <span class='ocrx_word' id='word_1_576' title='bbox 1639 4485 2038 4543; x_wconf 89' lang='lat' dir='ltr'><strong>concretionem</strong></span> 
     </span>
    </p>
   </div>
   <div class='ocr_carea' id='block_1_79' title="bbox 2141 3549 3725 3634">
    <p class='ocr_par' dir='ltr' id='par_1_79' title="bbox 2141 3549 3725 3634">
     <span class='ocr_line' id='line_1_80' title="bbox 2141 3549 3725 3634; baseline -0.015 -12"><span class='ocrx_word' id='word_1_577' title='bbox 2141 3568 2235 3622; x_wconf 88' lang='grc' dir='ltr'><strong>τοῦ</strong></span> <span class='ocrx_word' id='word_1_578' title='bbox 2268 3562 2611 3634; x_wconf 86' lang='grc' dir='ltr'>Μονογενοῦς</span> <span class='ocrx_word' id='word_1_579' title='bbox 2648 3558 2993 3632; x_wconf 78' lang='grc' dir='ltr'>κηρύττομέν</span> <span class='ocrx_word' id='word_1_580' title='bbox 3036 3572 3099 3609; x_wconf 79' lang='grc' dir='ltr'><strong>τε</strong></span> <span class='ocrx_word' id='word_1_581' title='bbox 3154 3555 3248 3608; x_wconf 73' lang='grc' dir='ltr'><strong>καὶ</strong></span> <span class='ocrx_word' id='word_1_582' title='bbox 3282 3549 3725 3621; x_wconf 79' lang='grc' dir='ltr'>δογματίζομεν,</span> 
     </span>
    </p>
   </div>
   <div class='ocr_carea' id='block_1_80' title="bbox 2143 3638 3728 3726">
    <p class='ocr_par' dir='ltr' id='par_1_80' title="bbox 2143 3638 3728 3726">
     <span class='ocr_line' id='line_1_81' title="bbox 2143 3638 3728 3726; baseline -0.013 -12"><span class='ocrx_word' id='word_1_583' title='bbox 2143 3659 2281 3714; x_wconf 81' lang='grc' dir='ltr'>ἀλλὰ</span> <span class='ocrx_word' id='word_1_584' title='bbox 2299 3657 2393 3711; x_wconf 77' lang='grc' dir='ltr'><strong>δύο</strong></span> <span class='ocrx_word' id='word_1_585' title='bbox 2425 3655 2524 3726; x_wconf 85' lang='grc' dir='ltr'>μὲν</span> <span class='ocrx_word' id='word_1_586' title='bbox 2552 3655 2652 3716; x_wconf 85' lang='grc' dir='ltr'>τὰς</span> <span class='ocrx_word' id='word_1_587' title='bbox 2680 3651 2871 3722; x_wconf 81' lang='grc' dir='ltr'>φύσεις</span> <span class='ocrx_word' id='word_1_588' title='bbox 2904 3645 3044 3702; x_wconf 79' lang='grc' dir='ltr'>εἶναι</span> <span class='ocrx_word' id='word_1_589' title='bbox 3084 3647 3180 3701; x_wconf 83' lang='grc' dir='ltr'>καὶ</span> <span class='ocrx_word' id='word_1_590' title='bbox 3222 3644 3628 3717; x_wconf 81' lang='grc' dir='ltr'>μεμαθήκαμεν</span> <span class='ocrx_word' id='word_1_591' title='bbox 3649 3638 3728 3710; x_wconf 73' lang='grc'><strong>(2)</strong></span> 
     </span>
    </p>
   </div>
   <div class='ocr_carea' id='block_1_81' title="bbox 2144 3732 3729 3812">
    <p class='ocr_par' dir='ltr' id='par_1_81' title="bbox 2144 3732 3729 3812">
     <span class='ocr_line' id='line_1_82' title="bbox 2144 3732 3729 3812; baseline -0.012 -11"><span class='ocrx_word' id='word_1_592' title='bbox 2144 3746 2237 3802; x_wconf 74' lang='grc' dir='ltr'>καὶ</span> <span class='ocrx_word' id='word_1_593' title='bbox 2291 3744 2650 3812; x_wconf 68' lang='grc' dir='ltr'>διδάσκομεν*</span> <span class='ocrx_word' id='word_1_594' title='bbox 2708 3739 2895 3809; x_wconf 70' lang='grc' dir='ltr'>ἕτερον</span> <span class='ocrx_word' id='word_1_595' title='bbox 2951 3737 3061 3808; x_wconf 84' lang='grc' dir='ltr'>γὰρ</span> <span class='ocrx_word' id='word_1_596' title='bbox 3112 3735 3341 3806; x_wconf 87' lang='grc' dir='ltr'>θεότης,</span> <span class='ocrx_word' id='word_1_597' title='bbox 3395 3734 3492 3786; x_wconf 63' lang='grc' dir='ltr'><strong>κα)⁵</strong></span> <span class='ocrx_word' id='word_1_598' title='bbox 3539 3732 3729 3803; x_wconf 77' lang='grc' dir='ltr'>ἕτερον</span> 
     </span>
    </p>
   </div>
   <div class='ocr_carea' id='block_1_82' title="bbox 2143 3825 3724 3905">
    <p class='ocr_par' dir='ltr' id='par_1_82' title="bbox 2143 3825 3724 3905">
     <span class='ocr_line' id='line_1_83' title="bbox 2143 3825 3724 3905; baseline -0.009 -14"><span class='ocrx_word' id='word_1_599' title='bbox 2143 3835 2531 3905; x_wconf 70' lang='grc' dir='ltr'>ἀνθρωπότης*</span> <span class='ocrx_word' id='word_1_600' title='bbox 2558 3833 2749 3903; x_wconf 71' lang='grc' dir='ltr'>ἕτερον</span> <span class='ocrx_word' id='word_1_601' title='bbox 2769 3830 2833 3884; x_wconf 85' lang='grc' dir='ltr'>τὸ</span> <span class='ocrx_word' id='word_1_602' title='bbox 2856 3830 2936 3893; x_wconf 82' lang='grc' dir='ltr'>ὂν,</span> <span class='ocrx_word' id='word_1_603' title='bbox 2965 3827 3059 3884; x_wconf 74' lang='grc' dir='ltr'>καὶ</span> <span class='ocrx_word' id='word_1_604' title='bbox 3086 3829 3273 3899; x_wconf 71' lang='grc' dir='ltr'>ἕτερον</span> <span class='ocrx_word' id='word_1_605' title='bbox 3309 3826 3373 3880; x_wconf 85' lang='grc' dir='ltr'>τὸ</span> <span class='ocrx_word' id='word_1_606' title='bbox 3396 3825 3693 3895; x_wconf 77' lang='grc' dir='ltr'>γενόμενον</span> <span class='ocrx_word' id='word_1_607' title='bbox 3710 3843 3724 3856; x_wconf 78' lang='grc' dir='ltr'><strong><em>ο</em></strong></span> 
     </span>
    </p>
   </div>
   <div class='ocr_carea' id='block_1_83' title="bbox 2142 3916 3727 4001">
    <p class='ocr_par' dir='ltr' id='par_1_83' title="bbox 2142 3916 3727 4001">
     <span class='ocr_line' id='line_1_84' title="bbox 2142 3916 3727 4001; baseline -0.012 -15"><span class='ocrx_word' id='word_1_608' title='bbox 2142 3932 2271 3987; x_wconf 78' lang='grc' dir='ltr'>ἄλλο</span> <span class='ocrx_word' id='word_1_609' title='bbox 2298 3930 2332 4001; x_wconf 77' lang='grc' dir='ltr'>ἡ</span> <span class='ocrx_word' id='word_1_610' title='bbox 2357 3927 2453 3981; x_wconf 88' lang='grc' dir='ltr'><strong>τοῦ</strong></span> <span class='ocrx_word' id='word_1_611' title='bbox 2489 3923 2625 3979; x_wconf 84' lang='grc' dir='ltr'>Θεοῦ</span> <span class='ocrx_word' id='word_1_612' title='bbox 2666 3922 2871 3996; x_wconf 83' lang='grc' dir='ltr'>μορφὴ,</span> <span class='ocrx_word' id='word_1_613' title='bbox 2922 3920 3019 3975; x_wconf 72' lang='grc' dir='ltr'>καὶ</span> <span class='ocrx_word' id='word_1_614' title='bbox 3062 3918 3191 3974; x_wconf 77' lang='grc' dir='ltr'>ἄλλο</span> <span class='ocrx_word' id='word_1_615' title='bbox 3215 3921 3248 3989; x_wconf 78' lang='grc' dir='ltr'>ἡ</span> <span class='ocrx_word' id='word_1_616' title='bbox 3290 3917 3385 3971; x_wconf 88' lang='grc' dir='ltr'><strong>τοῦ</strong></span> <span class='ocrx_word' id='word_1_617' title='bbox 3434 3916 3727 3988; x_wconf 75' lang='grc' dir='ltr'>ἀνθρώπου</span> 
     </span>
    </p>
   </div>
   <div class='ocr_carea' id='block_1_84' title="bbox 2147 4008 3723 4095">
    <p class='ocr_par' dir='ltr' id='par_1_84' title="bbox 2147 4008 3723 4095">
     <span class='ocr_line' id='line_1_85' title="bbox 2147 4008 3723 4095; baseline -0.01 -18"><span class='ocrx_word' id='word_1_618' title='bbox 2147 4023 2331 4095; x_wconf 80' lang='grc' dir='ltr'>μορφή</span> <span class='ocrx_word' id='word_1_619' title='bbox 2353 4038 2368 4053; x_wconf 89' lang='grc'><strong>·</strong></span> <span class='ocrx_word' id='word_1_620' title='bbox 2399 4020 2495 4074; x_wconf 73' lang='grc' dir='ltr'>καὶ</span> <span class='ocrx_word' id='word_1_621' title='bbox 2521 4017 2651 4072; x_wconf 74' lang='grc' dir='ltr'>ἄλλο</span> <span class='ocrx_word' id='word_1_622' title='bbox 2676 4018 2709 4088; x_wconf 79' lang='grc' dir='ltr'>ἡ</span> <span class='ocrx_word' id='word_1_623' title='bbox 2742 4013 3004 4081; x_wconf 79' lang='grc' dir='ltr'>λαὸοῦσα,</span> <span class='ocrx_word' id='word_1_624' title='bbox 3026 4012 3121 4067; x_wconf 73' lang='grc' dir='ltr'><strong>καὶ</strong></span> <span class='ocrx_word' id='word_1_625' title='bbox 3141 4011 3331 4083; x_wconf 68' lang='grc' dir='ltr'>ἕτερον</span> <span class='ocrx_word' id='word_1_626' title='bbox 3358 4012 3391 4082; x_wconf 75' lang='grc' dir='ltr'><strong>ἠ</strong></span> <span class='ocrx_word' id='word_1_627' title='bbox 3425 4008 3723 4082; x_wconf 76' lang='grc' dir='ltr'>ληφθεῖσαο</span> 
     </span>
    </p>
   </div>
   <div class='ocr_carea' id='block_1_85' title="bbox 2142 4101 3727 4187">
    <p class='ocr_par' dir='ltr' id='par_1_85' title="bbox 2142 4101 3727 4187">
     <span class='ocr_line' id='line_1_86' title="bbox 2142 4101 3727 4187; baseline -0.009 -18"><span class='ocrx_word' id='word_1_628' title='bbox 2142 4118 2333 4187; x_wconf 74' lang='grc' dir='ltr'>ἕτερον</span> <span class='ocrx_word' id='word_1_629' title='bbox 2372 4115 2401 4166; x_wconf 86' lang='grc' dir='ltr'>ὁ</span> <span class='ocrx_word' id='word_1_630' title='bbox 2440 4111 2621 4175; x_wconf 74' lang='grc' dir='ltr'>λυθεὶς</span> <span class='ocrx_word' id='word_1_631' title='bbox 2658 4108 2805 4175; x_wconf 78' lang='grc' dir='ltr'>ναὸς,</span> <span class='ocrx_word' id='word_1_632' title='bbox 2850 4107 2947 4162; x_wconf 81' lang='grc' dir='ltr'>καὶ</span> <span class='ocrx_word' id='word_1_633' title='bbox 2990 4106 3175 4176; x_wconf 74' lang='grc' dir='ltr'>ἕτερον</span> <span class='ocrx_word' id='word_1_634' title='bbox 3214 4106 3244 4159; x_wconf 80' lang='grc' dir='ltr'><strong>ὁ</strong></span> <span class='ocrx_word' id='word_1_635' title='bbox 3280 4103 3509 4157; x_wconf 76' lang='grc' dir='ltr'>λυθέντα</span> <span class='ocrx_word' id='word_1_636' title='bbox 3537 4101 3727 4155; x_wconf 81' lang='grc' dir='ltr'>τοῦτον</span> 
     </span>
    </p>
   </div>
   <div class='ocr_carea' id='block_1_86' title="bbox 2142 4198 2641 4271">
    <p class='ocr_par' dir='ltr' id='par_1_86' title="bbox 2142 4198 2641 4271">
     <span class='ocr_line' id='line_1_87' title="bbox 2142 4198 2641 4271; baseline -0.01 -15"><span class='ocrx_word' id='word_1_637' title='bbox 2142 4201 2455 4271; x_wconf 81' lang='grc' dir='ltr'>ἀναστήσας</span> <span class='ocrx_word' id='word_1_638' title='bbox 2487 4198 2641 4261; x_wconf 84' lang='grc' dir='ltr'>Θεός.</span> 
     </span>
    </p>
   </div>
   <div class='ocr_carea' id='block_1_87' title="bbox 2144 4308 3728 4381">
    <p class='ocr_par' dir='ltr' id='par_1_87' title="bbox 2144 4308 3728 4381">
     <span class='ocr_line' id='line_1_88' title="bbox 2144 4308 3728 4381; baseline -0.008 -9"><span class='ocrx_word' id='word_1_639' title='bbox 2144 4318 2269 4373; x_wconf 86' lang='lat' dir='ltr'><strong>AB&#39;.</strong></span> <span class='ocrx_word' id='word_1_640' title='bbox 2311 4316 2439 4367; x_wconf 76' lang='lat' dir='ltr'><strong>&quot;Ott</strong></span> <span class='ocrx_word' id='word_1_641' title='bbox 2489 4313 2560 4368; x_wconf 82' lang='grc' dir='ltr'>οὐ</span> <span class='ocrx_word' id='word_1_642' title='bbox 2601 4311 2820 4379; x_wconf 76' lang='grc' dir='ltr'>κρᾶσιν</span> <span class='ocrx_word' id='word_1_643' title='bbox 2852 4310 3055 4381; x_wconf 64' lang='grc' dir='ltr'>,λέγειν</span> <span class='ocrx_word' id='word_1_644' title='bbox 3102 4310 3295 4381; x_wconf 65' lang='grc' dir='ltr'>ὅσιον,</span> <span class='ocrx_word' id='word_1_645' title='bbox 3325 4309 3467 4362; x_wconf 68' lang='grc' dir='ltr'><em>ἀλλ’</em></span> <span class='ocrx_word' id='word_1_646' title='bbox 3506 4308 3728 4361; x_wconf 74' lang='grc' dir='ltr'>ἕνωσιν</span> 
     </span>
    </p>
   </div>
   <div class='ocr_carea' id='block_1_88' title="bbox 2637 4379 3228 4447">
    <p class='ocr_par' dir='ltr' id='par_1_88' title="bbox 2637 4379 3228 4447">
     <span class='ocr_line' id='line_1_89' title="bbox 2637 4379 3228 4447; baseline -0.005 -12"><span class='ocrx_word' id='word_1_647' title='bbox 2637 4383 2735 4435; x_wconf 76' lang='grc' dir='ltr'><strong>ἐπὶ</strong></span> <span class='ocrx_word' id='word_1_648' title='bbox 2791 4382 2897 4436; x_wconf 85' lang='grc' dir='ltr'><strong>τοῦ</strong></span> <span class='ocrx_word' id='word_1_649' title='bbox 2936 4379 3228 4447; x_wconf 82' lang='grc' dir='ltr'>Χριστοῦ.</span> 
     </span>
    </p>
   </div>
   <div class='ocr_carea' id='block_1_89' title="bbox 2219 4470 3731 4546">
    <p class='ocr_par' dir='ltr' id='par_1_89' title="bbox 2219 4470 3731 4546">
     <span class='ocr_line' id='line_1_90' title="bbox 2219 4470 3731 4546; baseline -0.007 -13"><span class='ocrx_word' id='word_1_650' title='bbox 2219 4482 2293 4532; x_wconf 71' lang='grc' dir='ltr'><strong>Οὐ</strong></span> <span class='ocrx_word' id='word_1_651' title='bbox 2347 4482 2445 4541; x_wconf 84' lang='grc' dir='ltr'><strong>τάς</strong></span> <span class='ocrx_word' id='word_1_652' title='bbox 2500 4476 2690 4546; x_wconf 82' lang='grc' dir='ltr'>φύσεις</span> <span class='ocrx_word' id='word_1_653' title='bbox 2738 4474 2919 4526; x_wconf 87' lang='grc' dir='ltr'>τοίνυν</span> <span class='ocrx_word' id='word_1_654' title='bbox 2977 4472 3301 4542; x_wconf 81' lang='grc' dir='ltr'>συγχέομεν,</span> <span class='ocrx_word' id='word_1_655' title='bbox 3349 4470 3477 4522; x_wconf 72' lang='grc' dir='ltr'>οὐδὲ</span> <span class='ocrx_word' id='word_1_656' title='bbox 3527 4471 3731 4538; x_wconf 76' lang='grc' dir='ltr'>κρᾶσιν</span> 
     </span>
    </p>
   </div>
   <div class='ocr_carea' id='block_1_90' title="bbox 472 4548 2041 4648">
    <p class='ocr_par' dir='ltr' id='par_1_90' title="bbox 472 4548 2041 4648">
     <span class='ocr_line' id='line_1_91' title="bbox 472 4548 2041 4648; baseline 0.011 -30"><span class='ocrx_word' id='word_1_657' title='bbox 472 4566 692 4621; x_wconf 79' lang='lat' dir='ltr'><strong>factoris</strong></span> <span class='ocrx_word' id='word_1_658' title='bbox 768 4567 1098 4638; x_wconf 70' lang='lat' dir='ltr'><strong>factumque</strong></span> <span class='ocrx_word' id='word_1_659' title='bbox 1155 4548 1637 4643; x_wconf 78' lang='lat' dir='ltr'><strong>dogmatizamus;</strong></span> <span class='ocrx_word' id='word_1_660' title='bbox 1685 4576 1794 4631; x_wconf 92' lang='lat' dir='ltr'><strong>imo</strong></span> <span class='ocrx_word' id='word_1_661' title='bbox 1864 4580 2041 4648; x_wconf 87' lang='lat' dir='ltr'><strong>potius</strong></span> 
     </span>
    </p>
   </div>
   <div class='ocr_carea' id='block_1_91' title="bbox 2146 4548 3732 4648">
    <p class='ocr_par' dir='ltr' id='par_1_91' title="bbox 2150 4562 3732 4642">
     <span class='ocr_line' id='line_1_92' title="bbox 2150 4562 3732 4642; baseline -0.007 -16"><span class='ocrx_word' id='word_1_662' title='bbox 2150 4572 2374 4642; x_wconf 86' lang='grc' dir='ltr'>ποιητοῦ</span> <span class='ocrx_word' id='word_1_663' title='bbox 2420 4572 2516 4624; x_wconf 63' lang='grc' dir='ltr'><strong>καὶ¹</strong></span> <span class='ocrx_word' id='word_1_664' title='bbox 2562 4571 2864 4637; x_wconf 80' lang='grc' dir='ltr'>ποιήματος</span> <span class='ocrx_word' id='word_1_665' title='bbox 2908 4562 3330 4635; x_wconf 78' lang='grc' dir='ltr'>δογματίζομεν,</span> <span class='ocrx_word' id='word_1_666' title='bbox 3372 4563 3469 4616; x_wconf 82' lang='grc' dir='ltr'>καὶ</span> <span class='ocrx_word' id='word_1_667' title='bbox 3506 4562 3588 4632; x_wconf 83' lang='grc' dir='ltr'>τῷ</span> <span class='ocrx_word' id='word_1_668' title='bbox 3626 4562 3732 4629; x_wconf 76' lang='grc' dir='ltr'>τῆς</span> 
     </span>
    </p>
   </div>
   <div class='ocr_carea' id='block_1_92' title="bbox 468 4655 2043 4732">
    <p class='ocr_par' dir='ltr' id='par_1_92' title="bbox 468 4655 2043 4732">
     <span class='ocr_line' id='line_1_93' title="bbox 468 4655 2043 4732; baseline 0.006 -22"><span class='ocrx_word' id='word_1_669' title='bbox 468 4655 834 4711; x_wconf 83' lang='lat' dir='ltr'><strong>concretionis</strong></span> <span class='ocrx_word' id='word_1_670' title='bbox 909 4658 1168 4713; x_wconf 89' lang='lat' dir='ltr'><strong>vocabulo</strong></span> <span class='ocrx_word' id='word_1_671' title='bbox 1252 4660 1585 4717; x_wconf 79' lang='lat' dir='ltr'><strong>confusionis</strong></span> <span class='ocrx_word' id='word_1_672' title='bbox 1681 4664 2043 4732; x_wconf 68' lang='lat' dir='ltr'><strong>signiﬁcatum</strong></span> 
     </span>
    </p>
   </div>
   <div class='ocr_carea' id='block_1_93' title="bbox 2143 4655 3729 4735">
    <p class='ocr_par' dir='ltr' id='par_1_93' title="bbox 2143 4655 3729 4735">
     <span class='ocr_line' id='line_1_94' title="bbox 2143 4655 3729 4735; baseline -0.008 -18"><span class='ocrx_word' id='word_1_673' title='bbox 2143 4664 2394 4735; x_wconf 77' lang='grc' dir='ltr'>κράσεως</span> <span class='ocrx_word' id='word_1_674' title='bbox 2462 4662 2689 4731; x_wconf 83' lang='grc' dir='ltr'>ὀνόματι</span> <span class='ocrx_word' id='word_1_675' title='bbox 2762 4658 2863 4728; x_wconf 82' lang='grc' dir='ltr'>τὴν</span> <span class='ocrx_word' id='word_1_676' title='bbox 2939 4656 3200 4726; x_wconf 80' lang='grc' dir='ltr'>σύγχυσιν</span> <span class='ocrx_word' id='word_1_677' title='bbox 3279 4655 3729 4725; x_wconf 68' lang='grc' dir='ltr'>συνεισφέρομεν·</span> 
     </span>
    </p>
   </div>
   <div class='ocr_carea' id='block_1_94' title="bbox 469 4745 2041 4823">
    <p class='ocr_par' dir='ltr' id='par_1_94' title="bbox 469 4746 2041 4823">
     <span class='ocr_line' id='line_1_95' title="bbox 469 4746 2041 4823; baseline 0.008 -24"><span class='ocrx_word' id='word_1_678' title='bbox 469 4746 837 4803; x_wconf 86' lang='lat' dir='ltr'><strong>attribnimus.</strong></span> <span class='ocrx_word' id='word_1_679' title='bbox 903 4748 1071 4805; x_wconf 85' lang='lat' dir='ltr'><strong>Porro</strong></span> <span class='ocrx_word' id='word_1_680' title='bbox 1108 4749 1200 4806; x_wconf 91' lang='lat' dir='ltr'><strong>Dei</strong></span> <span class='ocrx_word' id='word_1_681' title='bbox 1235 4751 1395 4807; x_wconf 82' lang='lat' dir='ltr'><strong>Verbi</strong></span> <span class='ocrx_word' id='word_1_682' title='bbox 1447 4762 1695 4807; x_wconf 86' lang='lat' dir='ltr'><strong>naturam</strong></span> <span class='ocrx_word' id='word_1_683' title='bbox 1737 4754 1962 4823; x_wconf 87' lang='lat' dir='ltr'><strong>scimus,</strong></span> <span class='ocrx_word' id='word_1_684' title='bbox 1992 4765 2041 4811; x_wconf 90' lang='lat' dir='ltr'><strong>el</strong></span> 
     </span>
    </p>
   </div>
   <div class='ocr_carea' id='block_1_95' title="bbox 2146 4745 3725 4823">
    <p class='ocr_par' dir='ltr' id='par_1_95' title="bbox 2146 4745 3725 4821">
     <span class='ocr_line' id='line_1_96' title="bbox 2146 4745 3725 4821; baseline -0.007 -13"><span class='ocrx_word' id='word_1_685' title='bbox 2146 4755 2278 4810; x_wconf 76' lang='grc' dir='ltr'>ἀλλὰ</span> <span class='ocrx_word' id='word_1_686' title='bbox 2309 4754 2403 4807; x_wconf 69' lang='grc' dir='ltr'><strong>καὶ</strong></span> <span class='ocrx_word' id='word_1_687' title='bbox 2442 4753 2535 4806; x_wconf 89' lang='grc' dir='ltr'><strong>τοῦ</strong></span> <span class='ocrx_word' id='word_1_688' title='bbox 2581 4752 2716 4805; x_wconf 84' lang='grc' dir='ltr'>Θεοῦ</span> <span class='ocrx_word' id='word_1_689' title='bbox 2761 4752 2934 4819; x_wconf 78' lang='grc' dir='ltr'>Λόγου</span> <span class='ocrx_word' id='word_1_690' title='bbox 2989 4750 3089 4821; x_wconf 81' lang='grc' dir='ltr'><strong>τὴν</strong></span> <span class='ocrx_word' id='word_1_691' title='bbox 3136 4747 3294 4819; x_wconf 76' lang='grc' dir='ltr'>φύσιν</span> <span class='ocrx_word' id='word_1_692' title='bbox 3347 4745 3725 4818; x_wconf 78' lang='grc' dir='ltr'>γνωρίζομεν’</span> 
     </span>
    </p>
   </div>
   <div class='ocr_carea' id='block_1_96' title="bbox 468 4836 2042 4916">
    <p class='ocr_par' dir='ltr' id='par_1_96' title="bbox 468 4836 2042 4916">
     <span class='ocr_line' id='line_1_97' title="bbox 468 4836 2042 4916; baseline 0.007 -27"><span class='ocrx_word' id='word_1_693' title='bbox 468 4836 683 4892; x_wconf 80' lang='lat' dir='ltr'><strong>servilis</strong></span> <span class='ocrx_word' id='word_1_694' title='bbox 724 4836 910 4892; x_wconf 77' lang='lat' dir='ltr'><strong>forma:</strong></span> <span class='ocrx_word' id='word_1_695' title='bbox 938 4840 1315 4895; x_wconf 85' lang='lat' dir='ltr'><strong>substantiam</strong></span> <span class='ocrx_word' id='word_1_696' title='bbox 1344 4843 1713 4911; x_wconf 72' lang='lat' dir='ltr'><strong>agnoscimus,</strong></span> <span class='ocrx_word' id='word_1_697' title='bbox 1754 4853 2042 4916; x_wconf 90' lang='lat' dir='ltr'><strong>utramque</strong></span> 
     </span>
    </p>
   </div>
   <div class='ocr_carea' id='block_1_97' title="bbox 468 4928 2036 5002">
    <p class='ocr_par' dir='ltr' id='par_1_97' title="bbox 468 4928 2036 5002">
     <span class='ocr_line' id='line_1_98' title="bbox 468 4928 2036 5002; baseline 0.006 -20"><span class='ocrx_word' id='word_1_698' title='bbox 468 4944 596 4983; x_wconf 88' lang='lat' dir='ltr'><strong>vero</strong></span> <span class='ocrx_word' id='word_1_699' title='bbox 618 4928 783 5002; x_wconf 76' lang='grc'><strong>844</strong></span> <span class='ocrx_word' id='word_1_700' title='bbox 804 4947 852 4983; x_wconf 90' lang='lat' dir='ltr'><strong>m</strong></span> <span class='ocrx_word' id='word_1_701' title='bbox 878 4940 1124 4985; x_wconf 87' lang='lat' dir='ltr'><strong>naturam</strong></span> <span class='ocrx_word' id='word_1_702' title='bbox 1152 4944 1210 4987; x_wconf 95' lang='lat' dir='ltr'><strong>ut</strong></span> <span class='ocrx_word' id='word_1_703' title='bbox 1238 4934 1451 4988; x_wconf 90' lang='lat' dir='ltr'><strong>unicum</strong></span> <span class='ocrx_word' id='word_1_704' title='bbox 1490 4935 1778 4991; x_wconf 89' lang='lat' dir='ltr'><strong>adoramus</strong></span> <span class='ocrx_word' id='word_1_705' title='bbox 1820 4936 2036 4991; x_wconf 88' lang='lat' dir='ltr'><strong>Filium.</strong></span> 
     </span>
    </p>
   </div>
   <div class='ocr_carea' id='block_1_98' title="bbox 467 5019 2038 5098">
    <p class='ocr_par' dir='ltr' id='par_1_98' title="bbox 467 5019 2038 5098">
     <span class='ocr_line' id='line_1_99' title="bbox 467 5019 2038 5098; baseline 0.006 -24"><span class='ocrx_word' id='word_1_706' title='bbox 467 5019 700 5077; x_wconf 80' lang='lat' dir='ltr'><strong>Invicem</strong></span> <span class='ocrx_word' id='word_1_707' title='bbox 762 5023 905 5077; x_wconf 90' lang='lat' dir='ltr'><strong>enim</strong></span> <span class='ocrx_word' id='word_1_708' title='bbox 964 5023 1284 5079; x_wconf 88' lang='lat' dir='ltr'><strong>alterutrum</strong></span> <span class='ocrx_word' id='word_1_709' title='bbox 1357 5035 1701 5098; x_wconf 85' lang='lat' dir='ltr'><strong>nuncupatur</strong></span> <span class='ocrx_word' id='word_1_710' title='bbox 1766 5027 2038 5084; x_wconf 88' lang='lat' dir='ltr'><strong>Christus.</strong></span> 
     </span>
    </p>
   </div>
   <div class='ocr_carea' id='block_1_99' title="bbox 468 5111 2036 5184">
    <p class='ocr_par' dir='ltr' id='par_1_99' title="bbox 468 5111 2036 5184">
     <span class='ocr_line' id='line_1_100' title="bbox 468 5111 2036 5184; baseline 0.006 -18"><span class='ocrx_word' id='word_1_711' title='bbox 468 5111 653 5182; x_wconf 84' lang='lat' dir='ltr'><strong>Neque</strong></span> <span class='ocrx_word' id='word_1_712' title='bbox 706 5113 819 5168; x_wconf 88' lang='lat' dir='ltr'><strong>sola</strong></span> <span class='ocrx_word' id='word_1_713' title='bbox 861 5115 1003 5170; x_wconf 88' lang='lat' dir='ltr'><strong>servi</strong></span> <span class='ocrx_word' id='word_1_714' title='bbox 1046 5114 1221 5172; x_wconf 80' lang='lat' dir='ltr'><strong>forma</strong></span> <span class='ocrx_word' id='word_1_715' title='bbox 1278 5126 1333 5173; x_wconf 89' lang='lat' dir='ltr'><strong>et</strong></span> <span class='ocrx_word' id='word_1_716' title='bbox 1380 5118 1664 5174; x_wconf 84' lang='lat' dir='ltr'><strong>divinitate</strong></span> <span class='ocrx_word' id='word_1_717' title='bbox 1697 5134 1914 5184; x_wconf 87' lang='lat' dir='ltr'><strong>carens,</strong></span> <span class='ocrx_word' id='word_1_718' title='bbox 1964 5121 2036 5175; x_wconf 89' lang='lat' dir='ltr'><strong>ita</strong></span> 
     </span>
    </p>
   </div>
   <div class='ocr_carea' id='block_1_100' title="bbox 468 5206 2036 5281">
    <p class='ocr_par' dir='ltr' id='par_1_100' title="bbox 468 5206 2036 5281">
     <span class='ocr_line' id='line_1_101' title="bbox 468 5206 2036 5281; baseline 0.004 -24"><span class='ocrx_word' id='word_1_719' title='bbox 468 5221 702 5274; x_wconf 82' lang='lat' dir='ltr'><strong>unquam</strong></span> <span class='ocrx_word' id='word_1_720' title='bbox 732 5220 764 5258; x_wconf 88' lang='lat' dir='ltr'><strong>a</strong></span> <span class='ocrx_word' id='word_1_721' title='bbox 795 5206 1070 5275; x_wconf 78' lang='lat' dir='ltr'><strong>religionis</strong></span> <span class='ocrx_word' id='word_1_722' title='bbox 1123 5218 1283 5264; x_wconf 69' lang='lat' dir='ltr'><strong>recta:</strong></span> <span class='ocrx_word' id='word_1_723' title='bbox 1314 5211 1588 5279; x_wconf 80' lang='lat' dir='ltr'><strong>magistris</strong></span> <span class='ocrx_word' id='word_1_724' title='bbox 1632 5219 1716 5263; x_wconf 86' lang='lat' dir='ltr'><strong>est</strong></span> <span class='ocrx_word' id='word_1_725' title='bbox 1749 5210 2036 5281; x_wconf 86' lang='lat' dir='ltr'><strong>appellata.</strong></span> 
     </span>
    </p>
   </div>
   <div class='ocr_carea' id='block_1_101' title="bbox 468 5295 2041 5363">
    <p class='ocr_par' dir='ltr' id='par_1_101' title="bbox 468 5295 2041 5363">
     <span class='ocr_line' id='line_1_102' title="bbox 468 5295 2041 5363; baseline 0.004 -14"><span class='ocrx_word' id='word_1_726' title='bbox 468 5295 568 5362; x_wconf 81' lang='lat' dir='ltr'><strong>Qui</strong></span> <span class='ocrx_word' id='word_1_727' title='bbox 625 5306 807 5351; x_wconf 85' lang='lat' dir='ltr'><strong>autem</strong></span> <span class='ocrx_word' id='word_1_728' title='bbox 868 5300 1270 5355; x_wconf 90' lang='lat' dir='ltr'><strong>concretionem</strong></span> <span class='ocrx_word' id='word_1_729' title='bbox 1326 5302 1533 5363; x_wconf 85' lang='lat' dir='ltr'><strong>dicunt.</strong></span> <span class='ocrx_word' id='word_1_730' title='bbox 1590 5300 1644 5354; x_wconf 89' lang='lat' dir='ltr'><strong>bi</strong></span> <span class='ocrx_word' id='word_1_731' title='bbox 1703 5302 2041 5356; x_wconf 90' lang='lat' dir='ltr'><strong>concretioni</strong></span> 
     </span>
    </p>
   </div>
   <div class='ocr_carea' id='block_1_102' title="bbox 2146 4837 3729 4914">
    <p class='ocr_par' dir='ltr' id='par_1_102' title="bbox 2146 4837 3729 4914">
     <span class='ocr_line' id='line_1_103' title="bbox 2146 4837 3729 4914; baseline -0.009 -15"><span class='ocrx_word' id='word_1_732' title='bbox 2146 4846 2242 4899; x_wconf 69' lang='grc' dir='ltr'>καὶ</span> <span class='ocrx_word' id='word_1_733' title='bbox 2267 4845 2367 4913; x_wconf 76' lang='grc' dir='ltr'><strong>τῆς</strong></span> <span class='ocrx_word' id='word_1_734' title='bbox 2409 4846 2623 4914; x_wconf 80' lang='grc' dir='ltr'>μορφῆς</span> <span class='ocrx_word' id='word_1_735' title='bbox 2651 4841 2746 4895; x_wconf 89' lang='grc' dir='ltr'><strong>τοῦ</strong></span> <span class='ocrx_word' id='word_1_736' title='bbox 2785 4840 2975 4894; x_wconf 83' lang='grc' dir='ltr'>δούλου</span> <span class='ocrx_word' id='word_1_737' title='bbox 3014 4840 3113 4911; x_wconf 82' lang='grc' dir='ltr'>τὴν</span> <span class='ocrx_word' id='word_1_738' title='bbox 3148 4839 3336 4893; x_wconf 67' lang='grc' dir='ltr'>οὐσίαν</span> <span class='ocrx_word' id='word_1_739' title='bbox 3362 4837 3729 4906; x_wconf 74' lang='grc' dir='ltr'>γινώσκομεν,</span> 
     </span>
    </p>
   </div>
   <div class='ocr_carea' id='block_1_103' title="bbox 2146 4925 3731 5003">
    <p class='ocr_par' dir='ltr' id='par_1_103' title="bbox 2146 4925 3731 5003">
     <span class='ocr_line' id='line_1_104' title="bbox 2146 4925 3731 5003; baseline -0.007 -15"><span class='ocrx_word' id='word_1_740' title='bbox 2146 4934 2415 5003; x_wconf 77' lang='grc' dir='ltr'>ἑκατέραν</span> <span class='ocrx_word' id='word_1_741' title='bbox 2440 4933 2497 4986; x_wconf 86' lang='grc' dir='ltr'>δὲ</span> <span class='ocrx_word' id='word_1_742' title='bbox 2521 4931 2683 5001; x_wconf 83' lang='grc' dir='ltr'>φύσιν</span> <span class='ocrx_word' id='word_1_743' title='bbox 2716 4932 2793 4993; x_wconf 84' lang='grc' dir='ltr'>ὡς</span> <span class='ocrx_word' id='word_1_744' title='bbox 2815 4930 2912 4984; x_wconf 74' lang='grc' dir='ltr'>ἕνα</span> <span class='ocrx_word' id='word_1_745' title='bbox 2944 4927 3356 5001; x_wconf 84' lang='grc' dir='ltr'>προσκυνοῦμεν</span> <span class='ocrx_word' id='word_1_746' title='bbox 3379 4927 3505 4981; x_wconf 82' lang='grc' dir='ltr'>Υίόν</span> <span class='ocrx_word' id='word_1_747' title='bbox 3523 4943 3536 4955; x_wconf 91' lang='grc'><strong>·</strong></span> <span class='ocrx_word' id='word_1_748' title='bbox 3572 4925 3731 4979; x_wconf 70' lang='grc' dir='ltr'>θάτε-</span> 
     </span>
    </p>
   </div>
   <div class='ocr_carea' id='block_1_104' title="bbox 2150 5017 3730 5098">
    <p class='ocr_par' dir='ltr' id='par_1_104' title="bbox 2150 5017 3730 5098">
     <span class='ocr_line' id='line_1_105' title="bbox 2150 5017 3730 5098; baseline -0.007 -18"><span class='ocrx_word' id='word_1_749' title='bbox 2150 5045 2239 5098; x_wconf 89' lang='grc' dir='ltr'><strong>ρον</strong></span> <span class='ocrx_word' id='word_1_750' title='bbox 2264 5026 2373 5097; x_wconf 83' lang='grc' dir='ltr'><strong>γὰρ</strong></span> <span class='ocrx_word' id='word_1_751' title='bbox 2403 5024 2615 5095; x_wconf 82' lang='grc' dir='ltr'>θατέρῳ</span> <span class='ocrx_word' id='word_1_752' title='bbox 2644 5023 2878 5094; x_wconf 73' lang='grc' dir='ltr'>Χριστὸς</span> <span class='ocrx_word' id='word_1_753' title='bbox 2904 5020 3229 5092; x_wconf 81' lang='grc' dir='ltr'>ὀνομάζεται</span> <span class='ocrx_word' id='word_1_754' title='bbox 3254 5060 3269 5083; x_wconf 86' lang='grc'><strong>,</strong></span> <span class='ocrx_word' id='word_1_755' title='bbox 3301 5020 3396 5073; x_wconf 71' lang='grc' dir='ltr'>καὶ</span> <span class='ocrx_word' id='word_1_756' title='bbox 3426 5017 3550 5072; x_wconf 73' lang='grc' dir='ltr'>οὔτε</span> <span class='ocrx_word' id='word_1_757' title='bbox 3576 5020 3608 5088; x_wconf 77' lang='grc' dir='ltr'>ἡ</span> <span class='ocrx_word' id='word_1_758' title='bbox 3633 5017 3730 5070; x_wconf 83' lang='grc' dir='ltr'><strong>τοῦ</strong></span> 
     </span>
    </p>
   </div>
   <div class='ocr_carea' id='block_1_105' title="bbox 2144 5111 3732 5186">
    <p class='ocr_par' dir='ltr' id='par_1_105' title="bbox 2144 5111 3732 5186">
     <span class='ocr_line' id='line_1_106' title="bbox 2144 5111 3732 5186; baseline -0.004 -16"><span class='ocrx_word' id='word_1_759' title='bbox 2144 5115 2332 5170; x_wconf 78' lang='grc' dir='ltr'>δούλου</span> <span class='ocrx_word' id='word_1_760' title='bbox 2369 5114 2550 5186; x_wconf 73' lang='grc' dir='ltr'>μορφὴ</span> <span class='ocrx_word' id='word_1_761' title='bbox 2579 5112 2729 5183; x_wconf 83' lang='grc' dir='ltr'>ψιλὴ,</span> <span class='ocrx_word' id='word_1_762' title='bbox 2761 5114 2852 5167; x_wconf 75' lang='grc' dir='ltr'>καὶ</span> <span class='ocrx_word' id='word_1_763' title='bbox 2880 5113 3060 5185; x_wconf 85' lang='grc' dir='ltr'>γυμνὴ</span> <span class='ocrx_word' id='word_1_764' title='bbox 3092 5111 3433 5182; x_wconf 80' lang='grc' dir='ltr'>τυγχάνουσα</span> <span class='ocrx_word' id='word_1_765' title='bbox 3478 5112 3577 5180; x_wconf 79' lang='grc' dir='ltr'>τῆς</span> <span class='ocrx_word' id='word_1_766' title='bbox 3609 5111 3732 5163; x_wconf 78' lang='grc' dir='ltr'>θεό-</span> 
     </span>
    </p>
   </div>
   <div class='ocr_carea' id='block_1_106' title="bbox 2144 5199 3731 5276">
    <p class='ocr_par' dir='ltr' id='par_1_106' title="bbox 2144 5199 3731 5276">
     <span class='ocr_line' id='line_1_107' title="bbox 2144 5199 3731 5276; baseline -0.004 -18"><span class='ocrx_word' id='word_1_767' title='bbox 2144 5223 2327 5276; x_wconf 76' lang='grc' dir='ltr'>τητος,</span> <span class='ocrx_word' id='word_1_768' title='bbox 2374 5204 2532 5257; x_wconf 83' lang='grc' dir='ltr'>τοῦτο</span> <span class='ocrx_word' id='word_1_769' title='bbox 2573 5203 2795 5257; x_wconf 81' lang='grc' dir='ltr'>πώποτε</span> <span class='ocrx_word' id='word_1_770' title='bbox 2832 5203 2985 5274; x_wconf 76' lang='grc' dir='ltr'>παρὰ</span> <span class='ocrx_word' id='word_1_771' title='bbox 3014 5203 3121 5255; x_wconf 86' lang='grc' dir='ltr'><strong>τῶν</strong></span> <span class='ocrx_word' id='word_1_772' title='bbox 3155 5200 3492 5256; x_wconf 81' lang='grc' dir='ltr'>διδασκάλων</span> <span class='ocrx_word' id='word_1_773' title='bbox 3523 5199 3731 5269; x_wconf 75' lang='grc' dir='ltr'>ἐκλήθη</span> 
     </span>
    </p>
   </div>
   <div class='ocr_carea' id='block_1_107' title="bbox 2141 5294 3732 5367">
    <p class='ocr_par' dir='ltr' id='par_1_107' title="bbox 2141 5294 3732 5367">
     <span class='ocr_line' id='line_1_108' title="bbox 2141 5294 3732 5367; baseline -0.004 -17"><span class='ocrx_word' id='word_1_774' title='bbox 2141 5300 2244 5367; x_wconf 79' lang='grc' dir='ltr'>τῆς</span> <span class='ocrx_word' id='word_1_775' title='bbox 2270 5297 2573 5360; x_wconf 76' lang='grc' dir='ltr'>εὐσεϐείας.</span> <span class='ocrx_word' id='word_1_776' title='bbox 2609 5298 2671 5350; x_wconf 87' lang='grc' dir='ltr'><strong>Οἱ</strong></span> <span class='ocrx_word' id='word_1_777' title='bbox 2695 5296 2753 5348; x_wconf 83' lang='grc' dir='ltr'>δὲ</span> <span class='ocrx_word' id='word_1_778' title='bbox 2777 5294 2875 5366; x_wconf 76' lang='grc' dir='ltr'><strong>τὴν</strong></span> <span class='ocrx_word' id='word_1_779' title='bbox 2898 5297 3093 5365; x_wconf 80' lang='grc' dir='ltr'>κρᾶσιν</span> <span class='ocrx_word' id='word_1_780' title='bbox 3125 5295 3392 5363; x_wconf 83' lang='grc' dir='ltr'>λέγοντες,</span> <span class='ocrx_word' id='word_1_781' title='bbox 3428 5296 3494 5363; x_wconf 79' lang='grc' dir='ltr'>τῇ</span> <span class='ocrx_word' id='word_1_782' title='bbox 3533 5294 3732 5364; x_wconf 85' lang='grc' dir='ltr'>κράσει</span> 
     </span>
    </p>
   </div>
   <div class='ocr_carea' id='block_1_108' title="bbox 469 5384 2041 5463">
    <p class='ocr_par' dir='ltr' id='par_1_108' title="bbox 469 5387 2041 5461">
     <span class='ocr_line' id='line_1_109' title="bbox 469 5387 2041 5461; baseline 0.003 -20"><span class='ocrx_word' id='word_1_783' title='bbox 469 5387 840 5443; x_wconf 79' lang='lat' dir='ltr'><strong>confusionem</strong></span> <span class='ocrx_word' id='word_1_784' title='bbox 869 5399 1155 5461; x_wconf 78' lang='lat' dir='ltr'><strong>oggerunt,</strong></span> <span class='ocrx_word' id='word_1_785' title='bbox 1208 5391 1581 5449; x_wconf 77' lang='lat' dir='ltr'><strong>confusionem</strong></span> <span class='ocrx_word' id='word_1_786' title='bbox 1634 5406 1762 5446; x_wconf 84' lang='lat' dir='ltr'><strong>vero</strong></span> <span class='ocrx_word' id='word_1_787' title='bbox 1815 5392 2041 5446; x_wconf 90' lang='lat' dir='ltr'><strong>mutatio</strong></span> 
     </span>
    </p>
   </div>
   <div class='ocr_carea' id='block_1_109' title="bbox 2146 5384 3735 5463">
    <p class='ocr_par' dir='ltr' id='par_1_109' title="bbox 2146 5384 3735 5463">
     <span class='ocr_line' id='line_1_110' title="bbox 2146 5384 3735 5463; baseline -0.006 -20"><span class='ocrx_word' id='word_1_788' title='bbox 2146 5392 2238 5463; x_wconf 81' lang='grc' dir='ltr'>τὴν</span> <span class='ocrx_word' id='word_1_789' title='bbox 2272 5389 2531 5459; x_wconf 77' lang='grc' dir='ltr'>σύγχυσιν</span> <span class='ocrx_word' id='word_1_790' title='bbox 2560 5388 2972 5459; x_wconf 82' lang='grc' dir='ltr'>συνεισφέρουσι</span> <span class='ocrx_word' id='word_1_791' title='bbox 2995 5403 3009 5418; x_wconf 74' lang='grc'><strong><em>⁸</em></strong></span> <span class='ocrx_word' id='word_1_792' title='bbox 3035 5391 3101 5459; x_wconf 81' lang='grc' dir='ltr'>τῇ</span> <span class='ocrx_word' id='word_1_793' title='bbox 3131 5387 3188 5440; x_wconf 72' lang='grc' dir='ltr'>δὲ</span> <span class='ocrx_word' id='word_1_794' title='bbox 3220 5386 3528 5456; x_wconf 76' lang='grc' dir='ltr'>συγχύσειή</span> <span class='ocrx_word' id='word_1_795' title='bbox 3549 5384 3735 5454; x_wconf 81' lang='grc' dir='ltr'>τροπὴ</span> 
     </span>
    </p>
   </div>
   <div class='ocr_carea' id='block_1_110' title="bbox 539 5568 2041 5640">
    <p class='ocr_par' dir='ltr' id='par_1_110' title="bbox 539 5569 2041 5640">
     <span class='ocr_line' id='line_1_111' title="bbox 539 5569 2041 5640; baseline 0.003 -17"><span class='ocrx_word' id='word_1_796' title='bbox 539 5570 584 5603; x_wconf 85' lang='grc'><strong>⁹¹</strong></span> <span class='ocrx_word' id='word_1_797' title='bbox 621 5569 810 5625; x_wconf 83' lang='lat' dir='ltr'><strong>Matth.</strong></span> <span class='ocrx_word' id='word_1_798' title='bbox 835 5571 981 5636; x_wconf 71' lang='lat'><strong>|,25.</strong></span> <span class='ocrx_word' id='word_1_799' title='bbox 1048 5572 1093 5605; x_wconf 71' lang='grc'><strong><em>’⁸</em></strong></span> <span class='ocrx_word' id='word_1_800' title='bbox 1123 5571 1253 5628; x_wconf 85' lang='lat' dir='ltr'><strong>Luc.</strong></span> <span class='ocrx_word' id='word_1_801' title='bbox 1284 5587 1345 5635; x_wconf 88' lang='lat' dir='ltr'><strong>tt,</strong></span> <span class='ocrx_word' id='word_1_802' title='bbox 1378 5573 1427 5625; x_wconf 88' lang='lat'><strong>7.</strong></span> <span class='ocrx_word' id='word_1_803' title='bbox 1504 5573 1551 5605; x_wconf 78' lang='grc'><strong><em>³³</em></strong></span> <span class='ocrx_word' id='word_1_804' title='bbox 1579 5572 1679 5628; x_wconf 90' lang='lat' dir='ltr'><strong>lsa.</strong></span> <span class='ocrx_word' id='word_1_805' title='bbox 1713 5590 1788 5640; x_wconf 76' lang='lat' dir='ltr'><strong>Ix,</strong></span> <span class='ocrx_word' id='word_1_806' title='bbox 1820 5573 1876 5627; x_wconf 86' lang='lat'><strong>6.</strong></span> <span class='ocrx_word' id='word_1_807' title='bbox 1950 5574 1997 5607; x_wconf 61' lang='lat'><strong>9‘</strong></span> <span class='ocrx_word' id='word_1_808' title='bbox 2032 5573 2041 5628; x_wconf 92' lang='grc' dir='ltr'><strong>Ι</strong></span> 
     </span>
    </p>
   </div>
   <div class='ocr_carea' id='block_1_111' title="bbox 2146 5568 2908 5640">
    <p class='ocr_par' dir='ltr' id='par_1_111' title="bbox 2147 5568 2908 5635">
     <span class='ocr_line' id='line_1_112' title="bbox 2147 5568 2908 5635; baseline -0.004 -10"><span class='ocrx_word' id='word_1_809' title='bbox 2147 5588 2206 5625; x_wconf 75' lang='lat' dir='ltr'><strong>ur</strong></span> <span class='ocrx_word' id='word_1_810' title='bbox 2232 5586 2349 5633; x_wconf 73' lang='lat' dir='ltr'><strong>rm,</strong></span> <span class='ocrx_word' id='word_1_811' title='bbox 2382 5568 2435 5624; x_wconf 84' lang='lat'><strong>6.</strong></span> <span class='ocrx_word' id='word_1_812' title='bbox 2500 5568 2548 5601; x_wconf 85' lang='lat'><strong>&quot;</strong></span> <span class='ocrx_word' id='word_1_813' title='bbox 2572 5568 2728 5621; x_wconf 79' lang='lat' dir='ltr'><strong>Ront.</strong></span> <span class='ocrx_word' id='word_1_814' title='bbox 2757 5584 2830 5635; x_wconf 81' lang='lat' dir='ltr'><strong>ix,</strong></span> <span class='ocrx_word' id='word_1_815' title='bbox 2854 5569 2908 5623; x_wconf 79' lang='lat'><strong>5.</strong></span> 
     </span>
    </p>
   </div>
   <div class='ocr_carea' id='block_1_112' title="bbox 543 5700 2042 5801">
    <p class='ocr_par' dir='ltr' id='par_1_112' title="bbox 543 5724 2042 5801">
     <span class='ocr_line' id='line_1_113' title="bbox 543 5724 2042 5801; baseline 0.005 -24"><span class='ocrx_word' id='word_1_816' title='bbox 543 5728 622 5789; x_wconf 83' lang='grc' dir='ltr'><strong>(Ι)</strong></span> <span class='ocrx_word' id='word_1_817' title='bbox 663 5724 859 5781; x_wconf 71' lang='lat' dir='ltr'><strong>Confer</strong></span> <span class='ocrx_word' id='word_1_818' title='bbox 901 5729 1187 5801; x_wconf 38' lang='lat' dir='ltr'><strong>apudunos</strong></span> <span class='ocrx_word' id='word_1_819' title='bbox 1228 5730 1489 5801; x_wconf 73' lang='lat' dir='ltr'><strong>Cyrillum</strong></span> <span class='ocrx_word' id='word_1_820' title='bbox 1531 5729 1860 5801; x_wconf 73' lang='lat' dir='ltr'><strong>cxpl.in.__aal</strong></span> <span class='ocrx_word' id='word_1_821' title='bbox 1909 5730 2042 5795; x_wconf 76' lang='lat' dir='ltr'><strong>psal-</strong></span> 
     </span>
    </p>
   </div>
   <div class='ocr_carea' id='block_1_113' title="bbox 477 5798 1915 5870">
    <p class='ocr_par' dir='ltr' id='par_1_113' title="bbox 477 5798 1915 5870">
     <span class='ocr_line' id='line_1_114' title="bbox 477 5798 1915 5870; baseline 0.002 -21"><span class='ocrx_word' id='word_1_822' title='bbox 477 5811 620 5850; x_wconf 85' lang='lat' dir='ltr'><strong>tnunt</strong></span> <span class='ocrx_word' id='word_1_823' title='bbox 661 5813 802 5854; x_wconf 66' lang='grc' dir='ltr'>λων.</span> <span class='ocrx_word' id='word_1_824' title='bbox 833 5813 877 5848; x_wconf 69' lang='grc' dir='ltr'>ι’.</span> <span class='ocrx_word' id='word_1_825' title='bbox 908 5799 959 5851; x_wconf 84' lang='grc'>8.</span> <span class='ocrx_word' id='word_1_826' title='bbox 1001 5798 1507 5870; x_wconf 57' lang='grc' dir='ltr'>(ΙΙιιῙιιδυαιάιι-οι.</span> <span class='ocrx_word' id='word_1_827' title='bbox 1535 5810 1662 5852; x_wconf 83' lang='lat' dir='ltr'><strong>tom.</strong></span> <span class='ocrx_word' id='word_1_828' title='bbox 1695 5799 1915 5869; x_wconf 77' lang='lat' dir='ltr'><strong>LXIX.)</strong></span> 
     </span>
    </p>
   </div>
   <div class='ocr_carea' id='block_1_114' title="bbox 2982 5562 3451 5628">
    <p class='ocr_par' dir='ltr' id='par_1_114' title="bbox 2982 5562 3451 5628">
     <span class='ocr_line' id='line_1_115' title="bbox 2982 5562 3451 5628; baseline -0.009 -8"><span class='ocrx_word' id='word_1_829' title='bbox 2982 5566 3031 5598; x_wconf 82' lang='lat'><strong>“</strong></span> <span class='ocrx_word' id='word_1_830' title='bbox 3062 5565 3221 5620; x_wconf 83' lang='lat' dir='ltr'><strong>llebr.</strong></span> <span class='ocrx_word' id='word_1_831' title='bbox 3252 5580 3374 5628; x_wconf 75' lang='lat' dir='ltr'><strong>xm,</strong></span> <span class='ocrx_word' id='word_1_832' title='bbox 3398 5562 3451 5617; x_wconf 81' lang='grc'>8.</span> 
     </span>
    </p>
   </div>
   <div class='ocr_carea' id='block_1_115' title="bbox 2225 5715 3733 5793">
    <p class='ocr_par' dir='ltr' id='par_1_115' title="bbox 2225 5715 3733 5793">
     <span class='ocr_line' id='line_1_116' title="bbox 2225 5715 3733 5793; baseline -0.005 -14"><span class='ocrx_word' id='word_1_833' title='bbox 2225 5730 2299 5791; x_wconf 71' lang='lat' dir='ltr'><strong>(Et)</strong></span> <span class='ocrx_word' id='word_1_834' title='bbox 2365 5726 2625 5781; x_wconf 76' lang='lat' dir='ltr'><strong>Adlmrnc</strong></span> <span class='ocrx_word' id='word_1_835' title='bbox 2674 5721 3063 5793; x_wconf 71' lang='lat' dir='ltr'><strong>Monophysitaz</strong></span> <span class='ocrx_word' id='word_1_836' title='bbox 3098 5719 3355 5793; x_wconf 56' lang='lat' dir='ltr'><strong>Cyrillum</strong></span> <span class='ocrx_word' id='word_1_837' title='bbox 3396 5717 3602 5773; x_wconf 83' lang='lat' dir='ltr'><strong>erroris</strong></span> <span class='ocrx_word' id='word_1_838' title='bbox 3642 5715 3733 5771; x_wconf 79' lang='lat' dir='ltr'><strong>sui</strong></span> 
     </span>
    </p>
   </div>
   <div class='ocr_carea' id='block_1_116' title="bbox 2162 5789 3326 5869">
    <p class='ocr_par' dir='ltr' id='par_1_116' title="bbox 2162 5789 3326 5869">
     <span class='ocr_line' id='line_1_117' title="bbox 2162 5789 3326 5869; baseline -0.009 -19"><span class='ocrx_word' id='word_1_839' title='bbox 2162 5789 2444 5869; x_wconf 72' lang='lat' dir='ltr'><strong>patiuntqu</strong></span> <span class='ocrx_word' id='word_1_840' title='bbox 2482 5789 2940 5865; x_wconf 74' lang='lat' dir='ltr'><strong>impvnlcntissimc</strong></span> <span class='ocrx_word' id='word_1_841' title='bbox 2974 5789 3326 5845; x_wconf 73' lang='lat' dir='ltr'><strong>dictitabant?</strong></span> 
     </span>
    </p>
   </div>
  </div>
