4038 6546
260 392 281 445 Ι
300 389 397 444 {75

1422 387 1512 445 DE
1552 386 2066 448 lNCARNATlONE
2106 388 2364 448 DOMlNl.

3372 398 3396 452 ί
3407 399 3509 453 όῖι

257 500 673 573 συνεισφέρεται
694 515 709 532 ο
739 500 949 572 τροπῆς
990 499 1048 554 δὲ
1081 501 1376 573 εἰσιούσης,
1413 502 1538 558 οὔτε
1584 503 1716 569 Θεὸς
1746 505 1840 559 ἐπὶ

1949 506 2233 562 comitatur
2266 525 2280 562 :
2322 507 2463 561 facta
2521 508 2751 578 denique
2785 511 3104 578 mutatione,
3150 526 3325 584 neque
3366 515 3510 569 Deus

255 596 352 665 τῆς
384 593 520 657 ἰδίας
548 591 696 662 μένοι
732 590 799 645 ἂν
837 592 1071 661 φύσεως,
1115 593 1239 648 οὔτε
1282 594 1566 668 ἄνθρωπος
1600 597 1694 649 ἐπὶ
1737 597 1835 668 τῆς

256 686 482 749 οἰκείας.
542 683 779 754 Ἀνάγκη
856 683 966 755 γὰρ
1018 685 1283 756 ἐκστῆναι
1326 687 1435 741 τῶν
1500 688 1601 758 τῆς
1647 688 1837 752 οὐσίας

256 778 398 850 ὅρων
429 775 711 847 ἑκάτερον,
741 774 835 828 καὶ
860 775 996 846 μήτε
1023 774 1115 828 τὸν
1143 774 1276 829 Θεὸν
1301 776 1664 847 γνωρίζεσθαι
1682 777 1836 841 Θεὸν,

262 869 399 940 μήτε
443 868 537 921 τὸν
578 866 883 937 ἄνθρωπον,
929 865 1214 937 ἄνθρωπον
1251 866 1350 938 (1).
1393 868 1567 921 Τοῦτο
1612 868 1667 921 δὲ
1717 868 1839 921 οὐδὲ

259 960 352 1012 ἐπὶ
376 960 475 1029 τῆς
508 956 600 1011 τοῦ
626 957 919 1028 ἀνθρώπου
965 957 1312 1029 κατασκευῆς
1354 957 1509 1012 λάϐοι
1553 959 1618 1013 ἄν
1657 976 1741 1022 τις
1776 953 1836 1013 εὖ

260 1051 493 1122 φρονῶν.
531 1050 606 1103 Ού
638 1048 748 1121 γὰρ
792 1048 872 1120 τῷ
906 1048 1120 1120 σώματι
1153 1048 1252 1119 τὴν
1299 1048 1475 1119 ψυχὴν
1512 1050 1839 1121 κεκρᾶσθαι,

260 1139 375 1195 ἁλλ’
400 1139 664 1211 ἡνῶσθαι,
695 1139 789 1192 καὶ⁵
821 1138 1110 1209 συνῆφθαι,
1136 1139 1230 1191 καὶ
1255 1140 1444 1203 οίκεῖν,
1473 1139 1569 1192 καὶ
1595 1142 1841 1210 ἐνεργεῖν

262 1248 462 1303 φαμεν.
498 1231 607 1285 Καὶ
636 1230 760 1284 οὔτε
804 1231 903 1302 τὴν
933 1230 1112 1301 ψυχὴν
1144 1230 1364 1301 θνητὴν,
1407 1228 1530 1283 οὗτε
1570 1232 1632 1285 τὸ
1682 1234 1842 1303 σῶμα

262 1325 405 1379 είποι
436 1340 519 1387 τις
547 1323 613 1376 ἂν
639 1323 928 1388 ἀθάνατον,
976 1322 1051 1393 μὴ
1087 1322 1282 1394 κομιδῇ
1316 1323 1666 1393 παραπαίων,
1707 1323 1844 1378 ἀλλὰ

261 1416 361 1486 τὴν
405 1414 505 1486 μὶν
548 1414 817 1485 ἑκατέραν
856 1412 1092 1485 [φύσιν]
1138 1412 1478 1485 διαιροῦμεν,
1527 1414 1587 1468 ἓν
1620 1414 1676 1468 δὲ
1706 1415 1843 1480 ζῶον

265 1506 603 1578 γνωρίζομεν
624 1506 685 1559 τὸ
706 1506 762 1572 ἐξ
785 1506 1006 1559 ἐκείνων
1026 1505 1176 1576 [cod.
1208 1506 1441 1578 ἐκείνου]
1464 1508 1840 1578 συγκείμενον*

265 1597 360 1651 καὶ
378 1596 642 1667 ἑκατέραν
676 1594 773 1666 μὲν
816 1595 979 1664 φύσιν
1029 1595 1381 1668 διῃρημένοις
1419 1597 1679 1667 ὀνόμασιν
1725 1596 1844 1649 ὀνο-

267 1687 533 1759 μάζομεν,
584 1687 682 1757 τὴν
718 1687 817 1757 μὲν
846 1685 1045 1757 ψυχὴν,
1075 1687 1136 1739 τδ
1161 1687 1217 1740 δὲ
1252 1686 1432 1759 σῶμα,
1474 1688 1533 1741 τὸ
1571 1688 1627 1741 δὲ
1657 1687 1716 1753 ἐξ
1742 1691 1846 1759 ἀμ-

265 1780 508 1851 φοτέρων
543 1779 873 1849 συνεστηκὸς
904 1778 1043 1844 ζῶον
1084 1779 1257 1851 ἑτέρῳ
1285 1780 1559 1851 καλούμεν
1584 1782 1841 1853 όνόματι’

1940 599 1994 653 in
2051 600 2266 669 propria
2305 608 2494 654 natura
2540 601 2897 670 permanebit,
2953 620 3127 675 neque
3166 607 3294 663 item
3347 610 3511 664 homo

1939 692 1993 746 in
2025 706 2145 745 sua.
2191 690 2424 746 Necesse
2479 700 2565 747 est
2612 693 2757 748 enim
2803 705 2865 748 ut
2892 705 3118 767 uterque
3163 712 3230 753 ex
3280 702 3512 769 propria:

1939 781 2252 837 substantiae
2310 780 2506 837 finibus
2561 782 2785 837 decedat
2838 801 2851 850 ;
2896 785 2967 837 ita
3030 798 3088 840 nt
3140 803 3315 858 neque
3368 789 3512 845 Deus

1939 873 2189 926 videatur
2221 871 2331 940 jam
2365 872 2526 937 Deus,
2566 889 2741 942 neque
2767 873 2925 929 homo
2957 877 3081 931 item
3130 881 3310 938 Ιιοιιιο.
3345 881 3511 951 Atqui

1941 962 2044 1017 hoc
2079 977 2145 1017 ne
2179 962 2232 1016 in
2265 963 2500 1018 hominis
2530 964 2748 1033 quidem
2775 974 3044 1021 structura
3074 970 3356 1039 quisquam
3384 988 3513 1041 pru-

1940 1050 2073 1106 dens
2124 1052 2225 1106 sibi
2258 1054 2601 1122 persuadeat.
2648 1053 2764 1109 Non
2809 1056 2952 1109 enim
3013 1059 3227 1126 corpori
3270 1061 3509 1117 animam

1942 1153 2277 1210 concretam,
2305 1144 2397 1198 sed
2424 1144 2631 1199 unitam
2664 1145 3076 1215 copulatamque
3101 1148 3514 1205 inhabitantem-

1941 1248 2049 1305 que
2073 1245 2127 1290 et
2153 1234 2313 1290 simul
2342 1247 2654 1305 operantem
2696 1236 2944 1292 dicimus.
2990 1236 3172 1307 Neque
3210 1223 3338 1292 item
3395 1241 3516 1296 ani-

1942 1340 2084 1380 mam
2117 1327 2418 1390 mortalem,
2455 1340 2630 1396 neque
2664 1342 2859 1397 corpus
2888 1328 3193 1383 immortale
3219 1329 3511 1399 quisquam

1949 1415 2095 1471 dicet
2125 1418 2226 1470 nisi
2253 1416 2426 1486 lplane
2461 1417 2762 1488 desipiens;
2805 1419 2898 1474 sed
2941 1429 3225 1490 utramque
3264 1433 3514 1477 naturam

1942 1506 2324 1573 discernimus,
2379 1524 2546 1563 unum
2593 1519 2770 1564 tamen
2810 1511 3011 1565 animal
3059 1512 3404 1583 agnoscimus
3448 1529 3516 1569 ex

1943 1598 2050 1655 illis
2080 1602 2438 1668 compositum
2472 1619 2485 1654 :
2521 1608 2576 1655 et
2631 1610 2919 1669 utramque
2965 1610 3216 1658 naturam
3285 1605 3516 1659 diversis

1946 1691 2257 1747 nominibus
2290 1693 2611 1757 vocitamus,
2635 1695 2870 1748 animam
2896 1694 3106 1749 scilicet
3127 1704 3291 1766 atque
3316 1712 3516 1766 corpus

1945 1781 2175 1837 dicimus
2206 1799 2221 1847 ;
2253 1783 2393 1852 quod
2428 1797 2556 1836 vero
2583 1797 2649 1837 ex
2680 1793 2910 1852 utraque
2927 1800 2984 1839 re
3006 1786 3270 1841 conflatur
3288 1788 3516 1852 animal,

265 1873 549 1944 ἄνθρωπον
595 1872 704 1942 γὰρ
750 1872 1234 1943 προσαγορεύομεν
1279 1872 1376 1945 (2).
1428 1873 1610 1926 Ταῦτα
1661 1874 1841 1927 τοίνυν

1949 1869 2051 1925 alio
2069 1871 2287 1926 nomine
2308 1887 2587 1937 vocamus,
2609 1872 2883 1927 hominem
2915 1874 3124 1931 scilicet
3150 1875 3513 1933 nominamus.

264 1964 361 2018 καὶ
404 1964 496 2016 ἐπὶ
528 1966 627 2034 τῆς
662 1963 975 2034 οίκονομίας
1029 1962 1124 2034 τὴν
1170 1964 1356 2017 είκόνα
1406 1964 1680 2029 λαϐόντες,
1741 1963 1842 2033 τῆς

268 2053 615 2126 βλασφημίας
636 2052 1039 2124 ἀπαλλαγῶμεν
1079 2054 1313 2125 ἐκείνης,
1361 2054 1455 2107 καὶ
1512 2054 1610 2124 τὴν
1645 2056 1843 2124 κρᾶσιν

267 2147 658 2210 καταλιπόντες
687 2145 880 2216 (5),τῷ
907 2147 1006 2216 τῆς
1034 2145 1280 2209 ὲνώσεως
1296 2146 1389 2199 καὶ
1424 2145 1718 2216 συναφείας
1749 2146 1844 2199 καὶ

268 2239 551 2302 κοινωνίας
594 2238 817 2310 ὀνόματι
857 2238 1128 2310 χρώμενοι
1158 2238 1553 2308 διατελέσωμεν
1583 2253 1596 2267 ·
1631 2236 1844 2306 φύσεων

271 2330 370 2400 μὲν
419 2329 579 2402 [cod.
619 2329 858 2401 φύσεως]
887 2330 1178 2401 διάκρισιν,
1213 2328 1507 2401 προσώπου
1551 2329 1607 2382 δὲ
1648 2329 1843 2383 ἕνωσιν

266 2419 709 2491 δογματίζοντες.
770 2418 929 2474 Οὖτω
978 2420 1078 2489 τὴν
1141 2420 1352 2490 Ἀρείου
1414 2420 1509 2471 καὶ⁵
1577 2419 1843 2488 Εύνομίου

271 2514 618 2584 βλασφημίαν
664 2512 1049 2583 ὲλέγξομεν,τὰ
1111 2513 1210 2582 μὲν
1262 2512 1533 2575 ταπεινῶς
1580 2512 1848 2583 εἰρημένα.

270 2605 364 2658 καὶ
413 2603 774 2675 πεπραγμένα
801 2603 880 2673 τῷ
910 2604 1121 2674 Σωτῆρι
1154 2603 1394 2673 Χριστῷ,
1440 2602 1848 2673 προσάπτοντες

270 2698 335 2766 τῇ
364 2695 457 2748 τοῦ
486 2695 671 2748 δούλου
702 2697 904 2767 μορφῇ·
929 2695 997 2747 τὰ
1024 2695 1080 2748 δὲ
1109 2693 1289 2766 ὑψηλά
1319 2693 1413 2747 καὶ
1446 2693 1722 2764 θεοπρεπῆ
1754 2693 1848 2747 καὶ

274 2785 518 2856 μεγάλα,
583 2787 649 2856 τῇ
692 2784 868 2855 ὑψηλῇ
937 2784 1033 2837 καὶ
1092 2783 1302 2854 μεγάλῃ
1351 2784 1447 2836 καὶ
1496 2782 1675 2835 πάντα
1722 2780 1849 2835 νοῦν

274 2873 676 2945 ύπερϐαινούσῃ
723 2872 1068 2933 ἀνατιθέντες
1092 2873 1328 2941 θεότητι.

273 2966 393 3021 AI".
434 2967 564 3019 ’Ὅτι
599 2965 708 3034 τῆς
738 2963 1026 3033 ἡμετέρας
1055 2965 1293 3032 φύσεως
1324 2963 1364 3030 ἡ
1413 2964 1502 3034 είς
1547 2961 1849 3034 οὐρανοὺς

344 3032 666 3105 ἀνάληψις
712 3032 818 3101 τὰς
868 3035 975 3088 τοῦ
1032 3035 1380 3103 Πνεύματος
1430 3033 1652 3101 δωρεὰς
1706 3032 1851 3101 ἡμῖν

345 3106 757 3174 προεξένισεν.

1941 1960 2068 2017 Haec
2104 1962 2273 2033 igitur
2305 1964 2468 2017 etiam
2507 1965 2559 2017 in
2599 1964 2664 2018 iis
2712 1979 2834 2032 quae
2870 1965 3103 2019 attinent
3148 1967 3214 2021 ad
3266 1969 3518 2023 incarna-

1944 2053 2146 2109 tionem
2176 2054 2405 2122 exempli
2439 2055 2614 2109 instar
2642 2064 2938 2118 sumentes,
2982 2070 3011 2109 a
3060 2055 3392 2125 blasphemia
3430 2059 3516 2113 illa

1943 2145 2256 2201 cavebimus
2281 2161 2296 2211 ;
2331 2154 2385 2200 et
2402 2146 2605 2200 omissa
2630 2145 2999 2210 concretione,
3017 2146 3294 2202 vocabulis
3316 2148 3521 2203 aduna-

1946 2237 2130 2305 tionis,
2189 2236 2609 2308 coniunctionis,
2655 2245 2711 2290 et
2767 2236 3163 2293 communionis
3211 2248 3523 2296 constanter

1944 2337 2164 2382 utemur
2203 2344 2218 2394 ;
2252 2337 2575 2381 naturarum
2634 2325 3063 2393 distinctionem,
3111 2343 3356 2399 personat
3391 2345 3522 2386 vero

1945 2415 2208 2470 unitatem
2277 2414 2734 2484 dogmatizantes.
2804 2414 2897 2469 Sic
2961 2415 3075 2470 Arii
3148 2424 3204 2471 et
3272 2416 3519 2472 Eunomii

1947 2504 2340 2575 blasphemiam
2374 2504 2731 2561 refutabimus
2756 2522 2771 2573 ;
2796 2506 3080 2562 humiliter
3119 2506 3335 2578 quidem
3367 2508 3520 2564 'dicta

1890 2598 1895 2601 ’
1945 2598 2000 2651 et
2022 2593 2163 2651 facta
2196 2611 2225 2651 a
2254 2594 2545 2652 Servatore
2581 2596 2801 2654 Christo
2863 2599 3004 2653 servi
3034 2597 3223 2655 forma:
3256 2602 3524 2671 applican-

1949 2698 2030 2744 tes
2062 2707 2078 2756 ;
2107 2690 2358 2744 sublimia
2416 2700 2594 2743 autem
2631 2699 2686 2744 et
2708 2690 2826 2745 Deo
2879 2691 3037 2760 digna
3075 2706 3137 2746 ac
3169 2708 3363 2763 magna
3419 2710 3515 2747 stt—

1948 2781 2097 2836 hlimi
2150 2794 2204 2835 et
2248 2796 2453 2850 magnze
2501 2791 2558 2837 et
2592 2783 2774 2836 omnia
2826 2784 3108 2839 excedenti
3165 2786 3524 2841 attrihucntcs

1949 2871 2240 2925 divinitati.

1952 2961 2116 3034 845
2151 2981 2198 3016 m
2236 2962 2470 3021 XXXIII.
2527 2964 2680 3030 Quod
2741 2979 2930 3019 nostru'
2984 2980 3185 3021 natura!
3234 2969 3288 3019 in
3341 2971 3523 3022 (mlunt

1950 3035 2259 3102 assumptio,
2291 3034 2519 3105 Spiritus
2547 3037 2715 3089 sancti
2744 3039 2882 3089 dona
2927 3040 3072 3090 nobis
3117 3043 3522 3107 comparaverit.

357 3198 518 3251 Ἀλλά
572 3196 762 3267 καιρὸς
821 3195 1153 3267 ἀναδραμεῖν
1214 3196 1308 3250 ἐπὶ
1354 3196 1416 3249 τὸ
1465 3196 1845 3267 προκείμενον.

2022 3190 2126 3246 Sed
2157 3190 2269 3258 jam
2305 3201 2514 3262 tempus
2569 3202 2652 3248 est
2691 3195 3000 3248 revertendi
3049 3195 3115 3248 ad
3164 3197 3523 3265 pr0positnm.

293 3289 646 3358 Ἀναληφθεὶς
678 3288 859 3341 τοίνυν
899 3289 977 3343 είς
1022 3286 1284 3359 οὐρανοὺς
1327 3289 1354 3339 ὀ
1394 3287 1671 3357 Δεσπότης
1718 3288 1852 3357 Χρι-

277 3383 421 3445 στὸς,
455 3382 548 3435 καὶ
599 3380 789 3433 ἑαυτὸν
825 3379 1011 3449 ὥσπερ
1050 3379 1308 3448 ἐχέγγυον
1341 3377 1443 3447 τῆς
1485 3377 1595 3431 τῶν
1639 3378 1854 3450 ἀνθρώ-

278 3490 396 3526 πων
443 3472 664 3543 είρὴνης
718 3469 1097 3543 προσενεγκὼν
1132 3468 1209 3540 τῷ
1247 3471 1442 3540 Πατρὶ,
1488 3471 1695 3540 πέμπει
1741 3472 1855 3535 τοῖς

277 3565 583 3635 ἀνθρώποις
630 3564 729 3637 τὴν
780 3564 940 3635 χάριν
984 3562 1078 3616 τοῦ
1123 3564 1461 3633 Πνεύματος,
1495 3562 1682 3634 ὥσπερ
1732 3560 1858 3616 τινὰ

275 3657 387 3710 τῶν
433 3657 859 3728 ἐπηγγελμένων
910 3656 1132 3725 ἀγαθῶν
1216 3655 1531 3728 ἀρραϐῶνα,
1579 3656 1857 3728 παιδοτρί-

279 3752 417 3820 ϐην,
460 3751 555 3804 καὶ
608 3748 951 3820 γυμναστὴν,
1011 3748 1125 3802 τῶν
1184 3750 1285 3820 τῆς
1326 3748 1608 3813 εὐσεϐείας
1654 3750 1857 3818 άγωνι-

279 3839 431 3911 στην,
474 3839 692 3908 φύλακα
721 3838 831 3891 τῶν
860 3838 1225 3892 πιστευόντων
1254 3838 1572 3909 ἀκοίμητον,
1606 3839 1721 3908 φῶς
1746 3838 1855 3892 τῶν

278 3932 615 4005 προσιόντων
644 3930 906 3985 ἄσϐεστόν
928 3947 989 3985 τε
1016 3930 1112 3985 καὶ
1136 3930 1458 4001 ἀνέσπερον,
1483 3929 1590 3982 τῶν
1609 3927 1857 3998 ψυχικῶν

275 4023 609 4096 τραυμάτων
644 4021 1007 4095 θεραπευτὴν,
1056 4021 1238 4093 ίατρδν
1263 4022 1373 4074 τῶν
1406 4019 1511 4073 ὑπὸ
1545 4020 1643 4089 τῆς
1673 4019 1856 4088 ἁμαρο

275 4117 399 4180 τίας
444 4115 744 4187 γινομένων
796 4114 1146 4186 τραυμάτων,
1189 4110 1494 4182 στρατηγὸν
1553 4109 1856 4182 ἀριστεύειν

276 4208 420 4264 κατὰ
450 4208 542 4261 τοῦ
580 4205 828 4259 διαϐόλου
861 4204 1204 4265 διδάσκοντα,
1240 4201 1579 4273 ὑποπτέρους
1606 4201 1730 4265 τοὺς
1758 4219 1856 4271 χα-

279 4300 569 4370 μαιπετεῖς
599 4294 987 4366 ἐργαζόμενον,
1020 4293 1146 4356 τοὺς
1179 4293 1402 4362 γηῖνους
1439 4291 1538 4362 τὴν
1567 4289 1674 4345 τῶν
1694 4291 1856 4363 ούρα-

277 4389 385 4443 νῶν
420 4386 692 4441 πολιτείαν
720 4384 1063 4447 παιδεύοντα,
1094 4385 1451 4455 καταφρονεῖν
1481 4383 1702 4454 σαρκὸς,
1734 4385 1855 4436 ὲπι-

280 4479 561 4553 μελεῖσθαι
591 4478 791 4549 ψυχῆς,
846 4477 1128 4531 διαπτύειν
1178 4475 1248 4529 τά
1302 4476 1568 4545 παρόντα,
1608 4474 1856 4545 ἐφίεσθαι

279 4573 389 4626 τῶν
422 4570 743 4642 μελλόντων,
773 4571 907 4640 όρᾷν
928 4569 998 4622 τὰ
1017 4565 1443 4640 προσδοκώμενα
1478 4566 1567 4619 διὰ
1600 4565 1852 4628 πίστεως,

281 4664 448 4736 μηδὲν
472 4661 724 4733 ἡγεῖσθαι
752 4660 859 4714 τῶν
885 4662 942 4713 ὲν
974 4659 1052 4729 τῷ
1086 4658 1185 4729 βίῳ
1208 4657 1477 4728 λαμπρὸν,
1502 4656 1661 4726 δόξης
1688 4674 1855 4710 κατα-

278 4756 466 4826 γελᾷν,
498 4753 607 4807 τῶν
643 4750 740 4805 τοῦ
788 4751 1017 4804 πλούτου
1051 4749 1338 4820 ῥευμάτων
1380 4749 1673 4819 ύπερορᾷν,
1705 4748 1854 4819 ὥραν

280 4848 535 4919 σώματος
582 4842 656 4908 ὡς
695 4842 854 4905 ἄνθος
901 4842 1035 4912 ὁρᾷν
1085 4839 1503 4911 μαραινόμενον,
1550 4837 1625 4909 μὴ
1671 4836 1860 4907 ἀλγεῖν

282 4938 632 5008 πενομένους,
676 4934 751 5006 μὴ
784 4932 1038 4987 ἀνιᾶσθαι
1067 4931 1374 4997 νοσοῦντας,
1404 4931 1614 5003 χαίρειν
1641 4931 1859 4985 ἀδικου-

286 5030 502 5102 μένους,
531 5024 994 5096 λεηλατουμένους
1025 5023 1431 5094 εὐφραίνεσθαι,
1460 5023 1645 5095 φέρειν
1671 5039 1861 5093 καρτε-

286 5121 454 5193 ρικῶς
499 5120 567 5174 τά
610 5120 781 5179 δεινὰ,
831 5115 1230 5188 ὑπερεύχεσθαι
1260 5115 1369 5169 τῶν
1415 5114 1851 5180 ἀντιδικούντων,

357 5278 431 5349 (l)
472 5277 793 5349 Perspicua,
830 5289 978 5349 m.ra_
1013 5288 1115 5349 ac___
1140 5272 1498 5349 peremptoria
1539 5272 1725 5349 _Cyril_li
1742 5272 1855 5349 llo-

280 5340 456 5406 ctrina
499 5348 567 5401 de
606 5340 922 5399 naturarum
966 5345 1019 5398 in
1056 5340 1275 5397 Christo
1300 5340 1691 5413 distinctione!
1742 5342 1852 5413 Ego

284 5435 415 5473 vero
458 5417 688 5472 lectores
732 5429 880 5468 meos
924 5427 1250 5480 magnopere
1293 5412 1497 5477 hortor,
1542 5421 1599 5467 ut
1641 5412 1848 5466 editam

283 5492 424 5555 apud
458 5502 555 5541 nos
572 5484 769 5555 Script.
799 5482 936 5546 νει..
961 5492 999 5536 t.
1022 5480 1323 5555 _Vl,nov_am
1350 5480 1641 5555 Theoriani
1671 5480 1845 5555 Graeci

282 5551 405 5611 cum
441 5557 688 5625 Armentis
724 5554 983 5625 Syrisque
1013 5551 1638 5625 Jacobitistheologiram
1674 5551 1850 5625 dispu-

288 5628 545 5681 tationem
588 5620 816 5691 adeani,
859 5621 951 5677 ubi
994 5634 1082 5676 res
1122 5622 1237 5676 hanc
1274 5620 1697 5677 luculetttissinte
1740 5621 1856 5674 illu-

284 5706 513 5752 Sll'allll'.

359 5767 437 5837 t2)
480 5765 557 5821 En
587 5765 780 5822 anima:
806 5770 861 5821 ct
888 5759 1130 5833 corporis
1157 5760 1212 5817 in
1240 5761 1397 5819 unico
1423 5759 1641 5818 homine
1670 5774 1857 5830 propo-

1953 3283 2276 3352 Assumptus
2322 3283 2504 3352 itaque
2556 3284 2607 3338 in
2657 3284 2851 3338 caelum
2920 3284 3171 3341 Christus
3241 3286 3522 3354 Dominus,

1952 3389 2119 3443 seque
2156 3374 2321 3428 veluti
2355 3376 2604 3429 humanae
2631 3373 2784 3444 pacis
2819 3390 3134 3445 sponsorem
3170 3375 3321 3432 Patri
3368 3379 3526 3434 exhi-

1953 3465 2107 3530 bens,
2163 3466 2327 3520 mittit
2375 3469 2441 3520 ad
2486 3466 2733 3522 homines
2766 3467 3004 3535 Spiritus
3042 3469 3215 3524 sancti
3270 3473 3522 3541 gratiam,

1952 3569 2050 3613 ceu
2071 3557 2359 3626 quamdam
2386 3558 2781 3626 promissorum
2815 3558 3077 3614 bonorum
3122 3563 3364 3628 arrham,
3413 3580 3529 3619 tna-

1953 3648 2204 3719 gistrnm,
2236 3659 2595 3718 gymnastam,
2632 3649 2843 3718 piorum
2874 3653 3277 3721 agonotbetam,
3311 3654 3527 3725 vigilem

1954 3737 2293 3795 credentium
2322 3740 2624 3803 custodem,
2658 3739 2835 3795 lumen
2870 3740 3238 3795 accedentium
3276 3744 3342 3796 ad
3366 3744 3526 3799 ﬁdem

1956 3827 2394 3897 inexstinguibile
2447 3838 2501 3882 et
2558 3829 2779 3884 minime
2830 3829 3139 3895 occiduum,
3196 3832 3531 3900 spiritalium

1962 3920 2248 3974 vulnerum
2284 3931 2613 3983 curatorem,
2652 3919 3024 3990 impositarmn
3056 3935 3087 3974 a
3125 3923 3360 3989 peccatis
3405 3925 3527 3988 pla-

1958 4026 2148 4080 garum
2181 4010 2449 4066 medicum
2482 4026 2498 4075 ;
2528 4010 2718 4065 ducem
2747 4010 2838 4079 qui
2888 4010 3116 4066 feliciter
3143 4027 3268 4067 cum
3315 4014 3528 4071 diabolo

1956 4116 2199 4172 pugnare
2224 4101 2404 4168 docet,
2435 4111 2490 4157 et
2537 4101 2880 4157 altivolantes
2915 4102 3200 4158 facientem
3243 4106 3333 4174 qui
3378 4107 3525 4163 humi

1958 4191 2244 4258 reptabant
2268 4208 2284 4253 ;
2318 4191 2407 4259 qui
2429 4202 2672 4246 terrenos
2699 4192 2765 4245 ad
2788 4191 3062 4247 caelestem
3086 4194 3246 4247 vitam
3273 4195 3524 4262 instituit,

1959 4295 2124 4351 atque
2149 4292 2207 4336 ut
2227 4297 2447 4337 carnem
2478 4290 2847 4348 contemnant,
2878 4283 3071 4337 anima:
3097 4299 3280 4339 curam
3312 4298 3525 4355 gerant,

1960 4372 2245 4442 praesentia
2263 4373 2548 4442 despuant,
2572 4371 2767 4427 futuris
2788 4371 3014 4435 inhient,
3034 4388 3094 4427 ea
3119 4388 3236 4442 quae
3255 4389 3350 4444 per
3367 4376 3524 4431 iidem

1960 4473 2346 4530 exspectantur
2386 4477 2495 4530 prae
2535 4461 2711 4516 oculis
2744 4461 2999 4525 habeant,
3043 4461 3178 4515 nihil
3227 4461 3282 4517 in
3327 4465 3528 4521 mundo
3638 4463 3646 4471 ’

1963 4554 2298 4622 splendidum
2351 4562 2561 4623 putent,
2616 4553 2844 4624 gloriam
2899 4553 3180 4619 irrideant,
3216 4554 3526 4610 divitiarum

1965 4652 2236 4698 torrentes
2290 4642 2613 4711 deSpiciant,
2659 4643 2903 4711 corporis
2942 4642 3394 4711 pulchritudinem
3429 4660 3525 4700 ceu

1960 4734 2145 4788 ﬂorem
2202 4734 2469 4788 caducum
2523 4741 2791 4803 spectent,
2838 4748 2904 4787 ne
2945 4734 3128 4802 inopes
3183 4734 3418 4803 doleant,
3462 4751 3530 4790 ne

1961 4821 2145 4890 aegroti
2168 4836 2311 4890 a'gre
2335 4821 2532 4887 ferant,
2568 4831 2628 4876 ut
2656 4821 2769 4877 laesi
2800 4824 3090 4893 gaudeant,
3115 4823 3326 4891 spoliati
3354 4823 3532 4878 laeten-

1963 4923 2073 4977 tur,
2103 4910 2317 4967 fortiter
2338 4928 2607 4968 aerumnas
2632 4913 2881 4979 tolerent,
2912 4924 3069 4969 orent
3105 4929 3203 4983 pro
3232 4915 3529 4970 adversan-

1962 5003 2134 5068 tibus,
2171 5003 2497 5058 benedicant
2555 5005 3023 5069 maledicentibus,
3063 5016 3225 5073 atque
3262 5006 3532 5060 omnimo-

1969 5095 2113 5162 dam,
2140 5104 2201 5150 ut
2221 5083 2390 5151 semel
2416 5096 2615 5161 dicam,
2650 5096 3041 5166 philosophiam
3073 5108 3370 5151 sectentur.
3406 5096 3531 5153 Ηωο

1959 5274 2120 5329 situm
2169 5283 2316 5330 recte
2356 5274 2688 5345 exemplum,
2730 5287 2837 5343 quo
2879 5288 3130 5345 perverse
3170 5274 3531 5339 abutebantur

1960 5343 2371 5397 Monouhvsitm.

2015 5346 2371 5399 onouhvsitae.

2028 5361 2431 5485 ξὲῖρὲἔιξξξῗίρι*
2469 5412 2611 5485 hanc
2651 5412 2916 5485 cautelam
2959 5424 3077 5482 post
3119 5423 3274 5485 natos
3314 5429 3530 5485 errores

1955 5482 2204 5551 exposcit
2233 5484 2486 5553 Cyrillus.
2517 5482 2727 5537 Etenim
2750 5483 2918 5553 paulo
2951 5496 3074 5538 ante
3104 5483 3399 5553 Gregorius
3431 5483 3534 5543 Na-

1955 5552 2435 5616 zianzenus,orat.
2463 5553 2554 5616 58,
2582 5553 2669 5617 15,
2698 5552 2787 5608 ed.
2816 5554 3041 5618 noviss.,
3074 5565 3111 5606 t.
3142 5554 3182 5616 I,
3212 5552 3262 5622 p.
3290 5554 3416 5619 671,
3441 5555 3539 5614 ad:

1954 5622 2060 5694 huc
2086 5622 2357 5694 scribebat
2384 5624 2450 5678 de
2478 5623 3058 5694 operehincarnationis
3081 5640 3096 5679 :
3120 5623 3184 5677 Ὢ
3208 5625 3306 5694 τῆς
3333 5623 3529 5693 καινῆς

1957 5691 2157 5763 μίξεως
2184 5694 2196 5747 l
2226 5691 2271 5747 ὣ
2300 5692 2398 5765 τῆς
2428 5691 2730 5765 παραδόξου
2762 5692 3049 5766 κράσεωςί
