4038 6538
259 375 393 432 H77

262 578 522 650 γενέσθαι
564 574 731 642 Θεὸς,
768 575 862 628 καὶ
900 573 961 626 τὸ
1005 567 1142 626 εἶναι
1194 567 1359 624 εἰκὼν
1403 567 1539 622 Θεοῦ
1595 584 1845 639 προσαπ-

258 670 456 724 ὤλεσε.

256 782 383 837 ΔΕέ.
430 782 564 834 Ὅτι
599 778 717 849 χρὴ
758 777 1052 832 Θεοτόκον
1096 774 1196 829 καὶ
1247 773 1700 843 ἀνθρωποτόκον
1747 767 1847 825 λέ-

988 863 1133 917 γειν.

327 961 525 1015 Τοίνυν
561 959 690 1030 περὶ
734 960 834 1030 τὴν
888 958 1167 1027 θεολογίαν
1217 957 1409 1029 μηδεὶς
1458 955 1715 1010 ἀπιστίαν
1759 972 1847 1009 νο-

262 1053 444 1120 σιίτω,
496 1052 682 1124 μηδεὶς
734 1052 861 1123 περὶ
889 1052 989 1123 τὴν
1016 1050 1328 1120 οἰκονομίαν
1367 1048 1675 1120 χωλευέτω,
1712 1048 1849 1103 ἀλλὰ

257 1146 351 1199 τὸν
382 1146 445 1199 ἐκ
476 1142 756 1214 Παρθένου
783 1143 1110 1213 γεννηθέντα
1142 1143 1398 1213 Χριστὸν,
1429 1141 1561 1195 Θεὸν
1588 1140 1724 1212 ὁμοῦ
1756 1143 1849 1196 καὶ⁵

260 1238 551 1309 ἄνθρωπον
585 1236 915 1307 δμολογείτω
953 1235 1077 1289 καθ’
1109 1235 1373 1305 ἑκάτερον
1394 1252 1407 1265 ·
1435 1234 1523 1288 διὰ
1554 1233 1714 1287 τοῦτο
1740 1234 1848 1305 γὰρ

262 1328 359 1383 καὶ
385 1328 649 1391 Θεοτόκος
680 1328 775 1380 καὶ
805 1326 1217 1397 ἀνθρωποτόκος
1244 1326 1319 1397 (1)
1347 1328 1379 1397 ή
1415 1326 1544 1395 ἁγία
1575 1326 1850 1397 Παρθένος

260 1422 369 1476 ὑπὸ
398 1422 505 1475 τῶν
535 1424 635 1492 τῆς
673 1419 955 1483 εὐσεϐείας
986 1419 1319 1472 διδασκάλων
1348 1418 1812 1490 προσαγορεύεται
1832 1438 1845 1450 ·

257 1513 418 1569 τοῦτο
450 1514 549 1585 μὲν
579 1513 655 1576 ὡς
698 1512 859 1581 φύσει
889 1511 980 1563 τὸν
1004 1509 1218 1581 [δούλῳ]
1253 1511 1470 1565 ἐοικότα
1503 1512 1845 1582 γεννήσασα⁸

258 1609 440 1662 ἐκεῖνο
466 1605 545 1669 δέ,
580 1604 656 1667 ὡς
675 1604 776 1675 τῆς
803 1603 897 1656 τοῦ
927 1603 1115 1656 δούλου
1163 1604 1401 1674 μορφῆς,
1449 1606 1541 1658 καὶ
1570 1602 1707 1656 Θεοῦ
1750 1602 1849 1673 τὴν

260 1697 477 1769 μορφὴν
515 1695 801 1766 ἡνωμένην
831 1694 1094 1765 ἐχούσης
1139 1694 1283 1748 οῦτω
1316 1696 1405 1750 διὰ
1432 1696 1707 1765 θεολογίας
1754 1696 1850 1751 καὶ

255 1787 571 1857 οἰκονομίας
609 1786 701 1840 τὸν
730 1786 792 1839 τὸ
834 1788 1133 1857 μυστήριον
1171 1789 1304 1857 ἡμῖν
1336 1787 1397 1841 τὸ
1426 1787 1848 1859 ἀποκεκρυμμέο

1436 361 1526 415 DL
1565 360 2087 414 IRLAKNA'I‘IUNE
2129 360 2384 414 DOMIM.

255 489 347 543 θεν
378 489 406 541 ὁ
433 482 733 557 προπάτωρ
778 480 981 551 ’Δδάμο
1009 477 1102 533 καὶ
1130 474 1239 550 γὰρ
1275 475 1481 539 ἐκεῖνος
1508 473 1846 547 ἐπιθυμήσας

1957 489 2174 547 quoque
2250 474 2569 531 excidamus
2620 493 2636 532 :

3395 369 3534 450 ms

2687 479 2830 548 quod
2912 479 3226 551 progenitor
3291 482 3537 541 Adamus

1949 583 2149 637 passus
2177 576 2281 632 est,
2307 569 2398 637 qui
2430 571 2556 623 dum
2586 569 2729 627 Deus
2756 570 2870 628 ﬁeri
2911 574 3084 642 cupit,
3111 584 3167 628 ut
3195 575 3375 644 imago
3400 593 3533 647 quo—

1948 659 2182 727 que‘Dei
2209 667 2356 713 esset
2389 659 2592 714 amisit.

1948 772 2167 829 XXXV.
2206 774 2359 840 Quod
2400 784 2598 843 oportet
2638 774 2733 829 Dei
2763 784 2808 828 et
2852 778 3073 831 hominis
3104 790 3324 833 matrem
3357 780 3535 836 dicere

2423 849 2693 915 (sanctam
2735 844 3052 917 Virginem.)

2021 957 2167 1029 Ergo
2215 958 2268 1012 in
2320 956 2591 1026 theologia
2646 970 2805 1011 nemo
2857 956 3243 1017 incredulitate
3299 962 3529 1032 laboret,

1951 1062 2112 1103 nemo
2144 1048 2287 1103 circa
2313 1047 2707 1102 incarnationis
2740 1050 3060 1119 mysterium
3107 1051 3393 1121 claudicet,
3439 1057 3533 1111 sed

1952 1157 2016 1199 ex
2055 1141 2275 1212 Virgine
2304 1152 2490 1196 natum
2522 1141 2823 1207 Christum,
2856 1143 3022 1197 Deum
3064 1144 3225 1199 simul
3267 1157 3321 1201 et
3357 1150 3534 1204 ltomi-

1953 1251 2077 1292 nem
2130 1235 2471 1291 conﬁteatur.
2526 1233 2821 1304 Propterea
2852 1236 2996 1289 enim
3042 1248 3214 1291 mater
3256 1250 3311 1294 et
3361 1239 3453 1296 Dei
3480 1254 3537 1297 et

1955 1328 2195 1383 hominis
2253 1336 2439 1381 sancta
2479 1325 2642 1395 Virgo
2692 1344 2721 1381 a
2753 1340 2918 1382 reetae
2949 1329 3226 1398 religionis
3263 1333 3539 1398 magistris

1953 1419 2259 1488 appellatur
2288 1435 2303 1483 ;
2336 1418 2438 1472 hoc
2472 1416 2716 1487 quidem,
2769 1419 2898 1486 quia
2950 1420 3272 1474 naturaliter
3294 1437 3415 1477 eum
3442 1423 3536 1492 qui

1953 1512 2006 1566 in
2036 1512 2207 1565 forma
2246 1509 2390 1564 servi
2426 1519 2543 1563 erat
2576 1510 2795 1579 genuit;
2828 1510 2958 1564 illud
2997 1522 3202 1577 autem,
3240 1516 3363 1583 quia
3392 1515 3535 1570 servi

1953 1601 2124 1657 forma
2185 1600 2413 1655 formant
2471 1602 2565 1657 Dei
2599 1603 2808 1656 unitam
2859 1603 3044 1660 habet.
3078 1606 3255 1674 Atque
3303 1607 3374 1660 ita
3410 1623 3535 1662 eum

1954 1694 2263 1760 laudemus,
2303 1694 2395 1763 qui
2458 1708 2554 1762 per
2606 1693 2929 1765 theologiam
2972 1704 3027 1750 et
3076 1696 3536 1767 dispensationem

1954 1788 2277 1859 mysterium
2317 1788 2473 1842 nobis
2504 1786 2880 1843 absconditum
2919 1790 3194 1845 revelavit.
3240 1790 3374 1845 Tum
3406 1808 3535 1849 vero

256 1899 349 1935 νον
378 1879 723 1951 γνωρίσαντα
763 1880 1183 1951 ἅνυμνήσωμεν,
1214 1880 1309 1933 καλ⁸
1348 1880 1437 1934 διὰ
1475 1880 1576 1950 τῆς
1603 1879 1699 1933 τοῦ
1731 1881 1846 1950 βίου

1955 1858 2075 1935 vita:
2119 1880 2356 1950 puritate
2387 1881 2584 1951 templa
2639 1891 2852 1936 nosmet
2885 1881 2976 1936 Dei
3016 1882 3343 1949 cilicientes.
3376 1887 3537 1940 habi-

257 1968 633 2040 καθαρότητος
660 1968 824 2032 ναοὺς
870 1969 1096 2031 ἑαυτοὺς
1124 1968 1202 2039 τῷ
1240 1968 1358 2038 Θεῷ
1402 1970 1842 2044 κατασκςςάσαν.

255 2079 349 2125 τες
397 2061 497 2129 ('2),
548 2061 754 2114 ἐνοικον
798 2059 959 2113 αὑτὸν
994 2059 1284 2131 λάϐωμεν·
1322 2059 1417 2114 καὶ
1464 2063 1588 2124 ταῖς
1632 2061 1850 2115 ἀκτῖσιν

256 2151 426 2207 αὐτοῦ
460 2151 841 2221 φωτιζόμενοι,
884 2149 960 2213 ὡς
1006 2150 1063 2202 ἐν
1092 2150 1275 2221 ἡμέρᾳ
1302 2151 1657 2223 εὐσχημόνως
1688 2168 1849 2222 περι-

255 2244 613 2313 πατήσωμεν,
671 2241 1093 2312 προσδεχόμενοι
1161 2240 1260 2311 τὴν
1310 2241 1592 2312 μακαρίαν
1655 2241 1848 2296 ἐλπίδα

254 2335 355 2390 καὶ
378 2333 701 2404 ἐπιφάνειαν
728 2332 828 2402 τῆς
853 2332 1013 2402 δόξης
1051 2330 1147 2385 τοῦ
1189 2330 1424 2401 μεγάλου
1451 2329 1587 2384 Θεοῦ
1617 2331 1712 2384 καὶ
1743 2331 1849 2385 Σωο

251 2424 427 2498 τῆρος
472 2425 629 2496 ἡμῶν
683 2423 859 2493 Ἰησοῦ
889 2424 1147 2496 Χριστοῦ,
1182 2424 1300 2493 μεθ’
1343 2418 1406 2479 οὗ
1434 2421 1512 2494 τῷ
1542 2424 1716 2495 Πατρὶ
1750 2425 1847 2478 σὺν

252 2519 335 2590 τῷ
382 2518 520 2588 ἁγίῳ
552 2517 834 2589 Πνεύματι
860 2516 987 2583 δόξα
1018 2517 1113 2572 καὶ⁵
1157 2518 1354 2589 κράτος
1384 2516 1463 2579 είς
1491 2514 1618 2578 τοὺς
1643 2513 1847 2578 αἰῶνας

254 2613 368 2667 τῶν
392 2610 625 2667 αἰώνων.
675 2611 733 2665 'A
741 2612 869 2683 μήν.

329 2794 376 2826 ’⁸
402 2792 561 2850 Rom.
590 2808 712 2862 xm,
735 2796 823 2851 15.
901 2796 918 2829 ¹
954 2795 1107 2851 Tit.“
1144 2836 1158 2862 ,
1185 2795 1275 2850 15.

332 2976 408 3046 (l)
450 2972 722 3046 Rectetsi
759 2980 1053 3046 utrumque
1088 2968 1253 3046 simul
1284 2967 1566 3046 epitheton
1602 2984 1839 3046 pronnn.

256 3039 451 3111 tietur;
493 3043 698 3115 peperit
734 3042 875 3097 enim
918 3041 1082 3115 Maria
1125 3039 1403 3115 Christum
1451 3039 1618 3115 Deum
1651 3051 1707 3115 et
1748 3041 1840 3094 lto-

258 3110 693 3170 ntinem.'Secus
733 3123 944 3175 autem,
980 3112 1024 3165 si
1065 3111 1268 3166 omisso
1299 3110 1597 3176 Θεοτόκος,
1632 3113 1843 3166 dicatur

259 3185 633 3239 tantummodo
652 3181 1090 3255 ἀνθρωποτόκος,
1111 3180 1164 3235 ἱη
1190 3179 1571 3236 Nestorianam
1593 3180 1842 3252 blasphe-

259 3257 424 3312 miam
454 3254 692 3311 incidere
729 3266 952 3309 necesse
979 3263 1082 3308 est.

1951 1981 2184 2028 latorem
2229 1974 2478 2029 eumdem
2539 1976 2923 2030 nanciscamur
2955 1993 2968 2030 :
2999 1975 3226 2046 ejusque
3275 1978 3535 2048 splendo-

1948 2067 2099 2121 ribus
2164 2067 2477 2135 illutnittati,
2542 2070 2684 2124 sicut
2737 2071 2794 2125 in
2859 2070 2949 2125 die
3002 2072 3231 2127 honeste
3292 2074 3538 2128 ambule-

1949 2174 2071 2213 mus
2098 2160 2167 2226 ”,
2229 2168 2616 2229 exspectantes
2673 2160 2890 2215 beatam
2938 2177 3086 2231 spem
3139 2175 3192 2217 et
3245 2166 3537 2219 adventum

1955 2250 2138 2318 gloria:
2189 2252 2365 2320 magni
2432 2251 2527 2306 Dei
2564 2261 2619 2307 et
2642 2251 2943 2309 Salvatoris
2972 2255 3143 2309 nostri
3200 2254 3325 2311 Jesu
3376 2257 3537 2311 Chri-

1953 2340 2020 2395 sti
2058 2341 2101 2405 ‘.
2135 2356 2256 2396 cum
2288 2358 2393 2411 quo
2422 2341 2565 2397 Patri
2619 2359 2835 2413 unaque
2865 2355 3056 2401 sancto
3096 2346 3324 2415 Spiritui
3364 2347 3538 2420 gloria

1952 2441 2007 2489 et
2032 2435 2273 2503 potentia
2311 2433 2365 2489 in
2400 2432 2595 2490 saecula
2639 2435 2986 2492 saeculorum.
3025 2438 3227 2495 Amen.

2018 2967 2096 3043 (2)
2140 2968 2230 3043 Sic
2268 2969 2428 3027 etiam
2464 2970 2755 3043 praedictus
2792 2965 3015 3043 Nicetas
3048 2976 3336 3043 tractatum
3374 2987 3533 3028 suum

1947 3037 2033 3094 De
2055 3038 2259 3106 Spiritu
2288 3037 2477 3096 sancto
2501 3042 2807 3103 concludit,
2839 3055 2893 3107 p.
2920 3040 3024 3095 329
3057 3058 3070 3095 :
3100 3052 3147 3096 et
3179 3042 3417 3103 deinceps
3445 3060 3535 3109 pa-

1950 3126 2061 3183 cem
2096 3120 2144 3183 et
2178 3110 2512 3168 dilectionem
2547 3120 2842 3180 sectantes,
2877 3111 3025 3166 bonis
3060 3127 3261 3181 semper
3290 3116 3533 3183 operibat:

1949 3180 2294 3252 abundemue,
2328 3195 2433 3240 etc.
