1920 3031
197 223 241 242 res
255 219 362 248 vestrm,
377 213 439 249 quia
459 213 573 242 audiunt
594 215 611 242 '.
630 223 638 240 ›
656 214 747 250 Neque
764 219 853 241 tamen
872 219 986 241 conatus
1002 216 1022 244 Λ

197 261 391 288 detrectandus
409 260 486 287 nobis
508 264 570 293 est;
594 259 640 288 sed
656 260 681 287 in
705 260 762 294 ipso
776 258 886 286 Christo
908 265 987 292 spem

196 305 374 338 collocantes,
388 305 495 332 labores
508 305 593 331 etiam
613 304 717 330 viribus
739 302 840 329 nostris
866 301 984 336 majores

197 352 386 388 aggrediemur
397 371 405 384 ,
420 351 572 378 certissima
591 349 689 377 ﬁducia
701 348 800 381 erecti,
817 348 892 375 illum
908 347 986 375 nobis

199 397 355 425 adfuturum
368 402 397 424 et
413 396 530 432 Spiritus
547 395 634 423 sancti
651 394 871 430 prmlustratione
888 393 921 420 ad
940 399 985 420 ve-

198 443 287 470 ritatis
301 442 484 470 inventionem
502 441 658 468 ducturum.
675 439 780 474 Scopus
796 439 867 465 σειιῖιιι
884 443 986 465 nostrae

197 489 332 517 orationis
351 492 392 516 est
414 488 505 514 dicere
538 486 610 521 quod
628 484 708 514 Iesus
725 485 761 512 sit
781 484 920 512 Dominus.
939 483 985 510 Bi-

197 543 289 564 centus
300 539 390 562 autem
407 533 432 560 id
449 531 560 560 Omnino
577 532 602 558 in
619 530 724 566 Spiritu
738 535 852 562 saneto;
867 530 902 557 ita
913 529 985 556 enim

199 581 296 608 Paulus
322 579 360 606 ait
383 587 390 606 :
410 586 420 604 ι
436 576 521 604 Nemo
541 580 629 611 potest
655 576 756 607 dicere,
775 576 836 610 quia
855 575 985 602 Dominus

196 626 286 658 Jesus,
305 624 356 652 nisi
368 624 394 651 in
409 623 512 658 Spiritu
531 628 627 649 sancto
638 622 659 649 '.
673 631 682 647 ι
697 621 764 649 Cum
779 622 850 648 enim
862 620 986 648 nonnulli

197 681 250 700 non
268 675 414 699 vereantur
425 670 452 697 in
463 669 604 697 Beelzebul
622 668 713 696 dicere
725 668 871 695 anathema
883 666 986 700 Jesum,

197 719 366 754 Seripturatn
379 725 498 749 sacram,
519 724 573 751 quo
601 715 667 750 ipsis
683 715 789 742 libitum
809 718 862 747 est,
887 713 988 741 distor-

197 770 324 800 quentes,
334 769 359 793 et
373 771 421 791 sua
436 763 556 798 ipsorum
571 761 669 796 placita
687 760 806 795 Spiritus
821 759 910 786 sancti
926 766 988 786 ora-

197 811 266 838 culis
278 814 485 845 anteponentes,
503 816 534 835 ac
552 807 694 834 Dominum
716 806 760 841 qui
779 806 853 841 ipsos
874 804 988 832 redemit

197 859 374 891 abnegautes,
395 859 424 882 ut
443 854 584 888 Scriptura
611 852 733 887 loquitur
747 851 758 867 ³
774 860 781 878 :
801 850 986 878 necessarium

197 889 280 937 plane
295 901 416 935 utileque
437 904 465 927 et
480 898 646 926 conveniens
667 897 836 930 censuimus,
853 900 900 923 tuo
919 903 987 924 cou-
1005 889 1026 918 Β

197 948 258 976 sitio
274 952 357 982 atque
373 946 493 977 hortatu,
508 944 544 971 mi
560 943 652 976 frater,
671 944 742 970 hanc
756 942 987 974 dissertationem,

197 1002 258 1029 qua:
278 1000 383 1028 magna;
398 992 425 1018 in
441 996 579 1026 posterum
597 989 723 1017 utilitatis
738 988 847 1016 occasio
860 987 990 1015 Ecclesia:

199 1041 289 1068 futura
314 1044 365 1072 est,
389 1042 547 1069 contexere,
574 1041 601 1064 et
628 1035 661 1063 ad
686 1035 792 1069 singula
816 1042 875 1069 qua:
896 1034 930 1061 ab
949 1034 999 1061 eis

198 1090 358 1122 qumruntur
372 1089 400 1112 et
414 1084 592 1118 objiciuntur,
610 1082 766 1109 summatim
782 1089 814 1109 ac
833 1089 886 1116 per
900 1081 989 1115 capita

199 1131 376 1166 respondere.
391 1129 457 1162 Qua:
469 1129 578 1164 quidem
593 1128 741 1155 ieetoribus
758 1135 812 1154 non
830 1135 920 1161 parva:
937 1127 991 1154 uti-

198 1177 268 1204 litati
279 1175 336 1203 l‘ore
349 1175 489 1203 existimo.
503 1173 642 1209 Multiplex
656 1175 728 1200 enim
747 1181 779 1201 ac
794 1173 970 1201 multiformis
981 1193 989 1204 .

199 1229 229 1251 ut
250 1224 287 1251 ita
311 1223 412 1255 dicam,
436 1226 478 1249 est
494 1220 521 1248 in
540 1220 597 1247 Arii
622 1224 650 1247 et
673 1219 797 1247 Eunomii
819 1218 990 1254 dogmatibus

196 1278 286 1304 error,
310 1278 341 1296 ra
348 1262 450 1304 riisque
465 1267 554 1295 modis
569 1267 692 1294 veritatis
706 1265 820 1297 formam
836 1265 930 1293 ineant
948 1270 991 1293 at-

197 1324 252 1352 que
277 1315 443 1343 adulteram.
460 1312 696 1347 Quemadmodum
715 1312 786 1340 enim
810 1311 992 1339 meretricula:

202 1363 238 1390 rei
256 1363 341 1398 ipsius
359 1361 558 1396 turpitudinem
575 1364 636 1386 arte
651 1359 841 1394 industriaque
854 1359 992 1386 occultare

200 1414 340 1444 putantes,
361 1411 461 1435 ornant
484 1413 556 1438 sese,
581 1405 699 1440 fucoque
716 1404 854 1438 oblinunt,
876 1405 992 1440 aliisque

200 1457 226 1484 id
238 1463 322 1491 genus
333 1453 503 1482 ornamentis
518 1452 659 1485 adhibitis,
673 1451 829 1487 speciosum
850 1451 990 1479 interitum

201 1501 372 1530 cernentium
397 1498 484 1527 oculis
497 1497 654 1532 objiciunt:
675 1497 770 1524 eadem
788 1497 869 1532 plane
886 1497 991 1524 ratione

200 1547 390 1574 lmreticorum
419 1551 562 1572 sermones
585 1543 716 1570 exitiosos
740 1542 858 1570 fucatam
881 1543 990 1578 pietatis

200 1594 315 1620 l‘urntam
330 1600 384 1628 pra:
399 1599 427 1619 se
442 1592 513 1618 ferre
526 1589 631 1624 judico,
645 1597 727 1624 quam
742 1590 851 1625 quidem
865 1590 991 1618 veritatis

201 1639 292 1666 verbis
309 1640 446 1665 exornare
463 1640 610 1667 conantur,
627 1643 689 1662 cum
704 1634 779 1661 nullo
794 1635 873 1661 modo
889 1633 992 1661 verita-

202 1692 255 1712 tem
272 1683 425 1721 proferant,
439 1682 486 1710 sed
501 1689 612 1709 exesam
628 1681 682 1707 Deo
697 1681 864 1714 impietatem
881 1680 992 1707 menda-

202 1732 236 1758 cii
261 1731 369 1766 plenam
385 1730 411 1756 in
431 1732 541 1764 pectore
559 1732 667 1762 gerant.
683 1727 817 1754 Cteternm
834 1726 880 1761 qui
900 1725 993 1753 solerti

201 1777 316 1805 rationis
331 1775 468 1803 industria
480 1778 596 1801 mentem
611 1772 811 1804 communiunt,
822 1778 993 1807 nequaquam

202 1824 310 1851 illorum
333 1821 508 1849 sermonibus
525 1821 682 1854 capiuntur,
704 1818 751 1846 sed
773 1825 851 1852 verae
865 1819 994 1849 sincera:-

201 1877 254 1906 que
275 1868 336 1896 ﬁdei
356 1867 495 1895 mordicus
516 1866 701 1899 adbatrentcs,
726 1865 762 1892 de
788 1865 886 1900 seipsis
903 1864 995 1898 conci-

202 1919 281 1948 nnnt,
296 1914 419 1941 dicentes
436 1922 443 1940 :
459 1922 468 1938 (
485 1912 651 1940 Benedictus
669 1911 801 1939 Dominus
812 1910 860 1946 qui
876 1918 930 1938 non
946 1911 995 1942 de-

203 1961 243 1988 dit
255 1967 305 1987 nos
319 1960 345 1986 in
363 1958 517 1994 captionem
533 1958 660 1985 dentibus
672 1964 765 1984 corum
775 1956 796 1985 ³.
816 1966 824 1982 ι
837 1956 929 1987 Visum
945 1957 996 1984 ita-

203 2014 256 2041 que
279 2006 357 2034 nobis
382 2009 424 2031 est
444 2011 505 2040 quac
529 2010 629 2038 magno
651 2003 742 2030 studio
764 2003 994 2038 comparavimus,

204 2058 362 2087 congerere,
388 2057 477 2085 neque
491 2057 556 2076 vero
572 2049 623 2076 ulla
640 2050 746 2076 ratione
762 2056 916 2076 sermonem
930 2056 996 2076 con-

206 2098 330 2130 I‘uuderc,
342 2096 391 2124 sed
405 2095 495 2130 potius
507 2095 651 2122 distinctas
666 2095 692 2121 in
705 2094 811 2130 singula
829 2095 918 2130 capita
933 2102 996 2129 pro-

205 2144 329 2171 bationes
347 2142 532 2169 continentem
550 2148 696 2175 exponere.
712 2140 738 2176 3
752 2140 789 2167 ita
804 2141 877 2168 enim
897 2140 953 2173 lict,
968 2146 997 2168 ιιι

204 2198 299 2218 eorum
320 2196 380 2223 qum
390 2188 416 2216 in
434 2188 485 2215 hoc
496 2194 581 2222 opere
599 2192 762 2219 tractantur,
777 2187 897 2221 cognitio
912 2188 996 2222 magis

206 2237 349 2272 perspicua
365 2234 566 2269 manifestaque
583 2233 705 2260 studioso
726 2234 843 2260 audimri
864 2235 900 2260 sit
919 2233 995 2272 futu-

207 2270 247 2309 ra.
263 2270 370 2309 Titulus
388 2287 452 2307 vero
471 2280 551 2313 hujus
571 2279 662 2313 operis
678 2283 728 2311 est.
747 2278 906 2310 Thesaurus,
925 2270 996 2314 quod

206 2329 345 2364 ingentem
362 2327 389 2354 in
406 2334 436 2354 se
450 2326 604 2354 divinarum
617 2325 876 2360 contemplationum
889 2326 998 2364 thesau-

206 2383 266 2403 rum
287 2373 506 2409 complectatur:
527 2372 632 2400 tametsi
646 2379 696 2406 ego
720 2377 747 2400 et
763 2372 916 2405 doctrinam
941 2379 998 2399 me-

207 2422 328 2448 diocrem
356 2425 385 2447 et
405 2419 543 2454 ingenium
561 2419 594 2446 ad
619 2418 856 2453 contemplandum
873 2427 926 2446 non
948 2418 998 2445 ad-

210 2467 322 2495 modum
335 2473 400 2494 acre
418 2467 444 2493 in
458 2473 500 2493 tne
518 2473 673 2500 agnoscam.
690 2465 791 2492 Gratiae
807 2472 872 2492 vero
888 2465 999 2500 agendae

208 2516 271 2540 sunt
291 2512 413 2543 Christo,
432 2511 477 2546 qui
498 2511 588 2538 omnia
608 2510 734 2538 omnibus
751 2511 858 2538 abunde
873 2510 999 2545 suppedi-

209 2563 257 2587 tat.
285 2557 412 2585 Moucudi
433 2563 521 2584 autem
536 2561 598 2584 sunt
618 2557 745 2589 lectores,
768 2556 856 2590 capita
880 2555 942 2583 libri
964 2555 997 2582 ad

207 2612 334 2632 normam
355 2604 435 2638 hujus
455 2602 554 2630 tabula:
572 2603 629 2630 sive
645 2602 754 2635 indicis,
772 2603 818 2636 qui
842 2601 997 2636 subjicitur,

209 2657 269 2676 esse
291 2648 451 2684 composita.
476 2648 701 2683 Complectuntur
719 2654 783 2674 vero
807 2646 911 2682 singula
929 2654 1000 2682 quze-

209 2703 262 2730 que
275 2695 365 2729 capita
381 2695 463 2722 etiam
488 2702 520 2722 ea
534 2702 595 2730 qua:
608 2695 641 2721 ad
656 2694 781 2721 etnndem
797 2693 1001 2728 contemplatio-

210 2743 252 2768 nis
269 2749 381 2776 scopum
393 2741 546 2775 pertinent,
561 2745 588 2768 et
600 2749 647 2775 per
662 2739 797 2767 circuitus
809 2745 892 2774 atque
905 2739 1001 2767 anfra-

210 2792 270 2815 etus
285 2787 318 2815 ad
334 2787 460 2814 eumdem
478 2786 559 2821 tituli,
574 2786 624 2814 sub
638 2794 693 2821 quo
708 2787 907 2822 comprehensa
925 2792 1000 2820 sunt.

1005 1573 1028 1605 C

248 2877 258 2894 ί
275 2876 368 2905 Matth.
387 2885 446 2909 ιιιιι,
465 2877 507 2904 ιθ.
544 2877 554 2892 ¹
569 2876 577 2902 Ι
593 2876 655 2904 Cor.
675 2883 724 2910 xu,
743 2876 769 2904 5,
793 2877 820 2900 ι³
838 2876 859 2903 ll
875 2877 947 2905 Pctr.
965 2886 995 2911 ιι,
1017 2878 1041 2905 l.

696 155 724 182 S.
745 154 883 182 CVRIILI
907 153 1142 180 ALEXANDHIM
1163 154 1324 180 Αιιυιιιει».

1795 159 1832 185 12

1038 213 1062 239 οἱ
1084 213 1235 248 ὀφθαλμοὶ,
1258 213 1299 240 ὅτι
1320 212 1466 248 βλέπουσι,
1489 211 1536 240 καὶ
1557 213 1590 240 τὰ
1606 209 1662 240 ὦτα
1687 213 1775 249 ὑμῶν,
1792 215 1840 240 ὅτι

1037 259 1215 286 ἀκούουσιν.»
1239 252 1296 286 Οὐκ
1321 251 1449 295 ὀκνητέον
1473 259 1496 286 δ’
1518 257 1566 287 οὖν
1589 260 1664 296 ὅμως
1691 261 1760 296 πρὸς
1784 260 1839 295 τὴν

1037 305 1207 341 ἐγχείρησιν·
1230 305 1287 332 ἀλλ’
1303 305 1347 332 ἐπ’
1363 305 1438 341 αὐτῷ
1454 305 1503 341 τὴν
1524 305 1618 332 ἐλπίδα
1640 305 1779 340 τιθέμενοι
1796 305 1839 341 τῷ

1041 350 1161 387 Χριστῷ,
1177 351 1224 378 καὶ
1238 350 1291 378 τῶν
1309 351 1379 386 ὑπὲρ
1393 351 1510 386 δύναμιν
1526 351 1653 386 ἁψόμεθα
1672 352 1772 385 πόνων,
1793 352 1837 379 ὅτι.

1039 397 1232 432 συμπαρέσται
1256 397 1302 430 καὶ
1323 397 1526 432 χειραγωγήσει
1543 398 1603 428 ταῖς
1618 397 1663 424 τοῦ
1679 397 1837 433 πνεύματος

1036 442 1191 478 ὂᾳδουχίαις
1210 443 1257 468 ἐπὶ
1278 442 1327 478 τὴν
1349 443 1400 478 τῆς
1417 442 1546 478 ἀληθείας
1572 441 1680 478 εὕρεσιν
1698 443 1839 470 ἀνενδοιά-

1038 498 1109 521 στως
1128 488 1314 520 πιστεύοντες.
1337 487 1443 520 Σκοπὸς
1465 488 1520 525 γὰρ
1552 489 1641 516 εἰπεῖν
1667 489 1708 515 ’ὁτι
1732 489 1840 524 Κύριος

1044 533 1159 571 Ἰησοῦς.
1179 530 1313 570 Ἐροῦμεν
1326 535 1355 562 δὲ
1369 534 1480 567 πάντως
1493 535 1533 562 ὅτι
1549 535 1578 561 ἐν
1593 534 1663 570 ἁγίῳ
1678 535 1820 571 [Ινεύματι
1831 544 1837 550 ·

1038 582 1110 610 οὕτω
1129 583 1183 619 γὰρ
1203 584 1217 610 ὁ
1231 582 1340 615 nam;
1355 590 1453 618 φησιν·
1476 592 1485 608 ι
1502 582 1597 614 Οὐδεὶς
1617 583 1727 609 δύναται
1747 583 1840 609 είπεῖν

1038 629 1078 656 ὅτι
1096 629 1198 665 Κύριος
1225 628 1348 665 Ἰησοῦς,
1375 629 1399 655 εί
1440 628 1477 665 μὴ
1503 629 1532 655 ὲν
1556 628 1697 665 Πνεύματι
1723 629 1807 665 ἁγίῳ.
1824 638 1837 654 ο

1037 672 1155 711 ’Ἐπειδὴ
1175 675 1230 711 γάρ
1255 683 1329 706 τινες
1351 675 1381 702 ὲν
1396 674 1564 707 Βεελζεὸοὺλ
1581 675 1632 702 οὑκ
1658 675 1839 710 αἰσχύνονται

1039 719 1129 754 λέγειν
1146 720 1271 755 ἀνάθεμα
1289 719 1404 755 Ἰησοῦν,
1419 719 1468 751 τὰς
1491 719 1540 755 μὲν
1565 719 1655 752 θείας,
1678 720 1747 754 πρὸς
1768 720 1840 756 ὅπερ

1039 763 1075 792 ἂν
1091 763 1182 798 αὐτοῖς
1193 765 1290 799 δόξειε,
1308 765 1533 801 παρατρέποντες
1547 765 1668 801 Γραφὰς,
1682 766 1736 793 τῶν
1750 766 1778 793 δὲ
1790 765 1841 792 τοῦ

1040 812 1110 838 Πνεύ
1115 820 1199 847 ματος
1213 811 1321 846 λογίων,
1333 811 1363 838 τὸ
1377 812 1406 844 ἐξ
1421 812 1528 838 οίκείων
1545 811 1705 847 θελημάτων
1720 811 1842 847 προτάτ-

1040 866 1132 889 τοντες
1148 857 1263 893 κίνημα,
1276 857 1326 884 καὶ
1338 857 1383 883 τὸν
1398 857 1572 891 ἀγοράσαντα
1586 857 1685 888 αὐτοὺς
1699 858 1843 891 Δεσπότην

1041 903 1214 940 ἀρνούμενοι,
1232 902 1307 930 καθὰ
1324 903 1498 939 γέγραπται“
1514 903 1663 936 ἀναγκαῖον
1687 903 1755 938 ὁμοῦ
1773 904 1844 939 χρή-

1042 949 1122 985 σιμόν
1150 957 1179 976 τε
1201 948 1250 976 καὶ
1274 948 1380 984 πρέπον
1407 948 1592 983 ἐλογισάμεθα
1617 949 1688 976 κατὰ
1715 949 1764 984 τὴν
1788 949 1843 984 σὴν

1041 994 1196 1030 ὑπόμνησίν
1210 1002 1240 1021 τε
1260 994 1308 1021 καὶ
1322 994 1491 1030 προτροπὴν,
1507 993 1616 1028 ἀδελφέ,
1632 995 1688 1025 τοῖς
1707 994 1757 1029 τῆς
1775 994 1842 1020 Ἐκ·-

1040 1040 1156 1076 κλησίας
1168 1040 1284 1072 τέκνοις,
1300 1040 1350 1074 τῆς
1361 1039 1402 1071 είς
1413 1039 1444 1066 τὸ
1459 1039 1554 1074 μέλλον
1566 1038 1699 1074 ὠφελείας
1710 1039 1844 1066 ὑπόθεσιν

1041 1085 1173 1120 ὲξυφῆναι
1196 1085 1242 1112 τὸν
1256 1084 1349 1118 λόγον’
1365 1083 1413 1110 καὶ
1430 1084 1469 1115 είς
1490 1083 1593 1111 ἕκαστα
1608 1083 1661 1110 τῶν
1686 1085 1752 1120 παρ’
1767 1085 1846 1110 ὲκεί-

1041 1139 1097 1162 νοις
1123 1129 1297 1166 ζητουμένων
1320 1137 1350 1155 τε
1367 1128 1415 1156 καὶ
1439 1129 1628 1164 κεκινημένων
1646 1128 1846 1164 κεφαλαιωδῶς

1042 1176 1172 1208 ἐξειπεῖν,
1188 1175 1259 1212 ἅπερ
1276 1172 1353 1210 οἶμαι
1368 1174 1442 1210 πρὸς
1465 1174 1633 1208 λυσιτελείας
1647 1175 1759 1203 ἔσεσθαι
1785 1177 1847 1207 τοῖς

1041 1222 1245 1258 ἐντευξομένοις
1264 1221 1295 1248 οὐ
1314 1222 1425 1257 μικρᾶς.
1451 1221 1622 1257 Πολυσχιδὴς
1642 1223 1692 1257 μὲν
1717 1222 1774 1257 γὰρ
1795 1222 1846 1249 καλ

1043 1269 1276 1305 πολυπρόσωπος,
1301 1268 1335 1295 ἶν’
1358 1268 1446 1301 οὕτως
1469 1270 1604 1303 εἴπωμεν,
1625 1270 1642 1304 ἡ
1659 1269 1715 1296 τῶν
1734 1269 1847 1305 ’Δρείου

1039 1315 1092 1343 καὶ
1107 1314 1240 1351 Εὑνομίου
1257 1315 1400 1350 δογμάτων
1414 1312 1474 1342 ἐστὶ
1490 1315 1589 1351 πλάνη,
1606 1316 1654 1342 καὶ
1666 1316 1797 1348 ποικίλως
1815 1316 1849 1342 τὸ

1041 1362 1091 1398 τῆς
1111 1361 1241 1396 ἀληθείας
1259 1361 1407 1388 πλάττεται
1433 1361 1536 1396 σχῆμα.
1551 1362 1658 1397 Ὠσπερ
1677 1361 1731 1397 γὰρ
1752 1361 1788 1388 τὰ
1815 1362 1847 1389 ὲν

1041 1409 1098 1440 τοῖς
1123 1406 1244 1446 γυναίοις
1260 1409 1471 1445 ἑταιριζόμενα,
1494 1408 1525 1435 τὸ
1547 1408 1580 1434 ὲκ
1604 1408 1651 1435 τοῦ
1678 1409 1846 1444 πράγματος

1042 1446 1137 1489 αἶσχος
1157 1455 1217 1485 ταῖς
1237 1454 1267 1488 ἐξ
1290 1455 1411 1486 ἐπινοίας
1427 1454 1568 1489 ἀφανίζειν
1587 1454 1699 1489 οἰόμενοι
1721 1454 1846 1490 τέχναις.

1040 1499 1189 1536 ὡραΐζεταί
1210 1509 1240 1527 τε
1261 1501 1309 1527 καὶ
1328 1500 1516 1536 χρισιὰζεται,
1537 1500 1584 1527 καὶ
1608 1501 1666 1532 ταῖς
1687 1500 1780 1532 ἄλλαις
1794 1501 1848 1526 τοῦ

1044 1546 1147 1582 κόσμου
1163 1545 1333 1581 προσθήκαις
1353 1546 1578 1582 εὐπρεπεστάτην
1594 1547 1650 1577 τοῖς
1666 1547 1765 1582 ὁρῶσιν
1783 1547 1849 1572 tm—

1040 1591 1161 1619 δεικνύει
1176 1591 1227 1627 τὴν
1245 1591 1383 1619 ἀπώλειαν
1393 1600 1400 1608 ⁸
1416 1592 1463 1619 τὸν
1483 1592 1565 1619 αὐτὸν
1586 1590 1662 1628 οἶμαι
1678 1592 1780 1627 τρόπον
1796 1593 1850 1618 καὶ

1041 1638 1091 1670 τὰς
1105 1637 1242 1674 ὀλεθρίους
1258 1637 1313 1664 τῶν
1327 1637 1553 1673 ὲτεροδοξούντων
1575 1638 1668 1673 φωνὰς
1683 1638 1714 1664 τὸ
1728 1637 1777 1672 τῆς
1799 1638 1852 1663 εὐη

1043 1684 1152 1717 σεΰείας
1175 1683 1388 1720 σχηματίζεσθαι
1418 1683 1533 1717 κάλλος,
1556 1684 1602 1710 καὶ
1623 1685 1680 1715 τοῖς
1702 1684 1752 1718 τῆς
1775 1683 1850 1718 ἀλη-

1044 1730 1119 1762 θείας
1135 1730 1282 1767 πειρᾶσθαι
1297 1729 1519 1766 περιανθίζεσθαι
1534 1730 1639 1765 λόγοις·
1658 1729 1778 1765 οὐδαμοῦ
1795 1731 1851 1765 μὲν

1043 1775 1138 1802 ὼδίνον
1161 1775 1211 1810 τὴν
1225 1774 1365 1810 ἀλήθειαν,
1381 1774 1483 1801 ἔσωθεν
1505 1774 1535 1801 δὲ
1560 1775 1758 1810 κεκρυμμένην
1783 1775 1852 1810 ἕχον

1043 1822 1094 1857 τὴν
1108 1822 1162 1848 ἀπὸ
1177 1821 1224 1848 τοῦ
1238 1821 1352 1856 ψεύδους
1367 1821 1600 1856 θεοστυγεστάτην
1614 1821 1752 1848 ἀσέϐειαν.
1772 1820 1859 1847 Ἀλλ’

1044 1868 1070 1894 οἱ
1083 1868 1162 1904 νήψει
1176 1869 1210 1904 τῇ
1228 1868 1288 1896 κατ’
1301 1868 1458 1904 έντρέχειαν
1474 1868 1586 1902 λογικὴν
1600 1867 1646 1894 τὸν
1661 1869 1762 1894 οἰκεῖον
1780 1868 1853 1894 ἀνα-

1045 1916 1209 1951 τειχίζοντες
1221 1915 1295 1948 νοῦν,
1307 1916 1364 1947 τοῖς
1383 1915 1433 1950 μὲν
1451 1914 1516 1949 παρ⁴
1527 1914 1641 1941 ἐκείνων
1655 1914 1704 1948 οὐχ
1718 1914 1852 1941 ἁλίσκον-

1045 1970 1091 1988 ται
1107 1961 1207 1996 λόγοις,
1222 1962 1272 1997 τῆς
1287 1961 1317 1988 δὲ
1336 1961 1422 1993 ὅντως
1440 1960 1533 1994 ὑγιοῦς
1549 1960 1635 1995 ἀπρὶξ
1651 1961 1775 1995 ἐχόμενοι
1803 1962 1853 1987 πί-

1047 2015 1151 2039 στεως,
1175 2008 1219 2042 ἐφ’
1242 2007 1350 2038 ἑαυτοῖς
1372 2006 1559 2041 ὰναμέλπουσι
1575 2005 1717 2039 λέγοντες·
1738 2014 1747 2030 ι
1762 2005 1854 2033 Εὐλο-

1046 2053 1128 2089 γητὸς
1147 2053 1250 2088 Κύριος
1272 2053 1301 2085 ὃς
1323 2053 1373 2079 οὐκ
1397 2046 1497 2078 ἐδωκεθ
1514 2052 1589 2086 ἡμᾶς
1614 2052 1654 2083 είς
1679 2051 1764 2087 θήραν
1789 2054 1853 2080 τοῖς

1046 2099 1152 2127 ὀδοῦσιν
1173 2099 1273 2126 αὐτῶν.
1290 2108 1299 2124 ι
1314 2097 1406 2130 Ἔδοξε
1429 2097 1520 2124 τοίνυν
1543 2097 1609 2132 ἡμῖν
1631 2097 1665 2124 τὰ
1681 2098 1712 2124 ὲκ
1728 2097 1853 2132 φιλομα-

1048 2146 1124 2178 θείας
1146 2146 1318 2180 συνενεγκεῖν
1334 2145 1489 2180 εὑρήματα,
1512 2144 1559 2171 καὶ
1575 2144 1780 2179 συγκεχυμένον
1799 2145 1854 2179 μὲν

1047 2193 1174 2228 οὐδαμῶς
1193 2192 1329 2219 συνθεῖναι
1345 2191 1389 2218 τὸν
1407 2191 1496 2225 λόγον.
1513 2191 1723 2226 εὐκρινεστέραν
1738 2191 1766 2218 δὲ
1783 2192 1855 2226 μᾶλ-

1049 2239 1094 2265 λον
1108 2239 1148 2269 είς
1164 2239 1278 2265 ἕκαστον
1292 2238 1346 2264 τῶν
1370 2236 1525 2271 κεφαλαίων
1542 2237 1590 2272 τὴν
1611 2237 1727 2272 βάσανον
1751 2236 1856 2272 ἔχοντα

1051 2284 1237 2319 διεξαγαγεῖν·
1253 2284 1325 2311 οὓτω
1337 2283 1435 2319 γὰριᾶν
1443 2283 1609 2315 εὐσύνοπτός
1625 2291 1654 2309 τε
1671 2283 1717 2310 καὶ
1733 2284 1855 2318 εἰλικρι-

1053 2331 1168 2366 νεστέρα
1180 2332 1237 2362 τοῖς
1255 2330 1478 2366 νφιλακροάμοσιν
1497 2330 1514 2364 ἡ
1539 2329 1592 2355 τῶν
1615 2329 1786 2364 ἐγκειμένων
1803 2331 1854 2364 γέ-

1052 2385 1125 2403 νοιτο
1141 2376 1252 2411 γνῶσις.
1272 2377 1417 2412 Θησαυρδς
1430 2375 1458 2402 δὲ
1472 2375 1511 2411 τῷ
1529 2375 1623 2411 βιϐλίῳ
1639 2376 1735 2410 ὄνομα,
1749 2375 1857 2411 πολλὴν

1053 2422 1212 2458 ἓχοντιτῶν
1232 2422 1311 2448 θείων
1334 2421 1522 2458 θεωρημάτων
1541 2421 1799 2457 τεθησαυρισμένην
1827 2424 1858 2449 ἐν

1053 2468 1142 2503 ἑαυτῷ
1161 2468 1210 2503 τὴν
1228 2467 1348 2502 πληθύν·
1367 2469 1391 2495 εί
1413 2469 1462 2495 καὶ
1479 2468 1586 2504 μέτριοί
1605 2477 1677 2500 τινες
1701 2469 1729 2499 ές
1754 2468 1858 2502 λόγους

1052 2514 1143 2549 ἡμεῖς,
1159 2514 1208 2540 καὶ
1221 2513 1289 2549 προς
1305 2513 1335 2540 τὸ
1348 2513 1479 2541 δύνασθαί
1495 2523 1522 2541 τι
1536 2516 1606 2541 νοεῖν
1624 2515 1653 2541 οὺ
1670 2514 1775 2549 σφόδρα
1791 2523 1858 2551 γορ-

1051 2559 1105 2594 γοί.
1127 2560 1294 2587 Ἀνακείσοω
1307 2560 1335 2587 δὲ
1355 2560 1436 2597 χάρις
1459 2558 1498 2596 τῷ
1521 2561 1609 2588 πάντα
1626 2562 1694 2587 ’πᾶσι
1712 2561 1858 2592 πλουσίως

1051 2605 1215 2641 χορηγοῦντι
1231 2606 1351 2642 Χριστῷ.
1373 2607 1478 2634 Εξδέναι
1493 2607 1522 2634 δὲ
1539 2607 1591 2642 χρὴ
1607 2607 1670 2638 τοὺς
1687 2607 1858 2642 ἐντευξομέ-

1050 2660 1123 2682 νους,
1142 2652 1183 2678 ὅτι
1200 2653 1369 2680 συντέθειται
1388 2653 1448 2688 μὲν,
1470 2653 1540 2680 κατὰ
1555 2653 1604 2687 τὴν
1622 2653 1858 2689 ὑποτεταγμένην

1054 2698 1229 2734 προγραφὴν,
1245 2699 1279 2726 τὰ
1301 2701 1329 2726 ὲν
1345 2700 1384 2735 τῷ
1408 2700 1503 2736 βιϐλίῳ
1520 2700 1666 2734 κεφάλαια.
1687 2700 1858 2735 Περιέχεται

1051 2743 1079 2770 δὲ
1104 2744 1211 2780 ἑκάστῳ
1235 2746 1320 2773 πολλὰ
1340 2747 1410 2782 πρὸς
1429 2747 1474 2774 τὸν
1496 2747 1577 2774 αὑτὸν
1602 2746 1775 2773 συντείνοντα
1799 2747 1857 2773 τῶν

1054 2788 1240 2826 θεωρημάτων
1256 2792 1367 2826 σκοπὸν,
1384 2793 1431 2820 καὶ
1444 2793 1487 2820 διὰ
1503 2793 1603 2821 κύκλου
1622 2793 1667 2820 καὶ
1682 2792 1857 2829 περιδρομῆς

1080 2880 1090 2894 ⁸
1105 2879 1179 2907 Psal.’
1195 2889 1290 2915 cum,
1307 2882 1334 2908 6.
