1920 3031
665 141 693 169 S.
715 141 848 170 CYBILLI
870 139 1099 167 ALEXANDRINI
1119 140 1275 172 ARCIlIEP.

1755 145 1790 172 ει

1094 223 1763 237 —-——*_.—

435 311 494 372 H
534 290 826 374 ΒΙΒΑΟΣ
866 309 1034 373 ΤΩΝ
1074 309 1529 376 ΘΗΣΑΥΡΩΝ

361 440 488 492 ΠΕΡΙ
523 449 630 490 ΤΗΣ
666 446 823 491 ΑΓΙΑΣ
860 448 956 491 ΚΑΙ
993 451 1321 498 ΟΜΟΟΥΣΙΟΥ
1357 454 1598 500 ΤΡΙΑΔΟΣ.
1653 459 1655 461 ’

767 655 1186 714 THESAURUS

499 774 507 779 -
533 786 580 819 DE
603 787 745 822 SANCTA
766 788 813 818 ET
835 789 1179 822 CONSUBSTANTIALI
1201 793 1418 822 TRlNlTATE.

380 978 664 1041 ASSEBTIO
703 983 738 1024 l.
965 985 986 1014 Α

411 1053 449 1082 De
461 1055 546 1089 genito
556 1060 581 1082 ει
592 1056 716 1090 ingenito.

204 1110 252 1146 ιι
279 1109 307 1138 Si
335 1111 427 1138 Ariani
455 1119 504 1138 nos
523 1112 732 1146 aggrediantur,
757 1114 955 1151 interrogantes

171 1148 259 1185 utrum
271 1164 350 1183 unum
361 1156 548 1190 sitingenitum
561 1166 593 1184 an
603 1157 665 1190 duo,
677 1164 706 1184 ut
718 1167 778 1186 cum
790 1168 870 1188 unum
881 1167 955 1190 certe

171 1209 230 1228 esse
245 1202 402 1234 dixerimus,
412 1202 444 1228 ad
454 1201 559 1229 Patrem
573 1203 599 1230 id
611 1203 765 1235 referentes,
776 1205 872 1243 Filium
885 1207 954 1235 inter

172 1252 310 1274 creaturas
318 1247 479 1276 collocemus
488 1257 494 1274 :
502 1248 539 1275 ita
549 1250 708 1283 respondere
714 1257 819 1285 oportet
830 1252 952 1280 frivolam

172 1297 199 1321 ct
210 1292 325 1326 ineptam
337 1292 572 1327 interrogationem
586 1301 660 1322 esse:
677 1297 766 1323 varias
781 1297 852 1324 enim
869 1298 953 1333 signi-

173 1337 313 1365 ﬁcationes
330 1338 411 1365 habet
425 1338 578 1372 ingenitum.
591 1339 658 1366 Nam
672 1340 814 1375 ingenitum
828 1346 869 1369 est
881 1343 951 1377 quod

169 1383 288 1410 nondum
304 1384 411 1418 quidem
427 1384 526 1411 factum
543 1389 593 1417 est,
612 1389 638 1412 ct
654 1390 742 1414 tamen
765 1387 822 1415 ﬂeri
840 1393 928 1423 potest
943 1397 951 1416 :

169 1428 240 1455 sicut
256 1435 271 1455 e
288 1429 360 1464 ligno
374 1431 484 1464 scapha,
500 1436 526 1458 et
541 1438 573 1457 ex
596 1439 650 1459 :crc
672 1437 771 1460 statua.
791 1433 894 1461 Rursus
909 1435 952 1461 in-

169 1474 285 1506 genitum
301 1474 410 1507 dicitur,
430 1475 502 1510 quod
519 1484 656 1511 nunquam
675 1476 774 1505 factum
798 1483 849 1511 est,
867 1486 953 1513 neque

171 1517 228 1544 fieri
245 1523 332 1551 potest
349 1527 356 1545 :
371 1523 409 1551 ut,
422 1520 536 1554 exempli
553 1521 651 1554 gratia,
663 1521 812 1557 triangulus
825 1530 875 1550 nec
888 1523 951 1555 fuit,

170 1570 219 1590 uec
232 1563 285 1590 erit
300 1572 416 1598 unquam
433 1565 645 1599 quadrangulus.
672 1567 757 1594 Simul
784 1568 856 1595 enim
884 1569 953 1603 perit

170 1609 295 1642 trianguli
313 1609 410 1644 figura,
433 1610 484 1637 alia
508 1611 629 1645 quaedam
655 1620 735 1647 quam
755 1617 824 1646 erat,
844 1613 883 1640 fit.
912 1614 951 1640 Ad

169 1654 226 1686 lucc
241 1655 384 1689 ingenitum
406 1655 514 1687 dicitur,
537 1657 607 1691 quod
623 1658 747 1692 quamvis
763 1659 797 1685 sit
823 1663 849 1685 et
865 1658 952 1686 subsi-

169 1704 230 1731 stat,
243 1707 378 1734 nunquam
403 1705 489 1728 tanien
507 1708 538 1728 ex
557 1701 647 1736 aliquo
667 1696 767 1730 factum
804 1703 864 1731 fuit.
882 1704 950 1731 Cum

168 1752 232 1778 ergo
247 1745 337 1771 multis
356 1745 407 1780 12
431 1746 517 1773 modis
535 1747 677 1781 ingenitum
701 1748 841 1782 capiatur,
861 1749 952 1776 dicant

168 1791 233 1827 quid
249 1791 330 1818 velint
343 1792 486 1826 ingenitum
506 1793 532 1818 in
552 1793 605 1819 Dco
625 1794 789 1828 signiﬁcare.
804 1795 841 1822 Ac
863 1795 952 1822 dicent

170 1835 294 1870 fortasse,
312 1838 383 1872 quod
397 1846 532 1873 nunquam
549 1840 669 1874 genitum
689 1841 725 1868 sit
740 1850 746 1868 :
765 1841 880 1869 confessi
894 1842 950 1876 pri—

169 1890 240 1909 utum
256 1890 316 1910 sese
332 1884 440 1912 indocte
465 1885 658 1920 interrogasse.
682 1887 836 1915 Statuamus
860 1888 952 1922 itaque

167 1927 249 1954 etiam
266 1936 348 1955 unum
361 1937 421 1958 esse
436 1931 594 1966 ingenitum.
614 1933 689 1964 Quod
707 1933 728 1960 si
750 1940 783 1960 cx
805 1933 855 1960 hoc
880 1933 951 1960 infc-

169 1977 238 2006 rant,
257 1981 366 2003 necesse
381 1976 491 2005 omnino
512 1984 572 2005 esse
588 1974 616 2004 u't
633 1977 732 2004 factum
746 1978 843 2005 Filium
862 1979 950 2006 conli~

169 2022 283 2051 leamur,
301 2020 426 2054 quoniam
451 2028 520 2048 unus
544 2022 713 2050 solummodo
741 2023 876 2058 ingenitus
898 2027 949 2055 est,

168 2063 294 2091 nimirum
313 2064 410 2098 Pater;
426 2066 482 2092 hzec
503 2072 597 2094 contra
611 2068 721 2094 audient
737 2077 743 2094 :
761 2067 788 2095 Si
807 2068 950 2102 sapientia,

167 2114 196 2138 ct
208 2111 341 2143 virtus,ct
357 2115 465 2140 verbum
480 2112 569 2142 Patris
584 2119 626 2141 est
637 2115 736 2147 Filius;
753 2121 866 2150 eratque
879 2123 951 2143 sem-

169 2163 215 2189 per
231 2156 257 2183 in
270 2156 348 2184 Patre
366 2157 498 2191 Verbum,
515 2164 541 2186 et
551 2160 695 2193 sapientia,
725 2165 752 2187 et
774 2161 859 2188 virtus
877 2170 883 2188 :
898 2169 949 2188 non

169 2200 250 2234 igitur
264 2206 306 2228 est
319 2203 452 2236 posterior
467 2208 527 2230 ortu
544 2203 639 2237 Filius,
655 2205 700 2238 qui
715 2205 771 2231 lucc
789 2204 845 2238 ipsa
868 2209 894 2231 ct
910 2209 951 2232 est

166 2252 193 2272 ‹-ι
209 2253 321 2274 vocatur
337 2256 343 2274 :
360 2249 407 2274 sed
426 2249 650 2281 quemadmodum
663 2257 694 2276 ex
712 2249 766 2277 Deo
780 2249 860 2282 Deus,
876 2256 902 2277 et
918 2251 950 2277 de

167 2291 268 2318 lumine
282 2292 371 2322 lumen
387 2293 496 2325 etfulsit,
513 2294 553 2320 sic
565 2301 595 2321 ex
613 2302 664 2321 non
688 2294 760 2321 facto
775 2303 826 2322 non
845 2295 946 2322 factus.

166 2335 230 2363 Tale
245 2345 360 2372 namque
375 2343 480 2373 oportet
492 2346 551 2366 esse
562 2337 690 2371 Verbum,
705 2339 794 2374 qualis
812 2340 892 2368 etiam
908 2345 949 2368 est

167 2383 212 2416 qui
228 2382 316 2416 ipsum
337 2385 439 2417 genuit.
455 2384 493 2411 Ita
507 2385 578 2411 enim
597 2385 622 2412 id
636 2386 706 2420 quod
719 2385 806 2413 Patris
820 2386 946 2414 substan-

167 2427 210 2453 tia:
225 2428 361 2462 proprium
376 2433 427 2459 est.
454 2437 517 2457 vere
531 2430 636 2457 dicetur
658 2431 683 2458 in
711 2438 743 2458 eo
762 2439 832 2463 esse,
850 2432 895 2466 qui
915 2439 948 2459 ex

166 2471 224 2506 ipso
239 2473 345 2507 genitus
359 2480 410 2501 est.
433 2474 503 2502 Nihil
520 2475 600 2510 igitur
609 2476 697 2503 obstat
722 2477 866 2512 quominus
886 2486 947 2504 cum

167 2527 234 2546 IIIIIIS
252 2519 286 2546 sit
310 2519 390 2547 Pater
406 2529 458 2548 non
483 2521 581 2555 factus,
595 2522 712 2550 Verbum
729 2524 810 2551 etiam
827 2525 897 2558 quod
914 2532 946 2551 ex

165 2564 223 2596 ipso
236 2569 288 2597 est,
304 2572 356 2591 non
373 2566 407 2592 sit
421 2566 520 2594 factum
551 2577 557 2594 :
573 2569 670 2604 quippe
684 2569 754 2604 quod
782 2577 864 2596 unum
882 2577 942 2596 cum

153 2609 245 2637 ‘Patre
261 2615 288 2638 et
303 2611 329 2637 in
346 2611 424 2639 Patre
441 2618 550 2648 propter
570 2619 680 2649 naturze
692 2616 946 2642 incommutabilita-

167 2660 218 2681 tem
233 2663 293 2683 esse
307 2657 475 2692 intelligitur.
486 2659 560 2693 Quod
572 2661 679 2694 quidem
699 2661 779 2688 etiam
799 2661 855 2694 ipse
866 2661 899 2687 de
918 2667 946 2687 se

963 2371 983 2399 C

166 2701 203 2726 ait
221 2709 228 2727 ε
246 2710 255 2727 ι
277 2701 332 2737 Ego
359 2709 385 2730 et
411 2703 491 2732 Pater
512 2713 593 2732 unum
616 2713 709 2733 sumus
724 2707 744 2732 ⁵.
762 2715 770 2732 ι
790 2705 855 2732 Nam
886 2713 945 2738 per.

165 2752 266 2779 unum,
292 2746 457 2776 identiiatem
482 2750 639 2778 substantia:
667 2750 848 2786 signiﬁcavit;
881 2757 944 2784 ιιοτ,

196 2834 208 2850 ⁵
219 2833 294 2862 Joan.
315 2844 339 2869 κ,
356 2835 400 2863 50.

1168 983 1349 1026 ΛΟΓΟΣ
1388 985 1620 1029 ΠΡΩΤΟΣ.

1172 1053 1243 1087 Περὶ
1261 1055 1387 1088 γενηῖοῦ
1406 1056 1454 1082 καὶ
1475 1056 1632 1091 circi-11101).

1042 1109 1072 1136 Εἰ
1095 1109 1225 1146 διερωτᾷν
1248 1112 1323 1146 ἡμᾶς
1345 1113 1508 1147 ἐπιχειροῖεν
1526 1114 1681 1149 Ἀρειανοὶν,
1706 1114 1736 1141 ἓν
1761 1114 1795 1142 τδ

1005 1155 1162 1191 ἀγένητονῆ
1177 1156 1233 1189 δύο,
1253 1157 1297 1184 ἵνα
1315 1158 1393 1192 δῆθεν
1409 1158 1438 1185 ἓν
1453 1159 1574 1191 εἰπόντες
1596 1159 1671 1192 αὐτὸ,
1690 1160 1737 1186 καὶ
1752 1161 1794 1192 εἷς

1004 1201 1049 1228 τὸν
1060 1202 1169 1238 Πατέρα
1183 1203 1321 1238 φέροντες,
1335 1205 1364 1230 ὲν
1378 1206 1434 1236 τοῖς
1443 1206 1566 1240 γενητοῖς
1579 1205 1793 1242 καταριθμήσω-

1006 1256 1055 1282 μεν
1076 1248 1120 1274 τὸν
1137 1249 1211 1280 Υἰδν,
1226 1248 1426 1285 ἀποκρίνασθαι
1450 1251 1504 1286 χρὴ
1525 1250 1653 1277 τοιῶεδε·
1680 1252 1794 1286 πρῶτον

1005 1292 1054 1326 μὲν
1078 1290 1124 1319 οὖν
1148 1293 1256 1330 ἀμαθὴς
1281 1295 1328 1321 καὶ
1348 1296 1539 1331 ἀπαίδευτοςή
1556 1296 1706 1332 ὲρώτησις’
1720 1296 1793 1324 κατὰ

1004 1335 1087 1363 πολλὰ
1101 1337 1154 1372 γὰρ
1166 1339 1350 1373 σημαινόμενα
1377 1339 1407 1366 τὸ
1421 1340 1566 1374 ἀγένητον
1579 1340 1790 1375 ὲκλαμόάνεται.

1009 1382 1166 1415 Ἀγέγητόν
1182 1384 1239 1410 ἐστι
1253 1384 1283 1410 τὸ
1303 1386 1386 1420 μήπω
1407 1386 1456 1419 μὲν
1477 1386 1632 1420 γενόμενον,
1649 1386 1793 1421 ἐνδεχόμε-

1002 1436 1047 1454 νον
1060 1428 1088 1454 δὲ
1100 1429 1236 1462 γενέσθαι,
1252 1429 1289 1461 ὡς
1301 1431 1354 1456 ἀπὸ
1373 1430 1452 1462 ξύλου
1469 1423 1581 1466 σκᾶφος,
1598 1432 1614 1466 ἢ
1635 1433 1666 1458 ἐκ
1687 1432 1791 1468 χαλκοῦ

1002 1473 1121 1514 ἀνδριάςε
1138 1475 1193 1501 Καὶ
1209 1475 1288 1502 πάλιν
1305 1476 1450 1510 ἀγένητον
1461 1476 1569 1510 λέγεται
1585 1477 1616 1504 τὸ
1633 1478 1701 1513 μήτε
1717 1479 1792 1512 γενό-

1003 1527 1083 1554 μενον
1097 1519 1216 1551 πώποτε,
1236 1521 1305 1555 μήτε
1321 1520 1373 1555 μὴν
1398 1521 1523 1554 γενέσθαι
1537 1522 1687 1558 δυνάμενον
1698 1530 1705 1536 ·
1723 1523 1791 1558 φέρε

1001 1566 1098 1597 εἰπεῖν,
1117 1566 1147 1592 τὺ
1165 1567 1296 1602 τρίγωνον
1312 1568 1403 1602 σχῆμα
1416 1569 1447 1594 οὑ
1466 1569 1560 1602 γέγονὲ
1578 1578 1642 1596 ποτε
1655 1570 1792 1605 τετράγω-

1002 1618 1058 1642 νον,
1078 1609 1132 1636 οὒτ’
1149 1610 1181 1637 ἂν
1199 1611 1303 1644 γένοιτό
1320 1619 1402 1638 ποτε·
1419 1612 1478 1647 ἅμα
1492 1612 1546 1648 γὰρ
1566 1614 1727 1647 ἀφανξζεται
1741 1614 1790 1640 τοῦ

1002 1654 1135 1689 τριγώνου
1151 1654 1180 1680 τὸ
1193 1655 1295 1689 σχῆμα,
1313 1655 1405 1691 ἕτερον
1421 1665 1445 1682 τι
1462 1657 1526 1691 παρ’
1541 1657 1609 1692 ὅπερ
1625 1655 1658 1692 ἧν
1673 1658 1791 1691 γίνεται.

971 1691 990 1719 Β
1002 1700 1119 1734 Λέγεται
1137 1701 1218 1728 πάλιν
1240 1701 1398 1736 ἀγένητον,
1413 1702 1444 1728 τὺ
1459 1703 1581 1738 ὑπάρχον
1596 1691 1647 1738 μὲν
1665 1704 1712 1730 καὶ
1730 1704 1788 1738 ὑφ-
1806 1711 1814 1716 '

1001 1745 1126 1782 εστῃκὸς,
1137 1746 1174 1782 μὴ
1188 1747 1240 1782 μὴν
1249 1748 1431 1783 γεγενημένον
1439 1748 1491 1774 ὑπό
1501 1749 1663 1780 τινος.Κατὰ
1675 1748 1791 1780 πολλοὺς

1001 1792 1145 1828 τοιγαροῦν
1168 1793 1310 1828 νοουμένου
1328 1794 1444 1828 τρόπους
1459 1794 1506 1820 τοῦ
1525 1790 1680 1828 ἀγενήτόυ,
1693 1794 1720 1820 τί
1735 1795 1790 1828 ἄρα

1004 1837 1146 1872 σημαίνειν
1162 1838 1208 1865 ἐπὶ
1219 1838 1285 1865 Θεοῦ
1303 1838 1441 1873 βούλονται
1457 1840 1497 1871 τὸ,
1518 1839 1683 1874 ἀγένητονξ
1711 1839 1789 1866 Ἀλλ’

1003 1882 1068 1914 ἴσως
1092 1883 1123 1909 τὴ
1149 1883 1186 1918 μὴ
1207 1884 1370 1919 γεγενῆσθαι
1395 1885 1546 1920 φήσουσιν,
1573 1886 1790 1921 ὁμολογήσαντες

1003 1930 1135 1965 πρότερον
1155 1930 1323 1962 ἀπαιδεύτως
1345 1931 1510 1966 πεποιῆσθαι
1532 1932 1581 1968 τὴν
1606 1931 1787 1967 ὲπερώτησιν.

1002 1974 1129 2008 Λεγέσοω
1141 1974 1229 2000 τοίνυν
1247 1975 1293 2002 καὶ
1317 1976 1381 2010 παρ’
1399 1977 1476 2010 ἡμῶν
1493 1977 1533 2002 ὅτι
1551 1976 1578 2002 ἓν
1601 1976 1630 2002 τὸ
1645 1976 1789 2012 ἀγένητον.

1002 2019 1033 2045 Εἰ
1056 2019 1083 2045 δὲ
1107 2019 1173 2054 πρὸς
1188 2019 1267 2046 τοῦτο
1282 2021 1369 2054 φαῖεν,
1384 2021 1489 2048 Οὐκοῦν
1507 2022 1613 2056 ἀνάγκη
1639 2022 1708 2048 πᾶσα
1727 2030 1790 2048 συν-

1001 2065 1140 2098 ομολογεῖν
1156 2065 1318 2100 γεγενῆσθαι
1338 2066 1382 2092 τὸν
1403 2066 1477 2098 Υἱδν,
1494 2067 1587 2101 ἐπειδὴ
1609 2067 1639 2093 τὸ
1655 2067 1788 2102 ἀγένητον

1002 2110 1040 2141 ἓν,
1055 2111 1122 2146 ὅπερ
1142 2111 1215 2137 ἐστὶν
1238 2112 1252 2137 ὁ
1275 2111 1378 2148 Πατὴρ,
1394 2112 1605 2139 ἀντακούσονται
1631 2113 1730 2139 πάλινσ
1756 2113 1788 2138 Εἰ

1003 2155 1081 2189 σοφία
1098 2155 1145 2182 καὶ
1163 2155 1285 2190 δύναμις,
1308 2157 1354 2182 καὶ
1377 2156 1454 2190 λόγος
1476 2156 1521 2182 τοῦ
1546 2156 1652 2190 Πατρός
1675 2156 1750 2182 ἐστιν
1774 2156 1788 2182 6

1002 2200 1080 2231 Υἱός·
1096 2198 1130 2235 ἦν
1150 2200 1178 2226 δὲ
1193 2201 1236 2227 ἀεὶ
1256 2201 1284 2227 ὲν
1303 2201 1390 2236 Πατρὶ
1406 2201 1493 2235 λόγος,
1516 2201 1563 2227 καὶ
1579 2201 1668 2235 σοφία,
1683 2201 1730 2227 καὶ
1743 2200 1789 2226 δύ-

1001 2254 1092 2280 ναμις,
1104 2246 1154 2272 οὐκ
1169 2246 1326 2280 ὲπιγέγονεν
1341 2244 1386 2272 οὖν
1403 2247 1416 2273 ὁ
1433 2247 1506 2278 Υἱὸς,
1521 2246 1550 2278 ὃς
1567 2245 1653 2272 ταῦτά
1667 2246 1726 2272 ἐστι
1739 2246 1788 2272 καὶ

1001 2291 1209 2318 καλεῖται.Ἀλλ’
1224 2291 1318 2326 ὥσπερ
1341 2291 1373 2317 ἐκ
1391 2290 1457 2316 Θεοῦ
1481 2290 1557 2321 Θεὸς.
1573 2291 1619 2316 καὶ
1641 2291 1674 2316 ὲκ
1699 2289 1788 2324 φωτὸς

1001 2335 1136 2371 ἐξέλαμψε
1153 2335 1220 2369 φῶς,
1238 2334 1309 2362 οὕτω
1323 2335 1370 2362 καὶ
1389 2334 1420 2367 ἐξ
1437 2334 1567 2369 ἀγενήτου
1582 2334 1723 2369 ἀγένητος.
1741 2334 1788 2360 Δεῖ

1002 2382 1054 2416 γὰρ
1067 2379 1135 2407 εἶναι
1149 2380 1268 2407 τοιοῦτον
1287 2380 1333 2406 τὸν
1344 2380 1439 2414 Λόγον,
1454 2380 1545 2411 ὁποῖός
1561 2380 1618 2405 ἐστι
1635 2379 1683 2405 καὶ
1696 2380 1710 2406 ὁ
1726 2387 1788 2413 γεν-

1001 2429 1085 2463 νήσας
1101 2427 1190 2454 αὐτόν.
1206 2426 1283 2453 Οὕτω
1295 2427 1349 2462 γὰρ
1364 2427 1396 2453 ἂν
1409 2426 1438 2453 τὸ
1448 2426 1497 2461 τῆς
1511 2425 1558 2452 τοῦ
1573 2425 1679 2460 Πατρὸς
1692 2425 1787 2456 οὐσίας

1001 2474 1111 2508 γνήσιον
1125 2473 1318 2507 ὲπαληθεύοιτο
1332 2473 1370 2507 τῷ
1390 2472 1419 2504 ἐξ
1437 2471 1518 2498 αὐτοῦ
1533 2470 1704 2506 γεννωμένῳ.
1725 2470 1787 2496 Κω-

1001 2519 1058 2545 λύει
1081 2518 1171 2545 τοίνυν
1193 2518 1269 2545 οὐδὲν
1285 2518 1343 2550 ἑνδς
1355 2518 1430 2550 ὄντος
1452 2517 1498 2544 τοῦ
1521 2518 1652 2552 ἀγενήτου
1668 2515 1784 2551 [ἰατρὸς.

1000 2565 1132 2600 ἀγένητον
1145 2562 1213 2591 εἶναι
1226 2564 1272 2591 καὶ
1288 2564 1334 2590 τὸν
1344 2563 1374 2595 ὲξ
1387 2563 1468 2590 αὑτοῦ
1479 2563 1574 2597 Λόγον,
1582 2563 1618 2594 ὡς
1634 2562 1662 2588 ἓν
1676 2570 1701 2588 τι
1717 2561 1787 2596 μετὰ

1001 2612 1106 2647 Πατρὸς
1130 2612 1177 2638 καὶ
1192 2611 1221 2638 ὲν
1237 2611 1325 2645 Πατρὶ
1345 2609 1487 2644 νοούμενον
1502 2608 1547 2634 διὰ
1559 2609 1589 2634 τὸ
1609 2608 1657 2642 τῆς
1677 2606 1785 2642 φύσεως

1000 2657 1225 2692 ἀπαράλλακτον·
1239 2655 1254 2682 ὃ
1275 2655 1308 2688 δὴ
1331 2654 1377 2681 καὶ
1399 2653 1479 2685 αὐτὸς
1493 2653 1556 2688 περὶ
1575 2652 1670 2679 ἑαυτοῦ
1686 2659 1783 2686 φησιν·

1004 2713 1012 2728 ι
1025 2702 1095 2736 Ἐγὼ
1111 2702 1158 2729 καὶ
1169 2703 1183 2728 ὁ
1196 2702 1289 2736 Πατὴρ
1306 2700 1334 2727 ἓν
1350 2700 1442 2735 ἐσμεν,
1457 2709 1466 2725 ›
1481 2699 1525 2725 διὰ
1546 2699 1594 2734 μὲν
1608 2698 1665 2731 τοῦ,
1679 2697 1724 2729 ἓν,
1735 2698 1785 2731 τὴν

1000 2748 1150 2784 ταυτότητα
1167 2747 1216 2783 τῆς
1231 2746 1324 2779 οὐσίας
1339 2745 1491 2781 σημαίνων·
1506 2745 1548 2771 διὰ
1565 2744 1592 2771 δὲ
1609 2743 1664 2776 τοῦ,
1678 2743 1784 2778 ἐσμὲν,
