1920 3031
203 156 235 183 ‘17
421 162 427 167 '
696 152 724 180 S.
744 151 882 180 CYRILLI
902 150 1138 178 ALEXANDRINI
1159 151 1319 178 ARCHIEP.
1797 157 1838 184 ᾖε

203 218 256 246 est,
269 214 313 241 Dei
328 212 470 248 appellatio
488 211 524 239 sit
541 211 681 244 sumenda,
697 211 758 238 inde
773 210 860 237 cuivis
881 209 986 244 perspi-

1045 210 1073 235 Εἴ
1086 218 1127 241 τις
1143 210 1196 245 γὰρ
1213 210 1321 245 ἐκείνην
1342 210 1392 246 τὴν
1412 211 1549 247 ἄφραστον
1571 212 1618 240 καὶ
1639 213 1838 250 ἀκατάληπτον

202 267 281 286 cuum
297 258 377 286 luerit
391 278 398 285 .
415 257 514 292 Siquis
529 257 600 284 enim
618 256 689 283 illam
708 255 868 282 ineffabilem
887 255 989 281 incom—

203 305 467 340 prclteusibiletuque
484 309 610 331 naturam
628 308 705 330 vocet
716 303 813 334 Deum,
826 301 901 328 abeo
920 301 989 335 quod

201 355 244 378 cst
261 355 332 378 recte
346 350 478 381 nominat.
508 353 534 375 cl
548 355 609 375 cum
628 347 710 374 Deum
727 346 806 377 dixit,
824 346 896 372 illam
913 350 990 372 natu-

203 405 261 424 ram
274 396 443 432 signiﬁcavit.
467 395 496 422 Si
515 395 576 430 quis
591 401 655 421 vero
677 393 711 420 ab
729 401 762 420 eo
778 393 849 428 quod
875 399 926 419 nor:
949 397 990 419 est

203 450 264 470 eum
281 443 420 470 nominare
444 441 570 472 voluerit,
591 441 762 467 innocentem
792 438 833 466 vel
865 439 987 472 indepra-

203 492 294 515 vatum
307 495 368 514 eum
382 486 527 521 appellans,
540 492 572 512 eo
590 485 662 519 quod
685 484 750 511 nihil
770 483 831 510 mali
846 483 886 510 vel
912 483 987 518 pravi

205 533 231 560 in
243 541 273 560 ea
303 532 355 563 sit.
377 539 441 559 vere
465 531 572 566 quidem
592 531 702 562 dixerit,
724 530 772 558 sed
799 537 850 557 non
877 529 988 556 omnino

205 582 286 604 Deum
305 577 480 612 signiﬁcabit.
507 575 579 603 Sunt
591 576 664 604 enim
683 576 762 602 etiam
779 575 851 602 inter
866 574 988 606 homines

205 624 337 655 nonnulli,
351 623 413 650 mali
429 628 455 650 et
470 623 612 658 pravitatis
627 627 760 656 expertes.
772 619 906 654 Ejusmodi
923 627 988 647 vero

203 669 283 696 etiam
301 673 410 696 sanctos
427 668 536 704 angelos
550 675 611 696 esse
627 668 772 696 credimus.
787 667 883 694 Verius
898 669 988 702 itaque

205 716 343 750 magisque
367 715 474 749 proprie
488 716 521 741 al)
543 714 576 741 iis
589 721 648 748 qua:
659 718 711 746 est,
728 721 807 748 quam
832 713 864 740 ab
880 713 914 740 iis
928 721 989 748 ψιῶ

203 764 318 793 αοιιρει,
342 759 549 793 signiﬁcabitur.

500 804 552 841 ιι
572 803 686 831 ALIUD.

237 851 335 879 Beatus
355 852 435 879 David
448 851 610 886 psallitct’ad
623 850 719 877 Filium
735 850 815 878 dicit:
832 859 841 876 ι
860 849 986 884 Propter-

202 905 232 926 ea
253 899 331 924 unxit
347 903 371 924 te
384 898 464 929 Deus,
481 898 551 924 Dens
570 903 631 924 tuus
651 897 710 924 oleo
727 887 987 931 exsttltatiOIiisqira:

202 943 440 978 participibustuis
450 943 488 970 '.i
501 943 528 971 Si
540 951 605 978 ergo
621 944 756 971 diversum
766 948 807 970 est
818 944 889 978 quod
905 944 989 978 parti—

202 990 273 1024 cipat
291 990 323 1017 ab
336 997 368 1017 eo
381 990 451 1024 quod
468 991 645 1025 participatur
660 1000 667 1017 :
685 990 757 1017 aliud
784 990 863 1018 enim.
885 990 911 1017 in
934 990 987 1018 alio

203 1035 458 1070 iutelligeudumcst
477 1044 483 1061 :
502 1035 639 1070 particeps
649 1039 737 1062 autent
758 1035 786 1062 ﬁt
801 1041 926 1063 creatura
944 1035 988 1062 Fi-

204 1082 244 1114 lii,
263 1081 386 1108 diversus
403 1081 524 1115 profecto
536 1081 618 1109 fuerit
632 1089 646 1108 a
665 1087 788 1109 creatura
802 1089 861 1116 quae
874 1081 914 1108 sui
927 1089 988 1116 par—

204 1129 288 1163 ticeps
300 1129 338 1156 ﬁt.
353 1128 485 1162 Quocirca
505 1136 590 1164 neque
603 1134 721 1156 ert-atus.
748 1129 776 1156 Si
796 1137 860 1156 vero
873 1137 924 1156 non
947 1134 988 1156 est

202 1174 327 1202 diversus
339 1175 373 1202 ab
394 1174 438 1201 illa
458 1174 555 1204 Filius.
576 1182 664 1210 neque
694 1175 841 1202 secundum
864 1179 987 1201 naturam

203 1221 236 1248 ab
247 1229 277 1248 ca
294 1222 448 1254 distinctus,
467 1222 528 1256 quis
550 1227 592 1249 est
606 1230 671 1250 usus
694 1222 930 1258 participationis?
947 1223 988 1250 vel
1006 1242 1008 1245 -

203 1268 336 1302 quomodo
353 1267 414 1301 quis
423 1268 560 1302 particeps
576 1267 690 1303 ﬁatejus
708 1269 778 1303 quod
803 1269 915 1304 ipsemet
928 1269 989 1296 est?

395 1332 679 1378 ASSEBTIO
718 1334 784 1377 II.

237 1407 314 1440 Quod
328 1407 471 1442 ingenitum
488 1415 539 1434 non
553 1408 586 1434 si!
598 1408 756 1441 substantia,
771 1408 818 1435 sed
836 1409 989 1437 subslanu'a:

500 1443 715 1477 simti/icativum.

237 1499 386 1534 lngeuitum
401 1499 477 1534 quasi
503 1501 665 1536 principium
684 1506 711 1528 et
731 1509 813 1529 causa
847 1507 874 1530 et
889 1503 989 1530 intelli-

1042 256 1121 290 φύσιν
1140 256 1235 291 καλοίη
1263 257 1339 289 Θεὸν,
1359 257 1406 292 ἀφ’
1423 256 1461 284 ὧν
1484 258 1557 286 ἐστιν
1574 259 1702 295 ὀνομάζει
1729 262 1837 294 καλῶς,

1041 302 1086 328 καὶ
1103 302 1168 329 Θεὸν
1187 302 1280 334 εἰπὼν,
1299 303 1407 335 πάντως
1420 304 1527 340 ἐκείνην
1542 306 1679 341 ἐσήμηνεν
1690 316 1696 322 ·
1711 309 1736 334 εἰ
1750 308 1778 334 δέ
1791 318 1837 340 τις

1039 349 1086 383 ἀφ’
1096 346 1134 376 ὧν
1151 350 1201 377 οὐκ
1212 350 1285 377 ἔστιν
1299 351 1450 387 ἐπιχειροίη
1466 352 1609 387 σημαίνειν
1622 353 1718 389 αὐτὴν,
1728 354 1837 381 ἄκακον

1040 396 1086 423 καὶ
1098 397 1234 433 ἀπόνηρον
1252 397 1338 432 λέγων
1353 398 1397 425 διὰ
1412 398 1442 425 τὸ
1460 399 1496 434 μὴ
1512 399 1610 426 κακίαν
1624 399 1639 435 ἢ
1654 401 1790 437 πονηρίαν
1805 402 1842 427 ὲν-

1038 442 1108 477 αὑτῇ
1124 439 1210 474 εἶναι,
1227 442 1371 478 ἀληθεύσει
1389 443 1448 479 μὲν,
1467 443 1524 470 ἀλλ’
1541 443 1571 470 οὺ
1599 444 1708 476 πάντως
1733 444 1836 480 μηνύει

1038 487 1084 514 τὸν
1095 487 1161 514 Θεόν
1172 496 1178 504 ·
1195 489 1248 516 είσὶ
1259 488 1313 523 γὰρ
1321 490 1370 517 καὶ
1383 490 1411 516 ἐν
1425 489 1578 525 ἀνθρώποις
1593 490 1691 517 ἄκακοι
1708 491 1756 518 καὶ
1767 491 1836 518 ἀπό-

1039 541 1127 568 νηροι.
1138 533 1278 566 Τοιούτους
1292 535 1320 561 δὲ
1336 533 1406 562 εἶναι
1425 535 1587 571 πιστεύομεν
1603 537 1722 569 καὶτοὺς
1737 537 1836 572 ἁγίους

1039 580 1179 613 ἀγγέλους.
1201 581 1304 607 Οὐκοῦν
1320 582 1366 616 ἀφ’
1382 578 1419 608 ὧν
1433 582 1516 615 ἐστιν,
1531 582 1547 617 ἢ
1563 583 1608 616 ἀφ’
1623 579 1661 609 ὧν
1677 583 1728 610 οὐκ
1746 584 1835 616 ἐστιν,

1039 625 1218 662 ἀληθέστερον
1229 627 1276 654 καὶ
1289 627 1452 663 οἰκειότερον
1467 628 1682 664 σημανθήσεται.

1382 808 1485 834 ΑΛΛΟκ.

1079 855 1108 880 '0
1121 855 1254 890 μακάριος
1262 855 1343 882 Δασιδ
1353 855 1460 890 ψάλλει,
1472 855 1518 882 καί
1531 864 1596 890 φησι
1612 856 1679 892 πρὸς
1689 856 1735 883 τὸν
1747 857 1814 884 Υἱόν
1828 875 1845 884 ..

1042 910 1050 926 ι
1065 901 1115 927 Διὰ
1137 900 1216 927 τοῦτο
1241 900 1332 936 ἔχρισε
1358 910 1387 928 σε
1406 903 1420 928 6
1440 901 1515 935 Θεὸς,
1546 903 1560 929 6
1577 902 1643 934 Θεός
1669 911 1717 929 σου
1741 903 1835 930 ἔλαιον

1038 947 1222 982 ἀγαλλιάσεως
1247 949 1323 984 παρὰ
1345 949 1408 980 τοὺς
1435 949 1565 984 μετόχους
1583 958 1638 977 σου.
1655 959 1664 975 ι
1690 950 1720 976 Ei
1740 950 1844 977 τοίνυν

1038 994 1130 1028 ἔτερόν
1144 994 1170 1021 τί
1181 995 1238 1022 ἐστι
1252 995 1282 1022 τὸ
1299 996 1412 1032 μετέχον
1435 997 1508 1033 παρὰ
1521 997 1552 1024 τὸ
1568 997 1836 1033 μετεχόμενον·ἀ>.>.ο

1038 1041 1092 1076 γὰρ
1107 1042 1135 1067 ἐν
1151 1041 1224 1077 ἄλλῳ
1241 1042 1360 1069 νοεῖσθαι
1380 1044 1443 1079 χρή·
1462 1043 1569 1079 μετέχει
1591 1044 1619 1070 δὲ
1641 1045 1657 1079 ή
1676 1044 1766 1075 κτίσις
1783 1044 1835 1070 τού

1039 1087 1116 1120 Tia-3,
1132 1088 1225 1124 ἕτερος
1239 1088 1271 1114 ἂν
1288 1088 1329 1123 εἴη
1347 1089 1422 1124 παρὰ
1431 1089 1479 1124 τήν
1495 1089 1662 1124 μετέχουσαν
1675 1089 1758 1115 αὑτοῦ
1771 1089 1834 1115 κτί-

1040 1142 1096 1160 σιν·
1115 1134 1213 1161 οὐκοῦν
1236 1135 1297 1162 οὐδὲ
1321 1135 1442 1170 γενητύς.
1461 1135 1492 1162 Ei
1519 1135 1548 1162 δὲ
1571 1136 1621 1162 οὐκ
1645 1136 1719 1162 ἔστιν
1736 1135 1835 1170 ἕτερος

1039 1181 1104 1215 παρ’
1119 1181 1226 1217 ἐκείνην
1238 1183 1251 1208 6
1268 1181 1338 1213 Υἱὸς,
1356 1182 1403 1208 καὶ
1415 1182 1484 1208 κατὰ
1500 1182 1581 1216 φύσιν
1596 1182 1680 1217 αὐτῆς
1695 1181 1835 1217 διῃρημέ-

1038 1235 1091 1258 νος.
1111 1226 1157 1258 τίς.
1174 1228 1192 1262 ὴ
1213 1227 1292 1262 χρεία
1305 1228 1354 1262 τῆς
1372 1228 1508 1263 μετοχῆς;
1526 1227 1541 1263 ἢ
1562 1227 1620 1259 πῶς
1633 1227 1665 1255 ἄν
1683 1236 1724 1259 τις
1745 1227 1836 1262 μετὰ-

1040 1273 1098 1308 σχοι
1112 1272 1158 1300 τοῦ
1173 1273 1242 1309 ὅπερ
1255 1273 1327 1300 ἐστὶν
1347 1273 1444 1306 abi-6;;
1528 1266 1534 1272 ’

1298 1336 1480 1378 ΛΟΓΟΣ
1518 1337 1572 1378 Βι.

1089 1415 1150 1441 ’Ότι
1168 1413 1201 1440 τὸ
1220 1413 1367 1449 ἀγένητον
1386 1415 1442 1441 οὐκ
1461 1414 1563 1447 οὐσία,
1583 1414 1652 1442 ἀλλ’
1673 1415 1783 1448 οὐσίτις

1335 1450 1532 1484 σημαντικόν.

1074 1508 1110 1534 Τὸ
1134 1507 1265 1543 ἀγένητον
1288 1507 1326 1538 ὡς
1349 1506 1421 1542 ἀρχὴ
1447 1507 1494 1533 καὶ
1518 1506 1605 1533 αἴτιον
1621 1507 1723 1534 νοεῖταί
1737 1516 1767 1534 τε
1785 1508 1833 1534 καὶ

202 1545 273 1580 gitur
286 1549 314 1572 et
328 1549 379 1572 est.
396 1543 503 1572 Nullam
517 1552 606 1573 autetn
626 1547 797 1583 principium,
819 1548 845 1575 itt
858 1555 986 1584 quantum

1045 1553 1122 1580 ἔστιν.
1143 1553 1264 1588 Οὐδεμία
1277 1553 1305 1580 δὲ
1318 1552 1399 1587 ἀ-ρχὴ,
1416 1552 1482 1578 καοὺ
1505 1553 1575 1588 ἀρχή
1594 1554 1678 1583 ἐστιν,
1694 1553 1788 1588 ὅμοιόν
1806 1562 1833 1579 τι

203 1591 365 1627 principium
394 1596 448 1624 est,
474 1592 563 1620 simile
587 1593 690 1627 aliquid
708 1594 813 1628 sibiipsi
839 1600 886 1622 aut
911 1595 990 1623 dissi-

203 1638 265 1665 mile
281 1638 425 1673 signiﬁcat.
439 1638 474 1665 At
489 1646 554 1666 vero
565 1646 618 1666 vox
637 1639 704 1671 lucc,
725 1640 881 1674 iugenilum,
905 1642 990 1677 signi-

203 1684 265 1712 ﬁcat
279 1684 305 1712 id
323 1685 394 1719 quod
413 1689 535 1712 creatum
560 1690 612 1717 est,
639 1685 770 1713 dissimile
792 1686 842 1714 sibi
859 1693 990 1720 esse;est

202 1732 274 1758 enim
295 1731 346 1759 hoc
361 1731 385 1759 ei
401 1732 567 1766 oppositum.
592 1731 649 1759 Non
667 1737 708 1759 est.
735 1733 817 1767 igitur
839 1733 988 1768 ingenitum

202 1778 366 1811 substantia,
384 1777 432 1806 sed
445 1778 629 1806 substantiam
647 1779 690 1805 cui
708 1779 854 1814 opponitur
876 1788 928 1807 non
952 1780 990 1807 ita

203 1832 232 1853 sc
249 1825 351 1854 habere
361 1825 507 1861 signiﬁcat.

535 1871 651 1900 ALIUD.

238 1917 314 1953 Quod
331 1918 439 1952 quidem
455 1917 603 1953 ingenitum
619 1918 768 1946 substantia
791 1926 842 1946 non
865 1919 909 1951 sit,
930 1921 988 1955 jam

201 1969 341 1991 ostensum
358 1969 410 1991 est.
427 1964 480 1991 Sed
497 1965 567 1992 dicet
601 1965 718 1992 forsitan
743 1965 851 2000 aliquis,
865 1966 989 1993 substan-

203 2010 266 2036 tiam
284 2010 392 2044 quidem
408 2018 460 2037 non
481 2018 553 2043 esse,
574 2011 621 2038 sed
646 2010 836 2040 diﬂ'erentiam.
855 2011 988 2039 Cancrum

201 2056 282 2083 etiam
304 2057 354 2083 ltoc
371 2056 488 2084 absurde
505 2056 596 2084 dicere
615 2057 784 2085 ostendetur.
797 2057 826 2084 Si
841 2057 913 2087 enim
930 2065 989 2090 om-

202 2102 245 2130 nis
256 2101 406 2129 ditl'erentia
429 2102 502 2130 circa
528 2104 695 2131 substantias
720 2103 760 2136 ﬁt,
784 2104 929 2138 quaerenda
947 2107 990 2131 est

202 2148 367 2180 substantia,
382 2147 460 2183 cujus
474 2147 626 2176 differentia
637 2148 673 2176 sit
690 2148 850 2184 ingenitum.
866 2149 988 2184 Exempli

202 2194 298 2228 gratia,
312 2194 425 2222 deﬁnias
440 2194 541 2221 animal
559 2194 610 2222 hoc
627 2199 706 2229 pacto
723 2203 729 2221 :
748 2195 902 2222 substantia
928 2195 988 2222 ani-

1041 1601 1122 1635 ὲαυτῇ
1149 1599 1165 1634 ἦ
1190 1600 1316 1634 ἀνόμοιον
1340 1599 1517 1634 emtam-2t.“
1540 1599 1568 1624 δὲ
1590 1598 1736 1633 ἀγένητος
1755 1599 1832 1634 φωνὴ

1042 1646 1168 1681 σημαίνει
1185 1645 1215 1672 τὸ
1235 1645 1345 1680 γενητὸν
1362 1644 1488 1679 ἀνόμοιον
1504 1644 1626 1680 ὑπάρχον
1643 1644 1716 1679 αὐτῷ
1728 1653 1735 1659 ·
1752 1643 1833 1670 τοῦτο

1040 1693 1094 1728 γὰρ
1109 1692 1138 1719 τὸ
1155 1691 1352 1726 ἀντικείμενον.
1370 1691 1427 1717 Οὐκ
1451 1690 1505 1726 ἄρα
1527 1690 1558 1716 τὸ
1582 1690 1715 1725 ἀγένητον
1739 1689 1830 1718 οὐσία.

1040 1738 1109 1765 am
1133 1737 1178 1764 τοῦ
1204 1737 1240 1772 μὴ
1266 1736 1377 1763 τοιῶσδε
1402 1734 1471 1763 εἶναι
1487 1736 1536 1772 τὴν
1551 1736 1654 1769 οὐσίαν,
1672 1735 1734 1763 καθ’
1748 1733 1783 1771 ἧς
1799 1734 1831 1762 ἂν

1040 1785 1163 1822 τάττοιτο
1178 1784 1208 1811 τδ
1226 1783 1402 1820 σημαντικόν.

1383 1876 1484 1902 ΛΑΛΟ.

1076 1923 1137 1950 Ὀτι
1162 1923 1211 1958 μὲν
1233 1923 1283 1950 οὐκ
1305 1922 1383 1949 οὐσία
1410 1922 1440 1948 τὸ
1465 1921 1605 1957 ἀγένητον,
1622 1921 1669 1956 ἤδη
1683 1920 1829 1948 δέδεικται.

1046 1970 1115 2002 Ἀλλ’
1132 1970 1189 2005 ἐρεῖ
1203 1978 1244 2001 τις
1257 1968 1347 2003 τυχὸν,
1361 1968 1454 1994 οὐσίαν
1471 1968 1520 2003 μὲν
1533 1968 1582 1994 οὐκ
1595 1965 1673 1999 εἶναι,
1696 1966 1832 2002 διαφορὰν

1038 2016 1066 2042 δὲ
1079 2025 1085 2031 ³
1103 2015 1216 2050 ἀμαθῶς
1231 2014 1258 2041 δὲ
1268 2015 1314 2041 καὶ
1326 2013 1405 2040 τοῦτο
1416 2014 1503 2048 λέγων
1514 2013 1719 2048 ἐλεγχθήσεται.
1732 2013 1763 2038 Εἰ
1775 2013 1830 2048 γὰρ

1040 2063 1114 2088 πᾶσα
1131 2060 1247 2096 διαφορὰ
1263 2060 1326 2095 περὶ
1341 2060 1389 2091 τὰς
1402 2060 1497 2092 οὐσίας
1511 2059 1626 2093 γίνεται,
1641 2059 1732 2093 ζητεῖν
1747 2057 1830 2092 ἀνάγ-

1040 2117 1090 2144 κης
1106 2108 1138 2134 ἂν
1149 2108 1190 2142 εἴη
1202 2107 1251 2142 τὴν
1265 2107 1370 2139 οὐσίαν,
1382 2104 1415 2142 ἦς
1429 2106 1628 2140 ἔσταιδιαφορὰ
1643 2106 1672 2132 τὸ
1685 2105 1829 2140 ἀγένητον.

1040 2153 1101 2181 υἷον
1114 2146 1179 2190 ίρέρε
1194 2155 1290 2185 εἰπεῖν,
1307 2152 1427 2188 ὁρίζεται
1440 2152 1510 2184 ζῶον
1520 2152 1559 2187 τῷ
1572 2152 1666 2187 τοιῷδε
1681 2151 1766 2186 λόγῳ·
1778 2151 1830 2177 Οὖ-

1040 2201 1085 2227 σία
1101 2200 1221 2236 ἔμψυχος
1241 2198 1397 2233 αἰσθητικὴ.
1415 2197 1482 2232 Περὶ
1505 2197 1607 2232 ταύτην
1630 2197 1679 2232 τὴν
1701 2196 1796 2222 οὐσίαν
1813 2196 1829 2230 ἡ

202 2243 273 2266 mata
289 2247 369 2266 sensu
383 2239 505 2274 praedita.
523 2238 601 2266 Circa
621 2240 692 2267 hanc
711 2239 893 2267 substantiam
908 2240 985 2274 tlili‘e:

1045 2246 1153 2281 ῑιαφορὰ
1167 2245 1282 2280 γίνεται.
1293 2244 1329 2270 T6
1347 2244 1397 2279 μὲν
1411 2243 1465 2278 γάρ
1482 2244 1540 2269 ἐστι
1555 2242 1623 2275 ζῶον
1633 2241 1752 2276 λογικὸν,
1765 2241 1830 2275 θνη-

202 2286 289 2313 rentia
307 2285 348 2313 ﬁt.
360 2285 438 2313 Aliud
449 2286 521 2313 enim
539 2286 638 2314 animal
649 2285 784 2314 rationale
795 2291 845 2319 est,
859 2286 985 2318 mortale.

202 2331 386 2366 intelligentia:
403 2336 433 2359 et.
455 2332 575 2359 scientiae
598 2339 694 2365 capax.
721 2337 751 2359 ut
778 2333 870 2360 homo.
906 2333 985 2367 Aliud

201 2378 301 2405 animal
318 2378 484 2411 irrationale,
507 2383 537 2405 ut
559 2386 656 2413 equus.
674 2378 872 2413 Prmsnpposita
896 2379 987 2414 itaque

201 2423 370 2456 substantia,
389 2424 556 2451 .dill'erentia:
593 2429 685 2460 postea
713 2425 924 2452 constituuntur.
957 2425 986 2453 Si

201 2476 268 2504 ergo
294 2470 446 2504 ingenitum
472 2469 625 2498 dilfereutia
657 2476 708 2504 est,
743 2477 882 2507 quaeratur
904 2473 987 2500 etiam

202 2515 366 2547 substantia,
380 2514 457 2549 cujus
473 2516 525 2543 erit
545 2515 710 2544 diﬂ‘erentia.
737 2517 890 2545 Absurdum
914 2518 986 2545 enim

202 2565 244 2588 est
275 2559 455 2588 dili'erentiam
472 2563 631 2590 substantiae
643 2563 776 2590 rationem
793 2563 926 2591 obtinere.

543 2609 656 2637 ALIUD.
934 2633 936 2635 ,

241 2653 269 2680 Si
282 2654 428 2689 ingenitum
445 2656 596 2683 substantia
608 2660 660 2689 est,
673 2663 759 2690 neque
775 2655 985 2691 signiﬁeativum

204 2700 275 2732 quod
290 2700 313 2726 id
327 2701 360 2728 (le
376 2708 430 2736 quo
442 2702 542 2728 dicitttr
563 2702 681 2736 genitum
703 2710 756 2729 non
782 2703 828 2734 sit,
855 2704 989 2737 quomodo

205 2744 290 2773 Filius
301 2746 441 2775 dissimilis
463 2748 517 2776 erit
542 2747 626 2780 Patri,
648 2756 710 2775 cum
740 2755 773 2775 ex
801 2749 859 2782 ipso
884 2749 991 2783 genitus

205 2791 259 2818 sit?
275 2791 338 2819 Nam
355 2794 376 2821 si
395 2794 454 2828 haec
466 2794 574 2822 nomina
590 2794 692 2821 nullum
706 2794 776 2822 inter
791 2801 820 2822 se
844 2795 990 2822 discrimen

244 2883 254 2898 '
270 2883 341 2912 l‘sal.
359 2893 431 2917 μιν,
448 2888 473 2913 9.

1037 2292 1094 2324 τὸν,
1109 2292 1155 2318 νοῦ
1178 2291 1225 2321 καὶ
1242 2291 1397 2325 ἐπιστήμης
1420 2288 1553 2322 δεκτικὸν,
1566 2286 1621 2315 οἷον
1635 2289 1649 2315 6
1664 2288 1810 2323 ἅνθρωπος
1821 2296 1828 2303 ο

1037 2338 1068 2365 τὺ
1092 2338 1120 2364 δὲ
1132 2336 1200 2370 ζῶον
1219 2337 1327 2370 ἄλογον,
1345 2332 1400 2362 οἷον
1416 2335 1509 2367 ἵππος.
1527 2333 1644 2366 Οὐκοῦν,
1661 2335 1830 2369 προῦποκει-

1039 2384 1121 2420 μένης
1137 2384 1186 2418 τῆς
1202 2383 1306 2414 οὐσίας,
1320 2382 1348 2408 αἱ
1372 2382 1501 2418 διαφοραὶ
1528 2381 1780 2416 πῳσεπινοοῦνται.
1799 2381 1829 2406 E!

1037 2430 1126 2457 τοίνυν
1148 2428 1265 2464 διαφορὰ
1288 2429 1318 2455 τὸ
1339 2428 1482 2463 ἀγένητον,
1498 2427 1631 2463 ζητείσθω
1648 2427 1697 2453 καὶ
1710 2428 1724 2461 ἡ
1739 2426 1830 2458 οὐσία,

1038 2475 1110 2508 τίνος
1127 2475 1203 2502 ἔσται
1218 2474 1348 2509 διαφοράν
1366 2474 1507 2509 ἀμήχανον
1529 2473 1584 2508 γὰρ
1604 2472 1699 2503 οὐσίας
1715 2471 1830 2508 φορέσαι

1038 2522 1116 2556 λόγον
1131 2521 1180 2556 τὴν
1197 2519 1339 2556 διαφοράν.

1391 2607 1492 2633 ΔΔΛΟ.

1076 2655 1108 2689 Ι·ζί
1127 2654 1157 2681 τὸ
1179 2654 1310 2689 ἀγένητον
1327 2653 1415 2684 οὐσία,
1431 2652 1478 2678 καὶ
1502 2651 1533 2678 οὺ
1555 2651 1602 2678 τοῦ
1622 2652 1659 2687 μὴ
1682 2652 1832 2687 γενηθῆναι

1044 2701 1209 2736 σημαντικόν
1229 2701 1299 2733 ἐστι,
1314 2698 1384 2726 κατὰ
1397 2697 1456 2724 τίνα
1471 2698 1570 2734 τρόπον
1590 2699 1604 2724 6
1624 2698 1688 2730 Υἱὸς
1704 2699 1832 2734 ἀνόμοιος

1043 2748 1120 2774 ἔσται
1132 2746 1171 2782 τῷ
1186 2747 1283 2782 Πατρὶ,
1295 2744 1432 2780 γεννητῶς
1443 2745 1573 2780 ὑπάρχων
1584 2744 1614 2777 ἐξ
1628 2744 1721 2776 aurai;
1737 2745 1768 2770 El
1778 2743 1832 2778 γὰρ

1047 2795 1083 2830 μή
1100 2802 1160 2820 τινα
1177 2792 1301 2828 διαφορεῖ
1313 2791 1347 2819 τὰ
1360 2790 1478 2826 ὀνόματα
1493 2790 1560 2826 πρὸς
1575 2790 1675 2826 ἄλληλα
1690 2790 1738 2826 τὴν
1756 2791 1832 2818 ἀντι-
