1920 3031
69 181 96 209 3;
764 169 778 193 'I
788 165 866 193 nas;

931 164 985 192 US.
1656 158 1692 188 54

68 242 87 267 ιι
98 239 123 266 δὲ
139 237 186 273 μὴ,
201 236 298 263 πάντα
315 235 423 263 πάντων
441 231 564 268 ὑπερέξει
578 239 584 246 '
601 230 650 257 οὐκ
667 229 721 265 ἄρα
736 229 811 255 ἔσται
825 227 856 254 τὸ

928 224 1077 253 abstantia:
1104 223 1202 257 alioqui
1229 223 1319 250 omnia
1355 222 1520 257 praestabunt
1550 222 1692 252 omnibus:

73 290 92 320 ἡ
99 286 184 319 ἐνητον
201 282 298 308 οὐσία.

406 337 506 363 AAAO.

97 399 126 426 Et
141 398 170 424 τὸ
184 397 325 431 ἀγένητον
349 395 442 422 οὐσίαν
458 392 525 420 Θεοῦ
548 391 686 427 σημαίνει,
707 389 764 416 ἀλλ’
779 389 809 415 οὺ
824 389 854 415 τὸ

71 446 102 482 μὴ
117 444 249 478 γενέσθαι,
279 442 421 477 ὀνομάτων
440 439 513 474 αὐτῷ
536 438 636 473 ἑτέρων
648 436 726 472 χρεία
745 434 798 461 τῶν
808 434 854 460 δυ-

74 493 181 528 δαμὲνων
203 489 305 522 δεῖξαι,
326 489 356 516 τὸ
374 488 411 524 μὴ
427 487 459 514 ἐκ
472 494 544 517 τινος
557 485 643 511 αἰτίου
660 482 786 517 γενέσθαι
809 481 854 507 τὸν

68 538 136 564 Θεόν.
149 536 240 568 Ἀπαξ
252 535 313 571 γὰρ
328 535 358 561 τὸ
372 534 502 568 ἀγένητον
517 531 565 558 τοῦ
583 529 651 557 Θεοῦ
667 528 743 556 οὐδὲν
757 536 789 563 ση
795 527 856 562 μαί-

71 594 114 617 νει,
125 583 178 611 ἀλλ’
194 582 210 618 ἢ
230 582 318 618 μόνον
328 581 426 608 οὐσίαν
439 579 516 607 Θεοῦ.

417 682 516 709 AAAO.

102 748 130 774 Εἰ
143 747 158 781 ἡ
173 744 255 771 οὐσία
268 742 319 769 τοῦ
332 740 400 768 Θεοῦ
417 740 446 766 ἓν
460 739 485 765 τί
499 739 584 769 ἐστιν,
600 736 658 764 ἀλλ’
674 735 704 763 οὐ
718 735 802 762 πολλά
820 734 859 769 τῷ

74 792 181 829 ἀριθμῷ,
197 791 227 817 τδ
256 789 286 816 δὲ
313 787 455 822 ἀγένητον,
477 783 525 811 καὶ
549 782 736 813 ἀϐασίλευτον,
763 780 860 807 καὶτὰ

73 825 162 869 λοιπαί
179 835 279 866 πολλὰ,
302 833 360 860 ἀλλ’
377 833 426 866 οὐχ
451 831 480 857 ἓν
506 829 545 865 τῷ
568 827 695 864 ἀριθμῷ-
718 827 768 853 οὺκ
784 825 860 851 ἔσται

75 887 121 920 ἄρα
133 883 228 910 ταυτὸν
242 883 260 914 ὴ
276 880 359 906 οὐσία
374 879 413 914 τῷ
429 877 554 912 ἀγενήτῳ
569 875 616 902 καὶ
630 872 808 906 ἀόασιλεύτῳ,
821 871 861 902 ὡς

73 931 126 958 οὐδὲ
141 930 170 955 τὺ
183 929 212 955 ἓν
222 928 283 958 τοῖς
298 925 415 956 πολλοῖς.

419 1023 518 1049 AAAO.

51 1115 55 1119 ,
107 1086 135 1112 Ei
148 1084 176 1111 τὸ
192 1082 341 1117 ἀγένητον,
349 1080 397 1106 καὶ
413 1078 443 1104 τὸ
452 1075 575 1118 γενητὸν,
595 1075 641 1102 καὶ
661 1073 695 1101 τὰ
710 1071 801 1103 λοιπὰ,
818 1071 864 1097 οὐ-

79 1132 117 1158 σία
130 1130 204 1161 Θεοῦ,
222 1129 309 1163 ἕτερα
322 1126 352 1153 δέ
372 1127 424 1152 εἰσι
444 1124 530 1151 ταῦτα
551 1123 611 1153 ταῖς
630 1120 742 1155 φωναῖς,
757 1117 864 1152 ἀνάγκη

78 1179 121 1213 τὴν
134 1176 223 1203 οὐσίαν
238 1173 353 1208 ἐκείνην
365 1172 436 1198 οὕτω
455 1168 614 1204 συγκεῖσθαι
628 1166 697 1193 κατὰ
708 1165 757 1196 τὰς
772 1163 866 1198 διαφό-

81 1231 134 1257 ρους
161 1219 252 1254 ᾳωνᾰις
265 1227 273 1234 ’
291 1217 326 1244 ἶν’
351 1216 460 1247 οἰκείως
483 1215 511 1241 αἱ
531 1212 619 1247 φωναὶ
636 1211 695 1238 κατ’
721 1209 804 1244 αὐτῆς
820 1207 866 1234 λέ-

81 1251 184 1300 ξωνταιυ
203 1265 219 1300 ἢ
246 1263 287 1299 μὴ
316 1261 498 1297 συγκειμένης
520 1259 614 1293 αὐτῆς,
636 1255 781 1283 ἀκόλουθον
796 1251 865 1280 εἶναι

81 1313 155 1339 ταῦτα
167 1311 221 1337 τῶν
245 1309 408 1345 προσόντων
424 1308 457 1342 τῇ
470 1305 549 1341 οὐσίᾳ
571 1302 736 1340 σημαντικὰ,
762 1300 817 1327 ἀλλ’
835 1300 865 1326 οὺ

82 1359 133 1386 καθ’
149 1357 216 1385 αὑτᾶ
233 1356 342 1387 οὐσίας.

418 1410 519 1437 AAAO.

111 1474 139 1499 Ei
153 1474 169 1507 ἡ
184 1471 263 1498 οὐσία
289 1469 337 1496 τοῦ
355 1467 423 1495 Θεοῦ
446 1467 475 1493 οὐ
489 1466 533 1492 διά
549 1474 575 1491 τι
594 1464 702 1497 λέγεται
722 1461 791 1497 (ἔστι
813 1460 868 1494 γὰρ

81 1520 109 1546 δι’
123 1505 215 1552 οὐδὲν),
228 1518 245 1552 ἡ
260 1517 293 1543 δὲ
307 1515 454 1550 ἀγένητος
469 1511 554 1547 φωνὴ,
565 1510 608 1536 διὰ
622 1509 653 1535 τὸ
668 1508 775 1535 πάντων
788 1505 868 1552 αὐτον

84 1562 143 1590 εἶναι
155 1563 273 1598 κρείττω
291 1561 338 1587 καὶ
358 1558 502 1594 ὑπερέχειν
514 1564 521 1572 ·
535 1556 586 1582 οὐκ
607 1554 683 1580 ἔσται
701 1553 756 1587 ἄρα
772 1549 868 1578 ταυτὸν

84 1611 98 1644 ἡ
113 1610 146 1644 μὴ
160 1609 202 1636 διά
215 1617 242 1634 τι
258 1605 400 1642 λεγομένη
415 1604 453 1638 τῷ
468 1602 501 1629 δι’
518 1600 608 1629 αἰτίαν
624 1598 772 1634 λεγομένῳ.

423 1705 524 1732 AAAO.

117 1767 144 1794 Εἰ
158 1768 186 1794 τὸ
199 1767 336 1801 ἀγένητον
352 1763 421 1800 πρὸς
439 1763 488 1798 τὴν
505 1760 652 1796 ἀγενησίαν
667 1758 723 1794 ἔχει
735 1756 784 1792 τὴν
805 1757 869 1786 ἀνα-

88 1814 172 1848 φορὰν,
185 1815 201 1848 ἡ
214 1813 242 1840 δὲ
264 1812 347 1838 οὐσία
362 1809 410 1837 τοῦ
430 1808 496 1835 Θεοῦ
511 1807 578 1842 πρὸς
590 1806 665 1833 οὐδὲν
675 1805 731 1840 ἔχει
744 1804 793 1838 τὴν
807 1802 869 1837 σχέ-

90 1869 134 1890 σιν,
150 1860 206 1891 πῶς
219 1858 321 1886 ταυτὸν
340 1856 417 1883 ἔσται
432 1855 462 1881 τὸ
480 1854 548 1889 πρὸς
563 1852 588 1879 τι
603 1860 661 1883 πως
683 1850 743 1885 ἔχον
754 1850 787 1884 τῇ
802 1848 870 1884 πρὸς

89 1905 161 1940 μηδὲν
176 1905 279 1941 ἐχούσῃ
296 1903 397 1938 οὐσίας

429 1990 530 2017 ΑΛΛΟ.

121 2055 148 2080 Ei
161 2055 190 2089 τῇ
203 2053 249 2080 τοῦ
264 2051 333 2078 Θεοῦ
348 2050 427 2085 οὐσίᾳ
439 2048 513 2075 οὐδὲν
526 2044 779 2076 ἀντιδιαστέλλεται,
793 2041 832 2077 τῷ
842 2041 872 2068 δὲ

89 2085 199 2134 ἀγενήτῷ
221 2094 473 2125 ἀντιδιαστέλλεται
497 2092 527 2118 τὸ
548 2089 670 2126 γενητὸν,
693 2089 752 2120 πῶς
771 2085 826 2114 οἷόν
841 2094 870 2113 τε

90 2144 149 2172 εἶναι
160 2145 258 2172 ταυτὸν
271 2143 367 2169 οὐσίαν
380 2140 427 2167 καὶ
442 2139 573 2174 ἀγένητον
586 2145 593 2170 ς

429 2197 529 2223 ΑΛΛΟ.

905 275 978 298 certe
999 269 1144 304 ingenitum
1163 268 1313 296 substantia
1333 276 1385 295 non
1401 267 1464 295 erit.

1241 323 1357 351 ALIUD.

943 383 971 410 Si
988 383 1134 417 ingenitum
1145 381 1324 409 substantiam
1337 379 1383 407 Dei
1392 379 1594 414 signiﬁeat,non
1606 383 1694 404 autem

907 430 977 463 quod
994 429 1100 463 genitus
1128 435 1180 455 non
1217 427 1262 459 sit,
1284 426 1344 453 aliis
1372 425 1527 453 nominibus
1554 431 1620 458 opus
1646 423 1697 449 erit

908 481 968 508 qua:
983 473 1099 500 habeant
1116 473 1170 500 vim
1188 472 1345 500 declarandi
1374 472 1458 498 Deum
1488 478 1520 497 ex
1550 470 1601 497 alia
1617 477 1696 496 causa

909 520 966 547 sive
978 519 1082 554 origine
1093 519 1212 554 genitum
1227 526 1280 546 non
1301 525 1371 545 esse.
1381 517 1533 552 lngenitum
1564 515 1637 543 enim
1651 515 1697 542 Dei

910 565 976 592 nihil
1002 565 1112 592 omnino
1142 565 1289 599 signiﬁcat,
1321 563 1369 592 sed
1391 568 1494 590 tantum
1520 561 1698 590 substantiam

910 611 968 638 Dei.

1247 667 1362 696 ALIUD.

949 725 977 753 Si
990 725 1139 753 substantia
1158 725 1205 752 Dei
1228 732 1310 752 unum
1331 724 1432 759 aliquid
1458 728 1509 756 est,
1529 732 1581 751 non
1610 728 1698 751 autem

912 773 997 801 multa
1009 780 1120 801 numero
1133 781 1140 806 ;
1151 773 1299 808 ingenitum
1334 779 1408 804 vero,
1424 776 1451 799 et
1471 770 1648 797 ἀϐασίλευτον
1664 769 1700 804 (id

912 824 964 852 est,
984 818 1206 854 nulliusimperio
1221 816 1382 854 subditum),
1397 821 1423 844 et
1441 817 1493 844 alia
1511 817 1568 852 ejus
1583 817 1700 852 generis,

914 871 977 894 sunt
991 866 1084 898 multa,
1099 873 1186 900 neque
1201 873 1284 893 unum
1304 872 1416 892 numero
1435 873 1442 891 :
1457 871 1509 891 non
1539 863 1592 890 erit
1611 863 1702 897 utique

876 916 897 943 Β
912 913 982 940 idem
996 912 1147 940 substantia
1162 920 1222 939 cum
1238 912 1358 946 ingenito
1366 915 1393 938 et
1404 910 1625 944 nulliusimperio
1640 909 1698 936 sub-

914 958 980 990 dito,
994 958 1064 985 sicut
1078 965 1127 985 nec
1143 965 1224 985 unum
1240 965 1302 985 eum
1314 957 1432 984 multis.’

971 1018 978 1033 ‘
1249 1013 1368 1040 ALIUD.

952 1070 980 1097 Si
995 1070 1145 1105 ingenitum
1163 1074 1190 1098 et
1201 1070 1371 1105 genitum,et
1379 1073 1485 1102 caetera,
1499 1074 1562 1096 sunt
1579 1067 1704 1095 substan-

917 1116 952 1142 tia
970 1116 1028 1148 Dei,
1042 1117 1149 1143 diversa
1168 1123 1233 1142 vero
1251 1121 1315 1142 sunt
1330 1116 1389 1143 bace
1403 1114 1540 1142 vocabulis
1562 1114 1637 1148 ipsis,
1659 1121 1703 1140 [ιον

916 1169 994 1189 cesse
1009 1161 1240 1189 estsubstantiam
1260 1161 1332 1188 illam
1350 1161 1386 1188 ita
1404 1161 1580 1194 compositam
1591 1167 1651 1187 esse
1664 1167 1707 1187 sc-

917 1209 1034 1236 euudum
1065 1207 1216 1235 differentia
1251 1207 1393 1240 vocabula,
1412 1211 1441 1233 ut
1464 1206 1571 1241 proprie
1595 1206 1628 1233 de
1649 1206 1706 1240 ipsa

917 1255 969 1282 dici
993 1255 1119 1289 possint:
1134 1246 1184 1281 aut
1196 1255 1218 1282 si
1234 1254 1383 1288 composita
1399 1253 1456 1288 ipsa
1474 1261 1527 1280 non
1547 1252 1594 1284 sit,
1612 1259 1707 1279 conse-

916 1308 1002 1335 quens
1015 1305 1055 1327 est
1067 1299 1112 1327 illa
1133 1307 1185 1327 non
1202 1307 1250 1335 per
1267 1307 1295 1327 sc
1306 1299 1553 1331 substantiam,sed
1566 1306 1625 1333 quae
1645 1298 1708 1326 sub.

916 1347 1023 1374 stantia:
1040 1346 1167 1374 accidunt
1178 1346 1344 1382 signiﬁcare.

1238 1403 1291 1437 ιε
1307 1402 1424 1430 ALIUD.

956 1458 984 1485 Si
1003 1457 1153 1485 substantia
1163 1458 1209 1485 Dei
1222 1465 1273 1484 non
1289 1457 1378 1496 aliqua
1392 1463 1425 1484 ex
1441 1464 1522 1484 causa
1544 1456 1644 1483 dicitur
1660 1456 1704 1491 (ex

920 1505 990 1531 nulla
1003 1504 1074 1531 enim
1086 1511 1166 1531 causa
1178 1503 1240 1538 est),
1258 1511 1309 1530 vox
1328 1507 1418 1530 autem
1432 1502 1540 1537 ingeniti
1556 1509 1586 1529 ea
1602 1502 1634 1529 de
1644 1509 1709 1528 cau—

921 1559 950 1578 sa
966 1551 1064 1578 dicitur
1076 1549 1147 1585 quod
1162 1549 1287 1577 omnibus
1298 1548 1442 1576 antecellat
1469 1553 1495 1575 et
1512 1552 1639 1582 praestet:
1656 1555 1708 1574 non

883 1584 904 1613 ο
921 1596 973 1622 erit
990 1595 1060 1622 idem
1073 1584 1098 1622 id
1114 1595 1185 1629 quod
1201 1594 1272 1620 nulla
1288 1601 1320 1621 ex
1336 1600 1417 1620 causa
1445 1592 1555 1625 dicitur,
1586 1599 1648 1619 cum
1676 1599 1710 1618 eo

919 1642 990 1677 quod
1007 1641 1098 1676 aliqua
1114 1649 1146 1669 ex
1164 1648 1244 1668 causa
1257 1640 1364 1668 dicitur.

1026 1699 1028 1701 ’
1255 1694 1372 1722 ALIUD.

956 1754 983 1782 Si
1001 1754 1150 1789 ingenitum
1165 1753 1323 1781 relationem
1343 1753 1423 1780 liabet
1438 1751 1471 1779 ad
1483 1751 1713 1786 ἀγενησίανιειὼ-

920 1801 1018 1829 stantia
1033 1808 1095 1828 vero
1113 1800 1158 1828 Dei
1170 1800 1268 1827 nullam
1287 1800 1320 1827 ad
1339 1798 1440 1834 aliquid
1464 1798 1620 1824 relationem
1652 1805 1713 1824 sus-

921 1848 988 1882 cipit
1004 1857 1009 1874 :
1026 1854 1079 1881 quo
1099 1851 1177 1881 pacto
1199 1846 1270 1874 idem
1295 1846 1357 1876 erit,
1374 1845 1400 1872 id
1414 1844 1484 1879 quod
1501 1844 1533 1870 ad
1556 1842 1654 1878 aliquid
1670 1850 1714 1869 1e-

921 1892 1007 1919 fertur
1021 1900 1080 1919 cum
1096 1891 1248 1920 substantia
1264 1891 1291 1918 in
1321 1897 1401 1925 quam
1430 1888 1524 1916 relatio
1555 1889 1588 1915 ad
1612 1887 1714 1922 aliquid

922 1947 974 1966 non
999 1938 1091 1966 cadit?

1258 1981 1375 2010 ALIUD.

958 2043 988 2071 Si
1007 2043 1052 2070 Dei
1063 2041 1219 2070 substantia:
1235 2040 1301 2067 nihil
1312 2039 1473 2073 opponitur,
1492 2038 1611 2072 Ingenito
1623 2041 1713 2064 autem

922 2090 1067 2124 opponitur
1083 2089 1202 2123 genitum
1220 2096 1226 2113 :
1240 2084 1375 2122 quomodo
1395 2083 1466 2112 idem
1482 2091 1542 2111 esse
1550 2083 1637 2119 possit
1649 2083 1714 2110 sub-

923 2135 1023 2163 stantia
1032 2139 1060 2162 et
1069 2133 1237 2169 ingenitum?

1254 2188 1371 2218 ALIUD.

121 2259 148 2285 El
161 2259 235 2285 πᾶσα
255 2256 334 2283 οὐσία
359 2254 472 2290 ρηθεῖσα
487 2251 590 2285 θατέρα
606 2249 672 2285 πρὸς
692 2247 819 2290 θατέραν,
841 2245 866 2272 oi

961 2249 988 2277 Si
1004 2248 1092 2276 omnis
1104 2248 1254 2276 substantia
1271 2247 1410 2275 nominata
1423 2245 1507 2272 altera
1531 2244 1566 2271 ad
1588 2243 1713 2276 alteram,

91 2303 154 2338 δηλοῖ
173 2304 219 2339 τὴν
238 2302 341 2336 ἑαυτῆς
363 2298 510 2334 ὑπεροχὴν,
533 2297 570 2332 μὴ
592 2292 872 2330 συμπαραληφθέντος

92 2349 130 2376 τοῦ
144 2349 188 2385 τῆς
211 2347 354 2384 ὑπεροχῆς
378 2346 519 2380 ὀνόματος,
545 2341 626 2378 ῥηθὲν
648 2341 674 2367 δὲ
688 2340 719 2366 τὸ
742 2339 873 2373 ἀγένητον

92 2396 160 2427 εὐθὺς
178 2395 307 2430 ἐμφαίνει
321 2391 465 2427 διαφορὰν,
477 2389 534 2420 πῶς
546 2388 606 2423 οὐχὶ
619 2387 643 2413 οἱ
656 2386 790 2420 λέγοντες,
804 2385 874 2410 Ταυ-

93 2441 130 2468 silv
144 2441 220 2468 οὐσία
234 2440 283 2467 καὶ
295 2437 442 2473 ἀγένητον,
458 2434 653 2470 ἀφρονέστατοι
666 2440 673 2464 ;

428 2549 530 2576 AAAO.

123 2612 150 2638 Εἰ
161 2611 190 2638 τὺ
202 2610 338 2645 ἀγένητον
353 2607 442 2638 οὐσία,
458 2605 536 2631 ἕσται
551 2603 626 2630 πᾶσα
641 2600 718 2628 οὐσία
731 2599 874 2634 ἀγένητον,

94 2656 153 2691 ὅπερ
170 2655 282 2686 ἀσεϐές.

431 2706 530 2732 AAAO.

124 2768 150 2794 El
175 2769 203 2795 τὸ
226 2767 368 2801 ἀγένητον
394 2763 482 2794 obsta,
500 2762 564 2789 ἴδιον
581 2760 609 2788 δὲ
630 2759 723 2790 οὐσίας
745 2757 876 2784 τάναντία

96 2812 214 2847 ἰέχεσοαι,
230 2813 290 2839 τῶν
304 2809 438 2837 ἐναντίων
451 2807 617 2835 ἐπιδεκτικὸν
634 2805 710 2832 ἔσται
724 2804 755 2830 τὸ
779 2802 877 2838 ἀγένη-

95 2868 140 2886 τον.
153 2861 181 2887 Εἰ
191 2861 217 2888 δὲ
229 2861 299 2887 ῖόιον
316 2858 368 2893 μὲν
381 2856 458 2883 τοῦτο
466 2854 557 2886 οὐσίας
569 2853 618 2889 (τῷ
631 2853 684 2888 γὰρ
700 2851 737 2886 μὴ
749 2851 877 2885 δημιουρ-

96 2907 143 2938 γεῖν
159 2907 187 2934 τὸ
208 2904 396 2942 δημιουργεῖν
425 2901 584 2935 ἀντίκειται,
603 2899 694 2926 οὐκέτι
722 2898 749 2924 δὲ
775 2896 821 2924 καὶ
838 2894 876 2931 τῷ

927 2302 1003 2322 suam
1017 2295 1102 2329 ipsius
1117 2294 1301 2329 praestantiam
1315 2300 1366 2319 non
1391 2291 1520 2323 declarat,
1538 2290 1588 2317 nisi
1616 2297 1714 2317 nomen

927 2341 1015 2375 ipsum
1027 2340 1190 2375 praestantiae
1203 2339 1356 2374 adjiciatur,
1376 2336 1524 2371 ingenitum
1552 2342 1615 2362 vero
1635 2334 1713 2361 simul

932 2393 1014 2422 atque
1027 2386 1181 2413 nominatur
1196 2385 1375 2412 diﬂ'erentiam
1404 2382 1523 2410 declarat
1537 2387 1544 2407 :
1566 2388 1619 2415 quo
1636 2386 1715 2414 pacto

930 2443 982 2462 non
996 2435 1135 2461 dementes
1150 2432 1288 2467 iudicandi
1306 2435 1380 2462 sunt,
1393 2429 1438 2465 qui
1456 2429 1527 2456 idem
1544 2435 1605 2455 esse
1623 2427 1717 2454 dicunt

928 2480 1106 2508 substantiam
1123 2483 1150 2506 et
1165 2477 1330 2513 ingenitum?

1264 2531 1380 2560 ALIUD.

965 2592 994 2618 Si
1011 2590 1159 2625 ingenitum
1179 2589 1330 2616 substantia
1351 2593 1403 2621 est,
1437 2587 1489 2615 erit
1517 2586 1600 2614 etiam
1628 2584 1717 2613 omnis

930 2636 1081 2664 substantia
1097 2635 1256 2670 ingenitum,
1268 2634 1339 2669 quod
1352 2634 1465 2668 impium
1478 2638 1529 2661 est.

1265 2690 1382 2719 ALIUD.

967 2751 994 2778 Si
1010 2750 1157 2785 ingenitum
1176 2749 1325 2776 substantia
1338 2753 1389 2781 est,
1402 2747 1538 2782 proprium
1552 2749 1639 2772 autem
1656 2745 1720 2771 sub-

933 2797 1041 2825 stantia:
1057 2796 1196 2831 suscipere
1208 2795 1356 2827 contraria,
1388 2792 1535 2828 ingenitum
1560 2791 1641 2818 etiam
1656 2798 1721 2817 con-

932 2845 1013 2872 traria
1025 2843 1162 2877 suscipiet.
1179 2841 1206 2869 Si
1221 2848 1285 2868 vero
1309 2841 1359 2868 boc
1382 2839 1491 2874 quidem
1520 2836 1657 2873 proprium
1677 2840 1719 2862 est

932 2890 1089 2921 substanlim
1104 2892 1208 2923 (creare
1225 2887 1297 2917 enim
1316 2886 1462 2922 opponitur
1472 2892 1525 2912 non
1543 2888 1646 2914 creare,
1665 2888 1719 2908 nou
