1920 3031
69 148 103 176 t5
782 134 1001 175 ruasauntts.
1663 134 1698 165 ιθ

101 208 130 235 Et
147 205 218 234 κατὰ
233 205 283 241 τὴν
304 205 450 240 ὑμετέραν
474 205 612 236 ὑπόνοιαν,
632 200 654 230 ὦ
669 201 814 238 θεομάχοι,
831 201 861 234 ἐξ

949 199 976 227 Si
990 201 1065 233 juxta
1082 197 1212 231 vestram,-
1235 199 1326 226 hostes
1349 197 1407 230 Dei,
1431 197 1598 232 opinionem,
1614 195 1699 223 Filius

67 255 114 282 οὐκ
133 253 218 280 όντων
233 252 309 279 ἐστὶν
322 253 338 278 ὁ
357 252 440 284 Υἱὸς,
458 252 505 278 καὶ
526 251 576 277 οὐκ
598 247 632 284 ἦν
648 248 712 284 πρὶν
733 246 861 282 γεννηθῇ,

68 299 136 327 κατὰ
154 298 185 325 τὺ
209 297 332 333 μετέχειν
353 298 403 324 τοῦ
431 296 511 328 Θεοῦ,
535 295 655 330 δηλονότι
680 294 805 328 καθάπερ
829 292 864 319 τὰ

68 345 133 372 ἄλλ-ι
145 344 256 377 λογικὰ,
271 344 319 370 καὶ
341 343 425 374 αὐτὸς
448 341 549 376 ἐκλήθη
564 340 639 372 Θεὸς,
660 339 708 365 καὶ
726 338 801 370 Υἱὸς,
818 338 864 364 καὶ

68 392 165 425 Σοφία.
177 390 262 416 Τοῦτο
276 389 330 424 γὰρ
352 389 473 424 ὑπάρχει
494 389 549 418 τοῖς
568 387 687 420 λογικοῖς
706 385 864 419 κτίσμασιν,

68 435 109 469 οἷς
121 437 153 463 οὺ
172 436 253 470 φύσει
266 435 297 462 τὸ
315 435 365 470 τῆς
383 434 511 469 θεότητος
533 431 732 466 ἐπαληθεύεται
753 429 863 460 κάλλος,

70 483 157 517 ἀλλ’ἢ
177 481 226 508 τοῦ
242 481 360 511 διδόντος
384 480 465 515 χάρις
484 477 625 515 προξενεῖ-
647 477 685 508 ὼς
703 477 767 502 ὅταν
782 475 864 512 λέγῃ·

73 537 82 554 ι
104 527 178 562 Ἐγὼ
192 525 284 554 εἷπον·
299 526 361 552 Θεοί
374 527 448 557 ἐστε,
462 526 510 552 καὶ
524 524 577 551 υἱοὶ
593 522 721 557 Ὑψίστου
737 522 864 552 πάντες.»

71 573 169 607 Σχέσει
193 572 249 607 γὰρ
263 573 298 606 τῇ
317 571 383 606 πρὸς
399 570 465 597 Θεὺν
481 568 681 604 υἱοποιηθέντες
706 567 771 602 παρ’
785 565 867 592 αὐτοῦ

73 617 285 653 θεοποιούμεθα.
300 617 332 643 Ei
346 616 438 643 τοίνυν
452 615 520 642 Θεοῦ
538 614 718 650 μετασχόντες
732 611 802 640 κατὰ
817 613 868 648 χά-

75 673 126 700 ριν,
139 664 194 690 υἱοὶ
207 662 276 689 Θεοῦ
290 663 459 698 κεκλήμεθα,
476 662 547 692 τίνος
566 661 599 687 ἂν
615 660 725 695 δοίημεν
747 659 869 694 μετέχειν

74 711 119 737 τὸν
131 710 233 743 Λόγον.
246 710 292 736 ἵνα
304 709 415 744 γένηται
429 708 492 739 Υἱὸς
504 707 520 743 ἢ
533 707 614 739 Θεός;
632 707 727 741 Ἡμεῖς
742 705 792 740 μὲν
805 704 868 740 γὰρ,

73 757 119 784 τοῦ
137 757 218 790 ἁγίου
241 756 415 791 Πνεύματος·
433 755 480 781 ἐπὶ
493 754 521 781 δὲ
535 753 581 779 τοῦ
595 753 682 787 Λόγου
697 751 775 778 τοῦτο
794 751 870 786 νομί-

73 803 142 834 ζειν,
157 802 278 838 ἁμαθές.
292 801 376 833 Αὐτὸς
398 801 452 836 γάρ
468 808 533 836 φησι
556 798 621 834 περὶ
635 796 681 824 τοῦ
695 797 869 832 Πνεύματοςυ
893 824 895 826 _

76 849 154 875 «Ὅτι
165 849 199 874 ὲκ
210 847 258 874 τοῦ
271 846 338 882 ἐμοῦ
349 845 485 880 λαμόἀνει
495 852 501 859 ·
518 854 526 870 ι
536 844 616 876 Τίνος
625 840 672 870 οὖν
680 842 734 877 ἄρα
744 841 852 877 μετέχει
862 849 869 873 ;

72 895 205 922 Λείπεται
220 893 323 927 λέγειν,
338 892 385 919 τοῦ
413 891 528 926 Πατρός.
554 889 608 916 Καὶ
630 889 672 920 τίς
693 889 766 914 ἐστιν
785 887 799 914 ὁ
821 886 870 921 τῆς

74 940 225 977 μετουσίας
241 940 360 975 τρόπος;
377 938 393 974 ἦ
410 938 436 964 τί
450 937 479 964 τὺ
493 938 524 964 ὲκ
546 935 593 962 τοῦ
611 934 718 970 Πατρδς
733 933 802 965 ἐξιὸν
824 932 871 958 καὶ

71 988 101 1013 ἐν
121 986 162 1022 τῷ
178 986 254 1021 λόγῳ
274 985 429 1020 γινόμενον,
447 983 491 1010 ἵνα
506 983 552 1009 καὶ
567 980 725 1017 μετέχηται.
740 979 808 1014 Φέρε
834 978 871 1004 εί-

70 1032 145 1062 ςεῖν,
165 1031 206 1062 ὡς
220 1031 276 1057 ἀπὸ
295 1029 381 1064 πυρὸς
400 1028 535 1064 θερμότης
549 1028 577 1053 ὲν
591 1025 707 1061 σώματι,
721 1023 737 1059 ἢ
754 1023 785 1049 ἐκ
800 1028 871 1054 τινος

72 1075 172 1106 ἄνθους
192 1075 292 1101 εὐωδία
303 1083 309 1089 -
326 1074 428 1109 μᾶλλον
442 1073 470 1098 δὲ
489 1072 582 1104 ὥσπερ
595 1072 632 1102 εἰς
647 1069 726 1110 ἡμῶν
745 1069 775 1095 τὸ
787 1067 872 1094 Πνεῦ-

71 1132 121 1158 μα,
139 1122 207 1157 περὶ
229 1118 261 1148 οὗ
279 1129 361 1155 φησιν
383 1121 400 1155 ἡ
422 1119 531 1154 Γραφή⁵
551 1127 559 1144 ι
576 1118 635 1144 ’Ὁτι
650 1116 682 1142 ὲκ
697 1114 744 1142 τοῦ
765 1113 872 1149 Πατρδς

70 1167 290 1202 ἐκπορεύεται.»
311 1166 344 1192 Τί
363 1162 409 1192 οὖν
426 1165 484 1190 ἐστι
508 1163 538 1190 τὺ
556 1164 588 1189 ἐκ
602 1161 649 1188 τοῦ
671 1159 780 1195 Πατρδς
801 1159 872 1192 ἐξιὸν

70 1215 118 1240 καὶ
134 1215 164 1240 ἐν
185 1213 225 1248 τῷ
243 1213 324 1247 Λόγῳ
339 1207 571 1246 γινόμενον;*Αρ’
584 1209 617 1235 ὲκ
635 1207 685 1242 τῆς
700 1205 747 1233 τοῦ
766 1205 872 1241 Πατρὸς

71 1260 187 1291 οὐσίας,
210 1259 228 1294 ἦ
246 1258 349 1290 ἔξωθέν
375 1256 459 1283 ποθεν
476 1255 523 1282 καὶ
542 1254 620 1281 τοῦτο
646 1253 676 1279 τδ
696 1251 815 1287 ληφθένς
840 1251 872 1277 Εἰ

71 1307 124 1341 μὲν
151 1304 200 1332 οὖν
226 1303 328 1338 ἔξωθέν
359 1304 446 1335 ἐστιν,
467 1301 527 1328 οὐδὲ
551 1299 597 1327 τοῦ
625 1298 732 1334 Πατρδς
759 1296 872 1333 μέτοχος

69 1355 146 1380 ἐστιν
174 1353 189 1378 ὁ
204 1351 283 1382 Υἱὸς,
299 1350 358 1377 ἀλλ’
373 1350 467 1384 ἑτέρου
483 1347 556 1378 τινδς
572 1345 693 1382 μετέχων
719 1344 871 1379 ἁγιάζεται,

68 1400 140 1434 ὅπερ
153 1397 216 1424 ἐστὶ
232 1397 281 1424 καὶ
300 1396 381 1431 μόνον
396 1395 520 1428 ἐννοῆσαι
535 1391 672 1423 δυσσεῦές.
687 1391 719 1417 Εἰ
736 1390 763 1416 δὲ
778 1390 810 1415 ἐκ
822 1388 872 1424 τῆς

68 1433 167 1474 οὐσίας
185 1442 234 1469 τοῦ
253 1441 361 1476 Πατρὺς
378 1440 545 1474 συγχωρεῖτε
561 1437 680 1465 νοεῖσθαι
695 1435 725 1462 τὺ
738 1434 776 1470 τῷ
793 1433 872 1469 Λόγῳ

68 1489 142 1525 πρὸς
169 1488 292 1523 μετοχὴν
316 1485 383 1522 παρ’
406 1484 489 1512 αὑτοῦ
513 1483 725 1520 χορηγούμενον,
748 1480 764 1516 ἦ
787 1479 872 1516 τομήν

67 1544 131 1562 τινα
149 1535 200 1561 καὶ
224 1532 361 1569 μερισμὸν
384 1531 432 1557 καὶ
450 1530 534 1561 πάθος
558 1528 688 1556 δύνασθαι
713 1526 873 1562 συμὸαίνειν

67 1582 136 1617 περὶ
156 1581 208 1616 τὴν
224 1579 274 1605 τοῦ
293 1577 361 1604 Θεοῦ
379 1577 459 1612 φύσιν
473 1575 616 1606 δεδώκατε,
630 1574 647 1610 ἢ
662 1573 787 1607 λέγοντες
801 1573 870 1599 ἀπα·
884 1587 905 1614 c

68 1627 124 1659 θῶς
139 1627 191 1654 καὶ
210 1624 370 1660 ἀμερίστως
386 1624 415 1649 ὲν
430 1621 469 1657 τῷ
485 1621 543 1656 Θεῷ
559 1621 594 1647 τὰ
609 1619 721 1647 τοιαῦτα
735 1617 869 1652 γίνεσθαι,

71 1673 164 1708 μάτην
181 1670 354 1706 ἀνατρέπετε
369 1668 420 1703 τὴν
436 1667 482 1693 τοῦ
498 1666 563 1694 Υῑοῦ
580 1666 717 1701 γέννησιν,
737 1663 870 1700 μερισμὸν

70 1719 117 1745 καὶ
134 1717 225 1748 πάθος
243 1716 309 1751 περὶ
330 1713 416 1749 αὐτὴν
431 1713 596 1746 εἰσάγοντες.
616 1712 648 1737 Et
671 1711 699 1737 δὲ
714 1709 870 1745 ἀμερίστως

69 1765 160 1792 τίκτει
178 1762 258 1794 Θεὸς,
273 1761 356 1795 γεννᾷ
370 1768 400 1786 τε
420 1758 533 1789 ἀπαθῶς
547 1757 577 1790 ἐξ
592 1756 700 1789 ἑαυτοῦ,
721 1755 796 1782 οὐδὲν
815 1764 870 1782 κω-

71 1809 131 1836 λύει
146 1809 179 1834 τὸ
191 1806 323 1842 γεννηθὲν
337 1803 527 1841 ὁμολογεῖσθαι
540 1803 586 1830 τὸν
600 1802 689 1834 ζῶντα
700 1801 748 1828 τοῦ
764 1801 870 1836 Πατρδς

73 1854 173 1887 Λόγον.
203 1853 234 1878 '0
256 1851 284 1878 δὲ
311 1851 342 1882 ἐξ
366 1849 454 1876 ἀϊδίου
478 1848 584 1884 Πατρδς
617 1846 766 1882 προελθὼν,
795 1845 870 1872 ἔσται

73 1900 185 1930 πάντως
204 1898 254 1924 καὶ
276 1897 378 1927 ἀΐδιος·
402 1895 473 1921 οὓτω
491 1894 546 1929 γὰρ
561 1893 593 1920 ἂν
611 1893 659 1919 καὶ
674 1893 724 1929 τὴν
740 1891 871 1927 πατρῴαν

74 1944 218 1979 εὐγένειαν
243 1944 312 1977 ἔχων
338 1942 387 1968 καὶ
409 1939 549 1971 διασώζων
572 1939 600 1965 ὲν
616 1937 720 1973 ἑαυτῷ,
743 1935 872 1972 ἀληθεύει

74 1990 182 2023 λέγων·
200 1999 209 2014 ε
229 1989 258 2014 '0
274 1985 407 2022 ἑωρακὼς
421 1986 471 2020 ἐμὲ
493 1985 597 2021 ἑώρακε
611 1983 656 2010 τὸν
673 1983 791 2018 Πατέρα.
808 1991 817 2008 ι
834 1981 871 2008 Οὐ

76 2037 134 2073 γὰρ
147 2038 176 2062 ὲν
190 2036 227 2070 τῷ
244 2034 352 2070 γενητῷ
365 2033 397 2060 τὸ
413 2033 497 2060 ἀΐδιον
512 2032 636 2067 φαίνεται

915 253 948 274 ex
966 245 1050 273 nihilo
1069 245 1216 281 productus
1233 249 1285 278 est,
1301 251 1388 279 neque
1404 247 1464 271 erat
1485 243 1642 277 priusquam
1659 242 1701 276 gi-

916 296 1053 326 gneretur,
1071 299 1102 318 ea
1119 291 1225 318 ratione
1241 299 1293 325 qua
1315 290 1450 325 particeps
1471 294 1513 316 est
1529 288 1586 320 Dei,
1604 291 1702 322 nempe

916 338 987 365 sicut
1014 337 1159 364 rationales
1178 341 1321 368 creaturae,
1341 336 1423 363 etiam
1449 335 1506 369 ipse
1530 338 1642 361 vocatus
1660 338 1703 360 est

919 382 998 414 Deus,
1015 386 1042 409 et
1056 380 1150 415 Filius,
1168 386 1196 409 et
1216 381 1364 415 Sapientia.
1388 379 1416 407 ld
1435 380 1506 407 enim
1524 378 1702 406 rationalibus

918 428 1051 455 creaturis
1075 428 1215 459 tribuitur,
1237 427 1336 462 quibus
1359 427 1416 461 ipsa
1439 425 1546 453 deitatis
1569 423 1621 460 25
1645 423 1703 458 pul-

917 474 1043 500 chritudo
1068 473 1228 500 naturaliter
1251 473 1338 500 inesse
1361 479 1423 499 vere
1448 472 1499 498 dici
1527 475 1579 497 non
1597 474 1701 504 potest;

919 520 966 546 sed
988 519 1074 554 gratia
1093 519 1185 546 dantis
1199 519 1249 546 hoc
1269 518 1308 546 eis
1331 518 1475 546 conciliate:
1494 522 1522 544 ut
1538 524 1599 544 cum
1615 517 1680 543 dicit
1696 525 1703 543 :

921 574 930 590 ‹
946 565 1002 598 Ego
1016 564 1138 591 dixi:Dii
1154 564 1232 596 estis,
1245 568 1272 591 et
1283 564 1330 591 ﬁlii
1345 563 1448 591 Excelsi
1464 570 1558 590 omnes
1570 562 1613 589 ‘°'.
1630 572 1639 587 ι
1650 562 1705 588 lic—

919 610 1020 637 latione
1040 609 1111 637 enim
1127 611 1160 636 ad
1176 610 1259 636 Deum
1277 609 1396 644 adoptati
1414 609 1447 636 ab
1461 609 1518 643 ipso
1536 608 1703 636 dciticamnr.

920 655 948 682 Si
966 656 1045 690 igitur
1067 655 1113 683 Dei
1130 655 1272 690 participes
1288 655 1351 682 facti
1378 662 1424 689 per
1445 655 1574 690 gratiam,
1593 654 1640 681 lilii
1659 653 1704 680 Dei

920 701 1008 727 vocati
1032 708 1136 732 sumus,
1160 700 1300 733 cujusnam
1317 701 1452 735 particeps
1472 707 1532 728 esse
1555 705 1706 727 statuemus

922 745 1048 778 Verbum,
1070 750 1099 772 ut
1119 746 1165 773 ﬁat
1182 745 1265 773 Filius
1287 749 1332 772 aut
1354 745 1441 772 Deus?
1455 745 1508 773 Nos
1523 746 1594 772 enim
1619 745 1706 780 Spiri-

922 795 963 818 tus
975 791 1060 818 sancti
1076 792 1283 826 participatione
1297 792 1324 819 id
1341 793 1534 826 consequimur
1549 800 1555 818 :
1572 793 1604 819 de
1616 791 1706 818 Verbo

921 842 1010 864 autent
1042 838 1173 872 ejusmodi
1200 837 1301 872 aliquid
1332 837 1452 872 cogitare
1473 838 1620 864 absurdum
1654 841 1704 864 est.

921 880 981 917 Ipse
999 882 1071 909 enim
1085 881 1119 909 de
1135 882 1236 916 Spiritu
1251 882 1317 910 dicit
1333 891 1339 909 :
1357 891 1365 908 ι
1381 882 1511 915 Quoniam
1538 883 1570 909 de
1587 889 1647 909 meo
1662 890 1708 909 ac—

922 927 1029 962 cipit“.
1049 937 1058 954 ι
1075 928 1221 962 Cujusnam
1239 928 1321 962 igitur
1339 928 1474 963 particeps
1486 928 1548 955 est?
1563 928 1706 963 Reliquum

922 978 962 1002 est
978 978 1007 1000 ut
1022 973 1144 1001 dicamus
1164 973 1262 1001 Patris.
1277 973 1405 1006 Quaenam
1422 981 1486 1001 vero
1502 977 1544 1001 est
1561 974 1708 1008 participa-

923 1019 1004 1046 tionis
1023 1019 1110 1046 ratio?
1127 1024 1173 1046 aut
1186 1019 1250 1053 quid
1269 1027 1283 1046 ιι
1303 1019 1385 1051 Patre
1401 1019 1523 1054 procedit
1538 1023 1565 1047 et
1580 1019 1605 1045 in
1619 1019 1708 1047 Verbo

922 1069 973 1098 est,
993 1070 1022 1092 ut
1047 1065 1119 1093 illius
1138 1067 1273 1100 particeps
1294 1065 1481 1098 sit?Exempli
1501 1065 1599 1100 gratia,
1614 1072 1709 1099 quem-

922 1111 1065 1138 admodum
1092 1119 1125 1139 εχ
1152 1112 1213 1147 igne
1238 1111 1312 1139 calor
1329 1112 1355 1138 in
1374 1119 1498 1146 corpore,
1516 1111 1556 1138 vel
1584 1119 1616 1138 ex
1642 1111 1709 1138 ﬂore

924 1157 1014 1192 aliquo
1029 1158 1119 1185 suavis
1141 1158 1209 1185 odor
1226 1166 1232 1184 :
1248 1163 1292 1185 aut
1314 1157 1403 1192 potius
1423 1157 1494 1184 sicut
1510 1157 1536 1184 in
1555 1164 1603 1184 nos
1625 1157 1710 1191 Spiri-

924 1209 977 1235 tus,
993 1205 1025 1231 de
1040 1211 1093 1239 quo
1112 1204 1178 1231 dicit
1202 1204 1341 1238 Scriptura
1357 1211 1365 1230 :
1381 1213 1390 1229 ‹
1408 1203 1484 1236 Quod
1501 1211 1533 1230 cx
1550 1203 1630 1230 Patre
1646 1211 1710 1236 pro—

923 1250 995 1276 cedit
1006 1249 1039 1277 ".
1056 1259 1066 1275 ι
1083 1249 1217 1282 Quidnam
1233 1250 1315 1284 igitur
1326 1253 1368 1276 est
1384 1250 1455 1283 quod
1467 1256 1482 1275 a
1494 1249 1573 1276 Patre
1587 1249 1711 1283 procedit

923 1299 950 1321 ct
973 1295 1000 1321 in
1023 1294 1111 1322 Verbo
1136 1294 1199 1321 est?
1230 1295 1271 1321 An
1302 1302 1336 1322 ex
1360 1294 1510 1322 substantia
1542 1294 1641 1326 Patris,
1664 1300 1710 1322 aut

922 1340 1092 1368 extrinsecus
1107 1346 1149 1368 est
1167 1339 1193 1367 id
1211 1341 1283 1375 quod
1299 1340 1448 1374 accipitur?
1463 1340 1547 1367 Porro
1566 1341 1588 1367 si
1609 1341 1711 1367 extrin-

923 1393 1002 1412 secus
1014 1390 1066 1419 est,
1081 1393 1132 1412 non
1145 1389 1185 1412 est
1200 1385 1291 1420 utique
1303 1384 1390 1412 Patris
1403 1385 1538 1420 particeps
1552 1384 1647 1418 Filius,
1663 1385 1710 1412 sed

924 1432 1034 1459 alterius
1052 1430 1165 1465 alicujus
1187 1430 1394 1465 participatione
1415 1430 1618 1464 sanctificatur;
1639 1431 1711 1465 quod

924 1478 964 1503 vel
976 1477 1096 1511 cogitare
1111 1477 1252 1509 duntaxat,
1268 1477 1379 1511 impium
1395 1482 1446 1504 εει.
1458 1477 1507 1504 Sin
1521 1484 1586 1504 vero
1601 1477 1626 1504 id
1637 1477 1710 1512 quod

924 1530 938 1549 a
955 1522 1035 1550 Patre
1049 1522 1118 1549 Filio
1133 1522 1349 1557 participandum
1367 1522 1566 1556 suppeditatur,
1590 1529 1623 1549 ex
1644 1522 1709 1549 sub-

924 1568 1022 1596 stantia
1056 1568 1114 1603 ejus
1138 1574 1199 1595 eSse
1230 1567 1389 1599 conceditis,
1414 1571 1460 1594 aut
1487 1568 1634 1595 sectionem
1661 1569 1712 1595 ali-

924 1622 1018 1649 quam.
1034 1614 1193 1641 divisionem
1220 1613 1428 1648 passionemque
1441 1614 1467 1640 in
1482 1613 1528 1640 Dei
1543 1618 1641 1641 natura
1657 1620 1712 1641 sta-

925 1659 962 1686 tui
979 1666 1058 1694 posse
1077 1659 1203 1691 censetis,
1220 1662 1266 1685 aut
1285 1660 1404 1686 dicentes
1419 1659 1488 1686 citra
1505 1659 1586 1686 ullam
1608 1660 1712 1693 passio-

925 1713 985 1732 nem
1007 1713 1039 1732 οε
1059 1704 1220 1732 divisionem
1243 1705 1375 1738 ejusmodi
1400 1704 1426 1731 in
1444 1703 1498 1731 Deo
1522 1705 1590 1735 ﬁeri,
1610 1711 1712 1732 temere

925 1749 986 1777 Filii
1003 1749 1206 1785 generationem
1230 1749 1397 1781 subvenitis,
1421 1749 1580 1776 divisionem
1602 1755 1629 1777 et
1654 1757 1713 1785 pas-

924 1798 1030 1823 sionem
1045 1797 1072 1823 in
1094 1796 1178 1830 ipsam
1192 1795 1361 1823 inducentes.
1381 1795 1410 1822 Si
1429 1802 1493 1823 vero
1510 1796 1578 1822 citra
1599 1795 1713 1823 divisio-

925 1849 985 1868 nem
1001 1841 1088 1877 gignit
1104 1841 1186 1874 Deus,
1201 1845 1228 1868 et
1241 1841 1343 1876 absque
1357 1841 1485 1875 passione
1498 1849 1530 1868 ex
1543 1848 1573 1868 se
1588 1845 1711 1876 generat,

926 1887 990 1915 nihil
1004 1888 1093 1914 obstat
1114 1889 1269 1922 quominus,
1284 1887 1309 1914 id
1323 1886 1394 1921 quod
1410 1886 1530 1921 genitura
1551 1891 1603 1920 est,
1618 1886 1709 1912 vivum

922 1933 1012 1961 Patris
1034 1933 1156 1961 ‘Verbutu
1184 1939 1245 1959 esse
1275 1932 1461 1966 protiteamur.
1483 1930 1534 1964 Qui
1564 1936 1654 1958 autem
1678 1938 1711 1957 ex

923 1984 1025 2006 veterno
1050 1978 1130 2005 Patre
1151 1977 1295 2012 processit,
1321 1977 1374 2004 erit
1397 1977 1506 2004 omnino
1524 1977 1607 2003 etiam
1631 1982 1711 2003 aeter-

926 2033 977 2052 nus
992 2032 999 2051 :
1014 2024 1050 2051 ita
1065 2024 1138 2051 enim
1153 2024 1233 2050 etiam
1247 2028 1387 2057 paternam
1407 2021 1578 2049 nobilitatem
1600 2022 1704 2049 habens

79 2068 162 2119 atque
177 2084 203 2110 in
214 2068 255 2110 se
270 2068 440 2109 conservans
454 2087 516 2106 vere
533 2080 606 2112 dicit,
629 2078 773 2112 inquiens:
791 2086 799 2101 ε
817 2075 868 2109 Qui
890 2074 956 2101 vidit
971 2079 1024 2105 me,
1058 2070 1160 2097 vitlitet
1176 2069 1282 2096 Patrem
1295 2068 1329 2095 ⁸³.
1346 2077 1355 2094 ι
1373 2068 1466 2103 Neque
1497 2068 1568 2094 enim
1581 2073 1710 2094 attentum

80 2130 106 2157 in
124 2135 250 2157 creatura
264 2128 382 2154 videtur.

428 2194 528 2220 AAAO.

1260 2181 1374 2209 ALIUD.

114 2257 147 2282 Et
161 2257 176 2282 ὁ
190 2255 313 2289 μετέχων
327 2252 375 2278 τοῦ
392 2250 455 2277 Υἱοῦ
471 2250 544 2281 θείας
560 2250 662 2284 γίνεται
677 2247 804 2278 κοινωνὸς
821 2245 868 2280 φύ-

961 2239 989 2266 Si
1003 2238 1048 2273 qui
1065 2238 1197 2272 particeps
1214 2241 1256 2263 est
1270 2235 1342 2268 Filii,
1362 2235 1458 2263 divinae
1476 2241 1578 2265 natura:
1594 2245 1712 2265 commit-

83 2309 159 2332 σεως,
173 2299 245 2326 κατὰ.
259 2299 309 2332 τὴν
323 2296 371 2323 τοῦ
388 2296 491 2331 Πέτρου
508 2294 609 2330 φωνὴν,
624 2293 671 2320 καὶ
686 2293 711 2319 εἰ
730 2291 789 2319 ναοὶ
802 2290 871 2317 Θεοῦ

83 2344 297 2381 χρηματίζουσιν
320 2339 360 2373 οἷς
375 2342 389 2368 ὁ
414 2341 501 2374 Λόγος
522 2340 633 2371 ἐνοικεῖ,
654 2338 762 2373 ἀνάγκη
781 2336 870 2370 λέγειν

84 2392 114 2417 ὲκ
127 2391 175 2426 τῆς
189 2389 285 2420 οὐσίας
298 2387 346 2414 τοῦ
362 2386 431 2413 Θεοῦ
446 2386 491 2412 τὸν
510 2385 584 2412 Υίόν,
603 2385 658 2411 Καὶ
676 2385 700 2410 εἰ
717 2383 792 2410 οὐδὲν
811 2383 872 2409 ἐπι-

84 2437 190 2471 γςνητὸν
213 2437 243 2461 ὲν
265 2433 326 2468 Θεῷ
350 2433 464 2468 (τέλειος
483 2431 536 2466 γὰρ
553 2431 600 2458 καὶ
621 2429 800 2466 ἀπροσδεὴς),
821 2429 872 2454 οὐκ

86 2483 236 2517 ἱπιγέγονεν
250 2481 265 2508 ὀ
280 2479 355 2512 Υἱὸς,
371 2478 430 2504 ἀλλ’
445 2475 478 2513 ἦν
494 2476 533 2512 τῷ
550 2476 637 2510 [lupi
655 2474 798 2505 σνναῖδιος.

217 2626 292 2658 Ἔτι,
308 2623 378 2658 περὶ
396 2621 562 2656 ἀῖδιότητος
580 2619 633 2647 τοῦ
651 2617 730 2646 Υιοῦ.

117 2685 218 2721 Πατέρα
233 2683 358 2718 λέγομιν
374 2680 424 2707 τὸν
443 2678 521 2711 Θεὸν,
536 2678 599 2706 Υιὺν
612 2678 641 2704 δὲ
657 2677 703 2703 τὸν
720 2675 807 2710 Λόγον
827 2675 876 2701 καὶ

89 2730 148 2764 θεὸν,
166 2731 215 2767 οὐχ
241 2729 288 2756 ἵνα
306 2727 357 2755 τὸν
375 2724 427 2762 μὶν
454 2723 664 2760 προϋπάρχοντα
676 2741 683 2754 ,
706 2722 753 2748 τὸν
771 2721 805 2767 ὁὲν
819 2721 876 2755 μετ’

86 2779 150 2806 ttka
173 2766 315 2813 γεγονότα
344 2772 467 2807 νοῶμεν,
492 2770 563 2797 κατὰ
592 2769 641 2804 τὴν
667 2770 696 2794 ὲν
721 2766 878 2802 ἀνθρώποις

927 2285 997 2310 nicat
1011 2283 1086 2318 juxta
1106 2281 1177 2309 Petri
1198 2282 1372 2314 sententiam,
1389 2286 1417 2308 et
1439 2283 1460 2308 si
1481 2282 1579 2317 templa
1599 2282 1644 2310 Dei
1662 2291 1710 2311 vo-

925 2334 1023 2357 cantur
1037 2336 1132 2356 omncs
1149 2328 1174 2355 in
1191 2327 1289 2362 quibus
1302 2327 1418 2355 Verbum
1437 2328 1585 2361 habitat“,
1601 2336 1711 2356 necesse

925 2375 1035 2402 οιιιιιίηο
1048 2380 1089 2402 est
1107 2373 1205 2401 Filium
1219 2381 1251 2400 ex
1272 2373 1423 2401 substantia
1439 2373 1486 2400 Dei
1504 2381 1563 2401 esse
1579 2374 1709 2400 dicamus.

926 2422 981 2457 26
991 2421 1023 2448 Et
1039 2421 1061 2447 si
1079 2420 1145 2447 nihil
1164 2420 1190 2446 in
1209 2420 1262 2446 Deo
1275 2424 1317 2446 est
1331 2419 1522 2451 accessoﬁum,
1535 2419 1591 2446 sive
1607 2420 1710 2446 extrin—

925 2473 1003 2494 secus
1012 2466 1158 2493 adveniens
1168 2465 1316 2499 (perl‘cctus
1324 2465 1395 2491 enim
1409 2469 1451 2492 est
1460 2471 1487 2492 et
1497 2465 1595 2492 iutilius
1606 2465 1708 2499 egens),

926 2521 979 2540 non
1003 2517 1094 2548 postea
1121 2511 1236 2538 accessit
1260 2510 1361 2544 Filius,
1383 2511 1429 2539 sed
1453 2517 1512 2539 erat
1540 2511 1613 2538 Patri
1640 2518 1710 2538 core-

926 2564 1026 2587 ternns.

1095 2614 1230 2649 Amplius,
1247 2615 1279 2641 de
1296 2615 1442 2641 aeternitate
1460 2614 1535 2642 Filii.

959 2672 1068 2700 Patrem
1085 2671 1201 2699 dicimus
1215 2670 1310 2703 Deum,
1328 2671 1426 2698 Filium
1441 2676 1530 2699 autem
1548 2671 1663 2698 Verbum
1685 2675 1713 2698 et

925 2721 1028 2752 Deum,
1053 2726 1107 2746 non
1128 2722 1158 2745 ut
1181 2717 1258 2744 illum
1284 2718 1359 2752 prius
1378 2718 1528 2750 exstitisse,
1555 2718 1625 2744 hunc
1649 2723 1714 2743 vero

925 2769 1018 2799 postea
1043 2763 1143 2791 factum
1172 2763 1290 2795 humano
1316 2770 1390 2790 more
1414 2763 1617 2797 intelligamus:
1633 2769 1714 2797 supe-

107 2870 133 2886 "‘
150 2869 222 2897 l’sal.
243 2872 351 2896 Lxxxt,
374 2861 404 2890 6.
444 2859 552 2887 “Joan.
573 2867 627 2892 xvi,
646 2858 686 2884 Η.
726 2858 748 2872 δ’
763 2855 840 2883 Joan.
856 2863 868 2882 κ

923 2854 963 2882 26.
1002 2855 1024 2870 δ’
1041 2853 1118 2882 Joan.
1135 2862 1188 2886 xw,
1207 2854 1234 2881 9.
1272 2853 1294 2869 ⁸⁸
1312 2853 1321 2880 Ι
1337 2853 1400 2880 Cor.
1416 2861 1457 2886 in,
1474 2853 1514 2880 l6.
