1920 3031
197 140 232 171 47
698 143 728 172 S.
748 142 885 172 CYRILLI
905 139 1145 172 A-LEX‘AND'RINI
1163 142 1324 172 ARCHIEP.
1802 142 1842 169 ιιι

200 204 256 231 rior
267 203 339 231 enim
352 203 480 232 est'ontni
495 207 616 239 tempore
629 203 715 236 Deus;
733 202 781 232 se'd
791 208 824 231 ιιι
840 203 916 231 illum
927 203 989 239 qui-

1052 203 1130 237 τάξιν·
1152 203 1210 231 ἂνω
1233 203 1288 240 γὰρ
1307 203 1409 236 παντὸς
1431 203 1530 240 χρόνου
1549 203 1635 236 Θεὸς,
1659 203 1776 230 ἀλλῚνα
1792 203 1844 230 τὸν

198 250 259 277 dem
274 254 302 276 ιιι
317 249 485 282 Genitorem,
500 249 572 284 quod
588 248 674 282 patris
687 252 729 275 est
741 247 881 283 proprium
895 255 903 280 ;
918 248 990 275 itane

200 303 263 323 vero
274 301 303 322 ut
317 295 465 331 legitimum
480 295 578 322 Filium
596 292 770 322 ineli‘abiliter
783 300 816 321 ex
837 293 989 321 substantia

201 341 288 368 Patris
302 341 421 375 genitum
434 340 588 368 adoremus.
602 339 683 366 Pater
695 338 796 373 itaque,
810 338 873 373 quia
885 337 987 373 genuit,

199 387 294 421 Filius,
311 388 374 422 quia
395 387 502 422 genitus
516 390 566 414 ret
588 386 639 413 hoc
656 385 744 413 solum
767 385 905 412 nominum
924 391 989 412 usus

198 441 232 460 ex
257 433 437 461 similitudine
465 432 544 460 nobis
562 432 706 466 signiﬁcat.
724 432 753 460 Si
781 432 864 466 igitur
883 432 909 458 in
933 430 988 458 Deo

199 487 310 513 nomen,
335 478 430 511 Pater,
448 478 534 506 solum
558 482 732 513 generantem
750 477 895 512 signiﬁcat,
915 476 987 503 nulla

199 526 268 552 ratio
281 530 323 553 est
337 532 397 559 qua:
411 528 491 559 cogat
509 528 535 551 ut
556 523 638 556 Deus,
655 523 700 558 qui
723 523 783 550 sine
794 528 927 558 "tempore
942 529 989 558 ge-

200 577 290 604 nerat,
308 572 414 606 primus
432 570 573 598 exstitisse
594 570 712 603 dicatur,
726 577 806 604 quam
822 569 847 596 id
866 568 938 602 quod
954 569 988 596 ab

197 624 230 644 eo
243 617 364 653 genitum
386 619 437 643 est.
454 614 487 642 Et
500 615 522 642 si
547 615 651 642 nullum
674 619 780 650 tempus
797 614 988 648 interpositum

199 663 250 690 fuit
274 663 346 689 inter
360 665 537 696 generantem
554 666 579 689 et
607 661 738 696 genitum,
764 667 818 687 non
836 660 928 695 utique
948 664 989 687 est

199 706 334 741 posterior
352 710 484 741 tempore,
502 706 549 734 sed
567 710 718 733 coaeternus
733 710 775 733 est
794 703 868 732 Patri
892 704 986 732 Filius.

532 797 647 826 ALIUD.

234 843 262 871 Si
281 843 352 871 Deus
368 851 401 871 ex
425 847 521 870 natura
545 849 596 870 sua
615 845 799 875 est‘creator,
824 848 912 876 neque
930 843 989 868 haec

1044 248 1093 284 μὲν
1106 246 1342 284 ὦςΤεννήσαντα,
1356 249 1426 285 ὅπερ
1440 249 1499 276 ἐστὶ
1521 249 1625 285 πατρὸς
1650 249 1716 277 ἴδιον
1726 257 1734 264 ·
1750 249 1796 276 τὸν
1812 249 1845 275 δὲ

1042 294 1080 326 ὡς
1098 295 1210 331 γνήσιον
1224 294 1291 322 ’Υἱὺν
1305 295 1428 331 άρῤητον
1441 296 1474 322 ὲκ
1487 296 1537 332 τῆς
1558 295 1652 327 οὐσίας
1665 295 1712 322 τοῦ
1731 294 1845 330 Πατρδς

1042 342 1178 377 ἐσχηκότα
1191 341 1241 378 τὴν
1254 342 1382 377 γέννησιν
1396 342 1606 378 προσκυνῶμεν.
1624 341 1720 378 Πατὴρ
1735 339 1784 369 οὖν
1797 341 1846 368 ὅτι

1041 388 1221 424 γεγέννηκεν·
1241 387 1308 420 Tib:
1325 388 1366 422 δὲ,
1385 389 1427 416 δτι
1450 388 1587 425 ἐγενήθη·
1602 389 1651 415 καὶ
1669 388 1739 423 πρὸς
1759 387 1846 422 μόνον

1040 434 1096 462 τῶν
1112 435 1253 470 ὀνομάτων
1269 435 1286 470 ή
1305 434 1386 470 χρεῑα
1408 435 1456 462 καὶ
1471 434 1502 461 τὸ
1518 434 1564 462 διὰ
1586 434 1638 470 τῆς
1663 433 1733 469 πρὸς
1759 431 1846 468 ἡμῶν

1041 479 1198 516 ὁμοιώσεως
1227 479 1441 516 σημαινόμενον.
1465 480 1497 507 El
1525 480 1617 507 τοίνυν
1641 479 1688 506 ἐπὶ
1705 478 1784 505 ’θεοῦ
1812 478 1846 505 τὸ

1041 526 1143 562 Πατὴρ
1165 526 1254 562 δνομία
1279 527 1361 562 μόνου
1381 526 1431 554 τοῦ
1455 527 1552 562 γεννᾷν
1575 527 1635 553 ἔστι
1659 524 1844 562 σημαντικὸν,

1040 572 1134 604 οὐδεὶς
1155 571 1307 606 ἀναγκάσει
1323 571 1401 606 λόγος
1418 571 1608 607 προϋπάρχειν
1627 570 1676 597 τοῦ
1692 570 1758 598 ιδὶου
1781 578 1846 604 γεν-

1043 619 1164 654 νήματος
1177 618 1224 645 τδν
1244 618 1368 654 ἀχρόνως
1390 618 1526 653 γεννῶντα
1540 617 1617 644 Θεόν.
1633 617 1689 644 Καὶ
1703 617 1728 643 εἰ
1744 616 1846 652 χρόνος

1040 661 1075 700 ἦν
1089 664 1177 696 οὐδεὶς
1196 663 1300 700 μεταξὺ
1319 664 1367 691 τοῦ
1390 664 1572 700 γεννήσαντος
1594 663 1642 690 καὶ
1665 662 1844 697 γενηθέντος,

1041 709 1092 736 οὐκ
1115 709 1285 744 δ’πιγέγονεν,
1309 707 1421 746 ἁλλ”ἦν
1436 710 1480 736 ἀεὶ
1502 709 1542 745 τῷ
1565 709 1654 745 “arpi.
1671 707 1807 740 συναῖδιος
1829 707 1846 733 6

1042 756 1116 788 Υἱός.

1388 799 1496 830 ¹ΑΛΛυ.

1078 846 1110 875 El
1126 849 1241 884 ποιητής
1255 849 1314 876 ἐστι
1336 848 1408 876 κατὰ
1423 848 1504 884 φύσιν
1523 849 1538 876 ό
1553 848 1630 881 Θεὸς,
1647 848 1695 876 καὶ
1711 848 1762 875 οὐκ
1778 848 1844 875 ἐπι-

200 889 313 917 tacultas
328 889 499 916 extrinsecus
514 887 637 920 advenit,
656 893 687 915 ut
706 891 799 922 posset
818 894 862 914 res
883 890 989 914 creatas

1052 894 1240 930 νέγονενάὒτῷ
1253 895 1283 922 τὸ
1296 895 1427 922 δύνασθαι
1442 895 1580 932 παράγειν
1595 896 1628 922 ὲκ
1642 894 1690 922 τοῦ
1705 894 1743 930 μὴ
1763 895 1846 926 two;

199 943 233 962 ex
245 935 330 962 nihilo
344 934 492 969 producere
507 933 540 960 ad
554 940 629 967 esse;
646 934 736 960 omnia
757 939 821 961 vero
832 941 881 968 per
891 931 989 960 Filium

200 981 265 1009 facit
283 986 363 1016 atque
375 985 514 1015 operatur,
529 986 582 1014 quo
605 984 686 1014 pacto
704 987 756 1006 non
773 980 855 1006 fuerit
878 979 990 1014 impium

200 1028 291 1054 dicere
307 1037 313 1054 :
339 1025 404 1053 Erat
424 1025 529 1061 quando
545 1034 596 1052 nou
616 1026 694 1053 erat?
707 1025 824 1054 Perinde
839 1026 912 1053 enim
931 1025 990 1053 hoc

200 1078 241 1100 est
260 1080 291 1100 ac
310 1073 333 1099 si
349 1073 442 1099 dicas:
459 1071 524 1098 Erat
537 1072 646 1106 quando
660 1079 714 1099 non
739 1077 800 1099 erat
821 1071 902 1102 Deus,
919 1071 990 1106 quod

201 1120 336 1155 pesterius
363 1118 462 1146 factum
487 1119 523 1146 sit
548 1117 666 1145 Verbum
694 1125 742 1153 per
765 1118 836 1153 quod
865 1119 991 1145 universa

201 1170 290 1193 creata
309 1169 390 1192 sunt:
409 1173 418 1190 ι
433 1164 498 1191 Sine
522 1164 581 1199 ipso
599 1165 670 1191 enim
695 1163 796 1191 factum
821 1169 860 1191 est
884 1164 963 1196 nihil,
979 1172 988 1190 ι

202 1216 230 1238 ιιι
253 1210 291 1238 ait
307 1209 427 1237 Joannes
438 1209 472 1236 ".
487 1209 514 1237 Si
531 1216 595 1236 vero
610 1217 717 1244 semper
736 1215 763 1237 et
781 1211 928 1237 secundum
948 1217 993 1236 na-

201 1263 288 1284 turam
306 1261 414 1284 creator
430 1261 471 1283 est
489 1256 558 1283 Deus
574 1264 606 1283 ac
626 1255 720 1289 l'ater,
743 1262 802 1283 erat
819 1257 912 1291 utique
929 1263 991 1283 cum

201 1304 260 1338 ipso
282 1303 305 1330 is
339 1308 386 1337 per
408 1309 487 1336 quem
514 1307 623 1329 creator
647 1307 704 1334 est,
734 1303 785 1330 hoc
806 1307 848 1330 est
874 1301 992 1330 Verbum

202 1348 297 1384 ipsius.
323 1347 555 1381 Quemadmodum
580 1347 653 1375 enim
686 1347 712 1374 id
736 1348 809 1383 quod
833 1348 994 1376 naturaliter

202 1396 304 1424 homini
325 1396 406 1428 inest,
420 1395 541 1430 separari
561 1394 596 1423 ab
612 1402 644 1422 eo
662 1402 714 1422 non
730 1398 831 1430 potest,
857 1395 895 1422 ita
911 1402 960 1422 nec
978 1403 993 1422 a

203 1443 256 1470 Deo
271 1441 400 1477 quidquid
424 1442 450 1468 in
469 1441 528 1476 ipso
550 1445 577 1468 et
592 1448 624 1468 ex
642 1441 702 1476 ipso
716 1445 767 1467 est.
779 1440 834 1467 ‘Est
855 1445 944 1467 autem
966 1440 993 1468 in

203 1489 283 1516 Patre
295 1491 322 1515 et
341 1495 374 1514 ex
398 1486 479 1515 Patre
495 1485 634 1515 Verbum:
652 1486 834 1522 inseparabile
854 1487 944 1522 itaque
968 1491 996 1514 et

202 1539 376 1562 coaeternum.

288 1579 409 1614 ALIUD,
429 1587 476 1614 per
499 1579 676 1607 reductionem
699 1581 733 1607 ad
749 1580 904 1609 absurdum.

239 1637 267 1665 Si
293 1644 346 1664 non
382 1640 424 1662 est
450 1634 535 1662 Filius
557 1634 628 1662 Patri
654 1639 827 1667 coaeternus,
855 1634 902 1662 sed
929 1634 994 1662 Erat

201 1685 305 1721 quando
319 1690 369 1709 non
381 1685 451 1713 erat,
464 1687 491 1708 ut
502 1689 550 1709 vos
564 1681 725 1716 opinamini,
740 1688 852 1709 necesse
865 1680 917 1708 erit
930 1688 996 1709 cou-

201 1732 299 1760 eedere
315 1729 504 1765 imperfectam
522 1727 669 1764 aliquando
684 1728 769 1757 fuisse
783 1735 905 1757 sanctam
933 1729 996 1757 Tri-

203 1779 326 1805 nitatem.
344 1776 409 1803 Erat
425 1775 498 1804 enim
517 1775 618 1808 unitas,
635 1779 664 1802 ιιι
675 1774 792 1808 videtur,
806 1780 870 1803 ante
886 1774 994 1802 Filium.

203 1824 301 1850 l'ostea
323 1826 412 1849 autem
435 1821 505 1848 facta
530 1825 572 1848 est
590 1819 720 1855 Trinitas,
732 1821 784 1856 27
796 1828 857 1848 cum
879 1821 996 1848 accessit

202 1869 274 1904 quod
293 1867 396 1895 deerat.
418 1866 485 1894 Cum
501 1873 567 1893 vero
583 1865 713 1900 quidquid
732 1866 890 1894 accessione
906 1865 994 1900 aliqua

154 1942 156 1946 ,
202 1915 308 1946 erevit,
329 1912 500 1940 detractione
531 1913 690 1939 decrescere
714 1912 817 1946 possit,
848 1912 994 1938 verendum

202 1966 244 1989 est
256 1954 294 1988 ne
305 1968 356 1995 qua
374 1959 443 1987 ratio
455 1967 506 1987 nos
519 1967 599 1994 cogat
613 1958 749 1990 conﬁteri,
764 1963 888 1986 sanctam
905 1957 994 1985 Trini-

204 2011 286 2035 tatem
307 2014 401 2034 rursus
417 2005 450 2032 ad
479 2006 612 2033 unitatem
637 2004 721 2039 redigi
746 2011 835 2039 posse.
859 2004 887 2030 Si
904 2007 993 2031 autem

204 2055 240 2081 ita
254 2054 360 2081 sentire
386 2052 428 2079 vel
455 2052 652 2086 loqui-omnem
669 2051 838 2084 impietatem
861 2054 993 2084 superat;

202 2105 262 2126 erat
292 2098 404 2126 omnino
429 2105 538 2132 semper
564 2104 626 2124 ctnn
653 2101 747 2124 sancta
774 2095 910 2123 Triuitate
935 2096 994 2127 ejus

202 2146 348 2182 plenitudo.

447 2190 551 2218 ALIUD
571 2190 631 2216 huic
650 2189 746 2216 simile.

1041 941 1082 972 εις
1102 940 1132 967 τὸ
1153 938 1223 967 εῖναι
1239 941 1273 968 τὰ
1293 941 1375 968 όνται
1393 941 1483 968 πάντα
1504 941 1532 968 δὲ
1549 941 1583 968 δι’
1605 940 1670 968 Υἱοῦ
1695 942 1769 968 ποιεῖ
1793 942 1845 968 καὶ

1041 987 1258 1024 κατεργάζεται,
1280 988 1338 1020 πῶς
1357 988 1407 1015 οὺχ
1432 987 1530 1019 ἀσεϐὲς
1549 987 1580 1014 τὸ
1598 987 1703 1022 λέγειν·
1718 984 1845 1016 Ἦν⁷ὅτε

1041 1035 1098 1061 οὐκ
1117 1032 1173 1069 ἦν;
1190 1030 1255 1061 ’ἴσον
1272 1034 1325 1071 γᾶρ
1346 1035 1420 1061 ἐστιν
1445 1035 1549 1061 εἰπεῖν·
1565 1032 1620 1061 Ἦν
1635 1034 1680 1061 ὃτι
1700 1034 1753 1061 οὒκ
1774 1032 1810 1070 ἦν
1823 1033 1844 1061 ⁵6

1042 1077 1118 1112 Θεὸς,
1136 1080 1248 1116 ὕστερον
1263 1081 1458 1116 ἐπιγενομένου
1473 1080 1520 1107 τοῦ
1537 1080 1648 1107 πάντων
1670 1079 1844 1116 δημιουργοῦ

1043 1127 1145 1162 Λόγου·
1165 1125 1283 1164 «λΧωρὶς
1303 1127 1358 1164 γὰρ
1377 1127 1461 1155 αὑτοῦ
1479 1127 1587 1162 ἐγένετο
1603 1127 1664 1154 οὐδὲ
1686 1127 1727 1160 ἓν,
1743 1137 1751 1154 ι
1770 1127 1845 1154 κατᾶ

1042 1175 1092 1209 τὴν
1110 1171 1235 1202 Ἰωάννου
1251 1175 1354 1210 φωνήν.
1369 1172 1400 1201 Et
1414 1174 1442 1201 δὲ
1459 1174 1502 1201 ἀεὶ
1515 1172 1562 1200 καὶ
1576 1173 1647 1201 κατὰ
1662 1173 1745 1208 φύσιν
1761 1182 1844 1209 ποιη-

1042 1221 1093 1256 τὴς
1112 1221 1126 1247 ό
1140 1220 1207 1253 Θεὸς
1223 1221 1269 1247 καὶ
1283 1221 1390 1256 Πατὴρ,
1404 1218 1438 1256 ἧν
1454 1220 1508 1256 ἄρα
1524 1220 1572 1247 σὺν
1587 1219 1661 1255 αὐτῷ
1672 1220 1705 1247 δι’
1720 1217 1751 1247 οὗ
1770 1229 1846 1255 ποιῇς

1043 1266 1092 1302 τὴς
1108 1266 1245 1301 ἐφαίνετο,
1259 1266 1400 1293 τουτέστιν
1414 1267 1429 1293 ό
1444 1267 1529 1300 Λόγος
1558 1266 1652 1294 αὑτοῦ.
1667 1267 1774 1302 ’Ὠσπερ
1789 1266 1846 1301 γὰρ

1047 1311 1199 1348 ἀχώριστον
1224 1311 1370 1348 ἀνθρώπου
1397 1313 1451 1339 πᾶν
1471 1312 1500 1339 τὺ
1528 1312 1608 1347 φύσει
1625 1312 1724 1348 προσὸν
1752 1312 1844 1347 αὐτῷ·

1044 1358 1118 1385 οὕτω
1133 1358 1180 1385 καὶ
1203 1358 1271 1385 Θεοῦ
1294 1359 1348 1385 πᾶν
1364 1358 1395 1385 τὸ
1418 1359 1447 1385 ἐν
1465 1358 1540 1394 αὐτῷ
1563 1359 1612 1386 καὶ
1633 1359 1663 1392 ἐξ
1684 1358 1780 1386 αὑτοῦ.
1799 1359 1844 1385 Ἐν

1046 1403 1132 1439 Πατρὶ
1151 1403 1180 1430 δὲ
1201 1403 1248 1430 καὶ
1271 1403 1303 1430 ὲκ
1325 1403 1432 1439 Πατρὸς
1452 1404 1467 1430 ὁ
1485 1404 1590 1438 Λόγος’
1612 1403 1765 1440 ἀχώριστος
1790 1404 1844 1438 ἄρα
1867 1429 1869 1443 ζ

1047 1449 1093 1476 καὶ
1108 1449 1252 1480 συναῒδιος.

1145 1580 1248 1612 ΛΛΛΟ,
1263 1579 1312 1606 διὰ
1326 1579 1380 1614 τῆς
1396 1581 1440 1614 εἰς
1455 1580 1570 1608 ἄτοπον
1590 1579 1763 1618 ἀπαγωγῆς.

1081 1636 1112 1663 El
1127 1636 1177 1662 οὐκ
1193 1636 1267 1664 ἐστιν
1280 1637 1294 1663 ὁ
1313 1637 1376 1669 Υἱὸς
1392 1638 1430 1674 τῷ
1448 1638 1536 1674 Πατρὶ
1553 1639 1699 1673 συνατδιος,
1715 1640 1775 1666 ἀλλ’
1788 1638 1846 1668 Ἦν·

1045 1681 1094 1709 ὅτε
1111 1683 1166 1710 οὐκ
1183 1681 1233 1718 ἦν’,
1248 1683 1308 1710 καθ’
1331 1685 1414 1720 ὑμᾶς,
1427 1685 1534 1721 ἀνάγκη
1552 1686 1742 1721 συνομολογεῖν
1759 1687 1845 1723 ἀτελῆ

1045 1738 1110 1756 ποτε
1134 1730 1266 1765 ὑπάρχειν
1281 1731 1329 1766 τὴν
1348 1731 1429 1766 ἁγίαν
1451 1732 1567 1767 Τριάδα.
1582 1731 1637 1759 Ἦν
1662 1732 1716 1769 γὰρ
1745 1734 1843 1769 μονὰς,

1044 1774 1082 1807 ὠς
1096 1775 1180 1808 εἰκὸς,
1194 1776 1248 1811 πρὸ
1264 1776 1338 1804 Υἰοῦ,
1354 1777 1452 1811 Γέγονε
1475 1777 1503 1804 δὲ
1524 1777 1638 1813 ὕστερον
1661 1778 1759 1814 Τριᾰς,
1782 1780 1844 1806 ἐπι-

1044 1822 1192 1857 γενομένου
1215 1822 1261 1849 τοῦ
1279 1823 1429 1855 λείποντος.
1451 1823 1561 1860 Ἐπειδὴ
1583 1825 1613 1851 δὲ
1636 1826 1690 1851 πᾶν
1715 1825 1786 1860 ὅπερ
1810 1826 1844 1852 ἂν

1045 1867 1147 1903 συμϐῇ,
1163 1867 1210 1894 καὶ
1233 1868 1426 1904 ἀποσυμϐἧναι
1451 1868 1577 1901 δύναται,
1599 1869 1659 1902 δέος
1677 1870 1714 1905 μὴ
1733 1871 1782 1897 xz!
1802 1879 1843 1902 τις

1045 1914 1119 1949 ἡμᾶς
1133 1914 1277 1951 ἀναγκάσῃ
1291 1914 1369 1949 λόγος
1387 1914 1529 1950 ὁμολογεῖν
1541 1916 1674 1942 δύνασθαι
1693 1916 1743 1952 τὴν
1760 1917 1843 1951 ἁγίαν

1045 1959 1149 1995 Τριάδα
1164 1959 1231 1994 πρὸς
1252 1960 1333 1986 mea
1355 1960 1557 1996 παλινδρομεῖν.
1575 1962 1605 1988 Εἰ
1627 1961 1654 1989 δὲ
1672 1962 1753 1988 τοῦτο
1776 1971 1845 1998 φρο-

1044 2007 1130 2042 νεῖνῆ
1150 2006 1240 2041 λέγειν
1263 2008 1372 2043 ἁπάσης
1389 2009 1447 2035 ἐστὶ
1463 2009 1622 2042 δυσσεΰείας
1640 2010 1787 2043 ἐπέκεινα,
1809 2009 1843 2047 ἦν

1045 2052 1088 2078 ἀεὶ
1099 2052 1179 2086 μετὰ
1199 2053 1307 2087 Harpe;
1323 2054 1372 2088 τῆς
1387 2054 1466 2088 ἁγίας
1482 2055 1596 2090 Τριάδος
1611 2057 1640 2082 τὸ
1656 2056 1805 2092 πλήρωμα.

1277 2187 1381 2219 ΛΛΛΟ,
1393 2196 1422 2214 τε
1428 2188 1484 2219 ὐῖῳ
1499 2189 1609 2222 ὅμοιον.

239 2249 268 2276 Si
290 2247 374 2276 Filius
396 2255 448 2274 non
469 2252 511 2274 est
531 2246 668 2282 propriunt
690 2245 815 2281 genimcn
836 2245 991 2272 ειιιιειίιιιιίω

1084 2244 1183 2270 Elei»:
1201 2244 1273 2270 ἑστιν
1286 2245 1300 2271 ὁ
1318 2245 1382 2276 Υἱὸς
1399 2244 1465 2271 ἴδιον
1482 2244 1604 2280 γέννημα
1621 2245 1670 2280 τῆς
1683 2247 1780 2279 οὐσίας
1794 2247 1841 2275 τοῦ

204 2295 307 2327 Patris,
324 2294 371 2322 sed
387 2302 419 2321 cx
437 2291 624 2321 nihilo't‘actus
640 2296 698 2324 est,
715 2291 854 2319 dissimilis
872 2291 922 2319 sibi
942 2291 993 2326 ipsi

204 2341 285 2369 fuerit
297 2346 391 2368 sancta
403 2340 524 2367 Trinitas
537 2346 570 2366 ex
584 2338 669 2365 nihilo
682 2344 759 2365 suam
773 2337 993 2366 constitutionem

204 2389 326 2416 trahens.
339 2388 427 2423 Atque
440 2387 476 2414 ita
492 2385 620 2419 deinceps
632 2389 757 2412 creatura
771 2383 892 2412 Creatori
905 2391 992 2411 annu-

204 2433 362 2467 merabitur,
377 2437 405 2460 et
419 2439 488 2467 opus
504 2430 625 2466 ejusdem
643 2430 695 2457 erit
711 2437 772 2457 cum
789 2429 888 2465 opiiice
905 2429 994 2465 digni-

204 2480 276 2507 tatis.
295 2480 330 2506 At
352 2479 375 2506 si
392 2479 443 2506 hoc
463 2477 574 2512 impium
595 2482 652 2509 est,
673 2483 725 2504 una
750 2475 821 2503 enim
842 2482 885 2504 est
904 2476 994 2504 Deitas

203 2527 303 2550 sanctae
314 2522 474 2555 Trinitatis,
489 2529 541 2548 una
557 2521 727 2556 glorificatio,
741 2522 890 2557 eademque
905 2521 994 2549 domi-

205 2569 296 2602 natio;
315 2568 406 2602 inique
424 2567 507 2602 igitur
523 2567 548 2594 in
566 2565 723 2595 diderentes
738 2567 873 2595 essentia:
889 2567 992 2594 scindi—

204 2622 258 2643 tur.
277 2614 337 2648 Quo
355 2619 433 2648 pacto
454 2618 546 2641 autem
567 2621 620 2642 non
641 2613 722 2642 fuerit
742 2613 910 2646 absurdum,
930 2620 992 2640 cum

203 2662 283 2688 Pater
298 2660 333 2687 sit
348 2664 475 2692 aeternus,
493 2659 594 2686 audere
612 2659 702 2688 dicere
715 2660 834 2688 Verbum
852 2660 924 2694 quod
942 2659 991 2693 ipsi

201 2707 303 2735 assidet
323 2712 429 2740 unaque
449 2710 560 2741 regnat,
580 2705 726 2741 aliquando
744 2713 798 2734 non
818 2705 920 2738 fuisse;
942 2705 990 2732 sed

201 2752 340 2788 postmodo
358 2751 457 2779 factum
475 2758 546 2784 esse,
563 2756 590 2778 et
609 2759 706 2779 novum
727 2751 872 2786 quemdam
894 2757 926 2778 ac
948 2757 990 2778 re-

201 2808 263 2828 cens
277 2799 376 2826 factum
392 2797 476 2826 Deum
491 2797 641 2826 inducere?

232 2879 256 2896 "
268 2878 346 2908 Joan.
362 2889 382 2915 ι,
394 2881 420 2908 3.

1048 2290 1170 2326 Πατρὸς,
1182 2290 1239 2317 ἀλλ’
1260 2289 1289 2322 ἐξ
1305 2290 1355 2317 οὐκ
1375 2290 1459 2317 ὄντων
1473 2290 1590 2324 ἐγένετο,
1613 2291 1741 2326 ἀνόμοιος
1764 2292 1842 2320 ἔσται

1049 2337 1116 2373 πρὸς
1130 2337 1228 2372 ἑαυτὴν
1239 2338 1256 2372 ἡ
1275 2337 1341 2371 ἁγία
1357 2337 1442 2371 Tm;
1461 2337 1490 2369 ἐξ
1506 2337 1555 2364 οὑκ
1571 2337 1656 2364 ὄντων
1671 2337 1771 2372 ἔχουσα
1794 2339 1843 2374 τὴν

1048 2383 1186 2410 σύστασιν.
1208 2384 1262 2410 Καὶ
1282 2383 1373 2409 λοιπον
1388 2382 1419 2408 τὸ
1433 2383 1535 2418 κτίσμα
1549 2383 1588 2418 τῷ
1605 2383 1709 2419 Κτίστῃ
1732 2393 1844 2420 συναρι-

1047 2431 1166 2466 ομεϊται,
1181 2431 1227 2457 καὶ
1245 2430 1277 2456 τὸ
1295 2429 1403 2464 ποίημα
1420 2430 1458 2464 τῷ
1477 2431 1576 2466 ποιητῇ
1592 2430 1795 2463 συνδοξάζεται.
1812 2432 1843 2458 Ei

1047 2478 1076 2504 δὲ
1092 2477 1170 2504 τοῦτο
1188 2474 1296 2508 ἀσεϐὲς,
1314 2476 1362 2511 μία
1379 2476 1431 2512 γὰρ
1445 2476 1540 2512 θεότης
1555 2476 1703 2512 τῆς¹άγῐας
1716 2477 1841 2512 Τριάδος,

1050 2522 1099 2557 μία
1122 2521 1274 2556 δοξολογία,
1292 2522 1422 2557 κυριότης
1439 2522 1456 2557 ή
1479 2522 1566 2557 αὑτὴ,
1589 2522 1640 2549 οὐκ
1657 2523 1777 2556 εὐλόγως
1802 2524 1843 2554 εἰς

1046 2568 1192 2604 διαφόρους
1212 2567 1306 2598 οὐσίας
1321 2567 1451 2602 σχίζεται.
1478 2568 1540 2599 Πῶς
1554 2567 1583 2594 δὲ
1599 2567 1650 2594 οὐκ
1667 2569 1768 2595 ἄτοπον
1795 2568 1841 2596 τοῦ

1047 2615 1154 2650 Πατρδς
1182 2615 1259 2646 δντος
1274 2613 1371 2645 ἀϊδίου,
1394 2613 1439 2641 τὸν
1465 2613 1674 2649 συγκαθήμενον
1700 2615 1776 2651 αὐτῷ
1795 2616 1842 2642 καὶ

1047 2659 1282 2695 συμϐασιλεύοντα
1306 2659 1391 2692 Λόγον
1418 2658 1553 2693 τολμῆσαι
1579 2659 1668 2694 λέγειν
1693 2660 1745 2687 οὐκ
1771 2657 1842 2688 εἶναι

1047 2706 1096 2741 μέν
1114 2713 1195 2732 ποτε·
1215 2704 1402 2738 ἑπιγεγονέναι
1418 2703 1445 2730 δὲ
1471 2704 1595 2740 ὕστερον,
1619 2705 1667 2732 καὶ
1685 2705 1842 2740 πρόσφατον

1045 2753 1110 2788 ἡμῖν
1127 2750 1301 2787 εἰσφέρεσθαι
1319 2750 1386 2777 Θεόν
1396 2759 1405 2783 ε
