1920 3031
98 153 124 180 5Ἰ
814 161 1033 191 TllESAURUS.
1697 166 1732 193 58

103 214 150 240 ὶπι
165 214 210 240 τοῦ
228 215 395 250 ποιοῦντος,
415 218 486 245 ἀλλὰ
501 218 594 254 τέχνης
609 217 727 254 εὕρημα·
745 219 799 254 ἠδὲ
816 221 894 255 τέχνη

950 221 1011 253 lius,
1022 221 1100 248 simul
1116 228 1146 248 ac
1161 220 1255 251 Filius.
1273 220 1363 247 statim
1377 225 1404 247 et
1414 219 1507 252 Pater,
1517 227 1604 255 neque
1619 222 1732 251 alterum

108 260 174 294 οὔτις
189 260 239 286 οὐχ
251 260 342 293 ἐστιν,
362 263 426 289 ἀλλ’
441 264 468 290 ἒν
482 265 535 290 τῶν
550 266 582 299 τῇ
608 264 687 298 φύσει
711 265 896 300 προσόντων),

111 307 160 338 πῶς
171 315 241 339 τινες
251 308 299 334 ἐπὶ
314 308 387 336 Θεοῦ
402 310 442 342 ὡς
453 310 549 336 ταυτὸν
561 310 716 346 εἰσφέρουσι
732 311 837 346 ποίημα
852 312 898 338 καὶ

112 352 237 388 γέννημα,
256 354 371 389 Πατέρα
391 355 523 382 δύνασθαι
548 356 641 383 καλεῖν
661 356 784 391 λέγοντες
798 358 878 384 αὑτὸν
890 379 897 390 ,

114 401 155 426 καὶ
173 401 221 426 οὐκ
237 400 311 432 barro;
326 400 394 427 Υεοῦ
433 401 540 437 Ἐπειδὴ
555 402 600 428 καὶ
611 402 777 438 δημιουργὸς
792 403 899 439 ὑπῆρχε

116 447 162 482 πρὸ
177 447 230 472 τῶν
247 447 512 483 δημιουργημάτων.
526 449 637 483 Ὅμοιον
654 449 709 483 γάρ
728 450 801 475 ἐστιν
821 450 859 481 ὼς
874 450 901 476 εἰ

114 501 151 523 τις
165 492 211 518 καὶ
221 492 265 519 τὸν
282 494 459 529 ναυπηγικὴν
477 494 573 529 ἔχοντα
600 494 707 530 τέχνην,
725 495 833 530 Πατέρα
850 504 900 522 κα-

113 537 168 572 λοέη
185 538 230 564 καὶ
250 538 288 573 μὴ
308 538 384 570 ὖντος
403 539 482 566 Υἱοῦ·
499 540 559 566 ἐπεὶ
585 540 631 566 καὶ
659 540 798 575 ναυπηγός
826 541 899 567 ἐστιν

114 585 172 610 ὅσον
185 585 224 616 εἰς
234 585 283 620 τὴν
295 585 403 620 τέχνην,
414 586 462 612 καὶ
476 586 524 622 τὴν
539 586 584 612 τοῦ
600 586 728 613 δύνασθαι
743 588 829 613 ποιεῖν
844 588 900 613 ὲπι-

113 630 270 665 τηδειὸτητα
288 631 355 667 ἔχει,
367 633 414 658 καὶ
432 633 456 658 εἰ
467 634 503 668 μή
518 641 560 659 πω
568 633 599 659 τὸ
608 632 710 668 σκάφος
727 633 898 660 κατεσκεύα-

113 686 167 704 σεν.
188 677 259 703 Ἀλλ’
276 679 290 704 ὁ
304 677 428 710 τοιοῦτος
450 679 589 714 ναυπηγὸς
613 679 661 714 μὲν
686 679 771 710 ἔσται,
787 679 834 705 καὶ
847 679 899 714 πρὸ

110 723 156 750 τοῦ
172 723 293 758 σκάφους
307 724 349 750 διὰ
365 724 415 759 τὴν
428 724 535 760 τέχνην,
553 724 646 759 Πατὴρ
659 724 686 750 δὲ
701 724 791 750 οὐκέτι
807 725 843 759 μή
858 733 900 750 πω

111 769 252 802 γεγονότος
262 769 308 795 τοῦ
319 769 351 796 δι’
358 770 386 796 ὂν
399 770 476 796 ἔσται
488 770 588 805 πατὴρ.
597 769 652 796 Καὶ
660 769 693 796 τὰ
706 770 753 804 μὲν
762 769 900 804 ποιήματα

110 814 157 839 καὶ
172 814 210 848 μὴ
220 815 352 848 γεγονότα
366 815 417 841 οὐκ
430 815 536 850 ἀναιρεῖ
552 815 581 840 τὸ
601 813 730 840 δύνασθαί
754 823 814 840 τινα.
829 811 898 840 εἶναι

111 861 235 893 ποιητήν·
247 861 263 886 ὁ
276 860 305 887 δὲ
334 861 390 892 υἱὸς
405 860 481 887 οὔπω
500 861 653 896 γενόμενος,
671 860 812 895 ἀναιρήσει
829 859 898 886 πάν-

949 266 1050 300 absque
1084 265 1167 293 altero
1193 265 1303 299 intelligi
1326 270 1422 299 potest.
1447 265 1520 300 Opus
1539 271 1628 294 autem
1649 267 1732 295 etiam

949 319 1008 347 post
1025 313 1210 340 exsislentiam
1224 313 1328 347 opiﬁcis
1342 313 1426 347 possit
1440 313 1525 340 videri
1539 314 1642 348 (neque
1655 322 1729 341 enim

948 363 989 386 est
1006 365 1036 385 ex
1054 364 1147 385 natura
1162 359 1277 393 opiﬁcis,
1293 358 1339 385 sed
1353 359 1418 385 artis
1440 358 1578 385 inventum
1595 368 1601 385 :
1625 367 1671 386 ars
1683 367 1732 386 au-

949 408 1003 430 tem
1020 411 1070 430 non
1089 408 1128 430 est
1145 408 1252 434 natura,
1266 403 1312 429 sed
1332 410 1413 429 unum
1438 402 1539 437 aliquid
1555 411 1648 430 eorum
1673 411 1732 437 quae

949 453 1051 475 natura:
1067 449 1193 483 insunt);
1221 456 1337 482 quonam
1363 453 1442 483 pacto
1473 448 1592 476 nonnulli
1621 449 1646 476 itt
1678 449 1732 476 Deo

949 499 1076 529 tanquam
1089 496 1158 522 idem
1176 499 1297 522 statuunt
1310 494 1409 522 factum
1424 499 1451 522 et
1464 494 1595 529 genitum,
1609 495 1730 522 dicentes

949 549 1027 575 posse
1044 549 1105 567 eum
1118 540 1205 567 vocari
1222 541 1340 571 Patrem,
1354 541 1434 567 etiam
1449 548 1502 566 nou
1522 539 1672 567 exsistentc
1691 540 1732 567 Fi-

949 585 1003 613 lio?
1015 585 1152 620 Siquidem
1166 589 1192 612 et
1215 585 1303 620 opifex
1318 585 1424 612 exsistit
1447 591 1510 612 ante
1524 585 1641 620 opiﬁcia.
1661 585 1729 612 Perv

949 631 1010 658 inde
1040 631 1111 658 enim
1125 635 1167 657 est
1184 638 1214 658 ac
1240 631 1261 658 si
1280 631 1340 664 quis
1352 638 1413 658 eum
1434 631 1479 666 qui
1507 635 1565 657 arte
1580 630 1729 658 fabricandi

950 684 1030 704 naves
1042 676 1169 710 praeditus
1195 676 1240 709 sit,
1261 680 1364 710 patrem
1382 684 1480 704 vocare
1513 677 1630 704 voluerit
1643 677 1726 704 etiam

950 730 1002 750 non
1020 722 1167 749 exsislente
1181 722 1246 754 ﬁlio,
1257 722 1384 756 quoniam
1411 727 1438 749 et
1462 722 1609 749 fabricator
1623 723 1731 750 navium

949 773 990 795 est
1000 772 1129 803 quantum
1143 768 1237 794 attinet
1251 767 1283 794 ad
1295 771 1390 800 artem,
1403 772 1430 794 et
1441 767 1592 794 facultatem
1605 767 1730 794 habiiilzt-

951 820 1055 849 lemque
1063 815 1094 840 ad
1106 813 1288 841 fabricandum
1302 813 1391 846 habet,
1401 814 1506 840 etiamsi
1516 814 1632 840 nondum
1643 814 1731 840 navim

949 859 1193 895 33couslrnxerit.
1204 859 1335 886 Caeterum
1343 858 1472 893 ejusmodi
1480 859 1576 893 aliquis
1587 859 1733 885 fabricator

110 915 163 937 τως
178 906 208 932 τὲ
219 903 291 932 εἶναι
322 906 427 942 πατέρα
446 907 515 933 τινά.
545 906 626 933 Ὥστε
653 906 702 932 οὐκ
726 906 757 932 ἂν
785 907 840 932 ἴσον
855 905 894 940 εἴη

949 906 1056 940 quidem
1074 905 1148 932 navis
1171 905 1233 938 erit,
1255 905 1337 932 etiam
1361 910 1424 932 ante
1450 904 1547 931 lactant
1580 904 1682 936 navim,
1696 905 1730 932 ob

110 952 215 986 ποίημα
230 952 278 978 καὶ
291 951 366 983 Υἱός’
381 953 427 978 καὶ
456 952 568 988 ποιητὴς
596 952 644 987 μὲν
665 952 750 982 ἔστιν,
772 952 833 978 ὅσον
859 953 898 984 είς

108 997 158 1032 τὴν
169 997 274 1024 οἰκείαν
285 997 376 1031 φύσιν,
396 998 444 1024 καὶ
474 998 525 1034 πρὸ
536 998 590 1024 τῶν
613 998 772 1034 ποιημάτων
784 999 797 1024 ὁ
813 997 878 1029 Θεὸς
889 1017 898 1029 ,

110 1043 206 1078 Πατὴρ
219 1043 248 1069 δὲ
261 1043 385 1078 οὐδαμῶς
399 1043 449 1069 οὐκ
465 1043 540 1075 ὄντος
551 1043 626 1070 Tia-3.

952 955 1036 977 artem
1053 958 1104 985 qua
1119 950 1247 985 praeditus
1263 954 1314 978 est.
1339 949 1419 977 Pater
1433 957 1496 976 vero
1520 949 1591 976 nulla
1612 950 1733 981 ratione,

953 1003 1013 1023 cum
1023 996 1138 1022 nondum
1151 995 1251 1022 factum
1264 997 1299 1023 sit
1315 996 1339 1023 id
1350 1004 1397 1030 per
1407 996 1477 1030 quod
1487 995 1593 1022 futurus
1602 1000 1733 1029 estpater.

955 1043 1035 1076 Atqui
1045 1049 1126 1076 opera
1140 1042 1259 1077 quidem,
1269 1041 1374 1069 etiamsi
1387 1042 1504 1069 nondum
1517 1041 1584 1068 facta
1599 1041 1662 1073 sint,
1676 1048 1728 1067 non

110 1090 262 1123 impediunt
290 1090 436 1125 quominus
450 1090 580 1124 quispiam
605 1090 694 1125 opifex
711 1097 772 1117 esse
788 1090 894 1125 possit:
917 1089 987 1115 filius
1022 1097 1085 1116 vero
1115 1089 1231 1115 nondum
1264 1093 1342 1115 natus
1361 1088 1438 1123 plane
1457 1087 1566 1122 itnpedit
1577 1092 1606 1114 ut
1625 1087 1685 1121 quis
1700 1087 1733 1113 sit

109 1141 198 1169 pater.
213 1135 271 1162 Non
297 1142 339 1164 est
362 1145 428 1171 ergo
461 1137 547 1169 idem,
570 1144 637 1170 Opus
665 1141 690 1163 et
712 1135 795 1162 Filius
811 1145 817 1162 :
834 1135 906 1170 alqui
926 1134 1015 1169 opifex
1037 1135 1143 1168 quidem
1159 1139 1208 1166 est,
1226 1139 1355 1169 quantum
1376 1134 1408 1160 ad
1428 1134 1563 1168 propriam
1589 1141 1666 1160 suam
1684 1140 1730 1159 na-

112 1189 211 1215 liram,
230 1184 314 1211 etiam
325 1190 388 1211 ante
401 1191 481 1220 opera
496 1185 577 1217 facta,
595 1183 664 1210 Dens
678 1192 686 1212 :
699 1182 780 1210 Pater
795 1187 884 1209 autem
905 1189 1086 1213 nequaquam,
1106 1190 1158 1209 non
1177 1182 1326 1208 chistente
1345 1180 1424 1207 Filio.

368 1247 552 1289 ΛΟΓΟΣ
589 1247 649 1289 ΕΖ

113 1314 174 1339 Ὀτι
192 1314 236 1348 νοῦ
268 1313 455 1348 πιπρῢπάρχει
485 1314 538 1340 τοῦ
560 1313 625 1340 ΥΙοῦ
654 1314 670 1340 ό
695 1311 812 1346 Πατὴρ,
845 1313 902 1338 κᾶν

144 1347 293 1381 ἀγένητος·
307 1346 338 1383 ᾖ,
356 1346 425 1376 ἀλλ’
441 1347 481 1384 ἦν
493 1348 572 1381 αὐτῷ
586 1348 742 1380 συγαΐδιος
760 1347 902 1382 γεννητὸς

145 1385 160 1410 ό
178 1384 253 1416 Υἱός.

252 1440 413 1472 Ἀντίθεσις
432 1440 471 1472 ὡς
485 1440 519 1466 ἐκ
534 1439 592 1466 τῶν
605 1439 763 1466 Εὑνοιιίου.

143 1498 174 1524 ΕΞ
202 1498 276 1524 ἔστιν
303 1497 430 1532 ἀνάρχως
455 1496 501 1523 καὶ
524 1497 662 1531 ἀγενήτως
679 1496 722 1523 ἀεὶ
751 1497 764 1522 ό
793 1496 897 1531 Πατὴρ,

1153 1244 1438 1290 ASSEBTIO
1475 1247 1531 1291 V.

953 1310 1028 1343 Quod
1046 1309 1124 1336 I’uler
1137 1317 1187 1336 non
1202 1310 1302 1336 cxsislit
1318 1314 1378 1336 (mle
1392 1308 1506 1344 Filium,
1522 1309 1625 1335 tametsi
1637 1309 1734 1344 ingeni-

1022 1351 1062 1371 tus
1077 1346 1120 1376 sil,
1133 1345 1177 1371 sed
1190 1350 1243 1371 emt
1259 1346 1281 1371 ei
1296 1349 1438 1371 tua’lernua
1455 1343 1540 1370 Filius
1554 1345 1663 1378 genitus.

1073 1443 1189 1478 Objeclio
1205 1448 1328 1477 tanquam
1344 1450 1375 1468 ea:
1388 1442 1466 1468 (lit-tis
1482 1441 1614 1469 Eunomii.

989 1499 1015 1525 Si
1033 1498 1134 1532 absque
1150 1498 1281 1533 principio
1298 1502 1378 1532 atque
1392 1502 1451 1523 orltt
1470 1505 1576 1531 semper
1590 1502 1630 1524 est
1644 1497 1734 1528 Pater,

108 1542 203 1578 ὥσπερ
221 1542 267 1569 οὖν
287 1544 334 1569 καὶ
354 1543 437 1574 Eat-rw,
459 1543 588 1577 ἐγεννήθη
602 1543 630 1569 δὲ
649 1544 663 1569 ὁ
684 1543 757 1575 Υἱὸς,
775 1542 832 1574 πῶς
848 1541 894 1569 οὐκ

949 1548 977 1570 ιιι
995 1551 1088 1571 revera
1105 1548 1162 1576 est,
1181 1543 1265 1570 Filius
1281 1549 1370 1570 autem
1390 1543 1496 1578 genitus
1513 1548 1569 1576 est,
1587 1551 1640 1578 quo
1657 1550 1734 1578 pacto

108 1589 215 1623 ἀνάγκη
235 1591 310 1616 nisa
325 1590 355 1616 τὸ
370 1589 498 1624 γεννηθὲν
515 1590 584 1624 ἀρχῇ
602 1588 836 1624 περιγράφεσθαι;

354 1680 432 1713 Πρὸς
447 1679 533 1706 τοῦτο
547 1680 647 1712 λύσις.

143 1737 238 1768 Οὐδεὶς
256 1734 407 1771 ἀναγκάσει
421 1736 499 1771 λόγος
516 1737 687 1772 ἀνύπαρκτον
702 1735 769 1764 εἶναι
790 1737 898 1770 πάντως

109 1783 161 1817 πρὸ
183 1783 233 1817 τῆς
247 1783 387 1817 γενήσεως
407 1783 437 1809 τὸ
452 1783 573 1818 γενηθέν,
587 1783 603 1818 ἢ
619 1783 664 1810 καὶ
677 1784 747 1819 ἀρχῇ
766 1784 898 1820 περιγρά-

109 1829 215 1863 φεσθαι,
231 1829 282 1856 κᾶν
292 1831 306 1856 ὀ
317 1829 560 1865 γεψῶνιὰγένητος
572 1827 616 1866 ἦν.
630 1830 667 1857 Οὐ
679 1830 732 1864 γὰρ
747 1831 810 1866 περὶ
827 1839 898 1862 τινος

110 1873 162 1899 τῶν
179 1873 240 1900 καθ’
254 1875 330 1908 ἡμᾶς
346 1875 360 1901 ό
377 1874 454 1916 λόγος
468 1875 544 1910 ἡμῖν,
561 1872 583 1902 ὧ
604 1872 692 1907 οὗτος,
707 1876 749 1902 ἵνα
762 1876 793 1911 δὴ
809 1877 857 1903 καὶ
869 1877 898 1903 ἐν

110 1919 197 1954 χρόνῳ
213 1919 244 1945 τὸ
263 1919 432 1955 γεννώμενον
450 1920 569 1955 φαίνοιτο
598 1922 645 1948 καὶ
663 1921 788 1957 καθάπερ
810 1922 843 1949 ὲκ
860 1921 898 1957 μὴ

110 1966 183 1996 Eum;
198 1967 237 1997 εἰς
251 1965 282 1992 τδ
299 1963 368 1992 εἶναι
382 1966 497 2001 βαδίζον,
513 1967 584 2003 ἀρχῇ
601 1967 796 2003 περιγράφοιτο
807 1975 814 1982 ·
830 1967 898 1995 ἀλλὰ

112 2012 173 2046 περὶ
190 2011 238 2045 τῆς
254 2011 329 2044 θείας
342 2021 371 2038 τε
386 2012 433 2039 καὶ
445 2013 620 2049 ἀπερινοήτου
638 2013 754 2048 φύσεως,
770 2015 897 2050 ἀρρήτως

111 2057 197 2083 πάντα
215 2057 346 2092 ποιούσης
357 2059 403 2084 καὶ
415 2058 582 2094 θεοπρεπῶς.
598 2059 701 2086 Οὐκοῦν
711 2061 896 2096 ὐπερὸήσεται

109 2102 155 2136 τὴν
177 2103 239 2129 καθ’
253 2104 330 2138 ἡμᾶς
349 2103 450 2137 γνῶσιν
468 2105 514 2131 καὶ
537 2105 551 2130 ὁ
576 2107 626 2141 τῆς
645 2105 718 2137 θείας
742 2107 895 2140 γεννήσεως

108 2148 217 2181 τρόπος,
229 2150 277 2175 καὶ
293 2149 323 2175 οὐ
341 2151 398 2181 τοῖς
415 2150 594 2186 ἀνθρωπίνοις
611 2151 721 2186 θεσμοῖς
737 2152 893 2179 ὑπόκειται·

109 2193 162 2219 ἀλλ’
179 2194 241 2219 ὅσον
257 2195 306 2229 τῆς
321 2195 349 2221 ὲν
363 2196 428 2230 ἡμῖν
448 2196 680 2231 σμικροπρεπείας
696 2198 712 2232 ὴ
738 2197 797 2224 θεία
814 2198 893 2232 φύσις

108 2240 274 2275 ἀπῴκισται,
293 2241 421 2267 τοσοῦτον
443 2242 472 2267 ἑν
494 2243 549 2274 τοῖς
569 2242 629 2269 καθ’
646 2243 743 2278 ἑαυτὴν
766 2243 895 2278 ὑπερέχει

108 2286 140 2312 τὰ
155 2286 289 2322 ἡμέτερα.
306 2287 490 2314 Παυέσθωσαν
510 2289 599 2315 τοίνυν
622 2289 728 2326 ἀνάγκῃ
752 2290 800 2316 καὶ
823 2290 893 2326 ἀρχῇ

109 2332 324 2367 περιγράφοντες
346 2333 392 2359 τὸν
420 2333 542 2369 ἀνάγκης
566 2335 717 2371 κρείττονα,
740 2335 787 2362 καὶ
807 2335 893 2371 ἀρχὴν

110 2377 154 2411 μὲν
176 2377 227 2413 τὴν
249 2379 279 2404 ὲν
300 2379 389 2414 χρόνῳ
405 2381 637 2415 παραιτούμενον
651 2381 763 2414 λέγοντα
781 2381 808 2408 δὲ
825 2382 892 2417 πρὸς

109 2423 207 2450 Μωσέα
221 2424 269 2450 τὸν
283 2424 453 2459 σοφώτατον·
472 2435 482 2451 ‹
505 2426 576 2460 Ἐγώ
592 2427 649 2462 εἰμι
665 2428 680 2454 ό
696 2427 743 2454 ὢν.
768 2437 777 2454 t
797 2428 842 2464 Τῷ
861 2429 891 2455 δὲ

109 2469 150 2494 ἀεὶ
164 2469 219 2496 ὄντι
235 2469 324 2502 (τοῦτο
340 2471 394 2505 γὰρ
410 2472 537 2507 σημαίνει
553 2472 583 2499 τὸ
597 2473 660 2508 ὢν),
681 2473 761 2500 ποίαν
774 2483 815 2506 τις
834 2474 891 2510 δοίη

110 2514 152 2548 τὴν
173 2515 220 2542 τοῦ
236 2514 315 2542 εἶναι
338 2517 409 2543 κατὰ
435 2518 530 2552 χρόνον
547 2518 650 2554 ἀρχήνς
677 2520 782 2552 Ἄλλως
806 2529 836 2546 τε
861 2520 891 2547 οὐ

111 2560 212 2592 παντως
237 2561 306 2597 ὅπερ
332 2561 366 2588 ἄν
395 2564 451 2594 τοῖς
475 2562 521 2590 τοῦ
545 2565 725 2600 γεννήσαντος
750 2565 892 2601 ὶδιὼμασιν

109 2605 220 2633 ἐναντίον
241 2605 312 2635 εἶναι
332 2608 410 2643 δοκῇ,
430 2608 508 2635 τοῦτο
530 2609 569 2645 τῷ
590 2610 744 2645 γεννηθέντι
767 2612 891 2646 φαίνεται

109 2652 210 2686 προσόν.
235 2652 279 2685 Ὠς
303 2653 372 2687 γοῦν
397 2653 471 2681 ἔστιν
487 2656 502 2681 ὁ
524 2655 605 2687 Θεός·
626 2656 657 2682 τὺ
683 2657 712 2683 δὲ
734 2658 893 2685 ἀντιπίπτον

111 2696 183 2732 latitet
197 2698 246 2725 καὶ
262 2698 457 2733 ἀντικείμενον
469 2699 499 2725 οὺ
516 2699 591 2730 Θεός.
612 2700 682 2726 Ἀλλ’
697 2700 756 2727 ἐστι
768 2701 834 2733 Θεὸς
847 2701 894 2728 καὶ

107 2741 117 2767 6
133 2743 197 2775 Υἱὸς,
218 2744 310 2771 καίτοι
332 2743 383 2770 τοῦ
406 2744 511 2780 [ἰατρὸς
524 2744 599 2777 ὄντος
618 2745 696 2780 Θεοῦ,
713 2746 846 2781 βασιλέως
863 2756 893 2774 τε

105 2788 170 2822 firm;
187 2790 293 2826 ὁμοίως
310 2790 361 2818 τοῦ
377 2790 494 2825 “acpbe,
510 2790 636 2825 βασιλεύς
650 2793 706 2819 ἐστι
721 2793 766 2820 καὶ
789 2794 802 2820 ὀ
819 2793 890 2825 Υἱός.

127 2880 147 2896 ⁸³
160 2880 247 2908 Exod.
264 2888 307 2912 Ill,
332 2879 376 2906 l6.

951 1598 1003 1617 non
1016 1590 1126 1617 omnino
1144 1597 1253 1616 necesse
1267 1589 1362 1619 fuerit.
1376 1594 1405 1616 ut
1420 1589 1445 1615 id
1461 1589 1531 1624 qttod
1546 1590 1664 1624 genitum
1680 1596 1734 1621 est,

949 1636 1081 1672 principio
1096 1636 1351 1664 circumscribatur?

1198 1681 1302 1709 Salutio
1323 1682 1486 1717 objectionis.

984 1738 1061 1766 Nulla
1083 1739 1161 1774 plane
1182 1739 1249 1766 ratio
1271 1744 1348 1774 coget
1369 1744 1399 1766 ut
1419 1739 1445 1766 id
1466 1738 1536 1774 quod
1558 1738 1676 1773 genitunt
1697 1743 1736 1764 cst

950 1791 1012 1814 ante
1034 1786 1235 1822 generationem
1259 1793 1310 1812 non
1330 1785 1479 1816 exstiterit,
1495 1789 1541 1811 aut
1559 1789 1587 1811 ut
1604 1784 1736 1819 principio

949 1833 1196 1864 circumscribatur,
1207 1834 1313 1859 tametsi
1325 1832 1430 1865 genitor
1442 1831 1575 1867 ingenitus
1590 1831 1634 1857 sit.
1644 1830 1736 1865 Neque

949 1880 1038 1913 enim,
1053 1887 1069 1906 ο
1087 1880 1171 1912 bone,
1186 1878 1219 1905 dc
1234 1885 1368 1913 quoquam
1389 1881 1510 1904 nostrum
1527 1884 1618 1904 sermo
1636 1880 1692 1908 est,
1708 1880 1737 1902 nt

950 1926 1075 1953 nimirum
1090 1925 1116 1952 id
1129 1925 1199 1959 qttod
1216 1924 1336 1958 genitum
1351 1928 1403 1957 est,
1416 1923 1441 1950 in
1459 1928 1578 1958 tempore
1591 1929 1651 1949 esse
1664 1922 1736 1949 dica-

949 1976 1002 2004 tttr,
1015 1975 1043 1998 ct
1053 1971 1131 2005 quasi
1146 1977 1161 1997 a
1179 1978 1229 1997 non
1243 1978 1304 1996 esse
1317 1969 1350 1996 ad
1363 1976 1423 1996 esse
1437 1968 1587 1996 traductum
1604 1968 1736 2003 principio

947 2016 1201 2045 circumscribatur;
1216 2015 1263 2042 sed
1277 2015 1308 2041 de
1322 2015 1410 2041 divina
1425 2018 1452 2041 et
1464 2013 1731 2048 incompreltensibili

947 2067 1120 2096 ualura,qua:
1134 2059 1304 2088 ineﬁabiliter
1315 2067 1400 2093 eoque
1417 2059 1495 2086 modo
1508 2059 1552 2093 qui
1568 2058 1622 2086 Deo
1636 2067 1735 2087 conve-

947 2109 986 2135 nit
997 2107 1084 2135 omnia
1098 2106 1169 2134 facit.
1181 2106 1294 2140 Superat
1307 2106 1397 2139 itaque
1411 2105 1555 2131 humanum
1569 2104 1732 2132 intellectum

946 2154 1042 2183 divina:
1060 2151 1242 2188 generationis
1260 2151 1369 2182 modus,
1388 2158 1474 2186 neque
1492 2150 1616 2177 humanis
1632 2150 1734 2183 legibus

946 2198 1066 2231 subjacet
1080 2206 1086 2223 :
1104 2197 1150 2224 sed
1166 2201 1267 2231 quanto
1282 2195 1370 2222 divina
1385 2200 1479 2222 natura
1497 2199 1587 2222 nostra
1605 2196 1734 2222 tenuitate

912 2232 932 2252 υ
946 2250 987 2271 est
1007 2242 1192 2274 excellentior,
1210 2246 1284 2268 tanto
1303 2241 1383 2268 etiam
1405 2242 1463 2276 ejus
1482 2241 1604 2269 actiones
1627 2246 1734 2268 nostras

944 2295 1082 2325 superant.
1100 2288 1228 2316 Desinant
1247 2288 1338 2322 itaque
1367 2287 1530 2314 necessitate
1554 2292 1581 2314 et
1600 2287 1733 2322 principio

943 2335 1166 2364 circumscribere
1183 2343 1244 2362 eum
1261 2335 1306 2370 qni
1323 2334 1396 2362 omni
1416 2334 1577 2361 necessitate
1594 2338 1635 2360 est
1651 2340 1732 2368 snpe-

942 2383 1007 2415 rinr,
1017 2387 1045 2409 et
1059 2381 1221 2416 principium
1233 2381 1260 2408 in
1274 2385 1393 2416 tempore
1405 2379 1558 2406 consistens
1569 2386 1620 2406 non
1633 2385 1732 2413 cogno-

940 2429 1006 2461 scit;
1027 2428 1090 2462 qttin
1111 2427 1200 2462 potius
1219 2427 1253 2454 ad
1275 2425 1504 2460 sapientissimum
1525 2424 1616 2451 Mosen
1636 2424 1702 2452 dicit
1722 2432 1730 2450 ε

947 2475 1001 2509 Ego
1012 2481 1128 2501 sumens
1136 2473 1169 2500 ".
1178 2473 1206 2500 Ei
1219 2481 1283 2500 vero
1295 2472 1340 2508 qui
1354 2479 1458 2506 semper
1468 2470 1574 2498 exsistit
1587 2470 1648 2506 (boc
1659 2470 1729 2497 enim

945 2521 1079 2556 signiﬁcat
1090 2519 1157 2555 ens),
1169 2519 1303 2554 quodnam
1318 2518 1465 2546 exsistendi
1482 2517 1508 2544 in
1525 2521 1645 2550 tempore
1659 2516 1730 2550 prin-

945 2568 1044 2602 cipium
1066 2566 1198 2601 quispiam
1221 2566 1336 2592 tribuet?
1352 2565 1438 2592 Aliter
1454 2571 1507 2591 non
1528 2563 1554 2590 in
1575 2563 1729 2589 universum

945 2612 973 2640 id
995 2611 1066 2646 quod
1090 2611 1220 2646 genitoris
1243 2610 1453 2644 pr0prietatibns
1476 2609 1641 2636 contrarium
1670 2614 1730 2634 esse

942 2663 1077 2690 censetur,
1093 2657 1145 2684 hoc
1159 2655 1213 2692 35
1228 2655 1319 2690 genito
1336 2655 1479 2682 tribuetur.
1497 2655 1566 2682 Deus
1584 2654 1672 2688 itaque
1687 2657 1729 2681 est

942 2703 1038 2737 Pater;
1059 2710 1210 2738 repugnans
1229 2709 1292 2728 vero
1309 2701 1372 2728 huic
1389 2705 1470 2735 atque
1489 2700 1657 2736 oppositum,
1676 2707 1728 2726 non

943 2748 1024 2776 Deus.
1036 2748 1117 2782 Atqui
1134 2748 1203 2775 Deus
1216 2751 1258 2775 est
1273 2746 1355 2774 etiam
1372 2746 1468 2778 Filius,
1483 2746 1589 2773 tametsi
1606 2750 1633 2773 et
1650 2745 1730 2772 Pater

944 2795 978 2822 sit
997 2795 1083 2828 Dens;
1101 2797 1127 2820 et
1144 2793 1266 2821 similiter
1282 2800 1341 2820 cum
1360 2799 1406 2820 rex
1423 2792 1456 2819 sit
1473 2791 1564 2824 Pater,
1579 2799 1625 2819 rex
1646 2791 1727 2818 etiam
