1920 3031
181 147 215 175 63
682 144 710 172 S.
730 144 871 172 CYRILLI
888 143 1123 171 ALEXANDRINI
1139 143 1298 171 ARCHIEP.
1785 138 1821 166 65

521 204 635 232 Salutio.

218 262 297 296 Atqui
322 262 371 289 hoc
393 261 604 296 nugacissimum
628 265 685 292 est,
703 265 731 287 et
754 258 973 293 incomparabilis
988 257 1011 285 Α

182 307 320 342 cujusdam
339 307 480 333 dementia:
498 306 668 333 manifestum
687 309 885 339 argumentum.
905 304 969 338 Quis

182 353 253 380 enim
266 353 371 388 ignorat
382 353 414 380 de
425 352 536 387 singulis
546 353 626 379 etiam
640 351 773 378 creaturis
787 351 969 386 producentlis

183 399 347 426 voluntatem
364 399 389 425 in
406 398 472 426 Filio
487 397 586 425 fuisse?
598 397 696 424 Volens
712 396 783 424 enirn
803 397 893 423 omnia
908 397 970 424 fecit

181 444 309 478 Creator,
331 452 417 478 neque
449 446 550 478 absque
581 443 639 478 ejus
672 443 809 470 voluntate
840 449 972 471 creaturae

183 491 266 525 ipsius
283 492 426 518 exsistunt.
442 490 570 523 Quantam
589 490 671 524 igitur
683 495 724 517 est
741 489 892 516 differentia
910 489 970 516 Filii

183 542 209 563 et
227 536 352 569 facturae,
366 540 497 563 creatur-Le
515 540 542 562 et
559 535 789 570 genimiuis,.37
808 536 828 562 si
848 535 972 562 voluntas

182 581 215 608 de
235 582 355 615 utrisque
373 581 399 607 in
419 581 473 607 Deo
489 581 540 608 sita
558 581 617 607 est?
634 580 764 613 Quisnam
783 588 856 608 sana:
875 581 972 608 mentis

183 628 215 654 iis
229 627 273 661 qui
291 628 326 653 ita
342 626 463 654 sentiunt
477 635 528 653 non
546 627 691 660 acclamet,
707 627 775 659 quod
790 634 819 653 ea
836 635 896 661 qua:
912 633 971 653 tan-

182 677 273 706 topere
290 673 359 700 inter
375 681 404 700 se
420 673 522 699 ratione
537 678 639 699 natura:
653 673 768 704 distant,
782 673 876 699 eodem
893 674 972 700 modo

181 718 330 749 aestiment.
349 719 374 746 in
401 719 456 745 sola
483 718 527 746 Dei
553 719 721 754 praenotiune
747 724 861 754 utraque
886 720 972 753 posita

181 773 241 791 csse
261 769 425 796 statuentes,
443 771 469 792 et
487 764 574 791 Verbo
594 764 666 798 quod
688 773 720 790 ex
745 764 861 791 essentia
886 764 973 793 Patris

181 814 313 846 processit
328 813 393 839 nihil
410 812 524 847 amplius
538 819 617 846 quam
632 812 764 838 creaturis
779 811 915 838 tribuant?

536 913 649 941 ALIUD.

219 972 246 998 Si
259 971 342 998 Filius
354 978 406 997 non
424 975 483 997 erat
498 977 604 1004 semper
619 977 680 996 cum
697 969 775 996 Patre
789 978 821 997 ex
847 977 904 1005 ipso
930 977 972 997 ee-

183 1019 299 1046 cundnm
314 1023 436 1044 naturam
453 1017 588 1043 exsiSIens
602 1021 629 1043 ct
641 1021 805 1048 comleruus,
815 1017 862 1043 sed
882 1021 974 1051 postea

183 1065 206 1091 ei
221 1065 321 1091 accidit
341 1069 368 1090 ιιι
381 1067 463 1094 esset,
483 1062 582 1089 accidit
597 1062 692 1096 procul
704 1062 786 1090 dubio
800 1062 880 1089 etiam
903 1062 974 1089 Patri

183 1115 213 1135 ut
229 1110 304 1136 ﬁeret
320 1109 409 1135 Pater.
429 1108 518 1141 Atque
535 1107 571 1133 ita
599 1107 712 1134 mutatio
740 1107 864 1142 quaedam
895 1113 976 1142 atque

183 1155 307 1181 alteratio
323 1154 348 1180 in
367 1155 424 1188 ipso
445 1152 515 1180 facta
536 1154 653 1180 videtur.
672 1153 789 1185 Nam,ex
808 1157 898 1180 vestra
913 1159 976 1179 sen-

185 1201 266 1228 temia
284 1222 290 1233 ,
307 1201 377 1235 quod
393 1201 466 1234 prius
488 1208 540 1227 non
555 1204 624 1231 erat,
639 1199 664 1226 id
683 1205 774 1234 postea
807 1200 895 1226 factus
923 1204 974 1226 est.

184 1248 217 1274 At
234 1255 297 1274 vero
312 1246 338 1272 in
358 1246 474 1273 divinam
492 1251 617 1273 naturam
635 1245 706 1272 trulla
725 1245 840 1273 mutatio
866 1250 913 1271 aut
938 1244 978 1272 al-

185 1293 279 1319 teratio
293 1292 374 1319 cadit.
391 1292 449 1318 Non
470 1292 553 1326 igitur
564 1293 663 1319 accidit
677 1293 731 1318 Deo
747 1296 775 1318 ιιι
788 1291 867 1318 Pater
879 1291 975 1318 ﬁeret:

184 1339 231 1366 sed
245 1343 303 1366 erat
323 1339 347 1365 ei
364 1343 526 1366 cowteruum
544 1338 616 1373 quod
634 1346 666 1366 ex
688 1338 746 1373 ipso
767 1336 978 1372 processitVer-

184 1386 246 1412 hum
264 1393 271 1418 ;
290 1385 518 1420 quemadmodum
537 1385 611 1412 calor
630 1385 656 1411 in
673 1384 744 1419 igne,
757 1384 802 1419 qui
819 1384 927 1418 quidem
944 1390 978 1411 ex

184 1432 372 1466 ignegignitur
380 1436 407 1459 et
421 1439 529 1466 seraper
543 1439 605 1458 cum
617 1431 776 1464 eoexsistil,
793 1435 820 1458 et
833 1438 864 1458 ex
878 1430 979 1457 lumine

184 1478 303 1513 gignitur
319 1477 487 1505 exteriorum
502 1477 679 1504 illuminatio.

294 1546 416 1579 ALIUD,
437 1546 478 1573 Ea:
494 1546 639 1581 objectione
658 1545 850 1573 Ita’relicorum.

222 1603 249 1630 Si
263 1603 408 1638 perfectus,
423 1603 560 1637 inquiunt,
573 1608 614 1629 est
627 1603 707 1630 Pater
721 1603 747 1629 in
764 1611 812 1630 sua
826 1602 978 1638 majestate,

186 1657 273 1684 neque
315 1649 372 1683 ejus
408 1655 510 1676 natura:
544 1649 689 1683 quidquam
725 1649 758 1675 ad
795 1649 846 1676 hoc
887 1649 978 1682 tICeSI,

187 1704 416 1730 supervacaneum
463 1700 505 1722 est
540 1695 623 1722 veluti
661 1694 879 1730 supplementum
921 1696 981 1723 sive

187 1742 382 1776 plenitudinem
424 1741 533 1769 deitatis
566 1741 651 1776 ipsius
689 1740 786 1768 Filium
817 1741 842 1768 ei
877 1740 979 1776 adjun-

187 1795 260 1822 gere.

529 1843 644 1872 Salutio.

225 1909 371 1945 Perfectus
386 1909 494 1944 quidem
511 1913 553 1937 est
564 1908 644 1936 Pater
661 1909 688 1938 in
700 1916 750 1937 sua
767 1909 919 1944 majestate,
933 1916 981 1937 ne-

188 1964 240 1991 que
257 1956 398 1991 quisquam
411 1963 483 1982 sana:
497 1955 594 1983 mentis
619 1955 644 1982 id
661 1955 816 1990 negaverit;
846 1954 982 1990 perfectus

189 2006 277 2029 autem
297 2007 338 2029 est
357 2009 409 2029 non
425 2009 456 2029 eo
474 2006 576 2028 tantum
598 2001 706 2029 nomine
727 2003 799 2036 quod
828 2001 916 2033 Deus,
935 2009 981 2029 ve-

191 2055 249 2074 rum
266 2047 347 2073 etiam
364 2047 435 2081 quod
450 2045 540 2073 Pater.
548 2044 616 2073 Nam
632 2046 654 2073 si
664 2045 717 2073 Deo
731 2046 865 2073 ademeris
873 2045 981 2074 Patrem

189 2099 260 2123 esse,
271 2091 463 2118 fecunditatem
479 2099 495 2118 e
509 2091 597 2118 divina
615 2095 710 2118 natura
725 2091 884 2118 sustuleris:
903 2091 938 2119 ita
955 2097 984 2119 ut

191 2137 328 2171 perfectus
347 2145 514 2172 nequaquam
532 2137 578 2169 sit,
596 2144 657 2164 cum
675 2136 820 2172 generandi
855 2137 983 2165 facultate

191 2189 293 2212 careat.
310 2185 503 2212 Documentum
525 2184 615 2218 itaque
628 2182 804 2219 perfectionis
824 2188 865 2211 est
888 2183 983 2211 fecun-

1271 201 1348 236 Πρὸς
1362 201 1448 228 τοῦτο
1466 201 1566 233 λύσις.

1066 259 1136 286 Ἀλλ’
1169 259 1228 286 ἔστι
1252 259 1332 286 τοῦτο
1361 258 1480 293 φλυαρία
1512 256 1616 292 πολλὴ,
1646 256 1692 282 καὶ
1721 253 1819 285 ἀνοίαις

1024 305 1189 339 ἀσυγκρίτου
1207 305 1294 340 σαφὴς
1320 303 1467 336 ἀπόδειξις.
1485 303 1544 330 Τίνι
1560 302 1614 338 γὰρ
1628 302 1678 328 οὐκ
1695 301 1755 327 ἐστι
1770 300 1818 334 δῆ-

1022 350 1067 377 λον
1078 351 1120 377 ὃτι
1133 351 1165 386 δὴ
1177 352 1225 378 καὶ
1237 350 1301 386 περὶ
1317 350 1433 377 ἑκάστου
1446 348 1500 375 τῶν
1528 347 1719 383 πεποιημένων
1735 343 1771 381 ἦν
1788 346 1819 371 ἐν

1024 397 1063 432 τῷ
1079 396 1138 431 Θεῷ
1152 397 1182 423 τὸ
1192 396 1296 429 θέλεινς
1312 395 1435 430 Θελήσας
1449 394 1502 430 γὰρ
1515 393 1549 420 τὰ
1560 393 1649 420 πάντα
1664 392 1819 426 πεποίηκεν

1022 444 1036 470 ό
1050 443 1225 478 δημιουργός·
1237 442 1284 469 καὶ
1299 443 1349 469 οὐκ
1366 441 1485 477 ἀθέλητά
1507 441 1581 466 ἐστιν
1603 439 1678 474 αὐτῷ
1700 440 1737 466 τὰ
1750 438 1817 473 παρ’

1023 489 1105 516 αὑτοῦ
1135 491 1316 525 πεποιημένα.
1333 490 1381 521 Τίς
1408 487 1453 516 οὖν
1482 490 1498 524 ὴ
1529 488 1647 523 διαφορὰ
1677 486 1745 514 Tia?)
1770 487 1819 513 καὶ

1024 537 1186 572 ποιήματος,
1200 537 1314 568 κτίσεως
1339 537 1386 563 καὶ
1413 536 1578 570 γενήματος,
1591 536 1615 561 εξ
1628 535 1658 560 τὸ
1673 534 1761 561 θέλειν
1788 534 1819 559 ὲν

1024 582 1084 617 Θεῷ
1097 584 1187 609 κεῖται
1203 583 1267 618 περὶ
1291 583 1412 617 dumb;
1438 581 1497 608 Οὐκ
1512 581 1544 608 ἄν
1558 590 1600 612 τις
1621 580 1741 614 εὐλόγως
1762 579 1818 605 τῶν

1023 628 1102 655 τοῦτο
1121 628 1290 663 φρονούντων
1306 628 1511 663 καταϐοήσειεν,
1523 627 1564 654 ὅτι
1579 627 1613 653 τὰ
1623 626 1751 652 τοσοῦτον
1769 625 1819 652 ἀλ-

1024 673 1112 709 λήλων
1127 674 1288 710 διεστηκότα
1303 673 1375 701 κατὰ
1385 673 1430 700 τὸν
1445 674 1493 708 τῆς
1506 672 1613 707 φύσεως
1631 672 1710 706 λόγον
1723 672 1752 697 ὲν
1768 671 1818 705 ἴσῳ

1026 721 1118 757 μέτρῳ
1132 722 1215 756 τιμᾷν
1228 720 1423 756 ἐπιχειροῦσιν,
1449 721 1478 746 ὲν
1498 719 1570 755 μόνῃ
1587 718 1743 754 προγνώσει
1770 717 1818 744 τοῦ

1024 767 1091 794 Θεοῦ
1108 767 1214 794 κεῖσθαι
1243 766 1531 801 διδόντεςτάμφότερα,
1561 765 1609 792 καὶ
1633 765 1712 791 πλέον
1740 763 1818 790 οὐδὲν
1867 803 1870 806 Δ

1025 814 1098 849 ἔχειν
1117 813 1171 840 τῶν
1183 813 1305 848 γενητῶν
1322 811 1551 848 παραχωροῦντες
1576 810 1615 846 τῷ
1640 812 1672 837 ὲκ
1693 811 1744 846 τῆς
1769 809 1816 836 τοῦ

1024 861 1130 896 Πατρὺς
1143 860 1236 891 οὐσίας
1253 859 1409 895 προελθόντι
1422 859 1518 894 Λόγῳ;

1373 916 1474 943 ΛΛΛΟ.

1061 976 1093 1002 Εἰ
1113 975 1149 1011 μὴ
1184 975 1266 1008 συνῆν
1282 974 1378 1005 ἁΥίδς
1396 973 1439 1000 ἀεὶ
1456 972 1495 1008 τῷ
1518 972 1605 1008 Πατρὶ
1629 971 1658 1004 ἐξ
1680 971 1764 998 αὐτοῦ
1787 979 1818 998 τε

1026 1022 1063 1049 ὢν
1078 1022 1149 1049 κατὰ
1163 1021 1242 1056 φύσιν
1258 1021 1305 1048 καὶ
1320 1020 1461 1052 συναῗδιος,
1483 1019 1641 1054 συμϐἐὸηκε
1656 1017 1684 1044 δὲ
1699 1017 1774 1052 αὐτῷ
1789 1017 1821 1044 τδ

1027 1066 1108 1100 εἶναι,
1127 1068 1224 1103 συνέϐη
1243 1067 1363 1102 δηλονότι
1383 1066 1430 1092 καὶ
1452 1065 1490 1100 τῷ
1510 1065 1615 1091 τεκόντι
1636 1064 1666 1090 τὺ
1690 1063 1820 1098 γενέσθαι

1028 1116 1147 1152 Πατέρα.
1164 1115 1219 1141 Καὶ
1235 1114 1370 1150 μεταϐολή
1386 1122 1428 1145 τις
1445 1113 1506 1148 περὶ
1521 1112 1602 1139 αὑτὸν
1615 1112 1661 1139 καὶ
1678 1111 1821 1142 ἀλλοίωσις

1027 1161 1159 1197 γενομένη
1185 1160 1320 1195 φαίνεται.
1349 1160 1382 1186 Ὀ
1397 1159 1452 1194 γὰρ
1476 1159 1526 1185 οίικ
1547 1156 1581 1193 ἦν
1596 1157 1738 1193 πρότερον,
1757 1156 1820 1183 καθ’

1028 1208 1111 1243 ὑμᾶς,
1124 1206 1204 1233 τοῦτο
1215 1207 1328 1240 γέγονεν
1341 1205 1464 1240 ὕστερον.
1480 1204 1590 1239 Τροπῆς
1604 1203 1632 1229 δὲ
1648 1204 1757 1238 ἁπάσης
1772 1203 1820 1229 καὶ

1029 1252 1199 1284 ἀλλοιώσεως
1225 1251 1400 1282 ἀνεπίδεκτος
1426 1251 1442 1284 ἡ
1471 1249 1531 1276 θεία
1559 1248 1649 1284 φύσις.
1678 1249 1736 1275 Οὐκ
1765 1249 1821 1284 ἄρα

1029 1298 1131 1334 συνέϐη
1146 1298 1186 1334 τῷ
1200 1298 1260 1333 Θεῷ
1275 1297 1305 1324 τὸ
1323 1297 1450 1331 γενέσθαι
1471 1295 1599 1331 Πατέρα·
1622 1295 1679 1322 ἀλλ’
1696 1292 1730 1329 ἦν
1745 1294 1822 1330 αὺτῷ

1029 1346 1165 1377 συνατδιος
1186 1345 1200 1371 ὁ
1223 1344 1253 1376 ἐξ
1277 1343 1359 1371 αὑτοῦ
1377 1342 1517 1378 προελθὼν
1534 1342 1630 1376 Λόγος,
1654 1341 1783 1377 καθάπερ
1804 1343 1821 1376 ή

1029 1392 1166 1428 θερμότης
1180 1393 1210 1418 ὲν
1227 1391 1304 1426 πυρὶ,
1319 1389 1457 1426 γεννητῶς
1477 1388 1506 1421 ὲξ
1524 1387 1606 1415 αὑτοῦ
1622 1388 1755 1423 προϊοῦσα
1775 1387 1823 1414 καὶ

1029 1439 1073 1466 ἀεὶ
1089 1438 1311 1473 συνυπάρχουσι,
1328 1436 1376 1463 καὶ
1390 1437 1422 1462 ὲκ
1439 1435 1529 1471 φωτὸς
1542 1435 1556 1461 ὀ
1573 1434 1638 1470 περὶ
1651 1434 1685 1461 τὰ
1702 1434 1755 1466 ἔξω
1770 1443 1823 1469 φω-

1029 1485 1135 1520 τισμός.

1092 1553 1193 1583 ΛΛΛΟ,
1215 1552 1255 1584 ὡς
1269 1552 1303 1583 ἑξ
1320 1550 1500 1584 ἀντιθέσεως
1519 1550 1579 1577 τῶν
1597 1549 1764 1583 αἱρετικῶν.

1066 1609 1097 1635 Ei
1111 1609 1225 1641 τέλειος,
1241 1609 1333 1643 φησὶν,
1350 1608 1422 1634 ἐστιν
1437 1609 1451 1634 ὁ
1466 1607 1561 1642 Πατὴρ
1577 1607 1604 1632 ἐν
1621 1608 1654 1642 τῇ
1668 1607 1758 1642 οἰκείᾳ
1775 1615 1824 1641 με-

1031 1654 1184 1689 γαλειότητι
1209 1654 1255 1680 καὶ
1271 1654 1347 1680 οὐδὲν
1369 1653 1487 1679 ἐλλείπει
1511 1652 1578 1687 προς
1593 1651 1672 1678 τοῦτο
1685 1653 1717 1687 τῇ
1738 1651 1823 1678 αὑτοῦ

1031 1700 1122 1734 φύσει,
1138 1699 1272 1735 περιττῶς
1286 1701 1324 1732 ὡς
1342 1700 1479 1735 πλήρωμα
1499 1699 1548 1733 τῆς
1568 1698 1695 1731 θεότητος
1710 1698 1796 1726 αὑτοῦ
1810 1699 1825 1726 6

1032 1747 1096 1778 Υἱὸς
1112 1746 1315 1781 ὲτιεισφέρεται.

1277 1849 1355 1882 Πρὸς
1371 1849 1459 1876 τοῦτο
1474 1849 1574 1882 λύσις.

1069 1913 1175 1945 Τέλειος
1197 1913 1247 1948 μὲν
1261 1913 1275 1939 6
1291 1913 1386 1949 Πατὴρ
1402 1914 1431 1940 ὲν
1451 1915 1485 1950 τῇ
1502 1914 1600 1941 ἑαυτοῦ
1617 1914 1824 1951 μεγαλειότητι·

1033 1958 1080 1984 καὶ
1093 1958 1143 1984 οὐκ
1157 1957 1189 1984 ἄν
1204 1966 1245 1990 τις
1258 1957 1336 1984 τοῦτο
1354 1957 1409 1985 τῶν
1424 1955 1454 1985 εὖ
1472 1958 1642 1994 φρονούντων
1659 1959 1810 1995 ἀρνήσεται

1033 2003 1135 2034 τέλειος
1150 2003 1188 2034 δὲ,
1202 2003 1251 2038 οὐχ
1264 2003 1305 2029 ὅτι
1321 2003 1401 2038 μόνον
1417 2003 1477 2030 ἐστὶ
1489 2003 1566 2036 Θεδς,
1580 2003 1638 2031 ἀλλ’
1651 2004 1693 2031 ὅτι
1707 2005 1756 2032 καὶ
1770 2005 1827 2032 Πα-

1033 2050 1096 2085 τήρ.
1114 2050 1145 2076 Ei
1157 2048 1211 2084 γὰρ
1223 2048 1333 2083 ἀφίλοις
1347 2048 1395 2076 τοῦ
1410 2048 1478 2076 Θεοῦ
1494 2049 1524 2076 τδ
1534 2047 1605 2076 εἶναι
1617 2049 1736 2086 Πατέρα,
1753 2051 1828 2079 ἀναι-

1036 2095 1129 2131 ρήσεις
1143 2095 1194 2130 τῆς
1207 2094 1282 2126 Θείας
1299 2094 1406 2130 φύσεως
1422 2095 1452 2122 τὸ
1470 2096 1651 2132 καρπογόνον,
1668 2096 1712 2123 ῐνα
1728 2097 1828 2132 μηκέτι

1034 2140 1064 2167 τὸ
1083 2140 1184 2167 τέλειον
1206 2140 1273 2175 ἔχοι,
1292 2140 1431 2173 λείποντος
1457 2142 1526 2178 αὐτῇ
1550 2141 1598 2169 τοῦ
1624 2142 1733 2178 γεννᾷν.
1756 2142 1829 2169 Γνώ-

1037 2194 1123 2222 ρισμσ,
1146 2185 1234 2213 τοίνυν
1255 2186 1305 2221 τῆς
1329 2187 1507 2224 τελειότητος,
1531 2190 1548 2223 ή
1574 2189 1754 2224 καρπογονία,
1781 2189 1828 2215 καὶ

191 2231 278 2263 ditas,
306 2236 333 2258 et
353 2232 460 2266 signant
493 2231 565 2265 quod
592 2230 700 2258 Patrem
736 2229 884 2264 perfectum
922 2237 977 2258 esse

1036 2232 1137 2267 σφαγὶς
1149 2231 1188 2267 τῷ
1205 2232 1293 2268 Πατρὶ
1310 2233 1356 2260 τοῦ
1371 2231 1441 2263 εἶναι
1455 2235 1569 2268 τέλειον,
1583 2235 1598 2261 ὸ
1614 2234 1644 2268 ἐξ
1660 2234 1744 2261 αὑτοῦ
1761 2242 1828 2270 προ-

191 2278 320 2310 ostendit,
342 2283 384 2305 est
413 2277 508 2311 Filius,
528 2277 574 2311 qui
591 2283 625 2304 ex
658 2276 716 2311 ipso
732 2276 766 2303 ab
789 2280 891 2304 aeterno
921 2283 983 2311 pro—

192 2324 285 2352 cessit.

534 2379 652 2408 ALIUD.

228 2450 256 2477 Si
269 2449 356 2477 Patris
364 2448 646 2477 essentiaefecunditas
661 2447 820 2476 naturaliter
831 2455 883 2475 non
905 2448 985 2481 inest,

194 2496 328 2531 perfectus
349 2504 412 2523 vero
422 2500 461 2523 est
474 2495 555 2522 etiam
568 2494 638 2522 citra
654 2494 799 2528 generandi
817 2494 983 2527 facultatem,

194 2542 358 2577 superfluum
375 2542 457 2576 igitur
487 2545 568 2575 atque
598 2540 778 2567 adventitium
794 2541 844 2567 hoc
856 2541 881 2568 ei
915 2541 987 2568 acci-

194 2588 251 2614 dit:
271 2592 317 2614 aut
334 2588 423 2622 potius
433 2594 465 2613 eo
480 2586 601 2621 indiguit.
614 2585 736 2619 Quonam
760 2593 823 2613 vero
840 2591 918 2621 pacto
929 2594 988 2622 per-

195 2635 279 2662 fectus
295 2634 374 2660 fuerit
390 2633 434 2667 qui
448 2632 538 2667 aliquo
558 2637 617 2667 eget
627 2633 638 2659 ?
648 2632 703 2667 38
713 2637 760 2659 aut
774 2640 828 2667 quo
843 2638 921 2667 pacto
934 2641 985 2660 non

196 2679 339 2706 absurdum
365 2678 401 2706 sit
423 2678 523 2713 aliqttid
551 2678 723 2706 extrinsecus
747 2678 864 2713 adjicere
890 2678 987 2705 divina:

196 2730 308 2756 natura;
340 2725 449 2759 perinde
478 2733 509 2752 ac
530 2725 555 2753 si
589 2724 781 2760 perfectionem
817 2732 849 2752 ex
879 2731 909 2751 se
929 2725 986 2759 ipsa

197 2779 248 2797 non
265 2769 388 2797 habeat?
419 2770 553 2799 Naturalis
585 2771 675 2806 itaque
698 2775 739 2798 est
767 2770 842 2797 Patri
864 2770 986 2798 fecundi-

196 2822 238 2844 tas
254 2836 261 2848 ,
278 2821 359 2851 atque
379 2817 437 2846 ideo
451 2819 585 2854 perfectus
606 2823 663 2852 cst,
681 2817 752 2854 quod
770 2818 861 2852 genuit
890 2817 988 2845 nullius

197 2863 258 2890 ltoui
279 2863 392 2898 indigus.

1035 2276 1119 2304 ελθὼν
1133 2277 1256 2312 ἀχρόνως
1271 2277 1343 2309 Υίὸς.

1381 2373 1483 2400 ΑΔΛΟ.

1073 2449 1102 2475 Εἰ
1121 2448 1158 2484 μὴ
1175 2447 1245 2475 κατὰ
1259 2447 1340 2481 φύσιν
1357 2447 1486 2482 πρόσεστι
1503 2447 1536 2481 τῇ
1559 2445 1605 2473 τοῦ
1623 2444 1729 2481 Πατρδς
1749 2445 1829 2480 οὐσίᾳ

1035 2494 1066 2520 τὸ
1080 2494 1260 2529 καρπογόνον,
1274 2492 1376 2524 τέλειος
1399 2492 1429 2519 δέ
1444 2492 1501 2518 ἐστι
1523 2492 1569 2518 καὶ
1590 2491 1652 2527 δίχα
1676 2490 1724 2518 τοῦ
1747 2491 1829 2518 δύνα-

1037 2540 1098 2566 σϐαι
1115 2540 1222 2574 γεννᾷν,
1241 2538 1366 2574 περιττὸν
1378 2537 1431 2574 ἄρα
1446 2538 1493 2564 καὶ
1507 2536 1668 2564 ἐπείσακτον
1682 2536 1828 2571 ἐγγέγονεν

1036 2589 1110 2624 αὐτῷ
1122 2587 1209 2614 τοῦτο·
1228 2586 1326 2622 μᾶλλον
1338 2585 1367 2612 δὲ
1385 2584 1480 2620 ἐδεήθη
1496 2583 1603 2610 τούτου.
1624 2583 1679 2610 Καὶ
1695 2582 1755 2614 πῶς
1772 2582 1829 2608 ἐστι

1036 2635 1137 2665 τέλειος
1150 2635 1164 2660 ό
1174 2633 1277 2669 δεηθείς
1291 2640 1379 2665 τινος;
1399 2631 1456 2662 πῶς
1472 2631 1500 2657 δὲ
1516 2630 1565 2656 οὐκ
1578 2630 1678 2657 ἄτοπον
1694 2628 1724 2656 τὸ
1737 2630 1829 2655 ὲπεισ-

1037 2681 1151 2715 άγεσθαί
1165 2689 1190 2706 τι
1204 2681 1237 2715 τῇ
1253 2680 1314 2714 Θεία
1329 2678 1420 2713 φύσει.
1437 2677 1475 2709 ὡς
1490 2677 1539 2704 οὐκ
1554 2676 1655 2713 ἐχούσῃ
1677 2675 1708 2701 τὺ
1726 2674 1828 2702 τέλειον

1037 2727 1065 2761 ἐξ
1078 2727 1191 2762 ὲαυτῆς;
1205 2725 1319 2752 Φυσικὸν
1333 2722 1378 2751 οὖν
1392 2723 1430 2759 τῷ
1443 2724 1530 2759 Ila-rp).
1544 2722 1575 2749 τὺ
1588 2720 1768 2757 καρπογόνον,
1785 2721 1829 2748 καὶ

1037 2773 1081 2799 διὰ
1096 2773 1174 2800 τοῦτο
1187 2771 1301 2804 τέλειος,
1320 2771 1359 2798 ὁτι
1376 2771 1422 2798 καὶ
1437 2769 1546 2797 τέτοκεν
1565 2768 1672 2800 οὐδενος
1685 2767 1740 2794 τῶν
1759 2767 1827 2802 ἀγα-

1039 2818 1094 2844 θῶν
1112 2818 1281 2846 λειπόμενος.
