1920 3031
59 182 85 213 ³15

748 170 970 202 THESAURUS.

1639 171 1673 198 7L

59 240 82 273 ιε
93 237 179 269 αὑτοῦ,
198 236 257 262 ἀλλ’
275 235 395 270 ἔξωθεν,
410 235 534 264 καὶκατὰ
545 234 657 270 δύναμιν
670 233 719 270 τὴν
731 234 760 260 ὲν
776 234 836 268 βον-

900 239 975 266 ιοιιιιθ
994 238 1027 258 ex
1042 230 1101 266 ipso
1115 236 1187 262 esse,
1215 229 1261 256 sed
1282 229 1453 257 extrinsecus
1476 232 1502 255 et
1524 227 1672 255 secundum

59 286 119 320 λήαει
135 283 201 319 μόνῃ
212 281 262 318 τὴν
279 281 454 318 συνύπαρξιν
469 282 534 318 ἔχει.

279 391 367 426 Πρὸς
386 390 472 418 τοῦτο
489 391 590 423 λύσις.

88 448 191 484 μικρὸν,
207 444 231 473 ὣ
243 446 388 482 βέλτιστε,
407 446 504 474 σαυτὸν
517 446 573 474 ἄνω
589 445 723 481 σωμάτων
734 445 779 481 ἔχε
789 446 835 472 καὶ

58 496 101 522 τῶν
113 495 170 530 περὶ
182 494 216 521 τὰ
230 493 354 528 σώματα
369 493 478 521 παθῶν·
493 492 557 528 περὶ
570 491 638 519 Θεοῦ
655 492 709 526 γὰρ
721 492 735 518 ὸ
746 491 834 526 λόγος.

59 542 84 568 Ei
101 540 148 575 γὰρ
169 539 218 566 οῐει
242 538 378 574 καθάπερ
393 538 536 574 ἄνθρωπον
551 537 676 564 τίκτοντα
698 535 745 563 τὸν
769 535 836 563 Θεὸν

59 585 209 614 ἐλαττοῦσθαί
221 594 283 617 πως
297 585 364 617 ταῖς
379 583 549 620 ἁπορῤοίαις,
570 583 618 611 καὶ
630 583 691 618 δίχα
706 583 778 615 τινος
789 582 837 618 ζη-

60 632 112 668 μίας
126 631 160 666 μὴ
179 629 315 658 δύνασθαι
337 627 420 657 τοῦτο
433 631 532 662 ποιεῖν,
549 628 727 665 μεριζόμενον
742 628 837 664 ὥσπερ

59 680 90 710 τίς
101 677 141 704 τὸν
153 676 181 709 ἐξ
193 676 278 703 αὐτοῦ
302 676 476 713 προελθόντα
496 675 594 710 Λόγον,
606 675 632 702 τί
653 674 774 702 κωλύσαι
788 673 837 710 τὴν

59 724 127 759 αὑτὴν
146 723 296 756 ἐπαγαγεῖν
322 721 512 757 βλασφημίαν,
527 721 574 748 καὶ
599 720 648 747 ἐπὶ
668 721 725 752 τοῖς
747 719 838 751 ἄλλοις

59 772 128 798 ἅπασι
150 770 205 800 τοῖς
228 768 389 804 προσ-οὖσιν
411 767 502 804 αὐτῷ;
524 768 555 794 Ei
571 767 626 803 γὰρ
640 766 677 798 ὡς
694 765 838 801 ἄνθρωπος

57 817 128 843 τίκτει
141 814 268 850 ῥευετῶς,
283 814 489 850 δημιουργήσει
501 813 548 840 καὶ
561 812 599 844 ὡς
612 811 756 847 ἅνθρωπος
767 810 838 846 μετὰ

58 863 134 888 given.
148 861 177 888 Εἰ
198 860 226 888 δὲ
242 859 328 888 τοῦτο
343 861 446 888 ἄτοπον
463 859 513 894 (οὐ
527 858 581 894 γὰρ
606 857 644 889 ὡς
665 856 808 892 ἄνθρωπος
823 857 838 883 ὁ

885 277 1040 305 facultatem
1072 278 1129 304 sive
1151 275 1298 310 potentiam
1318 282 1379 310 quas
1403 275 1431 302 in
1455 273 1512 302 sola
1537 272 1674 301 voluntate

883 329 935 357 est,
950 324 1126 352 coexsistere.

1128 391 1239 428 [Salutio
1257 391 1419 426 objectionis.

920 448 1002 477 Paulo
1018 448 1109 481 altius,
1132 449 1203 476 bone
1219 448 1271 480 vir,
1293 454 1373 482 supra
1397 453 1510 482 corpora
1529 451 1677 480 eorumque

886 495 1043 522 atl‘ectiones
1056 498 1174 522 mentem
1189 493 1284 521 attolle
1301 502 1308 520 ε
1323 493 1356 521 de
1372 493 1426 520 Deo
1442 492 1514 520 enim
1530 493 1559 519 tit
1575 499 1675 519 sermo.

886 540 915 568 Si
930 540 1002 568 euim
1020 547 1116 568 censes
1133 539 1190 568 Deo
1204 539 1318 574 perinde
1336 544 1418 574 atque
1434 538 1535 566 homini
1551 538 1577 565 in
1594 544 1676 573 gene-

887 587 973 614 rando
988 586 1088 621 aliquid
1104 586 1249 620 decedere,
1273 593 1362 621 neque
1376 585 1402 613 id
1422 585 1513 612 facere
1529 591 1609 618 posse
1623 583 1676 611 nisi

887 632 988 668 aliquid
998 633 1036 660 illi
1047 633 1186 668 depereat,
1205 633 1241 661 ita
1255 637 1284 660 ut
1298 632 1495 668 quodammodo
1507 631 1533 659 in
1548 631 1677 664 Verbum,

887 679 959 714 quod
975 686 1008 707 ex
1023 679 1080 713 ipso
1091 678 1223 714 procedit,
1236 677 1453 714 dividatur,quid
1463 678 1599 706 obstiterit
1609 684 1678 712 quo‘

889 724 979 752 minus
994 724 1118 752 eamdem
1130 723 1326 759 blasphemiam
1347 724 1381 751 ad
1402 723 1520 759 reliquas
1539 723 1598 758 ejus
1614 730 1677 757 pro-

888 771 1017 805 prietates
1033 770 1292 798 aceommodemus?
1315 769 1344 797 Si
1365 770 1437 797 enim
1453 777 1500 804 per
1516 768 1617 796 ﬂuxum
1639 769 1678 804 gi-

888 817 947 852 gnit
967 821 996 844 ut
1017 817 1109 848 homo,
1127 816 1232 844 creabit
1246 817 1329 844 etiam
1347 820 1376 843 ut
1395 816 1476 844 homo
1489 823 1550 844 cum
1575 815 1678 843 labore.

888 863 924 890 At
937 863 960 889 si
976 863 1002 889 id
1014 862 1161 890 absurdum
1173 866 1215 890 est
1229 861 1329 898 (neque
1337 862 1410 890 enim
1422 862 1493 890 Deus
1508 863 1545 890 ita
1557 867 1586 890 ut
1597 863 1679 890 homo

58 908 111 938 θεὸς
122 906 312 942 δημιουργεῖ),
337 905 399 933 οὐδὲ
419 905 457 937 ὡς
469 904 612 940 ἄνθρωπος
627 903 681 939 ἄρα
700 902 836 938 γεννήσει,

900 908 997 944 :reat).
1013 915 1102 944 neque
1113 908 1197 944 igitur
1211 909 1301 944 gignet
1316 912 1344 935 ut
1358 908 1451 941 homo,
1465 909 1513 936 sed
1532 909 1678 935 humanam

59 953 113 981 ἀλλᾶ
125 953 169 988 τὴν
183 951 336 988 ἀνθρώπου
346 952 429 987 φύσιν
442 952 493 978 κάν
505 950 592 985 τούτῳ
605 949 686 976 πάλιν
698 947 835 984 ἀναϐήσε-

60 1010 103 1033 ται,
117 999 212 1034 γεννῶν
225 998 404 1035 ἀμερίστως.

399 1056 502 1083 AAAO.

87 1114 114 1140 Et
126 1113 245 1149 καθάπερ
259 1113 410 1149 ἄνθρωπος
426 1112 513 1138 τίκτει
525 1110 603 1142 Θεὸς,
618 1109 766 1147 ἐργάζεται
791 1108 838 1136 καὶ

60 1161 89 1192 ὡς
100 1160 241 1194 ἄνθρωπος.
256 1160 316 1187 Κα“ι⁵
331 1159 484 1194 ἐπειδήπερ
496 1158 575 1194 ἡμεῖς
590 1156 658 1193 ὕλης
667 1155 839 1191 παρακειμέ-

62 1215 100 1241 νης
108 1206 171 1238 τινὸς
184 1205 228 1233 διὰ
242 1206 386 1240 κινήσεως
408 1203 507 1240 χειρῶν
529 1201 715 1238 ἁποτελοῦμέν
733 1210 760 1228 τι
785 1200 840 1228 τῶν

63 1254 101 1280 in
122 1253 202 1280 ποιεῖν
225 1252 397 1288 βουλόμεθα,
413 1252 485 1279 οὕτω
509 1251 556 1278 καὶ
577 1250 655 1281 θεός.
680 1248 712 1275 Ei
731 1247 761 1276 δὲ
777 1247 840 1282 δίχα

63 1299 142 1334 χειριῖιν
162 1299 208 1325 καὶ
227 1298 298 1334 ὕλης
315 1298 351 1325 ὲκ
373 1297 421 1326 τοῦ
447 1297 484 1334 μὴ
506 1297 583 1328 δντος
596 1296 636 1327 είς
662 1294 693 1322 τὸ
714 1291 784 1321 εἶναι
804 1293 840 1320 τὰ

64 1344 135 1371 πάντα
149 1343 218 1379 λόγῳ
242 1344 381 1379 παράγει,
395 1343 446 1378 τὴν
468 1341 611 1378 ἀνθρώπου
636 1339 720 1376 φύσιν
744 1339 840 1372 νικῶν,

63 1390 150 1424 νικήσει
164 1390 273 1422 πάντως
288 1390 380 1425 αὐτὴν
395 1389 444 1417 καὶ
456 1388 521 1425 περὶ
535 1388 581 1415 τὸν
592 1387 640 1415 τοῦ
657 1387 756 1424 γιννᾷν
776 1386 842 1422 τρό-

395 1490 497 1529 Muto.

91 1546 125 1573 Ti
147 1546 292 1582 συνέχοντά
317 1555 392 1580 τινα,
417 1547 500 1574 οἱονεὶ
524 1546 618 1583 κύκλῳ
645 1545 841 1583 περιτετάσθαι

65 1593 154 1625 πάντως
167 1594 319 1628 ἀναγκαῖον
334 1593 391 1620 τῶν
400 1593 451 1620 ὅσα
464 1593 582 1628 συνέχει.
593 1592 630 1619 Τὸ
643 1592 672 1619 δι
686 1593 726 1623 είς
739 1591 840 1619 κύκλον
854 1585 877 1617 C

65 1638 211 1665 ἰκτείνεσθαι
233 1639 375 1674 σωμάτων
390 1639 466 1666 ῐδιον.
482 1638 544 1670 Πῶς
560 1635 607 1665 οὖν
624 1638 659 1665 τὰ
675 1637 765 1665 πάντα
780 1645 841 1664 συν-

66 1685 110 1718 έχει
128 1685 141 1711 ι
161 1684 224 1717 Θεὸς
248 1685 399 1720 ἀσώματος
426 1683 474 1717 ὣν,
490 1685 537 1712 καὶ
559 1685 604 1712 διὰ
627 1683 706 1712 τοῦτο
730 1684 797 1720 μηδὲ
812 1684 840 1710 ὲν

67 1730 126 1765 τόπῳ
137 1730 249 1758 νοεῖσθαι
264 1730 436 1766 δυνάμενοςς
454 1730 534 1758 Ἀλλὰ
551 1731 657 1766 συνέχει
675 1730 726 1766 τὴν
737 1731 767 1756 ὲν
777 1729 841 1756 τού·

68 1784 111 1807 τοις
124 1776 291 1808 ἀκολουθίαν,
301 1776 339 1808 ὡς
360 1776 440 1808 Θεὸς,
456 1777 619 1804 ἀναϐαίνων.
635 1776 693 1803 Οὐκ
715 1775 770 1811 ἄρα
786 1776 842 1807 τοῖς

69 1821 208 1856 σωματικῶν
223 1821 404 1849 ὑποκείσεται
415 1821 507 1856 νόμοις
517 1829 523 1836 ·
535 1820 633 1849 οὐκοῦν
644 1820 703 1848 οὐδὲ
713 1820 750 1853 ὡς
763 1820 843 1856 σῶμα

69 1867 184 1902 γεννήσει.

401 1924 502 1952 AAAO.

99 1983 130 2009 Τὸ
142 1983 168 2010 ἓν
180 1984 261 2010 πᾶσιν
274 1983 307 2010 ὃν
325 1982 371 2010 καὶ
387 1982 432 2009 διὰ
447 1982 556 2010 πάντων
569 1981 673 2016 διῆκον,
690 1981 844 2017 συμπλέκε-

71 2028 121 2056 σθαι
135 2031 184 2062 τοῖς
198 2031 283 2057 πᾶσιν
299 2030 459 2064 ἀναγκαῖον.
479 2028 556 2056 Οὕτω
569 2029 624 2064 γὰρ
641 2028 675 2056 ἂν
689 2028 733 2064 εἴη
755 2028 802 2056 καὶ
815 2028 845 2055 tv

71 2076 146 2104 πᾶσιν,
166 2076 232 2103 Ἀλλ’
246 2076 280 2103 οὐ
306 2074 514 2111 συμπεπλέχθαι
537 2075 587 2110 μὲν
609 2074 659 2110 τὴν
682 2075 776 2102 οὐσίαν
796 2073 844 2101 τοῦ

71 2120 124 2148 Θεοῦ
136 2123 166 2158 τῇ
179 2122 303 2158 ποικιλίᾳ
314 2122 369 2148 τῶν
383 2121 413 2148 ὲν
426 2121 521 2157 κόσμῳ
535 2120 669 2156 σωμάτων
682 2121 846 2156 ὁμολογήσο-

73 2176 125 2200 μεν·
143 2169 214 2204 μένει
228 2169 286 2204 γὰρ
302 2168 346 2202 ἐφ’
357 2166 459 2202 ἑαυτῆς
474 2166 584 2203 καθαρά
597 2176 628 2194 τε
646 2167 693 2194 καὶ
706 2167 756 2202 τῆς
777 2167 846 2204 πρὸς

71 2212 149 2249 ἱτερον
165 2215 319 2248 κοινωνίας,
331 2214 508 2250 ἀσύμπλοκος
522 2215 646 2250 φυσικῶς
655 2223 663 2230 ·
688 2215 776 2250 διήκει
789 2215 818 2242 δὲ
832 2215 847 2242 6

888 959 1012 982 naturam
1036 954 1120 982 etiam
1144 954 1170 982 in
1197 954 1248 982 hoc
1265 953 1424 989 superabit,
1448 961 1583 989 generans
1611 954 1679 981 citra

887 1000 1061 1028 divisionem.

1230 1057 1344 1087 ALIUD.

925 1115 954 1143 Si
966 1115 1039 1143 Deus
1052 1115 1137 1151 gignit
1151 1115 1246 1143 eadem
1258 1115 1364 1142 ratione
1377 1121 1429 1150 qua
1443 1115 1536 1148 homo,
1551 1118 1681 1150 operatur

889 1162 973 1190 etiam
998 1167 1028 1189 ut
1050 1162 1141 1190 homo.
1160 1161 1193 1189 Et
1217 1169 1278 1189 cum
1293 1161 1431 1197 proposita
1452 1162 1543 1196 aliqua
1567 1161 1681 1189 materia

891 1207 1056 1236 adminiculo
1069 1215 1196 1235 manuum
1213 1215 1244 1236 ea
1256 1215 1316 1243 qna:
1330 1207 1454 1235 volumus
1466 1207 1631 1242 perticimus,
1644 1207 1680 1233 ita

889 1261 956 1290 ergo
970 1254 1052 1282 etiam
1078 1255 1159 1282 Deus.
1186 1255 1221 1282 At
1245 1255 1269 1282 si
1297 1254 1369 1282 Deus
1391 1255 1494 1289 absque
1507 1252 1633 1281 manibus
1656 1258 1682 1280 et

892 1300 1005 1328 materia
1029 1308 1062 1328 ex
1087 1300 1172 1328 nihilo
1191 1304 1288 1328 cuneta
1313 1301 1397 1328 verbo
1419 1301 1452 1328 ad
1476 1307 1538 1328 esse
1555 1300 1679 1332 traducit,

892 1347 1036 1374 humanam
1051 1352 1176 1374 naturam
1193 1346 1271 1380 longe
1289 1353 1433 1381 superans,
1446 1346 1527 1374 etiam
1545 1345 1683 1380 superabit

893 1390 978 1426 ipsam
996 1390 1022 1418 iu
1034 1391 1179 1426 generandi
1195 1391 1286 1419 modo.

1229 1491 1343 1521 ALIUD.

931 1551 967 1578 Ea
982 1558 1043 1586 quae
1057 1550 1109 1578 alia
1126 1550 1153 1578 in
1165 1557 1195 1578 se
1209 1551 1361 1583 continent,
1377 1556 1489 1578 necesse
1503 1553 1545 1578 est
1558 1553 1589 1577 ut
1600 1548 1682 1577 veluti

895 1597 922 1625 in
938 1598 1032 1625 orbem
1050 1596 1224 1630 circumiecta
1245 1596 1301 1624 sint
1316 1596 1442 1624 omnibus
1467 1596 1502 1624 iis
1518 1603 1578 1631 qua
1597 1595 1686 1623 conti-

896 1647 970 1672 neut.
994 1643 1030 1670 At
1041 1650 1105 1671 vero
1120 1643 1147 1670 iu
1163 1642 1257 1670 orbem
1279 1641 1350 1670 ﬂecti
1368 1645 1450 1676 atque
1463 1641 1572 1669 extendi
1589 1648 1687 1676 corpo-

897 1696 955 1717 rum
968 1693 1020 1716 cst.
1032 1689 1090 1723 Quo
1103 1693 1182 1724 pacto
1197 1688 1278 1723 igitur
1290 1687 1381 1715 omnia
1393 1687 1515 1715 continet
1527 1687 1608 1719 Deus,
1622 1693 1685 1714 cum

895 1735 932 1763 sit
946 1735 1129 1770 incorporeus,
1144 1733 1200 1770 44
1216 1739 1297 1769 atque
1311 1733 1345 1760 ob
1358 1733 1382 1760 id
1403 1740 1437 1760 ne
1459 1732 1486 1760 in
1504 1732 1562 1760 loco
1577 1732 1687 1767 quidem

896 1788 957 1808 esse
976 1780 1087 1815 intelligi
1106 1780 1211 1815 possit?
1226 1778 1280 1806 Sed
1296 1779 1419 1806 continet
1438 1778 1561 1806 ordinem
1583 1785 1686 1812 rerum,

897 1831 927 1854 ut
938 1826 1021 1859 Deus,
1036 1826 1241 1854 transcendens.
1254 1823 1312 1852 Non
1329 1825 1420 1860 itaque
1434 1824 1573 1859 corporeis
1583 1824 1688 1861 legibus

897 1871 1048 1907 subjacebit
1062 1878 1070 1898 :
1086 1878 1152 1907 ergo
1167 1878 1254 1907 neque
1269 1875 1300 1898 ut
1316 1878 1416 1906 corpus
1431 1870 1582 1906 generabit.
1715 1866 1718 1868 ⁷

1236 1925 1350 1954 ALIUD.

933 1982 962 2011 ld
977 1983 1048 2018 quod
1069 1982 1096 2011 in
1117 1983 1244 2011 omnibus
1259 1982 1367 2010 exsistit
1385 1986 1536 2016 cunctaque
1556 1986 1688 2016 permeat,

898 2029 1021 2057 connecti
1035 2028 1162 2056 omnibus
1174 2034 1287 2055 necesse
1302 2032 1354 2055 est.
1373 2028 1412 2054 Ita
1426 2027 1500 2055 enim
1519 2026 1546 2054 lu
1564 2027 1690 2054 omnibus

899 2074 992 2104 fuerit.
1005 2075 1139 2104 Caeterum
1153 2078 1325 2110 nequaquam
1341 2073 1487 2101 fatebimur
1507 2073 1553 2101 Dei
1565 2073 1690 2101 substan-

901 2123 966 2150 tiam
996 2121 1081 2149 variis
1112 2121 1204 2149 mundi
1235 2120 1399 2156 corporibus
1423 2126 1575 2148 connexam
1602 2127 1688 2148 esse:

901 2169 1082 2197 manettenim
1094 2168 1137 2196 illa
1156 2168 1182 2195 in
1198 2174 1228 2196 se
1241 2174 1310 2203 pura
1325 2171 1353 2194 et
1368 2166 1512 2201 naturalis,
1529 2173 1589 2194 cum
1606 2165 1691 2193 altero

901 2215 1078 2243 connexionis
1099 2221 1220 2250 expers;
1245 2217 1368 2250 permeat
1382 2218 1471 2241 tamen
1491 2213 1581 2240 omnia
1602 2213 1692 2240 admi-

74 2259 113 2293 μιν
128 2260 167 2287 διὰ
185 2260 296 2287 πάντων
321 2259 482 2296 παραδόξως
498 2260 546 2288 καὶ
561 2260 699 2296 ἀρρήτως.
718 2261 776 2287 οὐκ
793 2260 842 2296 ἄρα

902 2261 987 2289 rando
1010 2261 1126 2297 quodam
1152 2265 1234 2296 atque
1260 2259 1388 2288 ineﬂ'abili
1411 2259 1501 2287 modo.
1527 2259 1584 2287 Non
1611 2259 1693 2294 igitur

72 2305 120 2336 ταῖς
132 2306 262 2340 σωμάτων
283 2305 455 2337 sacomam;
470 2305 656 2333 ὑποκείσεται.
673 2305 773 2341 Διόπερ
786 2305 846 2333 οὐδὲ

73 2350 131 2377 κατὰ
144 2351 190 2388 τὴν
202 2352 257 2379 τῶν
275 2351 412 2387 σωμάτων
427 2351 508 2386 φύσιν
521 2351 657 2387 γεννήσει.

393 2420 497 2448 MAO.

102 2475 130 2502 ει
150 2475 247 2509 ἁπλοῦς
267 2477 315 2504 καὶ
337 2476 484 2508 amem;
500 2475 559 2503 tem
581 2475 629 2502 καὶ
650 2476 750 2502 νοεῖται
770 2474 847 2509 Θεὸς,

76 2520 124 2552 πῶς
144 2521 285 2557 διαφόρους
314 2522 364 2550 καὶ
389 2522 515 2555 ποικίλας
540 2522 597 2557 ἔχει
621 2522 671 2554 τὰς
698 2521 848 2557 ἐνεργείας,

76 2565 146 2592 nam
165 2568 324 2603 ποιημάτων
340 2567 400 2603 εὴ
420 2567 493 2594 κατὰ
515 2568 629 2603 καιροὺς
650 2567 849 2603 ἐργαςόμενος

76 2609 102 2636 Εἰ
112 2609 137 2637 ἃ
150 2612 222 2640 οὐδὲν
235 2614 276 2645 είς
288 2613 321 2640 τὺ
334 2612 439 2645 ἁπλοῦς
452 2610 521 2640 εἶναι
533 2612 699 2649 βλαϐήσεται
714 2612 851 2647 διαφόρως

76 2655 101 2681 ὲν
114 2657 214 2694 ἑκάστῳ
229 2659 283 2686 τῶν
299 2658 387 2686 θντων
403 2659 533 2694 ἐνεργῶν,
550 2658 611 2686 hut
631 2659 669 2694 μὴ
686 2658 756 2685 κατά
772 2657 852 2692 σῶμα

76 2700 148 2736 ἔστιν,
162 2704 217 2731 ἄνω
229 2704 365 2741 σωμάτων
382 2705 430 2731 καὶ
446 2705 476 2732 ἐν
487 2704 528 2741 τῷ
542 2705 640 2742 γεννᾷν
652 2704 783 2731 κείσεται.

191 2806 356 2842 ’Δντίθσσις
374 2807 415 2842 ὡς
433 2808 468 2835 ἐκ
487 2807 546 2836 τῶν
566 2809 728 2844 Εὐνομίαν.

107 2859 135 2887 El
158 2860 289 2897 βούλεσθε,
303 2863 383 2900 φησὶ,
400 2863 446 2890 τδν
459 2863 522 2891 Υίὸν
546 2864 579 2891 ὲκ
601 2864 652 2899 τῆς
674 2863 722 2890 τοῦ
747 2863 854 2899 Πατρδς

78 2903 160 2940 οὐσίας
174 2910 374 2946 προεληλυθότα
382 2909 482 2944 λέγειν,
493 2910 601 2946 ἀνάγκη
615 2910 747 2946 πρότερον
760 2911 854 2946 ὁμολο-

222 2955 362 2995 Ρλτιιυι.
384 2956 444 2987 Gs.
462 2957 509 2988 LX
517 2957 584 2988 XV.

901 2314 1044 2342 corporum
1070 2305 1232 2334 connexiuni
1255 2305 1394 2340 subjectus
1419 2309 1473 2332 est.
1507 2304 1578 2340 Ergo
1604 2310 1693 2339 neque

899 2352 976 2387 juxta
990 2359 1134 2387 corporum
1152 2356 1277 2379 naturam
1293 2350 1444 2386 generabit.

1241 2400 1357 2448 sum);

938 2477 967 2504 Si
982 2477 1095 2512 simplex
1104 2481 1132 2504 et
1145 2483 1198 2503 non
1209 2476 1375 2511 compositus
1384 2480 1428 2504 est
1438 2479 1519 2511 atque
1533 2473 1694 2510 intelligitur

903 2523 985 2555 Deus,
998 2530 1052 2557 quo
1068 2527 1147 2557 pacto
1163 2522 1283 2550 diversas
1300 2522 1444 2558 variasque
1456 2521 1537 2549 habet
1557 2520 1693 2556 operatio-

904 2577 963 2602 nes,
991 2568 1088 2596 multas
1099 2574 1288 2597 creaturarum
1304 2570 1409 2605 species
1424 2577 1472 2604 per
1484 2574 1606 2604 tempora
1627 2574 1694 2604 ope-

904 2615 991 2643 rans?
1005 2613 1034 2642 Si
1052 2622 1116 2643 vero
1134 2615 1241 2644 diversa
1262 2616 1320 2651 ejus
1333 2616 1360 2643 in
1373 2616 1485 2651 singulis
1501 2615 1626 2651 operatio
1640 2622 1694 2642 non

905 2660 1018 2696 impedit
1032 2659 1177 2696 quominus
1200 2661 1315 2696 simplex
1330 2661 1375 2694 sit,
1394 2668 1456 2688 cum
1480 2669 1532 2689 non
1547 2660 1694 2689 secundum

905 2713 1004 2741 corpus
1031 2706 1158 2739 exsistat,
1182 2713 1327 2743 corporum
1357 2707 1438 2734 etiam
1463 2706 1648 2735 conditionem
1666 2706 1693 2734 in

906 2751 1060 2786 generando
1079 2752 1228 2788 superabit.

1168 2810 1286 2846 Objectio
1301 2810 1435 2840 Eunomii.

944 2866 974 2894 Si
998 2866 1099 2901 velitis,
1124 2867 1223 2903 inquit,
1250 2866 1347 2896 Filium
1372 2875 1404 2896 ex
1433 2867 1520 2894 Patris
1545 2865 1694 2894 substantia

909 2913 1084 2954 processisse,
1099 2913 1237 2942 fatendum
1249 2914 1360 2942 omnino
1373 2918 1413 2942 est
1430 2919 1489 2941 eum
1507 2912 1581 2946 prius
1598 2911 1625 2939 in
1636 2910 1697 2944 ipso

1497 2957 1515 2991 3
