1920 3031
203 199 237 227 75
723 194 750 222 S.
773 190 910 221 (.YliiLLl
930 185 1164 217 ALEXANILRINI
1185 185 1344 215 ARCHILP.
1807 180 1847 210 76

203 257 352 286 er‘stitisse.
365 256 402 284 ita
415 255 486 284 enim
498 262 530 283 ex
545 257 755 290 eo‘proCessisse
767 253 910 280 videbitur.
924 252 958 279 At
970 251 992 279 si

1083 251 1105 276 iv
1119 246 1334 285 προϋποκεῖσθαι
1344 244 1437 272 τοῦτον
1450 244 1478 270 ὲν
1492 242 1577 278 αὐτῷ.
1591 241 1669 269 Οὕτω
1680 241 1735 276 γὰρ
1749 240 1783 276 δὴ
1796 241 1846 267 καὶ

207 305 302 332 Filium
320 302 411 335 Pater,
428 302 584 336 nullumque
605 299 687 326 alium
703 303 764 334 post
779 305 840 326 eum
854 297 995 334 geniturus

205 355 246 379 est
257 348 424 384 (unigenitus
435 348 507 376 enim
519 348 583 382 est),
591 352 701 373 necesse
712 348 753 372 est
765 347 793 370 ut
802 344 923 371 dicamus
934 350 995 370 eum

206 395 353 431 generandi
369 398 502 430 potestate
517 393 651 428 privatum
671 399 744 424 esse,
772 395 852 424 atque
868 396 898 417 ex
920 394 996 424 parte

208 443 390 474 imminutum,
407 440 498 477 genito
516 439 600 467 semel
615 438 697 471 Filio,
715 444 804 472 neque
828 436 943 471 amplius
970 436 996 463 in

208 496 240 516 eo
256 492 284 516 ut
300 488 375 523 prius
389 487 545 515 exsisteute.

542 583 656 612 Salutio.

243 654 347 683 Rursus
362 660 393 681 ea
414 660 473 688 qua:
487 652 647 687 corporibus
662 651 772 686 propria
796 655 860 678 sttnt
877 649 923 677 Dei
952 657 1000 677 ua-

211 707 276 728 tura:
287 700 425 727 ascribere
434 706 487 725 non
499 696 658 725 erubescis?
671 697 765 731 Neque
773 696 845 723 enim
862 700 890 723 ut
902 701 1002 730 corpus

210 749 236 775 in
249 753 372 781 corpore,
384 746 421 772 ita
436 744 534 772 Filium
546 744 573 771 itt
586 743 668 772 Patre
681 743 816 772 contineri
830 743 1001 778 cogitandum

209 797 260 821 est.
276 793 368 827 Neque
395 790 623 827 quemadmodum
636 796 696 825 qua
716 796 748 817 ex
765 789 843 816 nobis
857 789 1003 823 gignuntur

211 840 236 866 in
252 842 395 873 parentum
408 835 636 870 lumbisjacuisse
647 835 803 866 creduntur,
814 833 850 860 ita
862 833 896 860 de
910 832 1005 860 divino

210 884 346 920 genimine
362 883 534 910 sentiendum
549 886 600 909 est.
623 880 652 908 Si
677 880 738 915 quis
752 879 824 908 enim
836 886 869 908 eo
885 879 1004 906 audaciae

1047 295 1076 328 ἐξ
1096 294 1178 322 αὑτοῦ
1195 292 1335 329 προελθὼν
1360 291 1490 326 φαίνοιτο.
1508 289 1563 316 Καὶ
1580 289 1603 314 εἰ
1620 288 1665 314 τὸν
1682 287 1746 314 raw
1761 286 1846 320 ὲγέν-

1047 351 1128 378 νησεν
1140 343 1154 368 ὁ
1170 340 1276 376 Πατὴρ,
1293 339 1341 366 καὶ
1363 338 1457 373 ἕτερον
1470 336 1514 362 ἐᾶτ’
1531 335 1606 371 αὐτῷ
1622 334 1717 361 οὐδένα
1734 333 1847 365 τέξεται

1048 387 1208 424 (μονογενὴς
1218 385 1296 422 γὰρ),
1306 383 1466 421 ἀφῃρῆσθαι
1482 381 1530 409 καὶ
1541 381 1623 408 αὑτὸν
1634 380 1741 414 ἀνάγκη
1753 378 1848 413 λέγειν

1048 435 1098 469 τῆς
1112 431 1274 468 γεννητικῆς
1289 431 1440 466 δυνάμεως,
1454 427 1626 464 ὴλαττῶσθαι
1641 427 1669 454 δὲ
1684 427 1733 454 καὶ
1748 426 1782 452 ὲκ
1795 425 1847 462 μὲ-

1050 489 1123 517 ρους,
1140 477 1316 515 γεννηθέντος
1334 476 1407 511 ἅπαξ
1430 475 1477 502 τοῦ
1496 475 1562 502 Υῐοῦ
1582 474 1630 502 καὶ
1654 473 1754 511 μηκέτι
1770 472 1848 504 ὖντης

1050 527 1078 561 ev
1094 525 1168 561 αὐτῷ
1181 523 1305 560 καθάπερ
1324 523 1372 550 καὶ
1388 522 1531 559 πρότερον.

1292 579 1372 615 Πρὸς
1390 579 1478 607 τοῦτο
1497 578 1597 611 λύσις.

1086 647 1171 675 Πάλιν
1186 647 1220 674 τὰ
1236 646 1369 682 σωμάτων
1382 645 1438 672 ἴδια
1451 647 1486 681 τῇ
1504 645 1553 672 τοῦ
1566 644 1633 672 Θεοῦ
1649 644 1729 680 φύσει
1743 652 1853 681 περιτι-

1053 695 1110 727 θεὶς
1122 694 1172 721 οὐκ
1186 693 1329 730 ὲρυθριᾷς;
1345 692 1383 719 Οὐ
1396 693 1451 728 γὰρ
1464 692 1591 727 καθάπερ
1606 693 1686 728 σῶμα
1701 693 1730 719 ὲν
1742 691 1851 727 σώματι

1052 740 1098 768 τὸν
1121 741 1187 768 Υἰὺν
1215 741 1243 767 ὲν
1271 739 1359 774 llatth
1388 739 1495 765 κεῖσθαι
1521 739 1626 765 δίκαιον
1653 739 1765 767 ἐννοεῖν.
1781 738 1852 765 Οὐδὲ

1053 787 1148 823 ὥσπερ
1168 786 1202 813 τὰ
1228 786 1257 819 ἐξ
1280 785 1359 821 ἡμῶν
1376 784 1538 820 γεννώμενα
1557 786 1590 820 τῇ
1613 785 1668 811 τῶν
1692 784 1853 819 γεννώντων

1053 833 1135 868 ὀσιρύῖ
1150 832 1324 867 περιέχεσθαι
1338 831 1478 859 πιστεύειν
1493 831 1641 867 εὐπρεπὲς,
1655 831 1726 858 οὕτω
1741 831 1790 859 καὶ
1803 831 1853 857 ἐπὶ

1054 880 1101 907 τοῦ
1113 879 1187 907 θείου
1199 879 1368 914 γεννήματος
1384 877 1543 913 φρονητέον.
1554 878 1586 904 Εἰ
1598 878 1653 913 γάρ
1664 887 1705 910 τις
1719 877 1759 910 εἰς
1771 877 1854 904 τοῦτο

210 930 364 966 proruperit
386 933 416 956 ut
441 929 473 956 ad
503 933 648 962 corporum
677 926 814 955 miseriam
840 925 1003 953 iueil‘ubilem

1083 926 1197 954 οοῧαίνει
1209 925 1312 961 τόλμης
1324 924 1361 956 ὼς
1375 925 1415 956 είς
1426 924 1476 961 τὴν
1490 925 1546 951 τῶν
1557 924 1692 959 σωμάτων
1705 923 1854 959 ἀθλιότητα

211 975 258 1002 Dei
281 974 426 1002 essentiam
450 974 604 1008 protrudat,
619 972 685 1007 quid
700 971 836 999 obstiterit
856 971 1001 1004 quominus

210 1027 245 1047 ne
257 1026 400 1055 generasse
412 1019 520 1052 quidem
537 1017 645 1044 Patrem
665 1015 831 1044 contendat?
853 1014 906 1051 45
925 1014 1001 1048 Quod

212 1065 341 1092 nimirum
359 1071 458 1099 parere
475 1063 555 1090 matri
568 1062 661 1097 potius
677 1068 757 1096 quam
770 1060 828 1088 viro
839 1059 1003 1088 conveniat?

211 1111 278 1141 Cum
295 1118 359 1139 vero
373 1109 445 1138 Deus
469 1110 647 1144 incorporeus
666 1108 713 1142 sit,
734 1114 820 1142 neque
844 1106 1003 1135 differentiis

211 1165 272 1193 qua:
285 1157 312 1185 in
327 1163 441 1192 corpora
458 1155 558 1183 cadunt
569 1154 704 1182 obnoxius
721 1152 877 1189 (masculus
892 1152 963 1180 enim
976 1155 1004 1180 et

213 1203 313 1231 femina
330 1207 435 1231 tantum
449 1202 475 1230 itt
490 1201 585 1229 formis
597 1200 737 1235 corporeis
751 1197 939 1235 quzcruntur),
955 1198 1003 1226 sed

213 1249 344 1285 simplicis
357 1249 578 1283 iucorporeteque
590 1251 704 1280 naturae,
714 1250 741 1274 et
755 1253 831 1274 meus
847 1245 1003 1280 purissima,

211 1303 272 1324 eam
287 1296 321 1324 ob
335 1303 456 1328 causam,
476 1294 584 1329 opinor,
606 1293 628 1321 si
645 1293 707 1328 quis
728 1292 930 1329 generationem
946 1298 1005 1326 quae

214 1342 269 1369 Deo
285 1340 413 1368 c0nvcuit
428 1339 593 1374 investigare
606 1339 681 1371 velit,
694 1336 886 1364 fecunditatem
904 1344 964 1371 qua:
979 1336 1004 1362 in

213 1393 304 1416 mente
315 1386 440 1415 consistit
453 1386 626 1413 considerare
642 1384 730 1416 debet,
748 1388 830 1417 atque
843 1382 905 1410 hinc
916 1381 1006 1417 potius

213 1433 294 1461 Verbi
321 1432 521 1468 generationem
545 1438 717 1466 comparare,
741 1438 794 1457 non
809 1435 899 1457 autem
917 1429 1006 1457 dicere

215 1481 299 1508 Deum
326 1479 414 1506 minus
434 1485 496 1506 esse
531 1477 675 1505 fecundum
698 1484 779 1512 quant
802 1476 856 1504 sint
880 1483 1004 1510 corpora.

214 1527 308 1561 Neque
315 1525 386 1553 euitu
395 1529 425 1551 ut
434 1531 534 1559 corpus
542 1527 665 1557 generat,
675 1523 809 1557 siquidem
820 1527 848 1550 et
859 1523 1006 1549 humanam

216 1577 334 1599 mentem
361 1570 471 1606 gignere
486 1570 602 1597 dicimus
614 1569 791 1603 cogitationes
803 1568 899 1596 bonas.
916 1567 1007 1595 Bonus

1052 973 1101 1008 τὴν
1119 972 1239 1008 ἄρρητον
1254 970 1301 997 τοῦ
1315 969 1383 997 Θεοῦ
1396 970 1562 1006 καταφέρειν
1577 970 1682 1003 οὐσίαν,
1695 970 1721 998 τί
1734 970 1854 997 κωλύσει

1053 1019 1141 1053 λέγειν
1160 1018 1227 1054 μηδὲ
1241 1018 1308 1049 ὅλως
1324 1018 1520 1052 γεγεννηκέναι
1544 1017 1589 1044 τὸν
1614 1017 1744 1053 Πατέρα;
1774 1017 1856 1043 Ἐπεὶ

1054 1065 1084 1092 τὸ
1099 1065 1201 1092 τίκτειν
1219 1064 1304 1100 μητρὶ
1331 1064 1433 1099 μᾶλλον
1457 1064 1474 1099 ἢ
1497 1063 1577 1099 (ζινδρ)⁸
1603 1063 1854 1099 πρεπωδέστερονς

1061 1111 1170 1146 Ἐπειδὴ
1192 1110 1222 1137 δὲ
1244 1109 1306 1137 οὕτε
1326 1110 1407 1146 σῶμα
1432 1109 1510 1142 Θεὸς,
1525 1109 1588 1136 οὔτε
1613 1108 1666 1144 μὴν
1688 1108 1737 1144 τὴν
1753 1109 1781 1135 ὲν
1795 1109 1856 1140 τοῖς

1056 1156 1179 1192 σώμασιν
1197 1156 1255 1191 ἔχει
1267 1155 1399 1192 διαφορὰν
1412 1156 1506 1190 (ἄρσεν
1522 1154 1575 1190 γὰρ
1590 1155 1637 1181 καὶ
1653 1153 1719 1190 Οῆλυ
1732 1154 1814 1190 μόνον
1825 1155 1856 1180 ἐν

1054 1204 1112 1235 τοῖς
1135 1202 1190 1229 τῶν
1213 1202 1350 1237 σωμάτων
1373 1201 1496 1237 ζητεῖται
1517 1200 1684 1236 σχήμασιν),
1703 1200 1808 1231 ἁπλοῦς
1827 1199 1856 1226 δὲ

1056 1249 1104 1276 καὶ
1121 1247 1275 1284 ἀσώματος,
1301 1248 1350 1275 καὶ
1373 1247 1439 1275 αὐτὸ
1461 1247 1493 1283 δὴ
1516 1247 1596 1274 τοῦτο
1623 1247 1686 1278 νοῦς
1705 1248 1720 1273 ὁ
1745 1246 1858 1273 πάντων

1057 1293 1260 1330 καθαρώτατος,
1276 1294 1320 1321 διὰ
1346 1293 1448 1328 ταύτην
1474 1291 1551 1328 οἶμαι
1575 1293 1624 1329 τὴν
1649 1293 1738 1320 αἰτίαν
1754 1292 1858 1328 χρῆναι

1056 1341 1111 1369 δεῖν
1122 1341 1184 1373 τοὺς
1195 1341 1253 1368 ὅσοι
1268 1341 1316 1376 τὴν
1333 1341 1376 1368 ἐπ’
1391 1340 1474 1368 αὑτοῦ
1488 1341 1617 1375 γέννησιν
1639 1339 1776 1372 ἐξετάζειν
1791 1339 1857 1374 βού-

1057 1389 1159 1421 λονται,
1170 1386 1221 1419 τὰς
1240 1388 1272 1414 ὲκ
1289 1386 1336 1414 νοῦ
1356 1386 1546 1422 καρποφορίας
1563 1386 1665 1420 ζητεῖν,
1681 1385 1728 1412 καὶ
1742 1385 1859 1417 ταύταις

1060 1434 1160 1472 μᾶλλον
1174 1433 1313 1469 ἐξομοιοῦν
1324 1432 1482 1468 ἐπείγεσθαι
1495 1432 1541 1459 τοῦ
1555 1433 1642 1466 Λόγου
1654 1433 1702 1466 τὴν
1714 1432 1857 1468 γέννησιν,

1058 1480 1106 1507 καὶ
1122 1479 1159 1515 μὴ
1173 1479 1262 1513 λέγειν
1286 1478 1419 1514 σωμάτων
1435 1476 1605 1513 ἀγονώτερον
1620 1474 1690 1503 εἶναι
1702 1476 1778 1510 Θεὸν,
1795 1477 1859 1503 ἐπεὶ

1061 1527 1098 1563 μὴ
1115 1526 1152 1558 ὡς
1170 1525 1250 1560 σῶμα
1270 1525 1361 1560 γεννᾷ.
1377 1525 1476 1559 Γεννᾷν
1496 1523 1546 1558 μὲν
1557 1523 1611 1559 γὰρ
1624 1522 1672 1549 καὶ
1690 1522 1735 1549 τὸν
1749 1522 1859 1558 ἀνθρώ-

1059 1580 1135 1598 πινον
1159 1570 1222 1598 νοῦν
1247 1571 1356 1602 πάντως
1373 1570 1406 1597 ἂν
1427 1569 1647 1605 ὁμολογήσαιμεν
1664 1568 1859 1604 διαλογισμοὺς

215 1617 287 1645 enim
301 1617 353 1650 vir,
367 1616 455 1652 inquit
466 1615 607 1648 Senator,
629 1622 645 1642 e
664 1615 746 1643 corde
761 1615 865 1649 profert
882 1614 952 1642 bona
971 1614 1004 1641 ".

1083 1616 1188 1651 γαθούς.
1217 1616 1284 1642 ’Λπδ
1302 1615 1356 1651 γὰρ
1369 1615 1418 1651 τῆς
1432 1615 1547 1651 καρδίας
1560 1615 1574 1640 ὁ
1588 1614 1689 1649 ἀγαθὸς
1700 1614 1859 1650 ἄνθρωπος,

217 1663 246 1691 Si
255 1669 319 1699 ergo
331 1662 443 1698 impium
453 1666 495 1690 est
506 1661 597 1689 dicere
606 1665 723 1688 mentem
733 1661 879 1688 humanam
892 1660 1008 1688 fructum

218 1709 319 1736 nullum
337 1707 469 1743 proferre,
495 1714 554 1734 cum
581 1707 608 1734 id
634 1707 764 1735 Dominus
782 1707 840 1742 ipse
856 1711 969 1734 testatur
983 1711 1011 1734 et

218 1761 261 1782 res
289 1755 344 1790 ipsa
369 1754 475 1789 probet,
493 1761 546 1789 quo
571 1758 650 1788 pacto
677 1761 732 1780 non
757 1753 904 1780 absurdum
930 1753 1011 1780 fuerit

218 1801 316 1827 dicere
337 1806 491 1834 supremam
519 1799 640 1826 omnium
677 1803 796 1826 mentem
825 1798 1009 1832 iul'rugiferam

218 1851 289 1879 esse,
308 1850 334 1873 ct
346 1845 513 1873 fecunditate
529 1853 589 1880 qua:
603 1847 627 1873 ei
641 1845 765 1872 convenit
783 1845 911 1880 privare;
925 1847 971 1871 aut
988 1844 1010 1871 si

221 1894 321 1926 dicant,
339 1898 481 1927 generare,
502 1892 639 1927 corporeis
661 1892 764 1926 legibus
778 1891 914 1926 subjicere
931 1896 1011 1925 atque

221 1940 256 1965 ita
270 1938 381 1973 perinde
391 1945 423 1965 ac
434 1945 533 1972 corpus
543 1945 685 1973 generare,
697 1945 758 1965 cum
775 1945 808 1965 ne
819 1945 894 1965 mens
904 1938 1011 1972 quidem

221 1991 281 2017 quae
295 1985 324 2010 in
342 1983 423 2021 nobis
438 1988 480 2011 est
502 1991 633 2018 corporeo
655 1983 735 2012 modo
753 1984 883 2019 generet?
903 1985 936 2010 At
950 1991 1013 2011 vero

221 2030 267 2065 qui
280 2030 408 2059 universa
419 2030 587 2058 transcendit
598 2030 730 2065 longeque
743 2034 852 2064 superat
864 2030 945 2062 Deus,
959 2036 1013 2063 quo

221 2080 301 2110 pacto
321 2083 374 2104 non
391 2080 511 2104 tuentem
526 2075 608 2104 etiam
630 2076 815 2110 generationis
836 2075 916 2103 modo
937 2082 1015 2109 supe-

223 2121 303 2155 rabit,
326 2129 380 2148 non
396 2120 543 2150 amissione
563 2125 608 2149 aut
629 2121 704 2149 fluxu
723 2121 880 2156 cujusquam
900 2121 973 2156 quod
988 2120 1012 2148 ei

223 2166 298 2201 prius
314 2167 411 2200 iuerat,
427 2167 474 2195 sed
488 2167 667 2197 illustratioue
677 2167 745 2196 citra
758 2167 839 2195 ullatn
853 2166 1013 2195 divisionem

222 2221 257 2240 ex
277 2212 367 2248 scipso
403 2213 518 2248 gignens
537 2213 657 2246 Filium,
684 2214 831 2241 secundum
853 2211 1014 2240 ineffabilem

223 2266 304 2294 atque
321 2260 533 2289 inenarrabilem
558 2261 656 2290 divinae
671 2259 853 2296 generationis
867 2259 998 2287 modum?

565 2359 680 2388 ALIUD.

260 2427 394 2463 Quidquid
409 2428 442 2456 ad
457 2427 661 2456 similitudinem
672 2427 783 2454 alterius
798 2428 898 2455 factum
915 2432 967 2462 est,
980 2429 1013 2455 ab

225 2473 377 2509 :cqualitate
392 2474 471 2509 primi
483 2474 650 2510 exemplaris
664 2474 776 2508 recedit,
793 2480 822 2503 et
836 2476 968 2502 secunda:
980 2475 1013 2502 ab

227 2518 271 2546 illo
283 2524 377 2554 partes
389 2524 472 2548 tenet.
482 2520 578 2548 Creata
593 2521 685 2555 itaque
697 2526 793 2548 natura
807 2528 855 2555 per
865 2521 1012 2556 potentiam

227 2565 274 2593 Dei
296 2564 390 2593 effecta
407 2571 450 2593 est
465 2565 592 2600 fecunda,
612 2572 641 2594 et
663 2567 752 2596 cilicia
774 2576 822 2603 per
839 2568 955 2603 gratiam
979 2568 1012 2595 ad

227 2611 299 2639 illam
312 2619 371 2646 quae
381 2619 444 2639 vere
454 2620 486 2640 ac
494 2614 602 2648 proprie
612 2614 726 2645 fecunda
735 2619 786 2642 est.
797 2614 910 2643 Deficiet
922 2615 1014 2649 itaque

227 2654 336 2682 omnino
351 2655 385 2683 ab
400 2655 443 2682 illa
460 2657 572 2686 veritate
585 2666 643 2694 qua:
659 2659 698 2686 illi
710 2659 779 2687 inest
795 2659 822 2687 in
841 2661 919 2689 modo
933 2667 1016 2694 gene-

229 2699 322 2733 randi;
334 2703 360 2727 et
375 2702 515 2736 generabit
530 2704 651 2739 quidem,
668 2706 716 2732 sed
729 2713 783 2732 non
798 2705 835 2732 ita
852 2710 935 2741 atque
946 2706 1017 2734 illius

229 2744 262 2770 ad
279 2745 356 2780 cujus
371 2747 574 2777 similitudinem
588 2751 705 2778 emotum
718 2756 771 2779 est.
785 2751 862 2785 Quod
874 2753 896 2780 si
916 2753 951 2779 ita
965 2757 1016 2785 est,

228 2793 368 2824 generabit
394 2794 473 2829 Deus,
488 2804 541 2824 non
562 2799 590 2826 ut
609 2803 734 2827 creatura
753 2805 811 2833 quae
835 2806 883 2833 per
901 2799 1015 2833 gratiam

271 2901 292 2918 "
304 2905 399 2936 hiauit.
420 2916 468 2941 xu,
484 2910 528 2936 35.

1061 1663 1132 1690 καθά
1156 1670 1238 1698 φησιν
1255 1663 1268 1689 ὀ
1281 1662 1387 1697 Σωτὴρ,
1404 1661 1538 1698 προφέρει
1553 1661 1585 1688 τὰ
1602 1662 1702 1696 ἀγαθά.
1722 1662 1753 1688 Εἰ
1767 1661 1860 1688 τοίνυν

1061 1708 1157 1740 ἀσεϐὲς
1169 1710 1256 1735 είπείν
1268 1708 1313 1734 τὸν
1328 1707 1499 1743 ἀνθρώπινον
1516 1707 1579 1734 νοῦν
1593 1707 1699 1743 καρπὸν
1709 1707 1759 1734 οὐκ
1773 1707 1859 1742 ἔχειν,

1062 1754 1109 1780 καὶ
1123 1753 1170 1780 τοῦ
1186 1754 1289 1789 Κυρίου
1309 1754 1461 1788 φάσκοντος
1479 1753 1525 1779 καὶ
1543 1752 1624 1779 αὑτοῦ
1639 1753 1667 1779 δὲ
1682 1752 1798 1787 βοῶντος
1810 1752 1860 1779 τοῦ

1063 1800 1236 1836 πράγματος,
1253 1799 1312 1830 πῶς
1336 1799 1386 1825 οὐκ
1404 1798 1505 1826 ἄτοπον
1522 1798 1567 1826 τὸν
1589 1799 1659 1834 ὑπὲρ
1681 1798 1770 1826 πάντα
1795 1799 1862 1825 νοῦν

1063 1845 1187 1880 ἄκαρπον
1201 1843 1270 1870 εἶναι
1284 1843 1387 1878 λέγειν,
1402 1844 1449 1870 καὶ
1463 1843 1512 1880 τῆς
1527 1844 1686 1880 πρεπούσης
1700 1844 1775 1879 αὐτῷ
1789 1853 1861 1880 καρ-

1064 1891 1196 1926 ποφορίας
1212 1891 1391 1925 artos-nepetit;
1416 1889 1432 1925 ἢ
1447 1891 1471 1916 εἰ
1488 1890 1612 1924 λέγονται
1626 1891 1733 1926 γεννᾷν,
1748 1891 1862 1918 ὑποκεῖ-

1064 1937 1127 1963 σοαι
1143 1937 1204 1968 ταῖς
1221 1936 1274 1963 τῶν
1290 1936 1424 1972 σωμάτων
1438 1936 1571 1970 ἀνάγκαις
1588 1936 1803 1972 ὑπολαμὸἀνειν,
1813 1938 1864 1965 xui.

1063 1982 1149 2015 οὕτως
1171 1983 1252 2009 αὐτὴν
1268 1983 1307 2013 ὡς
1320 1982 1399 2017 σῶμα
1423 1984 1530 2018 γεννᾷν,
1543 1983 1604 2010 οὐδὲ
1617 1983 1663 2010 ’τοῦ
1678 1985 1706 2010 ὲν
1722 1985 1790 2019 ἡμῖν
1809 1985 1863 2012 ὑπ-

1063 2029 1192 2064 άρχοντος
1215 2029 1261 2056 νοῦ
1283 2028 1353 2055 κατὰ
1372 2028 1417 2056 τὸν
1431 2028 1485 2056 τῶν
1503 2030 1637 2064 σωμάτων
1652 2031 1803 2065 γεννῶντος
1818 2031 1865 2059 νά

1062 2083 1115 2110 μον
1126 2084 1134 2108 ;
1150 2075 1177 2102 '0
1188 2075 1217 2102 δὲ
1232 2075 1288 2103 ἅνω
1302 2075 1411 2102 πάντων
1424 2075 1602 2111 ἀναϐεϐηκὼς
1614 2077 1660 2104 καὶ
1674 2077 1764 2104 πάντα
1775 2077 1864 2114 ὑπερε

1065 2121 1190 2157 κείμενος
1203 2121 1280 2153 Θεὸς,
1296 2121 1355 2153 πῶς
1376 2122 1406 2148 οὐ
1430 2123 1558 2157 γεννήσει
1573 2123 1620 2149 καὶ
1633 2122 1705 2158 ὑπὲρ
1720 2123 1795 2156 νοῦν,
1811 2124 1865 2150 οὐκ

1064 2167 1201 2201 ἀποϐολὴν
1216 2167 1233 2201 ἢ
1249 2166 1401 2202 ἀπόρροιαν
1419 2167 1656 2202 προῦποκειμένου
1666 2168 1739 2200 τινὸς
1755 2169 1865 2204 ὑπομέ-

1064 2221 1129 2246 νων,
1145 2212 1203 2240 dor
1219 2213 1363 2248 ἐκλάμψας
1385 2214 1543 2250 ἀμερίστως
1563 2214 1592 2248 ἐξ
1610 2214 1708 2242 ἑαυτοῦ
1724 2215 1771 2242 τὸν
1786 2215 1864 2248 Υἰον,

1066 2258 1137 2285 κατὰ
1152 2258 1197 2284 τὸν
1212 2258 1331 2294 ἄρρητον
1347 2268 1377 2286 τε
1394 2259 1442 2286 καὶ
1457 2259 1596 2295 ἄφραστον
1613 2260 1662 2296 τῆς
1677 2260 1752 2293 θείας
1765 2262 1866 2298 γεννή-

1030 2293 1053 2321 D
1069 2312 1137 2335 σεως
1149 2293 1268 2338 spernor;

1411 2371 1514 2398 ΔΛΑΟ.

1102 2434 1159 2460 Πᾶν
1172 2434 1241 2469 ὅπερ
1262 2434 1295 2461 ἂν
1309 2434 1369 2461 καθ’
1382 2435 1512 2470 ὁμοίωσιν
1533 2435 1638 2469 γένοιτό
1655 2443 1737 2467 τινος,
1752 2435 1866 2462 ἀπολεί-

1067 2487 1147 2506 πεται
1164 2480 1273 2520 πάντως
1289 2480 1339 2516 τῆς
1351 2481 1420 2517 πρὸς
1433 2481 1463 2508 τὸ
1477 2482 1654 2518 πρωτότυπον
1667 2482 1802 2517 ἰσότητος,
1813 2483 1866 2509 καὶ

1066 2525 1117 2560 τῆς
1132 2527 1237 2553 ἐκείνου
1258 2526 1338 2562 δόξης
1354 2527 1414 2554 ἐστὶ
1432 2527 1688 2563 δεύτερον.Ἀγεται
1711 2528 1803 2554 τοίνυν
1817 2529 1866 2554 διὰ

1067 2571 1208 2607 δυνάμεως
1231 2571 1299 2598 Θεοῦ
1326 2573 1395 2608 πρὸς
1417 2574 1746 2610 καρπογονίανήγενητὴ
1768 2573 1865 2608 φύσις,

1068 2618 1136 2652 πρὸς
1150 2618 1259 2653 ἐκείνην
1273 2620 1448 2655 μορφουμένη
1463 2619 1506 2647 διὰ
1519 2620 1629 2656 χάριτος
1646 2619 1695 2655 τὴν
1709 2619 1797 2651 ὄντως
1816 2620 1868 2646 καὶ

1067 2664 1177 2699 ἀληθῶς
1188 2665 1435 2702 καρπογύνον.“Αρ’
1447 2664 1494 2692 οὖν
1508 2666 1737 2702 ἀπολειφθήσεται
1751 2665 1868 2697 πάντως

1069 2710 1179 2745 καὶτῆς
1201 2711 1293 2746 ὲκείνῃ
1320 2711 1476 2746 προσούσης
1500 2711 1629 2747 ἀληθείας
1654 2711 1720 2746 περὶ
1742 2710 1789 2738 τὸν
1813 2711 1868 2737 τοῦ

1069 2757 1166 2791 γεννᾷν
1180 2757 1279 2792 τρόπον
1292 2765 1297 2771 ·
1323 2757 1370 2784 καὶ
1385 2758 1512 2793 γεννήσει
1533 2758 1591 2793 μὲν,
1605 2758 1654 2793 οὐχ
1668 2757 1706 2790 ὼς
1720 2758 1811 2784 ἐκεῖνο
1824 2757 1867 2790 δὲ,

1069 2801 1137 2836 πρὸς
1148 2802 1162 2828 ὃ
1177 2802 1224 2829 καὶ
1248 2803 1437 2839 μεμόρφωται.
1452 2804 1484 2831 Ei
1498 2804 1527 2830 δὲ
1540 2804 1620 2831 τοῦτο
1635 2803 1745 2839 ἀληθὲς,
1763 2803 1867 2838 γεννή-
