1920 3031
188 152 224 181 79

361 208 475 243 ALIUD,
488 211 522 238 ad
538 211 573 238 rei
590 211 800 246 expiicationem.
989 214 1012 240 A

229 269 307 296 Pater
324 267 420 295 Filium
435 275 466 294 ex
483 267 572 302 seipso
585 267 686 301 absque
703 266 837 293 divisione
861 269 908 292 attt
931 265 973 292 in-

191 313 303 342 tcrvallo
322 313 458 347 produxit,
479 312 708 347 quemadmodum
731 315 758 338 ct
784 309 825 338 sol
848 310 974 345 splendo-

192 368 248 388 rem
262 367 294 386 ex
319 367 349 387 se
372 359 513 386 emissum.
535 357 664 390 Quamvis
685 355 812 391 splendor
829 356 896 384 solis
919 364 973 384 non

191 407 291 434 habeat
315 405 452 440 propriam
475 403 654 439 liypostasim,
672 408 759 436 neque
779 401 898 436 perfecte
917 401 975 437 ipse

192 453 219 480 in
241 452 331 486 seipso
348 452 466 478 essentia
490 450 526 477 sit
543 457 550 475 :
577 448 658 476 habet
674 447 747 474 enim
769 455 849 475 suum
864 455 925 475 esse
945 448 974 475 in

191 498 263 530 sole;
287 497 409 524 divinum
431 503 496 522 vero
519 494 643 529 genimcn
667 493 717 520 huc
744 497 847 520 tantum
870 501 901 521 ex
924 493 974 520 hoc

191 544 314 579 exemplo
327 543 406 570 liabet
429 540 499 575 quod
521 546 555 567 ex
575 539 656 566 Patre
676 539 805 574 procedat
825 539 893 566 citra
908 538 976 566 divi-

191 591 295 618 sionem
311 589 391 616 ullam
411 591 439 615 et
451 586 555 621 absque
573 585 673 620 spatio,
688 586 880 620 propriamque
895 585 975 612 habet

192 633 358 670 liypostasim
373 640 427 660 non
440 635 593 666 separatam
615 638 629 657 a
642 629 732 662 Patre,
748 630 796 658 sed
812 630 838 657 in
851 630 931 658 Patre
949 635 976 658 et

191 687 251 707 cum
279 679 359 706 Patre
378 677 542 705 intellectam
565 680 646 710 atque
672 675 860 704 exsistentent.
882 675 976 703 Dicere

191 730 282 752 autem
302 724 449 752 sectionem
477 727 504 750 et
524 722 688 750 decisionem
710 721 738 749 in
753 721 842 749 divina
869 728 978 756 genera-

191 771 265 797 tione
279 768 377 796 factam
391 769 484 801 fuisse,
501 767 628 794 inmanis
644 766 757 794 insanire
773 771 815 793 est
830 767 978 793 documen-

191 819 259 842 tum.
275 814 340 842 Cum
355 813 427 841 enim
439 813 566 841 divinitas
582 812 641 839 loco
657 820 710 839 non
722 810 974 844 circumscribatur,

192 868 227 888 ne
242 860 267 888 id
278 860 386 895 quidem
403 859 474 894 quod
485 866 519 887 ex
532 866 565 886 eo
574 858 696 893 procedit
707 858 733 885 in
750 857 809 885 loco
827 857 889 884 erit.
899 856 975 890 Quod

191 914 257 935 vero
268 913 355 941 neque
367 905 393 933 in
411 906 471 932 loco
484 909 536 938 est,
551 911 639 939 neque
656 911 715 931 esse
729 907 828 938 potest,
843 902 978 938 quomodo
993 899 1015 928 Β

192 953 312 988 separari
322 952 428 987 potest?
439 951 561 985 Quonam
575 951 646 977 enim
660 949 708 977 ibit
719 949 792 984 quod
804 953 907 976 sectum
918 948 978 975 est?

192 1003 239 1027 aut
252 1006 267 1026 ε
285 1005 338 1033 quo
352 997 378 1025 in
387 1005 470 1032 quem
486 994 685 1023 transferetur?
700 994 757 1022 haec
771 993 904 1029 siquidem
918 1000 978 1021 cor-

194 1051 288 1080 porum
314 1047 376 1071 sunt
398 1041 530 1077 propria,
553 1041 587 1069 ab
614 1040 774 1075 incorporea
800 1046 864 1066 vero
882 1043 977 1066 natura

193 1096 305 1126 prorsus
328 1088 427 1116 aliena.
449 1087 487 1115 Ne
512 1087 594 1122 igitur
611 1086 694 1121 impie
708 1087 734 1114 in
759 1086 850 1114 divina
864 1092 980 1122 genera~

195 1136 268 1163 tione
293 1132 435 1165 deﬂuxus,
464 1132 662 1167 separationes,
696 1136 778 1166 atque
806 1131 850 1159 liis
881 1131 980 1159 similia

193 1179 448 1208 comminiscantur.
462 1176 600 1212 Suprema
626 1177 698 1204 enim
721 1177 766 1204 illa
786 1176 907 1204 omnium
930 1183 980 1203 na-

195 1232 256 1254 tura
268 1224 334 1253 nulli
347 1224 478 1259 passioui,
495 1222 658 1258 separationi
675 1227 722 1250 aut
736 1222 849 1250 sectioni
875 1226 917 1250 est
930 1222 980 1250 ob-

195 1272 288 1304 noxia,
316 1277 405 1305 neque
429 1276 573 1304 corporum
599 1269 780 1303 proprietates
805 1268 911 1303 recipit.
927 1267 980 1295 Sed

194 1316 420 1351 quemadmodum
447 1318 522 1342 creat
551 1313 733 1346 mirabiliter,
760 1314 896 1348 longeque
928 1312 981 1340 alio

195 1368 275 1396 quam
302 1365 394 1387 nostra
416 1359 586 1387 consuetudo
602 1359 655 1386 fert
670 1358 761 1392 modo,
789 1358 826 1385 ita
845 1358 926 1385 etiam
939 1364 982 1392 ge-

196 1411 272 1434 nerat
284 1414 318 1433 ex
334 1413 365 1433 se
380 1405 433 1432 alia
449 1404 554 1432 ratione
568 1411 650 1438 quant
666 1411 728 1431 nos.

196 1474 327 1509 Exempla
353 1472 530 1509 particulatim
552 1471 716 1509 declargntia
735 1479 786 1505 quo
799 1475 875 1509 pacta
895 1470 982 1500 Filitu

312 1505 378 1536 citra
394 1508 585 1543 reparationem
605 1514 618 1534 ε
634 1505 714 1533 Patre
725 1507 863 1540 processit.

233 1576 329 1605 Sermo
343 1574 540 1607 enuntiativus.
557 1581 611 1608 quo
627 1573 739 1606 utimur,
757 1573 784 1600 in
803 1577 894 1601 mente
909 1578 936 1601 et
949 1581 982 1601 ex
996 1570 1017 1598 C

196 1628 287 1650 mente
301 1621 432 1657 gignitur,
447 1625 529 1654 atque
540 1619 610 1647 alius
623 1619 732 1655 quidem
752 1619 859 1646 videtur
870 1626 934 1646 esse
949 1619 984 1646 ab

197 1675 230 1695 eo
247 1667 293 1702 qui
314 1666 341 1693 in
362 1665 443 1694 corde
460 1665 590 1700 agitatur,
606 1669 741 1699 quatenus
757 1669 835 1692 extra
853 1671 885 1692 os
898 1664 982 1692 veluti

196 1721 212 1741 e
226 1712 347 1740 tenebris
362 1712 390 1739 in
405 1711 493 1739 lucem
509 1711 663 1743 emittitur;
679 1714 722 1738 est
736 1714 826 1738 autem
845 1717 941 1738 rursus
957 1710 982 1737 in

196 1767 240 1792 eo,
253 1759 404 1792 similisque
422 1757 446 1785 ei
473 1762 514 1785 est
534 1764 583 1792 per
598 1757 701 1784 omnia.
720 1756 747 1784 In
769 1763 894 1784 sermone
911 1755 983 1784 enim

187 1805 304 1833 .videtur
324 1802 453 1838 cogitatio
469 1801 569 1834 cordis.
582 1805 609 1829 et
628 1809 722 1829 rursus
740 1801 766 1829 in
781 1806 872 1828 mente
894 1808 984 1828 sermo

198 1850 317 1878 nondum
342 1847 477 1883 loquendo
495 1854 654 1882 expressus.
668 1847 706 1874 ita
725 1847 807 1874 etiam
825 1846 909 1873 Filius
925 1845 984 1878 Dei,

198 1896 301 1932 absque
322 1894 496 1931 separatione
517 1901 533 1921 e
554 1892 636 1920 Patre
660 1892 819 1928 procedens,
842 1892 899 1928 48
920 1892 985 1919 cha-

198 1941 288 1970 racter
303 1946 345 1969 est
356 1945 382 1969 et
395 1947 524 1976 expressa
540 1939 625 1975 figura
640 1938 814 1974 proprietatis
826 1946 881 1966 sua:
894 1947 901 1965 :
917 1938 985 1966 Ver-

196 1989 260 2016 bum
279 1987 352 2015 enim
375 1991 418 2014 est
438 1985 608 2020 bypostatice
629 1983 765 2012 exsistens
786 1988 814 2012 et
836 1983 931 2011 vivens
951 1991 984 2011 ex

197 2034 258 2062 vivo
274 2032 363 2060 Patre.

535 2095 612 2125 ALlU
617 2096 648 2124 D.

232 2155 271 2183 ita
287 2153 380 2189 genuit
390 2161 424 2181 ex
437 2160 466 2181 se
481 2152 563 2181 Pater
573 2153 671 2180 Filium
687 2152 790 2187 absque
803 2151 985 2187 separatione,

197 2208 230 2229 ac
245 2201 268 2228 si
283 2199 391 2234 sapiens
403 2192 502 2234 aiiquis
524 2199 617 2233 gignat
634 2197 743 2233 aliquod
762 2198 912 2230 inventum,
927 2197 985 2226 sive

199 2245 398 2276 mechanicum,
416 2245 473 2272 sive
486 2244 693 2279 geometricum,
711 2243 769 2272 sive
785 2243 917 2277 ejusmodi
933 2243 983 2271 ali-
999 2242 1022 2270 D

197 2291 271 2326 quid.
284 2289 416 2316 Videntur
430 2289 502 2316 enim
518 2289 720 2323 quodammodo
733 2289 872 2324 sapientia
881 2288 985 2317 fructus

197 2344 268 2369 esse,
282 2341 363 2370 atque
377 2335 413 2362 ita
430 2338 529 2362 natura
544 2341 574 2361 se
596 2334 713 2367 habent;
728 2334 804 2369 alqui
820 2341 873 2362 non
887 2338 929 2362 est
943 2342 985 2362 se-

198 2386 292 2417 parata
307 2388 323 2408 a
346 2379 478 2414 sapientia
501 2386 545 2406 ars
560 2386 620 2413 qua:
644 2386 677 2406 ex
701 2386 731 2406 ea
748 2383 790 2406 est
809 2380 984 2414 excogitata:

198 2427 247 2456 sed
262 2431 303 2455 est
322 2434 355 2454 ex
379 2426 437 2460 ipsa
454 2430 481 2452 et
496 2425 522 2452 in
547 2425 604 2458 ipsa
617 2424 757 2459 genitricis
773 2432 828 2452 suae
841 2426 985 2461 imaginem

199 2473 353 2508 exprimens
365 2491 373 2505 ,
398 2475 427 2499 et
443 2471 512 2498 citra
532 2471 732 2505 separationem
751 2471 824 2499 aliud
845 2472 984 2508 quidpiam

200 2526 262 2548 esse
275 2519 391 2546 videtur.
404 2516 444 2544 ita
467 2521 493 2543 et
511 2516 649 2552 generatio
663 2516 735 2550 Filii,
749 2525 810 2545 cum
827 2514 862 2546 sit
881 2519 984 2554 absque

199 2565 370 2600 separatione
393 2570 426 2590 ex
447 2561 537 2596 Patre,
562 2563 588 2590 in
613 2571 661 2591 sua
683 2564 821 2600 hypostasi
840 2570 984 2598 servatur,

198 2614 280 2647 longe
293 2616 382 2638 tamen
403 2608 483 2643 liuius
498 2610 613 2645 exempli
642 2610 699 2638 sive
715 2611 901 2639 similitudinis
930 2612 984 2639 vim

197 2657 340 2685 excedens.

532 2713 647 2742 ALIUD.

233 2770 283 2804 Qui
297 2770 447 2798 divinorum
462 2771 617 2806 dogmatum
627 2771 770 2799 veritatem
782 2777 919 2807 quaerunt,
931 2779 983 2799 non

199 2815 226 2843 in
238 2816 371 2844 humanas
396 2817 514 2844 rationes
533 2817 632 2844 mentis
643 2817 738 2845 oculos
757 2817 917 2851 conjiciunt.
932 2816 985 2845 Ne-

198 2868 251 2896 que
279 2863 342 2897 quia
359 2862 439 2893 Patcr
457 2862 549 2899 senuit
573 2862 672 2892 Filium
686 2884 694 2894 .
725 2863 899 2892 imminutum
921 2871 982 2892 eum

683 152 711 180 S.
730 151 865 180 CYRILLl
885 149 1119 179 ALEXANDRINI
1139 150 1301 180 Αιιειιιει).

1780 147 1820 177 εδ

1248 210 1350 240 ΑΛΛΟ.
1366 206 1591 244 διηγηματικῶς.

1066 267 1096 294 '0
1111 267 1205 303 Πατὴρ
1222 266 1371 301 ἐξέλαμψεν
1395 265 1425 298 ἐξ
1444 265 1542 292 ἑαυτοῦ
1558 265 1603 292 τὸν
1629 264 1693 291 Υίδν
1717 263 1813 300 ἀμερι-

1027 322 1096 345 στως
1116 321 1146 340 τε
1166 313 1213 339 καὶ
1227 312 1405 343 ἀδιαστάτως,
1426 310 1520 346 ὥσπερ
1539 307 1586 337 οὖν
1600 310 1646 336 καὶ
1664 310 1678 336 ό
1691 310 1767 345 ἥλιος
1788 309 1819 336 τι

1027 357 1056 391 ἐξ
1075 357 1158 384 αὑτοῦ
1180 357 1355 392 πεμπόμενον
1376 355 1558 390 ἀπαύγασμα.
1578 355 1647 382 Ἀλλ’
1663 355 1751 382 ἐκεῖνο
1768 354 1823 390 μὲν

1026 404 1076 430 οὐκ
1099 402 1281 430 ῑδιοσύστατον
1302 401 1363 429 οὐδὲ
1376 402 1425 437 τὴν
1441 401 1535 428 οὐσίαν
1550 400 1655 431 ἐντελὲς
1671 400 1738 427 αὐτὸ
1752 398 1822 426 καθ’

1027 449 1109 477 αὑτῶ
1126 449 1182 484 ἔχει
1209 448 1263 484 γὰρ
1287 449 1315 475 ὲν
1336 446 1374 482 τῷ
1392 447 1461 483 ἡλίῳ
1481 447 1511 473 τὸ
1534 444 1621 474 εἶναι·
1640 445 1670 472 τὸ
1692 445 1721 472 δὲ
1745 445 1823 472 θεῖον

1027 494 1150 530 γέννημα
1174 494 1254 530 μόνον
1279 493 1341 529 ἕχον
1365 493 1397 520 ἐκ
1419 492 1466 520 τοῦ
1490 492 1713 528 παραδείγματος
1730 491 1761 518 τὺ
1787 491 1824 518 ὲκ

1027 539 1132 576 Πατρός
1147 538 1288 575 προελθεῖν
1309 537 1467 573 ἀμερίστως
1482 537 1530 563 καὶ
1551 536 1730 568 ἁδιαστάτως,
1750 535 1823 562 ίδίαν

1027 585 1083 620 ἔχει
1100 585 1149 620 τὴν
1167 584 1283 621 ὓπαρξιν
1297 584 1328 610 οὐ
1344 582 1553 618 κεχωρισμένην
1566 582 1614 609 τοῦ
1628 581 1743 617 Πατρδς,
1759 577 1822 608 ἀλλ’

1027 632 1056 658 ὲν
1073 630 1160 665 Πατρὶ
1175 630 1222 656 καὶ
1240 629 1308 665 μετὰ
1322 629 1427 665 Πατρδς
1449 629 1598 664 νοουμένην
1616 628 1664 654 καὶ
1681 628 1823 663 ὑπάρχου-

1029 685 1088 703 σαν.
1103 676 1138 703 Τὺ
1153 675 1181 703 δὲ
1199 675 1288 709 λέγειν
1310 675 1351 703 ὅτι
1367 674 1438 710 τομὴ
1465 674 1512 701 καὶ
1536 674 1663 709 ἀποκοπή
1685 674 1749 709 περὶ
1770 673 1825 708 τὴν

1027 723 1153 759 γέννησιν
1178 723 1260 750 αὐτοῦ
1290 723 1403 757 γέγονε,
1432 722 1530 757 μανίας
1559 721 1679 756 ἀμέτρου
1707 720 1825 756 σημεῖόν

1028 770 1111 797 ἐστιν.
1132 769 1241 803 Ἐπειδὴ
1268 768 1322 804 γὰρ
1347 768 1397 795 οὐκ
1413 769 1442 794 ἐν
1466 767 1541 802 τόπῳ
1570 767 1765 803 περιείληπται
1792 766 1826 792 τδ

1029 814 1111 846 θεῖον,
1130 815 1190 842 οὐδὲ
1204 815 1233 842 ὲν
1248 816 1324 850 τόπῳ
1338 813 1451 850 τοιούτῳ
1465 814 1496 841 τδ
1513 813 1543 846 ἐξ
1559 813 1651 840 αὑτοῦ.
1675 813 1712 840 Τὸ
1734 812 1764 839 δὲ
1783 811 1824 847 μὴ

1028 859 1057 886 ὃν
1073 860 1102 886 ἐν
1116 859 1200 895 τόπῳ,
1222 859 1238 895 ἢ
1255 861 1302 886 καὶ
1320 859 1357 895 μὴ
1379 857 1448 886 εἶναι
1471 859 1630 894 δυνάμενον.
1648 858 1707 890 πῶς
1729 858 1825 884 ἐπιδέ-

1029 914 1105 940 χεται
1127 905 1275 941 μερισμόν;
1299 906 1348 932 Ποῖ
1378 905 1431 940 γὰρ
1451 906 1572 940 χωρήσει
1587 905 1617 931 τὸ
1634 903 1824 940 τεμνόμενονς

1029 953 1045 987 ἢ
1060 952 1092 979 ἐκ
1105 952 1177 984 τίνος
1189 952 1228 983 εἰς
1242 952 1268 978 τί
1286 953 1476 987 μετοιχήσεται
1490 960 1497 984 ;
1512 951 1599 978 ταῦτα
1614 950 1668 986 γὰρ
1686 950 1826 985 σωμάτων

1031 997 1081 1033 μὲν
1097 997 1166 1030 rem,
1184 997 1232 1032 τῆς
1254 997 1282 1024 δὲ
1297 998 1443 1032 ἀσωμάτου
1462 996 1569 1031 φύσεως
1591 995 1730 1028 παντελῶς
1744 995 1826 1023 ἀλλό-

1029 1051 1103 1079 τρια.
1120 1043 1166 1078 Μὴ
1182 1042 1271 1070 τοίνυν
1283 1042 1421 1074 δυσσεϐῶς
1437 1041 1653 1069 ὰναπλάττωσάν
1667 1050 1741 1073 τινες
1757 1041 1827 1076 περὶ

1029 1089 1080 1125 τὴν
1102 1088 1177 1116 θείαν
1200 1088 1326 1123 γέννησιν
1346 1088 1396 1120 τάς
1409 1097 1440 1115 τε
1466 1089 1637 1124 καλουμένας
1652 1087 1826 1124 ἀπορροίας.

1031 1134 1079 1161 καὶ
1097 1137 1258 1170 μερισμοὺς,
1280 1135 1328 1161 καὶ
1343 1134 1393 1160 ὅσα
1410 1135 1480 1170 πρὸς
1499 1135 1587 1161 ταῦτα
1599 1134 1648 1170 τὴν
1662 1134 1827 1168 συγγένειαν

1031 1179 1098 1214 ἔχει.
1115 1180 1189 1206 Ἀνω
1212 1179 1267 1214 γὰρ
1284 1179 1388 1211 πάθους
1404 1179 1453 1206 καὶ
1470 1179 1606 1215 μερισμοῦ
1623 1180 1669 1207 xei.
1685 1179 1787 1214 τομῆς,
1807 1180 1826 1214 ἡ

1031 1224 1086 1252 τῶν
1101 1224 1209 1252 πάντων
1229 1225 1413 1260 ὑπερκειμένη
1429 1224 1520 1259 φύσις,
1535 1225 1582 1252 καὶ
1600 1225 1650 1252 οὒκ
1667 1224 1825 1257 ὲπιδὲξεται

1031 1271 1066 1297 τὰ
1090 1270 1225 1306 σωμάτων
1240 1271 1303 1298 ἴδια.
1326 1271 1395 1297 Ἀλλ’
1411 1271 1506 1307 ὥσπερ
1526 1271 1689 1307 δημιουργεῖ
1703 1271 1827 1307 παραδό-

1033 1316 1102 1349 ξως,
1124 1316 1155 1342 οὐ
1170 1316 1240 1343 κατὰ
1261 1316 1308 1343 τὸν
1330 1317 1380 1352 τῆς
1401 1317 1556 1353 κρατούσης
1583 1317 1649 1354 παρ’
1671 1318 1739 1353 ἡμῖν
1762 1327 1828 1344 συν-

1031 1362 1125 1399 ηθείας
1142 1363 1232 1398 νόμον,
1247 1363 1319 1390 οὕτω
1335 1364 1381 1391 καὶ
1400 1364 1525 1399 γεννήσει
1538 1364 1570 1390 τὸ
1585 1363 1615 1397 ἐξ
1635 1364 1723 1400 αὐτῆς
1743 1364 1829 1398 gem;

1031 1407 1049 1444 ἢ
1063 1407 1123 1436 καθ’
1138 1408 1228 1444 ἡμῶν.

1039 1474 1258 1511 ’Υποδείγματιι
1290 1476 1418 1509 μερικῶς
1453 1475 1641 1511 σημαζνοντα
1676 1475 1726 1507 τὸ,
1765 1474 1829 1508 πῶς

1049 1527 1051 1529 ι
1104 1510 1273 1545 ἀμερίστως
1286 1511 1321 1537 ἐκ
1341 1511 1457 1544 Πατρὸς
1474 1510 1628 1544 προῆλθεν
1644 1511 1661 1537 ό
1677 1511 1755 1543 Υἱός.

1075 1577 1104 1604 ’0
1130 1576 1206 1611 λόγος
1225 1573 1302 1609 οὗτος
1325 1577 1340 1603 ὁ
1359 1576 1525 1612 προφορικδς
1548 1573 1570 1610 ᾧ
1593 1575 1772 1612 κεχρήμεθα,
1788 1576 1834 1608 εἰς

1034 1623 1096 1650 νοῦν
1111 1623 1159 1650 καὶ
1174 1623 1207 1650 ὲκ
1223 1623 1268 1650 νοῦ
1289 1624 1429 1658 γεννᾶται,
1445 1624 1493 1651 καὶ
1511 1624 1586 1651 δοκεῖ
1602 1624 1652 1659 μὲν
1672 1623 1766 1660 ἕτερος
1790 1622 1833 1650 εἱ-

1035 1677 1079 1695 ναι
1094 1667 1170 1704 παρὰ
1184 1668 1230 1694 τὸν
1245 1669 1274 1696 ἐν
1288 1668 1387 1704 καρδίᾳ
1406 1670 1600 1705 στρεφόμενον,
1618 1668 1686 1695 καθὸ
1702 1668 1755 1702 ἔξω
1770 1669 1834 1696 στό-

1037 1721 1121 1749 ματος
1148 1713 1267 1748 γίγνεται
1290 1714 1467 1749 πεμπόμενος
1488 1714 1583 1749 ὥσπερ
1608 1714 1640 1740 ὲκ
1668 1713 1766 1749 βάθους
1789 1714 1834 1744 είς

1035 1759 1103 1794 φῶς.
1120 1759 1197 1786 Ἔστι
1212 1759 1241 1786 δὲ
1260 1759 1341 1786 πάλιν
1356 1759 1386 1786 ὲν
1399 1759 1485 1794 αὐτῷ,
1501 1759 1548 1786 καὶ
1562 1760 1654 1795 ὅμοιος
1670 1760 1743 1795 αὐτῷ
1758 1760 1833 1787 κατὰ

1034 1805 1133 1832 πάντα.
1147 1805 1225 1832 Ἔστι
1246 1805 1300 1840 γὰρ
1316 1805 1379 1832 ἰδεῖν
1401 1806 1430 1831 ὲν
1445 1806 1520 1841 αὐτῷ
1537 1805 1609 1842 λόγῳ
1626 1806 1670 1832 τὸν
1686 1807 1715 1833 ἐν
1730 1806 1834 1842 καρδίᾳ

1035 1850 1169 1885 κληθέντα
1183 1851 1324 1886 λογισμὸν,
1337 1851 1384 1877 καὶ
1397 1851 1478 1878 πάλιν
1494 1852 1522 1878 ὲν
1537 1851 1576 1887 τῷ
1587 1851 1625 1887 νῷ
1638 1852 1683 1878 τὸν
1695 1852 1776 1886 λόγον
1789 1851 1833 1878 ἔτι

1036 1898 1223 1934 σιωπώμενον.
1244 1899 1323 1926 Οὕτω
1339 1900 1386 1927 καὶ
1401 1900 1416 1927 ὸ
1433 1899 1497 1931 Υἱὸς
1514 1899 1559 1926 τοῦ
1576 1899 1656 1932 Θεοῦ,
1671 1900 1833 1936 ἀμερίστως

1035 1945 1068 1972 ὲκ
1079 1944 1185 1981 Πατρδς
1197 1945 1346 1980 προελθὼν,
1357 1946 1501 1981 χαρακτήρ
1511 1946 1569 1973 ὲστι
1582 1946 1629 1973 καὶ
1640 1945 1765 1981 ὁμοίωμα
1780 1947 1834 1982 τῆς

1037 1992 1166 2028 ἰδιότητος
1189 1992 1282 2024 αὐτοῦ,
1295 1992 1381 2027 Λόγος
1396 1991 1434 2018 ὢν
1457 1991 1642 2024 ὲνυπόστατος
1666 1992 1713 2020 καὶ
1729 1991 1783 2024 ζῶν
1799 1993 1835 2019 ὲκ

1035 2038 1135 2071 ζῶντος
1154 2038 1270 2074 Πατρός.

1378 2106 1481 2133 ΑΛΛΟ.

1071 2162 1166 2194 οὕτως
1195 2162 1341 2198 ἐγέννησεν
1365 2162 1396 2196 ἐξ
1423 2162 1519 2190 ἑαυτοῦ
1545 2162 1591 2189 τὸν
1614 2163 1678 2189 Υίὸν
1702 2163 1717 2189 ό
1734 2163 1835 2199 Πατὴρ

1036 2207 1209 2243 ἀμερίστως,
1227 2208 1264 2239 ὡς
1282 2207 1315 2234 ἂν
1330 2208 1355 2234 εἰ
1377 2208 1459 2242 σοφὸς
1475 2207 1605 2234 timo-tenor.
1628 2208 1717 2243 νόημα
1736 2208 1834 2243 σοφὸν.

1037 2251 1192 2287 μηχανικὴν
1215 2251 1306 2286 τυχὸν,
1330 2251 1545 2287 ἢγεωμετρίαν,
1570 2252 1586 2288 ἢ
1610 2252 1702 2288 ἔτερόν
1724 2261 1750 2280 τι
1776 2253 1835 2280 τῶν

1036 2296 1174 2324 τοιούτων.
1190 2298 1269 2325 Δοκεῖ
1286 2298 1335 2334 μὲν
1352 2298 1408 2333 γάρ
1427 2307 1486 2330 πως
1509 2299 1606 2334 σοφίας
1632 2297 1700 2326 εἷναι
1725 2300 1836 2335 καρπὸς

1036 2343 1069 2370 τὰ
1093 2343 1217 2375 τοιαῦτα,
1234 2345 1282 2370 καὶ
1304 2343 1391 2376 οὕτως
1405 2344 1463 2379 ἔχει
1477 2344 1527 2380 τὴν
1544 2345 1640 2379 φύσιν·
1657 2345 1714 2372 ἀλλ’
1731 2345 1763 2372 οὺ
1781 2354 1835 2381 με·

1037 2389 1164 2425 μέρισται
1178 2391 1228 2424 τῆς
1244 2389 1339 2424 σοφίας
1359 2391 1376 2425 ὴ
1394 2390 1423 2423 ἐξ
1437 2390 1523 2426 αὐτῆς
1545 2391 1720 2425 ὲπινοηθεῖσα
1732 2391 1834 2426 τέχνη-

1035 2435 1093 2461 ὰλλ*
1104 2434 1178 2461 ἔστιν
1195 2435 1225 2468 ἐξ
1242 2434 1328 2470 αὐτῆς
1347 2435 1395 2462 καὶ
1414 2435 1443 2463 ὲν
1460 2435 1529 2471 αὐτῇ
1545 2435 1594 2471 τὴν
1614 2436 1747 2463 τεκοῦσαν
1761 2436 1837 2469 ἐξει-

1035 2480 1191 2514 κονίζουσα,
1212 2481 1260 2507 καὶ
1278 2481 1435 2517 ἀμερίστως
1449 2481 1542 2517 ἕτερόν
1557 2491 1583 2509 τι
1603 2483 1668 2518 παρ’
1686 2483 1773 2518 αὐτὴν
1791 2481 1836 2510 εἷ-

1035 2535 1080 2553 ναι
1092 2526 1219 2554 δοκοῦσα.
1232 2526 1324 2559 υῦτως
1337 2528 1352 2562 ἡ
1366 2527 1431 2554 Υἱοῦ
1444 2527 1581 2562 γέννησις,
1595 2528 1752 2564 ἀμερίστως
1764 2527 1837 2556 οὖσα

1036 2571 1068 2598 ἐκ
1089 2571 1208 2606 Πατρὺς,
1222 2573 1250 2598 ὲν
1268 2572 1320 2608 ίδίᾳ
1335 2573 1483 2599 ὑποστάσει
1507 2573 1633 2607 σώζεται,
1648 2575 1698 2609 τὴν
1715 2575 1764 2601 τοῦ
1781 2583 1839 2602 πα-

1038 2616 1217 2653 ραδείγματος
1231 2618 1417 2654 ὑπεραίρουσα
1432 2618 1556 2655 δύναμιν.

1381 2720 1484 2747 ΔΛΛΟ.

1072 2776 1104 2802 Ol
1118 2776 1168 2812 τὴν
1180 2777 1209 2804 ὲν
1222 2777 1279 2808 τοῖς
1292 2776 1374 2809 θείοις
1387 2778 1504 2814 δόγμασι
1517 2777 1661 2814 ζητοῦντες
1675 2779 1832 2814 ἀκρίὸειαν,

1036 2823 1066 2848 οὐ
1081 2823 1141 2853 ταῖς
1157 2822 1340 2858 ἀνθρωπίναις
1354 2823 1552 2856 ὲνατενίζουσιν
1566 2824 1750 2856 άκολουθῑαις.
1764 2826 1832 2852 οὐδὲ

1038 2867 1132 2903 ἐπειδὴ
1152 2868 1301 2904 γεγέννηκε
1326 2868 1372 2896 τὸν
1399 2870 1461 2897 Υἱδν
1479 2871 1494 2896 ό
1516 2870 1628 2905 Πατὴρ,
1655 2870 1832 2905 ὴλαττῶσθαι
