1920 3031
61 144 94 173 δι
784 140 1008 171 THESAURUS.
1677 137 1715 166 83

64 206 193 242 φήσουσιν
217 205 318 239 eam,
333 207 374 239 ὡς
393 207 436 240 εἰς
461 207 544 235 δυάδα
570 205 770 243 μεμερισμένον
789 202 875 240 (οὗτος

930 203 1051 234 censent,
1066 198 1178 236 perinde
1196 205 1228 228 ae
1252 197 1274 227 si
1302 199 1329 226 in
1352 196 1510 226 duaiitatem
1524 196 1627 225 divisus
1642 202 1714 225 esset

70 252 114 287 ίὰρ
131 251 188 282 τοῖς
208 251 417 287 χριστομάχοις
432 253 447 279 ό
462 252 564 287 λόγος),
576 251 637 279 οὔτε
656 251 709 287 μὴν
722 249 873 285 ἀπόρροιαν

66 305 124 324 τινα
146 296 299 331 γίγνεσθαι
325 298 394 334 περὶ
421 298 472 334 τὴν
504 298 599 325 οὐσίαν
627 296 711 326 αὑτοῦ
735 296 871 333 νομιοῦσι.

68 343 159 370 Ταῦτα
176 343 234 379 γὰρ
249 344 295 378 ἐφ’
317 344 401 380 ἡμῶν
417 344 469 379 μὲν
485 344 630 372 ἀκόλουθον
647 344 748 371 ἐννοεῖν
759 351 766 358 ·
782 342 830 369 ἐπὶ
844 342 873 370 δὲ

69 388 134 415 Θεοῦ
149 388 212 416 λίαν
226 388 340 421 ἀσεϐές.
354 389 490 416 Φευκτέον
502 388 646 425 τοιγαροῦν
659 389 709 425 τὴν
725 389 754 415 ὲν
767 387 874 419 τούτοις

71 435 198 467 ἀτοπῑαν,
215 435 264 463 καὶ
281 435 394 471 νοητὼν
412 436 484 463 οὕτω
501 435 679 470 γεγεννῆσθαι
694 434 740 461 τὸν
755 434 820 462 Υῑὺν
842 434 874 461 ἐκ

72 482 118 509 τοῦ
142 482 269 517 Πατρδς,
287 482 327 515 ὡς
342 482 442 517 σοφίαν
463 483 496 510 ὲκ
518 482 575 515 νοῦ,
595 482 613 518 ἢ
634 481 681 509 καὶ
707 480 754 508 τοῦ
777 480 874 515 γεννή-

72 536 169 559 σαντος
181 527 236 560 ἔξω
250 536 311 560 πως
328 527 457 563 γενέσθαι
467 528 582 555 δοκοῦσα
598 527 668 555 κατὰ
679 527 729 564 τὴν
743 527 874 562 ἔκφανσιν

73 574 169 610 αὐτῆς,
184 574 268 601 πάλιν
284 574 357 601 ἐστιν
370 575 400 602 ὲν
413 575 499 610 αὐτῷ,
510 575 541 601 οὐ
557 573 768 610 μεμερισμένως
782 573 875 609 προελ-

74 620 169 647 θοῦσα.
194 619 266 647 οὔτε
287 620 342 657 μὴν
366 620 517 656 ἀπόρῤοιάν
535 629 596 647 τινα
628 619 755 654 γενέσθαι
784 627 873 655 παρα-

76 666 238 693 σκευάσασα
253 667 320 702 περὶ
332 667 378 693 τὸν
394 666 457 694 νοῦν
469 667 514 693 τὸν
535 666 762 701 ἀπογεννήσαντα
778 665 873 700 αὐτὴν,

77 711 132 737 ἀλλ’
145 712 176 738 ὲν
193 711 336 748 ὁλοκλήρῳ
350 712 517 740 καταστάσει
535 713 695 749 τηρήσασα,
711 711 758 738 καὶ
773 711 833 738 ὅλον
846 711 875 738 ὲν

75 759 160 794 ἑαυτῇ
175 757 373 794 ζωγραφοῦσα,
392 759 438 786 καὶ
453 758 578 795 ὁρωμένη
595 758 676 785 πάλιν
693 759 722 785 ὲν
734 756 820 792 αὐτῷ.

426 863 529 890 ΔΛΛΟ.

112 917 242 946 Τοιοῦτον
266 917 343 946 ἔσται
369 919 399 946 τὸ
426 919 583 955 γεννητικὸν
607 919 654 946 τοῦ
678 919 757 951 Θεοῦ,
783 919 874 947 ὁποῖον

77 964 114 990 ἄν
136 973 181 996 τις
201 964 334 991 ὑπολάϐοι
366 965 414 992 καὶ
429 965 460 992 τὺ
484 965 688 1001 δημιουργικόν.
702 966 807 1002 Ὂνπερ
821 965 876 1001 γὰρ

78 1009 177 1043 τρόπον
187 1009 274 1036 πολλὰ
283 1010 332 1036 καὶ
340 1010 458 1046 διάφορα
468 1011 651 1048 δημιουργῶν,
662 1012 712 1039 οὐκ
723 1013 763 1044 εἰς
772 1011 876 1038 ἕκαστα

78 1055 131 1081 τῶν
151 1055 307 1091 γινομένων
325 1055 468 1092 μερίζεται
496 1057 568 1084 κατὰ
585 1057 636 1093 τὴν
657 1057 762 1090 οῡσίαν,
786 1058 875 1085 καίτοι

80 1100 215 1135 διαφόρως
239 1100 362 1135 ἐνεργῶν
380 1101 422 1136 ἔρρ’
438 1101 561 1138 ἑκάστῳ,
585 1101 653 1129 ἀλλὰ
677 1102 722 1129 διὰ
747 1102 812 1138 μιᾶς
828 1101 876 1129 καὶ

79 1146 198 1181 ἀρρήτου
217 1145 362 1181 δυνάμεως
383 1145 418 1173 τὰ
436 1146 522 1173 πάντα
543 1147 719 1183 δημιουργεῖ,
735 1147 807 1174 οὕτω
827 1147 875 1174 καὶ

79 1192 168 1226 γεννᾷ,
184 1191 216 1218 οὐ
234 1191 426 1227 μεριζόμενος,
441 1192 479 1224 ὡς
497 1193 593 1220 ἐκεῖνοι
610 1201 687 1228 φασι.
702 1193 756 1220 Καὶ
773 1193 856 1220 πάλιν
866 1202 873 1208 ·

80 1235 184 1270 Ὠσπερ
203 1236 235 1262 τὸ
259 1235 374 1272 Πνεῦμα
395 1237 426 1264 τὸ
442 1237 520 1271 ἅγιον
535 1237 565 1264 οὺ
588 1237 720 1273 μερισμὸν
744 1237 875 1273 ὑπομένει

80 1282 143 1317 περὶ
161 1282 212 1317 τὴν
230 1283 339 1315 οὐσίαν,
355 1283 502 1318 διαφόρους
523 1283 665 1319 ὲκπέμπον
683 1284 746 1315 τοὺς
768 1284 798 1311 ἐν
818 1285 876 1316 τοῖς

79 1328 230 1364 χαρίσμασι
245 1329 368 1365 τρόπους
384 1329 432 1356 καὶ
449 1329 516 1365 πρὸς
531 1329 560 1356 τὸ
575 1329 691 1356 ἑκάστου
704 1330 803 1365 μέτρον
819 1331 876 1362 τοῖς

78 1373 161 1409 ἀξίοις
175 1375 326 1410 χορηγοῦν,
344 1374 403 1402 ἀλλ’
414 1374 488 1401 ἔστιν
504 1375 533 1402 ἓν
548 1375 596 1402 καὶ
614 1375 644 1402 τὸ
662 1375 729 1402 αὐτὸ
745 1375 876 1407 ποικίλως

79 1421 123 1448 χαὶ
144 1421 264 1453 ἀπαθῶς
286 1422 315 1448 ὲν
334 1423 416 1448 πᾶσιν
438 1421 575 1457 ἐνεργοῦν,
597 1421 668 1448 οὓτω
684 1421 731 1448 καὶ
748 1422 797 1457 τὴν
815 1430 876 1456 γεν-

78 1467 190 1502 νητικὴν
204 1468 303 1494 οὐσίαν
316 1468 362 1494 τοῦ
378 1467 446 1495 Θεοῦ
461 1468 510 1495 οὐκ
529 1467 561 1495 ἄν
575 1476 617 1499 τις
631 1467 685 1494 τῶν
700 1465 729 1494 εὖ
747 1467 877 1503 φρονούν-

76 1521 130 1540 των
141 1512 299 1540 ἀδικεῖσθαι
311 1514 424 1549 φήσειεν
434 1513 453 1549 ἢ
469 1513 613 1549 μερισμὸν,
624 1513 640 1548 ἢ
654 1513 804 1549 ἀπόῤῥοιάν
817 1521 877 1540 τινα

928 249 976 285 (ita
991 247 1063 276 enim
1086 247 1178 275 hostes
1193 245 1238 274 Dei
1258 243 1430 280 opinantur),
1445 250 1495 271 nec
1508 242 1641 271 deﬂuxum
1665 243 1713 270 ali-

926 301 1006 328 quem
1031 293 1058 321 in
1080 292 1172 321 divina
1192 291 1310 319 essentia
1333 289 1532 325 imaginantur.
1554 287 1619 316 lisse
1641 287 1712 315 enim

925 341 999 368 sicut
1014 340 1048 367 de
1061 338 1140 366 nobis
1151 345 1215 365 vere
1238 337 1293 365 diei
1309 339 1442 372 possunt,
1456 334 1493 362 ita
1509 335 1541 362 de
1558 334 1611 361 Deo
1633 333 1715 368 impie

925 385 1089 420 cogitantur.
1106 383 1269 411 Detestanda
1283 382 1365 417 igitur
1383 386 1425 410 est
1441 381 1499 409 haec
1510 379 1715 411 absurditas,et

928 429 1101 458 statuendum
1112 429 1190 457 nobis
1204 432 1246 457 est
1261 428 1299 456 ita
1314 435 1345 455 ex
1363 427 1446 455 Patre
1458 425 1581 462 genitum
1596 431 1656 452 esse
1668 423 1714 451 Fi-

925 476 1001 510 lium,
1013 480 1042 504 ut
1054 475 1214 511 sapientiam
1225 482 1257 502 ex
1274 478 1364 502 mente
1379 482 1386 501 :
1399 480 1459 509 quae
1471 476 1500 501 et
1517 470 1715 507 quodammodo

925 526 1003 552 extra
1017 522 1167 557 genitorem
1193 527 1254 549 esse
1278 520 1397 552 videtur,
1412 517 1518 546 ratione
1531 515 1715 553 expressionis

926 567 984 596 sive
996 566 1255 603 reprasentatiOnis,
1270 569 1297 593 et
1309 572 1406 592 rursus
1423 564 1450 592 in
1468 564 1527 600 ipso
1541 567 1596 596 est,
1608 570 1662 590 non
1674 569 1716 589 se-

926 612 1041 647 paratim
1058 618 1214 648 progressa.
1228 609 1323 645 Neque
1335 608 1457 637 deﬂuxus
1477 608 1577 643 aliquis
1599 612 1646 634 aut
1669 607 1716 634 im-

926 658 1042 687 minutio
1061 657 1143 685 menti
1163 663 1224 692 quae
1244 656 1316 683 illam
1334 655 1427 691 genuit
1452 655 1514 683 inde
1538 654 1646 687 accidit,
1667 654 1715 681 sed

926 705 1032 741 integra
1053 703 1153 732 mentis
1177 703 1351 731 conservatio
1373 703 1515 734 retinetur,
1537 705 1565 728 et
1583 700 1714 735 sapientia

927 750 1058 786 integram
1075 748 1148 777 illam
1161 748 1188 776 in
1200 755 1230 776 se
1241 748 1376 784 depingit,
1384 753 1412 776 et
1423 747 1448 775 in
1462 747 1508 774 illa
1523 746 1642 774 vicissim
1655 752 1714 774 cer-

927 797 1012 824 nitur.

1263 849 1385 878 ALIUD-

963 907 1039 936 Talis
1055 906 1272 942 est'generativa
1298 905 1411 934 incultas
1444 905 1502 938 Dei,
1523 905 1630 940 qualem
1654 904 1717 939 quis

926 955 1008 983 etiam
1023 953 1172 982 ereativam
1186 960 1247 981 esse
1263 952 1404 980 statuerit.
1419 951 1521 979 Eodem
1540 951 1614 979 enim
1635 949 1716 979 modo

926 1005 1008 1036 atque
1023 1001 1105 1028 multa
1119 1007 1152 1027 ac
1163 1000 1269 1028 diversa
1280 1005 1388 1031 creans,
1399 1005 1457 1025 non
1469 1001 1558 1024 tamen
1568 995 1715 1024 secundum

926 1047 1073 1075 essentiam
1086 1054 1164 1074 suam
1178 1046 1205 1074 in
1220 1045 1325 1081 singula
1338 1049 1429 1073 creata
1444 1043 1587 1076 dividitur,
1606 1041 1715 1070 tametsi

926 1093 1107 1121 diversimode
1134 1092 1161 1119 in
1187 1092 1227 1120 eis
1248 1096 1385 1128 operetur,
1405 1091 1452 1118 sed
1474 1097 1521 1126 per
1534 1096 1617 1117 unum
1634 1092 1716 1123 atque

927 1139 1090 1168 ineﬂ'abilem
1115 1139 1265 1175 potentiam
1283 1142 1380 1166 cuneta
1402 1141 1495 1171 creat;
1517 1136 1553 1165 ita
1571 1134 1654 1164 etiam
1672 1142 1714 1169 ge-

928 1189 1016 1220 nerat,
1051 1193 1103 1213 non
1135 1185 1250 1218 divisus,
1277 1188 1305 1211 ut
1329 1183 1368 1211 illi
1404 1183 1510 1211 volunt.
1535 1181 1569 1209 Et
1597 1188 1713 1209 rursus:

927 1231 1160 1266 Quemadmodum
1173 1231 1292 1267 Spiritus
1308 1234 1420 1259 sanctus
1435 1229 1538 1257 nullam
1552 1228 1580 1256 in
1595 1227 1715 1256 essentia

927 1279 1126 1314 separationem
1145 1278 1230 1312 subit,
1250 1277 1375 1313 quamvis
1397 1276 1515 1304 diversis
1532 1275 1620 1303 modis
1646 1275 1716 1301 dona

927 1333 977 1354 sua
1002 1325 1121 1358 emittat.
1139 1329 1167 1352 et
1191 1331 1240 1359 pro
1262 1322 1478 1357 uniuscujusque
1500 1320 1609 1349 modqu
1628 1319 1718 1355 dignis

928 1372 1077 1407 largiatur,
1099 1371 1170 1399 idem
1195 1375 1284 1398 tamen
1309 1376 1362 1401 est,
1378 1370 1505 1404 idemque
1519 1368 1604 1396 variis
1627 1366 1715 1395 modis

928 1419 995 1445 citra
1016 1417 1097 1444 ullam
1115 1417 1270 1452 passionem
1293 1417 1320 1444 in
1340 1415 1396 1452 49
1412 1414 1539 1442 omnibus
1561 1416 1714 1448 operatur;

928 1462 969 1491 sie
985 1463 1067 1491 etiam
1085 1470 1165 1491 nemo
1182 1466 1255 1490 recte
1276 1462 1396 1490 sentiens
1411 1461 1510 1489 dixerit
1531 1459 1715 1495 generativam

930 1508 975 1536 Dei
989 1509 1136 1537 essentiam
1156 1509 1282 1537 damnum
1300 1508 1386 1536 ullum
1399 1507 1534 1542 accipere,
1548 1510 1593 1532 aut
1607 1511 1716 1539 separa-

77 1558 187 1592 παδείν,
200 1558 252 1586 ἕνα
267 1560 316 1586 καὶ
337 1559 418 1595 μόνον
437 1557 470 1592 ἐξ
481 1559 580 1594 ἑαυτῆς
600 1559 780 1595 ἐκλάμψασαν
801 1559 874 1586 Υἱόν.

931 1555 1031 1582 tionem
1049 1555 1130 1582 ullam
1148 1554 1190 1582 vel
1202 1553 1328 1582 elﬂuxum
1345 1554 1412 1589 pati,
1436 1559 1497 1582 cum
1513 1559 1583 1580 unus
1597 1559 1628 1579 ac
1642 1551 1716 1579 solus

432 1658 535 1686 AAAO.

227 1714 390 1748 Ἀντίθεσις
406 1715 447 1749 ὡς
459 1715 494 1742 ἐκ
509 1715 570 1743 τῶν
583 1716 746 1751 Εὐνομίαν.

113 1769 146 1796 ΕΞ
173 1769 338 1805 γεγέννηκε,
361 1770 456 1805 φησὶν,
472 1770 501 1805 ἐξ
524 1771 621 1798 ἑαυτοῦ
637 1772 684 1799 τὸν
705 1772 768 1799 Υἱὺν
787 1774 801 1800 ὁ
821 1773 878 1800 Πα-

79 1815 140 1851 τὴρ,
156 1816 206 1842 καὶ
224 1815 300 1842 ἐστιν
318 1816 413 1851 ἕτερος
427 1818 492 1853 παρ’
504 1817 585 1844 αὑτὸν
601 1819 630 1844 ὲν
647 1818 699 1854 ἰδίᾳ
711 1827 742 1845 τε
755 1817 793 1846 ὣν
811 1819 877 1846 ὑπο-

78 1862 187 1895 στάσει,
208 1863 258 1890 καὶ
276 1862 341 1889 Υιοῦ
357 1863 453 1899 Πατὴρ
467 1863 622 1899 νοούμενος,
649 1865 813 1901 μεμέρισται
829 1866 878 1901 δη-

79 1907 147 1943 λαδὴ
167 1908 218 1935 καὶ
238 1909 328 1936 πάντα
350 1909 385 1936 τὰ
405 1909 452 1936 τοῦ
474 1910 595 1946 Πατρὺς,
617 1911 665 1938 καὶ
686 1912 736 1938 οὐκ
754 1913 783 1938 ὲν
803 1912 878 1947 αὐτῷ

81 1954 214 1989 μείναντα
239 1955 325 1990 μόνῳ,
345 1956 415 1982 ἀλλὰ
430 1956 477 1982 καὶ
491 1956 530 1988 εἰς
544 1956 590 1984 τὸν
609 1957 684 1990 Υἱὸν,
696 1958 879 1994 διαϐεϐηκότα

81 2000 218 2033 ᾳαίνεται.
235 2000 341 2029 Οὐκοῦν
358 2001 375 2037 ἢ
392 2002 483 2029 οὐκέτι
505 2002 610 2030 τελείαν
625 2003 681 2038 ἔχει
703 2003 752 2039 τὴν
769 2004 849 2037 δόξαν
864 2006 878 2031 ὁ

82 2046 189 2082 Πατὴρ,
209 2048 419 2083 μεμερισμένης
440 2048 487 2074 καὶ
509 2048 594 2084 αὑτῆς
613 2049 642 2075 ἐν
658 2048 697 2084 τῷ
723 2049 790 2085 Υἱῷ,
815 2049 832 2085 ἢ
852 2050 877 2076 ει

81 2092 190 2119 τελείαν
208 2092 266 2127 ἔχει
280 2092 330 2128 τὴν
342 2093 433 2125 δόξαν,
447 2093 593 2130 ἀποστερεῖ
608 2095 657 2122 τὸν
669 2094 743 2128 Υἱὺν,
758 2095 789 2121 τὺ
802 2094 878 2122 δοθὲν

82 2139 180 2175 «Lamp
199 2140 242 2172 εἰς
264 2139 361 2166 ἑαυτὸν
385 2137 464 2171 αὖθις
488 2140 687 2167 ὲπανακλίνων·
704 2140 751 2167 καὶ
772 2142 790 2176 ἠ
811 2141 880 2176 πρό-

83 2192 162 2219 τερον
178 2185 208 2211 ὲν
224 2183 319 2219 μονάδι
336 2184 433 2220 θεότης
447 2184 552 2212 τελείαν
566 2185 668 2220 ἔχουσα
680 2186 768 2218 δόξαν,
785 2185 834 2212 νῦν
848 2186 877 2212 ἐν

929 1609 961 1629 ex
977 1609 1007 1629 ea
1023 1600 1148 1636 eiiulgeat
1159 1600 1252 1629 Filius.

1256 1656 1370 1685 ALIUD.

1164 1713 1281 1748 οισι-θιὼ
1297 1721 1329 1741 ea:
1344 1713 1485 1740 Eunomia.

965 1772 994 1800 Si
1010 1771 1100 1804 Pater,
1128 1771 1224 1807 inquit,
1241 1771 1333 1806 genuit
1351 1770 1449 1798 Filium
1464 1777 1501 1798 ex
1517 1769 1618 1805 seipse,
1634 1773 1718 1797 etest

929 1817 1000 1845 alius
1011 1817 1044 1844 ab
1056 1817 1114 1852 ipso
1126 1817 1151 1844 in
1169 1816 1276 1852 propria
1291 1815 1426 1844 exsistens
1445 1815 1596 1851 hypostasi,
1609 1819 1637 1843 et
1652 1814 1716 1842 Filii

930 1863 1010 1891 Pater
1034 1862 1196 1896 intellectus,
1223 1862 1308 1890 divisa
1336 1866 1408 1890 certe
1431 1865 1512 1889 erunt
1538 1861 1632 1888 omnia.
1654 1867 1717 1893 qua:

929 1909 1019 1937 Patris
1031 1914 1104 1941 sunt,
1114 1916 1164 1937 nec
1175 1909 1202 1936 in
1213 1908 1272 1943 ipso
1282 1907 1340 1936 solo
1355 1907 1504 1939 manentia,
1517 1906 1565 1934 sed
1581 1906 1607 1934 in
1619 1905 1716 1933 Filium

930 1964 1038 1992 quoque
1046 1955 1204 1982 transmissa
1215 1954 1385 1982 videbuntur.
1396 1953 1528 1986 Quocirca
1542 1957 1588 1979 aut
1598 1959 1650 1979 non
1659 1951 1715 1986 jam

929 2002 1043 2037 atnplius
1048 2000 1195 2036 perfectam
1202 1999 1313 2035 gloriam
1325 1999 1405 2026 habet
1415 1998 1504 2030 Pater,
1514 2004 1575 2025 eum
1584 2005 1644 2025 eam
1653 2004 1716 2025 cum

928 2047 997 2074 Filio
1013 2047 1128 2082 partitus
1148 2046 1197 2079 sit;
1214 2050 1260 2072 aut
1278 2044 1302 2072 si
1327 2043 1476 2079 perfectam
1493 2043 1574 2070 habet
1587 2042 1714 2077 gloriam,

929 2093 1045 2129 privabit
1059 2092 1168 2125 Filium,
1181 2092 1307 2119 nimirum
1324 2091 1349 2118 id
1362 2090 1433 2125 quod
1454 2089 1479 2117 ei
1502 2089 1614 2117 dederat
1632 2089 1666 2116 ad
1685 2096 1716 2117 se

930 2139 1077 2174 recipiens;
1095 2143 1123 2166 et
1135 2137 1222 2165 deitas
1239 2144 1299 2172 quae
1312 2136 1388 2171 prius
1403 2136 1432 2163 in
1449 2136 1553 2164 unitate
1569 2135 1715 2170 perfectam

929 2185 1046 2213 habebat
1058 2185 1181 2220 gloriam,
1198 2192 1268 2211 nunc
1288 2184 1315 2211 in
1329 2184 1459 2212 dualitate
1473 2183 1637 2217 constituta,
1654 2190 1716 2218 per-

83 2229 158 2256 δυᾶᾗι
175 2229 335 2265 γενομένη,
360 2230 392 2256 τὸ
415 2230 516 2256 τέλειον
537 2230 587 2257 οὐκ
611 2231 676 2266 ἔχει.
695 2231 778 2263 Μόλις
803 2232 831 2258 δὲ
848 2232 875 2265 ἐξ

931 2231 1073 2259 rectionem
1103 2239 1155 2259 non
1187 2229 1309 2258 habebit.
1337 2229 1423 2265 Ᾱίετο
1447 2236 1537 2257 autem
1567 2238 1599 2258 ex
1627 2230 1716 2265 seipsa

86 2276 184 2310 ἑαυτῆς
198 2275 354 2310 ἐρανίζεται
375 2275 465 2308 τοῦτο,
477 2276 626 2312 κιχρῶντος
644 2277 742 2312 τρόπον
756 2278 816 2305 τινὰ
831 2277 878 2304 τοῦ

87 2320 193 2354 Πατρός
212 2319 253 2355 τῷ
278 2320 336 2355 Tit}
350 2320 401 2356 τὴν
423 2320 532 2353 ἑαυτοῦ,
555 2321 601 2348 καὶ
617 2321 697 2349 πάλιν
718 2323 879 2358 ἀντικιχρω-

90 2366 169 2400 μένου
185 2367 251 2401 παρ’
264 2367 348 2394 αὑτοῦ
363 2367 413 2402 τὴν
426 2367 548 2395 δοθεῖσαν
563 2367 648 2403 αὐτῷ.

330 2436 411 2470 Πρὸς
431 2435 519 2463 τοῦτο
538 2434 637 2470 λύσίς.

124 2503 206 2530 Πάλιν
219 2503 254 2530 τὰ
268 2503 405 2539 σωμάτων
426 2503 480 2530 ἴδια
492 2504 525 2538 τῇ
547 2504 686 2539 ἀσωμάτῳ
701 2504 781 2540 φύσει
808 2514 881 2541 περι-

91 2548 202 2581 τιθέντες
214 2549 265 2575 οὺκ
279 2548 470 2583 αἰσχύνονται,
493 2549 644 2584 μερισμοὺς
663 2549 711 2577 καὶ
728 2550 879 2586 ἀποτομὰς,

93 2595 238 2628 διαστάσεις
257 2604 289 2622 τε
304 2595 354 2623 καὶ
372 2595 530 2630 χωρισμοὺς
553 2595 598 2622 ἐπὶ
618 2595 669 2630 τῆς
690 2595 766 2628 θείας
789 2596 881 2631 εἰσφέτ

96 2649 176 2676 me;
193 2641 288 2673 οὐσίας
310 2639 447 2676 ἀμαθῶς·
465 2640 516 2666 οὐκ
538 2640 638 2672 ειδότες
655 2640 697 2667 ὅτι
722 2641 881 2677 μερίζεσθαι

97 2686 203 2720 λέγοντες
224 2688 352 2723 σχήματι
382 2685 549 2720 σωματικῷ,
572 2687 613 2717 εἰς
631 2686 681 2721 τὴν
704 2686 751 2713 τοῦ
775 2687 881 2723 Πατρὺς

98 2733 171 2761 οὐσίαν
184 2733 353 2761 δυσσεὸοὖσι
371 2731 510 2766 μεγάλως,
525 2731 688 2766 ἠλλοιῶσθαι
703 2732 749 2759 καὶ
765 2741 882 2768 παρατε-

97 2780 194 2815 τράφθαι
208 2781 343 2816 λέγοντες
367 2777 465 2809 αὑτὸν,
480 2777 527 2804 καὶ
549 2778 581 2803 ἐκ
605 2777 708 2804 τελείου
730 2779 881 2814 καταϐεϐη-

98 2825 151 2854 dm
167 2828 233 2865 πρὸς
248 2829 280 2854 τὸ
301 2824 422 2855 ἀτελές.
439 2824 469 2850 υἱ
484 2823 536 2859 γὰρ
549 2824 617 2855 ὅλως
635 2823 814 2859 ἐκϐεϐηκέναι
834 2824 879 2852 τοῦ

92 2873 174 2913 Ματρὸς
195 2875 247 2912 τὴν
268 2872 379 2901 οὖσίαν
400 2869 517 2904 οἰόμενοι
541 2870 584 2897 τὸν
600 2869 663 2898 Υἰὺν
686 2869 835 2903 διαστατῶς
852 2879 880 2897 τε

930 2285 990 2306 eam
1007 2277 1134 2312 acquirit,
1151 2285 1212 2305 cum
1230 2276 1429 2312 quodammodo
1453 2276 1533 2304 Pater
1556 2284 1633 2304 suam
1650 2276 1717 2303 Filio

930 2322 1100 2349 commodata
1123 2322 1183 2354 det;
1203 2321 1314 2356 ipseque
1335 2328 1430 2348 rursus
1445 2321 1518 2349 illam
1535 2320 1570 2348 ab
1591 2329 1623 2349 eo
1640 2329 1716 2349 eom-

931 2367 1037 2394 modato
1054 2366 1179 2401 accipiat,
1194 2372 1273 2400 quam
1293 2365 1317 2393 ei
1332 2365 1455 2393 dederat.

1182 2433 1287 2460 Salutio
1305 2432 1468 2468 objectiom‘s.

967 2501 1072 2528 Rursus
1099 2499 1267 2534 impudenter
1285 2506 1319 2527 ea
1332 2508 1393 2536 qum
1420 2499 1580 2535 corporibus
1606 2500 1714 2535 propria

932 2551 1005 2580 sunt,
1024 2547 1191 2581 incorporea:
1208 2550 1311 2574 natum
1325 2547 1473 2580 ascribunt,
1489 2547 1679 2581 partitionibus
1690 2551 1717 2575 et

932 2592 1155 2623 dissectiOnihus,
1169 2591 1319 2618 intervallis
1331 2596 1358 2619 et
1369 2592 1586 2626 separationibus
1598 2592 1716 2620 divinam

932 2639 1076 2667 essentiam
1089 2637 1213 2672 imperite
1223 2641 1386 2670 ouerantes;
1398 2638 1551 2666 nescientes
1560 2638 1642 2673 quod,
1655 2639 1718 2666 dum

933 2692 1063 2720 corporea
1081 2684 1164 2720 ﬁgura
1178 2684 1301 2718 separari
1318 2684 1421 2716 dicunt,
1435 2685 1609 2712 vehementer
1623 2683 1652 2713 in
1665 2684 1718 2712 Pa-

934 2732 982 2758 tris
1009 2730 1154 2759 essentiam
1179 2729 1328 2763 blasphemi
1357 2734 1430 2763 sunt,
1461 2730 1604 2758 alteratum
1631 2736 1719 2758 nulla-

935 2783 1044 2811 tumque
1061 2784 1121 2805 esse
1131 2776 1263 2808 dicentes,
1277 2780 1305 2803 et
1319 2783 1333 2802 ιι
1350 2775 1470 2810 perfecto
1482 2776 1515 2803 ad
1531 2776 1718 2811 imperfeetum

934 2824 1082 2850 redactum.
1109 2822 1160 2855 Qui
1184 2822 1254 2849 enim
1278 2822 1303 2848 in
1322 2822 1478 2850 universum
1504 2829 1642 2856 egressum
1659 2829 1718 2849 esse

934 2868 1030 2896 Filium
1046 2868 1190 2896 essentiam
1207 2867 1295 2896 Patris
1310 2867 1472 2895 existimant
1491 2867 1604 2895 scors'tm
1623 2874 1654 2894 ac
1672 2873 1715 2894 sc-
