1920 3031
218 111 254 140 υἿ

217 169 262 198 εει]
275 169 329 202 i’li,
343 168 454 204 opinor,
470 169 581 197 credere
595 177 705 197 necesse
720 174 771 197 est.
787 169 850 197 Erat
866 169 958 205 igitur,
973 173 1003 196 ut
1017 172 1040 200 Λ

215 216 261 244 ille
279 215 351 248 licit,
363 214 459 248 Filius,
476 219 504 242 et
517 215 595 250 illud,
611 224 662 243 non
679 220 746 249 erat,
762 222 903 250 perperam
921 215 954 243 de
971 222 1004 243 eo

215 262 322 290 dicitur.

553 319 669 347 ALIUD.

250 374 279 402 Si
297 382 329 402 ea
347 382 406 410 quae
421 383 454 403 ex
471 375 610 403 voluntate
625 375 695 402 facta
713 380 792 408 sunt,
808 378 913 412 tempus
930 384 1001 412 prae-

214 421 311 454 cessit,
326 421 353 448 in
371 428 423 456 quo
439 421 473 449 de
490 421 555 456 ipsis
569 421 746 449 deliberatum
763 425 820 454 est,
834 422 857 450 si
874 423 1001 459 exiguum

213 466 322 502 aliquod
339 467 585 502 brevissimumque
601 472 708 503 tempus
723 468 832 501 demus,
846 475 899 500 quo
921 472 1000 503 pacto

212 513 265 540 erit
286 518 436 548 temporum
458 513 582 541 conditor
602 512 702 546 Filius,
719 513 742 541 si
757 513 922 547 deliberatio
942 514 1001 549 ejus

213 559 414 594 generationem
430 559 588 594 praecessit?
603 559 683 594 Atqui
694 563 736 587 est
751 559 861 588 omnino
876 561 1000 588 conditor

213 609 375 638 temporum.
390 604 454 632 Erat
471 604 576 640 itaque,
590 609 618 633 et
636 604 703 632 nihil
720 604 778 640 ejus
795 606 998 641 generationem

211 649 356 683 praecessit.

548 706 664 735 ALIUD.

245 763 274 792 Si
290 763 310 790 Γ
313 763 375 792 ilius
387 769 429 792 est
442 764 575 800 sapientia
589 764 688 798 Patris,
701 770 731 793 ut
744 772 838 794 revera
850 770 901 799 est,
914 766 998 800 quod-

211 818 273 839 nam
291 815 396 846 tempus
410 815 544 839 statuetur
567 818 621 846 quo
633 819 685 840 non
697 816 756 840 erat
766 812 792 840 In
803 820 836 840 eo
848 813 997 847 sapientia?

209 857 239 884 Si
260 861 351 885 autem
373 861 415 885 est
435 861 554 885 aternus
577 857 605 885 in
625 857 705 885 Patre
724 857 844 894 (semper
865 858 938 886 enim
957 865 998 887 est

209 903 318 938 sapiens
333 903 423 938 Pater)
433 923 441 936 ,
453 911 508 939 quo
523 908 604 939 pacto
619 904 754 940 pmcedet
764 905 867 940 aliquid
884 906 910 934 id
926 907 998 941 quod

207 955 315 984 semper
327 949 452 977 exsistit?
465 950 526 983 Quo
539 954 619 984 pacto
633 950 704 978 inter
718 957 750 978 ea
763 950 924 980 deliberatio
937 959 999 987 pro-

208 993 300 1027 cedet,
317 993 414 1021 Filium
431 994 575 1029 aliquando
590 1003 643 1023 non
659 996 833 1024 exsistentem
851 997 997 1030 inducens.

209 1047 269 1068 cum
284 1040 318 1068 sit
331 1040 452 1068 Genitori
465 1046 626 1074 coaeternus,
638 1042 766 1070 nimirum
782 1043 914 1077 sapientia
922 1043 999 1078 eius?

548 1098 663 1128 ALIUD.

244 1156 273 1185 Si
289 1157 417 1192 pmcedit
430 1156 591 1184 deliberatio
603 1156 712 1190 Filium,
723 1161 751 1184 et
764 1164 875 1185 necesse
887 1157 997 1185 ornniuo

209 1203 246 1230 sit
261 1210 321 1231 eam
340 1203 368 1230 in
389 1208 511 1240 tempore
531 1202 631 1230 iactam
649 1202 733 1231 fuisse
755 1211 763 1231 :
782 1203 806 1231 si
823 1205 998 1238 quantumvis

207 1250 334 1284 exiguum
356 1257 388 1276 ae
412 1242 494 1277 breve
518 1254 622 1284 tempus
646 1249 740 1280 detur.
762 1257 817 1284 quo
842 1255 920 1284 pacto
945 1251 998 1277 erit

207 1295 327 1322 omnium
339 1295 465 1323 creator?
474 1295 528 1322 Aut
538 1302 591 1330 quo
606 1300 686 1330 pacto
700 1295 835 1322 credimus
848 1294 998 1330 Scriptum

206 1342 306 1369 dicenti
332 1342 423 1369 omnia
439 1349 488 1376 per
502 1349 564 1369 eum
581 1341 653 1368 facta
674 1341 754 1368 esse?
771 1341 826 1368 Aut
841 1341 885 1368 ubi
907 1342 996 1377 ipsum

207 1387 376 1422 praecesserit
390 1391 511 1422 tempus,
525 1387 552 1414 in
569 1394 623 1422 quo
638 1387 671 1414 de
687 1394 720 1414 eo
736 1386 914 1415 deliberatum
929 1387 994 1421 luit,

156 1458 165 1468 ,
206 1440 266 1460 cum
283 1432 384 1460 nullum
399 1437 503 1467 tempus
517 1438 581 1459 ante
596 1433 683 1467 ipsum
699 1432 856 1460 exstiterit!

538 1488 654 1518 ALIUD.

395 1546 437 1574 Ea:
453 1546 596 1581 objectiane
611 1546 803 1574 Itazreticorum.

1009 1522 1033 1552 C

242 1603 282 1636 Si,
296 1603 433 1638 inquiunt,
448 1602 533 1630 Filius
551 1602 596 1630 Dei
612 1602 752 1630 voluntate
769 1602 856 1631 lactus
874 1611 928 1631 non
945 1608 996 1637 est,

206 1649 359 1678 necessario
380 1649 462 1684 igitur
482 1649 563 1676 Pater
584 1656 637 1676 non
657 1649 750 1677 volens
772 1649 869 1678 Filium
891 1651 995 1679 habuit.

206 1695 273 1729 Quis
298 1699 387 1722 autem
411 1699 454 1722 est
478 1694 564 1729 major
586 1695 677 1727 Patre,
690 1699 719 1722 ut
743 1695 780 1722 illi
807 1696 996 1724 necessitatem

207 1741 344 1776 imponat?
357 1740 421 1774 Quae
435 1740 507 1768 enim
522 1745 620 1776 praeter
631 1740 797 1769 voluntatem
810 1742 950 1775 accidunt,
963 1751 995 1770 ex

205 1785 367 1814 necessitate
381 1785 459 1813 iiunt.

424 1852 478 1889 53
486 1851 588 1881 Salutio
602 1853 768 1888 objectionia.

241 1921 426 1956 Interrogandi
441 1925 505 1949 sunt
518 1921 636 1949 vicissim
649 1921 752 1949 Christi
770 1922 872 1955 hostes,
907 1928 933 1950 et
948 1930 996 1958 per

205 1974 237 1995 ea
258 1967 316 2002 ipsa
329 1975 388 2002 quae
406 1967 530 2002 imperite
553 1968 630 1996 nobis
655 1968 799 2003 objiciunt,
831 1969 883 1997 illis
894 1977 993 1997 oecur-

206 2014 319 2041 rendum
332 2018 383 2046 est,
395 2014 548 2050 similisque
560 2015 718 2049 opponenda
735 2015 894 2050 propositio.
910 2014 996 2043 Dicite

206 2060 298 2094 itaque
308 2059 402 2087 nobis:
419 2061 490 2088 Deus
506 2065 583 2088 estne
599 2061 696 2093 bonus,
714 2061 869 2089 misericors
892 2065 920 2089 et
929 2068 994 2088 san-

205 2109 266 2133 ctus
277 2112 311 2132 ex
325 2105 474 2139 voluntate,
491 2113 525 2133 an
543 2111 641 2141 praeter
653 2106 836 2134 voluntatem?
867 2105 896 2133 Si
921 2106 995 2133 enim

205 2158 239 2178 ex
257 2150 403 2182 voluntate,
416 2150 540 2179 voluntas
556 2156 645 2180 autent
654 2158 760 2186 semper
775 2152 904 2186 przeccdlt
917 2159 949 2179 ea
961 2152 996 2179 de

206 2196 305 2231 quibus
317 2196 363 2229 lit,
380 2201 440 2224 erat
462 2197 554 2232 itaque
579 2203 683 2232 tempus
709 2198 816 2232 quando
844 2198 914 2225 Deus
938 2197 996 2226 hac
1013 2195 1034 2222 Β

207 2249 260 2270 non
278 2247 347 2276 erat,
364 2251 427 2271 cum
445 2244 573 2271 nimirum
584 2244 670 2272 adhuc
681 2243 714 2271 de
727 2243 760 2271 iis
773 2243 950 2272 deliberabat.
965 2244 994 2272 Si

208 2295 272 2316 vero
287 2293 386 2324 praeter
399 2289 565 2317 voluntatem
580 2297 657 2317 suam
673 2289 760 2317 bonus
775 2294 819 2317 est
844 2294 871 2317 et
887 2290 994 2317 miseri-

206 2341 279 2367 cors,
293 2342 358 2370 ergo
371 2335 535 2363 necessitate
550 2335 667 2370 quadam
680 2335 706 2362 id
726 2339 777 2362 est.
795 2335 862 2368 Quis
875 2342 939 2364 vero
952 2341 996 2364 est

207 2379 254 2414 qui
279 2381 304 2408 ei
329 2381 518 2409 necessitatem
546 2385 593 2408 aut
616 2380 670 2407 vim
700 2380 807 2413 inferat,
825 2386 853 2408 ut
866 2389 912 2410 vos
943 2382 994 2417 ipsi

207 2425 368 2460 loquimini!
393 2427 504 2454 Constat
531 2426 613 2462 igitur
637 2427 847 2461 propositionem
875 2433 993 2457 vestram

207 2473 349 2501 dementias
363 2473 470 2508 plenam
483 2480 554 2506 esse,
568 2472 688 2507 nihilque
697 2472 760 2500 boni
779 2473 890 2502 inl‘erre.

382 2539 496 2572 ALIUD,
514 2540 549 2566 ad
561 2547 597 2566 ret
612 2539 824 2574 explicationem.

242 2597 270 2625 in
285 2597 366 2625 rebus
379 2596 547 2624 naturalibus
573 2604 625 2624 non
658 2597 786 2632 prmcedit
808 2598 969 2626 deliberatio
984 2607 993 2625 :

207 2643 411 2671 versaturenim
428 2647 531 2670 tantum
546 2643 617 2670 circa
631 2651 662 2671 ea
677 2652 738 2679 qua:
764 2650 828 2672 sunt
856 2651 932 2672 extra
946 2648 993 2673 ile-

208 2687 350 2716 iiberantis
362 2688 519 2717 essentiam.
536 2688 659 2724 Exempli
676 2689 786 2724 gratia:
816 2689 925 2718 Plantat
945 2692 994 2718 ali-

209 2734 271 2768 quis
283 2734 376 2768 vitem,
392 2740 438 2762 aut
457 2735 545 2762 navim
562 2736 688 2768 aediﬁcat,
703 2736 778 2770 prius
794 2736 826 2763 de
847 2737 880 2764 iis
891 2736 993 2764 delibe-

209 2786 290 2805 rans:
309 2779 427 2814 gignitur
438 2785 526 2808 autem
542 2781 700 2809 naturaliter
716 2788 747 2808 ex
762 2780 870 2808 homine
893 2782 992 2816 proles,
1018 2776 1021 2783 ’

211 2822 284 2850 nulla
303 2825 470 2858 prteccdentc
484 2826 687 2854 deliberatione.
704 2825 733 2852 Si
747 2824 808 2859 quis
824 2825 904 2860 igitur
933 2826 992 2854 for-

714 110 744 138 S.
765 109 900 138 CYRILLI
919 109 1157 138 ALEXANDRINI
1177 110 1338 139 ARCHIEP.

1817 111 1860 140 ἃ

1053 169 1093 202 δὲ,
1105 167 1193 205 οἶμαι,
1207 169 1347 198 πιστεύειν
1369 170 1528 205 ἀναγκαῖον.
1542 167 1597 197 Ἦν
1618 169 1683 206 ἄρα,
1714 168 1790 196 κατὰ
1805 169 1858 195 τὸν

1056 214 1161 242 ἐκείνου
1189 215 1279 249 λόγον,
1304 216 1320 242 6
1342 215 1416 249 Υίδς,
1439 216 1485 243 καὶ
1501 215 1542 249 τὺ,
1561 216 1617 242 οὐκ
1631 212 1682 250 ἦν,
1703 213 1748 241 ἐπ’
1773 213 1858 249 αὐτῷ

1058 260 1172 295 μάταιόν
1183 269 1214 288 τε
1225 260 1273 288 καὶ
1286 260 1491 297 διεψευσμένον.

1397 316 1500 345 ᾹΛΛυ.

1090 373 1122 400 El.
1134 373 1188 400 τῶν
1202 374 1231 400 ιν
1244 373 1371 410 βουλήσει
1386 374 1540 410 γενομένων
1558 374 1720 409 προηγεῖται
1736 373 1854 408 χρόνος,

1054 419 1116 446 καθ’
1132 419 1162 446 ὃν
1175 420 1192 455 ἡ
1206 421 1270 455 περὶ
1286 420 1376 447 αὐτῶν
1392 420 1487 455 σκέψις
1502 419 1617 454 ὲγίνετο,
1648 419 1694 446 καὶ
1708 419 1733 445 εί
1746 417 1854 454 μικρὸν

1052 474 1113 493 τινα
1128 467 1175 493 καὶ
1190 467 1333 502 ἀκαριαῖον
1347 466 1459 502 δοίημεν
1474 465 1565 498 αὑτὸν.
1576 465 1634 498 πῶς
1647 465 1724 492 ἔσται
1738 464 1852 500 χρόνων

1053 511 1191 547 ποιητὴςό
1203 511 1278 544 Υίδς,
1306 512 1331 538 ιί
1352 511 1479 547 βούλησις
1501 511 1664 546 προηγεῖται
1679 509 1728 545 τῆς
1745 508 1851 543 γεννή-

1053 563 1122 586 σεως
1145 555 1244 590 ulmei;
1263 555 1333 582 Ἀλλ’
1354 555 1412 583 ἐστι
1440 556 1544 591 χρόνων
1566 555 1691 590 ποιητής.
1706 552 1761 581 Ἷιν
1777 553 1848 588 ἄρα,

1052 601 1099 628 καὶ
1111 601 1188 628 οὐδέν
1200 602 1257 629 ἐστι
1273 601 1326 638 πρὸ
1340 602 1389 638 τῆς
1401 603 1553 638 γεννήσεως
1568 600 1663 629 αὑτοῦ.

1395 703 1497 731 ΔΛΛΟ.

1086 761 1118 787 Ei
1133 761 1213 794 σοφία
1224 761 1272 788 τοῦ
1287 761 1393 797 Πατρός
1406 761 1479 788 ἐστιν
1495 761 1509 788 6
1522 760 1597 792 Υίδς,
1610 760 1704 794 ὥσπερ
1721 756 1769 785 οὖν
1794 756 1847 784 καὶ

1051 806 1120 838 ἐστι,
1134 806 1209 838 ποῖός
1219 807 1277 833 ἐστι
1300 807 1395 842 χρόνος
1408 807 1453 833 ὅτε
1468 806 1519 832 οὐκ
1541 802 1576 841 ἦν
1598 805 1626 832 ὲν
1646 803 1723 839 αὐτῷ
1739 802 1845 838 σοφίας

1051 852 1076 878 εί
1090 851 1119 878 δέ
1136 853 1210 879 ἐστιν
1220 852 1304 884 άῖδιος
1314 852 1343 878 ὲν
1362 852 1449 887 Harp!
1460 851 1520 886 (ἀεὶ
1535 850 1589 886 γὰρ
1602 849 1681 884 σοφὸς
1691 850 1705 876 6
1715 846 1812 883 Πατὴρ
1822 846 1844 880 ).

1051 897 1111 929 πῶς
1123 898 1256 933 ἡγήσεται
1269 906 1296 924 τι
1311 897 1359 925 τοῦ
1376 898 1419 924 ἀεὶ
1437 896 1603 930 δντος;11ὧς
1619 895 1649 921 δὲ
1673 895 1690 930 ὴ
1711 893 1845 929 βούλησις

1050 943 1170 979 χωρήσει
1183 943 1296 979 μεταξὺ,
1309 943 1347 979 μὴ
1363 942 1428 970 ὄντα
1442 942 1508 969 ποτὲ
1518 942 1564 968 τὸν
1586 941 1649 968 rm
1661 939 1843 974 εἰσφέρουσα,

1049 988 1096 1015 τὸν
1109 987 1148 1024 τῷ
1156 988 1316 1024 γεννήσαντι
1330 987 1464 1015 συναῒδιον
1483 987 1521 1020 ὡς
1541 985 1636 1021 σοφίαν
1651 984 1735 1012 αὑτοῦ
1747 992 1754 1017 ;

1393 1125 1495 1152 ΔΛΛΟ.

1084 1181 1116 1208 Εἰ
1137 1182 1298 1217 προηγεῖται
1319 1181 1446 1216 βούλησις
1469 1180 1516 1207 τοῦ
1548 1180 1626 1213 Υἱοῦ,
1651 1180 1681 1206 ἐν
1708 1177 1798 1214 χρόνῳ
1812 1177 1844 1204 δδ

1049 1228 1156 1263 ἀνάγκη
1169 1227 1219 1264 τὴν
1236 1228 1301 1263 περὶ
1315 1227 1398 1254 αὑτοῦ
1415 1226 1542 1262 γενέσθαι
1557 1226 1663 1261 σκέψιν,
1679 1225 1728 1252 καὶ
1749 1225 1774 1251 εί
1796 1233 1841 1259 μι-

1049 1275 1115 1310 κρός
1126 1283 1170 1306 τις
1194 1275 1236 1310 εἴη
1263 1274 1310 1301 καὶ
1323 1273 1384 1300 λίαν
1406 1273 1520 1309 βραχὺς,
1550 1273 1610 1304 πῶς
1630 1272 1707 1299 ἔσται
1730 1269 1844 1297 πάντων

1049 1320 1180 1356 ποιητήςς
1196 1320 1232 1346 Ἦ
1249 1320 1308 1352 πῶς
1332 1319 1496 1355 πιστεύομεν
1512 1319 1548 1354 τῇ
1562 1319 1656 1354 Γραφῇ
1666 1338 1674 1350 ,
1699 1317 1790 1344 πάντα
1804 1314 1844 1342 δι’

1048 1365 1131 1393 αὐτοῦ
1145 1364 1273 1400 γενέσθαι
1288 1363 1425 1400 λεγούσῃ;
1443 1365 1530 1392 Ὅπου
1551 1363 1605 1400 πρὸ
1615 1362 1696 1390 αὐτοῦ
1714 1361 1845 1396 φαίνεται

1049 1412 1154 1448 χρόνος,
1170 1411 1271 1438 καθ’ὃν
1287 1411 1303 1446 ἡ
1318 1411 1383 1446 περὶ
1401 1410 1486 1438 σύτοῦ
1499 1410 1596 1445 γέγονε
1623 1408 1760 1445 βούλησις,
1773 1407 1844 1443 χρό-

1048 1466 1102 1485 νων
1111 1457 1160 1485 οὐκ
1174 1457 1259 1485 ὄντων
1273 1457 1324 1493 πρὸ
1335 1456 1438 1489 αὑτοῦ;

1391 1513 1485 1542 ΔΔΛΟ
1490 1532 1498 1539 .

1153 1570 1201 1603 Ὧς
1218 1571 1253 1604 ἐξ
1273 1570 1452 1603 ἀντιθέσεως
1469 1569 1530 1597 τῶν
1553 1569 1717 1604 αἰρετικῶν.

1083 1616 1115 1643 Ei
1132 1616 1170 1653 μὴ
1185 1616 1322 1652 βουλήσει,
1350 1616 1428 1651 φησὶ,
1452 1616 1564 1650 γέγονεν
1576 1617 1591 1643 6
1609 1615 1674 1647 Υἱὸς
1689 1614 1735 1641 τοῦ
1758 1614 1842 1647 θεοῦ,

1048 1661 1077 1694 ἐξ
1097 1661 1220 1695 ἀνάγκης
1235 1661 1290 1696 ἄρα
1302 1662 1350 1688 καὶ
1371 1660 1409 1696 μὴ
1425 1660 1510 1687 θέλων
1523 1660 1603 1696 ἔσχεν
1624 1659 1688 1686 Υίδν
1703 1660 1718 1686 6
1731 1659 1842 1694 Πατήρ.

1048 1706 1102 1733 Καὶ
1112 1707 1155 1737 τίς
1172 1707 1187 1732 6
1213 1706 1314 1742 μείζων
1331 1705 1415 1734 αὑτοῦ
1440 1706 1487 1732 καὶ
1509 1706 1558 1741 τὴν
1582 1706 1706 1740 ἀνάγκην
1732 1705 1843 1736 ἐπιθεὶς

1047 1750 1136 1786 αὑτῷ;
1152 1751 1193 1778 Τὰ
1220 1752 1275 1786 γὰρ
1296 1751 1372 1788 παρὰ
1395 1751 1510 1787 γνώμην
1539 1752 1786 1787 ὲπισυμὸάίνοντα,
1809 1752 1844 1784 ἐξ

1047 1797 1171 1834 ἀνάγκης
1185 1797 1300 1833 γινεται.

1285 1862 1365 1898 Πρὸς
1381 1863 1473 1891 ταῦτα
1487 1864 1589 1897 λύσις.

1088 1929 1305 1966 Ἀντερωτητέον
1316 1930 1380 1962 τοὺς
1390 1930 1602 1966 χριστημάχους,
1618 1931 1666 1958 καὶ
1679 1931 1713 1958 δι’
1724 1926 1763 1958 ὧν
1773 1931 1843 1967 ἡμῖν

1047 1975 1235 2011 προτείνουσιν
1251 1975 1376 2010 ἀμαθῶς.
1396 1976 1441 2003 διὰ
1451 1977 1554 2003 τούτων
1572 1977 1664 2009 αὐτοῖς
1679 1977 1842 2013 utrunque»

1048 2030 1107 2058 μεν,
1123 2021 1172 2057 τὴν
1187 2021 1248 2057 ἷσην
1266 2022 1465 2056 άντιπάγοντες
1478 2023 1620 2058 πρότασιν.
1642 2023 1745 2051 Εἴπατε
1758 2024 1840 2060 ἡμίν·

1052 2068 1166 2103 ’Δγαθὸς
1176 2068 1223 2095 καὶ
1229 2069 1391 2104 οἰκτίρμων,
1400 2068 1524 2105 ἐλεήμων
1536 2078 1566 2096 τε
1578 2070 1625 2096 καὶ
1636 2070 1714 2104 ἅγιος
1727 2071 1760 2097 ἐκ
1773 2070 1842 2105 βου-

1046 2114 1149 2149 λήσεώς
1161 2115 1235 2140 ἐστιν
1247 2115 1263 2140 6
1272 2113 1348 2146 Θεὸς,
1362 2115 1379 2150 ἢ
1389 2114 1464 2150 παρὰ
1476 2115 1618 2152 βούλησιν;
1637 2116 1666 2143 Ei
1680 2117 1730 2152 μὶν
1742 2115 1791 2144 οὖν
1806 2117 1844 2144 ὲκ

1047 2158 1208 2194 βουλήσεως,
1223 2160 1239 2195 ἡ
1253 2159 1282 2186 δὲ
1297 2159 1425 2196 βούλησις
1436 2162 1583 2197 προτρέχει
1598 2162 1708 2193 πάντως
1723 2162 1842 2189 ἐκείνων

1048 2206 1111 2241 περὶ
1127 2202 1164 2232 ὧν
1177 2206 1348 2240 καὶγίνεται,
1359 2205 1393 2242 ἦν
1405 2207 1460 2244 ἄρα
1475 2208 1571 2244 χρόνος
1584 2209 1629 2236 ὅτε
1639 2209 1690 2236 οὐκ
1699 2207 1735 2245 ἦν
1749 2209 1843 2236 ταῦτα

1046 2251 1122 2283 Θεὸς,
1130 2250 1224 2287 ἐτιτὴν
1231 2252 1295 2288 περὶ
1302 2253 1392 2280 αὐτῶν
1400 2254 1496 2288 σκέψιν
1504 2254 1675 2290 ποιούμενος.
1684 2255 1749 2282 Εἰδὲ
1755 2255 1842 2282 άσου-

1046 2296 1134 2331 λήτως
1150 2296 1252 2331 ἀγαθός
1270 2297 1330 2325 ἐστι
1345 2298 1392 2325 καὶ
1417 2299 1540 2335 ἐλεήμων
1556 2299 1632 2335 παρὰ
1647 2299 1771 2335 γνώμην,
1782 2300 1842 2336 ἄρα

1046 2342 1124 2369 τοῦτό
1141 2344 1200 2370 ἐστι
1232 2344 1278 2370 καὶ
1294 2343 1325 2376 ἐξ
1349 2345 1483 2380 ἀνάγκης.
1514 2345 1569 2373 Καὶ
1584 2345 1626 2378 τίς
1647 2346 1722 2372 ἐστιν
1748 2346 1763 2372 6
1789 2346 1843 2380 τὴν

1045 2388 1168 2424 ἀνάγκην
1186 2388 1289 2422 ἐπιθεὶς
1303 2389 1389 2425 αὐτῷ,
1418 2390 1479 2417 καθ’
1490 2391 1580 2426 ὑμῶν;
1595 2391 1734 2418 Δέδεικται
1746 2391 1842 2418 τοίνυν

1047 2435 1151 2470 μωρίας
1161 2435 1313 2470 ἀνάμεστος
1329 2437 1345 2472 ἡ
1359 2437 1424 2472 παρ’
1433 2437 1504 2472 ὑμᾶς
1520 2437 1661 2473 πρότασις,
1673 2437 1721 2464 καὶ
1734 2437 1842 2472 ἀγαθὸν

1045 2481 1120 2508 οὐδὲν
1135 2481 1300 2517 εἰσφέρουσα
1319 2482 1418 2518 νόημα.

1263 2546 1366 2579 ΑΛΔΟ,
1382 2546 1611 2582 διηγηματικῶς.

1086 2603 1148 2630 Ἐπὶ
1174 2603 1228 2630 τῶν
1252 2604 1322 2631 κατὰ
1354 2603 1435 2638 φύσιν
1454 2604 1485 2631 οὐ
1513 2605 1675 2640 προηγεῖται
1695 2603 1839 2641 βούλησις,

1046 2651 1130 2685 χωρεῖ
1148 2649 1176 2676 δὲ
1194 2649 1274 2684 μόνον
1296 2650 1343 2677 ἐπὶ
1369 2650 1425 2677 τῶν
1457 2650 1556 2684 εξωοεν
1571 2651 1623 2686 τῆς
1639 2651 1734 2684 οὐσίας
1751 2652 1839 2680 ὓντων

1045 2695 1092 2722 τοῦ
1116 2695 1321 2730 βουλευομένου.
1333 2693 1395 2723 οἷον
1416 2696 1481 2732 φέρε
1495 2698 1592 2724 εἰπεῖν·
1612 2697 1776 2733 ’Δμπελῶνά
1794 2708 1838 2731 τις

1045 2741 1167 2775 φυτεύει,
1178 2741 1194 2776 ἢ
1215 2743 1394 2777 ναυπηγεῖται
1409 2742 1523 2776 σκάφος,
1534 2742 1836 2779 βουλευσάμενοςιπρό-

1045 2795 1124 2821 τερον
1140 2787 1202 2822 περὶ
1215 2787 1316 2814 αὐτῶν·
1346 2787 1467 2814 τίκτεται
1497 2787 1525 2814 δὲ
1557 2787 1628 2814 κατὰ
1658 2788 1740 2822 φύσιν
1757 2789 1788 2815 τὸ
1806 2789 1836 2822 ἐξ

1046 2830 1192 2866 ἀνθρώπου
1212 2831 1324 2864 παιδίον,
1334 2831 1460 2867 οἱδεμιᾶς
1473 2831 1649 2868 ἡγητσιμένης
1665 2832 1833 2869 βουλήσεως.
