1920 3031
60 113 94 142 ω
790 123 1017 154 rueswnus.
1683 125 1719 154 eo

64 174 94 202 ει
107 182 150 206 τις
164 171 217 202 οὖν
229 176 315 211 λέγοι
328 179 414 215 τυχὸν
427 179 480 208 hci
491 190 563 214 τινος
589 181 643 208 τῶν
668 182 821 218 ἀνθρώπων
835 183 878 211 ὅτι

935 188 1004 213 insse
1037 183 1109 212 dicat
1147 183 1180 212 de
1211 183 1304 219 aliquo
1333 184 1474 213 hominum
1504 183 1576 218 quod
1619 189 1718 218 praeter

171 221 314 259 βούλησιν
340 225 423 262 ἔσχεν
448 227 528 261 υἱὸν,
550 228 588 264 μὴ
609 228 691 261 εὐθὺς
717 230 764 256 ἐπὶ
793 229 825 256 τὸ
847 229 878 262 ἐξ

68 267 194 303 ἀνάγκης
213 269 357 305 τρεχέτωσ
375 272 406 298 οὐ
421 272 479 308 γὰρ
498 273 532 300 ἐκ
547 283 620 306 τινος
638 274 762 311 ἀνάγκης
777 275 856 311 ἔσχεν
867 284 875 292 ’

67 313 123 340 ἀλλ’
140 313 241 349 ὁράτω
253 316 361 350 μᾶλλον
375 318 417 344 ὅτι
432 319 489 346 τῶν
501 320 534 347 ἐκ
547 319 653 355 φύσεως
664 321 695 347 οὑ
711 322 876 358 προηγεῖται

68 358 212 395 βούλησις.
236 361 330 389 Ἔκὼν
341 364 397 399 γάρ
410 373 455 397 τις
482 367 573 402 γεννᾷ,
594 366 723 402 οὐδεμιᾶς
736 367 801 404 περὶ
817 368 878 395 τού-

67 414 116 432 του
129 408 353 445 προηγουμένης
369 409 537 445 βουλήσεως.
557 412 684 448 Θελητῶς
703 410 750 440 οὖν
762 413 816 450 ἄρα
830 413 878 441 καὶ

69 452 235 488 ἀϐουλήτως
246 454 369 492 ὑπάρχει
381 458 428 485 καὶ
440 458 454 484 ὁ
467 458 553 493 Λόγος
572 459 601 486 ὲν
618 459 657 494 τῷ
668 459 766 496 “arpi,
783 459 880 497 ὥσπερ

69 499 147 527 ἐστὶν
161 500 193 527 ὲν
209 501 352 538 ἀνθρώπῳ
364 503 395 530 τὸ
407 503 437 538 ἐξ
453 504 551 532 ἑαυτοῦ
569 505 687 533 παιδίον.

430 608 534 636 AAAO.

110 661 143 688 Et
161 662 236 689 κατὰ
254 662 336 697 φύσιν
353 664 456 698 ἀγαθός
481 666 555 692 ἐστιν
569 666 583 692 ὁ
598 665 665 698 Θεὸς
688 667 735 694 καὶ
763 667 858 703 Πατὴρ
870 686 879 700 ,

71 708 126 735 οὐκ
138 709 175 735 ὲκ
189 708 356 744 βουλήσεως,
375 711 421 738 ἵνα
438 711 477 747 μὴ
500 712 630 748 φαίνηται
649 713 755 749 χρόνος,
770 714 814 741 ὅτε
829 714 880 740 οὐκ

71 752 107 790 ἦν
118 754 216 787 τοῦτο,
237 755 300 782 καθ’
328 756 358 783 ὃν
373 753 409 792 ἦν
423 757 563 794 βούλησις,
586 758 617 785 οὐ
647 759 778 795 βουλήσει
797 760 880 795 γεννᾷ

71 801 120 827 τὸν
140 801 228 835 Υἰὺν,
249 801 320 829 ἀλλὰ
344 802 436 837 φύσει.
455 803 561 840 Πρέπει
590 804 645 840 γὰρ
673 805 774 841 μᾶλλον
800 805 881 833 τοῦτο

71 846 164 883 αὐτῷ.

433 906 538 935 AAAO.

115 962 292 998 Ἐρωτητέον
310 964 374 996 τοὺς
397 964 611 1001 χριπομάχους,
626 965 650 992 εἰ
677 964 759 996 αὐτὸς
782 965 797 991 ό
825 963 874 990 τοῦ

74 1008 167 1043 Λόγου
183 1009 283 1045 Πατὴρ
297 1011 330 1036 ἐκ
344 1010 500 1046 βουλήσεως
514 1011 643 1046 ὑπάρχει,
657 1010 675 1046 ἢ
690 1010 765 1046 παρὰ
781 1009 879 1045 βούλη-

75 1064 118 1082 σιν
132 1055 245 1083 ἑαυτοῦ.
273 1056 306 1082 Εἰ
322 1056 372 1092 μὲν
387 1054 433 1084 οὖν
448 1058 482 1084 ὲκ
506 1057 671 1093 βουλήσεως,
694 1057 877 1093 προηγεῖσθαι

74 1101 102 1128 δὲ
114 1102 226 1137 ἀνάγκη
244 1103 296 1138 τῆς
322 1103 471 1139 ὑπάρξεως
492 1103 542 1139 τὴν
569 1103 708 1139 βούλησιν,
723 1103 832 1137 ,σιωπῶ
844 1103 877 1130 τὸ

74 1146 230 1182 δύσφημον
241 1149 266 1174 εἰ
278 1147 308 1174 δὲ
319 1148 397 1184 παρὰ
410 1148 548 1185 βούλησιν,
558 1149 587 1182 ἐξ
599 1149 723 1184 ἀνάγκης
733 1149 786 1184 ἄρα
798 1147 878 1175 τοῦτό

75 1194 159 1226 ἔστιν,
178 1194 250 1230 ὅπερ
269 1194 401 1230 ὑπάρχει.
417 1195 475 1222 Καὶ
488 1195 530 1227 τίς
541 1195 556 1222 ό
574 1195 625 1230 τὴν
635 1195 760 1230 ἀνάγκην
773 1195 878 1226 ἐπιθεὶς

75 1240 170 1274 αὖτῷς
189 1241 265 1268 Εἱδὲ
285 1241 405 1278 ὑπάρχει
423 1242 474 1277 μὲν
491 1242 506 1269 ό
528 1241 633 1277 Πατὴρ,
657 1241 706 1268 οὐκ
732 1242 763 1268 ὲκ
778 1241 877 1277 βουλή-

76 1295 148 1319 σεως
159 1287 198 1319 δὲ,
210 1287 276 1314 οὔτε
292 1288 347 1323 μὴν
363 1288 440 1324 παρά
455 1288 592 1324 βούλησιν,
609 1289 624 1315 ὁ
645 1287 727 1319 αὐτὸς
740 1288 877 1322 κρατείτω

75 1334 151 1368 λόγος
167 1335 404 1370 ἀπεριεργάστως
419 1335 467 1362 καὶ
496 1335 539 1370 ἐφ’
551 1334 629 1362 Υἱοῠ.
656 1334 810 1367 Ἐξετάζειν
823 1334 877 1370 γὰρ

72 1381 106 1408 τὰ
124 1381 242 1408 τοιαῦτα
258 1381 457 1417 ῥιψοκινδύνως
466 1381 516 1409 οὐκ
527 1380 685 1408 ἀκόλουθον.
698 1379 759 1415 Χρὴ
770 1380 798 1406 δὲ
814 1379 878 1415 μᾶ).-

71 1428 283 1460 λονάκούοντας
300 1428 368 1465 περὶ
382 1428 453 1455 Θεοῦ
476 1428 587 1460 εἰδέναι,
600 1428 642 1454 ὅτι
665 1427 747 1458 αὑτός
761 1427 836 1453 ἐστιν
860 1428 877 1454 ό

71 1474 125 1508 ὢν,
138 1475 191 1501 οὐκ
220 1475 314 1510 ἀρχήν
330 1483 392 1502 τινα
413 1475 461 1502 τοῦ
490 1473 560 1502 εἶναι
585 1474 687 1508 λαϐὼν,
712 1473 770 1501 ἀλλ’
794 1472 877 1505 αὐτὸς

71 1522 128 1552 τοῖς
143 1521 238 1553 ἄλλοις
252 1521 328 1557 ἀρχὴ
343 1521 391 1548 τοῦ
408 1518 479 1548 εἶναι
494 1521 648 1556 γενόμενος.

313 1624 417 1656 AAAO,
433 1622 662 1658 διηγηματικῶς.

110 1681 234 1708 Ἄτοπον
250 1681 358 1716 σφόδρα
375 1681 422 1708 καὶ
439 1681 608 1708 ἐπικίνδυνον
632 1682 674 1716 ἐφ’
696 1681 762 1708 Υιοῦ
788 1681 879 1714 λέγειν

72 1726 113 1759 τὸ,
130 1727 266 1762 ὢυλήσει
279 1727 335 1763 ἄρα
349 1727 366 1763 ἢ
384 1727 459 1762 παρὰ
472 1727 600 1763 βούλησιν
619 1728 764 1764 ἐγεννήθη.
774 1728 804 1754 '0
824 1728 878 1763 γὰρ

72 1773 124 1799 οὐκ
133 1773 168 1799 ὲκ
183 1772 343 1808 βουλήσεως
361 1772 493 1808 ὑπάρχων
509 1772 586 1805 Θεὸς,
602 1773 654 1800 οὐκ
668 1774 700 1800 ὲκ
710 1794 714 1798 .
724 1773 878 1809 βουλήσεως

73 1817 131 1852 ἔχει
149 1817 199 1844 τὸν
228 1817 264 1844 ὲκ
283 1817 334 1853 τῆς
359 1817 455 1849 οὐσίας
485 1817 567 1844 αὑτοῦ
597 1817 766 1853 προελθόντα
781 1818 877 1852 Λόγον,

74 1863 145 1890 ἀλλὰ
165 1863 305 1898 ιρυσικῶς.
326 1863 376 1898 Ειη
395 1863 449 1898 γὰρ
463 1863 511 1890 καὶ
524 1862 612 1895 οὕτως
627 1863 709 1890 εἰκὼν
721 1863 805 1891 αὑτοῦ
831 1863 880 1890 καὶ

75 1909 225 1946 χαρακτὴρ
239 1909 272 1936 οὐ
286 1909 492 1945 διεψευσμένος.

429 1966 532 1994 AAAO.
871 1989 874 1991 .

112 2021 145 2048 Εἰ
160 2021 292 2057 βούλησις
308 2022 355 2049 καὶ
366 2021 462 2058 σκέψις
479 2024 642 2058 προηγεῖται
661 2023 712 2059 τῆς
732 2023 878 2060 ὑπάρξεως

78 2066 124 2094 τοῦ
140 2068 219 2100 Υἱοῦ,
237 2068 291 2095 ὸδὲ
306 2068 372 2100 Υἱὸς
386 2069 468 2103 σοφία
495 2069 541 2096 καὶ
565 2069 652 2104 Λόγος
675 2070 733 2096 ἐστὶ
752 2068 800 2096 τοῦ
824 2070 880 2096 Πα-

78 2115 153 2150 τρδς,
167 2115 231 2148 πῶς
245 2115 372 2141 ὲῦούλετο
382 2115 396 2141 ὁ
408 2115 474 2147 Θεὸς
485 2115 581 2151 ἄλογός
595 2125 625 2143 τε
639 2117 685 2143 καὶ
711 2116 814 2152 ἄσοφος
828 2117 878 2149 ὢν,

81 2162 140 2189 καθ’
154 2163 248 2198 ὑμᾶς;
264 2161 349 2189 Οὔπω
364 2161 420 2198 γὰρ
435 2160 469 2197 ἦν
479 2163 493 2189 ὁ
509 2162 582 2195 Υἱὸς,
599 2163 640 2190 ἔτι
652 2164 703 2199 τῆς
715 2164 781 2199 περὶ
792 2163 877 2191 αὐτοῦ

930 232 1094 259 voluntatem
1125 231 1210 259 illium
1243 232 1348 264 habuit.
1381 239 1416 259 ne
1444 230 1536 259 statim
1562 229 1595 257 ad
1622 237 1716 257 neces-

928 277 1038 305 sitatem
1069 277 1210 314 confugiat
1233 287 1240 305 :
1275 285 1364 313 neque
1392 277 1464 305 enim
1491 276 1648 304 necessario
1675 276 1722 302 ha-

928 323 1005 358 buit,
1029 323 1075 352 sed
1106 324 1197 359 potius
1222 324 1376 360 intelligat,
1400 324 1427 351 in
1463 321 1632 350 naturalibus
1666 328 1720 348 non

928 370 1079 406 praecedere
1096 369 1328 398 deliberationem.
1357 369 1460 404 Sponte
1485 368 1559 397 enim
1584 367 1720 404 quispiam

928 416 1129 451 generabnulla
1142 416 1339 445 deliberatione
1353 416 1534 451 praecedente.
1551 414 1653 449 Sponte
1666 413 1720 450 igi-

930 468 974 491 tur
986 467 1013 491 et
1026 463 1095 491 citra
1123 463 1348 492 deliberationem
1368 469 1409 491 est
1430 462 1559 491 Verbum.
1576 462 1603 489 in
1628 461 1722 493 Patre.

929 509 1155 545 quemadmodum
1171 515 1213 538 est
1232 509 1259 538 in
1277 509 1386 538 homine
1397 509 1454 544 eius
1474 507 1576 545 proles.

1271 606 1387 636 ALIUD.

965 665 996 694 Si
1012 664 1172 693 naturaliter
1184 665 1271 693 bonus
1286 670 1329 693 est
1353 666 1425 694 Deus
1449 673 1480 693 ac
1492 665 1583 698 Pater,
1598 673 1652 693 non
1685 673 1721 694 es

931 712 1078 745 voluntate,
1092 719 1126 740 ne
1137 711 1260 739 videatur
1269 712 1378 747 aliquod
1392 715 1498 747 tempus
1517 712 1600 740 luisse
1613 713 1725 747 quando

931 759 982 786 hoc
997 758 1084 793 ipsum
1104 765 1157 786 non
1171 758 1279 790 crat,in
1291 765 1345 793 quo
1361 757 1444 786 ﬁebat
1461 758 1632 790 deliberatio,
1666 765 1719 785 non

930 804 1068 832 voluntate
1081 808 1192 839 generat
1208 803 1317 838 Filium,
1332 804 1380 832 sed
1395 807 1504 832 natura.
1521 803 1578 832 Hoc
1596 804 1668 832 enim
1695 803 1722 832 ei

895 864 917 892 Β
932 850 1135 880 convenientius
1149 854 1202 878 est.

1265 907 1383 936 ALIUD.

959 965 1145 1001 Interrogandi
1163 969 1227 994 sunt
1240 965 1334 993 hostes
1351 963 1467 996 Christi,
1485 971 1549 991 num
1573 964 1632 998 ipse
1642 963 1722 991 Verbi

929 1013 1008 1041 Pater
1026 1013 1163 1041 voluntate
1177 1013 1303 1046 exsistat,
1321 1020 1354 1040 an
1375 1017 1474 1047 praeter
1496 1019 1573 1039 suam
1600 1011 1722 1039 volunta-

930 1059 1002 1087 tem?
1016 1059 1082 1087 Nam
1098 1060 1120 1087 si
1136 1066 1169 1086 ex
1186 1058 1339 1091 voluntate,
1353 1062 1382 1086 et
1398 1064 1510 1086 necesse
1532 1062 1574 1085 est
1599 1057 1724 1085 volunta~

929 1110 983 1134 tem
1000 1105 1119 1141 priorem
1134 1104 1219 1132 fuisse
1237 1103 1407 1136 exsistentia,
1436 1107 1514 1131 taceo
1527 1103 1723 1138 blasphemiam

928 1159 989 1188 qua
1003 1151 1065 1179 inde
1078 1141 1225 1186 sequetur;
1237 1151 1259 1178 si
1276 1154 1374 1185 praeter
1383 1149 1563 1181 voluntatem,
1578 1156 1612 1176 ex
1627 1155 1724 1176 neces-

927 1198 1008 1226 sitate
1024 1197 1108 1233 igitur
1120 1201 1164 1225 est
1188 1196 1214 1224 id
1227 1196 1299 1231 quod
1325 1201 1378 1224 est.
1397 1196 1432 1222 At
1444 1195 1505 1230 quis
1529 1194 1554 1222 ei
1575 1196 1724 1222 necessita-

929 1249 982 1274 tem
997 1244 1140 1279 imposuit?
1151 1242 1206 1279 54
1223 1244 1252 1271 Si
1263 1250 1326 1271 vero
1355 1241 1464 1270 exsistit
1495 1241 1604 1277 quidem
1630 1240 1722 1273 Pater,

928 1297 1016 1325 neque
1029 1297 1062 1317 ex
1077 1290 1226 1323 voluntate,
1248 1297 1334 1324 neque
1357 1294 1457 1324 praeter
1484 1287 1664 1321 voluntatem,
1678 1295 1725 1315 ea-

928 1337 989 1364 dem
1005 1343 1072 1363 sane
1092 1336 1161 1363 ratio
1174 1335 1296 1363 obtineat
1310 1334 1428 1362 etiamin
1442 1334 1522 1362 Filio.
1543 1334 1636 1369 Neque
1651 1333 1724 1362 enim

929 1381 986 1409 haec
1007 1380 1088 1409 nimis
1110 1381 1237 1409 audacter
1254 1386 1281 1408 ct
1296 1379 1443 1408 temerarie
1467 1380 1629 1415 inquirenda
1649 1383 1722 1409 sunt.

929 1428 986 1456 lloe
1001 1435 1065 1455 vero
1076 1427 1176 1462 potius,
1188 1434 1252 1455 cum
1268 1426 1301 1454 de
1312 1427 1366 1454 Deo
1386 1426 1489 1461 agitur,
1508 1425 1654 1453 tenendum
1668 1429 1723 1458 est,

929 1474 1016 1509 ipsum
1028 1480 1088 1501 esse
1100 1473 1205 1507 quiest,
1221 1472 1323 1507 quique
1339 1471 1443 1498 nullum
1463 1471 1544 1499 habet
1573 1471 1723 1499 exsislendi

931 1519 1108 1555 principium,
1121 1519 1168 1547 sed
1182 1518 1293 1554 reliquis
1311 1518 1440 1546 omnibus
1473 1518 1581 1546 easendi
1611 1518 1721 1546 initium

895 1560 918 1592 C
933 1565 1017 1594 dedit.

1102 1622 1219 1656 ALIUD,
1233 1622 1268 1649 ad
1282 1622 1320 1649 rei
1332 1621 1546 1657 explicationem.

964 1681 1118 1708 Absurdum
1130 1684 1159 1708 et
1172 1679 1352 1715 periculosum
1365 1679 1450 1708 estde
1461 1679 1529 1707 Filio
1554 1679 1645 1707 dicere
1660 1687 1667 1706 :
1685 1679 1724 1706 Ex

931 1728 1126 1755 voluntateaut
1148 1731 1248 1762 prteter
1278 1727 1445 1754 voluntatem
1472 1726 1560 1754 factus
1587 1731 1639 1753 est.
1674 1726 1724 1759 Qui

929 1773 1002 1801 enim
1015 1781 1067 1801 non
1082 1780 1115 1801 ex
1133 1772 1273 1801 voluntate
1287 1773 1397 1801 exsistit
1411 1771 1495 1804 Deus,
1513 1779 1565 1799 non
1582 1779 1615 1798 ex
1628 1770 1725 1799 volun-

931 1825 987 1848 tate
997 1820 1077 1848 habet
1095 1820 1212 1848 Verbum
1224 1821 1295 1854 quod
1310 1827 1344 1847 ex
1363 1818 1424 1854 ejus
1440 1818 1560 1846 essentia
1581 1817 1724 1852 processit,

930 1867 976 1894 sed
998 1865 1169 1894 naturaliter.
1189 1865 1227 1893 ita
1240 1865 1313 1894 enim
1331 1865 1422 1901 imago
1435 1863 1495 1899 ejus
1523 1867 1551 1891 et
1578 1864 1725 1891 character

930 1919 994 1941 vere
1011 1911 1092 1941 fuerit
1108 1912 1144 1940 ".

1266 1966 1382 1994 ALIUD.

967 2023 995 2051 Si
1013 2024 1138 2052 voluntas
1153 2028 1180 2051 et
1200 2023 1360 2051 deliberatio
1375 2022 1437 2050 Filii
1455 2022 1643 2050 exsistentiam
1660 2029 1728 2056 pra:-

933 2070 1015 2104 cedit,
1034 2069 1118 2097 Filius
1134 2074 1226 2097 autent
1241 2074 1283 2097 est
1292 2069 1424 2104 sapientia
1439 2074 1466 2096 et
1491 2067 1608 2095 Verbum
1627 2067 1726 2099 Patris.

930 2124 984 2152 quo
1006 2121 1084 2152 pacto
1099 2115 1259 2144 deliberavit
1287 2114 1377 2147 Pater,
1409 2113 1499 2155 verbo
1528 2119 1556 2141 et
1583 2113 1727 2148 sapientia,

929 2163 1007 2198 juxta
1028 2166 1149 2190 vestram
1166 2162 1341 2194 sententiam,
1352 2160 1467 2189 carens?
1480 2159 1573 2195 Neque
1590 2160 1662 2187 enim
1676 2160 1726 2186 ad-

81 2208 229 2243 γινομένης
257 2207 391 2244 σκέψεως.
420 2207 483 2240 Πῶς
501 2209 529 2235 δὲ
545 2209 595 2236 οὐκ
622 2209 722 2237 ἄτοπον
737 2210 876 2246 εἰσφέρειν

935 2209 984 2236 huc
995 2212 1053 2236 erat
1065 2208 1161 2241 Filius,
1174 2215 1235 2235 cum
1252 2207 1381 2235 adhuedc
1394 2213 1426 2234 eo
1440 2205 1645 2233 deliberaretur.
1667 2205 1727 2239 Quo

159 2241 261 2281 ἑαέοῦ
280 2241 475 2290 βοίδλευόμενον
485 2254 531 2281 τὸν
549 2255 670 2291 Πατέρα,
683 2241 798 2292 πότερόν
812 2241 878 2283 ποτε

935 2258 1010 2290 pacto
1029 2261 1093 2282 vero
1109 2261 1162 2281 non
1186 2253 1333 2281 absurdum
1363 2252 1447 2280 fuerit
1473 2252 1602 2280 inducere
1620 2251 1727 2278 Patrem

85 2299 134 2336 χρὴ
147 2300 246 2334 σοφίαν
258 2299 333 2335 ἔχειν
361 2300 408 2327 καὶ
433 2300 566 2337 Δόγον,ἢ
595 2302 649 2337 μή;
681 2302 879 2338 Παραιτεῖσθαι

87 2345 226 2382 τοιγαροῦν
238 2346 392 2381 ἀναγκαῖον
402 2346 452 2378 τὰς
467 2347 646 2379 ἀπαιδεύτους
661 2347 715 2374 τῶν
730 2348 879 2385 xpuncta-

88 2400 136 2426 χων
150 2392 311 2428 προτάσεις,
328 2392 359 2419 οὐ
376 2392 479 2428 σφόδρα
506 2393 686 2420 διατείνεσθαι
704 2394 773 2429 πρὸς
784 2394 815 2421 τὸ
834 2395 881 2421 ἁν-

88 2438 197 2474 τιλέγειν
209 2439 319 2470 αὑταῖς.

300 2541 407 2574 AAAO,
436 2541 665 2576 διηγηματικῶς.

125 2599 167 2626 Διὰ
181 2598 289 2626 πολλῶν
302 2597 356 2633 ἤδη
372 2596 507 2625 δέδεικται
532 2597 619 2632 λόγων
629 2597 670 2624 ὅτι
683 2597 738 2624 τῶν
762 2598 881 2634 ποιημά-

96 2654 137 2672 των
145 2646 267 2682 ήγήσατο
283 2643 428 2679 βούλησις.
448 2642 492 2675 Ἐξ
504 2642 562 2674 ἑνὸς
572 2642 600 2669 δὲ
612 2642 642 2669 τὸ
659 2643 715 2670 πᾶν
729 2643 882 2679 γνωρισθή-

97 2701 162 2722 attat.
187 2692 251 2718 Ἐπὶ
279 2689 338 2726 γὰρ
363 2690 398 2724 τῇ
411 2688 459 2714 τοῦ
481 2687 624 2723 ἀνθρώπου
648 2690 817 2724 κατασκευῇ,
833 2689 878 2721 τὺ,

96 2739 270 2775 ιΠοιήσωμεν
299 2735 464 2771 ἄνθρωπον,
479 2735 488 2760 l
504 2734 552 2760 καὶ
569 2734 610 2766 τὸ,
636 2743 645 2759 ‹
663 2734 807 2770 Γενηθήτω
823 2743 883 2760 ατε-

92 2786 174 2822 ρέωμι,
194 2796 205 2812 ι
227 2784 280 2812 καὶ
297 2783 342 2813 τὸ,
373 2779 517 2815 Γενηθήτω
536 2779 594 2806 τόδε
619 2780 666 2807 καὶ
692 2781 762 2815 τόδε,
788 2780 884 2816 βουλῆς

120 2865 224 2896 “Hebr.
245 2871 269 2897 ι,
293 2862 328 2890 5.
368 2859 392 2896 ζτ
415 2858 481 2886 Gen.
504 2867 523 2892 ι,
543 2857 570 2894 6,
586 2859 630 2886 26.

931 2308 1025 2328 secum
1037 2299 1244 2332 deliberantem,
1256 2307 1289 2326 an
1303 2302 1445 2334 oporteret
1459 2298 1606 2333 aliquando
1619 2298 1728 2333 sapien—

932 2347 997 2374 tiam
1013 2351 1041 2374 et
1053 2345 1172 2374 Verbum
1186 2345 1339 2377 habere.an
1358 2345 1431 2372 non?
1446 2344 1604 2378 Rejicienda
1645 2343 1728 2378 igitur

934 2398 1044 2427 prorsus
1055 2395 1117 2419 sunt
1132 2390 1239 2418 indocta
1268 2390 1386 2417 hostium
1412 2389 1514 2417 Christi
1548 2393 1705 2425 argumenta
1718 2409 1727 2422 ,

936 2446 990 2466 non
1016 2442 1107 2466 autem
1141 2437 1223 2465 anxie
1255 2437 1447 2472 Iaborioseque
1472 2436 1507 2465 iis
1536 2436 1727 2464 contradicen-

931 2484 1008 2512 dum.

1176 2539 1291 2572 ALIUD,
1309 2538 1475 2574 explicatius.

971 2597 1125 2632 Multisjnm
1141 2596 1231 2624 verbis
1241 2599 1378 2623 ostensum
1406 2599 1450 2623 est
1476 2594 1644 2623 voluntatem
1667 2594 1727 2622 sive

935 2643 1158 2672 deliberationem
1170 2646 1357 2670 creaturarum
1377 2641 1545 2669 creationem
1559 2641 1724 2677 praecedere.

937 2689 975 2716 Ex
988 2696 1043 2716 ttuo
1063 2693 1154 2716 autent
1171 2692 1255 2716 totum
1270 2687 1442 2722 intelligetur.
1452 2685 1518 2714 Nam
1537 2688 1563 2715 in
1588 2688 1727 2715 creatione

939 2733 1073 2762 hominis:
1089 2743 1098 2759 t
1120 2734 1272 2765 Faciamus,
1291 2733 1389 2769 inquit,
1400 2734 1546 2765 hominem,
1562 2742 1571 2759 ›
1587 2737 1625 2765 et,
1642 2742 1651 2758 ι
1665 2731 1727 2760 Fiat

939 2779 1181 2813 ﬁrmamentum",
1196 2789 1205 2806 ι
1226 2784 1306 2815 atque
1325 2781 1385 2813 hoc,
1401 2779 1459 2807 Fiat
1469 2779 1518 2807 hoc
1541 2783 1566 2806 ct
1591 2778 1666 2813 illud,
1685 2786 1726 2805 ιὐο
