1920 3031
198 123 231 152 9|
719 123 749 152 S.
769 122 909 152 CYIIILLI
926 119 1162 149 ALEXANDRINI
1179 119 1341 148 ARCHIEI".
1797 115 1838 142 9'2

197 185 306 213 Iuntatis
319 185 527 223 signiticativutn
544 190 594 218 est,
612 192 669 220 qua:
684 186 716 212 ad
728 185 849 220 singulas
876 188 986 211 creatu-

1091 181 1134 218 εἴη
1149 180 1316 218 σημαντικὸν
1332 180 1382 217 τῆς
1393 181 1436 216 ἐφ’
1450 180 1557 216 ἑκάστῳ
1572 181 1626 208 τῶν
1639 179 1845 217 πεποιημένων

198 239 242 259 ras
254 231 391 260 faciendas
415 239 429 259 a
459 232 514 259 Deo
541 231 662 259 adhibita
688 235 740 262 est.
773 229 883 257 tametsi
899 230 990 258 statim

198 285 267 313 opus
284 277 458 306 subsecutum
475 281 613 312 appareat.
628 276 656 304 Si
672 284 735 311 ergo
766 279 909 303 creaturas
924 283 991 311 prte-

197 323 269 351 cedit
281 323 416 356 voluntas,
433 323 524 351 omnia
549 331 613 351 vero
628 322 698 350 facta
713 326 776 349 sunt
796 329 846 356 per
870 321 968 350 Filium
983 343 992 354 .

198 374 273 396 certe
290 369 411 396 omniutn
427 376 538 396 numero
554 376 607 395 non
636 367 880 402 comprehenditur
900 368 923 395 is
945 375 993 403 per

198 423 278 449 quem
291 416 381 443 omnia
395 414 464 443 facta
474 418 546 442 sunt.
566 414 598 441 Et
620 413 643 441 si
668 413 736 441 alius
751 418 793 441 est
818 414 853 441 ab
878 414 912 442 lis
933 422 993 449 quae

199 461 336 494 praecessit
350 461 484 493 voluntas,
500 467 554 487 non
569 463 611 487 est
626 458 715 487 factus
729 467 763 487 ex
780 460 918 488 voluntate
936 461 992 488 sic-

199 506 367 542 utilla.lpse'
379 507 451 533 enim
473 510 514 534 est
525 506 585 532 viva
615 505 742 533 voluntas
774 505 876 538 Patris,
893 507 919 533 in
937 513 990 540 qua

198 552 288 578 omnia
302 556 437 585 operatur.
457 549 541 577 Vocat
570 554 661 577 autem
690 551 771 578 etiam
800 551 886 584 ipsum
917 550 993 578 Psal-

199 598 278 624 mista
294 597 461 624 voluntatem
475 595 576 629 Patris,
593 596 705 624 dicens:
722 606 732 623 ι
752 597 778 624 In
795 597 932 626 voluntate
948 603 991 626 tua

200 641 334 669 deduxisti
351 648 395 669 me
408 641 441 668 ".
463 650 473 667 ι

539 699 656 728 ALIUD.

236 757 265 784 Si
279 757 419 785 consilium
433 761 461 785 et
474 756 598 784 voluntas
612 756 702 784 Patris
723 761 765 784 est
785 756 880 791 Filius,
899 761 928 784 ut
953 764 992 784 re-

199 810 264 830 vera
279 807 331 834 est,
350 810 403 837 quo
413 806 492 837 pacto
504 802 631 837 praecedit
645 802 768 829 Voluntas
784 801 842 836 ejus
859 803 993 830 exsisten-

201 846 286 873 tiam?
307 846 448 874 Videbitur
460 847 532 874 enim
550 846 607 880 ipse
619 847 738 881 seipsnm
754 845 861 874 fecisse.
887 847 940 882 55
960 847 992 874 Et
1009 861 1031 891 δ

201 893 246 927 qui
262 892 378 919 nondum
395 892 481 920 factus
491 897 560 925 erat,
574 897 603 920 ut
627 892 746 920 haeretici
771 893 875 925 volunt,
907 894 941 921 de
965 901 994 922 se

202 938 261 972 ipso
273 938 440 967 deliberasse
454 939 567 966 dicetur.
593 939 628 966 At
638 939 661 966 si
681 939 731 967 hoc
745 940 892 968 absurdum
918 940 992 968 dictu

203 989 257 1017 est,
272 992 325 1012 non
339 992 405 1020 ergo
417 985 555 1013 voluntate
569 985 656 1013 factus
686 991 738 1018 est,
762 978 993 1020 quemadmodum

202 1034 353 1063 creaturae;
369 1031 416 1059 sed
431 1035 527 1061 eratut
544 1031 667 1060 voluntas
684 1032 811 1060 Patrisin
826 1033 895 1068 ipso,
911 1038 995 1073 atque

203 1078 272 1105 adeo
286 1077 372 1112 ipsius
381 1077 521 1106 chitoris
530 1078 659 1106 essentia:
670 1079 834 1113 proprietas.

541 1132 656 1160 ALIUD.

239 1187 365 1215 Christus
379 1187 479 1215 alicubi
495 1187 584 1222 inquit
601 1198 607 1215 :
630 1188 685 1224 Ego
707 1189 732 1216 in
749 1189 840 1222 Patre,
859 1195 886 1218 et
915 1190 997 1219 Pater

205 1233 232 1260 in
245 1240 299 1266 me,
314 1232 396 1261 veluti
411 1233 499 1261 locum
518 1234 675 1268 quemdam,
696 1235 740 1269 qui
757 1242 786 1263 se
801 1235 888 1263 solum
907 1237 995 1264 conti-

206 1284 279 1313 neat,
312 1280 469 1315 signiﬁcans
494 1280 616 1312 Patrem,
633 1286 659 1308 et
675 1290 770 1310 rursus
785 1282 893 1310 Patrem
909 1283 996 1311 solum

206 1326 232 1352 in
247 1325 306 1359 ipso
320 1325 508 1353 exsistentem.
538 1325 566 1352 Si
583 1334 647 1361 ergo
663 1326 734 1353 aliud
758 1327 898 1362 quidpiam
915 1329 995 1356 estin

207 1371 287 1398 Patre
303 1371 431 1398 voluntas
446 1371 533 1406 ipsius
558 1379 639 1406 quam
658 1372 753 1403 Fiiius,
769 1381 822 1407 quo
840 1378 919 1408 pacto
932 1381 997 1401 vero

205 1416 264 1444 haec
281 1416 402 1444 dixerit?
421 1417 583 1451 Reperietur
600 1417 684 1451 enim,
706 1418 784 1452 juxta
802 1420 925 1447 insanam
941 1420 998 1447 ha:-

207 1462 353 1490 reticorum
370 1461 535 1497 opinionem,
563 1467 625 1491 ante
655 1465 843 1493 exsistentiam
860 1464 931 1498 Filii,
950 1473 997 1493 vo-

207 1508 298 1536 luntas
329 1508 359 1536 in
382 1507 463 1536 Patre
488 1509 634 1542 exsistens,
654 1517 704 1544 per
733 1518 814 1545 quam
837 1511 925 1539 {acuis
944 1516 997 1544 est,

1044 227 1192 263 γενομένης
1211 226 1285 262 παρὰ
1302 226 1381 260 Θεοῦ,
1399 227 1423 254 si
1447 227 1495 254 καὶ
1519 227 1690 263 παραχρῆμα
1701 227 1732 254 τὸ
1753 227 1844 263 ἔργον

1043 273 1205 300 ἀκολουθοῦν
1217 273 1351 307 φαενεται.
1377 273 1409 300 EI
1435 273 1524 300 τοίνυν
1539 273 1592 300 τῶν
1612 273 1661 309 μὲν
1674 274 1844 309 κτισμάτων

1043 320 1151 355 ἡγεῖται
1170 319 1305 355 βούλησις,
1328 319 1424 355 γέγονε
1448 319 1477 346 δὲ
1499 319 1588 346 πάντα
1618 319 1652 346 δι’
1668 320 1744 352 Υἰοῦ,
1757 319 1845 351 ἐκτός

1043 366 1102 392 ἐστι
1113 364 1167 392 τῶν
1183 365 1292 392 πάντων
1319 365 1334 392 ὁ
1362 364 1396 392 δι’
1411 361 1443 392 οὗ
1457 365 1491 392 τὰ
1511 365 1600 392 πάντα
1615 365 1720 400 γέγονε.
1742 365 1801 392 Καὶ
1816 366 1844 391 εἰ

1042 410 1136 447 ἕτερός
1152 412 1225 438 ἐστιν
1251 410 1364 438 ἐκείνων
1381 407 1421 438 ὧν
1440 411 1564 447 ἡγήσατο
1589 411 1726 448 βούλησις,
1738 412 1790 439 οὐκ
1805 411 1845 438 ἂν

1043 456 1086 491 εἴη
1103 456 1172 483 κατὰ
1187 456 1315 492 βούλησιν
1331 456 1450 491 γεγονὼς
1464 455 1558 493 ὥσπερ
1573 457 1652 484 αὐτά.
1675 457 1762 490 Αὐτὸς
1783 457 1846 492 γάρ

1043 501 1116 527 ἐστιν
1137 502 1153 537 ἡ
1165 501 1241 533 ζῶσα
1251 501 1333 537 βουλὴ
1354 501 1401 528 τοῦ
1415 501 1532 538 Πατρὺς,
1559 502 1589 529 ἐν
1638 501 1672 529 τὰ
1688 502 1780 530 πάντα
1793 502 1846 537 ἑρ-

1043 547 1166 580 γάζεται.
1182 547 1268 574 Καλεί
1289 547 1318 574 δὲ
1346 547 1428 575 αὑτὸν
1438 548 1486 574 καὶ
1506 548 1603 584 βουλὴν
1625 548 1671 575 τοῦ
1694 548 1804 584 Πατρὺς
1829 548 1846 574 ό

1043 593 1195 628 Ψαλμῳδὺς
1209 613 1216 627 ,
1237 592 1323 628 λέγων
1340 602 1347 609 ·
1381 603 1390 620 α
1415 594 1460 620 ‘Ev
1482 595 1517 630 τῇ
1551 593 1633 629 βουλῇ
1658 602 1703 620 σου
1733 593 1847 630 ὡδήγη-

1044 638 1093 669 ad;
1110 646 1154 674 με.
1171 648 1181 664 ›

1377 696 1481 724 AAAO.

1080 751 1111 779 ΕΞ
1128 751 1210 787 βουλὴ
1237 752 1285 780 xa‘.
1309 752 1417 788 θέλημα
1432 753 1479 780 τοῦ
1495 754 1602 789 Πατρός
1626 754 1699 781 ἐστιν
1724 755 1738 782 ὁ
1758 754 1846 785 Υἱὸς,

1043 799 1136 834 ὥσπερ
1156 796 1202 826 οὖν
1218 799 1264 825 καὶ
1278 798 1346 832 ἔστι,
1372 800 1431 831 πῶς
1446 801 1553 835 ἡγεῖται
1568 800 1678 836 θέλησις
1690 801 1737 836 τῆς
1750 800 1848 836 ὑπάρ-

1046 845 1113 878 ξεως
1128 844 1323 878 αὐτοῦ;Αὐτδς
1338 845 1391 881 γὰρ
1407 846 1502 873 ἑαυτὸν
1514 846 1590 874 ἔσται
1605 846 1776 882 πεποιηκώς.
1787 846 1849 872 Καὶ

1048 892 1062 918 ὁ
1080 891 1163 926 μήπω
1188 889 1319 924 γεγονὼς,
1347 890 1419 918 κατὰ
1444 892 1508 924 τοὺς
1533 892 1744 928 χριστομάχους,
1778 891 1852 926 περὶ

1048 936 1146 964 ἑαυτοῦ
1165 938 1289 971 φανεῖται
1317 936 1520 974 βουλευόμενος.
1551 937 1583 964 Ei
1608 938 1638 964 δὲ
1653 938 1732 965 τοῦτο
1751 937 1851 971 λέγειν

1049 982 1157 1014 ἄτοπον,
1175 981 1226 1008 οὐκ
1238 981 1292 1017 ἄρα.
1305 981 1430 1018 βουλήσει
1451 984 1573 1018 γέγονεν,
1595 984 1689 1019 ὥσπερ
1716 984 1750 1011 τὰ
1763 984 1851 1019 ποιή-

1050 1036 1132 1064 ματα,-
1154 1028 1211 1055 air
1225 1027 1259 1064 ἦν
1271 1029 1308 1062 ὡς
1321 1029 1402 1065 βουλὴ
1429 1029 1477 1056 τοῦ
1500 1030 1607 1066 Harpe;
1618 1031 1648 1058 ὲν
1665 1030 1752 1066 αὐτῷ,
1779 1030 1853 1057 αὐτὸ

1049 1075 1097 1110 τῆς
1112 1074 1204 1107 οὐσίας
1223 1075 1353 1112 ὑπάρχων
1368 1076 1413 1103 τοῦ
1428 1077 1609 1112 γεννήσαντος
1623 1077 1653 1104 τὺ
1669 1077 1745 1105 ῐδιον.

1399 1134 1502 1162 ΑΛΛΟ.

1066 1182 1166 1224 ’Λέγει
1180 1197 1232 1216 που
1247 1189 1374 1225 Χριστὸς’
1395 1199 1405 1216 ‹
1429 1189 1500 1225 Ἐγὼ
1529 1190 1558 1217 ἐν
1583 1191 1622 1226 τῷ
1642 1191 1740 1227 Πατρὶ,
1760 1193 1813 1219 καὶ
1838 1192 1853 1219 ὁ

1050 1235 1147 1270 Πατὴρ
1158 1235 1186 1262 ὲν
1198 1235 1270 1270 ἐμοὶ,
1290 1245 1298 1261 ι
1332 1235 1426 1272 ὥσπερ
1450 1236 1511 1262 τινὰ
1536 1236 1619 1264 τόπον
1635 1237 1730 1264 ἑαυτὸν
1747 1238 1853 1272 ἔχοντα

1053 1281 1132 1316 μόνον
1152 1281 1292 1316 σημαίνων
1303 1281 1349 1307 τὸν
1367 1281 1486 1317 Πατέρα,
1499 1282 1547 1309 καὶ
1569 1282 1652 1309 πάλιν
1669 1283 1707 1315 ὡς
1724 1283 1774 1310 τοῦ
1791 1285 1853 1310 Πα-

1050 1326 1113 1361 τρδς
1131 1326 1206 1358 ὄντος
1222 1326 1251 1352 ὲν
1269 1326 1343 1361 αὐτῷ
1358 1326 1447 1361 μόνον.
1464 1327 1495 1353 El
1508 1327 1597 1354 τοίνυν
1616 1328 1710 1364 ἕτερόν
1725 1329 1752 1355 τί
1771 1330 1853 1355 ἐστιν

1051 1372 1080 1397 ὲν
1092 1371 1131 1406 τῷ
1144 1371 1232 1407 Πατρὶ
1247 1371 1323 1407 παρὰ
1337 1372 1382 1398 τὸν
1401 1371 1465 1399 Υιὸν
1485 1373 1501 1407 ἠ
1526 1372 1653 1408 βούλησις
1669 1373 1764 1406 αὑτοῦ,
1790 1373 1854 1405 πῶς

1050 1415 1196 1451 ἀληθεύσει
1211 1416 1246 1443 τὰ
1261 1416 1373 1443 τοιαῦτα
1394 1416 1498 1451 λέγων;
1511 1418 1675 1453 Εὑρεσχεται
1693 1418 1760 1454 γὰρ,
1777 1418 1854 1446 κατὰ

1051 1462 1100 1497 τὴν
1118 1461 1172 1488 τῶν
1189 1461 1380 1497 χριστομάχων
1409 1462 1520 1498 μανίαν,
1541 1464 1594 1498 πρὸ
1626 1464 1676 1499 τῆς
1701 1463 1854 1500 ὑπάρξεως

1052 1507 1099 1534 τοῦ
1114 1507 1191 1541 Υιοῦ,
1209 1508 1336 1543 βούλησις
1346 1505 1413 1535 οὖσα
1433 1509 1462 1535 ὲν
1477 1509 1575 1545 Πατρὶ,
1590 1509 1651 1537 καθ’
1665 1511 1698 1546 ἣν
1710 1511 1832 1544 γέγονεν
1844 1531 1853 1544 ,

208 1555 283 1582 utilli
299 1554 403 1582 dicunt.
423 1555 451 1582 Si
466 1561 556 1582 autem
586 1563 648 1583 vere
665 1557 729 1584 dicit
743 1565 772 1584 se
795 1558 822 1584 in
837 1557 915 1585 Patre
927 1565 998 1592 esse,

1075 1562 1088 1585 ;
1108 1554 1207 1581 ἐκεῖνοί
1223 1562 1314 1588 φασιν.
1330 1555 1360 1581 EI
1380 1554 1409 1581 δὲ
1424 1554 1563 1590 ἀληθεύει,
1589 1555 1684 1582 ἑαυτὸν
1709 1557 1738 1583 ὲν
1761 1557 1854 1591 [lupi

207 1604 235 1627 et
254 1607 358 1633 rursus,
373 1600 460 1628 solum
472 1601 498 1628 in
515 1608 545 1628 se
559 1608 619 1629 esse
634 1601 741 1629 Patrem
751 1622 758 1634 ,
775 1603 883 1630 ubinam
898 1605 999 1631 consli-

210 1650 301 1673 utetur
323 1646 459 1679 voluntas,
487 1654 550 1674 cum
582 1647 649 1674 nihil
676 1647 728 1675 ioci
765 1649 800 1676 sit
823 1649 1001 1677 intermedii?

210 1692 286 1725 Quod
305 1692 329 1720 si
340 1699 434 1720 verum
447 1696 501 1726 est,
524 1700 578 1721 non
602 1700 668 1728 ergo
684 1694 823 1722 voluntate
838 1695 928 1724 factus
940 1700 1000 1728 est,

211 1737 258 1766 sed
278 1737 336 1772 ipse
349 1742 392 1767 est
406 1737 533 1774 voluntas
551 1738 652 1767 Putris.

492 1791 496 1794 ’
550 1795 666 1824 ALIUD.

246 1850 274 1879 Si
295 1851 525 1886 quemadmodum
549 1858 698 1887 creaturas,
713 1853 750 1881 ita
774 1855 856 1882 etiam
867 1855 1003 1883 exsisten-

213 1899 276 1928 tiam
289 1897 348 1925 Filii
366 1900 505 1934 praecessit
519 1900 655 1934 voluntas,
670 1909 719 1928 cur
735 1909 794 1936 quae
813 1901 883 1930 idem
900 1902 1004 1930 habent

212 1945 395 1979 generationis
411 1945 573 1980 principium
585 1950 612 1973 et
634 1953 683 1981 per
696 1947 818 1975 eamdem
833 1948 1001 1976 voluntatem

212 1991 284 2017 facta
301 1995 373 2024 sunt,
388 1995 529 2026 tantopere
543 1993 614 2020 inter
626 2000 655 2021 se
672 1998 768 2021 natura
781 1993 919 2027 diil’erunt,
934 1994 1002 2022 adeo

213 2040 242 2063 ut
255 2036 299 2063 illc
318 2036 448 2065 Dominus
464 2038 499 2065 sit
515 2042 543 2066 et
572 2039 653 2072 Deus,
669 2039 710 2068 hu:
725 2039 837 2067 serviles
855 2040 910 2067 sint
923 2047 1002 2069 crea—

213 2082 293 2110 turas?
305 2082 477 2111 Manifestum
492 2088 584 2112 autem
601 2089 643 2112 est
656 2086 727 2120 quod
747 2085 833 2113 Filius
847 2086 939 2114 deitati
952 2087 1004 2114 Pa-

215 2128 264 2156 IIIS
279 2128 439 2157 naturaliter
454 2129 547 2158 unitus
575 2130 705 2158 Dominus
720 2132 757 2158 'et
783 2130 883 2159 dicitur
895 2136 976 2160 etest
995 2141 1002 2159 :

214 2179 338 2201 creatura
353 2182 419 2202 vero
437 2182 528 2209 serva,
548 2176 610 2211 quia
638 2182 714 2204 extra
727 2177 874 2205 essentiam
894 2182 1002 2206 creato-

1055 1599 1104 1634 μὲν
1120 1597 1190 1626 εἶναι
1208 1600 1331 1635 φάσκων,
1347 1601 1393 1627 καὶ
1409 1601 1503 1632 πάλιν.
1517 1601 1555 1633 ὡς
1566 1601 1647 1637 μόνον
1668 1603 1696 1629 ὲν
1715 1602 1795 1638 αὑτῴ
1806 1603 1855 1629 τὸν

1054 1646 1172 1680 Πατέρα,
1181 1646 1233 1673 ποῦ
1247 1648 1263 1682 ἡ
1277 1647 1403 1683 βούλησις
1412 1647 1546 1681 κείσεται,
1556 1648 1663 1681 οὐδενὸς
1673 1649 1750 1681 δντος
1764 1649 1854 1675 τόπου

1055 1691 1157 1727 μεταξύ
1169 1701 1176 1726 ;
1195 1693 1226 1719 Ei
1238 1692 1267 1720 δὲ
1279 1693 1369 1724 τοῦτο,
1379 1693 1429 1720 οὐκ
1441 1693 1496 1730 ἄρα
1515 1694 1640 1730 βουλήσει
1658 1695 1783 1731 γέγονεν,
1793 1695 1854 1722 ἀλλ’

1054 1738 1134 1770 αὑτός
1149 1739 1222 1766 ἐστιν
1237 1740 1253 1774 ἡ
1273 1739 1320 1766 τοῦ
1333 1740 1441 1776 Πατρὸς
1456 1740 1594 1777 βούλησις.

1402 1798 1504 1825 ΑΛΛΟ.

1089 1855 1121 1881 Et
1147 1854 1272 1889 καθάπερ
1295 1854 1352 1881 τῶν
1371 1847 1546 1890 ποιημάτων*
1560 1849 1682 1891 ἡγήσατο
1705 1856 1852 1891 βούλησις,

1054 1900 1125 1926 οὓτω
1139 1899 1185 1926 καὶ
1199 1900 1248 1934 τῆς
1264 1899 1408 1934 ὑπάρξεως
1422 1899 1469 1926 τοῦ
1484 1900 1614 1936 Χριστοῦ,
1637 1901 1699 1927 ὅτου
1711 1901 1745 1936 δὴ
1769 1902 1854 1936 χάριν

1054 1946 1088 1972 τὰ
1107 1945 1155 1981 τὴν
1171 1945 1255 1981 αὐτὴν
1285 1944 1380 1980 ἔχοντα.
1394 1945 1445 1980 τῆς
1460 1945 1595 1980 γενέσεως
1615 1946 1702 1981 ἀρχὴν
1727 1946 1777 1972 καὶ
1808 1946 1855 1973 διὰ

1054 1991 1104 2026 τῆς
1119 1991 1203 2026 αὐτῆς
1221 1991 1352 2025 γεγονότα.
1383 1991 1493 2026 βουλῆς,
1516 1991 1644 2018 τοσοῦτον
1662 1991 1786 2026 ἀλλήλων
1803 1991 1856 2027 τὴν

1055 2037 1135 2072 φύσιν
1150 2037 1300 2072 διέστηκεν,
1316 2037 1355 2069 ὡς
1367 2037 1412 2064 τὸν
1429 2038 1477 2072 μὲν
1494 2037 1596 2073 Κύριον
1616 2037 1702 2069 οὕτως
1718 2035 1790 2064 εἶναι
1806 2038 1855 2064 καὶ

1054 2084 1130 2116 Θεὸν,
1154 2083 1187 2110 τὰ
1203 2084 1231 2110 δὲ
1242 2083 1323 2111 δοῦλὰ
1335 2092 1364 2110 τε
1377 2083 1423 2111 καὶ
1436 2084 1594 2120 ποιήματα;
1616 2084 1685 2110 Ἀλλ’
1703 2084 1763 2110 ἔστι
1772 2084 1856 2120 δῆλον

1055 2131 1092 2162 ὡς
1107 2131 1120 2158 ὁ
1137 2130 1184 2165 μὲν
1198 2129 1262 2161 Υἱὸς
1288 2131 1321 2165 τῇ
1337 2131 1384 2156 τοῦ
1403 2129 1512 2166 ιῐατρὸς
1539 2130 1646 2166 θεότητι
1676 2129 1748 2156 κατὰ
1771 2130 1856 2164 φύσιν

1056 2176 1200 2212 ἐνούμενος
1218 2176 1320 2211 Κύριος
1349 2175 1459 2212 εἴρηται
1491 2176 1537 2203 καὶ
1563 2176 1676 2210 ἐστινὴ
1694 2175 1722 2201 δὲ
1750 2175 1854 2207 κτίσις,

216 2221 253 2247 ris
266 2224 319 2254 est,
336 2225 363 2248 et
383 2228 400 2248 ιι
416 2222 532 2250 naturali
557 2221 592 2249 ad
618 2222 726 2250 Patrem
752 2222 883 2251 relatiOne
904 2223 998 2252 aliena.

1073 2223 1146 2258 οὑλη,
1157 2222 1201 2249 διὰ
1218 2222 1247 2249 τὺ
1259 2222 1311 2256 ἔξω
1330 2222 1438 2248 κεῖσθαι
1450 2221 1500 2257 τῆς
1513 2222 1607 2253 οὐσίας
1635 2221 1682 2248 τοῦ
1701 2222 1857 2256 πεποιηκὸ-

215 2266 401 2296 Νεωςςηίιιηι
417 2268 500 2303 igitur
509 2272 551 2296 est
566 2273 596 2297 ut
616 2277 676 2304 qua:
701 2272 803 2296 tantam
821 2269 893 2297 inter
910 2277 939 2298 se
951 2271 1000 2298 ha-

216 2313 282 2340 bent
296 2314 491 2348 diﬂerentiam,
513 2324 565 2344 non
589 2324 672 2344 unum
697 2316 814 2344 habeant
827 2317 1002 2352 principium.

216 2359 270 2388 Sed
287 2360 329 2388 ha:
344 2361 466 2395 quidem,
485 2367 515 2390 ut
536 2366 680 2394 creaturae.
706 2369 739 2390 ex
766 2362 904 2391 voluntate
926 2363 1006 2392 facta:

215 2411 290 2434 sunt.
315 2405 400 2435 Filius
427 2413 528 2441 autem,
543 2408 643 2443 quippe
655 2409 701 2443 qui
717 2413 759 2436 est
780 2409 838 2444 ipsa
861 2409 1005 2443 voluntas,

215 2456 276 2479 erat
289 2452 324 2480 ab
336 2457 438 2480 mterno
449 2453 475 2480 in
493 2453 584 2482 Patre.

391 2509 509 2544 ALIUD,
522 2512 557 2538 ad
570 2512 609 2539 rei
620 2512 828 2547 explicationem.

253 2563 401 2599 Oportebat
423 2570 513 2594 autem
533 2567 616 2595 hosce
644 2568 745 2596 Christi
770 2569 863 2598 hostes
889 2570 934 2605 qui
956 2578 1010 2598 non

219 2613 347 2635 verentur
379 2609 549 2646 interrogare
568 2619 602 2640 an
619 2613 757 2642 voluntate
770 2614 867 2643 Filium
880 2617 1005 2650 genuerit

218 2653 307 2686 Pater,
320 2654 402 2682 etiam
429 2656 481 2684 hoc
502 2657 592 2686 dicere
609 2668 616 2686 :
646 2659 688 2686 An
711 2659 737 2687 in
752 2661 894 2695 prudentia
908 2661 1005 2689 Filiqu

217 2699 340 2732 genuerit
352 2698 440 2728 Pater.
460 2699 532 2731 Idem
549 2703 621 2730 enim
635 2703 761 2732 videntur
772 2712 834 2732 esse
844 2705 1004 2733 deliberatio

219 2747 245 2770 et
260 2744 410 2777 prudentia.
426 2745 565 2782 Siquidem
583 2748 706 2784 quisquis
739 2750 837 2784 aliquid
855 2750 1005 2783 deliberat,

265 2831 285 2845 ⁷⁵
296 2832 366 2862 I‘sal.
384 2844 468 2869 nun,
489 2838 534 2864 οι.

1057 2278 1112 2303 τος,
1136 2269 1183 2296 καὶ
1207 2269 1258 2304 τῆς
1283 2268 1351 2304 πρὸς
1378 2268 1424 2296 τὸν
1447 2268 1559 2304 Πατέρα
1586 2267 1705 2303 σχέσεως
1719 2268 1854 2302 φυσικῆς.

1064 2316 1182 2352 Ἀνάγκη
1196 2315 1286 2343 τοίνυν
1297 2315 1331 2343 τὰ
1347 2314 1482 2351 τοσαύτην
1494 2315 1590 2350 ἔχοντα.
1605 2314 1672 2350 πρὸς
1687 2314 1792 2349 ἄλληλα.
1803 2313 1856 2349 τὴν

1056 2362 1199 2398 διαφορὰν,
1224 2362 1262 2398 μὴ
1282 2362 1348 2398 μίαν
1365 2361 1436 2397 ἔχειν
1460 2362 1557 2397 ἀρχὴν.
1583 2360 1663 2387 Ἀλλὰ
1682 2361 1717 2387 ait
1735 2361 1798 2395 μὲν,
1817 2361 1857 2391 ὡς

1058 2408 1210 2443 ποιήματα,
1237 2408 1269 2434 ὲκ
1294 2407 1448 2443 βουλήσεως
1478 2406 1599 2440 γέγονεν.
1625 2406 1653 2432 ’0
1677 2406 1705 2432 δὲ
1722 2405 1801 2438 Υἱὸς,
1817 2405 1856 2437 ὡς

1059 2455 1138 2486 αὐτὸς
1149 2453 1214 2490 ὣνή
1231 2453 1367 2489 βούλησις,
1381 2451 1414 2488 ἦν
1431 2452 1523 2485 ἀῖδεως
1539 2453 1569 2479 ἐν
1590 2451 1688 2487 Πατρί.

1273 2510 1365 2537 AAAO
1375 2530 1382 2543 ,
1397 2508 1625 2545 διηγηματικῶς.

1090 2568 1164 2595 Ἔδει
1178 2566 1240 2598 τοὺς
1266 2565 1471 2602 χριστομάχους
1493 2564 1707 2600 ἁποτολμῶντας
1734 2564 1855 2600 ἐρωτᾷν,

1057 2616 1081 2642 εἰ
1103 2614 1228 2650 βουλήσει
1243 2613 1290 2640 τὸν
1304 2612 1369 2639 Υἱὸν
1388 2611 1534 2646 ἐγέννησεν
1548 2612 1562 2638 ὸ
1586 2610 1694 2646 Πατὴρ,
1709 2610 1758 2637 καὶ
1773 2610 1856 2637 τοῦξο

1057 2661 1157 2696 λέγειν-
1174 2660 1206 2686 Ei
1221 2660 1250 2686 ὲν
1265 2659 1396 2695 φρονήσει
1408 2657 1453 2684 τὸν
1472 2657 1536 2684 Υῑὺν
1548 2657 1692 2692 ἐγέννησεν
1707 2657 1721 2683 ὁ
1745 2657 1854 2691 Πατήρ.

1059 2706 1162 2734 Ταυτὺν
1173 2705 1227 2740 γὰρ
1243 2704 1376 2740 ὑπάρχειν
1396 2703 1520 2737 φαίνεται
1541 2702 1622 2739 βουλὴ
1640 2703 1686 2730 καὶ
1708 2702 1854 2737 φρόνησις.

1066 2752 1173 2787 Ἐπειδὴ
1195 2752 1247 2778 πᾶν
1276 2751 1343 2786 ὅπερ
1371 2751 1402 2778 ἄν
1429 2759 1469 2782 τις
1490 2749 1664 2785 βουλεύητπι,
1696 2748 1779 2776 τοῦτο
1807 2747 1855 2775 καὶ
