1920 3031
208 98 246 128 95
727 100 758 129 s.
777 99 918 129 CYRILLI
934 96 1169 127 ALEXANDBINI
1187 96 1348 126 securae.

1815 98 1860 127 96

207 158 357 191 exstitisse,
375 159 424 187 sed
441 158 525 190 veluti
546 166 579 188 ex
602 160 756 189 mutatione
765 160 883 196 quadam
897 166 930 187 eo
947 164 998 186 tra-

1057 167 1125 191 εινος
1142 158 1295 195 μεταϐολῆς
1312 158 1353 190 είς
1384 156 1464 184 τοῦτο
1494 156 1632 193 παρῆλθεν
1658 157 1857 194 ἀποκυήσασα

209 204 319 232 ductam
334 204 420 233 fuisse
434 210 464 233 ut
482 206 606 242 gigneret
619 205 726 235 Filium.
745 206 773 234 Si
791 213 855 233 vero
873 205 899 232 id
913 208 940 232 et
953 211 1000 232 co-

208 250 296 285 gitatu
311 255 338 278 et
354 250 428 279 dictu
447 251 559 287 impium
573 256 626 286 est,
642 260 676 280 ne
698 251 775 284 illud,
796 250 951 283 Voluntate,
964 257 999 277 an

209 304 273 330 non,
286 297 319 325 de
332 296 401 325 Filio
414 298 556 332 obiiciant.
571 298 648 326 Sicut
657 298 731 326 enim
748 296 828 324 Pater
839 296 1001 326 naturaliter

209 347 251 370 est
270 342 367 377 bonus,
382 343 420 372 ita
432 343 515 372 etiam
525 343 684 372 naturaliter
695 342 880 379 generativus.

404 410 518 445 ALIUD,
539 411 574 438 ad
592 410 803 445 explicationem.

244 463 274 492 Si
290 465 380 493 omnis
395 465 519 493 voluntas
533 473 593 499 qute
609 465 634 492 iu
652 473 787 501 quoquam
803 466 833 493 iit
862 474 915 494 non
939 467 1001 495 abs-

210 519 262 546 que
275 512 359 540 verbo
379 512 408 539 iit
429 511 571 548 (voluntas
587 511 658 539 enim
676 517 718 540 est
733 513 845 541 verbum
865 512 999 541 occultum

209 558 282 593 quod
299 558 326 586 in
345 558 426 586 corde
445 557 596 595 agitatur),
612 557 699 586 Filius
717 563 807 586 autem
824 563 866 586 est
884 557 999 588 Verbum

209 603 313 636 Patris,
330 604 400 631 idem
416 603 499 639 igitur
512 604 595 631 etiam
610 608 653 632 est
666 604 792 632 voluntas
808 604 902 639 ipsius.
917 605 998 639 Atqui

209 656 262 683 quo
276 654 354 683 pacto
367 648 492 677 voluntas
508 649 534 677 in
548 649 685 677 voluntate
700 650 806 677 ﬂtYaut
822 650 867 684 qui
881 649 999 678 Verbum

210 695 236 721 in
247 694 355 722 Verbo?
368 694 465 722 Omnia
482 695 565 730 igitur
578 696 636 723 haec
649 701 691 723 est
706 695 790 723 Filius
804 695 877 722 Patri
894 699 942 723 :et
955 702 1001 723 vo.

209 738 298 767 luutas
312 744 338 767 et
351 739 483 773 Verbum,
499 746 527 768 et
541 739 675 775 sapientia
693 748 701 768 :
717 740 840 776 nihilque
853 744 896 768 est
910 740 937 768 in
949 740 1002 768 Pa-

210 789 251 811 tre
264 789 329 813 antc
343 785 442 820 ipsum.

496 841 602 870 ALIUD
620 842 715 870 simile.

243 895 331 924 liabet
353 896 403 925 sibi
427 897 508 925 homo
528 898 690 926 naturaliter
707 897 815 926 insitam
839 897 999 932 procreandi

210 943 280 971 lilios
300 948 479 979 potestatem.
500 949 527 972 et
548 952 601 972 non
622 945 849 980 quemadmodum
870 946 951 973 homo
966 952 1000 972 ex

208 989 349 1018 voluntate
367 995 408 1018 est
427 990 513 1018 bonus
529 994 576 1018 aut
591 991 693 1024 malus,
710 991 746 1018 ita
761 991 843 1018 etiam
861 997 893 1018 ex
907 990 1001 1018 volun-

210 1040 263 1063 tate
276 1040 317 1063 εει
331 1041 417 1071 pater.
432 1034 485 1064 Sed
499 1036 552 1064 hoc
563 1044 595 1064 ex
611 1041 723 1070 natura,
736 1036 803 1064 illud
815 1044 848 1064 ex
862 1036 1000 1064 voluntate

209 1081 298 1108 habet.
315 1081 348 1108 Et
364 1081 437 1109 illius
452 1081 562 1116 quidem
577 1081 681 1110 domini
697 1088 807 1115 sumus;
824 1081 852 1108 in
869 1081 920 1108 hoc
937 1088 1001 1109 vero

208 1131 337 1162 perpetua
362 1131 444 1162 atque
469 1127 700 1155 incommutabilis
726 1131 831 1155 natura
854 1127 898 1155 lex
917 1127 998 1162 viget.

209 1173 285 1201 Sicut
305 1174 386 1209 igitur
403 1181 453 1201 nos
472 1180 524 1201 nou
542 1180 575 1201 ex
593 1172 743 1206 voluntate,
762 1173 808 1200 sed
826 1177 933 1204 natura,
952 1173 1000 1200 ha-

209 1220 303 1247 bemus
315 1224 344 1246 ut
357 1220 442 1248 simus
455 1224 545 1255 patres
558 1220 675 1247 ﬁliorum
688 1223 853 1251 nostrorum,
867 1219 903 1246 ita
916 1219 999 1246 ctiam

211 1266 279 1293 Deus
295 1273 326 1293 ac
340 1266 419 1294 Pater
433 1273 485 1293 non
499 1273 533 1294 ex
547 1265 684 1293 voluntate
699 1265 843 1299 Pater‘est,
857 1266 905 1294 sed
921 1269 1000 1293 natu-

209 1312 311 1339 raliter.
332 1312 364 1339 Et
385 1312 614 1347 quemadmodum
634 1312 680 1347 qui
700 1319 734 1339 ex
755 1312 833 1340 nobis
853 1312 1000 1346 gignuntur

208 1358 311 1386 similes
328 1366 439 1394 prorsus
457 1358 536 1387 nobis
554 1363 617 1386 sunt
634 1359 782 1386 secundum
802 1358 998 1391 substantiam,

209 1405 244 1432 ita
259 1405 339 1432 etiam
356 1405 442 1433 Filius
458 1413 511 1433 non
526 1405 699 1434 extrinsecus
716 1404 792 1432 Patri
807 1405 935 1438 accessit,
952 1404 999 1432 sed

208 1458 302 1478 revera
315 1459 348 1478 ex
363 1452 481 1479 essentia
495 1451 582 1487 ipsius
595 1452 745 1487 procedens
759 1459 807 1486 per
820 1451 910 1478 omnia
924 1451 1000 1478 simi-

208 1495 240 1524 lis
253 1501 295 1524 est
309 1496 441 1525 Genitori.
456 1497 488 1524 Et
498 1498 727 1532 quemadmodum
744 1497 824 1526 Pater
837 1505 891 1526 non
906 1506 939 1526 ex
953 1506 999 1526 vo-

209 1541 312 1570 luntate
324 1547 366 1570 est
382 1542 472 1575 Pater,
486 1542 522 1570 ita
536 1547 563 1571 et
577 1543 663 1571 Filius
677 1551 730 1571 non
746 1551 779 1571 ex
792 1543 938 1577 voluntate,
952 1544 999 1572 sed

207 1594 241 1614 ex
261 1592 356 1614 natura
375 1592 428 1621 est,
446 1587 573 1622 splendor
590 1592 616 1616 et
635 1588 777 1616 character
792 1588 927 1617 exsistens
943 1588 1001 1623 eius

208 1633 256 1668 qui
273 1632 359 1667 ipsum
377 1633 479 1668 genuit.

544 1688 657 1717 ALIUD.

437 1735 559 1771 Objectio
577 1743 610 1763 ea:
629 1735 770 1775 Eunomia.

243 1792 428 1828 Interrogandi
447 1797 527 1826 sunt,
544 1793 647 1828 inquit,
665 1793 684 1820 ii
702 1793 748 1828 qui
765 1799 794 1820 se
811 1796 883 1820 recte
899 1792 1000 1820 sentire

207 1839 375 1870 existimant.
390 1843 480 1866 utrum
496 1839 643 1874 aliquando
667 1839 806 1867 voluntate
819 1839 942 1873 genuerit
956 1838 1000 1865 Fi-

209 1885 272 1925 lium
286 1884 376 1917 Pater,
390 1891 423 1911 an
439 1885 507 1912 citra
522 1886 701 1913 voluntatem.
723 1884 752 1912 Si
765 1885 838 1913 enim
852 1884 958 1913 exstitit
971 1884 998 1911 in

207 1931 323 1958 essentia
339 1930 443 1963 Patris,
460 1931 530 1958 alius
545 1932 579 1959 ab
595 1931 652 1966 ipso
668 1931 766 1963 Filius,
784 1939 836 1958 nou
850 1930 999 1959 voluntarie

207 1977 309 2013 genuit.
321 1976 437 2005 Necesse
451 1977 523 2005 enim
539 1982 597 2005 erat
614 1985 708 2012 parere
722 1985 785 2005 eum
800 1978 844 2013 qui
861 1978 887 2005 in
904 1982 998 2005 natura

207 2027 275 2050 erat.
292 2022 320 2050 Si
337 2030 400 2051 vero
415 2031 466 2050 non
482 2027 541 2050 erat
557 2023 583 2050 in
597 2023 692 2056 Patre,
709 2023 756 2051 sed
773 2023 862 2051 lactus
876 2027 918 2050 est
933 2022 999 2049 deli-

208 2070 349 2097 beratioue
366 2069 455 2097 Patris
469 2070 589 2097 adhibita
599 2090 607 2102 ,
626 2076 738 2097 necesse
752 2073 793 2097 est
807 2069 918 2097 omnino
932 2069 999 2096 deli-

208 2115 374 2143 bcralionem
396 2116 577 2151 praecessisse.
599 2115 655 2144 Non
676 2120 734 2144 erat
756 2115 841 2151 igitur
857 2114 933 2143 Patri
949 2121 999 2143 co-

207 2167 336 2190 mternus.

460 2219 564 2248 Salutio
583 2218 744 2255 objectiouir.

241 2288 361 2316 Primum
377 2287 486 2324 quidem
502 2286 635 2322 stupenda
652 2293 695 2314 res
710 2290 752 2315 est
767 2293 820 2320 quo
835 2288 914 2320 pacto
930 2284 996 2314 adeo

206 2334 349 2363 tenterarie
369 2339 396 2362 et
417 2338 572 2369 portentosa
590 2333 663 2360 velut
682 2332 817 2366 imperitia
838 2331 866 2359 in
887 2337 996 2360 omnem

206 2381 398 2416 blasphemiam
410 2384 500 2408 ruant.
510 2379 602 2414 Neque
614 2378 669 2414 58
680 2379 751 2406 enim
764 2379 844 2413 pudet
855 2385 902 2406 eos
913 2378 995 2405 etiam

206 2426 292 2461 ipsum
308 2426 392 2454 Deum
408 2425 564 2454 necessitati
581 2424 732 2459 subjicere,
748 2424 868 2452 dicentes
885 2423 996 2459 perinde

205 2477 285 2508 atque
300 2473 325 2499 in
342 2472 468 2500 humanis
481 2470 642 2507 corporibus
657 2469 758 2505 aliquid
774 2469 862 2497 Patris
876 2469 994 2497 essentia

204 2519 406 2554 comprehendi,
428 2525 459 2545 ac
480 2517 557 2552 quasi
575 2523 623 2544 vas
645 2517 671 2543 in
691 2524 766 2549 vase,
785 2516 822 2544 ita
848 2515 945 2543 Filium
968 2516 994 2543 in

205 2564 285 2592 Patre
307 2565 402 2593 teneri.
424 2562 480 2591 Nos
500 2570 575 2596 vero.
592 2562 638 2598 qui
661 2567 734 2590 recte
757 2570 788 2590 ac
809 2562 880 2597 juste
894 2562 996 2594 sentire

206 2611 359 2642 studemus.
374 2609 519 2637 essentiam
540 2609 586 2636 Dei
606 2608 678 2636 omni
698 2608 857 2636 necessitate
873 2608 995 2644 superio-

206 2664 262 2683 rem
280 2663 341 2683 esse
359 2655 488 2690 dicimus;
504 2661 532 2684 et
546 2656 644 2685 Filium
660 2664 721 2685 esse
737 2658 764 2684 in
779 2656 876 2689 Patre.
892 2664 946 2684 non
966 2660 995 2684 ut

206 2709 304 2735 corpus
319 2701 345 2728 in
361 2709 485 2736 corpore,
499 2703 545 2736 sed
562 2707 591 2731 ut
606 2702 813 2738 inseparabilem
830 2703 865 2730 ab
880 2702 937 2736 ejus
952 2710 994 2730 cs-

205 2746 291 2772 scutia
310 2751 337 2774 et
356 2747 389 2774 ab
409 2747 466 2783 ipso
484 2750 676 2784 procedentem
694 2748 863 2776 naturaliter.
883 2747 912 2776 Si
931 2756 994 2776 vero

207 2791 364 2821 existimant
386 2803 414 2822 se
436 2801 542 2824 acutum
563 2796 663 2831 aliquid
687 2803 852 2831 proponere,
876 2794 994 2822 diccntcs

209 2838 345 2870 voluntate
358 2847 403 2870 aut
416 2843 483 2872 citra
496 2844 662 2873 voluntatem
676 2851 737 2872 eum
751 2842 852 2870 iactum
866 2848 935 2870 esse.
951 2842 992 2869 vi-

1051 205 1097 233 τὺν
1112 204 1187 231 Υἱὸν.
1206 203 1238 231 El
1251 204 1280 231 δὲ
1303 202 1383 231 τοῦτο
1393 202 1493 235 ἀσεϐὲς
1506 205 1620 239 φρονετνι
1629 211 1659 230 τε
1677 203 1724 230 καὶ
1740 203 1854 238 λέγειν,

1053 251 1091 287 μὴ
1101 250 1317 287 προτεινέτωσάν
1332 259 1404 282 τινες
1416 250 1458 285 ἐφ’
1476 249 1543 277 Υἱοῦ
1553 250 1593 282 τὺ.
1613 250 1745 286 Βουλήσει
1759 250 1782 286 ἢ
1794 251 1851 285 μή.

1053 297 1160 332 Ὥσπερ
1172 297 1226 332 γὰρ
1243 296 1345 331 ἀγαθὸς
1359 295 1432 323 κατά
1447 295 1528 331 φύσιν
1540 296 1614 323 ἐστὶν
1626 296 1639 323 ο
1655 296 1760 332 Πατὴρ,
1772 295 1856 322 οὕτω

1052 343 1099 370 καὶ
1113 343 1272 378 γεννητικὸς
1285 343 1356 370 κατὰ
1369 344 1461 378 φύσιν.

1263 410 1355 438 ΑΛΛΟ
1366 430 1373 444 ,
1397 410 1625 446 διηγηματικῶς.

1089 468 1120 495 El
1140 467 1216 494 πᾶσα
1240 466 1368 504 βούλησις
1382 468 1399 504 ἡ
1416 467 1444 495 ἔν
1457 476 1512 495 τισι
1529 467 1660 503 γινομένη
1674 468 1705 494 οὐ
1724 468 1788 504 δίχα
1803 467 1852 494 N5-

1053 523 1101 550 γου
1112 513 1234 550 γίνεται(
1242 513 1320 548 λόγος
1333 514 1388 550 γάρ
1403 514 1477 540 ἐστιν
1487 513 1599 548 ἀφανῶς
1614 514 1643 540 ἐν
1656 514 1752 550 καρδίᾳ
1769 523 1853 550 στρε-

1053 560 1198 596 φόμενοςὴ
1217 559 1380 596 βούλησις),
1411 559 1468 587 ἐστι
1498 560 1526 586 δὲ
1548 561 1562 587 ὁ
1575 559 1638 592 Υίὺς
1654 560 1668 587 ὁ
1694 561 1780 595 Λόγος
1797 560 1851 587 τοῦ

1054 606 1171 641 Πατρὸς,
1199 605 1281 637 αὗτδς
1305 604 1360 641 ἄρα
1371 605 1445 632 ἔστῖν
1473 605 1495 640 ἡ,
1511 604 1637 641 βούλησις
1663 605 1756 633 αὐτοῦ.
1777 603 1852 634 Εἶτα

1054 651 1113 684 πῶς
1131 652 1148 688 ή
1167 651 1295 688 βούλησις
1316 652 1345 679 ὲν
1362 651 1489 687 βουλήσει
1509 651 1632 686 γίνεταις
1651 651 1667 688 ἢ
1689 651 1746 684 πῶς
1763 653 1778 679 ὁ
1793 652 1851 679 Λό-

1053 706 1102 732 γος
1111 698 1141 725 ὲν
1153 698 1250 734 Λόγῳ;
1268 697 1362 725 Πάντα
1384 697 1474 724 τοίνυν
1488 697 1563 724 ἐστὶν
1579 698 1593 724 ὁ
1610 697 1675 728 Υἱὸς
1688 697 1726 733 τῷ
1738 698 1830 733 Πατρὶ
1841 718 1849 729 ,

1053 744 1102 771 καὶ
1127 743 1210 780 βουλὴ
1224 744 1271 771 καὶ
1287 744 1384 779 Λόγος,
1401 743 1448 771 καὶ
1460 743 1551 778 σοφία·
1569 743 1616 771 καὶ
1627 743 1703 771 οὐδέν
1718 743 1794 770 ἐστιν
1819 744 1853 770 ἐν

1054 790 1142 826 llatpt
1154 789 1208 826 πρὸ
1227 790 1322 818 αὐτοῦ.

1336 846 1428 874 ΔΛΛΟ
1445 846 1558 882 ὅμοιον.

1090 905 1169 941 Ἔχει
1184 905 1254 932 κατὰ
1270 904 1352 939 φύσιν
1367 905 1380 931 ὸ
1393 903 1544 940 ’ἄνθρωπος
1557 903 1587 930 τδ
1599 903 1729 931 δῦνασοαι
1740 904 1850 931 τέκνων

1052 950 1132 977 αὐτὸν
1143 949 1270 985 γενέσθαι
1285 949 1401 985 πατέρα·
1414 949 1460 976 καὶ
1474 949 1523 984 οὐχ
1536 949 1629 984 ὥσπερ
1643 949 1675 975 ὲκ
1691 949 1849 984 βουλήσεως

1051 996 1152 1031 ἁγαθός
1165 997 1241 1024 ἐστιν
1257 996 1273 1032 ἥ
1294 995 1422 1032 πονηρὸς,
1434 994 1507 1022 οὕτω
1524 995 1572 1022 καὶ
1585 995 1687 1032 πατήρ.
1715 995 1798 1022 Ἀλλά
1816 995 1849 1022 τὸ

1052 1042 1102 1078 μὲν
1121 1041 1212 1077 φύσει,
1227 1041 1295 1069 τὸδὲ
1312 1040 1438 1076 βουλήσει
1460 1039 1529 1068 ἔστι.
1557 1040 1611 1067 Καὶ
1637 1039 1684 1067 τοῦ
1700 1040 1749 1076 μὲν
1761 1040 1849 1075 ἐσμὲν

1051 1089 1152 1124 κύριοι*
1169 1087 1217 1114 τοῦ
1232 1087 1259 1114 δὲ
1283 1087 1300 1123 ἡ
1327 1086 1407 1122 φύσις
1424 1084 1603 1122 ἀπαράϐατον
1619 1085 1674 1121 ἔχει
1690 1085 1736 1113 τὸν
1749 1086 1846 1121 νόμον.

1051 1135 1157 1170 Ὥσπερ
1171 1131 1217 1161 οὖν
1229 1133 1279 1160 οὐκ
1296 1133 1329 1160 ἑκ
1343 1132 1496 1168 βουλήσεως
1513 1131 1612 1167 ἔχομεν
1626 1132 1707 1167 ἡμεῖς
1727 1132 1759 1159 τὸ
1772 1130 1848 1159 εἶναι

1049 1179 1168 1215 πατέρες
1189 1179 1246 1206 τῶν
1273 1178 1303 1212 ἐξ
1330 1177 1420 1213 ήμῶν,
1443 1177 1511 1204 ἀλλά
1536 1177 1668 1212 φυσικῶς,
1682 1177 1754 1205 οὕτω
1768 1179 1816 1205 καὶ
1833 1180 1850 1206 ὸ

1050 1225 1116 1257 Θεὸς
1140 1225 1187 1251 καὶ
1211 1223 1307 1260 Πατὴρ
1332 1223 1382 1250 οὐκ
1414 1223 1446 1249 ἐκ
1469 1222 1625 1258 βουλήσεως
1644 1224 1739 1259 Πατήρ
1756 1225 1846 1258 ἐστιν,

1050 1270 1118 1298 ἀλλὰ
1133 1270 1266 1305 φυσικῶς,
1298 1269 1354 1296 Καὶ
1379 1269 1476 1304 ὥσπερ
1491 1269 1517 1296 οἱ
1541 1269 1571 1302 ἐξ
1595 1268 1673 1304 ήμῶν
1687 1269 1848 1305 τικτόμενοι

1050 1318 1136 1353 ὅμοιοι
1148 1317 1256 1349 πάντως
1265 1317 1331 1352 ἡμῖν
1345 1317 1406 1343 κατ’
1416 1316 1512 1343 οὐσίαν
1520 1315 1599 1348 εἰσὶν,
1613 1315 1685 1343 οὕτω
1701 1317 1748 1343 καὶ
1758 1317 1773 1344 ὁ
1782 1317 1849 1349 Yth;

1050 1363 1099 1389 οὐκ
1114 1362 1213 1395 ἔξωθεν
1228 1362 1267 1398 τῷ
1279 1362 1366 1398 Πατρὶ
1385 1361 1614 1398 προσγενόμενος,
1634 1362 1694 1389 ἀλλ’
1710 1362 1798 1396 ὅντως
1814 1364 1849 1391 ὲκ

1050 1408 1099 1444 τῆς
1111 1408 1205 1440 οὐσίας
1221 1407 1305 1436 αὑτοῦ
1318 1407 1458 1444 προελθὼν
1486 1408 1581 1443 ὅμοιός
1595 1409 1652 1436 ἑστι
1669 1408 1741 1436 κατὰ.
1755 1409 1849 1436 πάντα

1049 1454 1089 1490 τῷ
1107 1454 1292 1489 γεγεννηκότι.
1310 1454 1365 1480 Καὶ
1381 1454 1477 1490 ὥσπερ
1494 1454 1545 1481 οὐκ
1561 1454 1593 1480 ὲκ
1616 1453 1772 1490 βουλήσεώς
1787 1455 1848 1482 ἐστι

1050 1500 1157 1536 Πατὴρ,
1176 1500 1248 1528 οὕτω
1271 1500 1318 1528 καὶ
1335 1501 1349 1527 6
1373 1500 1437 1532 Υἱὸς
1452 1500 1502 1527 οὐκ
1526 1501 1558 1527 ὲκ
1580 1499 1735 1536 βουλήσεώς
1754 1502 1847 1535 ἐστιν,

1051 1546 1120 1574 ἀλλὰ
1136 1545 1207 1573 κατά
1217 1546 1308 1581 φύσιν,
1320 1546 1492 1582 ἀπαύγασμα
1501 1545 1549 1574 καὶ
1560 1547 1702 1582 χαρακτὴρ
1713 1547 1848 1584 ὑπάρχων

1050 1593 1097 1620 τοῦ
1112 1593 1290 1628 γεννήσαντος
1307 1592 1400 1620 αὐτόν.

1399 1693 1500 1721 ᾹΛΛΟ.

1181 1749 1341 1783 Ἀντίθεσις
1370 1749 1409 1783 ὡς
1425 1750 1460 1777 ἐκ
1478 1749 1536 1776 τῶν
1554 1751 1716 1785 Εὐνομίου.

1093 1795 1268 1831 Ἐρωτητέον,
1287 1796 1365 1831 φησὶ,
1383 1796 1447 1828 τούς
1463 1795 1531 1832 ὀρθά
1556 1798 1665 1832 φρονεῖν
1679 1797 1826 1833 οἰομένους
1838 1819 1847 1832 ,

1051 1841 1165 1877 πότερόν
1176 1849 1244 1868 ποτε
1262 1841 1390 1878 βουλήσει
1405 1842 1555 1877 γεγέννηκε
1568 1842 1614 1870 τὸν
1630 1843 1695 1870 Υίὸν
1706 1845 1721 1871 ὁ
1736 1844 1846 1880 Πατὴρ,

1049 1888 1066 1923 ἢ
1083 1887 1250 1923 ἀϐουλήτως.
1283 1888 1314 1915 Et
1328 1888 1378 1923 μὲν
1395 1888 1450 1924 γὰρ
1461 1888 1599 1924 ἑνυπῆρχε
1619 1890 1652 1925 τῇ
1674 1889 1721 1916 τοῦ
1737 1890 1847 1926 Πατρὺς

1049 1933 1138 1970 οὐσίᾳ,
1157 1933 1251 1969 ἔτερος
1267 1933 1305 1961 ὢν
1320 1935 1386 1971 παρ’
1403 1934 1485 1962 αὐτὸν
1505 1934 1520 1961 ὁ
1536 1935 1611 1967 Υίὸς,
1635 1936 1665 1962 οὐ
1679 1937 1846 1972 προαιρέσει

1049 1979 1165 2007 τέτοκεν.
1189 1977 1244 2007 Ἦν
1266 1979 1320 2015 γὰρ
1345 1979 1452 2015 ἀνάγκη
1479 1980 1570 2006 τεκεῖν
1596 1980 1642 2007 τὸν
1659 1981 1688 2007 ἐν
1710 1982 1743 2016 τῇ
1764 1982 1848 2016 φύσει

1050 2025 1184 2061 κείμενον.
1199 2026 1231 2052 El
1241 2025 1269 2052 δὲ
1284 2026 1333 2052 οὐκ
1345 2023 1380 2062 ἦν
1400 2025 1429 2052 ἐν
1445 2026 1542 2062 [Ia-cpt,
1558 2026 1690 2062 ἐγεννήθη
1707 2027 1735 2053 δὲ
1747 2027 1846 2062 βουλη-

1050 2070 1142 2103 Θέντος
1157 2071 1204 2098 τοῦ
1222 2071 1339 2108 [ἰατρὸς.
1360 2071 1467 2107 ἀνάγκη
1485 2072 1674 2108 προϋπάρχειν
1690 2073 1774 2099 αὑτοῦ
1795 2074 1846 2108 τὴν

1049 2115 1187 2153 βούλησιν.
1199 2117 1255 2143 Οὐκ
1270 2115 1304 2152 ἦν
1318 2114 1365 2143 οὗν
1387 2116 1443 2151 ἄρα
1460 2116 1498 2152 τῷ
1521 2118 1682 2153 γεννήσαντι
1697 2118 1845 2150 ωναῖδιος.

1295 2217 1372 2252 Πρὸς
1383 2217 1476 2244 ταῦτα
1489 2217 1590 2250 λύσις.

1083 2285 1196 2322 Πρῶτον
1217 2285 1266 2321 μὲν
1279 2285 1485 2321 ἀποθαυμάζειν
1507 2285 1581 2318 ἄξιον
1597 2286 1659 2318 τοὺς
1674 2286 1844 2320 ἀφυλάκτοις

1047 2333 1087 2365 είς
1102 2333 1192 2359 πᾶσαν
1205 2331 1352 2368 τρέχοντας
1369 2331 1537 2366 δυσφημίαν,
1556 2331 1656 2367 πολλήν
1672 2339 1702 2358 τε
1716 2331 1844 2367 ἀμαθίαν

1047 2379 1139 2410 αὐτοῖς
1165 2378 1301 2413 ἐγκαλεῖν.
1337 2378 1375 2405 Οὐ
1403 2377 1457 2414 γὰρ
1487 2377 1662 2413 αἰσχύνονται
1690 2378 1739 2404 καὶ
1758 2378 1844 2405 αὑτὸν

1046 2424 1181 2459 ἀνάγκαις
1195 2423 1367 2456 ὑποτιθέντες
1381 2423 1426 2449 τὸν
1437 2422 1514 2456 Θεὸν,
1527 2423 1575 2449 καὶ
1589 2422 1716 2458 καθάπερ
1727 2423 1776 2450 ἐπὶ
1789 2432 1844 2450 σω-

1049 2470 1142 2506 μάτων
1167 2470 1345 2506 ἀνθρωπίνων
1373 2468 1587 2505 ὲμπεριέχεσοαί
1612 2478 1638 2496 τι
1664 2469 1793 2503 λέγοντες
1811 2471 1843 2505 τῇ

1046 2516 1094 2544 τοῦ
1111 2517 1216 2552 Πατρὸς
1231 2515 1321 2552 οὐσίᾳ,
1335 2515 1351 2551 ἢ
1368 2515 1463 2551 ὥσπερ
1475 2523 1501 2542 τι
1515 2514 1610 2547 σκεῦος
1624 2516 1653 2542 ἐν
1673 2515 1768 2541 σκεύει
1784 2516 1843 2542 κεί-

1047 2564 1108 2590 σθαι
1122 2564 1167 2591 τὸν
1192 2563 1256 2590 Υίὸν
1280 2563 1310 2589 ἐν
1336 2563 1434 2598 Πατρί.
1464 2562 1561 2598 Ἡμεῖς
1585 2561 1613 2588 δὲ
1640 2559 1682 2593 οἷς
1703 2560 1774 2597 ὀρθά
1793 2561 1842 2588 καὶ

1046 2608 1138 2635 δίκαια
1149 2609 1258 2644 φρονεῖν
1272 2607 1465 2639 ὲσπούδασται,
1474 2607 1531 2634 ἀνω
1544 2607 1593 2642 μὲν
1605 2606 1696 2642 πάσης
1712 2606 1842 2641 ἀνάγκης

1046 2652 1117 2681 εἷναί
1131 2663 1220 2689 φαμεν
1235 2654 1284 2689 τὴν
1304 2653 1397 2680 οὐσίαν
1408 2653 1455 2680 τοῦ
1470 2652 1551 2679 Θεοῦ’
1566 2650 1636 2679 εἶναι
1649 2652 1678 2678 δὲ
1695 2652 1779 2678 πάλιν
1795 2652 1841 2679 τὸν

1047 2701 1111 2727 Υίὸν
1124 2701 1152 2727 ἐν
1168 2700 1273 2735 Πατρὶ,
1291 2699 1341 2734 οὐχ
1353 2699 1392 2731 ὡς
1406 2699 1485 2734 σῶμα
1504 2699 1556 2725 ὑπὸ
1572 2697 1697 2734 σώματος
1712 2698 1840 2734 ἰτεριεχό⁹

1049 2755 1140 2782 μενον,
1156 2746 1212 2773 ἀλλ’
1225 2746 1263 2777 ὡς
1280 2745 1432 2781 ἀχώριστον
1446 2745 1496 2780 τῆς
1524 2744 1617 2776 οὐσίας
1642 2743 1726 2770 αὐτοῦ
1743 2744 1792 2770 καὶ
1810 2743 1839 2771 ἐξ

1048 2793 1132 2828 αὐτῆς
1149 2791 1314 2828 προελθόντα
1333 2791 1403 2818 κατὰ
1421 2791 1466 2818 τὸν
1489 2791 1538 2825 τῆς
1556 2789 1664 2824 φύσεως
1685 2789 1781 2824 νόμον.
1808 2789 1837 2815 El

1047 2840 1074 2866 δὲ
1088 2839 1188 2866 οἴονται
1206 2838 1285 2872 σοφόν
1303 2847 1327 2864 τι
1347 2837 1506 2872 προτείνειν,
1523 2836 1648 2872 βουλήσει
1667 2835 1794 2870 λέγοντες
1817 2833 1833 2867 ἦ
