1920 3031
57 156 82 186 ξπ
779 154 1005 186 τιιΕεΑυιιυε.
1671 157 1706 186 98

53 213 196 249 ἀϐουλήτως
211 214 302 241 αὑτὸν
320 217 512 252 γεγενῆσθαι,
524 218 569 244 καὶ
587 217 652 252 παρ’
668 215 749 252 ἡμῶν
762 215 845 243 ἀκουέ

910 215 1004 242 eissim
1016 214 1066 242 hoc
1081 220 1095 241 a
1112 213 1189 241 nobis
1204 213 1315 241 audiant
1330 221 1337 241 :
1354 213 1425 248 Ergo
1445 214 1514 249 ignis
1532 214 1612 242 etiam
1630 215 1702 242 calo-

53 268 139 288 τωπν·
151 259 294 295 Βουλήσει
309 259 373 297 ἆρα
388 263 424 289 τὸ
449 262 507 299 πῦρ
517 263 566 298 τὴν
575 262 604 295 ἐξ
612 262 695 290 αὐτοῦ
708 261 863 297 θερμότητα

51 306 123 341 γεννᾷ
134 305 152 342 ἢ
171 305 345 342 ἀϐουλήτως
361 316 370 341 ;
408 309 482 335 Ἀλλ’
498 309 573 336 οὐδὲν
587 309 678 341 ἕξουσι
702 308 770 344 πρὸς
784 306 863 334 τοῦτο

51 353 140 380 εἰπεῖν.
154 351 197 378 Τὰ
213 352 273 387 γὰρ
284 353 321 380 ὲκ
336 354 456 388 φύσεως
471 355 614 392 προϊόντα,
638 354 701 381 οὔτε
719 354 861 390 βούλησιν,

52 399 106 426 οὒτε
121 398 296 434 ἀϐουλησίαν
311 400 489 436 ἐπιδέχεται.
514 401 575 428 Ἐπὶ
591 401 620 427 δὲ
630 401 687 428 τῶν
705 400 803 433 ἔξωθεν
815 400 863 427 καὶ

54 442 87 472 ὢν
100 446 181 480 ἐσμεν
192 445 222 471 ὲν
237 445 372 482 ἐξουσίᾳ,
387 446 516 483 βούλησις
527 447 575 474 καὶ
589 446 739 482 ἀῦουλησία
753 447 861 483 κρατεῖ.

57 490 154 524 Ὠσπερ
168 487 217 516 οὖν
249 490 302 517 καὶ
323 491 406 527 ἡμᾶς
438 491 612 528 ἐργαζόμεθα
628 501 654 518 τι
669 491 861 527 βουληθέντες,

59 538 179 571 τξιτομεν
208 535 240 563 δὲ
267 536 302 570 ἔξ
325 537 455 570 ἑαυτῶν,
477 538 572 565 οὐδένα
593 538 678 565 τόπον
698 537 813 574 ἐχούσης
832 539 861 566 ἐν

59 582 140 617 τούτῳ
156 582 320 618 βουλήσεως
333 584 353 620 ἦ
368 584 549 620 ἀϐουλησιας,
570 584 642 611 οὕτω
662 584 710 611 καὶ
730 583 798 616 Θεὸς
813 585 860 619 ὲρ-

61 629 168 662 γάζεται
184 628 235 663 μὲν
254 628 391 665 βουλήσει
406 629 441 657 τὰ
452 631 540 663 ἐκτὸς,
556 630 686 665 ἐγέννησε
698 630 726 657 δὲ
738 629 861 666 ἀχρόνως

61 674 102 700 τὸν
113 673 177 700 Υἱὺν
191 673 222 706 ἐξ
233 675 350 707 ἑαυτοῦ,
372 675 471 703 οὐδένα
497 676 577 703 τόπον
590 677 706 712 ἐχούσης
719 676 750 703 ὲν
772 675 861 711 τούτῳ

62 719 209 755 βουλήσεως
221 720 272 746 καὶ
285 720 465 756 ἀϐουλησίας,
476 722 500 748 ei
513 723 559 749 καὶ
569 722 620 748 οὐκ
631 721 761 757 ἀθέλητός
773 722 859 749 ἐστιν.

66 765 93 791 ’0
107 766 162 801 γὰρ
176 765 277 802 Πατὴρ
295 767 393 803 ἀγαπᾷ
412 767 459 794 τὸν
474 767 549 799 Υῐδν,
559 767 598 800 ὡς
611 768 776 804 γέγραπται,

411 856 516 883 ΑΛΛΟ.

183 911 233 945 Ὠς
244 911 281 945 ἐξ
298 912 481 946 ἀντιθέσεως
500 912 559 940 τῶν
575 913 735 948 Εὐνομίου.

91 969 123 995 Εἰ
144 968 182 1004 μὴ
197 968 337 1005 βουλήσει.
352 971 448 1006 φησὶν,
479 971 607 1007 ἐγέννησε
620 971 666 998 τὸν
687 971 753 998 Yle
767 970 781 997 ὁ
801 971 856 999 Πα-

59 1014 118 1050 τὴρ,
135 1015 193 1049 ἔχει
210 1015 241 1042 δὲ
261 1016 344 1042 αὐτὸν
354 1017 386 1043 ἐκ
397 1016 519 1051 φύσεως,
532 1017 653 1052 δηλονότι
667 1017 714 1044 καὶ
728 1017 778 1053 τὴν
792 1017 856 1052 περὶ

60 1061 138 1088 αὑτὸν
153 1061 258 1095 γνῶσιν
275 1062 326 1089 οὐκ
341 1062 412 1098 ἔχων
429 1063 520 1095 αὐτὸς,
538 1063 595 1099 ἔχει
608 1064 689 1091 πάλιν
705 1063 790 1099 αὐτὴν
801 1063 856 1090 ἀπὸ

62 1107 106 1142 τῆς
119 1107 242 1142 φύσεως.
267 1107 391 1144 Ἐμαθεν
406 1107 455 1137 οὖν
469 1110 510 1136 ὅτι
522 1111 569 1137 καὶ
580 1109 644 1142 Υἱὸς
658 1110 741 1137 αὑτοῦ
762 1109 854 1143 ἔσται,

60 1154 102 1179 καὶ
123 1153 378 1190 συνδημιουργήσει
396 1155 432 1182 τὰ
454 1156 552 1183 πάντα·
580 1156 628 1183 καὶ
647 1155 855 1192 ἐπισυμὸέὸηκε

58 1199 92 1234 τῷ
105 1199 196 1235 Πατρὶ
207 1200 225 1234 ἠ
235 1208 271 1226 πε
277 1199 303 1235 pl
320 1200 384 1227 Υἱοῦ
394 1201 495 1236 γνῶσις
509 1202 541 1228 ὲκ
552 1203 601 1237 τῆς
612 1202 716 1234 οἰκείας
732 1201 855 1229 διδασκο-

57 1245 125 1281 μένη
145 1245 270 1279 φύσεως.
292 1245 324 1273 El
354 1247 384 1274 δὲ
409 1248 489 1275 τοῦτο
507 1248 617 1282 ἄτοπον,
639 1248 765 1285 βουλήσει
785 1248 854 1284 ἄρα,

55 1291 134 1323 εἰδὼς
156 1293 200 1319 ὅτι
228 1291 319 1326 ἔσται,
340 1294 492 1330 προέϐαλεν
522 1295 616 1328 αὑτὸν,
638 1295 686 1322 καὶ
709 1296 855 1332 προτρέχει

54 1338 163 1371 πάντως
176 1339 230 1374 τῆς
243 1341 402 1375 γεννήσεως
419 1342 435 1377 ή
458 1342 595 1377 βούλησις.

310 1398 391 1432 Πρὸς
405 1398 494 1425 τοῦτο
506 1399 606 1432 λύσις.
846 1411 851 1415 ”

90 1442 138 1474 Ὡς
149 1444 233 1479 ἡμῶν
251 1445 468 1481 ὁμολογούντων,
493 1444 533 1471 ὅτι
549 1445 658 1481 πρῶτον
676 1445 800 1482 ἐδιδάχθη
812 1446 854 1478 τις

51 1490 127 1517 ἑπαι
143 1491 158 1517 ὁ
169 1491 248 1524 Υἱὸς,
260 1489 311 1518 εἷθ’
323 1491 411 1524 οὕτως
424 1491 589 1527 γεγέννηκεν
610 1492 692 1519 αὑτὸν
706 1493 720 1519 ό
739 1493 834 1528 Πατὴρ
844 1513 852 1526 ,

51 1535 261 1563 κατασκευάσει
278 1536 328 1571 τὴν
345 1537 477 1572 πρότασιν
487 1535 501 1562 ὁ
517 1536 581 1572 περὶ
594 1536 680 1563 ταῦτα
690 1536 786 1569 δεινὸς,
803 1537 853 1563 οὐκ

916 267 971 287 rem
990 266 1023 285 ex
1044 266 1073 286 se
1090 259 1240 286 voluntarie
1260 258 1346 294 gignit
1364 263 1410 286 aut
1429 259 1629 287 involuntnrie?
1650 260 1703 288 Sed

914 305 980 332 nihil
995 305 1133 333 habebunt
1146 305 1216 340 quod
1231 305 1264 332 ad
1278 305 1329 332 hoc
1340 305 1440 332 dicant.
1453 305 1520 332 Nam
1534 310 1594 340 quae
1607 313 1639 334 ex
1655 314 1703 333 na-

916 355 975 377 tura
990 350 1133 385 prodeunt,
1149 356 1235 385 neque
1247 350 1326 384 velle,
1339 350 1381 377 vel
1396 357 1448 377 non
1462 350 1530 378 velle
1544 351 1702 379 admittunt.

914 395 941 423 In
960 397 1041 424 rebus
1056 404 1120 425 vero
1139 404 1198 432 quae
1217 401 1295 424 extra
1312 404 1361 424 nos
1376 401 1402 424 et
1417 397 1443 424 in
1461 402 1554 425 nostra
1568 403 1703 433 potestate

913 445 986 473 sunt,
1001 445 1047 468 aut
1057 441 1190 474 volumus,
1204 446 1251 469 aut
1261 441 1395 470 nolumus.
1408 441 1640 475 Quemadmodum
1654 442 1704 478 igi-

914 492 958 514 tur
971 487 1053 515 etiam
1069 495 1118 515 nos
1133 495 1278 523 operamur
1291 488 1392 523 aliquid
1407 489 1544 516 voluntate
1559 489 1616 516 sive
1631 488 1702 517 deli-

912 533 1052 561 bcratione
1072 533 1206 566 adhibita,
1226 533 1361 568 gignimus
1380 541 1444 561 vero
1465 541 1499 561 ex
1520 533 1597 562 nobis
1619 534 1702 569 ipsis,

912 586 1000 613 neque
1022 579 1104 606 ullum
1126 579 1153 606 in
1177 579 1330 614 generando
1352 579 1440 607 locum
1462 580 1544 608 habet
1564 580 1634 608 velle
1655 584 1702 608 aut

912 625 994 659 nolle,
1014 625 1050 652 ita
1071 625 1152 653 etiam
1172 625 1244 653 Deus
1262 630 1392 661 operatur
1423 626 1530 661 quidem
1549 626 1702 654 voluntario

912 679 972 706 quae
984 676 1060 698 extra
1076 672 1163 706 ipsum
1178 675 1252 704 sunt,
1276 671 1374 700 Filium
1389 678 1478 700 autem
1493 673 1587 708 genuit
1600 674 1702 708 absque

912 721 1033 752 tempore
1049 724 1082 745 ex
1100 724 1139 751 se,
1158 724 1246 752 neque
1264 718 1347 745 ullum
1366 726 1396 745 ea
1417 719 1443 746 in
1465 726 1493 746 re
1513 719 1599 756 locum
1619 720 1701 748 habet

911 765 980 792 velle
992 769 1039 792 aut
1050 764 1136 798 nolle,
1150 765 1258 792 tametsi
1271 772 1324 792 non
1338 769 1381 793 est
1393 765 1477 793 invito
1490 765 1570 793 Patre
1581 766 1698 802 genitus.

910 810 993 840 Pater
1006 813 1089 845 enim,
1104 817 1134 840 ut
1147 811 1290 847 Scriptura
1307 811 1438 846 loquitur,
1451 817 1524 839 amat
1538 811 1646 840 Filium.

1245 867 1359 894 ALIUD.

1125 913 1168 941 Ea:
1187 914 1331 948 objections
1350 913 1486 941 Eunamii.

944 969 974 998 Si
989 977 1040 998 non
1053 969 1201 1003 voluntate,
1218 970 1314 1006 inquit,
1328 970 1427 998 Filium
1442 970 1534 1006 genuit
1547 969 1639 1004 Pater,
1651 971 1699 999 sed

908 1023 941 1044 ex
964 1019 1060 1042 natura
1083 1015 1171 1050 ipsum
1192 1015 1285 1049 habet,
1308 1015 1452 1044 manifesto
1473 1016 1555 1044 etiam
1576 1017 1698 1044 notitiam

907 1055 941 1088 de
954 1067 987 1088 eo
1001 1067 1054 1088 non
1068 1060 1171 1089 habens
1187 1060 1260 1095 ipse,
1275 1069 1335 1089 eam
1351 1069 1366 1089 a
1382 1066 1476 1089 natura
1493 1061 1584 1089 habet.
1601 1061 1700 1089 Didicit

908 1106 1001 1141 itaque
1026 1107 1099 1141 quod
1114 1106 1200 1135 Filius
1214 1114 1279 1135 suus
1293 1106 1399 1135 futurus
1415 1111 1498 1140 esset,
1511 1112 1538 1135 et
1550 1107 1640 1135 omnia
1655 1115 1700 1134 se-

907 1160 968 1180 cum
981 1157 1139 1186 creaturos;
1153 1158 1234 1188 atque
1248 1153 1285 1181 ita
1298 1154 1393 1181 notitia
1407 1153 1469 1181 Filii
1481 1153 1598 1182 accessit
1625 1153 1698 1181 Patri

907 1206 922 1226 a
941 1206 991 1226 sua
1010 1204 1107 1227 natura
1125 1199 1232 1227 edocto.
1249 1199 1276 1227 Si
1292 1207 1358 1228 vero
1375 1199 1402 1227 id
1418 1199 1566 1228 absurdum
1585 1204 1637 1233 est,
1652 1207 1699 1227 vo-

906 1244 1011 1272 luntate
1029 1245 1119 1280 igitur,
1136 1245 1226 1273 sciens
1241 1246 1312 1280 quod
1329 1245 1438 1273 futurus
1451 1249 1540 1277 esset,
1556 1253 1618 1273 eum
1634 1252 1698 1280 pro-

906 1289 999 1323 duxit,
1015 1290 1198 1325 preceditque
1215 1291 1327 1318 omnino
1346 1290 1548 1326 generationem
1563 1290 1696 1320 voluntas.

1157 1387 1262 1416 Solatia
1279 1388 1444 1422 objectious's.

940 1434 1055 1462 Perinde
1078 1441 1111 1462 ac
1135 1435 1157 1462 si
1182 1435 1400 1467 consideremus,
1426 1436 1544 1469 primum
1570 1435 1696 1463 edoetuln

906 1480 989 1507 fuisse
1008 1480 1117 1508 Patrem
1137 1480 1198 1515 quis
1218 1485 1290 1508 esset
1311 1480 1417 1508 futurus
1439 1481 1535 1513 Filius,
1556 1485 1639 1516 atque
1660 1482 1696 1510 ita

905 1526 1032 1561 deinceps
1051 1533 1113 1553 eum
1135 1526 1270 1561 genuisse,
1289 1525 1325 1553 ita
1345 1531 1471 1554 versutus
1491 1526 1535 1554 hic
1554 1533 1696 1562 argumen-

50 1581 130 1613 εἰδὼς
157 1582 212 1613 ὅτι,
238 1582 426 1618 διαστήματος
449 1582 555 1614 οὐδενὸς
585 1582 661 1614 ὄντος
690 1582 791 1618 μεταξὺ
805 1583 849 1610 τοῦ

907 1577 962 1598 tnm
981 1579 1060 1599 suum
1076 1572 1184 1604 astruit,
1201 1572 1320 1606 ignarus,
1337 1579 1398 1599 cum
1418 1572 1485 1599 nihil
1502 1572 1539 1599 sit
1556 1572 1637 1608 spatii
1656 1572 1697 1599 in—

52 1627 276 1662 μετολαὸοὖντος
291 1628 324 1654 τὸ
338 1626 408 1655 εἶναι
422 1627 469 1655 τοῦ
481 1627 587 1664 [ἰατρὸς
606 1628 652 1654 καὶ
662 1628 712 1664 τὴν
723 1628 852 1664 γέννησιν

50 1673 97 1699 τοῦ
111 1673 191 1706 Tini,
211 1675 228 1710 ἡ
243 1675 310 1710 περὶ
327 1674 408 1701 αὐτοῦ
428 1674 582 1709 πρόγνωπις
610 1675 661 1702 οὐκ
683 1674 740 1711 ἔχει
759 1675 850 1702 τόπον.

52 1719 83 1745 Εἰ
97 1719 153 1756 γὰρ
165 1720 416 1756 προεσουλεύσατο,
433 1719 481 1747 καὶ
501 1719 694 1756 προεδιδάχθη,
713 1721 742 1747 ἐν
763 1720 852 1756 χρόνῳ

52 1763 79 1790 ὂέ
91 1764 204 1796 πάντως
215 1764 304 1792 ταῦτα
319 1765 433 1800 ἐγίνετο,
450 1765 524 1792 κάτω
536 1765 640 1800 χρόνων
655 1765 669 1791 ὁ
684 1765 759 1797 Υἱός.
775 1765 806 1791 Εἰ
823 1765 851 1792 δὲ

52 1810 134 1841 αὐτὸς
149 1811 227 1837 ἐστιν
241 1811 255 1837 ὁ
285 1810 340 1837 τῶν
356 1810 463 1846 χρόνων
491 1810 618 1846 ποιητὴς,
638 1810 667 1837 τί
691 1811 780 1846 μάτην
802 1810 852 1845 τῆς

53 1855 128 1887 θεέας
143 1856 254 1890 φύσεως
268 1856 465 1892 καταφλυαρεῖ,
483 1856 679 1892 διδασκομένην
694 1856 779 1892 αὐτὴν
794 1856 852 1883 εἰσ-

54 1900 144 1936 φέρων
165 1901 220 1927 ἀπὺ
237 1901 287 1937 τῆς
307 1900 427 1935 φύσεως,
445 1900 482 1932 ὡς
499 1900 582 1932 αὑτός
598 1909 675 1936 φησι,
697 1900 731 1928 τὰ
752 1901 851 1936 ἐσόμε-

54 1954 98 1977 να,
124 1947 175 1973 καὶ
202 1946 285 1974 πλέον
309 1946 386 1973 οὐδὲν
412 1945 549 1982 ἀνθρώπῳ
571 1945 659 1978 διδοὺς
684 1946 701 1982 ἢ
723 1946 763 1982 τῷ
779 1947 850 1982 ὑπὲρ

57 1991 160 2024 πάντας
180 1993 239 2019 ὄντι
265 1992 344 2028 eaq»;
367 1993 442 2020 ’Δνω
467 1992 558 2019 τοίνυν
583 1992 714 2028 κειμένης
745 1992 851 2020 αἰώνων

57 2038 102 2064 καὶ
117 2038 223 2074 χρόνων
249 2038 303 2073 τῆς
333 2037 545 2074 γεννήσεωςτοῦ
568 2037 644 2069 Υἱοῦ,
661 2037 804 2074 δύσφημόν
819 2047 849 2065 τε

60 2083 103 2109 καὶ
119 2083 227 2118 ἀμαθὲς
243 2084 358 2116 εἰκότως
368 2083 401 2110 ἂν
417 2083 460 2118 εἴη
472 2083 503 2109 τὸ
517 2083 606 2117 λέγειν
620 2083 850 2118 προσουλεύεσθαί

58 2129 118 2164 τιιῆ
134 2129 368 2164 προδιδάσκεσθαι
378 2129 425 2155 τὸν
433 2128 543 2164 Πατέρα
555 2129 620 2164 περὶ
633 2128 727 2156 αὑτοῦ.
740 2129 851 2162 Τέλειος

59 2174 109 2209 γὰρ
128 2175 176 2201 καὶ
191 2176 221 2201 ὲν
239 2174 280 2210 τῷ
305 2175 395 2202 πάντα
417 2174 516 2201 εἰδέναι
539 2175 554 2201 ό
573 2174 680 2210 Πατὴρ,
695 2175 743 2202 καὶ
766 2175 850 2202 τόπον

59 2220 149 2247 nam
161 2221 216 2256 πρὸ
235 2220 302 2248 Υἱοῦ
315 2222 332 2257 ἡ
348 2221 413 2257 περὶ
427 2220 511 2249 αὑτοῦ
532 2220 659 2257 βούλησις
674 2221 742 2256 ἔχει.

399 2275 503 2303 ΛΔΛΟ.
612 2271 615 2274 ’

91 2332 121 2359 Εἰ
137 2330 208 2359 οἶδεν
230 2331 328 2359 ἑαυτὸν
353 2331 397 2359 ἀεὶ
424 2331 488 2358 δντα
507 2331 617 2367 Πατέρα
633 2332 647 2359 ὸ
661 2331 767 2367 Πατὴρ,
790 2331 847 2368 ἔχει

64 2379 161 2410 πάντως
176 2377 226 2404 καὶ
243 2379 272 2404 ὲν
287 2377 377 2413 ἐαυτῷ
391 2377 438 2404 τοῦ
452 2377 517 2404 Υἱοῦ
534 2378 583 2414 τὴν
596 2377 706 2412 γνῶσιν.
727 2377 771 2404 Ἐν
793 2377 847 2413 γὰρ

63 2423 96 2457 τῷ
114 2423 213 2450 εἰδέναι
238 2424 307 2459 ὅπερ
332 2423 405 2450 ἐστὶν
421 2423 513 2456 αὐτὸς,
530 2423 578 2449 καὶ
592 2423 641 2458 τῆς
662 2422 785 2457 υἱότητος
797 2422 847 2457 τὴν

65 2468 153 2501 γνῶσιν
167 2469 264 2505 φορεῖ-
280 2468 375 2504 Πατὴρ
392 2468 447 2503 γὰρ
461 2468 498 2500 ὼς
513 2468 580 2504 πρὸς
598 2467 663 2494 Υιὺν
678 2467 735 2494 ἐστι
750 2476 779 2494 τε
800 2468 846 2494 καὶ

66 2514 224 2549 ὀνομάζεται.
252 2514 309 2542 Καὶ
329 2515 413 2541 πάλιν
437 2515 468 2541 ἐκ
495 2514 549 2541 τῶν
573 2514 716 2541 ἐναντίων
742 2511 818 2540 οἶδεν
833 2514 847 2540 ὁ

68 2560 121 2593 Υἱὸς
134 2561 178 2588 τὴν
192 2561 315 2597 Πατέρα,
329 2560 409 2592 εἰδὼς
425 2560 493 2596 ὅπερ
508 2560 581 2587 ἐπὶν
597 2560 688 2591 αὐτός.
710 2559 777 2586 Ἀπὸ
793 2559 846 2595 γὰρ

70 2605 109 2640 τῆς
121 2607 240 2642 υἱότητος
262 2608 278 2643 ἠ
299 2606 442 2642 πατρότης
456 2607 556 2632 νοεῖται
569 2614 575 2621 ’
591 2606 638 2633 καὶ
658 2605 689 2632 τὸ
707 2605 847 2641 ἀντίστρο-

73 2660 117 2686 φον,
130 2654 158 2681 ὲκ
170 2653 219 2689 τῆς
235 2653 414 2690 πατρότητος
431 2653 448 2688 ἡ
465 2653 556 2687 υἱότης
566 2661 572 2668 ·
587 2650 621 2688 ἦν
638 2650 684 2679 οὗν
697 2652 739 2679 ἀεὶ
753 2651 846 2688 Πατὴρ

74 2698 153 2732 ὀθεὲς,
167 2697 198 2736 ἦν
214 2700 271 2736 ἄρα
295 2699 346 2726 καὶ
371 2699 386 2725 ὸ
409 2698 480 2730 Υἱός.
500 2698 647 2734 Δύσφημον
667 2697 695 2725 δὲ
715 2697 745 2724 τδ
757 2697 847 2732 λέγειν

77 2743 196 2780 μὴειδέναι
213 2747 262 2773 τὸν
286 2745 405 2780 Πατέρα
432 2743 462 2777 ἐξ
486 2745 583 2771 ἑαυτοῦ
608 2744 653 2770 τὸν
676 2743 750 2776 Υιδν,
775 2743 848 2771 διδά-

76 2791 156 2818 σκεσθαι
170 2792 197 2819 δὲ
212 2792 270 2820 ἀπὸ
287 2792 343 2827 τῆς
361 2789 483 2825 φύσεως,
497 2790 613 2817 ἑκάστου
628 2789 728 2826 δηλαδὴ
747 2789 794 2824 ἀφ’
807 2785 846 2816 ὧν

76 2838 120 2867 im
130 2840 202 2873 αὗτὸς
219 2840 274 2876 τὴν
290 2836 346 2865 τοῦ
368 2836 465 2871 ἑτέρου
481 2835 579 2870 γνῶσιν
605 2834 721 2871 ἔχοντος.
739 2834 845 2866 ’Ἄλλως

905 1621 946 1644 ter
959 1623 1019 1644 esse
1035 1616 1124 1644 Patris
1142 1621 1168 1644 et
1187 1617 1390 1652 generationem
1409 1617 1487 1650 Filii,
1503 1618 1696 1652 praenotionem

903 1663 938 1690 de
951 1670 984 1691 eo
999 1663 1101 1690 nullum
1117 1663 1218 1691 habere
1234 1663 1334 1691 locum.
1349 1662 1417 1690 Nam
1431 1662 1455 1691 si
1472 1663 1547 1698 prius
1561 1663 1696 1691 delibera-

903 1709 956 1740 vit,
972 1713 1000 1736 et
1017 1708 1092 1744 prius
1111 1709 1252 1744 cognovit,
1268 1715 1350 1744 atque
1366 1709 1425 1736 hate
1443 1709 1469 1736 in
1488 1713 1609 1744 tempore
1624 1709 1695 1737 iacta

903 1754 1002 1782 fuerint
1020 1762 1133 1782 necesse
1149 1755 1203 1789 sit,
1223 1755 1338 1790 tempori
1355 1762 1421 1791 ergo
1437 1755 1572 1783 obnoxius
1589 1760 1630 1783 est
1648 1754 1694 1783 ιτίσ

902 1801 963 1829 lius.
983 1801 1018 1828 At
1034 1809 1095 1828 cum
1113 1802 1172 1836 ipse
1191 1802 1226 1829 sit
1247 1806 1400 1837 temporum
1419 1801 1553 1834 conditor,
1572 1801 1637 1836 quid
1656 1806 1694 1829 te-

903 1854 977 1874 mere
986 1848 1116 1874 adversus
1128 1847 1247 1874 divinam
1259 1851 1384 1874 naturam
1396 1845 1558 1879 deblaterat,
1571 1847 1694 1874 edoclam

902 1891 975 1919 illam
996 1899 1057 1920 esse
1076 1892 1131 1928 59
1151 1900 1166 1920 a
1187 1897 1282 1920 natura
1305 1893 1338 1920 de
1358 1893 1439 1920 rebus
1460 1892 1559 1920 l'utm'is
1577 1892 1692 1928 ﬁngens,

902 1945 989 1973 neque
1003 1938 1150 1973 quidquam
1166 1938 1282 1973 amplius
1298 1939 1458 1974 prmpotcnti
1475 1937 1531 1965 Deo
1548 1945 1629 1973 quam
1645 1939 1693 1966 bo-

901 1984 967 2012 mini
981 1983 1120 2011 tribuens?
1131 1984 1197 2011 Cum
1213 1985 1304 2018 itaque
1318 1983 1458 2019 generatio
1473 1983 1533 2010 Filii
1549 1983 1647 2011 secula
1661 1991 1693 2010 ac

902 2033 1022 2064 tempora
1038 2029 1161 2062 excedat,
1177 2029 1326 2056 absurdum
1342 2037 1374 2056 ac
1388 2028 1576 2064 blasphemum
1592 2033 1633 2056 est
1650 2029 1692 2055 di-

901 2081 964 2102 cere
980 2074 1158 2108 deliberasse,
1176 2079 1204 2102 et
1223 2075 1297 2110 prius
1317 2075 1444 2103 edoctum
1465 2075 1548 2103 fuisse
1568 2076 1600 2102 de
1620 2075 1692 2102 illius

901 2122 1075 2155 generatione
1095 2120 1213 2149 Patrem.
1233 2119 1371 2149 Perfectus
1392 2121 1464 2149 enim
1486 2125 1529 2148 est
1550 2120 1577 2148 in
1600 2122 1691 2156 cogni-

901 2168 973 2195 tione
986 2167 1106 2195 omnium
1123 2175 1213 2195 rerum
1229 2166 1320 2200 Pater,
1335 2167 1492 2203 nullumque
1507 2167 1595 2196 locum
1611 2167 1691 2196 habet

901 2213 1072 2248 deliberatio,
1085 2213 1183 2242 Filium
1201 2214 1366 2250 prmcedens.

1240 2270 1358 2299 ALIUD.

936 2325 964 2354 Si
989 2325 1070 2354 Pater
1094 2333 1202 2361 semper
1225 2327 1299 2354 novit
1322 2334 1352 2354 se
1378 2334 1438 2355 esse
1461 2326 1579 2360 Patrem,
1609 2327 1690 2356 habet

899 2372 1010 2400 omnino
1033 2373 1113 2400 etiam
1130 2373 1155 2399 in
1169 2380 1200 2400 se
1214 2373 1337 2400 notitiam
1359 2372 1430 2401 Filii.
1451 2373 1490 2400 Eo
1516 2373 1587 2401 enim
1618 2374 1689 2408 quod

900 2420 1017 2454 seipsum
1042 2419 1138 2451 novit,
1161 2419 1234 2446 novit
1260 2423 1287 2446 et
1300 2418 1418 2447 Filium:
1448 2419 1529 2446 Pater
1541 2419 1612 2446 enim
1642 2427 1688 2447 ra-

900 2465 973 2492 tione
992 2464 1053 2491 Filii
1068 2469 1110 2491 est
1127 2469 1154 2491 et
1170 2464 1280 2492 dicitur.
1308 2464 1342 2492 Et
1367 2472 1384 2492 ο
1401 2465 1538 2492 contrario
1569 2473 1576 2492 :
1609 2464 1688 2492 Novit

900 2511 984 2539 Filius
1003 2510 1122 2544 Patrem.
1136 2518 1251 2539 noscens
1270 2511 1401 2547 seipsum.
1425 2511 1492 2539 Nam
1509 2518 1542 2539 ex
1559 2511 1688 2539 tiliatioue

900 2557 1059 2593 intelligitur
1077 2557 1234 2593 paternitas,
1249 2562 1278 2585 et
1307 2558 1445 2592 reciproca
1470 2565 1502 2585 ex
1525 2559 1688 2592 paternitate

899 2603 994 2632 ﬁliatio
1010 2613 1017 2632 :
1033 2609 1092 2631 erat
1121 2611 1186 2639 ergo
1201 2611 1310 2639 semper
1322 2604 1402 2632 Pater
1417 2603 1504 2638 Deus;
1523 2609 1582 2632 erat
1593 2605 1688 2639 utique

899 2654 927 2677 et
945 2649 1041 2677 Filius.
1061 2649 1173 2685 Impinm
1195 2654 1286 2678 autem
1306 2650 1378 2678 dictu
1398 2655 1507 2678 estnon
1531 2657 1611 2678 nosse
1635 2649 1688 2678 Pa-

899 2700 967 2724 trem
982 2696 1092 2729 Filium,
1108 2697 1155 2731 qui
1176 2703 1209 2724 ex
1231 2704 1260 2725 se
1285 2700 1335 2730 est,
1356 2697 1403 2724 sed
1425 2697 1515 2724 doceri
1538 2705 1553 2724 a
1578 2701 1688 2728 natura,

897 2750 960 2770 cum
977 2747 1090 2778 uterque
1111 2750 1144 2770 cx
1165 2751 1198 2770 eo
1218 2743 1277 2778 ipso
1290 2743 1361 2778 quod
1373 2748 1415 2771 est
1433 2744 1545 2771 alterius
1562 2743 1686 2770 notitiam

898 2788 1007 2816 habeat.
1024 2788 1055 2816 Et
1075 2789 1176 2823 alioqui
1195 2794 1290 2816 natura
1305 2789 1350 2818 Dei
1373 2797 1425 2817 non
1449 2789 1484 2817 sit
1504 2789 1575 2817 aliud
1603 2796 1684 2824 qustu

898 2833 954 2867 ipse
972 2842 979 2867 ;
1001 2833 1115 2869 simplex
1128 2834 1199 2862 enim
1215 2839 1241 2862 et
1255 2834 1447 2870 incompositus
1463 2839 1514 2863 est.

70 2896 85 2915 τε
96 2889 166 2926 ἕτερον
181 2889 235 2917 οὐκ
254 2888 292 2915 ἂν
308 2885 359 2920 εἴη
377 2883 460 2919 φύσις
474 2883 541 2911 θεοῦ
556 2883 622 2919 παρ’
639 2883 730 2911 αὐτόν·
746 2882 848 2915 ἁπλοῦς
868 2880 920 2917 γὰρ
941 2881 986 2908 καὶ
1001 2881 1155 2914 ἀσύνθετος.
