1920 3031
216 129 266 157 105

712 129 743 156 Β.
766 127 905 156 CYlilLLl
927 122 1166 155 ΑιιςχΑΝυιιιΜ
1185 124 1350 153 AnClllliP.

1805 125 1863 155 ίοί

215 192 264 216 aut
288 185 311 215 si
337 185 494 213 necessario
519 187 724 214 similitudinem
747 195 808 214 cum
835 187 916 214 Patre
941 186 997 214 Filii

1061 194 1121 220 σαν,
1147 185 1194 212 καὶ
1222 184 1347 221 φανερῶς
1376 183 1581 219 δυσφημοῦντες
1606 183 1806 219 μισείσοωσαψ
1846 185 1866 220 ἦ

215 234 338 262 tribuere
364 231 475 265 debent,
495 233 678 260 necessarium
701 233 782 260 etiam
798 233 909 260 omnino
926 232 1007 260 fuerit

215 289 269 308 non
278 287 340 308 esse
351 280 485 308 voluntati
497 280 625 314 similem,
637 281 692 316 62
705 281 752 308 sed
763 279 896 307 Genltori.
909 279 1006 307 Osten-

214 333 273 353 sum
289 326 362 353 enim
378 331 422 354 est
438 325 509 361 quod
525 326 557 353 iis
572 334 634 361 qua:
650 327 678 353 in
695 325 815 353 essentia
830 330 857 353 ct
870 325 1005 361 hypostasi

212 372 360 404 exsistunt,
372 372 405 399 ad
419 379 450 399 ea
463 379 522 407 qua:
536 372 691 399 essentialia
706 376 734 399 et
752 371 920 407 hypostatica
933 376 1005 405 sunt,

213 417 363 446 similitudo
388 418 446 446 lizec
468 423 611 451 servatur;
633 426 687 445 non
705 418 739 444 ad
757 425 788 444 ea
809 425 869 454 quae
892 418 1006 446 alterius

213 468 279 490 sunt
293 463 413 499 generis,
427 467 455 490 et
470 463 497 490 in
515 462 577 490 aliis
594 471 674 490 suum
690 470 751 491 esse
768 462 868 491 habent
884 471 891 490 :
911 470 1006 498 quem-

213 508 358 536 admodum
383 508 516 543 sapientia
541 507 568 534 in
591 508 724 543 sapiente.
748 514 776 536 et
797 507 923 536 voluntas
947 508 1005 538 sive

210 554 354 582 consilium
371 555 397 582 in
413 553 522 581 volente
537 553 579 581 vel
593 553 777 582 consultante.

316 609 434 642 ALIUD,
446 617 492 644 per
504 610 678 637 reductionent
694 610 729 637 ad
741 610 896 638 absurdum.

245 667 274 694 Si
303 665 434 693 roluntati
452 665 543 694 Patris
566 665 663 693 similis
686 666 831 699 exsistens,
851 674 884 694 ex
912 671 1001 695 vestra

209 713 354 744 sententia.
373 712 458 740 Filius
469 712 607 740 dissimilis
620 717 662 740 est
675 713 799 748 genitori,
815 714 998 741 necessarium

209 759 320 787 omnino
338 759 432 791 inerit,
449 765 535 794 neque
553 757 718 786 voluntatem
735 758 852 786 similem
871 767 934 787 esse
951 760 1005 788 Deo

209 812 242 833 ac
257 805 347 837 Patri;
363 805 439 840 cujus
455 805 609 837 character,
625 812 686 832 cum
699 804 736 832 sit
752 804 846 838 Filius,
863 805 1005 834 dissimilis

1059 231 1140 267 εἴπερ
1154 231 1262 266 ἀνάγκη
1275 231 1325 267 τὴν
1337 231 1482 266 ὁμοιότητα
1495 229 1586 257 δοῦναι
1602 229 1641 265 τῷ
1655 230 1712 265 Υίῷ
1723 230 1795 265 πρὸς
1809 229 1863 257 τὸν

1060 277 1180 312 Πατέρα.
1197 277 1305 312 ἀνάγκη
1327 276 1360 313 δὴ
1378 277 1453 303 πᾶσα
1469 277 1506 308 ὡς
1521 277 1572 304 οὐκ
1591 276 1669 304 ἐσται
1684 277 1733 311 τῆς
1753 275 1862 312 βουλή-

1060 332 1129 355 seu);
1151 323 1254 358 ὅμοιος,
1278 322 1348 350 ἀλλὰ
1376 322 1477 357 μᾶλλον
1501 322 1549 350 τοῦ
1568 322 1776 358 γεγεννηκότος.
1803 322 1861 348 Δέ-

1058 368 1163 396 δεικται
1176 369 1229 404 γὰρ
1248 369 1289 395 ὅτι
1306 368 1363 400 τοῖς
1377 369 1406 395 ἐν
1418 368 1497 404 οὐσίᾳ
1511 369 1558 396 καὶ
1573 368 1720 396 ὑποστάσει
1734 368 1806 404 πρὸς
1822 367 1861 393 τὰ

1059 414 1168 442 ὲνούσιά
1180 423 1210 441 τε
1223 414 1270 441 καὶ
1286 414 1458 441 ἑνυπόστατα
1475 415 1492 450 ἡ
1508 414 1637 450 ὁμοιότης
1650 415 1666 449 ἠ
1687 413 1758 441 κατὰ
1773 412 1861 440 τοῦτο

1060 460 1186 494 σώζεται,
1198 459 1228 487 οὗ
1242 459 1310 496 πρὸς
1320 459 1354 487 τὰ
1365 459 1519 495 ἑτερογενῆ,
1535 459 1582 487 καὶ
1595 460 1625 486 ὲν
1636 459 1740 495 ἑτέροις
1754 458 1860 494 ἔχοντα

1058 506 1088 534 τὸ
1103 505 1183 539 εἴναι,
1199 506 1294 541 ὥσπερ
1315 506 1332 542 ἡ
1357 505 1438 541 σοφία
1458 505 1540 542 τυχὸν
1554 507 1583 534 ὲν
1595 505 1634 543 τῷ
1658 505 1742 542 σοφῷ,
1765 505 1816 532 καὶ
1839 505 1857 540 ὴ

1059 551 1186 589 βούλησις
1201 553 1230 580 ὲν
1243 553 1282 590 τῷ
1297 553 1494 595 βουλευομένῳ,

1145 610 1248 644 ΔΔΛΟ,
1263 610 1312 638 διὰ
1330 610 1387 646 τῆς
1402 611 1445 644 εις
1459 610 1573 638 ἄτοπον
1586 609 1756 646 ἀπαγωγῆς.

1092 667 1124 693 El
1134 666 1184 702 τῆς
1195 666 1347 703 βουλήσεως
1356 665 1404 694 τοῦ
1417 667 1523 703 Πατρὸς
1533 667 1625 703 ὅμοιος
1637 666 1685 700 ὣν,
1694 666 1754 693 καθ’
1765 665 1852 701 ὑμᾶς,

1055 712 1070 739 ὁ
1084 712 1148 744 Tib;
1165 712 1292 746 ἀνόμοιός
1306 713 1364 740 ἐστι
1382 713 1422 749 τῷ
1444 713 1630 749 γεγεννηκότι,
1649 712 1756 746 ἀνάγκη
1774 713 1854 738 πᾶσα

1055 758 1106 793 τὴν
1119 758 1247 794 βούλησιν
1264 759 1341 787 οὐδὲν
1361 760 1550 796 προσεοικέναι
1570 759 1609 795 τῷ
1624 759 1684 795 Θεῷ
1699 759 1745 786 καὶ
1759 759 1852 792 Ila.th

1055 804 1155 839 λέγειν,
1169 802 1203 840 ἧς
1216 804 1361 841 χαρακτὴρ
1377 805 1508 841 ὑπάρχων
1520 805 1535 832 ὁ
1545 806 1618 838 Υἱὺς,
1634 805 1758 841 ἀνόμοιός
1776 805 1852 834 ἐστι,

208 856 261 884 est,
280 852 430 879 secundum
447 858 506 883 vos.
524 850 608 878 Patri.
626 850 685 878 Erit
705 851 798 886 itaque
809 851 892 878 etiam
910 852 997 880 volun-

1053 850 1115 877 καθ’
1135 850 1218 886 ὑμᾶς,
1243 851 1282 886 τῷ
1305 851 1403 886 Πατρί.
1422 852 1520 879 Ἔσται
1534 849 1581 878 οὖν
1598 851 1647 878 καὶ
1661 852 1695 887 τῇ
1719 850 1852 886 βουλήσει

209 903 266 925 tate
281 905 329 925 sua
354 897 494 925 dissimilis
516 896 607 926 Pater.
635 897 698 925 llme
720 898 792 925 enim
818 897 943 932 impietas
966 906 1000 926 ex

208 944 282 971 dicto
293 948 385 970 vestro
404 943 538 978 sequitur.
556 944 591 970 At
609 944 632 971 si
646 943 814 971 voluntatem
831 944 932 979 aliquid
951 944 1001 980 hy-

208 990 343 1024 postatice
358 989 494 1016 exsistens
511 996 572 1017 esse
590 989 698 1022 dicetis,
713 989 766 1017 erit
788 990 881 1025 utique
906 991 932 1018 in
958 996 1002 1018 es-

207 1036 295 1064 sentia
317 1035 362 1062 Dei
379 1035 482 1070 aliquid
502 1035 552 1070 ipsi
577 1035 719 1064 dissimile.
743 1035 811 1063 Nam
838 1037 920 1064 etiam
950 1037 1002 1065 hoc

209 1081 278 1109 ratio
292 1089 338 1109 vos
354 1072 478 1109 conﬁteri
490 1086 579 1116 coget.
593 1081 728 1110 Caeterum
744 1082 788 1110 hic
798 1083 944 1118 quaerenda
956 1088 1001 1112 est

208 1128 278 1155 ratio
300 1127 530 1156 dissimilitudinis
552 1135 612 1163 qua:
629 1128 761 1156 voluntati
780 1129 925 1157 intercedit
940 1137 1000 1158 cum

208 1173 298 1202 Patre.
319 1173 348 1202 Si
367 1173 438 1202 enim
460 1181 492 1201 ea
514 1174 619 1202 ratione
641 1173 780 1202 dissimilis
801 1178 843 1203 est
865 1175 936 1209 quod
968 1183 1001 1204 ex

207 1220 296 1255 aliqua
319 1224 396 1254 parte
420 1219 456 1247 sit
478 1219 567 1247 minor
596 1227 630 1247 co
663 1220 690 1247 id
716 1220 788 1255 quod
813 1220 946 1255 processit
966 1228 1000 1249 ex

210 1265 360 1293 substantia
377 1265 476 1298 Patris,
492 1265 545 1292 erit
565 1265 643 1300 pejus
664 1273 694 1293 se
718 1273 751 1293 ac
772 1265 863 1294 minus
887 1275 894 1293 :
911 1274 1000 1302 neque

206 1313 279 1340 enim
294 1311 466 1339 extrinsecus
485 1311 569 1339 ascita
587 1318 630 1339 est
654 1311 790 1344 voluntas,
809 1311 857 1341 sed
881 1319 914 1340 ex
939 1312 999 1347 ipso

206 1362 234 1385 et
245 1357 272 1384 in
285 1358 353 1392 ipso.
368 1357 464 1392 Pejora
477 1362 567 1385 autem
579 1364 611 1385 ex
624 1366 653 1385 se
668 1357 789 1392 gignere.
801 1366 835 1386 ne
846 1359 879 1387 iis
889 1358 999 1390 quidem

205 1404 252 1438 qui
262 1411 381 1432 creatam
391 1405 639 1437 habentnaturam,
656 1405 782 1432 accidere
794 1410 891 1440 potest.
907 1405 1001 1440 Neque

206 1449 279 1476 cnim
298 1449 379 1478 homo
396 1449 468 1477 aliud
484 1450 549 1485 quid
565 1451 704 1478 diversum
722 1458 737 1478 a
749 1457 778 1478 se
793 1452 934 1486 generabit
950 1460 957 1479 :
971 1455 1001 1478 ut

207 1503 258 1523 nec
271 1496 344 1523 aliud
358 1496 472 1530 quodvis
484 1496 642 1524 animalium
662 1497 766 1525 ratione
783 1497 944 1525 carentium.
970 1497 999 1525 Si

206 1549 284 1575 vero,
301 1542 372 1576 quod
388 1541 465 1569 nefas
482 1541 553 1568 dictu
567 1546 620 1576 est,
634 1543 723 1570 Patris
738 1544 861 1571 voluntas
873 1550 907 1571 eo
922 1544 1000 1571 adui-
1013 1534 1035 1563 (ί

207 1592 267 1616 lens
281 1592 311 1615 ut
335 1587 421 1622 majus
442 1587 553 1622 aliquid
573 1588 682 1621 habeat,
705 1588 865 1616 dissimilem
893 1596 924 1617 se
947 1589 999 1618 sibi

206 1633 282 1666 facit,
297 1638 390 1668 utpote
405 1633 461 1667 jam
480 1634 570 1662 minor
591 1641 623 1662 ac
648 1634 724 1670 pejor
740 1641 770 1662 se
794 1635 927 1669 redditus,
946 1642 1001 1672 quo

205 1683 287 1714 pacto
305 1686 358 1706 non
385 1679 498 1713 impium
523 1679 605 1708 fuerit
621 1680 694 1708 dictu
710 1680 811 1716 aliquid
833 1688 894 1710 esse
914 1682 1002 1717 majus

205 1729 232 1751 et
248 1724 344 1752 melius
360 1723 461 1752 Patre?
483 1724 512 1752 Si
535 1732 600 1753 vero
626 1733 714 1761 neque
737 1727 798 1760 hoc,
823 1735 911 1762 neque
935 1728 1000 1755 illud

205 1771 370 1802 coneedetis,
389 1775 417 1798 et
433 1770 599 1799 voluntatem
615 1779 668 1799 non
692 1779 740 1807 per
755 1780 785 1800 se
808 1773 1000 1802 subsistentem

204 1823 266 1842 esse
281 1815 377 1843 dicetis
393 1819 475 1850 atque
489 1815 526 1843 ita
546 1819 576 1844 ut
598 1817 625 1844 in
648 1817 726 1845 nobis
747 1817 922 1851 intellectam,
947 1827 1000 1854 quo

205 1865 284 1894 pacto
299 1862 380 1888 etiam
398 1861 462 1889 hinc
478 1862 604 1890 statuetis
621 1862 781 1891 dissimilem
796 1871 857 1892 esse
872 1865 998 1892 volunta-

207 1912 259 1933 tem
273 1906 345 1934 Patri
357 1907 368 1933 i
381 1905 447 1934 Nam
467 1907 489 1934 si
506 1907 542 1934 ita
557 1912 610 1940 est,
629 1908 766 1936 videbitur
783 1908 863 1937 Pater
883 1909 999 1938 voluisse

205 1959 265 1988 quae
281 1953 331 1980 sibi
345 1953 457 1981 minime
470 1954 637 1981 conveniunt
651 1963 658 1982 :
675 1955 750 1990 quod
764 1955 806 1983 vel
820 1955 877 1984 sola
895 1956 998 1992 cogita-

206 2001 278 2026 tione
292 1998 438 2026 absurdum
454 2004 506 2027 est.

546 2045 661 2074 ALIUD.

243 2103 321 2131 Ratio
337 2103 393 2138 ipsa
407 2110 454 2131 vos
464 2108 543 2138 coget
559 2108 589 2132 ut
602 2105 684 2132 etiam
701 2104 778 2132 inviti
792 2104 860 2134 Filio
876 2105 998 2134 similitu-

204 2149 295 2177 dinem
309 2157 370 2176 eum
389 2148 470 2177 Patre
491 2150 626 2179 tribuatis.
639 2150 857 2178 Detnonstratum
871 2151 942 2178 enim
956 2155 998 2179 est

1052 897 1086 932 τῇ
1102 896 1200 924 ἑαυτοῦ
1215 897 1342 932 ἀνόμοιος
1357 898 1371 924 ὸ
1386 898 1493 934 Πατήρ.
1518 897 1604 925 Τοῦτο
1617 898 1671 933 γὰρ
1685 898 1718 924 ὲκ
1734 895 1782 924 τοῦ
1802 895 1850 923 λό-

1053 950 1103 977 γου
1119 943 1267 977 συνάγεται
1287 943 1318 970 τὸ
1339 943 1477 979 ἀσέϐημα.
1497 943 1552 971 Καὶ
1567 944 1591 970 εί
1613 942 1796 971 ὲνυπὸστατόν
1822 950 1851 969 τι

1053 987 1103 1025 τὴν
1117 987 1244 1025 βούλησιν
1257 987 1326 1017 εἶναί
1342 998 1422 1025 φατε,
1434 990 1492 1017 ἐστι
1505 999 1532 1017 τι
1548 990 1658 1022 πάντως
1675 990 1702 1016 ὲν
1717 990 1750 1025 τῇ
1767 988 1850 1023 οὐσίᾳ

1053 1035 1101 1064 τοῦ
1113 1035 1180 1063 Θεοῦ
1195 1035 1227 1063 τὸ
1243 1035 1371 1072 ἀνόμοιον
1384 1035 1477 1063 αὑτοῦ.
1497 1035 1553 1062 Καὶ
1568 1035 1647 1062 τοῦτο
1661 1035 1715 1069 7&9
1732 1035 1747 1061 ὸ
1768 1033 1850 1068 λόγος

1054 1082 1267 1118 προσομολογεῖν
1288 1082 1361 1118 ὑμᾶς
1377 1082 1538 1117 ἀναγκάσει.
1563 1081 1632 1109 Ἀλλ’
1649 1081 1743 1109 ἐνθάδε
1763 1080 1850 1116 ζητη-

1053 1129 1115 1156 τέον
1138 1128 1188 1163 τῆς
1204 1128 1397 1164 ἀνομοιότητος
1421 1128 1468 1155 τὸν
1487 1128 1599 1164 τρόπον,
1624 1128 1657 1164 ἢν
1676 1129 1693 1164 ὴ
1719 1126 1850 1163 βούλησις

1054 1173 1112 1209 ἔχει
1128 1173 1197 1209 πρὸς
1207 1173 1252 1200 τὸν
1267 1173 1386 1208 Πατέρα.
1404 1172 1435 1200 Ei
1447 1173 1496 1208 μὲν
1509 1173 1563 1210 γὰρ
1576 1173 1614 1206 ὥς
1630 1173 1748 1201 ἐλάττων
1761 1172 1848 1199 αὑτοῦ

1054 1219 1127 1247 κατά
1144 1228 1172 1246 τι
1185 1219 1367 1254 τυγχάνουσα,
1385 1219 1435 1256 τὴν
1448 1220 1594 1255 ὁμοιότητα
1609 1220 1659 1255 τὴν
1680 1219 1748 1254 πρὸς
1764 1218 1849 1246 αὑτὸν

1051 1264 1103 1291 οὐκ
1119 1264 1187 1300 ἔχει,
1199 1264 1231 1291 τὸ
1245 1263 1428 1299 προεληλυθὸς
1443 1265 1477 1292 ἐκ
1490 1265 1539 1300 τῆς
1554 1265 1648 1297 οὐσίας
1662 1264 1708 1292 τοῦ
1727 1264 1847 1300 Πατρὸς,

1050 1311 1142 1346 χεῖρον
1168 1309 1251 1338 αὐτοῦ
1278 1310 1326 1338 καὶ
1353 1304 1479 1337 ἔλαττον·
1505 1311 1536 1338 οὐ
1564 1311 1619 1346 γὰρ
1645 1310 1754 1344 ἔξωθεν,
1784 1311 1847 1337 οὐδὲ

1052 1356 1214 1384 ἐπείσακτον
1237 1357 1253 1392 ἡ
1279 1355 1417 1392 βούλησις,
1431 1356 1488 1383 ἀλλ’
1507 1356 1536 1389 ἐξ
1550 1356 1633 1383 αὑτοῦ
1648 1357 1696 1384 καὶ
1713 1357 1742 1383 ὲν
1758 1356 1846 1390 αὐτῷ.

1053 1403 1090 1430 Τὸ
1106 1403 1134 1430 δὲ
1148 1403 1258 1439 χείρονα
1272 1403 1386 1435 τίκτειν,
1407 1403 1467 1430 οὐδὲ
1483 1405 1539 1436 τοῖς
1553 1403 1671 1439 γενητὴν
1688 1402 1782 1438 ἔχουσι
1795 1403 1848 1438 τὴν

1054 1450 1134 1485 φύσιν
1149 1447 1203 1478 οἶδε
1217 1450 1387 1485 συμϐαίνειν.
1401 1450 1469 1477 Οὺδι
1482 1449 1536 1485 γὰρ
1552 1449 1695 1485 ἄνθρωπος
1707 1449 1803 1482 ἕτερόν
1819 1458 1847 1477 τι

1053 1497 1180 1533 γεννήσει
1194 1497 1259 1533 παρ’
1271 1497 1340 1532 ὅπερ
1351 1496 1424 1524 ἐστὶν
1439 1496 1521 1528 αὐτός
1531 1503 1538 1510 ·
1555 1496 1612 1523 ἀλλ’
1628 1496 1689 1523 οὐδὲ
1703 1496 1798 1532 hst
1818 1505 1846 1523 τι

1053 1543 1107 1570 τῶν
1121 1543 1226 1578 ἀλόγων
1243 1542 1330 1575 ζώων.
1358 1543 1390 1570 El
1413 1543 1452 1575 δὲ,
1476 1543 1545 1578 ὅπερ
1561 1542 1592 1569 οὐ
1614 1542 1724 1578 Θεμιτὺν
1742 1542 1846 1577 λέγειν,

1053 1590 1100 1617 ἐπὶ
1115 1589 1145 1616 τὸ
1163 1589 1255 1625 μεῖζον
1269 1589 1342 1625 ἔχειν
1359 1598 1386 1616 τι
1400 1589 1543 1625 δραμοῦσα
1559 1589 1607 1616 τοῦ
1623 1589 1730 1625 Πατρὸς
1749 1591 1767 1625 ή
1784 1589 1847 1624 βού-

1052 1636 1130 1672 λησις
1140 1635 1222 1663 αὑτοῦ
1235 1635 1284 1671 τὴν
1301 1636 1370 1672 πρὸς
1390 1635 1471 1663 αὑτὸν
1487 1636 1667 1672 ἀνομοιότητα
1681 1635 1750 1662 κατὰ
1766 1635 1847 1663 τοῦτο

1053 1683 1140 1718 φορεῖ,
1162 1682 1200 1714 ὡς
1216 1682 1285 1718 πρὸς
1309 1682 1438 1710 ἐλάττονα
1463 1683 1480 1718 ἢ
1504 1682 1575 1709 κατά
1595 1691 1622 1709 τι
1641 1683 1762 1718 χείρονα,
1785 1682 1846 1714 πιῖις

1051 1728 1102 1755 οὐκ
1115 1727 1213 1760 ἀσεϐὲς
1229 1727 1322 1762 μεῖζόν
1340 1736 1366 1754 τι
1382 1727 1430 1754 καὶ
1445 1729 1568 1764 κρεῖττον
1588 1726 1635 1754 τοῦ
1652 1727 1759 1763 Πατρὸς
1773 1725 1844 1754 εἶναι

1051 1773 1159 1808 λέγειν;
1175 1773 1206 1800 Ei
1228 1772 1258 1800 δὲ
1275 1773 1344 1809 μήτε
1362 1771 1441 1799 τοῦτο
1457 1772 1568 1807 δώσετε,
1593 1774 1661 1809 μήτε
1678 1774 1778 1806 ἐκεῖνο,
1800 1774 1844 1801 ἀν-

1051 1819 1201 1846 υπόστατόν
1223 1827 1254 1846 τε
1279 1819 1329 1855 τὴν
1346 1819 1473 1854 βούλησιν
1492 1817 1562 1846 εἶναι
1587 1819 1772 1856 ὁμολογήσετε
1796 1822 1843 1848 καὶ

1051 1865 1123 1892 οὕτω
1148 1865 1296 1900 νοουμένην
1322 1864 1416 1900 ὥσπερ
1441 1864 1484 1899 ἐφ’
1503 1865 1592 1901 ἡμῶν,
1617 1865 1675 1897 πῶς
1701 1865 1840 1893 κάνταῦθα

1050 1912 1149 1949 θήσετε
1161 1912 1286 1947 ἀνόμοιον
1297 1909 1366 1938 εἶναι
1377 1911 1427 1946 τὴν
1441 1910 1568 1947 βούλησιν
1577 1911 1617 1947 τῷ
1627 1912 1732 1948 Πατρί;
1745 1913 1840 1940 Ἔσται

1049 1959 1115 1994 γὰρ,
1132 1959 1166 1986 ἂν
1187 1958 1272 1990 οὕτως
1291 1957 1351 1994 ἔχῃ,
1372 1957 1405 1984 τὰ
1424 1957 1512 1993 ἑαυτῷ
1531 1957 1568 1994 μὴ
1588 1957 1727 1994 πρέποντα
1745 1959 1838 1996 βωλης

1050 2005 1106 2036 θείς
1118 2013 1124 2020 ”
1142 2005 1210 2039 ὅπερ
1223 2003 1282 2031 ἐστὶ
1297 2003 1344 2031 καὶ
1359 2003 1439 2039 μόνον
1454 2004 1554 2030 ἐννοεῖν
1574 2003 1760 2032 ἀτοπώτατον.

1396 2048 1502 2076 ΔΛΛΟ.
1600 2039 1601 2043 “

1090 2105 1119 2132 '0
1134 2105 1211 2139 λόγος
1231 2104 1382 2138 ἀναγκάσει
1405 2104 1452 2131 καὶ
1467 2103 1583 2137 ἄκοντας
1598 2104 1672 2140 ὑμᾶς
1693 2104 1785 2132 δοῦναι
1800 2104 1839 2140 τῷ

1049 2151 1105 2187 Υἱῷ
1119 2151 1168 2187 τὴν
1186 2150 1334 2186 ὁμοιότητα.
1355 2149 1404 2185 τὴν
1422 2150 1491 2186 πρὸς
1510 2150 1557 2177 τὸν
1572 2151 1693 2186 Πατέρα.
1717 2151 1837 2187 Ἐδείχθη

205 2194 428 2222 absurdissimum
445 2202 516 2228 esse,
541 2196 562 2222 si
579 2196 640 2230 quis
662 2196 756 2224 credat
777 2195 861 2224 Deum
878 2196 996 2226 voluisse

1052 2197 1102 2232 γὰρ
1116 2195 1176 2222 λίαν
1190 2195 1364 2222 ἀτοπώτατον
1377 2195 1406 2222 ὃν
1422 2195 1452 2222 τὺ
1469 2194 1616 2228 πιστεύειν,
1640 2195 1675 2222 τὰ
1699 2196 1739 2231 μὴ
1764 2197 1838 2232 αὐτῷ

204 2249 237 2268 ea
250 2247 310 2276 qua:
326 2241 377 2268 sibi
398 2248 568 2277 nequaquam
589 2242 765 2274 conveniunt,
788 2243 823 2269 ita
842 2247 872 2270 ut
885 2250 995 2271 necesse

203 2288 315 2316 omnino
331 2288 368 2315 sit
389 2288 555 2316 voluntatem
573 2295 649 2314 suam
671 2288 786 2316 similem
805 2288 856 2316 sibi
877 2296 949 2317 esse.
965 2288 993 2316 Si

203 2343 268 2370 ergo
283 2334 406 2362 voluntas
422 2334 519 2362 similis
533 2337 576 2360 est
593 2333 677 2366 Patri,
695 2333 779 2361 Filius
794 2339 883 2362 autem
900 2335 994 2362 volun-

204 2381 252 2409 tati
269 2391 277 2409 :
293 2382 345 2409 erit
355 2380 508 2409 necessario
521 2380 619 2407 tertius
631 2380 728 2407 similis
742 2380 839 2415 primo.
856 2380 922 2408 Nam
932 2388 993 2416 qua:

204 2427 230 2455 in
240 2428 328 2455 medio
337 2428 422 2462 posita
430 2431 469 2455 est
478 2425 612 2458 voluntas.
620 2425 673 2461 63
682 2425 830 2454 naturalem
837 2426 993 2454 similitudi-

178 2467 180 2470 ”
203 2481 265 2501 nem
279 2473 337 2508 ejus
352 2474 397 2508 qui
408 2480 467 2500 eam
481 2471 564 2507 gignit
576 2472 744 2506 exprimens,
757 2471 829 2499 dedit
841 2479 900 2499 eam
915 2472 991 2504 Filio,

201 2517 278 2553 juxta
292 2523 409 2546 vestram
422 2517 585 2545 sententiam
599 2524 606 2544 :
621 2518 671 2544 hac
683 2517 765 2552 igitur
776 2517 880 2545 ratione
894 2518 991 2546 similis

203 2565 276 2592 Patri
288 2564 383 2596 Filius,
395 2563 478 2590 etiarn
493 2562 648 2591 nolentibus
660 2563 746 2595 vobis.
764 2563 990 2598 deprehendetur.

203 2612 270 2639 Cum
286 2617 350 2637 vero
371 2608 523 2636 intertuedii
541 2609 606 2637 nihil
623 2610 659 2637 sit
681 2609 752 2636 inter
771 2608 877 2637 Patrem
896 2615 924 2637 et
944 2609 991 2637 Fi-

204 2657 279 2689 lium,
300 2654 419 2683 cessabit
438 2655 549 2683 omnino
565 2660 592 2682 et
609 2662 807 2690 supervacanea
826 2655 880 2682 erit
902 2659 990 2683 vestra

201 2703 235 2730 de
249 2701 393 2729 ~voluntate
412 2702 481 2729 ratio
500 2710 508 2730 ί
535 2701 660 2736 nulloque
683 2701 879 2728 interveniente
906 2699 991 2728 Filius

202 2749 254 2777 erit
269 2748 427 2778 immediate
440 2748 588 2776 secundum
603 2752 728 2775 naturam
744 2746 840 2774 similis
857 2745 941 2773 Patri.

531 2803 646 2832 ALIUD.

237 2849 362 2885 Christus
376 2853 402 2883 in
417 2853 562 2895 Scriptura
572 2854 685 2895 vocatur
709 2848 827 2884 potentia
840 2853 867 2877 et
884 2848 990 2894 sapiens

1049 2241 1188 2277 πρέποντα
1204 2239 1382 2275 βεϐουλῆσθαι
1396 2239 1473 2272 Θεὸν,
1487 2239 1525 2272 di;
1544 2241 1668 2276 ἀνάγκην
1687 2239 1758 2268 εἶναι
1782 2243 1837 2268 πᾶ-

1048 2297 1098 2315 σαν
1120 2289 1240 2314 ἐοικυῖαν
1259 2288 1334 2323 αὐτῷ
1357 2287 1406 2323 τὴν
1429 2287 1559 2324 βούλησιν
1582 2289 1666 2316 αὐτοῦ
1689 2289 1787 2324 λέγειν.
1806 2291 1837 2318 Ei

1047 2334 1136 2361 τοίνυν
1151 2335 1167 2368 ἡ
1190 2333 1238 2368 μὲν
1260 2332 1387 2368 βούλησις
1400 2332 1472 2360 ἔοικε
1486 2333 1525 2368 τῷ
1542 2334 1640 2370 Πατρὶ,
1655 2335 1670 2360 ὁ
1684 2335 1713 2361 δὲ
1727 2335 1790 2367 Υἱὸς
1804 2337 1838 2371 τῇ

1047 2379 1184 2414 βουλήσει,
1199 2379 1275 2406 ἐσται
1288 2379 1395 2411 πάντως
1410 2380 1424 2406 6
1437 2379 1529 2414 τρίτος
1544 2380 1582 2415 τῷ
1598 2380 1698 2416 πρώτῳ
1714 2390 1838 2416 προσεοι-

1047 2423 1111 2456 κώς.
1136 2423 1169 2450 'H
1185 2424 1238 2459 7&9
1253 2425 1282 2451 ἐν
1295 2423 1335 2459 τῷ
1355 2424 1430 2460 μέσῳ
1445 2424 1559 2460 κειμένη
1574 2425 1711 2460 βούλησις,
1729 2427 1778 2462 τὴν
1789 2427 1837 2453 τοῦ

1045 2470 1172 2502 τεκόντος
1199 2469 1282 2497 αὐτὸν
1308 2470 1426 2505 φυσικὴν
1451 2471 1601 2506 ἐμφέρειαν
1623 2471 1836 2508 ἀναμαξαμένη.

1045 2516 1161 2543 δέδωκεν
1182 2515 1269 2551 αὐτὴν
1296 2516 1334 2551 τῷ
1355 2515 1422 2551 Υἰῷ,
1447 2516 1507 2543 καθ’
1525 2517 1611 2552 ὑμᾶς·
1635 2517 1706 2544 οὕτω
1725 2518 1775 2552 μὲν
1790 2515 1837 2545 οὖν

1044 2561 1083 2598 τῷ
1099 2562 1187 2598 Πατρὶ
1210 2561 1388 2598 προσεοικὼς,
1407 2563 1454 2589 καὶ
1470 2562 1507 2598 μὴ
1529 2563 1700 2598 βουλομένων
1718 2563 1808 2598 ὑμῶν.
1823 2564 1838 2590 ό

1046 2607 1110 2639 Υἱὸς
1125 2607 1312 2643 εὑρεθήσεται.
1333 2607 1442 2643 Ἐπειδὴ
1465 2607 1493 2634 δὲ
1515 2607 1591 2634 οὐδέν
1607 2608 1665 2634 ἐστι
1681 2607 1712 2634 τὸ
1733 2607 1837 2642 μεταξὺ

1045 2652 1151 2688 Πατρδς
1170 2653 1218 2679 καὶ
1234 2651 1310 2684 Υίοῦ,
1327 2652 1444 2688 ἀργήσει
1469 2653 1519 2688 μὲν
1541 2653 1650 2684 πάντως
1667 2653 1682 2679 ὁ
1697 2653 1764 2688 περὶ
1786 2655 1837 2688 τῆς

1044 2698 1198 2734 βουλήσεως
1226 2699 1322 2733 λόγος,
1350 2699 1397 2726 καὶ
1422 2699 1529 2731 οὐδενὸς
1554 2699 1594 2726 ἔτι
1621 2698 1836 2734 μεσολαϐοῠντος

1045 2745 1186 2781 προσεχῶς
1198 2746 1212 2772 ὁ
1229 2745 1292 2778 Υἱὸς
1308 2745 1385 2772 ἔσται
1399 2745 1470 2772 κατὰ
1487 2746 1568 2780 φύσιν
1578 2746 1670 2781 εμοιος
1681 2745 1721 2783 τῷ
1737 2746 1835 2782 Πατρι.

1389 2803 1490 2830 ΛΔΛΟ.

1079 2849 1234 2886 Γέγραπται
1250 2848 1367 2885 Χριστὸς
1380 2848 1447 2876 Θεοῦ
1463 2848 1577 2885 δύναμις
1592 2849 1639 2876 καὶ
1653 2848 1722 2876 Θεοῦ
1743 2847 1836 2884 σοφία.
