1920 3031
79 144 117 172 105

777 137 1000 165 TllESAUliUS.

1643 144 1694 172 106

77 201 99 226 Ei
109 199 188 225 τοίνυν
206 199 222 232 ἡ
240 197 376 233 βούλησις
401 200 450 226 τοῦ
471 199 574 234 Πατρὸς
591 197 788 234 χαρακτηρίζει
806 197 851 231 τήν

912 196 947 223 lia
964 196 1009 224 Dei
1023 197 1056 224 κ’.
1072 197 1100 224 Si
1115 205 1179 232 ergo
1200 199 1325 227 voluntas
1350 200 1395 229 Dei
1421 200 1547 237 exprimit
1571 208 1602 227 ae
1621 205 1694 228 notat

74 254 97 271 τε
116 243 220 278 “vuum
245 243 294 269 καὶ
323 245 429 278 σοφίαν
455 244 546 277 αὑτοῦ,
567 244 690 271 τουτέστι
712 243 757 270 τὸν
781 243 854 274 Υἱδν,

74 291 162 324 ἀνάγκη
182 290 255 315 πᾶσα
279 290 320 325 μὴ
347 291 484 326 ἀνομοίαν
500 291 583 326 αὐτὴν
611 288 678 317 εἶναι
704 289 793 327 λέγειν
812 289 856 324 -τῷ

74 336 154 371 Πατρὶ,
172 335 213 361 ἵνα
230 336 268 370 μὴ
287 336 426 372 φαίνηται
442 337 555 372 δύναμιν
573 337 619 363 καὶ
638 336 738 373 σοφίαν
754 335 822 371 ἔχων
841 336 855 362 6

75 383 152 416 Πατὴρ
165 382 212 415 οὐχ
226 381 328 416 ὁμοίαν
349 382 455 418 ἐαυτῷ.
474 383 505 410 Εἰ
530 383 557 409 δὲ
582 382 672 414 τοῦτο,
695 381 788 408 λοιπὸν
813 382 856 408 ἐν-

73 427 197 454 νοείτωσαν
216 426 240 451 οἱ
260 428 453 464 χριστομάχοι
473 428 523 463 τῆς
545 428 649 455 ὲαυτῶν
673 427 802 460 ἀϐουλίας
826 427 856 459 τὸ

75 472 179 507 μέγεθκ.
205 472 434 508 Παραιτοὺμενοι
458 464 512 510 γὰρ
537 474 584 501 ἕνα
613 474 678 502 ὄντα
703 474 748 500 τὸν
779 473 853 506 Υίὸν,

74 519 148 552 ὅμοιον
165 515 230 543 εἶναι
247 517 344 551 λέγειν
361 519 403 554 τῷ
420 520 518 555 Πατρὶ,
537 520 584 546 δύο
597 519 756 551 δεδώκασιν,
776 519 855 554 εἴπερ

75 563 130 590 εἶναί
149 572 173 590 τι
194 563 243 598 τὴν
262 563 401 600 βούλησιν
421 566 531 601 ὲροῦσιν
550 567 742 593 ὲνυπόστατον.
771 566 802 592 Εἰ
826 566 855 592 δὲ

74 609 233 640 ἀνυπόστατός
248 609 336 641 ἐστιν,
350 610 405 637 οὑκ
420 611 497 638 ἔσται
513 612 655 647 χαρακτὴρ
671 611 718 638 τοῦ
734 611 855 647 ὑφεστῶ-

74 665 109 688 τος
127 657 153 683 τὸ
178 655 214 691 μὴ
239 655 415 692 ὑφεστηκὸς,
439 658 500 685 κατ’
515 658 581 685 αὐτὸ
607 658 639 694 δὴ
658 658 736 685 τοῦτο
761 658 792 685 τὸ
816 658 853 693 μὴ

74 703 243 738 ὑφεστηκέναι.

406 761 498 791 ᾼΛΛΟ

100 814 134 840 Τὰ
151 814 196 850 τὴν
217 815 304 851 αὐτὴν
327 817 475 852 ἐνέργειαν
499 817 593 852 ἔχοντα
617 817 665 847 καὶ
681 818 740 848 ταῖς
758 816 853 848 αὑταῖς

73 860 182 895 δυνάμεσι
199 863 333 895 φυσικαῖς
356 863 584 898 ἀποκεχρημένα,
607 863 657 898 τῆς
678 863 762 898 αὐτῆς
784 862 853 889 εἶναι

74 905 163 936 πάντως
185 906 283 938 οὐσίας
309 908 478 942 ἀναγκαῖον.
507 908 590 939 Οὐδὲν
617 908 671 943 γὰρ
695 908 749 934 τῶν
771 908 855 935 ὄντων

73 951 127 985 :96;
138 951 165 976 τὸ
180 952 341 987 ἑτερογενὲς
362 954 410 981 καὶ
427 953 580 990 ἑτερούσιον
597 954 647 993 τᾲς
667 954 750 986 αὑτὰς
765 955 855 990 ἀπαρ-

73 996 192 1028 αλὶάκτως
204 998 320 1033 φορέσει
343 999 479 1034 δυνᾶμεις
503 1008 532 1031 τε
558 999 605 1026 καὶ
630 1000 787 1036 ἐνεργείας·
808 1009 854 1026 κε-

74 1042 184 1081 χρήσεται
197 1042 225 1069 δὲ
241 1037 339 1078 μόνοις
369 1046 426 1076 τοῖς
443 1046 510 1077 ἴσοις
533 1045 658 1080 ἰδιώμασι
679 1045 714 1072 τὰ
729 1046 793 1081 μίαν
808 1045 855 1072 λα-

74 1087 138 1121 χόντα
153 1088 197 1123 τὴν
215 1089 297 1123 φύσιν
309 1098 316 1104 ·
335 1087 381 1122 οἷς
398 1090 427 1117 δὲ
443 1091 459 1126 ἠ
472 1092 500 1117 ὲν
518 1092 550 1126 τῇ
565 1091 644 1126 οὐσίᾳ
657 1091 780 1127 κοινότης
794 1091 853 1126 μία,

74 1134 158 1166 τούτοις
183 1135 372 1172 ἀκολουθήσει
394 1137 491 1164 καὶτὸ
519 1137 646 1173 ἀλλήλοις
672 1138 741 1164 κατὰ
765 1138 854 1165 πάντα

75 1181 251 1214 προσεοικέναι.
272 1181 306 1208 Εἰ
329 1183 426 1210 τοίνυν
453 1183 501 1219 μία
525 1184 574 1219 μὲν
598 1184 722 1220 ἐνέργεια
747 1183 854 1220 Πατρὸς

75 1226 112 1252 tu".
125 1226 193 1259 Υἱοῦ,
214 1228 230 1262 ὴ
257 1227 332 1264 αὐτὴ
351 1228 380 1254 δὲ
399 1228 513 1265 δύναμις
529 1230 558 1256 ἐν
579 1231 663 1256 πᾶσιν
680 1231 787 1266 ὁρᾶται,
803 1231 854 1267 οὐχ

76 1272 206 1306 ἑτερούσιος
229 1274 267 1305 ὡς
292 1274 368 1310 πρὸς
396 1275 496 1310 ἑαυτὴν
523 1276 540 1310 ἡ
565 1275 642 1307 δυάς.
666 1276 696 1302 El
714 1276 742 1302 δὲ
761 1275 851 1309 τοῦτο,

77 1317 165 1353 ςορὲπει
186 1319 296 1351 πάντως
323 1321 375 1347 καὶ
399 1321 449 1356 τὴν
473 1321 617 1357 ὁμοιότητα
642 1322 690 1348 τοῦ
714 1322 820 1358 Πατρὸς
838 1323 853 1348 6

77 1364 134 1396 Υἱὸς,
149 1365 183 1396 ὡς
197 1365 356 1400 ὁμωύσιος,
384 1367 433 1393 καὶ
455 1367 504 1397 οὐκ
526 1366 601 1401 ἔσται
625 1368 673 1403 τῆς
699 1367 852 1403 βουλήσεως

75 1418 149 1437 εικων.

871 886 892 914 Β

408 1471 508 1498 AAAD.

104 1525 129 1552 Ei
141 1525 186 1552 ὃσα
205 1526 369 1561 βουλεύεται
390 1528 405 1554 ὁ
427 1528 492 1559 Θεὸς
509 1529 555 1555 καὶ¹
571 1529 676 1564 Πατὴρ,
690 1529 775 1556 ταῦτα
789 1530 850 1565 βου-

76 1571 163 1598 λεύεται
183 1574 228 1599 καὶ
247 1575 260 1600 ὁ
277 1574 345 1606 Υἱὸς
362 1574 488 1609 (οὐδεμία
505 1575 560 1611 γὰρ
584 1577 678 1608 στάσις
694 1576 710 1611 ἢ
733 1577 851 1612 διχόνοια

77 1618 176 1652 χωρήσει
189 1618 254 1645 ποτὲ
271 1619 302 1645 ἐν
317 1621 352 1654 τῇ
372 1620 422 1655 μιᾷ
444 1620 490 1646 καὶ
505 1621 630 1657 ἀχράντῳ
645 1621 762 1657 Τριάδι),
776 1623 851 1649 ποῖον

76 1663 120 1694 Eiet
139 1663 214 1690 τόπον
237 1665 428 1696 ἐνυπόστατος
454 1665 589 1701 βούλησιςς
617 1666 708 1701 τρίτον
733 1667 851 1702 ἀποφαί-

77 1717 142 1736 νουσα
156 1711 198 1736 τὸν
209 1711 272 1737 Υἰὸν
282 1711 334 1737 τὸν
349 1712 472 1747 προσεχῆ
483 1712 522 1747 τῷ
533 1713 631 1748 Πατρὶ,
649 1713 715 1740 καθὸ
728 1713 775 1740 καὶ
788 1713 852 1745 Υἱὸς

77 1756 137 1782 οὐδὲν
150 1756 213 1791 ἔχων
231 1757 407 1792 μεσολαεοῦν
420 1758 470 1793 τὴν
481 1759 607 1794 γέννησιν
626 1759 709 1786 αὑτοῦ
722 1768 729 1792 ;
745 1760 789 1786 Διὸ
805 1760 852 1786 καὶ

78 1802 142 1834 αὐτάς
156 1804 224 1830 ἐστιν
238 1806 254 1840 ἠ
278 1805 357 1837 ζῶσα
374 1805 422 1831 καὶ
435 1805 554 1837 ὲνούσιος
568 1807 585 1842 ἠ
603 1806 728 1842 βούλησις
743 1805 789 1832 τοῦ
810 1814 851 1847 γε-

78 1849 225 1884 ἴεν-θηκὸτος,

865 1559 886 1587 C

403 1908 504 1936 ΛΛΛΟ.

106 1959 152 1993 Τῆς
164 1959 318 1996 βουλήσεως
333 1961 381 1989 τοῦ
397 1963 504 1998 Πατρὸς
518 1964 680 2000 χαρακτῆρα
697 1966 743 1992 καὶ
757 1964 852 1999 ὁμοίω-

80 2012 112 2029 σιν
123 2002 181 2031 εἶναι
192 2007 235 2033 τὸν
250 2007 320 2033 ru»
331 2008 557 2043 καταψεύδονται,
573 2009 630 2036 ἀλλ’
641 2010 691 2037 οὐκ
707 2011 790 2038 αὑτοῦ
804 2010 850 2037 τοῦ

79 2048 174 2085 Πατρός.
188 2052 232 2079 Διὸ
249 2053 285 2088 δὴ
300 2053 384 2080 πάλιν
401 2055 550 2089 ἐρωτητέον
563 2057 626 2088 τοὺς
640 2057 851 2092 χριστομάχους,

79 2093 103 2121 Ei
117 2096 197 2131 ὅμοιός
213 2099 292 2125 ἐστιν
311 2099 326 2125 6
346 2100 442 2135 Πατὴρ
462 2101 512 2136 τῆς
533 2102 630 2128 ἑαυτυῦ
649 2102 812 2138 βουλήσεως,
834 2103 850 2139 ἤ

78 2141 138 2175 ῦύχές
162 2143 191 2168 Εἰ
216 2145 270 2178 μὲν
296 2145 352 2179 γὰρ
381 2145 517 2180 ἀνόμοιος,
543 2146 672 2186 ἀνομοίαν
692 2147 780 2183 ἑαυτῷ
802 2147 851 2183 τὴν

79 2184 184 2222 lar/Sirae;
195 2188 252 2224 ἔχει.
263 2197 270 2202 ·
287 2189 334 2216 καὶ
351 2189 447 2216 σιωπῶ
464 2191 531 2226 πρὸς
550 2184 628 2218 τουτο
647 2192 677 2219 τὸ
693 2192 848 2228 δύσφημον·

78 2233 96 2256 εἰ
111 2233 134 2258 δὲ
148 2235 238 2267 ὁμοίαν
255 2235 347 2270 ἐαυτῷ
362 2235 411 2271 τὴν
431 2235 556 2272 βούλησιν
571 2237 637 2273 ἔχει,
651 2235 696 2276 ἧς,
714 2238 753 2270 ὦς
771 2247 851 2272 φατε,

78 2280 198 2315 χαρακτήρ
218 2281 279 2307 ἐστι
302 2281 351 2308 xci
373 2281 455 2308 εἰκὼν
475 2283 489 2309 6
506 2283 580 2316 Υἱὸς,
600 2283 687 2311 ἔοικεν
708 2285 762 2320 ἄρα
780 2286 849 2312 κατὰ

78 2323 140 2350 τοῦτο
152 2325 187 2360 τῷ
203 2326 303 2361 Πατρί.
322 2327 384 2358 Πῶς
403 2325 450 2353 οὖν
471 2328 596 2363 ἀνόμοιος
617 2329 694 2356 ἔσται
710 2331 780 2358 κατὰ
801 2331 850 2366 τὴν

78 2368 152 2396 οὖτὶαν
164 2371 247 2406 αὐτῷ,
264 2373 277 2398 6
299 2371 343 2398 διὰ
364 2373 395 2398 τὺ
410 2374 442 2408 τῇ
460 2373 583 2410 βουλήσει
601 2377 788 2410 προσεοικέναι
802 2386 850 2412 χα-

79 2415 165 2450 ρακτὴρ
180 2417 216 2443 ὢν
232 2418 335 2451 αὑτοῦ;
353 2419 530 2453 Συγκείσεται
552 2421 617 2457 γὰρ,
636 2421 669 2448 ἂν
688 2422 774 2454 οὕτως
788 2423 848 2459 ἔχῃ.

79 2460 126 2485 καθ’
139 2462 214 2496 ὑμᾶς.
236 2464 267 2497 ἐξ
281 2464 376 2499 ὁμοίου
393 2465 440 2491 καὶ
459 2466 488 2499 ἐξ
504 2467 632 2501 ἀνομοίου
653 2468 668 2494 6
684 2468 756 2500 Υἱὸς.
779 2470 849 2496 κατά

868 2228 891 2258 ι)

78 2513 97 2530 τι
109 2506 150 2539 μὲν
163 2508 257 2540 ἐοικὼς
273 2510 312 2545 τῷ
334 2511 434 2546 Πατρὶ,
449 2512 520 2539 κατά
532 2522 557 2539 τι
578 2513 607 2539 δὲ
626 2513 849 2549 ἀλλοτριούμενος

78 2550 116 2584 τῆς
130 2554 190 2588 πρὸς
204 2554 287 2581 αὐτὸν
305 2556 475 2590 ὁμοιότητος.
491 2555 568 2590 Εἶτα,
585 2561 660 2590 ποῖος
677 2561 849 2596 συγχωρήσει

78 2595 141 2630 λόγος
152 2599 178 2625 τὸ
193 2600 221 2626 ἓν
235 2602 295 2629 κατ’
311 2601 406 2628 οὐσίαν
421 2603 542 2638 ὑπάρχον
564 2604 609 2630 καὶ
622 2605 650 2630 ὲν
664 2605 782 2640 ἀριθμῷ,
795 2603 850 2631 οἷον

80 2640 165 2669 Πύλον
178 2646 258 2680 τυχὸν
279 2646 296 2681 ἢ
320 2646 435 2682 Πέτρον,
450 2648 496 2675 δύο
511 2650 604 2684 φέρειν
619 2650 647 2675 ἐν
669 2651 761 2685 ταυτῷ
781 2652 850 2678 κατὰ

81 2686 143 2718 ςὺςιν
153 2690 185 2716 τὰ
199 2692 325 2723 ἐναντίας
341 2693 379 2719 Οὐ
395 2693 450 2728 γὰρ
464 2693 607 2729 δυνήσεταὶ
622 2704 663 2727 τις
675 2697 762 2722 εἰπεῖν
775 2704 781 2710 ·
798 2698 849 2722 Λο-

82 2735 138 2765 rzzi;
153 2736 180 2762 τέ
195 2738 253 2772 εἰμι
275 2738 324 2764 καὶ
348 2738 463 2774 ἄλογος·
479 2741 534 2766 οὐδ’
549 2739 582 2767 αὖ
604 2742 633 2767 τὸ
654 2741 708 2778 πῦρ
729 2743 787 2776 ἐρεῖ
808 2751 848 2774 τις

80 2778 158 2814 θερμὸν
171 2781 236 2809 εἷναί
259 2793 290 2810 τε
308 2785 356 2811 καὶ
379 2785 499 2820 ψυχρόν·
515 2787 554 2812 δεῖ
568 2787 632 2822 γὰρ,
649 2788 706 2819 ἐνὸς
730 2789 847 2823 ἐνυπάρ-

104 2861 123 2877 "
136 2862 143 2888 1
157 2864 212 2891 Cur.
231 2873 250 2898 l,
265 2865 311 2892 24.

213 2915 296 2944 I‘nn
302 2923 351 2944 οι..
377 2914 400 2943 (ἶ
407 2924 436 2943 n.
462 2915 512 2945 LX
520 2916 544 2945 Χ
551 2916 586 2946 ι’.

912 242 1060 277 potentiam
1079 248 1107 274 et
1129 244 1290 277 sapientiam
1329 253 1424 278 suam,
1450 246 1503 283 hoc
1524 249 1566 273 est
1589 246 1696 279 Filium,

911 289 1096 317 necessarium
1113 288 1192 324 plane
1211 294 1254 316 est
1271 294 1299 316 ut
1314 298 1373 317 eam
1389 298 1441 316 non
1457 289 1609 317 absimilem
1626 289 1696 316 Patri

910 341 971 363 esse
987 325 1122 367 dicamus,
1144 343 1177 362 ne
1195 335 1317 362 videnlur
1332 334 1417 374 Pater.
1436 335 1536 362 habere
1552 335 1696 370 potentiam

910 385 936 407 et
952 380 1110 414 sapientiam
1124 388 1158 415 qu
1170 388 1191 407 te
1209 389 1261 408 non
1278 381 1313 408 sit
1328 381 1425 409 similis
1440 381 1491 408 sibi
1509 380 1569 416 ipsi.
1583 380 1657 414 Quod
1673 381 1696 416 si

910 425 945 452 ita
964 416 1015 457 est,
1035 425 1186 460 intelligant
1204 427 1313 454 tandem
1330 427 1423 454 hostes
1435 418 1537 454 Christi
1553 426 1696 453 dementia:

909 479 966 499 sua:
983 473 1205 507 magnitudinem.
1216 472 1283 499 Cum
1300 473 1370 500 enim
1385 477 1511 501 recttsent
1527 472 1636 504 Filium,
1650 472 1695 506 qui

910 524 980 544 unus
992 521 1043 550 est,
1063 517 1135 545 Patri
1153 518 1268 546 similem
1284 519 1383 551 dicere,
1399 518 1466 546 duos
1483 517 1691 549 constituerunt,
1739 544 1742 546 .

909 564 933 592 si
955 563 1119 591 voluntatem
1135 571 1181 598 per
1200 572 1230 591 se
1245 565 1393 598 subsistere
1402 564 1503 600 volunt.
1520 563 1555 601 ᾼι
1568 571 1628 598 cum
1648 569 1695 594 ro-

910 609 999 638 luntas
1015 617 1063 644 per
1077 617 1105 637 se
1118 617 1172 637 non
1189 610 1330 642 subsistat.
1347 618 1399 637 non
1417 610 1469 637 erit
1482 610 1624 637 character
1637 609 1696 643 ejus

888 651 892 655 ”
909 657 979 691 quod
994 656 1118 683 subsistit
1133 656 1159 682 id
1174 657 1245 690 quod
1260 664 1313 684 non
1330 657 1463 689 subsistit,
1475 663 1507 684 ea
1521 657 1579 691 ipsa
1591 655 1696 683 ratione

908 702 979 743 quod
996 709 1048 730 non
1063 701 1196 730 subsistit.

1247 759 1359 788 ALIUD.

943 815 1009 849 Quae
1020 817 1141 844 eamdem
1156 817 1255 844 habent
1269 817 1401 844 actionem
1417 817 1567 851 iisdemque
1581 821 1675 843 natura
1685 831 1692 836 -

908 860 978 888 libus
995 861 1170 889 facultatibus
1192 866 1326 895 utuntur,
1349 862 1469 896 ejusdem
1492 854 1618 890 essentia:
1639 863 1694 889 sint.

908 913 1018 933 necesse
1034 909 1085 933 est.
1100 905 1170 933 Nihil
1185 907 1256 934 enim
1271 914 1364 933 eortnn
1379 915 1438 941 quae
1455 907 1480 934 in
1494 914 1582 934 rerum
1599 911 1693 933 natura

907 952 1052 985 exsistunt,
1068 953 1176 980 easdem
1192 954 1293 988 absque
1309 954 1363 982 ulla
1379 954 1530 982 dili‘erentia
1553 953 1696 988 (acultates

907 998 1084 1033 actionesque
1103 999 1175 1030 edet,
1201 1007 1261 1026 cum
1285 1007 1318 1026 eo
1343 1000 1413 1034 quod
1429 1007 1529 1036 genere
1553 1006 1633 1035 atque
1651 1009 1694 1028 cs-

906 1043 992 1070 senlia
1008 1043 1119 1077 differt;
1136 1047 1248 1072 utentur
1268 1052 1330 1072 vero
1345 1052 1376 1071 ea
1392 1050 1497 1081 tantum
1517 1045 1613 1073 iisdem
1631 1053 1694 1081 pro-

906 1088 1077 1123 prietatibus,
1088 1097 1148 1123 qua:
1165 1097 1217 1116 una
1232 1095 1313 1124 atque
1328 1091 1421 1118 eadem
1436 1091 1548 1127 priedita
1566 1097 1631 1119 sunt
1644 1100 1694 1119 ua-

906 1138 966 1160 tura
981 1142 987 1160 :
1006 1139 1032 1160 at
1051 1134 1151 1169 quibus
1169 1143 1220 1162 una
1236 1137 1349 1172 contigit.
1364 1137 1490 1164 essentia:
1511 1138 1638 1172 societas,
1661 1146 1693 1166 ea

905 1179 988 1206 etiam
1009 1180 1135 1207 omnibus
1153 1180 1252 1207 similia
1269 1181 1342 1210 inter
1359 1189 1388 1209 se
1401 1186 1489 1209 erunt.
1505 1181 1533 1210 Si
1556 1190 1621 1218 ergo
1640 1191 1691 1210 una

905 1227 947 1251 est
962 1223 1084 1257 operatio
1109 1223 1198 1252 Patris
1216 1230 1243 1253 et
1259 1226 1331 1259 Filii,
1354 1227 1503 1262 eademque
1527 1229 1646 1263 potentia
1665 1228 1692 1255 in

905 1269 1031 1296 omnibus
1047 1269 1180 1303 cernitur,
1202 1278 1256 1298 non
1277 1277 1318 1298 est
1334 1271 1449 1300 dualitas
1468 1273 1582 1301 diversze
1602 1281 1693 1301 essen-

906 1316 960 1343 tize.
974 1316 1007 1343 Et
1019 1316 1040 1343 si
1057 1317 1092 1343 ita
1106 1322 1160 1350 est,
1171 1318 1286 1352 gestabit
1299 1319 1410 1346 omnino
1421 1319 1625 1347 similitudinem
1640 1319 1691 1347 Pa-

906 1361 954 1389 tris
978 1361 1072 1395 Filius,
1097 1368 1126 1390 ut
1145 1364 1401 1399 eonsubstantialis;
1421 1373 1508 1400 neque
1529 1366 1580 1393 erit
1603 1366 1692 1402 imago

905 1406 1060 1435 voluntatis.

1239 1469 1355 1496 ALIUD.

940 1521 967 1549 Si
982 1530 1149 1558 quaecunque
1171 1525 1267 1552 statuit
1284 1525 1354 1553 Deus
1371 1531 1397 1553 et
1415 1527 1503 1560 Pater,
1517 1529 1611 1556 eadem
1635 1534 1690 1556 sla-

905 1569 955 1596 tuit
969 1576 997 1596 et
1009 1568 1094 1597 Filius
1107 1570 1191 1606 (nulla
1204 1571 1278 1598 enim
1297 1572 1430 1600 dissensio
1445 1574 1471 1600 in
1490 1581 1541 1601 una
1557 1579 1584 1601 et
1598 1575 1687 1602 incor-

904 1619 984 1650 rupta
1000 1615 1158 1652 'l‘rinitale),
1177 1624 1256 1651 quem
1275 1617 1363 1645 locum
1379 1619 1488 1646 habebit
1505 1620 1630 1647 voluntas
1645 1629 1692 1655 per

902 1668 934 1688 se
947 1662 1110 1693 subsistens,
1121 1663 1230 1690 tertium
1241 1665 1409 1692 constituens
1422 1664 1520 1693 Filium
1536 1667 1691 1694 immediate

901 1708 1080 1742 coniunctum
1094 1707 1180 1741 Patri,
1198 1714 1325 1744 tanquam
1348 1715 1375 1738 et
1388 1710 1472 1739 Filius
1494 1713 1538 1747 qui
1562 1713 1627 1740 nihil
1644 1714 1691 1741 ba-

904 1753 949 1780 bet
973 1754 1162 1781 intermedium
1184 1755 1256 1783 inter
1275 1764 1354 1784 suam
1379 1758 1600 1792 generationem?
1617 1760 1690 1792 Quo-

902 1799 976 1827 circa
994 1799 1051 1834 ipse
1067 1805 1108 1828 est
1123 1801 1218 1829 vivens
1233 1807 1314 1837 atque
1330 1804 1486 1832 essentialis
1501 1805 1626 1833 voluntas
1643 1814 1689 1842 ge-

903 1846 1010 1874 nitoris.

1242 1906 1359 1935 ALIUD.

939 1960 1093 1988 Voluntatis
1105 1966 1235 1996 paternae.
1254 1970 1307 1989 non
1326 1967 1414 1990 autem
1430 1964 1513 1998 ipsius
1530 1964 1584 2002 64
1601 1965 1690 1998 Patris

904 2006 1091 2033 characterem
1106 2012 1133 2034 et
1148 2007 1352 2035 similitudinem
1366 2016 1425 2037 esse
1437 2008 1534 2036 Filium
1551 2011 1688 2036 mentiun-

905 2057 958 2078 tur.
974 2052 1062 2088 Atque
1078 2052 1180 2080 idcirco
1198 2060 1292 2081 rursus
1318 2054 1500 2089 interrogandi
1516 2060 1579 2081 sunt
1596 2054 1689 2088 hostes

904 2096 969 2130 Dei,
996 2105 1029 2125 an
1052 2099 1149 2126 similis
1174 2099 1210 2127 sit
1231 2099 1313 2127 Pater
1335 2107 1392 2127 sua:
1417 2100 1564 2141 voluntati,
1591 2109 1686 2129 necne.

903 2142 970 2169 Nam
982 2145 1003 2170 si
1021 2144 1162 2172 dissimilis
1179 2151 1230 2177 est.
1248 2153 1312 2180 ergo
1326 2146 1485 2178 dissimilem
1501 2146 1552 2176 sibi
1569 2146 1689 2173 volunta-

907 2193 959 2214 tem
976 2189 1076 2216 habet:
1090 2195 1117 2217 et
1138 2196 1216 2218 1::ceo
1234 2191 1428 2226 blasphemiam
1444 2199 1503 2231 quae
1521 2192 1581 2219 inde
1598 2193 1690 2226 sequi-

906 2237 964 2266 tur;
983 2235 1004 2261 si
1017 2243 1082 2262 vero
1094 2236 1209 2263 similem
1222 2236 1274 2264 sibi
1292 2236 1341 2272 ipsi
1359 2237 1524 2264 voluntatem
1538 2237 1630 2269 habet,
1645 2247 1689 2264 cn-

904 2279 957 2314 ius,
972 2286 999 2307 ut
1015 2281 1116 2313 dicitis,
1134 2282 1276 2310 character
1286 2288 1327 2310 est
1338 2287 1364 2315 et
1379 2283 1466 2318 imago
1481 2283 1575 2316 Filius,
1593 2284 1689 2311 similis

904 2327 985 2361 igitur
1007 2327 1057 2354 hac
1081 2335 1113 2354 ex
1138 2333 1214 2361 parte
1229 2333 1270 2355 est
1294 2327 1378 2361 i‘atri.
1405 2328 1544 2361 Quomodo
1561 2329 1642 2364 igitur
1664 2337 1688 2355 et

903 2371 1041 2399 dissimilis
1055 2373 1111 2399 erit
1130 2372 1208 2409 juxta
1231 2373 1377 2401 essentiam
1402 2373 1423 2398 is
1447 2372 1491 2406 qui
1509 2373 1544 2399 ob
1566 2373 1592 2399 id
1616 2375 1686 2407 quod

901 2418 1038 2445 voluntate
1053 2419 1150 2446 similis
1166 2419 1210 2451 sit,
1228 2419 1368 2445 character
1387 2419 1470 2452 ipsius
1494 2419 1553 2446 est?
1567 2419 1595 2445 Si
1616 2420 1687 2445 enim

902 2464 938 2491 ita
958 2469 1017 2495 est,
1047 2469 1074 2490 ut
1098 2471 1144 2491 vos
1170 2463 1331 2499 opinamini,
1353 2471 1385 2491 ex
1410 2463 1492 2490 simili
1518 2469 1545 2490 et
1561 2463 1686 2490 dissimili

902 2512 1069 2546 compositus
1085 2511 1138 2538 erit
1149 2510 1235 2538 Filius
1249 2520 1256 2538 :
1272 2511 1362 2545 aliqua
1384 2518 1418 2538 ex
1433 2516 1508 2546 parte
1527 2511 1622 2538 similis
1635 2511 1688 2538 Pa-

904 2557 948 2589 tri,
972 2566 1003 2584 ex
1028 2557 1080 2584 alia
1099 2564 1163 2584 vero
1185 2565 1199 2583 a
1221 2557 1397 2584 similitudine
1414 2565 1474 2583 eum
1492 2557 1550 2591 ipso
1570 2558 1686 2585 alienus.

904 2603 1016 2636 Deinde,
1032 2611 1091 2638 qua:
1105 2603 1174 2630 ratio
1189 2602 1241 2630 hoc.
1254 2602 1317 2636 fert,
1332 2609 1361 2629 ut
1374 2603 1398 2630 id
1414 2602 1484 2638 quod
1497 2603 1649 2631 substantia
1661 2609 1688 2631 et

906 2657 1018 2676 numero
1035 2657 1116 2676 unmn
1134 2654 1186 2681 est,
1208 2653 1234 2676 ut
1250 2648 1359 2679 l‘aulus,
1378 2649 1418 2675 vel
1432 2649 1538 2681 Petrus,
1555 2650 1607 2676 duo
1620 2650 1647 2677 in
1660 2659 1688 2677 se

905 2695 1002 2722 habeat
1018 2695 1178 2722 naturaliter
1192 2693 1326 2722 contraria
1339 2693 1350 2719 ί)
1362 2693 1452 2728 Neque
1461 2694 1531 2720 enim
1546 2695 1688 2730 quisquam

904 2744 995 2770 dicere
1013 2743 1131 2777 poterit:
1155 2743 1222 2770 Sum
1239 2743 1343 2770 ratium:
1366 2744 1503 2778 praeditus,
1520 2749 1546 2770 et
1562 2752 1621 2772 sum
1643 2753 1686 2771 ra-

907 2789 987 2816 tionis
1011 2796 1126 2822 expers;
1155 2796 1241 2822 neque
1270 2789 1338 2816 ullus
1371 2789 1458 2823 ignem
1486 2789 1603 2816 calidum
1627 2798 1686 2817 esse

1467 2914 1486 2944 lg.
