1920 3031
239 123 289 148 10⁵1

238 181 337 208 dixerit
353 181 431 209 simul
456 186 483 208 et
503 180 630 215 frigidum
649 190 656 207 :
674 189 784 208 necesse
809 181 879 207 enim
899 186 950 212 est,
968 188 1020 206 uno
1035 184 1056 211 Α
1072 188 1173 214 χοντος,

237 228 396 259 exsistente,
407 227 519 254 alterum
534 234 626 254 eorum
649 235 707 262 qua:
722 226 906 262 signiﬁcantur
922 225 1020 260 perire.

238 271 307 300 Fieri
326 273 414 307 itaque
432 280 484 300 non
502 278 590 308 potest
605 278 633 299 ut
648 273 674 299 itt
693 272 760 299 Filio
777 271 924 299 similitudo
942 271 1022 299 simul

235 319 272 345 sil
286 323 313 345 et
327 318 531 346 dissimilitudo.
544 318 609 345 Cum
625 325 689 344 vero
702 325 779 344 sacra
793 317 931 351 Scriptura
945 317 1022 344 sitni-

237 363 288 390 lem
307 363 378 391 Patri
395 371 455 392 esse
473 363 598 395 tesletur',
613 370 728 397 cumque
749 363 806 397 ipse
826 363 899 390 dicat
919 372 926 391 :
945 373 954 388 t
970 363 1020 397 Qui

235 409 303 436 vidit
317 417 373 441 tne,
387 410 453 436 vidit
470 413 496 436 ct
511 409 615 435 Patrem
626 408 675 441 ",t
692 408 937 436 dissimilitudinem
952 409 1022 436 hanc

235 461 287 481 non
297 454 477 485 adutiltemus,
491 461 539 488 per
555 452 612 480 haec
631 453 782 479 testimonia
801 453 833 479 ad
847 452 872 479 id
890 454 960 487 quod
978 461 1021 480 ve—

233 499 291 527 rius
305 499 563 533 cont‘ettiettlittsqtte
573 499 740 526 estadducli.
754 498 855 526 Etcum
875 507 926 526 nott
944 501 1019 527 dite-

233 547 268 574 rit
282 555 289 575 :
304 547 353 581 Qui
372 547 437 574 vidit
453 554 509 578 me,
526 547 593 573 vidit
613 552 636 574 et
657 547 820 574 voluntatem
841 547 930 575 Patris
948 550 1015 581 mei,

232 599 285 618 non
308 590 467 624 voluntatis,
493 591 540 618 sed
563 591 652 619 Patris
672 592 816 627 imaginem
841 601 901 621 csse
921 594 1017 621 Filium

231 637 384 664 fatebimur.

566 694 682 722 ALIUD.

263 752 330 785 Quae
351 759 365 778 a
387 755 478 778 mutua
498 751 688 786 conjunctione
708 756 734 779 et
755 752 870 779 naturali
891 752 1015 780 similitu-

229 797 293 824 dine
307 797 454 829 recedunt,
468 802 495 824 et
508 797 661 824 essentialis
674 798 813 832 qualitatis
829 799 931 826 ratione
948 800 1018 826 inter

753 124 781 151 Β.
801 123 935 149 (LYlllLlJ
960 121 1192 149 ALEXANURINI
1214 122 1374 149 AliClllhl'.

1820 123 1878 149 103

1201 180 1376 216 ἀναρρεῐσθαι
1395 180 1446 206 τῶν
1473 181 1680 215 σημαινομένων
1707 181 1736 208 τὸ
1760 181 1874 217 ἕτερον.

1077 225 1180 252 Οὐκοῦν
1194 226 1332 261 ἀμήχανον
1348 227 1376 252 ἐν
1392 226 1448 261 Υἱῷ
1461 227 1506 253 καὶ
1519 226 1549 253 τὸ
1570 227 1661 262 ὅμοιον
1675 225 1745 253 εἶναι
1767 228 1816 254 καὶ
1843 229 1875 254 τὲ

1076 271 1212 306 ἀνόμοιον.
1234 272 1489 308 Ἐπιμαρτυρούσης
1502 273 1530 299 δὲ
1544 273 1592 307 τῆς
1610 272 1684 304 Θείας
1699 273 1776 308 αὐτῷ
1799 273 1874 308 Γρα-

1076 317 1130 352 ῳῆς
1150 317 1198 352 τὴν
1212 317 1359 353 ὁμοιότητα
1381 318 1430 351 τὴν
1445 318 1513 353 πρὸς
1525 317 1569 344 τὸν
1584 318 1706 353 Πατέρα,
1720 319 1767 345 καὶ
1782 318 1874 345 αὑτοῦ

1074 363 1102 389 δὲ
1120 362 1285 397 φάσκοντος·
1309 372 1318 389 t
1347 363 1375 390 ‘0
1390 363 1519 399 ἑωρακὼς
1544 363 1604 398 ἐμὲ,
1622 363 1727 399 ἑώρακε
1749 364 1795 391 τὸν
1813 365 1873 391 Πα-

1074 409 1151 444 τέρα,
1175 418 1183 434 ι
1201 409 1231 435 τὸ
1245 409 1370 444 ἀνόμοιον
1384 410 1414 436 οὐ
1431 409 1648 445 παραδεξόμεθα,
1666 410 1871 445 ποδηγούμενα

1073 454 1116 480 διὰ
1143 454 1244 480 τούτων
1267 455 1312 481 ἐπὶ
1334 454 1365 481 τὸ
1387 454 1566 490 ἀληθέστερόν
1589 464 1619 482 τε
1649 457 1696 482 καὶ
1720 456 1871 491 πρεπωδέ-

1075 508 1178 535 στερον.
1209 500 1317 536 Ἐπειδὴ
1340 500 1367 526 δὲ
1392 501 1472 527 πάλιν
1492 501 1541 527 οὐκ
1564 499 1655 528 εἷπεψ
1677 502 1706 527 ὐ
1732 501 1870 537 ἑωρακὼς

1073 544 1133 578 ἐμὲ,
1151 544 1198 580 τὴν
1215 544 1340 580 βούλησιν
1361 544 1466 580 ἑώρακε
1490 546 1537 572 τοῦ
1555 547 1658 582 Πατρός
1680 556 1744 582 μου,
1762 548 1793 574 οὐ
1815 548 1870 581 τῆς

1074 588 1226 623 βουλήσεως
1242 590 1331 616 εἰκόνα
1345 589 1390 615 τὸν
1405 589 1468 616 Υίὸν
1483 590 1696 626 ὁμολογήσομεν,
1709 591 1766 618 ἀλλ’
1780 592 1869 618 αὑτοῦ

1072 633 1118 660 τοῦ
1134 634 1238 669 Πατρδς
1251 634 1289 666 ὡς
1308 635 1383 661 Υίόν.

1414 692 1516 719 AAAO.

1106 746 1146 773 Τὰ
1165 747 1214 782 τῆς
1229 747 1296 782 πρὸς
1312 747 1414 783 ἄλληλα
1437 749 1583 783 συναφείας
1601 749 1615 785 ἢ
1638 751 1756 785 φυσικῆς
1778 751 1867 786 ἐμφε-

1071 792 1146 827 ρείας
1168 792 1393 828 ἀναχωρήσαντα,
1415 794 1462 820 καὶ
1483 795 1554 821 κατὰ
1575 795 1620 821 τὸν
1639 796 1688 830 τῆς
1715 796 1867 827 οὺσιὼδους

228 850 259 870 se
274 843 420 874 dissident,
435 849 466 870 ca
485 846 532 869 aut
548 842 622 873 loco,
637 848 681 869 aut
700 843 756 869 sola
775 843 878 870 ratione
895 843 1006 877 sejuucl:

1070 838 1210 873 ποιότητος
1227 838 1303 872 λόγον
1326 840 1564 876 ἀπεσχοινισμένα,
1591 842 1758 878 διίσταταιῆ
1784 842 1866 876 τόπῳ

227 892 300 916 sunt.
314 888 346 915 Et
359 887 417 916 loco
431 888 538 923 quidem
553 895 567 914 a
581 892 673 915 mutua
687 888 875 922 conjunctione
890 897 1016 924 separan-

227 939 272 961 tur
287 941 346 969 qua:
361 941 520 968 corpoream
537 934 759 961 constitutionem
777 934 892 968 habent;
913 935 1016 963 ratione

228 984 318 1006 autem
336 979 528 1014 disjungunlur
545 980 690 1012 nonnulla,
703 988 763 1014 qua:
783 981 918 1008 essentiali
938 981 1015 1010 diﬂ‘e-

198 1036 201 1038 -
227 1025 313 1052 rentia
330 1024 467 1057 dill'eruut,
481 1029 510 1052 ut
526 1025 606 1051 homo
622 1025 655 1052 ab
671 1032 750 1060 equo.
766 1025 938 1060 Quatcunque
951 1035 1015 1054 vero

225 1068 449 1104 signiﬁcationem
472 1074 499 1096 et
521 1069 592 1103 quod
614 1076 646 1095 ex
668 1069 732 1104 ipsis
753 1069 867 1096 efﬁcitur
885 1071 1014 1100 di~simile

225 1114 344 1147 habent,
363 1122 395 1141 ea
426 1115 531 1141 ratione
555 1115 774 1150 cogitationeque
799 1115 1012 1151 distinguuntur,

224 1159 450 1194 qnentadtnodum
482 1160 585 1187 sanitas
613 1165 640 1187 et
667 1162 786 1188 morbus.
815 1162 853 1188 Ex
882 1162 923 1189 his
951 1171 1014 1190 \‘t‘l‘O

224 1213 392 1240 qua-cunque
406 1205 460 1232 sola
478 1206 582 1233 ratione
594 1211 620 1233 et
637 1206 732 1234 ell'ectu
747 1209 883 1235 contraria
901 1209 970 1236 inter
984 1218 1013 1236 se

224 1257 305 1284 sunt,
335 1252 478 1287 periti0res
509 1253 659 1288 philosophi
690 1255 826 1281 contraria
856 1255 1011 1283 immediata

223 1303 336 1330 vocant;
366 1298 417 1324 alia
440 1306 504 1326 vero
531 1299 657 1326 ntediala.
680 1300 838 1327 lntmediata
864 1302 958 1335 igitur,
983 1307 1011 1329 ut

223 1344 302 1370 tnodo
320 1343 452 1376 diximus,
466 1349 528 1371 sunt
545 1344 648 1372 sanitas
668 1350 695 1371 et
714 1346 823 1372 morbus
845 1355 851 1372 :
871 1345 926 1381 65
947 1348 1010 1374 nihil

222 1389 293 1416 enim
309 1389 379 1416 inter
393 1390 449 1416 inec
463 1393 504 1416 est
521 1390 648 1417 medium.
664 1390 691 1417 Si
707 1391 778 1418 enim
797 1391 896 1425 aliquid
914 1392 1009 1420 horum

222 1434 322 1461 homini
340 1435 454 1466 accidat,
467 1435 492 1462 id
506 1435 591 1462 solum
609 1436 634 1462 in
651 1436 708 1470 ipso
722 1441 772 1463 est.
786 1437 839 1463 Aut
850 1439 923 1464 enim
941 1439 1009 1465 bene

220 1480 301 1510 valet,
313 1486 356 1507 aut
369 1486 497 1516 a-grotal;
513 1481 668 1516 nullumque
684 1483 754 1509 inter
766 1489 900 1516 aegrotare
915 1488 942 1510 cl
956 1492 1008 1511 non

1067 885 1262 921 τεμνόμενα,ἢ
1287 885 1381 920 μόναις
1402 887 1460 918 ταῖς
1479 886 1622 918 ἐπινοίαις.
1647 888 1728 922 Τύπῳ
1745 888 1795 922 μὲν
1814 886 1866 914 οὖν

1066 933 1116 966 τῆς
1129 931 1198 967 πρὸς
1211 930 1314 966 ἄλληλα
1332 931 1479 966 συναφείας
1492 931 1626 959 διίσταται
1641 933 1674 959 τὰ
1698 933 1864 968 σωματικὴν

1066 977 1162 1012 ἔχοντα
1191 971 1331 1009 σίστασιν,
1360 977 1493 1004 διίσταται
1511 978 1540 1004 δὲ
1561 979 1609 1005 καὶ
1631 979 1702 1014 λόγῳ
1721 979 1783 1005 τινὰ
1804 979 1863 1004 τῶν

1066 1023 1136 1049 κατὰ
1165 1023 1214 1058 τὴν
1238 1022 1353 1059 οὑσιώδη
1385 1023 1526 1060 διαφορὰν,
1559 1024 1598 1055 ὠς
1633 1024 1778 1060 ἅνθρωπος
1815 1025 1863 1050 ἵπ-

1065 1077 1127 1095 που.
1145 1069 1185 1095 Τὰ
1199 1069 1227 1095 δὲ
1243 1069 1293 1095 ὅσα
1308 1069 1357 1104 τὴν
1372 1069 1487 1103 δήλωσιν
1504 1070 1551 1096 καί
1573 1070 1604 1096 τὸ
1627 1070 1656 1102 ἐξ
1675 1071 1765 1097 αὐτῶν
1789 1072 1860 1097 ἀπυ-

1065 1113 1226 1149 τελούμενον
1253 1114 1379 1149 ἀνόμοιον
1403 1115 1470 1149 ἔχει,
1496 1115 1567 1150 λόγῳ
1589 1115 1658 1151 ψιλῷ
1679 1118 1725 1142 καὶ
1747 1117 1861 1152 ἐπινοίᾳ

1066 1159 1233 1195 μεριζόμενα
1252 1159 1387 1194 φαίνεται,
1403 1159 1459 1186 οἷον
1478 1161 1569 1195 ὑγίεια
1592 1162 1638 1188 καὶ
1653 1162 1738 1193 νόσος.
1767 1163 1813 1188 Ἐν
1829 1162 1860 1188 δὲ

1063 1204 1167 1236 τούτοις
1184 1205 1234 1231 ὅσα
1251 1204 1323 1240 λόγῳ
1339 1205 1412 1240 μόνῳ
1436 1205 1483 1232 καὶ
1499 1206 1538 1240 τῷ
1554 1206 1584 1240 ἐξ
1598 1207 1687 1233 αὐτῶν
1707 1207 1860 1234 ἀποτελου-

1064 1250 1137 1286 μὲνῳ
1151 1251 1211 1277 κατ’
1226 1251 1400 1286 ἐναντιότητα
1421 1251 1556 1287 διέστηκε,
1573 1253 1606 1279 τὰ
1621 1253 1671 1287 μὲν
1694 1252 1787 1288 ἄμεσα
1807 1262 1859 1279 κα-

1061 1295 1151 1323 λοῦσιν
1171 1297 1195 1323 οἱ
1213 1297 1246 1323 τὰ
1267 1299 1317 1332 τῆς
1340 1297 1498 1332 φιλοσοφίας
1517 1298 1667 1333 ἠσκημένοι
1689 1298 1856 1333 μαθήματα,

1061 1342 1095 1368 τὰ
1107 1342 1134 1368 δὲ
1151 1342 1267 1377 ἔμμεσα.
1287 1343 1393 1378 ’Λμεσα
1411 1343 1461 1378 μὲν
1476 1341 1532 1375 οὖν,
1548 1343 1673 1379 καθάπερ
1687 1343 1736 1379 ἤδη
1761 1346 1858 1380 προεῖ-

1061 1396 1120 1420 πον,
1138 1389 1226 1422 ὑγίεια
1243 1389 1290 1414 καὶ
1310 1389 1402 1420 νόσος·
1427 1389 1504 1416 οὐδὲν
1519 1389 1574 1424 γὰρ
1589 1390 1690 1416 τούτων
1714 1391 1774 1416 ἐστὶ
1803 1399 1856 1425 με-

1059 1433 1134 1465 ταξύ.
1149 1430 1185 1459 Ἐἰ
1198 1433 1252 1469 γὰρ
1267 1434 1309 1460 ἐπ’
1323 1433 1465 1468 ἀνθρώπου
1480 1435 1560 1469 τυχὸν
1576 1435 1686 1470 φέροιτό
1698 1444 1724 1462 τι
1737 1435 1855 1469 τούτων,

1060 1478 1088 1504 ἓν
1105 1478 1179 1505 ἔσται
1194 1479 1301 1510 πάντως
1316 1479 1344 1505 ὲν
1361 1479 1446 1514 αὐτῷ.
1469 1480 1504 1506 Ἣ
1522 1480 1575 1516 γὰρ
1591 1480 1716 1514 ὑγιαίνει,
1734 1481 1750 1516 ῆ
1767 1482 1854 1515 νοσεῖ,

218 1532 350 1560 διειοιςιτο
367 1531 409 1553 est
426 1527 553 1554 ntedimn.
566 1527 680 1554 Mediala
698 1535 760 1555 vero
777 1530 913 1556 contraria
928 1530 1006 1564 justi-

1059 1525 1106 1551 καὶ
1122 1525 1151 1551 τὸ
1169 1525 1250 1559 μέσον
1264 1525 1311 1551 τοῦ
1328 1527 1414 1552 νοσεῖν
1428 1526 1445 1561 ἢ
1463 1526 1499 1561 μὴ
1517 1527 1615 1558 νοσεῖν,
1634 1527 1721 1553 οὐδέν.
1742 1527 1855 1562 Ἐμμε-

220 1573 284 1599 tiattt
303 1577 330 1599 ct
346 1572 501 1606 iniustitiam
519 1580 579 1600 esse
597 1574 699 1601 volunt.
717 1573 811 1609 Neque
831 1576 904 1602 enim
922 1577 1010 1603 omnis

220 1619 300 1645 homo
322 1624 369 1646 attt
389 1620 414 1646 in
439 1619 594 1646 universum
615 1619 719 1654 justus,
739 1625 784 1648 aut
805 1621 830 1647 in
854 1621 1009 1648 universum

218 1664 334 1698 iniustus
353 1671 404 1692 est.
417 1665 489 1692 Fieri
509 1665 581 1692 ettim
602 1671 690 1700 potest
707 1672 736 1693 ut
753 1667 869 1694 mediunt
891 1668 1008 1702 aliquem

217 1709 305 1737 locum
323 1711 507 1742 inveniamus.
522 1712 648 1739 nimirum
666 1715 695 1739 ttt
710 1713 771 1747 quis
783 1720 815 1739 ex
831 1717 906 1746 parte
919 1713 1009 1746 justus

216 1756 263 1788 sit,
278 1763 329 1782 non
345 1761 433 1783 autetn
449 1757 574 1784 omnibus
586 1758 708 1792 partibus
725 1758 852 1792 injustas.
865 1757 911 1785 llis
926 1759 1008 1792 igitur

216 1801 268 1828 hoc
282 1801 361 1828 tnodo
375 1802 563 1836 consideratis,
576 1808 603 1830 et
616 1803 837 1832 dissimilitudine
853 1806 879 1831 in
894 1805 1006 1839 singulis

217 1846 298 1872 rebus
317 1847 509 1882 pervestigata,
528 1848 665 1874 videamus
682 1856 798 1882 quonam
821 1850 900 1876 tttodo
919 1857 950 1877 ex
973 1850 1006 1878 iis

215 1898 275 1923 qua:
291 1890 361 1917 dicta
379 1896 441 1918 sunt
458 1891 543 1918 Filius
559 1899 573 1918 θ
593 1892 767 1920 similitudine
781 1893 872 1921 Patris
886 1895 1001 1922 dill'eral.

214 1935 287 1963 Laco
303 1942 377 1964 certe
393 1937 513 1971 separari
533 1946 613 1964 ttetno
629 1938 728 1965 dixerit
746 1948 751 1966 :
772 1947 858 1974 neque
875 1941 944 1967 enim
963 1946 1004 1968 est

213 1989 321 2016 corpus,
331 1989 475 2016 corporum
488 1987 577 2009 autem
593 1983 730 2018 proprium
745 1990 786 2011 est
797 1985 926 2012 localibus
941 1994 1003 2020 ερας

214 2027 259 2054 tiis
280 2027 387 2061 dirimi;
408 2028 539 2063 reliquum
564 2037 629 2064 ergo
645 2034 687 2056 est
704 2035 731 2057 ut
748 2030 852 2058 ratione
869 2031 974 2058 diﬂct-at
994 2040 1000 2058 :

213 2075 318 2100 ratione
340 2079 429 2101 autetn
448 2074 506 2101 dico
527 2075 653 2102 naturali.
669 2076 703 2102 At
721 2076 741 2102 si
760 2081 855 2102 natura
874 2081 914 2102 est
933 2077 1001 2103 lleus

211 2119 303 2152 Pater,
316 2124 343 2146 et
357 2125 454 2146 natura
469 2120 539 2148 Deus
553 2121 647 2154 Filius,
662 2121 811 2155 qualisnam
829 2122 898 2148 ratio
915 2122 999 2156 ipsum

212 2165 371 2199 distinguit?
385 2166 450 2198 Quis
465 2171 553 2192 autem
568 2174 620 2193 non
636 2167 753 2193 fateatur
763 2175 794 2193 ea
810 2175 869 2200 quae
880 2167 998 2201 ejusdem

1062 1579 1107 1597 σον
1125 1570 1154 1596 δὲ
1169 1571 1217 1606 τὴν
1229 1571 1401 1606 δικαιοσύνην
1416 1569 1484 1598 εἶναί
1509 1580 1573 1605 φασι
1595 1572 1642 1598 καὶ
1660 1572 1709 1607 τὴν
1730 1573 1852 1599 ἀδικίαν.

1067 1616 1231 1653 Ἐπειὸήπερ
1248 1618 1278 1643 οὺ
1291 1618 1343 1649 πᾶς
1355 1617 1496 1652 ἄνθρωπος
1511 1618 1526 1653 ἢ
1539 1618 1690 1654 ὁλοκλήρως
1701 1618 1821 1651 δίκαιος,
1836 1620 1852 1654 ἢ

1059 1662 1149 1694 ἄδικός
1166 1664 1234 1690 ἐστι.
1254 1663 1370 1690 Δυνατδν
1387 1664 1440 1698 γὰρ
1465 1664 1546 1698 μέσον
1571 1664 1665 1700 ὥσπερ
1691 1665 1752 1691 τινὰ
1767 1665 1852 1692 τόπον

1057 1709 1185 1744 εὑρέσθαι
1201 1710 1232 1735 ὲκ
1246 1710 1347 1744 μέρους
1359 1710 1464 1736 δικαίου
1482 1710 1553 1741 τινὸς
1567 1710 1652 1742 ὄντος,
1665 1711 1712 1737 καὶ
1729 1711 1760 1737 οὐ
1779 1720 1850 1743 παν-

1056 1754 1140 1786 τελῶς
1153 1755 1255 1781 ἀδίκου.
1272 1755 1379 1781 Τούτων
1395 1755 1538 1790 τοιγαροῦν
1553 1756 1623 1782 κατὰ
1638 1757 1711 1783 τόνδε
1727 1757 1773 1784 τὸν
1787 1758 1850 1792 τρό-

1057 1808 1106 1826 πον
1132 1801 1196 1835 ἡμῖν
1217 1801 1432 1835 διεσκεμμένων,
1458 1801 1505 1828 καὶ
1529 1803 1579 1837 τῆς
1597 1802 1792 1837 ἀνομοιότητος
1819 1805 1847 1829 ἐν

1055 1844 1160 1876 τούτοις
1173 1845 1371 1880 ἐξεταζομένης
1384 1847 1429 1872 ἐπὶ
1441 1847 1542 1878 παντὸς
1554 1847 1727 1882 πράγματος,
1746 1848 1846 1884 ἴδωμεν

1055 1889 1126 1915 κατὰ
1143 1891 1217 1916 ποῖον
1232 1890 1285 1916 τῶν
1310 1892 1460 1926 εἰρημένων
1481 1892 1559 1926 λόγον
1580 1893 1719 1927 ἀφέστηκε
1734 1895 1784 1928 τῆς
1799 1895 1845 1920 τοῦ

1055 1935 1159 1970 Πατρὸς
1176 1936 1334 1971 ὁμοιότητος
1349 1938 1363 1962 ὁ
1378 1937 1449 1968 Υἱός.
1467 1937 1547 1972 ἰ’όιτῳ
1561 1938 1610 1972 μὲν
1623 1937 1669 1964 οὖν
1684 1939 1734 1965 οὐκ
1756 1941 1788 1966 ἄν
1804 1949 1844 1971 τις

1053 1980 1134 2006 αὑτὸν
1150 1981 1307 2016 μερίζεσθαι
1322 1981 1396 2016 λέγοι
1407 2003 1413 2013 ,
1430 1983 1491 2009 ἐπεὶ
1509 1984 1575 2019 μήτε
1593 1984 1672 2019 σῶμά
1688 1985 1747 2010 ἐστι
1759 1993 1765 2000 ·
1791 1994 1844 2012 σω·

1054 2026 1146 2061 μάτων
1163 2028 1216 2062 γὰρ
1244 2027 1308 2054 ἴδιον
1330 2030 1457 2060 τοπικαίς
1481 2029 1640 2064 μερίζεσθαι
1664 2030 1840 2057 διαστάσεσι·

1051 2072 1173 2099 λείπεται
1189 2073 1278 2100 τοίνυν
1292 2074 1333 2107 τὸ,
1351 2074 1422 2109 λόγῳ
1442 2075 1623 2110 χωρίζεσθαι·
1642 2075 1712 2110 λόγῳ
1726 2076 1754 2102 δέ
1771 2085 1842 2111 φημι

1051 2118 1088 2153 τῷ
1103 2119 1172 2145 κατὰ
1187 2119 1236 2154 τὴν
1259 2119 1350 2153 φύσιν.
1373 2120 1442 2146 Ἀλλ’
1458 2121 1536 2156 εἰπερ
1562 2121 1641 2156 φύσει
1665 2121 1732 2153 θεὸς
1754 2123 1768 2148 6
1783 2123 1840 2148 Πα-

1050 2164 1112 2198 τὴρ,
1131 2165 1178 2190 καὶ
1193 2164 1272 2198 φύσει
1286 2166 1352 2197 Θεὸς
1373 2166 1388 2192 6
1409 2166 1482 2199 Υἱὸς,
1499 2169 1574 2198 ποῖος
1590 2167 1670 2193 αὐτὸν
1691 2168 1839 2203 ἀποτέμνει

212 2211 337 2238 essentia:
353 2215 430 2244 sunt,
447 2212 546 2238 similia
564 2212 633 2238 ittler
648 2219 677 2238 se
692 2212 769 2238 esse?
784 2212 932 2244 Prteterea,
947 2221 998 2239 non

1056 2209 1142 2243 λόγος
1155 2210 1203 2241 Τίς
1213 2211 1240 2237 δὲ
1255 2211 1285 2237 οὐ
1305 2213 1476 2247 συγχωρήσει
1490 2213 1538 2248 τὴν
1551 2213 1618 2248 πρὸς
1631 2212 1734 2248 ἄλληλα
1747 2215 1839 2248 φορεῖν

210 2257 292 2284 veluti
308 2258 473 2285 contrarium
488 2258 669 2292 dislinguetur
683 2257 765 2284 Filius
780 2266 793 2283 a
809 2257 897 2290 Patre,
911 2258 997 2284 utilia

211 2310 271 2336 qua:
286 2302 415 2330 dicuntur
430 2303 596 2330 itnmediata.
613 2301 706 2337 Neque
723 2302 794 2329 enim
811 2308 839 2329 ιιι
853 2303 954 2330 sanitas
971 2309 998 2330 et

211 2348 322 2375 tnorhus
346 2348 417 2374 inter
439 2355 470 2375 se
492 2348 640 2378 dissident;
663 2355 749 2381 neque
772 2348 995 2381 quemadmodum

210 2400 293 2420 unum
317 2392 418 2427 aliquid
435 2400 528 2419 corutn
543 2400 602 2425 qua:
623 2392 740 2418 diximus
759 2391 784 2418 iu
803 2393 912 2420 immitte
929 2395 995 2420 reti-

209 2438 266 2464 neri
277 2457 284 2470 ,
299 2438 370 2464 ratio
384 2437 518 2469 ostendit,
533 2437 570 2463 ila
584 2436 665 2463 etiam
681 2442 722 2463 est
737 2437 763 2463 itt
779 2436 858 2464 Patre
873 2444 899 2465 ct
916 2438 992 2466 Filio.

208 2480 345 2508 lttltabital
360 2481 432 2508 enim
449 2488 475 2508 ιιι
490 2481 581 2514 aliquo
592 2479 673 2506 Pater
690 2488 696 2506 :
713 2480 845 2507 inhabitat
857 2486 884 2507 et
898 2481 990 2508 Filius.

208 2527 310 2561 Neque,
327 2525 552 2561 quemadmodum
568 2525 612 2552 illa
625 2526 704 2552 simul
719 2527 802 2560 coire,
817 2527 949 2562 simulque
966 2528 990 2554 itt

207 2573 301 2601 eodem
323 2572 443 2606 subjecto
463 2572 612 2599 subsistere
633 2578 785 2606 nequeunt,
805 2573 840 2600 ita
861 2572 944 2600 Filius
966 2579 992 2600 et

208 2619 288 2646 Pater
310 2626 338 2646 se
362 2619 460 2645 habent
480 2626 488 2644 :
516 2627 524 2643 t
552 2617 620 2645 Ecce
642 2619 730 2651 ettitn,
745 2619 830 2653 inquit
849 2619 990 2652 Christus,

208 2665 345 2692 veniemus
365 2671 415 2697 ego
433 2669 461 2692 el
480 2663 569 2697 Pater,
584 2668 610 2692 et
627 2664 653 2690 in
670 2665 728 2699 ipso
748 2665 960 2691 manebimus“.
979 2674 988 2689 ι

206 2710 260 2737 Sed
281 2717 367 2744 neque
389 2710 425 2737 ita
449 2711 536 2738 media
553 2718 596 2738 res
614 2710 666 2738 erit
683 2710 764 2738 Pater
782 2712 814 2737 ad
833 2711 945 2744 Filium,
963 2718 990 2738 nt

203 2755 318 2788 iustitia.
333 2755 424 2790 Neque
437 2757 508 2784 enim
524 2757 613 2783 minus
628 2756 679 2783 erit
693 2756 783 2788 Pater,
799 2755 888 2788 Pater,
904 2764 989 2791 neque

243 2833 264 2848 ⁸³
283 2833 359 2861 Jun".
376 2843 428 2865 xn',
445 2819 477 2861 9..
511 2836 533 2851 ³⁵
550 2835 615 2862 ΙΙιέιΙ.
634 2835 680 2861 ‘15.

1048 2254 1196 2289 ὁμοιότητα
1221 2255 1271 2289 τῆς
1297 2255 1379 2282 αὑτοῦ
1402 2257 1495 2288 οὐσίας
1519 2257 1689 2292 ὑπάρχοντας
1719 2257 1780 2283 Ἔτι
1810 2266 1838 2282 τε

1049 2300 1117 2334 πρὸς
1134 2301 1230 2335 τούτῳ,
1249 2302 1307 2328 οὐδὲ
1323 2303 1360 2333 ὡς
1377 2303 1496 2329 ἐναντίον
1514 2303 1567 2336 ἕξει
1582 2313 1608 2330 τι
1624 2303 1691 2338 πρὸς
1712 2303 1758 2329 τὸν
1775 2303 1839 2329 Υἱδν

1047 2347 1061 2372 6
1073 2346 1176 2381 Πατὴρ,
1189 2346 1226 2377 ὡς
1241 2346 1275 2372 τὰ
1286 2348 1375 2382 ἄμεσα
1390 2347 1551 2382 καλούμενα.
1568 2349 1605 2375 οὔ
1620 2348 1675 2383 γὰρ
1694 2348 1733 2380 ὡς
1747 2349 1838 2382 ὑγίεια

1046 2391 1093 2417 καὶ
1112 2391 1188 2422 νόσος
1211 2391 1336 2426 ἀλλήλοις
1351 2392 1532 2419 ἁντίκεςνται·
1549 2393 1609 2419 οὐδὲ
1636 2393 1731 2428 ὥσπερ
1755 2394 1786 2419 ἓν
1812 2403 1837 2420 τι

1046 2437 1154 2463 πάντων
1165 2437 1219 2463 τῶν
1231 2438 1384 2472 εἰρημένων
1399 2439 1427 2464 ἐν
1439 2437 1592 2474 ἀνθρώποις
1607 2439 1742 2470 σώζεσθαι
1758 2440 1772 2465 6
1783 2440 1837 2466 τῶν

1045 2483 1217 2518 πραγμάτων
1246 2484 1396 2518 ἀναγκάσει
1413 2484 1503 2518 λόγος,
1516 2484 1587 2511 οὕτω
1601 2485 1647 2511 καὶ
1664 2485 1710 2510 ἐπὶ
1728 2485 1836 2520 Πατρὶς

1045 2528 1092 2554 καὶ
1110 2528 1183 2555 Υἰοῦ.
1203 2529 1319 2555 Ἐνοικεῖ
1333 2529 1387 2565 γάρ
1401 2538 1471 2556 τισιν
1485 2531 1498 2556 6
1511 2529 1616 2565 Πατὴρ,
1634 2531 1733 2556 ἐνοικεῖ
1745 2530 1774 2557 δὲ
1789 2531 1835 2556 καὶ

1044 2575 1058 2600 6
1078 2574 1149 2605 Υἱός.
1166 2575 1221 2600 Καὶ
1233 2575 1263 2601 οὺ
1279 2575 1404 2610 καθάπερ
1420 2576 1510 2602 ἐκεῖνα
1524 2577 1564 2606 είς
1574 2575 1671 2602 ταυτὸν
1685 2575 1835 2610 ἀσγᾶμΰατά

1044 2629 1073 2646 τε
1097 2621 1144 2646 καὶ
1164 2620 1362 2654 ἁσυνύπαρκτά
1382 2621 1465 2651 ἐστιν,
1481 2621 1552 2647 οὕτω
1567 2621 1613 2648 καὶ
1637 2622 1650 2647 6
1666 2620 1730 2652 Υἱὸς
1755 2622 1802 2647 καὶ
1822 2622 1835 2646 6

1046 2666 1158 2700 Πατήρ’
1179 2676 1187 2690 ι
1214 2666 1279 2692 Ἰδοὺ
1297 2665 1360 2700 γὰρ,
1387 2666 1469 2701 φησὶν
1490 2667 1503 2692 6
1527 2665 1652 2701 Χριστὸς,
1678 2665 1832 2692 εἰσελευσό-

1045 2711 1115 2745 μεθα
1131 2710 1185 2744 ἐγὼ
1202 2712 1250 2737 καὶ
1263 2712 1277 2737 6
1298 2711 1400 2746 Πατὴρ,
1415 2712 1462 2737 καὶ
1480 2711 1563 2747 μονὴν
1577 2711 1642 2746 παρ’
1653 2710 1728 2745 αὐτῷ
1753 2711 1833 2744 ποιή-

1046 2765 1134 2790 σομεν.
1162 2767 1170 2782 ι
1199 2757 1267 2783 Ἀλλ’
1291 2757 1349 2782 οὐδὲ
1368 2757 1452 2788 οὕτως
1472 2756 1591 2792 ἕμμεσον
1613 2757 1688 2783 ἔσται
1713 2758 1831 2792 πρᾶγμα
