1920 3031
204 158 256 186 H5

705 162 732 189 S.
754 162 890 190 CYRILLI
910 160 1146 188 ALEXANDlllNl
1168 159 1328 187 AllClllEP.

1788 160 1845 188 H6

203 223 372 250 concesseris
388 223 544 257 dixerisqne
566 224 709 252 Dominum
726 232 797 258 esse,
812 224 893 260 impie
913 232 994 260 agere

1049 224 1259 259 Συντεθειμένος
1275 222 1304 250 δὲ
1321 222 1368 249 καὶ
1394 221 1507 256 φάσκων
1535 220 1616 248 αὐτὸν
1635 218 1704 248 εῖναι
1723 219 1844 255 Κύριον,

203 269 426 303 deprehenderis.
439 269 536 305 quippe
551 271 596 305 qui
611 270 751 298 Dominum
763 278 844 298 voces
855 275 883 298 et
896 271 992 299 adores

201 322 265 342 cum
281 322 361 349 quem
377 316 636 343 consubstantialem
654 324 714 344 esse
731 315 784 343 Deo
800 323 831 344 ac
850 316 924 343 Patri
945 325 992 344 ne-

202 369 260 396 gas,
277 366 305 388 et
327 367 481 389 creaturam
498 363 587 398 potius
604 370 684 397 quam
702 370 795 389 verum
811 363 894 390 Deum
912 363 990 391 colis.

202 406 280 440 Quod
304 401 376 434 enim
393 407 505 434 alterius
527 412 631 434 natura:
647 411 689 434 est
703 406 738 434 ab
756 413 789 433 eo
808 406 854 442 qui
870 414 934 434 vere
950 412 993 435 est

202 451 286 485 Deus,
307 453 333 480 id
352 458 447 479 natura
464 452 534 480 Deus
550 459 609 478 esse
628 460 681 479 non
703 457 802 487 potest.
818 452 894 486 Quod
910 454 991 481 etiam

202 498 261 532 ipsa
284 505 361 525 sacra
389 497 527 532 Scriptura
551 501 678 528 testatur,
704 497 821 524 dicens:
839 507 848 523 ε
865 497 992 526 Dominus

203 544 274 571 Deus
291 548 396 576 noster,
415 543 544 570 Dominus
559 551 628 570 unus
645 548 686 570 est
696 543 741 571 ⁸⁷ς
761 553 770 569 ι
791 551 842 571 una
857 544 929 571 enim
950 549 994 572 est

203 590 314 617 deitatis
340 593 447 615 natura.
478 588 554 622 Quod
584 596 648 616 vero
671 589 742 617 hanc
770 590 856 617 solam
877 591 993 618 adorare

202 640 337 670 oporteat,
359 635 452 663 audies
469 643 575 662 rursum
593 644 600 662 :
619 644 629 662 ‹
646 635 791 664 Dominum
815 637 898 664 Deum
915 642 991 664 tuum

201 681 342 714 adorabis,
357 681 422 709 etei
439 681 489 708 soli
505 681 608 710 servies
619 681 653 708 ⁸⁵.
669 691 678 708 »
700 681 729 710 Si
747 683 828 718 igitur
845 683 908 718 quia
921 682 992 711 Deus

202 734 236 754 ac
248 726 329 753 Pater
346 726 420 754 solus
434 726 533 754 dicitur
546 728 642 760 bonus,
661 727 745 756 Filius
758 728 845 756 bonus
861 736 922 756 esse
936 736 990 756 non

202 777 292 806 potest
306 773 377 800 sicut
390 772 481 804 Pater,
498 773 645 808 eademque
659 774 763 801 ratione
779 782 840 802 cum
855 782 925 802 unus
939 775 991 802 Pa-

203 825 245 848 ter
258 821 359 848 dicitur
372 820 500 848 Dominus
515 825 542 848 et
559 821 640 852 Deus.
659 821 781 856 sequitur
793 823 874 849 etiam
898 829 992 849 neces-

204 866 278 894 sario
292 874 323 894 ex
346 867 440 894 eodem
458 872 617 902 argumento
630 867 727 895 Filium
746 875 834 903 neque
848 867 991 895 Dominum

1046 269 1153 302 ἀσεϐῶς
1167 268 1320 304 ὲλεγχθήσῃ
1330 268 1378 294 καὶ
1389 267 1492 303 Κύριον
1506 267 1594 301 λέγων
1614 267 1661 294 καὶ
1678 265 1846 301 προσκυνῶν

1045 316 1075 343 ὃν
1087 316 1117 342 οὐ
1143 315 1196 351 φὴς
1219 314 1363 350 ὁμοούσιον
1378 311 1448 340 εἶναι
1471 312 1510 348 τῷ
1529 312 1588 347 Θεῷ
1611 313 1658 339 καὶ
1674 312 1774 347 Πατρὶ,
1793 310 1846 337 καὶ

1047 362 1178 396 κτίσματι
1197 361 1297 397 μᾶλλον
1321 360 1338 396 ἢ
1364 359 1424 394 Θεῷ
1440 358 1512 386 κατὰ
1532 358 1614 393 φύσιν
1634 358 1787 392 λατρεύεις.
1802 356 1845 382 Τὸ

1046 408 1102 443 γὰρ
1112 407 1209 443 ἑτέρας
1222 406 1346 442 ὑπάρχον
1358 405 1452 437 οὐσίας
1471 405 1548 440 παρὰ
1560 405 1606 431 τὸν
1622 402 1686 431 ὅντα
1699 403 1776 433 Θεὸν.
1789 402 1844 428 οὐκ

1046 454 1080 481 ἂν
1090 454 1133 488 ειη
1143 453 1223 489 φύσει
1237 452 1314 484 Θεός.
1325 452 1381 479 Καὶ
1394 451 1490 478 τούτου
1503 451 1608 486 μάρτυς
1619 451 1635 486 ἠ
1649 450 1708 476 Θεία
1721 449 1843 484 λέγουσα

1047 499 1157 534 Γραφή³
1180 507 1190 524 ι
1208 497 1312 533 Κύριος
1331 498 1345 524 ὸ
1358 497 1423 528 Θεὸς
1449 495 1538 532 ἡμῶν,
1561 494 1665 530 Κύριος
1677 492 1718 526 εἷς
1732 495 1807 520 ἐστι·
1830 501 1840 518 ι

1048 545 1096 581 μία
1111 544 1165 580 γὰρ
1191 543 1318 579 Θεότητος
1344 543 1436 578 φύσις.
1465 542 1520 569 Kal.
1535 542 1576 568 ὅτι
1597 540 1683 576 ταύτῃ
1705 541 1773 575 μόνῃ
1798 539 1845 565 δεῖ

1047 591 1219 626 προσκυνεῖν,
1244 589 1349 626 ἀκούσῃ
1365 589 1463 616 πάλιν·
1494 597 1503 613 ι
1521 588 1626 622 Κύριον
1643 586 1688 613 τδν
1711 586 1780 612 Θεόν
1792 593 1844 611 σου

1046 637 1257 673 προσκυνήσεις,
1277 635 1325 662 καὶ
1340 635 1416 670 αὐτῷ
1437 634 1511 669 μόνῳ
1524 633 1695 669 λατρεύσεις.
1707 641 1716 658 ι
1734 632 1766 658 El
1782 631 1843 657 τοί-

1045 691 1092 709 νυν
1103 682 1147 708 διὰ
1159 682 1190 708 τὸ
1206 682 1286 717 μόνον
1299 680 1402 714 ἀγαθὸν
1417 679 1545 712 λέγεσθαι
1556 679 1601 705 τὸν
1614 678 1679 704 Θεὸν
1691 678 1737 704 καὶ
1751 676 1845 703 Πατέ-

1046 738 1090 766 ρα,
1107 730 1264 756 ἐκπεσεῖται
1285 728 1332 756 τοῦ
1349 726 1420 755 εἶναι
1437 727 1540 762 ἀγαθὸς
1552 729 1566 754 6
1588 727 1652 759 Υίὸς
1671 726 1756 758 οὕτως
1770 725 1810 757 ὡς
1827 725 1844 750 6

1046 776 1151 811 Πατὴρ,
1167 775 1214 802 κα)⁸
1236 775 1278 801 διὰ
1300 775 1330 801 τὸ
1346 774 1394 801 ἕνα
1416 773 1546 807 λέγεσθαι
1576 773 1678 808 Κύριον
1698 772 1746 802 καὶ
1772 771 1843 798 Θεδν

1045 819 1090 846 τὸν
1102 819 1226 855 Πατέρα,
1246 820 1400 846 ἐκπεσεῖται
1418 817 1465 844 τοῦ
1485 815 1556 844 εἶναι
1569 817 1670 852 Κύριος
1697 817 1744 843 καὶ
1771 816 1844 847 Θεδς

1047 866 1061 891 6
1081 865 1154 897 Υἱὸς,
1182 864 1253 892 κατὰ
1278 864 1328 899 τὴν
1353 863 1400 890 τοῦ
1422 863 1557 898 νοήματος
1587 861 1764 888 ἀκολουθίανο
1780 861 1843 892 πῶς

204 920 293 946 neque
306 913 389 940 Deum
404 920 464 941 esse
478 923 484 940 :
499 921 553 948 quo
568 918 648 949 pacto
663 915 745 950 igitur
760 915 858 942 adoras
872 921 934 941 cum
946 913 991 948 qui

1049 909 1090 939 »ὗν
1105 912 1267 947 προσκυνεῖς
1281 910 1320 945 τῷ
1336 911 1404 945 μήτε
1415 910 1512 944 Κυρίῳ
1526 909 1594 944 μήτε
1604 907 1663 943 Θεῴ
1675 917 1682 941 ;
1698 908 1729 934 El
1741 907 1771 934 δὲ
1781 908 1842 934 Κυ-

203 967 253 987 nec
267 959 407 993 Dominus,
424 968 475 988 nec
494 959 565 989 Deus
578 961 636 989 est?
651 960 679 988 Si
698 968 772 994 vero,
787 968 848 988 cum
862 960 944 988 Pater
957 961 994 988 sit

203 1005 334 1034 Dominus
358 1012 385 1034 et
415 1005 497 1039 Deus,
524 1007 604 1034 simul
629 1007 711 1034 etiam
733 1007 872 1034 inducitur
895 1006 991 1039 Filius,

203 1053 327 1081 eamdem
343 1053 446 1082 habens
463 1055 668 1088 proprietatem,
687 1059 779 1088 utpote
789 1061 822 1082 ex
838 1054 896 1088 ipso
911 1058 992 1080 natu-

205 1098 299 1126 raliter
318 1099 478 1134 procedens,
504 1104 532 1126 et
560 1104 603 1128 est
619 1107 680 1128 cum
707 1099 787 1127 Patre
808 1099 937 1127 Dominus
961 1106 993 1127 ac

205 1144 288 1177 Deus,
308 1146 465 1173 necessario
483 1146 565 1174 etiam
581 1145 670 1174 bonus
690 1147 752 1180 erit,
768 1151 798 1173 ut
822 1145 914 1178 Pater,
931 1153 992 1172 cum

203 1196 315 1225 paterna
329 1191 481 1226 proprietas
495 1192 576 1219 etiam
594 1192 645 1220 hac
661 1193 687 1219 in
700 1198 777 1227 parte
800 1192 826 1219 in
844 1192 903 1226 ipso
920 1191 993 1219 exsi-

204 1240 269 1270 stat,
288 1236 400 1271 perinde
417 1242 499 1271 atque
516 1237 542 1264 in
560 1237 615 1265 illo.

543 1302 657 1330 ALIUD.

239 1369 323 1397 Multa
347 1371 381 1397 de
397 1371 477 1398 Patre
498 1374 525 1398 et
548 1370 618 1399 Filio
634 1377 711 1398 sacra
730 1371 873 1406 Seriptura
895 1372 993 1406 praedi-

203 1420 259 1449 cat,
285 1423 374 1450 neque
399 1420 489 1443 tamen
516 1415 669 1444 diﬂ‘erentia
700 1416 842 1444 nominum
868 1417 994 1444 essentia:

204 1462 338 1490 rationem
357 1462 382 1489 in
407 1462 564 1489 universum
587 1462 739 1497 distinguit.
757 1462 794 1489 ita
813 1467 840 1490 ut
859 1463 922 1490 inde
936 1463 993 1490 dis-

204 1506 354 1534 similitudo
367 1507 489 1541 quazdam
503 1513 550 1534 eos
562 1511 679 1541 separet.
696 1505 754 1533 Una
769 1505 840 1537 enim
853 1510 895 1533 est
907 1505 993 1533 deitas

204 1551 294 1580 Patris
315 1557 343 1580 et
356 1552 430 1585 Filii,
455 1553 562 1580 etiamsi
585 1557 702 1586 uterque
728 1559 776 1586 per
790 1552 865 1578 varia
883 1552 992 1579 nomina

203 1599 364 1628 dichreuter
387 1600 557 1634 signiﬁcetur
575 1609 582 1627 :
601 1606 654 1626 non
677 1599 749 1634 quod
777 1599 908 1626 alteruter
929 1606 992 1633 pro.
1007 1587 1028 1616 ο

204 1647 293 1682 prium
309 1644 364 1681 ⁷ο
377 1646 477 1680 aliquid
506 1646 533 1672 in
559 1653 587 1672 se
611 1645 721 1676 habent,
741 1645 813 1679 quod
837 1644 916 1672 alteri
943 1652 994 1672 non

206 1692 281 1723 insit,
298 1693 344 1718 sed
367 1692 437 1726 quod
459 1692 491 1718 de
507 1696 621 1725 utroque
644 1691 695 1717 dici
712 1691 798 1725 possit
813 1691 944 1726 quidquid
963 1692 996 1718 de

206 1746 261 1766 uno
275 1739 383 1769 dicitur,
403 1743 514 1772 excepta
536 1737 706 1765 solummodo
720 1737 810 1764 Patris
827 1741 853 1765 et
867 1737 927 1764 Filii
946 1745 994 1772 ap-

205 1784 350 1818 pellatione
373 1791 405 1811 ac
421 1792 459 1810 re.
478 1783 544 1811 Nam
568 1785 650 1812 Pater
668 1792 776 1819 semper
791 1789 833 1812 est
845 1783 936 1816 Pater,
949 1792 996 1811 ne-

205 1839 260 1864 que
285 1838 404 1864 unquam
431 1830 511 1858 fuerit
532 1829 636 1863 Filius;
663 1830 746 1858 Filius
770 1835 864 1858 contra
887 1838 995 1865 semper

207 1882 248 1905 est
271 1877 366 1910 Filius,
397 1884 486 1912 neque
510 1885 629 1912 unquam
653 1877 735 1904 fuerit
758 1877 850 1904 Pater.
878 1876 906 1904 Si
934 1876 996 1910 quis

205 1924 403 1952 vero‘volnerit
430 1923 521 1951 dicere
542 1931 594 1950 non
615 1930 694 1958 posse
717 1923 828 1958 utrique
850 1923 996 1950 convenire

206 1969 416 2003 appellationem
437 1976 497 2003 qum
514 1969 559 1995 uni
578 1968 724 2001 tribuatur.
739 1968 765 1995 in
780 1969 925 1995 maximum
941 1976 995 1994 ma-

207 2015 260 2042 Inm
294 2015 403 2042 incidet.
429 2015 498 2048 Quid
525 2014 596 2042 enim
623 2014 724 2047 faciat.
752 2014 859 2042 dicente
883 2014 964 2041 Paulo
989 2024 994 2041 :

209 2071 218 2085 ε
233 2059 310 2087 Unus
321 2059 391 2086 Dens
406 2058 488 2086 Pater
499 2066 532 2086 cx
549 2067 602 2094 quo
617 2059 719 2092 omnia,
733 2063 760 2086 et
775 2067 846 2087 unus
862 2059 996 2087 Dominus

206 2106 284 2134 Jesus
305 2105 428 2133 Christus
454 2113 501 2139 per
526 2112 606 2139 quem
631 2105 722 2132 omnia
736 2105 778 2131 "1'
797 2115 806 2131 ι
826 2104 898 2132 Ecce
916 2114 995 2139 quam

209 2155 304 2184 aperte
319 2149 391 2176 Patri
409 2149 511 2177 tribuat
528 2149 612 2176 Deum
627 2157 687 2177 esse
702 2154 729 2176 et
745 2157 828 2176 unum
843 2157 915 2181 esse,
929 2150 997 2177 Filio

206 2200 297 2222 autem
314 2194 456 2222 Dominum
471 2202 531 2222 esse
551 2199 578 2222 et
595 2203 690 2222 unum.
707 2194 776 2222 Num
793 2195 876 2230 igitur
895 2196 998 2224 idcirco

207 2241 292 2268 Filius
317 2249 369 2268 non
394 2241 446 2269 erit
465 2241 547 2274 Deus,
564 2243 627 2276 quia
645 2240 726 2268 Pater
748 2246 860 2268 vocatur
877 2242 947 2268 Deus
969 2246 997 2269 et

207 2288 296 2315 unus?
320 2293 366 2315 aut
388 2288 469 2316 Pater
498 2296 551 2316 non
580 2289 634 2315 erit
659 2288 797 2320 Dominus,
823 2289 886 2322 quia
912 2286 997 2315 Filius

207 2334 358 2368 appellatus
372 2339 414 2362 est
428 2334 557 2362 Dominus
573 2339 600 2361 et
614 2333 707 2361 unus?
730 2332 841 2361 Minime
857 2341 930 2365 vero,
946 2334 995 2360 ab—

206 2381 263 2408 sit!
290 2381 355 2408 Cum
380 2381 453 2408 enim
475 2379 558 2407 Pater
573 2380 609 2407 sit
628 2379 709 2411 Deus,
736 2378 821 2407 Filius
847 2379 929 2406 etiam
955 2383 997 2407 est

207 2427 280 2454 Dens
297 2436 304 2455 :
320 2433 347 2454 et
364 2434 470 2460 rursus,
497 2434 558 2454 cum
580 2426 711 2454 Dominus
735 2425 771 2453 sit
785 2425 882 2457 Filius,
906 2426 997 2453 Domi-

207 2481 258 2500 nus
274 2478 316 2500 cst
328 2478 355 2499 et
372 2473 461 2500 Pater.
477 2471 559 2506 Atqui
580 2472 602 2499 si
620 2479 679 2506 quae
694 2474 766 2498 esset
778 2472 904 2500 essentia:
918 2472 995 2500 dille-

208 2519 294 2544 rentia
321 2526 380 2552 qua:
401 2517 461 2544 illos
480 2517 506 2544 in
528 2517 580 2544 duo
603 2517 747 2548 divideret,
769 2524 857 2552 neque
878 2517 995 2545 naturali

208 2562 350 2590 identitate
369 2562 517 2590 convenire
541 2561 719 2596 permitteret,
747 2563 827 2590 unius
851 2563 997 2599 appellatio

209 2609 286 2636 alteri
303 2609 411 2643 proprie
425 2608 504 2634 tribui
522 2616 574 2635 non
593 2613 696 2643 posset.
710 2608 844 2643 Quocirca
861 2617 923 2637 cum
939 2618 997 2637 om-

209 2655 322 2689 niaqum
336 2654 424 2681 Patris
436 2659 498 2680 sunt
513 2652 581 2682 Filio
596 2655 691 2688 insint,
703 2660 730 2683 et
744 2661 851 2690 contra,
864 2664 924 2692 qum
933 2656 997 2683 Filii

209 2705 282 2732 sunt,
309 2699 392 2726 insint
417 2699 500 2730 l‘atri.
521 2701 556 2728 ita
585 2705 613 2727 ut
643 2700 714 2728 nulla
741 2702 811 2729 ratio
829 2702 996 2729 identitatem

211 2744 340 2780 impedire
356 2745 449 2778 possit,
467 2746 520 2772 erit
534 2746 614 2772 etiam
634 2746 691 2780 ipse
711 2747 807 2779 bonus,
826 2746 996 2781 quemadmo-

210 2791 274 2818 dum
291 2790 381 2823 Pater,
401 2797 481 2827 atque
499 2792 559 2820 ideo
573 2792 655 2819 etiam
673 2792 926 2820 consubstantialis.

1045 958 1104 995 ρίου
1122 959 1170 985 καὶ
1186 957 1255 984 Θεοῦ
1275 956 1323 983 τοῦ
1338 955 1454 991 [Πατρὺς
1470 956 1564 987 ὂντος,
1591 954 1772 988 συνεπάγεται
1789 953 1842 980 καὶ

1043 1005 1058 1030 6
1073 1004 1137 1035 Υίὺς
1153 1003 1202 1038 τὴν
1216 1002 1322 1030 ἐκεῖθεν
1343 1002 1463 1036 ἰδιότητα
1488 1001 1557 1036 ἔχων
1569 999 1607 1032 ὡς
1620 1000 1650 1032 ἐξ
1666 999 1748 1027 αὐτοῦ
1766 999 1842 1028 κατὰ

1044 1049 1125 1084 φύσιν
1140 1049 1270 1084 ὑπάρχων
1284 1067 1291 1080 ,
1308 1049 1356 1075 καὶ
1371 1047 1429 1073 ἔστι
1451 1047 1520 1082 μετὰ
1543 1046 1650 1082 Πατρὸς
1674 1045 1776 1081 Κύριος
1791 1044 1842 1071 καὶ

1044 1095 1120 1128 Θεὸς,
1138 1095 1193 1128 ἕξει
1214 1094 1324 1126 πάντως
1343 1094 1391 1120 καὶ
1403 1093 1434 1119 τὸ
1449 1091 1520 1119 εἶναι
1535 1092 1636 1126 ἀγαθὸς
1653 1091 1691 1123 ὼς
1701 1093 1716 1118 6
1731 1091 1841 1126 Πατὴρ,

1043 1141 1094 1176 τῆς
1109 1141 1244 1176 πατρικῆς
1257 1140 1387 1174 ἰδιότητος
1399 1139 1451 1166 κάν
1466 1139 1554 1174 τούτῳ
1570 1139 1651 1165 πάλιν
1661 1136 1842 1174 ὑπαρχούσης

1045 1188 1074 1214 ἐν
1090 1186 1174 1222 αὐτῷ,
1190 1186 1317 1221 καθάπερ
1332 1186 1379 1212 καὶ
1393 1186 1422 1211 ὲν
1437 1185 1544 1219 ἐκείνῳ.

1389 1302 1491 1329 ᾹΛΑΟ.
1502 1302 1504 1305 ’

1080 1370 1169 1398 Πολλὰ
1182 1371 1246 1406 περί
1260 1379 1289 1398 τε
1299 1370 1346 1397 τοῦ
1360 1370 1466 1405 Πατρδς
1476 1370 1524 1396 καὶ
1536 1369 1583 1395 τοῦ
1596 1367 1661 1395 Υίοῦ
1673 1367 1800 1402 λέγουσιν
1812 1368 1843 1394 αι

1045 1418 1116 1445 θεῖαι
1129 1417 1249 1453 Γραφαὶ,
1261 1417 1308 1444 καὶ
1321 1417 1352 1444 οὐ
1366 1417 1397 1443 τὸ
1411 1415 1466 1442 τῶν
1480 1415 1622 1450 ὀνομάτων
1640 1414 1771 1448 διάφορον
1783 1413 1842 1440 δια-

1047 1464 1151 1492 στέλλει
1162 1464 1270 1496 πάντως
1285 1464 1377 1494 αὐτοῖς
1390 1462 1437 1490 καὶ
1451 1462 1500 1497 τῆς
1515 1461 1608 1492 οὐσίας
1625 1460 1671 1487 τὸν
1687 1459 1768 1494 λόγον
1779 1480 1787 1492 ,
1801 1459 1843 1490 ὡς

1045 1510 1227 1546 ἁνομοιότητά
1242 1518 1302 1536 τινα
1315 1509 1359 1535 διὰ
1372 1507 1475 1535 τούτων
1493 1508 1615 1542 χωρῆσαι
1633 1505 1748 1541 μεταξύ.
1761 1505 1842 1531 Ἐστι

1046 1557 1100 1592 γὰρ
1117 1556 1167 1591 μία
1182 1555 1277 1590 θεότης
1300 1555 1407 1590 Πατρδς
1425 1553 1472 1580 καὶ
1488 1552 1565 1584 Υἱοῦ,
1589 1551 1640 1578 κᾶν
1659 1552 1790 1587 ἑκάτερος
1805 1551 1841 1585 τῇ

1047 1603 1100 1629 τῶν
1112 1601 1252 1637 ὀνομάτων
1265 1600 1388 1636 ποικιλίᾳ
1398 1599 1534 1635 διαςόρως
1551 1598 1729 1634 σημαίνηται,
1740 1598 1790 1633 οὐχ
1802 1597 1842 1628 ὡς

1047 1649 1112 1675 ἴδιον
1129 1648 1199 1683 ἔχων
1215 1656 1240 1674 τι
1259 1647 1307 1674 καὶ
1321 1647 1383 1674 καθ’
1395 1646 1501 1678 ἑαυτὸν,
1514 1645 1528 1672 ὅ
1547 1645 1584 1681 μὴ
1603 1644 1640 1680 τῷ
1652 1644 1739 1680 ἑτέρῳ
1754 1644 1841 1679 πρόσ-

1046 1701 1131 1726 εστιν,
1150 1693 1207 1720 ἀλλ’
1220 1693 1258 1723 ὡς
1281 1693 1324 1719 ἐπ’
1339 1693 1439 1727 ἀμφοῖν
1455 1693 1554 1728 χωρεῖν
1569 1691 1718 1726 δυναμένου
1739 1689 1842 1721 παντὸς

1046 1740 1114 1774 ὅπερ
1131 1739 1164 1766 ἂν
1180 1739 1223 1773 ἐφ’
1238 1738 1297 1769 ἐνὸς
1305 1738 1421 1773 λέγοιτο,
1434 1738 1495 1773 δίχα
1511 1737 1594 1772 μόνης
1608 1737 1657 1773 τῆς
1669 1737 1716 1764 τοῦ
1734 1737 1843 1772 Πατρὸς

1047 1785 1093 1811 καὶ
1106 1784 1152 1811 τού
1167 1783 1233 1811 Υίοῦ
1255 1783 1441 1819 προσηγορίας
1463 1791 1492 1809 τε
1507 1783 1555 1810 καὶ
1572 1783 1746 1818 πράγματος.
1762 1783 1843 1809 Ἐστι

1047 1831 1101 1866 γὰρ
1118 1831 1131 1857 ὀ
1145 1829 1240 1865 Πατὴρ
1263 1829 1306 1855 ἀεὶ
1335 1829 1440 1864 Πατὴρ.
1466 1828 1513 1855 καὶ
1534 1828 1598 1860 Υἱὸς
1622 1829 1672 1856 οὐκ
1687 1828 1720 1855 ἂν
1735 1827 1843 1862 γένοιτὸ

1047 1884 1113 1902 ποτε
1126 1883 1133 1890 ’
1151 1875 1198 1902 καὶ
1209 1875 1308 1901 ἕστινὸ
1326 1875 1387 1906 Υἱὸς
1409 1875 1453 1901 ἀεὶ
1469 1875 1542 1906 Υἱὸς,
1564 1875 1611 1901 καὶ
1630 1874 1725 1910 Πατὴρ
1742 1875 1794 1901 οὐκ
1810 1875 1844 1902 ἂν

1048 1922 1089 1957 εἴη
1111 1921 1186 1948 ποτέ.
1201 1921 1276 1947 Εἰδέ
1300 1929 1341 1952 τις
1366 1920 1487 1956 βούλοιτο
1514 1921 1628 1955 φάσκειν
1657 1921 1694 1957 μὴ
1710 1921 1844 1948 δύνασθαι

1049 1968 1148 2002 χωρεῖν
1165 1967 1207 1993 ἐπ’
1223 1967 1323 2002 ἀμφοῖν
1337 1967 1405 2002 ὅπερ
1420 1967 1453 1994 ἂν
1470 1967 1512 2002 ἐφ’
1528 1967 1587 1999 ἑνὸς
1600 1967 1709 2003 φέροιτο
1720 1969 1844 2003 πρόσρη-

1050 2022 1098 2048 μα,
1115 2013 1225 2048 μεγάλῳ
1240 2015 1431 2048 περιπεσεῖται
1452 2013 1540 2048 κακῷ.
1557 2013 1588 2039 Τί
1601 2014 1655 2048 γὰρ
1669 2014 1703 2040 ἃν
1720 2014 1842 2049 ποιήσοι,

1048 2059 1173 2093 λέγοντος
1186 2058 1234 2085 τοῦ
1247 2058 1352 2085 Παύλου
1364 2067 1370 2073 ·
1387 2067 1395 2083 t
1412 2055 1461 2090 Εἷς
1471 2060 1485 2085 6
1497 2059 1564 2091 Θεὸς
1577 2059 1591 2084 ὁ
1607 2059 1702 2094 Πατὴρ
1719 2059 1750 2091 ἐξ
1763 2055 1795 2085 οὗ
1809 2059 1844 2085 τὰ

1048 2107 1152 2133 πάντα’
1175 2106 1222 2132 καὶ
1244 2103 1284 2138 εἷς
1307 2106 1409 2141 Κύριος
1443 2105 1547 2142 Ἰησοῦς
1572 2106 1690 2141 Χριστὸς
1712 2105 1745 2132 δι’
1761 2103 1793 2133 οὗ
1810 2107 1844 2132 τὶ

1049 2152 1148 2178 πάντα.
1173 2161 1182 2178 ι
1207 2152 1272 2179 Ἰδοὺ
1293 2152 1347 2188 γὰρ
1359 2151 1397 2187 τῷ
1411 2153 1499 2186 Πατρὶ
1515 2152 1545 2178 τὸ
1555 2150 1627 2179 εἶναι
1648 2152 1714 2179 θεὸν
1731 2152 1780 2178 xa‘t
1796 2152 1844 2178 ’ἐνα

1048 2198 1166 2224 δέδωκε’
1182 2197 1221 2232 τῷ
1241 2197 1270 2224 δὲ
1288 2198 1344 2232 Υξῷ
1368 2197 1398 2224 τὸ
1419 2196 1488 2224 εἶναι
1511 2197 1612 2233 Κύριον
1634 2198 1682 2224 καὶ
1699 2197 1759 2224 ἕνα.
1778 2196 1843 2233 *Δρ*

1013 2256 1035 2283 D
1049 2242 1095 2272 οὖν
1108 2244 1152 2271 διὰ
1164 2244 1244 2271 τοῦτο
1254 2244 1320 2276 Θεὸς
1330 2245 1380 2280 μὲν
1395 2245 1444 2270 οὐκ
1458 2244 1535 2271 ἔσται
1550 2245 1564 2270 ὁ
1580 2245 1652 2277 Υἱὸς,
1669 2245 1763 2280 ἐπειδὴ
1777 2245 1843 2276 Θεὸς

1051 2291 1097 2318 καὶ
1112 2288 1152 2322 εἷς
1163 2291 1178 2317 6
1189 2291 1285 2326 Πατὴρ
1301 2291 1511 2326 κατωνόμασται
1522 2299 1530 2323 ;
1543 2290 1644 2326 Κύριος
1656 2291 1684 2317 δὲ
1701 2291 1752 2317 οὐκ
1765 2291 1843 2318 ἔσται

1051 2338 1065 2363 6
1084 2336 1190 2372 Πατὴρ,
1205 2336 1298 2371 ἐπειδὴ
1316 2336 1416 2372 Κύριος
1429 2336 1475 2362 καὶ
1486 2333 1526 2368 εἷς
1536 2335 1550 2362 6
1561 2336 1622 2368 Υίὸς
1638 2336 1739 2372 ἐκλήθη
1751 2345 1759 2368 ;
1771 2337 1843 2363 Ἀλλ’

1051 2382 1100 2408 οὐκ
1110 2382 1166 2408 ἐστι
1178 2381 1267 2413 τοῦτο,
1289 2381 1326 2417 μὴ
1340 2381 1454 2416 γένοιτο.
1471 2381 1538 2409 Θεοῦ
1556 2382 1609 2418 γὰρ
1626 2382 1701 2413 δντος
1717 2382 1764 2408 τοῦ
1786 2383 1842 2409 Πα-

1050 2427 1123 2463 τρὸς,
1141 2427 1207 2459 Θεός
1223 2428 1280 2454 ἐστι
1294 2427 1340 2453 καὶ
1356 2428 1370 2454 6
1386 2427 1467 2459 Υίὸς·
1484 2427 1531 2454 καὶ
1547 2428 1650 2463 Κυρίου
1668 2428 1750 2454 πάλιν
1767 2428 1843 2460 ὄντος

1050 2473 1097 2500 τοῦ
1114 2472 1190 2506 Υίοῦ,
1208 2473 1310 2509 Κύριός
1326 2474 1400 2500 ἐστιν
1415 2474 1429 2500 6
1442 2474 1546 2509 Πατήρ.
1565 2474 1635 2500 Ἀλλ’
1660 2474 1738 2510 εἴπερ
1752 2472 1787 2510 ἦν
1803 2483 1842 2506 τις

1050 2519 1143 2552 οὐσίας
1157 2519 1272 2556 διαφορὰ
1296 2520 1345 2556 τὴν
1370 2520 1455 2547 δυάδα
1473 2520 1673 2556 διατειχίζουσα
1686 2542 1693 2554 ,
1724 2522 1773 2549 καὶ⁸
1793 2522 1842 2548 οὐκ

1052 2565 1124 2592 ἐῶσα
1138 2565 1286 2601 μίσγεσθαι
1308 2566 1430 2600 φυσικῶς
1444 2567 1485 2598 είς
1495 2567 1646 2603 ταυτότητα
1656 2587 1663 2599 ,
1678 2568 1729 2594 οὐκ
1745 2567 1789 2599 ἂν,
1804 2565 1840 2594 οἴ-

1051 2619 1109 2645 μαι,
1124 2611 1226 2646 κυρίως
1237 2611 1266 2638 τὸ
1276 2611 1322 2638 τοῦ
1335 2611 1430 2647 ἐτέρου
1444 2612 1592 2648 πρόσρημα
1608 2613 1646 2647 τῷ
1661 2612 1747 2648 ἑτέρῳ
1759 2620 1843 2648 προσ-

1050 2657 1092 2692 ῆν.
1106 2656 1216 2692 Ἐπειδὴ
1239 2657 1267 2683 δὲ
1285 2657 1374 2684 πάντα
1391 2657 1482 2684 τὰ.τοῦ
1507 2658 1614 2693 Πατρὺς
1627 2659 1656 2684 ὲν
1674 2658 1731 2692 Υίῷ
1747 2658 1842 2692 φαίνε-

1049 2709 1104 2731 ται,
1122 2701 1210 2728 καὶτὰ
1224 2702 1271 2728 τοῦ
1293 2703 1357 2729 Υἱοῦ
1373 2702 1453 2729 πάλιν
1467 2703 1495 2729 ὲν
1514 2703 1612 2739 Πατρὶ,
1627 2704 1665 2735 ὡς
1681 2704 1790 2735 οὐδενὸς
1800 2703 1842 2739 ¹ἔτι

1050 2747 1094 2773 τὶν
1109 2747 1158 2781 τῆς
1172 2748 1336 2782 ταυτότητος
1353 2748 1518 2783 διείργοντος
1537 2749 1625 2782 λόγον,
1638 2748 1716 2775 ἔσται
1732 2750 1781 2775 καὶ
1797 2749 1842 2775 αὑ·

1051 2793 1096 2825 τὴς
1110 2793 1222 2827 ἀγαθὸς,
1238 2793 1276 2825 ὡς
1287 2794 1301 2819 ὁ
1318 2794 1421 2829 Πατὴρ,
1438 2794 1485 2820 καὶ
1499 2794 1543 2821 διὰ
1561 2794 1638 2821 τοῦτο
1653 2795 1807 2830 ὁμοούσιος.

245 2879 267 2894 ³⁷
280 2879 356 2907 Deut.
373 2888 409 2915 vr,
426 2880 451 2908 ί.
490 2882 512 2896 ⁸⁸
525 2881 601 2909 Deut.
617 2888 643 2914 κ,
660 2880 709 2912 20;
727 2879 820 2908 Matth.
840 2888 876 2914 tv,
895 2880 934 2907 l0.
975 2880 994 2893 '”

1049 2880 1099 2907 tor.
1114 2886 1170 2913 vnt,
1189 2879 1215 2906 6.
