1920 3031
73 128 115 156 ll'l

444 192 549 218 ΛΑΜ).

111 243 186 269 Ὅσα
199 243 251 278 τῆς
267 244 343 279 πρὸς
365 245 476 281 ἄλληλα
500 246 617 281 φυσικῆς
640 246 782 277 κοινωνίας
801 254 830 272 τε
846 255 893 272 και

80 289 249 324 nutritum;
266 290 498 325 ἁπεσχοίνισται,
518 293 604 318 ταῦτα
621 291 652 326 δὴ
671 292 777 323 πάντως
789 291 835 318 καὶ
849 291 892 323 ξε-

83 335 180 370 νισμός
197 343 240 366 τις
258 336 407 372 ἱδιοτὴτων
422 339 474 372 τῆς
488 338 555 372 πρὸς
568 337 669 371 ἄλληλα
684 337 801 372 σχέσεως
815 345 893 371 φυσι-

85 382 138 416 κῆς
150 382 320 416 ἀποτέμνει.
337 382 404 410 Οἷον
420 384 488 419 φέρε
504 385 600 415 εἰπεῖν,
610 383 752 419 ἄνθρωπος
768 384 838 410 ἔστω
847 385 893 410 καὶ

88 427 175 459 ἵππιος
195 427 228 454 τὰ
245 429 452 464 σημαινόμενα.
476 430 625 466 Ἀνθρώπῳ
644 430 692 464 μὲν
707 430 760 465 γὰρ
779 430 815 461 ὡς
827 429 894 464 πρὸς

88 473 136 500 τὸν
153 473 239 500 ἵππον
255 473 322 506 ξένα
332 475 368 501 τὰ
388 475 454 506 ἴδια,
469 475 545 511 ἵππῳ
560 475 588 502 δὲ
606 476 686 502 πάλιν
705 475 742 506 ὡς
761 475 828 510 πρὸς
847 475 894 502 ἄν-

90 519 214 554 Θρωπον,
225 519 257 545 οὐ
273 520 364 546 ταυτὰ
380 520 415 546 τὰ
429 521 503 552 ἰδίως
518 522 662 557 προσόντα.
683 521 714 548 Εἰ
736 522 825 548 τοίνυν
841 530 892 556 φυ-

92 565 158 600 σική
176 574 217 596 τις
228 565 374 597 διάστασις
384 566 472 602 εἴργει
483 568 528 594 τὸν
544 568 617 599 Υὶὸν,
639 568 686 594 καὶ
695 568 835 604 ἀλλότριον
845 568 894 604 τῆς

91 611 141 637 τοῦ
155 611 263 646 Πατρὸς
274 611 372 644 οὐσίας
383 613 448 639 ὄντα
460 613 586 646 δεικνύει,
605 614 665 645 πῶς
681 614 714 641 τὰ
728 614 775 641 τοῦ
789 615 894 651 Πατρὸς

93 657 150 683 [δὶα
175 657 303 692 φαίνεται
317 658 428 693 (popina;
448 659 508 691 πῶς
529 660 556 686 δὲ
570 660 584 686 ὁ
601 659 707 696 Πατὴρ,
724 661 804 696 εἴπερ
819 663 893 688 ἐστὶν

92 701 238 737 ἀὶλὰτριος
251 703 324 730 κατὰ
346 704 426 738 φύσιν
440 705 487 731 τοῦ
502 705 576 736 Υἱοῦ,
587 705 621 732 τὰ
633 706 715 733 αὐτοῦ
732 707 784 734 ἴδια
797 709 892 743 (paper;

100 748 246 784 Ἀληῡεύει
260 750 317 786 γὰρ
331 750 418 785 λέγων
441 753 455 777 ὀ
467 752 560 787 Σωτὴρ
575 752 612 784 ὡς
632 753 700 788 πρὸς
712 753 758 779 τὸν
773 754 892 789 Πατέρα,

93 794 136 820 ὃτι
151 803 162 819 ι
187 794 281 822 Πάντα
293 795 329 822 τὰ
346 796 400 831 ἐμὲ
424 796 458 822 σά
473 797 529 822 ἐστι
542 804 549 811 '
577 797 624 823 καὶ
643 797 732 824 πάντα
742 797 775 824 τὰ
790 798 824 824 σὰ
840 799 894 834 ἐμά

93 841 186 867 ἐστιν.
202 849 211 865 ι
226 840 259 867 Εἰ
272 841 363 868 τοίνυν
379 843 480 872 πάντα,
496 842 524 868 ἓν
541 842 569 869 δὲ
581 842 635 869 τῶν
650 843 758 870 πάντων
773 844 831 870 ἐστὶ
849 846 894 871 καὶ

92 884 126 911 τὺ
141 884 236 920 ἄκρως
252 885 366 919 ἀγαθὸν,
385 885 440 919 ἕξει
456 886 534 913 τοῦτο
549 886 594 913 καὶ
608 887 621 913 ὁ
636 886 700 918 Υἱὸς
721 887 818 920 ἰδίωμα
844 888 894 923 φύ-

95 939 170 962 σεως
183 931 307 967 ὑπάρχον
326 932 463 967 πατρικῆς
492 932 529 964 ὡς
549 932 579 964 ἐξ
593 931 674 958 αὑτοῦ
691 932 841 967 προελθών.
864 933 893 960 Ὀ

93 976 122 1002 δὲ
134 977 186 1011 τῆς
197 978 340 1013 πατρικῆς
355 977 448 1008 οὐσίας
459 977 528 1013 ἔχων
541 978 574 1004 τὰ
592 977 656 1011 tam,
677 978 718 1012 εἴη
737 979 844 1010 πάντως
860 979 893 1006 ἂν

95 1023 147 1049 καὶ
163 1024 322 1058 ὁμοούσιος.

96 1079 158 1117 ὀτι
175 1081 341 1117 ὁμρούσιος
364 1082 381 1108 ὁ
406 1081 475 1114 Υιὸς
501 1081 540 1117 ζῷ
564 1082 668 1115 Harp},
695 1082 892 1117 προκειμένου

128 1115 227 1152 {iure}?
239 1123 247 1130 ο
272 1126 282 1141 ι
301 1117 469 1152 Πορεύομαι
485 1115 559 1150 πρὸς
572 1117 626 1143 τὸν
636 1119 751 1152 Πατέρα
758 1115 830 1151 nos},
843 1117 894 1144 καὶ

132 1150 252 1184 Πατέρα
264 1151 360 1185 ὑμῶν,
375 1151 425 1178 καὶ
445 1151 520 1178 Θεόν
533 1160 603 1186 μου,
620 1152 668 1179 καὶ
685 1150 764 1179 Θέὸνν
774 1153 867 1187 ὑμῶν.
881 1162 890 1178 ι

132 1206 198 1233 Ὅτε
211 1206 262 1242 τὴν
277 1207 326 1234 τοῦ
343 1207 489 1243 ἀνθρώπου
504 1208 610 1244 μορφὴν
624 1209 638 1234 ὀ
659 1208 705 1235 τοῦ
718 1208 785 1236 Θεοῦ
807 1210 893 1244 Λόγος

95 1252 278 1288 προεϐάλετο
290 1274 298 1285 ,
319 1254 366 1280 καὶ
390 1253 435 1280 διὰ
448 1254 497 1289 τὴν
513 1254 640 1281 ἁπάντων
655 1254 732 1289 ἡμῶν
757 1255 894 1290 σωτηρίαν

97 1296 230 1332 ὑπάρχων
244 1299 277 1325 ὲν
296 1298 388 1333 μορφῇ
405 1297 485 1330 Θεοῦ,
503 1297 573 1325 καθὰ
588 1298 752 1333 γέγραπται,
768 1298 893 1325 τεταπει-

95 1351 183 1374 νωκεν
199 1343 311 1376 ἑαυτὸν,
321 1343 383 1370 τότε
393 1343 425 1378 δὴ
441 1343 488 1370 καὶ
500 1343 537 1375 ὡς
550 1343 693 1378 ἄνθρωπος
707 1343 765 1370 ἐσθ’
781 1344 825 1371 ὅτε
836 1344 894 1371 δια-

95 1388 219 1422 λέγεται,
226 1389 306 1416 οὐδὲν
317 1389 495 1424 ἀδικούμενος
505 1390 545 1420 εἰς
551 1390 601 1423 τὴν
609 1389 687 1422 δόξαν
697 1389 746 1426 τὴν
755 1389 892 1426 θεοπρεπῆ

95 1434 138 1460 διὰ
150 1433 261 1461 τούτου.
287 1435 320 1460 Εἰ
338 1435 393 1470 γὰρ
412 1435 497 1466 ὅντως
514 1434 657 1470 ἄνθρωπος
676 1436 782 1469 γέγονε,
803 1436 850 1462 καὶ
863 1436 892 1462 οὐ

96 1479 140 1505 διὰ
155 1480 238 1506 τοῦτο
259 1481 367 1515 ἀπέστη
383 1481 430 1508 τοῦ
447 1478 516 1507 εἶναι
536 1481 612 1514 Θεὸς,
627 1482 679 1509 κᾶν
693 1482 731 1514 ὡς
751 1482 894 1517 ἄνθρωπος

96 1525 217 1559 γεγονὼς
230 1526 300 1561 λέγῃ
313 1526 347 1552 τὰ
357 1527 497 1562 ἀνθρώπῳ
512 1527 662 1562 πρέποντα,
674 1528 703 1553 οὺ
718 1527 762 1554 διὰ
773 1527 853 1554 τοῦτο
863 1527 893 1553 τὸ

97 1571 251 1607 Θεοπρεπὲς
263 1573 374 1608 ἀξίωμα
387 1572 590 1608 ζημιωθήσεται
602 1581 608 1588 ·
623 1573 682 1600 ἀλλ’
696 1573 772 1600 ἔσται
789 1573 869 1600 πάλιν
879 1573 893 1599 ὁ

97 1616 188 1647 αὐτὸς,
205 1617 364 1652 φερομένης
380 1617 428 1643 ἐπὶ
443 1617 493 1652 τὴν
508 1618 665 1653 οἰκονομίαν
689 1618 738 1653 τῆς
760 1619 789 1644 ἐν
803 1617 894 1651 λόγοις

97 1663 304 1697 ταπεινότητος,
322 1663 385 1689 Ὅτι
397 1663 426 1689 δὲ
441 1663 620 1698 οἰκονομικῶς
640 1663 678 1695 ὡς
698 1663 840 1700 ἄνθρωπος
861 1663 894 1690 τὰ

97 1707 211 1734 τοιαῦτά
229 1716 308 1743 φησι,
324 1707 417 1739 καλῶς
429 1708 497 1743 ὅπερ
509 1709 638 1744 ἀνείληφε
660 1709 756 1744 σχῆμα
777 1709 849 1744 λόγῳ
863 1717 893 1735 τε

99 1753 146 1779 καὶ
157 1753 232 1788 ἔργῳ
255 1753 411 1788 φυλάττων,
438 1754 562 1781 ἐντεῦθεν
577 1755 717 1789 εἰσόμεθα.
741 1755 822 1788 Λέγει
839 1755 893 1790 γάρ

101 1808 151 1825 που
172 1799 240 1833 πρὸς
254 1799 305 1834 τὴν
320 1800 349 1826 ὲν
359 1801 393 1835 τῇ
411 1800 553 1835 Σαμαρείᾳ
569 1801 685 1833 γυναῖκα
698 1800 728 1826 τὸ
750 1801 893 1828 Ἰουδαϊκὸν

101 1845 316 1880 ὑποκρινόμενος
343 1845 505 1881 πρόσωπον·
534 1854 543 1870 ι
573 1846 667 1880 Ὑμεῖς
690 1847 893 1882 προσκυνεῖτεό

101 1889 149 1915 οὐκ
160 1890 250 1916 οἴδατε
260 1897 266 1903 ·
283 1890 366 1925 ἡμεῖς
379 1889 584 1925 προσκυνοῦμεν
595 1889 609 1915 ὅ
625 1890 747 1925 οἴδαμεν.
765 1900 774 1916 ι
796 1891 891 1917 Καίτοι

101 1935 153 1960 τῶν
164 1935 412 1970 προσκυνουμένων
430 1935 527 1967 ὁΥἱὺς,
541 1935 572 1961 οὺ
586 1935 640 1961 τῶν
658 1935 890 1971 προσκυνούντων,

103 1980 167 2007 ἔστι.
186 1990 195 2006 ε
209 1981 486 2016 Προσκυνησὰτωσαν
503 1981 557 2016 γὰρ
576 1981 662 2016 αὐτῷ,
687 1982 767 2017 φησι,
792 1982 893 2014 πάντες

103 2028 210 2061 ἄγγελοι
223 2029 304 2055 Θεοῦ.
327 2039 336 2055 ι
357 2029 412 2056 Καὶ
428 2029 492 2064 περὶ
504 2030 552 2065 μὲν
567 2029 691 2064 ἀγγέλων
709 2030 725 2066 ἢ
740 2031 837 2066 ἐτέρας
853 2041 893 2058 τι-

104 2074 145 2104 νος
166 2074 216 2108 τῆς
231 2073 292 2100 κατ’
315 2074 415 2105 αὐτοὺς
428 2074 532 2106 τάξεως
553 2074 629 2101 οὐδὲν
655 2075 768 2110 φέρεται
788 2076 893 2103 τοιοῦτο

105 2119 174 2154 παρὰ
186 2120 248 2151 ταῖς
262 2118 349 2150 θείαις
365 2119 496 2155 Γραφαῖς.
509 2120 546 2145 Οὐ
561 2118 616 2154 γὰρ
632 2119 759 2154 ἀγγέλοις
781 2121 891 2148 κελεύε-

106 2166 194 2197 uin;
208 2167 384 2200 προσκυνεῖν,
400 2165 469 2192 ἀλλὰ
486 2165 559 2200 μόνῳ
574 2165 644 2201 Θεῷ.
657 2166 814 2202 Γέγραπται
826 2167 890 2203 γάρ·

821 129 1042 157 ΤΙΙΕΞᾸΙΠΗῙΒ.

909 193 929 219 Α
1280 187 1395 215 ALIUD.

1683 130 1732 156 iis

981 246 1045 278 Qua:
1067 251 1083 272 a
1103 243 1218 271 naturali
1243 244 1314 270 inter
1330 250 1359 270 se
1374 243 1563 270 convenientia
1581 243 1734 270 identitulc-

946 298 997 324 que
1017 291 1103 317 aliena
1118 294 1189 321 sunt,
1212 297 1242 316 ea
1259 289 1339 316 etiam
1360 289 1557 324 proprietatum
1578 289 1731 317 differentia

947 336 1059 362 naturali
1085 336 1214 363 relatione
1230 335 1302 362 inler
1327 343 1359 362 se
1375 335 1592 368 distinguuntur.
1610 335 1733 369 Exempli

946 382 1044 416 gratia,
1061 382 1140 408 homo
1159 385 1186 408 et
1204 388 1301 415 equus.
1326 380 1413 408 Homo
1433 380 1506 407 enim
1520 387 1590 414 equo
1608 380 1735 413 collatus,

946 427 1068 454 diversas
1091 426 1171 454 habet
1195 426 1394 461 proprietates;
1420 433 1520 460 equum
1545 433 1609 453 vero
1632 425 1655 452 si
1674 433 1734 453 cum

948 473 1057 500 homine
1077 472 1212 505 conferas,
1229 479 1281 499 non
1299 472 1394 499 eadem
1411 472 1519 506 utrique
1535 476 1599 499 sunt
1615 472 1733 506 propria.

948 517 975 545 Si
994 525 1058 552 ergo
1074 517 1205 544 naturalis
1223 517 1313 552 aliqua
1333 517 1462 544 distantia
1487 521 1562 544 arcet
1583 517 1692 549 Filium,
1708 523 1736 545 et

946 563 1063 590 alienum
1089 570 1120 590 ac
1140 563 1277 590 diversum
1299 563 1333 590 ab
1356 564 1474 590 essentia
1490 562 1581 590 Patris
1603 562 1734 595 declarat,

947 617 1001 644 quo
1024 614 1103 644 pacto
1120 609 1209 637 Patris
1234 610 1413 644 proprietates
1436 617 1531 645 gerere
1552 609 1734 645 deprehendi-

947 656 1008 684 tur?
1023 664 1077 691 quo
1099 661 1179 690 pacto
1196 664 1260 683 vero
1277 655 1368 688 Pater,
1392 657 1414 683 si
1432 657 1545 684 diversae
1564 661 1607 683 est
1630 660 1736 683 natura).

948 711 961 729 a
980 702 1058 736 Filio,
1072 709 1132 736 quae
1147 702 1254 736 propria
1273 707 1337 729 sunt
1349 701 1426 735 Filio,
1438 702 1544 736 gestat?
1562 702 1647 729 Verax
1660 702 1734 728 enim

947 752 988 775 est
1003 748 1141 781 Servator,
1162 749 1194 775 ad
1213 748 1319 775 Patrem
1336 748 1430 775 dicens
1446 757 1452 775 :
1472 758 1481 773 ι
1499 748 1594 776 Omnia
1613 756 1672 776 mea
1687 752 1733 775 tua

948 799 1020 826 sunt,
1035 798 1061 820 et
1075 794 1166 821 omnia
1190 798 1233 820 tua
1256 799 1318 821 sunt
1337 801 1395 820 mea
1407 794 1442 821 ὀ.
1461 804 1469 819 ι
1488 794 1515 821 Si
1532 794 1613 829 igitur
1632 794 1734 828 omnia,

948 849 1030 867 unum
1049 848 1115 868 vero
1137 841 1258 867 omnium
1283 844 1325 867 est
1345 840 1416 874 quod
1440 847 1545 867 summe
1568 840 1666 866 bonum
1682 843 1733 871 est,

946 886 998 912 erit
1010 885 1092 912 etiam
1107 885 1165 912 haec
1179 884 1304 912 essentia:
1318 889 1437 918 paternae
1453 883 1605 918 proprietas
1626 882 1651 910 in
1665 882 1734 909 Filio

945 931 992 966 qui
1008 939 1040 958 ex
1056 931 1134 958 Patre
1147 930 1289 965 processit.
1302 929 1352 963 Qui
1369 936 1432 957 vero
1445 934 1564 963 paterna:
1577 927 1735 955 substantiae

944 977 1125 1012 proprietates
1146 976 1237 1008 habet,
1266 975 1420 1002 necessario
1444 975 1530 1002 etiam
1555 974 1734 1002 consubstan-

945 1021 1016 1049 tialis
1031 1027 1083 1049 est.

946 1078 997 1113 71
1012 1078 1088 1110 Quod
1104 1079 1334 1107 cansnbslnrztinlis
1348 1081 1381 1107 sit
1398 1078 1484 1106 Filius
1497 1078 1583 1110 Patri,
1595 1086 1627 1104 ea:
1638 1078 1708 1104 dicto
1724 1084 1734 1104 :

983 1123 992 1138 ι
1015 1113 1088 1140 Vada
1112 1115 1146 1140 ad
1167 1113 1275 1141 Patrem
1296 1123 1394 1145 meum,
1419 1119 1442 1140 et
1469 1113 1575 1140 Patrem
1602 1118 1734 1144 vestrum;

980 1153 1003 1175 et
1026 1147 1110 1175 Deum
1129 1154 1224 1182 meum,
1244 1154 1267 1176 ει
1283 1149 1367 1176 Deum
1381 1154 1495 1177 vestrum
1506 1149 1539 1174 Μ.
1554 1157 1563 1174 ι

980 1207 1045 1235 Cum
1064 1207 1109 1235 Dei
1132 1207 1248 1235 Verbum
1274 1207 1419 1235 humanam
1443 1206 1559 1233 formam
1576 1205 1734 1240 assumpsit,

945 1257 972 1280 et
994 1257 1104 1288 propter
1128 1257 1247 1288 nostram
1270 1253 1389 1280 omnium
1414 1252 1529 1279 salutem
1551 1251 1686 1278 exsistens
1707 1251 1734 1278 in

946 1297 1031 1325 forma
1050 1299 1105 1330 Dei,
1118 1298 1188 1325 sicut
1200 1298 1330 1333 scriptum
1343 1303 1397 1331 est,
1411 1297 1563 1324 humiliavit
1575 1296 1733 1331 seipsum",

946 1348 1001 1371 tum
1019 1348 1093 1376 certe
1116 1344 1198 1371 etiam
1215 1349 1243 1370 ut
1269 1346 1352 1371 homo
1368 1344 1504 1371 interdum
1522 1343 1650 1377 loquitur,
1667 1342 1734 1369 nihil

944 1394 1036 1416 tamen
1054 1395 1113 1416 eam
1134 1390 1169 1416 ob
1192 1397 1301 1417 causam
1326 1389 1425 1416 divinae
1452 1396 1508 1415 sua:
1528 1388 1621 1423 gloriae
1643 1388 1734 1415 detra-

946 1434 1024 1461 hens.
1049 1434 1077 1462 Si
1101 1436 1172 1462 enim
1194 1442 1257 1463 rere
1275 1435 1362 1463 factus
1377 1440 1418 1462 est
1444 1435 1535 1468 homo,
1562 1441 1614 1462 non
1632 1433 1734 1461 idcirco

945 1481 1024 1508 desiit
1040 1489 1100 1509 esse
1112 1483 1233 1514 Deus,ae
1250 1482 1369 1515 tametsi,
1388 1486 1418 1508 ut
1434 1481 1521 1509 factus
1538 1475 1630 1513 homo,
1646 1480 1734 1514 loqui-

946 1532 990 1554 tur
999 1535 1060 1562 quae
1073 1528 1175 1554 homini
1191 1528 1364 1560 conveniunt,
1382 1528 1448 1555 nihil
1464 1532 1552 1554 tamen
1568 1527 1664 1553 divinae
1677 1533 1734 1552 sure

945 1573 1068 1609 dignitati
1081 1573 1211 1606 discedit;
1225 1575 1272 1601 sed
1287 1574 1356 1601 idem
1374 1575 1430 1608 ipse
1445 1578 1497 1605 est,
1511 1572 1662 1600 humilitate
1674 1580 1734 1607 qua:

947 1620 974 1646 in
986 1619 1076 1647 verbis
1087 1624 1128 1647 est
1142 1620 1174 1647 ad
1191 1620 1404 1647 incarnationem
1423 1621 1517 1647 relata.
1533 1619 1609 1652 Quod
1622 1626 1684 1646 vero
1699 1619 1732 1644 ad

945 1666 1159 1693 incarnationem
1174 1667 1321 1699 respiciens
1334 1666 1487 1701 hnjusmodi
1505 1670 1533 1692 ut
1548 1665 1628 1692 homo
1643 1664 1733 1698 loqui-

944 1716 997 1745 tur,
1013 1713 1127 1746 pulchre
1149 1711 1264 1739 l‘ormam
1283 1717 1364 1747 quam
1384 1711 1531 1746 assumpsit
1551 1711 1634 1738 verbo
1651 1715 1734 1744 atque

944 1765 1025 1792 opere
1044 1765 1157 1786 servans
1180 1766 1213 1785 ac
1233 1766 1287 1793 pne
1301 1755 1337 1786 'se
1359 1758 1461 1790 ferens,
1486 1757 1550 1785 hinc
1569 1764 1733 1790 cognoscere

944 1805 1101 1838 poterimus.
1120 1804 1225 1833 Alieubi
1240 1806 1312 1832 enim
1328 1805 1361 1831 ad
1378 1805 1518 1832 mulierem
1534 1803 1731 1831 Samaritanam

943 1849 1026 1877 Judtei
1052 1858 1197 1885 personam
1233 1850 1380 1885 praeferens
1408 1851 1443 1877 ita
1476 1850 1594 1884 loquitur
1617 1858 1623 1875 :
1648 1848 1734 1876 «‘Vos

943 1896 1062 1923 adoratis
1077 1896 1148 1931 quod
1169 1896 1290 1928 nescitis,
1315 1904 1365 1923 nos
1385 1901 1475 1923 autem
1499 1896 1643 1922 adoramus
1662 1895 1733 1928 quod

944 1941 1045 1968 scimus
1056 1941 1089 1968 ".
1108 1951 1116 1967 ι
1143 1941 1236 1976 Neque
1260 1942 1330 1967 cnim
1350 1941 1434 1968 Filius
1460 1949 1492 1968 ex
1519 1948 1614 1968 eorum
1639 1941 1734 1967 ordine

943 1986 1040 2020 estqui
1057 1986 1183 2019 adorant,
1199 1987 1246 2013 sed
1260 1986 1308 2020 qui
1321 1986 1479 2013 adorantur.
1500 1995 1509 2011 ι
1523 1986 1645 2013 Adorent
1660 1985 1732 2012 enim

942 2039 1017 2062 eum.
1032 2032 1119 2066 inquit
1134 2032 1291 2067 Scriptura.
1309 2040 1405 2060 omnes
1419 2032 1508 2066 angeli
1525 2031 1618 2059 Dei“.
1635 2041 1644 2058 ›
1661 2031 1731 2058 Nihil

943 2085 1006 2105 vero
1025 2078 1159 2113 ejusmodi
1181 2083 1227 2105 aut
1252 2079 1356 2114 angelis
1377 2083 1423 2106 aut
1439 2078 1485 2106 ulli
1507 2077 1594 2105 ordini
1613 2086 1626 2104 ιι
1645 2078 1732 2104 sacris

943 2123 1052 2151 Litteris
1085 2123 1215 2151 defertur.
1243 2124 1335 2159 Neque
1360 2124 1430 2151 enim
1457 2124 1601 2159 quisquam
1622 2121 1733 2157 iubetur

943 2170 1053 2204 angelos
1081 2170 1206 2202 adorare,
1234 2173 1281 2198 sed
1305 2171 1392 2198 solum
1415 2170 1508 2198 Deum.
1533 2170 1668 2204 Scriptmu
1693 2174 1733 2196 est

110 2221 118 2237 (
128 2211 226 2242 Κύριον
236 2212 283 2238 τὸν
294 2211 360 2238 Θεόν
376 2220 422 2238 σου
438 2212 648 2247 προσκυνήσεις,
667 2213 714 2238 καὶ
725 2213 800 2248 αὐτῷ
817 2214 890 2249 μόνῳ

947 2215 1012 2241 enim
1027 2223 1034 2241 :
1052 2224 1061 2240 ι
1080 2214 1223 2242 Dominum
1245 2215 1330 2242 Deum
1344 2219 1417 2242 tmun
1441 2214 1579 2246 adorabis,
1597 2219 1624 2241 et
1644 2213 1667 2241 ei
1682 2214 1732 2240 soli

108 2257 269 2293 λατρεύσεις.
290 2267 299 2283 ›
313 2258 419 2293 Ὥσπερ
434 2257 524 2284 τοίνυν
540 2258 776 2293 προσκυνούμενος
790 2260 804 2286 6
815 2259 890 2291 Υἱὸς,

109 2305 263 2339 προσκυνεῖν
276 2311 358 2339 φησιν
371 2303 550 2338 οἰκονομικῶς
559 2324 566 2337 ,
584 2303 621 2335 ὠς
637 2303 790 2339 ἄνθρωπος,
805 2304 891 2336 οὕτως

109 2349 239 2380 ὅτινΘεὺς
254 2349 326 2376 κατὰ
341 2349 422 2382 φύσιν
438 2349 579 2384 ὑπάρχων,
588 2349 655 2376 Θεὸν
667 2349 765 2376 ἑαυτοῦ
780 2349 826 2376 τὸν
836 2351 891 2376 Πα-

111 2395 167 2430 τέρα
179 2395 262 2430 καλῇ,
283 2395 363 2422 πάλιν
378 2395 416 2426 ὠς
437 2394 579 2430 ἄνθρωπος
595 2396 786 2431 οἰκονομικῶς,
802 2397 831 2423 οὐ
846 2397 891 2423 διὰ

111 2441 180 2467 τοῦτο
199 2441 246 2468 τοῦ
263 2439 334 2468 εἶναι
358 2441 426 2473 Θεὸς
445 2441 660 2477 ὲκὸληοήσεται·
683 2442 741 2468 ἀλλ’
758 2443 796 2474 ὡς
818 2443 890 2470 κατὰ

114 2488 180 2521 ιξύσιν
197 2488 270 2521 Υἱὸς,
287 2487 364 2514 ἔσται
379 2487 408 2514 δὲ
425 2487 577 2522 ὁμοούσιος.

441 2583 542 2610 ΑΛΛΟ.

140 2639 164 2666 ΕΞ
177 2641 201 2667 ἐν
214 2642 309 2677 μορφῇ
327 2640 398 2667 Θεοῦ
416 2640 546 2676 ὑπάρχων
560 2643 573 2668 ὁ
591 2642 653 2673 ὶ’ἱ³›;
669 2644 716 2670 καὶ
741 2644 770 2670 ἐν
785 2645 887 2680 ἰσότητι

116 2685 180 2718 (τοῦτο
190 2688 244 2723 γὰρ
260 2689 275 2714 ὀ
286 2686 400 2718 Παῦλὸς
414 2688 502 2722 φησι),
516 2687 582 2714 Θεὸν
596 2688 652 2723 ἔχει
665 2690 735 2716 κατὰ
749 2690 829 2722 φύσιν
842 2691 888 2718 τὸν

114 2731 159 2759 θεὸν
170 2734 210 2760 καὶ
227 2733 359 2769 Πατέρα,
376 2732 487 2759 δύναται
505 2733 610 2765 τούτοις
620 2735 783 2762 ὑποπίπτειν
798 2737 813 2771 ἡ
829 2736 887 2763 Οεία

132 2820 148 2835 ’⁸
159 2819 232 2847 Juan.
254 2826 329 2850 xv",
356 2817 406 2844 l0.
456 2818 475 2833 "
493 2817 571 2845 Joau.
591 2827 635 2849 xx.
656 2820 695 2847 17.

409 2851 422 2857 -
456 2824 571 2859 '_"Jro_au.
591 2824 695 2859 xxtﬂli.
749 2824 770 2838 ν’
786 2824 901 2859 Philipp.

107 2855 147 2888 1,6.
178 2857 201 2873 "
218 2856 303 2883 Dcul.
325 2860 367 2885 γι,
392 2853 441 2885 15;
463 2853 555 2880 Matth.
575 2862 609 2888 tv,
631 2856 672 2882 i0.

945 2259 1047 2286 servies
1058 2259 1092 2287 ".
1109 2269 1118 2286 ι
1140 2259 1373 2293 Quemadmodum
1398 2262 1480 2296 igitur
1503 2261 1525 2288 is
1543 2261 1585 2288 cui
1609 2261 1733 2287 adoratio

944 2304 1068 2337 debetur,
1089 2306 1203 2333 adorare
1227 2313 1257 2333 se
1283 2307 1350 2334 dicit
1377 2311 1500 2341 respectu
1526 2306 1730 2338 incarnationis,

945 2353 974 2376 ιιι
999 2350 1079 2377 homo
1102 2359 1109 2377 :
1133 2350 1180 2381 ita,
1205 2351 1312 2385 quando
1335 2351 1391 2385 ipse
1419 2351 1579 2378 naturaliter
1598 2351 1732 2378 exsistcus

946 2396 1014 2423 Deus
1032 2396 1138 2423 Patrem
1163 2398 1245 2424 Deum
1267 2405 1344 2425 suum
1364 2403 1459 2431 vocat,
1481 2399 1576 2425 iterum
1601 2402 1630 2424 ut
1653 2398 1732 2424 homo

945 2446 1069 2477 respectu
1092 2443 1287 2470 incarnationis
1311 2443 1440 2478 loquitur,
1466 2452 1518 2470 non
1541 2443 1643 2470 idcirco
1660 2443 1731 2470 Deus

943 2496 1003 2516 esse
1027 2489 1137 2521 desinit,
1159 2489 1205 2516 sed
1232 2495 1261 2517 ut
1283 2491 1443 2518 naturaliter
1463 2491 1556 2522 Filius,
1573 2491 1625 2518 erit
1649 2489 1729 2517 etiam

944 2534 1192 2561 t-mlsubstantiulis.

1276 2590 1392 2618 ALIUD.

978 2649 1005 2675 Si
1028 2649 1053 2675 in
1076 2650 1162 2676 forma
1188 2649 1394 2684 mqualilateque
1419 2648 1466 2675 Dei
1492 2648 1626 2675 exsistcns
1645 2648 1729 2676 Filius

942 2694 990 2727 (ita
1004 2695 1074 2722 enim
1093 2695 1190 2722 Paulus
1204 2695 1264 2730 ait),
1281 2695 1362 2722 Deum
1387 2695 1467 2722 habet
1481 2696 1628 2722 secundum
1651 2701 1729 2721 natu-

942 2747 998 2766 tam
1014 2741 1100 2775 ipsmu
1119 2741 1201 2769 Deum
1222 2749 1254 2769 ac
1270 2741 1388 2774 Patrem,
1403 2746 1431 2769 et
1450 2741 1540 2769 divina
1557 2745 1652 2767 natura
1667 2740 1728 2767 huic

923 2834 951 2859 ιι,
967 2827 993 2859 (ἶ,
1014 2827 1038 2852 7.

1083 2828 1103 2843 ²¹³
1124 2827 1199 2855 Joan.
1219 2836 1256 2859 ιν,
1274 2830 1318 2856 Ξξὶ,
1373 2830 1392 2846 9"
1415 2829 1486 2857 Psal.
1508 2836 1578 2863 xct't,
1595 2828 1627 2862 8;
1645 2827 1725 2855 [ιι-[ιι.
