1920 3031
205 134 255 163 125

703 132 732 160 S.
755 131 888 159 CYRILLI
908 129 1141 158 ALEXANDRINI
1163 131 1322 159 ARCIIIEP.

1793 133 1855 162 1%

205 189 366 220 naturaliter
381 189 480 220 bonus,
503 187 657 215 excluditur
682 188 733 214 hac
751 188 776 214 iu
792 192 868 222 parte
888 194 902 213 a
918 186 993 213 simi-

1069 196 1088 213 LV
1105 187 1207 222 ἀγαθὸν
1219 188 1264 215 τὸν
1277 189 1354 221 Θεὸν,
1370 189 1531 217 ἐκϐάλλεται
1550 190 1598 225 τῆς
1611 190 1681 218 κατὰ
1698 191 1780 218 τοῦτο
1792 191 1855 225 ἑμ-

205 237 320 264 litudine
335 243 396 263 cum
413 234 495 262 Patre
515 234 610 266 Filius,
629 238 654 260 el
672 233 759 259 minus
780 233 865 259 bonus
880 237 931 265 est,
952 236 994 258 at-

207 291 259 318 que
275 282 376 309 idcirco
391 288 443 307 non
464 278 712 309 consubstantialis,
734 277 804 304 dicat
830 277 907 304 nobis
921 276 996 310 quis-

207 330 278 362 piam
303 335 396 354 eorttm
416 327 461 362 qui
484 326 593 353 Christo
619 324 717 351 hellmn
743 323 908 355 indixerunt,
931 322 996 357 quid

209 374 309 400 taeiant
322 373 344 400 si
358 373 439 400 etiam
459 380 506 399 nos
522 371 610 399 simile
623 369 724 404 aliquid
741 369 780 395 eis
799 375 994 403 proponamus.

210 419 278 446 Dicit
302 419 373 445 enim
399 418 497 445 alicubi
521 415 629 450 quidam
653 423 686 442 ex
709 415 813 442 sanctis
836 415 868 441 de
885 415 939 442 Deo
964 422 996 441 ac

208 465 288 492 Patre
306 465 375 499 quod
393 465 462 490 Deus
488 463 522 489 sit
547 462 675 491 lumen';
700 461 766 487 dicit
784 468 847 487 vero
867 460 936 487 idem
963 461 996 487 de

209 511 289 542 Filio,
306 511 377 544 quod
398 510 433 537 sit
453 509 542 535 lumen
566 515 658 535 verum
673 507 694 535 ³.
717 507 786 534 Evce
808 506 887 533 Pater
905 507 994 533 lumen

210 558 320 589 dicitur,
348 561 374 582 et
397 555 482 582 Filius
510 555 572 581 item
602 553 702 582 lumen.
731 553 786 580 Soli
812 558 900 580 autem
928 552 997 580 Filio

210 603 337 630 tribuitur
353 601 424 636 quod
447 601 482 627 sit
498 608 584 626 verum
610 600 712 626 lumen.
729 598 810 626 Pater
830 598 922 633 itaque
940 606 992 625 non

209 649 259 675 erit
275 655 368 675 verum
393 647 494 680 lumen,
513 647 536 674 si
557 646 666 681 quidem
682 645 801 673 Joannes
817 645 843 672 id
863 645 913 673 soli
929 645 998 672 Filio

209 693 332 720 ascribit.
351 693 433 728 Atqui
457 693 593 720 neminem
618 692 738 719 arbitror
761 698 794 719 eo
815 692 927 719 insania:
951 692 998 719 de-

210 745 363 771 venturum,
386 744 415 766 ut
432 739 498 766 adeo
521 738 630 772 impiam
652 737 807 771 opinionem
826 737 895 764 tueri
919 737 996 765 velit.

210 787 239 814 Si
255 794 320 821 ergo
337 794 396 813 eum
410 785 493 813 Filius
508 785 580 812 solus
594 791 657 812 vere
673 788 786 812 vocetur
800 788 826 811 et
844 783 880 811 sit
896 783 997 816 lumen,

209 840 274 860 vero
294 833 376 860 etiam
396 833 447 859 hoc
470 832 557 866 ipsum
579 835 621 858 est
640 830 730 864 Pater,
747 838 807 857 eum
824 829 904 858 Pater
922 835 998 857 natu-

210 878 304 905 raliter
321 879 356 904 sit
374 877 470 909 bonus,
485 883 511 904 et
531 877 640 911 quidem
653 877 736 908 solus,
754 876 898 903 eritetiam
914 875 998 903 Filius

210 924 373 951 naturaliter
397 924 502 954 lienus,
528 923 754 958 quemadmodum
776 927 803 948 et
829 921 920 948 Pater.
946 921 998 948 Ubi

211 975 303 997 autem
326 975 368 996 est
391 970 516 996 identitas
540 974 654 1001 naturae,
675 968 712 995 ibi
728 968 811 995 etiam
834 967 945 995 omnino
959 972 1000 994 est

211 1015 492 1044 consubstantialitas.

548 1103 659 1133 ALIUD.

247 1162 276 1190 Si
294 1170 327 1190 ex
341 1169 373 1190 eo
387 1161 458 1196 quod
475 1161 565 1195 aliqua
582 1161 608 1187 in
622 1168 651 1188 re
664 1160 770 1187 dili‘erat
783 1159 867 1186 Filius
880 1167 894 1186 ιι
909 1159 999 1192 Patre,

213 1209 243 1236 lit
260 1213 288 1236 ut
305 1217 356 1235 non
372 1208 493 1235 eamdem
509 1215 568 1234 cum
590 1214 621 1234 eo
635 1207 780 1234 essentiam
797 1206 901 1232 habere
923 1206 982 1232 dira
993 1220 1001 1226 -

214 1259 268 1287 tur,
287 1256 333 1282 sed
351 1254 464 1281 alterius
480 1253 587 1288 generis
601 1256 627 1279 et
642 1252 840 1285 quodammodo
855 1256 1002 1278 extraneus

213 1302 259 1333 sit,
276 1306 349 1327 certe
367 1301 388 1328 si
413 1300 438 1327 in
455 1300 528 1326 nullo
545 1298 662 1329 dilTerat,
680 1296 922 1325 consubstantialis
938 1297 1000 1323 erit.

213 1346 279 1373 Cum
302 1354 365 1381 ergo
390 1354 468 1373 sacra
490 1345 632 1379 Scriptura
648 1344 713 1371 dicit
731 1343 763 1370 de
780 1342 858 1370 Patre
874 1343 944 1377 quod
968 1342 1003 1369 sit

213 1391 316 1424 lumen,
333 1397 360 1419 et
376 1399 471 1419 rursus
487 1391 584 1418 Filiqu
605 1394 681 1417 vocet
697 1389 800 1420 lumen,
819 1388 941 1422 nihilque
960 1388 1002 1415 hic

214 1437 251 1464 sit
277 1438 346 1471 quod
372 1436 578 1464 similitudinem
607 1435 752 1470 impediat,
779 1438 825 1460 ant
853 1434 1004 1468 distinguat

215 1483 335 1518 (utrique
350 1483 421 1508 enim
444 1490 537 1509 verum
558 1482 647 1508 lumen
665 1481 814 1514 tribuitur),
832 1480 896 1515 quid
913 1479 1003 1507 obstat.

215 1530 358 1564 quominus
371 1529 611 1556 consubstantialis
628 1528 702 1554 Patri
718 1527 753 1554 sit
769 1526 873 1554 Filius?

559 1573 672 1602 ALIL‘D.

252 1619 280 1647 Si
300 1619 383 1646 Filius
401 1619 513 1646 diversa:
536 1619 661 1646 essentia:
683 1623 724 1646 est
741 1626 754 1644 a
773 1617 865 1650 Patre,
884 1617 937 1652 75
950 1625 1004 1651 quo

217 1671 297 1700 pacto
313 1665 392 1692 Pater
405 1666 430 1692 in
448 1665 506 1700 ipso
523 1668 645 1700 apparet,
660 1669 687 1691 et
703 1665 759 1698 ipse
777 1665 801 1690 in
814 1664 913 1691 Patre?
929 1673 938 1689 ι
954 1663 1004 1696 Qui

218 1712 291 1739 enim
314 1711 380 1739 vidit
397 1719 450 1742 me,
469 1712 566 1744 inquit,
591 1711 657 1737 vidit
676 1715 704 1736 et
726 1710 833 1736 Patrem
852 1717 940 1736 meum
954 1708 973 1734 ‘.
994 1717 1002 1734 ι

219 1757 313 1793 Neque
338 1765 402 1784 vero
423 1757 540 1783 hominis
563 1756 676 1782 formam
702 1756 728 1782 in
749 1763 819 1790 equo
842 1762 1004 1782 cernemus:

220 1811 308 1837 neque
336 1803 455 1829 vicissim
481 1802 542 1836 equi
571 1801 682 1828 fortnam
710 1801 736 1827 in
761 1800 880 1827 homine.
913 1799 1007 1827 Simile

219 1848 290 1875 enim
309 1848 333 1874 in
352 1847 434 1874 simili
457 1847 594 1879 cernitur;
611 1854 670 1880 qua:
695 1853 757 1872 vero
773 1845 886 1872 diversa:
908 1845 1006 1878 speciei

221 1898 294 1927 sunt,
319 1899 345 1920 et
372 1901 386 1919 a
414 1893 528 1920 naturali
558 1891 734 1919 similitudine
760 1891 830 1917 inter
848 1897 878 1917 se
901 1891 1006 1917 discre-

220 1937 295 1974 pant,
312 1947 447 1973 nunquam
469 1938 552 1964 altera
573 1938 664 1964 alteris
680 1937 769 1963 inesse
786 1941 941 1964 cernentur.
963 1936 1008 1962 Vi-

222 1986 301 2012 detur
318 1991 406 2011 autem
425 1984 504 2011 Pater
519 1986 545 2010 in
562 1984 641 2015 Filio,
656 1988 682 2010 et
698 1982 782 2009 Filius
801 1982 827 2008 in
846 1981 936 2009 Patre.
950 1980 1008 2008 Non

222 2039 297 2066 ergo,
314 2036 342 2057 ut
357 2037 405 2057 vos
422 2030 581 2064 opinamini,
600 2029 714 2056 diversae
730 2027 888 2055 substantia:
905 2033 947 2054 est
965 2027 1009 2054 Fi-

223 2077 285 2108 lius,
304 2077 350 2103 sed
373 2075 626 2108 consubstantialis,
653 2080 681 2101 ut
700 2075 844 2101 cltaraeler
870 2077 898 2100 et
922 2073 1010 2107 imago

222 2123 312 2150 Patris
324 2123 346 2149 ⁸.

224 2180 302 2214 Quod
327 2179 414 2206 Filius
437 2180 469 2206 sit
493 2178 726 2214 consubstantialil
755 2176 830 2203 Patri
841 2198 862 2214 ,_
877 2177 1009 2211 proposito

259 2216 379 2242 dic/0:1
403 2214 477 2241 Vat/0
501 2215 536 2240 ad
555 2213 660 2240 Patrem
689 2221 772 2239 meum
798 2217 821 2238 et
847 2211 953 2238 Patrem
971 2220 1011 2238 ιιε-

259 2256 353 2283 strum,
371 2254 394 2276 et
412 2250 494 2276 Deum
510 2257 595 2275 meum
616 2254 638 2275 et
657 2248 740 2274 Deum
755 2252 867 2274 vestrum
880 2247 900 2273 ⁸.
918 2256 927 2272 ι

431 2305 473 2333 EI:
489 2304 631 2340 objections
648 2303 806 2354 Eunamii.'

259 2364 295 2391 At
311 2370 364 2398 quo
380 2367 469 2398 pacto,
489 2361 586 2395 inquit,
609 2359 694 2386 Filius
710 2363 798 2393 potest
822 2366 881 2385 esse
895 2358 1011 2385 consub-

226 2409 360 2436 stantialis
387 2408 471 2439 Patri,
503 2414 564 2434 cum
593 2405 680 2440 ipsum
708 2404 807 2432 habeat
838 2404 943 2431 Deum?
974 2405 1011 2431 lta

226 2455 298 2482 enim
322 2455 380 2489 ipse
405 2453 542 2487 loquitur:
561 2460 570 2477 ι
589 2450 662 2477 Vade
686 2450 718 2477 ad
740 2449 847 2477 Patrem
874 2458 962 2476 meum
985 2455 1013 2477 et

227 2499 335 2526 Patrem
358 2503 497 2529 vestrum,
524 2501 550 2524 et
577 2496 659 2522 Deum
687 2503 776 2522 meum
803 2500 830 2522 et
859 2495 940 2522 Deum
966 2504 1013 2522 ve-

228 2549 334 2577 strum;
354 2553 363 2569 ι
389 2548 416 2570 ct
441 2549 548 2569 rursum
566 2549 573 2567 :
595 2549 604 2565 ι
620 2539 689 2567 Deus
713 2548 799 2573 meus,
828 2541 897 2567 Deus
925 2547 1011 2572 meus,

229 2598 278 2617 cur
295 2597 338 2617 me
352 2587 537 2622 dereliquisti?
553 2596 561 2613 ι
581 2586 609 2614 Si
628 2594 690 2614 vero
707 2587 776 2613 Deus
792 2586 875 2620 ipsius
892 2591 944 2617 est,
960 2593 1013 2620 quo

229 2641 309 2670 pacto
326 2635 378 2662 erit
391 2633 650 2662 eonsubstantialis?
663 2632 728 2660 Nam
744 2640 803 2667 qum
820 2632 939 2667 ejusdem
951 2637 1013 2660 sunt

231 2685 345 2712 naturae,
365 2688 416 2706 non
440 2684 520 2706 erunt
539 2679 623 2706 altera
647 2678 739 2706 alteris
764 2678 909 2705 secundum
937 2681 1015 2704 natu-

232 2734 290 2752 ram
313 2725 372 2753 dii:
390 2725 614 2760 quemadmodum
641 2732 689 2752 nee
707 2725 796 2751 anima
818 2724 895 2751 alteri
917 2723 1013 2751 animm

233 2770 303 2798 Deus
315 2778 375 2798 esse
390 2775 487 2806 potest,
503 2779 587 2806 neque
603 2770 713 2805 angelus
730 2770 835 2802 angelo.

274 2847 305 2875 ‘l
324 2848 401 2876 Joan.
419 2857 437 2883 ι,
454 2850 479 2876 5.
517 2849 614 2878 a.loau.
635 2857 652 2882 I,
669 2849 693 2877 9.

735 2848 742 2862 "
759 2846 835 2874 Joau.
855 2853 908 2878 xtv,
929 2845 954 2872 9.
993 2844 1002 2858 ¹¹
1017 2843 1098 2871 llchr.
1117 2850 1135 2875 ι,
1157 2842 1182 2868 5.

1047 234 1159 269 φερείας
1175 243 1203 261 τε
1218 236 1265 262 καὶ
1280 236 1438 270 ὁμοιότητος
1452 237 1467 262 6
1482 236 1546 268 Υἱὸς
1561 236 1613 272 τῆς
1629 237 1698 272 πρὸς
1716 237 1765 265 τὸν
1786 238 1855 263 Πα-

1046 279 1120 315 τέρα,
1140 281 1220 316 φημὶ,
1241 281 1288 308 καὶ
1297 281 1407 308 ἔλαττον
1422 282 1498 309 ἔσται
1515 283 1632 316 ἀγαθὸς,
1646 283 1690 310 διά
1708 292 1740 309 τε
1760 282 1855 309 τοῦτο

1046 326 1094 360 οὺχ
1109 326 1262 360 ὁμοοὺσιος,
1279 328 1409 363 φρασάτω
1425 336 1466 360 τις
1484 329 1551 364 ἡμῖν
1571 328 1624 355 τῶν
1639 329 1854 364 χριστομαχεῖν

1046 371 1191 403 εἰωθότων,
1208 373 1234 398 τί
1249 373 1303 408 ἄρα
1316 373 1427 408 ποιήσαι
1444 373 1508 400 ὃταν
1527 373 1574 400 καὶ
1587 374 1669 409 ἡμεῖς
1691 373 1854 409 προθῶμεν

1046 418 1138 449 αὐτοῖς
1152 418 1239 452 τούτῳ
1256 419 1465 454 παραπλήσιον;
1482 419 1562 453 Λέγει
1579 419 1628 454 μὲν
1641 419 1697 454 γάρ
1707 427 1760 446 που
1775 420 1853 453 περὶ

1046 463 1113 490 Θεοῦ
1125 465 1171 490 καὶ
1189 464 1296 500 Πατρός
1306 473 1348 496 τις
1361 465 1415 491 τῶν
1431 464 1516 499 ἁγίων
1526 465 1567 492 ὅτι
1583 465 1597 491 6
1613 465 1679 497 Θεὸς
1695 465 1755 500 φῶς
1769 466 1849 492 ἐστι·

1046 510 1119 544 λέγει
1129 510 1158 537 δὲ
1173 511 1219 537 καὶ
1229 511 1293 546 περὶ
1306 510 1353 537 τοῦ
1370 510 1447 542 Υῐοῦ,
1457 511 1498 537 ὅτι
1508 511 1555 537 καὶ
1568 509 1602 545 ἦν
1612 511 1642 538 τὸ
1657 512 1714 546 φῶς
1725 511 1759 537 τὸ
1773 511 1852 546 ἀλη-

1047 555 1129 583 Θινόν.
1152 556 1217 583 Ὶδοὺ
1228 556 1286 591 φῶς
1302 557 1316 582 ὁ
1333 556 1438 592 Πατὴρ,
1454 556 1512 591 φῶς
1531 557 1579 583 καὶ
1592 557 1606 583 6
1622 557 1695 589 Υἱός.
1712 557 1802 592 Μόνῳ
1818 556 1850 582 δὲ

1046 602 1085 637 τῷ
1100 602 1158 637 Υἱῴ
1168 602 1328 637 πρόσκειται
1339 602 1369 629 τὸ
1382 602 1538 636 ἀληθινόν.
1557 602 1774 638 Ἐκόληθήσεται
1787 603 1853 638 ἄρα

1046 647 1093 674 τοῦ
1107 645 1175 674 εἶναι
1195 647 1264 674 κατὰ
1280 647 1410 683 ἀλήθειαν
1424 647 1481 681 φῶς
1497 648 1512 673 6
1530 647 1635 682 Πατὴρ,
1653 647 1751 683 ἐπειδὴ
1767 646 1852 681 μόνῳ

1046 692 1126 719 τοῦτο
1142 693 1313 728 περιτέθεικε
1323 693 1361 728 τῷ
1370 692 1428 728 Υἱῴ
1440 693 1456 728 ἡ
1468 692 1514 719 τοῦ
1532 692 1654 720 Ἰωάννου
1668 693 1757 728 φωνή.
1768 691 1850 718 Ἀλλ’

1047 739 1096 766 οὐκ
1111 738 1154 771 ἂν,
1167 736 1254 773 οἶμαι,
1268 739 1311 770 τὶς
1326 739 1367 770 εἰς
1383 737 1463 765 τοῦτο
1475 739 1572 774 μανίας
1587 738 1681 765 ἐλάται
1702 737 1786 769 ποτὲ,
1807 736 1851 768 ὡς

1048 784 1125 811 τοῦτο
1149 784 1355 820 παραδέξασθαι
1371 786 1402 811 τὸ
1421 783 1590 819 δυσσέϐημα.
1611 783 1643 811 Εἰ
1663 783 1755 810 τοίνυν
1770 782 1852 809 κατὰ

1049 831 1177 865 ἀλήθειαν
1188 830 1262 862 ὄντος
1272 839 1302 857 τε
1319 830 1366 857 καὶ
1388 829 1554 865 καλουμένου
1576 830 1666 864 φωτὸς
1687 829 1772 864 μόνου
1796 827 1850 855 τοῦ

1050 874 1128 907 Υἱοῦ,
1143 874 1200 910 φῶς
1211 875 1282 902 κατὰ
1293 875 1421 910 ἀλήθειάν
1435 875 1493 902 ἐστι
1507 875 1554 901 xui.
1565 876 1578 902 6
1591 875 1696 910 Πατὴρ,
1711 875 1760 901 καὶ
1775 874 1852 908 ἀγα-

1051 920 1097 947 θοῦ
1110 920 1180 948 κατὰ
1193 921 1273 956 φύσιν
1287 922 1361 952 ὄντος
1379 921 1426 948 τοῦ
1442 921 1548 956 Πατρὺς
1567 921 1613 948 καὶ
1627 921 1669 948 ἐπ’
1685 920 1771 947 αὑτοῦ
1787 921 1854 946 κεί-

1050 977 1094 994 ται
1109 967 1138 994 τὺ
1156 968 1245 1003 μόνος,
1265 968 1341 994 ἔσται
1355 968 1425 994 κατὰ
1439 967 1518 1002 φύσιν
1541 968 1643 1001 ἀγαθὸς
1659 968 1708 994 καὶ
1731 968 1746 994 6
1766 967 1852 998 Υἱὸς,

1050 1013 1144 1049 ὥσπερ
1160 1014 1207 1040 καὶ
1223 1015 1237 1040 ὁ
1256 1014 1362 1049 Πατήρ.
1385 1014 1472 1040 Ὅπου
1499 1013 1527 1040 δὲ
1555 1013 1662 1044 θύσεως
1688 1012 1849 1051 ταυτότης,

1051 1061 1110 1087 ἐκεῖ
1123 1060 1231 1092 πάντως
1244 1061 1318 1087 ἔσται
1330 1061 1376 1088 καὶ
1383 1061 1413 1086 τὸ
1423 1060 1579 1095 ὁμοούσιον.

1393 1107 1498 1134 ΔΛΛΟ.

1087 1167 1118 1193 Εἰ
1134 1166 1165 1192 τὸ
1179 1164 1251 1192 κατὰ
1258 1173 1283 1191 τι
1296 1164 1435 1200 διαφέρειν
1448 1164 1494 1190 τὸν
1507 1164 1572 1190 Υἱὺν
1585 1163 1623 1195 ὡς
1637 1163 1705 1198 πρὸς
1719 1162 1767 1189 τὸν
1781 1162 1854 1189 ἐαυ-

1051 1212 1098 1239 τοῦ
1114 1212 1234 1247 Πατέρα,
1247 1212 1296 1246 τὴν
1315 1210 1399 1246 αὐτὴν
1418 1210 1468 1236 οὐκ
1488 1209 1560 1245 ἔχειν
1583 1209 1658 1244 αὐτῷ
1676 1209 1787 1236 δίδωσιν
1802 1208 1855 1234 οὖ-

1053 1258 1124 1289 σίαν,
1138 1258 1195 1284 ἀλλ’
1207 1256 1352 1292 ἑτερογενῆ
1364 1256 1411 1284 καὶ
1421 1256 1536 1290 ἔκφυλον
1550 1255 1644 1290 ὥσπερ
1657 1255 1738 1281 αὐτὸν
1753 1255 1851 1290 ἀπερ-

1053 1305 1176 1339 γάζεται,
1192 1304 1223 1330 τὸ
1240 1303 1311 1329 κατὰ
1323 1303 1406 1338 μηδὲν
1418 1302 1556 1336 διαφέρειν
1579 1302 1721 1336 ὁμοούσιον
1735 1300 1854 1326 ἀποδει-

1053 1349 1138 1376 κνύει.
1151 1349 1234 1375 Ὅταν
1249 1345 1295 1374 οὖν
1306 1348 1322 1383 ἡ
1336 1347 1396 1374 Θεία
1406 1346 1473 1381 λέγῃ
1486 1345 1580 1380 Γραφὴ
1595 1345 1658 1380 περὶ
1671 1344 1717 1370 τοῦ
1735 1342 1855 1378 Πατρὺς

1052 1396 1092 1422 ὅτι
1109 1395 1165 1429 φῶς
1180 1395 1263 1425 ἔστιν,
1276 1393 1401 1428 ἀποκαλῇ
1416 1392 1444 1418 δὲ
1462 1392 1542 1419 πάλιν
1554 1390 1612 1426 φῶς
1624 1390 1668 1417 τὸν
1687 1389 1757 1421 υἱὸν,
1784 1388 1855 1415 οὐδε

1053 1441 1112 1472 ενὸς
1128 1441 1203 1471 ὄντος
1229 1439 1322 1466 ἐνθάδε
1347 1438 1394 1464 τοῦ
1413 1438 1462 1473 τὴν
1483 1437 1630 1472 ὁμοιότητα
1652 1434 1854 1470 διατέμνοντος

1055 1488 1154 1522 (κεῖται
1171 1486 1224 1521 γὰρ
1238 1485 1282 1511 ἐπ’
1295 1485 1395 1520 ἀμφοῖν
1409 1483 1439 1509 τὸ
1456 1483 1514 1517 φῶς
1531 1474 1726 1517 ἰδ’ἀληθινὺν),
1747 1480 1775 1506 τί
1792 1488 1855 1506 κω-

1017 1531 1039 1561 C
1054 1533 1113 1560 λύει
1127 1532 1172 1559 τὸν
1183 1532 1246 1558 Υῐὸν
1257 1531 1401 1566 ὸμοούσιον
1416 1527 1537 1564 εἶναιτῷ
1552 1527 1656 1563 Πατρί;

1398 1577 1498 1603 ΔΛΛΟ.

1091 1625 1122 1652 Εἰ
1138 1623 1290 1659 έτερούσιός
1315 1623 1390 1649 ἐστιν
1413 1622 1427 1648 6
1442 1621 1506 1652 Υἱὸς
1518 1620 1555 1652 ὡς
1571 1620 1639 1656 πρὸς
1659 1619 1706 1646 τὸν
1723 1619 1854 1654 Πατέρα,

1056 1671 1114 1701 πῶς
1131 1671 1144 1696 ὁ
1157 1669 1252 1704 Πατὴρ
1266 1669 1294 1694 ὲν
1309 1667 1382 1702 αὐτῷ
1391 1667 1527 1701 φαίνεται,
1538 1666 1586 1693 καὶ
1600 1666 1682 1697 αὐτὸς
1696 1665 1726 1691 ὲν
1737 1664 1830 1699 [ἰατρί
1843 1673 1853 1697 ;

1060 1726 1068 1742 ι
1092 1716 1120 1741 '0
1136 1714 1265 1750 ἑωρακὼς
1280 1714 1333 1749 γὰρ
1348 1713 1408 1747 ἐμὲ,
1421 1713 1513 1747 φησὶν,
1525 1711 1630 1747 ἑώρακε
1646 1710 1691 1737 τὸν
1707 1710 1850 1745 Πατέρα.»

1057 1762 1094 1788 Οὐ
1109 1761 1162 1796 γὰρ
1176 1761 1207 1796 δή
1224 1769 1274 1786 που
1292 1759 1340 1794 τὴν
1364 1758 1509 1794 ἀνθρώπου
1533 1757 1640 1793 μορφὴν
1651 1758 1679 1783 ἐν
1691 1757 1769 1791 ἵππῳ
1783 1756 1855 1782 Θεω-

1060 1809 1194 1843 ρήσομεν·
1210 1806 1271 1833 οὐδὲ
1292 1804 1325 1832 αὖ
1338 1805 1418 1832 πάλιν
1435 1805 1483 1839 τὴν
1510 1804 1613 1830 ἐκείνου
1638 1802 1789 1837 κατόψεται
1809 1811 1855 1833 τις

1057 1853 1215 1888 ἁνθρωπείᾳ
1236 1853 1338 1887 μορφῇ.
1352 1852 1389 1878 Τδ
1401 1851 1455 1886 γὰρ
1467 1850 1557 1885 ὅμοιον
1568 1851 1597 1875 ἐν
1611 1849 1696 1884 ὁμοίῳ
1711 1849 1853 1883 φαίνεται’

1058 1899 1093 1925 τὰ
1106 1898 1133 1924 δὲ
1147 1897 1296 1933 ἑτεροειδῆ,
1310 1898 1356 1924 καὶ
1367 1897 1415 1932 τῆς
1425 1896 1547 1931 ἀλλήλων
1559 1895 1676 1930 φυσικῆς
1689 1893 1855 1929 ὁμοιότητος

1059 1944 1298 1979 ἀπεσχοινισμένα,
1316 1943 1367 1969 οὐκ
1379 1942 1412 1969 ἃν
1433 1943 1462 1969 ἐν
1483 1941 1606 1976 ἀλλήλοις
1623 1939 1745 1974 φαίνοιτό
1772 1947 1853 1965 ποτε.

1059 1990 1184 2017 Φαίνεται
1195 1990 1223 2016 δὲ
1240 1989 1300 2020 Υἱὸς
1313 1990 1340 2015 ὲν
1356 1988 1455 2023 Πατρὶ,
1469 1988 1515 2014 καὶ
1533 1987 1628 2022 Πατὴρ
1643 1987 1672 2013 ὲν
1697 1985 1766 2020 Υἱῷ.
1794 1985 1855 2012 Οὐκ

1061 2035 1124 2070 ἄρα,
1143 2034 1203 2061 καθ’
1220 2035 1292 2068 ὑμᾶς
1312 2032 1475 2068 ὲτερούσιος,
1493 2031 1550 2058 ἀλλ’
1570 2030 1724 2067 ὁμοοὺοιος,
1746 2030 1786 2061 ὡς
1804 2038 1856 2064 χα-

1063 2079 1168 2114 ρακτὴρ
1181 2079 1227 2105 καὶ
1245 2077 1326 2105 εἰκὼν
1343 2077 1389 2104 τοῦ
1406 2077 1516 2112 πατρὸς.

1063 2176 1128 2203 Ὀτι
1153 2174 1313 2209 ὀμοούσιος
1331 2175 1347 2200 ὀ
1376 2173 1443 2206 Υἱὸς
1461 2172 1501 2205 τῷ
1524 2171 1626 2209 [Im-pl,
1651 2172 1856 2209 προκειμένοιν

1028 2196 1048 2223 θ

1100 2240 1213 2279 Πὶιτέρα
1229 2240 1322 2278 ὑμῶν,
1339 2240 1388 2270 mil
1405 2240 1478 2270 Θεόν
1491 2251 1550 2277 μου
1567 2242 1615 2269 καὶ
1636 2242 1710 2269 Θεὸν
1725 2240 1823 2276 ὑμῶν.
1843 2251 1852 2266 ι

1199 2302 1358 2334 Ἀντὶθεσις
1372 2301 1412 2334 ὡς
1432 2300 1467 2327 ἐκ
1489 2299 1548 2327 τῶν
1567 2299 1727 2333 Εὑνομίου.

1098 2360 1153 2387 Καὶ
1169 2359 1238 2391 πῶς,
1250 2360 1342 2394 φηπὶν,
1362 2360 1375 2385 6
1392 2358 1455 2389 Υἱὸς
1477 2356 1620 2392 ὁμοούσιος
1645 2353 1716 2382 εἶναι
1739 2355 1854 2382 δύναται

1063 2406 1102 2442 τῷ
1119 2406 1215 2442 lla-cpi,
1234 2405 1300 2432 Θεὸν
1315 2405 1362 2431 καὶ
1377 2404 1458 2430 αὑτὸν
1474 2403 1563 2438 ἐχων;
1580 2401 1665 2429 Αὐτοῦ
1681 2402 1736 2436 γὰρ
1761 2402 1853 2435 φαίνε-

1065 2462 1109 2479 ται
1126 2452 1216 2487 φωνή·
1240 2462 1249 2476 ι
1268 2450 1423 2485 Πορεύομαι
1440 2449 1508 2484 πρὸς
1529 2449 1574 2475 τὸν
1598 2448 1708 2482 Πατέρα
1727 2456 1780 2482 μου
1807 2448 1854 2473 καὶ

1066 2498 1176 2533 Πατέρα
1190 2497 1277 2532 ὑμῶν,
1293 2497 1339 2522 καὶ
1353 2496 1418 2522 Θεόν
1438 2504 1487 2530 μου
1510 2495 1558 2521 καὶ
1571 2494 1637 2520 Θεὸν
1661 2493 1737 2528 ὑμῶν
1750 2501 1757 2508 ·
1779 2503 1789 2518 ι
1807 2494 1854 2519 καὶ

1067 2544 1147 2571 πάλιν
1158 2552 1164 2558 ·
1182 2553 1190 2569 ι
1204 2543 1254 2569 Θεέ
1266 2551 1330 2577 μου,
1345 2542 1395 2568 Θεέ
1412 2550 1472 2576 μου,
1489 2541 1531 2567 ἵνα
1541 2540 1567 2566 τί
1583 2549 1616 2574 με
1632 2539 1812 2574 ἐγκατέλιπες
1824 2548 1830 2572 ;
1842 2549 1850 2564 ι

1063 2591 1095 2616 Εἰ
1109 2590 1137 2616 δὲ
1151 2588 1216 2619 Θεὸς
1234 2587 1317 2614 αὐτοῦ
1332 2588 1400 2618 ἐστι,
1414 2587 1471 2618 πῶς
1485 2586 1646 2620 (incedam;
1671 2585 1712 2611 Τὰ
1734 2585 1789 2619 γὰρ
1805 2585 1854 2619 τῆς

1063 2635 1148 2669 αὐτῆς
1168 2635 1232 2660 ὅντα
1249 2633 1356 2668 φύσεως
1381 2633 1431 2659 οὐκ
1449 2633 1482 2659 ἂν
1501 2630 1555 2660 εἶεν
1582 2632 1626 2658 ἐπ’
1652 2631 1756 2666 ἄλληλα
1785 2630 1853 2657 κατὰ

1063 2681 1144 2715 φύσιν
1154 2680 1209 2706 θεοί
1218 2688 1224 2694 ·
1237 2679 1274 2709 ὼς
1285 2679 1343 2704 οὐδὲ
1355 2678 1427 2713 ψυχὴ
1439 2677 1503 2709 Θεὸς
1514 2677 1545 2704 ἂν
1559 2677 1640 2712 ἑτέρᾳ
1651 2676 1757 2710 γένοιτο
1769 2676 1851 2711 ψυχῇ,

1063 2727 1123 2753 οὐδὲ
1139 2725 1251 2760 ἄγγελος
1266 2725 1383 2759 ἀγγέλῳ.

1223 2841 1231 2855 ⁵
1247 2841 1323 2870 Jodn.
1343 2847 1389 2873 xx,
1409 2840 1449 2867 t7.
