1920 3031
61 180 100 207 195
286 191 289 194 -
770 174 991 202 ΤΗΕΞᾹυΒυδ.

304 236 387 270 Πρὸς
399 235 496 262 ταῦτα
505 235 605 267 λύσις.

93 291 143 320 Οὐκ
156 290 326 319 αἰσθάνεται
344 292 430 318 πάλιν
447 291 461 317 ὁ
475 289 657 325 χριστομάχος
673 288 777 323 κτίσμα
795 287 855 322 μὲν,

67 337 178 374 σεχῒὶδν
191 337 334 372 εἰσφέρων
347 337 395 363 τὸν
410 336 524 371 Κύριον,
535 334 629 361 δοῦλον
638 334 667 360 δὲ
683 334 743 360 ἀντὶ
754 332 857 359 Δεσπό-

69 395 119 414 του,
130 384 176 411 καὶ
187 383 290 418 λάτριν
304 382 368 408 ἀντὶ
381 381 462 408 Θεοῦ.
479 382 510 407 Et
524 381 577 415 γὰρ
592 379 663 407 κατὰ
676 379 756 413 φύσιν
771 378 858 405 οἴεται

69 431 128 458 Θεὸν
144 427 214 456 εἶναι
230 428 280 455 τοῦ
290 427 360 454 Υἱοῦ
377 427 423 454 τὸν
439 426 558 461 Πατέρα,
575 425 623 452 καὶ
635 425 685 460 τὴν
697 425 726 450 ἐν
740 425 796 455 τοῖς
813 423 859 450 ἄλ-

70 478 120 508 ).th
132 475 291 510 οἰκονομίαν
306 474 355 508 οὐχ
371 473 434 508 ὁρᾷ..
451 471 513 499 οὔτε
528 469 670 505 ὁμοούσιος
691 468 779 500 ἔσται,
795 467 858 494 οὒτε

71 521 212 556 Δεσπότης,
230 519 295 548 οὔτε
309 519 387 551 Θεὸς.
409 517 507 549 Καλῶς
526 516 582 551 γὰρ
602 515 635 550 δὴ
646 515 710 550 τῇδε
724 513 859 549 διῐσχυρί-

71 570 153 600 (atat.
173 566 333 594 ‘Ex6alé-cm
343 563 489 600 τοιγαροῦν
501 561 626 598 φανερῶς
641 563 687 588 καὶ
701 561 753 595 τῆς
768 559 859 594 θεότηε

71 622 112 646 τος
123 614 170 641 καὶ
181 612 345 648 κυριότητος
361 610 407 637 τὸν
418 609 492 642 Υἱὸν,
512 608 559 635 καὶ
572 609 627 639 τοῖς
647 607 782 642 ποιήμασι
795 614 858 632 συν-

73 660 198 690 ταττέτω,
217 659 265 686 ἵνα.
285 657 376 694 σαφὴς
404 656 526 691 αὺτῶνὴ
547 653 688 689 δυσφημία
712 651 858 687 γενομένη,

74 707 171 736 πάντας
185 703 341 740 ἀναπείσῃς
353 703 443 737 λέγειν
456 710 463 716 ·
480 701 619 728 Πλανᾶσθε
643 699 681 736 μὴ
698 699 798 730 εἰδότες
809 699 858 730 τὰς

74 751 188 789 Targae.
208 751 274 789 Δέον
288 750 343 785 γὰρ
364 747 502 782 ἐξετάζειν
522 746 571 782 τὴν
593 745 788 781 κεκρυμμένην
812 743 858 770 τοῦ

73 787 154 831 Λάγου
164 787 290 831 δυναμιν,
300 795 487 830 δυσφημοῦσιν
498 793 670 827 ἀφυλάκτως,
681 790 772 817 οὐκέτι
781 789 858 820 Θεὸν,

72 843 136 869 ἀλλὰ
145 842 208 869 ναὸν
221 842 302 875 Θεοῦ,
317 842 362 868 τὸν
373 841 437 868 Υἰὺν
453 840 632 875 εἰσφέροντες,
648 837 743 871 ὥσπερ
758 833 791 871 ἦν
805 835 859 861 τῶν

73 890 155 923 ἁγίων
164 889 293 920 ἕκαστος,
309 888 374 923 περὶ
388 884 426 914 ὧν
441 895 522 923 φησιν
533 895 539 902 ·
565 895 574 911 ι
596 883 745 918 Ἐνοικήσω
762 883 790 909 ὲν
808 881 857 908 αὺ-
875 897 898 927 Β

71 936 136 967 τοῖς,
159 934 209 961 καὶ
228 934 460 969 ὲμπεριπατὴσω.
478 942 487 958 ι
508 932 604 958 Ἔσται
625 928 770 965 τοιγαροῦν
788 928 860 955 κατὰ

70 980 116 1015 τὴν
131 979 246 1007 ἐκείνων
270 979 369 1015 μανίαν
394 977 435 1010 εἷς
456 978 502 1005 καὶ
525 977 605 1008 αὐτὸς
626 971 680 1004 τῶν
695 977 765 1004 κατὰ
780 976 861 1010 χάριν

71 1026 247 1060 κεκλημένων
262 1024 328 1051 υἱῶν
343 1024 391 1051 καὶ
401 1023 480 1055 θεῶν,
495 1024 561 1058 πρὸς
574 1023 620 1055 οὓς
633 1023 756 1059 εἴρηκεν·
770 1030 779 1046 ι
791 1019 861 1055 Ἐγὼ

71 1071 133 1099 εἶπα
143 1079 152 1086 ·
168 1071 232 1098 Θεοί
250 1072 314 1097 ἐστε
328 1071 376 1097 καὶ
389 1071 450 1097 Υἱοὶ
465 1070 576 1105 ὑψίστου
590 1069 702 1100 πάντες.
728 1077 738 1094 ι
755 1065 806 1095 ’Ὧν
817 1067 858 1093 ὃτι

72 1119 212 1151 παντελῶς
236 1119 394 1154 ἀφέστηκε,
416 1118 463 1144 καὶ
481 1117 587 1152 φύσεως
605 1116 724 1152 ὑπεροχῇ
747 1114 862 1150 μεμέρι-

72 1173 141 1197 σται,
156 1164 260 1196 διδάξει
277 1163 372 1198 σαφῶς
388 1163 418 1188 ὲν
431 1161 590 1196 Εὑαγγελίῳ
605 1160 733 1196 Χριστὸς,
751 1159 838 1194 λέγων
852 1166 861 1174 ο

73 1221 83 1236 ι
107 1211 203 1246 Ὑμεῖς
215 1211 250 1237 ἐκ
265 1209 321 1236 τῶν
341 1209 416 1236 κάτω
429 1208 501 1240 ἐστὲ,
515 1207 571 1242 ἐγὼ
583 1209 615 1234 ὲκ
629 1206 683 1234 τῶν
695 1206 751 1233 ἄνω
764 1205 833 1241 εἰμί’
848 1214 858 1230 ι

72 1256 142 1283 κάτω
157 1255 249 1290 λέγων
262 1255 314 1290 τὴν
331 1253 543 1290 βασιλευομένην
556 1252 603 1279 καὶ
615 1250 798 1286 ὑποκειμένην
811 1250 862 1285 τὴν

72 1302 166 1336 φύσιν·
183 1302 243 1328 ἄνω
255 1302 283 1328 δὲ
298 1301 380 1327 πάλιν
394 1300 444 1334 τὴν
465 1298 657 1334 βασιλεύουσαν
679 1297 727 1325 καὶ
740 1298 797 1328 τοῖς
810 1297 862 1323 πᾶ-

74 1356 113 1373 σιν
126 1347 316 1382 ἐποχουμένην
334 1346 459 1381 θεότητα.
483 1344 601 1380 Ἀληθῶς
620 1343 710 1370 τοίνυν
731 1341 778 1369 τοῦ
795 1342 862 1377 Χρι-

73 1392 133 1418 στοῦ
143 1392 272 1426 λέγοντος
284 1391 388 1419 ἄνωθεν
399 1389 479 1425 εἶναι,
490 1387 566 1422 οὗτος
579 1390 660 1417 αὑτὸν
673 1390 705 1416 ἐκ
723 1388 777 1416 τῶν
786 1388 863 1414 κάτω

74 1439 147 1473 φησὶ,
161 1437 290 1474 φανερῶς
301 1437 347 1464 τοῦ
363 1437 430 1464 Υἰοῦ
444 1436 491 1472 τὴν
505 1436 598 1463 οὐσίαν
613 1434 800 1469 συκοφαντῶν.

206 1550 273 1577 ὀτι
288 1549 450 1584 ὀμοούσιος
461 1547 500 1580 τῷ
511 1548 602 1581 Πατρί
617 1547 633 1574 ὀ
650 1547 727 1579 Υἱός.

184 1596 352 1628 Ἀντίθεσις
375 1595 416 1627 ὠς
443 1594 478 1620 ἐκ
511 1593 570 1620 τῶν
592 1592 752 1626 Europ/av.

108 1663 164 1690 Καὶ
178 1662 248 1694 πῶς,
265 1662 357 1697 φησιν,
368 1661 446 1688 ἔσται
457 1660 497 1696 τῷ
509 1659 596 1696 Πατρὶ
610 1658 752 1695 ὀμοούσιος
762 1659 776 1686 ὁ
788 1658 863 1692 Υἱὸς,

77 1709 160 1736 αίτιον
171 1709 252 1735 αὑτὸν
267 1709 314 1735 τοῦ
330 1706 400 1734 εἶναι
415 1707 502 1742 ἔχων,
515 1708 546 1733 ’Ὁ
558 1706 599 1742 μὴ,
613 1707 745 1742 πρόσεστι
758 1706 797 1741 τῷ
807 1706 864 1732 Πα-

76 1754 126 1791 τρί.
142 1754 180 1781 Οὐ
191 1753 247 1790 γὰρ
258 1753 289 1786 ἐξ
301 1752 387 1780 αἰτίου
405 1751 489 1785 τινος,
503 1751 570 1788 ὅπερ
587 1751 631 1785 ἂν,
649 1751 687 1783 ὡς
708 1748 796 1786 οἶμαι,
810 1750 864 1780 πᾶς

75 1811 115 1834 τις
125 1800 173 1829 οὖν
181 1801 281 1836 ἀληθὲς
295 1798 365 1827 εἶναι
383 1799 506 1835 φήσειεν.

312 1901 390 1936 Πρὸς
413 1900 500 1927 τοῦτο
522 1900 625 1931 λύσις.

112 1960 213 1995 Πολλὴν
228 1959 260 1986 ἄν
271 1967 312 1990 τις
326 1958 440 1989 εἰκότως
452 1955 570 1991 ἀμαθίαν
583 1953 802 1990 καταψηφίσαιτο
810 1953 864 1980 τῶν

80 2008 111 2034 τὰ
132 2006 243 2032 τοιαῦτα
265 2004 428 2040 τολμώντων
453 2001 552 2037 λαλεῖν.
577 2001 640 2027 Υίδν
657 2001 711 2036 γὰρ
725 2000 861 2034 λέγοντες,

80 2054 125 2087 οὐχ
144 2051 286 2087 ὀμοούσιον
313 2048 382 2076 εἷναί
400 2057 502 2083 φασιν,
519 2047 568 2074 οὐκ
593 2046 780 2082 αἰσθανόμενοι
794 2046 864 2080 τάχα

81 2099 143 2133 πρὸς
153 2099 186 2133 ἦν
200 2096 375 2132 ἐμϐαίνουσιν
390 2096 493 2122 ἄνοιαν.
513 2094 543 2120 Εἰ
558 2093 612 2128 γὰρ
625 2092 687 2124 Υἱός
706 2093 790 2124 ἐστιν,
808 2091 864 2117 ὥσ-

81 2153 129 2180 περ
138 2142 184 2171 οὖν
201 2144 247 2170 καὶ
267 2143 341 2170 ἐστιν
355 2141 475 2178 ἀληθῶς,
492 2140 568 2167 ἔσται
587 2139 696 2170 πάντως
715 2138 753 2173 τῷ
769 2145 865 2172 γεγεν-

81 2191 167 2226 νηκότι
178 2190 250 2217 κατὰ
262 2190 311 2225 τὴν
321 2189 418 2216 οὐσίαν
428 2189 441 2215 ὁ
453 2187 543 2219 αὐτὸς.
555 2188 587 2213 Εἰ
602 2186 630 2213 δὲ
640 2186 690 2212 οὐκ
702 2184 775 2211 ἔστιν
789 2183 863 2214 Υἱὸς,

1611 177 1619 185 ‘
1640 174 1689 203 ΗΒ

1155 231 1258 258 Salutio
1276 230 1435 264 abjectionis.

942 287 999 314 Non
1015 287 1098 314 sentit
1115 286 1213 314 iterum
1227 287 1312 314 hostis
1323 286 1424 313 Christi
1438 293 1466 313 se
1482 286 1622 313 Dominum
1636 294 1689 313 non

906 338 933 360 ut
949 334 1058 366 Filium,
1074 334 1121 361 sed
1138 338 1167 360 ιιι
1185 337 1336 360 creaturam
1362 333 1501 363 inducere.
1525 336 1552 359 et
1570 339 1689 362 servum,

907 385 960 405 non
982 378 1141 410 Dominum,
1160 378 1288 404 famulum
1300 398 1307 410 ,
1323 386 1374 405 non
1392 377 1486 404 Deum.
1505 377 1532 404 Si
1552 378 1627 405 enim
1643 385 1689 404 ex—

907 423 1010 452 istimat
1022 424 1128 452 Patrem
1144 424 1292 451 secundum
1313 428 1435 451 naturam
1450 431 1509 451 esse
1524 423 1606 450 Deum
1619 422 1690 456 Filii,

907 474 934 496 et
948 477 1001 496 non
1015 469 1106 503 potius
1123 470 1227 496 ratione
1242 469 1449 501 incarnationis,
1468 476 1555 503 neque
1575 468 1692 496 consub-

907 514 1041 542 stantialis
1053 514 1114 546 erit,
1126 522 1213 550 neque
1225 515 1366 546 Dominus,
1384 521 1472 549 neque
1486 514 1568 541 Deus.
1583 514 1692 548 Optime

908 561 981 588 enim
1006 560 1057 587 hac
1073 559 1178 588 ratione
1191 561 1330 595 probatur.
1346 560 1476 587 Deturbet
1494 560 1584 594 itaque
1602 563 1693 593 aperte

908 614 924 633 a
938 606 1037 633 deitate
1053 610 1080 633 et
1092 605 1277 632 dominatione
1292 605 1398 638 Filium,
1416 611 1443 632 et
1455 606 1589 633 creaturis
1604 612 1693 632 annu-

909 657 1005 685 meret,
1024 657 1063 684 ut,
1081 651 1223 678 manifesta
1242 651 1348 678 illorum
1361 651 1530 686 blasphemia
1544 651 1692 685 patefacta,

910 699 1004 725 merito
1014 705 1107 725 omnes
1123 696 1272 723 exclamem
1289 705 1296 723 :
1310 696 1430 723 «Erratis
1445 696 1599 724 nescientes
1615 696 1692 723 Scri-

909 749 1002 779 pturas
1011 743 1056 771 δ’.»
1067 742 1133 770 Cum
1142 742 1212 770 enim
1224 741 1357 769 occultam
1367 741 1446 768 Verbi
1460 742 1605 775 potentiam
1619 749 1694 768 scru-

911 789 961 816 tari
985 788 1126 820 deberent,
1150 787 1323 822 blasphemiis
1344 787 1432 821 potius
1465 786 1615 822 indulgent,
1642 794 1694 813 non

912 836 1005 866 Deum,
1028 835 1074 862 sed
1099 834 1225 869 templum
1250 833 1309 866 Dei,
1325 833 1423 860 Filium
1444 840 1503 860 esse
1525 837 1694 865 statuentes;

912 880 1024 915 perinde
1047 885 1128 912 atque
1148 879 1335 914 unusquisque
1355 883 1521 910 sanctorum,
1540 878 1574 906 de
1598 879 1695 912 quibus

913 925 1035 953 dicitur:
1063 933 1072 950 ι
1089 924 1222 951 Habitabo
1247 924 1275 951 in
1301 923 1376 958 ipsis,
1400 928 1428 949 et
1452 922 1628 950 deambulabo
1639 922 1660 949 ⁷.
1681 931 1692 948 ι

911 972 971 999 Erit
993 971 1082 1005 itaque
1099 971 1173 1004 iuxta
1200 970 1307 998 illorum
1332 969 1463 996 insaniam
1480 969 1590 1002 perinde
1616 972 1697 1002 atque

911 1025 982 1045 unus
995 1017 1109 1044 ﬁliorum
1124 1022 1150 1044 et
1161 1017 1273 1044 deorum
1286 1015 1330 1051 qui
1348 1015 1433 1042 vocati
1450 1018 1513 1043 sunt
1525 1014 1556 1041 ad
1570 1014 1695 1049 gratiam,

912 1063 944 1090 ad
961 1070 1028 1098 quos
1044 1063 1109 1090 dicit
1124 1071 1130 1089 :
1148 1071 1157 1087 ι
1173 1062 1227 1096 Ego
1243 1061 1297 1088 dixi
1312 1070 1318 1088 :
1335 1061 1373 1088 Dii
1390 1061 1466 1092 estis,
1484 1064 1511 1087 et
1524 1059 1570 1086 ﬁlii
1589 1059 1695 1086 Excelsi

911 1117 1004 1137 omnes
1014 1109 1035 1135 ⁵.
1052 1118 1061 1134 ι
1081 1108 1103 1135 Α
1117 1108 1214 1142 quibus
1231 1108 1301 1142 quod
1318 1107 1344 1134 in
1366 1107 1520 1134 universum
1536 1105 1653 1136 dilTerat,
1670 1110 1698 1132 et

911 1158 1014 1182 naturae
1030 1155 1084 1192 76
1098 1154 1256 1181 excellentia
1272 1157 1414 1188 separatus
1429 1153 1474 1185 sit,
1490 1152 1603 1186 ipsemet
1615 1151 1694 1179 Chri-

913 1206 972 1229 stus
993 1201 1018 1228 in
1034 1200 1177 1236 Evangelio
1193 1204 1285 1234 aperte
1301 1199 1419 1232 docebit,
1443 1198 1568 1234 inquiens
1584 1207 1590 1224 :
1611 1207 1620 1223 ι
1641 1196 1693 1224 Vos

911 1247 943 1274 de
960 1247 1086 1274 deorsum
1097 1247 1173 1278 estis,
1187 1254 1236 1281 ego
1249 1254 1282 1273 ex
1297 1246 1528 1280 supernissum';
1545 1254 1555 1271 ι
1570 1245 1695 1271 deorsum

911 1293 1047 1327 appellans
1069 1297 1192 1319 naturam
1208 1296 1327 1319 creatam
1346 1296 1372 1318 et
1396 1291 1509 1326 imperio
1521 1290 1670 1325 subjectam
1688 1298 1696 1316 :

911 1346 1018 1366 sursum
1045 1345 1108 1364 vero
1139 1336 1306 1364 divinitatem
1339 1343 1419 1370 supra
1454 1336 1544 1363 omnia
1575 1339 1696 1361 evectam

911 1384 1089 1418 omnibusque
1110 1383 1297 1418 imperantem.
1323 1381 1389 1408 Cum
1416 1381 1496 1415 igitur
1511 1380 1635 1406 Christus
1657 1379 1698 1405 di-

912 1434 956 1457 cat
972 1437 1000 1457 se
1019 1437 1052 1456 ex
1069 1429 1193 1462 supernis
1206 1435 1274 1460 esse,
1294 1428 1345 1454 istc
1362 1427 1435 1453 illum
1459 1427 1485 1452 in
1503 1425 1596 1453 inferis
1613 1424 1695 1452 collo-

912 1479 967 1508 cat,
980 1474 1123 1502 manifeste
1139 1473 1199 1501 Filii
1217 1474 1362 1501 essentiam
1378 1471 1558 1499 calumnians.

1011 1541 1087 1574 Quod
1105 1540 1190 1568 Filius
1208 1541 1242 1567 sit
1263 1538 1494 1568 consubstantialis
1509 1537 1607 1571 ὶΡαιι-ἱ.

1151 1585 1267 1620 Objectio
1281 1593 1313 1612 ea;
1328 1583 1468 1611 Eunomia.

950 1654 1003 1683 Sed
1020 1662 1072 1690 quo
1085 1658 1174 1688 pacto,
1194 1653 1292 1688 inquit,
1309 1652 1361 1680 erit
1377 1650 1615 1680 consubstantialis
1627 1649 1699 1677 Patri

914 1701 1008 1733 Filius,
1032 1708 1093 1728 cum
1118 1699 1198 1726 Pater
1220 1699 1243 1725 ei
1270 1706 1352 1726 causa
1379 1697 1526 1725 exsislendi
1552 1695 1700 1728 sitiQuod

914 1746 1021 1779 quidem
1041 1745 1075 1772 de
1091 1744 1171 1771 Patre
1188 1743 1240 1771 dici
1267 1751 1318 1770 non
1337 1746 1435 1777 potest.
1460 1741 1552 1776 Neque
1571 1741 1642 1767 enim
1659 1744 1701 1767 est

914 1797 946 1817 ex
970 1790 1058 1824 aliqua
1084 1797 1176 1821 causa,
1199 1788 1272 1823 quod
1297 1792 1381 1815 certe.
1407 1790 1437 1814 ut
1458 1785 1586 1817 arbitror,
1606 1791 1701 1812 omnes

915 1843 1007 1863 rerum
1022 1842 1082 1863 esse
1098 1834 1264 1862 fatebuntur.

1160 1890 1264 1918 Salutio
1290 1889 1456 1924 objectionis.

950 1948 1046 1975 Merito
1062 1952 1134 1975 certe
1153 1946 1213 1981 quis
1231 1954 1324 1974 eorum
1345 1945 1506 1980 imperitiam
1521 1944 1640 1974 damnet,
1656 1942 1702 1976 qui

913 1995 1044 2030 ejusmodi
1067 1994 1166 2020 audent
1186 1993 1287 2019 dicere.
1307 1991 1404 2018 Filium
1426 1990 1498 2018 enim
1516 1998 1576 2017 eum
1593 1990 1698 2021 dicunt,

914 2038 1173 2068 consubstantialem
1196 2045 1257 2065 esse
1281 2041 1391 2071 negant,
1419 2043 1472 2062 non
1501 2035 1650 2062 sentientes
1674 2034 1702 2060 in

915 2095 994 2122 quam
1011 2085 1204 2113 absurditatem
1222 2083 1357 2110 labantur.
1376 2081 1403 2108 Si
1421 2081 1492 2108 enim
1505 2079 1589 2107 Filius
1602 2084 1654 2110 est,
1671 2083 1702 2106 ut

916 2132 1040 2168 profecto
1058 2135 1110 2164 est,
1131 2131 1184 2157 erit
1201 2129 1310 2156 omnino
1323 2127 1442 2162 ejusdem
1466 2126 1622 2154 substantia!
1639 2132 1700 2152 cum

915 2178 1053 2206 Genitore.
1074 2176 1102 2203 Si
1125 2183 1188 2202 vero
1210 2174 1295 2201 Filius
1319 2181 1370 2200 non
1394 2176 1445 2204 est,
1473 2170 1619 2198 secundum
1643 2177 1701 2201 vos,

82 2215 137 2263 κᾶθ’
153 2215 354 2272 ὑμᾶς,-δείξατε
368 2235 475 2270 γυμνὴν
495 2215 598 2260 ἑαυτῶν
609 2232 659 2268 τὴν
678 2230 858 2265 βλασφημίαν,

917 2225 1016 2251 nudam
1039 2227 1157 2249 vestram
1184 2219 1379 2254 blasphemiam
1398 2217 1550 2253 patefacite,
1578 2220 1606 2243 et
1623 2215 1703 2242 dicite

1287 2266 1303 2272 ,ι
1429 2271 1433 2272 ν
1460 2264 1466 2272 I
1494 2262 1608 2272 ιννιῖμιῖΔ
1623 2261 1700 2272 -.ἒ-..-

83 2283 125 2308 καί
134 2282 228 2315 λέγετε
242 2282 349 2316 ποίημα
365 2278 447 2310 εἰναι,
466 2278 509 2306 ἴνα
524 2278 591 2314 μηδὲ
607 2278 749 2313 ὁμοούσιος
808 2275 864 2301 Καὶ

83 2330 137 2355 τότε
150 2328 323 2364 δειχθήσεσθε
340 2327 443 2358 πάσαις
456 2325 602 2360 μαχόμενοι
618 2324 678 2355 ταῖς
693 2322 780 2353 θείαις
792 2321 864 2356 Γρα-

85 2376 149 2410 ςαῖς.
165 2375 227 2401 Υίὸν
241 2375 295 2410 γὰρ
306 2374 418 2408 λέγουσι
432 2372 477 2398 τὸν
493 2371 567 2401 Υἱὸν,
585 2371 633 2398 καὶ
651 2369 681 2396 οὗ
694 2368 810 2404 ποίημα.

420 2471 512 2499 ΑΛΛΟ

116 2533 202 2559 Δῐτιον
219 2530 386 2566 γεγενῆσθαι
403 2527 451 2554 τοῦ
470 2525 538 2554 εἶναι
563 2526 601 2561 τῷ
614 2524 672 2561 Υἰῷ
693 2525 739 2552 τὸν
754 2522 862 2558 Πατέρα

87 2578 155 2612 φατὲ,
170 2579 237 2605 κατὰ
250 2578 310 2604 τίνα
326 2575 441 2611 τρόπον,
455 2570 477 2600 ὦ
487 2572 684 2609 χριπομάχυι;
701 2571 731 2597 Εἰ
753 2569 801 2604 μὲν
818 2567 864 2594 οὖν

87 2623 291 2659 ὡςδημιουργόν
318 2629 382 2648 τινα
411 2619 515 2654 ποίημα
542 2616 720 2651 φαντάζεσθε,
746 2615 794 2642 καὶ
816 2614 865 2648 οὐχ

88 2669 151 2700 Υὶὺν,
164 2670 208 2696 καὶ
223 2667 381 2704 διαρρήδην
401 2665 518 2700 μάχεσθε
529 2663 567 2698 τῷ
579 2663 666 2698 Πατρὶ
681 2661 787 2695 λέγοντι
802 2659 865 2695 περὶ

88 2715 126 2741 τοῦ
141 2715 200 2742 ἰδίου
216 2715 408 2749 γεννήματος’
432 2721 441 2737 ι
453 2711 501 2737 Ἐκ
511 2709 628 2745 γαστρὸς
652 2708 705 2743 πρὸ
727 2706 865 2741 ἑωσφόρον

86 2762 233 2797 ἐξεγέννησά
254 2769 297 2787 σε,
315 2769 325 2784 ι
347 2759 379 2785 Ei.
401 2757 430 2784 δὲ
446 2757 508 2784 Υἰδν
527 2757 610 2787 ὅντως
630 2755 784 2790 ὁμολογεῖτε
795 2773 802 2785 ,
819 2752 866 2779 καὶ

83 2809 157 2841 οὕτως
171 2807 239 2835 εἶναι
251 2805 414 2836 πιστεύετε,
435 2803 539 2838 ἀνάγκη
557 2803 627 2829 πᾶσα
638 2802 675 2837 μὴ
688 2801 726 2832 ὡς
734 2801 865 2835 δημιουρσ

917 2274 1068 2298 creaturam
1084 2274 1153 2300 esse,
1166 2271 1196 2293 nt
1209 2273 1241 2292 ea
1255 2266 1359 2292 ratione
1373 2262 1610 2291 consubstantialis
1621 2261 1702 2289 etiam

918 2322 970 2342 non
984 2314 1028 2341 sit.
1040 2313 1076 2340 Ae
1089 2318 1143 2340 tum
1159 2312 1292 2339 unii'ersze
1301 2318 1385 2338 sacra:
1396 2310 1542 2344 Scriptura:
1553 2314 1704 2343 repugnare

917 2359 1109 2388 Ostendemini.
1127 2358 1224 2386 Filium
1238 2358 1310 2385 enim
1330 2356 1471 2384 nominant
1486 2355 1595 2387 Filium,
1609 2358 1636 2381 et
1651 2360 1703 2380 non

917 2413 931 2433 (ξ
937 2413 978 2434 rea
984 2411 1081 2433 turam.

1250 2459 1365 2491 ALIUD.

953 2521 1048 2551 Dicitis
1071 2520 1180 2548 Patrem
1205 2518 1287 2545 fuisse
1312 2517 1381 2544 Filio
1405 2522 1514 2543 causam
1538 2512 1703 2545 exsustendi;

916 2576 1032 2606 quonam
1050 2574 1116 2595 vero
1133 2565 1221 2597 modo,
1245 2571 1261 2591 ο
1275 2563 1375 2591 Chrisu
1400 2561 1513 2589 hostes?
1527 2559 1611 2591 Nam,
1629 2559 1652 2586 si
1677 2561 1706 2584 ut

920 2620 1083 2647 creatorem,
1096 2613 1151 2647 jam
1175 2615 1328 2638 creaturam
1355 2615 1415 2636 esse
1439 2606 1634 2641 imaginamini,
1651 2613 1704 2632 non

918 2662 1025 2692 Filium,
1044 2665 1071 2687 et
1086 2657 1231 2686 manifeste
1251 2656 1322 2683 Patri
1341 2653 1508 2688 repugnatis,
1526 2652 1570 2688 qui
1590 2652 1623 2679 de
1637 2651 1705 2678 Filio

918 2713 967 2733 suo
978 2706 1014 2733 ita
1031 2705 1069 2732 ait
1085 2714 1091 2732 :
1109 2713 1118 2729 ι
1136 2704 1174 2730 Ex
1187 2707 1264 2729 utero
1277 2705 1340 2727 ante
1352 2698 1493 2725 luciferum
1509 2697 1588 2732 genui
1606 2701 1632 2723 te
1644 2695 1676 2722 ¹⁶.
1693 2704 1703 2721 ν

920 2752 949 2779 Si
967 2759 1030 2779 vero
1041 2750 1139 2778 Filium
1168 2755 1262 2775 revera
1278 2753 1338 2774 esse
1353 2744 1485 2777 fatemini,
1503 2748 1583 2778 atque
1599 2743 1634 2769 ita
1647 2748 1706 2769 esse

920 2796 1042 2828 creditis,
1058 2794 1240 2822 necessarium
1257 2793 1337 2828 plane
1360 2795 1400 2819 est
1420 2796 1449 2818 ut
1469 2790 1588 2822 Patrem,
1604 2795 1657 2816 non
1677 2790 1706 2814 ut

108 2900 126 2914 "
140 2898 236 2926 Matth.
256 2902 332 2928 χχιι,
348 2893 396 2922 ‘29.
433 2892 442 2907 "
461 2891 530 2919 Psal.
553 2898 578 2918 ι’.
595 2891 634 2917 1‘2.
674 2891 682 2905 “
701 2889 769 2916 Psai.
786 2896 853 2915 LXXX

915 2905 921 2912 .
960 2887 969 2901 ν
987 2885 1062 2913 Joau.
1079 2890 1135 2915 rm,
1155 2882 1199 2909 '23.
1240 2882 1260 2897 ¹⁰
1274 2881 1344 2909 Psal.
1361 2888 1414 2913 ctx,
1428 2880 1454 2907 5.
