1920 3031
207 155 257 182 1‘27

701 157 729 185 S.
751 155 886 184 (ῑῑιιιωι
906 152 1137 182 ΑῌΞΧΑΝυΙΗΝΙ
1158 152 1315 179 ARCIIIEP.

1790 141 1861 169 1‘23

207 219 358 242 creatorem
381 222 489 242 causam
513 215 660 242 exsistendi
687 214 756 241 Filio
780 214 862 241 fuisse
885 213 987 242 dicatis.

1046 211 1090 246 γὸν
1103 212 1189 238 αἴτιον
1207 210 1254 237 τοῦ
1271 209 1341 237 εἶναι
1359 208 1398 245 τῷ
1418 207 1475 243 Υἱῷ
1498 205 1662 241 γεγενῆσοαι
1677 203 1772 237 λέγειν
1795 208 1861 226 τον

206 261 254 287 sed
283 264 311 286 ut
330 260 480 295 genitorem
509 261 679 288 naturaliter.
705 259 776 287 Nihil
805 258 869 287 vero
891 260 990 290 obstat,

207 306 261 332 inzo
278 313 343 333 vero
365 306 549 334 necessarium
570 311 623 338 est,
648 311 676 333 ut
697 306 721 332 id
739 306 812 340 quod
833 304 992 332 naturaliter

206 358 239 376 ex
260 349 352 384 aliquo
371 351 515 385 processit,
527 350 616 378 simile
634 351 658 378 ei
675 350 822 378 secundum
843 349 990 376 essentiam

205 395 250 428 sit,
267 397 374 424 tametsi
389 397 505 432 idipsutn
523 396 671 424 exsistendi
688 403 798 424 causam
816 395 922 422 habent.

538 451 653 480 ALIUD.

240 507 269 535 Si
290 508 419 542 quidquid
436 515 468 535 ex
489 515 571 536 causa
592 508 681 544 aliqua
706 508 746 540 Iit,
768 509 793 536 id
810 509 920 537 omnino
937 510 990 537 erit

205 553 344 581 dissimilis
361 561 421 580 cum
447 554 506 588 ipso
520 554 688 585 substantiae,
712 555 847 589 quomodo
869 555 936 582 Abel
953 563 986 582 ex

204 599 308 626 Adamo
320 604 449 634 tanquam
463 607 496 627 ex
515 607 596 627 causa
613 600 730 634 genitus,
743 600 840 627 similis
854 601 877 628 ei
891 608 990 628 secun-

204 645 269 672 dum
286 644 466 671 substantiam
485 644 557 672 fuit?
575 644 764 672 Necessarium
780 646 860 680 igitur
879 647 990 674 omnino

204 694 245 716 est
263 694 291 716 nt
304 690 394 717 omnis
410 690 437 717 in
451 690 606 718 universum
623 691 779 726 generativa
794 696 900 724 natura,
915 692 991 719 simi-

205 735 239 760 lia
254 735 304 762 sibi
327 742 360 762 ex
386 742 416 763 se
441 735 581 770 producat,
608 737 716 764 tametsi
744 737 769 764 id
795 737 865 771 quod
892 738 988 774 gignit,

203 786 286 805 causa
302 779 337 806 sit
351 779 510 806 naturaliter
522 779 546 806 ei
565 780 636 814 quod
648 787 681 808 ex
698 787 727 808 se
743 781 872 816 gignitur.

504 833 621 863 ALIUD.

1044 256 1163 291 Πατέρα,
1176 255 1232 282 ἀλλ’
1245 255 1282 287 ὡς
1298 255 1448 289 γεννήτορά
1465 251 1598 286 φυσικῶς.
1617 248 1727 277 Κωλύει
1749 248 1781 274 δὲ
1796 245 1862 297 0:3-

1041 303 1094 333 δὲν,
1114 302 1214 337 μᾶλλον
1240 301 1269 327 δὲ
1285 300 1393 334 ἀνάγκη
1421 299 1496 325 πᾶσα
1511 297 1542 324 τὸ
1565 297 1596 323 ἐκ
1611 304 1684 327 τινος
1708 299 1857 329 φυσικως

1041 347 1182 382 προελθὸν,
1196 347 1286 381 ὅμοιον
1297 343 1366 372 εἶναι
1380 345 1439 371 κατ’
1457 343 1550 370 οὐσίαν
1567 341 1661 373 αὐτοῦ,
1681 340 1736 367 κᾶν
1748 340 1859 365 αἴτιον

1042 393 1106 420 αὐτὸ
1123 392 1170 418 τοῦ
1184 390 1253 418 εἶναι
1268 391 1336 426 ἔχοι.

1383 447 1486 476 AAAO.

1077 508 1108 534 ΕΞ
1119 507 1174 535 πᾶν
1185 507 1253 542 ὅπερ
1263 505 1296 533 ἂν
1311 506 1341 538 ἐξ
1352 505 1438 533 αἰτίου
1449 504 1523 536 τινὸς
1538 504 1660 538 γένηται,
1673 499 1757 528 τοῦτο
1770 497 1858 526 πάνδ-

1040 562 1094 585 τως
1117 553 1192 580 ἔσται
1219 552 1286 588 πρὸς
1306 552 1373 579 αὐτὸ
1395 551 1442 578 καὶ
1457 548 1644 585 ἀνομοιούσιον
1668 547 1729 595 (1),-
1746 545 1815 595 atat;
1830 544 1856 595 ξ’)

1042 599 1124 626 Ἅϐελ
1140 598 1169 632 ἐξ
1184 599 1271 626 αἰτίου
1280 597 1420 633 γεννηθεὶς
1435 596 1482 623 τοῦ
1498 595 1593 630 Ἀδὰμ,
1608 595 1700 630 ὅμοιος
1713 591 1750 628 ἦν
1762 591 1856 625 αὐτῷ

1041 646 1101 673 κατ’
1113 645 1225 678 οὐσίανς
1240 644 1344 672 Οὐκοῦν
1362 644 1469 678 ἀνάγκη
1484 643 1576 669 πᾶσαν
1599 639 1692 671 ἁπλῶς
1707 645 1856 673 γεννητι-

1041 691 1092 727 κὴν
1105 691 1186 726 φύσιν
1199 711 1206 723 ,
1223 691 1304 725 ὅμοια
1318 689 1428 721 πάντως
1444 689 1512 724 αὐτῇ
1535 687 1570 714 τὰ
1592 686 1621 720 ὲξ
1647 685 1734 721 αὐτῆς
1751 683 1853 718 ἔχειν,

1041 737 1092 764 κᾶν
1110 737 1140 763 τὸ
1154 737 1249 763 τίκτον·
1260 735 1347 762 αἴτιον
1396 733 1520 769 φυσικῶς
1533 732 1573 768 τῷ
1594 731 1623 766 ἐξ
1640 731 1722 759 αὑτοῦ
1744 736 1856 756 τικτο-

1042 783 1125 819 μένῳ.

1382 835 1485 862 AAAO.

239 891 266 918 Si
293 891 394 919 idcirco
419 891 502 920 Filius
527 900 580 920 non
606 898 648 921 est
674 894 823 922 secundum
844 895 987 924 essentiam

1076 893 1108 920 Ει
1123 893 1167 920 διὰ
1183 893 1261 921 τοῦτο
1272 893 1334 919 κατ’
1349 891 1443 919 οὐσίαν
1455 891 1469 918 ὁ
1480 890 1545 922 Υἱὸς
1561 890 1612 917 οὐκ
1624 889 1700 916 ἔσται
1716 887 1759 923 τῷ
1781 887 1851 913 [Ια-

203 933 300 963 similis
314 937 367 971 77
384 936 457 964 Patri
470 945 557 973 neque
571 938 818 974 consubstantialis,
833 942 896 976 quia
912 941 991 970 Pater

203 987 236 1006 cx
258 979 328 1006 nulla
354 988 436 1009 causa
452 982 510 1009 sive
533 983 667 1018 principio
688 989 739 1017 est,
755 985 840 1013 Filius
853 994 916 1015 vero
937 987 990 1015 Pa-

204 1027 272 1051 trem
295 1026 456 1061 principium
482 1027 576 1061 habet,
594 1030 658 1064 quid
689 1031 823 1059 obstiterit
847 1033 990 1067 quominus

202 1069 324 1098 dicamus
337 1070 402 1099 Cain
420 1072 501 1100 etiam
514 1075 584 1109 patri
600 1083 650 1103 suo
663 1077 921 1106 consubstantialem
936 1088 990 1107 non

203 1114 305 1142 fuisse?
321 1115 348 1142 Si
366 1118 476 1152 quidem
495 1119 581 1147 Adam
598 1128 613 1147 a
633 1122 742 1150 nemine
757 1129 903 1158 generatus
918 1125 989 1152 fuit:

203 1160 307 1194 primus
322 1161 394 1188 enim
419 1163 559 1191 hominum
576 1165 637 1192 fuit.
656 1167 721 1194 Cain
745 1175 809 1196 vero
826 1169 913 1204 ipsum
937 1179 988 1198 au-

202 1211 304 1232 ctorem
321 1210 349 1233 et
365 1207 528 1244 principium
550 1209 654 1244 habuit,
677 1220 739 1239 nam
754 1221 788 1241 ex
812 1215 870 1249 ipso
884 1218 990 1250 genitus

201 1255 253 1277 est.
273 1250 352 1286 Atqui
372 1253 394 1279 si
412 1253 462 1281 hoc
477 1254 574 1282 falsum
595 1261 636 1284 est
653 1258 903 1292 (consubstantialis
919 1262 992 1289 enim

202 1295 306 1323 Adamn
319 1302 361 1325 est
377 1297 465 1334 Cain),
484 1301 535 1328 erit
549 1302 671 1335 profecto
689 1304 928 1334 eonsuhstantialis
942 1307 991 1334 Pa-

202 1341 234 1366 t'ri
256 1339 349 1375 Filius,
366 1344 472 1371 tametsi
490 1345 565 1373 illum
585 1354 696 1376 causam
717 1350 864 1378 exsistendi
881 1353 990 1385 habent.

205 1388 354 1422 procedens
370 1395 404 1416 ex
427 1389 485 1424 ipso
510 1391 612 1427 absque
627 1398 760 1430 tempore,
789 1400 816 1424 et
835 1396 868 1423 ab
890 1401 991 1426 aeterno

200 1440 262 1459 cum
278 1432 336 1468 ipso
349 1434 493 1463 exsistens.

539 1493 653 1523 ALIUD.

416 1549 460 1579 Ea;
474 1551 621 1586 objections
635 1552 770 1581 Eunomia.

236 1606 370 1634 (holerum
381 1607 528 1641 quomodo,
541 1608 639 1642 inquit,
656 1608 804 1644 ingenitum
817 1611 909 1646 genito
923 1619 989 1639 con-

200 1649 375 1678 substantiale
394 1651 463 1679 erit?
486 1651 597 1680 Multum
614 1654 685 1681 enim
706 1655 775 1682 inter
799 1663 830 1683 ea
847 1660 889 1684 est
913 1656 989 1686 ditl‘e-

201 1697 304 1724 rctttiat.

450 1753 554 1782 Salutio
569 1754 733 1792 objectionis.

234 1811 326 1838 Ardua
340 1811 449 1845 scilicet
467 1813 584 1840 hostium
599 1813 700 1841 Christi
723 1813 840 1848 obiectio
857 1823 910 1843 non
933 1816 989 1844 etii-

200 1857 253 1882 ciet
274 1862 299 1883 ut
318 1857 402 1884 Filius
419 1866 472 1886 non
495 1859 531 1886 sit
556 1859 796 1888 eonsubstantialis
818 1861 902 1895 Patri,
928 1864 988 1890 ideo

199 1902 261 1939 quia
288 1902 368 1930 Pater
392 1903 530 1939 ingenitus
554 1909 606 1937 est,
624 1905 711 1933 Filius
733 1913 796 1934 vero
816 1908 933 1942 genitus.
959 1910 988 1937 Si

200 1948 272 1974 enim
285 1947 393 1977 ditl‘erre
409 1950 435 1976 in
453 1950 542 1985 aliquo
557 1949 622 1978 facit
640 1956 669 1978 ut
683 1951 787 1979 diversa
807 1954 843 1980 sit
860 1954 885 1980 in
907 1956 987 1983 rebus

202 1999 309 2026 natura,
324 1998 349 2021 et
362 2001 459 2030 genera
476 2004 490 2023 a
506 2002 598 2024 mutua
615 1997 684 2024 inter
696 2005 724 2025 se
737 1999 924 2027 convenientia
939 2008 987 2027 na—

200 2039 333 2074 turalique
357 2041 534 2069 similitudine
562 2048 686 2076 separat,
708 2042 877 2079 distinguant
903 2046 985 2072 etia'n

199 2083 309 2110 l’aulum
326 2092 340 2110 a
357 2083 436 2113 Petro
452 2086 555 2114 ratione
579 2088 715 2122 essentia,
746 2089 879 2123 siquidem
901 2091 986 2124 parti-

199 2129 318 2156 cularem
343 2132 487 2164 quamdam
514 2133 614 2160 habent
634 2140 666 2160 ac
691 2134 771 2160 veluti
795 2134 821 2161 in
848 2135 987 2163 individuo

199 2174 270 2200 inter
294 2181 323 2201 se
347 2175 626 2212 diﬁerentlam,juxta
649 2186 730 2213 quam
755 2178 798 2207 hic
815 2180 921 2215 quidem
946 2187 988 2209 est

1040 937 1085 973 τρὶ
1101 937 1269 973 προσεοικὼς
1279 937 1340 964 οὐδὲ
1353 936 1506 972 ὁμοοὺσιος,
1521 935 1671 970 ἐπειδήπερ
1681 933 1695 959 ὸ
1712 933 1764 968 μὲν
1777 932 1849 958 Πα-

1040 984 1092 1019 τὴρ
1110 984 1161 1010 οὐκ
1176 983 1205 1016 ἐξ
1219 983 1306 1010 αἰτίου
1323 982 1395 1014 τινός
1406 983 1490 1014 ἐστιν,
1505 982 1519 1008 ὁ
1531 981 1561 1007 δὲ
1574 980 1637 1011 Υἱὸς
1648 979 1735 1006 αἴτιον
1752 977 1849 1028 αὑτὸῖ

1041 1029 1107 1065 ἔχει,
1120 1029 1147 1055 τί
1161 1029 1277 1055 κωλύσει
1289 1028 1378 1062 λέγειν
1393 1028 1434 1054 ὅτι
1449 1027 1496 1054 καὶ
1507 1026 1522 1052 ὸ
1537 1026 1607 1053 Κάῖν
1618 1024 1720 1051 οὺκιᾶν
1737 1024 1783 1058 εἴη
1800 1024 1848 1057 τῷ

1042 1074 1126 1110 πατρὶ
1144 1073 1300 1108 ὀμοούσιος;
1329 1073 1494 1108 Ἐπειδήπερ
1516 1072 1530 1098 ὁ
1546 1071 1595 1106 μὲν
1614 1069 1699 1105 ’Λδὰμ
1713 1070 1762 1095 ὑπ’
1790 1069 1847 1094 οὑ-

1040 1121 1114 1152 δενὸς
1127 1119 1268 1155 ἐγεννήοη-
1283 1119 1390 1154 πρῶτος
1402 1118 1456 1154 γὰρ
1469 1116 1502 1153 ἦν
1511 1117 1664 1152 ἅνθρωπος.
1681 1116 1710 1142 Ὀ
1718 1115 1749 1141 δὲ
1761 1114 1843 1141 Κάἷν

1041 1165 1127 1193 αἴτιον
1142 1166 1221 1201 ἔσχεν
1235 1165 1326 1192 αὐτόν·
1341 1165 1371 1197 ἐξ
1384 1164 1466 1191 αὑτοῦ
1480 1163 1534 1199 γὰρ
1545 1163 1666 1197 γέγονεν.
1679 1162 1710 1188 Εἰ
1727 1160 1758 1187 δὲ
1769 1160 1845 1194 ψεύ-

1042 1221 1117 1239 σεται
1134 1212 1242 1243 πάντως
1255 1212 1269 1238 ὁ
1279 1211 1358 1237 τοῦτο
1368 1211 1455 1244 λέγων
1466 1208 1620 1245 (ὁμοούσιος
1632 1207 1686 1242 γὰρ
1697 1206 1844 1242 τῷἊδέιμ.

1036 1259 1055 1284 ’ὁ
1067 1258 1159 1292 Κάῖν),
1173 1257 1249 1283 ἔσται
1270 1256 1308 1292 τῷ
1329 1256 1417 1291 Πατρὶ
1443 1256 1551 1286 πάντως
1567 1253 1708 1289 ὁμοούσιος
1727 1252 1743 1278 ὁ
1761 1251 1842 1282 Υἱὸς,

1042 1298 1094 1330 πᾶν
1107 1303 1192 1329 αἴτιον
1207 1302 1288 1328 αὐτὸν
1300 1302 1349 1337 ἔχῃ
1369 1301 1415 1328 τοῦ
1439 1298 1520 1332 εἶναι,
1538 1300 1568 1332 ἐξ
1591 1298 1674 1326 αὑτοῦ
1689 1296 1844 1334 προελυὼιι

1041 1350 1174 1385 ἀχρόνως,
1190 1348 1239 1375 καὶ
1250 1347 1342 1379 ἁῖδίως
1353 1347 1390 1374 ὢν
1407 1346 1456 1373 σὺν
1473 1345 1557 1381 αὐτῷ.

1384 1498 1485 1525 AAAO.

1169 1556 1218 1590 Ὧς
1230 1556 1264 1588 ἐξ
1279 1554 1458 1587 ἀντιθέσεως
1471 1553 1530 1580 τῶν
1543 1553 1704 1587 Εὑνομίου.

1075 1615 1130 1640 Καὶ
1149 1613 1207 1643 πῶς
1221 1613 1306 1645 ἔσται,
1326 1612 1412 1646 smel...
1429 1611 1459 1637 τὸ
1477 1610 1624 1644 ἀγέννητον
1644 1609 1684 1644 τῷ
1709 1608 1836 1643 γεννητῷ

1039 1660 1200 1696 ὁμοούσιονς
1216 1658 1303 1694 Πολλὴ
1321 1658 1376 1693 γὰρ
1387 1658 1416 1683 ὲν
1427 1657 1518 1688 αὐτοῖς
1534 1656 1550 1691 ἡ
1569 1655 1694 1691 διαφορά.

1248 1753 1250 1755 ’
1281 1757 1359 1792 Πρὸς
1378 1756 1466 1784 τοῦτο
1474 1747 1581 1789 ’λύσιᾳ

1075 1817 1130 1843 Οὐκ
1142 1814 1288 1850 ἀνατρέψει
1301 1813 1331 1840 τὸ
1342 1812 1423 1848 σοφὸν
1437 1812 1490 1838 τῶν
1502 1811 1694 1847 χριστομάχων
1712 1812 1838 1846 πρόϐλη-

1041 1872 1079 1898 μα
1094 1863 1125 1889 τὸ
1135 1860 1205 1888 εἶναι
1225 1861 1270 1887 τὸν
1282 1859 1347 1887 rm
1362 1858 1504 1894 ὀμοούσιον
1514 1857 1553 1892 τῷ
1567 1857 1666 1893 Haupt,
1681 1858 1836 1892 ἐπειδήπερ

1039 1909 1053 1935 ὁ
1071 1908 1119 1943 μὲν
1136 1906 1230 1942 Πατὴρ
1243 1904 1390 1940 ἀγέννητὸς
1410 1904 1493 1934 ἐστιν,
1511 1903 1576 1934 Υἱὸς
1597 1903 1624 1929 δὲ
1639 1902 1780 1936 γεννητός.
1804 1903 1837 1928 Εἰ

1039 1954 1093 1989 γὰρ
1105 1953 1136 1980 τὸ
1147 1953 1218 1979 κατά
1235 1961 1260 1978 τι
1278 1951 1436 1986 διαφέρειν,
1462 1949 1570 1980 πάντως
1589 1949 1636 1975 καὶ
1655 1949 1785 1983 διάςεορον
1806 1950 1836 1975 ὲν

1038 1999 1093 2029 τοῖς
1105 1995 1164 2024 οὖσι
1177 1997 1226 2033 τὴν
1235 1996 1316 2031 φύσιν
1327 1993 1524 2030 ἀπεργάζεται,
1533 1994 1578 2020 καὶ
1590 1993 1639 2028 τῆς
1652 1993 1721 2028 προς
1730 1993 1836 2028 ἄλληλα

1038 2042 1180 2074 κοινωνίας
1191 2051 1221 2068 τε
1244 2042 1291 2069 καὶ
1309 2041 1427 2076 φυσικῆς
1452 2039 1612 2075 ὁμοιότητος
1627 2039 1779 2074 ἀποτέμνει
1800 2039 1836 2065 τὰ

1038 2089 1114 2124 γένη·
1126 2088 1328 2125 διοριζὲτωσαν,
1344 2087 1412 2122 φέρε
1424 2087 1520 2118 εἰπεῖν,
1536 2085 1640 2112 καὶτὸν
1655 2085 1763 2113 Παῦλον
1778 2085 1836 2112 ἀπὸ

1038 2134 1083 2160 τοῦ
1092 2135 1195 2169 Πέτρου
1205 2133 1276 2160 κατὰ
1289 2133 1334 2159 τὸν
1342 2133 1392 2166 τῆς
1404 2132 1496 2163 οὐσίας
1508 2131 1597 2165 λόγον,
1609 2131 1758 2166 ἐπειδήπερ
1772 2131 1836 2157 τινὰ

1040 2180 1155 2216 μερικὴν
1162 2179 1251 2215 ἔχουσι
1261 2179 1307 2205 καὶ
1316 2179 1353 2210 ὡς
1362 2179 1390 2204 ἐν
1402 2178 1494 2213 ἀτόμῳ
1504 2177 1569 2213 πρὸς
1579 2177 1710 2213 ἀλλήλους
1724 2177 1835 2212 τὴνδιε-

199 2217 304 2250 I’etrus,
321 2219 365 2246 hic
388 2227 453 2247 vero
467 2221 577 2249 Paulus.
603 2222 729 2250 Videmus
753 2228 841 2251 autent
866 2233 986 2259 smpenu-

1046 2225 1134 2261 ρορᾶν,
1151 2223 1212 2251 καθ’
1224 2225 1256 2260 ἣν
1268 2225 1282 2250 ὁ
1296 2224 1344 2259 μὲν
1358 2224 1414 2250 ἔστι
1430 2223 1543 2259 Πέτρος,
1553 2225 1567 2250 ὁ
1577 2223 1604 2250 δὲ
1623 2222 1737 2255 Παῦλος.
1750 2223 1834 2258 ’0ρῶ-

199 2271 274 2291 mero
294 2265 376 2291 etiam
399 2273 430 2293 ea
450 2273 510 2301 qua:
534 2267 589 2294 alio
616 2269 694 2295 modo
708 2277 722 2295 a
750 2274 841 2296 mutua
864 2270 934 2298 inter
956 2279 986 2299 se

198 2309 375 2337 similitudine
404 2311 519 2339 limitum
548 2313 697 2346 dissident,
724 2315 850 2342 essentia:
879 2317 985 2344 ratione

197 2357 353 2383 convenire.
366 2356 433 2384 Nam
447 2358 528 2386 homo
545 2359 619 2393 niger
633 2360 746 2387 multum
761 2361 849 2395 differt
863 2363 897 2389 ab
912 2363 984 2396 alho,

198 2402 245 2429 sed
267 2402 323 2429 hate
340 2402 490 2430 diilerenlia
520 2411 612 2431 eorutn
636 2406 815 2433 substantiam
841 2414 893 2435 non
921 2407 986 2435 facit

199 2447 344 2474 diversam.
361 2447 390 2475 Si
414 2455 479 2482 ergo
502 2449 584 2476 etiam
606 2449 632 2476 in
655 2451 732 2478 nobis
754 2452 820 2486 ipsis
835 2453 984 2480 dill'erentia

198 2494 345 2520 secundum
370 2493 472 2528 aliquid
500 2502 552 2522 non
580 2495 704 2523 immutat
727 2504 788 2525 esse
811 2498 897 2533 ipsum
921 2499 986 2526 sub-

199 2539 315 2570 stantias,
332 2546 364 2566 ex
380 2546 433 2573 qua
454 2544 580 2567 constant
602 2540 637 2567 illi
653 2542 699 2576 qui
723 2550 738 2569 a
756 2544 834 2570 nobis
846 2543 984 2577 diﬂerttitt,

199 2583 263 2617 quid
276 2584 365 2611 obstat
380 2585 524 2619 quominus
550 2586 631 2613 etiam
651 2587 736 2615 Filius
753 2589 789 2615 sit
803 2589 984 2616 consubstan-

200 2629 272 2655 tialis
293 2629 376 2662 Patri,
401 2630 507 2658 etiamsi
524 2631 550 2657 in
572 2638 604 2659 eo
627 2632 698 2660 inter
721 2641 750 2661 se
772 2633 897 2660 dim-rant
914 2635 985 2669 quod

201 2673 281 2700 I'aler
296 2674 330 2701 sit
345 2675 488 2710 ingenitus,
500 2676 584 2705 Filius
595 2684 684 2706 autem
700 2680 826 2714 genitus?
843 2679 902 2707 Una
913 2681 984 2708 enim

200 2720 226 2746 in
248 2720 314 2754 ipsis
331 2726 372 2749 est
385 2722 479 2756 deitas,
495 2731 526 2751 ex
544 2723 624 2752 Patre
641 2725 761 2759 ingenito
784 2726 943 2754 naturaliter
959 2727 984 2753 in

201 2765 239 2792 It'b'
246 2766 297 2792 ium
314 2768 468 2801 procedens.

236 2854 273 2890 (Ι)
293 2854 350 2886 Εεί..
367 2856 550 2890 ἀνομοοὺσιον.
572 2856 636 2884 Vide
656 2857 818 2885 Coteletiutn
836 2859 860 2886 in
882 2865 937 2886 not.
952 2859 982 2885 ad

1042 2279 1090 2306 μεν
1101 2271 1129 2297 δὲ
1148 2271 1188 2297 ὅτι
1203 2270 1332 2302 πολλάκις
1344 2270 1391 2296 καὶ
1406 2269 1440 2295 τὰ
1461 2268 1523 2295 καθ’
1546 2269 1639 2304 ἔτερόν
1653 2277 1714 2295 τινα
1731 2269 1834 2304 τρόπον

1038 2316 1088 2350 τῆς
1106 2315 1230 2350 ἀλλήλων
1253 2315 1411 2350 ὁμοιότητος
1433 2314 1499 2340 πολῦ
1512 2313 1691 2348 διεστηκότα,
1707 2315 1835 2339 κοινωνεῖ

1040 2361 1110 2388 κατὰ
1125 2361 1169 2387 τὸν
1185 2361 1233 2395 τῆς
1243 2361 1336 2392 οὐσίας
1351 2360 1441 2394 λόγον.
1463 2360 1492 2386 '0
1506 2360 1555 2395 μὲν
1569 2360 1622 2395 γὰρ
1633 2359 1714 2394 μέλας
1730 2360 1834 2394 ἅνθρω-

1040 2413 1089 2437 πος
1105 2405 1185 2440 τυχὸν
1203 2405 1241 2437 ὼς
1260 2405 1328 2440 πρὸς
1347 2405 1392 2432 τὸν
1405 2405 1501 2432 λευκὸν
1517 2405 1616 2440 πολλὴν
1633 2405 1688 2439 ἔχει
1708 2405 1758 2439 τὴν
1775 2405 1833 2432 δια-

1041 2451 1137 2485 φορὰν,
1153 2451 1210 2477 ἀλλ’
1226 2451 1256 2476 οὺ
1269 2450 1348 2477 τοῦτο
1362 2450 1411 2486 τὴν
1425 2451 1520 2478 οὐσίαν
1535 2452 1626 2482 αὐτοῖς
1637 2451 1787 2485 δια-τέμνει.
1802 2452 1832 2477 ι-Ῑί

1039 2497 1127 2524 τοίνυν
1136 2497 1183 2523 καὶ
1198 2496 1239 2531 ἐφ’
1250 2496 1331 2532 ήμῶν
1341 2497 1431 2523 αὐτῶν
1443 2498 1458 2532 ἡ
1471 2497 1541 2524 κατά
1550 2506 1576 2523 τι
1589 2497 1704 2532 διαφορὰ
1717 2498 1749 2523 τὺ
1762 2495 1830 2524 εἶναι

1037 2543 1086 2577 τῆς
1102 2542 1186 2577 αὐτῆς
1198 2542 1291 2574 οὐσίας
1302 2542 1352 2569 οὐκ
1369 2542 1528 2578 ἀνατρέπει,
1542 2540 1576 2578 ἧς
1588 2543 1620 2569 ἂν
1637 2541 1691 2568 εἷεν
1709 2544 1830 2569 κάκεῖνοι

1038 2588 1106 2623 πρὸς
1121 2587 1166 2619 οὓς
1179 2588 1211 2614 ἂν
1226 2587 1444 2623 διακρινοίμεοα·
1470 2588 1496 2614 τί
1521 2588 1620 2615 κωλύει
1643 2589 1690 2615 καὶ
1707 2589 1754 2615 τὸν
1768 2589 1830 2615 my

1037 2633 1179 2669 ὁμοούσιον
1195 2631 1267 2660 εἶναι
1292 2633 1331 2668 τῷ
1351 2634 1448 2669 Πατρὶ,
1467 2634 1538 2660 κατὰ
1560 2634 1639 2660 τοῦτο
1666 2634 1829 2669 διαφέροντα

1037 2680 1097 2707 καθ’
1114 2680 1128 2706 ὃ
1146 2679 1195 2714 μὲν
1210 2679 1305 2714 Πατὴρ
1318 2679 1468 2715 ἀγέννητός
1483 2680 1566 2712 ἐστιν,
1585 2682 1598 2706 ὁ
1613 2680 1641 2706 δὲ
1656 2680 1719 2712 Υἱὸς
1733 2689 1829 2715 γεννηο

1037 2725 1098 2758 τὸςς
1115 2725 1172 2752 Μία
1183 2724 1237 2760 γὰρ
1255 2725 1284 2750 ἐν
1302 2725 1394 2756 αὐτοῖς
1414 2724 1548 2760 ήοεότης,
1569 2726 1600 2750 ἐκ
1620 2725 1727 2760 Πατρῖς
1750 2726 1828 2759 ἀγεν-

1038 2772 1117 2806 νήτου
1134 2771 1266 2806 τρέχοντα
1282 2770 1404 2805 φυσικῶς
1416 2771 1461 2797 ἐπὶ
1473 2771 1502 2797 τὸ
1516 2771 1648 2805 γέννημα.

1005 2849 1124 2885 Monum.
1141 2858 1210 2885 Iz‘rcl.
1229 2859 1287 2892 (ira,
1307 2867 1331 2894 p,
1346 2859 1408 2886 551.
1426 2859 1504 2887 ICun‘.
