1920 3031
50 122 85 150 H9
769 131 991 160 THESAURUS.

403 187 507 216 A.\A0.

158 239 344 275 Ἅγτίθεσις
366 244 409 276 ὡς
429 245 464 271 ἐκ
485 245 542 272 τῶν
565 247 725 280 Εὐνομίαν.

81 297 132 323 “in.
147 296 180 323 ἂν
206 298 254 332 εἴη
273 299 394 331 τέλειος,
420 302 497 336 φησι,
516 302 552 338 μὴ
581 303 688 334 πάντως
708 303 761 329 ἀπό
779 311 851 335 τινος

59 344 179 378 ἐκτρέχων
194 343 303 379 ἀρχῆς.
322 346 354 372 Εἰ
371 346 462 373 τοίνυν
474 348 645 374 κατέπαυσεν
658 349 672 374 ὁ
683 348 778 384 Πατὴρ
791 357 852 383 γεν-

59 391 103 416 νῶν
111 390 152 416 τὸν
166 390 248 421 Υὶὸν,
264 391 296 416 τὸ
321 391 350 418 δὲ
368 393 546 419 καταπαῦσαι
565 394 639 426 τέλος
661 395 749 427 ἐστὶν,
765 395 851 430 ἀρχὴν

62 438 104 471 ἄρα
118 435 172 470 ἔχει
186 435 236 462 τοῦ
261 435 348 464 εἶναι.
376 437 441 470 Πῶς
466 436 511 465 οὖν
528 439 542 465 ὁ
567 439 688 471 τοιοῦτος
709 440 851 475 όμοούσιος

63 484 127 510 ἔσται
140 482 179 517 τῷ
193 482 227 509 ἐκ
245 482 388 518 μηδεμιᾶς
404 483 492 520 ἀρχῆς
507 485 563 511 ὄντι
575 485 661 521 Πατρί
670 493 676 518 ;

307 571 386 606 Πρὸς
400 573 487 600 τοῦτο
502 573 603 607 λύσις.

93 628 122 653 Ei
135 627 311 654 κατέπαυσεν
327 627 342 654 ὁ
354 627 458 664 Πατὴρ,
478 628 539 655 καθ’
562 629 645 663 ὑμᾶς,
657 626 679 656 ὦ
700 630 849 665 χριστομά-

62 682 107 708 χοι,
122 674 223 707 γεννῶν
250 673 298 699 τὸν
315 673 391 706 Υἱὺν,
417 674 465 700 καὶ
489 674 542 700 ἀπό
562 683 634 707 τινος
646 675 733 710 ἀρχῆς
749 676 850 711 ἧρξατο

62 719 143 752 (τοῦτο
152 719 206 755 γὰρ
222 719 303 754 ὑμῶν
321 719 338 754 ἡ
355 720 490 754 πρότασις
503 719 581 755 ἔχει),
594 721 776 755 προσγέγονεν
797 721 850 757 ἄρα

61 764 96 798 τῷ
110 765 207 799 Πατρῖ.
233 764 272 790 Τὸ
296 764 325 790 δὲ
341 766 525 800 προσγεγονὸς
550 766 596 792 καὶ
611 766 698 801 ἀρχὴν
722 766 782 802 ἔχον
802 767 849 793 τοῦ

61 807 134 840 εἶναι,
151 811 311 845 πρόσφατον
323 811 357 839 ἃν
370 810 413 845 εἴη
428 811 534 843 πάντως
548 812 594 838 καὶ
609 813 776 846 ἀναγκαίως.
786 813 849 845 Πῶς

1239 188 1352 216 ALIUD.

1181 245 1325 280 objectione
1338 245 1474 272 Emwmii.

937 302 1087 334 Perfectus,
1104 303 1199 337 inquit,
1222 310 1282 330 esse
1303 310 1355 329 non
1379 308 1477 337 potest,
1503 304 1554 332 nisi
1570 306 1614 339 qui
1631 314 1690 333 om-

903 349 967 375 nino
983 349 1016 375 ah
1030 348 1119 382 aliquo
1137 348 1269 382 principio
1286 350 1458 382 processerit.
1474 350 1502 376 Si
1515 350 1596 385 igitur
1610 351 1691 379 Pater

902 395 981 422 desiit
997 403 1128 430 generare
1142 395 1250 426 Filium,
1266 396 1329 422 illud
1346 401 1435 423 autem
1456 396 1588 428 desinere.
1609 400 1688 425 linem

902 441 1047 476 signiﬁcat,
1069 442 1230 477 principium
1247 443 1338 477 itaque
1358 442 1506 469 exsistendi
1526 443 1614 470 habet.
1631 443 1689 476 Quo

902 493 981 522 pacto
996 488 1077 523 igitur
1093 489 1117 515 is
1131 488 1380 516 eonsubsrantialis
1395 489 1447 516 erit
1465 489 1551 521 Patri,
1569 490 1614 524 qui
1628 490 1687 518 util-

902 533 957 560 Ium
971 534 1133 570 principium
1151 535 1253 561 habet?

1150 579 1253 606 Solutio
1279 580 1440 615 objeclianis.

937 634 964 661 Si
982 634 1061 662 desiit
1080 634 1121 662 vel
1136 635 1253 662 cessavit
1277 634 1358 663 Pater
1377 643 1470 662 creare
1489 635 1598 668 Filium,
1612 636 1688 670 juxta

901 685 1017 708 vestram
1042 680 1206 714 opinionem,
1237 681 1328 708 hostes
1350 681 1461 714 Christi,
1489 686 1516 708 et
1541 681 1575 708 ab
1598 682 1688 716 aliquo

901 726 1036 761 principio
1051 727 1133 761 coepit
1149 726 1203 763 78
1217 726 1265 760 (ita
1285 726 1357 753 enim
1371 733 1460 754 vestra
1476 728 1624 762 propositio
1644 729 1688 755 hn-

901 771 967 807 bet),
991 779 1056 806 ergo
1072 772 1236 798 adventitius
1255 776 1295 798 est
1310 771 1394 798 Patri.
1414 772 1441 799 ld
1466 780 1530 800 vero
1545 773 1616 807 quod
1638 775 1686 800 ad-

900 818 1043 845 ventitium
1061 818 1119 846 sive
1147 818 1293 845 ascititium
1312 823 1364 850 est,
1380 823 1406 845 et
1423 818 1585 853 principium
1606 819 1687 847 habet

60 855 88 890 δὴ
101 854 146 882 οὖν
160 857 215 891 ἄρα
225 856 326 891 Θήσετε
335 856 381 882 τὸν
393 857 457 884 Υἰὸν
468 857 533 884 Θεὸν
545 856 615 885 εἶναι
627 858 703 895 παρὰ
715 860 765 895 τῆς
775 859 848 892 θείας

905 863 1076 896 exsistentiae,
1092 871 1187 891 recens
1200 863 1310 891 omnino
1326 864 1360 891 sit
1375 871 1487 891 neeesse
1499 869 1549 892 est.
1563 864 1623 898 Quo
1641 873 1687 899 pa-

62 901 77 926 Γ
80 901 164 936 φφῆς
177 901 209 927 οὐ
224 901 466 937 συγχωρούμενον,
485 902 517 929 ἂν
530 903 616 935 οὕτως
635 899 702 940 ἕχῄ,
721 905 848 942 καθάπερ

61 947 133 982 ὑμεῖς
154 955 239 981 φατες
262 957 272 973 1
291 948 349 975 Οὐκ
372 948 450 975 ἔσται
473 949 527 984 γὰρ
551 950 581 975 ἑν
607 950 648 976 σοὶ
667 950 743 983 Θεὸς,
770 952 846 985 φησι,

61 992 221 1027 πρόσφατος.
236 1003 246 1019 ι
265 994 336 1020 Ἀλλ’
346 993 418 1022 οἶδεν
430 995 511 1022 αὐτὸν
523 996 538 1030 ἡ
552 995 612 1022 Θεία
623 996 718 1032 Γραφὴ
728 997 774 1023 καὶ
783 997 847 1024 Υίὸν

60 1038 116 1064 ὅντα
132 1038 179 1064 καὶ
193 1038 273 1067 Θεόν.
292 1040 350 1067 Οὐκ
364 1041 420 1076 ἄρα
436 1041 605 1076 πρόσφατος,
621 1042 681 1069 οὐδὲ
695 1042 847 1078 ἀρξάμενος

60 1082 100 1108 τοῦ
114 1084 273 1116 γεννᾶσθαι,
289 1085 352 1111 καθ’
368 1086 440 1120 ὑμᾶς
450 1095 456 1101 ·
473 1086 540 1113 ἀλλὰ
560 1087 689 1122 γεννητὸς
703 1088 763 1122 μὲν,
787 1097 848 1115 συν-

59 1129 135 1160 σῖδιος
149 1130 176 1156 δὲ
189 1130 265 1164 ὅμως
276 1130 314 1162 ὡς
326 1131 389 1163 Υἱὸς
402 1132 440 1158 ὢν
455 1132 481 1158 ἐν
491 1132 529 1167 τῷ
541 1132 637 1167 “arpi.
649 1133 680 1159 Ei
694 1133 722 1159 δὲ
734 1133 763 1160 τὸ
776 1131 847 1160 εἶναι

60 1174 209 1208 πρόσφατον
224 1177 256 1202 οὐ
271 1177 448 1212 συγχωρήσει
463 1178 513 1212 τῆς
524 1178 607 1213 αὐτῆς
619 1179 712 1210 οὐσίας
727 1178 796 1207 εἶναι
808 1181 847 1217 τῷ

61 1219 142 1257 Πατρὶ
156 1220 202 1246 τὸν
217 1220 294 1253 Υὶὺν,
308 1222 338 1248 τὸ
354 1222 392 1257 μὴ
414 1220 483 1249 εἶναι
507 1223 664 1258 πρόσφατον
678 1245 685 1258 ,
703 1225 847 1259 ὀμοούοιον

60 1264 199 1292 ἀποδείξει.

402 1387 503 1415 ΑΛΛΟ.

91 1440 121 1466 Ei
131 1440 205 1475 μόνῳ
213 1440 273 1476 Θεῷ
284 1442 323 1477 τῷ
336 1443 409 1470 κατὰ
417 1443 497 1478 φύσιν
509 1444 541 1472 τὸ
550 1447 760 1480 προσκυνεῖσθαι
773 1449 848 1484 παρά

60 1494 85 1512 τε
99 1486 176 1521 ἡμῶν
188 1488 237 1514 καὶ
247 1488 371 1522 ἀγγέλων
388 1490 535 1524 ὀφείλεται,
553 1491 638 1527 ἑτέρῳ
652 1492 680 1519 δὲ
695 1493 792 1527 οὐδενὶ,
802 1495 848 1521 καὶ

59 1532 98 1565 ἐφ’
115 1533 194 1567 ἡμῶν
209 1534 260 1569 μὲν
278 1534 414 1561 τέθειται·
429 1545 438 1561 ι
450 1536 551 1572 Κύριον
564 1537 610 1564 τὸν
624 1538 690 1565 Θεόν
704 1547 752 1566 σου
761 1548 846 1575 προσ-
860 1537 881 1567 C

59 1579 194 1613 κυνήσεις,
211 1589 221 1604 ι
237 1580 366 1613 ἀγγέλοις
383 1581 412 1607 δὲ
430 1582 462 1608 τὸ
477 1582 589 1617 Πνεῦμα
605 1584 710 1612 κελεύει
725 1595 846 1621 προσκυ-

59 1625 110 1650 νεῖν
122 1624 169 1651 τὸν
180 1625 256 1656 Υἱὺν,
269 1626 342 1653 κατὰ
354 1626 395 1659 τὸ,
413 1637 421 1652 ε
435 1627 519 1655 Ὅταν
531 1628 560 1655 δὲ
575 1630 710 1666 εἰσαγάγῃ
718 1631 763 1658 τὸν
772 1641 847 1668 πρω-

59 1669 163 1696 εὸτοκον
184 1671 224 1702 si;
239 1670 289 1705 τὴν
303 1671 477 1708 οἰκουμένην,
500 1673 589 1707 λέγει·
612 1675 668 1702 Καὶ
691 1685 847 1712 προσκυνη-

58 1715 181 1741 σάτωσαν
191 1716 268 1751 αὐτῷ
282 1717 383 1748 πάντες
398 1717 508 1752 ἄγγελοι
519 1719 597 1753 Θεοῦ,
617 1730 625 1746 ›
637 1721 702 1752 Θεὸς
711 1721 763 1757 ἄρα
774 1722 848 1749 ἐστὶν

58 1761 322 1796 ὀπροσκυνούμενος
339 1763 414 1795 Υἱός.
434 1763 495 1795 Πῶς
512 1762 557 1791 οὖν
583 1765 659 1792 ἔσται
679 1767 727 1802 μία
741 1768 846 1803 Οεόῖης,

58 1808 80 1833 si
93 1807 143 1833 οὐκ
158 1807 227 1839 ἔστι,
243 1807 305 1834 καθ’
318 1809 402 1843 ὑμᾶς,
418 1809 558 1844 ὀμοούσιος
572 1811 611 1846 τῷ
624 1812 728 1849 Πατρίς
746 1814 777 1840 Εἰ
793 1814 848 1849 γὰρ

58 1852 112 1887 ἔχει
120 1853 184 1880 τινὰ
193 1853 335 1880 διάστασιν
349 1855 408 1890 ἦτοι
419 1855 550 1891 διαφορὰν
561 1857 632 1884 κατὰ
641 1858 686 1884 τὸν
694 1859 744 1892 τῆς
754 1860 848 1891 οὐσίας

58 1899 147 1932 λόγον,
165 1899 284 1935 ἑτεροῖος
300 1900 351 1935 μὲν
371 1901 404 1927 ἂν
419 1901 461 1936 εἴη
477 1901 542 1933 Θεὸς
558 1903 572 1929 ὁ
586 1903 666 1936 Υἱὸς,
685 1904 803 1940 ἑτεροῖος
819 1905 848 1932 δὲ

59 1945 72 1970 ὁ
86 1945 192 1980 Πατὴρ.
205 1946 254 1971 καὶ
269 1945 316 1972 δύο
339 1946 410 1974 κατὰ
429 1947 507 1973 τοῦτο
525 1947 608 1979 Θεοὺς
623 1949 728 1985 ἀνάγκη
741 1950 846 1984 λέγειν’

60 1990 125 2025 ὅπερ
142 1992 215 2017 ἐστὶν
226 1991 344 2023 ¹ἀσεϐὲς,
361 1992 409 2018 καὶ
427 1992 486 2020 οὐδὲ
504 1992 584 2030 μέχρι
598 1995 678 2029 μόνον
694 1996 778 2031 ἀκοῆς
797 2005 848 2024 πα-

62 2036 198 2069 ραδεκτὼ.
223 2037 294 2063 Ἀλλ’
308 2037 366 2064 ἔστι
380 2038 429 2073 μία
443 2038 548 2075 θεότης,
560 2040 606 2066 καὶ
616 2040 686 2067 οὓτω
701 2042 848 2079 κηρύττου-

64 2090 100 2107 σιν
116 2083 144 2108 αἱ
157 2082 228 2109 θεῖαι
243 2083 353 2118 Γραψαί
364 2093 370 2100 ·
388 2085 529 2118 ὁμοούσιος
543 2086 597 2121 ἄρα
605 2086 643 2121 τῷ
650 2087 736 2124 Πατρὶ
749 2089 764 2116 ό
774 2089 846 2122 Υἱός.

63 2127 136 2155 Οὕτω
154 2129 209 2165 γὰρ
227 2129 259 2157 τὺ
273 2129 303 2156 ἓν
315 2129 428 2165 Θεότητι
446 2132 607 2169 σωθήσεται.

361 2207 368 2217 ,
404 2185 508 2214 AAAO.

97 2241 128 2267 Εἰ
139 2241 241 2276 ἧρξατο
254 2242 303 2268 τοῦ
319 2243 418 2278 γεννᾷν
431 2242 478 2269 τὸν
491 2243 554 2271 Υὶὺν
570 2245 584 2271 ὁ
600 2246 695 2282 Πατὴρ
716 2247 764 2275 καὶ
784 2257 851 2276 κατ-

66 2286 173 2319 έπαυσε,
190 2288 261 2314 κατὰ
272 2288 322 2323 τὴν
335 2288 389 2316 τῶν
402 2290 592 2326 χριστομάχων
615 2293 722 2327 μανίαν,
740 2295 851 2322 ἀλλοιω-

67 2332 105 2375 σις
114 2341 156 2364 τις
171 2333 216 2359 καὶ
229 2329 366 2370 μεταϐολὴ
384 2335 447 2370 περὶ
458 2336 538 2362 αὑτὸν
551 2337 670 2371 γέγονεν.
690 2340 722 2366 Ὃ
738 2340 792 2375 γὰρ
802 2342 851 2368 οὑκ

67 2374 96 2417 ἦν
108 2378 168 2413 πρὶν
178 2379 309 2414 γεννήσῃ,
330 2379 425 2413 γέγονε
439 2379 507 2414 μετὰ
517 2379 546 2407 τὸ
560 2383 699 2417 γεννῆσαι.
711 2383 743 2410 Ei
757 2374 785 2410 δὲ
797 2384 851 2410 τῶν

68 2423 189 2450 τοιούτων
205 2424 337 2458 ἀνωτέρω
352 2424 382 2450 τὸ
400 2424 470 2452 Θεῖὸν
494 2426 552 2452 ἐστι
575 2429 678 2464 τροπῆς
694 2437 724 2455 τε
737 2430 784 2456 καὶ
803 2430 852 2457 ὰ).-

71 2467 194 2500 ὶοτώσεως
211 2469 401 2503 ἀνεπίδεκτον,
417 2471 468 2497 οὐκ
484 2471 584 2514 ἤρξατο
607 2473 655 2499 τοῦ
671 2476 778 2510 γεννᾷν,
794 2476 853 2503 οὐδὲ

72 2514 227 2546 κατέπαυσε,
246 2510 375 2552 καθάπερ
389 2513 464 2543 οὗτοι
479 2510 579 2552 φασιν·
604 2520 661 2546 ἀλλ’
681 2519 714 2557 ἦν
733 2522 853 2557 ἀχρόνως

75 2559 98 2583 ὲν
107 2560 187 2595 “arpi.
202 2562 216 2587 ὁ
235 2561 290 2588 τῶν
317 2561 426 2589 αἰώνων
454 2564 500 2590 καὶ
517 2564 619 2600 χρόνων
640 2567 755 2602 ποιητὴς
779 2560 852 2599 Υἱᾶς.

81 2603 174 2642 Ἐπειδὴ
185 2606 211 2633 δὲ
228 2607 376 2640 σεδναῖὀιος,
391 2607 437 2634 διὰ
452 2608 528 2635 τοῦτο
541 2609 588 2636 καὶ
603 2611 754 2646 ὀμοοὺσιος.

407 2709 508 2737 ΑΛΛΟ.

103 2762 129 2790 ΕΞ
140 2763 236 2800 ἤρξατο
247 2765 296 2804 τοῦ
315 2766 421 2800 γεννᾷν
433 2765 447 2790 ὁ
467 2766 562 2802 Πατὴρ
585 2768 628 2794 τὶν
641 2769 714 2800 Υἱὺν,
738 2772 853 2805 προσγέ-

100 2845 114 2860 ¹¹
130 2846 198 2875 Deut.
221 2855 258 2883 vi,
284 2848 338 2878 £3;
359 2845 458 2872 Matth.
477 2854 512 2879 Iv,
533 2848 572 2874 ιυ.
614 2849 633 2864 ¹¹
650 2849 729 2877 Hebr.
746 2859 763 2885 ι,
784 2853 808 2880 ὕ.

900 915 943 937 cto
960 910 1042 943 igitur
1063 910 1188 937 statuetis
1205 916 1312 936 sacram
1331 909 1498 944 Scripturam
1516 918 1569 937 non
1591 917 1688 937 conce-

900 956 963 982 dere
979 955 1079 982 Filinm
1098 956 1182 983 Deum
1198 962 1268 988 esse,
1285 955 1306 982 si
1327 955 1364 982 ita
1379 962 1408 982 se
1430 963 1471 982 res
1489 956 1579 986 habet,
1596 960 1625 982 ut
1640 963 1688 983 vos

899 1002 1012 1030 dicitis?
1027 1011 1036 1027 ι
1051 1001 1110 1029 Non
1122 1001 1194 1028 enim
1205 1001 1377 1036 eril,inquit,
1391 1000 1416 1027 in
1429 1005 1454 1028 te
1468 1000 1537 1028 Deus
1553 1007 1655 1027 recens.
1675 1009 1685 1026 ι

900 1048 983 1082 Atqui
1003 1055 1081 1074 saera
1096 1047 1238 1082 Scriptura
1255 1046 1328 1073 illum
1350 1051 1378 1073 et
1397 1046 1494 1073 Filium
1514 1046 1644 1080 agnoscit,
1661 1051 1688 1072 et

899 1094 996 1120 Deum.
1017 1093 1076 1120 Non
1095 1093 1177 1128 igitur
1193 1100 1288 1119 recens
1302 1097 1355 1123 est,
1372 1099 1458 1126 neque
1473 1092 1584 1126 inempil
1604 1099 1687 1127 gene-

900 1139 965 1170 rari,
982 1143 1011 1166 ut
1033 1146 1081 1166 vos
1107 1138 1265 1173 opinamini,
1293 1138 1340 1165 sed
1364 1139 1472 1172 genitus
1496 1137 1615 1172 quidem,
1640 1145 1687 1164 e0-

899 1190 1017 1212 azleruus
1033 1184 1220 1216 nihilominus,
1246 1189 1275 1211 ut
1290 1183 1375 1210 Filius
1396 1185 1532 1210 eXsistens
1547 1184 1572 1210 in
1596 1183 1684 1210 Patre.

899 1231 975 1257 Sit-ut
991 1230 1083 1264 igitur,
1100 1230 1122 1257 si
1141 1236 1236 1256 recens
1254 1234 1337 1261 esset,
1353 1229 1472 1262 ejusdem
1487 1229 1612 1256 essentia:
1627 1237 1688 1256 esse

899 1284 958 1303 eum
976 1275 1055 1302 Patre
1072 1275 1155 1302 Filius
1179 1283 1349 1310 nequaquam
1368 1280 1469 1309 posset,
1500 1275 1536 1302 ita
1556 1276 1637 1302 etiam
1655 1283 1688 1302 eo

899 1322 956 1356 ipso
972 1322 1043 1356 quod
1061 1329 1155 1349 recens
1169 1329 1220 1349 non
1237 1326 1289 1354 est,
1304 1321 1543 1348 consubstantialis
1561 1327 1622 1348 esse
1639 1321 1688 1348 de-

898 1368 1027 1397 elaratur.

1235 1402 1349 1431 ALIUD.

936 1459 965 1486 Si
983 1459 1031 1486 soli
1049 1459 1104 1486 Deo
1125 1459 1272 1486 secundum
1291 1463 1413 1485 naturam
1431 1459 1554 1487 adoratio
1571 1465 1586 1485 θ
1609 1459 1686 1486 nobis

899 1508 926 1532 et
943 1504 1044 1538 angelis
1057 1504 1180 1535 debetur,
1197 1508 1224 1530 et
1239 1503 1303 1530 nulli
1321 1503 1411 1535 alteri,
1427 1509 1454 1530 et
1472 1503 1505 1529 de
1523 1503 1601 1530 nobis
1619 1505 1687 1530 seri-

900 1553 974 1583 ptutn
997 1553 1039 1575 est
1057 1557 1062 1574 :
1080 1558 1088 1574 ι
1109 1548 1250 1575 Dominum
1276 1547 1360 1574 Deum
1383 1553 1456 1574 tuum
1479 1549 1605 1576 adorabis
1618 1549 1657 1581 “;
1674 1558 1683 1574 ι

901 1594 1004 1629 angelis
1026 1601 1090 1620 vero
1117 1583 1232 1628 S'piritus
1252 1593 1330 1628 jubet
1347 1594 1461 1620 adorare
1482 1594 1591 1628 Filium,
1608 1595 1686 1630 juxta

902 1639 967 1667 illud
983 1648 989 1666 :
1005 1648 1014 1665 ι
1034 1640 1145 1672 Quando
1164 1639 1299 1665 induxerit
1316 1639 1526 1673 primogenitum
1551 1640 1578 1666 in
1593 1641 1685 1667 orbem

902 1690 1056 1718 terrarum,
1085 1685 1171 1712 dicit:
1189 1685 1221 1711 Et
1253 1685 1367 1712 adorent
1390 1693 1451 1712 eum
1478 1693 1572 1713 omnes
1599 1687 1688 1722 angeli

901 1731 948 1758 Dei
961 1731 1000 1765 ”;
1016 1740 1024 1756 |
1055 1731 1125 1758 Deus
1145 1738 1209 1765 ergo
1233 1736 1273 1757 est
1300 1730 1384 1758 Filius
1401 1731 1446 1765 qui
1471 1732 1610 1758 adoratur.
1629 1732 1688 1765 Quo

901 1781 980 1811 pacto
995 1775 1077 1811 igitur
1088 1777 1140 1803 erit
1160 1784 1211 1803 una
1228 1776 1326 1809 deitas,
1346 1777 1368 1803 si
1383 1784 1436 1803 non
1454 1781 1505 1809 est,
1518 1783 1547 1804 ut
1565 1785 1612 1805 vos
1629 1779 1688 1812 opi-

903 1822 1015 1855 namini,
1033 1822 1274 1850 consubstantialis
1290 1822 1382 1849 Patri?
1397 1822 1424 1849 Si
1442 1823 1513 1849 cuitu
1532 1823 1686 1850 distantiam

901 1866 958 1892 sive
972 1865 1152 1892 dilI‘erentiam
1173 1866 1255 1892 ullam
1276 1866 1355 1893 habet
1371 1867 1475 1893 ratione
1491 1869 1627 1898 essentia}.
1645 1869 1686 1895 di-

901 1919 997 1939 versus
1013 1918 1080 1938 sane
1103 1911 1184 1938 fuerit
1201 1911 1271 1939 Deus
1287 1911 1372 1939 Filius
1387 1921 1400 1938 ιι
1421 1912 1477 1939 Deo
1495 1912 1585 1945 Patre,
1607 1919 1688 1947 atque

902 1957 938 1984 ita
962 1957 1029 1983 duos
1042 1957 1111 1983 Deos
1130 1957 1298 1983 constituere
1323 1964 1433 1984 necesse
1449 1958 1501 1984 erit
1515 1967 1522 1984 :
1540 1959 1610 1992 quod
1626 1959 1687 1992 qui-

901 2002 961 2030 dem
978 2002 1088 2036 impimn
1107 2007 1157 2033 est,
1175 2007 1201 2028 et
1217 2002 1258 2028 vel
1272 2001 1328 2029 solo
1341 2003 1432 2029 auditu
1447 2004 1624 2031 exsecrabile.
1640 2005 1688 2030 At-

901 2048 946 2083 qui
964 2056 1017 2075 una
1035 2052 1076 2075 est
1094 2048 1191 2080 deitas,
1211 2052 1291 2080 atque
1309 2048 1344 2075 ita
1366 2056 1449 2075 sacra:
1468 2048 1577 2076 Littera:
1592 2050 1688 2083 praedi-

902 2097 963 2120 cant
979 2102 986 2120 :
1003 2093 1241 2120 consubstantialis
1269 2095 1350 2129 igitur
1369 2100 1410 2122 est.
1435 2094 1506 2122 Patri
1532 2095 1626 2123 Filius.
1651 2097 1687 2123 Ita

903 2139 975 2167 enim
992 2139 1083 2167 unitas
1102 2139 1127 2166 in
1148 2139 1253 2167 Deitate
1269 2141 1485 2169 conservabitur.

1236 2196 1352 2225 ALIUD.

940 2254 969 2281 Si
985 2254 1068 2290 cmpit
1083 2261 1214 2289 generare
1236 2254 1333 2281 Filium
1356 2255 1435 2282 Pater
1459 2260 1485 2282 et
1507 2256 1597 2288 desiit,
1612 2256 1688 2291 juxta

904 2299 1026 2327 insanam
1042 2300 1145 2327 Christi
1161 2301 1276 2327 hostium
1299 2300 1464 2334 opinionem,
1480 2301 1689 2336 alteratioqnzr-

904 2345 966 2372 dam
982 2349 1008 2372 et
1025 2346 1139 2372 mutatio
1151 2346 1174 2372 ei
1190 2347 1298 2373 accidit.
1315 2346 1381 2373 Nam
1398 2348 1470 2381 quod
1489 2355 1542 2373 non
1567 2353 1625 2374 erat
1639 2356 1688 2373 zu.-

905 2394 1013 2424 lequam
1029 2395 1183 2426 generaret,
1207 2392 1295 2419 factus
1317 2397 1355 2419 est
1374 2398 1516 2427 postquam
1537 2393 1686 2425 generavit.

904 2436 985 2470 Atqui
1005 2437 1026 2464 si
1042 2437 1169 2464 divinitas
1193 2438 1257 2464 nulli
1273 2438 1427 2465 alterationi
1447 2438 1624 2465 mutationive
1642 2438 1689 2464 oh-

906 2483 986 2508 noxia
1002 2487 1054 2514 est,
1080 2490 1132 2509 non
1152 2490 1218 2517 ergo
1234 2484 1317 2518 coepit
1340 2490 1480 2519 generare,
1499 2491 1586 2517 neque
1608 2484 1689 2509 etiam

906 2528 1005 2560 desiit,
1039 2529 1263 2563 quemadmodum
1293 2531 1336 2557 isti
1363 2531 1530 2564 opinantur,
1559 2530 1606 2557 sed
1632 2535 1691 2557 crat

906 2574 1008 2608 absque
1029 2579 1149 2609 tempore
1169 2575 1195 2602 in
1211 2575 1302 2610 Patre,
1320 2576 1478 2603 saeculorum
1496 2581 1523 2603 et
1540 2580 1690 2610 temporum

905 2619 1029 2657 omniurn
1053 2620 1177 2647 conditor
1193 2620 1286 2648 Filius.
1311 2621 1377 2648 Cum
1393 2628 1458 2648 \‘ero
1479 2626 1630 2648 coaeternus
1646 2621 1691 2652 sit,

907 2664 1063 2692 necessario
1077 2665 1160 2693 etiam
1179 2666 1424 2694 consubstantialis.

1244 2724 1359 2753 ALIUD.

945 2777 972 2804 Si
991 2777 1070 2805 I‘alt‘r
1085 2780 1163 2814 cu‘pit
1180 2789 1310 2815 generare
1327 2782 1435 2814 Filium,
1453 2781 1567 2809 accessit
1582 2779 1694 2807 omnino
