1920 3031
232 120 278 148 131

231 180 283 207 hoc
308 177 340 204 ad
356 176 500 204 essentiam
515 174 611 210 ipsms,
625 178 653 201 ct
673 175 743 209 quod
767 174 844 201 initio
860 181 912 200 non
933 173 1015 200 habe-
1031 177 1053 205 Α

232 225 287 256 bat,
305 228 398 258 postea
417 221 531 256 accepit.
546 221 622 254 Quod
643 227 706 248 vero
728 220 889 247 incrementi
903 219 1017 253 alicujus

231 275 273 298 est
293 277 389 304 capax,
405 267 594 303 imperfectum
613 267 719 294 censeri
743 267 832 299 debet,
853 273 906 293 non
926 270 1016 292 autem

231 317 391 353 perlectum.
412 315 466 351 79
488 315 541 342 Sed
571 315 621 342 hoc
646 313 791 340 absurdum
819 318 881 340 est:
899 312 1017 346 perfecta

230 364 302 391 enim
324 367 365 389 est
381 360 472 389 Patris
493 359 622 387 essentia.
640 358 778 385 Geuerare
802 357 884 392 igitur
900 365 952 385 non
968 357 1018 384 fuit

231 408 258 434 in
275 415 308 435 eo
330 406 524 436 accessorium,
551 404 598 432 sed
628 403 708 430 infuit
733 403 784 431 hoc
806 403 831 431 ei
854 403 888 430 ab
905 408 1017 437 :eterno,

231 460 319 488 neque
335 459 451 486 unquam
469 457 530 478 esse
547 449 641 484 cmpit.
661 447 689 475 Si
699 453 788 476 autem
805 457 857 476 non
875 449 958 483 cmpit
970 456 1017 484 ge-

230 507 340 532 nerare,
350 502 501 526 coaeternus
518 503 582 530 ergo
596 500 638 522 est
658 494 732 522 Patri
748 494 834 523 Filius
848 501 881 522 ex
904 495 961 529 ipso
971 503 1018 528 ge-

231 547 314 573 nitus.
328 544 360 572 Et
375 541 620 578 quemadmodum,
635 540 658 568 si
674 539 780 568 initium
802 540 948 568 exsiswndi
970 541 1018 568 ha-

231 591 345 622 buisset,
366 596 418 617 non
439 592 513 614 esset
533 587 775 614 consubstantialis
788 587 860 614 Patri
874 595 881 613 :
895 587 942 619 ita,
955 586 1018 621 quia

230 645 283 664 non
312 634 407 662 habuit
432 633 538 661 initium
565 633 592 660 in
618 638 758 668 tempore,
780 633 1019 661 consubstantialis

229 681 339 709 omnino
355 680 416 709 erit.

469 723 586 758 ALIUD,
608 724 776 759 explicatius.

264 793 498 827 Quemadmodum
521 793 559 820 illi
580 793 624 827 qui
641 792 748 820 veritati
767 796 928 827 repugnant,
943 790 1018 826 prin-

228 840 328 874 cipium
339 845 367 867 et
380 840 460 867 ﬁnem
476 839 643 874 generationi
659 839 721 866 Filii
736 838 914 870 ascribentes,
930 838 1017 872 ipsum
1034 853 1055 880 Β

230 887 264 914 ab
294 885 473 913 similitudine
504 893 566 912 cum
595 885 675 912 Patre
702 884 867 917 excludunt;
897 883 933 910 ita
959 889 1017 914 nos,

229 938 318 965 neque
347 931 508 966 principium
530 937 617 965 neque
637 930 717 957 linem
744 928 928 964 generationis
958 927 1019 954 Filii

228 981 418 1010 agnoscentes,
449 975 633 1002 omnimodatn
659 975 684 1002 ei
717 973 925 1002 similitudinem
957 979 1018 1000 cum

228 1021 308 1049 Patre
330 1021 484 1049 tribuimus.
505 1020 581 1054 Quod
605 1027 670 1048 vero
689 1027 738 1055 per
758 1019 848 1048 omnia
864 1018 953 1046 simile
968 1023 1018 1051 est,

229 1066 464 1095 consubstantiale
475 1067 557 1094 etiam
571 1071 620 1094 est.

311 1134 388 1168 Quod
417 1133 649 1161 consubstantialis
675 1133 708 1159 sit
735 1132 824 1159 Filius
853 1131 939 1158 Patri.

526 1180 645 1214 Objectio
656 1179 734 1206 Aetii.

264 1238 324 1272 Quo
343 1242 424 1273 pacto
436 1237 522 1272 possit
536 1238 651 1269 servari,
670 1237 768 1271 inquit,
788 1235 916 1264 identitas
931 1241 1022 1263 essen-

229 1284 274 1311 tia:
293 1285 320 1310 in
344 1283 425 1310 Patre
452 1287 478 1310 et
499 1282 580 1316 Filio,
604 1283 626 1310 si
650 1282 730 1310 Pater
756 1283 864 1317 quidem
884 1281 1021 1315 ingenitus

227 1335 280 1363 est,
299 1330 385 1357 Filios
407 1335 498 1356 autem
524 1329 651 1364 genitus?
672 1328 862 1356 Necessarium
888 1329 959 1355 enim
980 1332 1022 1354 est

229 1376 311 1411 plane
329 1375 408 1402 lateri
430 1375 502 1401 nulla
527 1382 560 1402 ex
575 1379 652 1409 parte
676 1374 776 1402 similia
792 1381 854 1402 esse
871 1373 1020 1408 ingenitum

227 1425 256 1448 et
268 1421 400 1454 genitum.
417 1419 453 1447 At
468 1420 490 1447 si
506 1419 604 1447 similia
624 1425 698 1452 sunt,
715 1420 782 1447 nihil
795 1419 934 1447 obstiterit
953 1426 1021 1453 quo-

227 1465 317 1492 minus
339 1469 367 1491 et
393 1464 502 1491 Patrem
530 1464 662 1500 genitum,
692 1469 720 1492 et
747 1463 845 1491 Filium
870 1464 1019 1499 ingenitum

227 1509 394 1545 appellemus
422 1510 569 1544 omniaque
582 1509 793 1538 contundamus.

479 1565 585 1593 Salutio
607 1565 771 1601 objertionis.

1032 1525 1054 1553 π

263 1625 314 1658 Qui
340 1625 397 1651 haec
421 1623 457 1650 ita
485 1623 610 1658 imperite
631 1622 737 1657 objicit,
760 1622 879 1649 vicissim
903 1630 917 1648 a
943 1621 1020 1649 nobis

227 1672 320 1698 audiet
335 1680 341 1698 :
357 1670 416 1703 Quo
436 1675 516 1704 pacto
536 1677 590 1696 non
615 1669 700 1704 possit
713 1670 816 1696 servari
833 1669 959 1696 identilas
976 1675 1019 1696 es-

226 1717 321 1744 sentia:
338 1717 364 1744 iu
379 1717 460 1744 Patre
473 1721 500 1743 et
515 1716 594 1747 Filio,
611 1717 632 1742 si
648 1715 732 1742 Filios
751 1721 793 1743 est
807 1716 895 1748 imago
921 1714 1018 1746 Patris,

226 1768 254 1790 ct
275 1764 301 1790 in
319 1762 410 1797 seipso
427 1761 546 1788 ostendit
565 1760 691 1788 Patrem?
705 1760 876 1788 Manifestum
890 1761 962 1787 enim
977 1764 1019 1787 est

227 1815 254 1837 et
270 1811 304 1836 ab
321 1809 447 1835 omnibus
464 1808 626 1840 admissum,
654 1807 789 1834 neminem
810 1807 837 1833 in
852 1807 903 1833 alia
921 1812 1018 1833 natura

227 1857 307 1884 aliam
327 1862 460 1886 cernere;
485 1862 573 1889 neque
594 1854 737 1888 quisquam
757 1854 847 1880 dicere
866 1853 950 1887 possit
970 1859 1016 1884 se,

228 1910 289 1929 cum
306 1909 404 1936 equum
422 1901 529 1934 viderit,
542 1901 680 1928 hominum
695 1899 813 1934 aliquem
829 1899 936 1926 vidisse.
951 1897 1016 1925 Nam

227 1949 254 1975 in
275 1949 308 1975 iis
323 1956 382 1983 qua:
402 1948 522 1983 ejusdem
538 1951 641 1974 natura:
664 1951 727 1973 sunt
740 1946 838 1973 similia
856 1946 937 1973 etiam
957 1952 1017 1972 cer-

227 2000 344 2028 nuntur,
358 2001 409 2021 non
426 1994 452 2020 in
468 1994 501 2021 iis
522 2000 583 2028 qua:
606 1992 677 2020 inter
697 1999 726 2019 se
741 1991 892 2024 dissident,
912 1992 1017 2018 ratione

227 2041 299 2068 modi
320 2048 373 2075 quo
390 2040 536 2067 exsistunt.
551 2038 580 2066 Si
604 2046 669 2074 ergo
684 2038 806 2072 Philippo
829 2037 946 2072 cupienti
965 2036 1016 2063 Pa-

226 2094 295 2115 trem
322 2088 413 2114 viderc
443 2086 570 2113 Christus
597 2086 716 2120 seipsum
745 2084 872 2115 ostendit,
902 2084 1014 2110 dicens:

228 2144 238 2160 ε
256 2135 306 2167 Qui
333 2134 398 2160 vidit
419 2141 471 2166 me,
487 2133 556 2160 vi-Jit
579 2137 606 2158 et
629 2131 737 2158 Patrem
748 2131 785 2163 ¹³;
806 2140 814 2156 ι
841 2137 950 2157 necesse
974 2133 1015 2156 est

225 2179 337 2207 omnino
359 2184 388 2205 ut
411 2179 531 2212 ejusdem
553 2177 679 2204 cssentiae
694 2177 816 2203 dicamus
836 2182 896 2202 esse
916 2174 1013 2202 Filium

225 2233 288 2252 cum
306 2225 397 2257 Patre,
414 2230 444 2252 ut
465 2224 651 2252 omnimodain
671 2222 814 2257 imaginem
829 2226 856 2248 et
873 2222 1013 2248 characte-

225 2279 283 2299 rem
295 2279 352 2299 sua:
367 2271 554 2306 hypostaseos.

559 2324 673 2352 ALIUD.

260 2384 401 2416 Dominus,
419 2382 526 2410 etiamsi
550 2382 657 2416 genitus
690 2381 742 2414 sit,
765 2382 864 2416 passim
893 2381 1011 2416 seipsum

224 2428 486 2459 consubstantialem
511 2428 585 2455 Patri
602 2434 662 2454 esse
683 2428 783 2455 docet:
802 2427 934 2462 siquidem
959 2434 1013 2463 quo

224 2483 304 2511 pacto
319 2477 436 2511 seipsum
453 2474 550 2502 Filium
572 2481 632 2502 esse
652 2474 736 2501 dicit?
751 2474 770 2501 Ε
785 2474 902 2505 diverso,
921 2474 1012 2501 hostes

223 2523 325 2550 Christi
344 2522 478 2549 imbecilla
506 2529 553 2547 sna
583 2526 734 2548 commenta
756 2526 932 2555 opponentes,
955 2521 1012 2547 ﬁeri

224 2574 277 2593 non
302 2573 381 2600 posse
400 2566 475 2592 aiunt
491 2565 547 2600 80
569 2570 607 2599 ut,
625 2573 685 2592 cum
705 2566 740 2593 sit
757 2567 875 2600 genitus,
893 2566 1011 2600 ejusdem

222 2610 349 2637 essentne
375 2610 412 2636 sit
434 2618 495 2637 cum
521 2610 602 2638 Patre
625 2610 669 2646 qui
694 2616 735 2638 est
759 2611 905 2646 ingenitus.
929 2610 1011 2645 Atqui

223 2663 284 2681 cum
302 2656 426 2683 Christus
442 2656 485 2683 illa
500 2657 533 2684 de
551 2657 640 2692 seipso
655 2657 738 2689 dicat,
756 2658 812 2684 ha-c
829 2665 895 2684 vero
910 2656 1012 2684 Christi

223 2701 327 2733 lmstes,
344 2702 482 2735 quisnam,
494 2703 617 2736 obsecro,
633 2711 664 2731 co
680 2703 822 2731 dementia:
833 2704 966 2740 pervenit,
983 2708 1011 2730 ut

223 2753 334 2775 censeat
349 2748 503 2778 hominibus
519 2751 608 2786 potius
622 2751 785 2780 credendum
803 2759 884 2786 quam
899 2751 964 2783 Deo,
985 2756 1012 2777 et

1030 2196 1052 2223 D

260 2836 279 2849 ”
291 2835 367 2864 Joan.
385 2846 438 2870 λιν,
455 2841 480 2867 υ,

725 117 910 156 S._CYlilLLI
931 99 1166 143 ALEXANDR’tNt
1186 113 1346 141 ARClllEl’.

1822 110 1881 136 13'!

1068 180 1146 206 γονεν
1157 172 1210 206 ἄρα
1229 172 1262 207 τῇ
1276 171 1355 206 οὐσίᾳ
1369 170 1451 198 αὐτοῦ
1465 169 1553 202 τοῦτο,
1569 170 1616 197 καὶ
1633 169 1701 205 ὅπερ
1720 168 1771 195 οὐκ
1793 165 1880 202 εἶχεν

1068 219 1096 245 ὲν
1108 218 1190 253 ἀρχῇ,
1205 217 1372 253 πῳσέλαόεν
1383 216 1504 252 ὕστερον.
1514 217 1550 243 Τὸ
1560 217 1588 243 δὲ
1599 214 1759 252 προσθήκην
1772 213 1879 240 emae-

1068 264 1181 299 χόμενόν
1204 272 1275 296 τινα,
1303 263 1396 295 ἀτελὲς
1409 262 1442 289 ἂν
1454 263 1508 298 εἴη,
1524 262 1571 289 καὶ
1592 262 1623 288 οὐ
1644 261 1757 289 τέλειον.
1784 257 1881 287 Ἀλλὰ

1067 309 1146 336 τοῦτο
1159 309 1258 336 ἄτοπον
1271 317 1277 324 ·
1295 308 1385 335 τελεία
1401 308 1456 344 γὰρ
1474 307 1550 344 ήτοῦ
1568 307 1674 343 Πατρὸς
1697 307 1792 334 οὐσία.
1813 305 1879 332 Οὐκ

1068 356 1121 391 ἄρα
1137 355 1320 391 προσγέγονεν
1343 354 1411 390 αὐτῇ
1429 354 1459 381 τὸ
1475 354 1572 388 γεννᾷν
1583 375 1592 385 ,
1615 352 1672 380 ἀλλ’
1686 350 1720 388 ἦν
1743 354 1776 379 ὲν
1797 351 1877 385 αὐτῇ

1068 403 1147 430 τοῦτο
1161 402 1211 429 οὐκ
1228 401 1392 438 ἀρξάμενον.
1407 401 1438 427 Εἰ
1449 400 1476 427 δὲ
1491 400 1541 426 οὐκ
1553 399 1654 435 ἧρξατο
1674 399 1788 434 γεννᾷν.
1805 406 1878 423 συν-

1069 450 1153 481 αἲδιος
1169 449 1224 484 ἄρα
1236 449 1294 475 ἐστὶ
1305 447 1344 484 τῷ
1357 447 1446 482 [lupi
1457 447 1472 473 ὁ
1485 446 1515 479 ἐξ
1528 446 1609 473 αὐτοῦ
1627 445 1771 481 γεννηθεὶς
1788 443 1875 474 Υἱός.

1069 496 1125 523 Καὶ
1136 495 1229 530 ὥσπερ
1241 495 1265 521 εί
1277 494 1363 530 ἀρχὴν
1376 493 1438 529 ἔσχε
1449 493 1495 520 τοῦ
1511 491 1589 524 εἶναι,
1604 492 1654 519 οὐκ
1666 491 1699 519 ἂν
1711 490 1746 528 ἦν
1761 490 1876 527 ὀμ.οοὺ-

1070 550 1137 574 σιος,
1150 542 1237 574 οὕτως
1249 542 1310 568 ἐπεὶ
1324 540 1363 577 μὴ
1378 540 1456 576 ἔσχεν
1467 539 1555 576 ἀρχὴν
1564 539 1613 575 τὴν
1626 540 1655 565 ὲν
1671 539 1773 576 χρόνῳ,
1787 537 1876 564 ἔσται

1070 588 1178 620 πάντως
1193 587 1345 624 ὁμοούσιος.
1880 588 1883 589 ⁷

1290 718 1394 753 ΔΛΛΟ,
1409 717 1637 754 διηγηματικῶς.

1105 783 1212 821 Ὥσπερ
1226 784 1250 811 οἱ
1263 785 1296 820 τῇ
1312 784 1426 820 ἀληθείᾳ
1439 784 1597 820 μαχόμενοι,
1613 782 1701 819 ἀρχὴν
1721 783 1770 809 καὶ
1787 782 1874 812 τέλος

1069 830 1102 864 τῇ
1113 829 1160 856 τοῦ
1173 829 1237 856 Υίοῦ
1251 829 1580 865 γεννήσειπεριτιθέντες,
1593 828 1772 856 ὲκὸἁλλουσιν
1783 827 1874 854 αὐτὸν

1070 875 1119 910 τῆς
1131 875 1290 910 ὁμοιότητος
1302 875 1353 910 τῆς
1368 876 1435 910 πρὸς
1447 874 1493 902 τὸν
1509 874 1694 910 Γέγεννηκότα
1704 882 1711 889 ”
1728 873 1807 900 οὕτω
1819 873 1872 899 καὶ

1071 922 1151 956 ἡμεῖς
1165 921 1226 947 οὐτε
1239 921 1337 956 ἀρχὴν,
1352 921 1414 948 οὐτε
1426 920 1502 953 τέλος
1520 921 1584 956 περὶ
1595 921 1643 956 τὴν
1660 920 1706 947 τοῦ
1724 919 1794 946 Υίοῦ
1807 920 1873 953 γέν-

1070 976 1147 1002 νησιν
1165 967 1390 1003 παραδεχόμενοι,
1408 967 1571 1002 εἰσφέρομεν
1585 967 1666 993 αὐτὸν
1679 966 1718 998 εἰς
1735 965 1871 1000 ἀπαράλ-

1070 1013 1169 1041 λακτον
1187 1014 1333 1048 ὁμοιότητα
1347 1013 1394 1049 τὴν
1405 1013 1473 1049 πρὸς
1487 1013 1532 1040 τὸν
1546 1012 1665 1048 Πατέρα.
1680 1012 1717 1039 Τὸ
1729 1012 1759 1039 δὲ
1771 1011 1872 1047 ὅμοιον

1071 1060 1142 1086 κατὰ
1159 1061 1257 1092 πάντα,
1276 1061 1324 1087 καὶ
1335 1059 1487 1096 ὀμοοὺσιον.

1178 1130 1241 1157 Ὅτι
1267 1130 1428 1165 ὁμοούσιος
1456 1131 1473 1156 ὀ
1506 1129 1572 1163 Υἱὸς
1591 1129 1630 1162 τῷ
1650 1129 1753 1164 Πατρι.

1229 1175 1378 1210 Πρότασις
1392 1176 1432 1208 ὡς
1448 1176 1482 1202 ὲκ
1496 1175 1555 1202 τῶν
1576 1175 1698 1203 Ἀετίου.

1107 1232 1162 1259 Καὶ
1175 1231 1235 1263 πῶς
1252 1231 1285 1258 ἂν
1300 1232 1419 1265 δύναιτο,
1445 1232 1523 1267 φησὶ,
1548 1231 1680 1266 ταυτότης
1694 1230 1794 1262 οὐσίας
1821 1230 1869 1256 ἐπί

1070 1287 1100 1305 τε
1116 1278 1222 1314 Πατρὺς
1249 1279 1297 1305 καὶ
1320 1277 1385 1304 Υἱοῦ
1414 1278 1559 1310 σώζεσθαι,
1578 1278 1605 1303 εί
1619 1285 1650 1311 γε
1670 1278 1684 1303 ὁ
1698 1276 1747 1311 μὲν
1766 1275 1869 1310 Πατὴρ

1070 1324 1217 1359 ἀγέννητός
1241 1324 1309 1356 ἐστι,
1337 1323 1464 1359 γεννητὸς
1487 1323 1515 1350 δὲ
1529 1323 1544 1349 ό
1564 1323 1645 1356 Υἱός;
1668 1322 1791 1357 Ἀνάγκη
1811 1322 1868 1357 γὰρ

1071 1371 1146 1398 πᾶσα
1171 1370 1260 1405 λέγειν
1278 1370 1307 1396 ὲν
1326 1369 1414 1396 οὐδενὶ
1436 1369 1634 1405 παραλλάττειν
1659 1367 1689 1394 τὺ
1713 1367 1868 1402 ἀγέννητον

1071 1416 1140 1451 πρὸς
1154 1416 1184 1443 τὸ
1200 1415 1339 1451 γεννητόν.
1352 1416 1383 1442 El
1398 1415 1426 1442 δὲ
1438 1414 1527 1447 τοῦτο,
1539 1414 1614 1442 οὐδὲν
1629 1413 1745 1440 κωλύσει
1761 1413 1867 1440 καὶτὸν

1071 1463 1180 1498 Πατέρα
1195 1462 1326 1498 γεννητὸν
1335 1459 1406 1489 εἶναι
1421 1460 1510 1495 λέγειν
1525 1461 1572 1488 καὶ
1589 1460 1634 1487 τὸν
1655 1460 1718 1487 Υἱδν
1742 1459 1867 1494 ἀγέννη-

1071 1518 1127 1541 τον,
1143 1509 1189 1535 καὶ
1209 1508 1375 1543 συγκέχυται
1385 1507 1416 1534 τὸ
1431 1508 1495 1535 πᾶν.

1316 1565 1394 1599 Πρὸς
1408 1564 1501 1591 ταῦτα
1515 1564 1615 1598 λύσις.

1112 1623 1140 1649 '0
1157 1622 1242 1648 ταῦτα
1259 1621 1410 1657 προτείνων
1432 1621 1564 1656 ἀμαθῶς,
1581 1621 1779 1648 ἀντακούσεται
1798 1621 1866 1655 παρ’

1069 1668 1148 1704 ἡμῶν
1158 1677 1164 1683 ·
1185 1668 1240 1695 Καὶ
1257 1668 1315 1699 πῶς
1329 1667 1362 1694 ἂν
1377 1667 1485 1694 δύναιτο
1498 1667 1631 1702 ταυτότης
1641 1667 1734 1698 οὐσίας
1754 1666 1791 1702 μὴ
1809 1667 1863 1693 σώ-

1068 1716 1164 1748 ζεσθαι
1186 1717 1231 1743 ὲπί
1258 1725 1288 1742 τε
1308 1717 1414 1751 Πατρδς
1432 1717 1478 1743 καὶ
1496 1717 1577 1749 Υἱοῦ,
1596 1717 1623 1743 εἴ
1636 1723 1667 1751 γε
1686 1717 1733 1744 τοῦ
1754 1718 1864 1752 Πατρὶς

1069 1762 1151 1789 εἰκών
1165 1763 1238 1789 ἐστιν
1253 1763 1266 1789 ὁ
1279 1763 1352 1794 Υἱὸς,
1365 1763 1411 1789 καὶ
1426 1763 1454 1789 ὲν
1471 1763 1560 1799 ἑαυτῷ
1569 1763 1689 1790 δείκνυσι
1708 1764 1754 1790 τὸν
1771 1764 1863 1790 Πατέ-

1071 1817 1120 1844 ρα;
1138 1808 1256 1843 Εὔδηλον
1269 1808 1323 1844 γὰρ
1339 1808 1370 1843 δή
1389 1808 1488 1834 nouos»
1507 1809 1564 1834 ἐστι
1593 1809 1639 1835 καὶ
1657 1809 1740 1835 πᾶσιν
1765 1808 1863 1843 ὁμολο-

1067 1856 1210 1891 γούμενον,
1226 1854 1264 1885 ὡς
1277 1855 1364 1886 οὐδεὶς
1378 1855 1405 1880 ἐν
1425 1854 1507 1890 ἑτέρᾳ
1527 1854 1604 1888 φύσει
1625 1854 1673 1889 τὴν
1687 1854 1782 1889 ἑτέραν
1798 1854 1863 1888 ὕψε-

1068 1910 1112 1928 ται
1124 1910 1130 1916 ·
1144 1901 1199 1927 οὐδ’
1213 1901 1245 1928 ἄν
1263 1909 1304 1932 τις
1329 1901 1386 1935 ἔχοι
1401 1899 1490 1935 λέγειν
1517 1899 1598 1926 ἵππον
1613 1900 1753 1935 ἑωρακὼς,
1773 1900 1817 1926 ὅτι
1829 1900 1861 1935 δή

1067 1955 1127 1973 τινα
1139 1946 1193 1972 τῶν
1207 1945 1358 1982 ἀνθρώπων
1368 1945 1504 1972 τεθέαται.
1521 1945 1564 1972 Ἐν
1576 1945 1630 1980 γὰρ
1645 1947 1700 1976 τοῖς
1710 1946 1862 1980 ὀμοφυέσιν

1067 1994 1083 2028 ὴ
1097 1993 1150 2020 τῶν
1165 1993 1266 2028 ὁμοίων
1277 1991 1426 2024 ἀπόδειξις.
1438 1992 1488 2018 οὐχ
1500 1992 1529 2018 ἐν
1542 1993 1598 2024 τοῖς
1617 1991 1737 2027 ἀλλήλων
1749 1992 1860 2027 διεστη-

1067 2039 1136 2071 κόσι,
1153 2039 1222 2066 κατὰ
1237 2039 1280 2066 τὸν
1291 2038 1337 2065 τοῦ
1350 2039 1409 2069 πῶς
1417 2036 1580 2072 εἶναι).όγον.
1595 2039 1625 2065 Εἰ
1635 2039 1723 2066 τοίνυν
1733 2039 1860 2074 ζητοῦντι

1066 2085 1104 2120 τῷ
1119 2085 1244 2119 Φιλίππῳ
1271 2084 1316 2110 τὸν
1344 2084 1454 2119 Πατέρα
1482 2083 1557 2116 ἰδεῖν,
1569 2083 1665 2110 ἑαυτὸν
1693 2084 1860 2111 ἐπιδεικνύει

1067 2130 1193 2166 Χριστὸς,
1204 2130 1306 2163 λέγων·
1326 2139 1335 2155 t
1358 2129 1387 2156 '0
1405 2129 1534 2164 ἑωρακὼς
1545 2129 1603 2164 ἐμὲ,
1623 2129 1729 2165 ἑώρακε
1743 2130 1788 2156 τὸν
1802 2131 1860 2156 Πα-

1066 2177 1142 2212 τέρα,
1160 2185 1169 2201 ι
1185 2176 1291 2210 ἀνάγκη
1308 2176 1382 2202 πᾶσα
1398 2176 1447 2211 τῆς
1460 2176 1545 2211 αὐτῆς
1567 2175 1659 2207 οὐσίας
1676 2173 1745 2202 εἶναι
1766 2176 1860 2210 λέγειν

1067 2223 1113 2249 τὸν
1128 2222 1190 2249 Υίὺν
1203 2222 1242 2257 τῷ
1253 2223 1350 2258 Πατρὶ,
1366 2222 1403 2253 ὡς
1420 2223 1627 2257 ἀπαράλλακτον
1639 2222 1731 2249 εἰκόνα
1746 2223 1793 2249 καὶ
1809 2231 1859 2258 χα-

1069 2270 1194 2305 ρακτῆρα
1204 2269 1254 2304 τῆς
1267 2269 1442 2301 ὑποστάσεως
1454 2269 1548 2296 αὐτοῦ.

1412 2325 1512 2352 ΔΛΛΟ.

1109 2382 1265 2417 Ὀμοούσιον
1279 2382 1374 2408 ἑαυτὸν
1388 2381 1452 2409 ὄντα
1465 2382 1504 2418 τῷ
1521 2383 1608 2417 Πατρὶ
1623 2382 1757 2409 διδάσκων
1770 2384 1784 2410 ὁ
1800 2383 1857 2410 Κύ-

1069 2438 1124 2464 ριος
1139 2429 1235 2462 ὁρᾶται
1261 2427 1411 2463 πανταχοῦ,
1436 2428 1524 2455 καίτοι
1548 2429 1676 2463 γεννητὸς
1702 2429 1855 2465 ὑπάρχων·

1066 2476 1127 2502 ἐπεὶ
1141 2475 1199 2507 πῶς
1221 2475 1315 2501 ἑαυτὸν
1338 2474 1402 2501 Υίὸν
1429 2472 1496 2501 εἶναι
1513 2475 1681 2511 φησι;Πρδς
1693 2475 1782 2502 ταῦτα
1808 2477 1856 2511 τὴν

1067 2521 1120 2547 ἀπὸ
1134 2521 1186 2547 τῶν
1194 2520 1301 2547 οἰκείων
1314 2520 1451 2555 λογισμῶν
1462 2521 1604 2547 ἀσθένειαν
1617 2521 1818 2555 ἁντεπὰγοντες
1831 2523 1855 2547 οξ

1065 2566 1254 2601 χριστομὰχοι,
1275 2566 1311 2601 μὴ
1327 2565 1457 2593 δύνασθαί
1483 2575 1563 2600 φασιν
1578 2587 1585 2599 ,
1610 2567 1704 2602 ἐπειδὴ
1726 2566 1855 2602 γεννητὸς

1064 2614 1132 2643 ἐστι,
1147 2612 1196 2646 τῆς
1219 2612 1305 2647 αὐτῆς
1329 2612 1422 2643 οὐσίας
1441 2609 1511 2638 εἶναι
1530 2612 1569 2648 τῷ
1593 2613 1733 2648 ἁγεννήτῳ
1756 2613 1852 2648 Πατρε.

1070 2659 1177 2685 Ἐκεῖνα
1193 2657 1338 2693 τοιγαροῦν
1356 2658 1420 2694 περὶ
1439 2658 1536 2685 ἑαυτοῦ
1560 2659 1710 2694 φάσκοντος
1724 2658 1771 2684 τοῦ
1787 2659 1853 2693 Χρι-

1064 2703 1138 2736 στοῦ,
1156 2704 1243 2730 ταῦτα
1255 2704 1282 2730 δὲ
1300 2704 1353 2730 τῶν
1368 2705 1571 2740 χριστομάχων,
1584 2704 1626 2736 τίς
1641 2705 1680 2736 εῐς
1703 2704 1783 2730 τοῦτο
1798 2713 1853 2739 μω-

1065 2751 1123 2786 ρίας
1136 2750 1293 2786 ἐκὸἠσεται,
1307 2751 1344 2782 ὼς
1365 2750 1468 2777 οἴεσθαι
1483 2750 1538 2777 δεῖν
1560 2748 1698 2785 ἀνθρώπῳ
1720 2749 1820 2784 μᾶλλον
1835 2748 1851 2784 ἢ
