  <div class='ocr_page' id='page_1' title='image "/cluster/home/n/w/nwhite01/storage/ocr_20150623/75/njp.32101077772786/075.png"; bbox 0 0 1920 3031; ppageno 0'>
   <div class='ocr_carea' id='block_1_1' title="bbox 235 122 282 150">
    <p class='ocr_par' dir='ltr' id='par_1_1' title="bbox 235 122 282 150">
     <span class='ocr_line' id='line_1_1' title="bbox 235 122 282 150; baseline 0 0"><span class='ocrx_word' id='word_1_1' title='bbox 235 122 282 150; x_wconf 74' lang='lat' dir='ltr'><strong>I35</strong></span> 
     </span>
    </p>
   </div>
   <div class='ocr_carea' id='block_1_2' title="bbox 231 174 1056 209">
    <p class='ocr_par' dir='ltr' id='par_1_2' title="bbox 231 174 1056 209">
     <span class='ocr_line' id='line_1_2' title="bbox 231 174 1056 209; baseline -0.012 -1"><span class='ocrx_word' id='word_1_2' title='bbox 231 189 283 208; x_wconf 82' lang='lat' dir='ltr'><strong>non</strong></span> <span class='ocrx_word' id='word_1_3' title='bbox 300 186 332 206; x_wconf 78' lang='lat' dir='ltr'><strong>cx</strong></span> <span class='ocrx_word' id='word_1_4' title='bbox 349 176 469 205; x_wconf 77' lang='lat' dir='ltr'><strong>essentia</strong></span> <span class='ocrx_word' id='word_1_5' title='bbox 485 175 573 202; x_wconf 87' lang='lat' dir='ltr'><strong>Patris</strong></span> <span class='ocrx_word' id='word_1_6' title='bbox 593 174 727 209; x_wconf 86' lang='lat' dir='ltr'><strong>processit</strong></span> <span class='ocrx_word' id='word_1_7' title='bbox 741 174 837 206; x_wconf 84' lang='lat' dir='ltr'><strong>Filius,</strong></span> <span class='ocrx_word' id='word_1_8' title='bbox 854 174 900 200; x_wconf 85' lang='lat' dir='ltr'><strong>sed</strong></span> <span class='ocrx_word' id='word_1_9' title='bbox 912 179 943 199; x_wconf 81' lang='lat' dir='ltr'><strong>ex</strong></span> <span class='ocrx_word' id='word_1_10' title='bbox 971 180 1018 199; x_wconf 82' lang='lat' dir='ltr'><strong>ro-</strong></span> <span class='ocrx_word' id='word_1_11' title='bbox 1035 175 1056 204; x_wconf 72' lang='grc' dir='ltr'><strong>Α</strong></span> 
     </span>
    </p>
   </div>
   <div class='ocr_carea' id='block_1_3' title="bbox 232 218 1019 254">
    <p class='ocr_par' dir='ltr' id='par_1_3' title="bbox 232 218 1019 254">
     <span class='ocr_line' id='line_1_3' title="bbox 232 218 1019 254; baseline -0.011 -1"><span class='ocrx_word' id='word_1_12' title='bbox 232 228 336 254; x_wconf 86' lang='lat' dir='ltr'><strong>luutate</strong></span> <span class='ocrx_word' id='word_1_13' title='bbox 350 223 439 250; x_wconf 82' lang='lat' dir='ltr'><strong>Patris</strong></span> <span class='ocrx_word' id='word_1_14' title='bbox 453 222 619 250; x_wconf 81' lang='lat' dir='ltr'><strong>constitutus</strong></span> <span class='ocrx_word' id='word_1_15' title='bbox 636 225 686 253; x_wconf 79' lang='lat' dir='ltr'><strong>est,</strong></span> <span class='ocrx_word' id='word_1_16' title='bbox 705 225 731 246; x_wconf 90' lang='lat' dir='ltr'><strong>et</strong></span> <span class='ocrx_word' id='word_1_17' title='bbox 750 225 790 247; x_wconf 89' lang='lat' dir='ltr'><strong>est</strong></span> <span class='ocrx_word' id='word_1_18' title='bbox 818 220 874 254; x_wconf 91' lang='lat' dir='ltr'><strong>ipse</strong></span> <span class='ocrx_word' id='word_1_19' title='bbox 887 218 1019 253; x_wconf 87' lang='lat' dir='ltr'><strong>sapientia</strong></span> 
     </span>
    </p>
   </div>
   <div class='ocr_carea' id='block_1_4' title="bbox 231 266 1015 305">
    <p class='ocr_par' dir='ltr' id='par_1_4' title="bbox 231 266 1015 305">
     <span class='ocr_line' id='line_1_4' title="bbox 231 266 1015 305; baseline -0.01 -7"><span class='ocrx_word' id='word_1_20' title='bbox 231 280 262 299; x_wconf 72' lang='lat' dir='ltr'><strong>ac</strong></span> <span class='ocrx_word' id='word_1_21' title='bbox 279 270 399 305; x_wconf 88' lang='lat' dir='ltr'><strong>potentia</strong></span> <span class='ocrx_word' id='word_1_22' title='bbox 409 268 509 301; x_wconf 80' lang='lat' dir='ltr'><strong>Patris,</strong></span> <span class='ocrx_word' id='word_1_23' title='bbox 523 271 596 294; x_wconf 87' lang='lat' dir='ltr'><strong>certe</strong></span> <span class='ocrx_word' id='word_1_24' title='bbox 613 273 701 300; x_wconf 81' lang='lat' dir='ltr'><strong>neque</strong></span> <span class='ocrx_word' id='word_1_25' title='bbox 723 266 832 300; x_wconf 74' lang='lat' dir='ltr'><strong>sapiens</strong></span> <span class='ocrx_word' id='word_1_26' title='bbox 849 269 890 292; x_wconf 82' lang='lat' dir='ltr'><strong>est</strong></span> <span class='ocrx_word' id='word_1_27' title='bbox 913 271 1015 291; x_wconf 82' lang='lat' dir='ltr'><strong>secun-</strong></span> 
     </span>
    </p>
   </div>
   <div class='ocr_carea' id='block_1_5' title="bbox 231 308 1020 348">
    <p class='ocr_par' dir='ltr' id='par_1_5' title="bbox 231 308 1020 348">
     <span class='ocr_line' id='line_1_5' title="bbox 231 308 1020 348; baseline -0.013 -4"><span class='ocrx_word' id='word_1_28' title='bbox 231 319 295 344; x_wconf 86' lang='lat' dir='ltr'><strong>dum</strong></span> <span class='ocrx_word' id='word_1_29' title='bbox 309 322 445 346; x_wconf 88' lang='lat' dir='ltr'><strong>naturatn,</strong></span> <span class='ocrx_word' id='word_1_30' title='bbox 460 321 546 348; x_wconf 80' lang='lat' dir='ltr'><strong>neque</strong></span> <span class='ocrx_word' id='word_1_31' title='bbox 568 318 663 348; x_wconf 88' lang='lat' dir='ltr'><strong>potens</strong></span> <span class='ocrx_word' id='word_1_32' title='bbox 680 312 771 339; x_wconf 85' lang='lat' dir='ltr'><strong>Pater.</strong></span> <span class='ocrx_word' id='word_1_33' title='bbox 790 311 817 337; x_wconf 87' lang='lat' dir='ltr'><strong>Si</strong></span> <span class='ocrx_word' id='word_1_34' title='bbox 845 317 910 336; x_wconf 88' lang='lat' dir='ltr'><strong>vero</strong></span> <span class='ocrx_word' id='word_1_35' title='bbox 933 308 1020 343; x_wconf 84' lang='lat' dir='ltr'><strong>(juxta</strong></span> 
     </span>
    </p>
   </div>
   <div class='ocr_carea' id='block_1_6' title="bbox 231 354 1021 396">
    <p class='ocr_par' dir='ltr' id='par_1_6' title="bbox 231 354 1021 396">
     <span class='ocr_line' id='line_1_6' title="bbox 231 354 1021 396; baseline -0.011 -8"><span class='ocrx_word' id='word_1_36' title='bbox 231 360 428 396; x_wconf 71' lang='lat' dir='ltr'><strong>ineptissimam</strong></span> <span class='ocrx_word' id='word_1_37' title='bbox 459 363 578 386; x_wconf 85' lang='lat' dir='ltr'><strong>vestram</strong></span> <span class='ocrx_word' id='word_1_38' title='bbox 599 355 821 392; x_wconf 69' lang='lat' dir='ltr'><strong>propositionem)</strong></span> <span class='ocrx_word' id='word_1_39' title='bbox 850 354 1021 381; x_wconf 79' lang='lat' dir='ltr'><strong>extrinsecus</strong></span> 
     </span>
    </p>
   </div>
   <div class='ocr_carea' id='block_1_7' title="bbox 230 399 1021 436">
    <p class='ocr_par' dir='ltr' id='par_1_7' title="bbox 230 399 1021 436">
     <span class='ocr_line' id='line_1_7' title="bbox 230 399 1021 436; baseline -0.01 -3"><span class='ocrx_word' id='word_1_40' title='bbox 230 404 371 434; x_wconf 90' lang='lat' dir='ltr'><strong>constituit</strong></span> <span class='ocrx_word' id='word_1_41' title='bbox 383 403 494 434; x_wconf 83' lang='lat' dir='ltr'><strong>Filium,</strong></span> <span class='ocrx_word' id='word_1_42' title='bbox 511 402 554 436; x_wconf 87' lang='lat' dir='ltr'><strong>qui</strong></span> <span class='ocrx_word' id='word_1_43' title='bbox 570 401 677 436; x_wconf 88' lang='lat' dir='ltr'><strong>quidetn</strong></span> <span class='ocrx_word' id='word_1_44' title='bbox 692 399 776 434; x_wconf 90' lang='lat' dir='ltr'><strong>ipsius</strong></span> <span class='ocrx_word' id='word_1_45' title='bbox 787 399 918 433; x_wconf 76' lang='lat' dir='ltr'><strong>sapientia</strong></span> <span class='ocrx_word' id='word_1_46' title='bbox 932 403 960 426; x_wconf 89' lang='lat' dir='ltr'><strong>et</strong></span> <span class='ocrx_word' id='word_1_47' title='bbox 973 405 1021 432; x_wconf 90' lang='lat' dir='ltr'><strong>po-</strong></span> 
     </span>
    </p>
   </div>
   <div class='ocr_carea' id='block_1_8' title="bbox 232 445 1019 481">
    <p class='ocr_par' dir='ltr' id='par_1_8' title="bbox 232 445 1019 481">
     <span class='ocr_line' id='line_1_8' title="bbox 232 445 1019 481; baseline -0.01 -3"><span class='ocrx_word' id='word_1_48' title='bbox 232 452 317 478; x_wconf 84' lang='lat' dir='ltr'><strong>tentia</strong></span> <span class='ocrx_word' id='word_1_49' title='bbox 331 455 386 481; x_wconf 86' lang='lat' dir='ltr'><strong>est,</strong></span> <span class='ocrx_word' id='word_1_50' title='bbox 398 449 445 476; x_wconf 87' lang='lat' dir='ltr'><strong>sed</strong></span> <span class='ocrx_word' id='word_1_51' title='bbox 459 453 499 475; x_wconf 85' lang='lat' dir='ltr'><strong>est</strong></span> <span class='ocrx_word' id='word_1_52' title='bbox 516 455 548 474; x_wconf 85' lang='lat' dir='ltr'><strong>ex</strong></span> <span class='ocrx_word' id='word_1_53' title='bbox 564 454 611 473; x_wconf 80' lang='lat' dir='ltr'><strong>sua</strong></span> <span class='ocrx_word' id='word_1_54' title='bbox 638 451 733 473; x_wconf 89' lang='lat' dir='ltr'><strong>natura</strong></span> <span class='ocrx_word' id='word_1_55' title='bbox 751 445 858 480; x_wconf 81' lang='lat' dir='ltr'><strong>sapiens</strong></span> <span class='ocrx_word' id='word_1_56' title='bbox 877 449 904 472; x_wconf 91' lang='lat' dir='ltr'><strong>et</strong></span> <span class='ocrx_word' id='word_1_57' title='bbox 915 449 1019 478; x_wconf 81' lang='lat' dir='ltr'><strong>potens,</strong></span> 
     </span>
    </p>
   </div>
   <div class='ocr_carea' id='block_1_9' title="bbox 232 489 1020 525">
    <p class='ocr_par' dir='ltr' id='par_1_9' title="bbox 232 489 1020 525">
     <span class='ocr_line' id='line_1_9' title="bbox 232 489 1020 525; baseline -0.011 0"><span class='ocrx_word' id='word_1_58' title='bbox 232 496 414 525; x_wconf 86' lang='lat' dir='ltr'><strong>necessarium</strong></span> <span class='ocrx_word' id='word_1_59' title='bbox 431 493 542 522; x_wconf 82' lang='lat' dir='ltr'><strong>omnino</strong></span> <span class='ocrx_word' id='word_1_60' title='bbox 559 497 611 524; x_wconf 88' lang='lat' dir='ltr'><strong>est,</strong></span> <span class='ocrx_word' id='word_1_61' title='bbox 622 491 704 518; x_wconf 86' lang='lat' dir='ltr'><strong>etiam</strong></span> <span class='ocrx_word' id='word_1_62' title='bbox 723 490 820 517; x_wconf 85' lang='lat' dir='ltr'><strong>Filium</strong></span> <span class='ocrx_word' id='word_1_63' title='bbox 837 497 869 517; x_wconf 79' lang='lat' dir='ltr'><strong>ex</strong></span> <span class='ocrx_word' id='word_1_64' title='bbox 902 489 1020 517; x_wconf 79' lang='lat' dir='ltr'><strong>essentia</strong></span> 
     </span>
    </p>
   </div>
   <div class='ocr_carea' id='block_1_10' title="bbox 234 536 950 575">
    <p class='ocr_par' dir='ltr' id='par_1_10' title="bbox 234 536 950 575">
     <span class='ocr_line' id='line_1_10' title="bbox 234 536 950 575; baseline -0.011 -5"><span class='ocrx_word' id='word_1_65' title='bbox 234 543 323 570; x_wconf 84' lang='lat' dir='ltr'><strong>Patris</strong></span> <span class='ocrx_word' id='word_1_66' title='bbox 337 549 416 575; x_wconf 84' lang='lat' dir='ltr'><strong>esse,</strong></span> <span class='ocrx_word' id='word_1_67' title='bbox 436 544 515 574; x_wconf 88' lang='lat' dir='ltr'><strong>atque</strong></span> <span class='ocrx_word' id='word_1_68' title='bbox 529 538 566 566; x_wconf 86' lang='lat' dir='ltr'><strong>ita</strong></span> <span class='ocrx_word' id='word_1_69' title='bbox 581 537 663 565; x_wconf 78' lang='lat' dir='ltr'><strong>etiam</strong></span> <span class='ocrx_word' id='word_1_70' title='bbox 680 536 950 565; x_wconf 79' lang='lat' dir='ltr'><strong>consubstantialem.</strong></span> 
     </span>
    </p>
   </div>
   <div class='ocr_carea' id='block_1_11' title="bbox 570 604 685 635">
    <p class='ocr_par' dir='ltr' id='par_1_11' title="bbox 570 604 685 635">
     <span class='ocr_line' id='line_1_11' title="bbox 570 604 685 635; baseline -0.009 -3"><span class='ocrx_word' id='word_1_71' title='bbox 570 604 685 635; x_wconf 79' lang='lat' dir='ltr'><strong>ALIUD.</strong></span> 
     </span>
    </p>
   </div>
   <div class='ocr_carea' id='block_1_12' title="bbox 264 659 1020 698">
    <p class='ocr_par' dir='ltr' id='par_1_12' title="bbox 264 659 1020 698">
     <span class='ocr_line' id='line_1_12' title="bbox 264 659 1020 698; baseline -0.009 -5"><span class='ocrx_word' id='word_1_72' title='bbox 264 665 382 693; x_wconf 78' lang='lat' dir='ltr'><strong>Necesse</strong></span> <span class='ocrx_word' id='word_1_73' title='bbox 400 668 442 692; x_wconf 83' lang='lat' dir='ltr'><strong>est</strong></span> <span class='ocrx_word' id='word_1_74' title='bbox 457 667 486 691; x_wconf 82' lang='lat' dir='ltr'><strong>ut.</strong></span> <span class='ocrx_word' id='word_1_75' title='bbox 514 663 559 698; x_wconf 90' lang='lat' dir='ltr'><strong>qui</strong></span> <span class='ocrx_word' id='word_1_76' title='bbox 591 662 688 690; x_wconf 84' lang='lat' dir='ltr'><strong>Filium</strong></span> <span class='ocrx_word' id='word_1_77' title='bbox 713 669 745 688; x_wconf 75' lang='lat' dir='ltr'><strong>ex</strong></span> <span class='ocrx_word' id='word_1_78' title='bbox 771 660 911 688; x_wconf 83' lang='lat' dir='ltr'><strong>voluntate</strong></span> <span class='ocrx_word' id='word_1_79' title='bbox 931 659 1020 687; x_wconf 80' lang='lat' dir='ltr'><strong>Patris</strong></span> 
     </span>
    </p>
   </div>
   <div class='ocr_carea' id='block_1_13' title="bbox 229 706 1022 741">
    <p class='ocr_par' dir='ltr' id='par_1_13' title="bbox 229 706 1022 741">
     <span class='ocr_line' id='line_1_13' title="bbox 229 706 1022 741; baseline -0.009 -2"><span class='ocrx_word' id='word_1_80' title='bbox 229 711 407 739; x_wconf 87' lang='lat' dir='ltr'><strong>constitutum</strong></span> <span class='ocrx_word' id='word_1_81' title='bbox 416 717 478 738; x_wconf 88' lang='lat' dir='ltr'><strong>esse</strong></span> <span class='ocrx_word' id='word_1_82' title='bbox 494 708 670 740; x_wconf 88' lang='lat' dir='ltr'><strong>contendunt,</strong></span> <span class='ocrx_word' id='word_1_83' title='bbox 683 715 736 734; x_wconf 89' lang='lat' dir='ltr'><strong>non</strong></span> <span class='ocrx_word' id='word_1_84' title='bbox 760 711 849 734; x_wconf 87' lang='lat' dir='ltr'><strong>autem</strong></span> <span class='ocrx_word' id='word_1_85' title='bbox 862 714 893 733; x_wconf 77' lang='lat' dir='ltr'><strong>ex</strong></span> <span class='ocrx_word' id='word_1_86' title='bbox 904 706 962 741; x_wconf 85' lang='lat' dir='ltr'><strong>ipso</strong></span> <span class='ocrx_word' id='word_1_87' title='bbox 976 713 1022 741; x_wconf 74' lang='lat' dir='ltr'><strong>ge-</strong></span> 
     </span>
    </p>
   </div>
   <div class='ocr_carea' id='block_1_14' title="bbox 229 751 1021 789">
    <p class='ocr_par' dir='ltr' id='par_1_14' title="bbox 229 751 1021 789">
     <span class='ocr_line' id='line_1_14' title="bbox 229 751 1021 789; baseline -0.006 -6"><span class='ocrx_word' id='word_1_88' title='bbox 229 757 328 789; x_wconf 86' lang='lat' dir='ltr'><strong>nitum,</strong></span> <span class='ocrx_word' id='word_1_89' title='bbox 347 756 439 783; x_wconf 84' lang='lat' dir='ltr'><strong>dicant</strong></span> <span class='ocrx_word' id='word_1_90' title='bbox 451 755 516 789; x_wconf 84' lang='lat' dir='ltr'><strong>quid</strong></span> <span class='ocrx_word' id='word_1_91' title='bbox 528 754 643 782; x_wconf 85' lang='lat' dir='ltr'><strong>moverit</strong></span> <span class='ocrx_word' id='word_1_92' title='bbox 657 753 765 780; x_wconf 87' lang='lat' dir='ltr'><strong>Patrem</strong></span> <span class='ocrx_word' id='word_1_93' title='bbox 784 757 812 779; x_wconf 88' lang='lat' dir='ltr'><strong>ut</strong></span> <span class='ocrx_word' id='word_1_94' title='bbox 829 751 926 779; x_wconf 81' lang='lat' dir='ltr'><strong>Filium</strong></span> <span class='ocrx_word' id='word_1_95' title='bbox 953 759 1021 779; x_wconf 82' lang='lat' dir='ltr'><strong>eou-</strong></span> 
     </span>
    </p>
   </div>
   <div class='ocr_carea' id='block_1_15' title="bbox 229 797 1023 835">
    <p class='ocr_par' dir='ltr' id='par_1_15' title="bbox 229 797 1023 835">
     <span class='ocr_line' id='line_1_15' title="bbox 229 797 1023 835; baseline -0.006 -6"><span class='ocrx_word' id='word_1_96' title='bbox 229 803 364 834; x_wconf 80' lang='lat' dir='ltr'><strong>stitueret,</strong></span> <span class='ocrx_word' id='word_1_97' title='bbox 384 801 476 835; x_wconf 89' lang='lat' dir='ltr'><strong>utipsi</strong></span> <span class='ocrx_word' id='word_1_98' title='bbox 492 801 581 834; x_wconf 84' lang='lat' dir='ltr'><strong>inepte</strong></span> <span class='ocrx_word' id='word_1_99' title='bbox 609 799 769 833; x_wconf 88' lang='lat' dir='ltr'><strong>loquuntur.</strong></span> <span class='ocrx_word' id='word_1_100' title='bbox 797 797 957 825; x_wconf 82' lang='lat' dir='ltr'><strong>Necessario</strong></span> <span class='ocrx_word' id='word_1_101' title='bbox 977 797 1023 832; x_wconf 80' lang='lat' dir='ltr'><strong>igi-</strong></span> 
     </span>
    </p>
   </div>
   <div class='ocr_carea' id='block_1_16' title="bbox 231 843 1057 880">
    <p class='ocr_par' dir='ltr' id='par_1_16' title="bbox 231 843 1057 880">
     <span class='ocr_line' id='line_1_16' title="bbox 231 843 1057 880; baseline -0.008 -4"><span class='ocrx_word' id='word_1_102' title='bbox 231 854 273 876; x_wconf 88' lang='lat' dir='ltr'><strong>tur</strong></span> <span class='ocrx_word' id='word_1_103' title='bbox 288 849 339 875; x_wconf 88' lang='lat' dir='ltr'><strong>hoc</strong></span> <span class='ocrx_word' id='word_1_104' title='bbox 358 847 422 875; x_wconf 74' lang='lat' dir='ltr'><strong>fecit</strong></span> <span class='ocrx_word' id='word_1_105' title='bbox 439 856 445 873; x_wconf 87' lang='lat'><strong>:</strong></span> <span class='ocrx_word' id='word_1_106' title='bbox 461 845 587 872; x_wconf 84' lang='lat' dir='ltr'><strong>autFilio</strong></span> <span class='ocrx_word' id='word_1_107' title='bbox 598 845 623 872; x_wconf 88' lang='lat' dir='ltr'><strong>id</strong></span> <span class='ocrx_word' id='word_1_108' title='bbox 638 844 729 880; x_wconf 73' lang='lat' dir='ltr'><strong>largiri</strong></span> <span class='ocrx_word' id='word_1_109' title='bbox 743 844 838 876; x_wconf 90' lang='lat' dir='ltr'><strong>voluit,</strong></span> <span class='ocrx_word' id='word_1_110' title='bbox 854 849 882 870; x_wconf 91' lang='lat' dir='ltr'><strong>ttt</strong></span> <span class='ocrx_word' id='word_1_111' title='bbox 899 843 972 870; x_wconf 89' lang='lat' dir='ltr'><strong>illtttn</strong></span> <span class='ocrx_word' id='word_1_112' title='bbox 986 843 1019 870; x_wconf 86' lang='lat' dir='ltr'><strong>ad</strong></span> <span class='ocrx_word' id='word_1_113' title='bbox 1037 847 1057 874; x_wconf 79' lang='grc' dir='ltr'>Β</span> 
     </span>
    </p>
   </div>
   <div class='ocr_carea' id='block_1_17' title="bbox 231 889 1018 927">
    <p class='ocr_par' dir='ltr' id='par_1_17' title="bbox 231 889 1018 927">
     <span class='ocr_line' id='line_1_17' title="bbox 231 889 1018 927; baseline -0.01 -5"><span class='ocrx_word' id='word_1_114' title='bbox 231 903 294 922; x_wconf 83' lang='lat' dir='ltr'><strong>esse</strong></span> <span class='ocrx_word' id='word_1_115' title='bbox 309 895 465 921; x_wconf 79' lang='lat' dir='ltr'><strong>traduceret</strong></span> <span class='ocrx_word' id='word_1_116' title='bbox 479 892 592 927; x_wconf 83' lang='lat' dir='ltr'><strong>perinde</strong></span> <span class='ocrx_word' id='word_1_117' title='bbox 603 899 634 918; x_wconf 84' lang='lat' dir='ltr'><strong>ac</strong></span> <span class='ocrx_word' id='word_1_118' title='bbox 646 898 706 918; x_wconf 88' lang='lat' dir='ltr'><strong>nos.</strong></span> <span class='ocrx_word' id='word_1_119' title='bbox 718 890 746 918; x_wconf 91' lang='lat' dir='ltr'><strong>Si</strong></span> <span class='ocrx_word' id='word_1_120' title='bbox 757 890 839 925; x_wconf 81' lang='lat' dir='ltr'><strong>igitur</strong></span> <span class='ocrx_word' id='word_1_121' title='bbox 853 889 1018 920; x_wconf 84' lang='lat' dir='ltr'><strong>necessario,</strong></span> 
     </span>
    </p>
   </div>
   <div class='ocr_carea' id='block_1_18' title="bbox 226 929 1018 974">
    <p class='ocr_par' dir='ltr' id='par_1_18' title="bbox 226 929 1018 974">
     <span class='ocr_line' id='line_1_18' title="bbox 226 929 1018 974; baseline -0.006 -8"><span class='ocrx_word' id='word_1_122' title='bbox 226 940 282 974; x_wconf 89' lang='lat' dir='ltr'><strong>jam</strong></span> <span class='ocrx_word' id='word_1_123' title='bbox 294 940 378 966; x_wconf 86' lang='lat' dir='ltr'><strong>Deum</strong></span> <span class='ocrx_word' id='word_1_124' title='bbox 395 929 551 968; x_wconf 75' lang='lat' dir='ltr'><strong>necessitati</strong></span> <span class='ocrx_word' id='word_1_125' title='bbox 570 936 720 971; x_wconf 84' lang='lat' dir='ltr'><strong>subjectum</strong></span> <span class='ocrx_word' id='word_1_126' title='bbox 751 943 813 963; x_wconf 83' lang='lat' dir='ltr'><strong>esse</strong></span> <span class='ocrx_word' id='word_1_127' title='bbox 839 934 1018 967; x_wconf 81' lang='lat' dir='ltr'><strong>concedetis;</strong></span> 
     </span>
    </p>
   </div>
   <div class='ocr_carea' id='block_1_19' title="bbox 216 980 1018 1016">
    <p class='ocr_par' dir='ltr' id='par_1_19' title="bbox 216 980 1018 1016">
     <span class='ocr_line' id='line_1_19' title="bbox 216 980 1018 1016; baseline -0.009 -3"><span class='ocrx_word' id='word_1_128' title='bbox 216 986 270 1013; x_wconf 88' lang='lat' dir='ltr'><strong>‘siu</strong></span> <span class='ocrx_word' id='word_1_129' title='bbox 283 991 378 1012; x_wconf 79' lang='lat' dir='ltr'><strong>contra</strong></span> <span class='ocrx_word' id='word_1_130' title='bbox 395 984 500 1011; x_wconf 79' lang='lat' dir='ltr'><strong>Patrem</strong></span> <span class='ocrx_word' id='word_1_131' title='bbox 517 983 568 1010; x_wconf 90' lang='lat' dir='ltr'><strong>hoc</strong></span> <span class='ocrx_word' id='word_1_132' title='bbox 583 982 653 1013; x_wconf 83' lang='lat' dir='ltr'><strong>Filio</strong></span> <span class='ocrx_word' id='word_1_133' title='bbox 669 981 762 1016; x_wconf 79' lang='lat' dir='ltr'><strong>largiri</strong></span> <span class='ocrx_word' id='word_1_134' title='bbox 774 981 891 1010; x_wconf 82' lang='lat' dir='ltr'><strong>voluisse</strong></span> <span class='ocrx_word' id='word_1_135' title='bbox 918 980 1018 1011; x_wconf 86' lang='lat' dir='ltr'><strong>dicitis,</strong></span> 
     </span>
    </p>
   </div>
   <div class='ocr_carea' id='block_1_20' title="bbox 228 1026 1020 1065">
    <p class='ocr_par' dir='ltr' id='par_1_20' title="bbox 228 1026 1020 1065">
     <span class='ocr_line' id='line_1_20' title="bbox 228 1026 1020 1065; baseline -0.009 -6"><span class='ocrx_word' id='word_1_136' title='bbox 228 1032 333 1065; x_wconf 82' lang='lat' dir='ltr'><strong>sibiipsi</strong></span> <span class='ocrx_word' id='word_1_137' title='bbox 367 1031 456 1065; x_wconf 91' lang='lat' dir='ltr'><strong>potius</strong></span> <span class='ocrx_word' id='word_1_138' title='bbox 483 1029 509 1056; x_wconf 87' lang='lat' dir='ltr'><strong>id</strong></span> <span class='ocrx_word' id='word_1_139' title='bbox 536 1028 650 1064; x_wconf 75' lang='lat' dir='ltr'><strong>largitus</strong></span> <span class='ocrx_word' id='word_1_140' title='bbox 673 1034 734 1055; x_wconf 86' lang='lat' dir='ltr'><strong>esse</strong></span> <span class='ocrx_word' id='word_1_141' title='bbox 760 1027 903 1058; x_wconf 71' lang='lat' dir='ltr'><strong>videbitur,</strong></span> <span class='ocrx_word' id='word_1_142' title='bbox 929 1030 957 1052; x_wconf 92' lang='lat' dir='ltr'><strong>ut</strong></span> <span class='ocrx_word' id='word_1_143' title='bbox 985 1026 1020 1053; x_wconf 90' lang='lat' dir='ltr'><strong>sit</strong></span> 
     </span>
    </p>
   </div>
   <div class='ocr_carea' id='block_1_21' title="bbox 229 1071 1019 1110">
    <p class='ocr_par' dir='ltr' id='par_1_21' title="bbox 229 1071 1019 1110">
     <span class='ocr_line' id='line_1_21' title="bbox 229 1071 1019 1110; baseline -0.009 -6"><span class='ocrx_word' id='word_1_144' title='bbox 229 1082 348 1109; x_wconf 82' lang='lat' dir='ltr'><strong>creator,</strong></span> <span class='ocrx_word' id='word_1_145' title='bbox 361 1082 388 1103; x_wconf 87' lang='lat' dir='ltr'><strong>et</strong></span> <span class='ocrx_word' id='word_1_146' title='bbox 402 1081 497 1110; x_wconf 85' lang='lat' dir='ltr'><strong>potens</strong></span> <span class='ocrx_word' id='word_1_147' title='bbox 510 1082 541 1101; x_wconf 86' lang='lat' dir='ltr'><strong>ac</strong></span> <span class='ocrx_word' id='word_1_148' title='bbox 566 1073 694 1108; x_wconf 80' lang='lat' dir='ltr'><strong>sapiens:</strong></span> <span class='ocrx_word' id='word_1_149' title='bbox 712 1073 844 1107; x_wconf 82' lang='lat' dir='ltr'><strong>siquidem</strong></span> <span class='ocrx_word' id='word_1_150' title='bbox 868 1071 936 1099; x_wconf 86' lang='lat' dir='ltr'><strong>Filio</strong></span> <span class='ocrx_word' id='word_1_151' title='bbox 963 1071 1019 1098; x_wconf 73' lang='lat' dir='ltr'><strong>luec</strong></span> 
     </span>
    </p>
   </div>
   <div class='ocr_carea' id='block_1_22' title="bbox 228 1118 1019 1154">
    <p class='ocr_par' dir='ltr' id='par_1_22' title="bbox 228 1118 1019 1154">
     <span class='ocr_line' id='line_1_22' title="bbox 228 1118 1019 1154; baseline -0.008 -4"><span class='ocrx_word' id='word_1_152' title='bbox 228 1125 330 1150; x_wconf 89' lang='lat' dir='ltr'><strong>insunt.</strong></span> <span class='ocrx_word' id='word_1_153' title='bbox 344 1131 353 1148; x_wconf 74' lang='grc' dir='ltr'><strong>ι</strong></span> <span class='ocrx_word' id='word_1_154' title='bbox 371 1120 467 1150; x_wconf 85' lang='lat' dir='ltr'><strong>Omnia</strong></span> <span class='ocrx_word' id='word_1_155' title='bbox 481 1121 552 1148; x_wconf 90' lang='lat' dir='ltr'><strong>enim</strong></span> <span class='ocrx_word' id='word_1_156' title='bbox 571 1127 617 1154; x_wconf 92' lang='lat' dir='ltr'><strong>per</strong></span> <span class='ocrx_word' id='word_1_157' title='bbox 630 1119 718 1154; x_wconf 89' lang='lat' dir='ltr'><strong>ipsunt</strong></span> <span class='ocrx_word' id='word_1_158' title='bbox 735 1119 804 1145; x_wconf 90' lang='lat' dir='ltr'><strong>l&#39;acla</strong></span> <span class='ocrx_word' id='word_1_159' title='bbox 828 1123 901 1151; x_wconf 85' lang='lat' dir='ltr'><strong>sunt,</strong></span> <span class='ocrx_word' id='word_1_160' title='bbox 933 1118 1019 1153; x_wconf 88' lang='lat' dir='ltr'><strong>inquit</strong></span> 
     </span>
    </p>
   </div>
   <div class='ocr_carea' id='block_1_23' title="bbox 227 1162 1018 1203">
    <p class='ocr_par' dir='ltr' id='par_1_23' title="bbox 227 1162 1018 1203">
     <span class='ocr_line' id='line_1_23' title="bbox 227 1162 1018 1203; baseline -0.01 -7"><span class='ocrx_word' id='word_1_161' title='bbox 227 1169 377 1203; x_wconf 79' lang='lat' dir='ltr'><strong>Scriptura,</strong></span> <span class='ocrx_word' id='word_1_162' title='bbox 393 1172 418 1194; x_wconf 86' lang='lat' dir='ltr'><strong>et</strong></span> <span class='ocrx_word' id='word_1_163' title='bbox 432 1167 491 1193; x_wconf 84' lang='lat' dir='ltr'><strong>sine</strong></span> <span class='ocrx_word' id='word_1_164' title='bbox 503 1166 560 1201; x_wconf 89' lang='lat' dir='ltr'><strong>ipso</strong></span> <span class='ocrx_word' id='word_1_165' title='bbox 575 1165 674 1191; x_wconf 81' lang='lat' dir='ltr'><strong>factum</strong></span> <span class='ocrx_word' id='word_1_166' title='bbox 690 1169 732 1192; x_wconf 90' lang='lat' dir='ltr'><strong>est</strong></span> <span class='ocrx_word' id='word_1_167' title='bbox 745 1163 814 1190; x_wconf 80' lang='lat' dir='ltr'><strong>nihil</strong></span> <span class='ocrx_word' id='word_1_168' title='bbox 827 1162 858 1189; x_wconf 79' lang='lat'>“.</span> <span class='ocrx_word' id='word_1_169' title='bbox 876 1172 885 1188; x_wconf 73' lang='grc' dir='ltr'><strong>ι</strong></span> <span class='ocrx_word' id='word_1_170' title='bbox 903 1163 937 1189; x_wconf 90' lang='lat' dir='ltr'><strong>Et</strong></span> <span class='ocrx_word' id='word_1_171' title='bbox 962 1170 1018 1189; x_wconf 88' lang='lat' dir='ltr'><strong>rur-</strong></span> 
     </span>
    </p>
   </div>
   <div class='ocr_carea' id='block_1_24' title="bbox 227 1209 1018 1249">
    <p class='ocr_par' dir='ltr' id='par_1_24' title="bbox 227 1209 1018 1249">
     <span class='ocr_line' id='line_1_24' title="bbox 227 1209 1018 1249; baseline -0.005 -7"><span class='ocrx_word' id='word_1_172' title='bbox 227 1224 299 1249; x_wconf 86' lang='lat' dir='ltr'><strong>sum,</strong></span> <span class='ocrx_word' id='word_1_173' title='bbox 318 1225 327 1241; x_wconf 74' lang='grc' dir='ltr'><strong>ι</strong></span> <span class='ocrx_word' id='word_1_174' title='bbox 340 1215 467 1242; x_wconf 75' lang='lat' dir='ltr'><strong>Christus</strong></span> <span class='ocrx_word' id='word_1_175' title='bbox 487 1213 532 1240; x_wconf 87' lang='lat' dir='ltr'><strong>Dei</strong></span> <span class='ocrx_word' id='word_1_176' title='bbox 551 1211 670 1247; x_wconf 85' lang='lat' dir='ltr'><strong>potentia</strong></span> <span class='ocrx_word' id='word_1_177' title='bbox 682 1216 709 1238; x_wconf 88' lang='lat' dir='ltr'><strong>et</strong></span> <span class='ocrx_word' id='word_1_178' title='bbox 724 1210 857 1244; x_wconf 86' lang='lat' dir='ltr'><strong>sapientia</strong></span> <span class='ocrx_word' id='word_1_179' title='bbox 872 1210 914 1236; x_wconf 69' lang='grc'><strong>¹⁸“.</strong></span> <span class='ocrx_word' id='word_1_180' title='bbox 933 1219 944 1236; x_wconf 86' lang='grc'>›</span> <span class='ocrx_word' id='word_1_181' title='bbox 959 1209 1018 1238; x_wconf 67' lang='grc' dir='ltr'><strong>ϐεε-</strong></span> 
     </span>
    </p>
   </div>
   <div class='ocr_carea' id='block_1_25' title="bbox 228 1257 1018 1294">
    <p class='ocr_par' dir='ltr' id='par_1_25' title="bbox 228 1257 1018 1294">
     <span class='ocr_line' id='line_1_25' title="bbox 228 1257 1018 1294; baseline -0.008 -5"><span class='ocrx_word' id='word_1_182' title='bbox 228 1268 315 1289; x_wconf 82' lang='lat' dir='ltr'><strong>terum</strong></span> <span class='ocrx_word' id='word_1_183' title='bbox 331 1270 378 1289; x_wconf 90' lang='lat' dir='ltr'><strong>nos</strong></span> <span class='ocrx_word' id='word_1_184' title='bbox 393 1268 445 1288; x_wconf 88' lang='lat' dir='ltr'><strong>nott</strong></span> <span class='ocrx_word' id='word_1_185' title='bbox 459 1260 509 1287; x_wconf 85' lang='lat' dir='ltr'><strong>sibi</strong></span> <span class='ocrx_word' id='word_1_186' title='bbox 527 1259 575 1294; x_wconf 88' lang='lat' dir='ltr'><strong>ipsi</strong></span> <span class='ocrx_word' id='word_1_187' title='bbox 597 1259 653 1285; x_wconf 69' lang='lat' dir='ltr'><strong>hau:</strong></span> <span class='ocrx_word' id='word_1_188' title='bbox 669 1258 792 1293; x_wconf 83' lang='lat' dir='ltr'><strong>largitunt</strong></span> <span class='ocrx_word' id='word_1_189' title='bbox 810 1265 870 1284; x_wconf 89' lang='lat' dir='ltr'><strong>esse</strong></span> <span class='ocrx_word' id='word_1_190' title='bbox 888 1257 969 1283; x_wconf 85' lang='lat' dir='ltr'><strong>Deum</strong></span> <span class='ocrx_word' id='word_1_191' title='bbox 987 1263 1018 1283; x_wconf 87' lang='lat' dir='ltr'><strong>ac</strong></span> 
     </span>
    </p>
   </div>
   <div class='ocr_carea' id='block_1_26' title="bbox 229 1303 1020 1340">
    <p class='ocr_par' dir='ltr' id='par_1_26' title="bbox 229 1303 1020 1340">
     <span class='ocr_line' id='line_1_26' title="bbox 229 1303 1020 1340; baseline -0.01 -4"><span class='ocrx_word' id='word_1_192' title='bbox 229 1310 335 1336; x_wconf 82' lang='lat' dir='ltr'><strong>I‘atrem</strong></span> <span class='ocrx_word' id='word_1_193' title='bbox 351 1308 476 1340; x_wconf 88' lang='lat' dir='ltr'><strong>dicimus,</strong></span> <span class='ocrx_word' id='word_1_194' title='bbox 492 1307 539 1334; x_wconf 86' lang='lat' dir='ltr'><strong>sed</strong></span> <span class='ocrx_word' id='word_1_195' title='bbox 554 1312 613 1333; x_wconf 83' lang='lat' dir='ltr'><strong>esse</strong></span> <span class='ocrx_word' id='word_1_196' title='bbox 626 1304 785 1331; x_wconf 88' lang='lat' dir='ltr'><strong>uatttraliter</strong></span> <span class='ocrx_word' id='word_1_197' title='bbox 813 1303 961 1338; x_wconf 72' lang='lat' dir='ltr'><strong>sapientem</strong></span> <span class='ocrx_word' id='word_1_198' title='bbox 993 1306 1020 1328; x_wconf 88' lang='lat' dir='ltr'><strong>et</strong></span> 
     </span>
    </p>
   </div>
   <div class='ocr_carea' id='block_1_27' title="bbox 228 1347 1016 1390">
    <p class='ocr_par' dir='ltr' id='par_1_27' title="bbox 228 1347 1016 1390">
     <span class='ocr_line' id='line_1_27' title="bbox 228 1347 1016 1390; baseline -0.011 -8"><span class='ocrx_word' id='word_1_199' title='bbox 228 1359 378 1390; x_wconf 85' lang='lat' dir='ltr'><strong>potentem.</strong></span> <span class='ocrx_word' id='word_1_200' title='bbox 390 1353 446 1380; x_wconf 72' lang='lat' dir='ltr'><strong>Non</strong></span> <span class='ocrx_word' id='word_1_201' title='bbox 462 1353 543 1387; x_wconf 73' lang='lat' dir='ltr'><strong>igitur</strong></span> <span class='ocrx_word' id='word_1_202' title='bbox 558 1358 590 1378; x_wconf 86' lang='lat' dir='ltr'><strong>ex</strong></span> <span class='ocrx_word' id='word_1_203' title='bbox 606 1350 743 1377; x_wconf 84' lang='lat' dir='ltr'><strong>voluntate</strong></span> <span class='ocrx_word' id='word_1_204' title='bbox 751 1349 892 1376; x_wconf 69' lang='lat' dir='ltr'><strong>consuluit</strong></span> <span class='ocrx_word' id='word_1_205' title='bbox 907 1347 1016 1379; x_wconf 76' lang='lat' dir='ltr'><strong>Filium,</strong></span> 
     </span>
    </p>
   </div>
   <div class='ocr_carea' id='block_1_28' title="bbox 229 1394 1018 1435">
    <p class='ocr_par' dir='ltr' id='par_1_28' title="bbox 229 1394 1018 1435">
     <span class='ocr_line' id='line_1_28' title="bbox 229 1394 1018 1435; baseline -0.01 -7"><span class='ocrx_word' id='word_1_206' title='bbox 229 1407 259 1428; x_wconf 90' lang='lat' dir='ltr'><strong>ttt</strong></span> <span class='ocrx_word' id='word_1_207' title='bbox 280 1408 328 1428; x_wconf 81' lang='lat' dir='ltr'><strong>vos</strong></span> <span class='ocrx_word' id='word_1_208' title='bbox 360 1399 519 1435; x_wconf 87' lang='lat' dir='ltr'><strong>upiuatnini,</strong></span> <span class='ocrx_word' id='word_1_209' title='bbox 547 1397 595 1425; x_wconf 84' lang='lat' dir='ltr'><strong>sed</strong></span> <span class='ocrx_word' id='word_1_210' title='bbox 627 1397 709 1424; x_wconf 92' lang='lat' dir='ltr'><strong>veluti</strong></span> <span class='ocrx_word' id='word_1_211' title='bbox 747 1400 851 1422; x_wconf 60' lang='lat' dir='ltr'><strong>natura</strong></span> <span class='ocrx_word' id='word_1_212' title='bbox 879 1402 935 1421; x_wconf 77' lang='lat' dir='ltr'><strong>sua:</strong></span> <span class='ocrx_word' id='word_1_213' title='bbox 962 1394 1018 1420; x_wconf 85' lang='lat' dir='ltr'><strong>l‘ru-</strong></span> 
     </span>
    </p>
   </div>
   <div class='ocr_carea' id='block_1_29' title="bbox 228 1439 1019 1481">
    <p class='ocr_par' dir='ltr' id='par_1_29' title="bbox 228 1439 1019 1481">
     <span class='ocr_line' id='line_1_29' title="bbox 228 1439 1019 1481; baseline -0.011 -6"><span class='ocrx_word' id='word_1_214' title='bbox 228 1453 287 1476; x_wconf 86' lang='lat' dir='ltr'><strong>ctus</strong></span> <span class='ocrx_word' id='word_1_215' title='bbox 304 1452 356 1479; x_wconf 92' lang='lat' dir='ltr'><strong>cst,</strong></span> <span class='ocrx_word' id='word_1_216' title='bbox 369 1446 515 1481; x_wconf 88' lang='lat' dir='ltr'><strong>quodcum</strong></span> <span class='ocrx_word' id='word_1_217' title='bbox 534 1446 570 1472; x_wconf 92' lang='lat' dir='ltr'><strong>ita</strong></span> <span class='ocrx_word' id='word_1_218' title='bbox 595 1444 640 1477; x_wconf 86' lang='lat' dir='ltr'><strong>sit,</strong></span> <span class='ocrx_word' id='word_1_219' title='bbox 666 1443 748 1470; x_wconf 87' lang='lat' dir='ltr'><strong>etiatn</strong></span> <span class='ocrx_word' id='word_1_220' title='bbox 779 1439 1019 1468; x_wconf 78' lang='lat' dir='ltr'><strong>consubstantialis</strong></span> 
     </span>
    </p>
   </div>
   <div class='ocr_carea' id='block_1_30' title="bbox 227 1487 1019 1527">
    <p class='ocr_par' dir='ltr' id='par_1_30' title="bbox 227 1487 1019 1527">
     <span class='ocr_line' id='line_1_30' title="bbox 227 1487 1019 1527; baseline -0.01 -6"><span class='ocrx_word' id='word_1_221' title='bbox 227 1499 278 1521; x_wconf 88' lang='lat' dir='ltr'><strong>est.</strong></span> <span class='ocrx_word' id='word_1_222' title='bbox 295 1493 372 1527; x_wconf 78' lang='lat' dir='ltr'><strong>Quod</strong></span> <span class='ocrx_word' id='word_1_223' title='bbox 387 1493 459 1520; x_wconf 87' lang='lat' dir='ltr'><strong>enim</strong></span> <span class='ocrx_word' id='word_1_224' title='bbox 476 1491 637 1519; x_wconf 82' lang='lat' dir='ltr'><strong>naturaliter</strong></span> <span class='ocrx_word' id='word_1_225' title='bbox 664 1497 697 1517; x_wconf 78' lang='lat' dir='ltr'><strong>ex</strong></span> <span class='ocrx_word' id='word_1_226' title='bbox 725 1488 779 1516; x_wconf 84' lang='lat' dir='ltr'><strong>Deo</strong></span> <span class='ocrx_word' id='word_1_227' title='bbox 805 1487 935 1522; x_wconf 84' lang='lat' dir='ltr'><strong>procedit,</strong></span> <span class='ocrx_word' id='word_1_228' title='bbox 954 1487 1019 1514; x_wconf 88' lang='lat' dir='ltr'><strong>alie-</strong></span> 
     </span>
    </p>
   </div>
   <div class='ocr_carea' id='block_1_31' title="bbox 228 1540 647 1571">
    <p class='ocr_par' dir='ltr' id='par_1_31' title="bbox 228 1540 647 1571">
     <span class='ocr_line' id='line_1_31' title="bbox 228 1540 647 1571; baseline -0.01 -4"><span class='ocrx_word' id='word_1_229' title='bbox 228 1543 298 1568; x_wconf 91' lang='lat' dir='ltr'><strong>num&#39;</strong></span> <span class='ocrx_word' id='word_1_230' title='bbox 309 1540 343 1566; x_wconf 87' lang='lat' dir='ltr'><strong>ab</strong></span> <span class='ocrx_word' id='word_1_231' title='bbox 359 1546 392 1566; x_wconf 87' lang='lat' dir='ltr'><strong>eo</strong></span> <span class='ocrx_word' id='word_1_232' title='bbox 404 1545 465 1565; x_wconf 86' lang='lat' dir='ltr'><strong>esse</strong></span> <span class='ocrx_word' id='word_1_233' title='bbox 477 1545 530 1564; x_wconf 85' lang='lat' dir='ltr'><strong>non</strong></span> <span class='ocrx_word' id='word_1_234' title='bbox 548 1541 647 1571; x_wconf 82' lang='lat' dir='ltr'><strong>potest.</strong></span> 
     </span>
    </p>
   </div>
   <div class='ocr_carea' id='block_1_32' title="bbox 264 1601 980 1640">
    <p class='ocr_par' dir='ltr' id='par_1_32' title="bbox 264 1601 980 1640">
     <span class='ocr_line' id='line_1_32' title="bbox 264 1601 980 1640; baseline -0.006 -6"><span class='ocrx_word' id='word_1_235' title='bbox 264 1607 341 1640; x_wconf 78' lang='lat' dir='ltr'><strong>Quod</strong></span> <span class='ocrx_word' id='word_1_236' title='bbox 363 1607 415 1633; x_wconf 83' lang='lat' dir='ltr'><strong>Deo</strong></span> <span class='ocrx_word' id='word_1_237' title='bbox 429 1614 459 1633; x_wconf 87' lang='lat' dir='ltr'><strong>ac</strong></span> <span class='ocrx_word' id='word_1_238' title='bbox 478 1604 554 1632; x_wconf 78' lang='lat' dir='ltr'><strong>Patri</strong></span> <span class='ocrx_word' id='word_1_239' title='bbox 565 1603 799 1631; x_wconf 71' lang='lat' dir='ltr'><strong>cansubstantialis</strong></span> <span class='ocrx_word' id='word_1_240' title='bbox 822 1603 854 1630; x_wconf 81' lang='lat' dir='ltr'><strong>sit</strong></span> <span class='ocrx_word' id='word_1_241' title='bbox 881 1601 980 1630; x_wconf 69' lang='lat' dir='ltr'><strong>Filius.</strong></span> 
     </span>
    </p>
   </div>
   <div class='ocr_carea' id='block_1_33' title="bbox 263 1658 1018 1699">
    <p class='ocr_par' dir='ltr' id='par_1_33' title="bbox 263 1658 1018 1699">
     <span class='ocr_line' id='line_1_33' title="bbox 263 1658 1018 1699; baseline -0.009 -8"><span class='ocrx_word' id='word_1_242' title='bbox 263 1664 292 1691; x_wconf 89' lang='lat' dir='ltr'><strong>Si</strong></span> <span class='ocrx_word' id='word_1_243' title='bbox 305 1668 413 1699; x_wconf 85' lang='lat' dir='ltr'><strong>propter</strong></span> <span class='ocrx_word' id='word_1_244' title='bbox 431 1663 543 1691; x_wconf 63' lang='lat' dir='ltr'><strong>Iormam</strong></span> <span class='ocrx_word' id='word_1_245' title='bbox 569 1669 650 1697; x_wconf 88' lang='lat' dir='ltr'><strong>quam</strong></span> <span class='ocrx_word' id='word_1_246' title='bbox 661 1660 776 1695; x_wconf 87' lang='lat' dir='ltr'><strong>accepit,</strong></span> <span class='ocrx_word' id='word_1_247' title='bbox 801 1661 826 1687; x_wconf 91' lang='lat' dir='ltr'><strong>in</strong></span> <span class='ocrx_word' id='word_1_248' title='bbox 854 1658 941 1686; x_wconf 80' lang='lat' dir='ltr'><strong>forma</strong></span> <span class='ocrx_word' id='word_1_249' title='bbox 971 1658 1018 1685; x_wconf 88' lang='lat' dir='ltr'><strong>Dei</strong></span> 
     </span>
    </p>
   </div>
   <div class='ocr_carea' id='block_1_34' title="bbox 228 1703 1014 1740">
    <p class='ocr_par' dir='ltr' id='par_1_34' title="bbox 228 1703 1014 1740">
     <span class='ocr_line' id='line_1_34' title="bbox 228 1703 1014 1740; baseline -0.01 -3"><span class='ocrx_word' id='word_1_250' title='bbox 228 1710 374 1740; x_wconf 73' lang='lat' dir='ltr'><strong>exsistens,</strong></span> <span class='ocrx_word' id='word_1_251' title='bbox 391 1707 630 1739; x_wconf 83' lang='lat' dir='ltr'><strong>consubstantialis</strong></span> <span class='ocrx_word' id='word_1_252' title='bbox 645 1707 721 1733; x_wconf 83' lang='lat' dir='ltr'><strong>nobis</strong></span> <span class='ocrx_word' id='word_1_253' title='bbox 739 1710 790 1737; x_wconf 85' lang='lat' dir='ltr'><strong>est,</strong></span> <span class='ocrx_word' id='word_1_254' title='bbox 805 1706 867 1738; x_wconf 84' lang='lat' dir='ltr'><strong>quia</strong></span> <span class='ocrx_word' id='word_1_255' title='bbox 888 1711 920 1730; x_wconf 86' lang='lat' dir='ltr'><strong>ex</strong></span> <span class='ocrx_word' id='word_1_256' title='bbox 936 1703 1014 1730; x_wconf 90' lang='lat' dir='ltr'><strong>nobis</strong></span> 
     </span>
    </p>
   </div>
   <div class='ocr_carea' id='block_1_35' title="bbox 227 1749 1018 1788">
    <p class='ocr_par' dir='ltr' id='par_1_35' title="bbox 227 1749 1018 1788">
     <span class='ocr_line' id='line_1_35' title="bbox 227 1749 1018 1788; baseline -0.008 -6"><span class='ocrx_word' id='word_1_257' title='bbox 227 1761 279 1788; x_wconf 89' lang='lat' dir='ltr'><strong>est,</strong></span> <span class='ocrx_word' id='word_1_258' title='bbox 292 1759 335 1782; x_wconf 86' lang='lat' dir='ltr'><strong>est</strong></span> <span class='ocrx_word' id='word_1_259' title='bbox 352 1759 442 1781; x_wconf 88' lang='lat' dir='ltr'><strong>autent</strong></span> <span class='ocrx_word' id='word_1_260' title='bbox 463 1754 550 1781; x_wconf 81' lang='lat' dir='ltr'><strong>forma</strong></span> <span class='ocrx_word' id='word_1_261' title='bbox 578 1753 624 1780; x_wconf 83' lang='lat' dir='ltr'><strong>Dei</strong></span> <span class='ocrx_word' id='word_1_262' title='bbox 657 1752 751 1784; x_wconf 86' lang='lat' dir='ltr'><strong>Filius,</strong></span> <span class='ocrx_word' id='word_1_263' title='bbox 781 1749 1018 1778; x_wconf 80' lang='lat' dir='ltr'><strong>consubstantialis</strong></span> 
     </span>
    </p>
   </div>
   <div class='ocr_carea' id='block_1_36' title="bbox 228 1797 674 1834">
    <p class='ocr_par' dir='ltr' id='par_1_36' title="bbox 228 1797 674 1834">
     <span class='ocr_line' id='line_1_36' title="bbox 228 1797 674 1834; baseline -0.007 -7"><span class='ocrx_word' id='word_1_264' title='bbox 228 1800 310 1834; x_wconf 80' lang='lat' dir='ltr'><strong>igitur</strong></span> <span class='ocrx_word' id='word_1_265' title='bbox 329 1799 353 1826; x_wconf 87' lang='lat' dir='ltr'><strong>ei</strong></span> <span class='ocrx_word' id='word_1_266' title='bbox 370 1804 422 1832; x_wconf 83' lang='lat' dir='ltr'><strong>est,</strong></span> <span class='ocrx_word' id='word_1_267' title='bbox 436 1798 514 1833; x_wconf 86' lang='lat' dir='ltr'><strong>cujus</strong></span> <span class='ocrx_word' id='word_1_268' title='bbox 523 1803 562 1825; x_wconf 89' lang='lat' dir='ltr'><strong>est</strong></span> <span class='ocrx_word' id='word_1_269' title='bbox 576 1797 674 1825; x_wconf 78' lang='lat' dir='ltr'><strong>forma.</strong></span> 
     </span>
    </p>
   </div>
   <div class='ocr_carea' id='block_1_37' title="bbox 527 1853 716 1890">
    <p class='ocr_par' dir='ltr' id='par_1_37' title="bbox 527 1853 716 1890">
     <span class='ocr_line' id='line_1_37' title="bbox 527 1853 716 1890; baseline -0.005 -9"><span class='ocrx_word' id='word_1_270' title='bbox 527 1854 583 1890; x_wconf 71' lang='lat'><strong>32</strong></span> <span class='ocrx_word' id='word_1_271' title='bbox 601 1853 716 1881; x_wconf 80' lang='lat' dir='ltr'><strong>ALIUD.</strong></span> 
     </span>
    </p>
   </div>
   <div class='ocr_carea' id='block_1_38' title="bbox 261 1909 1018 1949">
    <p class='ocr_par' dir='ltr' id='par_1_38' title="bbox 261 1909 1018 1949">
     <span class='ocr_line' id='line_1_38' title="bbox 261 1909 1018 1949; baseline -0.007 -9"><span class='ocrx_word' id='word_1_272' title='bbox 261 1913 291 1949; x_wconf 19' lang='lat' dir='ltr'><strong>,Si</strong></span> <span class='ocrx_word' id='word_1_273' title='bbox 310 1918 402 1940; x_wconf 91' lang='lat' dir='ltr'><strong>nostro</strong></span> <span class='ocrx_word' id='word_1_274' title='bbox 426 1912 520 1939; x_wconf 89' lang='lat' dir='ltr'><strong>lumini</strong></span> <span class='ocrx_word' id='word_1_275' title='bbox 546 1912 673 1946; x_wconf 86' lang='lat' dir='ltr'><strong>splendor</strong></span> <span class='ocrx_word' id='word_1_276' title='bbox 690 1911 748 1945; x_wconf 84' lang='lat' dir='ltr'><strong>ejus</strong></span> <span class='ocrx_word' id='word_1_277' title='bbox 781 1909 1018 1937; x_wconf 83' lang='lat' dir='ltr'><strong>consubstantialis</strong></span> 
     </span>
    </p>
   </div>
   <div class='ocr_carea' id='block_1_39' title="bbox 227 1955 1018 1991">
    <p class='ocr_par' dir='ltr' id='par_1_39' title="bbox 227 1955 1018 1991">
     <span class='ocr_line' id='line_1_39' title="bbox 227 1955 1018 1991; baseline -0.006 -5"><span class='ocrx_word' id='word_1_278' title='bbox 227 1965 279 1991; x_wconf 79' lang='lat' dir='ltr'><strong>est,</strong></span> <span class='ocrx_word' id='word_1_279' title='bbox 295 1959 378 1986; x_wconf 86' lang='lat' dir='ltr'><strong>Filius</strong></span> <span class='ocrx_word' id='word_1_280' title='bbox 388 1962 476 1985; x_wconf 86' lang='lat' dir='ltr'><strong>autem</strong></span> <span class='ocrx_word' id='word_1_281' title='bbox 488 1957 581 1984; x_wconf 71' lang='lat' dir='ltr'><strong>aeterni</strong></span> <span class='ocrx_word' id='word_1_282' title='bbox 595 1957 704 1983; x_wconf 86' lang='lat' dir='ltr'><strong>luminis</strong></span> <span class='ocrx_word' id='word_1_283' title='bbox 716 1961 757 1983; x_wconf 86' lang='lat' dir='ltr'><strong>est</strong></span> <span class='ocrx_word' id='word_1_284' title='bbox 784 1955 927 1990; x_wconf 83' lang='lat' dir='ltr'><strong>splendor;</strong></span> <span class='ocrx_word' id='word_1_285' title='bbox 952 1962 1018 1982; x_wconf 91' lang='lat' dir='ltr'><strong>con-</strong></span> 
     </span>
    </p>
   </div>
   <div class='ocr_carea' id='block_1_40' title="bbox 227 2002 1018 2039">
    <p class='ocr_par' dir='ltr' id='par_1_40' title="bbox 227 2002 1018 2039">
     <span class='ocr_line' id='line_1_40' title="bbox 227 2002 1018 2039; baseline -0.004 -7"><span class='ocrx_word' id='word_1_286' title='bbox 227 2005 415 2033; x_wconf 84' lang='lat' dir='ltr'><strong>substantialis</strong></span> <span class='ocrx_word' id='word_1_287' title='bbox 431 2004 514 2039; x_wconf 81' lang='lat' dir='ltr'><strong>igitur</strong></span> <span class='ocrx_word' id='word_1_288' title='bbox 528 2004 610 2030; x_wconf 80' lang='lat' dir='ltr'><strong>etiarn</strong></span> <span class='ocrx_word' id='word_1_289' title='bbox 627 2003 683 2037; x_wconf 87' lang='lat' dir='ltr'><strong>ipse</strong></span> <span class='ocrx_word' id='word_1_290' title='bbox 695 2008 736 2030; x_wconf 86' lang='lat' dir='ltr'><strong>est</strong></span> <span class='ocrx_word' id='word_1_291' title='bbox 749 2002 853 2034; x_wconf 86' lang='lat' dir='ltr'><strong>lumini,</strong></span> <span class='ocrx_word' id='word_1_292' title='bbox 870 2002 946 2036; x_wconf 81' lang='lat' dir='ltr'><strong>cujus</strong></span> <span class='ocrx_word' id='word_1_293' title='bbox 976 2006 1018 2029; x_wconf 83' lang='lat' dir='ltr'><strong>est</strong></span> 
     </span>
    </p>
   </div>
   <div class='ocr_carea' id='block_1_41' title="bbox 226 2048 1016 2086">
    <p class='ocr_par' dir='ltr' id='par_1_41' title="bbox 226 2048 1016 2086">
     <span class='ocr_line' id='line_1_41' title="bbox 226 2048 1016 2086; baseline -0.005 -8"><span class='ocrx_word' id='word_1_294' title='bbox 226 2051 363 2086; x_wconf 87' lang='lat' dir='ltr'><strong>splendor,</strong></span> <span class='ocrx_word' id='word_1_295' title='bbox 380 2058 441 2077; x_wconf 90' lang='lat' dir='ltr'><strong>cum</strong></span> <span class='ocrx_word' id='word_1_296' title='bbox 457 2049 582 2084; x_wconf 76' lang='lat' dir='ltr'><strong>exempla</strong></span> <span class='ocrx_word' id='word_1_297' title='bbox 595 2054 672 2084; x_wconf 84' lang='lat' dir='ltr'><strong>parte</strong></span> <span class='ocrx_word' id='word_1_298' title='bbox 689 2049 777 2083; x_wconf 83' lang='lat' dir='ltr'><strong>aliqua</strong></span> <span class='ocrx_word' id='word_1_299' title='bbox 803 2056 859 2075; x_wconf 76' lang='lat' dir='ltr'><strong>Sll&#39;d‘.</strong></span> <span class='ocrx_word' id='word_1_300' title='bbox 870 2054 972 2075; x_wconf 76' lang='lat' dir='ltr'><strong>natura:</strong></span> <span class='ocrx_word' id='word_1_301' title='bbox 991 2048 1016 2075; x_wconf 90' lang='lat' dir='ltr'><strong>in</strong></span> 
     </span>
    </p>
   </div>
   <div class='ocr_carea' id='block_1_42' title="bbox 225 2095 502 2125">
    <p class='ocr_par' dir='ltr' id='par_1_42' title="bbox 225 2095 502 2125">
     <span class='ocr_line' id='line_1_42' title="bbox 225 2095 502 2125; baseline -0.011 -1"><span class='ocrx_word' id='word_1_302' title='bbox 225 2097 314 2125; x_wconf 85' lang='lat' dir='ltr'><strong>simile</strong></span> <span class='ocrx_word' id='word_1_303' title='bbox 328 2095 502 2124; x_wconf 77' lang='lat' dir='ltr'><strong>conveniant.</strong></span> 
     </span>
    </p>
   </div>
   <div class='ocr_carea' id='block_1_43' title="bbox 567 2160 680 2189">
    <p class='ocr_par' dir='ltr' id='par_1_43' title="bbox 567 2160 680 2189">
     <span class='ocr_line' id='line_1_43' title="bbox 567 2160 680 2189; baseline 0.009 -1"><span class='ocrx_word' id='word_1_304' title='bbox 567 2160 680 2189; x_wconf 77' lang='lat' dir='ltr'><strong>ALIUD.</strong></span> 
     </span>
    </p>
   </div>
   <div class='ocr_carea' id='block_1_44' title="bbox 261 2216 1014 2253">
    <p class='ocr_par' dir='ltr' id='par_1_44' title="bbox 261 2216 1014 2253">
     <span class='ocr_line' id='line_1_44' title="bbox 261 2216 1014 2253; baseline -0.003 -8"><span class='ocrx_word' id='word_1_305' title='bbox 261 2219 492 2253; x_wconf 82' lang='lat' dir='ltr'><strong>Quemadmodum</strong></span> <span class='ocrx_word' id='word_1_306' title='bbox 506 2217 649 2252; x_wconf 73' lang='lat' dir='ltr'><strong>mqualitas</strong></span> <span class='ocrx_word' id='word_1_307' title='bbox 664 2217 689 2243; x_wconf 94' lang='lat' dir='ltr'><strong>in</strong></span> <span class='ocrx_word' id='word_1_308' title='bbox 706 2216 932 2243; x_wconf 84' lang='lat' dir='ltr'><strong>itttellectualibus</strong></span> <span class='ocrx_word' id='word_1_309' title='bbox 962 2225 1014 2244; x_wconf 91' lang='lat' dir='ltr'><strong>non</strong></span> 
     </span>
    </p>
   </div>
   <div class='ocr_carea' id='block_1_45' title="bbox 225 2261 1014 2301">
    <p class='ocr_par' dir='ltr' id='par_1_45' title="bbox 225 2261 1014 2301">
     <span class='ocr_line' id='line_1_45' title="bbox 225 2261 1014 2301; baseline -0.004 -9"><span class='ocrx_word' id='word_1_310' title='bbox 225 2266 376 2301; x_wconf 85' lang='lat' dir='ltr'><strong>quantitate</strong></span> <span class='ocrx_word' id='word_1_311' title='bbox 390 2264 549 2295; x_wconf 77' lang='lat' dir='ltr'><strong>:estimalnr,</strong></span> <span class='ocrx_word' id='word_1_312' title='bbox 565 2267 590 2289; x_wconf 89' lang='lat' dir='ltr'><strong>et</strong></span> <span class='ocrx_word' id='word_1_313' title='bbox 604 2262 675 2296; x_wconf 84' lang='lat' dir='ltr'><strong>quod</strong></span> <span class='ocrx_word' id='word_1_314' title='bbox 691 2261 726 2288; x_wconf 86' lang='lat' dir='ltr'><strong>ita</strong></span> <span class='ocrx_word' id='word_1_315' title='bbox 739 2261 842 2295; x_wconf 58' lang='lat' dir='ltr'><strong>aequale</strong></span> <span class='ocrx_word' id='word_1_316' title='bbox 858 2266 909 2293; x_wconf 75' lang='lat' dir='ltr'><strong>est,</strong></span> <span class='ocrx_word' id='word_1_317' title='bbox 922 2270 1014 2289; x_wconf 85' lang='lat' dir='ltr'><strong>neces-</strong></span> 
     </span>
    </p>
   </div>
   <div class='ocr_carea' id='block_1_46' title="bbox 225 2307 1013 2344">
    <p class='ocr_par' dir='ltr' id='par_1_46' title="bbox 225 2307 1013 2344">
     <span class='ocr_line' id='line_1_46' title="bbox 225 2307 1013 2344; baseline -0.005 -5"><span class='ocrx_word' id='word_1_318' title='bbox 225 2312 298 2339; x_wconf 86' lang='lat' dir='ltr'><strong>sario</strong></span> <span class='ocrx_word' id='word_1_319' title='bbox 314 2311 395 2337; x_wconf 86' lang='lat' dir='ltr'><strong>etiam</strong></span> <span class='ocrx_word' id='word_1_320' title='bbox 422 2317 469 2344; x_wconf 83' lang='lat' dir='ltr'><strong>par</strong></span> <span class='ocrx_word' id='word_1_321' title='bbox 485 2309 615 2343; x_wconf 77' lang='lat' dir='ltr'><strong>dignitate</strong></span> <span class='ocrx_word' id='word_1_322' title='bbox 642 2315 674 2334; x_wconf 83' lang='lat' dir='ltr'><strong>ac</strong></span> <span class='ocrx_word' id='word_1_323' title='bbox 703 2307 931 2334; x_wconf 86' lang='lat' dir='ltr'><strong>consubstantialc</strong></span> <span class='ocrx_word' id='word_1_324' title='bbox 961 2313 1013 2340; x_wconf 87' lang='lat' dir='ltr'><strong>est,</strong></span> 
     </span>
    </p>
   </div>
   <div class='ocr_carea' id='block_1_47' title="bbox 224 2353 1012 2390">
    <p class='ocr_par' dir='ltr' id='par_1_47' title="bbox 224 2353 1012 2390">
     <span class='ocr_line' id='line_1_47' title="bbox 224 2353 1012 2390; baseline -0.003 -6"><span class='ocrx_word' id='word_1_325' title='bbox 224 2358 309 2385; x_wconf 79' lang='lat' dir='ltr'><strong>Filius</strong></span> <span class='ocrx_word' id='word_1_326' title='bbox 325 2361 413 2383; x_wconf 88' lang='lat' dir='ltr'><strong>atttem</strong></span> <span class='ocrx_word' id='word_1_327' title='bbox 429 2361 471 2383; x_wconf 88' lang='lat' dir='ltr'><strong>est</strong></span> <span class='ocrx_word' id='word_1_328' title='bbox 483 2363 531 2390; x_wconf 87' lang='lat' dir='ltr'><strong>par</strong></span> <span class='ocrx_word' id='word_1_329' title='bbox 542 2354 673 2388; x_wconf 76' lang='lat' dir='ltr'><strong>dignitate</strong></span> <span class='ocrx_word' id='word_1_330' title='bbox 689 2353 772 2385; x_wconf 84' lang='lat' dir='ltr'><strong>Patri,</strong></span> <span class='ocrx_word' id='word_1_331' title='bbox 793 2359 822 2380; x_wconf 92' lang='lat' dir='ltr'><strong>ut</strong></span> <span class='ocrx_word' id='word_1_332' title='bbox 839 2362 915 2382; x_wconf 85' lang='lat' dir='ltr'><strong>sacra</strong></span> <span class='ocrx_word' id='word_1_333' title='bbox 937 2354 1012 2382; x_wconf 88' lang='lat' dir='ltr'><strong>Scri-</strong></span> 
     </span>
    </p>
   </div>
   <div class='ocr_carea' id='block_1_48' title="bbox 225 2397 1013 2437">
    <p class='ocr_par' dir='ltr' id='par_1_48' title="bbox 225 2397 1013 2437">
     <span class='ocr_line' id='line_1_48' title="bbox 225 2397 1013 2437; baseline 0 -10"><span class='ocrx_word' id='word_1_334' title='bbox 225 2407 304 2437; x_wconf 84' lang='lat' dir='ltr'><strong>ptura</strong></span> <span class='ocrx_word' id='word_1_335' title='bbox 331 2397 464 2433; x_wconf 76' lang='lat' dir='ltr'><strong>testatur;</strong></span> <span class='ocrx_word' id='word_1_336' title='bbox 491 2399 645 2426; x_wconf 67' lang='lat' dir='ltr'><strong>necessario</strong></span> <span class='ocrx_word' id='word_1_337' title='bbox 670 2398 751 2425; x_wconf 84' lang='lat' dir='ltr'><strong>etiam</strong></span> <span class='ocrx_word' id='word_1_338' title='bbox 776 2399 1013 2428; x_wconf 80' lang='lat' dir='ltr'><strong>consubstantialis</strong></span> 
     </span>
    </p>
   </div>
   <div class='ocr_carea' id='block_1_49' title="bbox 223 2443 1011 2479">
    <p class='ocr_par' dir='ltr' id='par_1_49' title="bbox 223 2443 1011 2479">
     <span class='ocr_line' id='line_1_49' title="bbox 223 2443 1011 2479; baseline 0 -7"><span class='ocrx_word' id='word_1_339' title='bbox 223 2447 276 2473; x_wconf 87' lang='lat' dir='ltr'><strong>crit</strong></span> <span class='ocrx_word' id='word_1_340' title='bbox 292 2456 299 2473; x_wconf 92' lang='lat'><strong>:</strong></span> <span class='ocrx_word' id='word_1_341' title='bbox 317 2445 471 2479; x_wconf 62' lang='lat' dir='ltr'><strong>aequalitate</strong></span> <span class='ocrx_word' id='word_1_342' title='bbox 483 2445 610 2470; x_wconf 88' lang='lat' dir='ltr'><strong>nitttirum</strong></span> <span class='ocrx_word' id='word_1_343' title='bbox 626 2443 680 2475; x_wconf 90' lang='lat' dir='ltr'><strong>illa,</strong></span> <span class='ocrx_word' id='word_1_344' title='bbox 695 2451 746 2469; x_wconf 89' lang='lat' dir='ltr'><strong>non</strong></span> <span class='ocrx_word' id='word_1_345' title='bbox 777 2443 881 2470; x_wconf 87' lang='lat' dir='ltr'><strong>ratione</strong></span> <span class='ocrx_word' id='word_1_346' title='bbox 904 2446 1011 2479; x_wconf 84' lang='lat' dir='ltr'><strong>quanti-</strong></span> 
     </span>
    </p>
   </div>
   <div class='ocr_carea' id='block_1_50' title="bbox 226 2490 1009 2525">
    <p class='ocr_par' dir='ltr' id='par_1_50' title="bbox 226 2490 1009 2525">
     <span class='ocr_line' id='line_1_50' title="bbox 226 2490 1009 2525; baseline 0 -6"><span class='ocrx_word' id='word_1_347' title='bbox 226 2494 289 2520; x_wconf 81' lang='lat' dir='ltr'><strong>tatis</strong></span> <span class='ocrx_word' id='word_1_348' title='bbox 301 2493 326 2519; x_wconf 88' lang='lat' dir='ltr'><strong>in</strong></span> <span class='ocrx_word' id='word_1_349' title='bbox 339 2497 434 2518; x_wconf 87' lang='lat' dir='ltr'><strong>natura</strong></span> <span class='ocrx_word' id='word_1_350' title='bbox 447 2490 754 2525; x_wconf 74' lang='lat' dir='ltr'><strong>incorporeatestitnata,</strong></span> <span class='ocrx_word' id='word_1_351' title='bbox 768 2491 814 2517; x_wconf 89' lang='lat' dir='ltr'><strong>sed</strong></span> <span class='ocrx_word' id='word_1_352' title='bbox 831 2492 918 2525; x_wconf 87' lang='lat' dir='ltr'><strong>potius</strong></span> <span class='ocrx_word' id='word_1_353' title='bbox 934 2494 1009 2519; x_wconf 80' lang='lat' dir='ltr'><strong>iden-</strong></span> 
     </span>
    </p>
   </div>
   <div class='ocr_carea' id='block_1_51' title="bbox 224 2538 450 2566">
    <p class='ocr_par' dir='ltr' id='par_1_51' title="bbox 224 2538 450 2566">
     <span class='ocr_line' id='line_1_51' title="bbox 224 2538 450 2566; baseline -0.018 -1"><span class='ocrx_word' id='word_1_354' title='bbox 224 2538 301 2566; x_wconf 86' lang='lat' dir='ltr'><strong>tilate</strong></span> <span class='ocrx_word' id='word_1_355' title='bbox 314 2538 450 2565; x_wconf 68' lang='lat' dir='ltr'><strong>essentiaa.</strong></span> 
     </span>
    </p>
   </div>
   <div class='ocr_carea' id='block_1_52' title="bbox 1032 2195 1053 2221">
    <p class='ocr_par' dir='ltr' id='par_1_52' title="bbox 1032 2195 1053 2221">
     <span class='ocr_line' id='line_1_52' title="bbox 1032 2195 1053 2221; baseline 0 0"><span class='ocrx_word' id='word_1_356' title='bbox 1032 2195 1053 2221; x_wconf 93' lang='lat' dir='ltr'><strong>D</strong></span> 
     </span>
    </p>
   </div>
   <div class='ocr_carea' id='block_1_53' title="bbox 558 2594 673 2623">
    <p class='ocr_par' dir='ltr' id='par_1_53' title="bbox 558 2594 673 2623">
     <span class='ocr_line' id='line_1_53' title="bbox 558 2594 673 2623; baseline 0 -2"><span class='ocrx_word' id='word_1_357' title='bbox 558 2594 673 2623; x_wconf 80' lang='lat' dir='ltr'><strong>ALIUD.</strong></span> 
     </span>
    </p>
   </div>
   <div class='ocr_carea' id='block_1_54' title="bbox 260 2653 1008 2688">
    <p class='ocr_par' dir='ltr' id='par_1_54' title="bbox 260 2653 1008 2688">
     <span class='ocr_line' id='line_1_54' title="bbox 260 2653 1008 2688; baseline 0.003 -8"><span class='ocrx_word' id='word_1_358' title='bbox 260 2653 288 2680; x_wconf 87' lang='lat' dir='ltr'><strong>Si</strong></span> <span class='ocrx_word' id='word_1_359' title='bbox 300 2659 359 2686; x_wconf 69' lang='lat' dir='ltr'><strong>qua:</strong></span> <span class='ocrx_word' id='word_1_360' title='bbox 378 2659 441 2679; x_wconf 86' lang='lat' dir='ltr'><strong>vere</strong></span> <span class='ocrx_word' id='word_1_361' title='bbox 462 2659 493 2680; x_wconf 84' lang='lat' dir='ltr'><strong>ac</strong></span> <span class='ocrx_word' id='word_1_362' title='bbox 506 2653 665 2681; x_wconf 85' lang='lat' dir='ltr'><strong>naturaliter</strong></span> <span class='ocrx_word' id='word_1_363' title='bbox 679 2654 769 2688; x_wconf 78' lang='lat' dir='ltr'><strong>genita</strong></span> <span class='ocrx_word' id='word_1_364' title='bbox 793 2660 866 2687; x_wconf 84' lang='lat' dir='ltr'><strong>sunt,</strong></span> <span class='ocrx_word' id='word_1_365' title='bbox 882 2663 934 2683; x_wconf 84' lang='lat' dir='ltr'><strong>non</strong></span> <span class='ocrx_word' id='word_1_366' title='bbox 959 2664 1008 2682; x_wconf 65' lang='lat' dir='ltr'><strong>au~</strong></span> 
     </span>
    </p>
   </div>
   <div class='ocr_carea' id='block_1_55' title="bbox 224 2696 1007 2733">
    <p class='ocr_par' dir='ltr' id='par_1_55' title="bbox 224 2696 1007 2733">
     <span class='ocr_line' id='line_1_55' title="bbox 224 2696 1007 2733; baseline 0.005 -10"><span class='ocrx_word' id='word_1_367' title='bbox 224 2702 275 2723; x_wconf 85' lang='lat' dir='ltr'><strong>tem</strong></span> <span class='ocrx_word' id='word_1_368' title='bbox 294 2696 447 2730; x_wconf 85' lang='lat' dir='ltr'><strong>adoptione,</strong></span> <span class='ocrx_word' id='word_1_369' title='bbox 464 2697 574 2724; x_wconf 87' lang='lat' dir='ltr'><strong>dubium</strong></span> <span class='ocrx_word' id='word_1_370' title='bbox 595 2705 647 2725; x_wconf 91' lang='lat' dir='ltr'><strong>non</strong></span> <span class='ocrx_word' id='word_1_371' title='bbox 669 2703 711 2725; x_wconf 86' lang='lat' dir='ltr'><strong>cst</strong></span> <span class='ocrx_word' id='word_1_372' title='bbox 730 2698 794 2733; x_wconf 88' lang='lat' dir='ltr'><strong>quin</strong></span> <span class='ocrx_word' id='word_1_373' title='bbox 813 2700 867 2726; x_wconf 88' lang='lat' dir='ltr'><strong>sint</strong></span> <span class='ocrx_word' id='word_1_374' title='bbox 891 2701 1007 2727; x_wconf 80' lang='lat' dir='ltr'><strong>consub-</strong></span> 
     </span>
    </p>
   </div>
   <div class='ocr_carea' id='block_1_56' title="bbox 222 2742 1008 2781">
    <p class='ocr_par' dir='ltr' id='par_1_56' title="bbox 222 2742 1008 2781">
     <span class='ocr_line' id='line_1_56' title="bbox 222 2742 1008 2781; baseline 0.006 -12"><span class='ocrx_word' id='word_1_375' title='bbox 222 2742 356 2771; x_wconf 79' lang='lat' dir='ltr'><strong>stantialia</strong></span> <span class='ocrx_word' id='word_1_376' title='bbox 368 2751 428 2771; x_wconf 87' lang='lat' dir='ltr'><strong>cum</strong></span> <span class='ocrx_word' id='word_1_377' title='bbox 441 2744 527 2780; x_wconf 75' lang='lat' dir='ltr'><strong>iisqui</strong></span> <span class='ocrx_word' id='word_1_378' title='bbox 547 2751 610 2772; x_wconf 85' lang='lat' dir='ltr'><strong>vere</strong></span> <span class='ocrx_word' id='word_1_379' title='bbox 621 2752 652 2771; x_wconf 88' lang='lat' dir='ltr'><strong>ac</strong></span> <span class='ocrx_word' id='word_1_380' title='bbox 665 2746 827 2774; x_wconf 87' lang='lat' dir='ltr'><strong>naturaliter</strong></span> <span class='ocrx_word' id='word_1_381' title='bbox 846 2753 1008 2781; x_wconf 81' lang='lat' dir='ltr'><strong>genuerunt,</strong></span> 
     </span>
    </p>
   </div>
   <div class='ocr_carea' id='block_1_57' title="bbox 259 2819 725 2861">
    <p class='ocr_par' dir='ltr' id='par_1_57' title="bbox 259 2819 725 2861">
     <span class='ocr_line' id='line_1_57' title="bbox 259 2819 725 2861; baseline 0.015 -16"><span class='ocrx_word' id='word_1_382' title='bbox 259 2821 279 2834; x_wconf 72' lang='lat'><strong>&quot;&#39;</strong></span> <span class='ocrx_word' id='word_1_383' title='bbox 296 2819 372 2847; x_wconf 79' lang='lat' dir='ltr'><strong>.Iuan.</strong></span> <span class='ocrx_word' id='word_1_384' title='bbox 390 2829 407 2851; x_wconf 81' lang='grc' dir='ltr'><strong>ι,</strong></span> <span class='ocrx_word' id='word_1_385' title='bbox 423 2822 450 2850; x_wconf 80' lang='grc'><strong>5.</strong></span> <span class='ocrx_word' id='word_1_386' title='bbox 490 2824 521 2839; x_wconf 83' lang='lat'>“&#39;</span> <span class='ocrx_word' id='word_1_387' title='bbox 538 2823 545 2850; x_wconf 99' lang='lat' dir='ltr'><strong>I</strong></span> <span class='ocrx_word' id='word_1_388' title='bbox 563 2823 624 2852; x_wconf 87' lang='lat' dir='ltr'><strong>Cor.</strong></span> <span class='ocrx_word' id='word_1_389' title='bbox 643 2831 662 2859; x_wconf 73' lang='grc' dir='ltr'><strong>ι,</strong></span> <span class='ocrx_word' id='word_1_390' title='bbox 678 2825 725 2861; x_wconf 50' lang='grc'>24,</span> 
     </span>
    </p>
   </div>
   <div class='ocr_carea' id='block_1_58' title="bbox 727 108 1342 142">
    <p class='ocr_par' dir='ltr' id='par_1_58' title="bbox 727 108 1342 142">
     <span class='ocr_line' id='line_1_58' title="bbox 727 108 1342 142; baseline -0.005 -1"><span class='ocrx_word' id='word_1_391' title='bbox 727 108 755 141; x_wconf 60' lang='grc' dir='ltr'>ἓξ</span> <span class='ocrx_word' id='word_1_392' title='bbox 776 113 911 142; x_wconf 73' lang='lat' dir='ltr'><strong>CYRILLI</strong></span> <span class='ocrx_word' id='word_1_393' title='bbox 931 111 1164 140; x_wconf 64' lang='lat' dir='ltr'><strong>ALEXANDIUNI</strong></span> <span class='ocrx_word' id='word_1_394' title='bbox 1185 111 1342 138; x_wconf 68' lang='lat' dir='ltr'><strong>ARCIIIEI’.</strong></span> 
     </span>
    </p>
   </div>
   <div class='ocr_carea' id='block_1_59' title="bbox 1031 1519 1059 1550">
    <p class='ocr_par' dir='ltr' id='par_1_59' title="bbox 1031 1519 1059 1550">
     <span class='ocr_line' id='line_1_59' title="bbox 1031 1519 1059 1550; baseline 0 -13"><span class='ocrx_word' id='word_1_395' title='bbox 1031 1519 1059 1550; x_wconf 40' lang='lat' dir='ltr'><strong>c,</strong></span> 
     </span>
    </p>
   </div>
   <div class='ocr_carea' id='block_1_60' title="bbox 1827 105 1884 132">
    <p class='ocr_par' dir='ltr' id='par_1_60' title="bbox 1827 105 1884 132">
     <span class='ocr_line' id='line_1_60' title="bbox 1827 105 1884 132; baseline 0 0"><span class='ocrx_word' id='word_1_396' title='bbox 1827 107 1838 132; x_wconf 79' lang='grc'>1</span> <span class='ocrx_word' id='word_1_397' title='bbox 1846 105 1884 132; x_wconf 69' lang='lat'><strong>36</strong></span> 
     </span>
    </p>
   </div>
   <div class='ocr_carea' id='block_1_61' title="bbox 1072 166 1882 207">
    <p class='ocr_par' dir='ltr' id='par_1_61' title="bbox 1072 166 1882 207">
     <span class='ocr_line' id='line_1_61' title="bbox 1072 166 1882 207; baseline -0.009 -9"><span class='ocrx_word' id='word_1_398' title='bbox 1072 172 1199 207; x_wconf 82' lang='grc' dir='ltr'>νώμενοι,</span> <span class='ocrx_word' id='word_1_399' title='bbox 1216 171 1266 197; x_wconf 75' lang='grc' dir='ltr'><strong>οὐχ</strong></span> <span class='ocrx_word' id='word_1_400' title='bbox 1282 172 1313 197; x_wconf 74' lang='grc' dir='ltr'>ἐκ</span> <span class='ocrx_word' id='word_1_401' title='bbox 1327 170 1375 206; x_wconf 84' lang='grc' dir='ltr'>τῆς</span> <span class='ocrx_word' id='word_1_402' title='bbox 1392 169 1485 200; x_wconf 72' lang='grc' dir='ltr'>οὐσίας</span> <span class='ocrx_word' id='word_1_403' title='bbox 1506 168 1551 195; x_wconf 79' lang='grc' dir='ltr'>τοῦ</span> <span class='ocrx_word' id='word_1_404' title='bbox 1573 168 1678 204; x_wconf 75' lang='grc' dir='ltr'>Πατρὺς</span> <span class='ocrx_word' id='word_1_405' title='bbox 1695 166 1848 203; x_wconf 73' lang='grc' dir='ltr'>προῆλθεν</span> <span class='ocrx_word' id='word_1_406' title='bbox 1867 166 1882 191; x_wconf 81' lang='grc' dir='ltr'><em>ὁ</em></span> 
     </span>
    </p>
   </div>
   <div class='ocr_carea' id='block_1_62' title="bbox 1074 211 1881 251">
    <p class='ocr_par' dir='ltr' id='par_1_62' title="bbox 1074 211 1881 251">
     <span class='ocr_line' id='line_1_62' title="bbox 1074 211 1881 251; baseline -0.007 -7"><span class='ocrx_word' id='word_1_407' title='bbox 1074 219 1136 249; x_wconf 77' lang='grc' dir='ltr'><strong>Υἱὸς</strong></span> <span class='ocrx_word' id='word_1_408' title='bbox 1148 238 1155 248; x_wconf 83' lang='grc'><strong>,</strong></span> <span class='ocrx_word' id='word_1_409' title='bbox 1181 217 1287 251; x_wconf 79' lang='grc' dir='ltr'><strong>ὑπέστη</strong></span> <span class='ocrx_word' id='word_1_410' title='bbox 1303 216 1332 242; x_wconf 82' lang='grc' dir='ltr'><strong>δὲ</strong></span> <span class='ocrx_word' id='word_1_411' title='bbox 1348 214 1575 247; x_wconf 72' lang='grc' dir='ltr'>ὲξουσιαστικῶς,</span> <span class='ocrx_word' id='word_1_412' title='bbox 1595 214 1642 241; x_wconf 79' lang='grc' dir='ltr'>καὶ</span> <span class='ocrx_word' id='word_1_413' title='bbox 1659 214 1733 241; x_wconf 73' lang='grc' dir='ltr'>ἔστιν</span> <span class='ocrx_word' id='word_1_414' title='bbox 1748 211 1844 242; x_wconf 77' lang='grc' dir='ltr'>αὐτὸς</span> <span class='ocrx_word' id='word_1_415' title='bbox 1864 212 1881 245; x_wconf 91' lang='grc' dir='ltr'><strong>ἠ</strong></span> 
     </span>
    </p>
   </div>
   <div class='ocr_carea' id='block_1_63' title="bbox 1074 256 1882 299">
    <p class='ocr_par' dir='ltr' id='par_1_63' title="bbox 1074 256 1882 299">
     <span class='ocr_line' id='line_1_63' title="bbox 1074 256 1882 299; baseline -0.01 -8"><span class='ocrx_word' id='word_1_416' title='bbox 1074 264 1154 299; x_wconf 82' lang='grc' dir='ltr'><strong>σοφία</strong></span> <span class='ocrx_word' id='word_1_417' title='bbox 1169 263 1217 290; x_wconf 82' lang='grc' dir='ltr'>καὶ</span> <span class='ocrx_word' id='word_1_418' title='bbox 1230 263 1346 297; x_wconf 83' lang='grc' dir='ltr'>δύναμις</span> <span class='ocrx_word' id='word_1_419' title='bbox 1356 261 1403 288; x_wconf 78' lang='grc' dir='ltr'>τοῦ</span> <span class='ocrx_word' id='word_1_420' title='bbox 1420 260 1536 295; x_wconf 81' lang='grc' dir='ltr'>Πατρὸς,</span> <span class='ocrx_word' id='word_1_421' title='bbox 1548 259 1610 286; x_wconf 73' lang='grc' dir='ltr'>οὔτε</span> <span class='ocrx_word' id='word_1_422' title='bbox 1625 259 1707 293; x_wconf 75' lang='grc' dir='ltr'>σοιρδς</span> <span class='ocrx_word' id='word_1_423' title='bbox 1727 258 1810 284; x_wconf 81' lang='grc' dir='ltr'>κατὰ</span> <span class='ocrx_word' id='word_1_424' title='bbox 1827 256 1882 285; x_wconf 56' lang='grc' dir='ltr'><strong>θύη</strong></span> 
     </span>
    </p>
   </div>
   <div class='ocr_carea' id='block_1_64' title="bbox 1073 303 1881 343">
    <p class='ocr_par' dir='ltr' id='par_1_64' title="bbox 1073 303 1881 343">
     <span class='ocr_line' id='line_1_64' title="bbox 1073 303 1881 343; baseline -0.009 -7"><span class='ocrx_word' id='word_1_425' title='bbox 1073 319 1115 337; x_wconf 75' lang='grc' dir='ltr'><strong>σιν</strong></span> <span class='ocrx_word' id='word_1_426' title='bbox 1133 309 1206 336; x_wconf 76' lang='grc' dir='ltr'>ἐστὶν</span> <span class='ocrx_word' id='word_1_427' title='bbox 1220 310 1233 335; x_wconf 80' lang='grc' dir='ltr'><strong>ὁ</strong></span> <span class='ocrx_word' id='word_1_428' title='bbox 1250 308 1356 343; x_wconf 82' lang='grc' dir='ltr'>Πατὴρ,</span> <span class='ocrx_word' id='word_1_429' title='bbox 1379 306 1441 334; x_wconf 68' lang='grc' dir='ltr'>οὗτε</span> <span class='ocrx_word' id='word_1_430' title='bbox 1464 307 1516 342; x_wconf 84' lang='grc' dir='ltr'>μὴν</span> <span class='ocrx_word' id='word_1_431' title='bbox 1534 305 1656 337; x_wconf 83' lang='grc' dir='ltr'>δυνατός.</span> <span class='ocrx_word' id='word_1_432' title='bbox 1681 306 1712 332; x_wconf 82' lang='grc' dir='ltr'>Εἰ</span> <span class='ocrx_word' id='word_1_433' title='bbox 1726 305 1775 336; x_wconf 77' lang='grc' dir='ltr'><strong>δὲ,</strong></span> <span class='ocrx_word' id='word_1_434' title='bbox 1801 303 1881 334; x_wconf 73' lang='grc' dir='ltr'>κατὰ</span> 
     </span>
    </p>
   </div>
   <div class='ocr_carea' id='block_1_65' title="bbox 1071 350 1879 391">
    <p class='ocr_par' dir='ltr' id='par_1_65' title="bbox 1071 350 1879 391">
     <span class='ocr_line' id='line_1_65' title="bbox 1071 350 1879 391; baseline -0.01 -9"><span class='ocrx_word' id='word_1_435' title='bbox 1071 355 1122 391; x_wconf 82' lang='grc' dir='ltr'>τὴν</span> <span class='ocrx_word' id='word_1_436' title='bbox 1137 354 1330 390; x_wconf 77' lang='grc' dir='ltr'><strong>ἀμαθεστάτην</strong></span> <span class='ocrx_word' id='word_1_437' title='bbox 1345 353 1422 388; x_wconf 76' lang='grc' dir='ltr'>ὑμῶν</span> <span class='ocrx_word' id='word_1_438' title='bbox 1446 352 1588 388; x_wconf 81' lang='grc' dir='ltr'><strong>πρότασιν,</strong></span> <span class='ocrx_word' id='word_1_439' title='bbox 1605 351 1705 384; x_wconf 72' lang='grc' dir='ltr'>ἔξωθεν</span> <span class='ocrx_word' id='word_1_440' title='bbox 1722 350 1879 383; x_wconf 74' lang='grc' dir='ltr'><strong>ὑπέστησε</strong></span> 
     </span>
    </p>
   </div>
   <div class='ocr_carea' id='block_1_66' title="bbox 1072 393 1878 434">
    <p class='ocr_par' dir='ltr' id='par_1_66' title="bbox 1072 393 1878 434">
     <span class='ocr_line' id='line_1_66' title="bbox 1072 393 1878 434; baseline -0.012 -5"><span class='ocrx_word' id='word_1_441' title='bbox 1072 402 1118 429; x_wconf 83' lang='grc' dir='ltr'>τὸν</span> <span class='ocrx_word' id='word_1_442' title='bbox 1140 401 1216 434; x_wconf 76' lang='grc' dir='ltr'>Υἰδν,</span> <span class='ocrx_word' id='word_1_443' title='bbox 1232 401 1260 432; x_wconf 75' lang='grc' dir='ltr'>ὃς</span> <span class='ocrx_word' id='word_1_444' title='bbox 1283 401 1356 427; x_wconf 70' lang='grc' dir='ltr'>ἐστιν</span> <span class='ocrx_word' id='word_1_445' title='bbox 1371 398 1452 426; x_wconf 79' lang='grc' dir='ltr'>αὑτοῦ</span> <span class='ocrx_word' id='word_1_446' title='bbox 1477 398 1557 433; x_wconf 81' lang='grc' dir='ltr'>σοφία</span> <span class='ocrx_word' id='word_1_447' title='bbox 1583 397 1630 424; x_wconf 71' lang='grc' dir='ltr'>καὶ</span> <span class='ocrx_word' id='word_1_448' title='bbox 1653 396 1785 431; x_wconf 81' lang='grc' dir='ltr'>δύναμις,</span> <span class='ocrx_word' id='word_1_449' title='bbox 1817 393 1878 420; x_wconf 71' lang='grc' dir='ltr'>ἀλλ’</span> 
     </span>
    </p>
   </div>
   <div class='ocr_carea' id='block_1_67' title="bbox 1072 441 1877 482">
    <p class='ocr_par' dir='ltr' id='par_1_67' title="bbox 1072 441 1877 482">
     <span class='ocr_line' id='line_1_67' title="bbox 1072 441 1877 482; baseline -0.012 -6"><span class='ocrx_word' id='word_1_450' title='bbox 1072 449 1131 476; x_wconf 77' lang='grc' dir='ltr'>ἔστι</span> <span class='ocrx_word' id='word_1_451' title='bbox 1144 447 1216 475; x_wconf 87' lang='grc' dir='ltr'>κατὰ</span> <span class='ocrx_word' id='word_1_452' title='bbox 1227 446 1308 482; x_wconf 79' lang='grc' dir='ltr'>φύσιν</span> <span class='ocrx_word' id='word_1_453' title='bbox 1322 446 1402 480; x_wconf 77' lang='grc' dir='ltr'>σοφός</span> <span class='ocrx_word' id='word_1_454' title='bbox 1418 454 1447 471; x_wconf 85' lang='grc' dir='ltr'><strong>τε</strong></span> <span class='ocrx_word' id='word_1_455' title='bbox 1464 445 1511 472; x_wconf 81' lang='grc' dir='ltr'>καὶ</span> <span class='ocrx_word' id='word_1_456' title='bbox 1525 444 1646 476; x_wconf 82' lang='grc' dir='ltr'>δυνατὸς,</span> <span class='ocrx_word' id='word_1_457' title='bbox 1661 443 1774 476; x_wconf 79' lang='grc' dir='ltr'><strong>ἀνάγκη</strong></span> <span class='ocrx_word' id='word_1_458' title='bbox 1794 441 1877 467; x_wconf 68' lang='grc' dir='ltr'>πᾶσα</span> 
     </span>
    </p>
   </div>
   <div class='ocr_carea' id='block_1_68' title="bbox 1072 486 1876 527">
    <p class='ocr_par' dir='ltr' id='par_1_68' title="bbox 1072 486 1876 527">
     <span class='ocr_line' id='line_1_68' title="bbox 1072 486 1876 527; baseline -0.012 -5"><span class='ocrx_word' id='word_1_459' title='bbox 1072 495 1119 523; x_wconf 77' lang='grc' dir='ltr'>καὶ</span> <span class='ocrx_word' id='word_1_460' title='bbox 1132 495 1177 521; x_wconf 76' lang='grc' dir='ltr'><strong>τὸν</strong></span> <span class='ocrx_word' id='word_1_461' title='bbox 1189 493 1253 520; x_wconf 83' lang='grc' dir='ltr'>Υἱὸν</span> <span class='ocrx_word' id='word_1_462' title='bbox 1269 493 1300 519; x_wconf 77' lang='grc' dir='ltr'>ὲκ</span> <span class='ocrx_word' id='word_1_463' title='bbox 1312 492 1363 527; x_wconf 81' lang='grc' dir='ltr'>τῆς</span> <span class='ocrx_word' id='word_1_464' title='bbox 1379 490 1426 518; x_wconf 82' lang='grc' dir='ltr'>τοῦ</span> <span class='ocrx_word' id='word_1_465' title='bbox 1444 490 1550 526; x_wconf 80' lang='grc' dir='ltr'>Πατρὺς</span> <span class='ocrx_word' id='word_1_466' title='bbox 1567 489 1661 521; x_wconf 74' lang='grc' dir='ltr'>οὐσίας</span> <span class='ocrx_word' id='word_1_467' title='bbox 1673 487 1744 516; x_wconf 80' lang='grc' dir='ltr'>εἶναι</span> <span class='ocrx_word' id='word_1_468' title='bbox 1763 486 1876 521; x_wconf 79' lang='grc' dir='ltr'>λέγειν,</span> 
     </span>
    </p>
   </div>
   <div class='ocr_carea' id='block_1_69' title="bbox 1071 539 1465 577">
    <p class='ocr_par' dir='ltr' id='par_1_69' title="bbox 1071 539 1465 577">
     <span class='ocr_line' id='line_1_69' title="bbox 1071 539 1465 577; baseline -0.015 -6"><span class='ocrx_word' id='word_1_469' title='bbox 1071 544 1096 577; x_wconf 76' lang='grc' dir='ltr'><strong>εί</strong></span> <span class='ocrx_word' id='word_1_470' title='bbox 1110 543 1139 570; x_wconf 80' lang='grc' dir='ltr'><strong>δὲ</strong></span> <span class='ocrx_word' id='word_1_471' title='bbox 1155 541 1243 575; x_wconf 82' lang='grc' dir='ltr'>τοῦτο,</span> <span class='ocrx_word' id='word_1_472' title='bbox 1256 540 1302 568; x_wconf 71' lang='grc' dir='ltr'>καὶ</span> <span class='ocrx_word' id='word_1_473' title='bbox 1314 539 1465 575; x_wconf 72' lang='grc' dir='ltr'>ὁμοούσιος.</span> 
     </span>
    </p>
   </div>
   <div class='ocr_carea' id='block_1_70' title="bbox 1412 607 1513 634">
    <p class='ocr_par' dir='ltr' id='par_1_70' title="bbox 1412 607 1513 634">
     <span class='ocr_line' id='line_1_70' title="bbox 1412 607 1513 634; baseline 0 0"><span class='ocrx_word' id='word_1_474' title='bbox 1412 607 1513 634; x_wconf 83' lang='grc' dir='ltr'><strong>ΑΛΛΟ.</strong></span> 
     </span>
    </p>
   </div>
   <div class='ocr_carea' id='block_1_71' title="bbox 1114 657 1876 701">
    <p class='ocr_par' dir='ltr' id='par_1_71' title="bbox 1114 657 1876 701">
     <span class='ocr_line' id='line_1_71' title="bbox 1114 657 1876 701; baseline -0.014 -7"><span class='ocrx_word' id='word_1_475' title='bbox 1114 667 1277 701; x_wconf 81' lang='grc' dir='ltr'><strong>Ἀναγκαῖον</strong></span> <span class='ocrx_word' id='word_1_476' title='bbox 1293 663 1403 701; x_wconf 78' lang='grc' dir='ltr'>ἐρέσθαι</span> <span class='ocrx_word' id='word_1_477' title='bbox 1427 663 1490 694; x_wconf 80' lang='grc' dir='ltr'>τοὺς</span> <span class='ocrx_word' id='word_1_478' title='bbox 1508 662 1567 689; x_wconf 79' lang='grc' dir='ltr'>ὅσοι</span> <span class='ocrx_word' id='word_1_479' title='bbox 1589 663 1634 687; x_wconf 78' lang='grc' dir='ltr'>τὸν</span> <span class='ocrx_word' id='word_1_480' title='bbox 1652 660 1716 687; x_wconf 74' lang='grc' dir='ltr'>Υἱδν</span> <span class='ocrx_word' id='word_1_481' title='bbox 1739 657 1810 685; x_wconf 81' lang='grc' dir='ltr'>κατ’</span> <span class='ocrx_word' id='word_1_482' title='bbox 1829 657 1876 688; x_wconf 76' lang='grc' dir='ltr'><strong>ἐξ-</strong></span> 
     </span>
    </p>
   </div>
   <div class='ocr_carea' id='block_1_72' title="bbox 1072 705 1875 747">
    <p class='ocr_par' dir='ltr' id='par_1_72' title="bbox 1072 705 1875 747">
     <span class='ocr_line' id='line_1_72' title="bbox 1072 705 1875 747; baseline -0.015 -5"><span class='ocrx_word' id='word_1_483' title='bbox 1072 715 1164 742; x_wconf 83' lang='grc' dir='ltr'>ουσίαν</span> <span class='ocrx_word' id='word_1_484' title='bbox 1180 712 1331 747; x_wconf 80' lang='grc' dir='ltr'>ὑποστῆναι</span> <span class='ocrx_word' id='word_1_485' title='bbox 1345 710 1395 746; x_wconf 81' lang='grc' dir='ltr'>τὴν</span> <span class='ocrx_word' id='word_1_486' title='bbox 1411 709 1458 736; x_wconf 75' lang='grc' dir='ltr'><strong>τοῦ</strong></span> <span class='ocrx_word' id='word_1_487' title='bbox 1473 708 1594 744; x_wconf 83' lang='grc' dir='ltr'>Πατρὸς,</span> <span class='ocrx_word' id='word_1_488' title='bbox 1608 707 1654 734; x_wconf 73' lang='grc' dir='ltr'>καὶ</span> <span class='ocrx_word' id='word_1_489' title='bbox 1666 707 1715 733; x_wconf 77' lang='grc' dir='ltr'>οὐκ</span> <span class='ocrx_word' id='word_1_490' title='bbox 1734 705 1769 738; x_wconf 72' lang='grc' dir='ltr'><strong>ἐξ</strong></span> <span class='ocrx_word' id='word_1_491' title='bbox 1783 705 1875 731; x_wconf 71' lang='grc' dir='ltr'>αὑτοῦ</span> 
     </span>
    </p>
   </div>
   <div class='ocr_carea' id='block_1_73' title="bbox 1072 750 1875 796">
    <p class='ocr_par' dir='ltr' id='par_1_73' title="bbox 1072 750 1875 796">
     <span class='ocr_line' id='line_1_73' title="bbox 1072 750 1875 796; baseline -0.017 -7"><span class='ocrx_word' id='word_1_492' title='bbox 1072 760 1253 796; x_wconf 75' lang='grc' dir='ltr'>γεγεννῆσθαι</span> <span class='ocrx_word' id='word_1_493' title='bbox 1278 766 1355 793; x_wconf 81' lang='grc' dir='ltr'>φασι,</span> <span class='ocrx_word' id='word_1_494' title='bbox 1379 757 1404 784; x_wconf 86' lang='grc' dir='ltr'><strong>τί</strong></span> <span class='ocrx_word' id='word_1_495' title='bbox 1427 756 1459 783; x_wconf 70' lang='grc' dir='ltr'><strong>τὸ</strong></span> <span class='ocrx_word' id='word_1_496' title='bbox 1481 754 1613 785; x_wconf 82' lang='grc' dir='ltr'>πεπεικδς</span> <span class='ocrx_word' id='word_1_497' title='bbox 1629 753 1674 780; x_wconf 77' lang='grc' dir='ltr'>τὸν</span> <span class='ocrx_word' id='word_1_498' title='bbox 1690 751 1811 785; x_wconf 83' lang='grc' dir='ltr'>Πατέρα</span> <span class='ocrx_word' id='word_1_499' title='bbox 1827 750 1875 775; x_wconf 67' lang='grc' dir='ltr'><strong>τὸν</strong></span> 
     </span>
    </p>
   </div>
   <div class='ocr_carea' id='block_1_74' title="bbox 1072 798 1875 842">
    <p class='ocr_par' dir='ltr' id='par_1_74' title="bbox 1072 798 1875 842">
     <span class='ocr_line' id='line_1_74' title="bbox 1072 798 1875 842; baseline -0.016 -7"><span class='ocrx_word' id='word_1_500' title='bbox 1072 809 1136 835; x_wconf 80' lang='grc' dir='ltr'>Υἱὺν</span> <span class='ocrx_word' id='word_1_501' title='bbox 1151 807 1303 842; x_wconf 73' lang='grc' dir='ltr'><strong>ὑποστῆσαι</strong></span> <span class='ocrx_word' id='word_1_502' title='bbox 1317 804 1388 831; x_wconf 83' lang='grc' dir='ltr'>κατὰ</span> <span class='ocrx_word' id='word_1_503' title='bbox 1405 803 1450 830; x_wconf 71' lang='grc' dir='ltr'><strong>τὸν</strong></span> <span class='ocrx_word' id='word_1_504' title='bbox 1470 802 1546 836; x_wconf 75' lang='grc' dir='ltr'>ὑμῶν</span> <span class='ocrx_word' id='word_1_505' title='bbox 1559 800 1652 836; x_wconf 78' lang='grc' dir='ltr'>ἀμαθῆ</span> <span class='ocrx_word' id='word_1_506' title='bbox 1665 799 1756 833; x_wconf 82' lang='grc' dir='ltr'>λόγον.</span> <span class='ocrx_word' id='word_1_507' title='bbox 1769 798 1875 828; x_wconf 78' lang='grc' dir='ltr'>Ἀναγ-</span> 
     </span>
    </p>
   </div>
   <div class='ocr_carea' id='block_1_75' title="bbox 1072 843 1874 888">
    <p class='ocr_par' dir='ltr' id='par_1_75' title="bbox 1072 843 1874 888">
     <span class='ocr_line' id='line_1_75' title="bbox 1072 843 1874 888; baseline -0.016 -7"><span class='ocrx_word' id='word_1_508' title='bbox 1072 854 1156 885; x_wconf 80' lang='grc' dir='ltr'>καῐως</span> <span class='ocrx_word' id='word_1_509' title='bbox 1172 853 1225 888; x_wconf 78' lang='grc' dir='ltr'><strong>ἄρα</strong></span> <span class='ocrx_word' id='word_1_510' title='bbox 1240 851 1319 878; x_wconf 86' lang='grc' dir='ltr'>τοῦτο</span> <span class='ocrx_word' id='word_1_511' title='bbox 1340 849 1490 884; x_wconf 79' lang='grc' dir='ltr'>πεποίηκεν</span> <span class='ocrx_word' id='word_1_512' title='bbox 1501 867 1508 880; x_wconf 88' lang='grc'><strong>,</strong></span> <span class='ocrx_word' id='word_1_513' title='bbox 1526 847 1542 882; x_wconf 84' lang='grc' dir='ltr'>ἢ</span> <span class='ocrx_word' id='word_1_514' title='bbox 1558 846 1722 882; x_wconf 78' lang='grc' dir='ltr'>χαρίσασθαι</span> <span class='ocrx_word' id='word_1_515' title='bbox 1740 844 1785 878; x_wconf 85' lang='grc' dir='ltr'>τῷ</span> <span class='ocrx_word' id='word_1_516' title='bbox 1812 843 1874 876; x_wconf 81' lang='grc' dir='ltr'>ΥΞῴ</span> 
     </span>
    </p>
   </div>
   <div class='ocr_carea' id='block_1_76' title="bbox 1072 890 1874 936">
    <p class='ocr_par' dir='ltr' id='par_1_76' title="bbox 1072 890 1874 936">
     <span class='ocr_line' id='line_1_76' title="bbox 1072 890 1874 936; baseline -0.016 -8"><span class='ocrx_word' id='word_1_517' title='bbox 1072 900 1222 936; x_wconf 78' lang='grc' dir='ltr'>βουληθεὶς,</span> <span class='ocrx_word' id='word_1_518' title='bbox 1235 899 1276 926; x_wconf 81' lang='grc' dir='ltr'>ὅτι</span> <span class='ocrx_word' id='word_1_519' title='bbox 1290 897 1322 933; x_wconf 85' lang='grc' dir='ltr'><strong>δὴ</strong></span> <span class='ocrx_word' id='word_1_520' title='bbox 1335 897 1380 924; x_wconf 75' lang='grc' dir='ltr'><strong>καὶ</strong></span> <span class='ocrx_word' id='word_1_521' title='bbox 1389 896 1471 923; x_wconf 78' lang='grc' dir='ltr'>αὑτὸν</span> <span class='ocrx_word' id='word_1_522' title='bbox 1482 895 1520 926; x_wconf 84' lang='grc' dir='ltr'><strong>είς</strong></span> <span class='ocrx_word' id='word_1_523' title='bbox 1539 894 1686 920; x_wconf 80' lang='grc' dir='ltr'>ὑπόστασιν</span> <span class='ocrx_word' id='word_1_524' title='bbox 1701 892 1766 925; x_wconf 79' lang='grc' dir='ltr'>ἄγοι</span> <span class='ocrx_word' id='word_1_525' title='bbox 1785 890 1874 916; x_wconf 72' lang='grc' dir='ltr'>καΟά-</span> 
     </span>
    </p>
   </div>
   <div class='ocr_carea' id='block_1_77' title="bbox 1072 936 1873 981">
    <p class='ocr_par' dir='ltr' id='par_1_77' title="bbox 1072 936 1873 981">
     <span class='ocr_line' id='line_1_77' title="bbox 1072 936 1873 981; baseline -0.014 -8"><span class='ocrx_word' id='word_1_526' title='bbox 1072 955 1124 981; x_wconf 78' lang='grc' dir='ltr'>περ</span> <span class='ocrx_word' id='word_1_527' title='bbox 1143 946 1190 972; x_wconf 74' lang='grc' dir='ltr'>καὶ</span> <span class='ocrx_word' id='word_1_528' title='bbox 1212 945 1296 980; x_wconf 76' lang='grc' dir='ltr'>ἡμᾶς.</span> <span class='ocrx_word' id='word_1_529' title='bbox 1316 944 1348 970; x_wconf 84' lang='grc' dir='ltr'><strong>Εἰ</strong></span> <span class='ocrx_word' id='word_1_530' title='bbox 1371 943 1424 978; x_wconf 73' lang='grc' dir='ltr'>μὲν·</span> <span class='ocrx_word' id='word_1_531' title='bbox 1442 940 1488 968; x_wconf 79' lang='grc' dir='ltr'>οὖν</span> <span class='ocrx_word' id='word_1_532' title='bbox 1509 939 1663 974; x_wconf 77' lang='grc' dir='ltr'><strong>ἀναγκαίως</strong></span> <span class='ocrx_word' id='word_1_533' title='bbox 1686 938 1802 972; x_wconf 77' lang='grc' dir='ltr'>ἀνάγκῃ</span> <span class='ocrx_word' id='word_1_534' title='bbox 1819 936 1873 963; x_wconf 84' lang='grc' dir='ltr'><strong>δώ-</strong></span> 
     </span>
    </p>
   </div>
   <div class='ocr_carea' id='block_1_78' title="bbox 1071 984 1874 1025">
    <p class='ocr_par' dir='ltr' id='par_1_78' title="bbox 1071 984 1874 1025">
     <span class='ocr_line' id='line_1_78' title="bbox 1071 984 1874 1025; baseline -0.015 -5"><span class='ocrx_word' id='word_1_535' title='bbox 1071 1002 1132 1020; x_wconf 87' lang='grc' dir='ltr'>σετε</span> <span class='ocrx_word' id='word_1_536' title='bbox 1156 992 1202 1018; x_wconf 62' lang='grc' dir='ltr'>τὴν</span> <span class='ocrx_word' id='word_1_537' title='bbox 1226 991 1292 1017; x_wconf 64' lang='grc' dir='ltr'>Θεὸν</span> <span class='ocrx_word' id='word_1_538' title='bbox 1312 988 1484 1020; x_wconf 80' lang='grc' dir='ltr'><strong>ὑποκεῖσθαι,</strong></span> <span class='ocrx_word' id='word_1_539' title='bbox 1500 988 1524 1025; x_wconf 75' lang='grc' dir='ltr'>εἰ</span> <span class='ocrx_word' id='word_1_540' title='bbox 1544 987 1572 1014; x_wconf 76' lang='grc' dir='ltr'><strong>δὲ</strong></span> <span class='ocrx_word' id='word_1_541' title='bbox 1589 986 1627 1021; x_wconf 81' lang='grc' dir='ltr'>μὴ</span> <span class='ocrx_word' id='word_1_542' title='bbox 1641 985 1730 1017; x_wconf 84' lang='grc' dir='ltr'>τοῦτο,</span> <span class='ocrx_word' id='word_1_543' title='bbox 1746 984 1874 1019; x_wconf 58' lang='grc' dir='ltr'>χαρίσαι</span> 
     </span>
    </p>
   </div>
   <div class='ocr_carea' id='block_1_79' title="bbox 1071 1032 1872 1072">
    <p class='ocr_par' dir='ltr' id='par_1_79' title="bbox 1071 1032 1872 1072">
     <span class='ocr_line' id='line_1_79' title="bbox 1071 1032 1872 1072; baseline -0.014 -6"><span class='ocrx_word' id='word_1_544' title='bbox 1071 1039 1133 1066; x_wconf 84' lang='grc' dir='ltr'>σθαι</span> <span class='ocrx_word' id='word_1_545' title='bbox 1156 1037 1184 1065; x_wconf 78' lang='grc' dir='ltr'>δὲ</span> <span class='ocrx_word' id='word_1_546' title='bbox 1212 1036 1378 1072; x_wconf 80' lang='grc' dir='ltr'><strong>βουληθέντα</strong></span> <span class='ocrx_word' id='word_1_547' title='bbox 1399 1035 1438 1070; x_wconf 84' lang='grc' dir='ltr'>τῷ</span> <span class='ocrx_word' id='word_1_548' title='bbox 1462 1034 1535 1069; x_wconf 82' lang='grc' dir='ltr'>Υἱῴ,</span> <span class='ocrx_word' id='word_1_549' title='bbox 1560 1032 1648 1067; x_wconf 74' lang='grc' dir='ltr'>ἑαυτῷ</span> <span class='ocrx_word' id='word_1_550' title='bbox 1676 1032 1872 1067; x_wconf 75' lang='grc' dir='ltr'>χαρισάμενος</span> 
     </span>
    </p>
   </div>
   <div class='ocr_carea' id='block_1_80' title="bbox 1071 1077 1869 1122">
    <p class='ocr_par' dir='ltr' id='par_1_80' title="bbox 1071 1077 1869 1122">
     <span class='ocr_line' id='line_1_80' title="bbox 1071 1077 1869 1122; baseline -0.014 -8"><span class='ocrx_word' id='word_1_551' title='bbox 1071 1087 1195 1122; x_wconf 69' lang='grc' dir='ltr'>φανεῖται</span> <span class='ocrx_word' id='word_1_552' title='bbox 1210 1085 1242 1113; x_wconf 76' lang='grc' dir='ltr'>τὸ</span> <span class='ocrx_word' id='word_1_553' title='bbox 1257 1082 1326 1110; x_wconf 84' lang='grc' dir='ltr'>εἶναι</span> <span class='ocrx_word' id='word_1_554' title='bbox 1337 1081 1503 1118; x_wconf 73' lang='grc' dir='ltr'>δημιουργὸς</span> <span class='ocrx_word' id='word_1_555' title='bbox 1515 1081 1562 1108; x_wconf 71' lang='grc' dir='ltr'>καὶ</span> <span class='ocrx_word' id='word_1_556' title='bbox 1574 1080 1686 1110; x_wconf 76' lang='grc' dir='ltr'>δυνατὶς</span> <span class='ocrx_word' id='word_1_557' title='bbox 1702 1079 1750 1105; x_wconf 70' lang='grc' dir='ltr'>καὶ</span> <span class='ocrx_word' id='word_1_558' title='bbox 1771 1077 1869 1111; x_wconf 58' lang='grc' dir='ltr'>σοᾷὶς,</span> 
     </span>
    </p>
   </div>
   <div class='ocr_carea' id='block_1_81' title="bbox 1071 1123 1870 1168">
    <p class='ocr_par' dir='ltr' id='par_1_81' title="bbox 1071 1123 1870 1168">
     <span class='ocr_line' id='line_1_81' title="bbox 1071 1123 1870 1168; baseline -0.011 -8"><span class='ocrx_word' id='word_1_559' title='bbox 1071 1134 1096 1160; x_wconf 84' lang='grc' dir='ltr'><strong>εἰ</strong></span> <span class='ocrx_word' id='word_1_560' title='bbox 1117 1141 1149 1168; x_wconf 82' lang='grc' dir='ltr'><strong>γε</strong></span> <span class='ocrx_word' id='word_1_561' title='bbox 1173 1133 1202 1158; x_wconf 72' lang='grc' dir='ltr'>ὲν</span> <span class='ocrx_word' id='word_1_562' title='bbox 1227 1130 1284 1166; x_wconf 82' lang='grc' dir='ltr'><strong>Υίῷ</strong></span> <span class='ocrx_word' id='word_1_563' title='bbox 1304 1129 1391 1156; x_wconf 74' lang='grc' dir='ltr'>ταῦτά</span> <span class='ocrx_word' id='word_1_564' title='bbox 1411 1129 1480 1154; x_wconf 79' lang='grc' dir='ltr'>ἐστι.</span> <span class='ocrx_word' id='word_1_565' title='bbox 1506 1137 1515 1152; x_wconf 75' lang='grc' dir='ltr'><strong>ι</strong></span> <span class='ocrx_word' id='word_1_566' title='bbox 1532 1126 1625 1155; x_wconf 76' lang='grc' dir='ltr'>Πάντα</span> <span class='ocrx_word' id='word_1_567' title='bbox 1649 1125 1702 1160; x_wconf 72' lang='grc' dir='ltr'>γὰρ</span> <span class='ocrx_word' id='word_1_568' title='bbox 1725 1125 1762 1150; x_wconf 78' lang='grc' dir='ltr'>δι’</span> <span class='ocrx_word' id='word_1_569' title='bbox 1780 1123 1870 1153; x_wconf 65' lang='grc' dir='ltr'>αὑτοῦ</span> 
     </span>
    </p>
   </div>
   <div class='ocr_carea' id='block_1_82' title="bbox 1072 1170 1871 1213">
    <p class='ocr_par' dir='ltr' id='par_1_82' title="bbox 1072 1170 1871 1213">
     <span class='ocr_line' id='line_1_82' title="bbox 1072 1170 1871 1213; baseline -0.013 -7"><span class='ocrx_word' id='word_1_570' title='bbox 1072 1179 1190 1213; x_wconf 75' lang='grc' dir='ltr'>ἐγένετο,</span> <span class='ocrx_word' id='word_1_571' title='bbox 1205 1178 1286 1212; x_wconf 81' lang='grc' dir='ltr'>φησὶν</span> <span class='ocrx_word' id='word_1_572' title='bbox 1312 1177 1328 1211; x_wconf 87' lang='grc' dir='ltr'>ὴ</span> <span class='ocrx_word' id='word_1_573' title='bbox 1350 1175 1455 1211; x_wconf 81' lang='grc' dir='ltr'>Γραφὴ,</span> <span class='ocrx_word' id='word_1_574' title='bbox 1477 1174 1523 1200; x_wconf 77' lang='grc' dir='ltr'>καὶ</span> <span class='ocrx_word' id='word_1_575' title='bbox 1545 1173 1628 1208; x_wconf 77' lang='grc' dir='ltr'>χωρὶς</span> <span class='ocrx_word' id='word_1_576' title='bbox 1651 1170 1734 1199; x_wconf 79' lang='grc' dir='ltr'>αὑτοῦ</span> <span class='ocrx_word' id='word_1_577' title='bbox 1754 1171 1871 1205; x_wconf 74' lang='grc' dir='ltr'>ἐγένετο</span> 
     </span>
    </p>
   </div>
   <div class='ocr_carea' id='block_1_83' title="bbox 1069 1218 1870 1255">
    <p class='ocr_par' dir='ltr' id='par_1_83' title="bbox 1069 1218 1870 1255">
     <span class='ocr_line' id='line_1_83' title="bbox 1069 1218 1870 1255; baseline -0.014 -2"><span class='ocrx_word' id='word_1_578' title='bbox 1069 1225 1130 1253; x_wconf 72' lang='grc' dir='ltr'><strong>οὐδὲ</strong></span> <span class='ocrx_word' id='word_1_579' title='bbox 1157 1224 1213 1250; x_wconf 71' lang='grc' dir='ltr'><strong>ἓν.»</strong></span> <span class='ocrx_word' id='word_1_580' title='bbox 1241 1222 1297 1250; x_wconf 67' lang='grc' dir='ltr'><strong>Καὶ</strong></span> <span class='ocrx_word' id='word_1_581' title='bbox 1319 1223 1410 1254; x_wconf 81' lang='grc' dir='ltr'>πάλιν,</span> <span class='ocrx_word' id='word_1_582' title='bbox 1433 1220 1572 1255; x_wconf 79' lang='grc' dir='ltr'>ιΧριστὺς</span> <span class='ocrx_word' id='word_1_583' title='bbox 1593 1219 1660 1246; x_wconf 75' lang='grc' dir='ltr'>Θεοῦ</span> <span class='ocrx_word' id='word_1_584' title='bbox 1677 1218 1797 1253; x_wconf 80' lang='grc' dir='ltr'>δύναμις</span> <span class='ocrx_word' id='word_1_585' title='bbox 1820 1218 1870 1243; x_wconf 74' lang='grc' dir='ltr'>καὶ</span> 
     </span>
    </p>
   </div>
   <div class='ocr_carea' id='block_1_84' title="bbox 1069 1265 1869 1305">
    <p class='ocr_par' dir='ltr' id='par_1_84' title="bbox 1069 1265 1869 1305">
     <span class='ocr_line' id='line_1_84' title="bbox 1069 1265 1869 1305; baseline -0.013 -6"><span class='ocrx_word' id='word_1_586' title='bbox 1069 1271 1136 1299; x_wconf 80' lang='grc' dir='ltr'>Θεοῦ</span> <span class='ocrx_word' id='word_1_587' title='bbox 1146 1269 1236 1305; x_wconf 82' lang='grc' dir='ltr'>σοφία.</span> <span class='ocrx_word' id='word_1_588' title='bbox 1247 1279 1256 1296; x_wconf 74' lang='grc' dir='ltr'><strong>ι</strong></span> <span class='ocrx_word' id='word_1_589' title='bbox 1272 1269 1352 1295; x_wconf 73' lang='grc' dir='ltr'>Ἀλλὰ</span> <span class='ocrx_word' id='word_1_590' title='bbox 1365 1269 1418 1304; x_wconf 87' lang='grc' dir='ltr'>μὴν</span> <span class='ocrx_word' id='word_1_591' title='bbox 1434 1268 1482 1303; x_wconf 84' lang='grc' dir='ltr'><strong>οὐχ</strong></span> <span class='ocrx_word' id='word_1_592' title='bbox 1495 1266 1583 1301; x_wconf 80' lang='grc' dir='ltr'>ἐαυτῷ</span> <span class='ocrx_word' id='word_1_593' title='bbox 1596 1265 1683 1293; x_wconf 75' lang='grc' dir='ltr'>ταῦτα</span> <span class='ocrx_word' id='word_1_594' title='bbox 1698 1265 1869 1300; x_wconf 70' lang='grc' dir='ltr'>χαρίζεσθαί</span> 
     </span>
    </p>
   </div>
   <div class='ocr_carea' id='block_1_85' title="bbox 1072 1310 1868 1353">
    <p class='ocr_par' dir='ltr' id='par_1_85' title="bbox 1072 1310 1868 1353">
     <span class='ocr_line' id='line_1_85' title="bbox 1072 1310 1868 1353; baseline -0.013 -8"><span class='ocrx_word' id='word_1_595' title='bbox 1072 1325 1162 1353; x_wconf 81' lang='grc' dir='ltr'>φαμεν</span> <span class='ocrx_word' id='word_1_596' title='bbox 1173 1317 1219 1343; x_wconf 82' lang='grc' dir='ltr'><strong>τὸν</strong></span> <span class='ocrx_word' id='word_1_597' title='bbox 1232 1316 1300 1343; x_wconf 79' lang='grc' dir='ltr'>Θεὸν</span> <span class='ocrx_word' id='word_1_598' title='bbox 1310 1314 1357 1342; x_wconf 69' lang='grc' dir='ltr'>καὶ</span> <span class='ocrx_word' id='word_1_599' title='bbox 1369 1314 1488 1349; x_wconf 79' lang='grc' dir='ltr'><strong>Πατέρα,</strong></span> <span class='ocrx_word' id='word_1_600' title='bbox 1498 1313 1556 1340; x_wconf 79' lang='grc' dir='ltr'>ἀλλ’</span> <span class='ocrx_word' id='word_1_601' title='bbox 1565 1310 1635 1338; x_wconf 77' lang='grc' dir='ltr'>εἶναι</span> <span class='ocrx_word' id='word_1_602' title='bbox 1646 1311 1769 1345; x_wconf 78' lang='grc' dir='ltr'>φυσικῶς</span> <span class='ocrx_word' id='word_1_603' title='bbox 1783 1310 1868 1344; x_wconf 68' lang='grc' dir='ltr'>σοφόν</span> 
     </span>
    </p>
   </div>
   <div class='ocr_carea' id='block_1_86' title="bbox 1068 1355 1868 1392">
    <p class='ocr_par' dir='ltr' id='par_1_86' title="bbox 1068 1355 1868 1392">
     <span class='ocr_line' id='line_1_86' title="bbox 1068 1355 1868 1392; baseline -0.014 -1"><span class='ocrx_word' id='word_1_604' title='bbox 1068 1373 1098 1390; x_wconf 82' lang='grc' dir='ltr'><strong>τε</strong></span> <span class='ocrx_word' id='word_1_605' title='bbox 1115 1364 1163 1390; x_wconf 79' lang='grc' dir='ltr'>καὶ</span> <span class='ocrx_word' id='word_1_606' title='bbox 1180 1363 1303 1390; x_wconf 86' lang='grc' dir='ltr'>δυνατόν.</span> <span class='ocrx_word' id='word_1_607' title='bbox 1329 1361 1387 1388; x_wconf 76' lang='grc' dir='ltr'><strong>Οὑκ</strong></span> <span class='ocrx_word' id='word_1_608' title='bbox 1411 1358 1621 1392; x_wconf 77' lang='grc' dir='ltr'>ὲξουσιαστικῶς</span> <span class='ocrx_word' id='word_1_609' title='bbox 1646 1357 1699 1392; x_wconf 83' lang='grc' dir='ltr'><strong>ἄρα</strong></span> <span class='ocrx_word' id='word_1_610' title='bbox 1727 1356 1776 1382; x_wconf 77' lang='grc' dir='ltr'><strong>τὸν</strong></span> <span class='ocrx_word' id='word_1_611' title='bbox 1801 1355 1868 1382; x_wconf 77' lang='grc' dir='ltr'>Υιὺν</span> 
     </span>
    </p>
   </div>
   <div class='ocr_carea' id='block_1_87' title="bbox 1070 1401 1867 1445">
    <p class='ocr_par' dir='ltr' id='par_1_87' title="bbox 1070 1401 1867 1445">
     <span class='ocr_line' id='line_1_87' title="bbox 1070 1401 1867 1445; baseline -0.013 -8"><span class='ocrx_word' id='word_1_612' title='bbox 1070 1410 1220 1445; x_wconf 76' lang='grc' dir='ltr'>ὑπέστησε,</span> <span class='ocrx_word' id='word_1_613' title='bbox 1237 1408 1299 1436; x_wconf 77' lang='grc' dir='ltr'>καθ’</span> <span class='ocrx_word' id='word_1_614' title='bbox 1313 1407 1395 1442; x_wconf 84' lang='grc' dir='ltr'>ὑμᾶς,</span> <span class='ocrx_word' id='word_1_615' title='bbox 1409 1405 1477 1433; x_wconf 74' lang='grc' dir='ltr'>ἀλλὰ</span> <span class='ocrx_word' id='word_1_616' title='bbox 1490 1407 1541 1440; x_wconf 79' lang='grc' dir='ltr'>τῆς</span> <span class='ocrx_word' id='word_1_617' title='bbox 1556 1403 1659 1435; x_wconf 75' lang='grc' dir='ltr'><strong>οἰκείας</strong></span> <span class='ocrx_word' id='word_1_618' title='bbox 1674 1403 1786 1437; x_wconf 79' lang='grc' dir='ltr'>φύσεως</span> <span class='ocrx_word' id='word_1_619' title='bbox 1809 1401 1867 1437; x_wconf 77' lang='grc' dir='ltr'>ἔχει</span> 
     </span>
    </p>
   </div>
   <div class='ocr_carea' id='block_1_88' title="bbox 1070 1448 1867 1491">
    <p class='ocr_par' dir='ltr' id='par_1_88' title="bbox 1070 1448 1867 1491">
     <span class='ocr_line' id='line_1_88' title="bbox 1070 1448 1867 1491; baseline -0.011 -9"><span class='ocrx_word' id='word_1_620' title='bbox 1070 1455 1186 1491; x_wconf 80' lang='grc' dir='ltr'>καρπόν·</span> <span class='ocrx_word' id='word_1_621' title='bbox 1205 1452 1300 1489; x_wconf 81' lang='grc' dir='ltr'>ἐπειδὴ</span> <span class='ocrx_word' id='word_1_622' title='bbox 1317 1452 1345 1479; x_wconf 85' lang='grc' dir='ltr'><strong>δὲ</strong></span> <span class='ocrx_word' id='word_1_623' title='bbox 1362 1451 1450 1484; x_wconf 84' lang='grc' dir='ltr'>τοῦτο,</span> <span class='ocrx_word' id='word_1_624' title='bbox 1468 1452 1514 1478; x_wconf 75' lang='grc' dir='ltr'>καὶ</span> <span class='ocrx_word' id='word_1_625' title='bbox 1531 1450 1683 1486; x_wconf 80' lang='grc' dir='ltr'>ὁμοοὺσιος.</span> <span class='ocrx_word' id='word_1_626' title='bbox 1701 1449 1739 1475; x_wconf 80' lang='grc' dir='ltr'><strong>Τὸ</strong></span> <span class='ocrx_word' id='word_1_627' title='bbox 1758 1448 1816 1484; x_wconf 80' lang='grc' dir='ltr'>γὰρ</span> <span class='ocrx_word' id='word_1_628' title='bbox 1834 1449 1867 1474; x_wconf 76' lang='grc' dir='ltr'>ὲκ</span> 
     </span>
    </p>
   </div>
   <div class='ocr_carea' id='block_1_89' title="bbox 1070 1495 1802 1536">
    <p class='ocr_par' dir='ltr' id='par_1_89' title="bbox 1070 1495 1802 1536">
     <span class='ocr_line' id='line_1_89' title="bbox 1070 1495 1802 1536; baseline -0.01 -8"><span class='ocrx_word' id='word_1_629' title='bbox 1070 1501 1138 1529; x_wconf 83' lang='grc' dir='ltr'><strong>Θεοῦ</strong></span> <span class='ocrx_word' id='word_1_630' title='bbox 1151 1500 1282 1536; x_wconf 75' lang='grc' dir='ltr'>προελθὸν</span> <span class='ocrx_word' id='word_1_631' title='bbox 1293 1499 1363 1526; x_wconf 76' lang='grc' dir='ltr'>κατὰ</span> <span class='ocrx_word' id='word_1_632' title='bbox 1375 1499 1467 1534; x_wconf 80' lang='grc' dir='ltr'>φύσιν,</span> <span class='ocrx_word' id='word_1_633' title='bbox 1481 1498 1532 1524; x_wconf 87' lang='grc' dir='ltr'><strong>οὑκ</strong></span> <span class='ocrx_word' id='word_1_634' title='bbox 1546 1497 1685 1532; x_wconf 86' lang='grc' dir='ltr'>ἀλλότριον</span> <span class='ocrx_word' id='word_1_635' title='bbox 1704 1495 1802 1523; x_wconf 74' lang='grc' dir='ltr'>αὐτοῦ.</span> 
     </span>
    </p>
   </div>
   <div class='ocr_carea' id='block_1_90' title="bbox 1133 1609 1790 1644">
    <p class='ocr_par' dir='ltr' id='par_1_90' title="bbox 1133 1609 1790 1644">
     <span class='ocr_line' id='line_1_90' title="bbox 1133 1609 1790 1644; baseline -0.009 -5"><span class='ocrx_word' id='word_1_636' title='bbox 1133 1613 1192 1639; x_wconf 85' lang='grc' dir='ltr'>Ὅτι</span> <span class='ocrx_word' id='word_1_637' title='bbox 1206 1611 1245 1644; x_wconf 89' lang='grc' dir='ltr'>τῷ</span> <span class='ocrx_word' id='word_1_638' title='bbox 1259 1610 1320 1644; x_wconf 85' lang='grc' dir='ltr'><strong>Θεῷ</strong></span> <span class='ocrx_word' id='word_1_639' title='bbox 1333 1610 1382 1637; x_wconf 76' lang='grc' dir='ltr'>καὶ</span> <span class='ocrx_word' id='word_1_640' title='bbox 1396 1609 1486 1644; x_wconf 76' lang='grc' dir='ltr'>Πατρὶ</span> <span class='ocrx_word' id='word_1_641' title='bbox 1500 1609 1660 1644; x_wconf 82' lang='grc' dir='ltr'>ὀμοούσιος</span> <span class='ocrx_word' id='word_1_642' title='bbox 1675 1609 1692 1635; x_wconf 86' lang='grc' dir='ltr'><em>ὀ</em></span> <span class='ocrx_word' id='word_1_643' title='bbox 1709 1609 1790 1640; x_wconf 78' lang='grc' dir='ltr'><strong>Υἱός.</strong></span> 
     </span>
    </p>
   </div>
   <div class='ocr_carea' id='block_1_91' title="bbox 1104 1663 1863 1704">
    <p class='ocr_par' dir='ltr' id='par_1_91' title="bbox 1104 1663 1863 1704">
     <span class='ocr_line' id='line_1_91' title="bbox 1104 1663 1863 1704; baseline -0.009 -8"><span class='ocrx_word' id='word_1_644' title='bbox 1104 1669 1136 1696; x_wconf 81' lang='lat' dir='ltr'><strong>El</strong></span> <span class='ocrx_word' id='word_1_645' title='bbox 1153 1668 1186 1695; x_wconf 76' lang='grc' dir='ltr'>δι’</span> <span class='ocrx_word' id='word_1_646' title='bbox 1199 1668 1232 1704; x_wconf 82' lang='grc' dir='ltr'>ἣν</span> <span class='ocrx_word' id='word_1_647' title='bbox 1247 1667 1326 1694; x_wconf 77' lang='grc' dir='ltr'>ἔλαϐε</span> <span class='ocrx_word' id='word_1_648' title='bbox 1339 1666 1445 1702; x_wconf 72' lang='grc' dir='ltr'>μορφὴν</span> <span class='ocrx_word' id='word_1_649' title='bbox 1459 1666 1473 1692; x_wconf 84' lang='grc' dir='ltr'>ὁ</span> <span class='ocrx_word' id='word_1_650' title='bbox 1486 1666 1516 1692; x_wconf 79' lang='grc' dir='ltr'>ὲν</span> <span class='ocrx_word' id='word_1_651' title='bbox 1528 1666 1618 1700; x_wconf 78' lang='grc' dir='ltr'>μορφῇ</span> <span class='ocrx_word' id='word_1_652' title='bbox 1631 1663 1700 1691; x_wconf 81' lang='grc' dir='ltr'>Θεοῦ</span> <span class='ocrx_word' id='word_1_653' title='bbox 1715 1663 1863 1699; x_wconf 76' lang='grc' dir='ltr'>ὑπάρχων,</span> 
     </span>
    </p>
   </div>
   <div class='ocr_carea' id='block_1_92' title="bbox 1068 1709 1864 1750">
    <p class='ocr_par' dir='ltr' id='par_1_92' title="bbox 1068 1709 1864 1750">
     <span class='ocr_line' id='line_1_92' title="bbox 1068 1709 1864 1750; baseline -0.01 -7"><span class='ocrx_word' id='word_1_654' title='bbox 1068 1715 1211 1750; x_wconf 82' lang='grc' dir='ltr'>ὀμοούσιος</span> <span class='ocrx_word' id='word_1_655' title='bbox 1227 1714 1306 1750; x_wconf 84' lang='grc' dir='ltr'>ἡμῶν</span> <span class='ocrx_word' id='word_1_656' title='bbox 1330 1714 1371 1740; x_wconf 75' lang='grc' dir='ltr'>ὅτι</span> <span class='ocrx_word' id='word_1_657' title='bbox 1388 1713 1417 1745; x_wconf 77' lang='grc' dir='ltr'>ἐξ</span> <span class='ocrx_word' id='word_1_658' title='bbox 1435 1712 1523 1748; x_wconf 80' lang='grc' dir='ltr'>ήμῶν,</span> <span class='ocrx_word' id='word_1_659' title='bbox 1538 1711 1595 1738; x_wconf 77' lang='grc' dir='ltr'>ἐστι</span> <span class='ocrx_word' id='word_1_660' title='bbox 1609 1711 1638 1737; x_wconf 84' lang='grc' dir='ltr'><strong>δὲ</strong></span> <span class='ocrx_word' id='word_1_661' title='bbox 1656 1710 1749 1746; x_wconf 80' lang='grc' dir='ltr'>μορφὴ</span> <span class='ocrx_word' id='word_1_662' title='bbox 1763 1709 1833 1736; x_wconf 71' lang='grc' dir='ltr'>Θεοῦ</span> <span class='ocrx_word' id='word_1_663' title='bbox 1850 1710 1864 1736; x_wconf 86' lang='grc' dir='ltr'><strong>ὀ</strong></span> 
     </span>
    </p>
   </div>
   <div class='ocr_carea' id='block_1_93' title="bbox 1069 1755 1802 1797">
    <p class='ocr_par' dir='ltr' id='par_1_93' title="bbox 1069 1755 1802 1797">
     <span class='ocr_line' id='line_1_93' title="bbox 1069 1755 1802 1797; baseline -0.01 -8"><span class='ocrx_word' id='word_1_664' title='bbox 1069 1762 1143 1794; x_wconf 72' lang='grc' dir='ltr'>Υἱὸς,</span> <span class='ocrx_word' id='word_1_665' title='bbox 1157 1761 1300 1797; x_wconf 83' lang='grc' dir='ltr'>ὁμοούσιος</span> <span class='ocrx_word' id='word_1_666' title='bbox 1317 1760 1371 1795; x_wconf 73' lang='grc' dir='ltr'>ἄρα</span> <span class='ocrx_word' id='word_1_667' title='bbox 1383 1759 1491 1794; x_wconf 82' lang='grc' dir='ltr'>ἐκείνῳ,</span> <span class='ocrx_word' id='word_1_668' title='bbox 1505 1755 1535 1784; x_wconf 85' lang='grc' dir='ltr'><strong>οὑ</strong></span> <span class='ocrx_word' id='word_1_669' title='bbox 1552 1758 1599 1786; x_wconf 73' lang='grc' dir='ltr'>καὶ</span> <span class='ocrx_word' id='word_1_670' title='bbox 1614 1757 1671 1783; x_wconf 77' lang='grc' dir='ltr'>ἐστι</span> <span class='ocrx_word' id='word_1_671' title='bbox 1689 1756 1802 1792; x_wconf 81' lang='grc' dir='ltr'>μορφή;</span> 
     </span>
    </p>
   </div>
   <div class='ocr_carea' id='block_1_94' title="bbox 1409 1858 1509 1885">
    <p class='ocr_par' dir='ltr' id='par_1_94' title="bbox 1409 1858 1509 1885">
     <span class='ocr_line' id='line_1_94' title="bbox 1409 1858 1509 1885; baseline 0 0"><span class='ocrx_word' id='word_1_672' title='bbox 1409 1858 1509 1885; x_wconf 75' lang='grc' dir='ltr'><strong>ΑΛΛΟ.</strong></span> 
     </span>
    </p>
   </div>
   <div class='ocr_carea' id='block_1_95' title="bbox 1105 1912 1862 1954">
    <p class='ocr_par' dir='ltr' id='par_1_95' title="bbox 1105 1912 1862 1954">
     <span class='ocr_line' id='line_1_95' title="bbox 1105 1912 1862 1954; baseline -0.013 -8"><span class='ocrx_word' id='word_1_673' title='bbox 1105 1921 1135 1946; x_wconf 87' lang='grc' dir='ltr'>Εἰ</span> <span class='ocrx_word' id='word_1_674' title='bbox 1151 1920 1190 1954; x_wconf 78' lang='grc' dir='ltr'>τῷ</span> <span class='ocrx_word' id='word_1_675' title='bbox 1201 1918 1261 1945; x_wconf 78' lang='grc' dir='ltr'>καθ’</span> <span class='ocrx_word' id='word_1_676' title='bbox 1278 1919 1350 1953; x_wconf 82' lang='grc' dir='ltr'>ἡμᾶς</span> <span class='ocrx_word' id='word_1_677' title='bbox 1367 1917 1438 1951; x_wconf 80' lang='grc' dir='ltr'>φωτὶ</span> <span class='ocrx_word' id='word_1_678' title='bbox 1452 1916 1482 1943; x_wconf 77' lang='grc' dir='ltr'><strong>τὸ</strong></span> <span class='ocrx_word' id='word_1_679' title='bbox 1499 1915 1669 1949; x_wconf 80' lang='grc' dir='ltr'>ἀπαύγασμα</span> <span class='ocrx_word' id='word_1_680' title='bbox 1685 1912 1771 1940; x_wconf 67' lang='grc' dir='ltr'>αὑτοῦ</span> <span class='ocrx_word' id='word_1_681' title='bbox 1787 1912 1862 1937; x_wconf 74' lang='grc' dir='ltr'>ἐστιν</span> 
     </span>
    </p>
   </div>
   <div class='ocr_carea' id='block_1_96' title="bbox 1068 1959 1862 2002">
    <p class='ocr_par' dir='ltr' id='par_1_96' title="bbox 1068 1959 1862 2002">
     <span class='ocr_line' id='line_1_96' title="bbox 1068 1959 1862 2002; baseline -0.013 -8"><span class='ocrx_word' id='word_1_682' title='bbox 1068 1967 1223 2002; x_wconf 81' lang='grc' dir='ltr'>ὀμοούσιον,</span> <span class='ocrx_word' id='word_1_683' title='bbox 1244 1967 1257 1992; x_wconf 74' lang='grc' dir='ltr'>ὁ</span> <span class='ocrx_word' id='word_1_684' title='bbox 1279 1966 1307 1992; x_wconf 79' lang='grc' dir='ltr'><strong>δὲ</strong></span> <span class='ocrx_word' id='word_1_685' title='bbox 1325 1965 1389 1995; x_wconf 72' lang='grc' dir='ltr'>Υἱὸς</span> <span class='ocrx_word' id='word_1_686' title='bbox 1403 1963 1451 1990; x_wconf 78' lang='grc' dir='ltr'>τοῦ</span> <span class='ocrx_word' id='word_1_687' title='bbox 1469 1963 1555 1990; x_wconf 72' lang='grc' dir='ltr'>ἀϊδίου</span> <span class='ocrx_word' id='word_1_688' title='bbox 1577 1961 1665 1996; x_wconf 69' lang='grc' dir='ltr'>φωτός</span> <span class='ocrx_word' id='word_1_689' title='bbox 1683 1961 1758 1987; x_wconf 81' lang='grc' dir='ltr'>ἐστιν</span> <span class='ocrx_word' id='word_1_690' title='bbox 1774 1959 1862 1985; x_wconf 67' lang='grc' dir='ltr'>ἀπαύ-</span> 
     </span>
    </p>
   </div>
   <div class='ocr_carea' id='block_1_97' title="bbox 1068 2001 1860 2048">
    <p class='ocr_par' dir='ltr' id='par_1_97' title="bbox 1068 2001 1860 2048">
     <span class='ocr_line' id='line_1_97' title="bbox 1068 2001 1860 2048; baseline -0.013 -8"><span class='ocrx_word' id='word_1_691' title='bbox 1068 2022 1162 2048; x_wconf 85' lang='grc' dir='ltr'>γασμα</span> <span class='ocrx_word' id='word_1_692' title='bbox 1175 2033 1182 2044; x_wconf 90' lang='grc'><strong>,</strong></span> <span class='ocrx_word' id='word_1_693' title='bbox 1200 2011 1341 2047; x_wconf 80' lang='grc' dir='ltr'>ὁμοοὺσιος</span> <span class='ocrx_word' id='word_1_694' title='bbox 1359 2011 1412 2046; x_wconf 81' lang='grc' dir='ltr'><strong>ἄρα</strong></span> <span class='ocrx_word' id='word_1_695' title='bbox 1430 2010 1478 2037; x_wconf 84' lang='grc' dir='ltr'>καὶ</span> <span class='ocrx_word' id='word_1_696' title='bbox 1493 2009 1574 2040; x_wconf 76' lang='grc' dir='ltr'>αὐτὸς</span> <span class='ocrx_word' id='word_1_697' title='bbox 1599 2007 1638 2043; x_wconf 83' lang='grc' dir='ltr'>τῷ</span> <span class='ocrx_word' id='word_1_698' title='bbox 1662 2007 1744 2041; x_wconf 75' lang='grc' dir='ltr'>φωτὶ,</span> <span class='ocrx_word' id='word_1_699' title='bbox 1760 2001 1792 2032; x_wconf 75' lang='grc' dir='ltr'><strong>οὗ</strong></span> <span class='ocrx_word' id='word_1_700' title='bbox 1815 2006 1860 2031; x_wconf 76' lang='grc' dir='ltr'>καὶ</span> 
     </span>
    </p>
   </div>
   <div class='ocr_carea' id='block_1_98' title="bbox 1067 2052 1860 2092">
    <p class='ocr_par' dir='ltr' id='par_1_98' title="bbox 1067 2052 1860 2092">
     <span class='ocr_line' id='line_1_98' title="bbox 1067 2052 1860 2092; baseline -0.011 -6"><span class='ocrx_word' id='word_1_701' title='bbox 1067 2059 1140 2086; x_wconf 78' lang='grc' dir='ltr'>ἔστιν</span> <span class='ocrx_word' id='word_1_702' title='bbox 1160 2058 1342 2092; x_wconf 78' lang='grc' dir='ltr'>ἀπαύγασμα,</span> <span class='ocrx_word' id='word_1_703' title='bbox 1359 2055 1412 2083; x_wconf 85' lang='grc' dir='ltr'>τῶν</span> <span class='ocrx_word' id='word_1_704' title='bbox 1427 2055 1634 2090; x_wconf 80' lang='grc' dir='ltr'>ὑποδειγμάτων</span> <span class='ocrx_word' id='word_1_705' title='bbox 1649 2053 1722 2080; x_wconf 81' lang='grc' dir='ltr'>κατά</span> <span class='ocrx_word' id='word_1_706' title='bbox 1734 2061 1762 2079; x_wconf 86' lang='grc' dir='ltr'><strong>τι</strong></span> <span class='ocrx_word' id='word_1_707' title='bbox 1777 2052 1860 2087; x_wconf 70' lang='grc' dir='ltr'>μέρος</span> 
     </span>
    </p>
   </div>
   <div class='ocr_carea' id='block_1_99' title="bbox 1068 2099 1795 2140">
    <p class='ocr_par' dir='ltr' id='par_1_99' title="bbox 1068 2099 1795 2140">
     <span class='ocr_line' id='line_1_99' title="bbox 1068 2099 1795 2140; baseline -0.008 -8"><span class='ocrx_word' id='word_1_708' title='bbox 1068 2105 1117 2140; x_wconf 76' lang='grc' dir='ltr'>τῆς</span> <span class='ocrx_word' id='word_1_709' title='bbox 1132 2105 1236 2136; x_wconf 78' lang='grc' dir='ltr'>οἰκείας</span> <span class='ocrx_word' id='word_1_710' title='bbox 1252 2104 1359 2138; x_wconf 71' lang='grc' dir='ltr'>φύσεως</span> <span class='ocrx_word' id='word_1_711' title='bbox 1373 2103 1414 2134; x_wconf 82' lang='grc' dir='ltr'><strong>εἰς</strong></span> <span class='ocrx_word' id='word_1_712' title='bbox 1429 2103 1459 2129; x_wconf 76' lang='grc' dir='ltr'>τὸ</span> <span class='ocrx_word' id='word_1_713' title='bbox 1475 2102 1567 2137; x_wconf 81' lang='grc' dir='ltr'>ὅμοιον</span> <span class='ocrx_word' id='word_1_714' title='bbox 1583 2099 1795 2136; x_wconf 76' lang='grc' dir='ltr'>παραγομένων.</span> 
     </span>
    </p>
   </div>
   <div class='ocr_carea' id='block_1_100' title="bbox 1408 2171 1509 2197">
    <p class='ocr_par' dir='ltr' id='par_1_100' title="bbox 1408 2171 1509 2197">
     <span class='ocr_line' id='line_1_100' title="bbox 1408 2171 1509 2197; baseline 0.01 -1"><span class='ocrx_word' id='word_1_715' title='bbox 1408 2171 1509 2197; x_wconf 82' lang='lat' dir='ltr'><strong>AAAO.</strong></span> 
     </span>
    </p>
   </div>
   <div class='ocr_carea' id='block_1_101' title="bbox 1104 2223 1859 2261">
    <p class='ocr_par' dir='ltr' id='par_1_101' title="bbox 1104 2223 1859 2261">
     <span class='ocr_line' id='line_1_101' title="bbox 1104 2223 1859 2261; baseline -0.007 -8"><span class='ocrx_word' id='word_1_716' title='bbox 1104 2228 1135 2254; x_wconf 81' lang='grc' dir='ltr'><strong>Εἰ</strong></span> <span class='ocrx_word' id='word_1_717' title='bbox 1152 2228 1182 2253; x_wconf 81' lang='grc' dir='ltr'>τὸ</span> <span class='ocrx_word' id='word_1_718' title='bbox 1209 2227 1264 2253; x_wconf 79' lang='grc' dir='ltr'>ἴσον</span> <span class='ocrx_word' id='word_1_719' title='bbox 1284 2227 1312 2253; x_wconf 86' lang='grc' dir='ltr'>ὲν</span> <span class='ocrx_word' id='word_1_720' title='bbox 1329 2227 1435 2261; x_wconf 80' lang='grc' dir='ltr'>νοητοῖς</span> <span class='ocrx_word' id='word_1_721' title='bbox 1456 2225 1487 2252; x_wconf 87' lang='grc' dir='ltr'><strong>οὑ</strong></span> <span class='ocrx_word' id='word_1_722' title='bbox 1504 2225 1635 2260; x_wconf 83' lang='grc' dir='ltr'>ποσότητι</span> <span class='ocrx_word' id='word_1_723' title='bbox 1659 2224 1807 2260; x_wconf 83' lang='grc' dir='ltr'>μετρητὸν,</span> <span class='ocrx_word' id='word_1_724' title='bbox 1829 2223 1859 2249; x_wconf 76' lang='grc' dir='ltr'><strong>τὸ</strong></span> 
     </span>
    </p>
   </div>
   <div class='ocr_carea' id='block_1_102' title="bbox 1067 2270 1858 2307">
    <p class='ocr_par' dir='ltr' id='par_1_102' title="bbox 1067 2270 1858 2307">
     <span class='ocr_line' id='line_1_102' title="bbox 1067 2270 1858 2307; baseline -0.005 -8"><span class='ocrx_word' id='word_1_725' title='bbox 1067 2273 1090 2299; x_wconf 77' lang='grc' dir='ltr'><strong>δ’</strong></span> <span class='ocrx_word' id='word_1_726' title='bbox 1105 2273 1192 2303; x_wconf 79' lang='grc' dir='ltr'>οὑτως</span> <span class='ocrx_word' id='word_1_727' title='bbox 1208 2273 1275 2304; x_wconf 85' lang='grc' dir='ltr'>ἴσον,</span> <span class='ocrx_word' id='word_1_728' title='bbox 1300 2273 1347 2298; x_wconf 77' lang='grc' dir='ltr'><strong>καὶ</strong></span> <span class='ocrx_word' id='word_1_729' title='bbox 1368 2272 1498 2307; x_wconf 83' lang='grc' dir='ltr'>ὁμότιμον</span> <span class='ocrx_word' id='word_1_730' title='bbox 1515 2271 1544 2303; x_wconf 77' lang='grc' dir='ltr'>ἐξ</span> <span class='ocrx_word' id='word_1_731' title='bbox 1559 2271 1683 2305; x_wconf 82' lang='grc' dir='ltr'><strong>ἀνάγκης</strong></span> <span class='ocrx_word' id='word_1_732' title='bbox 1697 2270 1746 2296; x_wconf 74' lang='grc' dir='ltr'>καὶ</span> <span class='ocrx_word' id='word_1_733' title='bbox 1759 2271 1858 2305; x_wconf 77' lang='grc' dir='ltr'>ὁμοσύ-</span> 
     </span>
    </p>
   </div>
   <div class='ocr_carea' id='block_1_103' title="bbox 1068 2317 1856 2353">
    <p class='ocr_par' dir='ltr' id='par_1_103' title="bbox 1068 2317 1856 2353">
     <span class='ocr_line' id='line_1_103' title="bbox 1068 2317 1856 2353; baseline -0.004 -8"><span class='ocrx_word' id='word_1_734' title='bbox 1068 2328 1134 2351; x_wconf 84' lang='grc' dir='ltr'>σιον,</span> <span class='ocrx_word' id='word_1_735' title='bbox 1162 2319 1220 2345; x_wconf 79' lang='grc' dir='ltr'>ἔστι</span> <span class='ocrx_word' id='word_1_736' title='bbox 1242 2319 1271 2345; x_wconf 83' lang='grc' dir='ltr'>δὲ</span> <span class='ocrx_word' id='word_1_737' title='bbox 1295 2319 1352 2350; x_wconf 79' lang='grc' dir='ltr'>ἴσος</span> <span class='ocrx_word' id='word_1_738' title='bbox 1374 2318 1421 2345; x_wconf 84' lang='grc' dir='ltr'>καὶ</span> <span class='ocrx_word' id='word_1_739' title='bbox 1440 2318 1571 2353; x_wconf 83' lang='grc' dir='ltr'>ὁμότιμος</span> <span class='ocrx_word' id='word_1_740' title='bbox 1590 2317 1628 2352; x_wconf 80' lang='grc' dir='ltr'>τῷ</span> <span class='ocrx_word' id='word_1_741' title='bbox 1644 2317 1732 2352; x_wconf 64' lang='lat' dir='ltr'><strong>lla-rp).</strong></span> <span class='ocrx_word' id='word_1_742' title='bbox 1751 2318 1765 2343; x_wconf 81' lang='grc' dir='ltr'>ὁ</span> <span class='ocrx_word' id='word_1_743' title='bbox 1783 2317 1856 2348; x_wconf 64' lang='grc' dir='ltr'>Υἱὸς,</span> 
     </span>
    </p>
   </div>
   <div class='ocr_carea' id='block_1_104' title="bbox 1066 2362 1854 2399">
    <p class='ocr_par' dir='ltr' id='par_1_104' title="bbox 1066 2362 1854 2399">
     <span class='ocr_line' id='line_1_104' title="bbox 1066 2362 1854 2399; baseline -0.003 -8"><span class='ocrx_word' id='word_1_744' title='bbox 1066 2365 1178 2392; x_wconf 70' lang='grc' dir='ltr'>κατὰτὰ</span> <span class='ocrx_word' id='word_1_745' title='bbox 1187 2365 1246 2391; x_wconf 81' lang='grc' dir='ltr'>θεῖα</span> <span class='ocrx_word' id='word_1_746' title='bbox 1260 2365 1356 2399; x_wconf 84' lang='grc' dir='ltr'>Λόγια,</span> <span class='ocrx_word' id='word_1_747' title='bbox 1367 2365 1396 2397; x_wconf 73' lang='grc' dir='ltr'><strong>ἐξ</strong></span> <span class='ocrx_word' id='word_1_748' title='bbox 1411 2365 1533 2399; x_wconf 77' lang='grc' dir='ltr'>ἀνάγκης</span> <span class='ocrx_word' id='word_1_749' title='bbox 1547 2364 1623 2390; x_wconf 76' lang='grc' dir='ltr'>ἔσται</span> <span class='ocrx_word' id='word_1_750' title='bbox 1638 2364 1686 2390; x_wconf 83' lang='grc' dir='ltr'>καὶ</span> <span class='ocrx_word' id='word_1_751' title='bbox 1700 2362 1854 2398; x_wconf 81' lang='grc' dir='ltr'>ὀμοούσιος·</span> 
     </span>
    </p>
   </div>
   <div class='ocr_carea' id='block_1_105' title="bbox 1065 2409 1856 2446">
    <p class='ocr_par' dir='ltr' id='par_1_105' title="bbox 1065 2409 1856 2446">
     <span class='ocr_line' id='line_1_105' title="bbox 1065 2409 1856 2446; baseline -0.003 -8"><span class='ocrx_word' id='word_1_752' title='bbox 1065 2412 1112 2438; x_wconf 82' lang='grc' dir='ltr'>τοῦ</span> <span class='ocrx_word' id='word_1_753' title='bbox 1127 2412 1185 2438; x_wconf 80' lang='grc' dir='ltr'>ἴσου</span> <span class='ocrx_word' id='word_1_754' title='bbox 1201 2411 1272 2438; x_wconf 78' lang='grc' dir='ltr'>κατὰ</span> <span class='ocrx_word' id='word_1_755' title='bbox 1288 2411 1317 2437; x_wconf 80' lang='grc' dir='ltr'>τὸ</span> <span class='ocrx_word' id='word_1_756' title='bbox 1337 2411 1420 2442; x_wconf 72' lang='grc' dir='ltr'>ποσὸν</span> <span class='ocrx_word' id='word_1_757' title='bbox 1434 2412 1464 2438; x_wconf 82' lang='grc' dir='ltr'>ὲν</span> <span class='ocrx_word' id='word_1_758' title='bbox 1478 2411 1615 2446; x_wconf 81' lang='grc' dir='ltr'>ἀσωμάτῳ</span> <span class='ocrx_word' id='word_1_759' title='bbox 1635 2410 1716 2444; x_wconf 78' lang='grc' dir='ltr'>φύσει</span> <span class='ocrx_word' id='word_1_760' title='bbox 1731 2409 1771 2445; x_wconf 87' lang='grc' dir='ltr'>μὴ</span> <span class='ocrx_word' id='word_1_761' title='bbox 1788 2409 1856 2436; x_wconf 80' lang='grc' dir='ltr'>Θεω-</span> 
     </span>
    </p>
   </div>
   <div class='ocr_carea' id='block_1_106' title="bbox 1066 2457 1729 2493">
    <p class='ocr_par' dir='ltr' id='par_1_106' title="bbox 1066 2457 1729 2493">
     <span class='ocr_line' id='line_1_106' title="bbox 1066 2457 1729 2493; baseline 0.002 -10"><span class='ocrx_word' id='word_1_762' title='bbox 1066 2458 1207 2493; x_wconf 72' lang='grc' dir='ltr'>ρουμένου,</span> <span class='ocrx_word' id='word_1_763' title='bbox 1225 2457 1293 2486; x_wconf 73' lang='grc' dir='ltr'>ἀλλὰ</span> <span class='ocrx_word' id='word_1_764' title='bbox 1311 2457 1411 2492; x_wconf 78' lang='grc' dir='ltr'>μᾶλλον</span> <span class='ocrx_word' id='word_1_765' title='bbox 1424 2459 1452 2485; x_wconf 78' lang='grc' dir='ltr'>ἐν</span> <span class='ocrx_word' id='word_1_766' title='bbox 1465 2458 1558 2489; x_wconf 76' lang='grc' dir='ltr'>οὐσίας</span> <span class='ocrx_word' id='word_1_767' title='bbox 1573 2457 1729 2492; x_wconf 80' lang='grc' dir='ltr'>ταυτότητι.</span> 
     </span>
    </p>
   </div>
   <div class='ocr_carea' id='block_1_107' title="bbox 1405 2606 1504 2632">
    <p class='ocr_par' dir='ltr' id='par_1_107' title="bbox 1405 2606 1504 2632">
     <span class='ocr_line' id='line_1_107' title="bbox 1405 2606 1504 2632; baseline 0 -1"><span class='ocrx_word' id='word_1_768' title='bbox 1405 2606 1504 2632; x_wconf 78' lang='lat' dir='ltr'><strong>AAAO.</strong></span> 
     </span>
    </p>
   </div>
   <div class='ocr_carea' id='block_1_108' title="bbox 1099 2658 1852 2698">
    <p class='ocr_par' dir='ltr' id='par_1_108' title="bbox 1099 2658 1852 2698">
     <span class='ocr_line' id='line_1_108' title="bbox 1099 2658 1852 2698; baseline 0.005 -14"><span class='ocrx_word' id='word_1_769' title='bbox 1099 2658 1129 2685; x_wconf 82' lang='grc' dir='ltr'>Εἰ</span> <span class='ocrx_word' id='word_1_770' title='bbox 1150 2659 1182 2686; x_wconf 71' lang='grc' dir='ltr'>τὰ</span> <span class='ocrx_word' id='word_1_771' title='bbox 1200 2661 1260 2686; x_wconf 72' lang='grc' dir='ltr'>κατ’</span> <span class='ocrx_word' id='word_1_772' title='bbox 1287 2661 1426 2696; x_wconf 80' lang='grc' dir='ltr'>ἀλήθειαν,</span> <span class='ocrx_word' id='word_1_773' title='bbox 1448 2662 1505 2688; x_wconf 79' lang='grc' dir='ltr'>ἀλλ’</span> <span class='ocrx_word' id='word_1_774' title='bbox 1527 2662 1556 2688; x_wconf 81' lang='grc' dir='ltr'>οὐ</span> <span class='ocrx_word' id='word_1_775' title='bbox 1581 2662 1664 2695; x_wconf 80' lang='grc' dir='ltr'>Θέσει,</span> <span class='ocrx_word' id='word_1_776' title='bbox 1683 2661 1852 2698; x_wconf 78' lang='grc' dir='ltr'>γεννώμενα,</span> 
     </span>
    </p>
   </div>
   <div class='ocr_carea' id='block_1_109' title="bbox 1061 2705 1850 2744">
    <p class='ocr_par' dir='ltr' id='par_1_109' title="bbox 1061 2705 1850 2744">
     <span class='ocr_line' id='line_1_109' title="bbox 1061 2705 1850 2744; baseline 0.006 -14"><span class='ocrx_word' id='word_1_777' title='bbox 1061 2705 1192 2739; x_wconf 80' lang='grc' dir='ltr'>ὁμοούσια</span> <span class='ocrx_word' id='word_1_778' title='bbox 1204 2707 1257 2732; x_wconf 80' lang='grc' dir='ltr'>τῶν</span> <span class='ocrx_word' id='word_1_779' title='bbox 1273 2709 1333 2734; x_wconf 86' lang='grc' dir='ltr'>κατ’</span> <span class='ocrx_word' id='word_1_780' title='bbox 1347 2707 1476 2743; x_wconf 82' lang='grc' dir='ltr'>ἀλήθειαν</span> <span class='ocrx_word' id='word_1_781' title='bbox 1493 2709 1650 2742; x_wconf 83' lang='grc' dir='ltr'>γεννώντων</span> <span class='ocrx_word' id='word_1_782' title='bbox 1663 2709 1850 2744; x_wconf 76' lang='grc' dir='ltr'>ὡμολόγηται,</span> 
     </span>
    </p>
   </div>
   <div class='ocr_carea' id='block_1_110' title="bbox 1062 2749 1852 2791">
    <p class='ocr_par' dir='ltr' id='par_1_110' title="bbox 1062 2749 1852 2791">
     <span class='ocr_line' id='line_1_110' title="bbox 1062 2749 1852 2791; baseline 0.01 -17"><span class='ocrx_word' id='word_1_783' title='bbox 1062 2749 1118 2775; x_wconf 69' lang='grc' dir='ltr'>ἔστι</span> <span class='ocrx_word' id='word_1_784' title='bbox 1133 2750 1160 2776; x_wconf 81' lang='grc' dir='ltr'><strong>δὲ</strong></span> <span class='ocrx_word' id='word_1_785' title='bbox 1175 2750 1227 2777; x_wconf 80' lang='grc' dir='ltr'>τῶν</span> <span class='ocrx_word' id='word_1_786' title='bbox 1247 2753 1307 2779; x_wconf 73' lang='grc' dir='ltr'>κατ’</span> <span class='ocrx_word' id='word_1_787' title='bbox 1321 2753 1452 2788; x_wconf 79' lang='grc' dir='ltr'>ἀλήθειαν</span> <span class='ocrx_word' id='word_1_788' title='bbox 1469 2754 1656 2788; x_wconf 78' lang='grc' dir='ltr'>γεννηθέντων</span> <span class='ocrx_word' id='word_1_789' title='bbox 1670 2756 1684 2782; x_wconf 82' lang='grc' dir='ltr'>ὁ</span> <span class='ocrx_word' id='word_1_790' title='bbox 1698 2755 1764 2788; x_wconf 78' lang='grc' dir='ltr'>Υἱὸς</span> <span class='ocrx_word' id='word_1_791' title='bbox 1779 2757 1852 2791; x_wconf 73' lang='grc' dir='ltr'>ἥπερ</span> 
     </span>
    </p>
   </div>
  </div>
