1920 3031
79 120 121 150 157
642 141 645 144 .
775 118 856 145 'l‘llES

918 117 994 145 RUS‘.

1646 121 1697 148 I58

77 179 122 206 τῶν
136 179 203 207 κατὰ
221 179 312 210 θέσιν.
343 181 488 216 ὁμοούσιος
512 182 565 216 ἄρα
591 180 629 216 τῷ
653 179 711 207 κατ’
738 179 856 214 ἀλήθειαν

918 175 1002 203 Filius
1022 179 1111 202 autem
1128 179 1170 202 cst
1185 182 1216 202 ex
1234 175 1266 202 iis
1278 173 1323 210 qui
1339 182 1402 204 vere
1417 176 1500 211 geniti
1518 181 1591 212 sunt,
1603 178 1695 215 longe-

77 225 154 257 αὐτὸν,
168 225 227 251 ἀλλ’
240 225 272 252 οὑ
291 224 385 259 θέο-ει,
400 227 572 263 γεγεννηκότι
588 226 656 261 Θεῷ.

420 371 524 398 ΔΛΛΟ.

102 425 130 452 Εἰ
153 424 181 452 τὸ
198 425 346 458 οὒσιωδῶς
370 426 541 462 γεννώμενον
559 427 728 463 ξκληρονομεῖ
745 426 794 462 τὴν
815 425 861 453 τοῦ

73 471 256 506 γεγεννηκότος
268 472 382 506 οὐσίαν,
402 473 463 508 έχον
477 473 579 507 ταύτην
603 474 631 499 ἐν
646 472 744 508 ἑαυτῷ,
761 472 817 508 ἔχει
833 472 862 499 δὲ

73 518 149 544 πάντα
161 517 195 543 τὰ
211 517 259 543 τοῦ
277 518 393 553 Πατρδς
409 519 423 545 6
442 518 505 551 Υἱὸς
515 539 523 551 ,
544 517 681 550 οὐσιωδῶς
697 519 751 553 ἄρα
765 518 861 553 γεγέν-

73 571 149 597 νηται.

409 621 514 647 ᾹΔΛΟ.

99 675 127 700 Εἰ
149 674 231 708 μηδὲν
244 675 306 702 τῶν
327 675 400 710 μετὰ
414 676 460 702 τὸν
477 675 540 702 Υὶὸν
565 676 597 702 ἐκ
614 677 651 711 μὴ
669 676 753 702 ὄντων
766 675 860 706 οὐσίας

71 720 212 755 ὑφίστησιν,
239 720 380 756 ὑφεστηοι
405 722 434 748 δὲ
458 723 472 748 6
497 722 571 755 Υἱὸς,
591 723 640 749 οὐκ
662 722 715 758 ἄρα
731 723 785 748 τῶν
804 723 860 757 μετ’

71 766 138 791 ait?”
161 765 238 792 ἔσται
257 767 420 802 συγγενὴς,
439 767 507 794 ἀλλὰ
527 768 567 803 τῷ
592 769 625 795 ὲκ
643 769 680 804 μὴ
700 768 785 794 ὄντων
806 768 858 802 ὐφ-

70 811 167 838 ιςτῶντι
181 812 345 847 ὀμοούσιος.
355 813 398 839 Τὰ
409 813 519 849 γὰρτῆς
534 814 619 849 αὐτῆς
633 814 774 849 ἐνεργείας
784 814 858 845 ὄντα,

70 857 108 882 καὶ
119 857 164 892 τῆς
179 857 267 891 αὐτῆς
282 858 382 890 οὐςίας
398 858 599 894 ὡμολόγηνται.

405 960 507 986 AAAO.

98 1015 125 1042 ΕΞ
139 1015 170 1041 τὰ
184 1015 234 1050 τῆς
255 1017 349 1052 αὐτῆς
370 1017 513 1052 ἐνεργείας
534 1016 753 1052 ἀπαραλλάκτως
768 1018 858 1053 ὑπάρ-

69 1070 147 1095 χοντα,
172 1063 219 1088 καὶ
241 1064 300 1098 τῆς
316 1063 404 1095 αὐτῆς
421 1063 514 1094 οὐσίας
532 1063 731 1099 ὡμολόγηνται,
755 1063 813 1090 ἐστι
830 1064 857 1091 δὲ

69 1108 110 1142 τῆς
123 1108 204 1143 αὐτῆς
226 1108 268 1144 τῷ
290 1109 379 1145 Ilath
405 1109 546 1144 ἐνεργείας
567 1110 581 1135 ὁ
605 1109 679 1141 Υἱὸς,
702 1109 791 1136 πάντα
807 1110 859 1136 ὅσα

71 1156 131 1180 ποιεῖ
141 1155 185 1180 καὶ
202 1155 292 1187 αὐτὸς
308 1155 410 1191 ὁμοίως
429 1156 527 1188 ποιῶν,
541 1155 765 1191 ὁμολογουμένως
781 1155 857 1183 ἔσται

72 1200 110 1227 καὶ
126 1201 171 1235 τῆς
195 1201 290 1236 αὐτῆς
305 1202 417 1234 οὐσίας,
442 1202 485 1228 διὰ
509 1201 538 1228 τὸ
555 1201 602 1228 καὶ
622 1201 671 1236 τῆς
686 1201 772 1236 αὐτῆς
787 1199 857 1228 εἶναι

73 1247 206 1281 ὲνεργεὶας.

406 1307 508 1334 ΑΛΛΟ.

102 1361 128 1387 Ei
142 1361 219 1396 ’,πόσει
233 1362 308 1394 Θεὸς
323 1364 397 1389 ἐστιν
414 1363 428 1389 6
441 1362 546 1398 Πατὴρ,
560 1362 619 1389 ἀλλ’
631 1362 661 1389 οὐ
677 1365 789 1399 μετοχῇ,
799 1363 857 1390 ἔστι

73 1406 96 1432 δὲ
109 1406 181 1441 φύσει
193 1408 266 1440 Θεὸς
291 1409 338 1435 καὶ
353 1410 367 1435 ὁ
386 1408 460 1440 Υἱός.
480 1409 564 1444 Εἴπερ
579 1409 632 1435 τῶν
653 1410 722 1436 κατὰ
740 1410 856 1445 μετοχὴν

74 1453 202 1488 ὑπερέχει,
229 1455 286 1490 τῆς
301 1455 386 1491 αὐτῆς
402 1455 456 1491 ἄρα
482 1455 589 1490 φύσεως
605 1455 680 1482 ἔσται
701 1455 739 1492 τῷ
756 1457 853 1492 Πατρὶ,

132 1499 159 1525 οὐ
174 1501 232 1531 τοῖς
247 1501 324 1527 κατὰ
342 1502 470 1537 μετοχήν.

402 1577 512 1628 ΔᾹΛΟ..

101 1664 128 1691 El
143 1666 265 1700 μετοχῇ,
281 1664 339 1691 ἀλλ’
359 1666 389 1691 οὺ
407 1665 496 1700 φύσει,
512 1666 578 1698 Θεὸς
597 1668 611 1694 ὁ
627 1668 699 1700 Υἱὸς,
715 1668 807 1694 πολλοὶ
825 1668 853 1694 δὲ

74 1712 94 1737 cl
115 1711 178 1738 κατὰ.
212 1711 332 1746 μετοχὴν
357 1711 431 1744 θεοὶ,
458 1713 533 1739 οὐδὲν
553 1713 607 1748 ἄρα
629 1713 770 1745 πλεονάζει
800 1713 854 1739 τῶν

75 1756 164 1782 πολλῶν
179 1757 224 1788 εὶς
240 1756 378 1792 ὑπεροχὴν
392 1757 496 1789 οὐσίας.
513 1758 543 1784 Εἰ
559 1758 586 1784 δὲ
600 1759 637 1792 μὴ
651 1758 727 1784 ἔσται
741 1759 852 1793 μετοχῇ,

75 1802 108 1827 ὅτι
121 1802 168 1828 τῶν
183 1801 257 1828 κατὰ
272 1803 391 1837 μετοχὴν
406 1803 486 1834 αὐτός
499 1804 556 1830 ἐστι
570 1804 694 1839 ποιητὴς,
709 1805 758 1839 τῆς
770 1803 854 1838 αὐτῆς

76 1849 120 1884 ἄρα
140 1849 250 1883 φύσεως
276 1847 352 1874 ἔσται
379 1849 417 1884 τῷ
448 1849 545 1884 Πατρὶ,
570 1849 627 1875 ἀλλ’
650 1849 680 1875 οὐ
703 1850 757 1880 τοῖς
783 1847 854 1875 κατὰ

78 1895 191 1930 μετοχήν.

404 1950 504 1976 ΛᾸΛΟ.

105 2009 132 2036 El
150 2011 227 2036 πᾶσα
242 2008 322 2036 οὐσία
343 2007 450 2042 λογικὴ,
467 2007 497 2032 οὐ
522 2005 595 2041 μόνῳ
618 2006 657 2041 τῷ
674 2005 772 2040 Θέλειν,
786 2005 855 2032 ἀλλὰ

78 2055 116 2081 καὶ
127 2055 165 2090 τῷ
182 2056 304 2090 ἐνεργεῖν
319 2054 365 2080 καὶ
388 2053 502 2087 πάσχειν
521 2052 692 2087 δημιουργεῖ,
711 2051 778 2086 μόνη
795 2052 852 2087 δὲή

78 2101 212 2137 ἀγέννητος
229 2101 310 2127 οὐσία
321 2099 360 2135 τῷ
375 2099 463 2125 θέλειν
477 2098 523 2125 καὶ
539 2098 576 2133 μὴ
591 2097 716 2133 πάσχειν,
729 2098 813 2125 θέλων
826 2098 854 2125 δὲ

78 2147 114 2173 καὶ
131 2148 168 2182 μὴ
190 2147 303 2182 πάσχων
319 2145 483 2180 δημιουργεῖ
497 2145 511 2170 6
527 2143 601 2175 Υἱὸς,
620 2143 669 2178 τῆς
691 2144 720 2169 ἐν
744 2143 853 2178 θελήσει

897 221 902 225 “
914 229 965 256 que
975 221 1144 257 praestantior
1155 228 1234 256 quam
1244 222 1288 256 qui
1301 222 1462 256 adoptione;
1476 223 1695 252 consubstantia-

913 267 1046 302 lisitaqne
1058 271 1098 295 est
1115 267 1170 295 Deo
1186 268 1230 302 qui
1245 275 1306 294 eum
1323 275 1375 307 non
1387 268 1541 303 adoptione,
1558 269 1606 298 Sed
1634 278 1697 298 vere

914 320 945 339 ac
958 313 1118 340 naturaliter
1131 314 1234 348 genuit.

1244 371 1360 400 ALIUD.

950 426 979 453 Si
998 427 1069 461 quod
1081 427 1295 455 substantialiter
1308 428 1428 463 genitum
1445 433 1495 462 est,
1508 431 1640 465 genitoris
1655 439 1699 459 es-

913 472 1026 500 sentiam
1041 473 1169 508 possidet,
1181 474 1283 502 habens
1300 481 1360 502 eam
1373 475 1398 502 in
1412 482 1442 502 se
1452 485 1458 502 :
1468 476 1550 504 Filius
1562 484 1626 505 vero
1636 485 1699 512 pos-

913 518 984 546 sidet
998 518 1088 546 omnia
1101 527 1159 554 quae
1171 519 1260 547 Patris
1279 525 1362 554 sunt;
1380 521 1563 550 essentialiter
1577 530 1643 558 ergo
1651 530 1698 558 ge-

913 563 985 591 nitus
999 568 1051 591 est.

1244 622 1359 650 ALIUD.

949 675 978 702 Si
996 682 1075 702 nemo
1090 679 1149 709 post
1164 674 1262 702 Filium
1279 683 1311 702 ex
1328 676 1413 703 nihilo
1437 677 1605 706 substantias
1635 686 1698 714 pro-

906 721 997 757 Iducit,
1015 721 1140 756 producit
1154 725 1244 748 autem
1259 721 1362 749 Filius:
1378 729 1431 749 non
1449 723 1531 758 igitur
1543 725 1596 751 erit
1622 725 1698 760 ejus-

914 766 973 793 dem
988 767 1097 801 generis
1116 774 1177 794 cum
1190 767 1223 794 iis
1241 767 1287 800 qui
1303 771 1364 802 post
1380 769 1466 802 ipsum
1478 774 1552 803 stmt,
1582 771 1628 798 scd
1658 772 1697 799 illi

913 812 958 846 qui
978 819 1009 839 ex
1024 812 1109 839 nihilo
1125 812 1251 846 producit
1266 814 1518 841 consubstantialis.
1532 815 1596 848 Qua:
1624 818 1696 844 enim

874 846 897 876 Β
909 858 1029 891 ejusdem
1042 858 1154 886 actionis
1165 858 1384 894 operationisque
1401 863 1472 893 sunt,
1481 861 1599 895 ejusdem
1615 862 1697 889 etiam

910 908 972 931 sunt
986 904 1154 932 substantiae.

1244 961 1360 990 ALIUD.

946 1015 974 1042 Si
991 1023 1050 1050 quae
1065 1016 1185 1050 ejusdem
1195 1024 1306 1051 prorsus
1332 1017 1447 1045 actionis
1475 1019 1698 1053 oper-alienisque

910 1067 982 1096 sunt,
998 1062 1120 1097 ejusdem
1130 1066 1156 1090 et
1172 1063 1330 1090 substantia:
1347 1069 1419 1098 sunt,
1437 1068 1464 1092 et
1480 1065 1565 1092 Filius
1577 1065 1696 1099 ejusdem

910 1112 953 1135 est
961 1115 1020 1134 cum
1035 1107 1115 1135 Patre
1124 1109 1251 1140 actionis;
1269 1110 1358 1136 omnia
1369 1118 1430 1144 quae
1446 1110 1510 1138 facit
1521 1110 1602 1138 Pater
1618 1112 1696 1140 simi-

910 1152 972 1180 liter
985 1157 1012 1180 et
1027 1153 1083 1187 ipse
1092 1153 1205 1186 faciens,
1215 1154 1266 1181 erit
1279 1160 1353 1183 certe
1367 1156 1447 1183 etiam
1465 1157 1587 1192 ejusdem
1603 1165 1696 1186 essen-

911 1199 964 1231 tize,
979 1198 1038 1226 ideo
1049 1199 1118 1233 quod
1130 1199 1249 1234 ejusdem
1265 1201 1301 1228 sit
1316 1202 1490 1236 operationis.

1248 1300 1361 1329 ALIUD.

946 1356 973 1384 Si
986 1358 1065 1396 Pater
1078 1363 1118 1386 est
1127 1359 1287 1387 naturaliter
1302 1359 1384 1392 Deus,
1397 1367 1447 1387 non
1468 1365 1557 1388 autem
1585 1363 1696 1396 partici-

910 1404 1027 1438 patione,
1042 1410 1084 1431 est
1097 1412 1160 1432 vero
1172 1405 1253 1432 etiam
1266 1405 1351 1432 Filius
1367 1406 1525 1433 naturaliter
1543 1407 1623 1435 Deus.
1657 1408 1696 1435 At.

910 1449 931 1476 si
949 1449 982 1476 iis
994 1450 1255 1485 quiparticipalione
1271 1451 1306 1477 dii
1321 1451 1385 1478 ﬁunt
1399 1451 1476 1486 longe
1491 1457 1532 1480 est
1550 1454 1692 1488 superior:

908 1495 1028 1530 ejusdem
1043 1503 1107 1530 ergo
1121 1500 1223 1523 natum
1250 1496 1302 1524 erit
1317 1504 1376 1524 cum
1401 1497 1490 1531 Patre,
1520 1506 1573 1526 non
1603 1505 1692 1528 autem

909 1548 969 1567 cum
987 1541 1018 1568 iis
1034 1541 1078 1575 qui
1105 1542 1275 1576 participant.

1248 1598 1363 1626 ALIUD.

946 1664 972 1690 Si
991 1664 1205 1699 participatione,
1221 1673 1273 1692 non
1307 1670 1396 1692 autem
1419 1670 1526 1698 natura,
1548 1667 1603 1702 83
1621 1667 1694 1696 Deus

909 1714 948 1737 cst
978 1710 1074 1743 Filius,
1092 1710 1168 1737 multi
1186 1718 1250 1737 vero
1265 1715 1328 1737 sunt
1342 1711 1550 1745 participatione
1562 1713 1609 1744 dii,
1626 1712 1692 1739 nihil

909 1756 1000 1790 itaque
1011 1757 1140 1791 dignitate
1150 1757 1275 1784 essentia:
1289 1756 1350 1783 aliis
1358 1757 1502 1784 antecellit.
1520 1758 1547 1784 Si
1558 1765 1621 1784 vero
1639 1765 1691 1785 non

908 1801 1115 1836 participatione
1129 1802 1196 1838 (ipse
1206 1802 1278 1829 enim
1295 1807 1335 1829 est
1346 1802 1466 1830 omnium
1477 1803 1692 1837 quiparticipant

908 1847 1166 1883 creator),ejusdem
1183 1848 1264 1882 igitur
1277 1849 1328 1876 erit
1341 1853 1444 1877 naturae
1462 1858 1521 1877 cum
1537 1849 1626 1882 Patre,
1640 1858 1692 1877 non

908 1900 968 1920 cum
984 1894 1018 1921 iis
1035 1895 1079 1928 qui
1092 1893 1264 1929 participant.

1242 1950 1357 1977 ALIUD.

946 2006 973 2033 Si
989 2007 1076 2034 omnis
1090 2006 1207 2033 essentia
1224 2007 1371 2039 rationalis,
1388 2015 1440 2034 non
1464 2007 1602 2035 voluntate
1619 2009 1691 2043 sola,

909 2053 955 2080 sed
971 2052 1075 2086 agendo
1085 2055 1112 2078 et
1127 2051 1252 2086 patiendo
1264 2057 1392 2086 operatur
1410 2061 1416 2078 :
1431 2053 1486 2080 sola
1503 2057 1592 2080 autem
1616 2055 1691 2090 inge-

909 2100 964 2126 nita
982 2098 1099 2126 essentia
1117 2097 1231 2125 volendo
1247 2103 1275 2125 et
1286 2106 1338 2125 non
1351 2099 1476 2133 patiendo
1494 2106 1501 2126 :
1519 2100 1612 2127 volens
1626 2108 1689 2128 vero

908 2151 936 2173 et
951 2153 1002 2172 non
1019 2146 1123 2180 patiens
1144 2149 1272 2180 operatur
1292 2145 1393 2178 Filius;
1410 2145 1469 2180 ejus
1484 2153 1547 2181 ergo
1568 2148 1692 2174 cssentiae

79 2193 136 2229 μόνῃ
151 2192 374 2227 δημιουργούσης
398 2190 502 2227 οὐσίας’
515 2189 601 2222 ἐστὶν,
628 2188 684 2215 ἀλλ’
699 2189 728 2215 οὐ
742 2189 792 2223 τῆς
811 2190 855 2215 ἐν-

918 2197 1018 2226 25tqua3
1033 2191 1170 2218 voluntate
1190 2190 1247 2218 sola
1271 2195 1410 2225 operatur,
1439 2199 1491 2218 non
1518 2199 1565 2227 per
1587 2193 1690 2227 passio-

77 2239 198 2273 εργοὺσης
211 2236 282 2264 κατὰ
296 2236 396 2268 πάθος.

403 2292 504 2318 ΔΛΛΟ.

104 2352 131 2379 Εἰ
150 2353 202 2379 πᾶν
226 2352 256 2378 τὺ
276 2351 415 2386 γεννῆσαν
434 2349 465 2376 οὐ
486 2348 572 2380 νόθον,
599 2347 742 2383 ὁμοοὺσιον
766 2347 855 2382 ἑαυτῷ

76 2393 223 2433 γεγέννηκε,
240 2398 391 2432 γεγέννηκε
414 2395 442 2421 δὲ
464 2396 477 2421 6
491 2395 556 2426 Θεὸς
571 2393 617 2420 τὸν
632 2394 771 2429 Μονογενῆ
781 2413 788 2424 ,
806 2394 855 2420 οὐκ

78 2442 132 2469 ὂντα
143 2443 230 2475 νόθον,
251 2443 396 2477 όμοοὺσιον
412 2440 465 2474 ἄρα
486 2439 573 2474 ἐαυτῷ
586 2439 760 2473 γεγέννηκεν.
778 2439 808 2464 EI
827 2437 855 2463 δὲ

77 2489 148 2520 γεννᾷ
175 2488 234 2522 μὲν,
251 2488 326 2514 νόθον
345 2487 376 2513 δὲ
390 2486 522 2520 γεννήσας
539 2485 570 2511 οὐ
586 2484 743 2519 γεγέννηκε.
759 2485 856 2520 Χεῖρον

78 2533 121 2569 γὰρ
134 2533 162 2560 τὸ
176 2534 249 2570 παρὰ
267 2533 351 2568 φύσιν
365 2531 415 2558 τοῦ
432 2531 553 2566 ιιηδόλως
567 2530 758 2565 γεγεννῆσθαι.

403 2635 503 2661 ΑΛΛΟ.

101 2693 128 2723 El
149 2696 192 2723 τὸν
217 2694 368 2729 Μονογενῆ
405 2693 538 2728 γεννήσας
562 2693 576 2718 6
604 2691 670 2723 Θεὸς
694 2691 741 2717 καὶ
763 2692 856 2726 Πατὴρ

75 2744 218 2777 κρειττόνως
238 2741 324 2778 ἡμῶν
354 2739 525 2774 γεγέννηκε,
550 2738 699 2772 γεννῶντες
724 2737 752 2764 δὲ
776 2738 858 2772 ἡμεῖς

77 2789 273 2823 προϋπάρχομεν
289 2786 349 2812 τῶν
365 2785 584 2819 γεγεννημένων,
599 2785 665 2816 Θεὸς
687 2785 740 2819 ἄρα
754 2785 857 2819 γεννῶν

76 2833 99 2858 οὐ
124 2833 305 2869 προϋπάρχει.
335 2831 371 2857 Εἰ
395 2830 424 2856 δὲ
450 2831 581 2862 ὡσαύτως
603 2832 668 2866 ἡμῖν
693 2831 856 2866 γεγέννηκεν

216 2882 360 2911 ΡΑτριοι.
386 2879 443 2909 Gn.
469 2880 579 2909 LXX".

908 2245 978 2265 nem.

1237 2293 1351 2320 ALIUD.

943 2350 970 2377 Si
985 2342 1115 2386 quidquid
1129 2351 1222 2386 genuit
1235 2359 1288 2378 non
1308 2350 1441 2385 Spurium,
1460 2351 1692 2380 consubstantrale

907 2396 958 2423 sibi
972 2396 1021 2431 ipsi
1037 2397 1138 2430 genuit,
1151 2397 1222 2424 Deus
1233 2400 1322 2423 autem
1337 2395 1427 2431 genuit
1441 2395 1624 2430 Unigenitum,
1636 2403 1691 2423 non

907 2443 1047 2476 spurium;
1063 2441 1392 2478 ergofconsubslantialem
1407 2441 1457 2469 sibi
1469 2442 1571 2477 genuit.
1587 2441 1615 2469 Si
1630 2441 1692 2476 qui-

907 2489 969 2516 dem
984 2488 1079 2523 gignit,
1095 2488 1141 2516 sed
1156 2489 1278 2523 spnrium
1294 2488 1469 2523 gignensnon
1483 2488 1584 2522 genuit.
1613 2486 1692 2521 Pejus

908 2536 979 2563 enim
996 2540 1035 2562 cst
1053 2539 1151 2569 praeter
1166 2539 1290 2561 naturam
1304 2541 1375 2568 esse,
1393 2542 1472 2568 quam
1496 2534 1522 2561 in
1535 2533 1692 2561 universum

909 2580 1029 2614 genitum
1045 2587 1096 2606 non
1111 2586 1180 2606 esse.

1242 2635 1356 2663 ALIUD.

944 2693 972 2720 Si
988 2700 1048 2720 cum
1067 2691 1137 2719 Deus
1162 2699 1194 2718 ac
1208 2691 1286 2719 Pater
1305 2691 1477 2726 Unigenitum
1501 2692 1593 2726 genuit
1616 2691 1694 2724 longe

908 2738 1094 2773 praestantiore
1110 2737 1188 2764 modo
1210 2744 1290 2771 quam
1305 2744 1353 2763 nos
1365 2736 1473 2771 genuit;
1490 2744 1539 2763 nos
1555 2744 1619 2763 vero
1633 2743 1693 2762 cum

910 2789 1070 2818 generamns
1096 2781 1200 2814 priores
1226 2788 1304 2815 quam
1326 2781 1370 2814 qui
1395 2789 1428 2808 ex
1448 2781 1525 2808 nobis
1550 2781 1694 2815 gignuntur

911 2828 1082 2861 exsistimus;
1097 2827 1168 2855 Deus
1179 2833 1243 2862 ergo
1252 2826 1347 2854 Filium
1358 2827 1469 2862 gignens
1483 2827 1555 2859 prior
1568 2827 1625 2860 ipso
1640 2832 1691 2851 non

1502 2874 1518 2903 5
