1920 3031
206 114 256 141 159

701 111 730 139 S.
750 108 886 137 CYRllJJ
908 105 1140 134 ΑιελΑΝυιιιΝι
1161 108 1321 136 ARCIIIEP.

1792 113 1855 141 HO

207 171 322 200 exstitit.
336 170 364 199 Si
381 175 472 199 autem
486 170 557 198 Deus
575 170 633 206 pari
648 169 753 196 ratione
768 175 820 202 qua
834 173 893 198 nos,
914 164 994 200 gignit

1053 166 1117 201 [οὐκ
1134 167 1166 194 ἂν
1183 167 1238 203 γὰρ
1254 169 1324 195 εἴποι
1341 178 1381 202 τις
1398 171 1552 206 ἠττόνως),
1570 173 1709 209 γεννῶμεν
1722 174 1744 201 δ’
1759 175 1854 210 ἡμεῖς

207 218 297 253 (nemo
317 217 389 245 cnim
409 217 507 245 dixerit
525 217 662 244 deteriore
675 214 754 242 modo
771 213 845 240 illum
862 210 994 246 gignere),

205 271 255 292 nos
277 272 341 293 vero
352 272 385 292 ex
398 269 490 293 nostra
519 265 639 299 ipsorum
665 260 815 290 substantia
841 257 995 293 gignimus:

204 312 276 339 Deus
291 312 383 347 itaque
416 312 499 339 etiam
524 319 557 338 ex
580 317 628 338 sua
651 308 735 343 ipsius
753 306 872 334 eSSenlia
893 304 995 340 genuit.

204 357 338 391 Quocirca
354 356 586 386 consubstantiale
601 355 625 381 ei
642 353 751 381 omnino
761 351 786 378 id
802 352 873 386 quod
892 358 924 378 ex
939 351 996 385 ipso

204 404 324 438 genitum
336 407 386 437 est,
400 401 555 431 necessario
572 397 745 427 statuendum
762 402 813 424 est.

537 455 655 484 ALIUD.

241 517 270 544 Si
281 516 400 544 omnium
411 517 598 542 creaturarum
620 511 738 539 mundus
753 509 916 538 universalis
939 507 996 536 vel-

207 563 244 590 uti
266 570 351 597 genus
369 565 428 593 est,
447 558 623 593 particularia
638 565 703 585 vero
719 561 782 584 sunt
802 555 910 591 generis
931 562 995 590 ape-

205 609 272 640 cies,
288 607 377 635 factus
406 610 496 632 autem
525 608 565 632 est
586 603 686 636 Filius;
714 602 819 638 species
846 601 929 637 igitur
955 605 997 629 est

205 654 324 689 generis,
338 653 394 680 hoc
412 656 456 678 est
473 650 578 678 mundi.
595 649 622 677 Si
634 657 698 677 vero
713 648 818 684 species
830 647 922 676 mundi
942 654 995 674 non

203 699 327 735 cst,quia
358 699 486 726 nimirum
511 701 573 724 ante
605 696 734 723 mundum
764 693 878 725 exstitit,
909 699 997 727 neque

203 746 262 774 lieri
277 749 367 781 potest
378 750 407 772 ut
417 744 523 779 species
544 743 620 778 prius
631 741 747 769 exsistat
760 747 842 775 quam
859 746 995 775 genus,“

203 793 303 821 mundo
315 798 426 827 prorsus
439 797 491 818 nan
504 789 634 823 εει.ουοά
649 788 672 816 si
685 788 722 814 ita
739 792 791 819 est,
812 794 866 814 non
878 785 994 818 mundo,

200 839 250 868 sed
261 837 377 867 creatori
392 836 485 864 mundi
503 833 745 863 consubstantialis
762 833 825 860 erit.

541 890 658 918 ALIUD.

239 951 267 978 Si
283 956 377 978 eorum
397 955 457 983 quae
472 951 546 980 sunt,
564 945 635 973 aliud
658 949 700 973 est
726 944 808 978 Deus,
822 942 893 970 aliud
917 949 996 969 mun-

201 996 262 1028 dus,
279 994 435 1022 necessario
454 993 539 1020 Filius
561 996 607 1019 aut
629 991 730 1018 mundo
743 989 892 1018 secundum
907 993 997 1015 ortum

202 1049 280 1070 suum
307 1040 432 1076 proprius
468 1039 530 1072 erit,
557 1042 603 1065 aut
627 1037 682 1064 Deo
719 1037 868 1064 secundum
894 1042 990 1062 essen-

202 1089 278 1115 tiam.
295 1087 361 1114 Cum
373 1093 438 1113 vero
449 1084 549 1112 mundo
564 1083 692 1119 proprius
714 1090 768 1110 non
795 1082 842 1114 sit,
857 1081 921 1116 quia
937 1079 995 1107 ﬁeri

202 1141 255 1160 nun
286 1136 376 1168 potest
405 1135 434 1158 ut
462 1129 601 1165 proprium
625 1128 765 1163 aproprio
797 1131 915 1156 creetur.
946 1125 998 1153 erit

200 1178 284 1213 igitur
312 1177 427 1205 creatori
452 1175 545 1202 mundi
567 1174 622 1202 Deo
635 1173 887 1202 consubstantialis.

390 1239 681 1285 ASSEBTIO
714 1240 805 1283 XI.

203 1317 281 1351 Quod
298 1315 531 1351 consubstantialis
561 1316 595 1342 sit
621 1313 708 1341 Filius
738 1312 827 1344 Patri,
852 1321 884 1339 ea;
904 1312 992 1340 dicto.

410 1360 419 1376 ι
439 1349 523 1377 Pater
540 1350 628 1385 major
640 1357 678 1376 nte
693 1353 741 1376 est.
758 1357 768 1374 ›

419 1406 476 1443 84
493 1406 612 1441 Objeclio
631 1406 766 1433 Eunomii.

235 1465 303 1499 Quae
318 1464 424 1496 eadem,
440 1463 536 1497 inquit,
553 1461 705 1489 substantia
719 1466 845 1490 constant
874 1466 900 1489 et
924 1461 996 1496 ejus-

1047 213 1080 239 ἐκ
1096 213 1146 248 τῆς
1160 214 1266 241 ἑαυτῶν
1282 215 1386 249 οὐσίας,
1401 217 1449 243 καὶ
1462 217 1527 250 Θεὸς
1545 219 1598 255 ἄρα
1613 220 1645 246 ἐκ
1666 220 1717 256 τῆς
1739 220 1852 249 ἑαυτοῦ

1047 260 1212 296 γεγέννηκεν
1237 261 1340 293 οὐσίας.
1368 264 1466 299 Διόπερ
1493 265 1634 300 ὁμοούσιον
1657 266 1733 302 αὐτῷ
1755 267 1788 294 τδ
1815 265 1853 298 ἐξ

1047 304 1129 332 αὐτοῦ
1147 305 1255 338 πάντως
1269 315 1320 333 που
1333 308 1381 334 καὶ
1395 307 1552 343 ἀναγκαίως
1564 310 1686 339 τίθεσθαι
1701 312 1768 347 χρή.

1384 451 1486 479 AAAO.

1083 508 1115 535 Et
1128 506 1183 534 τῶν
1199 508 1322 544 γενητῶν
1332 509 1346 535 ὁ
1363 509 1479 536 καθόλου
1490 509 1593 546 κόσμος
1607 510 1702 548 ὥσπερ
1718 520 1745 539 τι
1762 512 1852 546 γένος

1047 553 1118 587 ἐστὶ,
1131 554 1179 581 τοῦ
1193 554 1221 581 δὲ
1241 555 1335 588 γένους
1350 555 1380 581 τὺ
1396 555 1466 582 κατὰ
1481 557 1563 592 μέρος
1580 554 1661 590 εἶδος,
1678 557 1735 585 ἐστι
1748 558 1779 585 δὲ
1795 566 1852 592 γε-

1046 600 1126 636 νητὸς
1140 602 1154 627 ὀ
1172 601 1251 634 Υἱὸς,
1273 599 1342 634 εἶδος
1361 601 1417 637 ἄρα
1438 603 1498 629 ἐστὶ
1522 603 1569 630 τοῦ
1585 604 1694 637 γένους,
1714 605 1851 632 τουτέστι

1047 647 1095 674 τοῦ
1109 647 1222 682 κόσμου.
1240 648 1273 674 Εί
1287 648 1316 674 δὲ
1330 648 1367 684 μὴ
1383 648 1456 676 ἔστιν
1470 646 1540 681 εἶδος
1557 650 1603 677 τοῦ
1615 650 1731 685 κόσμου,
1746 650 1794 678 διὰ
1815 650 1851 676 τὸ

1046 694 1094 720 καί¹
1118 694 1306 730 προῡπόιρχειν
1330 695 1431 727 αὐτοῦ,
1455 696 1495 731 τῷ
1526 696 1564 732 μὴ
1589 696 1743 731 ἐνδέχεσθαι
1775 705 1852 732 προ-

1048 739 1182 775 ϋπάρχειν
1191 740 1221 766 τὸ
1233 738 1303 772 εἶδος
1312 740 1360 767 τοῦ
1371 741 1478 775 γένους,
1487 742 1547 768 οὐδὲ
1558 742 1589 768 ἐκ
1599 742 1646 769 τοῦ
1658 743 1764 778 κόσμου
1774 742 1851 772 ὅλως

1046 784 1132 812 ἐστὶν.
1157 785 1189 811 Εί
1213 785 1242 812 δὲ
1266 785 1356 818 τοῦτο,
1379 786 1427 813 τοῦ
1453 787 1629 822 κοσμοποιοῦ,
1653 787 1712 814 ἀλλ’
1734 788 1768 814 οὐ
1795 787 1850 813 τοῦ

1010 849 1033 877 Β
1047 831 1161 867 κόσμου,
1179 831 1209 864 ἐξ
1223 832 1348 868 ἀνάγκης
1360 832 1435 859 ἔσται
1448 833 1602 868 ὁμοοὺσιος.

1392 890 1494 918 ΑΛΛΟ.

1084 946 1115 972 Ει
1129 946 1183 973 τῶν
1197 946 1282 974 ὄντων
1295 947 1326 974 τὸ
1343 947 1391 982 μὲν
1411 947 1470 973 ἐστὶ
1483 947 1559 980 Θεὸς,
1583 947 1613 974 τὸ
1629 947 1658 974 δὲ
1680 947 1797 982 κόσμος,
1816 947 1849 979 ἐξ

1048 993 1172 1029 ἀνάγκης
1186 994 1200 1020 ὁ
1215 993 1278 1025 Υἱὸς
1293 993 1309 1029 ἢ
1331 993 1434 1028 κόσμου
1450 993 1516 1025 ἴδιός
1539 994 1596 1020 ἐστι
1615 995 1686 1021 κατὰ
1699 994 1751 1029 τὴν
1767 994 1849 1028 γένε-

1049 1048 1101 1070 σιν,
1118 1040 1133 1075 ἢ
1151 1039 1218 1066 Θεοῦ
1234 1039 1306 1066 κατὰ
1320 1039 1369 1074 τὴν
1389 1039 1493 1067 οὐσίαν.
1514 1040 1623 1075 Ἐπειδὴ
1639 1040 1667 1066 δὲ
1683 1040 1721 1076 μὴ
1735 1040 1847 1074 κόσμου

1050 1086 1116 1118 ἴδιος
1137 1085 1175 1121 τῷ
1193 1086 1231 1122 μὴ
1254 1086 1411 1121 ἐνδέχεσθαι
1431 1086 1461 1112 τὺ
1476 1086 1541 1113 ίδιον
1561 1087 1612 1113 ὑπὸ
1628 1086 1692 1113 ἰδίου
1705 1087 1846 1121 δημιουρ-

1048 1132 1157 1167 γεῖσθαί
1175 1141 1240 1159 ποτε
1252 1152 1259 1164 ,
1278 1132 1324 1159 τοῦ
1348 1132 1514 1168 κοσμοποισῦ
1533 1133 1587 1168 ἀρα
1605 1132 1673 1159 Θεοῦ
1696 1132 1847 1168 ὁμοοὺσιός

1047 1179 1132 1206 ἐστιν.

1295 1241 1480 1285 ΛΟΓΟΣ
1517 1242 1592 1287 ΙΑ’.

1048 1321 1112 1348 Ὅτι
1137 1322 1298 1355 ὀιιοούσιος
1320 1323 1336 1348 ὀ
1369 1322 1435 1354 Υἱὸς
1452 1320 1492 1354 τῷ
1512 1321 1618 1355 Πατρὶ,
1642 1320 1842 1355 προκειμένου

1131 1357 1226 1390 ῥητοῦ
1237 1365 1243 1371 “
1256 1366 1265 1383 ‹
1284 1357 1310 1383 '0
1326 1356 1427 1391 Πατὴρ
1439 1355 1544 1391 μείζων
1553 1357 1612 1391 μού
1625 1356 1720 1383 ἐστιν.
1739 1365 1748 1381 ι

1183 1413 1343 1446 Ἂντίθεσις
1355 1413 1395 1446 ὡς
1407 1413 1441 1440 ἐκ
1455 1412 1514 1440 τῶν
1528 1413 1688 1447 Εὐνομίου.

1083 1469 1124 1496 Τὰ
1138 1470 1188 1506 τὴν
1211 1470 1296 1505 αὐτὴν
1312 1470 1407 1496 οὐσίαν
1428 1469 1554 1504 λαχόντα,
1575 1469 1668 1504 φησὶν,
1683 1469 1794 1504 ὀμοφυῆ
1811 1477 1843 1496 τε

203 1511 262 1538 dem
276 1514 381 1537 natura:
399 1512 473 1541 sunt,
492 1515 546 1534 non
561 1507 696 1541 recipiunt
717 1507 743 1534 in
774 1515 804 1535 se
837 1507 994 1534 naturaliter

1053 1514 1110 1543 ivra
1133 1517 1183 1543 οὐκ
1207 1516 1298 1551 ἔχουσι
1322 1515 1383 1542 καθ’
1408 1516 1512 1543 ἑαυτῶν
1532 1515 1655 1550 φυσικῶς
1679 1515 1711 1542 τὸ
1735 1515 1841 1550 μεῖζον,

203 1557 301 1592 magis,
319 1562 410 1589 neque
431 1554 531 1582 minus.
563 1552 657 1588 Neque
682 1553 753 1580 enim
784 1554 876 1586 homo,
893 1553 997 1581 ratione

203 1603 375 1635 substantiae,
409 1601 495 1636 magis
523 1600 604 1628 homo
633 1606 675 1628 est
702 1608 783 1636 quam
801 1601 879 1635 alius,
903 1605 997 1628 utnec

202 1657 289 1686 equus
297 1657 376 1684 equo.
395 1647 423 1675 Si
440 1654 505 1682 ergo
521 1647 606 1674 Filius
618 1646 683 1674 dicit
692 1645 801 1674 Patrem
821 1654 851 1674 se
866 1647 996 1682 majorem

202 1704 273 1728 esse,
292 1693 524 1723 consubstantiale
536 1698 627 1720 autem
659 1693 884 1720 consubstantiali
909 1692 996 1728 majus

202 1750 328 1771 essenon
343 1746 431 1778 potest
452 1742 558 1769 ratione
579 1740 756 1773 substantim;
774 1747 826 1768 non
844 1743 885 1768 est
912 1739 997 1775 igitur

203 1791 226 1818 ei
238 1787 493 1817 consubstantialis.

461 1844 563 1871 Salutio
580 1843 746 1878 objectiouis.

238 1903 387 1938 Oportebat
404 1910 470 1930 sane
488 1901 665 1929 istosChristi
693 1901 785 1928 hostes
815 1899 994 1935 undequaque

203 1949 342 1976 veritatem
361 1947 447 1974 sacris
477 1945 601 1979 Litteris,
619 1945 745 1972 traditam
773 1944 946 1980 investigare,
962 1951 992 1971 ea

202 2001 262 2030 qua:
281 1994 314 2021 de
329 1994 410 2021 Patre
423 1997 449 2020 et
465 1991 534 2019 Filio
547 1992 676 2019 dicuntur
705 1991 909 2026 expendentes;
940 1999 992 2018 non

203 2045 293 2067 autent
308 2047 356 2075 pro
366 2047 415 2066 sua
432 2038 544 2066 libidine
557 2038 729 2073 syllogismos
742 2036 880 2071 eiiingere,
907 2041 993 2070 atque

203 2090 426 2122 argumentorum
443 2091 529 2112 nexus
539 2083 707 2119 excogitare.
726 2082 753 2109 Si
771 2083 841 2109 enim
854 2081 994 2109 oilendun-

203 2136 249 2158 tur
264 2131 371 2158 dicente
398 2129 466 2157 Filio
481 2137 487 2155 ι
505 2139 514 2156 ‹
531 2129 612 2156 Pater
631 2128 718 2163 major
743 2134 786 2154 me
797 2130 840 2153 est
855 2127 897 2152 "z
914 2135 923 2151 ›
952 2125 992 2159 iu-

204 2181 299 2204 ventur
310 2176 451 2204 audientes
469 2175 503 2203 de
519 2175 577 2210 ipso
591 2174 712 2202 dictum:
732 2182 740 2198 ι
757 2172 808 2205 Qui
834 2179 894 2199 cum
920 2176 992 2199 esset

203 2225 231 2251 in
248 2223 333 2250 forma
349 2222 412 2256 Dei,
430 2230 483 2249 non
504 2220 626 2255 rapinam
649 2219 797 2246 arbitratus
817 2222 859 2244 est
883 2225 913 2245 se
932 2225 992 2246 esse

203 2269 334 2305 aequalem
347 2269 403 2296 Deo
418 2269 449 2295 ”.
467 2277 476 2294 ι
493 2267 569 2301 Quod
583 2270 610 2294 et
631 2265 748 2293 Joannes
769 2264 940 2299 apertissime
953 2264 993 2291 di-

203 2318 239 2344 cit.
257 2325 264 2343 :
283 2325 292 2342 ι
309 2315 376 2348 Quia
389 2315 497 2342 Patrem
512 2320 589 2341 suum
613 2311 719 2338 dicebat
741 2311 836 2342 Deum,
861 2310 991 2345 aequalem

203 2363 323 2396 seipsum
344 2361 446 2388 iaciens
459 2359 513 2387 Deo
530 2359 564 2385 ”.
582 2367 592 2384 ι
608 2356 636 2385 Si
654 2365 728 2391 ergo,
745 2356 822 2391 juxta
836 2363 990 2384 sanctorum

203 2415 308 2440 vocem,
325 2406 438 2442 aqualis
449 2405 522 2432 Patri
539 2408 592 2435 est,
609 2409 725 2437 quonam
738 2406 817 2437 pacto
836 2403 887 2429 erit
904 2403 991 2430 diver-

202 2461 239 2481 sae
253 2453 286 2481 ab
300 2460 332 2480 eo
345 2450 524 2479 substantiae?
545 2449 672 2476 Dicemus
683 2447 754 2474 enim
778 2448 818 2475 eis
836 2448 916 2475 etiam
942 2455 990 2475 nos

200 2499 273 2535 quod
286 2501 463 2533 qumnaturte
489 2495 644 2530 aequalitate
665 2493 735 2521 inter
761 2501 790 2521 se
816 2494 990 2527 conveniunt,

201 2542 445 2572 consubstantialia
463 2549 525 2569 esse
555 2547 668 2569 necesse
695 2541 740 2574 sit,
764 2540 989 2575 quemadmodum

203 2590 283 2618 homo
296 2588 410 2623 homini,
423 2593 449 2615 et
460 2587 547 2623 equu's
561 2595 642 2623 equo.

536 2645 652 2673 ALIUD.

240 2701 268 2727 ln
299 2701 466 2736 incorporeis
495 2701 580 2736 majus
605 2706 632 2730 et
656 2702 745 2730 minus
769 2709 822 2729 non
838 2702 987 2736 quantitate

203 2746 382 2780 mstimantur,
398 2755 540 2784 corporum
556 2750 627 2777 enim
653 2749 678 2777 id
695 2749 836 2784 proprium
853 2753 906 2782 est,
940 2749 986 2776 sed

239 2823 349 2854 "Joan.
368 2833 422 2862 xiv,
443 2829 487 2858 28.
528 2831 550 2846 η
565 2829 682 2863 Philipp.
699 2836 729 2862 ιι,
742 2828 768 2856 6.
809 2829 829 2844 ¹⁷
844 2828 921 2857 Joan.
937 2836 964 2859 ν,
982 2828 1025 2856 18.

1048 1563 1105 1589 ἀλλ’
1123 1562 1185 1589 οὔτε
1201 1562 1231 1589 τὸ
1248 1563 1366 1589 ἔλαττον.
1384 1563 1422 1589 Οὐ
1437 1562 1492 1598 γὰρ
1512 1562 1614 1598 μείζων
1629 1561 1774 1597 ἄνθρωπος
1795 1562 1843 1588 ἀν-

1049 1609 1158 1645 θρώπου
1173 1609 1245 1636 κατὰ
1263 1609 1308 1636 τὸν
1325 1609 1375 1648 τῆς
1388 1609 1481 1640 οὐσίας
1498 1608 1585 1643 λόγον,
1609 1609 1667 1635 ἀλλ’
1681 1609 1742 1635 οὐδὲ
1757 1609 1843 1640 ἵππος

1049 1655 1132 1682 ῐππου
1155 1654 1248 1690 τυχόν.
1274 1654 1306 1681 Ει
1328 1654 1419 1680 τοίνυν
1450 1653 1547 1680 ἑαυτοῦ
1577 1653 1688 1688 μείζονά
1715 1662 1799 1688 φησιν
1827 1654 1843 1680 6

1020 1706 1029 1714 ‘
1048 1701 1111 1732 Υἱὸς
1130 1699 1199 1727 εἶναι
1215 1700 1262 1727 τὸν
1277 1700 1398 1736 Πατέρα,
1413 1699 1556 1734 ὁμοούσιον
1578 1699 1607 1726 δὲ
1631 1699 1775 1734 ὀμοουσίου
1789 1699 1843 1725 οὐκ

1048 1748 1081 1774 ἂν
1099 1748 1140 1782 εἴη
1157 1746 1248 1782 μεῖζον
1265 1746 1336 1774 κατὰ
1363 1746 1409 1773 τὸν
1430 1746 1479 1781 τῆς
1493 1745 1587 1777 οὐσίας
1609 1745 1698 1780 λόγον,
1715 1745 1764 1772 οὐκ
1784 1745 1843 1780 ἄρα

1046 1793 1188 1829 ὁμοούσιος
1203 1793 1278 1828 αὐτῷ
1297 1794 1381 1820 ἐστιν.

1295 1851 1372 1884 Πρὸς
1388 1850 1477 1877 τοῦτο
1490 1851 1590 1883 λύσις.

1083 1908 1155 1934 Ἔδει
1173 1908 1236 1939 τοὺς
1257 1907 1458 1943 χριστομάχους
1474 1906 1642 1942 πανταχόθεν
1664 1907 1712 1942 τὴν
1733 1907 1762 1933 ἐν
1776 1908 1841 1938 ταῖς

1045 1953 1131 1985 θείαις
1155 1953 1277 1989 Γραφαίς
1301 1953 1431 1987 ἀλήθειαν
1447 1952 1581 1988 θηρᾶσθαι
1607 1951 1783 1985 σπουδάζειν,
1802 1953 1839 1979 τὰ

1044 2000 1109 2035 περὶ
1123 1999 1229 2034 Πατρδς
1239 1998 1286 2025 καὶ
1303 1998 1367 2025 Υίοῦ
1381 1998 1570 2034 γυμνάζοντας
1580 2007 1587 2014 ·
1602 1999 1633 2025 οὐ
1648 1998 1716 2034 πρὸς
1730 1998 1780 2031 τὰς
1798 2000 1840 2025 οἱ-

1044 2045 1121 2077 κείας
1138 2044 1236 2080 ἡδονὰς
1252 2045 1359 2076 ἑαυτοῖς
1377 2044 1558 2071 ἀναπλάττειν
1571 2043 1779 2079 συλλογισμοὺς,
1788 2045 1838 2072 καὶ

1045 2091 1148 2123 πλοκὰς
1172 2092 1291 2118 ἐπινοεῖν
1312 2091 1457 2127 νοημάτων
1472 2091 1706 2126 διεστραμμένων.
1727 2092 1758 2118 Εί
1781 2093 1839 2127 γὰρ

1044 2136 1266 2168 σκανδαλίζονται
1281 2137 1406 2171 λέγοντος
1420 2136 1466 2163 τοῦ
1486 2136 1551 2163 Υἱοῦ
1562 2145 1569 2153 ·
1593 2147 1602 2163 ‹
1624 2137 1654 2163 ὐ
1669 2138 1765 2173 Πατήρ
1783 2146 1838 2173 μου

1007 2187 1029 2215 D
1046 2181 1147 2219 μείζων
1168 2183 1218 2218 μού
1239 2183 1324 2214 ἐστιν,
1345 2192 1354 2209 ι
1374 2182 1583 2217 ὡφελείσθωσαν
1604 2183 1750 2215 ἀκούοντες
1769 2185 1839 2219 περὶ

1044 2228 1127 2255 αὑτοῦ
1139 2237 1145 2243 ·
1161 2229 1226 2260 «Ὃς
1242 2229 1271 2255 ὲν
1288 2230 1378 2264 μορφῇ
1392 2229 1459 2255 Θεοῦ
1473 2229 1612 2264 ὑπάρχων,
1626 2229 1675 2264 οὐχ
1685 2230 1839 2266 ἁρπαγμὸν

1044 2273 1166 2308 ἡγήσατο
1189 2273 1219 2299 τὺ
1236 2270 1306 2299 εἶναι
1331 2273 1377 2299 ἶσα
1399 2273 1468 2308 Θεῷ.
1487 2282 1496 2299 t
1515 2274 1547 2299 '0
1562 2273 1594 2310 δὴ
1609 2275 1761 2310 τρανότατα
1789 2276 1839 2302 καὶ

1051 2320 1176 2355 Ἰωάννης
1190 2319 1272 2354 φησιν
1283 2327 1290 2334 ·
1310 2319 1386 2346 ιὍτι
1400 2319 1510 2354 Πατέρα
1526 2319 1591 2346 ἴδιον
1605 2319 1680 2355 ἔλεγε
1697 2321 1743 2347 τὸν
1754 2321 1835 2354 Θεὸν,

1044 2366 1101 2393 ἴσον
1125 2366 1221 2393 ἑαυτὸν
1246 2365 1330 2392 ποιῶν
1352 2365 1389 2401 τῷ
1404 2365 1472 2400 Θεῷ.
1494 2376 1502 2392 ι
1525 2366 1555 2393 Et
1571 2366 1676 2400 τοίνυν,
1695 2366 1767 2393 κατὰ
1785 2367 1837 2403 τὴν

1044 2412 1097 2439 τῶν
1114 2412 1200 2446 ἁγίων
1216 2412 1322 2448 φωνὴν,
1339 2413 1367 2438 ἐν
1387 2412 1490 2447 ἰσότητι
1505 2412 1551 2438 τοῦ
1569 2413 1676 2448 Πατρός
1690 2413 1758 2445 ἐστι,
1776 2413 1837 2446 πῶς

1044 2458 1118 2484 ἔσται
1140 2459 1209 2493 πρὸς
1224 2457 1305 2485 αὐτὸν
1318 2458 1502 2492 ἑτεροιλύσιος;
1525 2458 1657 2494 Ἐροῦμεν
1672 2458 1727 2494 γὰρ
1741 2459 1836 2490 αὐτοῖς

1044 2505 1089 2531 καὶ
1106 2505 1187 2540 ἡμεῖς
1202 2505 1243 2531 ὅτι
1261 2505 1294 2531 τὰ
1313 2505 1416 2539 ἰσότητι
1432 2506 1500 2540 πρὸς
1513 2504 1615 2540 ἄλληλα
1637 2505 1761 2539 φυσικῶς
1777 2505 1836 2531 κεί-

1045 2559 1114 2585 μενα
1131 2550 1207 2577 ἔσται
1221 2550 1329 2582 πάντως
1351 2551 1398 2577 καὶ
1415 2551 1562 2585 ὁμοούσια·
1579 2550 1674 2585 ὥσπερ
1689 2549 1835 2585 ἄνθρωπος

1043 2595 1188 2632 ἀνθρώπῳ,
1202 2596 1250 2623 καὶ
1264 2596 1346 2627 ἵππος
1361 2597 1445 2632 ἵππῳ.

1377 2651 1479 2679 ΛΛΛΟ.

1084 2707 1145 2734 Ἐπὶ
1161 2707 1214 2734 τῶν
1229 2708 1381 2744 ἀσωμάτων
1407 2708 1437 2734 τὸ
1456 2708 1548 2743 μεῖζον
1565 2708 1611 2735 καὶ
1631 2708 1660 2734 τὸ
1673 2708 1785 2734 ἔλαττον
1800 2708 1830 2734 οὗ

1043 2751 1153 2786 μεγέθει
1178 2752 1311 2788 κρίνεται,
1337 2753 1471 2788 σωμάτων
1491 2752 1543 2788 γὰρ
1563 2752 1628 2780 ἴδιον
1651 2752 1748 2787 τοῦτο,
1765 2752 1830 2779 ἀλλὰ
