1920 3031
231 188 283 217 ιιὸ

572 239 686 266 ALIUD.

264 301 328 334 Qua:
343 298 464 333 ejusdem
484 290 643 325 substantia:
659 299 722 323 sunt
739 299 766 322 et
793 299 909 326 naturae,
933 293 1021 327 magis

228 347 311 374 etiam
331 344 441 381 proprie
453 343 526 371 inter
541 349 571 370 se
588 341 706 369 conferri
720 343 849 375 possunt;
866 347 926 374 qua:
956 345 1021 366 vero

229 393 267 420 ita
281 398 341 420 sese
354 397 409 418 non
426 389 537 421 habent,
550 388 597 415 sed
609 387 725 414 diversa:
739 390 846 412 natura:
856 389 929 415 sunt.
939 389 1021 419 atque

228 445 260 465 ea
278 438 312 466 de
326 442 408 465 causa
420 434 581 463 diversitate
596 431 717 467 quadam
733 431 805 459 inter
822 438 853 459 se
881 430 1020 463 distincta,
1038 427 1045 436 ‘

229 482 380 519 comparari
404 480 457 509 sibi
477 479 592 508 invicem
618 485 671 505 non
691 481 816 512 possunt.
842 475 935 510 Neque
947 475 1020 502 enim

230 531 374 566 quisquam
385 528 438 556 nisi
449 526 543 562 judicii
556 526 648 559 inops,
661 523 778 552 hominis
794 527 919 550 naturam
933 521 1022 556 inqui-

230 584 293 605 rens
306 576 389 608 dicat,
404 574 499 602 bovem
512 571 623 600 homine
637 569 771 605 majorem
785 575 858 600 esse,
878 571 925 594 aut
939 567 1021 594 vicis-

230 622 364 651 simbovis
372 624 498 648 naturam
520 625 601 647 nosse
615 616 721 648 volens,
737 614 809 642 dicat
823 613 960 642 hominem
985 620 1019 641 eo

229 668 359 703 majorem
373 673 444 694 esse.
462 665 534 699 Quae
554 663 626 692 enim
642 661 764 697 ejusdem
781 665 885 688 natura:
906 666 938 687 ac
959 665 1021 694 spe-

229 714 280 742 ciei
293 717 366 745 sunt,
380 717 410 739 ut
423 712 524 739 dictum
538 714 590 741 est,
607 716 638 736 ea
652 707 794 735 commode
811 711 930 740 apteque
951 705 1023 732 inter

229 768 258 788 se
268 759 456 789 conferuntur.
475 757 504 784 Si
525 757 617 790 itaque
630 755 782 786 confertur,
793 753 942 781 secundum
964 759 1022 784 ros,

229 805 315 834 Filius
327 813 388 833 cum
398 804 489 835 Patre,
506 802 612 830 ratione
629 800 740 835 majoris
756 804 784 827 et
810 799 935 831 minoris,
956 805 1024 825 con-

229 850 416 880 substantialis
430 853 506 877 certe
517 855 606 883 neque
622 847 748 874 diversus
762 845 796 873 ab
810 852 843 872 eo
872 845 936 872 erit.
951 844 1024 871 Con-

228 895 404 925 substantiale
420 900 510 922 autem
525 901 580 920 non
597 896 687 928 potest
718 889 948 919 consubstantiali
967 897 1023 916 ma-

226 943 271 976 jus
283 945 328 968 aut
338 941 428 968 minus
446 938 507 968 esse
520 939 625 966 ratione
637 937 797 965 substantia:
816 944 824 964 :
848 943 936 971 neque
951 935 1022 962 enim

230 989 311 1016 homo
327 987 435 1015 homine
450 986 537 1020 major
549 989 602 1016 est,
615 988 751 1019 quatenus
769 984 848 1011 homo
859 988 910 1010 est.
924 982 1024 1018 Equa-

229 1034 263 1061 lis
280 1033 362 1069 igitur
377 1037 418 1060 est
432 1037 459 1059 et
471 1031 712 1059 consubstantialis
745 1030 817 1056 Patri
854 1029 958 1061 Filius;
981 1036 1024 1056 ra-

229 1082 303 1108 tione
315 1077 589 1108 veroinearnationis
605 1077 741 1105 credimus
759 1075 864 1103 Patrem
880 1075 1015 1108 majorem

229 1135 244 1155 a
261 1126 329 1154 Filio
343 1124 684 1158 vocatum.Quandoenim
695 1123 892 1151 humanitatem
901 1129 1023 1157 assump-

230 1173 350 1207 slt,»tum
365 1172 446 1200 etiam
464 1175 494 1198 ut
509 1171 589 1198 homo
605 1171 656 1197 hoc
673 1169 755 1197 dixit.

566 1226 682 1255 ALIUD.

263 1286 436 1321 Quaecunque
451 1285 559 1320 proprie
578 1285 810 1319 comparationem
827 1283 897 1311 inter
926 1290 955 1310 se
977 1282 1024 1309 ad-

231 1333 353 1365 mittunt,
368 1331 613 1360 consubstantialia
627 1331 709 1357 etiam
737 1336 798 1358 sunt
816 1339 821 1355 :
848 1330 928 1357 homo
950 1329 1023 1356 enim

232 1378 345 1411 homini,
365 1382 393 1405 et
405 1385 494 1412 equus
508 1384 578 1411 equo
596 1375 747 1404 confertur.
773 1375 932 1402 Differ-entia
960 1382 1025 1402 vero

230 1425 322 1460 quaein
338 1424 370 1451 iis
385 1428 496 1458 estqua:
508 1422 628 1456 ejusdem
642 1421 741 1456 speciei
756 1425 830 1452 sunt,
852 1420 880 1447 in
896 1419 1024 1447 aceiden-

231 1470 302 1497 tibus
319 1468 465 1501 consistit;
489 1473 570 1502 atque
595 1467 661 1500 haec,
682 1471 711 1492 ut
726 1465 884 1500 plurimum,
911 1472 942 1492 ex
963 1472 1025 1500 pas-

231 1516 377 1547 sione,aut
391 1514 442 1542 alia
461 1513 590 1548 quapiam
607 1519 687 1538 causa
700 1511 777 1543 fiunt,
797 1519 849 1538 non
869 1511 895 1538 in
921 1511 1026 1538 ratione

231 1559 391 1587 substantia:
406 1559 458 1586 sita
475 1562 548 1591 sunt,
562 1558 595 1585 de
608 1565 661 1592 qua
678 1558 841 1591 przmlicctur
852 1557 959 1592 aliquod
978 1565 1025 1585 ac-

231 1606 391 1634 cidentium.
409 1605 444 1633 Ut
465 1604 581 1639 exempli
598 1604 698 1639 gratia,
719 1603 800 1631 homo
828 1604 937 1631 nomine
965 1611 1024 1631 ma-

228 1653 271 1687 jor
286 1656 339 1686 est,
353 1652 541 1686 magnitudine
559 1651 683 1686 corporis
697 1655 725 1678 et
742 1650 848 1682 robore,
861 1650 944 1677 animi
956 1658 1026 1684 pra:-

218 1699 329 1732 'sentia,
350 1697 451 1725 mentis
468 1697 611 1729 acumine;
630 1696 676 1724 sed
701 1704 753 1722 una
764 1697 890 1723 omnibus
908 1700 948 1723 est
963 1695 1026 1723 sub-

231 1745 338 1772 stantia:
352 1744 434 1775 ratio,
451 1750 504 1770 non
519 1750 583 1770 vero
598 1743 746 1777 separatim
761 1742 786 1769 in
811 1742 925 1778 singulis
941 1742 1027 1769 diver-

232 1797 271 1815 sa.
296 1787 455 1815 Accidentia
494 1791 586 1814 autem
619 1794 652 1813 ex
681 1787 808 1822 passione
843 1787 924 1814 veluti
957 1787 1028 1814 radi-

232 1841 263 1861 ce
302 1834 453 1861 oriuntur:
484 1840 517 1860 ex
552 1833 678 1867 passione
714 1833 785 1860 enim
823 1833 947 1860 infirmus
979 1834 1024 1868 qui

232 1884 273 1907 est
306 1879 446 1910 infirmus,
489 1883 516 1905 et
570 1880 664 1906 tardus
706 1878 840 1906 intellectu
878 1878 1026 1913 timidoque

233 1925 334 1952 animo.
349 1924 382 1952 Si
398 1931 463 1959 ergo
474 1931 526 1951 una
536 1929 576 1951 est
589 1929 686 1952 natura
700 1924 850 1959 eademque
865 1925 1026 1952 substantia:

234 1971 304 1997 ratio
321 1971 354 1998 iis
366 1978 426 2004 quae
435 1971 544 2005 proprie
575 1971 646 1998 inter
666 1977 696 1997 se
714 1971 865 2005 comparari
880 1974 997 2005 possunt
1016 1979 1023 1997 :

230 2023 291 2051 qua:
302 2024 365 2044 vero
378 2016 540 2044 substantiis
556 2015 683 2044 accidunt
701 2024 734 2043 ex
758 2016 885 2051 passione
900 2016 1025 2044 oriuntur

231 2066 321 2090 autex
336 2070 368 2090 eo
380 2062 453 2096 quod
475 2070 528 2089 non
551 2062 691 2097 patiuntur
711 2069 718 2088 :
741 2066 915 2096 eornparalur
934 2065 1024 2089 autem

233 2107 316 2134 Filius
329 2106 402 2134 Patri
420 2107 524 2134 ratione
540 2106 652 2140 majoris
667 2111 694 2134 et
705 2107 829 2140 minoris,
852 2107 962 2142 ipseque
977 2114 1024 2134 ex-

233 2159 273 2180 tra
290 2160 398 2180 omnem
415 2154 568 2188 passionem
586 2158 627 2180 est
638 2153 724 2188 ,(Deus
741 2155 812 2179 cnim
840 2153 893 2186 pati
909 2160 962 2180 non
981 2160 1025 2186 po-

232 2198 308 2233 test),
320 2197 480 2232 nulla'plane
493 2198 599 2226 ratione
611 2197 749 2232 superabit
762 2196 843 2223 Pater
859 2195 967 2228 Filium,
978 2197 1023 2231 qui

232 2244 352 2280 ejusdem
362 2252 423 2272 cum
439 2252 470 2272 eo
495 2245 618 2272 essentia:
638 2248 690 2277 est,
710 2243 855 2276 ornnisqtse
884 2245 986 2276 ξειικεὶω
1001 2244 1022 2270 is

233 2296 330 2324 expers
345 2294 395 2317 est.
408 2289 462 2325 87
477 2289 583 2316 Dicitur
598 2296 662 2316 vero
694 2287 791 2322 major,
810 2293 835 2313 ιμι
858 2288 1022 2322 principium

232 2336 359 2364 coaeterni
375 2336 530 2370 geniminis.

248 2391 282 2421 In
298 2393 380 2424 illud.
399 2393 508 2419 r-Pater
521 2393 566 2427 qui
582 2392 650 2418 irrisit
668 2399 722 2423 me,
739 2391 824 2426 major
837 2399 876 2417 me
890 2396 928 2418 cst
940 2392 972 2417 ἰ.
994 2403 1002 2416 ι

453 2481 495 2508 Ea:
510 2481 653 2514 obiectione
669 2479 803 2508 Eunomii.

265 2539 346 2573 Atqui
363 2538 493 2566 Servatur
506 2538 564 2572 ipse
579 2545 631 2564 non
647 2538 773 2569 obscure,
789 2537 887 2572 inquit,
902 2542 949 2565 aut
963 2546 1022 2565 am-

231 2584 326 2619 bigue,
345 2585 392 2610 sed
411 2583 582 2617 apertissime
600 2583 708 2610 Patrem
729 2583 857 2618 majorem
878 2591 907 2611 se
925 2589 1020 2617 vocat,

231 2636 292 2655 cum
309 2628 374 2655 dicit
392 2637 398 2654 :
418 2637 427 2654 ι
448 2628 528 2655 l'ater
542 2628 587 2663 qui
607 2628 680 2656 misit
697 2635 756 2662 me,
774 2628 861 2664 major
877 2636 919 2657 me
935 2634 987 2657 est.
1007 2639 1016 2655 ι

233 2674 261 2700 Si
279 2678 368 2700 autem
385 2674 526 2701 veritatem
543 2682 634 2702 verum
654 2675 745 2702 dicere
766 2674 901 2706 fatemini,
921 2675 1022 2703 veritas

232 2723 321 2745 autem
333 2719 482 2753 Christus,
500 2726 574 2748 certe
598 2719 727 2754 majorem
750 2728 778 2748 se
799 2720 880 2748 habet
901 2719 1020 2748 Patrem.

233 2763 307 2796 Quod
321 2765 343 2791 si
359 2765 395 2792 ita
409 2772 461 2798 est,
475 2767 614 2794 dissimilis
628 2768 710 2794 etiam
726 2767 766 2794 illi
782 2767 843 2795 erit.
859 2766 893 2795 At
907 2767 929 2795 si
944 2767 1023 2794 dissi-

233 2809 315 2842 milis,
331 2818 382 2838 non
400 2819 464 2846 ergo
479 2813 728 2841 consubstantialis.

267 2901 288 2917 ”
301 2900 380 2930 Joan.
402 2910 456 2935 xtv,
473 2903 518 2930 28.

726 179 754 206 s.
777 175 914 206 crntLLt
935 173 1171 202 ALEXANDRINI
1192 152 1353 201 suetum.

1821 171 1874 198 Hb

1417 232 1519 260 AAAO.

1108 290 1149 316 Τὰ
1163 290 1213 324 τῆς
1233 290 1319 325 αὐτῆς
1340 289 1434 322 οὐσίας
1456 288 1521 315 ὄντα
1547 287 1594 314 καὶ
1617 287 1726 322 φύσεως
1747 286 1797 313 καὶ
1821 287 1874 321 τὴν

1073 337 1142 372 πρὸς
1156 336 1260 371 ἄλληλα
1284 336 1429 372 σύγκρισιν
1444 334 1615 371 κυριωτέραν
1639 334 1814 369 ὲπιδέχεται¹
1839 339 1874 360 τα

1071 383 1099 409 δὲ
1117 383 1154 418 μὴ
1165 382 1251 414 οὕτως
1266 382 1372 418 ἔχοντα,
1388 381 1523 417 ἑτεροφυῆ
1535 380 1563 407 δὲ
1575 380 1650 412 ὕντα,
1661 380 1709 407 καὶ
1724 380 1769 406 διὰ
1791 378 1874 405 τοῦτο

1071 429 1227 464 τεμνόμενα
1255 428 1322 464 πρὸς
1351 427 1564 463 ἀλλοτριότητα,
1592 427 1642 453 οὐκ
1671 426 1705 453 ἂν
1740 425 1874 461 ἀλλήλοις

1075 476 1266 511 συγκρίνοιτο·
1281 475 1445 503 ἀπαιδευσία
1462 474 1517 510 γὰρ
1533 473 1612 500 τοῦτό
1634 482 1676 508 γε.
1699 473 1738 500 Οὐ
1753 473 1814 508 γὰρ
1841 472 1875 499 ἄν

1073 529 1115 553 τις
1130 521 1202 548 εἴποι
1214 521 1276 548 νοῦν
1293 520 1371 556 ἔχων,
1386 519 1498 555 μείζονα
1509 519 1557 546 τοῦ
1569 519 1713 554 ἀνθρώπου
1732 519 1781 545 τὸν
1795 517 1873 553 βοῦν,

1076 567 1126 602 τὴν
1141 567 1286 602 ἀνθρώπου
1299 566 1380 601 φύσιν
1395 565 1530 601 ἐρευνῶν·
1547 565 1601 592 οὐδ’
1616 563 1650 592 αὖ
1668 565 1748 592 πάλιν
1758 565 1814 600 τὴν
1825 564 1874 591 τοῦ

1077 613 1137 648 βοὸς
1150 613 1282 648 ἐκμαθεῖν
1299 613 1429 648 βούλοιτο,
1439 612 1551 648 μείζονα
1559 611 1655 638 τούτου
1667 612 1712 638 τὸν
1724 612 1876 647 ἄνθρωπον

1073 661 1157 695 λέγοι.
1175 660 1216 687 Τὰ
1230 659 1285 694 γὰρ
1304 660 1410 694 ὁμοφυῆ
1427 667 1457 685 τε
1472 658 1519 685 καὶ
1534 658 1645 693 ὁμοειδῆ
1659 677 1665 689 ,
1687 658 1820 693 καθάπερ
1837 658 1876 683 εἴ·

1075 714 1168 741 ρηται,
1185 705 1235 740 τὴν
1250 705 1318 740 πρὸς
1332 704 1435 739 ἄλληλα
1450 703 1595 738 σύγκρισιν
1612 703 1761 729 ἀκόλουθόν
1774 711 1808 728 τε
1826 703 1875 728 καὶ

1076 751 1235 786 πρέπουσαν
1249 751 1317 786 ἔχει.
1333 751 1364 777 Εί
1384 750 1474 776 τοίνυν
1490 750 1683 786 συγκρίνεται,
1702 750 1765 776 καθ’
1785 750 1873 784 ὑμᾶς.

1073 798 1088 823 6
1101 798 1164 830 Υἱὸς
1178 797 1217 833 τῷ
1233 798 1320 833 Πατρὶ
1335 797 1406 823 κατὰ
1420 796 1450 823 τὸ
1468 795 1560 832 μεῖζον
1573 797 1621 824 καὶ
1638 796 1760 829 ἔλαττον,
1774 797 1875 832 ὁμοούς

1076 855 1133 877 σιος
1152 845 1207 881 ἄρα
1223 845 1270 872 καὶ
1281 845 1330 871 οὐκ
1346 845 1486 880 ἀλλότριος
1501 843 1583 871 αὐτοῦ
1601 845 1686 871 ἐστιν.
1709 843 1874 879 Ὀμοούσιον

1039 237 1060 264 Δ

1076 890 1104 916 δὲ
1118 889 1262 924 ὁμοουσίου
1277 889 1326 915 οὐκ
1343 888 1376 915 ἂν
1389 889 1494 923 γένοιτο
1510 889 1601 924 μεῖζον
1613 889 1659 915 καὶ
1675 888 1789 915 ἔλαττον
1802 889 1875 914 κατὰ

1040 925 1061 954 Β
1075 937 1121 963 τὸν
1137 936 1186 971 τῆς
1203 936 1297 966 οὐσίας
1311 936 1388 970 λόγον
1404 945 1410 950 ·
1425 936 1455 962 οὐ
1472 936 1526 971 γὰρ
1540 935 1641 971 μείζων
1655 936 1803 970 ἄνθρωπος
1825 936 1873 961 ἀνι

1075 982 1198 1017 Θρὼπου,
1214 982 1282 1009 καθὸ
1298 982 1452 1018 ἄνθρωπος.
1472 983 1544 1014 "lca;
1561 982 1615 1018 ἄρα
1627 982 1666 1018 τῷ
1682 982 1773 1017 Πατρὶ
1793 982 1874 1008 καιό

1075 1029 1139 1060 Υἱὸς
1165 1029 1212 1056 καὶ
1234 1029 1395 1064 ὁμοούσιος·
1419 1029 1600 1064 οἰκονομικῶς
1623 1029 1651 1055 δὲ
1677 1028 1805 1064 εἰρῆσθαι
1833 1037 1874 1054 πι-

1077 1075 1212 1111 στεύομεν
1229 1076 1276 1102 ἐπὶ
1294 1075 1342 1102 τοῦ
1366 1076 1474 1112 Πατρὸς
1494 1077 1524 1102 τὸ
1546 1075 1648 1111 μεῖζον.
1662 1075 1727 1102 Ὀτε
1751 1074 1809 1110 γὰρ
1830 1075 1873 1101 ὲν-

1077 1122 1264 1157 ανορωπήσας
1280 1121 1423 1157 φαίνεται,
1439 1122 1501 1148 τότε
1519 1122 1566 1149 καὶ
1581 1121 1659 1148 τοῦτό
1673 1129 1757 1157 φησιν
1769 1121 1809 1152 ὡς
1825 1120 1873 1148 ἄν·

1075 1166 1196 1201 θρωπος.
1247 1167 1259 1180 ¹

1412 1226 1517 1253 ΑΛΛΟ.

1112 1284 1181 1310 Ὅσα
1212 1283 1261 1318 τὴν
1288 1283 1356 1318 πρὸς
1383 1283 1484 1318 ἄλληλα
1509 1282 1654 1318 σύγκρισιν
1679 1283 1784 1319 κυρίως
1816 1283 1875 1317 ἐπι-

1074 1329 1193 1364 δέχεται,
1210 1329 1298 1356 ταῦτα
1313 1321 1425 1361 πάντως
1436 1329 1496 1356 ἐστὶ
1506 1330 1552 1356 καὶ
1565 1330 1698 1365 ὀμοούσια
1707 1338 1714 1345 ·
1725 1329 1874 1366 ἄνθρωπος

1075 1374 1130 1410 γὰρ
1147 1374 1283 1410 ἀνθρώπῳ
1296 1395 1304 1408 ,
1326 1376 1373 1402 καὶ
1389 1376 1471 1407 ἵππος
1490 1376 1566 1411 ἵππῳ
1586 1375 1775 1411 συγκρίνεται.
1798 1376 1832 1402 Ἥ
1847 1376 1875 1402 δὲ

1075 1421 1104 1447 ὲν
1116 1421 1172 1452 τοῖς
1186 1421 1321 1456 ὁμοειδέσι
1334 1421 1451 1457 διαφορὰ
1466 1422 1532 1457 περὶ
1547 1421 1581 1448 τὰ
1596 1421 1791 1457 συμϐεϐηκότα
1802 1421 1872 1447 ἐστί·

1076 1466 1123 1493 καὶ
1140 1466 1238 1499 ταῦτα,
1253 1467 1290 1499 ὡς
1304 1467 1350 1493 ἐπὶ
1363 1467 1498 1498 πλεῖστον,
1514 1468 1546 1494 ἐκ
1561 1467 1663 1499 πάθους
1678 1467 1795 1502 γίνεται,
1814 1466 1831 1502 ἢ
1846 1466 1874 1499 ἐξ

1076 1512 1172 1548 ἑτέρας
1184 1513 1256 1544 τινὸς
1269 1513 1370 1546 αἰτίας,
1387 1513 1437 1540 οὐκ
1453 1514 1481 1540 ἐν
1495 1513 1534 1549 τῷ
1545 1513 1617 1549 λόγῳ
1631 1514 1682 1548 τῆς
1700 1513 1797 1545 οὐσίας
1817 1513 1875 1540 κείι

1079 1567 1156 1593 μενα,
1171 1558 1232 1585 καθ’
1247 1557 1333 1594 οὗπερ
1357 1559 1390 1586 ἂν
1410 1560 1591 1595 κατηγοροῖτο
1612 1568 1637 1586 τι
1656 1558 1712 1586 τῶν
1738 1558 1874 1594 συμϐεϐη-

1040 1599 1062 1629 C
1077 1604 1174 1631 κότων.
1191 1602 1254 1631 Οἵον
1268 1605 1335 1640 φέρε
1351 1605 1455 1637 εἰπεῖν,
1478 1605 1623 1639 ἄνθρωπος
1646 1604 1791 1640 ἀνθρώπου
1817 1604 1874 1637 μεί-

1077 1648 1141 1682 ζων,
1162 1650 1274 1684 μεγέθει
1291 1649 1418 1686 σώματος
1443 1650 1490 1676 καὶ
1516 1649 1606 1684 ἰσχύϊ,
1622 1649 1712 1684 ψυχῆς
1728 1650 1874 1685 παραστή-

1078 1705 1155 1731 ματι,
1171 1697 1292 1729 διανοίας
1304 1697 1433 1732 ὀξύτητι·
1454 1697 1512 1723 ἀλλ’
1536 1694 1576 1728 εἷς
1601 1696 1651 1732 μὲν
1673 1696 1775 1723 ἅπασιν
1788 1697 1804 1722 6
1822 1696 1872 1730 τῆς

1077 1742 1169 1774 οὐσίας
1192 1742 1281 1776 λόγος,
1306 1743 1353 1769 καὶ
1367 1743 1398 1769 οὐ
1414 1742 1624 1778 μεμερισμένοις
1640 1743 1668 1768 'sv
1684 1742 1793 1776 ἑκάστῳ
1812 1742 1872 1768 διά-

1077 1796 1169 1823 φορος.
1183 1788 1224 1814 Τὰ
1240 1788 1268 1814 δὲ
1288 1788 1482 1823 συμϐεὸηκότα
1500 1787 1578 1823 ῥίζαν
1604 1788 1659 1822 ἔχει
1674 1787 1704 1814 τὸ
1720 1788 1808 1820 πάθος
1819 1796 1828 1803 “
1842 1789 1873 1814 ὲκ

1077 1833 1182 1865 πάθους
1202 1834 1256 1869 γὰρ
1272 1834 1388 1868 ἀσθενὴς
1411 1835 1426 1860 6
1449 1834 1583 1868 ἀσθενὴς,
1600 1834 1647 1860 καὶ
1669 1835 1683 1860 ὀ
1699 1834 1805 1869 νωθρὸς
1824 1834 1872 1869 τὴν

1076 1879 1206 1912 διάνοιαν,
1222 1879 1269 1906 καὶ
1286 1881 1300 1906 6
1317 1879 1418 1906 δειλίαν
1436 1879 1505 1914 ἔχων
1520 1881 1548 1906 ἐν
1564 1879 1648 1915 ψυχῇ.
1663 1880 1695 1906 Εἰ
1712 1880 1805 1906 τοίνυν
1823 1880 1872 1914 μία

1078 1925 1126 1959 μὲν
1147 1926 1163 1960 ἡ
1182 1925 1264 1959 φύσις
1279 1926 1327 1952 καὶ
1341 1925 1390 1960 τῆς
1408 1926 1502 1957 οὐσίας
1515 1927 1529 1952 ὁ
1541 1926 1621 1960 λόγος
1632 1927 1646 1952 6
1661 1926 1743 1958 αὐτὸς
1754 1927 1812 1958 τοῖς
1823 1926 1872 1960 τὴν

1078 1971 1145 2006 πρὸς
1161 1971 1263 2006 ἄλληλα
1276 1970 1420 2006 σύγκρισιν
1438 1971 1540 2007 κυρίως
1556 1971 1771 2006 ἐπιδεχομένοις,
1790 1971 1824 1998 τὰ
1843 1972 1871 1998 δὲ

1075 2018 1125 2044 ὅσα
1141 2018 1206 2053 περὶ
1228 2018 1278 2050 τὰς
1295 2018 1388 2050 οὐσίας
1413 2018 1482 2044 εἰσιν
1500 2019 1531 2045 ἐκ
1547 2019 1651 2050 πάθους
1675 2018 1782 2053 γίνεται
1805 2019 1822 2054 ἢ
1840 2019 1872 2046 ἐκ

1076 2062 1123 2089 τοῦ
1142 2064 1180 2099 μὴ
1194 2062 1291 2089 παθεῖν
1303 2083 1310 2095 ,
1327 2063 1503 2098 συγκρίνεται
1517 2063 1544 2089 δὲ
1561 2064 1575 2090 6
1589 2063 1652 2094 Υἱὸς
1668 2063 1737 2098 πρὸς
1752 2064 1800 2090 τὸν
1815 2065 1871 2091 Πα-

1075 2109 1143 2143 τέρα
1164 2109 1236 2135 κατὰ
1256 2109 1286 2135 τὺ
1311 2110 1402 2143 μεῖζον
1424 2110 1469 2136 καὶ
1482 2109 1592 2136 ἔλαττον
1608 2110 1807 2145 εἰσφερομένου
1823 2110 1870 2136 τοῦ

1076 2153 1140 2188 περὶ
1157 2153 1237 2180 αὐτὸν
1258 2153 1350 2188 λόγου,
1367 2155 1414 2180 καὶ
1437 2154 1496 2181 ἔστι
1513 2154 1616 2186 πάθους
1638 2154 1716 2186 ἐκτὸς
1743 2155 1870 2190 (ἀπαθὴς

1075 2198 1130 2233 γὰρ
1143 2199 1180 2229 ὡς
1192 2199 1280 2235 Θεὸς),
1300 2200 1360 2226 κατ’
1374 2200 1470 2226 οὐδένα
1484 2200 1586 2236 τρόπον
1597 2201 1612 2227 6
1629 2200 1723 2236 Πατὴρ
1742 2202 1870 2236 ὑπερέξει

1074 2245 1121 2271 τοῦ
1139 2245 1206 2271 Υἱοῦ
1220 2246 1267 2271 καὶ
1285 2246 1335 2281 τὴν
1358 2246 1442 2281 αὐτὴν
1459 2246 1568 2281 ἔχοντος
1592 2247 1686 2273 οὐσίαν
1708 2248 1757 2274 καὶ
1773 2248 1871 2274 παθεῖν

1077 2291 1154 2317 οὐδὲν
1176 2291 1336 2326 δυναμένου.
1358 2292 1528 2326 Λέγεταιδὲ
1553 2291 1654 2327 μείζων
1668 2293 1706 2324 ὡς
1731 2294 1805 2329 ἁρχὴ
1823 2294 1870 2320 τοῦ

1078 2336 1214 2362 συναῖδῐου
1229 2338 1408 2372 γεννήματος.

1076 2390 1128 2422 Εἰς
1147 2390 1198 2422 τὸ,
1226 2400 1234 2416 r
1255 2390 1287 2417 '0
1309 2391 1446 2433 [Iarhpo
1469 2392 1590 2426 πέμψας
1611 2401 1650 2427 με
1677 2393 1786 2427 μείζων
1812 2394 1870 2428 μού

1412 2435 1506 2454 εστιν.
1520 2437 1528 2453 Ι
1577 2443 1579 2445 ι

1235 2483 1401 2517 Ἀντὶθεσις
1419 2484 1454 2511 ἐκ
1474 2484 1532 2511 τῶν
1550 2485 1711 2520 Εὐνομίαν.

1110 2540 1196 2572 Αὐτὸς
1214 2541 1228 2566 6
1241 2539 1337 2576 Σωτὴρ
1357 2541 1407 2567 οὐκ
1428 2542 1702 2578 ὲπικεκαλυμμένως,
1715 2543 1869 2578 τρανότατα

1074 2585 1101 2612 δὲ
1117 2587 1227 2620 μείζονα
1241 2587 1338 2613 ἑαυτοῦ
1356 2587 1401 2614 τὸν
1415 2588 1524 2623 Πατέρα
1546 2589 1623 2624 φησί,
1640 2589 1683 2615 διὰ
1697 2588 1744 2615 τοῦ
1760 2589 1867 2623 λέγειν·

1077 2640 1087 2656 ι
1098 2631 1127 2658 '0
1142 2632 1237 2667 Πατὴρ
1250 2633 1264 2658 6
1276 2632 1386 2667 πέμψας
1399 2641 1433 2668 με
1452 2633 1553 2668 μείζων
1577 2633 1628 2668 μού
1644 2635 1727 2661 ἐστιν.
1743 2644 1752 2660 ι
1771 2635 1802 2660 Ei
1815 2635 1869 2660 τοί-

1074 2684 1121 2702 νυν
1148 2676 1290 2711 ἀληθεύειν
1312 2676 1411 2703 δώσετε
1434 2677 1484 2712 τὴν
1506 2677 1646 2713 ἀλήθειαν,
1665 2678 1781 2714 ἀλήθεια
1803 2679 1830 2704 δὲ
1856 2677 1869 2703 ὀ

1073 2722 1201 2757 Χριστὸς,
1219 2722 1330 2757 μείζονα
1358 2722 1415 2758 ἔχει
1442 2723 1487 2750 τὸν
1511 2724 1632 2759 Πατέρα.
1649 2724 1705 2750 Καὶ
1732 2725 1756 2751 εί
1779 2724 1867 2755 τοῦτο,

1074 2767 1182 2799 πάντως
1199 2768 1274 2795 ἔσται
1290 2769 1337 2796 καὶ
1351 2769 1487 2805 ἀνόμοιος.
1497 2770 1606 2805 Ἐπειδὴ
1616 2770 1644 2797 δὲ
1659 2770 1796 2806 ἀνόμοιος,
1809 2770 1871 2797 οὐδὲ

1074 2813 1228 2849 ὁμοούσιος.
