1920 3031
212 126 264 153 HT
708 127 736 155 S.
757 126 896 155 CYRILLI
916 124 1151 153 ALEXANDRINI
1170 124 1330 154 ARCHIEP.
1807 125 1870 154 ΝΒ

212 186 364 222 ἐγκλήματι
380 184 561 222 περιπίπτετε
578 185 648 214 κατὰ
672 185 717 212 τοῦ
736 185 858 220 μείζονος
877 185 984 212 καὶτοῦ
1005 184 1145 217 ἐλάττονος
1165 184 1195 212 τὸ
1208 185 1290 212 ποσὸν
1303 183 1434 220 τιθέντες,
1454 185 1518 213 ὅταν
1533 185 1646 222 λέγητε·
1670 187 1704 214 Εἰ
1726 186 1867 214 ὲλάττων

212 235 285 261 ἐστὶν
299 234 314 260 ό
328 233 391 266 Υἱὸς
405 233 453 261 τοῦ
473 235 590 270 Πατρὸς,
607 235 656 261 οὐκ
677 234 734 265 [σος
757 233 821 269 ἄρα.
836 233 896 260 οὐδὲ
925 232 1060 266 τοσοῦτος.
1071 233 1228 269 Οὑδαμόθεν
1260 233 1283 260 δ’
1295 233 1359 270 ὑμῖν
1383 233 1551 268 ὑγιαίνοντος
1580 232 1730 268 τοῦλόγου,
1745 230 1867 268 ματαία

212 280 322 312 πάντως
336 279 394 307 ἐστὶ
409 280 456 307 καὶ
471 279 584 316 [κούφη]
597 281 613 316 ἡ
629 280 772 315 πρότασις.

555 337 661 366 ALIUD

215 394 316 422 Dotem
336 393 561 429 ouodmraposito
584 393 684 428 majore
704 398 727 420 et
750 393 861 429 minore,
883 394 1001 426 imperite

1060 394 1201 421 Διδάσκω·
1215 393 1271 426 ὅτι,
1289 393 1430 427 προκειμέ

248 430 391 456 admodum
404 429 569 463 itucqualitas
583 429 723 462 inferatur,
738 436 797 455 cum
807 428 886 463 juxta
900 428 1001 456 Aristo-

249 465 307 492 telis
322 464 489 498 disciplinam
504 463 616 490 alterius
631 463 664 490 sit
678 464 790 498 generis.

248 551 363 580 Norttina
383 559 444 586 quae
462 551 496 577 ad
515 550 618 586 aliquid
637 555 718 585 sunt,
737 556 819 586 atque
838 552 875 579 ita
894 553 929 580 ab
950 552 1003 580 illis

214 602 355 630 vocantur,
367 604 428 624 cum
440 596 603 624 Aristoteles
615 597 728 631 hujusce
741 598 809 625 artis
822 597 948 626 inventor
956 605 1003 626 ex-

214 644 308 679 plicat,
320 643 358 671 ita
371 643 466 670 deﬁnit
480 652 489 670 :
504 643 544 670 Ad
557 643 669 679 aliquid,
684 643 784 679 inquit,
798 649 930 672 vocantur
942 652 1004 680 quae

212 688 240 715 id
254 688 341 723 ipsum
353 687 425 722 quod
438 691 518 719 sunt,
529 687 644 715 aliorum
656 694 716 716 esse
729 688 864 721 dicuntur,
878 693 925 716 aut
937 697 1004 724 quo-

213 733 360 763 modoiibet
373 733 454 762 aliter
468 735 503 761 ad
517 733 589 761 aliud
604 741 612 761 :
628 738 656 761 ut
671 735 769 770 majus,
785 735 811 763 id
828 736 915 770 ipsum
930 736 1004 772 quod

212 784 257 807 est
273 784 400 815 respectu
414 780 527 808 alterius
543 788 603 809 esse
619 781 729 809 dicitur.
745 781 778 809 Et
795 781 917 817 duplum,
933 783 1003 817 itlip-

212 833 272 853 sum
289 826 361 861 quod
379 830 437 858 est,
455 826 569 854 alterius
586 831 627 854 est
644 833 652 853 :
670 826 785 861 alicujus
802 828 874 855 enim
892 828 1002 863 duplum

211 871 325 899 dicitur.
341 871 408 899 Cum
427 872 509 908 igitur
523 873 581 900 htee
597 873 632 900 sit
648 880 741 900 eorum
757 873 814 909 89
831 882 890 909 qua:
906 875 939 902 ad
956 874 1005 902 ali-

212 917 277 950 quid
291 922 354 945 sunt
367 917 499 951 detlnitio,
511 918 604 946 dicant
617 918 695 946 nobis
709 919 768 951 isti,
782 919 826 954 qui
843 919 909 947 nihil
923 927 1004 955 quam

213 963 387 991 Aristotelem
401 968 523 998 crepant,
536 968 562 992 et
578 964 650 992 illius
662 965 753 1000 potius
768 965 909 1000 disciplina
923 973 1003 1000 quam

1398 325 1501 362 'AAAo.

1432 401 1486 420 νου
1503 392 1557 419 τοῦ
1569 393 1706 427 μείζονος
1724 392 1780 419 καὶ
1802 391 1866 418 τοῦ

1089 428 1260 460 ἐλάττονος,
1283 429 1468 460 ἀπαιδεύτως
1493 428 1528 454 τὸ
1549 428 1692 463 ἀνόμοιον
1715 427 1866 462 εἰσφέρε-

1088 472 1153 495 ται,
1183 463 1352 498 ἐτερογενὲς
1383 463 1419 490 ὃν
1442 462 1517 490 κατὰ
1542 463 1600 498 τὴν
1619 463 1865 497 Ἀριστοτέλους

1087 499 1210 534 τέχνην.

1088 555 1129 582 Τὰ
1155 555 1225 591 πρός
1248 563 1274 581 τι
1296 555 1391 590 ἔχοντα
1407 555 1462 582 τῶν
1485 555 1626 591 ὀνομάτων
1642 555 1714 583 οὕτω
1731 564 1765 581 τε
1782 553 1865 589 παρ’

1053 597 1169 630 ἐκείνοις
1182 598 1346 633 καλούμενα,
1359 599 1465 635 φανερὰ
1478 599 1615 627 καθιστῶν
1627 601 1640 627 ό
1654 601 1705 636 τῆς
1719 599 1865 634 τοιαύτης

1054 645 1151 680 τέχνης
1170 644 1284 680 εὑρετὴς
1302 645 1500 681 Ἀριστοτέλης,
1522 644 1643 672 τοιοῦτον
1667 645 1785 681 ἐκφέρει
1813 644 1862 671 τὸν

1053 691 1116 727 ὅρον
1127 699 1134 707 ·
1150 691 1223 726 Πρός
1233 700 1260 717 τι
1274 691 1302 717 δὲ
1313 690 1348 717 τὰ
1363 691 1476 718 τοιαῦτα
1492 691 1612 725 λέγεται,
1630 692 1680 718 ὅσα
1695 691 1771 717 αὐτὰ
1781 690 1861 725 ἅπερ

1055 737 1140 768 ἐστὶν,
1155 737 1257 772 ἑτέρων
1276 733 1346 763 εἶναι
1368 737 1477 771 λέγεται
1493 737 1509 772 ἢ
1528 736 1653 763 ὁπωσοῦν
1670 736 1763 767 ἄλλως
1786 735 1861 769 πρὸς

1054 782 1164 818 ἕτερον’
1183 778 1237 808 οἷον
1263 781 1293 807 τὺ
1316 781 1407 816 μεῖζον
1431 780 1504 807 τοῦθ’
1517 780 1585 815 ὅπερ
1601 780 1674 806 ἐστὶν
1692 779 1793 814 ἐτέρου
1816 777 1863 803 λέ-

1055 829 1144 862 γεται.
1159 828 1214 854 Καὶ
1235 827 1265 854 τὸ
1287 827 1429 854 διπλάσιον
1453 826 1547 861 ἐτέρου
1573 826 1681 860 λέγεται
1697 823 1774 851 τοῦθ’
1785 824 1865 858 ὅπερ

1055 873 1114 900 ἐστί
1123 881 1130 888 ο
1145 873 1216 904 τινὸς
1229 873 1283 908 γὰρ
1297 872 1437 899 διπλάσιον
1456 871 1577 906 λέγεται.
1589 870 1689 897 Τοῦτον
1703 868 1863 904 τοιγαροῦν

1056 919 1172 954 ἑχόντων
1184 919 1239 945 τῶν
1253 919 1321 953 πρός
1336 927 1361 944 τι
1383 918 1428 944 τὸν
1451 919 1522 953 ὅρον,
1541 918 1724 944 δεικνύτωσαν
1743 917 1818 952 ἡμῖν
1836 915 1862 941 οε

1055 965 1106 1000 τὴν
1123 964 1324 1000 Ἀριστοτέλους
1337 963 1513 999 ἐρευγόμενοι
1526 963 1633 999 τέχνην,
1648 962 1695 989 καὶ
1708 963 1766 994 τοῖς
1780 961 1862 987 ὲκεῖν

213 1018 353 1038 sacrarum
376 1010 580 1046 Scripturarum
603 1011 758 1047 cognitione
776 1019 839 1040 sese
856 1012 1001 1047 iactitant,

1060 1011 1100 1038 isv
1114 1011 1283 1047 μαθήμασιν,
1298 1011 1328 1037 οὒ
1345 1012 1401 1042 τοῖς
1422 1010 1477 1036 ἀπὸ
1490 1010 1540 1045 τῆς
1559 1010 1635 1041 Θείας
1646 1008 1770 1045 ,Γραφῆς
1795 1008 1866 1035 ἐαυ-

212 1064 249 1084 au
264 1056 356 1084 simile
375 1057 401 1084 id
418 1056 506 1092 ipsum
530 1057 603 1091 quod
618 1062 659 1085 est
680 1057 793 1085 alterius
808 1058 858 1092 sit,
875 1059 1004 1093 quemad-

213 1102 323 1130 modum
346 1103 434 1138 majus
456 1107 482 1131 et
507 1103 629 1138 duplum.
652 1104 804 1139 Opponitur
823 1105 896 1133 enim
921 1105 1003 1133 simili

212 1147 354 1180 dissimile,
367 1148 439 1176 sicut
451 1148 558 1183 majori,
571 1150 674 1182 minus;
689 1150 735 1177 scd
749 1157 802 1177 non
815 1151 909 1178 eodem
924 1152 1005 1179 tnodo

212 1197 295 1228 atque
309 1193 424 1221 ratione.
437 1194 523 1229 Majus
537 1195 610 1222 enim
628 1195 727 1222 dicitur
741 1200 770 1223 ut
785 1196 889 1223 minore
904 1197 1001 1232 majus.

213 1237 308 1265 Simile
321 1242 412 1266 autem
427 1246 568 1274 nunquam
584 1240 708 1268 dissimili
725 1241 812 1276 majus
826 1242 942 1274 dicitur,
957 1250 1004 1270 ne-

212 1290 266 1317 que
281 1284 509 1318 quemadmodum
522 1284 621 1320 majus,
636 1285 682 1320 qui
697 1286 850 1322 oppositum
865 1294 944 1314 suum
959 1295 1004 1314 su-

212 1332 306 1362 perat,
327 1333 369 1356 est
392 1329 419 1356 id
440 1330 513 1363 quod
535 1337 597 1358 esse
618 1331 735 1365 dicitur;
757 1332 794 1359 ita
815 1332 918 1364 simile.
940 1335 1003 1367 quia

213 1371 300 1407 majus
319 1377 361 1401 est
377 1373 522 1408 dissimili,
538 1375 592 1403 hoc.
608 1378 680 1411 quod
697 1382 740 1405 est
756 1385 817 1406 esse
834 1380 1001 1407 censebitur.

214 1419 317 1447 Diversi
336 1420 420 1455 igitur
436 1421 544 1456 generis
563 1429 675 1457 prorsus
692 1428 722 1451 ut
740 1424 795 1452 sint
813 1433 924 1452 necesse
943 1431 1002 1458 est,

212 1473 274 1500 qua
285 1466 408 1494 eamdem
424 1466 583 1496 divisionem
596 1469 836 1506 deiinitionemque
850 1479 902 1498 non
916 1473 1004 1500 susci-

213 1511 298 1545 piunt.

552 1571 667 1599 ALIUD.

248 1622 363 1652 Nomina
378 1631 439 1659 qute
453 1626 486 1653 ad
503 1625 603 1662 aliquid
620 1633 700 1661 sunt,
718 1634 763 1656 aut
779 1637 940 1665 quacunque
956 1639 1001 1658 ru-

1054 1057 1117 1088 τοὺς
1141 1055 1387 1091 ἀποσεμνύνοντες,
1402 1055 1426 1081 εί
1451 1055 1499 1081 καὶ
1523 1054 1554 1081 τὺ
1577 1055 1670 1089 ὅμοιον
1693 1052 1767 1079 τοῦθ’
1784 1052 1860 1086 ὅπερ

1054 1104 1129 1130 ἐστὶν
1147 1103 1241 1138 ἑτέρου
1256 1102 1376 1136 λέγεται,
1392 1101 1519 1137 καθάπερ
1535 1101 1582 1128 καὶ
1597 1100 1627 1127 τὸ
1641 1100 1734 1136 μεῖζον
1756 1099 1808 1126 καὶ
1828 1098 1859 1124 τὸ

1054 1150 1204 1177 διπλάσιον.
1213 1149 1375 1176 Ἀντίκειται
1393 1147 1442 1183 μὲν
1454 1148 1509 1183 γὰρ
1519 1146 1558 1182 τῷ
1571 1146 1656 1182 ὁμοίῳ
1667 1145 1698 1172 τὸ
1710 1145 1858 1180 ἀνόμοιον,

1054 1195 1148 1231 ὥσπερ
1165 1195 1212 1222 καὶ
1234 1194 1273 1229 τῷ
1293 1194 1398 1229 μείζονι
1414 1193 1445 1220 τὺ
1469 1193 1592 1222 ἔλαττον,
1615 1191 1673 1218 ἀλλ’
1688 1190 1739 1225 οὐχ
1762 1189 1857 1220 οὓτως

1053 1241 1113 1268 οὐδὲ
1130 1241 1272 1272 ὡσαύτως.
1287 1240 1325 1266 To
1344 1239 1393 1276 μὲν
1405 1239 1460 1275 γὰρ
1474 1239 1567 1274 μεῖξον
1581 1238 1619 1270 ὡς
1631 1238 1774 1268 ἐλάττονος
1795 1235 1860 1271 μεῖ-

1054 1287 1100 1319 ζον
1114 1287 1233 1321 λέγεται.
1248 1286 1284 1312 To
1298 1285 1326 1312 δὲ
1339 1287 1432 1320 ὅμοιον
1447 1285 1497 1312 οὐκ
1513 1285 1547 1311 ἂν
1563 1285 1601 1316 ὡς
1615 1283 1744 1319 ἀνομοίου
1757 1282 1856 1318 μεῖζον

1053 1331 1162 1367 λεχθείη
1181 1331 1258 1363 ποτὲ,
1281 1330 1340 1357 οὐδὲ
1351 1330 1446 1365 ὥσπερ
1459 1329 1488 1356 τὸ
1500 1329 1593 1364 μεῖζον
1606 1329 1648 1356 διὰ
1661 1328 1691 1355 τὸ
1702 1328 1856 1362 ὑπερέχειν

1053 1377 1100 1404 τοῦ
1134 1377 1322 1410 ἀντικειμένου
1341 1375 1421 1403 τοῦτό
1441 1377 1516 1402 ἐστιν
1539 1375 1607 1410 ὅπερ
1629 1373 1699 1401 εἶναι
1719 1374 1853 1407 λέγεται·

1053 1422 1124 1450 οὕτω
1137 1423 1184 1449 καὶ
1203 1423 1234 1449 τὸ
1252 1423 1345 1458 ὅμοιον
1362 1422 1406 1450 διὰ
1427 1422 1457 1448 τὸ
1478 1421 1570 1457 μεῖζον
1582 1419 1709 1448 εἷναιτοῦ
1721 1419 1854 1455 ἀνομοίου

1053 1468 1216 1503 νοηϐήσεται
1238 1468 1325 1494 τοῦτο.
1339 1467 1443 1495 Οὐκοῦν
1455 1467 1598 1503 ἑτερογενῆ
1610 1466 1718 1498 πάντως
1728 1465 1808 1492 ἔσται
1820 1465 1855 1492 τὰ

1053 1515 1102 1550 τὴν
1114 1515 1199 1550 αὑτὴν
1209 1514 1341 1550 διαίρεσίν
1352 1523 1381 1541 τε
1394 1515 1440 1541 καὶ
1452 1515 1514 1550 ὅρον
1526 1514 1576 1540 οὐκ
1588 1512 1783 1548 ὲπιδεχόμενα.

1403 1571 1507 1598 ΛΛΛΟ.

1088 1627 1128 1653 Τὰ
1147 1627 1215 1662 πρός
1233 1636 1260 1653 τι
1279 1626 1375 1662 ἔχοντα
1392 1626 1448 1652 τῶν
1468 1625 1649 1661 ὀνομάτων,ἢ
1671 1626 1718 1652 καὶ
1733 1625 1810 1656 ὅπως
1820 1624 1851 1659 δή

212 1669 286 1698 tione
301 1676 424 1706 respectu
440 1672 553 1701 alterius
568 1674 706 1708 dicuntur,
722 1676 802 1704 simul
820 1683 846 1704 et
861 1678 999 1705 intellectu

1060 1671 1168 1699 τοτόὖν
1188 1673 1256 1708 πρὸς
1276 1672 1369 1708 ἔτερόν
1390 1681 1417 1699 τι
1436 1672 1583 1707 λεγόμενα,
1595 1672 1654 1706 ἅμα
1675 1673 1734 1698 ἐστὶ
1751 1671 1801 1697 καὶ
1818 1672 1850 1706 τῇ

211 1720 239 1744 et
255 1721 351 1744 natura
369 1723 449 1751 sunt.
469 1724 498 1746 ut
517 1721 634 1756 exempli
653 1722 756 1756 gratia,
775 1723 885 1758 duplum
902 1729 928 1751 et
947 1733 1003 1751 ma-

212 1770 306 1796 gnum.
322 1762 436 1798 Duplum
450 1765 522 1793 enim
536 1767 649 1794 omnino
662 1774 752 1795 secum
769 1768 870 1796 inducit
885 1769 910 1796 id
925 1770 1003 1804 cujus

210 1812 254 1835 est
266 1808 388 1843 duplum,
400 1814 428 1838 et
440 1818 569 1846 magnum
582 1814 769 1849 secumretiam
784 1814 863 1842 aii'crt
876 1823 1001 1849 parvum,

211 1853 291 1888 cujus
308 1858 511 1891 comparatione
528 1863 571 1886 est
589 1848 727 1894 magnum.
747 1859 840 1895 Neque
857 1848 930 1888 enim
949 1862 1003 1888 erit

211 1901 322 1936 duplum
336 1910 388 1930 non
403 1903 553 1932 exsistente
566 1905 654 1932 medio
668 1915 675 1933 :
690 1913 778 1940 nequc
793 1915 935 1941 maguum,
950 1908 1001 1935 nisi

212 1951 346 1975 statuatur
356 1947 464 1983 aliquod
476 1956 599 1984 parvum.
613 1949 675 1978 Htec
688 1955 730 1978 est
743 1951 825 1986 igitur
836 1958 928 1979 eorum
942 1960 1001 1987 quae

212 1992 246 2019 ad
263 1993 365 2028 aliquid
381 1997 444 2021 sunt
461 1994 598 2028 deﬁnitio;
617 1995 706 2023 simile
720 2003 786 2024 vero
805 2004 858 2024 non
876 2004 1003 2025 necessa-

211 2039 253 2067 rio
275 2046 328 2067 una
349 2046 410 2067 eum
432 2040 557 2068 dissimili
582 2041 754 2076 intelligitur,
774 2043 1000 2077 quemadmodum

211 2084 272 2117 illa,
289 2085 361 2113 sicut
376 2092 465 2120 neque
478 2085 582 2120 justum
600 2093 660 2114 cum
681 2086 794 2120 injusto,
811 2095 898 2122 neque
916 2088 1001 2115 virtus

211 2138 272 2159 cum
290 2131 368 2159 vitio.
387 2131 454 2159 Nam
476 2131 609 2166 ejusmodi
631 2132 797 2167 privationes
818 2133 906 2167 potius
927 2139 999 2167 sunt,

210 2182 346 2205 eteorum
361 2185 422 2212 qua:
437 2179 463 2205 in
481 2179 575 2206 habitu
590 2179 741 2206 consistunt
755 2181 919 2208 mutationes
929 2201 936 2213 ,
954 2189 1001 2208 ne-

210 2229 264 2257 que
280 2223 507 2257 quemadmodum
524 2231 555 2251 ea
574 2232 634 2258 quae
651 2225 684 2252 ad
703 2225 806 2260 aliquid
824 2230 900 2258 sunt,
919 2226 1001 2254 sintut

210 2276 274 2297 cum
290 2268 348 2297 suis
363 2269 495 2304 oppositis
514 2269 710 2306 intelliguntur.
727 2271 831 2299 Similis
849 2272 920 2299 enim
941 2280 1000 2300 mu-

211 2314 277 2343 tatio
292 2313 414 2350 quaedam
429 2319 473 2343 est
487 2315 634 2348 dissimile,
647 2315 761 2350 iustitiae
773 2324 838 2344 vero
855 2317 998 2352 injustitia.

1055 1719 1147 1753 νοήςει
1166 1719 1213 1744 καὶ
1231 1719 1262 1754 τῇ
1284 1718 1381 1752 φύσει’
1403 1715 1459 1744 οἷον
1471 1718 1536 1754 φέρε
1558 1718 1655 1749 εξπεῖν,
1667 1717 1697 1744 τὺ
1709 1717 1851 1744 διπλάσιον

1056 1764 1102 1790 καὶ
1125 1763 1155 1789 τὸ
1176 1763 1256 1798 μέγα.
1269 1764 1306 1790 Τὸ
1328 1764 1376 1798 μὲν
1399 1764 1453 1799 γὰρ
1476 1763 1626 1794 διπλάσιον.
1640 1764 1816 1799 συνεισφέρει
1826 1771 1850 1788 τι

1056 1808 1164 1839 πάντως
1185 1808 1273 1843 ἑαυτῷ
1295 1804 1326 1834 οὗ
1347 1808 1394 1834 καὶ
1414 1808 1471 1834 ἐστὶ
1493 1808 1642 1841 διπλάσιον,
1655 1809 1703 1835 καὶ
1725 1808 1755 1834 τὸ
1777 1808 1851 1842 μέγα

1056 1853 1218 1880 συνεισοίσει
1237 1853 1345 1885 πάντως
1368 1853 1457 1888 ἐαυτῷ
1470 1854 1500 1880 τὸ
1517 1853 1614 1889 μικρὸν
1630 1854 1698 1890 πρὸς
1711 1854 1725 1880 ὃ
1741 1854 1790 1880 καὶ
1807 1853 1850 1879 λέ-

1056 1906 1132 1932 γεται
1150 1898 1230 1933 μέγα.
1249 1898 1286 1924 Οὐ
1301 1898 1356 1933 γὰρ
1372 1898 1405 1924 ἂν
1428 1899 1470 1933 εἴη
1496 1899 1645 1930 διπλάσιον,
1661 1899 1774 1934 ἡμίσεος
1798 1899 1849 1924 οὐκ

1055 1944 1141 1976 ὄντος,
1159 1943 1216 1970 ἀλλ’
1229 1944 1289 1970 οὐδὲ
1311 1944 1391 1979 μέγα,
1412 1945 1510 1979 μικροῦ
1534 1944 1571 1980 μὴ
1596 1945 1740 1979 νοουμένου
1763 1946 1848 1975 τινός.

1035 2003 1037 2005 ι
1055 1990 1096 2017 Τὰ
1114 1990 1163 2025 μὲν
1177 1988 1223 2016 οὖν
1241 1990 1310 2026 πρός
1332 1999 1358 2016 τι
1373 1990 1466 2016 τοῦτον
1489 1990 1545 2026 ἔχει
1566 1991 1612 2017 τὸν
1635 1992 1712 2026 ὅρον·
1727 1990 1757 2017 τὺ
1771 1990 1801 2016 δέ
1815 1998 1848 2024 γι

1055 2037 1147 2072 ὅμοιον
1171 2037 1221 2063 οὐκ
1246 2037 1276 2070 ἐξ
1299 2036 1424 2072 ἀνάγκης
1446 2036 1505 2071 ἅμα
1527 2037 1566 2072 τῷ
1593 2037 1710 2072 ἀνομοίῳ
1733 2038 1846 2065 νοεῖται,

1055 2084 1181 2119 καθάπερ
1204 2084 1328 2110 κάκεῖνα·
1347 2083 1442 2120 ὥσπερ
1461 2084 1521 2111 οὐδὲ
1542 2084 1573 2110 τδ
1598 2085 1702 2111 δίκαιον
1726 2084 1784 2119 ἅμα
1809 2083 1847 2117 τῷ

1054 2130 1151 2164 ἀδίκῳ,
1170 2130 1230 2157 οὐδὲ
1250 2131 1266 2165 ἡ
1291 2131 1375 2166 ἀρετὴ
1401 2130 1457 2165 ἅμα
1480 2132 1513 2166 τῇ
1539 2131 1633 2166 κακίᾳ,
1649 2131 1690 2157 Τὰ
1716 2131 1766 2165 μὲν
1793 2130 1846 2167 γὰρ

1053 2175 1165 2202 τοιαῦτα
1181 2177 1322 2212 στερήσεις
1340 2177 1439 2212 μᾶλλόν
1453 2178 1506 2204 εἱσι
1530 2178 1578 2203 καὶ
1598 2177 1731 2212 ἐκτροπαὶ
1746 2176 1801 2202 τῶν
1819 2177 1846 2202 ὲν

1054 2222 1108 2255 ἕξει
1123 2222 1267 2257 κειμένων,
1279 2223 1310 2249 οὐ
1327 2223 1551 2259 συνεισφέρεσθαι
1568 2223 1676 2254 πάντως
1691 2222 1844 2257 ὀφείλοντα,

1053 2268 1179 2303 καθάπερ
1195 2269 1240 2295 καὶ
1255 2269 1370 2296 ἐπὶτῶν
1390 2270 1458 2305 πρός
1480 2278 1506 2296 τι
1530 2269 1564 2295 τὰ
1588 2268 1774 2304 ἀντικείμενα.
1792 2268 1845 2294 Τοῦ

1055 2313 1106 2349 μὲν
1120 2313 1174 2349 γὰρ
1188 2313 1281 2349 ὁμοίου
1296 2314 1416 2349 ἐκτροπή
1432 2314 1473 2346 τίς
1487 2315 1545 2340 ἐστι
1559 2314 1590 2340 τὸ
1603 2313 1739 2349 ἀνόμοιον,
1754 2315 1805 2349 τῆς
1818 2313 1845 2340 δὲ

209 2361 278 2389 Cum
290 2362 378 2395 ,vero,
396 2361 474 2396 juxta
495 2360 602 2389 illorum
623 2361 811 2396 disciplinam,
832 2363 1000 2397 privationes

1060 2360 1224 2396 ῑικαιοσύνης
1248 2361 1264 2395 ἡ
1287 2360 1388 2387 ἀδικία.
1398 2360 1505 2395 Ἐπειδὴ
1520 2360 1559 2392 δὲ,
1575 2360 1645 2386 κατὰ
1663 2359 1713 2395 τὴν
1732 2360 1845 2386 ἐκείνων

211 2407 348 2436 habitibus
362 2407 418 2435 sint
432 2407 607 2442 posteriores,
623 2415 677 2435 non
692 2408 745 2435 erit
761 2407 852 2444 itaque
866 2409 1000 2438 dissimile

210 2460 244 2480 cx
258 2453 292 2480 iis
305 2460 366 2489 quae
378 2461 431 2481 una
446 2453 644 2489 intelliguntur,
657 2461 719 2482 cum
734 2455 823 2490 potius
835 2456 871 2484 sit
884 2456 1000 2492 privatio

210 2503 238 2525 et
254 2499 368 2527 mutatio
383 2498 489 2527 similis.

550 2556 662 2586 ALIUD.

198 2610 201 2626 ν
246 2610 389 2638 Νοηιίιιυιιι
404 2618 463 2646 ψιὲ
478 2612 510 2639 at]
526 2613 626 2648 aliquid
639 2619 718 2648 sunt,
733 2615 848 2643 alterum
864 2616 995 2651 quodam-

211 2657 292 2684 modo
307 2657 333 2684 in
351 2656 436 2685 altero
450 2664 509 2686 esse
523 2666 602 2686 suum
619 2660 710 2693 habct,
726 2666 753 2688 et
768 2662 874 2689 sublato
890 2671 942 2690 uno
957 2663 996 2689 al-

211 2707 297 2730 terunt
317 2704 399 2730 etiam
419 2703 521 2732 interit.
541 2705 773 2739 Quemadmodum
793 2708 874 2742 igitur
892 2708 998 2736 sublato

212 2748 324 2783 majore,
347 2749 449 2777 tollitur
469 2751 551 2778 etiam
573 2752 678 2785 minus;
703 2761 791 2787 neque
813 2754 884 2781 enim
908 2754 997 2782 minus

212 2793 314 2828 aliquid
336 2794 429 2829 fuerit,
449 2796 502 2823 nisi
523 2797 637 2824 exsistat
657 2798 755 2832 majus,
775 2797 851 2832 cujus
874 2804 997 2833 respectu

213 2839 303 2868 minus
316 2845 365 2868 cst.
380 2840 408 2869 Si
422 2848 486 2876 ergo
500 2841 587 2870 simile
600 2843 719 2878 ejusdem
739 2844 846 2878 ,τίμιοι-ῖς
861 2852 918 2872 esse
933 2852 993 2872 cum

1051 2407 1160 2442 τέχνην,
1175 2406 1204 2432 αἱ
1219 2406 1362 2442 στερήσεις
1377 2406 1431 2432 τῶν
1446 2405 1528 2437 ἕξεων
1541 2405 1676 2441 δεύτεραι,
1688 2405 1740 2432 οὐκ
1756 2406 1790 2432 ἂν
1803 2406 1843 2440 εἴη

1050 2452 1106 2480 τῶν
1124 2452 1183 2487 ἅμα
1199 2452 1350 2486 νοουμένων
1376 2451 1406 2478 τὸ
1421 2452 1556 2487 ἀνόμοιον,
1575 2452 1702 2488 στέρησις
1726 2453 1774 2478 καὶ
1799 2453 1843 2478 ὲκ-

1048 2497 1140 2532 τροπὴ
1156 2495 1203 2523 τοῦ
1222 2496 1315 2532 ὁμοίου
1331 2496 1475 2531 τυγχάνον.

1396 2556 1498 2582 ΑΛΛΟ.

1090 2616 1131 2642 Τὰ
1148 2616 1215 2650 πρός
1230 2623 1256 2641 τι
1270 2615 1365 2650 ἔχοντα
1382 2614 1437 2642 τῶν
1451 2615 1591 2650 ὀνομάτων
1605 2612 1661 2641 οἷον
1675 2615 1704 2641 ἐν
1717 2615 1843 2650 ἀλλήλοις

1050 2661 1107 2697 ἔχει
1120 2661 1150 2688 τὸ
1165 2659 1244 2692 εἶναι,
1271 2661 1318 2687 καὶ
1329 2661 1388 2692 ἐνὸς
1403 2660 1591 2697 ἀναιρεθέντος
1603 2662 1653 2688 οὐκ
1665 2661 1724 2688 ἐστι
1739 2662 1772 2688 τὸ
1785 2662 1842 2689 δεύο

1051 2715 1141 2742 τερον.
1154 2707 1261 2742 Ὥσπερ
1283 2704 1330 2733 οὖν
1352 2706 1398 2733 καὶ
1421 2707 1612 2741 ἀναιρεθέντος
1634 2708 1681 2735 τοῦ
1707 2707 1840 2743 μείζονος,

1051 2753 1255 2788 συναναιρεῖται
1267 2751 1376 2784 πάντως
1385 2752 1415 2779 τὸ
1429 2752 1538 2780 ἔλαττον
1548 2761 1555 2768 ·
1572 2754 1602 2780 οὐ
1617 2753 1671 2790 γὰρ
1685 2753 1719 2781 ἂν
1732 2753 1841 2780 ἔλαττον

1049 2798 1092 2833 εἴη
1109 2807 1147 2829 τι,
1167 2798 1205 2834 μὴ
1221 2799 1297 2830 ὄντος
1316 2799 1447 2834 μείζονος,
1466 2796 1496 2826 οὗ
1513 2799 1561 2826 καὶ
1575 2799 1648 2826 ἔστιν
1671 2799 1794 2827 ἔλαττον,
1812 2799 1840 2826 Et

1049 2844 1137 2871 τοίνυν
1153 2844 1281 2880 ὁμογενὲς
1292 2842 1359 2872 εἷναί
1371 2853 1437 2880 φατε
1454 2846 1508 2878 τοῖς
1521 2846 1585 2881 πρός
1598 2855 1622 2872 τι
1637 2847 1682 2874 καὶ
1696 2847 1725 2873 τὸ
1737 2847 1837 2880 ὅμοιον,
