1920 3031
67 149 113 178 ιιο

794 145 1014 174 TllESAURUS.

1659 148 1707 175 l50

70 208 212 244 ὰναιρεθὶν
228 207 326 241 αὑτὸν,
343 208 544 247 συναναιρείτω
557 208 586 234 τὸ
605 208 740 244 ἀνόμοιον,
759 207 806 234 καὶ
819 215 879 234 σον-

936 203 1085 235 oominibus
1099 210 1158 239 qua:
1172 204 1205 232 ad
1220 203 1321 239 aliquid
1334 209 1398 232 sunt
1412 204 1539 238 censetis,
1552 204 1657 233 sublato
1672 209 1708 234 si-

71 255 239 292 αναιρείσθω
267 256 354 283 πάλιν
383 256 493 291 ἐκείνῳ.
511 254 579 281 Ἀλλ’
604 254 633 280 οὐ
662 254 873 288 συναναιρεῖται,

73 302 133 329 οὑδὲ
150 301 205 338 μὴν
220 302 347 338 ἀναιρεῖ·
370 301 449 334 ὄντος
464 301 517 337 γάρ
532 309 604 332 τινος
625 299 779 335 ἀνθρώπου,
795 299 876 334 τυχὸν

75 352 154 378 ἔσται
169 359 196 378 τι
209 349 240 378 τὸ
253 349 384 384 ἀνόμοιον
400 347 475 384 αὐτῷ
486 357 491 364 ·
502 348 549 375 καὶ
565 345 754 382 ἀναιρεθέντος
769 345 817 372 τοῦ
834 346 876 372 ἁν-

77 398 185 434 ομοίου,
201 397 232 424 οὐ
249 396 458 431 συναναιρεῖται
477 395 506 423 τὸ
523 394 564 426 ὃν,
580 393 718 420 τουτέστιν
732 394 747 419 6
769 393 874 429 ἄνθρω-

78 452 142 476 πος,
159 441 190 470 οὖ
207 443 255 470 καὶ
270 443 386 476 γέγονεν
399 442 525 477 ἀνόμοιον
539 440 568 467 τδ
580 439 734 476 ἁναιρεθέν.
751 439 808 466 Οὐκ
822 438 875 474 ἄρα

78 491 136 518 τῶν
159 490 228 526 πρὸς
245 489 348 525 ἄλληλα
372 487 527 522 λεγομένων
543 486 573 513 τὸ
593 486 685 521 ὅμοιον
704 485 750 512 καὶ
775 485 805 511 τὸ
830 484 878 511 ἀν-

78 537 185 571 ὅμοιον.

432 590 532 617 ΑΛΛΟ.

121 648 185 676 Ἐπὶ
206 648 254 675 τοῦ
272 648 365 683 ὁμοίου
390 647 439 674 καὶ
452 647 502 682 τῆς
515 646 616 682 ἀρετῆς
631 646 676 673 καὶ
690 645 744 672 τῶν
759 645 877 674 ἀντικει-

79 693 172 727 μένων
194 692 302 724 τούτοις
321 693 442 727 χωρήσει
462 691 493 718 τὸ
516 691 616 726 μᾶλλον
638 690 685 717 καὶ
701 687 876 725 ἦττον.¹Εστι

78 739 136 774 γὰρ
158 739 249 765 εἰπεῖν
271 739 303 765 οὐ
324 738 490 773 ψευδόμενον
506 737 581 764 τόνδε
603 736 664 763 τινὰ
687 736 768 771 τυχὸν
784 736 875 770 ὅμοιον

78 784 158 820 τῷδε,
167 784 218 811 καὶ
232 781 315 820 ἧττον
329 783 345 819 ἢ
363 783 463 818 μᾶλλον
476 783 577 818 ὅμοιον,
589 783 634 809 καὶ
647 781 747 818 μᾶλλον
760 781 874 812 δίκαιον,

77 830 128 856 καὶ
143 830 252 857 δίκαιον
268 827 432 866 ἦττον.“Επὶ
449 829 499 864 μέν
522 837 561 855 τοι
588 828 634 855 τοῦ
661 828 811 864 μείζονοςῆ
829 828 876 854 καὶ

76 876 126 903 τοῦ
152 875 307 907 ἐλάττονος,
322 875 494 905 διπλασίονος
516 883 546 900 τε
571 875 617 900 καὶ
640 873 763 909 ἡμίσεος,
780 873 828 900 οὐκ
843 873 876 900 ἂν

78 923 153 949 ετποι
168 930 224 954 τις.
244 921 344 956 μᾶλλον
361 920 482 956 μεῖξονῆ
499 920 598 955 μᾶλλον
615 920 760 954 ﬂauam-ﬁ
778 919 877 954 μᾶλλον

78 965 224 992 διπλάσιον
234 965 251 999 ἢ
265 965 364 1000 μᾶλλον
377 965 475 1000 ἥμισυ.
484 965 659 991 Ἀνεπίδεκτα
669 964 724 1000 γὰρ
734 964 780 991 τοῦ
793 964 876 992 ποσοῦ

81 1011 115 1038 τὰ
135 1013 188 1047 τῆς
209 1012 355 1047 ποιότητος
376 1011 434 1046 εῐδη
451 1011 495 1038 διὰ
512 1011 616 1038 πολλῶν
631 1012 830 1039 ἀποδέδεικται.
846 1013 877 1038 ΕΖ

82 1058 171 1085 τοίνυν
184 1058 215 1085 τὸ
227 1058 321 1093 ὅμοιον
335 1058 383 1085 τοῦ
398 1057 482 1085 ποσοῦ
496 1058 647 1094 χωρητικόν
660 1060 728 1091 ἐστι,
743 1058 789 1085 καὶ
801 1059 877 1094 δέχε-

84 1113 127 1130 ται
139 1104 172 1131 τὺ
190 1104 292 1139 μᾶλλον
306 1105 352 1131 χαὶ
367 1104 398 1131 τὸ
414 1104 535 1136 ἔλαττον,
545 1105 576 1130 οὐ
587 1104 738 1140 δεχομένων
754 1106 819 1132 αὐτὸ
830 1105 877 1132 τοῦ

85 1150 208 1184 ἡμίσεως
227 1150 276 1176 καὶ
293 1150 447 1183 διπλασίου,
464 1150 512 1185 οὺχ
526 1150 654 1185 ὁμογενὲς
668 1150 722 1186 ἄρα
738 1152 794 1183 τοῖς
810 1151 878 1187 πρός

87 1195 112 1222 τί
127 1195 211 1223 ἐστιν.

430 1254 531 1282 ΑΛΛΟ.

122 1308 158 1335 Τὸ
173 1308 275 1344 μᾶλλον
290 1311 348 1346 ἦτοι
363 1311 394 1337 τὸ
408 1311 500 1347 μεῖζον
517 1312 642 1344 enimsic;
657 1313 715 1339 ἐστι
733 1313 779 1339 καὶ
798 1312 880 1347 ὑπερ-

91 1354 150 1389 εολή
175 1363 250 1387 τινος
272 1357 437 1391 πράγματος
461 1358 661 1393 οίουδηποτοῦν,
677 1359 727 1385 οὐκ
753 1359 879 1394 ἀνομοίου

91 1400 158 1432 τινὸς
180 1401 230 1427 καὶ
254 1402 446 1437 ἀντικειμένου
471 1403 585 1439 δήλωσιν
609 1403 676 1439 ἔχει.
693 1404 729 1430 Τὸ
748 1404 776 1430 δὲ
788 1405 880 1440 ὅμοιον

90 1447 136 1481 οὐχ
151 1446 249 1479 οὕτως.
264 1448 394 1484 Εἰσφέρει
410 1448 465 1483 γὰρ
481 1449 527 1476 τοῦ
543 1450 670 1485 ἀνομοίου
685 1450 733 1486 τὴν
749 1451 878 1486 ἔμφασιν.

93 1493 195 1525 Ἄλλως
210 1502 240 1520 τε
253 1493 293 1528 τῷ
306 1494 355 1529 μὲν
366 1495 486 1530 ἀνομοίῳ
502 1496 630 1532 στέρησις
645 1497 795 1524 ἀκολουθεῖ.
805 1499 881 1526 Ἀπο-

91 1538 152 1572 Gali}
170 1539 227 1575 γὰρ
245 1540 291 1566 τοῦ
307 1541 401 1575 ὁμοίου
419 1541 450 1567 τὸ
472 1541 597 1577 ἀνόμοιον
620 1543 776 1577 ἐργάζεται.
794 1543 830 1570 Τὸ
852 1543 881 1570 δὲ

93 1584 188 1619 μᾶλλον
209 1586 256 1612 καὶ
281 1586 374 1621 μεῖξον
399 1587 524 1618 ἐπίτασις
543 1596 615 1619 τινος
630 1588 704 1619 ὄντα,
720 1589 800 1616 ποίαν
826 1589 880 1622 ἕξει

91 1630 137 1665 τὴν
148 1631 321 1668 ἀποϐολὴ·ῃῆ
334 1632 393 1664 πῶς
404 1632 448 1659 ἐπ’
459 1633 540 1660 αὑτοῦ
552 1635 680 1670 στέρησις
691 1634 777 1669 ἔσται,
787 1635 881 1670 ὥσπερ

93 1675 136 1702 καὶ
159 1676 205 1703 ἐπὶ
218 1677 265 1703 τοῦ
282 1677 428 1712 ἀνομοίου;
453 1678 521 1705 Ἀλλ’
538 1679 587 1706 οὐκ
605 1679 638 1706 ἂν
655 1679 712 1715 ἔχοι
726 1689 767 1713 τις
783 1681 880 1708 εἰπεῖν.

99 1719 267 1756 Ἕτερογενὲς
283 1721 337 1757 ἄρα
351 1722 390 1758 τῷ
408 1723 494 1758 ὁμοίῳ
510 1724 540 1750 τὸ
556 1724 658 1760 μεῖξον.

94 1777 190 1816 A.\_AO,
215 1778 373 1816 ἀπόδειξίν
386 1779 460 1814 ἕχον
473 1779 517 1806 ὅτι
537 1779 586 1816 διὰ
602 1781 655 1808 τοῦ
668 1781 808 1816 ,λέγεσθαι
819 1783 882 1816 μεί-

126 1812 194 1851 ζφτιι
210 1814 264 1851 τᾷν
280 1812 647 1851 Πατέραξιζυνεισφέρεται
663 1812 722 1850 psi
736 1812 854 1851 πάντὼς
866 1819 883 1845 ό

131 1849 206 1881 Υιὸς,
226 1850 293 1876 ἐστι
308 1849 342 1875 δὲ
360 1851 417 1876 οὐκ
431 1849 561 1877 ἐλάττων
575 1849 678 1878 αὺτοῦ.

127 1906 163 1933 Τδ
178 1906 274 1942 μεῖζον
290 1907 368 1939 εἴτις
383 1907 525 1942 ὀνομάσαι,
539 1909 701 1935 συνεισοίσει
715 1910 823 1942 πάντως
837 1910 884 1937 καὶ

96 1952 249 1986 ἀναγκαίως
265 1952 359 1988 ἕτερόν
382 1960 409 1979 τι
433 1954 496 1988 παρ’
513 1953 579 1980 αὐτὸ
592 1951 622 1981 οὗ
636 1955 683 1981 καὶ
698 1954 756 1982 ἔστι
781 1955 881 1990 μεῖζον.

96 1998 169 2024 (Ητω
191 1998 336 2034 τοιγαροῦν
359 1998 467 2033 ἔχοντος
490 1998 537 2026 τοῦ
561 2000 706 2035 νοήματος,
725 2001 791 2036 φέρε
818 2003 884 2028 κατ’

95 2043 157 2070 αὖτο
176 2043 227 2079 τὴν
252 2043 329 2070 θείαν
353 2044 525 2079 ἐξετάσωμεν
542 2045 678 2081 γέννησιν,
693 2046 738 2072 καὶ
761 2046 806 2073 τὸν
820 2047 884 2082 περὶ

95 2089 199 2125 [in-pb;
225 2090 274 2116 καὶ
297 2089 361 2116 Υἱοῦ
386 2090 570 2126 γυμνάσωμεν
596 2091 772 2126 λόγον.”οταν
795 2093 884 2120 τοίνυν

94 2135 204 2171 λέγηται
221 2136 325 2171 μείζων
342 2138 356 2162 ό
368 2137 474 2172 Πατὴρ,
491 2137 659 2172 συνεισφέρει
669 2137 718 2174 μὲν
732 2138 840 2170 πάντως
855 2139 885 2165 τὸ

94 2182 121 2208 ὲν
139 2182 232 2217 σχέσει
255 2183 289 2217 τῇ
316 2183 384 2217 πρὸς
399 2183 491 2215 αὑτὸν,
504 2183 552 2219 τὴν
566 2183 631 2210 Υἱοῦ
650 2184 786 2218 σημασίαν
802 2184 888 2219 (prun,

926 249 1108 282 mili,.interit
1129 249 1210 276 etiam
1233 254 1261 277 et
1282 249 1423 282 dissimile,
1444 249 1577 284 simulque
1597 257 1707 285 pereant

925 301 1035 322 necesse
1053 298 1105 323 est.
1124 294 1180 330 90
1197 293 1250 322 Sed
1267 301 1353 329 neque
1371 294 1546 328 interimitur,
1564 303 1651 330 neque
1669 297 1709 323 in-

926 340 1026 367 tet-imit
1041 349 1048 368 :
1063 347 1124 369 cum
1138 340 1210 367 enim
1228 340 1329 375 aliquid
1344 341 1380 368 sit
1394 340 1485 372 homo,
1500 340 1551 368 erit
1564 340 1645 369 etiam
1661 341 1709 368 ali-

925 387 988 420 quid
1003 386 1027 414 ei
1042 386 1185 418 dissimile,
1202 390 1228 413 et
1243 386 1350 414 sublato
1366 385 1502 419 dissimili,
1519 394 1573 413 non
1590 386 1662 421 perit
1675 387 1712 414 si-

925 433 981 461 mul
996 433 1022 460 id
1035 434 1106 468 quod
1119 437 1188 466 erat,
1207 433 1258 461 hoc
1274 436 1314 460 est
1334 433 1426 465 homo,
1449 432 1492 460 cui
1508 432 1639 460 dissimile
1653 438 1707 460 erat

926 479 996 514 quod
1014 479 1105 514 periit.
1123 479 1217 507 Simile
1235 479 1317 514 igitur
1332 483 1360 507 et
1377 478 1508 506 dissimile
1526 486 1579 506 non
1598 481 1661 505 sunt
1678 479 1709 505 ad

925 524 1037 559 aliquid.

1260 579 1376 608 ALIUD.

963 637 1000 665 De
1013 637 1094 665 simili
1108 642 1134 664 et
1146 637 1244 665 virtute
1256 642 1336 672 atque
1352 638 1447 664 ltorum
1464 638 1595 673 oppositis
1612 638 1712 665 dicitur

927 683 1012 718 magis
1028 686 1055 710 et
1073 683 1172 710 minus.
1183 681 1252 710 Vere
1267 683 1337 709 enim
1356 683 1408 710 dici
1427 689 1524 717 petest,
1537 684 1608 711 hunc
1620 683 1658 711 illi
1675 684 1713 711 si-

927 728 1016 755 milem
1033 735 1107 760 esse,
1122 731 1149 754 et
1167 727 1257 754 minus
1272 731 1318 754 aut
1333 727 1419 760 magis
1434 728 1567 761 similem,
1584 733 1611 756 et
1627 729 1713 763 magis

927 778 974 801 aut
995 773 1083 801 minus
1110 773 1225 808 justum.
1242 771 1273 800 Et
1292 772 1326 800 de
1349 773 1433 808 magis
1469 774 1549 809 duplo
1568 779 1595 802 et
1626 776 1712 803 medio

926 818 978 846 dici
1002 826 1054 846 non
1075 822 1165 853 potest
1191 818 1277 853 magis
1303 818 1400 853 majus,
1426 819 1467 846 vel
1492 819 1577 854 magis
1605 820 1714 853 minus,

927 869 973 892 aut
985 864 1070 900 magis
1079 864 1199 900 duplum,
1209 864 1252 891 vel
1261 864 1345 898 magis
1356 864 1632 898 medium.Qualitatis
1641 865 1713 894 enim

928 910 1030 945 species
1048 910 1189 946 incapaces
1199 917 1259 938 esse
1273 909 1431 944 quantitatis
1447 917 1481 937 ex
1497 910 1588 938 multis
1602 912 1715 939 demon-

929 960 1041 983 stratum
1058 961 1108 983 est.
1125 956 1153 983 Si
1175 963 1239 991 ergo
1259 956 1348 984 simile
1371 956 1531 991 quantitatis
1552 963 1637 991 capax
1657 962 1715 989 est,

929 1001 1078 1036 recipitque
1092 1002 1176 1037 magis
1185 1006 1211 1028 et
1220 1002 1316 1034 minus,
1327 1001 1467 1028 dimidium
1486 1009 1550 1029 vero
1564 1007 1591 1030 et
1607 1002 1716 1038 duplqu

929 1047 956 1074 id
965 1055 1021 1081 non,
1029 1048 1161 1083 recipiunt
1173 1057 1179 1080 ;
1195 1056 1247 1075 non
1260 1055 1325 1083 ergo
1337 1047 1458 1082 ejusdem
1473 1048 1582 1084 generis
1593 1049 1645 1076 erit
1655 1056 1716 1075 cum

930 1093 962 1121 iis
978 1102 1036 1129 qu:e
1052 1099 1116 1122 sunt
1129 1094 1162 1122 ad
1178 1094 1291 1129 aliquid.

1266 1253 1383 1282 ALIUD.

966 1308 1051 1344 Magis
1067 1309 1124 1337 sive
1139 1310 1224 1345 majus
1237 1311 1416 1338 intentionem
1431 1315 1513 1346 atque
1530 1311 1722 1340 excellentiam

930 1354 1044 1390 alicujus
1062 1355 1100 1382 rei
1120 1356 1268 1390 significat,
1286 1364 1338 1384 non
1358 1362 1448 1384 autem
1469 1357 1600 1385 dissimile
1618 1358 1719 1392 aliquid

930 1404 958 1428 et
978 1401 1130 1435 oppositum
1153 1401 1265 1429 indicat.
1289 1401 1384 1429 Simile
1405 1410 1470 1430 vero
1495 1410 1547 1430 non
1571 1403 1635 1433 item
1650 1411 1657 1429 :
1672 1403 1719 1434 de-

931 1451 1065 1475 monstrat
1081 1448 1150 1476 enim
1169 1448 1194 1476 id
1212 1448 1282 1482 quod
1299 1448 1429 1476 dissimile
1445 1453 1497 1476 est.
1514 1448 1631 1476 Amissio
1645 1449 1716 1476 enim

932 1493 1041 1526 similis,
1055 1493 1186 1521 dissimile
1200 1493 1281 1521 efficit
1296 1503 1302 1521 :
1316 1494 1384 1521 adde
1397 1496 1469 1529 qttod
1483 1493 1614 1522 dissimile
1627 1495 1719 1529 sequi-

933 1543 976 1567 tur
990 1539 1116 1574 privatio.
1132 1538 1216 1574 Magis
1230 1547 1294 1567 vero
1309 1544 1336 1567 et
1352 1540 1441 1567 minus
1456 1548 1516 1567 cum
1533 1541 1586 1567 sint
1601 1540 1719 1568 intensio

932 1584 1045 1619 alicujus
1067 1584 1116 1617 rei,
1137 1591 1259 1618 quantam
1283 1584 1308 1611 in
1329 1583 1370 1611 his
1391 1584 1514 1617 amissio,
1537 1589 1584 1612 aut
1603 1585 1719 1620 privatio

932 1629 1014 1657 statui
1037 1633 1133 1664 potest.
1153 1633 1180 1655 ut
1202 1629 1228 1656 in
1251 1629 1393 1656 dissimili?
1412 1629 1490 1657 Nulla
1512 1635 1595 1658 certe.
1615 1630 1719 1658 Diversi

933 1675 1016 1709 igitur
1030 1675 1138 1709 generis
1152 1680 1215 1702 sunt
1231 1674 1320 1702 simile
1335 1679 1362 1702 ct
1378 1676 1476 1711 majus.

933 1775 1051 1806 ALIUD,
1065 1776 1248 1802 demonstrans
1265 1783 1312 1809 per
1325 1776 1352 1801 id
1367 1776 1436 1809 quod
1453 1775 1552 1803 dicitur
1567 1776 1646 1805 Pater
1659 1786 1717 1804 nm-

966 1810 1021 1844 jar,
1037 1810 1116 1837 simul
1129 1811 1207 1837 etiam
1223 1810 1320 1844 inferre
1334 1809 1446 1844 Filium,
1464 1812 1550 1838 minor
1562 1817 1649 1840 autem
1663 1813 1719 1848 ipso

969 1853 1020 1871 non
1034 1849 1081 1872 eu.

971 1908 1000 1936 Si
1017 1909 1077 1943 quis
1093 1909 1214 1938 nominet
1232 1910 1335 1945 majus,
1351 1909 1506 1937 necessario
1522 1911 1603 1937 etiam
1623 1910 1720 1938 inferet

935 1953 1005 1980 aliud
1020 1953 1156 1988 quidpiam
1172 1957 1269 1988 praeter
1293 1955 1318 1981 id
1332 1955 1411 1989 cujus
1428 1959 1551 1989 respectu:
1565 1955 1653 1989 majus
1666 1960 1719 1984 est.

935 1999 1011 2032 Quod
1025 2007 1086 2026 cum
1102 1999 1138 2026 ita
1155 2000 1263 2027 omnino
1280 2007 1309 2028 se
1325 2000 1438 2032 habeat,
1453 2008 1502 2036 age
1517 2001 1568 2028 hac.
1582 2003 1663 2029 etiam
1679 2010 1721 2029 ra-

937 2045 1008 2071 tione
1024 2044 1139 2071 divinant
1155 2046 1355 2078 generationem
1372 2045 1560 2081 exploremus,
1573 2051 1600 2074 ct
1614 2054 1720 2073 sermo-

935 2097 996 2117 nem
1014 2090 1047 2117 de
1062 2089 1142 2118 Patre
1157 2095 1184 2117 et
1199 2090 1267 2118 Filio
1282 2091 1484 2127 investigemus.
1499 2092 1567 2120 Cum
1583 2092 1665 2126 igitur
1678 2093 1721 2120 di-

936 2136 1006 2164 citur
1024 2137 1111 2171 major
1126 2136 1217 2170 Pater,
1236 2137 1351 2164 infertur
1368 2138 1479 2166 omnino
1499 2138 1580 2166 etiam
1603 2138 1628 2166 id
1648 2139 1720 2174 quod

936 2181 1097 2210 relationem
1120 2183 1153 2210 ad
1177 2183 1266 2218 ipsum
1289 2183 1387 2216 habet,
1410 2184 1537 2211 nimirum
1560 2184 1721 2220 signiﬁcatio

95 2228 154 2254 καθ’
166 2226 202 2263 ἧς
221 2229 254 2254 τδ
269 2228 380 2255 Ξλαττον
396 2228 501 2256 νοοῦσιν
522 2230 546 2256 οἱ
569 2230 758 2265 χριστομάχοι.
774 2231 883 2257 Συνεισ-

939 2227 1011 2260 Filii,
1024 2229 1049 2255 in
1061 2236 1114 2263 qua
1126 2229 1215 2257 minus
1225 2229 1394 2257 constituunt
1405 2230 1497 2257 hostes
1507 2230 1620 2258 Christi.
1632 2230 1724 2264 Quatt-

96 2274 251 2309 ενεχθέεηος
266 2275 412 2310 τοιγαροῦν
431 2275 586 2309 ἀναγκαίως
601 2275 639 2311 τῷ
651 2277 738 2310 Πατρὶ
749 2276 884 2315 τοῦνΥἱοῧ,

97 2320 162 2356 ςέρε
183 2320 380 2356 δοκιμάζωμεν
397 2321 454 2353 πῶς
470 2321 525 2354 ἔξει
549 2320 579 2348 τὸ
598 2321 690 2357 μεῖζον
703 2323 716 2348 ὁ
733 2322 839 2358 Πατήρ.
855 2322 887 2349 Εἰ

97 2365 148 2400 γὰρ
162 2364 244 2399 φύσει
262 2365 329 2397 Θεὸς
343 2365 357 2391 ό
374 2365 448 2397 Υἱὸς,
460 2365 584 2401 καθάπερ
599 2365 646 2392 καὶ
660 2366 674 2392 ό
691 2365 795 2402 Πατὴρ,
808 2365 894 2400 φύσει.

98 2410 205 2444 ἀγαθὸς,
231 2410 314 2444 φύσει
335 2410 511 2446 δημιουργὸς,
537 2410 616 2445 φύσει
644 2410 781 2446 βασιλεὺς,
812 2411 888 2438 ποῖον

99 2455 171 2482 ἔσται
183 2456 214 2482 τὸ
233 2455 328 2491 μεῖζον
343 2457 371 2482 ὲν
387 2456 485 2491 Πατρὶ,
503 2455 609 2491 ἔχοντος
625 2457 695 2484 αὐτὰ
714 2456 823 2490 τελείως
840 2457 889 2484 καὶ

99 2502 142 2529 τοῦ
156 2503 238 2536 Υῐοῦ;
254 2504 285 2530 Et
303 2503 332 2529 δὲ
350 2503 389 2538 μὴ
413 2502 470 2538 ἔχει
489 2502 608 2535 τελείως,
624 2502 683 2534 πῶς
699 2502 766 2534 Θεός
784 2503 842 2529 ἐστι
859 2502 889 2529 τὸ

100 2545 120 2583 ᾧ
127 2558 151 2576 τι
158 2550 211 2576 τῶν
223 2549 338 2584 ἀγαθῶν
351 2549 436 2576 ἑνδεεί
445 2557 452 2581 ;
462 2549 498 2574 T6
507 2549 561 2584 γὰρ
575 2547 650 2575 οὔπω
664 2548 712 2583 τῆς
727 2548 889 2584 ὀφειλούσης

102 2597 231 2630 προσεῖναι
249 2595 312 2631 Θεῷ
329 2595 498 2630 τελειότητος
511 2594 721 2630 ἐπειλημμένον,
734 2595 785 2621 οὐκ
801 2594 833 2621 ἂν
847 2595 890 2631 εἴη

103 2640 172 2675 φύσει
187 2641 256 2673 Θεός
266 2649 273 2656 ·
294 2640 378 2675 φύσει
393 2640 422 2666 δὲ
433 2639 498 2671 Θεὸς
512 2641 526 2666 ό
536 2639 609 2671 Υἱός·
624 2639 726 2671 τέλειος
740 2639 793 2675 ἄρα
807 2639 891 2666 καθά-

102 2695 146 2724 περ
165 2688 211 2715 καὶ
226 2688 240 2714 6
256 2686 488 2723 Πατήρ.Ὲπειδὴ
510 2687 539 2713 δὲ
562 2687 664 2718 τέλειος
683 2687 698 2713 ὁ
715 2686 820 2722 Πατὴρ,
841 2686 892 2712 οὐκ

102 2735 206 2762 ἐλάττων
220 2734 341 2770 δηλαδή.
358 2732 547 2768 Οἰκονομικῶς
564 2733 593 2760 δέ
613 2742 696 2768 φησιν
718 2733 815 2760 ἑαυτοῦ
833 2733 893 2769 μεί-

102 2781 154 2813 Cava.
164 2782 210 2809 τὸν
226 2781 359 2816 Πατέρα,
367 2779 385 2814 ἦ
399 2778 468 2805 καθὸ
480 2780 589 2813 γέγονεν
604 2778 757 2814 ἄνθρωπος,
767 2788 893 2815 παραχω-

102 2828 144 2858 ρῶν
154 2830 184 2864 τῇ
197 2828 250 2864 τῆς
264 2827 404 2861 θεότητος
413 2824 494 2859 φύσει
505 2825 535 2851 τὸ
543 2825 686 2861 ὑπερέχειν
697 2825 750 2851 τῶν
761 2825 890 2862 γενητῶν·

101 2876 135 2903 καὶ
147 2876 182 2910 τῷ
197 2875 274 2903 κατὰ
293 2873 386 2908 φύσιν
400 2871 494 2906 Κυρίῳ
508 2871 537 2898 τὸ
551 2872 604 2899 ἄνω
622 2872 726 2899 κεῖσθαι
741 2871 827 2904 διδοὺς
847 2872 893 2906 τῆς

939 2274 1084 2308 doquidetn
1100 2281 1165 2310 ergo
1182 2275 1338 2303 necessario
1357 2283 1410 2303 una
1427 2283 1489 2303 cum
1508 2275 1590 2303 Patre
1607 2276 1724 2303 infertur

938 2318 1034 2352 Filius,
1046 2326 1104 2354 age,
1114 2319 1301 2348 examinemus
1316 2327 1370 2354 quo
1387 2325 1465 2354 pacto
1481 2320 1563 2347 Pater
1576 2321 1662 2355 major
1675 2321 1721 2348 sit.

938 2363 967 2391 Si
985 2364 1056 2392 enim
1074 2364 1158 2392 Filius
1176 2369 1221 2392 est
1234 2369 1332 2392 natura
1349 2365 1433 2397 Deus,
1450 2365 1678 2400 quemadmodum
1695 2369 1724 2393 et

937 2409 1018 2438 Pater
1031 2415 1072 2438 εει
1085 2415 1180 2438 natura
1196 2411 1295 2443 bonus,
1308 2415 1402 2438 natura
1417 2415 1535 2442 creator,
1550 2414 1647 2438 natura
1661 2417 1721 2443 rex,

938 2456 1079 2491 qualenam
1094 2456 1148 2484 erit
1162 2457 1248 2492 majus
1263 2457 1290 2485 in
1305 2457 1395 2490 Patre,
1408 2457 1462 2492 91
1477 2464 1537 2484 cum
1551 2461 1578 2484 et
1592 2456 1676 2484 Filius
1691 2464 1723 2484 ea

938 2501 1057 2537 perfecte
1078 2502 1192 2529 habeat?
1212 2502 1241 2529 Si
1262 2510 1326 2530 vero
1345 2502 1463 2538 perfecte
1483 2509 1537 2529 non
1559 2502 1649 2535 habet,
1670 2509 1725 2536 quo

939 2552 1018 2582 pacto
1030 2547 1082 2575 dici
1093 2552 1182 2582 potest
1194 2549 1264 2575 Deus
1278 2548 1299 2576 is
1311 2549 1354 2576 cui
1369 2548 1476 2583 aliquod
1490 2548 1620 2575 bonorum
1633 2546 1725 2575 deest!

941 2592 970 2621 ld
986 2593 1058 2620 enim
1074 2594 1145 2628 quod
1159 2600 1219 2620 eam
1234 2601 1295 2628 qua:
1312 2594 1399 2621 inesse
1413 2594 1468 2622 Deo
1484 2594 1563 2621 debet
1581 2592 1725 2628 perfectio-

943 2646 1005 2666 nem
1021 2646 1072 2666 non
1088 2638 1184 2672 habet,
1198 2638 1268 2666 Deus
1281 2645 1376 2666 natura
1390 2646 1452 2666 esse
1464 2646 1517 2666 non
1531 2643 1636 2673 potest;
1651 2638 1726 2673 atqui

942 2685 1026 2712 Filius
1047 2690 1089 2712 est
1110 2686 1179 2713 Deus
1201 2689 1296 2712 natura
1314 2694 1321 2712 :
1340 2684 1477 2720 perfectus
1496 2685 1578 2720 igitur
1594 2685 1726 2719 quemad-

943 2732 1052 2759 modum
1064 2737 1090 2759 et
1102 2731 1192 2759 Pater.
1202 2730 1270 2758 Cum
1283 2737 1346 2758 vero
1359 2730 1494 2765 perfectus
1504 2730 1540 2756 sit
1550 2729 1642 2763 Pater,
1653 2735 1726 2757 certe

944 2778 1033 2804 minor
1045 2785 1096 2804 non
1109 2782 1161 2805 est.
1174 2777 1307 2804 Caeterum
1322 2780 1444 2811 respectu
1458 2776 1654 2805 incarnationis
1666 2782 1726 2802 ma~

941 2823 1029 2858 jorcm
1043 2824 1107 2851 dicit
1121 2824 1239 2856 Patrem,
1254 2823 1311 2851 sive
1323 2827 1457 2858 quatenus
1472 2822 1561 2850 factus
1574 2827 1615 2850 est
1630 2822 1726 2853 homo;

947 2869 1068 2898 tribuens
1089 2869 1139 2898 hoc
1161 2875 1263 2898 natura:
1283 2869 1430 2899 divinitatis
1452 2873 1480 2897 ut
1502 2868 1633 2896 creaturis
1653 2872 1725 2894 ame-
