1920 3031
210 136 257 162 iiii

720 135 748 162 S.
769 135 906 162 CYRILL!
926 135 1160 164 ALEXANDRlNl
1181 138 1340 165 ARCIIIEP.

1797 134 1861 163 152

208 193 304 230 cellat;
329 197 356 220 et
374 192 493 229 Domino
516 191 664 220 secundum
689 195 812 218 naturam
836 192 888 219 hoc
911 192 992 219 ascri-

1054 191 1089 219 τοῦ
1101 192 1194 219 δούλου
1207 193 1323 228 μορφῆς,
1333 194 1357 220 εί
1369 192 1415 219 καὶ
1429 193 1470 219 ὃτι
1487 193 1604 228 μάλιστα
1615 194 1661 220 καὶ
1672 193 1756 225 αὐτὸς
1768 192 1860 220 κατά

209 241 275 267 bens
287 239 359 274 quod
372 238 464 267 servili
478 237 566 266 forma
581 238 661 273 longe
675 237 797 271 superior
808 240 849 264 est
862 256 869 269 ,
884 237 992 264 tametsi

207 285 289 312 etiam
310 285 367 320 ipse
384 284 534 312 secundum
552 288 675 311 naturam
693 282 824 310 Dominus
841 283 893 315 sit;
911 286 993 317 atque

208 331 244 358 ita
263 330 372 366 quidem
393 330 514 358 tribuens
532 329 617 362 Patri,
637 334 666 355 ut
684 328 769 363 major
786 328 831 362 sit,
852 333 882 355 ut
902 333 992 355 tamen

207 378 266 411 ipse
283 377 349 404 nihil
368 377 458 404 minus
475 376 573 404 habeat
589 375 693 402 ratione
709 374 842 402 essentia}.
861 375 900 402 Ita
919 375 992 402 enim

206 423 260 450 erit
272 429 366 450 verum
381 422 505 457 genimen
521 426 601 456 atque
616 420 705 455 imago
717 420 865 454 Genitoris,
880 428 932 448 non
946 421 994 448 ali-

206 474 258 501 qua
274 474 307 494 ex
323 472 400 501 parte
415 473 558 500 expressa,
577 465 623 492 sed
639 465 824 492 omnimodam
839 466 992 494 similitudi-

207 520 268 539 nem
287 519 346 539 cum
368 512 425 547 ipso
442 511 562 543 habens;
579 510 664 538 solius
677 518 743 538 vero
758 511 849 540 decori
867 519 949 540 causa
964 517 993 540 ut

206 557 291 584 Filius
306 556 435 591 majorem
453 556 583 584 honorem
600 556 672 584 Patri
690 557 793 584 tribuit.

247 627 376 653 Adversus
394 625 517 658 dicentes,
533 626 602 660 quod
622 625 702 652 Pnler
715 626 751 652 sit
768 625 949 661 majorFiiio.

427 717 547 750 Obiectio
563 717 758 743 haereticorum.

238 773 330 806 Pater,
353 774 495 808 inquiunt,
519 780 628 808 semper
647 778 725 805 erat,
749 773 832 800 Filius
854 780 918 800 vero
939 780 992 800 non

203 819 310 853 semper
327 828 332 845 :
351 827 404 854 quo
421 824 501 854 pacto
519 818 601 853 igitur
617 826 669 846 non
689 819 741 846 erit
760 818 845 852 major
860 818 905 853 qui
923 826 992 846 sem-

1047 237 1127 272 φύαιν
1147 238 1258 273 Κύριος,
1283 239 1299 274 ἢ
1324 238 1355 265 τὸ
1376 239 1467 274 μεῖζον
1487 240 1659 275 παραχωρῶν
1681 240 1719 271 ὡς
1737 237 1858 273 Πατρὶ,

1046 285 1121 311 οὐδὲν
1140 284 1189 320 μὲν
1204 282 1286 320 ἦττον
1301 284 1369 320 ἔχων
1385 284 1466 311 αὐτοῦ
1481 285 1551 311 κατὰ
1566 285 1610 312 τὸν
1620 286 1670 321 τῆς
1687 285 1790 316 οὐσίας
1805 283 1861 310 16—

1046 341 1104 367 γον.
1114 331 1192 359 Οὕτω
1205 331 1260 367 γὰρ
1272 332 1304 358 ἂν
1320 332 1362 367 εἴη
1377 332 1425 358 καὶ
1438 332 1549 366 γνήσιον
1562 332 1684 368 γέννημα
1696 332 1744 359 καὶ
1756 330 1858 358 είκὼν

1046 379 1129 410 ὅντως
1141 378 1188 405 τοῦ
1201 378 1406 413 γεγεννηκότος,
1421 379 1451 405 οὐ
1465 378 1535 405 κατά
1546 387 1572 404 τι
1584 376 1858 414 παρακεχαραγμέ-

1046 434 1090 460 νη,
1105 424 1162 451 ἀλλ’
1181 425 1328 460 ὀλόκληρον
1350 424 1419 459 πρὸς
1444 424 1524 450 αὑτὸν
1543 423 1666 456 σώζουσα
1679 425 1731 460 τὴν
1750 422 1857 458 ἐμ.φὲ-

1049 480 1123 506 ρειαν
1135 479 1141 486 ·
1165 471 1209 498 διὰ
1234 471 1263 498 δὲ
1289 470 1368 506 μόνον
1385 470 1415 496 τὸ
1430 470 1535 505 πρέπον
1558 470 1595 502 ὼς
1610 470 1674 503 Υἱὸς
1693 470 1734 505 τῷ
1750 468 1856 503 Πατρὶ

1046 517 1130 553 τιμὴν
1143 517 1288 552 ἀπονέμων
1302 517 1351 552 τὴν
1367 515 1487 552 μείζονα.

1045 629 1125 663 Πρὸς
1144 628 1220 662 ’τοὺς
1242 629 1388 663 λέγοντας
1400 629 1472 691 ,Υῗτέ
1492 628 1599 663 μείζων
1618 630 1634 655 ὁ
1653 629 1759 664 Πατὴρ
1788 629 1854 656 τοῦ

1438 673 1483 690 ου.

1438 673 1483 690 ου.

1176 721 1336 753 Ἀντίθεσις
1355 721 1394 753 ὡς
1413 721 1446 747 ἐκ
1465 721 1524 747 τῶν
1543 721 1710 756 ειΙρετικῶν.

1087 777 1116 804 '0
1130 777 1236 812 Πατὴρ,
1253 777 1345 812 φησὶν,
1361 774 1394 812 ἦν
1411 776 1463 808 ἀεὶ,
1479 778 1529 804 οὐκ
1544 778 1587 804 ἀεὶ
1600 777 1628 804 δὲ
1647 778 1661 803 ὁ
1677 777 1742 808 Υἱός
1755 785 1763 792 ⁸
1783 776 1853 807 πῶς

1045 821 1092 850 οὖν
1106 822 1156 849 οὐκ
1172 822 1247 848 ἔσται
1266 822 1366 856 μείζων
1380 823 1393 847 ὁ
1408 822 1452 848 ἀεὶ
1468 823 1597 857 ὑπάρχων
1619 822 1666 849 τοῦ
1691 822 1729 857 μὴ
1753 821 1852 852 οὕτως

203 873 251 900 per
270 866 380 893 exsistit
397 873 429 892 eo
443 865 488 900 qui
503 873 556 892 non
571 864 696 900 semper?
709 865 762 891 Aul.
776 872 829 900 quo
843 870 922 899 pacto
935 872 988 892 non

1055 865 1132 900 vto;';
1150 867 1212 898 ne;
1226 867 1255 893 δὲ
1268 867 1318 893 οὐκ
1335 866 1454 893 ἐλάττων
1468 867 1513 893 τοῦ
1529 867 1622 899 dii/Sim;
1635 868 1815 903 ὑπάρχοντος
1835 867 1852 893 ὁ

203 912 239 939 sit
256 912 344 939 minor
359 919 391 939 eo
407 911 452 946 qui
470 912 503 939 ab
522 916 623 939 :eterno
638 911 747 938 exsistit
765 911 787 938 is
802 912 847 946 qui
873 916 991 939 aeternus

203 965 256 984 non
279 957 340 985 est?
362 956 390 984 Si
411 964 475 984 vero
499 956 583 990 major
603 960 645 984 est
668 957 750 984 Pater
770 956 855 989 Filio,
879 957 993 985 diversae

202 1003 283 1030 etiam
298 1003 424 1031 essentia:
438 1003 472 1030 ab
487 1002 544 1038 ipso
560 1003 623 1030 erit.

451 1069 555 1096 Solatia
573 1070 739 1104 objectionit.

240 1128 389 1164 Oportebat
403 1135 469 1155 sane
485 1136 538 1155 non
556 1128 592 1155 ita
612 1129 702 1163 inepte
717 1132 798 1163 atque
814 1129 919 1155 ruditer
933 1136 993 1163 pro-

202 1174 265 1208 poni
282 1180 391 1207 gravem
408 1173 496 1205 hanc,
513 1177 541 1199 et
561 1172 704 1207 imperitiae
717 1177 814 1200 vestrae
829 1173 994 1201 convenien-

202 1225 257 1247 tem
272 1221 461 1254 quaestionem.
475 1218 542 1246 Nam
555 1227 616 1247 eum
630 1220 813 1247 diversitatem
827 1220 952 1247 essentia:
966 1219 992 1246 in

201 1265 282 1292 Patre
295 1269 322 1291 et
334 1264 403 1292 Filio
417 1265 529 1300 urgetis,
544 1265 670 1300 imperite
684 1265 829 1293 admodum
844 1273 876 1292 ex
892 1265 993 1299 majore

201 1314 229 1338 et
243 1311 348 1338 minore
361 1311 387 1338 id
401 1311 516 1346 probare
529 1311 646 1339 studetis
661 1320 667 1338 :
683 1312 795 1346 proinde
807 1319 839 1338 ac
853 1311 874 1338 si
889 1319 918 1338 ea
932 1318 992 1346 quae

201 1357 297 1385 horum
316 1358 425 1392 capacia
443 1362 516 1390 sunt,
534 1358 689 1385 necessario
707 1358 777 1385 inter
792 1365 822 1385 se
840 1357 992 1384 substantia

200 1403 337 1430 dill'erant.
350 1403 431 1438 Atqui
448 1403 545 1438 lapidis
560 1404 669 1438 quidem
685 1405 717 1431 ad
732 1404 860 1438 lapidem,
876 1403 939 1438 ligni
957 1403 991 1430 ad

200 1449 319 1484 lignum,
336 1448 452 1476 hominis
468 1449 501 1476 ad
518 1449 655 1476 hominem
666 1469 672 1481 ,
689 1449 849 1476 substantiae
866 1449 935 1475 ratio
951 1453 992 1474 est

199 1495 306 1522 eadem.
321 1495 427 1522 Accidit
445 1500 534 1522 tamen
555 1495 619 1530 ipsis
636 1499 664 1522 et
681 1495 767 1530 majus
784 1500 810 1522 et
830 1495 932 1521 minus.
949 1494 993 1520 Li-

200 1547 281 1574 gnum
297 1540 369 1567 enim
385 1540 458 1574 ligno
473 1540 563 1574 majus
578 1540 727 1567 secundum
743 1541 855 1574 aliquid,
871 1546 896 1566 et
912 1540 991 1566 vieis-
1007 1567 1026 1577 η

1007 1569 1026 1595 C
1048 1569 1095 1611 καλ.
1111 1569 1139 1611 τὸ
1156 1585 1246 1620 μεῖζον
1262 1569 1313 1612 καὶ
1335 1569 1505 1611 ’τὺ-ἔλαττον·
1523 1569 1601 1617 ξύλον
1614 1584 1668 1619 γὰρ
1685 1584 1765 1615 ξύλου
1783 1569 1847 1618 μει-

201 1585 252 1612 sim
270 1586 359 1614 minus
376 1591 498 1621 apparet.
513 1586 579 1613 Cum
598 1587 680 1621 igitur
694 1587 776 1614 etiam
794 1587 826 1614 iis
842 1595 901 1622 qua:
918 1587 990 1620 ejus-

201 1632 261 1659 dem
275 1632 434 1660 substantix
448 1637 509 1659 sunt
524 1633 611 1668 majus
624 1637 651 1660 et
666 1633 754 1660 minus
769 1634 884 1666 accidat,
901 1634 993 1666 ianle

201 1685 250 1706 vos
269 1685 302 1705 ex
322 1679 373 1706 hoc
391 1679 577 1707 diversitatem
596 1680 722 1707 essentia:
740 1681 765 1707 in
784 1679 863 1707 Patre
880 1686 906 1707 et
923 1680 992 1707 Filio

201 1725 392 1752 demonstrare
416 1725 549 1758 nitimini,
568 1730 741 1759 vestramque
763 1727 925 1752 dementiam
949 1726 992 1752 ni-

203 1771 350 1798 hilominus
370 1779 418 1805 per
435 1771 493 1799 haec
509 1771 665 1799 declaratis.
685 1771 809 1807 {Equalis
827 1773 899 1798 enim
917 1771 990 1799 Patri

202 1817 338 1844 exsistens
351 1816 452 1850 Filius,
469 1817 602 1844 minorem
617 1825 646 1845 se
663 1817 726 1844 facit
743 1817 846 1845 ratione
862 1818 990 1844 incarna-

203 1862 294 1898 tionis,
310 1868 339 1890 ut
352 1863 480 1891 diximus.

494 2012 548 2047 92
569 2011 683 2040 ALIUD.

237 2081 304 2113 Qua:
326 2079 441 2107 naturali
465 2081 535 2107 inter
554 2087 584 2108 se
607 2080 785 2108 similitudine
806 2087 858 2107 non
883 2080 993 2112 conjun-

202 2131 314 2160 guntur,
329 2131 357 2153 et
374 2126 479 2153 ratione
495 2126 620 2153 essentia:
637 2125 774 2157 differunt,
795 2133 843 2159 per
859 2125 950 2152 simile
966 2130 994 2152 et

203 2172 350 2205 dissimile,
365 2180 418 2200 non
435 2180 500 2200 vero
516 2180 564 2207 per
579 2173 666 2207 majus
680 2176 707 2199 et
723 2172 811 2198 minus
827 2171 992 2198 discernun-

1047 915 1083 950 μὴ
1099 913 1183 945 ἀΐδιος
1199 913 1252 946 (Iw;
1277 913 1307 939 Εἰ
1323 912 1351 939 δὲ
1375 913 1476 948 μείζων
1491 915 1504 940 ὀ
1519 914 1613 949 Πατὴρ
1629 913 1675 940 τοῦ
1693 913 1773 946 Υἰοῦ,
1795 911 1852 939 καὶ

1045 959 1213 996 ἐτεροούσιος
1228 958 1280 994 ἄρα
1299 958 1366 994 πρὸς
1380 958 1472 986 αὐτόν.
1688 967 1691 968 ⁷

1281 1070 1359 1103 Πρὸς
1378 1069 1472 1096 ταῦτα
1490 1069 1590 1103 λύσις.

1089 1127 1196 1163 Ἐχρῆν,
1213 1123 1236 1154 ὦ
1251 1126 1395 1161 βέλτιστοι,
1412 1126 1449 1161 μὴ
1473 1125 1534 1152 λίαν
1559 1125 1631 1152 οὕτω
1648 1125 1744 1157 κακῶς
1773 1124 1849 1160 μηδὲ

1045 1173 1165 1208 ἀτέχνως
1179 1171 1339 1207 προκεῖσθαι
1353 1171 1383 1197 τὸ
1396 1171 1476 1206 σοφὸν
1489 1171 1521 1207 δὴ
1534 1171 1613 1198 τοῦτο
1628 1172 1678 1207 τῆς
1694 1172 1760 1206 ὑμῖν
1774 1180 1847 1207 πρε-

1045 1219 1149 1254 πούσης
1173 1218 1293 1253 ἀμαθίας
1319 1217 1476 1252 πρόϐλημα.
1493 1218 1673 1254 Είσφέροντες
1695 1219 1750 1253 γὰρ
1775 1219 1849 1253 ἡμῖν

1045 1265 1091 1292 ἐπί
1105 1273 1134 1291 τε
1150 1263 1256 1299 Πατρδς
1271 1263 1319 1290 καὶ
1334 1262 1399 1289 Υἱοῦ
1414 1263 1444 1289 τὸ
1459 1263 1637 1298 ἐτεροούσιον,
1652 1263 1706 1290 ἀπὸ
1721 1263 1768 1290 τοῦ
1784 1263 1850 1298 μεί-

1045 1309 1120 1343 ζονος
1132 1310 1179 1337 καὶ
1195 1309 1242 1336 τοῦ
1259 1310 1400 1340 ἐλάττονος
1413 1308 1462 1343 τὴν
1475 1309 1611 1342 ἀπόδειξιν
1623 1309 1741 1345 ἀμαθῶς
1755 1310 1849 1336 ποιεῖ-

1046 1357 1108 1383 σθαι
1137 1356 1313 1388 σπουδάζετε,
1339 1355 1434 1390 ὥσπερ
1455 1356 1611 1389 ἀναγκαίως
1631 1355 1749 1390 ἐχόντων
1774 1355 1848 1390 πρὸς

1044 1403 1147 1438 ἄλληλα
1161 1403 1209 1437 τὴν
1224 1401 1459 1437 ἐτεροουσιὸτητα,
1470 1401 1523 1427 τῶν
1538 1401 1587 1427 ὅσα
1601 1401 1702 1428 τούτων
1718 1401 1847 1435 πέφυκεν

1045 1447 1114 1475 εἶναι
1138 1448 1260 1474 δεκτικά.
1278 1447 1374 1474 Καίτοι
1391 1448 1462 1483 ξύλῳ
1483 1448 1531 1483 μὲν
1556 1448 1638 1473 παντὶ
1662 1447 1732 1482 πρὸς
1751 1444 1845 1479 ξύλον,

1045 1495 1092 1521 καὶ
1109 1494 1174 1529 λίθῳ
1197 1494 1265 1529 πρὸς
1280 1494 1364 1526 λίθον,
1382 1495 1428 1521 καὶ
1445 1493 1579 1529 ἀνθρώπῳ
1603 1493 1669 1528 πρὸς
1687 1493 1846 1528 ἄνθρωπον.

1045 1541 1094 1574 τῆς
1113 1539 1161 1574 μὲν
1178 1539 1271 1570 οὐσίας
1295 1540 1308 1566 ὁ
1332 1539 1410 1572 λόγος
1424 1540 1437 1565 ὁ
1451 1539 1541 1569 αὑτός.
1569 1539 1705 1573 Πρόσεστι
1722 1538 1751 1564 δὲ
1768 1538 1847 1570 ὅμως

1049 1632 1094 1664 ζον
1121 1632 1192 1657 κατὰ
1210 1640 1246 1663 τι,
1263 1632 1310 1658 καὶ
1339 1631 1421 1657 πάλιν
1448 1631 1549 1666 ὁμοίως
1578 1631 1687 1657 ἔλαττον
1705 1631 1844 1665 φαίνεται.

1054 1677 1244 1711 Ἐμῆαίνοντος
1259 1678 1348 1703 τοίνυν
1369 1678 1416 1703 καὶ
1438 1678 1485 1703 ἐπὶ
1510 1677 1564 1703 τῶν
1582 1677 1733 1712 ὁμοουσίων
1753 1676 1802 1702 τοῦ
1816 1685 1846 1702 τε

1049 1723 1171 1759 μείζονος
1186 1724 1233 1749 καὶ
1247 1723 1294 1749 τοῦ
1310 1723 1462 1755 ἐλάττονος,
1480 1724 1615 1760 περιττῶς
1633 1724 1714 1758 ὑμεῖς
1726 1724 1773 1749 ἐπὶ
1788 1723 1846 1749 Πα-

1045 1769 1110 1804 τρος
1131 1770 1178 1795 καὶ
1196 1769 1260 1795 Υἰοῦ
1280 1768 1383 1805 ταύτην
1397 1770 1535 1803 ἀπόδειξιν
1549 1769 1668 1797 ποιεῖσθε
1682 1769 1730 1796 τοῦ
1749 1770 1844 1804 ἑτερο-

1044 1815 1151 1842 ουσίου·
1169 1816 1214 1842 καὶ
1231 1815 1276 1842 διὰ
1286 1815 1388 1842 τούτων
1403 1815 1431 1841 δὲ
1444 1816 1521 1842 οὐδὲν
1536 1812 1616 1850 ἧττον
1629 1816 1662 1851 λη
1669 1816 1780 1851 pot—ivra;
1798 1816 1844 1842 εὑ-

1047 1862 1258 1898 ρίσκεσθε.”1σο;
1278 1861 1332 1896 γὰρ
1356 1861 1487 1896 ὑπάρχων
1513 1863 1526 1888 ὁ
1542 1862 1606 1893 Υἱὸς
1628 1862 1666 1897 τῷ
1687 1862 1787 1897 Ila-.92,
1811 1860 1842 1887 τὺ

1046 1910 1155 1937 ἔλαττον
1181 1911 1222 1945 ἐφ’
1236 1909 1332 1936 ἑαυτοῦ
1355 1909 1461 1944 τίθησιν
1479 1909 1668 1944 οἰκονομικῶς,
1695 1911 1733 1942 ὡς
1757 1909 1844 1936 δέξει-

1049 1964 1120 1982 κται.

1389 2013 1491 2041 ΑΛΛΟ.

1081 2078 1121 2104 Τὰ
1135 2078 1186 2112 τῆς
1200 2078 1267 2113 πρὸς
1284 2078 1386 2113 ἄλληλα
1409 2079 1527 2114 φυσικῆς
1550 2079 1708 2114 ὁμοιότητος
1725 2079 1841 2116 ἐστερη-

1047 2124 1125 2157 μένα,
1142 2123 1188 2149 καὶ
1205 2119 1275 2150 κατὰ
1288 2123 1334 2150 τὸν
1349 2124 1395 2150 τοῦ
1414 2133 1472 2156 πως
1488 2123 1558 2151 εἶναι
1574 2125 1651 2159 λόγον
1666 2125 1842 2161 διεστηκότα,

1044 2167 1083 2204 τῷ
1098 2169 1184 2204 ὁμοίῳ
1201 2169 1249 2195 καὶ
1261 2169 1299 2204 τῷ
1317 2170 1436 2206 ἀνομοίῳ
1452 2171 1575 2206 κρίνεται
1594 2172 1706 2207 μᾶλλον,
1718 2173 1768 2199 καὶ
1782 2173 1842 2199 οὺδὲ

204 2223 257 2245 tur.
269 2216 297 2244 Si
309 2225 373 2252 ergo
385 2226 467 2245 unum
480 2224 522 2246 est
535 2217 614 2245 Pater
624 2222 651 2244 et
663 2217 747 2244 Filius
761 2217 865 2243 ratione
879 2221 991 2250 naturae,

1054 2224 1099 2241 που
1122 2215 1161 2250 τῷ
1177 2223 1207 2241 τε
1227 2215 1330 2250 μείζονι
1357 2217 1403 2243 καὶ
1426 2216 1464 2252 τῷ
1488 2217 1620 2244 ἐλάττονι.
1637 2219 1668 2244 Ei
1685 2219 1735 2254 μὲν
1751 2217 1798 2246 οὖν
1813 2219 1842 2246 ἓν

203 2264 295 2292 dicant
307 2264 386 2292 nobis
398 2264 489 2292 acerbi
502 2264 546 2291 isti
560 2264 767 2298 disceptatores,
781 2264 918 2298 quomodo
932 2271 991 2290 ma-

200 2309 245 2342 jus
258 2314 286 2337 et
299 2309 389 2337 minus
403 2309 443 2337 eis
456 2313 611 2344 competere
627 2309 745 2343 poterit?
760 2308 788 2335 Si
803 2316 866 2336 vero
881 2309 992 2336 alterius

203 2355 282 2389 plane
299 2356 468 2391 diversaeque
485 2364 500 2382 a
518 2355 600 2382 Patre
616 2355 744 2382 essentiae
762 2355 860 2393 Filium
878 2363 938 2382 esse
956 2355 994 2382 di-

204 2401 274 2434 citis,
288 2408 342 2436 quo
354 2405 434 2436 pacto
447 2408 479 2428 ea
493 2408 553 2436 quae
567 2401 645 2435 plane
659 2401 784 2428 essentiae
799 2402 904 2429 ratione
919 2402 990 2428 inter

203 2455 233 2475 se
252 2447 403 2481 dissident,
422 2449 576 2482 comparari
597 2448 668 2475 inter
685 2455 715 2475 se
734 2449 880 2482 poterunt?
900 2449 993 2483 Neque

203 2494 276 2520 enim
299 2501 352 2520 non
373 2493 503 2520 ridiculus
522 2499 584 2520 esse
604 2493 699 2528 possit,
720 2494 765 2528 qui
787 2500 846 2528 quae
866 2493 936 2521 nulla
961 2501 995 2520 ex

205 2544 280 2574 parte
295 2539 458 2567 conveniant
473 2539 544 2566 inter
558 2547 588 2567 se
603 2541 777 2574 compararit,
794 2541 894 2575 quique
908 2539 991 2567 solent

205 2586 277 2620 ligno
298 2585 507 2620 splendidiorem
532 2585 624 2614 dicere
646 2586 769 2614 voluerit.
792 2586 818 2614 Si
845 2594 908 2621 ergo
936 2594 994 2620 qua:

205 2631 304 2659 diversi
319 2632 427 2666 generis
441 2637 513 2665 sunt.
526 2640 540 2659 a
555 2637 646 2660 mutua
660 2633 731 2661 inter
743 2640 772 2661 se
784 2634 994 2668 comparatione

205 2678 354 2705 abhorrent
369 2688 375 2706 :
392 2678 482 2714 inepta
501 2684 574 2707 certe
591 2685 632 2707 est
649 2680 807 2715 propositio,
825 2687 887 2714 quae
907 2680 994 2714 majus

204 2728 232 2750 et
248 2723 338 2751 minus
354 2723 427 2752 Patri
446 2729 474 2752 et
492 2725 559 2753 Filio
577 2726 784 2758 accommodat,
803 2726 824 2753 si
844 2725 922 2753 modo
939 2733 992 2752 non

204 2769 324 2804 ejusdem
337 2790 344 2802 ,
356 2770 566 2809 jttxtaﬂestratn
581 2773 734 2807 opinionem
747 2793 753 2805 ,
770 2777 834 2800 sunt
848 2772 974 2800 essentia:
987 2792 995 2804 ,

206 2821 234 2842 et
244 2822 304 2850 qme
316 2824 375 2844 eam
388 2818 513 2846 essentia;
525 2819 707 2847 diversitatem
721 2819 900 2850 demonstrat,
913 2825 994 2852 quam

205 2862 301 2890 nescio
313 2865 380 2892 unde
390 2866 569 2900 excogitarint
578 2866 609 2894 de
620 2870 716 2894 natura
727 2865 845 2894 omnium
856 2872 992 2899 suprema,

1048 2261 1121 2287 ἐστιν
1135 2262 1148 2293 ᾧ
1162 2261 1256 2296 Πατὴρ
1271 2262 1309 2294 ὡς
1323 2263 1391 2298 πρὸς
1401 2263 1446 2289 τὸν
1460 2263 1522 2290 Υἱὺν
1536 2264 1606 2290 κατὰ
1617 2263 1662 2290 τὸν
1673 2265 1723 2299 τῆς
1735 2265 1844 2299 φύσεως

1046 2306 1135 2340 λόγον,
1151 2307 1303 2342 λεγέτωσαν
1327 2309 1393 2343 ἡμῖν
1417 2309 1441 2334 οἱ
1466 2310 1560 2344 πικροὶ¹
1589 2310 1750 2346 συζητηταὶ,
1773 2311 1842 2337 κατὰ

1048 2353 1108 2380 τίνα
1132 2353 1232 2389 τρόπον
1250 2355 1370 2389 χωρήσει
1392 2355 1539 2382 ὲπάὐτῶν
1564 2356 1594 2382 τὸ
1622 2356 1714 2391 μεῖζον
1741 2358 1789 2383 καὶ
1812 2358 1842 2383 τὸ

1048 2399 1166 2433 ἕλαττονς
1177 2399 1208 2426 Εἰ
1220 2400 1248 2426 δὲ
1259 2400 1346 2436 πάντη
1357 2400 1504 2435 διεστηκὼς
1519 2402 1563 2428 καὶ
1578 2402 1782 2437 κεχωρισμένος
1794 2403 1843 2437 τῆς

1049 2446 1094 2472 τοῦ
1112 2446 1218 2482 Πατρὸς
1231 2446 1326 2477 οὐσίας
1337 2447 1351 2472 ὁ
1366 2447 1430 2478 Υἱὸς
1449 2447 1614 2483 εἰσφέρεται,
1630 2449 1727 2484 ἐτέρας
1744 2458 1774 2475 τε
1791 2449 1841 2484 φύ-

1051 2500 1118 2523 σεως
1130 2492 1295 2527 ὑπείληπται
1307 2494 1372 2528 παρ’
1381 2493 1455 2528 ὑμῖν,
1464 2494 1522 2526 πῶς
1533 2494 1566 2520 τὰ
1579 2494 1667 2530 πάντη
1679 2494 1841 2530 διεστηκότα

1050 2539 1120 2565 κατὰ
1133 2539 1179 2566 τὸν
1201 2539 1248 2566 τοῦ
1267 2549 1323 2572 πως
1339 2539 1409 2567 εἶναι
1421 2540 1502 2574 λόγον
1515 2540 1562 2576 τὴν
1576 2541 1643 2576 πρὸς
1657 2541 1761 2576 ἄλληλα
1776 2542 1840 2576 σὺγ-

1051 2593 1140 2620 κρισιν
1159 2584 1328 2618 ὲπιδέξεται;
1344 2587 1380 2612 Οὔ
1400 2585 1454 2621 γὰρ
1473 2586 1505 2621 δὴ
1531 2595 1572 2618 τις
1594 2586 1646 2620 ἔξω
1669 2587 1841 2623 γελοιότητος

1050 2631 1170 2658 κείσεται
1178 2631 1212 2658 τὰ
1226 2632 1296 2659 κατᾶ
1310 2633 1392 2668 μηδὲν
1402 2633 1527 2667 ἀλλήλοις
1538 2632 1718 2660 κοινωνοῦντα
1729 2634 1841 2670 συγκρῖ-

1051 2686 1114 2710 νων,
1131 2679 1178 2705 καὶ
1193 2678 1269 2714 ἥλιον
1285 2679 1362 2711 ξύλου
1384 2679 1470 2713 λέγων
1494 2677 1563 2706 εἶναι
1588 2679 1789 2715 λαμπρότερον.
1808 2681 1839 2707 ΕΞ

1049 2724 1140 2751 τοίνυν
1157 2724 1190 2751 τὰ
1204 2725 1347 2760 ἑτερογενῆ
1363 2725 1409 2752 καὶ
1425 2725 1473 2760 τὴν
1493 2725 1560 2760 πρὸς
1575 2725 1677 2760 ἄλληλα
1694 2725 1837 2761 σύγκρισιν

1050 2771 1257 2806 παραιτούμενα
1281 2770 1411 2805 φαίνεται,
1428 2771 1589 2803 ἀπαίδευτος
1614 2773 1630 2807 ὴ
1659 2771 1792 2807 πρότασις
1809 2772 1838 2798 το

1054 2816 1144 2851 μεῖζον
1167 2817 1213 2843 καὶ
1230 2817 1260 2843 τὸ
1275 2816 1385 2844 ἔλαττον
1401 2818 1446 2844 ἐπὶ
1469 2817 1535 2844 Υἱοῦ
1551 2818 1597 2844 καὶ
1615 2818 1723 2853 Πατρὶς
1748 2819 1836 2858 εἰσφε-

1052 2870 1144 2898 ρουσα,
1161 2862 1237 2898 εἴπερ
1257 2863 1324 2892 είσὶν
1342 2864 1370 2890 οὐ
1393 2864 1442 2900 τῆς
1457 2865 1543 2900 αὐτῆς
1559 2865 1663 2897 οὑσὶας.
1677 2864 1738 2892 καθ’
1753 2865 1834 2900 ὑμᾶς,
