1920 3031
74 167 117 196 153
785 168 875 196 THES

932 168 1007 197 RUS.

1651 169 1702 197 454

76 226 114 254 καὶ
127 223 228 260 ταύτην
242 223 392 258 ἀπόδειξιν
416 226 563 263 ποιουμένη
588 227 634 263 τῆς
663 227 866 263 ἑτεροουσιότη-

932 234 946 256 ;ι
964 229 988 256 ίιι
1009 236 1090 263 quam
1108 229 1196 256 minus
1214 228 1285 256 nulla
1303 227 1406 255 ratione
1424 227 1520 254 cadere
1536 231 1638 261 potest,
1656 230 1702 255 sed

74 281 123 305 τος,
137 272 169 307 ἦν
185 272 234 298 οὐκ
253 269 314 298 οἶδα
335 272 423 300 πόθεν
438 274 588 301 ἐπινοοῦσιν
606 275 651 301 ἐπὶ
663 275 714 310 τῆς
729 274 763 301 τὰ
777 274 865 302 πάντα

76 317 270 353 ὑπερκειμένης
287 318 398 351 οὐσίας,
410 319 458 346 καὶ
470 319 500 345 τὺ
510 319 619 346 ἔλαττον
638 319 789 354 οὐδαμόθεν
810 329 865 354 χω-

77 365 129 398 ρεῖν
149 363 321 398 δυναμένης·
349 364 522 399 ἀπαιτούσης
544 365 573 391 δὲ
600 365 700 399 μᾶλλον
720 365 769 400 τὴν
797 365 865 400 αὐτῇ

77 411 228 445 πρέπουσαν
251 409 425 444 τελειότητα,
444 411 559 445 ἐπείπερ
577 410 653 437 οὐδὲν
673 410 782 436 ἔλαττον
806 409 866 436 οὐδὲ

78 456 165 488 ἀτελὲς
179 455 262 493 ἐντῷ
277 457 351 484 κατὰ
365 456 447 491 φύσιν
463 456 533 492 Θεῷ,
543 458 611 492 ὅπερ
625 457 698 484 ἐστὶν
713 457 727 483 6
744 456 819 488 Υἱός.

421 510 520 552 ΑΑΑο.

110 593 226 624 Μείζονά
239 601 323 627 φασιν
335 594 358 619 οἱ
374 593 553 629 χριστομάχοι
567 593 615 620 τοῦ
623 593 688 620 Υἱοῦ
699 593 744 620 τὸν
757 593 868 629 Πατέρα

78 638 280 673 δυσφημοῦντες
305 639 480 673 ἀφυλάκτως,
501 639 547 666 καὶ
579 639 617 675 μὴ
644 639 777 672 νοοῦντες,
796 638 868 666 καθὰ

79 684 240 719 γέγραπται,
263 686 334 720 μήτε
351 684 369 711 ἃ
385 685 504 719 λέγουσι,
524 686 593 720 μήτε
609 685 673 720 περὶ
689 685 769 712 τίνων
783 684 868 711 διαϐε-

80 730 225 757 ϐαιοῦνται.
244 730 292 756 Διὸ
308 731 340 765 δὴ
361 731 443 758 πάλιν
467 732 526 762 ταῖς
549 731 662 757 ἐκείνων
689 730 800 766 μανίαις
823 730 869 756 τὸν

78 775 153 811 ὀρθὸν
169 775 434 811 ἀντιστρατεύοντες
454 776 543 810 λόγον,
561 776 734 811 ὲρωτήσομεν
756 775 867 807 αὐτούς’

78 822 175 856 Λέγετε
195 822 279 849 πάλιν
295 823 371 857 ἡμῖν,
392 819 414 849 ὧ
430 819 512 854 οὗτοι,
529 822 642 857 πότερόν
655 830 731 855 ποτε,
743 821 869 855 καθάπερ

78 868 249 902 ὑμεῖς’φατε,
268 868 371 902 μείζων
387 865 421 903 ἦν
435 868 478 894 ἀεὶ
492 868 505 893 ὁ
522 867 618 902 Πατὴρ
635 866 680 893 τοῦ
696 866 806 901 Υίοῦ,
823 865 870 899 γέ-

79 923 152 948 γονεν
164 914 298 949 ὗστερον;
316 915 348 940 Εἰ
368 914 417 950 μὲν
432 911 477 940 οὖν
494 913 565 940 κατά
580 922 639 940 τινα
653 913 749 948 χρόνον
768 911 869 946 μείζων
885 932 906 960 Β

79 960 200 994 ἐφαίνετο
214 959 262 986 τοῦ
274 959 350 992 Υίοῦ,
368 959 535 996 προσγέγονέ
545 968 570 985 τι
582 958 622 994 τῷ
634 958 693 994 Θεῷ
707 959 752 985 καὶ
765 957 851 993 Πατρί
861 966 868 972 ’

79 1005 144 1032 καὶό
155 1005 193 1041 μὴ
205 1006 341 1040 πρότερον
355 1005 478 1040 ὑπῆρχεν
491 1004 575 1040 αὐτῷ,
590 1004 637 1031 νῦν
650 1004 719 1039 ἔχων
733 1003 868 1038 φαίνεται·

80 1052 134 1082 πῶς
149 1049 195 1077 οὖν
218 1051 322 1082 τέλειος
341 1049 376 1086 ἦν
395 1052 409 1077 ὁ
428 1050 522 1077 τούτου
543 1050 703 1085 λειπόμενος
720 1049 748 1082 ἐξ
766 1049 870 1084 ἀρχῆς,

87 1097 151 1124 Ἀλλ’
163 1095 198 1132 ἦν
212 1098 257 1124 ἀεὶ
274 1097 387 1129 τέλειος,
404 1097 454 1123 οὐκ
468 1097 521 1132 ἄρα
533 1096 654 1122 ἐλείπετο
672 1095 718 1122 τοῦ
732 1095 868 1130 μείζονος·

80 1142 110 1179 ἦν
125 1143 153 1169 δὲ
170 1143 215 1170 ἀεὶ
231 1142 322 1176 τοῦτο,
341 1143 403 1169 καθ’
420 1143 500 1177 ὑμᾶς.
511 1141 591 1173 Ἀλλ’,
609 1138 631 1167 ὦ
648 1140 791 1176 βέλτιστοι,
810 1147 872 1165 συν-

82 1190 156 1224 ορᾶτε
179 1189 211 1224 δή
237 1197 290 1215 που
317 1189 365 1215 καὶ
389 1188 468 1223 ὑμεῖς
484 1188 524 1214 ὅτι
540 1187 584 1213 διὰ
599 1186 629 1213 τὸ
644 1186 754 1212 ἔλαττον
772 1185 819 1212 καὶ
843 1184 874 1210 τὸ

83 1235 170 1270 μεῖζον
194 1235 261 1269 ὑμῖν
284 1234 405 1268 εὐλόγως
430 1233 605 1265 κινδυνεύσει,
632 1233 678 1259 καὶ
703 1231 874 1266 δειχθήσεται

83 1282 168 1308 λοιπὸν
181 1281 267 1313 “auio;
285 1281 363 1316 ὑμῶν
380 1282 397 1316 ἡ
412 1281 554 1316 πρότασις.
571 1280 607 1306 Τὺ
622 1279 676 1313 γὰρ
698 1277 789 1313 μεῖζόν
802 1285 874 1308 τινος

83 1328 234 1362 λεγόμενον,
251 1327 302 1353 οὐκ
317 1327 349 1353 ἂν
366 1327 408 1362 εἴη
425 1327 527 1361 μεῖζον,
545 1326 582 1360 μὴ
605 1325 698 1360 ἑτέρου
716 1324 789 1355 τινος
805 1323 875 1351 πάν-

84 1383 132 1406 τως
147 1373 353 1410 παρακειμένου
369 1373 418 1399 καὶ
430 1372 580 1403 ἐλάττονος,
602 1371 670 1405 πρὸς
684 1370 697 1396 ὂ
714 1370 745 1405 δὴ
764 1370 811 1396 καὶ
827 1378 876 1405 με-

84 1420 240 1456 τρούμενον,
260 1418 354 1454 μεῖζον
372 1419 410 1451 ὠς
425 1419 492 1454 πρὸς
509 1418 575 1444 αὐτὸ
590 1417 726 1452 φαίνεται.
742 1417 773 1443 Εἰ
786 1416 876 1443 τοίνυν

84 1468 124 1494 ἀεὶ
146 1466 250 1502 μείζων
268 1464 303 1501 ἦν
320 1468 333 1493 ὁ
344 1467 441 1501 Πατὴρ
460 1465 507 1492 τοῦ
522 1464 596 1497 Υίοῦ,
613 1464 721 1499 ἀνάγκη
744 1464 820 1490 πᾶσα
832 1463 878 1489 τίιν

85 1513 144 1541 Υἱδν
170 1512 398 1548 συνεισφέρεσθαι
419 1512 457 1547 τῷ
481 1511 577 1546 “arpi,
598 1511 666 1546 πρὸς
685 1510 714 1536 ὃν
740 1510 786 1542 ὡς,
813 1509 879 1536 καθ’

86 1561 162 1595 ὑμᾶς,
177 1560 310 1586 ἐλάττονα
318 1559 383 1585 ὄντα
395 1557 619 1592 συγκρινόμενος,
632 1556 732 1592 μείζων
741 1556 876 1590 ἐφαίνετο.

917 283 977 310 quae
999 275 1087 310 potius
1106 274 1297 310 perfectionem
1318 274 1370 302 sibi
1390 274 1594 301 convenientem
1613 275 1704 308 requi-

919 322 962 355 rit,
978 321 1111 356 siquidem
1131 321 1197 348 nihil
1211 321 1299 348 minus
1314 325 1360 347 aut
1376 319 1562 354 imperfectum
1578 324 1619 347 est
1633 320 1658 346 in
1673 327 1705 347 eo

917 368 963 403 qui
981 367 1141 396 naturaliter
1156 367 1225 395 Deus
1240 372 1292 401 est,
1307 367 1358 394 hoc
1372 371 1414 394 est
1429 367 1455 393 in
1471 364 1550 392 Filio.

1252 519 1368 547 ALIUD.

955 591 1053 619 llostes
1068 589 1169 618 Christi
1186 589 1316 624 majorem
1335 588 1415 615 Patre
1429 587 1526 614 Filium
1543 593 1602 613 esse
1617 585 1710 612 dicunt

920 638 1038 673 graviter
1049 636 1276 671 blasphemantes,
1289 639 1316 662 et
1330 643 1382 661 non
1395 633 1587 668 intelligentes,
1600 635 1629 657 ut
1641 631 1709 658 scri-

919 689 994 720 ptum
1011 687 1051 710 est
1063 683 1097 715 “,
1113 689 1200 716 neque
1214 688 1243 707 ea
1260 688 1319 714 quae
1335 681 1442 712 dicunt,
1459 686 1545 713 neque
1560 685 1619 712 quae
1635 683 1709 703 asse—

920 733 1024 756 verant.
1042 727 1176 760 Quocirca
1195 733 1289 753 rursus
1309 725 1414 752 illorum
1435 724 1547 752 insania:
1564 723 1708 750 veritatem

921 778 1098 810 opponentes,
1116 780 1162 800 eos
1181 771 1418 806 interrogz‘tbimus.
1437 771 1521 797 Dicite
1540 769 1628 802 nobis,
1647 768 1710 795 boni

921 821 989 854 viri,
1007 820 1104 847 Fuitne
1129 826 1235 853 semper
1250 818 1345 852 major,
1360 821 1390 844 ut
1410 824 1457 843 vos
1473 815 1625 850 loquimini,
1643 813 1711 840 Filio

922 867 1012 900 Pater,
1030 874 1062 893 an
1081 864 1223 900 postmodo
1239 865 1265 890 id
1283 863 1371 890 factus
1388 862 1449 888 est?
1464 861 1530 887 Nam
1550 861 1572 887 si
1591 865 1712 893 tempore

922 913 1010 947 aliquo
1024 911 1109 945 major
1119 910 1187 937 Filio
1200 909 1311 936 allectus
1324 912 1376 941 est,
1387 906 1502 934 accessit
1518 905 1598 940 igitur
1611 904 1713 939 aliquid

922 959 976 986 Deo
995 965 1026 985 ac
1045 957 1118 984 Patri
1139 966 1146 984 :
1167 961 1192 983 et
1212 955 1283 990 quod
1304 959 1383 980 antea
1403 953 1427 980 ei
1447 959 1499 980 non
1519 951 1620 980 inerat.
1641 957 1714 976 nunc

922 1005 1022 1032 habere
1036 1003 1172 1035 cernitur;
1188 1000 1323 1036 quomodo
1338 998 1420 1033 igitur
1433 997 1572 1032 perfectus
1587 999 1655 1028 erat,
1671 995 1714 1022 cui

923 1052 949 1079 id
971 1052 1004 1078 ab
1025 1050 1103 1077 initio
1121 1048 1231 1076 deerat?
1249 1046 1330 1081 Atqui
1349 1052 1457 1079 semper
1474 1047 1533 1071 erat
1554 1041 1688 1077 perfectus
1706 1049 1714 1067 :

924 1105 976 1125 non
991 1097 1074 1131 igitur
1085 1095 1173 1122 caruit
1186 1093 1290 1128 majore
1303 1101 1310 1118 :
1325 1097 1431 1125 semper
1442 1089 1515 1116 enim
1530 1088 1555 1115 id
1569 1091 1627 1114 erat
1638 1086 1716 1121 juxta

924 1151 981 1170 vos.
997 1143 1129 1169 Caeterum
1145 1139 1239 1167 videtis
1256 1138 1336 1165 etiam
1352 1144 1399 1164 vos
1415 1143 1463 1170 per
1478 1135 1568 1161 minus
1584 1137 1611 1161 et
1627 1132 1715 1165 majus

925 1187 1084 1224 periclitari,
1103 1191 1255 1220 vanamque
1272 1181 1439 1217 deprehendi
1458 1185 1576 1208 vestram
1593 1177 1717 1214 proposi-

927 1237 1038 1263 tionem.
1059 1233 1136 1267 Quod
1156 1232 1228 1259 enitn
1253 1229 1339 1264 majus
1362 1228 1452 1263 aliquo
1474 1226 1582 1258 dicitur,
1603 1232 1656 1251 non
1683 1223 1718 1250 sit.

926 1282 1029 1316 majus,
1045 1281 1095 1307 nisi
1112 1279 1184 1306 aliud
1199 1277 1337 1312 quidpiam
1352 1274 1423 1310 quati
1439 1273 1529 1300 minus
1545 1273 1580 1299 sit
1596 1277 1719 1306 appona—

928 1334 982 1359 tur,
1000 1328 1032 1353 ad
1054 1326 1123 1360 quod
1145 1324 1270 1351 collatmn
1291 1321 1376 1356 majus
1395 1328 1427 1348 eo
1446 1322 1586 1353 appareat.
1606 1317 1633 1344 Si
1654 1323 1719 1350 ergo

927 1371 1006 1398 Pater
1020 1377 1125 1404 semper
1139 1368 1188 1395 fuit
1204 1367 1288 1402 major
1300 1366 1378 1397 Filio,
1394 1363 1578 1399 necessarium
1593 1361 1646 1397 93
1662 1369 1720 1388 om-

929 1418 993 1445 nino
1005 1421 1046 1443 est
1058 1421 1087 1443 ut
1099 1422 1150 1442 una
1161 1422 1223 1442 cum
1236 1413 1315 1440 Patre
1327 1411 1460 1439 inferatur
1470 1409 1568 1442 Filius,
1580 1409 1613 1434 ad
1626 1414 1717 1442 quem,

930 1464 1077 1491 secundum
1098 1466 1217 1489 vestram
1238 1459 1404 1494 opinionem,
1425 1459 1610 1490 comparatus,
1634 1455 1721 1487 major

930 1509 1063 1545 apparuit.
1080 1508 1108 1535 Si
1125 1515 1200 1542 ergo,
1219 1511 1247 1533 ut
1262 1512 1309 1532 vos
1326 1501 1485 1538 opinamini,
1504 1501 1564 1528 ideo
1582 1498 1664 1525 Pater
1679 1501 1721 1525 est

932 1556 1018 1590 major
1033 1554 1118 1586 Filio,
1136 1553 1198 1588 quia
1214 1551 1258 1578 ille
1273 1551 1306 1577 ab
1322 1554 1424 1576 aeterno
1440 1552 1513 1579 erat,
1530 1546 1574 1573 hic
1589 1552 1652 1571 vero
1669 1551 1722 1571 non

87 1607 115 1633 Εἰ
127 1606 227 1638 τοίνυν,
247 1605 320 1632 κατὰ
342 1605 392 1639 τὴν
418 1604 553 1639 ὑμετέραν
578 1604 721 1639 πρότασιν,
736 1602 780 1629 διὰ
799 1601 876 1628 τοῦτο

932 1604 1005 1634 item,
1022 1609 1082 1628 cmn
1098 1600 1154 1634 jam
1171 1604 1310 1625 ostensum
1327 1597 1362 1622 sit.
1377 1601 1439 1639 eum
1456 1600 1564 1628 semper
1593 1598 1654 1618 cutn
1673 1590 1722 1616 Pa-

89 1653 183 1688 μείζων
207 1652 284 1679 ἐστὶν
307 1653 322 1678 ὁ
347 1651 444 1686 Πατὴρ
460 1650 507 1677 τοῦ
525 1650 601 1682 Υἰοῦ,
626 1649 776 1684 ἐπειδήπερ
798 1648 879 1678 αὐτὸς

87 1700 173 1731 diti-Ito;
192 1699 242 1734 μὲν
258 1696 303 1734 ἦν,
313 1698 326 1723 ὀ
341 1697 370 1723 δὲ
383 1697 448 1728 Υἱὸς
461 1696 511 1731 οὐχ
525 1695 622 1727 οὕτως,
636 1694 731 1729 ἐπειδὴ
746 1693 880 1720 δέδεικται

89 1746 168 1773 συνὼν
183 1746 227 1772 ἀεὶ
237 1745 286 1771 καὶ
302 1743 487 1779 συνυπάρχων
501 1741 539 1776 τῷ
552 1742 649 1776 Πατρὶ,
661 1741 710 1767 οὐκ
722 1739 798 1766 ἔσται
810 1738 881 1765 κατά

88 1793 186 1827 τιγοῦν
203 1792 336 1820 ἐλάττων,
353 1789 370 1825 ἣ
392 1787 561 1823 ἐτεροούσιος
582 1783 713 1821 αὑτοῦ.ᾮ
731 1785 785 1821 γὰρ
809 1785 882 1818 λόγῳ

91 1840 123 1876 μὴ
138 1838 223 1866 συνὼν
236 1837 407 1864 ἀπελείπετο
427 1835 477 1870 τῆς
500 1835 631 1870 ἰσότητος,
647 1832 687 1868 τῷ
706 1831 779 1867 αὐτῷ
802 1831 882 1858 πάλιν

91 1887 133 1913 καὶ
153 1886 181 1919 ἐξ
199 1883 389 1920 ἁντιστροφῆς
404 1882 486 1917 λόγῳ,
504 1880 596 1916 ἐπειδὴ
616 1880 795 1914 συνυπάρχει,
817 1878 883 1905 κατ’

91 1932 177 1959 οὐδένα
190 1932 294 1967 τρόπον
318 1928 562 1963 ἀπολειφθήσεται,
572 1927 634 1953 Ἐπὶ
647 1926 676 1952 δὲ
691 1926 746 1952 τῶν
759 1925 884 1959 ἀλλήλοις

93 1980 156 2006 κατὰ
174 1979 264 2005 πάντα
284 1975 489 2012 προσεοικότων
504 1973 638 2009 φυσικῶς,
655 1973 701 1999 καὶ
718 1971 827 2006 μεγέθει
847 1970 885 2006 μὴ

95 2025 290 2061 μετρουμένων,
306 2023 361 2050 ποῦ
381 2021 502 2058 χωρήσει
518 2021 548 2047 τὸ
564 2019 656 2056 μεῖζον
679 2019 727 2045 καὶ
748 2018 778 2044 τδ
805 2017 883 2043 ἔλατ-

93 2081 131 2099 τον
141 2082 148 2106 ;

441 2136 540 2164 ΑᾹΛΟ.

125 2211 154 2238 Εἰ
168 2209 268 2246 μείζων
284 2208 299 2234 ὁ
316 2206 414 2242 Πατὴρ
429 2205 475 2232 τοῦ
491 2204 567 2236 Υἱοῦ,
589 2203 659 2230 κατὰ
681 2202 730 2238 τὴν
752 2202 887 2237 ὑμετέραν

94 2258 229 2292 πρότασιν,
257 2252 281 2281 ὦ
303 2251 495 2289 χριστομάχοι,
523 2249 581 2281 πῶς
603 2248 677 2284 αὐτῷ
701 2248 750 2284 τὴν
777 2247 888 2281 ἰσότητα

96 2304 193 2335 Παῦλος
216 2301 379 2331 ἀποδίδωσι,
395 2299 498 2333 λέγων·
517 2298 582 2329 «Ὃς
595 2298 623 2323 ἐν
641 2296 732 2331 μορφῇ
750 2293 818 2320 Θεοῦ
836 2291 875 2318 ὑπ

941 2289 1121 2325 aequalitatem
1145 2285 1254 2316 tribuit.
1277 2283 1368 2310 dicens
1387 2289 1393 2307 ς

95 2351 190 2385 ἅρχων,
205 2349 257 2383 οὐχ
281 2344 431 2383 ἁρπαγμὸν
451 2345 572 2380 ἡγήσατο
592 2343 622 2369 τὺ
644 2339 712 2368 εἶναι
740 2340 784 2366 ἴσα
808 2338 867 2374 Θεῷ
882 2346 888 2352 “

97 2396 146 2423 ἀλλ’
160 2395 258 2422 ἑαυτὴν
275 2393 408 2424 ἐκένωσε,
424 2390 530 2427 μορφὴν
546 2390 637 2416 δούλου
655 2387 756 2419 λαϐὼν,
768 2386 814 2413 καὶ
826 2387 890 2420 σχή-

99 2452 158 2478 ματι
176 2441 303 2478 εὑρεθεὶς
317 2440 356 2471 ὡς
373 2438 527 2474 ἄνθρωπος,
545 2435 727 2462 ἐταπείνωσεν
747 2432 859 2463 ὲαυτόνς
878 2439 887 2455 ι

98 2489 126 2514 Εἰ
137 2487 226 2514 τοίνυν
238 2488 253 2513 6
268 2487 319 2521 τῆς
336 2483 571 2518 ἐνανθρωπήσεως
583 2481 683 2515 τρόπος
698 2478 746 2514 τὴν
759 2477 891 2504 ταπείνω-

100 2542 138 2560 σιν
151 2533 217 2568 ἔχει,
232 2532 279 2559 καὶ
294 2531 345 2566 τὴν
360 2529 511 2564 λεγομένην
529 2526 622 2554 ἐνθάδε
642 2526 767 2556 κένωσιν,
783 2523 889 2558 ἀνάγκη

100 2580 169 2606 πὶςα
194 2577 332 2610 σώζεσθαι
347 2575 378 2603 τὸ
391 2575 493 2601 τέλειον
505 2573 544 2609 τῷ
558 2572 615 2608 Υίῴ
632 2571 693 2598 κατ’
710 2570 821 2604 ἰσότητα
841 2568 892 2603 τὴν

101 2625 163 2660 πρὸς
179 2625 223 2651 τὶν
237 2624 308 2650 Θεὸν
325 2622 374 2649 καὶ
391 2621 500 2656 Πατέρα
517 2619 569 2655 πρὸ
584 2619 634 2654 τῆς
649 2616 892 2652 ὲνανθρωπήσεως.

108 2671 241 2698 Ἐντεῦθεν
256 2670 315 2705 γὰρ
331 2669 399 2704 ἡμῖν
413 2668 537 2702 φανεῖται
557 2666 604 2692 καὶ
628 2665 647 2700 ἢ
669 2663 843 2693 ταπείνωσις.
861 2661 893 2687 Εἰ

103 2717 152 2752 γὰρ
164 2715 196 2752 ἦν
209 2717 334 2744 ἐλάττων
347 2715 379 2748 ἐξ
393 2712 492 2740 ἑαυτοῦ
504 2713 552 2740 καὶ
564 2712 615 2746 πρὸ
628 2710 677 2745 τῆς
692 2708 893 2740 ταπεινώσεως,

103 2766 144 2791 ποῖ
155 2764 185 2800 δὴ
200 2764 257 2800 ἄρα
285 2760 490 2796 καταϐεϐηκὼς
502 2759 660 2795 ὀφθήσεται,
679 2757 726 2785 καὶ
741 2756 782 2788 τίς
801 2756 866 2792 ἡμῖν
882 2755 896 2781 ὁ

101 2812 146 2847 τῆς
158 2810 361 2840 ταπεινώσεως
375 2808 490 2843 τρόπης;

133 2903 153 2918 “
172 2901 180 2929 l
196 2900 322 2929 Timoth.
342 2906 362 2933 ι,
379 2897 406 2925 7.
446 2897 467 2913 ”
483 2896 597 2931 Philipp.
614 2903 642 2930 it,
662 2894 687 2929 (ἶ,
705 2893 730 2920 ’7.

932 1653 973 1676 tre
988 1647 1122 1674 exsistere
1138 1654 1145 1672 :
1161 1652 1213 1672 non
1230 1643 1282 1670 erit
1297 1646 1370 1669 certe
1386 1632 1533 1668 secundum
1552 1636 1654 1671 aliquid
1673 1635 1724 1662 mi-

932 1703 991 1728 nor,
1011 1698 1057 1720 aut
1075 1693 1190 1720 diversae
1208 1690 1242 1717 ab
1260 1696 1292 1716 eo
1310 1687 1447 1715 essentiae.
1467 1684 1566 1711 Eadem
1584 1682 1657 1710 enim
1675 1689 1721 1707 ra-
1739 1696 1742 1700 -

933 1743 1006 1768 tione
1021 1748 1073 1774 qua
1090 1739 1232 1774 probatur,
1248 1736 1269 1763 si
1287 1742 1339 1761 una
1355 1740 1417 1760 cum
1433 1731 1514 1758 Patre
1530 1737 1582 1757 non
1598 1727 1721 1760 exsistit,

933 1787 966 1813 ab
984 1773 1138 1819 aequalitate
1157 1782 1273 1809 deiicere
1294 1789 1301 1806 :
1320 1779 1414 1806 eadem
1432 1776 1515 1803 etiam
1536 1781 1569 1801 ex
1591 1773 1723 1802 adverso,

933 1834 996 1869 quia
1015 1839 1067 1859 una
1087 1837 1148 1858 cum
1168 1829 1248 1856 Patre
1265 1825 1384 1855 exsistit.
1403 1822 1476 1851 nullo
1496 1820 1575 1856 plane
1593 1818 1672 1845 modo
1690 1817 1724 1844 al)

933 1888 965 1908 eo
984 1880 1076 1914 dispar
1092 1877 1155 1905 erit.
1174 1875 1202 1902 ln
1223 1874 1257 1901 iis
1272 1880 1336 1900 vero
1356 1878 1415 1905 qum
1434 1877 1482 1904 per
1498 1866 1590 1894 omnia
1609 1866 1678 1892 inter
1695 1870 1726 1890 se

935 1925 1095 1954 naturaliter
1109 1921 1208 1950 similia
1229 1923 1293 1947 sunt
1304 1939 1313 1951 ,
1329 1922 1355 1944 et
1375 1913 1559 1950 magnitudine
1575 1918 1629 1938 non
1647 1915 1723 1936 men-

935 1975 1075 2003 surantur,
1091 1974 1170 2003 quem
1190 1966 1278 1992 locum
1295 1962 1405 1990 habebit
1422 1959 1509 1994 majus
1523 1963 1552 1986 et
1570 1953 1680 1983 minus?

1279 2102 1390 2148 arma.

976 2196 1003 2223 Si
1026 2195 1107 2222 Pater
1126 2191 1213 2226 major
1232 2194 1272 2217 est
1292 2188 1377 2220 Filio,
1396 2185 1543 2214 secundum
1563 2186 1697 2214 vestram,
1714 2188 1730 2207 ο

939 2243 1031 2271 hostes
1046 2239 1163 2271 Christi,
1180 2235 1392 2272 propositionem
1404 2253 1410 2264 ,
1427 2239 1480 2266 quo
1496 2235 1575 2265 pacto
1592 2228 1690 2255 Paulus
1706 2227 1730 2252 ei

1419 2288 1428 2305 ‹
1451 2278 1502 2312 Qui
1525 2277 1551 2303 in
1575 2276 1660 2302 forma
1685 2273 1731 2300 Dei

942 2337 1093 2368 exsistens,
1109 2340 1161 2360 non
1176 2331 1296 2366 rapinam
1312 2327 1459 2355 arbitratus
1471 2329 1512 2351 est
1526 2330 1555 2349 se
1567 2328 1628 2348 esse
1641 2327 1732 2354 mqua-

943 2385 995 2411 lem
1011 2382 1081 2413 Deo,
1098 2380 1145 2406 sed
1160 2378 1277 2412 seipsum
1294 2372 1457 2402 exinanivit,
1474 2370 1588 2396 fortnam
1603 2364 1672 2393 servi
1688 2372 1734 2390 ac-

943 2429 1062 2463 cipiens,
1077 2431 1159 2460 atque
1174 2423 1266 2451 habitu
1283 2421 1407 2447 inventus
1423 2421 1451 2443 ut
1468 2415 1563 2444 hotno,
1580 2408 1734 2438 humiliavit

945 2454 1112 2509 seipsum"?
1135 2481 1145 2496 ι
1168 2470 1197 2496 Si
1220 2474 1284 2502 ergo
1304 2461 1498 2493 incarnationis
1521 2458 1625 2486 ratione
1645 2454 1735 2482 Immi-

947 2523 1028 2549 liatus
1045 2523 1125 2552 atque
1142 2514 1298 2543 exinanitns
1313 2511 1422 2542 dicitur,
1441 2512 1551 2535 necesse
1566 2501 1677 2530 omnino
1694 2502 1736 2525 est.

947 2573 976 2595 ut
989 2547 1119 2602 perfeciio
1132 2561 1193 2589 Filii
1206 2559 1369 2590 retineatur,
1383 2554 1488 2580 ratione
1500 2547 1664 2585 :eqnalitatis
1677 2552 1736 2578 qua:

946 2616 970 2643 ei
987 2593 1048 2641 cum
1067 2612 1120 2638 Deo
1135 2613 1163 2636 et
1178 2607 1258 2634 Patre
1274 2601 1417 2630 intercedit
1433 2603 1495 2626 ante
1512 2593 1735 2624 incarnationem.

949 2663 1017 2690 llinc
1034 2659 1106 2687 enim
1123 2661 1150 2684 et
1166 2651 1317 2682 humiliatio
1334 2657 1349 2676 a
1367 2649 1446 2676 nobis
1464 2646 1652 2680 cognoscetur.
1670 2638 1736 2666 Nam

950 2709 972 2736 si
987 2715 1036 2742 per
1050 2713 1078 2733 se
1093 2705 1182 2732 mino‘r
1194 2704 1253 2729 erat
1266 2699 1348 2726 etiam
1362 2700 1425 2723 ante
1438 2690 1652 2721 incarnationem
1663 2705 1670 2717 ,
1684 2690 1738 2718 quo

1617 2733 1633 2742 ._
1651 2729 1722 2742 LM:

951 2729 1031 2790 pacto
1046 2749 1221 2779 descendisse
1234 2749 1372 2777 ccrnctur,
1388 2746 1433 2768 aut
1447 2743 1570 2774 quanam
1585 2733 1638 2762 erit
1650 2729 1738 2758 humi-

953 2799 1071 2828 liationis
1086 2795 1174 2825 ratio?
