1920 3031
225 127 271 154 151

225 186 276 213 hoc
301 183 334 210 ad
349 182 494 210 essentiam
509 181 606 217 ipsius,
620 185 647 208 ct
666 181 737 216 quod
761 181 838 208 initio
853 188 906 208 non
926 181 1008 207 habe-
1025 185 1047 212 Α

225 231 280 262 bat,
298 234 392 264 postea
411 228 526 262 accepit.
540 228 617 261 Quod
637 235 700 254 vero
722 227 882 254 incrementi
897 226 1010 261 alicujus

224 281 266 304 est
286 283 382 310 capax,
399 274 588 309 imperfectum
607 274 713 301 censeri
737 274 826 306 debet,
847 280 899 300 non
919 278 1009 300 autem

225 323 384 359 perlectum.
405 321 460 357 79
482 321 535 349 Sed
565 322 615 348 hoc
639 321 785 347 absurdum
813 325 874 347 est:
891 319 1010 354 perfecta

223 370 295 397 enim
317 373 358 396 est
375 366 465 395 Patris
486 367 616 394 essentia.
633 365 772 392 Generare
795 365 878 400 igitur
893 373 945 392 non
962 365 1012 392 fuit

225 413 302 442 ineo
323 413 517 443 aceessoriuin.
545 411 591 438 sed
621 410 701 437 infuit
726 410 778 438 hoc
799 411 823 438 ei
847 411 882 438 ab
898 415 1010 444 interno,

224 467 312 494 neque
328 466 445 493 unquam
462 463 523 485 esse
540 456 634 490 coepit.
654 455 781 482 Siaulem
799 464 850 483 non
868 457 951 490 cmpit
963 464 1010 491 ge-

223 513 333 538 nerare,
343 509 494 532 coreternus
511 510 576 536 ergo
589 507 630 529 est
651 501 724 529 Patri
741 501 827 530 Filius
840 509 874 530 ex
897 502 954 537 ipso
964 510 1010 536 ge-

224 552 307 579 nitus.
321 550 353 578 Et
368 547 613 584 quemadmodum,
627 547 651 575 si
667 547 772 575 initium
795 548 941 576 exsistendi
962 548 1011 575 ha-

223 597 338 628 ltuisset,
359 603 410 623 non
431 599 505 621 esset
526 594 768 621 consubstantialis
781 594 853 621 Patri
867 602 874 621 :
888 594 1011 629 ita,quia

223 650 276 670 non
305 640 399 668 [tabuit
424 640 531 668 initium
557 639 584 667 in
611 645 751 675 tempore,
773 640 1012 668 consubstantialis

221 686 332 715 omnino
347 686 409 714 erit.

462 730 579 765 ALIUD,
601 731 769 766 explicatius.

256 799 492 833 Quemadmodum
514 799 552 827 illi
573 800 617 834 qui
634 799 740 827 veritati
760 803 921 834 repugnant,
935 798 1010 833 prin-

221 846 320 880 cipium
331 851 359 873 et
373 846 452 873 tinent
469 846 636 881 generationi
652 845 714 873 Filii
729 846 907 877 ascribentes,
922 845 1009 880 ipsum
1027 860 1047 888 Β

222 893 257 920 ab
286 892 466 919 similitudine
497 900 559 919 cum
587 891 668 919 Putre
695 891 860 924 excludunt;
890 891 925 918 ita
951 897 1009 922 nos,

221 944 310 971 neque
339 937 500 972 principium
523 944 610 972 neque
630 937 710 963 linem
737 935 920 971 generationis
950 934 1010 962 Filii

220 987 410 1016 agnoscentes,
441 982 625 1009 omnimodam
651 982 676 1008 ei
710 980 918 1008 similitudinem
949 987 1010 1007 cum

221 1027 300 1055 Patre
323 1028 476 1055 tribuimus.
497 1026 574 1060 Quod
598 1034 662 1054 vero
682 1034 730 1062 per
750 1026 841 1054 omnia
856 1026 945 1053 situile
960 1030 1010 1058 est,

221 1073 457 1101 cunsubstantiale
468 1073 549 1100 etiam
563 1077 612 1100 est.

303 1140 379 1174 Quod
409 1139 642 1168 consubstantialis
667 1140 700 1166 sit
728 1139 816 1166 Filius
846 1138 932 1166 Patri.

518 1186 637 1221 Objectio
649 1187 726 1213 Aetii.

255 1244 316 1277 Quo
335 1248 415 1279 pacto
428 1243 514 1278 possit
528 1244 643 1276 servari,
662 1244 760 1279 inquit,
780 1243 907 1271 identitas
923 1248 1013 1270 essen-

221 1290 266 1317 tia:
285 1291 312 1316 in
336 1289 418 1316 Patre
443 1294 470 1317 et
490 1289 572 1323 Filio,
596 1290 618 1317 si
641 1289 723 1317 Pater
748 1290 855 1324 quidem
875 1289 1012 1322 ingenitus

219 1341 272 1369 est,
291 1336 377 1363 Filius
399 1341 490 1362 autent
516 1336 643 1370 genitus?
664 1335 853 1363 Necessarium
880 1337 951 1362 enim
971 1339 1013 1362 est

220 1382 302 1417 plane
320 1381 400 1408 lateri
422 1381 494 1408 nulla
520 1388 552 1408 ex
567 1386 644 1416 parte
668 1381 768 1409 similia
784 1388 846 1408 esse
862 1381 1011 1415 ingenitum

218 1431 247 1454 et
259 1427 393 1460 genitum.
409 1426 445 1453 At
460 1427 482 1453 si
499 1426 597 1454 similia
616 1431 690 1459 sunt,
706 1426 774 1453 nihil
787 1427 926 1454 obstiterit
945 1433 1012 1461 quo-

219 1471 309 1498 minus
330 1475 359 1497 et
385 1469 494 1498 Patrem
522 1471 654 1507 genitum,
683 1475 711 1498 et
739 1470 837 1498 Filium
861 1471 1011 1506 ingenitum

219 1515 385 1551 appellemus
414 1516 560 1550 omniaque
574 1516 784 1545 confundantus.
1023 1533 1046 1561 η

470 1571 576 1600 Salutio
598 1572 762 1608 objectiom’s.

255 1631 305 1664 Qui
331 1631 388 1658 haec
412 1629 448 1657 ita
475 1631 601 1665 imperite
623 1630 727 1664 objicit,
751 1629 870 1657 vicissim
894 1637 908 1655 a
934 1629 1011 1656 nobis

218 1678 311 1704 audiet
326 1686 332 1704 :
347 1677 406 1710 Quo
428 1682 507 1711 pacto
527 1683 580 1704 non
606 1677 691 1711 possit
704 1677 807 1704 servari
824 1676 950 1703 identitas
967 1683 1010 1703 es-

218 1724 312 1751 sentia:
328 1724 355 1751 in
369 1724 450 1751 Patre
464 1728 492 1750 et
506 1723 585 1754 Filio,
602 1724 623 1749 si
639 1723 723 1750 Filius
742 1728 784 1750 est
798 1723 886 1755 imago
911 1721 1009 1753 Patris,

217 1775 245 1797 et
265 1771 292 1796 in
310 1769 400 1804 seipse
418 1769 537 1796 ostendit
556 1767 682 1795 Patrem?
696 1767 867 1795 Manifestum
881 1767 953 1794 enim
968 1771 1010 1794 est

218 1822 246 1844 et
261 1818 294 1843 ab
312 1816 438 1842 ornnibus
455 1815 616 1846 admissum,
645 1815 780 1841 neminem
802 1815 828 1840 in
843 1814 894 1840 alia
912 1819 1009 1840 natura

218 1864 298 1891 aliam
318 1869 451 1893 cernere;
476 1869 564 1895 neque
585 1861 728 1896 quisquam
748 1861 839 1887 dicere
858 1860 942 1894 possit
961 1866 1008 1891 se,

219 1917 280 1936 cum
294 1916 395 1943 equum
413 1908 520 1940 viderit,
533 1908 671 1935 hominum
686 1906 804 1941 aliquem
820 1906 928 1933 vidisse.
942 1904 1008 1932 Nam

218 1956 245 1982 in
266 1956 299 1982 iis
315 1963 374 1990 qua:
393 1955 513 1990 ejusdem
529 1959 632 1981 natura:
655 1958 719 1980 sunt
731 1953 829 1980 similia
847 1953 928 1980 etiam
949 1959 1008 1978 cer-

218 2007 335 2035 nuntur,
349 2008 401 2028 non
418 2001 444 2028 in
459 2001 492 2028 iis
514 2007 575 2036 qua:
597 2000 668 2027 inter
689 2006 718 2026 se
732 1998 884 2031 dissident,
903 1999 1008 2025 ratione

218 2048 291 2075 modi
312 2055 365 2082 quo
382 2048 527 2074 exsistunt.
543 2045 572 2073 Si
596 2053 660 2080 ergo
676 2045 797 2079 Philippo
820 2044 938 2079 cupienti
956 2043 1007 2070 Pa-

218 2100 287 2122 trem
313 2095 404 2121 videre
435 2093 562 2120 Christus
589 2093 708 2126 seipsum
736 2091 863 2122 ostendit,
893 2090 1005 2117 dicens:

219 2151 229 2167 ι
247 2141 297 2174 Qui
324 2141 390 2167 vidit
410 2148 463 2172 nte,
479 2140 548 2166 vidit
571 2143 598 2166 et
621 2138 728 2165 Patrem
739 2137 777 2170 ";
797 2147 806 2162 ι
832 2144 941 2164 necesse
965 2141 1006 2164 est

216 2185 328 2213 omnino
350 2190 379 2211 ut
403 2185 523 2218 ejusdem
545 2183 670 2211 essentia:
685 2183 807 2210 dicamus
828 2190 887 2210 esse
907 2182 1004 2210 Filium

216 2240 278 2258 cum
297 2231 389 2263 Patre,
406 2236 436 2257 ut
456 2230 642 2258 onmimodam
663 2229 806 2264 imaginem
820 2234 847 2256 et
864 2230 1004 2256 characte-

217 2285 274 2305 rem
287 2285 343 2305 suat
359 2277 390 2312 by
396 2281 546 2312 postaseus.

551 2331 664 2359 ALIUD.

251 2391 392 2422 Dominus,
411 2389 518 2417 etiamsi
542 2389 648 2424 genitus
681 2389 733 2422 sit,
756 2390 854 2424 passim
883 2389 1002 2424 seipsum

215 2435 478 2465 consubstantialem
502 2435 576 2462 Patri
593 2442 653 2462 esse
675 2436 751 2462 docet
767 2445 774 2463 :
792 2435 925 2470 siquidem
950 2443 1004 2471 quo

216 2489 295 2518 pacto
311 2484 428 2517 seipsmn
445 2482 542 2509 Filium
563 2489 624 2509 esse
643 2482 727 2509 dicit?
741 2482 761 2508 E
776 2482 893 2514 diverso,
912 2482 1003 2509 hostes

214 2529 316 2556 Christi
335 2529 469 2556 imbecilla
497 2537 544 2555 sua
574 2534 725 2556 commenta
746 2534 923 2563 opponentes,
946 2529 1003 2555 ﬁeri

215 2581 268 2599 non
293 2580 372 2607 posse
391 2574 466 2600 aiunt
482 2573 538 2608 80
560 2578 598 2607 ut,
616 2581 676 2600 cunt
696 2574 731 2601 sit
749 2575 866 2608 genitus,
884 2574 1003 2608 ejusdem

214 2617 340 2644 essentia:
366 2618 403 2644 sit
425 2626 486 2645 cum
512 2618 592 2646 Patre
615 2618 660 2654 qui
685 2624 725 2646 est
751 2619 896 2653 ingenitus.
920 2618 1002 2653 Atqui

214 2670 276 2688 eum
293 2663 417 2691 Christus
432 2663 476 2691 illa
491 2665 524 2692 de
542 2665 631 2700 seipso
646 2664 729 2697 dicat,
746 2665 803 2692 hwc
820 2673 887 2692 vero
901 2663 1003 2692 Christi

214 2707 318 2740 hestes,
335 2709 472 2743 quisnam,
485 2711 608 2743 obsecro,
623 2719 655 2738 eo
671 2712 813 2739 dementia:
824 2712 957 2747 pervenit,
974 2715 1002 2738 ut

214 2760 324 2782 censeat
340 2755 494 2786 hominibus
510 2759 598 2793 potius
613 2758 776 2787 credendum
795 2766 875 2793 qutun
890 2758 956 2790 Deo.
976 2763 1003 2784 ει

250 2843 357 2872 “.loan.
376 2854 429 2877 λιν,
446 2849 471 2874 υ.

719 124 747 152 s.
761 124 904 163 _C\'ltlLLl
925 106 1159 150 ALEXANnIt’tNt
1180 121 1339 149 ARCHIEP.

1806 120 1866 147 132

1061 187 1139 214 γονεν
1151 180 1203 214 ἄρα
1222 181 1255 214 τῇ
1268 179 1348 214 οὐσίᾳ.
1362 179 1444 206 αὑτοῦ
1459 177 1547 211 τοῦτο,
1562 179 1609 206 καὶ
1626 177 1694 213 ὅπερ
1712 177 1763 204 οὐκ
1781 175 1865 212 εἶχεν

1061 227 1090 252 ὲν
1101 226 1184 262 ἀρχῇ.
1198 225 1365 261 προσέλαϐεν
1377 225 1498 261 ὕστερον.
1507 225 1544 252 Τὸ
1553 225 1580 252 δὲ
1592 223 1751 261 προσθήκην
1764 223 1864 250 ἐπιδε-

1061 272 1174 307 χόμενον
1198 280 1268 304 τινα,
1296 271 1389 303 ἀτελὲς
1403 271 1435 298 ἂν
1448 271 1501 306 εἴη,
1517 271 1564 298 καὶ
1586 271 1616 296 οὐ
1636 270 1749 298 τέλειον.
1774 267 1866 296 Ἀλλὰ

1061 317 1139 344 τοῦτο
1152 317 1251 344 ἄτοπον
1264 325 1270 332 ·
1289 317 1378 344 τελεία
1394 316 1449 352 γὰρ
1468 316 1543 352 ἢτοῦ
1560 316 1667 351 Πατρὸς
1689 315 1780 343 οὐσία.
1798 315 1863 342 Οὐκ

1061 364 1115 399 ἄρα
1130 363 1313 399 προσγέγονεν
1336 362 1404 398 αὑτῇ
1423 362 1452 389 τὸ
1468 362 1565 397 γεννᾷν
1577 383 1584 393 ,
1608 361 1665 389 ἀλλ’
1679 359 1713 397 ἦν
1735 362 1766 387 ὲν
1784 361 1862 395 αὐτῇ

1061 411 1140 437 τοῦτο
1154 410 1204 437 οὐκ
1221 410 1385 446 ἀρξάμενον.
1400 409 1431 436 El.
1442 409 1470 435 δὲ
1484 408 1534 435 οὐκ
1546 408 1647 444 ἤρξατο
1667 408 1777 443 γεννᾷν.
1791 415 1862 432 συν-

1062 457 1146 489 αἲδιος
1163 457 1217 492 ἄρα
1229 457 1288 483 ἐστὶ
1298 456 1337 492 τῷ
1351 455 1439 491 Πατρὶ
1450 455 1465 481 ὁ
1479 454 1508 487 ἐξ
1521 454 1602 481 αὑτοῦ
1620 454 1762 489 γεννηθεὶς
1777 453 1859 484 Υἱός.

1062 503 1118 530 Καὶ
1129 503 1222 538 ὥσπερ
1235 503 1259 529 εἰ
1269 502 1356 538 ἀρχὴν
1368 502 1430 537 ἔσχε
1441 501 1488 528 τοῦ
1503 499 1582 533 εἶναι,
1597 501 1647 527 οὐκ
1659 500 1692 528 ἂν
1704 498 1738 536 ἦν
1753 500 1861 536 ὁρ.οοὺ-

1063 559 1130 582 σιος,
1143 549 1230 582 οὕτως
1242 550 1303 576 ἐπεὶ
1317 549 1356 585 μὴ
1371 548 1449 584 ἔσχεν
1460 548 1548 584 ἀρχὴν
1556 547 1606 583 τὴν
1618 548 1648 574 ὲν
1663 548 1764 584 χρόνῳ,
1776 546 1860 573 ἔσται

1062 596 1171 629 πάντως
1185 595 1338 632 όμοούσιος.

1283 726 1386 761 ΑΛΛΟ,
1402 725 1630 762 διηγηματικῶς.

1097 791 1204 829 Ὥσπερ
1218 792 1243 819 οἱ
1256 793 1288 828 τῇ
1303 792 1418 828 ἀληθείᾳ
1431 792 1589 828 μαχόμενοι,
1605 790 1694 827 ἀρχὴν
1713 792 1761 818 καὶ
1777 791 1859 822 τέλος

1061 838 1094 872 τῇ
1105 837 1152 863 τοῦ
1165 837 1230 864 Υίοῦ
1244 838 1369 872 γεννήσει
1378 837 1572 873 περιτιθέντες.
1585 837 1763 864 ὲκὸάλλουσιν
1773 837 1859 862 αὑτὸν

1062 883 1112 918 τῆς
1124 883 1282 918 ὁμοιότητος
1294 883 1345 918 τῆς
1360 885 1427 919 πρὸς
1440 883 1485 910 τὸν
1501 883 1686 918 Γὲγεννηκότα
1696 890 1703 897 °
1720 882 1796 909 οὕτω
1807 882 1858 908 καὶ

1063 930 1143 964 ἡμεῖς
1157 928 1218 955 οὗτε
1231 929 1330 964 ἀρχὴν,
1345 929 1406 956 οὕτε
1417 929 1494 961 τέλος
1512 929 1576 964 περὶ
1587 929 1635 964 τὴν
1652 928 1698 956 τοῦ
1716 927 1783 954 Tini
1795 929 1859 962 γέν-

1062 984 1139 1010 νησιν
1157 975 1382 1011 παραδεχόμενοι,
1400 975 1563 1011 εἰσφέρομεν
1577 975 1658 1002 αὑτὸν
1671 975 1711 1006 είς
1727 973 1857 1009 ἀπαράλ-

1062 1021 1161 1048 λακτον
1179 1022 1324 1057 ὁμοιότητα
1339 1021 1386 1057 τὴν
1397 1021 1465 1057 πρὸς
1479 1021 1523 1048 τὸν
1538 1021 1658 1056 Πατέρα.
1673 1020 1709 1047 Τὸ
1721 1020 1750 1047 δὲ
1761 1021 1858 1055 ὅμοιον

1063 1067 1134 1094 κατὰ
1150 1068 1249 1100 πάντα,
1268 1069 1316 1095 καὶ
1327 1067 1479 1103 ὁμοούσιον.

1170 1138 1234 1164 Ὀτι
1259 1138 1420 1173 ὀμοούσιος
1448 1139 1464 1165 d
1497 1138 1564 1171 Υἱὸς
1582 1137 1622 1170 τῷ
1641 1138 1745 1172 Πατρί.

1220 1183 1370 1218 Πρότασις
1384 1184 1424 1216 ὡς
1439 1184 1473 1210 ἑκ
1487 1183 1547 1210 τῶν
1567 1184 1690 1211 Ἀετίου.

1099 1239 1154 1266 Καὶ
1167 1239 1227 1271 πῶς
1244 1239 1276 1266 ἂν
1291 1239 1410 1273 δύναιτο,
1436 1240 1514 1275 φησι,
1540 1239 1672 1274 ταυτότης
1686 1239 1782 1270 οὐσίας
1807 1239 1855 1265 ἐπί

1062 1294 1092 1312 τε
1108 1286 1214 1322 Πατρὸς
1241 1286 1288 1312 καὶ
1312 1285 1377 1312 Υὶοῦ
1405 1285 1550 1318 σώζεσθαι,
1569 1286 1596 1312 ετ
1610 1294 1641 1319 γε
1661 1286 1676 1312 ὁ
1690 1285 1739 1320 μὲν
1757 1284 1856 1319 Πατὴρ

1062 1331 1208 1367 ἀγέννητός
1232 1332 1301 1363 ἐστι,
1328 1331 1456 1367 γεννητὸς
1479 1331 1507 1358 δὲ
1521 1331 1535 1357 ὁ
1555 1331 1636 1364 Υἱός;
1659 1330 1779 1365 Ἀνάγκη
1798 1330 1855 1365 γὰρ

1063 1379 1138 1405 πᾶσα
1163 1378 1252 1412 λέγειν
1269 1379 1298 1404 ὲν
1318 1377 1405 1404 οὐδενὶ
1428 1377 1625 1413 παραλλάττειν
1651 1375 1681 1402 τὸ
1705 1375 1856 1410 ἀγέννητον

1063 1424 1131 1459 πρὸς
1145 1424 1175 1450 τὸ
1191 1423 1330 1459 γεννητόν.
1344 1423 1374 1450 Et
1389 1423 1417 1450 δὲ
1429 1422 1518 1455 τοῦτο,
1530 1423 1606 1449 οὐδὲν
1620 1422 1736 1449 κωλύσει
1751 1422 1855 1448 καὶτὸν

1063 1471 1172 1506 Πατέρα
1187 1470 1317 1505 γεννητὸν
1327 1467 1397 1497 εἶναι
1412 1469 1502 1503 λέγειν
1517 1470 1564 1496 καὶ
1580 1468 1626 1496 τὸν
1647 1468 1710 1495 Υίδν
1733 1467 1855 1502 ἀγέννη-

1062 1524 1118 1549 τον,
1134 1517 1180 1543 καὶ
1200 1516 1366 1551 συγκέχυται
1377 1515 1407 1542 τὸ
1422 1516 1486 1542 πᾶν.

1307 1572 1386 1606 Πρὸς
1399 1571 1492 1599 ταῦτα
1506 1573 1606 1605 λύσις.

1104 1631 1131 1656 'O
1148 1629 1234 1656 ταῦτα
1250 1629 1401 1664 προτείνων
1423 1628 1556 1664 ἀμαθῶς,
1572 1629 1769 1656 ἁντακούσεται
1788 1630 1854 1664 παρ’

1061 1675 1156 1711 ὴμῶνο
1176 1675 1231 1702 Καὶ
1248 1675 1306 1707 πῶς
1320 1675 1352 1702 ἂν
1369 1674 1476 1701 δύναιτο
1489 1675 1621 1710 ταυτότης
1632 1675 1725 1706 οὐσίας
1745 1675 1782 1710 μὴ
1798 1675 1851 1701 σώ⁴

1060 1723 1155 1756 ζεσθαι
1177 1724 1222 1750 ἐπί
1249 1732 1279 1750 τε
1299 1724 1405 1759 Πατρδς
1423 1725 1470 1751 καὶ
1488 1724 1568 1757 Υἰοῦ,
1587 1724 1658 1759 εἴγε
1677 1725 1724 1752 τοῦ
1745 1727 1852 1760 Πατρὶς

1061 1769 1142 1796 εἰκών
1156 1770 1229 1796 ἐστιν
1243 1770 1257 1796 ό
1271 1770 1343 1801 Υἱὸς,
1355 1771 1402 1796 καὶ
1417 1771 1446 1797 ὲν
1461 1771 1550 1806 ἑαυτῷ
1560 1771 1680 1798 δείκνυσι
1699 1772 1744 1798 τὸν
1763 1772 1851 1798 Πατέ-

1062 1823 1111 1850 ρας
1129 1815 1246 1850 Εὔδηλον
1260 1816 1314 1851 γὰρ
1330 1815 1361 1851 δή
1380 1816 1478 1842 πουθέν
1497 1817 1555 1842 ἐστι
1584 1817 1630 1843 καὶ
1648 1817 1731 1843 πᾶσιν
1757 1817 1851 1852 ὁμολο-

1059 1863 1202 1898 γούμενον,
1217 1861 1254 1892 ὡς
1268 1862 1354 1893 οὐδεὶς
1369 1863 1396 1888 ἐν
1415 1862 1498 1897 έτέρᾳ
1517 1862 1595 1896 φύσει
1615 1861 1664 1897 τὴν
1678 1863 1774 1897 ἑτέραν
1789 1862 1851 1896 ωε-

1059 1917 1104 1935 ται
1115 1917 1121 1923 ·
1135 1908 1190 1934 οὐδ’
1204 1908 1236 1935 ἄν
1254 1916 1295 1939 τις
1320 1908 1376 1942 ἒχοι
1392 1907 1481 1942 λέγειν
1507 1907 1590 1934 ἵππον
1604 1907 1744 1943 ἑωρακὼς,
1765 1909 1806 1934 ὅτι
1819 1908 1849 1943 δή

1058 1962 1118 1980 τινα
1130 1953 1184 1980 τῶν
1198 1952 1348 1989 ἀνθρώπων
1359 1953 1494 1980 τεθέαται.
1511 1953 1555 1980 'Ev
1567 1954 1621 1988 γὰρ
1637 1955 1691 1985 τοῖς
1701 1954 1850 1988 ὀμοφυέσιν

1058 2001 1074 2036 ἡ
1088 2000 1141 2027 τῶν
1156 2000 1256 2035 ὁμοίων
1268 1999 1416 2031 ἀπόδειξις,
1429 1999 1479 2026 οὐκ
1491 2000 1519 2025 ὲν
1533 2000 1588 2031 τοῖς
1607 2000 1728 2035 ἀλλήλων
1739 2000 1849 2035 διεστη-

1058 2047 1127 2078 κόσι,
1144 2046 1213 2073 κατὰ
1228 2046 1271 2074 τὸν
1282 2046 1328 2073 τοῦ
1341 2046 1400 2077 πῶς
1408 2044 1571 2080 εἷναι),όγον.
1585 2047 1615 2073 Εἰ
1626 2047 1713 2073 τοίνυν
1723 2047 1849 2082 ζητοῦντι

1057 2093 1095 2128 τῷ
1109 2093 1234 2126 Φιλίππῳ
1261 2091 1307 2118 τὸν
1335 2092 1445 2127 Πατέρα
1473 2091 1656 2124 ἱδεῖν,ὲαυτὸν
1683 2092 1849 2120 ἐπιδεικνύει

1057 2138 1184 2174 Χριστὸς,
1195 2137 1297 2172 λέγων·
1317 2146 1326 2162 t
1349 2137 1378 2164 '0
1396 2137 1525 2172 ἑωρακὼς
1536 2137 1594 2172 ἐμὲ,
1614 2137 1719 2172 ἑώρακε
1734 2138 1780 2164 τὸν
1793 2139 1849 2164 Παε

1057 2185 1133 2220 τέρα,
1151 2194 1159 2209 ι
1176 2185 1282 2218 ἀνάγκη
1299 2184 1373 2210 πᾶσα
1389 2184 1438 2219 τῆς
1451 2184 1535 2219 αὐτῆς
1558 2183 1650 2215 οὐσίας
1667 2181 1735 2210 εἶναι
1757 2184 1849 2218 λέγειν

1058 2231 1104 2257 τὸν
1119 2231 1181 2257 Υίὺν
1194 2230 1232 2266 τῷ
1244 2230 1340 2265 "arpi,
1356 2230 1394 2261 ὡς
1411 2230 1617 2265 ἀπαράλλακτον
1630 2230 1721 2257 εἰκόνα
1735 2231 1784 2258 καὶ
1799 2239 1848 2266 χα-

1060 2278 1185 2314 ρακτῆρα
1195 2277 1245 2312 τῆς
1257 2277 1432 2308 ὑποστάσεως
1445 2276 1538 2304 αὑτοῦ.

1403 2333 1503 2359 ΑΑΧΛΟ.

1101 2390 1256 2425 Ὀμοούσιον
1270 2389 1365 2416 ἑαυτὸν
1379 2388 1442 2416 ὅντα
1456 2389 1494 2425 τῷ
1512 2390 1600 2425 Πατρὶ
1615 2390 1747 2417 διδάσκων
1760 2392 1774 2417 ὁ
1790 2391 1847 2417 Κὺυ

1060 2446 1116 2472 ριος
1131 2437 1226 2470 ὁρᾶται
1251 2435 1401 2470 πανταχοῦ,
1427 2435 1515 2462 καίτοι
1538 2436 1666 2470 γεννητὸς
1692 2437 1845 2472 ὑπάρχων·

1057 2484 1118 2510 ἐπεὶ
1131 2483 1189 2514 πῶς
1211 2482 1306 2509 ἑαυτὸν
1330 2482 1392 2508 rm
1419 2480 1487 2509 εἶναί
1504 2483 1672 2518 φησι;Πρὸς
1683 2483 1771 2510 ταῦτα
1797 2485 1845 2519 τὴν

1058 2529 1111 2555 ἀπο
1124 2528 1177 2554 τῶν
1185 2527 1292 2554 οἰκείων
1305 2528 1442 2563 λογισμῶν
1453 2529 1595 2555 ἀσθένειαν
1608 2529 1807 2562 ἀντεπάγοντες
1821 2530 1844 2555 οξ

1056 2574 1244 2609 χριστομάχοι,
1265 2574 1302 2608 μὴ
1318 2573 1448 2600 δύνασθαί
1473 2582 1554 2608 φασιν
1569 2594 1576 2606 ,
1600 2574 1694 2610 ἐπειδὴ
1716 2574 1844 2610 γεννητὸς

1055 2611 1187 2654 ἐστι,τῆς
1210 2619 1296 2654 αὐτῆς
1319 2620 1413 2651 οὐσίας
1432 2617 1501 2646 εἶναι
1521 2619 1560 2656 τῷ
1584 2621 1722 2656 ἀγεννήτῳ
1745 2621 1841 2656 Πατρί.

1061 2667 1168 2692 Ἐκεῖνα
1184 2665 1329 2700 τοιγαροῦν
1347 2665 1411 2700 περὶ
1430 2665 1527 2692 ἑαυτοῦ
1550 2666 1700 2701 φάσκοντος
1714 2666 1761 2692 τοῦ
1776 2667 1843 2702 Χρι-

1055 2711 1129 2744 στοῦ,
1148 2711 1234 2738 ταῦτα
1245 2711 1273 2737 δὲ
1291 2710 1344 2738 τῶν
1359 2711 1562 2747 χριστομάχων,
1574 2712 1617 2744 τίς
1632 2713 1670 2744 εἰς
1693 2712 1773 2738 τοῦτο
1788 2721 1842 2747 μω-

1056 2758 1114 2793 ρίας
1127 2757 1283 2793 ἐκϐήσεται,
1298 2758 1335 2789 ὡς
1356 2757 1459 2785 οἴεσθαι
1474 2757 1529 2785 δεῖν
1551 2756 1687 2793 ἀνθρώπῳ
1710 2757 1811 2792 μᾶλλον
1825 2756 1841 2792 ἢ
