1920 3031
85 136 132 163 I33

791 139 1012 173 TllESAUllUS.

1658 147 1707 175 151

83 193 138 228 δεῷ
155 193 306 226 πιστεύειν,
323 195 371 222 καὶ
388 195 425 231 μὴ
442 195 490 229 τὴν
505 195 590 230 καλὴν
610 195 717 230 ἐκείνην
739 197 791 224 τῶν
808 198 861 224 ἀπο

928 206 979 225 ιιοΠ
994 199 1082 232 potius
1096 199 1168 225 illam
1187 198 1361 234 apostolicam
1378 201 1707 237 sententiamcxclanwnt,

85 239 181 265 στόλων
200 238 375 273 φθέγγεσθαι
398 241 499 276 φωνὴν,
517 240 605 274 λέγειν
622 249 651 266 τε
671 242 738 277 πρὸς
749 243 811 275 τοὺς
827 244 872 270 ἀν-

83 284 358 325 οσίουςῌαίρετικούς·
385 296 394 311 t
419 286 580 321 Πειθαρχεῖν
596 287 638 312 δεῖ
655 287 714 322 Θεῷ
739 289 837 323 μᾶλλον
856 290 872 325 ἦ

83 319 253 365 civilization;
273 340 282 356 ι
298 331 330 358 El
345 332 399 367 γὰρ
415 319 539 358 ἀτοιοῐέσι
551 333 613 368 περὶ
628 334 676 368 τὴν
684 319 873 370 τῆςίἀληθείας

85 376 254 410 κατάληψιν,
280 377 332 403 οὐκ
357 377 480 413 ἀδικήσει
504 377 583 404 τοῦτο
610 379 762 416 προσούσης
783 381 873 413 αὐτοῖς

83 420 219 452 ἀϐουλίας.

425 480 526 506 ΑΛΛΟ.

117 531 301 566 Γεγεννῆσθαι
321 532 367 560 τὸν
392 534 455 560 Υἰὺν
469 535 501 561 ἐκ
514 535 634 571 Πατρὺς,
651 537 698 563 καὶ
711 537 787 564 αὐτοὶ
804 539 871 565 πάν-

82 578 318 612 τωςόμολογεῖτε·
337 580 367 606 οὐ
386 580 441 615 γὰρ
456 581 494 613 ὡς
508 581 536 608 ἓν
561 583 614 610 τῶν
640 584 798 618 ποιημάτων
819 585 871 617 ἔξω

83 623 130 657 τῆς
144 624 239 656 οὐσίας
254 624 300 650 τοῦ
313 626 438 658 τεκόντος
452 627 582 654 χείσεται.
596 629 651 654 Καὶ
663 630 720 661 πῶς
732 630 780 656 οὐκ
795 630 870 657 ἔσται

82 668 120 701 τῷ
134 668 241 694 τεκόντι
253 670 364 702 πάντως
375 672 526 706 ὁμοούσιος,
539 674 565 699 εἴ
580 682 612 707 γε
631 674 714 706 ὅντως
729 676 787 702 ἐστὶ
808 677 871 710 γέν-

81 720 166 746 νημα,
195 713 302 749 καρπὸς
326 714 420 750 ὥσπερ
436 724 476 747 τις
499 717 611 751 φυσικὸς
629 717 674 744 τοῦ
692 719 870 754 γεννήσαντος

83 757 229 792 animum
245 759 277 785 Ei
293 759 343 794 μὲν
354 758 401 786 οὖν
414 760 508 787 τοῦτον
527 762 600 797 ἔχειν
624 763 724 790 δώσετε
745 764 790 791 τὸν
805 765 868 801 τρό-

81 811 141 834 πον,
157 804 236 830 ἔσται
251 804 359 836 πάντως
375 806 422 832 καὶ
436 806 577 842 ὁμοούσιος
588 817 594 823 ·
606 809 631 834 εἰ
647 808 674 835 δὲ
687 809 767 845 μέχρι
780 810 868 836 διακό-

79 856 124 873 νου
137 848 231 884 φωνῆς
247 849 293 876 καὶ
309 852 493 887 προσηγορίας
503 853 585 889 ψιλῆς
597 855 720 891 γέννημα
734 855 865 888 καλεῖται,

78 893 200 928 λεγέσθω
215 896 322 931 ποίημα
338 898 400 931 παρ’
417 898 504 933 ὑμῶν,
523 899 565 926 ἵνα
576 900 608 935 δὴ
629 902 676 928 καὶ
701 901 866 938 σαφέστερον

78 938 283 974 δυσφημοῦντες
298 941 440 978 φαίνησθε.

423 998 524 1026 ΔΛΛΟ.

219 1053 268 1086 Ὠς
279 1054 313 1086 ἐξ
326 1055 506 1089 ἀντιθέσεως
520 1055 579 1083 τῶν
602 1056 722 1084 Ἀετίου.

113 1108 144 1136 Εἰ
157 1110 308 1146 ἀμέριστός
327 1113 395 1144 ἐστι,
414 1114 491 1148 φησὶ,
516 1113 565 1149 τὴν
581 1115 675 1141 οὐσίαν
691 1116 704 1142 ὁ
724 1115 799 1149 Θεὸς,
815 1116 866 1144 οὒκ

78 1155 168 1187 οὐσίας
188 1157 327 1184 διαστάσει
343 1158 373 1184 τὸ
388 1158 515 1194 γεννηθὲν
531 1160 674 1196 ἐγεννήθη,
688 1161 744 1188 ἀλλ’
762 1162 865 1199 ὑπέστη

79 1202 137 1227 κατ’
149 1201 286 1234 ἐξουσίαν.
303 1204 357 1229 Καὶ
371 1205 428 1235 πῶς
445 1204 478 1231 ἂν
501 1205 544 1241 εἴη
566 1206 614 1241 τῆς
636 1207 720 1243 αὐτῆς
736 1208 829 1240 οὐσίας
847 1210 863 1244 ἡ

79 1248 218 1274 imos-risu
235 1249 316 1283 φύσις
335 1250 403 1286 πρὸς
419 1251 468 1286 τὴν
479 1251 672 1287 ύποστήσασαν
694 1253 793 1288 uno»;

318 1349 397 1382 Πρὸς
415 1349 506 1376 ταῦτα
518 1351 620 1384 λύσις.

111 1403 148 1430 Τὸ
164 1403 238 1439 μέγα
262 1405 342 1431 τοῦτο
356 1407 403 1432 καὶ
415 1407 493 1441 βαθὺ,
510 1407 636 1444 καθάπερ
656 1409 773 1444 οἴονται,
789 1412 864 1447 σόφι-

78 1459 143 1486 opu,
159 1452 192 1478 τὸ
209 1453 247 1488 μὴ
266 1453 424 1489 μερίζεσθαι
448 1455 495 1481 τοῦ
518 1455 586 1482 Θεοῦ
613 1457 663 1493 τὴν
677 1458 783 1492 οὐσίαν,
814 1460 864 1496 τῆς

76 1498 160 1533 αὐτῆς
176 1499 270 1530 οὐσίας
286 1497 355 1526 εἶναι
367 1500 411 1527 τὸν
432 1501 494 1528 Υἱὸν
506 1502 545 1537 τῷ
562 1503 658 1538 Πατρὶ,
671 1505 728 1537 πῶς
743 1506 793 1532 οὐκ
804 1508 864 1534 ὲπι-

927 244 1069 278 impiisque
1091 243 1225 270 lta‘rctieis
1251 241 1379 277 objiciant
1407 252 1414 270 :
1439 253 1448 269 ι
1464 244 1580 272 Obedire
1604 253 1709 280 oportet.

926 289 979 315 Deo
1001 290 1086 324 magis
1107 297 1186 324 quam
1203 289 1357 316 hominibus
1369 289 1422 316 “‘1'
1435 299 1444 315 ι
1466 289 1493 316 Si
1506 291 1576 317 enim
1593 291 1618 318 in
1637 300 1710 319 com-

925 334 1113 368 prehendenda
1134 334 1247 362 veritate
1266 335 1333 361 adeo
1351 339 1458 368 torpent
1475 340 1502 362 et
1521 335 1709 370 languescunt,

925 379 1035 412 nullam,
1049 381 1156 414 opinor,
1172 379 1296 414 injuriatn
1318 380 1412 408 inferri
1433 381 1484 408 sibi
1499 389 1708 418 conqueramur,

923 432 983 452 cum
997 430 1071 453 tanta
1088 427 1185 454 mentis
1198 427 1319 454 cmcitate
1333 427 1465 456 laborettt.

1253 483 1368 511 ALIUD.

957 537 1082 565 Geuitum
1097 547 1155 567 esse
1173 539 1269 566 Filium
1285 547 1316 567 ett
1335 539 1426 574 Patre,
1438 549 1487 569 vos
1501 543 1581 571 etiam
1598 544 1708 571 omnino

922 582 1040 610 fatemini
1058 592 1065 610 :
1081 592 1168 618 tteque
1180 585 1251 611 enim
1265 585 1344 612 vcluti
1360 594 1411 612 una
1427 593 1616 615 creaturarum
1631 594 1707 616 extra

920 629 1065 656 essentiam
1081 629 1218 657 Genitoris
1241 631 1345 665 positus
1359 632 1421 659 erit.
1439 633 1497 666 Quo
1517 640 1595 668 pacto
1617 640 1706 662 autem

920 683 973 703 non
989 677 1042 708 erit
1062 676 1089 703 in
1106 677 1262 704 universum
1276 679 1516 707 consubstantialis
1532 680 1666 714 Genitori,
1683 683 1706 709 si

919 729 1014 749 revera
1039 727 1081 749 est
1102 723 1242 757 genimen,
1269 730 1302 750 ac
1328 724 1409 751 veluti
1439 726 1570 754 naturalis
1596 728 1706 762 quidam

919 766 1025 795 fructus
1042 768 1201 796 Genitoris?
1216 769 1243 797 Si
1259 777 1322 796 vero
1335 770 1387 797 hac
1403 771 1507 799 ratione
1524 772 1599 800 illum
1616 781 1645 801 se
1659 774 1706 800 lia-

918 811 982 839 bere
997 814 1145 840 conceditis
1157 833 1165 846 ,
1182 815 1233 841 erit
1249 815 1369 849 profecto
1391 816 1471 843 etiam
1489 818 1705 845 consubstantia-

921 857 972 892 lis;
987 863 1016 885 at.
1029 859 1052 886 si
1069 860 1155 887 solum
1175 860 1328 888 ministerio
1351 861 1427 889 vocis
1444 862 1568 896 nudaque
1588 863 1705 897 appella-

919 903 991 930 tione
1009 905 1133 938 genitnen
1151 910 1275 938 vocatur,
1292 905 1395 933 dicatur
1408 908 1491 933 etiam
1505 914 1519 933 a
1536 907 1611 934 vobis
1627 915 1705 934 crea-

919 952 978 976 tura
998 956 1068 983 esse,
1085 954 1114 977 ut
1132 951 1302 978 manifestior
1317 952 1354 978 sit
1369 956 1460 979 vestra
1471 952 1650 986 blasphemia.

1255 1006 1371 1034 ALIUD.

1157 1063 1200 1090 Ea:
1219 1064 1363 1099 objections
1383 1063 1460 1090 Aelii.

951 1117 980 1146 Si
1004 1118 1186 1152 indivisibilis,
1208 1120 1306 1154 inquit,
1328 1121 1477 1148 secundum
1499 1123 1644 1150 essentiam
1663 1127 1703 1150 est

916 1163 997 1196 Deus,
1013 1172 1064 1192 non
1085 1165 1211 1192 essentia:
1226 1167 1396 1200 separatione
1409 1167 1532 1200 genimen
1546 1173 1702 1203 generatum

915 1214 967 1242 est,
982 1210 1028 1238 sed
1054 1207 1231 1237 constitutum
1255 1215 1296 1238 est
1324 1219 1357 1239 ex
1382 1211 1530 1240 voluntate.
1548 1213 1606 1247 Quo
1625 1220 1703 1248 pacto

916 1261 1006 1282 autent
1020 1255 1141 1290 ejusdem
1160 1257 1284 1283 essentia!
1302 1264 1362 1284 esse
1377 1258 1461 1292 possit
1482 1263 1577 1287 natura
1600 1260 1702 1288 consti~

917 1305 973 1328 tuta
990 1308 1050 1328 cum
1069 1309 1129 1328 eam
1146 1301 1348 1329 constituente?

1164 1358 1267 1386 Salutio
1293 1359 1455 1394 objectiom's.

952 1415 1046 1450 Ingens
1078 1414 1130 1441 hoc
1161 1422 1194 1441 ac
1220 1414 1396 1448 praeclarum,
1420 1420 1450 1443 ut
1475 1416 1643 1450 existimant,
1662 1426 1703 1445 so-

915 1462 1032 1496 phisma,
1051 1468 1104 1495 quo
1121 1460 1249 1495 colligunt
1273 1467 1305 1487 ex
1329 1467 1361 1487 ee
1377 1462 1450 1496 quod
1472 1463 1594 1496 separari
1613 1463 1701 1490 divi-na

915 1507 1032 1535 essentia
1051 1514 1102 1533 ttott
1121 1507 1214 1540 possit,
1234 1505 1355 1539 ejusdem
1377 1508 1503 1534 essentia!
1525 1515 1585 1535 esse
1604 1508 1701 1535 Filium

75 1544 169 1579 τρέψει
184 1546 259 1580 παρὰ
276 1547 332 1577 τοῖς
345 1546 432 1581 ὀρθῶς
445 1547 601 1583 δοκιμάζειν
612 1551 719 1578 εἰωθόσι
729 1552 762 1579 τὰ
776 1555 862 1588 πρᾶγ-

921 1560 976 1580 cum
1000 1553 1093 1584 Patre,
1111 1559 1165 1586 qtto
1186 1558 1266 1586 pacto
1287 1559 1340 1578 non
1366 1553 1532 1580 concedatur
1554 1555 1589 1581 ab
1609 1554 1641 1581 iis
1657 1557 1701 1589 qtti

77 1600 168 1626 puta;
186 1592 348 1626 Λεγὲτωσαν
365 1595 431 1629 ἡμῖν
454 1596 479 1622 οἱ
502 1595 583 1623 δεινοὶ
596 1597 641 1624 καὶ
662 1598 798 1633 φιλαίτιοι,
825 1602 862 1627 Οὐ

75 1637 128 1672 γὰρ
156 1637 308 1674 ἐπειδήπερ
332 1639 478 1674 ἀμέριστός
506 1642 564 1668 ἐστι
587 1643 636 1677 τὴν
653 1644 770 1671 οὐσίανὸ
787 1645 862 1678 Θεὸς,

74 1682 118 1709 διὰ
129 1682 210 1708 τοῦτο
221 1683 325 1719 καὶτῆς
338 1686 500 1721 γεννητικῆς
510 1686 650 1723 δυνάμεως
663 1689 764 1725 ἕρημος
775 1691 862 1724 ἔσται,

75 1727 136 1754 καθ’
152 1729 238 1763 ὑμᾶς.
259 1729 314 1757 Καὶ
332 1730 382 1756 οὐκ
399 1731 534 1765 ἀπόδειξιν
549 1733 605 1769 ἔχει
620 1735 666 1761 τοῦ
684 1737 720 1771 μὴ
735 1737 863 1764 δύνασθαι

75 1774 173 1808 γεννᾷν
189 1774 282 1807 αὑτὸν,
294 1775 324 1801 τὸ
340 1776 487 1811 ἀμέριστον
507 1776 577 1806 εἶναι
592 1781 662 1808 κατὰ
683 1781 732 1816 τὴν
757 1783 861 1811 οὐσίαν.

75 1819 105 1844 Ei
118 1819 147 1845 δὲ
166 1821 250 1856 τιμᾷν
263 1821 364 1848 οἴονται
377 1823 423 1849 τὺν
437 1823 513 1857 Θεὸν,
532 1825 664 1858 σώζοντες
679 1828 729 1862 μὲν
746 1830 818 1865 αὐτῷ
833 1830 863 1856 τὸ

77 1864 238 1899 μερίζεσθαι
251 1867 395 1902 μηδαμῶς,
408 1869 620 1906 ἀποστεροῦντες
635 1872 663 1900 δὲ
676 1873 722 1899 τοῦ
734 1874 863 1902 δύνασθαι

75 1911 184 1945 γεννᾷν,
201 1911 238 1942 ὼς
252 1912 296 1938 διὰ
319 1913 399 1940 τοῦτο
420 1916 479 1941 κατ’
499 1915 622 1949 ἐξουσίαν
643 1918 794 1954 ὑποστῆσαι
817 1921 862 1948 τὸν

77 1954 150 1986 Tibi,
168 1955 342 1984 ἀχουέτωσαν
358 1957 399 1984 ὅτι
421 1959 488 1985 πολὺ
507 1960 598 1994 μεῖζον
622 1961 670 1987 καὶ
687 1963 795 1989 κάλλιον
814 1964 863 1998 τῆς

76 2001 136 2026 κατ’
148 2001 276 2032 ἐξουσίαν
289 2002 478 2039 λαμπρότητος
492 2005 541 2040 τῆς
556 2007 674 2042 φυσικῆς
689 2008 827 2043 ἐνεργείας
845 2010 862 2044 ὴ

75 2047 164 2081 χάρις.
185 2046 407 2084 Ἀξιολογώτερον
419 2049 473 2085 γὰρ
487 2051 518 2077 τὸ
533 2052 688 2087 ἀμερίστως
701 2053 804 2080 οἴεσθαι
817 2055 862 2081 τὸν

75 2092 141 2118 Θεὸν
155 2094 253 2128 γεννᾷν
269 2093 298 2126 ἐξ
313 2094 395 2121 αὐτοῦ
413 2096 524 2132 ἀρρήτῳ
544 2099 596 2124 τινὶ
616 2099 662 2125 καὶ
679 2100 863 2136 ἁκαταλήπτῳ

75 2138 176 2174 τρόπῳ,
191 2140 208 2175 ἢ
223 2140 266 2166 διὰ
278 2140 308 2166 τὸ
321 2141 359 2177 μὴ
371 2142 537 2177 μερίζεσθαι,
551 2144 611 2171 καθ’
625 2145 706 2180 ὑμᾶς,
720 2146 787 2182 μηδὲ
800 2155 863 2181 γεν-

75 2185 122 2220 νᾷν
138 2185 251 2220 ἰσχύειν.

420 2286 521 2314 ΑΛΛΟ.

109 2338 142 2365 Εἰ
157 2340 218 2366 κατ’
237 2340 373 2373 ἐξουσίαν,
389 2342 426 2374 ὥς
441 2352 520 2378 φατε,
536 2344 582 2371 τὸν
596 2345 659 2372 Υίὸν
680 2346 834 2383 ὑπέστησεν
847 2348 862 2374 ὁ

75 2385 180 2420 Πατὴρ,
195 2387 331 2421 περιττῶς
346 2388 468 2416 καλεῖται
490 2389 536 2416 καὶ
560 2391 632 2422 Υίός.
650 2392 686 2418 To
698 2393 752 2429 γὰρ
767 2394 816 2420 οὐκ
829 2394 862 2420 ὲκ

75 2431 122 2466 τῆς
135 2431 231 2463 οὐςίας
241 2432 288 2458 τοῦ
305 2433 410 2468 [ἰατρὸς
422 2435 563 2470 προελθὸν,
574 2437 632 2469 πῶς
648 2437 680 2464 ἂν
696 2438 801 2473 λέγοιτο
813 2440 861 2466 καὶ
875 2452 877 2454 ν

73 2477 88 2502 ὁ
107 2478 188 2510 Υἱ6ς;
205 2478 242 2504 Τὸ
256 2478 283 2504 δὲ
299 2478 331 2505 ἐκ
343 2488 414 2510 τινος
429 2481 499 2507 κατὰ
517 2482 597 2516 φύσιν
611 2484 750 2519 προελθὸν,
761 2485 859 2521 ἐπαλη-

75 2521 203 2549 θεύουσιν
222 2524 279 2558 ἔχει
304 2526 354 2550 καὶ
369 2525 418 2560 τὴν
439 2526 485 2552 τοῦ
502 2529 671 2563 γεννήματος
691 2531 860 2565 ἐπωνυμίαν.

80 2568 226 2604 Ἐγεννήθη
242 2570 389 2606 τοιγαροῦν
409 2572 422 2597 ὁ
439 2572 513 2604 Υἱὸς,
525 2573 666 2608 ὁμοούσιος
680 2575 732 2611 ἄρα
747 2576 785 2611 τῷ
804 2577 860 2603 Παο

74 2614 125 2649 τρί.
141 2615 195 2641 Καὶ
210 2616 260 2651 μία
272 2616 328 2650 γὰρ
341 2617 398 2647 τοῖς
411 2619 590 2653 γεννωμένοις
605 2621 672 2656 πρὸς
683 2621 716 2647 τὰ
726 2621 862 2655 γεννῶντα

74 2668 160 2694 (pust;

416 2713 517 2739 ΔΛΛΟ.

107 2763 137 2788 Εἰ
154 2763 279 2801 καθάπερ
301 2767 384 2802 ὑμεῖς
400 2768 488 2794 οἴεσθε
505 2769 659 2800 πλανῶντές
686 2779 713 2796 τε
732 2771 778 2797 καὶ
796 2771 862 2796 πλα-

108 2845 204 2874 ηἰιρι.
221 2856 246 2879 ι’,
258 2847 305 2874 ~29.

915 1604 989 1625 recte
1005 1599 1037 1624 de
1052 1596 1281 1632 rebusjudicant?
1294 1597 1328 1623 At
1345 1597 1436 1624 dicant
1451 1598 1528 1625 nobis
1541 1599 1702 1627 contentiosi

915 1643 970 1670 isti.
985 1642 1042 1669 Non
1067 1643 1138 1669 enini
1155 1642 1218 1677 quia
1233 1642 1406 1670 indivisibilis
1423 1649 1465 1670 est
1486 1645 1634 1671 secundum
1657 1652 1702 1672 es-

914 1689 1027 1716 sentiam
1044 1687 1125 1722 Deus,
1152 1688 1212 1714 idco
1229 1688 1311 1714 etiant
1337 1690 1493 1723 generatim
1508 1689 1635 1718 facultate
1658 1699 1702 1718 ca-

914 1740 966 1768 ret,
985 1735 1060 1770 juxta
1085 1741 1201 1761 vestram
1221 1735 1387 1768 opinionem.
1408 1734 1502 1770 Neque
1527 1743 1620 1764 rursus
1640 1738 1702 1772 quia

915 1781 1086 1808 indivisibilis
1114 1785 1154 1808 est
1179 1781 1326 1808 secundum
1354 1781 1521 1814 essentiam,
1550 1783 1703 1810 declaratur

914 1834 1045 1861 generare
1064 1834 1115 1853 tton
1132 1833 1221 1859 posse.
1241 1826 1275 1851 At
1289 1833 1354 1852 vero
1372 1827 1393 1853 si
1418 1834 1447 1853 se
1464 1826 1546 1853 Deum
1568 1827 1702 1856 honorare

914 1872 1082 1904 cxiStimant,
1105 1872 1254 1898 tribuentes
1279 1872 1314 1898 illi
1339 1872 1411 1906 quod
1429 1873 1511 1899 dividi
1532 1881 1584 1900 non
1605 1876 1701 1909 possit,

913 1919 960 1945 sed
986 1918 1133 1953 generandi
1153 1917 1281 1945 facultate
1298 1919 1446 1952 privantes,
1466 1924 1493 1945 ttt
1515 1927 1547 1946 ex
1568 1921 1618 1948 hoc
1634 1921 1702 1949 infe—

915 1968 975 1990 rant
998 1963 1081 1990 Dettm
1106 1970 1138 1989 cx
1162 1963 1301 1989 voluntate
1322 1963 1495 1990 constituisse
1520 1964 1626 1998 Filium,
1650 1967 1701 1994 ltoc

914 2015 1007 2036 contra
1035 2009 1146 2036 audiant
1170 2007 1248 2043 longe
1276 2009 1404 2043 majorem
1433 2011 1701 2051 prmstantioremque

914 2054 1057 2090 splendore
1083 2054 1228 2080 voluntatis
1254 2061 1315 2081 esse
1345 2054 1476 2082 naturalis
1499 2056 1614 2083 actionis
1637 2065 1700 2090 gra-

915 2101 991 2128 tiam.
1011 2100 1121 2134 Dignius
1133 2100 1204 2126 cnitn
1216 2105 1255 2126 est
1270 2100 1304 2126 ita
1317 2096 1427 2133 sentire,
1441 2100 1524 2128 Deum
1538 2101 1652 2129 indivise
1664 2110 1697 2130 ex

914 2153 943 2172 se
956 2152 1098 2179 generare.
1113 2144 1241 2171 ineffabili
1257 2144 1373 2178 quodam
1388 2149 1416 2171 et
1431 2145 1697 2180 incompreltensibili

915 2192 1005 2224 tnodo,
1022 2198 1113 2225 quam,
1131 2194 1160 2217 ut
1173 2197 1219 2217 vos
1236 2191 1395 2224 opinamini,
1407 2191 1470 2226 quia
1484 2192 1565 2220 dividi
1584 2198 1612 2220 et
1627 2201 1702 2228 sepa-

917 2237 969 2264 rari
985 2244 1037 2263 non
1050 2240 1148 2271 potest,
1165 2243 1252 2271 neque
1266 2244 1396 2272 generare
1410 2244 1499 2272 posse.

1216 2293 1270 2327 31
1286 2292 1402 2320 ALIUD.

951 2347 979 2375 Si
1005 2348 1155 2380 voluntate,
1170 2352 1199 2374 ut
1213 2349 1313 2382 dicitis,
1326 2348 1424 2376 Filium
1452 2350 1593 2378 constituit
1609 2350 1698 2383 Pater,

915 2398 1016 2422 temere
1046 2395 1127 2422 etiatn
1148 2398 1258 2420 vocatur
1267 2392 1360 2420 Filius.
1375 2394 1451 2427 Quod
1464 2396 1535 2422 enim
1553 2404 1586 2423 ex
1608 2399 1700 2424 essen-

916 2441 950 2467 tia
968 2440 1053 2467 Patris
1066 2448 1118 2467 ttott
1134 2439 1275 2474 processit,
1292 2447 1344 2473 quo
1359 2445 1438 2473 pacto
1449 2446 1564 2468 vocetur
1595 2442 1698 2470 Filius?

914 2485 989 2518 Quod
1010 2493 1073 2512 vero
1091 2492 1123 2511 ex
1141 2484 1230 2517 aliqua
1254 2485 1400 2510 secundum
1422 2490 1547 2512 naturam
1565 2489 1699 2521 procedit,

917 2539 1007 2557 veram
1024 2529 1257 2564 etiamgettintinis
1278 2528 1481 2563 appellalimlcm
1503 2530 1593 2558 lmbel-
1617 2534 1699 2560 (ὶθιιίσ

921 2582 963 2604 tus
976 2578 1068 2611 itaque
1080 2585 1138 2603 cttttt
1156 2577 1190 2603 sit
1208 2575 1304 2608 Filius,
1318 2574 1503 2601 cocssentialis
1523 2576 1604 2602 etiam
1626 2577 1699 2604 l'atrt
1730 2601 1735 2606 _

915 2623 1041 2659 cst.‘Uua
1057 2624 1127 2650 cuitu
1148 2628 1190 2650 cst
1210 2626 1307 2649 natura
1324 2620 1488 2656 gignentium
1503 2625 1529 2647 et
1540 2628 1631 2649 eorum
1641 2631 1699 2656 qua:

912 2669 1069 2704 gignuntur.

1246 2713 1359 2741 ALIUD.

952 2771 992 2801 Si.
1011 2771 1242 2804 quemadmodum
1259 2778 1305 2798 ros
1320 2770 1438 2798 censetis
1453 2770 1509 2798 falsi
1524 2777 1547 2797 et
1564 2770 1692 2801 failcnit-s,
