1920 3031
223 107 270 135 155

220 175 272 193 non
289 172 321 191 cx
337 160 457 190 essentia
473 159 562 187 Patris
582 159 715 194 processit
729 158 826 190 Filius,
842 157 888 184 sed
901 163 932 183 ex
960 163 1007 182 νο·
1024 158 1044 186 Α

221 213 325 239 luutate
339 208 427 235 Patris
441 207 608 235 constitutus
625 209 675 237 est,
694 209 719 231 et
739 209 779 231 est
807 204 863 238 ipse
877 201 1008 236 sapientia

220 265 252 284 ac
268 255 388 290 polentia
398 253 498 286 Patris,
512 256 585 279 certe
602 258 690 284 neque
711 250 821 284 sapiens
838 253 879 276 est
903 254 1004 274 secun—

220 304 284 330 dum
298 307 433 331 naturain,
449 305 535 333 neque
557 303 652 332 potens
669 296 759 323 Pater.
779 294 806 321 Si
835 301 899 320 vero
922 292 1010 327 (juxta

220 345 417 381 ineptissimam
449 348 567 370 vestram
588 339 810 376 propositionem)
839 338 1010 364 extrinsecus

220 390 360 419 constituit
372 388 484 419 Filium,
500 387 544 421 qui
559 385 667 420 quidem
682 383 765 418 ipsius
776 382 908 417 sapientia
922 386 949 409 et
962 389 1010 416 po-

221 437 307 464 tentia
321 440 375 466 est,
387 434 434 461 sed
448 437 489 460 est
506 439 537 458 ex
553 439 601 457 sua
627 435 722 457 natura
741 429 848 464 sapiens
867 433 893 455 et
905 432 1008 462 potens,

222 481 404 510 necessarium
421 478 532 506 omnino
549 481 600 508 est,
612 475 693 503 etiam
712 474 810 502 Filium
827 481 859 501 ex
891 473 1009 501 essentia

223 528 312 556 Patris
327 533 388 554 esse
398 545 406 560 ,
426 529 505 559 atque
518 523 556 550 ita
571 522 653 549 etiam
670 519 939 549 consubstantialem.

560 589 675 619 ALIUD,

255 651 371 679 Necesse
390 652 476 676 estut
504 648 550 682 qui
581 646 678 674 Filium
703 653 735 673 ex
761 644 901 672 voluntate
922 643 1011 671 Patris

219 697 397 725 constitututn
407 702 468 722 esse
485 693 660 724 contendunt,
673 699 726 719 non
750 695 840 718 autem
851 698 884 718 ex
894 689 953 725 ipso
966 696 1012 725 ge-

219 742 319 774 nitum,
337 741 429 768 dicant
442 740 506 774 quid
519 739 633 766 moverit
647 737 755 764 Patrem
774 741 802 763 ut
819 736 916 763 Filium
944 743 1011 763 cou-

220 789 355 819 stitueret,
374 791 403 814 ut
416 786 467 820 ipsi
482 786 572 819 inepte
599 784 760 818 loquuntur.
788 781 947 809 Necessario
967 781 1013 816 igi-

221 840 264 861 tur
279 834 330 860 hoc
349 832 413 860 fecit
429 841 436 858 :
452 830 578 858 autFilio
589 830 614 856 id
629 829 720 864 largiri
733 828 829 860 Voluit,
844 834 872 854 ut
889 827 962 854 illum
976 827 1009 853 ad
1027 831 1048 857 Β

222 888 285 907 esse
300 880 456 906 traduceret
470 877 583 912 perinde
594 884 624 903 ac
637 883 696 903 nos.
709 874 736 901 Si
747 874 830 910 igitur
843 873 1008 904 necessario,

217 925 273 959 jam
285 925 369 952 Deutu
386 914 542 953 necessitati
561 921 710 956 subjectum
741 926 804 947 esse
830 918 1009 950 coneedetis;

206 972 262 999 ‘siu
274 977 369 998 contra
385 969 492 996 Patrem
508 968 559 995 hoc
573 967 644 997 Filio
660 965 753 1000 largiri
765 964 881 994 voluisse
908 963 1009 995 dicitis,

219 1018 324 1051 sibiipsi
358 1016 448 1051 potius
475 1014 500 1041 id
527 1013 641 1048 largitus
664 1019 725 1040 esse
751 1011 894 1042 videbitur,
920 1014 948 1036 ut
976 1009 1011 1036 sit

220 1068 339 1094 creator,
353 1067 379 1088 ct
394 1066 488 1095 potens
501 1067 532 1086 ac
557 1058 684 1092 sapiens:
704 1057 834 1092 siquidem
859 1055 926 1082 Filio
954 1055 1010 1081 lucc

219 1110 344 1136 ἰιιειιηι.ι
363 1106 458 1135 Omnia
472 1106 543 1133 enim
562 1112 609 1139 per
621 1104 710 1138 ipsum
726 1102 795 1129 facta
819 1107 892 1135 sunt,
924 1101 1010 1136 inquit

219 1155 369 1188 Scriptura,
384 1157 410 1179 et
423 1152 482 1179 sine
494 1151 551 1186 ipso
567 1149 665 1176 factum
682 1153 723 1176 est
737 1147 804 1174 nihil
818 1146 849 1172 “.
867 1155 875 1172 ι
895 1146 928 1173 Ει,
953 1153 1010 1172 rur-

218 1209 291 1234 sum,
310 1210 319 1226 ι
332 1200 458 1227 Christus
478 1199 523 1225 Dei
542 1195 661 1232 potentia
674 1200 700 1222 et
715 1194 848 1228 sapientia
863 1193 905 1220 ¹⁴“.
924 1202 935 1219 ι
951 1192 1010 1221 Cte-

219 1253 307 1275 tcrutn
323 1255 370 1274 nos
385 1253 437 1273 non
451 1245 501 1272 sibi
519 1244 567 1278 ipsi
589 1243 644 1270 Ιιτιιο
660 1242 783 1277 largitqu
801 1248 861 1268 esse
879 1241 960 1267 Deum
978 1246 1009 1266 ac

221 1295 327 1322 l‘atrem
343 1293 468 1325 dicimus,
484 1291 530 1318 scd
545 1297 604 1318 esse
618 1288 776 1315 naturaliter
804 1286 952 1321 sapientem
984 1289 1011 1312 et

219 1345 370 1376 potentem.
382 1338 439 1365 Non
454 1338 535 1372 igitur
550 1343 582 1363 ex
597 1335 734 1362 voluntate
743 1333 884 1360 constituit
899 1331 1007 1363 Filium,

221 1392 251 1414 ιιι
272 1394 321 1413 vos
352 1383 511 1420 opinamini,
539 1382 587 1410 sed
619 1381 701 1408 veluti
738 1384 843 1406 naturae
870 1385 926 1404 sua:
953 1377 1010 1404 fru-

220 1439 279 1460 ctus
296 1437 348 1464 est,
362 1431 433 1466 quod
445 1438 507 1458 cuin
526 1430 562 1456 ita
588 1429 633 1461 sit,
658 1428 740 1454 etiatn
771 1423 1011 1453 consubstantialis

220 1485 271 1507 est.
288 1478 365 1512 Quod
379 1478 451 1505 enim
469 1475 630 1504 naturaliter
657 1481 690 1501 ex
717 1473 771 1500 Deo
797 1471 927 1506 procedit,
946 1470 1011 1497 alie-

221 1528 291 1554 num’
301 1525 336 1552 ab
351 1531 384 1551 eo
397 1530 457 1550 esse
470 1529 522 1549 non
541 1525 640 1556 potest.

1023 1502 1045 1534 ϐ

257 1592 334 1625 Quod
355 1591 408 1618 Deo
421 1599 452 1618 ac
470 1587 791 1617 Palriconsubstantialis
814 1586 846 1613 sit
873 1584 972 1613 Filius.

256 1649 285 1677 Si
297 1653 406 1684 propter
423 1648 536 1675 Lormam
562 1653 642 1682 quam
654 1644 768 1679 accepit,
793 1644 818 1670 in
846 1642 933 1670 forma
963 1641 1010 1668 Dei

221 1695 367 1725 exsisleus.
384 1691 624 1720 consubstantialis
638 1691 714 1717 nobis
731 1694 783 1721 est,
797 1690 860 1722 quia
880 1695 912 1714 ex
929 1686 1007 1714 nobis

220 1744 327 1773 esl,est
344 1744 434 1766 autem
456 1739 542 1765 forma
571 1737 617 1764 Dei
650 1736 743 1767 Filius,
773 1732 1010 1762 consubstantialis

221 1785 302 1820 igitur
322 1784 346 1812 ei
363 1788 415 1816 est,
429 1782 507 1818 cujus
516 1787 556 1809 cst
569 1782 666 1809 forma.

520 1839 576 1874 32
594 1837 709 1865 ALlUU.

257 1898 395 1926 Sisnostt'o
419 1896 514 1923 lumini
539 1896 666 1931 splendor
682 1895 741 1929 ejus
773 1891 1011 1920 cottsubslantialis

220 1950 272 1976 est,
287 1944 371 1971 Filius
382 1947 470 1970 autem
481 1941 574 1969 κιαι-ιιί
588 1941 697 1967 luminis
709 1945 750 1967 est
778 1939 920 1974 splendor;
945 1945 1011 1964 con-

220 1989 408 2019 substantialis
424 1988 507 2024 igitur
521 1988 603 2015 etiam
620 1988 676 2022 ipse
688 1992 729 2014 est
742 1985 847 2017 lumini,
863 1985 938 2020 cujus
969 1989 1010 2012 est

219 2037 356 2071 splendor,
373 2043 434 2062 cum
451 2034 575 2069 exempla
588 2038 665 2068 parte
683 2033 770 2066 aliqua
796 2039 852 2059 suae
863 2037 965 2058 natura:
983 2031 1009 2058 in

219 2082 307 2110 simile
322 2080 496 2109 conveniant.

561 2145 674 2174 ALIUD.

255 2205 485 2239 Quemadmodum
499 2203 643 2238 :equalitas
658 2202 683 2228 in
699 2200 925 2231 intellectualibus
955 2208 1006 2227 non
1024 2178 1046 2204 Β

218 2252 370 2286 quantitate
383 2251 542 2281 aestimatur,
558 2253 583 2276 et
598 2247 668 2282 quod
684 2246 720 2273 ita
733 2245 835 2280 aequale
851 2250 902 2276 est,
915 2253 1007 2272 neces-

219 2298 292 2325 sario
308 2297 388 2324 ctiam
415 2304 462 2331 par
479 2295 609 2329 dignitate
636 2300 667 2318 ac
697 2291 924 2318 consubstantialc
955 2296 1006 2323 est,

218 2344 303 2371 Filius
319 2347 407 2370 autem
423 2347 464 2369 est
476 2349 525 2376 par
536 2339 666 2374 dignitate
682 2337 765 2370 Patri,
787 2342 816 2364 ut
832 2345 908 2365 sacra
930 2338 1005 2365 Scri-

219 2394 298 2423 ptura
325 2382 458 2419 testatur;
485 2384 638 2412 necessario
663 2383 744 2409 etiam
769 2383 1006 2411 consubstantialis

217 2434 269 2460 erit
286 2441 293 2460 :
311 2431 464 2465 zequalitatc
477 2430 603 2455 nimirum
619 2428 673 2459 illa,
689 2435 739 2454 non
771 2427 875 2454 ratione
897 2429 1004 2463 quanti-

219 2481 283 2506 tatis
295 2479 319 2505 iu
333 2483 427 2505 natura
441 2475 748 2510 incorporeateslilttala,
761 2475 808 2501 sed
825 2476 912 2509 potius
928 2477 1003 2503 idcu—

217 2525 295 2553 titate
307 2523 445 2551 esset-tiae.

552 2579 667 2607 ALIUD.

254 2639 353 2673 Siqua:
372 2645 436 2664 verc
456 2644 488 2664 ac
500 2637 659 2665 naturaliter
673 2638 764 2671 genita
787 2644 859 2670 sunt,
876 2646 929 2666 non
953 2647 1002 2665 au-

218 2689 270 2710 tem
288 2681 442 2716 adoptione,
459 2681 569 2708 dubium
589 2689 641 2709 non
663 2687 705 2709 est
725 2681 788 2716 quin
807 2682 861 2709 sint
885 2684 1002 2710 consub-

216 2727 350 2757 stantialia
362 2736 423 2756 cum
436 2729 521 2764 iisqui
542 2735 604 2756 vere
616 2736 646 2755 ac
660 2729 821 2757 naturaliter
841 2735 1003 2764 genuerunt,

253 2806 273 2820 ¹”
290 2804 366 2833 Junn.
384 2814 402 2836 ι.
418 2807 445 2835 5.
485 2808 515 2824 “‘
532 2807 540 2834 Ι
558 2807 618 2836 Cor.
638 2815 657 2842 I,
672 2808 719 2844 24,

715 93 743 126 SI.
764 97 900 126 CYRILLI
920 95 1153 124 ALEXANDRINI
1174 94 1330 122 ARClllEl’.

1804 87 1865 115 136

1061 155 1188 190 νώμενοι,
1205 154 1254 180 οὐκ
1270 155 1302 180 ἐκ
1316 153 1364 188 τῆς
1380 152 1474 183 οὐσίας
1495 150 1540 178 τοῦ
1562 150 1667 186 Πατρός
1684 148 1827 184 προῆλθεν
1846 148 1863 173 6

1063 202 1125 233 Υἱὸς
1137 221 1144 232 ,
1170 200 1276 234 ὑπέστη
1292 199 1320 225 δὲ
1337 197 1565 230 ὲξουσισστικῶς,
1584 197 1631 223 καὶ
1647 196 1721 223 ἔστιν
1736 194 1822 225 αὐτὸς
1843 194 1862 228 ἡ

1063 247 1143 282 σοφία
1158 246 1206 273 καὶ
1219 245 1334 280 δύναμις
1345 244 1392 270 τοῦ
1408 243 1525 277 Πατρὺς,
1537 241 1599 268 οὒτε
1615 241 1695 275 σοφὸς
1715 240 1789 267 κατὰ
1805 238 1863 268 φύι

1062 302 1104 320 σιν
1123 293 1195 319 ἐστὶν
1209 293 1223 318 6
1239 291 1345 326 Πατὴρ,
1369 289 1430 316 οὔτε
1453 289 1506 324 μὴν
1523 288 1645 319 δυνατός.
1670 287 1701 313 Εἰ
1714 287 1760 318 δὲ,
1781 284 1863 318 κατά

1061 339 1111 374 τὴν
1126 337 1319 374 ἀμαθεστάτην
1335 335 1411 371 ὑμῶν
1435 334 1578 370 πρότασιν,
1595 333 1694 366 ἔξωθεν
1710 332 1860 366 ὑπέστησε

1061 385 1107 412 τὸν
1129 384 1206 417 Υἱδν,
1221 384 1250 415 ὅς
1272 384 1345 409 ἐστιν
1360 381 1441 409 αὑτοῦ
1466 380 1547 414 σοφία
1572 379 1619 406 καὶ¹
1642 378 1768 412 δύναμις,
1796 375 1860 403 ἀλλ’

1062 433 1120 460 ἔστι
1133 431 1205 458 κατὰ
1217 429 1297 464 φύσιν
1312 429 1391 463 σοφός
1408 436 1437 454 τε
1454 427 1500 453 καὶ
1514 426 1636 458 δυνατὸς,
1651 425 1759 458 ἀνάγκη
1776 424 1859 449 πᾶσι

1062 479 1109 506 καὶ
1122 478 1167 505 τὸν
1178 477 1242 503 Υἱὸν
1258 476 1290 502 ὲκ
1302 475 1352 510 τῆς
1368 473 1415 500 τοῦ
1433 472 1540 508 [ἰατρὸς
1557 471 1651 503 οὐσίας
1663 469 1734 498 εἶναι
1749 469 1859 503 λέγειν,

1061 527 1086 561 ει
1100 526 1128 553 δὲ
1144 524 1233 558 τοῦτο,
1246 523 1292 550 καὶ
1304 522 1455 558 ὁμοούσιος,
1497 512 1499 515 ’

1402 589 1503 616 AAAO.

1104 650 1266 684 Ἀναγκαῖον
1282 646 1394 684 ἐρέσθαι
1416 645 1479 676 τοὺς
1498 644 1557 671 ὅσοι
1579 645 1625 669 τὸν
1643 642 1707 669 Υὶδν
1730 639 1792 667 κατ’
1810 639 1859 670 ἐξ-

1061 697 1154 726 ουσίαν
1169 695 1321 730 ὑποστῆναι
1335 693 1385 729 τὴν
1402 691 1448 719 τοῦ
1463 690 1584 726 Πατρός,
1599 689 1645 716 καὶ
1657 689 1706 715 οὐκ
1726 687 1756 720 ἐξ
1768 686 1858 713 αὑτοῦ

1063 743 1243 780 γεγεννῆσθαι
1268 749 1345 776 φασι,
1369 739 1394 766 τί
1417 739 1448 765 τὸ
1472 737 1603 767 πεπτικὸς
1619 735 1664 761 τὸν
1680 733 1794 767 Πατέρα
1809 731 1859 757 τὸν

1062 791 1126 818 Υἱὸν
1141 789 1293 824 ὑποστῆσαι
1308 786 1378 814 κατὰ
1395 786 1440 812 τὸν
1460 784 1536 819 ὑμῶν
1549 782 1643 818 ἀμαθῆ
1656 781 1744 815 λόγον.
1756 780 1859 809 Ἀναγ-

1061 837 1146 868 καίως
1162 836 1216 871 ἄρα
1230 834 1310 861 τοῦτο
1331 831 1480 866 πεποίηκεν
1491 849 1498 862 ,
1516 830 1532 865 ἢ
1549 828 1713 864 χαρίσασθαι
1731 826 1771 860 τῷ
1795 824 1859 858 Υἱῴ

1062 883 1212 920 βουληθεὶς,
1226 882 1266 908 ὅτι
1281 880 1312 916 δὴ
1325 879 1370 906 καὶ
1380 878 1461 906 αὑτὸν
1472 877 1511 908 εἰς
1529 876 1677 902 ὑπόστασιν
1692 874 1754 907 ἄγοι
1771 871 1858 898 καοέ-

1062 918 1114 964 έτερ
1133 929 1180 956 καὶ
1202 928 1287 964 ἡμᾶς,
1307 927 1339 953 Εἰ
1361 925 1415 961 μὲν·
1433 922 1478 951 οῦν
1499 921 1655 956 ἀναγκαίως
1677 920 1787 954 ἀνάγκη
1803 918 1858 944 δὼ-

1062 985 1122 1004 σετε
1146 975 1192 1001 τὴν
1216 974 1282 1001 Θεδν
1303 971 1474 1002 ὑποκεῖσθαι,
1491 971 1515 1007 εἰ
1534 969 1562 996 δὲ
1580 969 1618 1003 μὴ
1632 967 1722 999 τοῦτο,
1737 965 1859 1001 χαρίσαι⁸

1061 1022 1124 1050 σθαι
1146 1021 1175 1048 δὲ
1203 1019 1369 1055 βουληθέντα
1389 1018 1429 1053 τῷ
1452 1016 1526 1051 Υἱῷ,
1551 1014 1639 1049 ἐαυτῷ
1667 1014 1857 1049 χαρισάμενος

1061 1071 1185 1105 φανεῖται
1201 1068 1232 1096 τὸ
1248 1064 1317 1093 εἶναι
1328 1063 1494 1101 δημιουργὸς
1506 1063 1552 1090 καὶ
1565 1062 1677 1092 δυνατίς
1693 1061 1740 1087 καὶ
1758 1059 1855 1097 σοφὲς,

1062 1117 1087 1142 εἴ
1108 1124 1140 1150 γε
1163 1116 1193 1142 ὲν
1218 1112 1275 1148 Υἱῷ
1295 1111 1381 1138 ταῦτά
1402 1112 1471 1137 ἐστι.
1497 1119 1505 1134 ι
1523 1108 1616 1135 Πάντα
1640 1107 1694 1142 γὰρ
1717 1107 1749 1133 δι’
1769 1104 1855 1136 αὑτοῦ

1062 1162 1180 1196 ἐγένετο,
1196 1160 1277 1195 φησὶν
1303 1159 1319 1194 ἡ
1340 1157 1446 1193 Γραφὴ,
1468 1156 1513 1182 καὶ
1536 1155 1620 1190 χωρὶς
1643 1152 1726 1181 αὑτοῦ
1743 1153 1856 1186 ἐγένετο

1060 1208 1120 1235 οὐδὲ
1147 1207 1204 1233 ἓν.»
1232 1205 1288 1232 Καὶ
1310 1205 1401 1236 πάλιν,
1424 1213 1432 1228 ι
1445 1202 1563 1238 Χριστὸς
1584 1201 1651 1227 Θεοῦ
1668 1200 1785 1235 δύναμις
1806 1199 1856 1225 καὶ

1061 1254 1127 1282 Θεοῦ
1137 1252 1228 1288 σοφία,
1238 1261 1248 1279 )
1263 1251 1343 1278 Ἀλλὰ
1357 1251 1410 1286 μὴν
1425 1250 1474 1285 οὑχ
1486 1248 1574 1284 ἑαυτῷ
1588 1247 1674 1274 ταῦτα
1689 1246 1854 1282 χαρίζεσυαί

1063 1309 1099 1335 φα
1105 1308 1154 1336 μεν
1164 1299 1211 1326 τὸν
1224 1298 1291 1326 Θεὸν
1301 1297 1348 1324 καὶ
1360 1297 1480 1331 Πατέρα,
1489 1295 1547 1322 ἀλλ’
1556 1293 1626 1320 εἶναι
1637 1292 1758 1328 φυσικῶς
1772 1291 1854 1325 σοφήν

1060 1355 1090 1373 τε
1107 1347 1154 1373 καὶ
1171 1346 1294 1373 δυνατόν.
1321 1343 1378 1371 Οὔκ
1402 1341 1613 1375 ὲξουσιαστικῶς
1638 1339 1691 1374 ἄρα
1718 1338 1764 1364 τὸν
1789 1337 1854 1363 Υῑὸν

1062 1393 1212 1428 ὑπέστησε,
1229 1391 1291 1419 καθ’
1305 1390 1387 1425 ὑμᾶς,
1400 1387 1468 1415 ἀλλὰ
1482 1389 1532 1423 τῆς
1548 1386 1650 1418 οἰκείας
1666 1385 1774 1419 φύσεως
1796 1383 1852 1418 ἔχει

1061 1438 1177 1474 καρπόν·
1197 1435 1291 1471 ἐπειδὴ
1309 1435 1337 1461 δὲ
1354 1434 1442 1466 τοῦτο,
1459 1434 1505 1460 καὶ
1523 1432 1675 1468 ὁμοούσιος.
1692 1430 1730 1456 Τὸ
1747 1429 1804 1465 γὰρ
1821 1430 1853 1455 ὲκ

1061 1484 1130 1512 Θεοῦ
1143 1483 1274 1519 προελθὸν
1285 1481 1355 1509 κατά
1366 1481 1459 1516 φύσιν,
1473 1480 1524 1506 οὑκ
1538 1478 1677 1514 ἀλλότριον
1696 1477 1790 1504 αὑτοῦ.

1125 1597 1185 1622 Ὅτι
1198 1594 1238 1627 τῷ
1251 1593 1312 1626 Θεῷ
1325 1593 1374 1620 καὶ
1388 1591 1477 1626 Harp!
1491 1591 1652 1626 ὀμοούσιος
1667 1590 1685 1617 ὁ
1701 1589 1780 1621 Υἱός.

1097 1653 1128 1679 El
1145 1651 1178 1678 δι’
1191 1651 1224 1687 ἣν
1239 1650 1318 1677 ἕλαὸε
1331 1649 1437 1685 μορφὴν
1451 1649 1465 1674 6
1478 1649 1507 1674 ὲν
1520 1648 1611 1683 μορφῇ
1623 1645 1691 1673 Θεοῦ
1707 1645 1851 1680 ὑπάρχων.

1061 1699 1204 1734 όμοούσιος
1220 1697 1298 1733 ἡμῶν
1322 1697 1363 1723 ὅτι
1380 1695 1410 1728 ἐξ
1426 1695 1515 1730 ἡμῶν,
1530 1694 1587 1720 ἔστι
1601 1693 1630 1719 δὲ
1648 1692 1740 1728 μορφὴ
1754 1690 1822 1718 θεοῦ
1838 1691 1853 1717 6

1061 1745 1136 1777 Υἱὸς,
1149 1743 1292 1780 ὁμοούσιος
1309 1743 1363 1777 ἄρα
1375 1742 1483 1776 ἐκείνῳ,
1496 1738 1527 1767 οῦ
1544 1740 1592 1768 καὶ
1606 1739 1663 1765 ἔστι
1681 1737 1793 1774 μορφής

1401 1840 1502 1867 AAAO.

1098 1903 1128 1928 El.
1143 1902 1183 1936 τῷ
1193 1900 1254 1927 καθ’
1271 1901 1343 1935 ἡμᾶς
1360 1899 1431 1933 φωτὶ
1445 1897 1475 1924 τὸ
1491 1897 1661 1930 ἀπαύγασμα
1678 1893 1762 1922 αὑτοῦ
1779 1894 1852 1919 ἐστιν

1061 1949 1215 1985 όμοοὺσιον,
1236 1948 1250 1974 ό
1272 1947 1300 1974 δὲ
1318 1946 1382 1977 Υἱὸς
1396 1945 1444 1972 τοῦ
1462 1945 1547 1972 ἀϊδίου
1569 1942 1657 1978 φωτός
1675 1943 1750 1968 ἐστιν
1766 1941 1853 1967 ἀπαύ-

1060 1983 1155 2031 γασμα
1168 2015 1175 2027 ,
1192 1993 1334 2029 ὁμοούσιος
1352 1993 1405 2028 ἄρα
1423 1992 1471 2019 καὶ
1486 1991 1567 2022 αὐτὸς
1592 1989 1630 2024 τῷ
1655 1989 1735 2022 φωτὶ,
1752 1983 1784 2013 οὗ
1807 1987 1851 2013 καὶ

1060 2042 1133 2068 ἐστιν
1153 2040 1335 2075 ἀπαύγασμα,
1352 2038 1405 2065 τῶν
1421 2036 1628 2072 ὑποδειγμάτων
1643 2035 1714 2061 κατά
1726 2043 1753 2060 τι
1769 2033 1851 2068 μέρος

1061 2088 1110 2123 τῆς
1125 2087 1229 2118 οἰκείας
1245 2086 1352 2120 φύσεως
1367 2085 1407 2116 εἰς
1422 2084 1452 2110 τὸ
1469 2084 1560 2119 ὅμοιον
1576 2080 1788 2118 παραγομένων.

1402 2152 1503 2179 ΑΛΛΟ.

1098 2211 1128 2237 El
1145 2211 1175 2236 τδ
1202 2209 1258 2236 ἴσον
1277 2210 1306 2235 ἐν
1323 2209 1428 2243 νοητοῖς
1450 2207 1480 2234 οὐ
1498 2207 1628 2242 ποσότητι
1652 2205 1799 2241 μετρητὸν,
1822 2204 1851 2230 τδ

1061 2256 1083 2282 δ’
1098 2255 1186 2286 οὕτως
1202 2255 1269 2286 ἴσον,
1294 2255 1341 2280 καὶ
1361 2254 1492 2289 ὁμότιμον
1508 2253 1537 2285 ἐξ
1553 2253 1676 2287 ἀνάγκης
1690 2252 1738 2278 καὶ
1751 2252 1851 2286 ὁμοσύ-

1061 2311 1127 2334 σιον,
1155 2301 1214 2328 ἔστι
1236 2301 1265 2327 δὲ
1289 2301 1346 2332 ldo;
1368 2300 1415 2327 καὶ
1434 2300 1565 2335 ὁμότιμος
1583 2298 1621 2334 τῷ
1637 2298 1725 2333 Πατρὶ
1743 2299 1757 2324 6
1775 2298 1849 2329 Υἱὸς,

1059 2347 1171 2375 κατὰτὰ
1181 2348 1240 2374 θεῖα
1254 2347 1350 2381 Λὸγια,
1361 2346 1390 2378 ἐξ
1405 2346 1527 2380 ἀνάγκης
1541 2345 1617 2371 ἔσται
1632 2345 1679 2371 καὶ
1693 2343 1847 2379 όμοούσιος”

1058 2395 1105 2421 τοῦ
1121 2395 1178 2421 ἴσου
1195 2393 1267 2421 κατὰ
1282 2393 1312 2419 τὸ
1331 2393 1414 2424 ποσὸν
1428 2393 1458 2419 ὲν
1472 2393 1609 2427 ἀσωμάτῳ
1629 2391 1710 2426 φύσει
1725 2390 1764 2426 μὴ
1780 2390 1849 2417 θεω-

1060 2441 1202 2476 ρουμένου,
1219 2440 1287 2469 ἀλλὰ
1305 2439 1405 2474 μᾷὶλον
1418 2440 1447 2466 ἐν
1459 2439 1553 2470 οὐσίας
1567 2438 1722 2473 ταυτότητι.

1399 2588 1499 2613 AAAO.

1093 2641 1124 2668 Εἰ
1144 2642 1177 2668 τὰ
1195 2643 1254 2668 κατ’
1282 2643 1421 2678 ἀλήθειαν,
1443 2643 1499 2670 ἀλλ’
1521 2643 1551 2669 οὐ
1576 2643 1658 2676 θέσει,
1677 2643 1845 2679 γεννώμενα,

1056 2688 1186 2722 όμοούσια
1199 2689 1252 2714 τῶν
1267 2691 1328 2716 κατ’
1342 2689 1471 2725 ἀλήθειαν
1487 2690 1644 2724 γεννώντων
1657 2690 1843 2725 ὡμολόγηται,

1056 2731 1112 2758 ἔστι
1128 2732 1154 2758 δὲ
1169 2733 1222 2759 τῶν
1243 2735 1301 2761 κατ’
1317 2734 1446 2769 ἀλήθειαν
1464 2735 1650 2769 γεννηθέντων
1664 2738 1678 2763 6
1693 2737 1758 2770 Υἱὸς
1774 2738 1845 2772 ἥπερ
