1920 3031
71 124 116 154 {'57

792 123 1012 152 THESAURUS‘.

1664 127 1715 153 I58

71 183 121 211 τῶν
136 184 212 213 κατὰ
232 185 328 217 θέσιν,
359 187 506 222 ὀμοούσιος
529 188 583 223 ἄρα
608 187 647 222 τῷ
670 186 729 213 κατ’
755 185 874 220 ἀλήθειαν

936 181 1020 209 Filius
1040 185 1129 208 autent
1146 185 1188 208 est
1203 188 1234 208 ex
1251 181 1284 208 iis
1295 179 1340 216 qui
1357 188 1420 210 vere
1434 181 1518 216 geniti
1535 187 1609 217 sunt,
1621 183 1712 220 longe-

74 230 160 263 αὐτὸν,
175 231 239 258 ἀλλ’
253 233 289 258 οὐ
307 232 399 265 θέσει,
415 234 590 269 γεγεννηκότι
606 233 674 267 Θεῷ.

437 378 542 404 ΔΛΛΟ.

113 432 144 460 Et
169 432 200 458 τὸ
217 432 363 465 οὺσιωδῶς
386 432 559 469 γεννώμενον
577 433 746 469 ξκληρονομεῖ
763 432 812 468 τὴν
833 431 879 459 τοῦ

81 478 279 514 γεγεννηκότος
291 479 400 512 οὐσίαν,
419 479 481 514 ἔχον
495 479 597 514 ταύτην
620 480 648 505 ὲν
664 478 762 514 ἑαυτῷ,
778 478 834 514 ἔχει
851 478 880 505 δὲ

82 525 169 552 πάντα
182 524 218 551 τὰ
233 525 283 551 τοῦ
299 525 410 560 Πατρὸς
426 525 442 551 ὁ
460 525 541 557 Υἱὸς,
563 523 699 556 οὐσιωδῶς
715 525 769 559 ἄρα
783 524 879 559 γεγέν-

83 578 170 606 νηται.

427 627 532 654 ΑΔΛΟ.

116 682 147 708 Εἰ
173 682 257 716 μηδὲν
271 682 327 708 τῶν
347 682 418 716 μετὰ
433 682 479 709 τὸν
495 681 558 708 Υεὸν
584 683 615 708 ἐκ
632 683 669 717 μὴ
687 682 771 709 ὖντων
785 681 879 712 οὐσίας

81 727 240 762 ὐφίστησιν,
265 728 398 763 ὑφίστησι
423 728 452 754 δὲ
476 729 490 755 ὁ
515 728 589 762 Υἱὸς,
609 729 658 755 οὐκ
680 728 734 764 ἄρα
749 728 803 754 τῶν
821 729 879 763 μετ’

82 773 161 799 αὐτὸν
187 772 265 799 ἔσται
284 773 438 809 συγγενὴς,
457 773 525 800 ἀλλὰ
545 774 585 809 τῷ
611 775 643 801 ἐκ
661 775 699 810 μὴ
718 774 803 800 ὄντων
824 774 876 808 ὑφ-

82 818 193 845 ιστῶντι
208 819 364 854 όμοούσιος.
374 819 416 845 Τὰ
427 820 537 855 γὰρτῆς
552 820 637 855 αὐτῆς
651 819 793 856 ἐνεργείας
802 819 877 851 ὄντα,

81 865 127 890 καὶ
139 864 191 899 τῆς
207 864 293 899 αὐτῆς
306 864 400 896 οὐσίας
417 864 618 901 ὡμολόγηνται.

424 967 525 993 ΑΛΛΟ.

116 1023 148 1049 Ei
165 1023 198 1049 τὰ
213 1023 263 1058 τῆς
284 1023 368 1058 αὐτῆς
389 1024 532 1059 ἐνεργείας
553 1023 771 1058 ἀπαραλλάκτως
786 1024 876 1060 ὑπάρ-

83 1077 173 1103 χοντα,
201 1070 249 1096 καὶ
271 1070 320 1105 τῆς
335 1069 423 1101 αὐτῆς
439 1069 533 1101 οὐσίας
550 1070 749 1105 ὡμολόγηνται,
774 1069 831 1096 ἐστι
848 1070 876 1097 δὲ

84 1115 130 1150 τῆς
146 1115 234 1151 αὐτῆς
255 1115 294 1151 τῷ
309 1115 398 1151 Πατρὶ
424 1115 564 1151 ἐνεργείας
585 1116 600 1142 ὁ
624 1115 698 1148 Υἱὸς,
720 1115 810 1142 πάντα
825 1116 877 1143 ὅσα.

86 1163 155 1188 ποιεῖ
166 1162 214 1188 καὶ
231 1162 312 1194 αὐτὸς
327 1162 429 1197 ὁμοίως
448 1162 545 1193 ποιῶν,
560 1161 784 1197 ὁμολογουμένως
800 1162 876 1189 ἔσται

88 1208 131 1234 καὶ
149 1208 198 1242 τῆς
224 1208 310 1243 αὐτῆς
324 1209 436 1241 οὐσίας,
461 1208 504 1235 διὰ
527 1207 557 1234 τὸ
574 1207 621 1235 καὶ
641 1207 689 1242 τῆς
705 1207 790 1243 αὐτῆς
806 1205 875 1235 εἶναι

88 1254 235 1289 ἐνεργείας.

425 1313 526 1341 ΑΛΛΟ.

121 1369 150 1395 ΕΞ
166 1369 247 1404 φύσει
261 1369 326 1401 Θεός
342 1370 416 1396 ἐστιν
433 1370 447 1396 δ
460 1369 564 1405 Πατὴρ,
579 1369 637 1396 ἀλλ’
649 1369 680 1396 οὐ
696 1371 808 1405 μετοχῇ,
818 1369 876 1396 ἐστι

89 1413 114 1440 δὲ
129 1414 208 1448 φύσει
221 1415 288 1446 Θεὸς
310 1415 357 1441 καὶ
372 1416 386 1442 ὸ
405 1415 479 1446 Υἱός,
499 1415 583 1451 Εἴπερ
597 1415 651 1442 τῶν
672 1416 741 1442 κατὰ
758 1416 874 1451 μετοχὴν

91 1460 230 1495 ὑπερέχει,
256 1461 306 1496 τῆς
320 1461 405 1497 αὐτῆς
421 1461 475 1497 ἄρα
501 1461 607 1496 φύσεως
623 1461 698 1488 ἔσται
719 1461 758 1498 τῷ
774 1462 872 1498 Πατρὶ,

90 1505 142 1532 ἀλλ’
154 1506 184 1532 οὐ
200 1508 257 1538 τοῖς
272 1506 343 1534 κατὰ
361 1509 490 1544 μετοχὴν.

421 1583 531 1634 ΔΛΛΟε

118 1672 147 1699 Ei
165 1672 284 1707 μετοχῇ,
301 1671 358 1698 ἀλλ’
377 1672 409 1698 οὐ
426 1671 515 1706 φύσει,
531 1672 597 1705 Θεὸς
616 1674 630 1700 ὀ
646 1673 718 1707 Υἱὸς,
733 1673 826 1700 πολλοὶ
844 1674 872 1700 δὲ

89 1719 110 1745 οι
133 1718 203 1745 κατὰ
231 1717 350 1753 μετοχὴν
376 1718 450 1750 θεοὶ,
477 1719 552 1746 οὐδὲν
573 1719 626 1754 ἄρα
647 1719 789 1751 πλεονάζει
819 1719 873 1746 τῶν

89 1762 188 1790 πολλῶν
203 1763 244 1794 εἰς
260 1763 397 1798 ὑπεροχὴν
410 1763 515 1794 οὐσίας.
531 1764 562 1789 Εἰ
578 1764 605 1790 δὲ
619 1764 656 1799 μὴ
670 1764 746 1790 ἔσται
761 1765 871 1799 μετοχῇ.

88 1809 124 1836 ὃτι
138 1809 192 1835 τῶν
205 1807 276 1834 κατὰ
291 1809 410 1843 μετοχὴν
425 1809 505 1841 αὐτὸς
518 1810 574 1835 ἐστι
589 1810 713 1845 ποιητὴς,
728 1811 777 1845 τῆς
789 1809 874 1844 αὐτῆς

87 1857 137 1892 ἄρα
160 1854 270 1889 φύσεω;
295 1853 372 1880 ἔσται
398 1855 436 1890 τῷ
467 1855 564 1890 Ila-.91,
589 1855 646 1882 ἀλλ’
669 1855 699 1881 οὺ
722 1856 776 1886 τοῖς
803 1854 874 1881 κατὰ

87 1902 210 1938 μετοχή-ι-

422 1956 523 1983 ΔᾹΛΟ.

118 2017 148 2043 Et
169 2018 246 2043 πᾶσα
261 2015 341 2043 οὐσία
362 2013 469 2048 λογικὴ,
486 2013 516 2039 οὐ
541 2012 614 2048 μόνῳ
636 2012 676 2047 τῷ
693 2011 791 2046 Θέλειν,
806 2011 874 2038 ἀλλὰ

83 2063 129 2089 καὶ
142 2062 183 2097 τῷ
199 2063 323 2096 ἐνεργεῖν
338 2060 385 2087 καὶ
407 2059 521 2094 πάσχειν
539 2059 711 2094 δημιουργεῖ,
730 2057 797 2093 μόνη
815 2058 843 2084 δὲ
855 2059 872 2093 ἠ

82 2108 231 2144 ἀγέννητος
248 2107 329 2134 οὐσία
341 2106 380 2141 τῷ
394 2105 482 2132 θέλειν
496 2105 542 2132 καὶ
559 2104 596 2140 μὴ
610 2104 735 2139 πάσχειν,
748 2104 832 2131 Θέλων
845 2104 873 2131 δὲ

82 2155 127 2181 καὶ
146 2155 185 2190 μὴ
208 2153 323 2188 πάσχων
340 2152 502 2187 δημιουργεῖ
516 2151 530 2176 ὁ
546 2149 620 2181 Υἱὸς,
639 2150 689 2184 τῆς
710 2150 740 2176 ὲν
763 2150 872 2185 θελήσει

932 234 983 262 que
992 227 1162 263 praestantior
1172 234 1251 262 quam
1262 227 1306 262 qui
1319 227 1479 262 adoptione;
1494 229 1713 257 consubstantia—

931 273 1064 308 lisitaqne
1075 277 1116 301 est
1133 273 1188 300 Deo
1204 274 1248 308 qui
1263 281 1323 300 eum
1340 281 1392 313 n’on
1404 274 1558 308 adoptione,
1576 275 1624 303 sed
1651 283 1715 304 vere

932 326 963 345 ac
975 319 1136 346 naturaliter
1149 319 1252 354 genuit.

1262 376 1377 406 ALIUD.

968 432 996 459 Si
1016 433 1087 467 quod
1099 433 1313 461 substantialiter
1326 433 1446 469 genitum
1463 439 1513 467 est,
1526 436 1658 471 genitoris
1673 444 1717 464 es-

931 478 1044 506 sentiam
1059 479 1187 514 possidet,
1199 479 1301 508 habens
1319 487 1378 508 eam
1391 480 1417 508 in
1430 488 1460 508 se
1470 490 1476 508 :
1486 481 1568 510 Filius
1580 489 1644 510 vero
1654 490 1716 518 pos-

931 524 1001 551 sidet
1015 524 1106 552 omnia
1118 532 1177 560 quae
1189 525 1278 554 Patris
1296 530 1380 560 sunt;
1398 527 1581 556 essentialiter
1595 535 1661 563 ergo
1669 535 1716 564 ge-

931 569 1003 597 nitus
1017 574 1070 597 est.

1262 628 1377 656 ALIUD.

967 681 996 708 Si
1014 687 1093 708 nemo
1108 685 1168 716 post
1182 680 1280 708 Filium
1297 689 1329 708 ex
1346 682 1431 710 nihilo
1456 682 1623 711 substantias
1653 692 1716 719 pro-

923 727 1016 763 .ducit,
1033 727 1158 762 producit
1173 731 1262 754 autem
1277 726 1380 755 Filius:
1397 735 1448 755 non
1467 729 1549 763 igitur
1561 730 1614 757 erit
1641 731 1716 765 ejus-

931 773 991 800 dem
1006 773 1116 808 generis
1134 780 1194 800 cttm
1208 773 1241 800 iis
1259 772 1305 807 qui
1322 777 1382 807 post
1399 775 1484 808 ipsum
1496 780 1570 808 sunt,
1600 777 1646 804 scd
1677 777 1715 804 illi

931 818 977 852 qui
996 826 1027 845 ex
1043 818 1127 845 nihilo
1143 818 1269 853 producit
1284 819 1536 847 consubstantialis.
1549 820 1614 854 Quae
1642 823 1715 849 enim

892 853 915 883 Β
928 864 1048 898 ejusdem
1060 864 1173 892 actionis
1183 864 1402 900 operationisque
1419 869 1490 898 sunt,
1499 866 1618 901 ejusdem
1633 868 1715 895 etiam

928 914 991 937 sunt
1005 910 1172 938 substantitr.

1263 967 1378 996 ALIUD.

964 1022 992 1048 Si
1010 1029 1069 1056 quae
1083 1022 1203 1057 ejusdem
1213 1030 1324 1056 prorsus
1350 1023 1465 1051 actionis
1493 1024 1717 1059 operationisqne

929 1073 1000 1101 sunt,
1017 1068 1138 1103 ejusdem
1148 1073 1175 1096 et
1190 1069 1348 1096 substantia:
1364 1074 1437 1104 sunt,
1455 1074 1482 1097 et
1499 1070 1584 1098 Filius
1595 1070 1715 1104 ejusdem

928 1118 1039 1141 estcum
1054 1113 1133 1140 Patre
1142 1114 1269 1146 actionis,
1287 1116 1376 1142 omnia
1387 1123 1448 1150 qua:
1465 1116 1528 1143 facit
1539 1116 1620 1144 Pater
1636 1118 1715 1145 sitni-

929 1159 990 1186 liter
1004 1163 1031 1186 et
1045 1159 1101 1193 ipSe
1111 1159 1284 1192 faciens,erit
1297 1166 1370 1189 certe
1385 1161 1466 1189 etiam
1483 1163 1605 1198 ejusdem
1621 1170 1715 1191 essen-

930 1205 982 1237 tite,
997 1204 1056 1232 ideo
1067 1205 1136 1240 quod
1149 1205 1268 1240 ejusdem
1283 1207 1319 1234 sit
1334 1208 1508 1242 operationis.

1267 1306 1379 1334 ALIUD.

964 1362 992 1390 Si
1005 1364 1084 1402 Pater
1096 1369 1136 1392 cst
1146 1364 1305 1393 naturaliter
1321 1364 1403 1397 Deus,
1415 1373 1466 1393 non
1486 1371 1576 1394 autem
1603 1368 1715 1402 particio

928 1410 1045 1444 palione,
1061 1415 1102 1437 est
1115 1418 1178 1438 vero
1191 1411 1272 1437 etiam
1284 1410 1369 1437 Filius
1385 1411 1544 1438 naturaliter
1561 1412 1642 1440 Deus.
1676 1413 1714 1440 At

928 1455 950 1482 si
967 1455 1001 1482 iis
1013 1456 1274 1491 qniparticipatione
1290 1457 1324 1483 dii
1339 1457 1403 1483 liunt
1417 1457 1494 1492 longe
1510 1463 1551 1485 est
1568 1459 1711 1494 superior:

927 1501 1047 1536 ejusdem
1062 1509 1125 1536 ergo
1139 1506 1242 1529 natura:
1269 1501 1321 1529 erit
1336 1509 1395 1529 cum
1420 1502 1509 1536 Patre,
1539 1511 1592 1532 non
1622 1511 1711 1534 autem

928 1554 988 1573 cunt
1005 1547 1037 1574 iis
1053 1547 1097 1581 qui
1123 1547 1294 1581 participant.

1267 1603 1381 1632 ALIUD.

964 1669 991 1696 Si
1010 1670 1224 1705 participatione,
1240 1678 1292 1698 non
1325 1675 1414 1698 autem
1437 1675 1544 1703 natura,
1567 1673 1622 1708 83
1640 1672 1713 1701 Deus

927 1720 967 1742 est
998 1715 1093 1749 Filius,
1111 1716 1187 1743 multi
1205 1723 1269 1743 vero
1283 1721 1346 1742 sunt
1361 1716 1568 1750 participatione
1581 1718 1628 1749 dii,
1645 1718 1711 1744 ttiltil

928 1762 1019 1796 itaque
1030 1763 1159 1797 dignitate
1169 1762 1294 1790 essentia
1308 1761 1368 1788 aliis
1377 1763 1521 1789 antecellit.
1539 1763 1566 1789 Si
1577 1770 1639 1790 vero
1657 1770 1710 1790 non

927 1807 1134 1842 participatione
1148 1808 1215 1843 (ipse
1225 1808 1296 1835 enim
1313 1812 1353 1835 cst
1365 1807 1484 1836 omnium
1496 1807 1541 1842 qui
1550 1809 1711 1842 participant

927 1853 1186 1888 creator),ejusdcm
1202 1854 1283 1888 igitur
1295 1855 1347 1882 erit
1359 1859 1463 1882 natum
1480 1863 1539 1882 cum
1555 1855 1645 1887 Patre,
1659 1863 1711 1882 non

927 1906 987 1926 cttm
1003 1899 1037 1926 iis
1054 1901 1099 1934 qui
1111 1899 1282 1934 participant.

1261 1956 1376 1983 ALIUD.

965 2012 992 2039 Si
1009 2012 1096 2040 omnis
1109 2012 1225 2039 essentia
1242 2012 1390 2044 rationalis,
1407 2020 1459 2040 non
1483 2013 1621 2041 voluntate
1637 2014 1709 2048 sola,

928 2059 974 2086 sed
990 2058 1094 2092 agendo
1104 2061 1132 2084 et
1146 2057 1271 2092 patiendo
1283 2062 1411 2092 operatur
1429 2066 1435 2084 :
1449 2058 1506 2085 sola
1522 2063 1611 2086 autern
1634 2060 1710 2095 inge-

927 2105 983 2132 nita
1001 2104 1118 2132 essentia
1136 2103 1250 2131 volendo
1267 2108 1294 2131 et
1305 2111 1357 2131 non
1370 2104 1494 2139 patiendo
1513 2112 1520 2131 :
1537 2106 1631 2133 volens
1644 2113 1707 2133 vero

927 2157 955 2179 et
970 2159 1022 2178 non
1039 2151 1143 2186 patiens
1163 2154 1291 2185 operatur
1311 2150 1412 2184 Filius;
1429 2151 1488 2186 ejus
1503 2159 1566 2187 ergo
1587 2153 1711 2180 essentia:

81 2201 151 2236 μόνῃ
167 2198 393 2234 δημιουργούσης
417 2197 521 2233 οὐσίας.
535 2195 620 2228 ἐστὶν,
647 2195 703 2222 ἀλλ’
718 2196 748 2221 οὐ
761 2195 810 2230 τῆς
830 2196 874 2221 ὲνη

936 2203 1037 2232 :stquae
1053 2197 1190 2224 voluntate
1209 2196 1267 2224 sola
1291 2201 1429 2230 operatur,
1459 2205 1510 2224 non
1537 2205 1584 2232 per
1606 2198 1710 2233 passio‘

80 2246 217 2281 εργοὺσης
231 2243 302 2270 κατὰ
316 2243 415 2274 πάθος.

423 2299 524 2325 ΔΛΛΟ.

116 2359 147 2386 Εἰ
167 2360 222 2386 πᾶν
246 2359 277 2384 τὺ
297 2357 435 2392 γεννῆσαν
453 2356 485 2383 οὗ
506 2355 592 2386 νόθον,
618 2354 761 2389 ὀμοοὺσιον
785 2353 874 2389 ἑαυτῷ

81 2405 242 2440 γεγέννηκε,
259 2404 410 2439 γεγέννηκε
433 2402 461 2428 δὲ
483 2402 497 2427 ὁ
511 2401 576 2432 Θεὸς
591 2400 636 2427 τὸν
651 2401 790 2435 Μονογενῆ
800 2420 807 2430 ,
825 2400 874 2427 οὐκ

83 2450 148 2476 ὂντα
160 2450 250 2482 νόθον,
273 2449 416 2484 ὀμοοὺσιον
432 2447 485 2481 ἄρα
505 2445 593 2481 ἐαυτῷ
605 2445 779 2480 γεγέννηκεν.
797 2445 827 2470 El
846 2444 874 2470 δὲ

83 2496 165 2528 γεννᾷ
193 2494 255 2530 μὲν,
273 2494 349 2520 νόθον
367 2494 395 2520 δὲ
409 2492 543 2527 γεννήσας
559 2492 589 2518 οὐ
606 2491 763 2526 γεγέννηκε.
778 2491 874 2526 Χεῖρον

84 2541 138 2576 γὰρ
152 2541 182 2567 τὸ
198 2541 274 2576 παρὰ
291 2539 373 2574 φύσιν
385 2537 435 2565 τοῦ
452 2537 573 2573 ιιηδόλως
587 2537 777 2571 γεγεννῆσθαι.

423 2642 524 2668 AAAO.

120 2699 151 2728 Et
173 2701 218 2728 τὸν
242 2700 388 2735 Μονογενῆ
425 2699 558 2734 γεννήσας
583 2699 596 2724 ὁ
624 2697 690 2729 Θεὸς
713 2697 761 2724 καὶ
783 2698 876 2733 Πατὴρ

89 2750 242 2783 κρειττόνως
262 2747 345 2783 ἡμῶν
375 2745 526 2780 γεγέννηκε
539 2765 545 2777 ν
570 2744 718 2778 γεννῶντες
744 2743 772 2770 δὲ
795 2744 877 2778 ἡμεῖς

91 2793 295 2829 προῦπᾶρχομεν
311 2792 370 2818 τῶν
385 2791 605 2825 γεγεννημένων,
619 2791 685 2823 Θεὸς
707 2792 760 2826 ἄρα.
775 2791 877 2825 γεννῶν

90 2839 116 2864 οὐ
143 2840 325 2876 προῦπὰρχει.
356 2838 390 2864 Εἰ
415 2837 444 2863 δὲ
471 2837 602 2868 ὡσαύτως
623 2838 688 2872 ἡμῖν
713 2837 876 2872 γεγέννηκεν

235 2889 380 2918 PATROL.
406 2886 464 2915 Gn.
490 2885 599 2916 LXXV.

926 2251 998 2271 nem.

1256 2299 1371 2326 ALIUD.

962 2356 989 2384 Si
1005 2356 1134 2392 quidquid
1148 2357 1241 2391 genuit
1255 2364 1308 2383 non
1327 2356 1460 2390 spurium,
1480 2357 1711 2385 consubstanttale

926 2402 978 2430 sibi
991 2402 1040 2438 ipsi
1056 2402 1157 2436 genuit,
1171 2402 1241 2429 Deus
1252 2406 1342 2428 autem
1356 2402 1447 2436 genuit
1461 2402 1644 2437 linigenitum,
1655 2409 1710 2429 non

927 2449 1066 2483 spnrium;
1082 2446 1411 2483 ergoiconsubstantialem
1426 2448 1476 2474 sibi
1488 2448 1591 2483 genuit.
1607 2447 1636 2475 Si
1650 2447 1711 2483 qui-

927 2495 988 2522 dem
1003 2494 1099 2529 gignit,
1114 2493 1160 2521 sed
1175 2493 1296 2528 Spurium
1312 2493 1488 2527 gignensnon
1502 2494 1603 2527 genuit.
1633 2493 1711 2527 Pejus

928 2542 999 2569 enim
1015 2545 1054 2568 est
1073 2544 1170 2575 praeter
1185 2543 1308 2566 naturam
1323 2544 1393 2570 esse,
1411 2545 1491 2572 quam
1515 2538 1541 2565 in
1555 2539 1711 2566 universum

929 2587 1049 2620 genitum
1065 2593 1116 2612 non
1130 2591 1199 2612 esse.

1262 2639 1375 2668 ALIUD.

964 2699 992 2726 Si
1008 2706 1068 2726 cum
1087 2697 1158 2725 Dens
1182 2704 1213 2724 ac
1228 2696 1306 2724 Pater
1324 2695 1496 2730 Unigenitum
1520 2694 1611 2730 genuit
1635 2694 1714 2728 longe

928 2744 1114 2779 priestantiore
1130 2743 1208 2770 mndo
1230 2749 1311 2777 quam
1325 2749 1374 2769 nos
1385 2740 1493 2776 genuit;
1509 2747 1558 2767 nos
1573 2746 1637 2766 vero
1651 2746 1712 2765 cunt

929 2794 1090 2824 generatnus
1116 2787 1220 2820 priores
1246 2793 1325 2820 quam
1347 2786 1391 2820 qui
1415 2793 1448 2813 ex
1468 2785 1545 2813 nobis
1569 2784 1713 2819 gignuntur

931 2834 1101 2866 exsistimus;
1117 2832 1188 2860 Deus
1199 2838 1263 2868 ergo
1274 2831 1368 2860 Filium
1379 2832 1490 2867 gignens
1504 2831 1575 2865 prior
1587 2831 1645 2864 ipso
1659 2837 1711 2856 non

1523 2879 1539 2909 5
