1920 3031
203 117 253 144 139

698 114 726 142 S.
747 111 883 140 CYRILLI
904 108 1137 138 ΑιΕλΑΝυιιιΝι
1158 112 1318 140 ARCIllEP.

1789 118 1849 145 HO

204 174 320 202 exstitit.
333 172 361 201 Si
378 177 469 202 autem
483 173 554 202 Deus
572 173 629 208 pari
645 172 750 200 ratione
765 178 816 206 qua
831 177 890 201 nos,
910 167 991 204 gignit

1049 170 1114 206 (οὐκ
1131 171 1163 198 ἃν
1180 171 1235 207 γὰρ
1251 173 1321 199 stator.
1338 182 1378 206 τις
1395 175 1532 210 ἡττόνως)
1544 196 1550 208 ,
1568 177 1706 213 γεννῶμεν
1719 178 1741 205 δ’
1756 180 1848 214 ἡμεῖς

204 220 294 255 (nemo
314 220 386 248 enim
406 220 505 248 dixerit
521 219 658 247 deteriore
672 217 750 246 modo
768 216 841 244 illum
859 214 991 249 gignere),

202 274 252 295 nos
273 274 382 295 veroex
395 272 487 295 nostra
516 267 635 302 ipsorum
661 264 812 293 substantia
838 261 991 296 gignimus:

201 315 273 342 Deus
288 315 380 349 itaque
413 314 495 342 etiam
521 322 554 341 cx
577 321 625 341 sua
648 311 732 346 ipsius
751 310 869 338 essentia
889 308 992 344 genuit.

201 360 335 393 Quocirca
349 358 582 388 eonsubstantiale
598 358 622 385 ei
638 355 783 384 omninoid
799 355 870 390 quod
888 362 920 382 ex
935 355 993 389 ipso

201 406 322 440 genitum
333 410 383 440 est,
397 404 552 434 necessario
569 401 742 430 statuendum
759 406 810 428 est.

535 459 651 487 ALIUD.

238 519 266 546 Si
278 519 397 547 omnium
408 521 595 545 creaturarum
616 514 735 542 mundus
750 513 913 542 universalis
937 511 993 540 vel-

203 566 241 593 uti
263 572 348 600 genus
366 569 424 597 est,
444 561 620 597 partiCularia
635 568 700 588 vero
716 565 780 588 sunt
799 559 908 595 generis
929 566 992 594 spe-

202 612 268 643 cies,
285 610 374 639 factus
403 613 493 636 autem
522 612 562 636 est
583 607 683 640 Filius;
711 606 816 642 species
843 605 926 641 igitur
952 609 994 632 cst

202 657 321 692 generis,
335 656 390 683 hoc
409 659 452 682 est
469 654 574 682 mundi.
591 653 619 681 Si
630 661 695 681 vero
711 652 815 687 species
827 651 920 678 mundi
939 658 992 678 non

200 703 325 738 cst,quia
355 703 483 730 nimirum
508 705 570 728 ante
603 700 731 727 mundum
761 697 876 729 exstitit,
907 703 994 732 neque

200 749 258 777 tieri
274 752 364 785 potest
375 753 404 775 ut
414 747 520 782 species
540 746 617 782 prius
629 745 745 773 exsistat
757 751 839 779 quam
856 750 992 778 genus,“

200 796 300 824 mundo
312 802 423 831 prorsus
436 801 488 822 non
501 793 632 826 εει.ουοᾱ
647 791 670 820 si
683 792 719 818 ita
736 796 788 823 est,
809 798 863 818 non
875 789 991 822 mundo,

199 843 247 871 sed
257 841 373 870 creatori
389 839 482 868 mundi
500 837 743 867 consubstantialis
759 837 822 864 erit.

538 893 656 922 ALIUD.

236 954 265 982 Si
280 959 375 981 eorum
395 958 455 987 quae
469 955 544 984 sunt,
561 948 632 976 aliud
655 952 697 976 est
723 948 806 981 Deus,
819 946 890 974 aliud
914 953 994 972 mun-

198 999 260 1032 dus,
276 998 432 1026 necessario
451 996 536 1024 Filius
558 1000 605 1022 aut
625 994 727 1022 mundo
740 993 889 1021 secundum
904 996 994 1019 ortqu

199 1053 277 1073 suum
304 1044 429 1080 proprius
465 1043 527 1076 erit,
554 1046 600 1068 aut
625 1041 679 1068 Deo
716 1041 865 1068 secundant
891 1046 987 1066 essen-

199 1092 275 1119 tiam.
292 1091 357 1118 Cum
370 1096 435 1117 vero
447 1088 547 1115 mundo
561 1087 689 1122 proprius
711 1093 765 1113 non
793 1085 838 1117 sit,
854 1084 918 1120 quia
934 1083 992 1111 ﬁeri

199 1145 252 1164 nun
284 1139 373 1172 potest
402 1139 431 1162 ut
459 1133 597 1168 proprium
622 1140 636 1158 a
653 1132 762 1166 proprio
795 1135 912 1158 creetur.
943 1129 995 1157 erit

199 1182 281 1216 igitur
309 1180 424 1208 creatori
449 1179 542 1206 mundi
564 1177 619 1205 Deo
631 1176 884 1205 consubstantialis.

387 1242 677 1289 ASSEBTIO
710 1244 802 1286 XI.

200 1320 277 1354 Quod
294 1318 529 1354 consubstantialis
558 1319 591 1346 sit
618 1317 704 1344 Filius
735 1315 824 1348 Patri,
849 1325 881 1343 ea:
901 1316 989 1344 dicto.

407 1363 416 1379 ‹
436 1353 520 1380 Pater
537 1354 624 1388 major
636 1361 675 1379 me
690 1357 738 1379 est.
755 1361 765 1377 ι

415 1410 473 1447 84
490 1410 608 1445 Objectio
628 1409 763 1437 Eunomii.

230 1468 300 1502 Qua
315 1467 421 1500 eadem,
436 1466 534 1500 inquit,
549 1465 702 1493 substantia
716 1470 841 1494 constant
871 1470 897 1492 et
921 1465 993 1500 ejus-

1044 217 1076 243 ἐκ
1093 217 1143 251 τῆς
1158 218 1263 245 ἑαυτῶν
1280 219 1384 252 οὐσίας,
1398 221 1446 247 καὶ
1459 221 1524 254 Θεὸς
1542 223 1596 259 ἄρα
1610 223 1642 250 ὲκ
1663 224 1714 260 τῆς
1737 224 1846 252 ἑαυτοῦ

1044 263 1209 300 γεγέννηκεν
1234 265 1338 297 οὐσίας.
1365 267 1463 303 Διόπερ
1490 269 1631 304 δμοούσιον
1655 270 1730 306 αὐτῷ
1753 270 1785 297 τδ
1811 270 1846 303 ἐξ

1044 308 1126 335 αὑτοῦ
1144 309 1253 342 πάντως
1266 318 1317 337 που
1331 312 1378 338 καὶ
1392 311 1549 347 ἀναγκαίως
1561 314 1684 342 τίθεσθαι
1698 316 1765 352 χρή.

1381 455 1484 483 Alt/t0.

1080 512 1112 539 Ει
1126 511 1180 538 Ιτῶν
1196 512 1319 548 γενητῶν
1329 513 1343 539 ό
1361 512 1476 540 καθόλου
1488 514 1591 549 κόσμος
1605 514 1700 552 ὥσπερ
1716 524 1743 543 τι
1759 516 1846 551 γένος

1045 557 1115 591 ἐστὶ,
1129 558 1176 585 τοῦ
1190 558 1219 585 δὲ
1237 558 1332 592 γένους
1347 559 1377 585 τὸ
1393 559 1464 586 κατὰ
1478 560 1561 596 μέρος
1577 558 1658 594 εῐδος,
1675 561 1776 589 ἔστιδὲ
1792 570 1846 596 γε-

1043 604 1124 640 νητὸς
1138 606 1151 631 ὁ
1170 605 1249 638 Υἱὸς,
1270 603 1339 638 εἶδος
1359 605 1414 641 ἄρα
1435 607 1495 633 ἐστὶ
1519 607 1567 634 τοῦ
1582 608 1692 641 γένους,
1712 609 1845 636 τουτέστι

1044 651 1092 677 τοῦ
1106 651 1220 686 κόσμου.
1237 651 1270 679 Et
1284 651 1312 679 δὲ
1327 651 1365 687 μὴ
1380 652 1454 680 ἐστιν
1468 650 1538 685 εἶδος
1554 654 1600 680 τοῦ
1613 654 1728 689 κόσμου,
1743 654 1790 682 διὰ
1809 654 1845 681 τὸ

1042 698 1092 724 καὶ
1115 698 1303 734 προϋπάρχειν
1327 699 1429 731 αὑτοῦ,
1453 699 1492 735 τῷ
1524 700 1561 736 μὴ
1586 700 1740 736 ἐνδέχεσθαι
1772 709 1846 736 repa-

1045 743 1180 779 ῦπάρχειν
1188 744 1218 771 τὺ
1230 742 1300 776 εἶδος
1309 744 1356 771 τοῦ
1369 745 1476 779 γένους,
1484 745 1544 772 οὐδὲ
1555 746 1587 772 ὲκ
1596 746 1643 773 τοῦ
1656 747 1760 782 κόσμου
1770 747 1846 776 ὅλως

1043 788 1130 816 ἐστίν.
1155 789 1186 815 Et
1210 789 1239 816 δὲ
1262 789 1354 822 τοῦτο,
1377 790 1424 817 τοῦ
1450 791 1626 826 κοσμοποιοῦ,
1650 791 1709 818 ἀλλ’
1731 792 1764 818 οὺ
1790 791 1844 817 τοῦ

1007 853 1030 880 Β
1044 835 1159 871 κόσμου,
1177 835 1207 868 ἐξ
1220 836 1345 872 ἀνάγκης
1357 836 1432 864 ἔσται
1445 837 1599 872 δμοούσιος.

1388 894 1491 921 ΑΛΛΟ.

1081 950 1112 977 Εἰ
1126 949 1181 977 τῶν
1195 950 1279 978 ὅντων
1292 951 1323 978 τὸ
1340 951 1388 986 μὲν
1408 951 1467 977 ἐστὶ
1480 951 1556 984 Θεὸς,
1581 951 1610 978 τὸ
1626 951 1655 978 δὲ
1677 951 1792 986 κόσμος,
1811 951 1844 984 ἐξ

1045 996 1169 1032 ἀνάγκης
1183 998 1197 1023 6
1212 997 1275 1029 Υἱὸς
1290 997 1306 1033 ἢ
1328 998 1431 1032 κόσμου
1448 997 1513 1029 reus;
1536 998 1593 1024 ἔστι
1613 998 1683 1024 κατὰ
1696 998 1747 1033 τὴν
1762 998 1844 1032 γένε-

1046 1052 1097 1074 σιν,
1115 1043 1130 1079 ἢ
1148 1043 1215 1070 θεοῦ
1231 1043 1303 1070 κατὰ
1317 1043 1366 1078 τὴν
1386 1043 1490 1070 οὐσίαν.
1511 1043 1620 1079 Ἐπειδὴ
1636 1043 1665 1070 δὲ
1680 1044 1718 1080 μὴ
1732 1044 1842 1078 κόσμου

1047 1089 1113 1121 ἴδιος
1134 1089 1172 1125 τῷ
1190 1089 1228 1126 μὴ
1251 1089 1407 1124 ἐνδέχεσθαι
1428 1090 1458 1116 τὸ
1473 1090 1538 1117 ἴδιον
1558 1091 1609 1117 ὑπὸ
1626 1090 1689 1117 ἰδίου
1702 1091 1840 1126 δημιουρ-

1045 1136 1154 1171 γεῖσθαί
1172 1145 1237 1163 ποτε
1249 1156 1256 1168 ,
1275 1135 1321 1163 τοῦ
1345 1136 1511 1172 κοσμοποισῦ
1530 1137 1584 1172 ἄρα
1603 1135 1670 1163 Θεοῦ
1693 1136 1841 1172 ὁμοούσιός

1045 1183 1129 1209 ἐστιν.

1293 1246 1476 1289 ΛΟΓΟΣ
1514 1246 1589 1291 ΙΛ’.

1045 1325 1109 1351 Ὅτι
1134 1325 1295 1359 όμοούσιος
1317 1327 1333 1352 ό
1366 1325 1432 1358 Υἱός
1449 1324 1489 1358 τῷ
1509 1325 1615 1359 Harp),
1639 1324 1840 1359 προκειμένου

1128 1360 1239 1396 ῥητοῦ·
1253 1371 1261 1387 ι
1281 1361 1307 1387 Ὁ
1323 1360 1424 1395 Πατὴρ
1435 1360 1542 1396 μείζων
1550 1361 1608 1395 μού
1621 1360 1717 1387 ἐστιν.
1734 1369 1744 1385 ι

1179 1417 1340 1450 Ἆντίθεσις
1352 1417 1391 1450 ὡς
1404 1417 1438 1444 ἐκ
1452 1416 1511 1444 τῶν
1525 1417 1685 1451 Εὐνομίου.

1080 1474 1121 1500 Τὰ
1135 1473 1185 1509 τὴν
1207 1474 1292 1509 αὐτὴν
1309 1474 1403 1501 οὐσίαν
1425 1473 1551 1508 λαχόντα,
1572 1473 1665 1508 φησιν,
1680 1473 1789 1508 ὁμοφυῆ
1808 1482 1840 1500 τε

199 1515 259 1541 deut
273 1518 377 1540 natura:
396 1515 470 1544 sunt,
489 1519 542 1538 non
558 1510 693 1545 recipiunt
713 1511 740 1538 in
770 1519 800 1538 se
833 1511 991 1538 naturaliter

1049 1520 1108 1547 5ντα
1130 1521 1180 1546 οὐκ
1204 1519 1295 1554 ἔχουσι
1319 1519 1379 1546 καθ’
1405 1520 1508 1546 ἑαυτῶν
1529 1519 1652 1554 φυσικῶς
1676 1520 1707 1546 τὸ
1731 1519 1838 1555 μεῖζον,

199 1560 298 1595 magis,
316 1565 407 1593 neque
428 1557 527 1584 minus.
560 1555 654 1591 Neque
678 1557 750 1584 enim
781 1557 872 1590 homo,
889 1557 994 1584 ratione

200 1606 372 1638 substantiae,
406 1605 491 1639 magis
519 1604 601 1631 homo
629 1609 672 1631 est
698 1611 779 1639 quam
797 1604 875 1638 alius,
900 1609 994 1632 utnec

199 1660 285 1689 equus
293 1659 373 1687 equo.
391 1650 419 1678 Si
437 1657 501 1686 ergo
517 1650 603 1677 Filius
614 1650 679 1677 dicit
689 1648 798 1677 Patrem
817 1658 847 1677 se
862 1650 993 1685 majorem

199 1706 270 1731 esse,
289 1696 521 1726 consubstantiale
533 1701 624 1723 autem
656 1696 881 1723 cunsubstantiali
906 1696 993 1731 majus

199 1754 260 1774 esse
272 1753 324 1773 non
339 1749 428 1780 potest
448 1744 555 1772 ratione
576 1743 752 1776 substantizn;
771 1750 823 1771 non
841 1747 882 1771 est
909 1743 994 1778 igitur

199 1795 223 1820 ei
235 1790 489 1820 consubstantialis.

458 1847 560 1874 Salutio
576 1846 742 1882 objectionis.

234 1906 383 1941 Oportebat
401 1912 467 1933 sane
485 1905 552 1932 istos
561 1903 662 1932 Christi
691 1903 782 1931 hostes
811 1903 991 1938 undequaque

199 1952 339 1979 veritatem
357 1949 444 1977 sacris
473 1948 597 1982 Litteris,
615 1948 742 1975 traditam
769 1947 943 1983 investigare,
959 1955 988 1974 ea

198 2004 259 2032 quae
277 1997 311 2024 de
326 1996 407 2023 Patre
419 1999 446 2022 et
461 1994 531 2022 Filio
544 1995 673 2022 dicuntur
702 1994 905 2029 expendentes;
937 2002 989 2021 non

199 2048 289 2070 autem
305 2049 352 2077 pro
363 2048 412 2069 sua
428 2040 540 2068 libidine
553 2040 725 2076 syllogismos
739 2039 877 2074 efﬁngere,
905 2044 989 2073 atque

199 2092 423 2124 argumentorum
439 2094 525 2114 nexus
536 2086 704 2121 excogitare.
722 2085 750 2112 Si
767 2086 838 2112 enim
850 2084 990 2112 oilendun-

199 2139 246 2161 tur
260 2133 367 2160 dicente
394 2132 484 2160 Filio:
502 2141 511 2158 ι
527 2131 608 2158 Pater
628 2131 714 2166 major
740 2137 782 2157 me
794 2133 836 2156 est
851 2131 893 2155 ηε
910 2138 920 2154 ›
948 2128 988 2162 ju-

1045 1566 1102 1593 ἀλλ’
1119 1565 1182 1592 οὔτε
1198 1566 1229 1592 τὸ
1245 1566 1363 1593 ἔλαττον.
1381 1566 1418 1592 Οὐ
1434 1566 1488 1601 γὰρ
1509 1566 1611 1601 μείζων
1625 1565 1770 1601 ἄνθρωπος
1790 1567 1840 1592 ἀν-

1045 1612 1155 1648 θρώπου
1170 1613 1242 1640 κατὰ
1260 1613 1305 1639 τὸν
1322 1613 1372 1650 τῆς
1384 1613 1478 1644 οὐσίας
1494 1612 1582 1647 λόγον,
1605 1612 1664 1639 ἀλλ’
1678 1613 1738 1639 οὐδὲ
1753 1613 1839 1644 ῖππος

1046 1659 1129 1685 ἵππου
1152 1658 1245 1693 τυχόν.
1270 1658 1303 1684 Εἰ
1325 1657 1416 1684 τοίνυν
1445 1657 1544 1684 ἑαυτοῦ
1573 1657 1686 1692 μείζονά
1711 1666 1796 1692 φησιν
1824 1658 1839 1684 ὁ

1017 1709 1026 1717 ‘
1044 1705 1108 1736 Υἱὸς
1127 1702 1196 1730 εἶναι
1212 1703 1258 1730 τὸν
1274 1704 1394 1739 Πατέρα,
1409 1702 1553 1737 ὀμοούσιον
1575 1702 1604 1729 δὲ
1628 1703 1771 1738 ὁμοουσίου
1785 1703 1839 1729 οὐκ

1044 1751 1077 1778 ἂν
1095 1751 1137 1786 εἴη
1153 1750 1244 1786 μεῖζον
1261 1750 1333 1777 κατὰ
1360 1749 1406 1776 τὸν
1426 1750 1476 1785 τῆς
1489 1750 1584 1781 οὐσίας
1606 1749 1694 1784 λόγον,
1711 1749 1761 1776 οὐκ
1780 1749 1839 1784 ἄρα

1042 1796 1186 1832 ὁμοούσιος
1200 1797 1274 1831 αὐτῷ
1294 1797 1377 1823 ἐστιν.

1291 1855 1368 1888 Πρὸς
1384 1854 1474 1881 τοῦτο
1486 1854 1586 1887 λύσις.

1079 1912 1151 1938 Ἔδει
1169 1912 1232 1942 τοὺς
1254 1910 1455 1946 χριστομάχους
1471 1910 1638 1946 πανταχόθεν
1660 1911 1708 1946 τὴν
1729 1911 1758 1937 ὲν
1772 1912 1837 1942 ταῖς

1041 1957 1127 1989 θείαις
1151 1957 1273 1993 Γραφαῖς
1298 1956 1427 1990 ἀλήθειαν
1444 1956 1578 1992 θηρᾶσθαι
1603 1955 1779 1989 σπουδάζειν,
1799 1957 1835 1983 τὰ

1041 2003 1106 2039 περὶ
1119 2002 1225 2038 Πατρὸς
1236 2002 1283 2029 καὶ
1300 2002 1364 2028 Υἱοῦ
1377 2002 1566 2037 γυμνάζοντας
1576 2011 1583 2018 ·
1598 2003 1630 2029 οὺ
1644 2003 1712 2037 πρὸς
1725 2002 1776 2034 τὰς
1794 2004 1835 2029 ol-

1040 2048 1117 2080 κείας
1135 2048 1232 2084 ἡδονὰς
1248 2048 1354 2080 ἑαυτοῖς
1373 2048 1554 2075 ἀναπλάττειν
1567 2047 1776 2082 συλλογισμοὺς,
1784 2048 1834 2076 καὶ

1041 2094 1145 2126 πλοκὰς
1168 2096 1287 2121 ἐπινοεῖν
1309 2095 1453 2130 νοημάτων
1469 2095 1702 2131 διεστραμμένων.
1723 2096 1754 2123 El
1777 2097 1834 2131 γὰρ

1041 2139 1262 2171 σκανδαλίζονται
1277 2140 1402 2175 λέγοντος
1416 2140 1462 2167 τοῦ
1482 2140 1547 2167 Υὲοὖ
1558 2149 1565 2156 ·
1589 2150 1598 2167 ‹
1620 2141 1650 2168 'U
1665 2141 1762 2177 Πατήρ
1779 2151 1832 2177 μου

199 2184 295 2207 ventur
306 2179 447 2206 audientes
466 2177 499 2205 de
516 2178 573 2212 ipso
588 2177 708 2204 dictum:
728 2185 736 2202 ι
754 2175 804 2208 Qui
830 2182 891 2202 cum
916 2179 988 2202 esset

1049 2184 1143 2218 ιείζων
1164 2186 1214 2221 μού
1235 2187 1320 2218 ἐστιν,
1340 2195 1350 2212 ι
1370 2186 1578 2221 ὼφελείσθωσαν
1600 2187 1746 2219 ἀκούοντες
1766 2189 1833 2223 περί

199 2228 227 2254 in
245 2225 330 2253 forma
346 2224 409 2258 Dei,
427 2232 479 2252 non
501 2223 622 2258 rapinam
645 2222 794 2249 arbitratus
814 2225 855 2247 est
879 2228 909 2248 se
928 2227 989 2248 esse

199 2272 330 2308 aequalem
344 2271 399 2299 Deo
415 2271 445 2298 ”.
463 2279 473 2297 ι
489 2270 565 2304 Quod
579 2273 607 2296 et
628 2268 745 2296 Joannes
766 2267 936 2302 apertissime
949 2267 989 2294 di-

199 2320 235 2346 cit
253 2327 260 2345 :
279 2327 288 2344 ε
306 2318 373 2351 Quia
385 2317 494 2344 Patrem
508 2323 585 2344 suum
609 2314 715 2342 dicebat
737 2314 833 2345 Deum,
858 2313 987 2348 aequalem

199 2365 319 2398 seipsum
340 2363 442 2391 faciens
455 2361 510 2390 Deo
526 2362 560 2388 ”.
579 2370 588 2386 ι
604 2359 632 2387 Si
651 2368 725 2394 ergo,
742 2359 818 2393 juxta
833 2365 987 2387 sanctorum

200 2417 303 2442 vocem,
321 2409 434 2444 aequalis
445 2408 518 2435 Patri
536 2410 588 2438 est,
605 2412 721 2440 quonam
734 2409 813 2439 pacto
832 2405 884 2432 erit
900 2405 988 2433 diver-

199 2463 235 2483 sa:
249 2455 282 2483 ab
296 2462 328 2482 eo
341 2452 520 2482 substantiae?
541 2451 668 2479 Dicemus
679 2450 751 2477 enim
774 2450 814 2478 eis
832 2451 912 2478 etiam
939 2458 986 2478 nos

196 2501 270 2537 quod
283 2504 459 2536 quatiatur“:
486 2497 640 2533 aequalitate
661 2496 731 2524 inter
757 2504 786 2524 se
812 2497 986 2530 conveniunt,

197 2545 442 2574 consubstantialia
459 2551 521 2572 esse
551 2550 664 2571 necesse
691 2544 736 2576 sit,
760 2542 985 2578 quemadmodum

199 2593 279 2621 homo
292 2591 406 2626 homini,
419 2595 446 2618 et
456 2589 544 2625 equu‘s
558 2597 638 2625 equo.

533 2647 648 2675 ALIUD.

236 2703 264 2729 In
296 2702 462 2738 incorporeis
491 2703 577 2738 majus
601 2708 629 2732 et
652 2705 741 2732 minus
765 2712 818 2732 non
834 2705 983 2739 quantitate

199 2748 378 2782 aestimantur,
394 2757 536 2786 corporum
552 2752 623 2779 enim
649 2751 675 2779 id
691 2751 832 2786 proprium
849 2756 902 2784 est,
935 2752 982 2779 sed

235 2826 255 2841 ¹¹
267 2825 345 2855 Joan.
364 2835 418 2864 xw,
439 2830 484 2860 ‘28.
524 2833 546 2848 “
561 2830 678 2865 Philipp.
695 2839 725 2865 ιι,
738 2831 764 2859 0.
788 2832 824 2874 ν¹⁷
840 2831 917 2860 Joau.
933 2839 960 2862 ν,
978 2831 1021 2859 is.

1040 2231 1124 2258 αὐτοῦ
1135 2240 1142 2246 ·
1158 2241 1166 2257 t
1176 2233 1222 2263 Ὃς
1239 2232 1267 2259 ἐν
1284 2233 1374 2267 μορφῇ
1388 2232 1455 2259 Θεοῦ
1469 2233 1608 2268 ὑπάρχων,
1623 2233 1671 2269 οὐχ
1681 2234 1833 2270 ἁρπαγμὸν

1040 2276 1162 2311 ἡγήσατο
1185 2275 1215 2303 τδ
1233 2274 1302 2302 εἶναι
1327 2277 1373 2303 ἶσα
1395 2276 1463 2312 Θεῷ.
1483 2286 1491 2303 ι
1511 2278 1543 2303 Ὃ
1558 2277 1589 2313 δὴ
1605 2279 1757 2314 τρανότατα
1784 2279 1833 2306 καὶ

1047 2323 1172 2358 Ἰωάννης
1186 2323 1268 2358 φησίν
1279 2331 1286 2338 ο
1306 2323 1382 2349 «Ὅτι
1396 2323 1506 2357 Πατέρα
1523 2323 1588 2350 ἴδιον
1602 2323 1676 2359 ἔλεγε
1693 2325 1738 2351 τὸν
1750 2325 1829 2358 Θεὸν,

1041 2369 1097 2396 ἴσον
1121 2369 1217 2397 ἑαυτὸν
1242 2369 1326 2396 ποιῶν
1348 2369 1386 2404 τῷ
1399 2369 1468 2404 Θεῷ,
1490 2380 1498 2395 ι
1521 2370 1551 2396 Et
1567 2370 1672 2404 τοίνυν,
1691 2370 1764 2398 κατὰ
1780 2371 1831 2407 τὴν

1040 2415 1094 2442 τῶν
1110 2415 1196 2450 ἁγίων
1212 2417 1318 2451 φωνὴν,
1334 2416 1363 2442 ὲν
1383 2415 1485 2451 ἰσότητι
1500 2415 1547 2442 τοῦ
1566 2417 1671 2452 Πατρός
1685 2417 1754 2448 ἐστι,
1771 2417 1831 2449 πῶς

1040 2461 1114 2488 ἔσται
1136 2462 1205 2496 πρὸς
1220 2461 1300 2488 αὐτὸν
1314 2462 1498 2496 ἑτεροούσιος;
1521 2463 1653 2498 Ἐροῦμεν
1668 2462 1722 2498 γὰρ
1737 2463 1830 2494 αὐτοῖς

1040 2508 1086 2534 καὶ
1102 2509 1183 2543 ἡμεῖς
1199 2508 1239 2534 ὅτι
1256 2508 1290 2535 τὰ
1308 2508 1412 2543 ἰσότητι
1427 2510 1496 2544 πρὸς
1509 2508 1611 2544 ἄλληλα
1633 2509 1756 2543 φυσικῶς
1772 2509 1830 2535 κεί-

1041 2562 1110 2588 μενα
1127 2553 1203 2580 ἔσται
1217 2554 1324 2586 πάντως
1346 2555 1394 2581 καὶ
1410 2554 1541 2589 ὁμοοὺσια
1551 2563 1557 2569 ·
1575 2554 1669 2590 ὥσπερ
1684 2553 1828 2589 ἄνθρωπος

1039 2598 1184 2634 ἀνθρώπῳ,
1198 2599 1246 2626 καὶ
1260 2599 1342 2631 ἵππος
1356 2600 1442 2636 ἵππῳ.

1373 2655 1475 2682 ΛΛΛΟ.

1079 2710 1141 2737 Ἐπὶ
1156 2711 1210 2737 τῶν
1224 2712 1376 2747 ἀσωμάτων
1403 2712 1432 2738 τὸ
1452 2711 1544 2747 μεῖζον
1561 2711 1606 2739 καὶ
1627 2712 1656 2739 τὸ
1669 2711 1779 2738 ἔλαττον
1794 2711 1824 2738 οὑ

1039 2754 1149 2790 μεγέθει
1174 2755 1307 2791 κρίνεται,
1333 2756 1467 2792 σωμάτων
1487 2757 1539 2792 γὰρ
1559 2756 1623 2784 ἴδιον
1646 2756 1742 2790 τοῦτο,
1759 2755 1824 2782 ἀλλὰ
