1904 3026
215 182 267 210 145

555 232 670 260 ALIUD.

248 295 313 328 Quae
328 292 449 327 ejusdem
467 283 628 319 substantiae
643 293 706 316 sunt
722 292 749 315 et
777 291 893 319 naturae,
916 285 1005 320 magis

212 341 296 368 etiam
315 338 425 375 proprie
437 337 510 365 inter
525 343 555 364 se
571 334 689 363 conferri
704 337 832 368 possunt;
849 339 909 367 quae
939 338 1005 359 vero

214 387 251 413 ita
265 392 325 413 sese
339 391 394 412 non
410 383 521 415 habent,
534 381 581 408 sed
593 380 708 407 diversa:
722 382 830 405 naturae
839 382 913 408 sunt,
923 381 1004 412 atque

212 438 244 459 ea
263 432 296 459 de
310 436 392 458 causa
404 428 564 457 diversitate
579 424 700 460 quadam
716 423 788 451 inter
805 430 836 451 se
865 422 1003 456 distincta,
1022 420 1029 429 ‘

213 476 364 512 comparari
388 474 440 503 sibi
461 473 575 501 invicem
602 477 654 498 non
674 473 800 504 possunt.
825 467 918 503 Neque
931 468 1004 495 enim

214 524 358 558 quisquam
369 521 421 548 nisi
432 517 526 554 judieii
539 518 630 551 inops,
644 515 762 544 hominis
777 520 903 543 naturam
916 513 1006 549 inqui-

213 577 277 598 rens
290 569 372 601 dicat,
387 566 482 594 bovem
495 563 606 592 homine
619 561 754 597 majorem
768 568 842 593 esse,
861 564 908 587 aut
923 560 1004 587 vicis-

213 615 264 643 sim
271 614 347 643 bovis
356 616 480 640 naturam
503 617 584 639 nosse
599 608 704 640 volens,
720 607 792 635 dicat
806 606 944 635 hominem
969 613 1003 634 eo

212 660 342 695 majorem
356 665 427 686 esse.
443 656 517 690 Quae
538 655 609 684 enim
626 653 747 689 ejusdem
764 657 869 680 natura:
889 659 922 680 ac
942 659 1005 686 spe-

212 706 263 734 ciei
277 709 349 737 sunt,
363 709 394 731 ut
406 704 507 731 dictum
522 706 573 734 est,
590 709 621 728 ea
635 700 778 728 commode
795 704 913 734 apteque
935 698 1006 724 inter

212 760 242 780 se
251 751 439 780 conferuntur.
458 750 487 776 Si
508 749 601 783 itaque
614 747 766 779 confertur,
776 746 925 774 secundum
947 752 1006 777 vos,

212 797 298 826 Filius
310 804 372 825 cum
381 796 472 827 Patre,
489 795 596 822 ratione
612 793 723 828 majoris
740 796 767 820 et
794 791 919 823 minoris.
939 798 1007 818 cun-

212 842 400 872 substantialis
413 845 489 869 certe
501 847 589 876 neque
606 839 732 867 diversus
746 838 779 865 ab
794 845 827 864 eo
855 837 919 864 erit.
935 837 1007 864 Con-

212 887 388 917 substantiale
403 892 493 914 autem
509 893 563 913 non
581 888 670 920 potest
701 882 931 911 consubstantiali
950 889 1007 908 ma-

209 935 254 969 jus
266 937 312 960 aut
322 933 411 960 minus
429 930 491 960 esse
503 931 609 959 ratione
621 929 780 958 substantiae
799 937 807 956 :

213 981 294 1008 homo
310 979 419 1007 homine
433 978 520 1013 major
533 982 585 1010 est,
599 981 734 1011 quatenus
752 976 831 1003 homo
843 980 894 1002 est.
907 975 1007 1010 {Equa-

213 1026 246 1054 lis
263 1025 345 1061 igitur
360 1029 402 1052 est
416 1030 442 1052 et
454 1023 695 1052 consubstantialis
728 1022 800 1049 Patri
837 1021 920 1048 Filius
934 1030 941 1054 ;
964 1029 1007 1048 ra-

213 1073 286 1100 tione
299 1070 572 1100 veroinoaruationis
588 1069 724 1098 credimus
742 1068 847 1095 Putrem
863 1067 998 1101 majorem

212 1127 228 1146 a
244 1118 311 1146 Filio
326 1123 464 1146 vocatum.
472 1117 587 1151 Quando
594 1116 668 1144 enim
679 1115 875 1144 humanitatem
883 1122 1006 1150 assump-

213 1165 259 1199 sit,
275 1169 333 1192 tum
349 1164 429 1192 etiam
447 1168 477 1190 ut
492 1163 572 1190 homo
587 1163 638 1190 hoc
656 1161 738 1189 dixit.

549 1218 665 1247 ALIUD.

246 1278 419 1314 Quaecunque
434 1277 541 1312 proprie
560 1278 794 1311 comparationem
810 1276 879 1303 inter
909 1283 938 1303 se
960 1275 1007 1302 ad-

213 1325 336 1358 mittunt,
352 1323 595 1352 consubstantialia
610 1323 692 1350 etiam
719 1329 782 1350 sunt
799 1332 804 1348 :
831 1323 911 1350 homo
933 1321 1006 1349 enim

215 1371 328 1403 homini,
349 1375 375 1398 et
388 1378 476 1405 equus
490 1377 561 1404 equo
578 1368 730 1396 confertur.
757 1367 914 1395 Diﬂcrentia
943 1375 1007 1395 vero

213 1417 305 1452 quaein
321 1417 353 1444 iis
368 1421 478 1450 estquae
491 1414 611 1448 ejusdem
625 1414 724 1448 speciei
739 1418 813 1446 sunt,
835 1413 863 1440 in
878 1413 1007 1440 acciden-

213 1462 285 1490 tibus
303 1461 448 1494 consistit;
472 1465 553 1494 atque
578 1459 644 1492 hinc,
665 1464 694 1485 ut
709 1457 867 1494 plurimum,
893 1465 925 1485 ex
946 1465 1008 1493 pas-

213 1509 360 1540 sione,aut
373 1507 426 1534 alia
444 1506 572 1540 quapiam
590 1512 670 1531 causa
682 1504 760 1536 ﬁunt,
779 1511 832 1531 non
852 1504 878 1531 in
903 1504 1008 1531 ratione

213 1552 374 1580 substantia:
388 1552 441 1579 sita
457 1555 530 1583 sunt,
545 1551 577 1578 de
590 1558 643 1584 qua
660 1551 823 1584 przedicetur
835 1550 942 1584 aliquod
960 1558 1008 1578 ac—

710 172 738 199 s.
761 168 898 199 crmLLt
919 145 1155 195 ALEXANDIHNI
1175 145 1337 194 meumr.

1801 165 1852 192 ιιι

1401 225 1503 252 ΑΛΛΟ.

1092 283 1133 309 Τὰ
1147 283 1197 317 τῆς
1217 283 1302 318 αὐτῆς
1325 282 1418 314 οὐσίας
1439 281 1505 308 ὄντα
1531 281 1578 307 καὶ
1602 280 1709 315 φύσεως
1730 280 1777 306 καὶ
1801 281 1851 315 τὴν

1057 329 1126 365 πρὸς
1140 329 1245 363 ἄλληλα
1267 329 1413 364 σύγκρισιν
1428 327 1599 363 κυριωτέραν
1623 327 1793 365 ἐπιδέχεται·
1817 333 1851 354 τα

1054 375 1083 402 δὲ
1100 375 1137 411 μὴ
1150 375 1234 407 οὕτως
1249 375 1356 410 ἔχοντα,
1372 374 1507 410 ὲτεροφυῆ
1519 373 1547 400 δὲ
1558 373 1634 406 ὅντα,
1645 373 1693 400 καὶ
1708 373 1752 400 διὰ
1772 372 1852 399 τοῦτο

1055 422 1211 457 τεμνόμενα
1239 421 1305 457 πρὸς
1335 421 1547 456 ἀλλοτριότητα,
1576 420 1625 446 οὐκ
1655 419 1689 446 ἂν
1723 419 1851 455 ἀλλήλοις

1059 469 1249 504 συγκρίνοιτο·
1265 467 1429 495 ἀπαιδευσία
1445 467 1501 503 γὰρ
1517 467 1596 494 τοῦτό
1617 475 1659 501 γε.
1683 467 1721 493 Οὐ
1737 466 1793 502 γὰρ
1819 466 1852 493 ἄν

1056 522 1098 545 τις
1113 514 1185 540 ετποι
1198 514 1259 540 νοῦν
1276 513 1355 548 ἔχων,
1370 513 1482 548 μείζονα
1493 512 1540 539 τοῦ
1553 512 1697 547 ἀνθρώπου
1716 513 1762 538 τὸν
1774 511 1850 547 βοῦν,

1060 559 1110 594 τὴν
1125 559 1270 594 ἀνθρώπου
1282 559 1363 594 φύσιν
1378 558 1513 594 ὲρευνῶνυ
1530 558 1584 585 οὐδ’
1600 556 1633 585 αὖ
1651 557 1732 585 πάλιν
1742 558 1794 593 τὴν
1805 558 1852 585 τοῦ

1061 606 1121 641 βοὸς
1134 606 1266 641 ἐκμαθεῖν
1282 606 1413 641 βούλοιτο,
1423 605 1534 641 μείζονα
1542 605 1638 632 τούτου
1651 605 1696 631 τὸν
1707 605 1854 641 ἄνθρωπον

1056 653 1140 688 λέγοι.
1158 652 1199 680 Τὰ
1213 652 1268 687 γὰρ
1287 653 1393 687 ὁμοφυῆ
1410 660 1440 678 τε
1456 652 1503 678 καὶ
1518 651 1628 686 ὁμοειδῆ
1642 670 1649 683 ,
1671 651 1800 687 καθάπερ
1816 651 1854 677 εἴ·

1059 706 1152 734 ρηται,
1169 697 1219 733 τὴν
1234 697 1301 733 πρὸς
1315 697 1418 732 ἄλληλα
1433 695 1579 732 σύγκρισιν
1595 696 1743 722 ἀκόλουθόν
1755 704 1787 722 τε
1806 697 1854 722 καὶ

1060 744 1218 779 πρέπουσαν
1232 744 1300 779 ἔχει.
1315 744 1348 770 Ei
1367 743 1458 770 τοίνυν
1473 743 1666 779 συγκρίνεται⁷
1685 744 1747 770 καθ’
1765 744 1852 778 ὑμᾶς,

1056 791 1071 817 6
1084 791 1148 822 Υἱὸς
1161 791 1200 826 τῷ
1216 791 1303 826 Πατρὶ
1318 790 1389 817 κατὰ
1403 789 1433 816 τὸ
1451 789 1544 825 μεῖζον
1557 790 1604 817 καὶ
1621 789 1742 823 ἔλαττον,
1754 790 1854 825 ὁμοσύ-

1059 847 1116 870 σιος
1135 839 1190 874 ἄρα
1206 838 1252 865 καὶ
1263 839 1314 864 οὐκ
1329 838 1469 874 ἀλλότριος
1484 837 1567 865 αὐτοῦ
1585 838 1669 864 ἐστιν.
1693 837 1854 873 Ὀμοούσιον

1059 883 1087 909 δὲ
1101 882 1246 917 ὀμοουσίου
1259 883 1310 909 οὐκ
1325 881 1358 908 ἂν
1372 883 1477 916 γένοιτο
1493 882 1585 917 μεῖζον
1595 883 1642 908 καὶ
1658 882 1768 909 ἔλαττον
1782 882 1855 908 κατὰ

831 936 919 963 neque
934 928 1006 955 enim
1023 917 1044 947 Β
1058 930 1104 956 τὸν
1120 929 1169 964 τῆς
1186 929 1280 960 οὐσίας
1294 929 1371 963 λόγον
1387 938 1392 943 ·
1408 930 1438 956 οὐ
1455 929 1509 964 γὰρ
1523 929 1624 964 μείζων
1639 929 1783 964 ἄνθρωπος
1806 929 1853 954 ἀν-

1058 975 1181 1010 θρώπου,
1197 975 1265 1002 καθὸ
1281 975 1434 1011 ἄνθρωπος.
1455 976 1527 1007 "leo;
1544 976 1597 1011 ἄρα
1610 975 1649 1011 τῷ
1665 976 1753 1011 Πατρὶ
1773 975 1854 1002 καὶὸ

1057 1022 1122 1053 Υἱὸς
1148 1022 1196 1050 καὶ
1217 1022 1378 1057 ὀμοούσιος·
1402 1023 1582 1057 οἰκονομικῶς
1605 1022 1634 1049 δὲ
1660 1022 1786 1057 εἰρῆσθαι
1813 1030 1854 1047 πι-

1060 1068 1195 1104 στεύομεν
1212 1069 1260 1095 ἐπὶ
1277 1068 1324 1095 τοῦ
1350 1069 1456 1105 Πατρδς
1477 1070 1507 1096 τὸ
1529 1068 1631 1105 μεῖζον.
1645 1068 1710 1095 ’Ὅτε
1733 1068 1791 1104 γὰρ
1811 1069 1853 1094 ὲν-

1060 1115 1247 1150 ανθρωπήσας
1263 1115 1406 1150 φαίνεται,
1423 1115 1484 1141 τότε
1502 1115 1549 1142 καὶ
1564 1114 1642 1142 τοῦτό
1655 1123 1738 1149 φησιν
1750 1114 1790 1146 ὠς
1806 1114 1853 1143 ἂν·

1058 1159 1072 1186 0
1077 1168 1178 1194 ρωπος.
1231 1159 1242 1173 ¹

1396 1219 1500 1246 AAAO.

1094 1277 1164 1303 Ὅσα
1195 1276 1244 1311 τὴν
1271 1276 1339 1311 πρὸς
1366 1276 1467 1311 ἄλληλα
1492 1275 1637 1311 σύγκρισιν
1662 1276 1764 1312 κυρίως
1799 1277 1855 1311 ἐπι-

1057 1322 1177 1357 δέχεται,
1193 1322 1280 1349 ταῦτα
1296 1315 1408 1354 πάντως
1419 1323 1478 1349 ἐστὶ
1489 1323 1536 1349 καὶ
1548 1323 1681 1358 ὁμοούσια
1690 1331 1697 1338 ·
1708 1322 1854 1359 ἄνθρωπος

1058 1368 1112 1402 γὰρ
1129 1367 1266 1404 ἀνθρώπῳ
1279 1388 1287 1401 ,
1309 1369 1356 1395 καί
1372 1369 1454 1400 ἵππος
1473 1369 1549 1404 ἵππῳ
1569 1369 1756 1404 συγκρίνεται.
1781 1369 1814 1395 Ἦ
1827 1370 1855 1395 δὲ

1058 1414 1087 1440 ὲν
1099 1414 1155 1446 τοῖς
1168 1414 1304 1449 ὁμοειδέσι
1317 1414 1434 1450 διαφορὰ
1449 1415 1514 1450 περὶ
1529 1414 1564 1441 τὰ
1579 1415 1774 1450 συμϐεϐηκότα
1784 1414 1853 1440 ἐστι·

1059 1459 1106 1487 καὶ
1123 1459 1221 1492 ταῦτα,
1235 1460 1273 1492 ὡς
1286 1461 1332 1487 ἐπὶ
1345 1461 1481 1492 πλεῖστον,
1497 1462 1528 1488 ἐκ
1543 1461 1645 1493 πάθους
1661 1461 1778 1495 γίνεται,
1796 1459 1812 1495 ἣ
1827 1460 1854 1492 ἐξ

1058 1505 1155 1541 ἑτέρας
1167 1506 1239 1538 τινὸς
1251 1506 1353 1538 αἰτίας,
1369 1507 1419 1533 οὐκ
1435 1507 1464 1533 ἐν
1478 1506 1517 1542 τῷ
1528 1507 1600 1543 λόγῳ
1614 1507 1665 1542 τῆς
1683 1507 1780 1538 οὐσίας
1799 1507 1855 1533 κεί-

1061 1560 1139 1586 μενα,
1154 1551 1215 1578 καθ’
1230 1550 1315 1588 οὗπερ
1339 1552 1372 1579 ἃν
1393 1553 1573 1588 κατηγοροῖτό
1595 1562 1620 1579 τι
1639 1552 1694 1579 τῶν
1720 1551 1855 1588 συμϐεϐηη

213 1600 372 1627 cidentium.
390 1598 426 1626 Ut
447 1597 563 1632 exempli
580 1597 680 1632 gratia,
702 1596 782 1624 homo
811 1597 919 1624 homine
947 1604 1001 1623 ma-

1093 1605 1156 1624 των.
1173 1595 1236 1624 Οἷον
1251 1598 1317 1633 φέρε
1333 1599 1419 1624 εἰπεῖν
1430 1618 1437 1630 ,
1461 1598 1605 1633 ἄνθρωπος
1628 1597 1775 1633 ἀνθρώπου
1799 1597 1855 1630 μεί-

210 1646 253 1680 jor
268 1650 321 1679 est,
335 1645 524 1679 magnitudine
541 1644 666 1678 corporis
680 1648 708 1671 et
725 1643 831 1675 robore,
844 1643 926 1670 animi
939 1651 1008 1677 pra:-

199 1692 311 1724 ‘sentia,
333 1690 433 1718 mentis
450 1689 594 1722 acumine;
612 1689 658 1716 sed
684 1697 735 1715 una
747 1689 872 1716 omnibus
890 1692 931 1716 est
946 1689 1009 1716 suh-

213 1738 320 1764 stantiae.
334 1737 416 1768 ratio,
434 1743 487 1762 non
501 1743 565 1762 vero
581 1735 729 1769 separatim
743 1735 769 1761 in
793 1735 907 1770 singulis
923 1735 1010 1762 diver-

214 1789 254 1808 sa.
278 1780 438 1808 Accidentia
476 1784 568 1806 autem
602 1787 634 1806 ex
663 1780 790 1814 passione
825 1779 907 1806 veluti
939 1780 1010 1807 radi-

215 1834 246 1854 ce
285 1826 436 1854 oriuntur:
467 1833 500 1852 ex
534 1825 662 1860 passione
697 1826 768 1852 enim
805 1825 930 1853 inﬁrmus
962 1827 1006 1861 qui

214 1877 255 1900 est
288 1871 428 1903 inﬁrmus,
471 1875 498 1898 ct
552 1872 646 1898 tardus
688 1871 822 1898 intellectu
861 1871 1008 1906 timidoque

215 1917 317 1944 animo.
332 1917 364 1944 Si
380 1924 445 1951 ergo
456 1924 509 1944 una
519 1921 559 1944 est
571 1922 668 1944 natura
683 1917 832 1951 eademque
848 1917 1009 1945 substantiae

216 1963 287 1990 ratio
304 1963 336 1990 iis
349 1970 408 1997 quae
417 1963 527 1998 proprie
557 1963 628 1990 inter
649 1970 678 1990 se
697 1963 848 1997 comparari
862 1967 980 1997 possunt
998 1972 1005 1990 :

213 2016 273 2043 qua:
284 2016 348 2036 vero
360 2009 522 2036 substantiis
538 2008 666 2036 accidunt
683 2016 716 2036 ex
740 2009 867 2043 passione
883 2009 1008 2036 oriuntur

213 2059 303 2082 autex
319 2062 351 2082 eo
363 2055 435 2089 quod
457 2062 510 2082 non
533 2055 673 2090 patiuntur
687 2063 701 2080 .:
724 2059 898 2089 comparatur
917 2058 1007 2082 autem

215 2099 299 2127 Filius
311 2099 385 2126 Patri
402 2100 506 2127 ratione
516 2099 635 2133 majoris
650 2104 677 2127 et
687 2100 812 2132 minoris,
834 2100 945 2134 ipseque
960 2107 1007 2126 ex-

215 2151 255 2172 tra
272 2153 380 2173 onmem
397 2146 551 2180 passionem
568 2150 610 2173 est
624 2146 707 2181 (Deus
723 2147 795 2171 cnim
823 2146 876 2179 pati
891 2153 944 2172 non
963 2153 1007 2179 po-

215 2190 290 2225 test),
302 2190 462 2225 nullafplane
475 2191 581 2218 ratione
593 2189 731 2224 superabit
744 2189 825 2216 Pulc.‘
841 2188 949 2221 Filium,
960 2189 1005 2223 qui

214 2236 334 2272 ejusdem
344 2244 405 2264 cum
421 2245 453 2264 eo
477 2237 601 2264 essentiae
621 2241 672 2269 est,
693 2236 837 2268 outnisqun
866 2236 1005 2268 jtllinIOl-is

215 2289 312 2316 expers
327 2286 377 2309 est.
390 2281 445 2317 87
459 2282 565 2309 Dicitur
580 2289 644 2308 vero
676 2280 773 2314 major,
793 2286 817 2305 ιιι
841 2280 1003 2314 principium

214 2329 341 2356 coaeterni
357 2328 512 2363 geniminis.

230 2384 264 2413 In
279 2385 362 2415 illud.
381 2385 490 2412 t-Paler
503 2385 547 2419 qui
564 2384 633 2411 misi!
651 2392 704 2415 me,
721 2384 806 2418 major
820 2391 859 2410 me
872 2389 910 2410 cst
922 2384 954 2409 ²¹.
975 2396 984 2409 ι

435 2473 477 2500 Ex
492 2473 635 2506 obiectione
650 2471 785 2500 Eunomit’.

246 2531 328 2565 Atqui
345 2530 474 2557 Serratnr
488 2530 546 2564 ipse
561 2537 613 2556 non
629 2530 754 2562 obscure,
771 2530 869 2565 inquit,
884 2534 930 2557 aut
945 2539 1004 2558 am-

214 2576 308 2611 bigue,
327 2577 374 2602 sed
393 2575 564 2610 apertissime
582 2575 689 2603 Patrem
710 2576 839 2610 majorem
859 2583 889 2604 se
907 2582 984 2604 vocat
996 2599 1003 2610 ,

213 2628 274 2647 cum
290 2620 357 2647 dicit
374 2629 380 2647 :
400 2629 409 2646 ι
430 2620 509 2647 l'ater
524 2621 569 2655 qui
589 2621 662 2648 misit
679 2628 737 2654 me,
756 2621 843 2656 major
858 2629 901 2649 me
917 2627 969 2650 est.
989 2632 998 2648 ›

215 2666 242 2692 Si
261 2670 350 2692 autem
367 2667 507 2694 veritatem
525 2675 616 2694 verum
635 2667 727 2695 dicere
747 2667 883 2699 fatemini,
903 2668 1004 2696 veritas

214 2716 302 2738 autem
315 2711 463 2746 Christus,
482 2719 556 2741 certe
580 2712 708 2747 majorem
731 2720 760 2740 se
781 2713 861 2740 habet
882 2713 1002 2741 Patrem.

214 2756 289 2788 Quod
304 2757 325 2783 si
341 2757 376 2784 ita
391 2764 443 2790 est,
457 2760 596 2787 dissimilis
609 2760 692 2787 etiam
708 2759 747 2787 illi
764 2760 825 2788 crit.
840 2759 875 2788 At
888 2760 911 2788 si
926 2760 1004 2788 dissi-

215 2802 297 2834 milis,
313 2810 364 2830 non
381 2811 445 2838 ergo
460 2806 710 2834 consubstantialis.

248 2893 270 2910 "
282 2892 361 2922 Joan.
383 2903 437 2928 xiv,
455 2896 499 2923 ‘28.

1059 1641 1124 1674 ζων,
1145 1643 1257 1677 μεγέθει
1273 1643 1400 1678 σώματος
1426 1643 1473 1669 καὶ
1499 1643 1589 1678 ἰσχύϊ,
1604 1643 1695 1678 ψυχῆς
1711 1643 1855 1678 παραστή-

1061 1698 1137 1724 ματι,
1153 1689 1274 1722 διανοίας
1287 1690 1416 1725 ὀξύτητι*
1437 1690 1495 1716 ἀλλ’
1518 1687 1559 1721 εἷς
1584 1689 1633 1725 μὲν
1655 1690 1758 1716 ἅπασιν
1772 1691 1786 1716 6
1804 1689 1853 1724 τῆς

1059 1735 1152 1766 οὐσίας
1174 1735 1264 1769 λόγος,
1288 1735 1335 1762 καὶ
1350 1736 1380 1762 οὐ
1397 1736 1607 1771 μεμερισμένως
1623 1736 1651 1761 ἐν
1666 1735 1777 1770 ἑκάστῳ
1795 1735 1853 1762 διάυ

1060 1789 1152 1816 φορος.
1166 1781 1206 1808 Τὰ
1222 1781 1250 1807 δὲ
1271 1781 1464 1816 συμϐεϐηκότα
1483 1780 1561 1816 ῥίζαν
1586 1781 1641 1816 ἔχει
1656 1780 1686 1808 τὸ
1702 1781 1790 1812 πάθος
1802 1789 1810 1796 ·
1823 1782 1854 1807 ὲκ

1059 1825 1164 1858 πάθους
1185 1826 1238 1862 γὰρ
1254 1826 1370 1862 ἀσθενὴς
1394 1829 1408 1853 6
1431 1827 1565 1862 ἀσθενὴς,
1583 1827 1630 1853 καὶ
1652 1829 1666 1853 6
1681 1827 1787 1862 νωθρὸς
1806 1827 1853 1862 τὴν

1058 1872 1188 1905 διάνοιαν,
1204 1872 1252 1899 καὶ
1268 1873 1282 1899 ὁ
1299 1872 1401 1899 δειλίαν
1418 1872 1487 1907 ἔχων
1502 1873 1531 1899 ἐν
1546 1873 1631 1908 ψυχῇ.
1646 1873 1677 1899 Εἰ
1694 1873 1787 1899 τοίνυν
1805 1873 1853 1908 μία

1061 1918 1109 1952 μὲν
1129 1919 1146 1953 ὴ
1164 1918 1247 1952 φύσις
1262 1919 1309 1945 καὶ
1323 1919 1372 1953 τῆς
1390 1919 1484 1950 οὐσίας
1498 1921 1511 1945 6
1523 1919 1603 1953 λόγος
1615 1921 1628 1945 6
1643 1919 1725 1951 αὐτὸς
1737 1921 1795 1951 τοῖς
1805 1919 1853 1954 τὴν

1060 1963 1128 1998 πρὸς
1143 1963 1245 1999 ἄλληλα
1258 1963 1403 1999 σύγκρισιν
1421 1965 1523 2000 κυρίως
1539 1965 1753 2000 ἐπιδεχομένοις,
1772 1965 1806 1991 τὰ
1825 1964 1853 1991 δὲ

1058 2011 1107 2037 ὅσα
1124 2011 1188 2046 περὶ
1210 2011 1261 2042 τὰς
1277 2011 1371 2043 οὐσίας
1396 2011 1464 2038 εἰσὶν
1482 2013 1513 2038 ἐκ
1530 2011 1633 2044 πάθους
1657 2011 1764 2046 γίνεται
1787 2012 1804 2047 ἢ
1822 2013 1854 2038 ὲκ

1059 2055 1106 2082 τοῦ
1125 2056 1162 2092 μὴ
1176 2055 1273 2082 παθεῖν
1285 2075 1292 2088 ,
1310 2056 1485 2091 συγκρίνεται
1499 2056 1527 2082 δὲ
1544 2058 1557 2083 6
1571 2057 1634 2087 Υἱὸς
1650 2057 1719 2092 πρὸς
1734 2058 1781 2083 τὸν
1797 2058 1854 2084 Πα-

1057 2102 1125 2136 τέρα
1146 2101 1218 2128 κατὰ
1238 2102 1268 2128 τὸ
1293 2102 1385 2137 μεῖζον
1405 2103 1452 2129 καὶ
1465 2102 1575 2130 ἔλαττον
1591 2103 1788 2138 εἰσφερομένου
1806 2103 1852 2130 τοῦ

1058 2146 1122 2181 περὶ
1139 2146 1220 2173 αὐτὸν
1240 2146 1332 2180 λόγου,
1349 2148 1397 2173 καὶ
1419 2146 1478 2174 ἐστι
1495 2147 1599 2179 πάθους
1620 2148 1698 2180 ἐκτὸς
1725 2147 1853 2183 (ἀπαθὴς

1057 2191 1112 2226 γὰρ
1125 2191 1163 2221 ὡς
1174 2191 1263 2228 Θεὸς),
1282 2193 1342 2219 κατ’
1356 2193 1452 2220 οὐδένα
1467 2193 1568 2229 τρόπον
1580 2195 1594 2220 6
1611 2193 1704 2229 Πατὴρ
1723 2195 1853 2230 ὑπερέξει

1056 2238 1104 2264 τοῦ
1121 2237 1188 2264 Υἱοῦ
1202 2239 1249 2265 καὶ
1267 2239 1317 2274 τὴν
1339 2238 1425 2275 αὐτὴν
1441 2239 1550 2274 ἔχοντος
1575 2240 1668 2266 οὐσίαν
1690 2241 1738 2268 καὶ
1755 2241 1853 2268 παθεῖν

1059 2283 1136 2310 οὐδὲν
1158 2284 1318 2319 δυναμένου.
1340 2285 1510 2319 Λέγεται¹δὲ
1535 2285 1635 2320 μείζων
1650 2286 1687 2318 ὼς
1712 2287 1786 2322 ἀρχὴ
1805 2287 1852 2314 τοῦ

1061 2329 1196 2355 συναῑδίου
1211 2331 1391 2364 γεννήματος.

1059 2383 1110 2415 Εἰς
1130 2383 1180 2415 τὸ,
1208 2393 1216 2409 ι
1238 2383 1269 2410 '0
1291 2385 1428 2426 Πατὴρῤ
1450 2385 1572 2420 πέμψας
1593 2394 1632 2420 με
1659 2386 1768 2420 petii-ir
1793 2387 1853 2422 μού

1394 2429 1488 2448 εστιν.
1501 2431 1510 2446 1

1217 2476 1383 2510 Ἀντίθεσις
1401 2477 1436 2504 ἐκ
1456 2477 1513 2504 τῶν
1531 2479 1692 2513 Εὑνομίου.

1092 2532 1178 2565 Αὐτὸς
1196 2534 1210 2559 6
1224 2532 1319 2569 Σωτὴρ
1339 2534 1390 2561 οὐκ
1410 2535 1683 2571 ἐπικεκαλυμμένως,
1697 2536 1852 2572 τρανότατα

1056 2578 1083 2605 δὲ
1099 2579 1208 2614 μείζονα
1223 2579 1320 2606 ἑαυτοῦ
1337 2580 1383 2606 τὸν
1397 2581 1505 2617 Πατέρα
1528 2582 1605 2617 φησὶ,
1622 2582 1664 2608 διὰ
1678 2582 1725 2608 τοῦ
1742 2583 1850 2617 λέγειν·

1059 2633 1069 2649 ί
1080 2624 1108 2651 '0
1124 2625 1219 2660 Πατὴρ
1232 2626 1245 2651 ό
1257 2625 1367 2660 πέμψας
1381 2634 1414 2660 με
1434 2626 1534 2661 μείζων
1559 2627 1609 2661 μού
1625 2628 1709 2654 ἐστιν.
1725 2637 1734 2653 ι
1752 2629 1784 2654 El
1796 2629 1853 2654 τοὶ-

1056 2677 1103 2695 νυν
1129 2669 1271 2704 ἀληθεύειν
1294 2670 1393 2696 δώσετε
1416 2670 1466 2706 τὴν
1488 2671 1627 2706 ἀλήθειαν,
1646 2671 1763 2707 ἀλήθεια
1785 2672 1814 2698 δὲ
1840 2671 1853 2697 ό

1056 2715 1182 2750 Χριστὸς,
1201 2715 1312 2750 μείζονα
1339 2715 1397 2751 ἔχει
1423 2717 1469 2743 τὸν
1493 2717 1613 2753 Πατέρα.
1630 2717 1686 2744 Καὶ
1712 2719 1737 2744 εἰ
1760 2718 1851 2749 τοῦτο,

1056 2761 1164 2792 πάντως
1180 2761 1256 2788 ἔσται
1272 2761 1318 2788 καὶ
1333 2762 1469 2798 ἀνόμοιος.
1479 2763 1588 2798 Ἐπειδὴ
1597 2763 1625 2790 δὲ
1640 2763 1778 2799 ἀνόμοιος,
1792 2764 1854 2791 οὐδὲ

1056 2806 1209 2842 όμοούσιος.
