1904 3026
63 159 106 189 N3

786 156 1005 185 TIIESAURUS.

1650 161 1700 187 150

67 219 204 256 ἁναιρεθὶν
220 219 320 253 αὐτὸν,
339 220 537 258 συναναιρείτω
549 219 578 246 τὸ
598 219 732 254 ἀνόμοιον,
751 218 798 245 καὶ
811 227 871 245 συν-

926 214 1077 247 uominibus
1091 222 1151 250 qua:
1164 215 1197 244 ad
1212 215 1313 250 aliquid
1326 221 1390 245 sunt
1404 216 1531 250 censetis,
1544 216 1649 246 sublato
1664 221 1700 247 si-

70 266 231 303 αναιρείσθω
260 267 347 295 πάλιν
377 267 486 302 ἐκείνῳ.
504 265 571 292 Ἀλλ’
596 265 625 291 οὐ
655 265 865 300 συναναιρεῖται,

71 313 127 340 οὐδὲ
142 313 197 349 μὴν
212 313 340 349 ἀναιρεῖ·
363 313 442 345 ὄντος
456 313 510 348 γάρ
525 320 596 342 τινος
617 310 771 346 ἀνθρώπου,
786 310 867 345 τυχὸν

74 363 146 389 ἔσται
161 370 188 389 τι
202 360 233 388 τὸ
245 360 377 396 ἀνόμοιον
393 359 467 395 αὐτῷ
478 368 484 375 ·
494 359 541 386 καὶ
557 357 745 393 ἀναιρεθέντος
761 356 809 384 τοῦ
825 357 868 384 ἀν-

75 409 178 445 ομοίου,
193 408 225 435 οὐ
242 407 450 442 συναναιρεῖται
470 406 498 435 τὸ
516 405 556 437 ὃν,
571 405 709 431 τουτέστιν
724 405 738 431 6
761 403 866 440 ἄνθρω-

75 463 133 487 πος,
151 451 183 481 οὗ
199 454 248 481 καὶ
262 454 378 488 γέγονεν
391 453 517 488 ἀνόμοιον
530 451 560 478 τὸ
573 450 725 486 ἀναιρεθέν.
743 451 799 477 Οὐκ
813 449 867 486 ἄρα

74 502 128 529 τῶν
151 501 221 537 πρὸς
237 500 340 536 ἄλληλα
364 498 518 534 λεγομένων
535 497 564 524 τὸ
585 498 676 532 ὅμοιον
696 496 741 524 καὶ
766 497 796 522 τὸ
821 496 870 522 ἁν-

75 548 178 582 ὁμοιον.

424 601 523 628 ΔΛΛΟ.

115 659 179 686 Ἐπὶ
198 659 246 686 τοῦ
264 659 356 694 ὁμοίου
383 658 431 685 καὶ
444 658 494 693 τῆς
507 657 608 693 ἀρετῆς
622 657 667 684 καὶ
681 657 736 684 τῶν
750 657 868 684 ἀντικει-

76 703 165 738 μένων
187 703 293 735 τούτοις
312 703 434 738 χωρήσει
454 702 485 729 τὸ
507 702 607 737 μᾶλλον
630 701 676 728 καὶ
693 698 867 737 ἧττον.”Εστι

74 750 129 785 γὰρ
151 750 241 776 εἰπεῖν
263 750 294 776 οὑ
315 749 482 784 ψευδόμενον
497 748 571 775 τόνδε
595 747 656 775 τινὰ
678 747 759 782 τυχὸν
775 747 867 782 ὅμοιον

74 795 152 830 τῷδε,
161 795 210 822 καὶ
225 792 306 831 ἦττον
320 794 336 830 ἢ
355 795 455 830 μᾶλλον
468 795 568 830 ὅμοιον,
580 794 625 820 καὶ
638 793 738 829 μᾶλλον
752 793 866 824 δίκαιον,

73 841 121 867 καὶ
137 841 243 868 δίκαιον
259 838 425 877 ἦττον.Ἐπ“ι
441 840 490 876 μέν
513 849 553 866 τοι
579 839 625 866 τοῦ
652 839 803 875 μείζονοςῆ
820 839 867 865 καὶ

73 887 120 914 τοῦ
146 886 298 918 ἐλάττονος,
313 886 486 916 διπλασίονός
507 894 536 911 τε
562 885 608 912 καὶ
631 885 754 920 ἡμίσεος,
771 884 820 911 οὐκ
835 884 867 911 ἂν
884 901 904 929 Β

74 934 147 959 εἴποι
162 941 216 965 τις,
235 932 336 967 μᾶλλον
353 931 473 967 μεῖζον-ἦ
491 931 589 966 μᾶλλον
606 931 751 966 ἐλαττον,ἢ
769 930 868 965 μᾶλλον

73 975 242 1010 διπλάσιονῆ
256 975 356 1011 μᾶλλον
369 976 466 1010 ἥμισυ.
476 975 651 1002 Ἀνεπίδεκτα
661 976 714 1011 γὰρ
726 975 771 1002 τοῦ
784 976 868 1002 ποσοῦ

75 1023 109 1048 τὰ
128 1024 180 1057 τῆς
200 1023 347 1058 ποιότητος
368 1022 426 1058 εἴδη
443 1023 487 1049 διὰ
503 1023 608 1049 πολλῶν
622 1023 821 1050 ἀποδέδεικται.
837 1024 868 1050 El

76 1069 164 1096 τοίνυν
175 1069 207 1096 τὸ
220 1069 312 1104 ὅμοιον
327 1069 374 1096 τοῦ
390 1069 473 1096 ποσοῦ
487 1069 639 1105 χωρητικόν
652 1071 719 1102 ἐστι,
734 1070 780 1096 καὶ
793 1070 869 1105 δέχε-

77 1123 120 1141 ται
133 1115 164 1141 τὺ
181 1115 282 1150 μᾶλλον
296 1116 344 1142 καὶ
359 1115 390 1142 τὸ
406 1115 525 1147 ἔλαττον,
536 1116 567 1142 οὐ
578 1116 729 1151 δεχομένων
745 1117 810 1143 αὐτὸ
821 1116 868 1143 τοῦ

78 1160 200 1195 ἡμίσεως
219 1160 266 1188 καὶ
282 1161 438 1194 διπλασίου,
455 1162 503 1197 οὐχ
517 1162 645 1196 ὁμογενὲς
659 1162 713 1197 ἄρα
729 1163 786 1195 τοῖς
802 1163 870 1198 πρός

80 1206 104 1232 τι
120 1206 202 1234 ἐστιν.

422 1265 522 1293 ΑΛΛΟ.

114 1319 149 1346 T6
164 1319 264 1355 μᾶλλον
279 1322 340 1357 ἦτοι
355 1322 385 1348 τὸ
400 1323 491 1358 μεῖζον
508 1323 634 1355 ὲπίτασίς
648 1324 706 1350 ἐστι
723 1325 770 1350 καὶ
789 1323 871 1359 ὑπερ-

83 1365 141 1400 ϐολή
166 1374 239 1398 τινος
262 1368 427 1403 πράγματος
453 1369 652 1404 οίουδηποτοῦν,
668 1371 719 1396 οὐκ
743 1370 869 1405 ἀνομοίου

83 1411 148 1443 τινος
171 1412 220 1438 καὶ
243 1413 437 1448 ἀντικειμένου
462 1414 576 1450 δήλωσιν
601 1415 667 1451 ἔχει,
684 1416 720 1442 Τὸ
739 1415 766 1442 δὲ
779 1416 871 1451 ὅμοιον

83 1458 127 1492 οὐχ
141 1457 239 1490 οὕτως.
254 1458 385 1495 Εἱσφὲρει
402 1460 456 1494 γὰρ
472 1460 518 1487 τοῦ
534 1461 661 1497 ἀνομοίου
676 1462 724 1497 τὴν
741 1463 869 1498 ἔμφασιν.

85 1504 185 1536 Ἀλλως
201 1513 229 1530 τε
243 1505 283 1540 τῷ
297 1505 346 1540 μὲν
358 1506 477 1542 ἀνομοίῳ
493 1507 621 1543 στέρησις
636 1509 786 1536 ἀκολουθεῖ.
796 1510 872 1538 Ἀπο-

83 1549 142 1583 ῦολὴ
161 1551 217 1586 γὰρ
235 1551 282 1577 τοῦ
298 1552 393 1586 ὁμοίου
410 1552 441 1578 τὺ
462 1553 588 1588 ἀνόμοιον
611 1554 767 1588 ἐργάζεται.
785 1555 821 1581 T6
843 1555 872 1581 δὲ

86 1595 179 1630 μῖλλον
200 1597 247 1623 καὶ
272 1597 365 1632 μεῖξον
390 1598 515 1630 ἐπίτασις
533 1607 606 1631 τινος
621 1599 695 1631 ὄντα,
712 1600 791 1627 ποίαν
817 1601 871 1633 ἕξει

83 1641 127 1676 τὴν
139 1642 312 1678 ἀποϐολὴν,ἣ
325 1643 384 1675 πῶς
396 1643 439 1670 ἐπ’
449 1644 531 1671 αὐτοῦ
543 1646 670 1681 στέρησις
682 1646 768 1680 ἔσται,
778 1647 872 1682 ὥσπερ

84 1687 125 1713 καὶ
149 1687 196 1714 ἐπὶ
208 1688 257 1714 τοῦ
273 1689 419 1723 ἀνομοίους
444 1689 512 1716 Ἀλλ’
529 1690 578 1717 οὐκ
596 1690 629 1717 ἂν
646 1691 703 1726 ἔχοι
717 1700 758 1724 τις
773 1692 871 1719 εἰπεῖν.

88 1731 258 1767 Ἑτερογενὲς
273 1732 327 1768 ἄρα
342 1733 381 1768 τῷ
399 1734 484 1769 ὁμοίῳ
501 1735 531 1761 τὸ
547 1735 649 1771 μεῖζον.

82 1788 181 1828 Δξλυ,
206 1790 364 1828 (132665161?
377 1790 450 1825 ἔχον
464 1791 508 1817 ὅτι
528 1791 577 1828 διὰ
593 1792 645 1819 τοῦ
659 1793 799 1827 λέγεσθαι
810 1794 873 1828 μεί-

200 1825 255 1862 τρν
270 1823 398 1862 Πατέρα,
406 1823 637 1862 ’σνυνεισφέρεται
654 1823 712 1862 μὲν
727 1823 845 1862 πάντῶς
857 1830 874 1856 ὁ

119 1860 196 1892 Υἱὸς,
216 1861 284 1887 ἐστι
299 1860 333 1887 δὲ
352 1862 408 1888 οὐκ
421 1861 553 1888 ἐλάττων
566 1860 669 1889 αὑτοῦ.

115 1917 152 1944 Τδ
168 1917 264 1953 μεῖζον
280 1918 359 1950 εἴτις
374 1919 515 1954 ὀνομάσαι,
530 1920 692 1946 συνεισοῖσει
705 1922 814 1953 πάντως
827 1921 874 1948 καὶ

81 1963 240 1997 ἀναγκαίως
256 1963 350 1999 ἔτερόν
373 1972 399 1990 τι
424 1965 487 2000 παρ’
503 1965 569 1991 αὐτὸ
583 1963 613 1992 οὗ
627 1966 673 1992 καὶ
689 1966 746 1993 ἔστι
771 1967 871 2002 μεῖζον.

81 2009 158 2036 υῦτω
181 2009 327 2045 τοιγαροῦν
350 2009 458 2044 ἔχοντος
481 2010 528 2037 τοῦ
551 2012 696 2047 νοήματος,
716 2012 781 2048 φέρε
808 2014 874 2040 κατ’

80 2055 145 2081 αὐτὸ
165 2055 217 2090 τὴν
244 2054 319 2081 θείαν
344 2055 516 2090 ἐξετάσωμεν
532 2056 669 2092 γέννησιν,
683 2058 729 2084 καὶ
751 2057 796 2085 τὸν
811 2059 874 2094 περὶ

79 2101 189 2136 Πατρδς
215 2101 264 2127 καὶ
288 2092 352 2127 Ῠὶοὖ
377 2101 561 2137 γυμνάσωμεν
586 2103 761 2137 λόγον.”οταν
785 2092 875 2132 τοίνυν

78 2147 194 2182 λέγηται
211 2147 315 2182 μείζων
332 2149 346 2174 ὁ
359 2148 464 2183 Πατὴρ,
481 2148 649 2184 συνεισφέρει
659 2149 708 2184 μὲν
722 2149 831 2181 πάντως
846 2150 875 2176 τὸ

78 2193 107 2219 ἒν
127 2193 223 2228 σχέσει
246 2195 280 2228 τῇ
307 2194 375 2228 πρδς
389 2194 480 2226 αὐτὸν,
495 2194 543 2230 τὴν
556 2194 621 2221 Υὶοῦ
640 2195 777 2230 σημασίαν
792 2196 878 2231 φημὶ,

918 261 1100 293 mili,.interit
1121 261 1202 288 etiam
1225 265 1253 289 et
1274 261 1415 294 dissimile,
1436 261 1569 297 simulque
1589 270 1698 297 pereant

917 313 1027 334 necesse
1045 310 1097 334 est.
1116 306 1171 341 90
1189 305 1241 334 Sed
1260 313 1345 341 neque
1363 307 1538 340 interimitur,
1556 315 1643 342 neque
1661 309 1701 335 in-

917 351 1018 378 terimit
1033 361 1040 379 :
1055 359 1115 379 eum
1130 352 1202 379 enim
1220 352 1321 387 aliquid
1336 353 1372 380 sit
1386 353 1478 385 homo,
1491 353 1543 380 erit
1556 353 1637 380 etiam
1654 353 1701 381 ali-

917 398 980 432 quid
995 398 1020 426 ei
1035 398 1178 430 dissimile,
1194 402 1220 425 et
1235 398 1342 425 sublato
1358 397 1494 431 dissimili,
1512 406 1565 425 non
1582 399 1654 433 perit
1667 399 1703 426 si-

917 444 972 472 mul
988 444 1014 472 id
1027 446 1098 480 quod
1111 449 1180 477 erat,
1199 445 1250 472 hoc
1266 448 1306 472 est
1325 445 1417 477 homo,
1441 445 1483 472 cui
1499 445 1631 472 dissimile
1645 450 1699 472 erat

917 491 988 526 quod
1005 491 1097 526 periit.
1115 490 1210 519 Simile
1228 491 1310 525 igitur
1324 495 1352 519 et
1369 490 1500 518 dissimile
1517 498 1571 518 non
1590 494 1653 518 sunt
1670 492 1701 517 ad

917 536 1028 571 aliquid.

1252 591 1368 620 ALIUD.

955 649 991 677 De
1005 648 1085 676 simili
1099 653 1126 675 et
1137 649 1236 676 virtute
1248 653 1328 684 alque
1344 650 1439 676 horum
1456 650 1586 685 oppositis
1604 650 1704 677 dicitur

919 695 1004 729 magis
1019 698 1046 722 et
1064 694 1164 721 minus.
1175 693 1243 721 Vere
1259 694 1329 721 enim
1348 695 1400 722 dici
1419 700 1515 729 potest,
1529 696 1600 723 hunc
1612 696 1650 723 illi
1667 697 1704 723 si-

918 739 1008 766 milem
1024 746 1098 771 esse,
1114 742 1140 765 et
1159 738 1249 766 minus
1264 743 1309 765 aut
1324 739 1410 772 magis
1426 740 1541 768 similem
1552 760 1559 773 ,
1576 745 1602 768 et
1618 741 1704 775 magis

919 789 965 812 aut
986 785 1074 813 minus
1102 784 1216 820 justum.
1233 784 1265 811 Et
1284 784 1317 812 de
1341 785 1425 820 magis
1460 786 1540 821 duplo
1560 791 1587 814 et
1618 788 1704 815 medio

918 830 970 857 dici
993 837 1045 857 non
1067 833 1157 865 potest
1183 830 1269 864 magis
1294 830 1392 864 majus,
1418 831 1459 858 vel
1484 832 1569 866 magis
1597 833 1705 865 minus,

918 880 964 904 aut
976 876 1061 911 magis
1070 876 1191 911 duplum,
1201 876 1243 903 vel
1252 876 1337 910 magis
1347 876 1624 910 medium.Qualitatis
1632 878 1705 906 enim

919 921 1022 957 species
1039 922 1180 957 ineapaces
1191 929 1250 950 esse
1264 921 1423 956 quantitatis
1439 930 1473 949 ex
1489 922 1580 950 multis
1594 924 1706 952 demon-

920 971 1032 994 stratum
1049 972 1099 995 est.
1116 967 1144 995 Si
1166 975 1230 1003 ergo
1251 968 1340 995 simile
1363 967 1523 1003 quantitatis
1543 975 1628 1003 capax
1649 974 1706 1002 est.

920 1013 1070 1048 recipitque
1083 1014 1167 1049 magis
1177 1019 1202 1040 et
1212 1014 1308 1046 minus,
1319 1013 1458 1040 dimidium
1477 1021 1541 1042 vero
1555 1019 1583 1042 et
1598 1015 1707 1050 duplum

921 1059 947 1086 id
957 1060 1152 1095 nongrecipiunt
1165 1069 1171 1092 ;
1186 1068 1238 1087 non
1252 1067 1316 1095 ergo
1328 1059 1450 1094 ejusdem
1465 1060 1573 1096 generis
1584 1061 1636 1088 erit
1646 1069 1707 1088 eum

921 1105 954 1132 iis
969 1113 1028 1141 quze
1043 1111 1107 1133 sunt
1121 1106 1154 1133 ad
1169 1106 1282 1141 aliquid.

1258 1265 1374 1294 ALIUD.

957 1320 1042 1356 Magis
1058 1321 1114 1349 sive
1130 1322 1215 1357 majus
1229 1323 1407 1351 intentionem
1422 1327 1504 1358 atque
1521 1323 1713 1352 excellentiam

922 1365 1034 1402 alicujus
1053 1367 1091 1394 rei
1111 1368 1260 1402 significat,
1277 1376 1329 1396 non
1349 1374 1438 1396 autem
1459 1370 1591 1397 dissimile
1608 1370 1709 1404 aliquid

921 1416 949 1439 et
969 1413 1121 1447 oppositum
1145 1413 1257 1441 indicat.
1281 1413 1375 1442 Simile
1396 1422 1461 1442 vero
1486 1423 1538 1442 non
1562 1415 1626 1443 item
1641 1423 1648 1441 :
1663 1415 1710 1446 tle-

922 1463 1056 1486 monstrat
1071 1460 1141 1487 enim
1160 1460 1186 1487 id
1203 1460 1273 1494 quod
1290 1460 1420 1488 dissimile
1435 1465 1487 1488 est.
1504 1460 1621 1488 Amissio
1636 1461 1708 1489 enim

924 1505 1032 1537 similis,
1046 1505 1177 1532 dissimile
1191 1505 1272 1533 efficit
1287 1514 1293 1533 :
1308 1506 1375 1533 adde
1388 1507 1460 1541 quod
1474 1506 1605 1533 dissimile
1618 1507 1710 1541 sequi-

924 1554 967 1578 tur
981 1551 1106 1585 privatio.
1123 1550 1206 1586 lilagis
1221 1559 1285 1579 vero
1301 1556 1328 1579 et
1343 1552 1432 1579 minus
1447 1559 1507 1579 cum
1523 1553 1578 1579 sint
1592 1552 1710 1581 intensio

923 1595 1036 1630 alicujus
1058 1595 1106 1629 rei,
1128 1603 1250 1630 quamam
1274 1596 1299 1623 in
1320 1595 1362 1623 his
1383 1597 1505 1629 amissio,
1528 1601 1575 1624 aut
1594 1597 1710 1632 privatio

923 1641 1005 1668 statui
1027 1645 1123 1676 potest.
1143 1645 1171 1667 ut
1193 1641 1218 1667 in
1242 1641 1384 1668 dissimili?
1403 1641 1481 1669 Nulla
1502 1647 1586 1670 certe.
1606 1642 1710 1670 Diversi

924 1686 1006 1720 igitur
1020 1687 1128 1720 generis
1143 1691 1207 1714 sunt
1222 1687 1311 1714 simile
1325 1691 1353 1715 et
1369 1688 1467 1723 majus.

923 1786 1041 1818 ALIUD,
1056 1788 1239 1814 demonstrans
1257 1795 1302 1821 per
1315 1787 1342 1813 id
1358 1788 1426 1821 quod
1443 1787 1542 1815 dicitur
1558 1788 1637 1816 Pater
1650 1798 1708 1816 mrt-

956 1821 1012 1856 jor,
1027 1822 1106 1848 simul
1120 1823 1198 1848 etiam
1214 1822 1310 1856 inferre
1325 1822 1436 1856 Fifium,
1454 1824 1540 1850 minor
1553 1829 1639 1852 autem
1654 1826 1710 1860 ipso

959 1865 1010 1883 non
1024 1861 1072 1884 est.

962 1920 990 1948 Si
1007 1920 1067 1955 quis
1083 1921 1204 1949 nominet
1222 1922 1325 1956 majus,
1342 1922 1496 1950 necessario
1512 1922 1594 1949 etiam
1614 1923 1711 1950 inferet

925 1964 996 1992 aliud
1011 1964 1147 1999 quidpiam
1163 1970 1259 2000 praeter
1283 1967 1308 1993 id
1323 1966 1401 2001 cujus
1418 1971 1541 2001 respectu
1555 1967 1644 2002 majus
1656 1971 1709 1996 est.

926 2011 1001 2044 Quod
1016 2018 1076 2037 eum
1092 2011 1128 2038 ita
1145 2011 1254 2039 omnino
1270 2019 1300 2039 se
1315 2012 1428 2045 habeat,
1443 2020 1492 2048 age
1507 2013 1558 2040 hac.
1572 2015 1654 2041 etiam
1669 2022 1711 2042 ra-

927 2056 999 2083 tione
1014 2055 1129 2083 divinam
1145 2058 1345 2090 generationem
1362 2057 1551 2092 exploremus,
1564 2063 1591 2086 et
1605 2066 1710 2086 sermo-

926 2109 987 2129 nem
1004 2101 1037 2129 de
1052 2101 1132 2129 Patre
1147 2107 1175 2129 et
1190 2102 1257 2130 Filio
1272 2103 1474 2138 investigemus.
1489 2103 1557 2132 Cum
1573 2104 1656 2138 igitur
1669 2105 1711 2132 di—

926 2148 996 2176 citur
1014 2148 1101 2182 major
1117 2148 1207 2181 Pater,
1226 2148 1341 2176 infertur
1359 2150 1470 2178 omnino
1489 2150 1570 2178 etiam
1593 2150 1618 2178 id
1639 2151 1710 2186 quod

926 2193 1086 2222 relationem
1110 2195 1143 2222 ad
1168 2195 1256 2229 ipsum
1280 2195 1377 2228 habet,
1400 2196 1527 2223 nimirum
1550 2197 1711 2231 significatio

78 2239 142 2265 καθ’
155 2237 192 2275 ἧς
212 2240 245 2266 το
259 2239 371 2266 ἔλαττον
387 2239 492 2267 νοοῦσιν
512 2241 537 2267 οἱ
559 2241 748 2276 χριστομάχοι.
765 2242 871 2268 Συνεισ-

929 2238 1001 2272 Filii,
1014 2240 1039 2266 in
1051 2247 1104 2275 qua
1116 2240 1205 2268 minus
1215 2241 1384 2268 constituunt
1395 2242 1487 2269 hostes
1498 2242 1610 2270 Christi.
1622 2243 1714 2276 Quatt-

79 2285 242 2321 ενεχΘὲντος
256 2286 403 2321 τοιγαροῦν
422 2286 575 2321 ἀναγκαίως
592 2286 630 2321 τῷ
640 2288 728 2321 Haupt
739 2287 874 2326 τουΥῐοῦ,

80 2331 151 2366 φέρε
174 2331 371 2367 δοκιμάξωμεν
387 2331 444 2364 πῶς
461 2332 516 2365 ἔξει
539 2332 569 2359 τὸ
588 2333 680 2368 μεῖζον
693 2334 706 2360 6
723 2333 829 2369 Πατήρ.
845 2334 877 2360 El

80 2376 137 2412 γὰρ
152 2375 236 2410 φύσει
253 2375 319 2407 Θεὸς
333 2377 348 2402 6
365 2376 437 2408 Υἱὸς,
450 2376 574 2412 καθάπερ
589 2376 635 2403 καὶ
650 2377 664 2403 6
680 2376 785 2412 Πατὴρ,
798 2376 884 2411 φύσει.

81 2421 197 2454 ἀγαθὸς,
224 2420 304 2455 φύσει
326 2421 501 2457 δημιουργὸς,
526 2421 606 2456 φύσει
634 2421 771 2457 βασιλεὺς,
802 2423 878 2449 ποῖον

83 2466 162 2493 ἔσται
174 2467 207 2493 τὸ
226 2465 319 2502 μεῖζον
333 2468 361 2493 ὲν
377 2467 475 2502 Πατρὶ,
492 2467 599 2502 ἔχοντος
615 2468 685 2495 αὐτὰ
703 2468 813 2501 τελείως
830 2468 879 2495 καὶ

83 2513 130 2539 τοῦ
146 2514 230 2547 Υἱοῦ;
245 2515 277 2541 Εἰ
294 2513 323 2540 δὲ
341 2514 380 2550 μὴ
403 2513 460 2549 ἔχει
479 2513 598 2547 τελείως,
613 2513 672 2545 πῶς
689 2514 755 2546 Θεὸς
774 2515 832 2540 ἐστι
848 2513 879 2540 τὺ

84 2556 106 2594 ᾧ
115 2560 205 2587 τιτῶν
217 2560 329 2595 ἀγαθῶν
341 2560 441 2593 ὲνδεεῖ;
452 2560 487 2586 Τὸ
496 2560 550 2595 γὰρ
565 2559 640 2586 οῠπω
654 2559 701 2595 τῆς
717 2560 879 2596 ὀφειλούσης

86 2608 225 2642 προσεῖναι
242 2606 303 2642 Θεῷ
320 2606 487 2642 τελειότητος
501 2605 710 2641 ἐπειλημμένον,
724 2607 774 2632 οὐκ
791 2606 823 2633 ἃν
837 2607 880 2643 είή

89 2651 165 2685 φύσει
181 2652 249 2684 Θεός
259 2660 266 2666 ’
285 2651 369 2686 φύσει
382 2651 411 2677 δὲ
422 2651 488 2682 Θεὸς
502 2652 516 2677 6
526 2650 599 2682 Υἱός·
614 2651 715 2683 τέλειος
729 2651 783 2686 ἄρα
796 2651 880 2678 καθὰ-

89 2705 139 2734 περ
160 2699 207 2725 καὶ
220 2699 234 2724 6
250 2697 478 2734 Πατήρ.¹Επειδὴ
501 2697 528 2724 δὲ
552 2698 654 2730 τέλειος
673 2698 688 2724 6
705 2698 810 2733 Πατὴρ,
831 2698 881 2724 οὐκ

90 2744 202 2771 ἐλάττων
215 2745 331 2780 δηλαδή.
347 2744 537 2779 Οἰκονομικῶς
554 2744 583 2771 δέ
603 2753 685 2779 φησιν
708 2744 804 2771 ἑαυτοῦ
822 2744 882 2780 μεί-

91 2790 150 2821 Cava.
161 2791 206 2818 τὸν
220 2790 373 2827 Πατέρα,ἢ
387 2789 457 2817 καθὸ
470 2790 579 2824 γέγονεν
593 2790 747 2825 ἄνθρωπος,
757 2799 883 2826 παραχω-

93 2837 139 2866 ρῶν
150 2839 181 2874 τῇ
194 2838 245 2874 τῆς
257 2837 391 2872 θεότητος
403 2835 484 2870 φύσει
495 2836 524 2862 το
533 2836 676 2871 ὑπερέχειν
687 2836 740 2863 τῶν
751 2836 880 2873 γενητῶν·

92 2884 129 2911 καὶ
142 2885 178 2919 τῷ
194 2885 267 2913 κατά
286 2883 373 2918 φύσιν
387 2881 484 2916 Κυρίῳ
498 2882 527 2908 τὸ
540 2883 593 2910 ἅνω
612 2882 716 2910 κεῖσθαι
731 2882 816 2915 διδοὺς
836 2883 883 2917 τῆς

929 2285 1074 2320 doquidem
1090 2293 1155 2321 ergo
1172 2287 1335 2314 necessario
1347 2294 1400 2315 una
1417 2295 1479 2314 eum
1498 2287 1580 2315 Patre
1597 2288 1714 2315 infertur

928 2329 1024 2363 Filius,
1036 2337 1094 2365 age,
1104 2331 1291 2359 examinemus
1306 2339 1360 2365 quo
1377 2331 1455 2366 pacto
1471 2332 1553 2359 Pater
1566 2334 1653 2367 major
1665 2334 1711 2361 ait.

928 2374 957 2402 Si
975 2375 1046 2403 enim
1064 2375 1149 2403 Filius
1165 2380 1211 2404 est
1224 2380 1322 2404 natura
1339 2377 1424 2409 Deus,
1440 2377 1667 2412 quemadmodum
1685 2382 1714 2404 et

927 2421 1008 2449 Pater
1021 2426 1062 2450 est
1075 2426 1170 2450 natura
1186 2423 1289 2455 bonus,
1298 2427 1392 2450 natura
1407 2427 1524 2455 creator,
1540 2426 1637 2450 natura
1651 2430 1710 2456 rex,

928 2467 1069 2502 qualenam
1084 2468 1138 2496 erit
1151 2468 1238 2503 majus
1254 2469 1280 2497 in
1295 2469 1386 2502 Patre,
1399 2469 1452 2504 91
1467 2476 1527 2496 cum
1541 2473 1569 2496 et
1582 2469 1666 2496 Filius
1681 2477 1713 2496 ea

928 2513 1047 2548 perfecte
1069 2514 1182 2541 habeat?
1203 2514 1231 2541 Si
1252 2521 1316 2542 vero
1335 2514 1453 2549 perfecte
1473 2521 1527 2542 non
1549 2514 1639 2547 habet,
1660 2521 1715 2548 quo

929 2564 1008 2594 pacto
1020 2559 1072 2587 dici
1083 2564 1172 2594 potest
1184 2561 1255 2587 Deus
1267 2560 1290 2588 is
1301 2561 1344 2588 cui
1359 2560 1467 2594 aliquod
1479 2560 1610 2587 bonorum
1623 2559 1715 2587 deest!

931 2604 959 2632 Id
976 2605 1048 2632 enim
1064 2606 1135 2640 quod
1149 2612 1209 2632 eam
1224 2613 1285 2639 qua:
1302 2605 1389 2633 inesse
1403 2605 1458 2633 Deo
1474 2606 1554 2633 debet
1571 2605 1715 2640 perfectio-

933 2658 995 2677 nem
1011 2658 1062 2678 non
1078 2650 1174 2684 habet,
1188 2650 1258 2678 Deus
1271 2657 1366 2678 natura
1380 2658 1442 2678 esse
1453 2658 1506 2679 non
1521 2655 1626 2685 potest;
1641 2651 1715 2686 atqui

931 2697 1016 2724 Filius
1036 2702 1079 2724 est
1100 2697 1169 2724 Deus
1190 2701 1286 2724 natura
1304 2706 1311 2724 :
1330 2696 1467 2732 perfectus
1486 2697 1567 2731 igitur
1584 2697 1716 2731 quemad-

932 2743 1042 2770 modum
1054 2748 1080 2770 et
1092 2743 1182 2770 Pater.
1192 2742 1259 2770 Cum
1273 2749 1336 2770 vero
1349 2742 1483 2777 perfectus
1494 2742 1530 2768 sit
1540 2741 1632 2775 Pater,
1643 2747 1716 2769 certe

933 2789 1022 2815 minor
1034 2797 1085 2816 non
1099 2794 1151 2816 est.
1164 2788 1297 2816 (Steterunt
1312 2792 1433 2822 respectu
1447 2788 1643 2816 incarnationis
1656 2795 1716 2815 ma-

931 2835 1018 2869 jorem
1033 2835 1098 2863 dicit
1112 2836 1229 2868 Patrem,
1244 2835 1300 2862 sive
1313 2839 1446 2870 quatenus
1462 2834 1550 2863 factus
1564 2839 1605 2862 est
1620 2835 1715 2866 homo;

936 2881 1058 2910 tribuens
1079 2881 1130 2910 hoc
1151 2886 1253 2910 naturae
1273 2881 1420 2911 divinitatis
1442 2885 1470 2908 ut
1491 2879 1623 2909 creaturis
1643 2884 1715 2907 ame-
