1904 3026
190 133 237 159 liii
700 133 728 160 S.
749 133 885 160 CYBILLI
906 133 1141 162 ALEXANDBINI
1160 136 1320 164 ARCHIEP.

1767 135 1821 162 152

188 190 284 227 cellat;
308 194 336 217 et
354 190 473 225 Domino
496 189 644 218 secundum
668 193 792 216 naturam
816 190 868 216 hoc
890 189 970 217 ascri-

1039 189 1069 217 οὖ
1080 190 1174 217 δούλου
1187 191 1303 226 μορφῆς,
1313 192 1336 217 εί
1348 190 1396 217 καὶ
1409 191 1450 218 ὅτι
1466 190 1584 226 μάλιστα
1594 192 1640 219 καὶ
1651 192 1734 224 αὐτὸς
1745 193 1821 219 κατὰ

188 238 255 264 bens
267 236 339 272 quod
352 235 444 264 servili
457 235 545 264 forma
561 235 640 270 longe
655 234 777 269 superior
788 238 829 262 est
842 254 849 267 ,
864 235 972 262 tametsi

187 282 268 309 etiam
289 282 347 317 ipse
364 281 513 310 secundum
531 285 655 308 naturam
673 280 804 308 Dominus
821 281 873 313 sit;
891 284 972 315 atque

187 328 224 355 ita
243 327 351 363 quidem
372 327 494 356 tribuens
512 327 596 360 Patri,
616 331 646 353 ul.
664 325 749 361 major
766 325 811 359 sit,
831 331 862 352 ut
881 331 972 353 tamen

187 375 245 408 ipse
262 374 329 401 nihil
348 374 438 402 minus
454 373 552 401 habeat
568 373 673 399 ratione
689 371 822 399 essentiae.
841 373 879 399 Ita
898 373 971 400 enim

185 420 239 447 erit
252 427 346 447 verum
360 419 485 454 genimen
500 423 581 453 alque
596 418 684 452 imago
696 417 845 451 Genitoris,
859 425 912 446 non
926 418 973 446 ali-

186 471 238 498 qua
253 471 286 491 ex
302 469 379 498 parte
394 469 538 498 expressa,
556 462 602 489 sed
619 463 803 490 omnimodam
818 463 971 492 similitudi-

186 517 247 536 nem
267 516 326 536 cum
347 509 404 544 ipso
421 508 541 540 habens;
559 507 643 535 solius
657 515 723 536 vero
738 509 829 537 decori
846 517 928 538 causa
943 515 973 537 ut

185 554 270 581 Filius
285 553 415 588 majorem
432 553 562 581 honorem
580 553 651 581 Patri
669 554 772 582 tribuit.

226 624 355 650 Adversus
373 622 496 656 dicentes,
512 624 582 657 quod
601 622 681 650 Pater
695 623 730 650 sit
747 623 928 659 majorj‘ii’io.

407 713 526 747 Obieclio
542 715 737 741 hereticorum.

217 770 310 804 Pater,
332 771 474 805 inquiunt,
498 777 608 806 semper
627 776 704 803 crat,
728 770 812 798 Filius
833 778 897 798 vero
918 777 971 798 non

182 816 289 851 semper
306 825 312 843 :
330 824 384 851 quo
400 822 480 851 pacto
499 816 580 851 igitur
597 823 649 844 non
668 817 721 843 erit
739 815 824 850 major
838 816 884 850 qui
902 823 971 843 sem-

1026 235 1107 270 φὺσιν
1127 236 1238 271 Κύριος,
1263 237 1279 272 ἢ
1304 236 1334 263 τὸ
1356 237 1447 272 μεῖζον
1467 238 1638 273 παραχωρῶν
1659 238 1697 270 ὡς
1715 237 1819 273 "arpi,

1025 283 1101 310 οὐδὲν
1119 282 1170 318 μὲν
1184 280 1265 317 ἦττον
1281 282 1348 318 ἔχων
1364 282 1446 309 αὐτοῦ
1461 283 1531 310 κατὰ
1546 284 1590 310 τὸν
1600 284 1650 320 τῆς
1666 284 1762 315 οὐσίας
1775 283 1822 310 λὸ-

1025 339 1084 365 γον.
1093 329 1172 356 Οὕτω
1185 329 1239 365 γὰρ
1251 329 1284 357 ἂν
1300 329 1342 365 εἴη
1357 330 1405 356 καὶ
1418 331 1529 364 γνήσιον
1541 330 1663 366 γέννημα
1674 331 1722 358 καὶ
1733 330 1820 357 εἰκὼν

1025 377 1109 408 ὅντως
1120 376 1168 403 τοῦ
1181 376 1386 411 γεγεννηκότος,
1401 377 1430 402 οὺ
1445 376 1514 403 κατά
1526 385 1551 403 τι
1564 376 1822 412 παρακεχαραγμέ-

1025 432 1069 457 νη,
1085 422 1142 449 ἀλλ’
1161 422 1307 458 ὁλόκληρον
1330 422 1399 458 πρὸς
1423 422 1504 449 αὐτὸν
1523 422 1645 454 σώζουσα
1658 423 1709 458 τὴν
1727 422 1820 458 ἐμφέ-

1028 478 1102 504 ρειαν
1115 477 1121 484 '
1145 469 1189 496 διὰ
1214 469 1242 495 δὲ
1268 468 1348 504 μόνον
1365 469 1395 494 τὸ
1409 468 1515 503 πρέπον
1537 468 1575 500 ὡς
1590 469 1654 501 Υἱὸς
1671 469 1711 504 τῷ
1727 468 1820 503 Πατρὶ

1025 515 1109 551 τιμὴν
1123 515 1268 550 ἀπονέμων
1281 514 1330 550 τὴν
1347 514 1466 550 μείζονα.

1024 627 1104 660 Πρὸς
1123 626 1199 659 ’τοὺς
1222 627 1366 661 λέγοντας
1379 627 1451 689 ,Υῗτέ
1471 626 1578 662 μείζων
1597 629 1614 654 ὀ
1632 627 1735 662 Πατὴρ
1763 629 1820 656 τοῦ

1417 671 1462 689 ου.

1417 671 1462 689 ου.

1155 719 1315 752 amem;
1334 719 1373 751 ὡς
1391 719 1425 745 ἐκ
1444 719 1504 745 τῶν
1522 720 1688 754 αἱρετικῶν.

1066 775 1095 801 '0
1110 774 1215 810 Πατὴρ,
1232 775 1324 810 φησιν,
1340 772 1374 810 ἦν
1389 775 1442 806 ἀεὶ,
1459 777 1508 802 οὐκ
1523 776 1607 802 ἀεὶδὲ
1626 777 1640 802 6
1656 775 1719 808 Υἱὸς
1732 784 1739 790 ·
1759 775 1821 806 πῶς

1025 819 1071 848 οὗν
1085 820 1135 846 οὐκ
1151 820 1226 846 ἔσται
1245 820 1345 854 μείζων
1358 821 1372 846 6
1387 821 1431 846 ἀεὶ
1447 821 1576 856 ὑπάρχων
1598 821 1645 847 τοῦ
1669 821 1707 856 μὴ
1729 820 1820 851 οὕτως

182 870 230 897 per
249 862 359 890 exsistit
376 869 408 890 eo
421 863 467 897 qui
482 870 535 889 non
550 862 676 897 semper?
688 862 741 889 Aut
755 869 808 897 quo
822 868 900 896 pacto
915 870 967 889 non

1038 862 1111 898 v:o;';
1130 865 1190 896 Πῶς
1205 865 1234 891 δὲ
1247 864 1297 890 οὐκ
1314 865 1432 891 ἐλάττων
1446 865 1492 892 τοῦ
1507 865 1601 898 ἀῖδὶως
1614 866 1786 901 ὑπάρχοντος
1803 866 1820 892 ὁ

182 910 218 936 sit
235 909 323 936 minor
337 916 370 936 eo
386 908 431 944 qui
449 910 482 936 ab
500 913 602 936 aeterno
617 909 725 936 exsistit
743 909 766 935 is
781 909 826 943 qui
852 914 970 936 aeternus

182 961 235 981 non
258 954 319 981 est?
341 953 369 981 Si
390 962 454 981 vero
477 954 562 988 major
583 957 624 982 est
647 954 729 982 Pater
750 954 834 987 Filio,
858 954 972 982 diversae

181 1000 262 1027 etiam
277 1001 402 1028 essentiae
417 1000 451 1027 ab
466 1000 524 1035 ipso
539 1000 601 1027 erit.

430 1067 534 1094 Salutio
552 1067 717 1102 objectionir.

219 1125 368 1161 Oportebat.
382 1132 447 1152 sane
464 1133 516 1153 non
535 1125 571 1152 ita
590 1126 680 1160 inepte
696 1129 776 1160 atque
793 1126 897 1153 ruditer
911 1133 971 1160 pro-

181 1171 243 1204 poni
260 1177 369 1204 gravem
387 1170 474 1202 hanc,
491 1174 519 1196 et
539 1169 682 1204 imperitim
696 1174 792 1197 vestrae
808 1171 972 1198 convenien-

181 1222 236 1244 tem
250 1217 439 1252 quzestionem.
452 1215 520 1243 Nam
533 1224 594 1244 cum
607 1217 792 1244 diversitatem
805 1218 931 1244 essentize
944 1217 970 1244 in

180 1261 261 1289 Patre
273 1266 300 1288 et
313 1261 382 1289 Filio
395 1262 507 1296 urgetis,
522 1262 648 1296 imperite
661 1262 807 1290 admodum
822 1270 854 1290 ex
870 1263 972 1297 majore

179 1312 208 1335 et
222 1308 326 1335 minore
339 1308 365 1336 id
379 1308 494 1342 probare
507 1308 623 1336 studelis
639 1317 646 1335 :
662 1309 773 1343 proinde
786 1316 817 1336 ac
831 1309 852 1336 si
867 1316 897 1336 ea
911 1316 971 1343 qute

179 1354 276 1382 horum
294 1354 403 1389 capacia
421 1359 494 1386 sunt,
512 1356 667 1382 necessario
686 1355 755 1382 inter
771 1362 800 1382 se
818 1355 969 1382 substantia

179 1399 316 1428 differant.
328 1400 410 1435 Atqui
426 1400 523 1436 lapidis
538 1401 647 1436 quidem
663 1402 696 1428 ad
711 1401 839 1436 lapidem,
855 1401 917 1436 ligni
935 1401 969 1427 ad

179 1446 298 1481 lignum,
315 1445 430 1473 hominis
447 1447 479 1473 ad
496 1446 650 1479 hominem,
668 1446 827 1473 substantia:
844 1446 913 1472 ratio
930 1450 971 1472 est

178 1492 284 1520 eadem.
300 1492 406 1520 Accidit
423 1498 512 1519 tamen
533 1493 598 1527 ipsis
614 1497 642 1520 et
659 1493 745 1528 majus
762 1498 789 1519 et
808 1493 910 1519 minus.
927 1492 971 1518 Li-

179 1544 260 1571 gnum
275 1537 348 1564 enim
363 1537 436 1572 ligno
452 1538 540 1572 majus
556 1538 705 1564 secundum
721 1538 833 1572 aliquid,
849 1544 874 1564 et
890 1538 969 1564 vicis-
986 1565 1004 1574 Α

984 1567 1004 1593 C
1026 1567 1073 1609 uati
1089 1567 1117 1608 τὸ
1133 1583 1224 1618 μεῖζον
1240 1567 1290 1609 οιαὶ
1313 1567 1466 1609 ’τὺ-ἔλαττον
1477 1591 1483 1598 ·
1501 1567 1579 1615 ξύλον
1593 1582 1646 1617 γὰρ
1663 1582 1742 1614 ξύλου
1760 1567 1822 1617 μεῖ-

179 1583 230 1610 sim
248 1583 337 1612 minus
354 1589 476 1619 apparet.
491 1584 558 1611 Cum
576 1584 658 1619 igitur
672 1585 754 1611 etiam
772 1585 804 1611 iis
820 1593 879 1620 qum
896 1584 968 1618 ejus-

179 1630 238 1657 dem
253 1630 412 1659 substantiae
425 1635 487 1657 sunt
501 1631 589 1666 majus
601 1635 629 1658 et
644 1631 732 1657 minus
747 1631 862 1664 accidat,
879 1631 971 1663 inepte

178 1683 228 1703 vos
247 1683 280 1704 ex
300 1677 351 1704 hoc
369 1677 554 1704 diversitatem
574 1678 700 1705 essentia:
718 1678 743 1704 in
761 1677 841 1705 Patre
857 1684 884 1705 et
901 1677 970 1705 Filio

179 1723 369 1750 demonstrare
393 1723 526 1755 nititnini,
546 1727 719 1757 vestramque
741 1724 903 1750 dementiam
928 1724 970 1750 ni-

180 1769 327 1796 hilominus
348 1777 396 1803 per
413 1769 471 1796 haec
487 1769 643 1796 declaratis.
663 1769 787 1804 [Equalis
805 1770 877 1796 enim
895 1769 968 1796 Patri

179 1814 316 1842 cxsistens
329 1813 430 1848 Filius,
446 1815 579 1842 minorem
595 1822 624 1843 se
641 1814 704 1842 facit
721 1815 824 1842 ratione
840 1815 968 1842 incarna-

180 1859 271 1895 tionis,
288 1865 317 1888 ut
330 1860 458 1888 diximus.

472 2009 526 2044 92
546 2008 661 2038 ALIUD.

214 2078 282 2110 Qua:
303 2077 418 2104 naturali
442 2077 513 2104 inter
531 2085 562 2105 se
584 2077 763 2105 similitudine
784 2085 836 2104 non
861 2077 971 2110 conjun-

180 2128 291 2158 gnntur,
307 2128 334 2150 et
351 2123 457 2150 ratione
473 2123 598 2150 essentia:
615 2123 752 2155 diti'erunt,
773 2130 820 2157 per
836 2123 927 2149 simile
944 2128 972 2149 et

181 2169 327 2202 dissimile,
343 2177 396 2197 non
413 2177 478 2198 vero
494 2177 541 2204 per
557 2170 643 2205 majus
657 2173 684 2196 et
701 2169 789 2196 minus
804 2169 970 2196 discernun-

1026 913 1062 948 μὴ
1079 911 1161 943 ἀΐδιος
1177 911 1230 944 ὢν;
1256 911 1286 937 Εἰ
1302 911 1330 937 δὲ
1354 911 1455 946 μείζων
1470 913 1483 938 6
1498 912 1592 948 Πατὴρ
1608 912 1653 939 τοῦ
1671 912 1749 944 Υἰοῦ,
1769 910 1821 938 καὶ

1024 957 1192 994 ὲτεροούσιος
1206 956 1259 991 ἄρα
1278 956 1345 992 πρὸς
1359 957 1450 984 αὐτόν.

1259 1068 1338 1101 Πρὸς
1357 1067 1451 1094 ταῦτα
1468 1067 1569 1101 λύσις.

1067 1125 1174 1160 Ἐχρῆν,
1192 1122 1215 1152 ὦ
1229 1124 1374 1159 βέλτιστοι,
1391 1124 1428 1159 μὴ
1452 1124 1512 1150 λίαν
1538 1123 1609 1150 οὕτω
1627 1124 1721 1155 κακῶς
1749 1123 1820 1159 μηδὲ

1023 1171 1143 1206 ἀτέχνως
1157 1169 1318 1205 προκεῖσθαι
1331 1169 1361 1196 τὸ
1374 1170 1455 1204 σοφὸν
1468 1169 1500 1205 δὴ
1512 1170 1591 1196 τοῦτο
1607 1171 1656 1205 τῆς
1672 1170 1737 1205 ὑμῖν
1749 1178 1819 1205 πρε-

1024 1217 1127 1251 πούσης
1152 1216 1271 1251 ἀμαθίας
1297 1215 1453 1250 πρόὸλημα.
1472 1216 1651 1252 Είσφέροντες
1673 1217 1727 1251 γὰρ
1751 1217 1821 1251 ἡμῖν

1023 1262 1069 1290 ὲπὶ
1084 1271 1112 1289 τε
1128 1261 1234 1297 Πατρὺς
1250 1261 1297 1288 καὶ
1312 1260 1377 1287 Υίοΰ
1392 1261 1422 1287 τὸ
1437 1261 1616 1296 ἑτεροούσιον,
1630 1262 1684 1288 ἀπὸ
1699 1262 1745 1288 τοῦ
1760 1261 1822 1297 μεέ-

1024 1307 1099 1341 ζονος
1111 1308 1157 1334 καὶ
1173 1307 1220 1334 τοῦ
1237 1307 1378 1338 ἐλάττονος
1391 1306 1440 1342 τὴν
1453 1307 1590 1340 ἀπόδειξιν
1602 1307 1718 1343 ἀμαθῶς
1732 1309 1821 1334 ποιεῖ-

1024 1355 1086 1381 σΟαι
1116 1353 1291 1386 σπουδάζετε,
1317 1352 1412 1388 ὥσπερ
1433 1354 1590 1387 ἀναγκαίως
1609 1354 1726 1389 ἐχόντων
1751 1353 1821 1388 πρὸς

1023 1400 1125 1435 ἄλληλα
1139 1400 1187 1435 τὴν
1202 1399 1437 1435 ὲτεροουσιὸτητα,
1448 1400 1501 1425 τῶν
1516 1400 1565 1425 ὅσα
1578 1399 1680 1426 τούτων
1696 1400 1821 1434 πέφυκεν

1023 1445 1092 1472 εἶναι
1116 1446 1237 1472 δεκτικά.
1256 1445 1352 1472 Καίτοι
1369 1446 1439 1481 ξύλῳ
1461 1445 1510 1481 μὲν
1535 1446 1616 1472 παντὶ
1640 1445 1709 1480 πρὸς
1728 1442 1819 1478 ξύλον,

1023 1492 1070 1518 καὶ
1087 1492 1152 1527 λίθῳ
1175 1492 1242 1527 προς
1258 1491 1342 1524 λίθον,
1359 1493 1406 1518 καὶ
1423 1491 1557 1527 ἁνϐρώπῳ
1581 1491 1647 1526 πρὸς
1664 1491 1820 1526 ἄνῦρωπον,

1023 1539 1072 1572 τῆς
1091 1537 1139 1571 μὲν
1156 1537 1250 1568 οὐσίας
1272 1538 1286 1563 ὁ
1309 1537 1387 1570 λόγος
1401 1539 1414 1563 6
1428 1537 1519 1567 αὑτός.
1548 1537 1683 1572 Πρόσεστι
1700 1536 1728 1562 δὲ
1745 1536 1822 1568 ὅμως

1026 1630 1072 1661 ζον
1099 1630 1169 1656 κατά
1187 1638 1224 1662 τι,
1241 1630 1288 1655 καὶ
1317 1629 1398 1655 πάλιν
1426 1630 1527 1664 ὁμοίως
1556 1629 1665 1655 ἔλαττον
1682 1629 1820 1663 φαίνεται.

1032 1675 1221 1710 Ἐμόαίνοντος
1237 1675 1325 1701 τοίνυν
1347 1676 1394 1702 καὶ
1415 1676 1462 1702 ἐπὶ
1487 1675 1542 1702 τῶν
1559 1675 1710 1710 ὁμοουσίων
1730 1675 1777 1701 τοῦ
1791 1683 1821 1701 τε

1027 1721 1149 1756 μείζονος
1164 1722 1211 1747 καὶ
1225 1720 1271 1747 τοῦ
1287 1721 1439 1753 ἐλάττονος,
1458 1722 1593 1758 περιττῶς
1611 1722 1690 1756 ὑμεῖς
1703 1722 1750 1747 ἐπὶ
1765 1722 1822 1747 Πα-

1023 1767 1088 1802 τρὸς
1109 1767 1156 1793 καὶ
1174 1766 1238 1793 Υἱοῦ
1258 1767 1361 1802 ταύτην
1375 1768 1512 1801 ἀπόδειξιν
1527 1768 1646 1794 ποιεῖσθε
1659 1767 1707 1794 τοῦ
1726 1768 1820 1803 ἑτερο-

1023 1813 1128 1840 ουσίου·
1147 1814 1192 1839 καὶ
1209 1813 1253 1839 διὰ
1264 1813 1366 1839 τούτων
1381 1813 1408 1839 δὲ
1422 1814 1498 1840 οὐδὲν
1514 1810 1594 1848 ἧττον
1607 1814 1639 1849 λη
1646 1814 1757 1849 ροῦντες
1774 1814 1820 1840 εὗ-

1025 1860 1236 1895 ρίσκεσΟε.Ἵσο;
1256 1859 1310 1893 γὰρ
1334 1859 1465 1895 ὑπάρχων
1490 1861 1504 1886 6
1519 1860 1584 1891 Υἱὸς
1605 1860 1644 1896 τῷ
1664 1861 1764 1896 Πατρὶ,
1788 1859 1818 1885 τὸ

1024 1907 1133 1934 ἔλαττον
1158 1908 1199 1942 ἐφ’
1214 1906 1310 1934 ἑαυτοῦ
1332 1906 1439 1942 τίθησιν
1456 1907 1645 1942 οἰκονομικῶς,
1671 1909 1709 1940 ὡς
1733 1908 1820 1934 δέξει-

1026 1962 1097 1980 κται.

1366 2011 1468 2038 AAAO.

1059 2076 1098 2102 Τὰ
1113 2076 1163 2109 τῆς
1178 2076 1245 2121 προς
1261 2075 1364 2111 ἄλληλα
1387 2077 1505 2112 φυσικῆς
1527 2077 1685 2113 ὁμοιότητος
1701 2077 1818 2114 ἑστερη-

1024 2122 1102 2155 μένα,
1119 2121 1166 2147 καὶ
1182 2121 1253 2147 κατὰ
1265 2121 1311 2148 τὸν
1326 2121 1373 2148 τοῦ
1392 2131 1450 2154 πως
1466 2121 1536 2149 εἶναι
1551 2123 1628 2157 λόγον
1643 2124 1819 2159 διεστηκότα,

1022 2165 1061 2201 τῷ
1075 2166 1162 2201 ὁμοίῳ
1179 2167 1277 2202 καὶτῷ
1295 2168 1413 2204 ἀνομοίῳ
1429 2169 1552 2204 κρίνεται
1571 2170 1682 2205 μᾶλλον,
1695 2171 1743 2197 καὶ
1758 2171 1818 2198 οὐδέ

182 2220 235 2242 tur.
247 2214 275 2241 Si
286 2222 351 2250 ergo
363 2223 444 2243 unum
457 2221 499 2242 est
512 2215 591 2242 Pater
602 2219 628 2242 et
640 2215 724 2242 Filius
738 2214 843 2241 ratione
856 2219 969 2247 naturm,

1038 2221 1076 2239 του
1100 2212 1139 2248 τῷ
1155 2221 1184 2239 τε
1205 2213 1307 2248 μείζονι
1334 2215 1381 2241 καὶ
1403 2214 1442 2250 τῷ
1465 2215 1598 2242 ἐλάττονι.
1615 2217 1645 2243 Εἰ
1661 2217 1711 2252 μὲν
1727 2216 1774 2244 οὖν
1790 2218 1819 2244 ’ἐν

181 2261 272 2289 dicant
284 2262 363 2289 nobis
375 2262 466 2289 acerbi
479 2262 524 2289 isti
537 2262 745 2296 disceptatores,
758 2261 895 2296 quomodo
910 2269 950 2287 ma
959 2275 968 2280 -

178 2306 223 2340 jus
235 2311 263 2334 et
276 2306 366 2334 minus
381 2307 421 2335 eis
434 2311 588 2342 competere
605 2306 723 2341 poterit?
737 2306 765 2333 Si
780 2313 844 2333 vero
859 2307 970 2334 alterius

181 2352 259 2386 plane
276 2353 446 2388 diversaeque
462 2361 477 2380 a
495 2353 577 2380 Patre
593 2353 721 2380 essentiae
739 2352 837 2391 Filium
855 2360 915 2380 esse
934 2353 971 2380 di-

181 2399 252 2431 citis.
266 2405 319 2433 quo
331 2403 412 2433 pacto
425 2405 456 2426 ea
470 2405 530 2432 quin
544 2398 622 2433 plane
636 2398 761 2426 essentia:
776 2399 881 2426 ratione
896 2399 967 2426 inter

180 2452 210 2472 se
229 2445 380 2478 dissident,
400 2446 553 2480 comparari
573 2446 645 2472 inter
662 2452 692 2473 se
711 2446 857 2480 poterunt?
877 2446 970 2481 Neque

181 2491 254 2518 enim
276 2498 329 2518 non
350 2491 480 2518 ridiculus
500 2497 561 2518 esse
582 2491 676 2526 possit,
697 2491 742 2525 qui
764 2498 823 2525 quae
843 2491 914 2518 nulla
938 2499 972 2518 ex

181 2542 257 2571 parte
271 2536 435 2564 conveniant
450 2536 521 2564 inter
535 2544 565 2564 se
580 2537 754 2572 compararit,
771 2538 871 2572 quique
885 2537 969 2564 solent

182 2584 254 2618 ligno
275 2582 484 2617 splendidiorem
509 2583 601 2611 dicere
622 2583 746 2611 voluerit.
769 2583 796 2611 Si
822 2592 885 2618 ergo
913 2591 971 2618 qua:

182 2628 281 2656 diversi
296 2629 404 2664 generis
418 2634 490 2662 sunt,
503 2637 517 2656 a
532 2635 623 2657 mutua
637 2630 708 2658 inter
720 2638 749 2658 se
761 2631 971 2665 comparatione

182 2675 330 2702 abhorrent
346 2686 352 2703 ε
369 2675 459 2711 inepta
478 2681 551 2704 certe
568 2682 610 2704 est
627 2677 784 2712 propositio,
802 2685 864 2712 qute
884 2677 972 2712 majus

181 2725 208 2748 et
225 2720 314 2748 minus
331 2721 403 2749 Patri
422 2727 450 2749 et
469 2721 537 2750 Filio
554 2723 740 2751 accommodat
754 2743 760 2756 ,
780 2724 801 2750 si
821 2723 900 2750 modo
916 2731 970 2750 non

181 2767 301 2801 ejusdem
314 2788 321 2799 ,
334 2767 415 2806 juxta_
425 2774 543 2797 vestram
558 2769 711 2805 opinionem
724 2789 730 2802 ,
748 2774 811 2797 sunt
825 2769 952 2797 essentia:
964 2789 972 2802 ,

183 2819 211 2840 et
221 2820 280 2848 quae
292 2822 352 2842 eain
365 2816 490 2844 essentia:
502 2816 684 2844 diversitatem
698 2816 877 2847 demonstrat,
890 2823 971 2850 quam

181 2860 278 2888 nescio
289 2862 357 2890 unde
366 2863 545 2898 excogitarint
555 2863 586 2892 de
597 2867 693 2891 natura
703 2863 822 2892 omnium
832 2869 969 2897 suprema,

1026 2259 1099 2285 ἔστιν
1113 2259 1126 2291 ῤ
1140 2258 1234 2294 Πατὴρ
1249 2259 1286 2291 ὡς
1300 2260 1368 2296 πρὸς
1378 2261 1423 2287 τὸν
1438 2262 1499 2288 Υἱὺν
1514 2262 1583 2288 κατὰ
1594 2262 1639 2289 τὸν
1650 2263 1700 2298 τῆς
1711 2263 1820 2297 φύσεως

1023 2303 1112 2339 λόγον,
1129 2304 1281 2339 λεγέτωσαν
1305 2307 1370 2341 ἡμῖν
1395 2307 1418 2332 οἱ
1444 2308 1538 2342 πικροὶ
1565 2309 1726 2344 συζητηταὶ,
1749 2310 1819 2336 κατὰ

1026 2351 1086 2377 τίνα
1110 2352 1210 2387 τρόπον
1228 2353 1347 2387 χωρήσει
1370 2352 1517 2380 ὲπ¹αὑτῶν
1541 2354 1571 2380 τὸ
1599 2354 1690 2390 μεῖζον
1717 2357 1765 2382 καὶ
1789 2356 1819 2382 τὸ

1025 2396 1144 2430 ἐλαττονς
1154 2397 1186 2424 Ei
1198 2397 1226 2424 δὲ
1237 2398 1323 2433 πάντη
1334 2398 1481 2433 διεστηκὼς
1496 2399 1541 2426 καὶ
1555 2401 1759 2435 κεχωρισμένος
1770 2401 1820 2436 τῆς

1026 2443 1072 2470 τοῦ
1089 2444 1195 2479 Πατρὺς
1209 2444 1303 2475 οὐσίας
1314 2444 1328 2470 6
1343 2444 1407 2476 Υἱὸς
1426 2446 1591 2481 εἰσφέρεται,
1607 2447 1704 2482 ἑτέρας
1720 2456 1750 2474 τε
1767 2447 1818 2482 φύ-

1028 2498 1095 2521 σεως
1108 2489 1272 2524 ὑπείληπται
1285 2492 1350 2526 παρ’
1358 2491 1433 2526 ὑμῖν,
1441 2492 1499 2523 πῶς
1510 2492 1544 2518 τὰ
1556 2492 1644 2528 πάντη
1655 2493 1818 2528 διεστηκότα

1027 2536 1097 2562 κατὰ
1111 2536 1156 2563 τὸν
1179 2536 1225 2564 τοῦ
1244 2546 1301 2569 πως
1316 2536 1387 2565 εἶναι
1399 2538 1479 2572 λόγον
1492 2538 1540 2574 τὴν
1553 2539 1620 2574 πρὸς
1633 2539 1737 2574 ἄλληλα
1751 2540 1818 2574 σύγ-

1028 2591 1118 2617 κρισιν
1137 2582 1305 2616 ὲπιδέξεταις
1321 2585 1357 2610 Οὺ
1377 2583 1431 2618 γὰρ
1450 2584 1482 2619 δή
1507 2593 1549 2616 τις
1571 2584 1622 2618 ἔξω
1645 2585 1819 2621 γελοιότητος

1028 2629 1147 2655 κείσεται
1155 2629 1189 2656 τὰ
1203 2630 1272 2656 κατὰ
1287 2630 1369 2666 μηδὲν
1379 2630 1504 2665 ἀλλήλοις
1515 2622 1694 2658 ποινωνοῦντα
1705 2633 1818 2668 συγκρῖ-

1028 2683 1091 2708 νων,
1109 2677 1155 2702 καὶ
1171 2676 1246 2711 ἥλιον
1262 2677 1340 2709 ξύλου
1361 2676 1448 2711 λέγων
1471 2675 1540 2704 εἶναι
1565 2677 1765 2713 λαμπρότερον.
1784 2678 1817 2705 Ei

1026 2721 1117 2749 τοίνυν
1134 2722 1167 2748 τὰ
1181 2723 1324 2758 ἑτερογενῆ
1340 2723 1386 2749 καὶ
1402 2722 1449 2758 τὴν
1470 2723 1537 2758 πρὸς
1552 2723 1654 2758 ἄλληλα
1671 2723 1815 2759 σύγκρισιν

1027 2768 1234 2804 παραιτούμενοι
1257 2768 1388 2803 φαίνεται,
1405 2769 1566 2801 ἀπαίδευτος
1591 2771 1607 2805 ἡ
1635 2770 1767 2805 πρότασις
1786 2770 1816 2796 τὸ

1031 2813 1121 2849 μεῖζον
1143 2815 1190 2841 καὶ
1206 2815 1237 2840 τὸ
1252 2814 1362 2841 ἔλαττον
1378 2815 1423 2841 ἐπὶ
1446 2815 1512 2842 Tia-3
1528 2816 1574 2842 καὶ
1591 2816 1698 2851 Πατρὺς
1723 2817 1814 2856 εἰσφέ-

1029 2868 1120 2896 ρουσα,
1138 2860 1215 2896 εἴπερ
1234 2861 1300 2889 εἰσὶν
1319 2862 1347 2888 οὐ
1370 2862 1419 2897 τῆς
1434 2862 1520 2898 αὐτῆς
1535 2863 1639 2895 οὐσίας,
1653 2862 1713 2889 καθ’
1729 2863 1812 2899 ὑμᾶς,
