1904 3026
58 171 107 200 153

782 173 919 202 TllESAU
927 174 1004 202 RUS.

1648 175 1699 203 154

62 230 104 258 καὶ
119 230 225 265 ταύτην
242 230 390 263 ἀπόδειξιν
414 232 560 268 ποιουμένη
585 232 632 268 τῆς
660 233 862 269 ἐτεροουσιότη-

934 239 943 262 t
961 235 986 262 in
1006 241 1087 269 quam
1105 234 1193 262 minus
1211 233 1283 262 nulla
1300 232 1403 261 ratione
1421 233 1517 260 cadere
1534 237 1635 268 potest,
1653 236 1699 262 sed

63 286 114 309 τος,
128 277 162 312 ἦν
178 277 232 303 οὐκ
253 275 315 304 οῖδα
336 278 421 306 πόθεν
435 279 586 306 ἐπινοοῦσιν
603 280 648 306 ἐπὶ
661 280 711 315 τῆς
726 279 761 307 τὰ
774 280 863 308 πάντα

65 322 270 358 ὑπερκειμένης
288 323 396 357 οὐσίας,
407 325 454 351 καὶ
466 324 496 351 τὸ
507 324 616 351 ἔλαττον
635 325 786 360 οὐδαμόθεν
808 333 863 360 χω-

68 369 121 403 ρεῖν
141 368 321 404 δυναμένης·
349 369 519 405 ἀπαιτούσης
542 370 570 396 δὲ
597 370 698 404 μᾶλλον
718 370 767 406 τὴν
795 371 863 406 αὐτῇ

69 415 225 450 πρέπουσαν
249 415 423 450 τελειότητα,
441 416 556 451 ἐπείπερ
574 415 650 442 οὐδὲν
671 415 780 442 ἔλαττον
803 415 863 442 οὐδὲ

71 461 160 492 ἀτελὲς
174 461 260 498 ἐντῷ
275 463 349 489 κατὰ
363 462 444 496 φύσιν
460 461 530 497 Θεῷ,
541 463 608 498 ὅπερ
622 463 695 489 ἐστὶν
711 463 724 489 ὁ
742 461 816 493 Υἱός.

418 515 517 558 ΑΑΛο.

104 597 224 630 Μείζονά
236 606 321 632 φασιν
333 599 357 624 οἱ
372 599 551 634 χριστομάχοι
565 598 612 625 τοῦ
621 599 686 625 Υἱοῦ
696 599 742 625 τὸν
754 599 865 634 Πατέρα

73 643 279 678 δυσφημοῶτες
303 644 477 678 ἀφυλάκτως,
498 645 544 671 καὶ
576 644 614 680 μὴ
641 644 774 677 νοοῦντες,
793 644 865 671 καθὰ

73 689 238 724 γέγραπται,
262 691 333 726 μήτε
349 690 367 716 ἃ
383 690 502 725 λέγουσι,
521 691 590 725 μήτε
606 691 671 726 περὶ
686 691 767 717 τίνων
780 690 866 716 διαϐε-

74 735 222 762 6αιοῦνται.
242 736 290 762 Διὸ
305 736 338 771 δὴ
359 736 440 763 πάλιν
465 737 523 767 ταῖς
545 736 659 762 ἐκείνων
686 736 797 771 μανίαις
820 735 866 762 τὸν

73 780 149 816 ὀρθὸν
166 781 430 816 ἀεηιστρατεὺοντες
452 781 540 816 λόγον,
558 782 679 817 ὲρωτήσο
684 790 731 816 μεν
753 780 864 812 αὐτούς·

73 828 172 861 Λέγετε
193 827 277 854 πάλιν
293 828 369 862 ἡμῖν,
389 825 411 854 ὦ
427 824 509 860 οὗτοι,
526 828 639 863 πότερόν
653 835 728 860 ποτε,
740 827 867 861 καθάπερ

74 873 246 908 ὑμεῖς’φατε,
267 873 368 908 μείζων
384 870 418 908 ἦν
432 873 474 899 ἀεὶ
489 874 503 898 ὁ
519 873 614 907 Πατὴρ
632 872 678 898 τοῦ
693 871 803 906 Υίοῦ,.ἢ
820 871 867 905 γέ-

74 928 149 953 γονεν
161 919 295 954 Sangae-1;
314 920 345 946 Εἰ
365 919 414 955 μὲν
429 917 474 946 οὖν
492 919 563 946 κατά
577 927 637 945 τινα
650 918 746 953 χρόνον
765 917 866 952 μείζων
882 938 903 965 Β

74 965 198 999 ἐφαίνετο
213 965 260 992 τοῦ
271 965 348 998 Υἰοῦ,
365 965 533 1001 προσγέγονε
542 974 567 991 τι
579 964 619 999 τῷ
631 964 690 999 Θεῷ
705 963 749 990 καὶ
762 963 848 998 Πατρί
858 971 865 977 ·

74 1011 141 1037 καὶὸ
151 1011 192 1046 μὴ
204 1011 339 1046 πρότερον
352 1011 474 1046 ὑπῆρχεν
488 1010 572 1045 αὐτῷ,
587 1010 634 1037 νῦν
647 1009 716 1045 ἔχων
731 1009 865 1043 φαίνεται·

76 1057 130 1088 πῶς
145 1054 193 1082 οὗν
216 1057 320 1087 τέλειος
339 1054 373 1092 ἦν
392 1057 406 1082 ὁ
425 1056 519 1082 τούτου
541 1056 700 1091 λειπόμενος
717 1055 745 1088 ἐξ
763 1054 867 1090 ἁρχῆς;

81 1103 148 1129 Ἀλλ’
160 1100 196 1138 ἦν
211 1103 256 1129 ἀεὶ
272 1103 384 1135 τέλειος,
401 1103 451 1129 οὐκ
465 1103 519 1138 ἄρα
530 1102 652 1128 ἐλείπετο
669 1100 715 1127 τοῦ
729 1100 866 1135 μείζονοςο

75 1147 106 1184 ἦν
122 1149 150 1175 δὲ
167 1149 213 1175 ἀεὶ
229 1147 319 1181 τοῦτο,
338 1147 400 1174 καθ’
416 1149 497 1182 ὑμᾶς.
508 1147 588 1179 Ἀλλ’,
606 1143 628 1173 ὧ
645 1145 788 1181 βέλτιστοι,
807 1153 869 1170 ουν-

77 1195 153 1230 οριῖτε
177 1195 210 1230 δή
235 1203 287 1220 που
315 1194 362 1220 καὶ
386 1194 465 1229 ὑμεῖς
481 1194 521 1219 ὅτι
538 1192 581 1219 διὰ
596 1192 626 1218 τὸ
641 1192 751 1218 ἔλαττον
770 1190 816 1217 καὶ
840 1189 870 1216 τὸ

79 1240 168 1275 μεῖζον
193 1240 259 1275 ὑμῖν
281 1239 402 1273 εὐλόγως
427 1238 602 1271 κινδυνεύσει,
629 1239 676 1264 καὶ
700 1236 871 1271 δειχθήσεται

78 1287 166 1314 λοιπὸν
179 1287 265 1318 ’ἐωλος
283 1287 360 1322 ὑμῶν
377 1287 394 1322 ἡ
409 1286 551 1321 πρότασις.
567 1285 604 1311 T0
619 1284 673 1318 γὰρ
696 1283 786 1319 μεῖζόν
799 1291 871 1314 τινος

79 1333 232 1368 λεγόμενον,
249 1332 300 1359 οὐκ
315 1332 347 1359 ἂν
363 1332 405 1367 εἴη
422 1332 524 1366 μεῖζον,
542 1331 579 1366 μὴ
602 1331 695 1365 ἑτέρου
713 1330 785 1361 τινος
802 1329 872 1356 πάν-

79 1388 129 1411 τως
144 1379 350 1414 παρακειμένου
367 1378 414 1404 καὶ
427 1377 577 1408 ἐλάττονος,
599 1376 667 1411 πρὸς
681 1376 694 1402 ὃ
710 1375 742 1410 δὴ
762 1376 808 1402 καὶ
824 1384 873 1410 με-

80 1425 238 1461 τρούμενον,
258 1424 351 1460 μεῖζον
369 1425 408 1456 ὠς
422 1424 489 1459 πρὸς
506 1423 572 1450 αὐτὸ
587 1423 723 1457 φαίνεται.
739 1423 770 1448 Εἰ
783 1421 874 1448 τοίνυν

79 1473 120 1499 ἀεὶ
143 1471 248 1507 μείζων
266 1469 301 1507 ἦν
317 1472 438 1506 ὁΠατὴρ
457 1470 504 1497 τοῦ
519 1470 593 1502 Υίοῦ,
611 1470 718 1505 ἀνάγκη
741 1470 817 1496 πᾶσα
829 1469 874 1495 τὸν

80 1519 141 1546 Υἱδν
167 1517 395 1553 συνεκφέρεσθαι
416 1517 454 1552 τῷ
478 1517 574 1552 Πατρὶ,
595 1516 663 1551 πρὸς
683 1516 711 1542 ὃν
737 1515 783 1548 ὡς,
810 1515 876 1541 καθ’

80 1566 160 1600 ὑμεῖς,
174 1565 308 1592 ἐλάττονα
316 1564 380 1590 ὄντα
393 1563 617 1598 συγκρινόμενος,
629 1562 729 1597 μείζων
738 1562 873 1596 ἐφαίνετο.

914 288 974 316 qua:
995 281 1085 316 potius
1103 280 1294 316 perfectionem
1315 280 1367 308 sibi
1387 280 1591 307 convenientem
1610 281 1702 314 requi-

916 327 960 360 rit,
975 327 1108 362 siquidem
1128 327 1194 354 nihil
1208 327 1297 354 minus
1311 330 1358 353 aut
1373 324 1559 361 imperfectum
1575 330 1616 353 est
1631 326 1656 352 in
1670 333 1702 353 eo

915 374 961 408 qui
978 373 1139 401 naturaliter
1153 373 1222 401 Deus
1237 377 1289 406 est,
1305 373 1355 400 hoc
1369 376 1411 400 est
1426 373 1453 399 itt
1468 370 1547 398 Filio.

1250 525 1365 553 ALIUD.

953 596 1051 624 llostes
1065 595 1167 623 Christi
1183 594 1313 629 majorem
1332 593 1412 621 Patre
1426 593 1524 620 Filium
1540 599 1599 619 esse
1614 591 1707 618 dicunt

917 644 1035 678 graviter
1046 642 1274 676 blasphentantes,
1287 645 1313 667 et
1327 648 1378 667 non
1393 639 1584 674 intelligentes,
1598 642 1626 663 ut
1638 637 1706 664 seri-

917 695 991 725 ptutn
1008 692 1048 715 est
1060 689 1094 720 ",
1109 694 1197 721 ncqtte
1211 693 1241 713 ea
1257 693 1316 720 qua:
1332 686 1439 718 diettnt,
1456 692 1542 718 neque
1557 691 1616 718 quae
1632 689 1705 709 asse-

917 739 1021 762 verant.
1040 733 1173 766 Quocirca
1192 739 1286 758 rursus
1306 731 1411 758 illorum
1433 730 1544 757 insania:
1561 729 1705 756 veritatem

918 784 1095 816 opponentes,
1113 786 1159 806 eos
1178 777 1415 813 interrogahimus.
1434 777 1518 803 Dicite
1537 776 1625 808 nobis,
1643 774 1707 801 boni

919 827 987 859 viri,
1004 826 1101 853 Fuitne
1126 832 1232 859 semper
1247 824 1342 858 major,
1358 827 1387 849 ut
1407 830 1454 849 vos
1470 821 1622 856 loquimini,
1639 819 1708 847 Filio

919 873 1010 905 Pater,
1027 880 1059 898 an
1078 870 1220 906 postmodo
1237 870 1262 896 id
1280 868 1368 896 factus
1385 868 1446 894 est?
1461 867 1527 893 Nam
1547 867 1569 893 si
1588 871 1709 898 tempore

918 918 1008 953 aliquo
1022 917 1106 950 major
1116 916 1184 943 Filio
1197 914 1308 942 etTectus
1321 918 1373 946 est,
1385 913 1500 940 accessit
1515 912 1595 946 igitur
1608 911 1710 945 aliquid

919 965 972 992 Deo
992 971 1023 990 ac
1041 963 1115 990 Patri
1136 972 1142 989 ι
1163 966 1189 989 et
1209 960 1280 995 quod
1300 965 1380 986 antea
1400 959 1424 986 ei
1444 965 1496 985 non
1516 958 1617 986 inerat.
1638 963 1711 983 nunc

919 1010 1019 1038 habere
1033 1009 1169 1041 cernitur;
1185 1006 1320 1042 quomodo
1335 1004 1417 1038 igitur
1430 1003 1568 1038 perfectus
1584 1006 1652 1033 erat,
1667 1001 1711 1028 cui

919 1057 946 1084 id
968 1057 1001 1084 ab
1022 1056 1100 1083 initio
1118 1053 1228 1081 deerat?
1245 1052 1327 1086 Atqui
1347 1058 1455 1085 semper
1471 1053 1530 1077 erat
1551 1047 1685 1083 perfectus
1703 1055 1711 1073 :

921 1111 973 1130 non
988 1103 1071 1137 igitur
1082 1101 1170 1128 caruit
1183 1099 1306 1133 majore:
1322 1104 1428 1131 semper
1439 1095 1512 1122 enim
1527 1093 1552 1121 id
1566 1097 1624 1120 erat
1635 1092 1713 1127 juxta

921 1156 977 1176 vos.
994 1148 1126 1174 Caeterum
1142 1145 1237 1172 videtis
1253 1144 1333 1171 etiam
1349 1150 1396 1170 vos
1412 1149 1460 1176 per
1475 1141 1565 1167 minus
1581 1143 1608 1166 et
1624 1138 1712 1171 majus

922 1193 1081 1230 periclitari,
1100 1197 1252 1225 vanamque
1269 1187 1436 1223 deprehendi
1455 1191 1573 1214 vestram
1590 1183 1714 1220 proposi-

924 1243 1035 1269 tionem.
1056 1239 1133 1272 Quod
1153 1237 1225 1265 enim
1250 1235 1337 1270 majus
1359 1234 1449 1268 aliquo
1471 1232 1579 1264 dicitur,
1601 1238 1654 1258 non
1679 1229 1716 1256 sit

923 1288 1026 1322 majus,
1041 1286 1092 1313 nisi
1110 1285 1181 1311 alittd
1196 1283 1334 1318 quidpiam
1349 1280 1420 1316 quod
1436 1279 1527 1306 minus
1542 1279 1577 1305 sit
1592 1283 1716 1312 appona-

925 1340 979 1364 tur,
997 1333 1029 1359 ad
1051 1332 1120 1366 quod
1142 1330 1267 1357 collatum
1288 1327 1373 1361 majus
1392 1334 1424 1354 eo
1443 1328 1582 1359 appareat.
1603 1323 1630 1349 Si
1651 1329 1716 1356 ergo

925 1377 1003 1404 Pater
1017 1382 1122 1410 semper
1136 1374 1186 1400 fuit
1201 1373 1285 1408 major
1298 1371 1375 1403 Filio,
1391 1369 1575 1404 necessarium
1590 1368 1644 1402 93
1659 1375 1717 1394 om-

925 1423 991 1451 nino
1002 1427 1043 1449 est
1056 1426 1084 1448 ut
1096 1428 1147 1447 una
1159 1427 1220 1447 cum
1233 1419 1312 1445 Patre
1324 1417 1456 1445 inferatur
1467 1415 1565 1448 Filius,
1577 1415 1610 1441 ad
1623 1421 1715 1448 quem,

927 1470 1074 1497 secundum
1095 1472 1214 1494 vestram
1235 1464 1401 1500 opinionem,
1422 1465 1608 1496 comparatus,
1631 1461 1718 1494 major

927 1515 1061 1550 apparuit.
1077 1514 1105 1541 Si
1122 1520 1198 1547 ergo,
1216 1517 1245 1539 ut
1259 1518 1306 1537 vos
1323 1507 1482 1544 opinamini,
1501 1507 1562 1534 ideo
1579 1505 1661 1531 Pater
1676 1508 1718 1531 est

929 1562 1015 1595 major
1031 1559 1098 1586 Filio
1109 1580 1115 1592 ,
1133 1559 1196 1594 quia
1211 1557 1256 1584 ille
1270 1557 1303 1583 ab
1319 1560 1421 1582 aeterno
1437 1558 1510 1585 erat,
1527 1552 1571 1579 hic
1585 1558 1649 1578 vero
1665 1557 1718 1577 non

81 1612 111 1638 Εἰ
124 1611 225 1644 τοίνυν,
245 1610 318 1637 κατὰ
340 1610 390 1645 τὴν
415 1609 550 1645 ὑμετέραν
575 1609 718 1644 πρότασιν,
734 1608 777 1634 διὰ
796 1607 859 1634 τοῦτ

932 1613 1002 1639 item,
1019 1615 1078 1634 cum
1095 1606 1151 1640 jam
1168 1610 1307 1631 ostensum
1323 1603 1359 1628 sit
1375 1608 1436 1645 epm
1453 1606 1561 1634 semper
1590 1604 1651 1624 cum
1671 1596 1719 1622 Pa-

84 1658 180 1693 μείζων
205 1657 282 1684 ἐστὶν
305 1657 319 1684 ὁ
346 1656 441 1691 Πατὴρ
457 1656 504 1682 τοῦ
522 1655 598 1687 Υἱοῦ,
623 1655 773 1690 ἐπειδήπερ
796 1653 876 1684 αὐτὸς

82 1705 170 1736 ἀῖδὶως
189 1704 240 1740 μὲν
256 1701 301 1739 ἦν,
311 1703 325 1729 ὁ
339 1702 368 1728 δὲ
381 1702 444 1733 Υἱὸς
458 1702 508 1736 οὐχ
521 1700 619 1732 οὕτως,
633 1700 728 1734 ἐπειδὴ
743 1699 876 1725 δέδεικται

83 1751 166 1778 συνὼν
180 1751 225 1777 ἀεὶ
236 1750 285 1776 καὶ
301 1749 484 1784 συνυπάρχων
498 1747 536 1782 τῷ
548 1747 646 1781 Πατρὶ,
658 1747 707 1772 οὐκ
718 1745 795 1771 ἔσται
807 1744 878 1770 κατά

82 1807 106 1825 τι
119 1798 183 1832 γοῦν
200 1797 335 1826 ἐλάττων,
351 1795 368 1830 ἢ
389 1793 557 1829 ἐτεροούσιος
579 1788 710 1827 αὺτοῦίᾫ
728 1791 782 1826 γὰρ
806 1790 878 1824 λόγῳ

86 1845 120 1880 μὴ
135 1843 221 1871 συνὼν
234 1842 404 1870 ἀπελείπετο
424 1841 474 1875 τῆς
497 1840 628 1875 ἰσότητος,
644 1838 684 1874 τῷ
703 1837 776 1872 αὐτῷ
798 1836 879 1863 πάλιν

85 1892 130 1918 καὶ
150 1891 178 1924 ἐξ
197 1889 386 1925 ἁντιστροερῆς
401 1887 483 1922 λόγῳ,
500 1886 593 1921 ἐπειδὴ
613 1885 791 1920 συνυπάρχει,
814 1883 880 1911 κατ’

85 1938 173 1965 οὐδένα
188 1937 292 1973 τρόπον
317 1934 559 1968 ἀπολειφθήσεται.
569 1933 631 1958 Ἐπὶ
644 1932 672 1958 δὲ
687 1931 742 1958 τῶν
756 1930 881 1965 ἀλλήλοις

87 1985 152 2010 κατὰ
171 1984 262 2011 πάντα
283 1981 485 2017 προσεοικότων
501 1979 635 2014 φυσικῶς,
652 1978 698 2004 καὶ
715 1977 824 2012 μεγέθει
844 1976 882 2011 μὴ

88 2031 289 2066 μετρουμένων,
305 2028 359 2055 ποῦ
379 2027 499 2063 χωρήσει
515 2026 545 2052 τὸ
561 2025 653 2061 μεῖζον
677 2025 724 2051 καὶ
745 2024 775 2050 τὸ
802 2022 880 2048 ἕλατ-

86 2086 124 2105 τον
135 2087 142 2111 ;

438 2141 538 2169 AAAO.

117 2217 149 2243 Εἰ
162 2215 267 2251 μείζων
283 2213 298 2239 ὁ
314 2212 411 2247 Πατὴρ
425 2211 471 2237 τοῦ
487 2210 564 2241 Υὲοὖ,
585 2208 656 2235 κατὰ
678 2208 726 2243 τὴν
748 2207 884 2242 ὑμετέραν

89 2263 226 2297 πρότασιν,
256 2257 280 2286 ὧ
301 2256 492 2294 χριπομάχοι,
520 2255 578 2286 πῶς
600 2254 673 2289 αὐτῷ
698 2253 747 2289 τὴν
773 2254 885 2287 ἰσότητα

90 2288 189 2340 Hal-alo;
213 2288 376 2336 dxoﬁgoust,
392 2288 495 2339 ὶζὲγοινζ
514 2304 578 2334 (Ὃς
592 2304 619 2329 ὲν
638 2288 730 2337 μορφῇ
747 2298 814 2325 Θεοῦ
833 2299 862 2324 ὑτ

937 2295 1117 2331 ιυιιιιοιῑιιιιειιι
1142 2291 1251 2322 tribuit,
1274 2288 1364 2316 dicens
1384 2295 1390 2313 :

89 2356 188 2390 ἅρχων,
202 2354 255 2388 οὐχ
279 2350 427 2388 ἁρπαγμὸν
447 2350 569 2386 ἡγήσοιτο
588 2348 619 2374 τὸ
641 2345 709 2374 εἶναι
736 2346 780 2372 ἴσα
805 2344 884 2380 Θεῷ·

90 2401 142 2428 ἀλλ’
157 2401 256 2427 ὲαυτδν
274 2399 404 2429 ἐκένωσε,
420 2396 526 2433 μορφὴν
542 2395 634 2422 δούλου
652 2392 753 2424 λαϐὼν,
765 2392 811 2418 καὶ
822 2393 887 2426 σχή-

93 2457 154 2483 ματι
173 2446 301 2483 εὑρεθεὶς
315 2445 353 2477 ὼς
370 2443 523 2479 ἄνθρωπος,
541 2441 724 2468 ἐταπείνωσεν
743 2437 856 2469 ὲαυτὸν;
874 2445 883 2462 ›

91 2494 121 2520 Εἰ
132 2492 223 2519 τοίνυν
236 2493 251 2518 ὁ
266 2491 317 2526 τῆς
333 2488 567 2523 ὲνανθρωπήσεως
580 2486 680 2520 τρόπος
695 2484 743 2520 τὴν
756 2483 888 2509 ταπείνω-

92 2548 133 2566 σιν
147 2539 214 2573 ἔχει,
229 2537 277 2564 καὶ
292 2536 342 2571 τὴν
357 2534 508 2569 λεγομένην
525 2531 619 2559 ἐνθάδε
639 2531 763 2562 κένωσιν,
780 2529 886 2563 ἀνάγκη

92 2585 166 2611 nisa
191 2582 329 2615 σώζεσθαι
343 2581 374 2608 τὺ
388 2580 490 2606 τέλειον
502 2579 540 2614 τῷ
555 2577 612 2613 Υἰῷ
628 2577 689 2604 κατ’
707 2576 817 2610 ἰσότητα
837 2573 888 2609 τὴν

91 2631 160 2666 πρὸς
175 2630 221 2656 τδν
236 2629 305 2655 850v
323 2627 370 2654 ml.
388 2626 497 2661 Πατέρα
513 2625 566 2660 πρὸ
581 2625 631 2659 τῆς
646 2622 888 2657 ὲνανθρωπήσεως.

98 2676 239 2704 Ἐντεῦθεν
255 2675 313 2710 γὰρ
328 2674 396 2709 ἡμῖν
409 2673 533 2706 φανεῖται
554 2671 601 2697 καὶ
625 2670 644 2705 ἡ
665 2668 839 2699 ταπείνωσις.
857 2667 889 2692 Εἰ

93 2722 148 2757 γὰρ
160 2720 195 2757 ἦν
207 2721 331 2748 ἐλάττων
344 2720 376 2753 ἐξ
391 2718 489 2745 ἑαυτοῦ
501 2718 549 2745 καὶ
560 2717 612 2752 1:90
624 2716 674 2750 τῆς
689 2714 889 2745 ταπεινώσεως,

94 2771 140 2796 ποῖ
153 2769 184 2805 δὴ
200 2768 256 2804 ἄρα
283 2765 487 2801 καταβεϐηκὼς
499 2765 656 2800 ὀφθήσεται,
675 2763 723 2790 καὶ
738 2762 778 2794 τίς
797 2762 862 2797 ἡμῖν
878 2761 892 2787 ὁ

96 2817 144 2851 τῆς
157 2814 358 2845 ταπεινώσεως
371 2812 487 2848 τρόπος;

133 2907 153 2922 ²¹
171 2906 179 2933 l
195 2904 319 2934 Timoth.
339 2911 360 2938 ι,
377 2902 403 2930 7.
444 2903 465 2917 "
480 2901 594 2936 Philipp.
610 2908 639 2934 ιι,
659 2898 684 2934 6,
702 2898 727 2925 7.

928 1659 970 1681 tre
985 1653 1120 1680 exsistere
1135 1660 1142 1677 :
1159 1658 1211 1677 non
1227 1649 1279 1676 erit
1294 1652 1366 1674 certe
1382 1638 1530 1674 secundum
1549 1642 1651 1677 aliquid
1669 1641 1720 1669 ιιιί-

929 1709 989 1733 nor,
1008 1704 1054 1726 aut
1072 1699 1188 1726 diversa
1205 1696 1239 1723 ab
1257 1702 1289 1722 eo
1307 1692 1444 1721 essentize.
1463 1690 1562 1717 Eadem
1581 1689 1654 1716 enim
1673 1695 1718 1714 ra-

930 1749 1003 1774 tione
1018 1753 1070 1780 qua
1087 1745 1229 1779 probatur,
1245 1742 1266 1768 si
1284 1748 1336 1767 una
1352 1746 1414 1766 cutn
1430 1737 1511 1764 Patre
1527 1743 1579 1762 non
1595 1733 1718 1766 exsistit,

929 1793 964 1819 ab
982 1779 1136 1824 mqualitate
1154 1788 1270 1814 deiicere
1291 1795 1298 1812 :
1317 1785 1410 1811 eadem
1429 1782 1512 1809 etiatn
1533 1787 1566 1807 ex
1588 1779 1720 1808 adverso,

931 1839 993 1874 quia
1012 1823 1065 1864 una
1083 1843 1145 1864 cum
1166 1835 1246 1861 Patre
1262 1832 1381 1861 exsistit,
1399 1828 1472 1856 nullo
1493 1827 1572 1862 plane
1589 1824 1669 1851 modo
1687 1823 1721 1850 ab

930 1872 962 1914 eo
982 1886 1073 1919 dispar
1089 1882 1152 1911 erit.
1171 1880 1199 1908 ln
1220 1880 1254 1906 iis
1269 1886 1333 1906 vero
1353 1883 1411 1911 qua:
1430 1882 1478 1909 per
1494 1872 1586 1900 omnia
1605 1872 1674 1898 inter
1691 1876 1722 1896 se

932 1931 1092 1959 naturaliter
1106 1927 1205 1955 sintilia
1226 1928 1310 1957 sunt,
1325 1927 1353 1950 et
1372 1919 1555 1956 magnitudine
1571 1924 1624 1944 non
1643 1922 1720 1942 men-

933 1981 1072 2009 surautur,
1088 1980 1167 2009 quem
1187 1972 1275 1998 locum
1293 1968 1402 1996 habebit
1419 1966 1505 2000 majus
1520 1969 1548 1992 et
1566 1959 1677 1990 minus?

1276 2108 1387 2154 suun.

973 2202 1000 2229 Si
1023 2201 1104 2228 Pater
1123 2197 1209 2231 major
1229 2200 1269 2223 est
1290 2194 1373 2225 Filio,
1393 2191 1540 2220 secundum
1560 2193 1693 2221 vestram,
1710 2195 1726 2214 ο

935 2249 1028 2277 hostes
1043 2245 1160 2277 Christi,
1177 2241 1389 2278 propositionem
1400 2259 1406 2270 ,
1423 2245 1477 2272 quo
1493 2241 1572 2271 pacto
1589 2235 1687 2261 Paulus
1702 2233 1726 2259 ei

1416 2295 1425 2311 ι
1448 2284 1498 2317 Qui
1522 2283 1547 2310 in
1571 2283 1657 2309 forma
1682 2280 1727 2308 Dei

939 2343 1090 2373 exsistens,
1106 2346 1158 2366 non
1172 2337 1293 2372 rapinam
1309 2333 1455 2361 arbitratus
1468 2335 1508 2357 est
1522 2336 1551 2356 se
1564 2335 1624 2355 esse
1637 2334 1729 2361 arqua-

939 2391 991 2417 lem
1008 2388 1078 2419 Deo,
1095 2386 1141 2411 sed
1157 2384 1274 2417 seipsum
1291 2378 1453 2408 exiuanivit,
1471 2376 1584 2403 formam
1600 2372 1668 2399 servi
1685 2379 1730 2398 ac-

940 2435 1059 2470 cipiens,
1072 2415 1155 2465 atque
1170 2415 1263 2456 habitu
1279 2427 1404 2453 inventus
1419 2427 1448 2449 ut
1464 2422 1560 2450 homo,
1576 2415 1731 2445 humiliavit

941 2461 1109 2515 seipsum"?
1132 2486 1141 2502 ι
1165 2476 1194 2502 Si
1217 2480 1281 2508 ergo
1301 2468 1494 2498 incarnationis
1516 2465 1620 2492 ratione
1641 2461 1732 2488 humi-

943 2508 1024 2555 lialus
1041 2529 1121 2558 atque
1139 2520 1294 2549 exinanitns
1310 2517 1419 2548 dicitur,
1437 2519 1547 2541 necesse
1562 2508 1674 2537 omnino
1690 2509 1732 2531 est

942 2579 972 2601 ut
985 2553 1115 2608 perfectio
1128 2567 1189 2595 Filii
1202 2564 1365 2595 retineatur,
1379 2561 1485 2587 ratione
1497 2553 1660 2592 aequalitatis
1673 2559 1732 2585 quae

943 2600 970 2648 ei
983 2600 1044 2646 eum
1063 2617 1117 2644 Deo
1132 2620 1159 2642 ct
1175 2613 1254 2640 Patre
1270 2607 1413 2636 intercedit
1429 2609 1491 2632 ante
1509 2600 1731 2631 incarnationem.

945 2668 1013 2696 llinc
1030 2665 1102 2693 enim
1119 2667 1146 2690 et
1162 2656 1313 2689 humiliatio
1330 2663 1345 2681 a
1363 2655 1443 2681 nobis
1461 2653 1649 2686 eognoscetur.
1666 2645 1732 2672 Nam

946 2714 968 2741 si
984 2720 1031 2748 per
1046 2718 1074 2739 se
1089 2711 1178 2737 minor
1191 2710 1250 2736 erat
1262 2705 1344 2732 etiam
1359 2706 1422 2728 ante
1435 2695 1667 2748 incarnationem:
1681 2697 1734 2740 quo

946 2737 1026 2795 patrno
1042 2755 1217 2784 descendisse
1231 2754 1370 2782 cernetur,
1385 2751 1431 2775 aut
1444 2749 1567 2780 quaenam
1582 2739 1635 2768 erit
1647 2737 1735 2765 humi.

949 2804 1066 2834 liationis
1082 2801 1170 2830 ratio?
