1904 3026
205 145 257 171 155

542 204 656 233 ALIUD.

241 258 268 286 Si
287 266 336 293 per
351 259 505 294 passionem
524 261 620 289 mortis
637 262 807 290 imminutum
824 261 916 289 Jesum
934 270 994 291 cer-

205 305 312 336 nimus,
329 304 407 339 juxta
429 307 503 334 Pauli
522 314 614 336 vocem
626 307 659 341 ⁸⁵,
677 315 741 343 ergo
758 312 821 335 ante
839 309 994 343 passionem

206 351 296 378 minus
314 351 340 378 iu
361 352 418 387 ipso
437 360 488 380 non
507 357 576 381 erat.
594 353 659 380 Cum
679 361 741 381 vero
760 354 805 382 hic
822 354 912 387 dicat.
931 363 993 389 per-

205 395 305 423 fectum
319 397 405 432 ipsqu
419 406 479 426 esse
491 406 601 426 necesse
613 403 665 426 est.
677 399 743 426 Cum
757 405 846 428 autem
859 401 994 436 perfectus

206 442 242 469 sit
258 442 349 475 Filius,
365 449 392 470 et
408 443 564 478 perfectioui
581 443 670 472 Patris
685 444 852 480 adaequatus,
869 452 944 475 certe
959 447 994 475 il~

206 487 252 515 lttd
265 490 453 516 haereticorum
466 489 564 522 minus,
579 489 666 517 locum
684 491 711 518 in
727 492 785 526 ipso
802 500 855 520 non
872 493 993 521 habebit.

540 590 656 618 ALIUD.

238 655 347 689 Paulus,
366 657 517 685 tcstiﬁcans
531 659 714 694 aequalitatem
724 668 783 696 qua:
792 661 862 689 Filio
870 670 930 690 cutn
946 663 995 691 Pa-

203 705 243 728 tre
265 701 419 735 intercedit,
438 703 536 730 alicubi
560 704 595 731 ita
620 705 707 740 inquit
726 715 732 733 :
755 716 764 732 ‹
785 707 835 741 Qui
859 708 884 736 in
908 709 993 737 forma

201 745 288 774 Patris
306 748 440 776 exsistens
457 757 510 776 non
530 751 649 786 rapinam
668 753 815 781 arbitratus
832 759 873 783 est
890 762 918 781 se
935 762 994 784 esse

200 793 331 826 :eqnalem
348 793 412 822 Deo.
430 805 439 821 ι
457 796 527 824 Dicit
543 805 608 825 vero
622 799 703 826 etiam
719 799 805 834 ipsum
821 801 993 830 imminutum

201 839 285 867 fuisse
308 848 356 876 per
374 843 525 877 passionem
547 845 653 873 mortis.
673 846 739 874 Cum
761 847 844 882 igitur
862 849 918 876 lieri
940 857 992 877 non

722 147 750 174 S.
772 147 905 176 CYRIILI
924 148 1161 179 ALEXANDRIEI
1181 152 1340 182 ARCHIEP.

1794 157 1847 184 £56

1389 211 1491 239 AAAO.

1082 265 1113 291 Ei
1126 264 1170 292 διὰ
1186 265 1216 293 τὸ
1232 265 1346 301 πάθημα
1361 267 1409 294 τοῦ
1426 267 1542 295 θανάτου
1563 268 1699 305 βλέπομεν
1717 269 1845 305 ἠλαττω-

1048 310 1127 346 μένον
1141 311 1186 338 τὸν
1207 311 1322 346 Ἰησοῦν,
1339 314 1410 340 κατὰ
1422 314 1472 350 τὴν
1488 315 1535 342 τοῦ
1549 315 1656 343 Παύλου
1674 317 1781 351 φωνὴν,
1791 317 1845 352 πρὸ

1045 355 1092 382 τοῦ
1107 355 1210 388 πάθους
1221 356 1275 392 ἄρα
1289 357 1319 384 τὸ
1336 357 1447 385 ἔλαττον
1461 359 1512 386 οὐκ
1523 357 1558 395 ἦν
1569 360 1598 386 ὲν
1614 360 1699 396 αὐτῷ.
1710 361 1844 393 Εἰπόντος

1045 400 1074 427 δὲ
1093 400 1237 433 τυύτου.τὸ
1247 400 1318 430 εἶναι
1330 403 1435 430 τέλειον
1451 404 1534 432 αὐτὸν
1548 405 1695 433 εἰσϐαίνειν
1717 407 1840 442 ἀνάγκη.

1046 447 1153 480 Τέλειος
1171 447 1201 474 δὲ
1214 448 1252 475 ὢν
1271 449 1285 476 ὁ
1303 449 1377 482 Υἱὸς,
1394 450 1440 477 καὶ
1451 452 1485 486 τῇ
1504 451 1550 477 τοῦ
1570 451 1677 487 [ἰατρὸς
1689 451 1841 487 τελειότητι

1045 493 1258 528 παρισούμενος,
1273 495 1323 521 οὐκ
1336 494 1488 528 ἐπιδέξεται
1504 495 1626 531 δηλονότι
1637 497 1692 524 τῶν
1702 496 1840 532 ἀνομοίων

1046 538 1076 564 τὸ
1091 538 1226 567 ἔλαττον.

1387 598 1491 626 ΔΛΛΟ.

1081 663 1136 699 Τὴν
1151 665 1260 700 ἰσότητα
1275 665 1312 700 τῷ
1326 665 1384 701 Υζῷ
1407 666 1628 702 προσμαρτυρῶν
1645 667 1658 694 6
1677 666 1786 700 Παῦλος
1807 668 1840 703 ἢν

1045 710 1102 746 ἔχει
1125 711 1194 748 πρὸς
1218 711 1262 738 τὸν
1285 712 1410 748 Πατέρα,
1430 712 1497 747 φησί
1514 721 1566 739 που
1584 713 1693 747 σαφῶς·
1722 714 1788 746 ι’ος
1812 714 1840 740 ἑν

1046 755 1137 790 μορφῇ
1163 754 1231 781 Θεοῦ
1255 755 1395 791 ὑπάρχων,
1416 756 1465 791 οὐχ
1491 757 1638 792 ἁρπαγμὸν
1665 758 1792 794 ἡγήσατο
1809 759 1840 786 τὸ

1045 798 1113 826 εἶναι
1129 801 1174 827 ἴσοι
1187 800 1256 835 Θεῷ.
1274 811 1283 828 ι
1312 801 1394 836 Λέγει
1406 802 1435 829 δὲ
1452 802 1533 830 αὐτὸν
1549 803 1596 830 καὶ
1609 804 1783 839 ἡλαττῶσθαι
1797 805 1840 832 διὰ

1045 844 1076 871 τὸ
1090 845 1204 880 πάθημα
1220 846 1267 872 τοῦ
1285 846 1413 874 Θανάτου.
1432 848 1489 875 Οὐκ
1507 849 1683 885 ἐνδεχομένου
1695 850 1840 886 τοιγαροῦν

200 886 286 920 possit
307 892 334 914 ut
357 887 389 915 de
410 895 463 915 ttno
484 894 566 924 atque
587 891 682 919 eodem
704 893 787 920 simul
807 894 991 930 signiﬁcentur

1075 891 1085 913 ι’
1101 891 1160 923 ἑνὸς
1179 893 1227 919 καὶ
1244 892 1292 919 τοῦ
1310 893 1393 920 αὑτοῦ
1410 895 1593 930 σημαίνεσθαι
1606 895 1674 932 ὁμοῦ
1692 897 1722 923 τό
1737 905 1766 923 τε
1778 897 1839 932 μεῖ-

200 933 286 967 majus
307 938 334 960 et
359 934 448 962 minus
471 937 651 971 naturaliter;
677 941 852 973 quaerendum
877 946 917 969 est
939 950 992 976 quo

200 983 278 1012 pacto
296 984 442 1015 utrumque
459 981 485 1009 in
506 982 560 1010 Deo
580 984 666 1012 Verbo
686 986 831 1017 tuebimur,
849 992 876 1015 et
895 988 921 1015 iu
940 996 993 1016 uno

199 1031 231 1050 ac
247 1024 305 1052 solo
323 1026 375 1053 duo
392 1027 448 1054 haec
465 1028 517 1056 sita
535 1036 595 1056 esse
612 1033 774 1058 statuemus.
790 1032 846 1069 94
861 1032 992 1067 Quocirca

199 1074 333 1103 quatenus
352 1077 446 1112 natura
466 1081 513 1101 sua
533 1074 604 1103 Dens
620 1080 672 1108 est.
688 1077 801 1112 mqualis
817 1084 858 1106 est
877 1080 929 1107 Deo
946 1081 991 1115 qui

198 1123 259 1143 cum
277 1118 369 1152 genuit
380 1110 390 1151 ;¹
406 1125 539 1155 quatenus
553 1129 618 1149 vero
633 1121 720 1150 factus
735 1129 776 1152 est
790 1124 886 1159 homo,
904 1126 994 1154 immi-

199 1168 280 1191 nutus
292 1171 351 1191 csse
361 1165 470 1193 dicitur.
480 1167 581 1202 Siquis
593 1174 683 1197 autem
695 1177 710 1197 a
723 1172 839 1199 naturali
851 1172 909 1207 ejus
921 1174 994 1201 exsi-

200 1209 298 1236 stentia
315 1211 498 1244 atqualitatem
516 1214 629 1247 adimat,
647 1223 733 1251 neque
751 1217 819 1245 hanc
836 1218 861 1245 in
879 1226 911 1246 eo
927 1227 992 1247 con-

199 1256 300 1282 servari
313 1259 471 1290 contendat,
485 1259 594 1288 ubinam
609 1261 691 1296 igitur
701 1263 753 1290 sita
767 1264 835 1291 erit?
848 1264 900 1292 Aut
913 1273 991 1300 quem

198 1300 284 1327 locum
305 1302 414 1330 habebit
432 1304 492 1332 Filii
511 1307 687 1341 excellentia,
706 1316 766 1336 cum
785 1311 842 1337 sola
862 1311 991 1339 imminu-

198 1346 235 1373 tio
250 1353 379 1382 aopareat
393 1350 466 1378 circa
485 1351 685 1382 incarnationis
702 1355 860 1383 rationem?

196 1410 316 1452 [uident
333 1422 342 1441 :
359 1414 435 1447 Quod
454 1415 540 1443 Filius
561 1427 607 1451 per
624 1427 712 1446 omnia
729 1421 823 1448 similis
839 1423 873 1449 n't
893 1423 946 1451 Deo
961 1433 993 1452 ac

235 1447 325 1486 Patri,
343 1451 478 1486 proposito
494 1458 517 1479 et
538 1447 690 1481 cruminam
707 1447 871 1484 dictorillo‘rr
883 1447 991 1486 ῖλῖηὲἦ

235 1482 293 1529 dico
307 1482 579 1529 vobif.'1tottattri'ra‘it
592 1489 657 1516 iit/er
666 1496 742 1518 natos
754 1492 893 1521 mulierum
906 1495 993 1529 major

231 1514 337 1546 Joanne
352 1519 482 1555 Baptista,
501 1532 509 1547 ι
528 1529 581 1550 etc.

425 1620 546 1656 Objectio
566 1624 760 1654 Iucrett'torttm.

232 1686 267 1714 At
290 1689 434 1722 quomodo,
461 1691 597 1724 inquiunt.
622 1693 658 1720 sit
683 1695 795 1729 aequalis
822 1702 867 1724 aut
893 1699 990 1726 similis

198 1732 337 1767 Christus,
357 1735 409 1763 hoc
431 1744 471 1764 est
494 1737 591 1771 Filius,
616 1739 687 1768 Patri
709 1743 924 1777 perfectissimoI
944 1747 989 1781 qui

199 1779 298 1807 alicubi
313 1786 404 1815 aperte
417 1782 456 1810 ait
469 1793 475 1810 :
493 1793 502 1809 ι
518 1784 658 1813 Neminem
673 1787 744 1815 inter
757 1795 833 1817 natos
847 1792 989 1820 mulierum

199 1825 329 1860 majorem
347 1825 451 1855 Joanne
476 1829 598 1864 Baptista
617 1834 784 1867 surrexisse;
812 1840 838 1863 et
859 1837 989 1866 minorem

199 1870 226 1896 in
239 1879 321 1906 regno
333 1873 611 1910 cmlorum.majorem
626 1877 683 1912 ipso
694 1886 754 1907 esse
763 1881 806 1908 "?
822 1891 831 1907 ι
846 1882 904 1917 Ipse
915 1884 988 1911 enim

199 1917 288 1944 minor
302 1920 450 1954 exsistens,
469 1923 573 1951 ratione
590 1927 720 1960 temporis
735 1935 789 1962 quo
806 1933 883 1957 natus
898 1936 939 1958 est
957 1940 990 1959 ex

199 1968 294 1991 sancta
310 1965 435 2001 Virgine,
456 1973 510 1996 tttut
529 1970 636 1998 demum
654 1980 683 2000 se
700 1973 732 2000 ad
752 1982 884 2003 summam
904 1977 989 2005 virtu-

201 2013 256 2036 tum
268 2018 421 2040 mensuram
433 2020 624 2049 perventurum
637 2017 748 2052 fatetur,
759 2022 866 2055 quando
878 2030 989 2057 regnum

199 2056 329 2085 caelorum
347 2059 504 2093 advenerit,
524 2071 555 2090 ac
572 2065 654 2093 veluti
673 2067 825 2094 mercedem
844 2069 990 2102 quamdam

200 2107 309 2136 propter
326 2104 589 2136 administrationem
609 2115 707 2138 nostra:
724 2112 819 2139 salutis
839 2118 992 2147 reportatu-

202 2154 271 2173 rum.
285 2148 335 2181 Qui
350 2157 414 2177 vero
428 2153 557 2185 ejusmodi
574 2159 686 2188 naturm,
701 2163 754 2190 quo
770 2162 849 2190 pacto
865 2158 901 2186 sit
915 2159 992 2186 simi-

201 2190 248 2224 lis,
264 2197 310 2218 aut
324 2201 377 2228 quo
393 2200 472 2229 pacto
487 2201 623 2225 statuatur
636 2200 748 2234 aequalis
763 2200 857 2228 Patri?

453 2298 556 2326 Salutio
575 2300 739 2335 objectiouis.

235 2359 361 2395 lmperite
376 2363 520 2392 admodum
536 2371 619 2401 atque
636 2367 725 2402 inepte
740 2369 785 2404 qui
802 2370 837 2399 ita
853 2371 990 2407 sentiunt,

199 2413 294 2434 eorum
317 2415 377 2443 qua:
395 2417 410 2437 a
428 2409 573 2440 Servatore
601 2419 693 2442 nostro
710 2415 819 2444 Christo
835 2418 905 2446 dicta
929 2424 992 2447 sttnt

199 2453 253 2480 vim
273 2454 494 2489 interpretantur.
513 2457 606 2493 Neque
623 2461 694 2488 enim
714 2468 742 2489 ut
760 2464 895 2498 propriam
914 2473 991 2493 suam

201 2503 325 2527 naturam
338 2507 457 2533 accuset.
471 2504 528 2531 hme
539 2506 614 2539 dicit,
629 2515 714 2542 neque
725 2513 852 2544 tanquam
865 2519 990 2547 magnum

200 2548 227 2570 et
243 2546 401 2579 praeclarum
418 2548 518 2584 aliquid
536 2552 631 2579 statuit
647 2552 750 2582 Joanne
768 2555 897 2589 majorem
913 2546 990 2590 esse.

199 2590 246 2624 qui
267 2591 311 2618 Dei
329 2599 361 2619 ac
377 2592 466 2622 Patris
481 2595 610 2631 dignitate
629 2598 770 2634 gloriatur,
785 2606 812 2628 et
831 2603 992 2630 naturaliter

200 2637 291 2664 omnia
309 2645 369 2672 qua:
388 2640 475 2668 Patris
493 2647 572 2676 sunt,
593 2644 619 2671 in
642 2653 672 2672 se
693 2646 792 2679 habet,
811 2651 891 2682 atque
912 2649 947 2676 ob
967 2650 991 2677 id

201 2683 372 2716 proclamans
386 2693 393 2713 :
409 2695 418 2712 ‹
433 2687 528 2716 Omnia
540 2697 600 2723 qua:
612 2690 691 2718 habet
703 2692 782 2719 Pater
793 2701 852 2720 mea
865 2695 967 2722 sunt".
981 2705 989 2721 I

203 2728 342 2759 Perfectus
357 2737 446 2760 autem
462 2739 503 2762 est
518 2735 615 2764 Pater:
630 2738 728 2765 nullius
742 2739 832 2773 itaque
846 2741 969 2775 indigens
983 2751 990 2774 ;

203 2774 394 2812 perfectasque
409 2785 451 2807 est
465 2780 549 2808 Filius
563 2789 595 2809 ex
612 2782 669 2816 ipso
684 2784 800 2818 genitus.
813 2785 864 2818 Qui
878 2794 942 2814 vero
955 2788 992 2814 ita

241 2863 263 2879 "
280 2863 359 2895 Hebr.
376 2877 404 2903 ll,
417 2870 443 2897 7.
483 2871 504 2886 ’⁵
521 2870 586 2900 Luc.
606 2872 711 2906 “1,28.
750 2874 771 2890 ν
787 2873 864 2902 Joan.
878 2883 930 2907 tm,
949 2875 988 2904 I5.

1045 936 1090 968 ζον
1106 937 1152 963 καὶ
1166 937 1196 964 τὸ
1211 937 1321 965 ἔλαττον
1342 940 1476 974 φυσικῶς,
1497 941 1627 976 ζητητέον
1643 942 1717 974 ὅπως
1732 943 1779 969 ἐπὶ
1791 942 1839 969 τοῦ

1043 982 1111 1008 Θεοῦ
1126 983 1213 1018 Λόγου
1227 983 1398 1020 διασώσομεν
1416 986 1570 1023 ἀμφότερα,
1587 987 1634 1014 καὶ
1656 988 1720 1024 περὶ
1731 988 1776 1014 τὸν
1791 988 1840 1015 ἕνα

1044 1027 1090 1052 καὶ
1104 1027 1185 1062 μόνον
1202 1028 1235 1055 τὰ
1249 1028 1296 1055 δύο
1311 1029 1418 1057 κεῖσθαι
1432 1030 1566 1066 δώσομεν.
1585 1032 1691 1059 Οὐκοῦν
1705 1033 1772 1059 καθὸ
1786 1032 1839 1067 φύ-

1044 1081 1084 1099 σει
1105 1073 1180 1108 Θεὸς,
1200 1075 1257 1107 ἴσος
1276 1075 1352 1102 ἔσται
1371 1076 1410 1111 τῷ
1435 1077 1595 1112 γεγενηκότι
1620 1077 1696 1113 Θεῴ-
1723 1077 1791 1104 καθὸ
1811 1077 1839 1103 δὲ

1043 1119 1156 1154 γέγονεν
1180 1120 1333 1156 ἄνθρωπος,
1350 1122 1526 1157 ἡλαττῶσθαι
1549 1122 1670 1158 λέγεται.
1690 1123 1721 1150 Et
1744 1123 1774 1150 δέ
1797 1132 1839 1155 τις

1043 1165 1138 1200 opstat.
1150 1166 1198 1202 τῆς
1213 1167 1331 1203 φυσικῆς
1346 1168 1491 1204 ὑπάρξεως
1505 1169 1588 1196 αὑτοῦ
1603 1169 1652 1205 τὴν
1664 1169 1840 1205 [consumat

1046 1212 1082 1247 μὴ
1105 1213 1133 1239 ὲν
1155 1213 1242 1249 τούτῳ
1258 1213 1360 1250 ταύτην
1379 1214 1516 1246 σώζεσθαι
1531 1215 1616 1249 λέγοι,
1632 1216 1678 1243 ποῖ
1700 1215 1732 1251 δὴ
1747 1216 1839 1242 λοιπὸν

1044 1259 1182 1292 miserat;
1202 1260 1237 1286 Ἣ
1253 1261 1328 1286 ποῖον
1346 1259 1401 1292 ἕξει
1422 1261 1468 1287 τὸν
1483 1261 1565 1288 τόπον
1579 1262 1627 1289 τοῦ
1640 1261 1705 1288 Υῐοῦ
1720 1261 1750 1288 ab
1766 1261 1840 1294 ἐξαί-

1044 1314 1132 1341 ρετον,
1151 1306 1236 1342 μόνης
1258 1307 1308 1342 τῆς
1334 1307 1510 1339 ἐλαττώσεως
1527 1308 1694 1344 φαινομένης
1715 1307 1780 1343 περὶ
1795 1308 1840 1334 τὸν

1043 1351 1093 1386 ’τῆς
1108 1351 1270 1387 ὲνανθρωπή
1276 1360 1345 1384 σεως
1359 1352 1460 1387 τρόπον
1469 1361 1476 1386 ;

1045 1419 1106 1445 Ἔτι
1121 1420 1165 1452 εις
1178 1419 1211 1446 τὸ
1227 1420 1304 1446 αὑτό
1312 1429 1319 1437 ·
1336 1420 1400 1447 Ὅτι
1415 1420 1484 1453 ισος
1494 1421 1510 1447 ό
1523 1419 1589 1452 Υἱὸς
1604 1419 1679 1446 κατὰ
1691 1419 1790 1446 πάντα
1800 1419 1840 1451 τῷ

1080 1454 1141 1499 θεῷ
1156 1455 1207 1495 Ζιιιὶ
1224 1455 1326 1499 (largi,
1343 1456 1542 1499 εἴησκειέιέζου
1563 1455 1611 1499 κρὶ
1627 1454 1840 1499 ἐξεξαζομένσυ

1075 1489 1171 1523 ῥητοῦ
1185 1497 1191 1502 ·
1208 1489 1325 1530 [Αμὴν
1348 1490 1426 1530 λέγω
1448 1490 1612 1530 {minuebat
1634 1490 1841 1530 ἐγήγερςαι-ἑν

1080 1524 1234 1558 γεννητοῖς
1251 1525 1402 1560 γυναικῶν
1415 1525 1520 1559 μείζὶον
1541 1525 1677 1552 Ἰωάννου
1705 1525 1759 1552 τοῦ
1786 1527 1840 1553 Βα-

1076 1560 1214 1592 πτιστοῡ,
1235 1569 1244 1585 ι
1268 1561 1339 1596 μετὰ
1350 1560 1405 1587 τῶν
1417 1560 1529 1596 ἑφεξῆς.

1156 1628 1315 1662 Ἁντίθεσίς
1333 1629 1373 1663 ὡς
1391 1629 1426 1656 ἐκ
1445 1630 1505 1657 τῶν
1524 1629 1560 1656 δι’
1578 1630 1732 1664 ἐναντίας.

1068 1696 1134 1722 -Καὶ
1147 1696 1205 1728 πῶς
1220 1697 1253 1723 ἂν
1269 1696 1323 1732 εἴη.
1338 1698 1430 1733 φησιν,
1445 1698 1461 1734 ἢ
1478 1698 1535 1731 ἴσος
1550 1699 1566 1735 ἢ
1582 1700 1676 1735 ὅμοιος
1687 1701 1701 1727 ὁ
1711 1699 1838 1736 Χριστὸς,

1043 1743 1193 1773 τουτέστιν,
1209 1745 1223 1771 ὁ
1237 1745 1301 1776 Υἱὴς
1315 1744 1354 1780 τῷ
1371 1745 1523 1782 παντελείῳ
1536 1747 1636 1782 Πατρὶ,
1649 1747 1678 1779 ὃς
1697 1756 1730 1782 γε
1749 1749 1840 1783 σαφῶς

1045 1788 1096 1814 πού
1115 1797 1196 1824 φησιν
1211 1789 1249 1820 ὡς
1273 1799 1282 1815 t
1298 1790 1355 1816 Οὐκ
1368 1791 1518 1826 ἐγήγερται
1535 1792 1584 1827 μὲν
1597 1793 1625 1818 ὲν
1639 1795 1780 1828 γεννητοῖς
1793 1803 1840 1828 γυ-

1044 1834 1146 1861 ναικῶν
1166 1835 1289 1862 Ἰωάννου
1308 1835 1410 1871 μείζων
1429 1837 1516 1869 οὐδείς
1528 1845 1534 1852 ·
1558 1839 1572 1864 ὀ
1585 1838 1614 1864 δὲ
1635 1839 1801 1874 μικρότερος
1814 1841 1840 1866 ἐν

1043 1881 1076 1915 τῇ
1105 1880 1229 1916 βασιλείᾳ
1252 1881 1306 1908 τῶν
1328 1882 1464 1917 οὐρανῶν,
1494 1883 1593 1918 μείζων
1621 1884 1703 1912 αὑτοῦ
1729 1886 1813 1912 ἐστιν.
1830 1895 1838 1911 ι

1044 1927 1129 1959 Αὐτὸς
1143 1927 1197 1962 γὰρ
1211 1927 1248 1954 ὢν
1260 1928 1274 1954 ὀ
1290 1929 1452 1964 μικρότερος
1468 1930 1538 1956 κατὰ
1552 1931 1597 1957 τὸν
1611 1932 1639 1957 ἐν
1654 1932 1693 1967 τῷ
1709 1933 1840 1967 γεγεννῆ-

1045 1973 1107 2000 σθαι
1126 1974 1222 2008 χρόνον
1234 1975 1278 2001 διὰ
1291 1975 1341 2010 τῆς
1355 1975 1436 2009 ἁγίας
1457 1976 1608 2012 Παρθένου,
1622 1978 1684 2004 τότε
1704 1978 1782 2013 μόλις
1797 1980 1841 2006 καὶ

1044 2019 1074 2045 τὸ
1099 2019 1152 2046 τῶν
1169 2020 1210 2052 εἰς
1224 2021 1308 2056 ἄκρον
1325 2021 1447 2056 ἡκόντων
1462 2022 1565 2058 ἀρετῆς
1584 2023 1841 2059 ὑπεραναὸήσεσθαι

1047 2064 1147 2100 μέτρον
1158 2065 1253 2092 ἑαυτὸν
1262 2066 1399 2101 ὁμολογεῖ,
1413 2067 1476 2094 ὅταν
1487 2069 1503 2102 ἡ
1516 2068 1571 2094 τῶν
1584 2069 1707 2104 οὐρανῶν
1720 2069 1841 2104 βασιλεία

1045 2111 1246 2146 παραγένηται.
1260 2112 1354 2146 μισθὸν
1369 2112 1463 2149 ὥσπερ
1475 2114 1535 2141 τινὰ
1550 2114 1643 2142 τοῦτον
1656 2115 1705 2150 τῆς
1718 2117 1759 2148 εἰς
1770 2117 1842 2152 ἡμᾶς

1045 2155 1180 2187 διακονίας
1192 2157 1442 2193 ὰντικομιζόμενον.
1452 2159 1480 2185 '0
1493 2159 1520 2186 δὲ
1535 2158 1622 2192 οὕτως
1637 2159 1707 2195 ἔχων
1721 2161 1840 2196 φύσεως,
1871 2176 1875 2180 -

1046 2200 1105 2232 πῶς
1119 2201 1152 2228 ἆν
1169 2200 1202 2236 ἦν
1215 2203 1318 2238 ὅμοιος,
1331 2204 1346 2239 ἢ
1361 2204 1407 2231 καὶ
1423 2204 1452 2232 ἐν
1464 2205 1567 2241 ἰσότητι
1581 2207 1704 2241 φαίνοιτο
1714 2207 1763 2235 τοῦ
1775 2208 1840 2235 Θεοῦ

1008 2253 1030 2280 ι)
1047 2248 1094 2272 καὶ
1109 2247 1216 2283 Πατρός
1227 2257 1233 2281 ;

1219 2305 1298 2340 Πρὸς
1318 2306 1410 2334 ταῦτα
1427 2308 1518 2342 λύσις
1537 2308 1659 2343 ἐφεξῆς.

1086 2371 1218 2407 Ἀνοήτως
1232 2373 1334 2409 σφόδρα
1351 2375 1398 2401 καὶ
1416 2374 1530 2410 ἀμαθῶς
1544 2376 1567 2402 οἱ
1581 2376 1662 2412 τῆσδε
1677 2376 1841 2412 διεσκεμμέ-

1043 2424 1084 2443 νοι
1096 2417 1146 2451 τὴν
1157 2418 1210 2444 τῶν
1226 2419 1378 2454 εἰρημένων
1392 2421 1467 2457 παρὰ
1479 2421 1526 2448 τοῦ
1542 2422 1668 2458 Σωτῆρος
1682 2422 1763 2458 ἡμῶν
1775 2424 1841 2458 Χρι-

1045 2463 1107 2490 στοῦ
1122 2463 1277 2500 διειλήφασι
1287 2465 1412 2502 δύναμιν.
1426 2468 1463 2494 Οὐ
1472 2467 1526 2504 γὰρ
1538 2468 1581 2495 ἴνα
1594 2469 1642 2504 τῆς
1656 2468 1763 2500 οἰκείας
1774 2478 1841 2496 κατ-

1044 2509 1167 2544 ηγορήσῃ
1186 2510 1303 2545 φύσεως,
1318 2512 1352 2538 τὰ
1368 2513 1481 2540 τοιαῦτά
1498 2514 1659 2549 φησιν,οὐδὲ
1676 2515 1714 2546 ὡς
1730 2515 1803 2550 μέγα
1815 2523 1840 2542 τι

1044 2555 1091 2582 καὶ
1117 2555 1296 2591 ἀξιοζήλωτον
1320 2560 1451 2594 καύχημα
1478 2560 1650 2596 περιτίθησιν
1675 2561 1765 2596 ἐαυτῷ
1787 2561 1840 2588 τῶν

1050 2602 1174 2630 Ἰωάννου
1191 2604 1298 2639 μέτρων
1311 2605 1360 2640 τὴν
1375 2605 1522 2642 ὑπεροχὴν,
1540 2608 1554 2634 ὁ
1573 2609 1630 2640 τοῖς
1645 2608 1692 2634 τοῦ
1712 2608 1781 2634 Θεοῦ
1794 2609 1840 2635 καὶ

1044 2648 1151 2684 Πατρὸς
1168 2649 1365 2686 ἐπικομπὰζων
1379 2651 1529 2687 ἀξιώμασι,
1543 2654 1590 2679 καὶ
1611 2653 1700 2680 πάντα
1724 2653 1795 2688 ἔχων
1811 2654 1840 2680 ἐν

1044 2695 1133 2730 ἐαυτῷ
1160 2696 1194 2723 τὰ
1222 2698 1326 2724 ἐκείνου
1357 2700 1489 2732 φυσικῶς,
1515 2700 1560 2727 διά
1588 2708 1619 2734 γε
1647 2700 1727 2727 τοῦτο
1752 2700 1837 2735 βοῶν·

1047 2751 1056 2767 t
1073 2742 1164 2769 Πάντα
1185 2744 1234 2770 ὅσα
1259 2743 1315 2779 ἔχει
1337 2745 1350 2771 ὁ
1375 2745 1470 2781 Πατὴρ
1490 2747 1544 2781 ὲμά
1567 2747 1651 2773 ἐστιν.
1669 2746 1762 2781 »Ἔχει
1782 2745 1809 2772 δὲ
1826 2745 1839 2770 ὁ

1045 2789 1138 2825 Πατὴρ
1156 2790 1186 2817 τὸ
1202 2791 1359 2819 παντέλειον
1372 2801 1378 2809 ·
1397 2793 1549 2830 ἀπροσδεὴς
1564 2794 1618 2829 ἄρα
1635 2792 1682 2821 καὶ
1694 2792 1797 2825 τέλειος
1810 2791 1844 2833 ἐξῆ
