1904 3026
86 143 131 172 I51

815 149 1035 178 THESAURUS.

1689 156 1741 183 ιτα

89 200 170 230 αὐτώ
187 204 398 241 γεγεννημένος
410 207 427 234 ὁ
439 207 514 240 Υἱός.
524 207 552 235 '0
563 207 592 234 δὲ
605 207 691 241 οὕτως
709 207 778 243 ἔχων
789 208 894 243 φύσεως

953 217 976 236 se
995 208 1157 236 naturaliter
1174 208 1270 242 habet,
1289 216 1342 243 quo
1360 214 1441 244 pacto
1459 217 1511 238 non
1529 210 1564 238 sit
1581 210 1675 239 similis
1694 220 1741 247 per

91 249 162 277 κατὰ
176 249 222 277 τὸν
235 251 304 287 παρ’
319 252 437 279 ἐκείνων
456 253 543 288 λόγον,
559 253 617 285 πῶς
636 254 686 281 οὐκ
701 253 734 281 ἂν
748 255 791 290 εἴη
806 254 898 282 λοιπὸν

92 295 186 331 ὃμοιός
201 304 233 323 τε
248 297 298 324 καὶ
313 296 374 330 ἴσος
385 299 461 326 κατὰ
473 299 561 326 πάντα
577 299 616 336 τῷ
632 300 766 335 φύσαντις

93 354 206 392 AA_AO,_
216 353 268 392 ΰιᾲ
283 354 398 392 τῆςμεις
414 356 530 392 ᾅτοπον
541 356 710 392 ἀπαγωγῆς,
728 357 838 392 ἐνάγον
854 358 899 390 εις

130 389 308 425 ὁμολογίαν,
331 389 377 417 ὅτι
402 391 550 424 κίϐδηλον
570 391 629 418 τῶν
648 389 692 418 ’δν
710 389 850 425 ἐναντίας
864 389 898 419 τὸ

131 423 271 459 θεώρημα
283 434 290 440 ·
305 426 355 452 καὶ
374 425 419 453 ὅτι
433 426 467 453 τὸ
482 423 558 453 οὕτω
575 427 665 460 νοεῖν,
678 427 798 462 ἀμαθές.

130 480 204 515 οησί
218 489 270 508 που
286 482 406 517 Χριστός
417 491 424 499 ·
444 492 455 508 ι
470 483 528 511 Οὐκ
542 484 690 519 ἐγήγερται
712 485 741 511 ὲν
758 485 898 520 γεννητοῖς

96 525 239 557 γυναικῶν
258 525 362 560 μείζων
383 527 507 555 Ἰωάννου
520 528 566 555 τοῦ
582 529 738 556 Βαπτιστοῦ
751 537 757 543 ·
781 530 795 556 ὁ
807 530 835 556 δὲ
853 539 897 566 μι-

97 571 231 606 κρότερος
248 572 278 598 ὲν
293 574 326 608 τῇ
342 573 466 609 βασιλείᾳ
480 574 534 601 τῶν
546 575 669 610 οὐρανῶν
686 575 789 610 μείζων
810 576 894 604 αὑτοῦ

95 616 184 642 ἐστιν.
201 626 210 642 ι
222 617 295 643 Ἀλλ’
310 618 390 654 εἴπερ
412 619 520 654 ἐνεχθὲν
537 619 583 647 ἐπὶ
604 620 651 647 τοῦ
670 621 790 656 Χριστοῦ
804 621 834 648 τὸ
853 630 897 657 μια

93 661 230 697 κράτερον
244 663 296 699 τὴν
321 664 351 692 ἐν
375 665 463 701 χρόνῳ
478 666 614 701 ποσότητα
630 668 769 702 σημαίνει,
783 668 830 694 καὶ
846 668 897 694 ἐπ’

93 708 184 735 αὑτοῦ
202 710 337 745 κρατήσει
355 711 404 737 τοῦ
421 711 499 746 ἁγίου
514 712 667 739 Βαπτιστοῦ
684 713 714 739 τὸ
731 713 788 740 ἴσον
800 713 896 740 ἀναλύ-

92 762 155 788 γως
169 755 228 785 τοῖς
245 754 418 791 θεωρήμασι.
434 757 565 792 Σημαίνει
580 757 609 784 δὲ
623 757 725 793 ὁμοίοις
742 757 786 784 τὸν
799 757 895 793 χρόνον

90 798 136 829 τὸ,
158 808 169 824 ι
185 799 245 825 Οὐκ
257 799 407 836 ἐγήγερται
423 800 533 836 μείζων.
551 811 560 827 ι
571 801 639 828 Ἀλλ’
653 802 703 829 οὐκ
716 802 818 838 ἀληθὴς
829 803 895 838 ἡμῖν

91 846 106 871 ὁ
119 845 172 871 ἐπὶ
183 845 272 880 τούτῳ
283 846 444 882 λεχθήσεται
459 847 548 881 λόγος,
565 848 779 884 ἀντελεγχούοης
795 849 895 884 τρόπον

91 890 160 917 τινὰ
172 892 223 926 τῆς
240 891 317 923 θείας
333 892 446 927 Γραφῆς
463 893 510 920 καὶ
528 893 624 929 βιῶναι
638 894 770 930 λεγούσης
784 894 830 921 τὸν
847 895 896 930 μὲν
910 885 932 913 Β

92 935 144 962 τοῦ
164 936 262 970 γένους
282 937 363 972 ἡμῶν
386 939 542 973 ἀρχηγέτην
568 939 655 975 Ἀδὰμ
669 941 713 974 ἐφ’
724 940 795 972 ὅλοις
810 940 898 966 ἐτεσιν

92 982 286 1014 ὲννιακοσίοις
308 983 354 1010 τὸν
379 984 496 1019 ἀριθμὸν
519 985 565 1012 καὶ
587 986 772 1020 πεντήκοντα·
788 986 897 1021 ἑτέρους

92 1026 122 1054 δὲ
141 1028 227 1055 πάλιν
242 1029 340 1064 ἐκείνῳ
355 1029 477 1066 τιθείσης
491 1032 529 1063 είς
544 1032 681 1066 ποσότητα
695 1032 745 1067 τὴν
765 1033 793 1060 ὲν
808 1032 898 1068 χρόνῳ

92 1072 235 1107 γείτονας,
246 1075 394 1110 γεννητοὺς
405 1075 486 1107 ὄντας
499 1077 530 1103 ἐκ
544 1077 691 1111 γυναικῶν,
708 1077 777 1104 κατὰ
791 1078 839 1112 τὴν
850 1077 896 1104 τοῦ

93 1119 227 1156 Σωτῆρος
243 1120 348 1155 φωνὴν,
368 1121 457 1149 καίτοι
472 1122 519 1150 τοῦ
538 1123 774 1159 προκηρύττοντος
795 1124 897 1152 Βαπτι-

94 1165 159 1192 ατοῦ
177 1167 281 1202 κομιδῇ
300 1167 360 1194 νέον
375 1168 421 1195 τὸν
443 1169 503 1195 καθ’
519 1169 591 1204 ἡμᾶς
615 1170 798 1202 ἀναλύσαντος
824 1170 895 1205 βίου.

94 1211 204 1239 οὐκοῦν
229 1212 261 1239 οὐ
285 1213 333 1240 τὸν
349 1213 446 1248 χρόνον
468 1214 512 1241 ἐπ’
527 1214 610 1242 αὑτοῦ
633 1215 663 1242 τὸ
689 1215 790 1250 μείζων
811 1216 895 1250 δηλοῖ,

96 1256 201 1290 μᾶλλον
213 1257 244 1283 δὲ
257 1257 304 1284 τὸν
318 1259 347 1284 έν
359 1258 445 1294 ἀρετῇ
457 1259 606 1294 κεκτῆσθαι
620 1259 650 1286 τὸ
664 1259 774 1294 ὑψηλὸν,
788 1261 834 1286 καὶ
847 1261 897 1287 ἐπ’

94 1302 197 1334 αὐτοὺς
215 1303 352 1339 ἀναὸἦναι
373 1303 466 1332 λοιπὸν
488 1305 537 1340 τῆς
551 1305 666 1340 ἐνούσης
682 1305 839 1341 ἀνθρώποις
856 1306 896 1332 δι-

95 1347 248 1382 καιοσύνης
262 1349 327 1380 τοὺς
341 1349 421 1384 ὅρους
432 1357 438 1364 ο
451 1349 556 1382 τούτοις
570 1350 724 1382 ἀκολούθως
735 1351 782 1378 καὶ
792 1350 837 1377 ἐπὶ
849 1351 896 1378 τοῦ

95 1393 225 1429 Σωτῆρος
248 1394 330 1429 ἡμῶν
357 1395 475 1431 Χριστοῦ
498 1395 529 1422 τὸ
553 1395 713 1432 μικρότερος
736 1395 776 1431 τῷ
793 1396 896 1431 μείζονι

95 1439 367 1475 ἀντιπαρακείμενον
387 1440 417 1467 οὐ
435 1440 531 1476 χρόνον
545 1440 651 1473 δέξεταί
671 1450 696 1467 τι
715 1441 893 1476 σημαντικόν.

96 1484 145 1519 Εἶη
162 1484 219 1520 γὰρ
236 1485 272 1512 ἂν
288 1484 375 1517 οὕτως
399 1485 446 1512 καὶ
471 1486 589 1520 γέλωτος
610 1486 684 1520 ἀξιον
707 1487 738 1513 τὸ
761 1487 790 1512 ἐν
808 1487 896 1522 χρόνῳ

96 1530 190 1561 ποσὸν,
205 1530 264 1557 τῶν
280 1531 351 1557 κατὰ
368 1531 467 1567 ἀρετὴν
492 1531 645 1568 comptdi
667 1531 775 1559 ἔσεσθαι
803 1532 895 1567 μεῖζον

949 254 1038 282 omnia
1054 258 1081 282 et
1097 255 1210 289 aequalis
1227 261 1275 282 suo
1293 254 1387 283 Patri?

948 355 1067 388 ALIUD,
1090 364 1136 391 per
1157 355 1332 383 reductionem
1358 355 1392 382 ad
1416 355 1576 387 absurdum,
1602 356 1740 391 ostendens

985 391 1080 425 falsam
1100 399 1154 417 esse
1173 392 1388 417 adversariorum
1408 391 1630 426 propositionem;
1650 396 1673 417 et
1695 392 1740 416 ab—

984 427 1093 452 surdum
1111 434 1167 453 esse
1180 426 1219 452 ita
1235 427 1341 453 sentire.

983 481 1107 510 Christus
1122 482 1220 510 alicubi
1238 483 1274 509 ita
1290 482 1328 509 ait
1343 491 1350 509 :
1368 491 1377 507 ί
1395 481 1452 508 Non
1468 482 1585 509 surrexit
1603 482 1674 508 inter
1689 488 1738 508 na-

950 532 991 554 tos
1006 527 1149 554 mulierum
1166 528 1252 563 major
1265 527 1368 555 Joanne
1384 527 1503 563 Baptista
1520 536 1527 555 :
1546 528 1635 554 minor
1649 532 1738 554 autem

949 574 974 601 in
993 582 1075 609 regno
1091 575 1221 602 ccelorum
1245 575 1332 610 major
1360 574 1415 610 95
1431 575 1490 609 ipso
1505 579 1556 602 est.
1576 583 1585 599 ι
1603 574 1737 601 Caeterum

948 619 970 646 si
995 619 1020 646 id
1041 619 1112 654 quod
1133 618 1246 646 aﬁ‘ertur
1267 620 1299 646 de
1320 619 1428 647 Christo
1448 620 1536 646 minus
1557 619 1736 654 quantitatem

949 664 1080 698 temporis
1098 663 1250 697 significat,
1267 664 1363 691 eadem
1382 664 1486 691 ratione
1504 664 1586 690 etiam
1605 664 1737 691 Joannem

948 710 1095 745 Baptistam
1115 710 1172 737 [nec
1190 710 1412 744 comprehendet.
1430 709 1572 745 Signiﬁcat
1590 715 1679 737 autent
1698 710 1737 737 si-

948 756 1051 783 tniliter
1067 761 1183 790 tempus,
1200 755 1265 782 illud
1283 765 1290 782 :
1309 764 1318 780 (
1337 754 1393 783 Non
1409 756 1528 784 surrexit
1545 756 1641 790 major.
1659 765 1668 782 ι
1685 756 1736 783 At.

947 802 992 837 qui
1015 803 1066 829 hoc
1083 809 1175 829 verum
1194 809 1246 828 non
1263 805 1316 833 est,
1334 809 1395 828 cum
1417 802 1474 836 ipsa
1497 809 1573 829 sacra
1595 801 1738 836 Scriptura

948 852 1089 882 repugnet,
1103 851 1128 874 et
1140 847 1273 873 Adamum
1290 847 1397 882 generis
1413 846 1498 873 nostri
1514 852 1652 873 auctorem
1668 854 1736 873 nou-

947 898 1041 929 gentos
1054 893 1247 928 quinquaginta
1263 900 1348 920 annos
1363 892 1462 920 vixisse
1477 897 1600 925 Iestetur,
1616 892 1738 927 aliosque

951 944 1089 967 recenseat
1102 940 1147 975 qui
1162 939 1331 974 longitudine
1346 939 1408 966 vitae
1422 939 1544 974 proxime
1558 939 1590 965 ad
1605 940 1738 966 Adamum

949 989 1140 1017 accesserunt,
1156 989 1183 1012 et
1197 992 1229 1012 ex
1247 984 1407 1011 mulieribus
1423 985 1496 1016 nati,
1512 989 1541 1010 ut
1556 984 1683 1011 Christus
1698 983 1738 1010 lo-
1766 980 1768 987 “

949 1029 1051 1065 quitur,
1068 1030 1186 1062 fuerant,
1205 1037 1265 1057 cum
1282 1036 1432 1064 praecursor
1446 1028 1546 1056 Christi
1562 1028 1682 1062 Baptista
1695 1031 1739 1061 jn-

949 1075 1026 1102 venis
1043 1075 1186 1102 admodum
1204 1082 1219 1101 e
1234 1074 1303 1102 vivis
1319 1075 1476 1102 excesserit.
1495 1074 1557 1101 llaec
1574 1074 1656 1109 igitur
1672 1081 1737 1106 vox,

950 1120 1046 1154 major,
1064 1128 1117 1147 non
1135 1125 1241 1155 tempus
1255 1120 1408 1155 signiﬁcat,
1425 1119 1472 1147 sed
1489 1119 1577 1154 potius
1593 1119 1665 1153 quod
1682 1118 1739 1145 vir-

950 1167 1015 1194 tutis
1031 1166 1167 1201 fastigium
1185 1166 1221 1193 sit
1238 1170 1417 1196 consecutus,
1433 1169 1460 1191 et
1475 1164 1508 1191 ad
1527 1164 1613 1198 ipsam
1628 1163 1739 1198 justitiae

949 1220 1009 1247 quae
1032 1212 1057 1239 in
1082 1211 1205 1239 homines
1228 1211 1301 1238 cadit
1325 1215 1424 1238 metam
1449 1210 1620 1245 pervenerit;
1643 1210 1738 1237 cadent

949 1258 1029 1293 plane
1053 1258 1158 1285 ratione
1178 1257 1212 1284 de
1233 1257 1378 1284 Servatore
1403 1261 1495 1284 nostro
1518 1256 1627 1284 Chri5to
1651 1256 1740 1283 minor

948 1303 1044 1337 majori
1063 1303 1203 1338 oppositus
1227 1311 1279 1330 non
1303 1308 1409 1336 tempus
1429 1301 1573 1337 signiﬁcat.
1599 1301 1739 1329 Ridiculus

947 1350 1019 1377 enim
1037 1350 1073 1377 sit
1089 1349 1135 1384 qui
1156 1349 1181 1376 id
1204 1349 1273 1384 quod
1297 1349 1425 1383 temporis
1443 1348 1622 1382 quantitatem
1642 1347 1737 1378 habet,

948 1396 1056 1423 virtutis
1072 1395 1232 1423 celsiutdiue
1247 1395 1334 1429 majus
1349 1395 1494 1422 existimet.
1511 1393 1651 1427 Quomodo
1666 1393 1737 1420 enim

948 1442 1012 1469 talia
1037 1441 1109 1469 inter
1132 1449 1161 1469 se
1186 1441 1337 1476 comparari
1362 1439 1492 1475 possint?
1514 1439 1548 1466 At
1572 1447 1636 1466 vero
1650 1439 1739 1472 potius

948 1487 1102 1515 necessaria
1120 1487 1225 1514 ratione
1243 1486 1375 1514 minorem
1393 1486 1564 1513 sanctitatem
1583 1484 1719 1519 signiﬁcat
1731 1505 1737 1515 ,

948 1537 977 1559 ιιι
996 1533 1046 1559 hoc
1063 1537 1144 1566 pacto
1160 1531 1287 1559 Christus
1304 1531 1364 1558 vitae
1381 1530 1560 1558 sanctimonia
1578 1529 1681 1557 Joanne
1698 1530 1739 1556 iu-

97 1576 207 1602 ἐννοεῖν.
223 1576 295 1602 Ποῖα
316 1575 371 1610 γὰρ
386 1575 455 1607 ὅλως
468 1577 502 1603 τὰ
515 1576 628 1603 τοιαῦτα
648 1577 716 1612 πρὸς
730 1576 833 1612 ἄλληλα
847 1577 894 1613 τὴν

953 1577 1034 1605 ferior
1051 1578 1200 1613 judiceutr.
1217 1577 1293 1610 Quod
1316 1584 1376 1604 cum
1400 1584 1448 1611 per
1467 1584 1497 1604 se
1517 1584 1593 1604 suam
1616 1575 1739 1610 blasphe-

98 1619 242 1655 τῦγκρισιν
260 1620 432 1654 ὲπιδὲξεται;
454 1621 569 1656 δηλώσει
589 1622 617 1648 δὲ
637 1621 736 1657 μᾶλλον
751 1622 788 1654 ὡς
802 1621 832 1654 ἐξ
848 1623 893 1649 ἀν-

948 1624 1029 1650 miam
1044 1623 1181 1653 ostendat.
1197 1623 1295 1650 merito
1309 1630 1498 1649 exsecramur.

97 1667 212 1702 αγκαίου
230 1667 312 1701 λόγου
327 1667 359 1694 τὸ
372 1668 402 1693 ὲν
415 1668 544 1703 ἁγιασμῷ
580 1669 781 1704 μειονέκτημα·
797 1669 841 1696 ἵνα
852 1670 945 1697 λοιπὸν
977 1671 1024 1697 καὶ
1057 1670 1106 1706 τῆς
1128 1670 1251 1697 Ἰωάννου
1272 1669 1412 1701 πολιτείας
1445 1669 1574 1706 φαίνηται
1586 1668 1710 1704 δεύτερος
1724 1668 1739 1695 6

98 1713 168 1746 Υἱός.
178 1713 313 1748 Ἐχούσης
325 1712 354 1739 δὲ
362 1712 468 1740 οἴκοθεν
480 1713 529 1748 τῆς
541 1714 696 1749 δυσφημίας
707 1714 752 1742 τὸν
767 1714 886 1750 ἔλεγχον,
908 1715 937 1742 τὸ
954 1715 1024 1742 οὕτω
1042 1717 1112 1742 νοεῖν
1131 1714 1355 1750 παραιτούμεθα.

300 1770 349 1803 Ὠς
367 1769 401 1797 ἐκ
419 1770 478 1797 τῶν
496 1770 533 1797 δι’
549 1771 697 1804 ἐναντίας.

131 1827 185 1862 Τὴν
207 1826 312 1862 ἁπλῆν,
327 1826 404 1860 φασὶ,
419 1826 468 1856 καὶ
484 1827 716 1863 ἀπεριεργοτέραν
739 1828 795 1859 τοῖς
820 1828 896 1862 παρὰ

99 1871 142 1897 τοῦ
157 1871 286 1906 Σωτῆρος
306 1871 464 1905 εἰρημένοις
480 1871 597 1908 θεωρίαν
610 1873 768 1906 ἐπάγοντες,
785 1872 895 1907 χαριέν-

100 1926 150 1948 τως
164 1917 248 1944 αὑτὸν
259 1917 404 1952 εἰρηκέναι
415 1917 578 1954 πιστεύομεν
590 1919 686 1954 ὅτιπερ
701 1919 715 1945 ὁ
731 1919 895 1954 μικρότερος

101 1962 136 1994 ὡς
153 1963 182 1989 ὲν
202 1962 336 1998 ποσότητι
353 1963 448 1998 χρόνου
463 1963 509 1991 τοῦ
534 1964 604 1991 κατὰ
628 1964 679 1999 τὴν
703 1964 830 2000 γέννησιν
844 1965 895 1999 τὴν

103 2008 166 2041 μετὰ
183 2008 298 2042 σαρκὸς,
311 2007 389 2035 ἔσται
406 2009 507 2044 μείζων
521 2011 550 2036 ὲν
562 2011 595 2045 τῇ
610 2009 733 2046 βασιλείᾳ
746 2010 801 2037 τῶν
815 2010 896 2046 ούρα-

101 2053 150 2080 νῶν
162 2054 211 2081 καὶ
227 2054 276 2081 τοῦ
292 2054 396 2081 τελείου
412 2055 481 2090 πρὸς
502 2055 552 2091 τὴν
566 2056 596 2082 ἐν
616 2055 770 2090 ἀνθρώποις
783 2056 895 2092 ἀρετήν.

102 2100 200 2127 οὐκοῦν
213 2100 245 2127 τὸ
260 2101 310 2136 μὲν
323 2102 485 2137 μικρότερος
495 2102 525 2128 τὺ
534 2102 674 2138 Κνριακὸν
687 2102 799 2129 εἰσοίσει
812 2102 898 2138 πρόσ-

103 2154 170 2172 ωπον
189 2147 273 2182 ἡμῖν·
299 2147 330 2174 τὸ
347 2147 376 2174 δὲ
398 2148 427 2174 ἐν
449 2148 599 2183 τελειότητι
621 2149 654 2184 τῇ
679 2149 739 2176 κατ’
754 2149 897 2176 εὐσέϐειαν

105 2192 335 2228 ἁνθρωποπρεπεῖ
353 2194 460 2221 νεῖσθαι
484 2194 530 2221 τὸν
559 2194 636 2229 ἅγιον
662 2195 830 2231 Βαπτιστὴν,
851 2196 893 2228 τὺ,

111 2239 151 2265 Ἐν
162 2240 304 2274 γεννητοῖς
318 2240 457 2274 γυναικῶν
471 2240 508 2276 μὴ
521 2241 674 2277 ἤγηγέρθαι
688 2240 810 2276 μείζονα,
826 2250 896 2277 μαρ-

107 2286 195 2320 τυρεῖ·
210 2285 281 2312 ἀλλὰ
299 2286 347 2312 καὶ
366 2286 412 2313 τὸν
434 2287 505 2314 οὕτω
529 2287 617 2322 μέγαν
634 2288 812 2324 ὑπεραλεῖται
826 2289 896 2323 Χρι-

108 2331 174 2364 στός.
197 2333 278 2360 Ποῖον
295 2334 325 2360 ὲν
339 2333 446 2366 τούτοις
458 2334 489 2361 τὸ
505 2335 621 2368 ἄτοπονς

342 2390 421 2424 Πρὸς
439 2391 533 2418 ταῦτα
551 2392 652 2425 λύσις.

137 2446 166 2472 Εἰ
183 2446 267 2480 μηδὲν
284 2447 314 2473 ἐν
328 2447 433 2479 τούτοις
450 2447 480 2474 τὺ
494 2448 604 2480 ἄτοπον,
620 2449 669 2484 οὐχ
684 2449 777 2481 ἁπλῶς
793 2450 892 2480 εἰπεῖν,

107 2491 166 2518 ἀλλὰ
186 2490 278 2527 ζητεῖν
302 2492 471 2528 ἀναγκαῖον·
495 2494 595 2530 χρῆναι
610 2494 664 2530 γὰρ
686 2493 763 2530 οἶμαι
785 2495 892 2531 γοργῶς

107 2541 156 2571 τοῖς
171 2540 251 2572 θείοις
265 2541 486 2576 ἐπαγωνίζεσθαι
504 2543 603 2578 λόγοις,
619 2544 649 2570 οὺ
672 2544 781 2576 πάντως
799 2545 848 2580 τὴν
864 2543 894 2576 ἐξ

107 2586 288 2622 ἁπλουστέρων
305 2586 494 2623 θεωρημάτων
516 2590 652 2626 ἐρανίζειν
673 2590 830 2622 διάγνωσιν,
849 2591 894 2617 ὅτε

106 2631 133 2665 δὴ
146 2632 260 2665 μάλιστα
277 2633 381 2668 πολλὴν
396 2634 462 2668 ἡμῖν
478 2635 629 2670 ἐμποιοῦσα
645 2635 693 2672 τὴν
707 2635 809 2671 ζημίαν
826 2636 892 2672 ὁρᾶ-

107 2677 210 2704 ται.’ίνα
227 2678 283 2714 γὰρ
298 2679 346 2705 καὶ
361 2680 504 2714 νοήσωμεν
525 2679 611 2713 οὕτως
630 2681 660 2708 τὸ
686 2681 840 2717 εἰρημένον,
856 2681 894 2713 ὡς

107 2723 172 2758 ὑμεῖς
192 2733 262 2759 φατε
286 2726 336 2752 καὶ
359 2725 532 2760 βουλεύεσθε,
547 2727 722 2763 σημαινέσοω
746 2729 895 2763 χαριέντως

106 2765 141 2794 διὰ
161 2769 204 2796 τοῦ
229 2770 423 2804 Μικρότερος
439 2771 452 2797 ὁ
466 2771 786 2809 Σωτήρ.¹Υπερκείσεται
806 2773 895 2800 τοίνυν

131 2857 223 2887 "Luc.
243 2862 294 2890 τη,
314 2858 362 2886 ‘28.

1162 1770 1282 1806 Objectio
1304 1770 1527 1798 adversariorum.

984 1827 1158 1862 Simplicem,
1181 1828 1275 1860 aiunt,
1301 1828 1466 1862 minimeque
1487 1827 1622 1856 curiosam
1645 1835 1739 1855 eorum

947 1881 1008 1909 qua:
1026 1882 1039 1900 a
1058 1874 1166 1902 Christo
1184 1866 1255 1901 dicta
1274 1879 1337 1902 sunt
1354 1875 1606 1909 interpretationem
1623 1881 1736 1908 sequen-

948 1924 999 1950 tes,
1017 1920 1119 1947 urbane
1135 1920 1210 1947 illum
1226 1920 1329 1947 dixisse
1345 1920 1481 1947 credimus
1496 1920 1579 1954 quod,
1596 1920 1684 1946 minor
1697 1919 1739 1946 ni-

947 1966 1046 1994 mirqu
1064 1966 1216 2000 quantitate
1232 1966 1365 2000 temporis
1381 1966 1416 1994 ab
1431 1970 1493 1993 ortu
1510 1966 1659 1993 secundum
1674 1971 1737 1992 car-

947 2020 1021 2044 nem,
1037 2012 1122 2047 major
1136 2013 1244 2041 futurus
1258 2012 1294 2040 sit
1310 2011 1337 2039 in
1355 2019 1439 2047 regno
1453 2011 1594 2043 caelorum,
1609 2010 1690 2038 etiam
1705 2016 1740 2038 eo

947 2058 993 2093 qui
1012 2058 1138 2086 humanm
1155 2058 1264 2086 virtutis
1284 2058 1478 2093 perfectionem
1500 2061 1542 2085 est
1563 2060 1736 2084 consecutus.

948 2105 1035 2132 Minor
1050 2104 1139 2139 itaque
1157 2111 1300 2139 personam
1318 2104 1423 2132 Domini
1443 2104 1521 2131 nobis
1537 2102 1687 2138 signiﬁcat;
1706 2101 1738 2128 il-

950 2151 993 2178 lud
1011 2158 1076 2178 vero
1096 2159 1147 2178 tton
1168 2151 1320 2178 surrexisse
1340 2150 1469 2184 majorem
1491 2150 1562 2177 inter
1580 2154 1659 2176 natos
1678 2155 1738 2175 ntu-

950 2196 1063 2230 lierum,
1080 2196 1217 2231 signiﬁcat
1232 2201 1356 2224 sancttnu
1375 2196 1524 2231 Baptistam
1543 2194 1738 2230 perfectionem

950 2242 1058 2276 pietatis
1073 2249 1132 2275 qua:
1147 2243 1173 2269 in
1188 2242 1324 2270 hominem
1338 2241 1437 2270 cadere
1451 2241 1548 2277 possit,
1563 2243 1738 2268 cnnsecutunt

949 2288 1034 2316 fuisse
1051 2296 1057 2316 :
1077 2293 1205 2316 crateram
1226 2288 1298 2316 hunc
1316 2288 1493 2322 quantumvis
1512 2294 1641 2321 magnum
1660 2284 1739 2314 Chri-

949 2340 1007 2363 stus
1023 2335 1174 2370 superabit.
1191 2335 1260 2368 Quid
1276 2335 1327 2363 hac
1344 2335 1369 2362 in
1386 2342 1415 2362 re
1431 2340 1474 2362 est
1488 2333 1618 2362 absurdi?

1202 2389 1305 2418 Salutio
1322 2389 1485 2425 objectionir.

982 2448 1021 2473 Au
1036 2447 1100 2474 nihil
1115 2448 1140 2474 in
1155 2447 1197 2475 ftis
1210 2447 1321 2475 absurdi
1334 2447 1380 2480 sit,
1393 2454 1447 2473 non
1461 2445 1625 2479 simpliciter
1635 2445 1737 2478 dicere,

947 2494 994 2521 sed
1007 2494 1144 2528 inquirere
1155 2497 1282 2528 oportet;
1296 2501 1393 2529 magna
1407 2493 1479 2520 enim
1492 2491 1633 2526 diligentia
1646 2492 1738 2518 divina

948 2539 1053 2574 Scripta
1071 2539 1276 2573 pervestiganda
1294 2544 1374 2571 sunt,
1391 2545 1480 2574 neque
1497 2538 1608 2566 omnino
1623 2537 1739 2572 simplex

944 2593 976 2613 ac
995 2586 1070 2613 rttdis
1097 2585 1230 2613 sententia
1255 2585 1405 2620 colligenda
1423 2590 1474 2613 est.
1500 2585 1646 2612 Maximum
1665 2584 1738 2611 enim

946 2633 1075 2660 damnum
1091 2632 1117 2659 id
1133 2631 1211 2659 nobis
1227 2631 1328 2658 inferre
1344 2631 1399 2667 96
1413 2632 1546 2659 cernitur.
1562 2631 1628 2658 Nam
1645 2635 1674 2657 ut
1690 2638 1739 2657 nos

946 2680 1027 2707 etiam
1044 2680 1079 2706 ita
1097 2679 1196 2706 dictum
1214 2677 1408 2713 intelligamus,
1424 2682 1453 2704 ιιι
1469 2686 1516 2705 vos
1534 2677 1623 2705 dicitis
1639 2681 1665 2704 et
1680 2682 1739 2703 sta-

948 2727 1037 2759 tuitis,
1057 2727 1152 2754 demus
1171 2725 1315 2760 signiﬁcari
1336 2725 1509 2752 Servatorem
1529 2731 1577 2758 per
1595 2730 1686 2751 vocem
1706 2722 1738 2749 il-

948 2773 1012 2807 lam,
1027 2773 1124 2800 Minor.
1140 2771 1261 2805 Quanam
1278 2771 1359 2807 igitur
1374 2771 1479 2799 ratione
1494 2769 1631 2805 superabit
1648 2768 1739 2803 Bapti-
