1904 3026
209 159 260 188 159

701 157 730 185 S.
752 155 889 185 CYltlLLl
910 152 1141 181 ALEXANDRINI
1163 153 1323 182 ABCUIEP.

1789 149 1841 178 160

207 222 275 243 stam
298 216 323 242 in
346 223 428 251 regno
449 216 589 249 C(elorum,
610 220 656 243 aut
678 217 814 252 quomodo
835 218 887 244 erit
909 217 985 251 majot

1044 212 1114 239 κατά
1130 221 1190 240 τινα
1208 213 1308 248 τρόπον
1322 213 1367 239 τὸν
1385 213 1462 246 ἅγιον
1482 210 1638 247 Βαπτιστὴν
1655 210 1685 237 ὲν
1706 211 1741 245 τῇ
1759 209 1841 244 βασι-

168 256 172 261 “
205 260 257 287 eo?
278 260 434 293 Quantitate
456 261 528 288 enim
553 262 681 296 temporis
701 269 734 289 ex
758 270 813 297 quo
837 267 912 290 natus
935 268 993 296 est,

206 313 295 337 nemo,
307 311 336 333 ut
350 306 476 339 arbitror,
489 314 600 342 compos
614 308 712 335 mentis
725 309 834 336 dixerit.
847 309 904 342 Quo
915 315 994 344 pacto

206 351 278 378 enim
304 352 437 386 quispiam
464 357 606 387 prtetereat
632 354 658 381 id
682 355 753 389 quod
779 363 885 390 semper
908 356 993 390 ipsunt

207 398 352 431 pratcedit,
370 403 450 432 alque
467 407 521 426 una
538 407 600 427 cum
621 400 678 434 ipsa
700 403 829 435 temporis
845 401 994 429 evolutioue

206 448 329 476 raptatur
346 448 428 479 alque
450 447 602 478 percurrit?
624 447 853 480 Quemadmodum
874 447 945 474 enim
967 447 993 475 in

208 493 326 515 rotarum
351 490 534 525 volutatione,
559 493 723 520 anteriorum
751 501 857 527 semper
879 494 907 520 lit
933 501 994 528 pro-

205 541 331 568 gressus,
354 537 531 570 sequentibus
557 546 663 572 semper
684 539 711 565 in
732 539 882 572 posteriore
903 539 956 565 situ
978 547 994 567 τι

207 584 283 615 tergo
303 581 419 616 relictis;
441 584 476 610 ita
494 584 573 611 etiam
593 585 618 611 in
639 592 780 618 progressu
802 585 930 618 temporis
948 586 993 619 qui

207 627 281 660 prior
299 633 350 660 est,
371 630 564 664 posterioribus
589 630 673 664 major
692 634 742 656 est.
762 630 820 656 Non
841 631 923 665 igitur
943 631 994 658 hoc

207 674 287 700 modo
306 676 425 709 superari
444 675 590 709 Baptistam
608 683 622 702 a
637 674 756 708 Christo,
775 677 820 703 sed
841 677 994 705 sanctitatis

207 717 338 747 duntaxat
354 721 468 752 ratione,
482 728 549 754 opus
563 725 605 747 est
617 721 750 755 proﬁteri.
767 721 906 754 Quomodo
920 722 993 749 enim

206 765 338 799 quispiam
356 765 434 792 aliter
450 766 474 792 in
492 766 556 800 ipsis
573 766 662 801 majus
680 767 828 802 intelligere
844 768 947 801 possit?
962 769 996 796 At

204 811 226 837 si
249 818 308 837 cum
329 819 439 845 regnum
460 811 589 840 caelorum
612 812 749 839 advenerit
773 813 858 847 major
875 813 918 841 illo
936 821 995 842 cer-

205 862 294 889 netur,
317 865 387 884 nunc
409 862 482 884 certe
505 863 550 885 aut
570 859 693 892 arqualis,
715 865 763 887 aut
784 861 872 888 minor
890 869 920 889 eo
943 867 993 890 est.

203 903 268 929 Cum
290 904 353 930 vero
377 903 451 938 impii
476 903 521 930 isti
544 904 681 932 Christum
705 904 809 933 Joanne
831 907 987 936 inferiorem

201 947 371 981 existiment,
394 949 575 983 arqualitatem
600 951 636 978 illi
658 952 787 979 tribuent.
808 951 860 980 Sed
880 953 989 981 videant

201 1001 311 1027 prorsus
331 1001 412 1028 quam
433 995 561 1023 imbecilli
582 1000 742 1031 argumento
762 1000 890 1026 nitantur.
910 999 988 1033 Qum-

201 1047 262 1065 nam
278 1040 348 1066 enim
365 1041 506 1076 aequalitas
521 1043 673 1070 sanctitatis
688 1052 719 1071 ex
737 1045 779 1072 his
794 1046 922 1073 constitui
938 1053 989 1082 po-

202 1085 273 1112 test?
288 1086 342 1112 Aut
359 1094 412 1121 quo
428 1092 506 1122 pacto
525 1096 576 1115 non
595 1089 844 1125 incomparabiliter
858 1099 988 1127 superare

200 1132 356 1159 censebitur
370 1133 505 1167 Christus,
523 1142 584 1162 eum
601 1136 740 1164 videamus
756 1131 841 1172 ipsum
855 1137 987 1167 Joannem

201 1176 236 1203 ita
251 1177 284 1204 ad
300 1177 437 1206 Christum
453 1180 607 1215 loquentem
624 1191 631 1209 :
651 1192 660 1208 (
680 1182 744 1209 Mihi
760 1191 828 1218 opus
841 1189 882 1211 est
898 1185 946 1212 abs
962 1189 988 1212 te

200 1222 331 1257 baptizari
344 1225 376 1251 “.
399 1235 409 1251 ι
429 1225 454 1252 Id
472 1234 535 1254 vero
553 1232 628 1254 extra
647 1236 753 1255 omnem
775 1231 985 1258 controversiam

199 1274 258 1302 est,
276 1270 302 1297 id
319 1272 390 1305 quod
409 1273 498 1302 minus
518 1279 560 1302 est
580 1283 595 1302 a
617 1277 804 1310 praestantiore
821 1278 941 1306 benedici
960 1284 986 1306 et

200 1315 372 1344 sanctiﬁcari.

535 1432 647 1460 ALIUD.

234 1499 333 1526 Beatus
348 1498 466 1534 Baptista
480 1500 587 1527 Iudaeos
603 1502 639 1528 ita
655 1501 802 1537 alloquitur
819 1513 824 1530 :
843 1513 851 1529 ι
871 1503 925 1539 Ego
939 1512 985 1532 vos

198 1545 304 1578 baptizo
325 1545 350 1571 in
371 1552 459 1579 aqua:
479 1546 525 1573 sed
545 1550 604 1580 post
622 1553 664 1573 me
680 1547 753 1573 venit
769 1548 819 1579 vir,
837 1549 913 1582 cujus
931 1558 984 1577 non
1007 1575 1014 1581 _

1045 258 1104 294 λεία
1117 258 1171 285 τῶν
1183 259 1315 294 οὐρανῶν,
1329 259 1344 295 ἥ
1360 258 1417 290 πῶς
1432 258 1508 284 ἔσται
1524 257 1625 293 μείζων
1641 255 1726 283 αὐτοῦ
1739 264 1746 288 ;
1759 255 1841 282 Κατὰ

1046 304 1095 339 μὲν
1119 301 1164 331 οὖν
1188 305 1234 331 τὸν
1259 305 1288 331 tv
1312 305 1441 339 ποσότητι
1462 303 1509 330 τοῦ
1529 302 1710 338 γεγεννῆσθαι
1729 302 1839 337 χρόνον.

1044 350 1094 376 οὐκ
1107 349 1140 376 ἄν
1155 358 1207 381 τις,
1225 347 1313 385 οἶμαι,
1333 349 1480 386 σωφρονῶν
1493 349 1640 383 ὲννοήσειε.
1658 348 1721 379 Πῶς
1735 347 1791 382 γὰρ
1806 347 1840 374 ἄν

1035 402 1086 427 ’τις
1100 395 1147 422 καὶ
1161 395 1262 430 φθάσαι
1275 396 1306 422 τὸ
1320 396 1364 423 ἀεὶ
1380 395 1540 430 προὸαδίξον
1554 394 1647 425 αὐτοῦ,
1659 395 1707 420 καὶ
1718 393 1779 424 ταῖς
1791 392 1839 418 τοῦ

1045 441 1141 476 χρόνου
1158 442 1292 477 περιόδοις
1316 442 1359 468 ἀεὶ
1387 441 1533 477 συντρέχον
1549 440 1597 467 καὶ
1619 439 1837 474 συνελκόμενονς

1047 486 1151 521 Ὄνπερ
1165 486 1218 522 γὰρ
1235 487 1333 522 τρόπον
1347 486 1382 512 τὰ
1394 487 1423 514 tv
1436 487 1496 517 ταῖς
1506 485 1559 511 τῶν
1571 485 1678 511 κύκλων
1690 492 1839 520 περιστρο-

1046 533 1110 567 φαῖς
1133 532 1175 558 ἀεὶ
1201 533 1268 568 πρὸς
1294 533 1324 559 τὸ
1348 533 1442 568 πρόσω
1467 532 1551 567 χωρεῖ
1565 531 1613 567 τὴν
1627 530 1674 557 τοῦ
1691 530 1840 561 διώκοντος

1045 578 1092 604 καὶ
1114 578 1229 605 κατόπιν
1244 577 1369 613 κειμένου
1387 577 1593 613 παρεκνεύοντσ.
1605 576 1690 607 θέσιν,
1708 575 1796 607 οὕτως
1812 577 1838 601 σί

1044 622 1074 648 τὸ
1089 623 1117 648 tv
1133 622 1221 658 χρόνῳ
1239 622 1377 658 τρίϐοντες
1401 622 1509 658 μέτρον,
1523 622 1566 648 ἀεὶ
1591 622 1684 657 μεῖξον
1707 623 1736 648 tv
1761 620 1839 655 αὐτῷ

1045 667 1116 694 κατὰ
1129 668 1183 694 τῶν
1199 667 1312 703 ὕστερον
1326 667 1492 703 κεκτήμεθα.
1513 667 1618 694 Οὐκοῦν
1631 668 1660 693 οὐ
1675 668 1744 694 κατὰ
1756 667 1838 693 τοῦτο

1045 713 1238 749 πλεονεκτήσει
1260 714 1375 748 Χριστὸς
1398 713 1445 740 τὸν
1470 713 1548 746 ἆγιον
1568 713 1734 747 Βαπτιστὴν,
1747 712 1838 739 λείπει

1044 759 1076 794 δὴ
1091 759 1183 785 λοιπὸν
1206 759 1243 790 ὡς
1264 758 1294 790 ἐξ
1308 759 1431 793 ἀνάγκης
1447 760 1544 790 εἰπεῖν,
1558 759 1599 784 ὅτι
1621 757 1692 784 κατὰ
1713 758 1760 784 τὸν
1786 757 1837 792 τῆς

1045 804 1187 839 ἁγιότητος
1200 804 1311 839 τρόπον.
1330 804 1390 836 Πῶς
1405 804 1459 838 γὰρ
1480 804 1512 831 ἄν
1527 813 1569 835 τις
1584 804 1685 840 ἑτέρως
1699 804 1728 830 ἐν
1743 804 1837 835 αὐτοῖς

1045 851 1197 885 ἐπινοήσειε
1221 850 1252 876 τὸ
1277 849 1386 885 μεῖζον;
1407 850 1476 876 Ἀλλ’
1490 851 1514 876 εῑ
1541 851 1601 876 τότε
1624 849 1696 876 κατὰ
1717 850 1763 876 τὸν
1786 850 1837 883 τῆς

1006 900 1026 925 Β
1040 895 1179 930 βασιλείας
1191 895 1312 930 δηλονότι
1326 895 1423 931 καιρὸν
1441 895 1542 930 μείζων
1553 895 1712 930 ὀφθήσεται,
1724 894 1772 921 νῦν
1782 895 1837 930 ἄρα

1040 941 1070 967 τὸ
1088 941 1144 967 ῐσον
1160 941 1176 976 ἢ
1189 940 1219 966 τὺ
1231 940 1341 967 ἔλαττον
1355 940 1422 975 ἔχει.
1433 940 1542 976 Ἐπειδὴ
1553 941 1592 972 δὲ,
1606 941 1643 972 ὡς
1661 941 1744 973 εἰκὸς,
1758 940 1789 966 τὸ
1806 942 1837 966 tv

1041 985 1162 1012 ἐλάττοσι
1186 985 1240 1012 τῶν
1260 986 1384 1013 Ἰωάννου
1412 986 1519 1012 κεῖσθαι
1539 986 1656 1021 Χριστὸν
1680 987 1836 1020 λογιοῦνται

1039 1031 1188 1063 δυσσεϐεῖς,
1204 1031 1391 1058 ἀποδώσουσιν
1413 1032 1467 1067 ἄρα
1487 1032 1517 1058 τὸ
1530 1032 1597 1059 ἴσον.
1607 1032 1677 1058 Ἀλλ’
1693 1033 1836 1068 ὀράτωσαν

1040 1078 1087 1104 καὶ
1098 1077 1191 1104 τοῦτον
1205 1078 1298 1110 αὐτοῖς
1312 1078 1478 1105 ἀσθενοῦντα
1489 1079 1534 1105 τὸν
1547 1079 1686 1113 λογισμόν.
1702 1079 1770 1105 [Iota
1781 1079 1836 1114 γάρ

1042 1123 1131 1159 ἰσότης
1147 1124 1239 1155 αὐτοῖς
1249 1125 1283 1161 ’ὲν
1302 1118 1433 1159 ἁγιασμῷ
1447 1123 1619 1159 σωθήσεται;
1636 1124 1697 1156 Πῶς
1710 1124 1738 1150 δὲ
1750 1125 1780 1150 οὐ
1796 1133 1836 1151 νι-

1040 1171 1119 1205 κήσει
1136 1170 1252 1206 Χριστὸς
1264 1170 1441 1206 ἀσυγκρίτοις
1459 1171 1617 1206 ὑπεροχαῖς,
1634 1171 1699 1197 ὅταν
1717 1170 1775 1206 ἴδῃς
1789 1170 1836 1197 τὸν

1041 1216 1174 1251 μακάριον
1182 1216 1308 1252 Ἰωάννην
1318 1217 1430 1251 λέγοντα
1443 1216 1510 1252 πρὸς
1523 1217 1604 1243 αὐτόν
1615 1225 1621 1232 ·
1637 1226 1646 1242 ι
1658 1215 1729 1250 Ἐγὼ
1739 1216 1836 1252 χρείαν

1039 1262 1093 1296 ἔχω
1110 1262 1162 1288 ὑπὸ
1176 1262 1222 1288 σοῦ
1236 1262 1417 1297 βαπτισθῆναι
1429 1271 1436 1295 ;
1453 1271 1461 1288 t
1475 1262 1568 1298 Χωρὶς
1583 1262 1610 1288 δὲ
1627 1262 1718 1298 πάσης
1728 1262 1835 1289 ἀντιλο-

1039 1308 1101 1342 γίας
1119 1308 1148 1334 τὸ
1162 1308 1272 1336 ἔλαττον
1290 1309 1342 1336 ὑπο
1367 1309 1413 1335 τοῦ
1441 1309 1596 1344 κρείττονος
1621 1309 1774 1343 εὐλογεῖται
1789 1309 1834 1335 καὶ

1040 1354 1194 1388 ἁγιάζεται.

1383 1425 1474 1451 ΛΑΛΟ
1479 1445 1485 1452 .

1077 1504 1249 1539 Προσεφώνει
1263 1506 1319 1537 τοῖς
1337 1504 1472 1536 Ἰουδαίοις
1484 1506 1498 1531 ὁ
1515 1504 1648 1540 μακάριος
1664 1504 1831 1540 Βαπτιστής*

1042 1560 1051 1576 ι
1063 1550 1132 1584 Ἐγὼ
1148 1551 1220 1586 ὑμᾶς
1237 1551 1372 1578 ἐϐάπτισα
1387 1552 1416 1577 ἐν
1432 1551 1518 1578 ὕδατι.
1529 1551 1630 1578 Ὀπίσω
1647 1560 1696 1586 μου
1721 1551 1832 1587 ἔρχεται

199 1599 258 1618 sum
275 1591 374 1625 dignus
385 1597 414 1618 ut
427 1599 528 1626 pronus
539 1592 640 1619 solvam
653 1593 796 1627 corrigiam
813 1595 985 1623 calceamenti

1042 1596 1118 1630 ἀνὴρ.
1128 1593 1158 1623 οὗ
1173 1597 1223 1623 οὐκ
1237 1597 1294 1632 εἰμὶ
1310 1597 1402 1629 ἱκανὸς
1418 1598 1461 1624 ἵνα
1477 1597 1565 1632 κύψας
1582 1597 1654 1624 λύσω
1667 1597 1713 1624 τὸν
1733 1597 1833 1632 ἱμάντα

197 1638 266 1672 ejus.
284 1637 330 1664 llle
348 1645 395 1664 vos
414 1638 561 1672 baptizabit
582 1638 608 1665 in
629 1638 730 1673 Spiritu
752 1645 845 1667 sancto
866 1646 893 1668 et
914 1643 984 1677 igne.

196 1683 280 1718 Cujus
293 1683 473 1710 ventilabrum
490 1684 515 1710 in
533 1691 612 1710 manu
627 1684 696 1719 ejus,
712 1688 738 1711 et
754 1687 879 1720 purgabit
892 1695 985 1715 aream

197 1737 274 1756 suam
286 1747 294 1760 ,
309 1733 337 1755 et
353 1729 530 1763 congregabit
546 1729 666 1756 triticum
683 1731 709 1757 in
728 1732 831 1759 horreis
847 1733 903 1760 suis
914 1754 920 1766 ,
938 1741 985 1767 pa-

197 1774 265 1801 leam
287 1782 350 1801 vero
370 1779 466 1802 exuret
488 1775 548 1810 igne
570 1776 795 1812 inexstinguibili.
821 1788 830 1803 ι
855 1779 984 1812 Quaenam

196 1819 278 1855 igitur
293 1819 364 1847 inter
378 1820 428 1847 hos
443 1821 606 1854 mqualitatis
622 1822 691 1849 ratio
708 1829 834 1851 constare
850 1829 937 1859 potest
950 1827 982 1859 ’9,

195 1864 323 1898 Joannis,
341 1866 466 1899 inquam,
481 1871 507 1892 et
523 1866 644 1894 Christi?
660 1867 780 1895 Nondum
797 1870 868 1896 enim
887 1872 982 1906 major,

197 1911 221 1938 si
235 1911 380 1946 aliquando
394 1911 500 1939 iuturus
514 1918 583 1946 erat,
597 1913 673 1947 juxta
690 1914 801 1942 istorum
817 1917 984 1950 opinionem,

196 1964 245 1985 cur
262 1958 379 1993 seipsum
399 1966 469 1993 aqua
488 1960 641 1994 baptizare,
658 1960 794 1988 Christum
814 1968 902 1990 autem
925 1964 985 1998 Spi-

196 2004 264 2031 ritus
278 2004 398 2031 datorem
414 2003 533 2031 l‘uturum
550 2006 687 2032 atlirmat?
701 2006 789 2041 Atque
805 2008 849 2035 hic
862 2009 982 2043 quidem,

196 2054 227 2078 ut
242 2050 367 2084 famulus,
383 2058 416 2078 ne
429 2051 572 2085 corrigiam
588 2052 697 2086 quidem
712 2053 886 2081 caleeamenli
901 2057 983 2083 attin-

195 2105 258 2132 gere
278 2099 370 2130 audet,
392 2098 463 2125 hunc
481 2107 545 2125 vero
567 2107 637 2126 area:
660 2100 801 2127 Dominum
825 2109 886 2130 esse
907 2103 980 2130 dicit.

195 2143 252 2171 Hoc
261 2144 333 2171 enim
345 2144 479 2179 significat
490 2144 565 2176 illud,
577 2154 586 2170 ‹
599 2145 727 2179 Ρυιιιιιιὶιίι
739 2153 829 2173 aream
841 2155 914 2174 suam
924 2149 956 2175 ".
970 2159 979 2175 ι

195 2190 403 2218 Distributorem
417 2191 487 2217 enim
503 2199 534 2217 ac
548 2191 628 2217 veluti
643 2191 841 2226 designatorem
858 2193 914 2221 fore
927 2195 981 2231 97

174 2272 178 2275 _
195 2238 233 2265 ait
245 2244 339 2264 eorum
356 2245 413 2270 qum
429 2237 541 2271 singulis
557 2238 722 2266 conveniunt
737 2247 743 2265 :
759 2239 794 2266 ita
809 2244 838 2266 ut
849 2240 937 2274 justos
951 2250 981 2270 ac
994 2261 1020 2290 Β

193 2285 279 2312 bonos
297 2284 383 2311 instar
398 2283 459 2310 boni
480 2283 560 2310 tritici
581 2284 606 2310 in
624 2283 749 2312 ccelestes
767 2286 918 2314 mansiones
937 2288 979 2315 in»

193 2330 324 2358 ducturus
342 2329 393 2361 sit,
410 2329 506 2363 impios
523 2336 587 2356 vero
607 2330 691 2356 instar
706 2331 842 2365 palearum
863 2333 914 2368 igni
933 2342 981 2368 pa-

192 2376 285 2403 bulum
304 2375 484 2410 projecturus.
502 2375 537 2402 At
555 2375 577 2402 si
596 2381 655 2402 erat
671 2377 782 2410 aequalis
797 2377 820 2404 ei
838 2378 882 2412 qui
899 2380 979 2413 paulo

192 2426 323 2459 posterat
336 2421 443 2448 futurus
457 2421 554 2455 major,
567 2429 616 2448 cur
627 2429 679 2448 nou
693 2423 773 2450 etiam
788 2424 844 2458 ipse
859 2424 978 2459 baptiza-

191 2456 231 2495 i-a
249 2456 275 2494 in
298 2467 418 2501 Spiritu,
438 2474 584 2500 areamque
604 2475 679 2494 suam
699 2470 869 2505 expurgavit,
884 2475 911 2497 et
926 2470 978 2498 Do-

190 2513 257 2540 mini
273 2513 430 2548 diguitatem
444 2514 495 2540 sibi
508 2521 648 2549 arrogans,
660 2514 790 2548 judicavit
806 2517 934 2544 mundum
950 2517 976 2545 in

189 2558 313 2592 iustitia?
335 2559 402 2586 Cum
426 2567 489 2586 vero
511 2559 605 2586 beatus
629 2559 748 2593 Baptista
771 2561 888 2589 Joannes
910 2562 976 2589 nihil

189 2605 286 2632 horum
311 2605 470 2639 prtestitisso
495 2605 658 2638 iureniatur,
681 2606 806 2634 Christus
831 2613 921 2635 autem
948 2608 973 2635 in

189 2654 320 2686 potestate
337 2651 426 2678 divina
444 2652 570 2686 praestitit
589 2662 595 2679 ι
617 2660 669 2679 non
688 2657 745 2679 erat
767 2653 848 2687 igitur
863 2654 975 2690 aequalis

189 2696 225 2724 illi
242 2696 288 2732 qui
305 2701 378 2725 tanto
395 2697 535 2725 intervallo
551 2706 611 2726 etnn
628 2698 782 2733 superabat.

223 2871 350 2902 "Matth.
371 2883 410 2909 in,
435 2875 473 2902 Η.
514 2875 534 2890 ’τ’
553 2873 617 2902 Ibid.
643 2874 683 2907 ll,
704 2875 743 2902 1'2.
784 2876 878 2904 “Luc.
899 2886 938 2909 in,
959 2879 996 2906 17.

1037 1641 1083 1667 τοῦ
1102 1642 1284 1677 ὑποδήματος.
1295 1643 1413 1674 Ἐκεῖνος
1425 1644 1497 1678 ὑμᾶς
1508 1643 1632 1678 βαπτίσει
1647 1644 1674 1669 ἐν
1691 1643 1832 1678 Πνεύματι

1037 1687 1107 1722 ἁγίῳ
1124 1688 1171 1714 καὶ
1189 1688 1264 1724 πυρί.
1279 1685 1317 1715 Οὗ
1339 1689 1370 1715 τὺ
1391 1688 1474 1716 πτύον
1489 1689 1518 1715 ἐν
1534 1691 1566 1724 τῇ
1581 1690 1652 1724 χειρὶ
1668 1688 1764 1722 αὐτοῦ,
1785 1690 1832 1715 καὶ

1036 1733 1209 1769 διακαθαριεῖ
1229 1734 1278 1769 τὴν
1294 1734 1383 1761 ἅλωνα
1397 1734 1492 1766 αὐτοῦ,
1509 1734 1555 1761 καὶ
1571 1734 1679 1766 συνάξει
1695 1734 1742 1760 τδν
1761 1735 1831 1761 σῖτον

1036 1781 1076 1812 εἰς
1095 1780 1144 1816 τὴν
1171 1781 1331 1816 ἀποθήκην,
1348 1781 1380 1807 τὸ
1402 1781 1431 1808 δὲ
1453 1781 1553 1817 ἄχυρον
1578 1781 1749 1808 κατακαύσει
1766 1781 1831 1816 πυρὶ

1036 1827 1169 1861 ἀσϐέστῳ.
1187 1836 1195 1852 ι
1223 1827 1301 1858 Ποῖος
1328 1825 1374 1853 οὖν
1398 1827 1451 1862 ἄρα
1478 1827 1544 1861 πρὸς
1572 1827 1660 1854 ταῦτα
1685 1827 1830 1862 γενήσεται

1035 1872 1113 1906 λόγος
1134 1874 1189 1905 τοῖς
1215 1875 1243 1900 ἐν
1270 1874 1371 1908 ἰσότητι
1391 1873 1445 1900 τῶν
1467 1873 1590 1900 Ἰωάννου
1608 1873 1716 1908 μέτρων
1733 1873 1830 1899 τιθεῖσι

1034 1919 1081 1945 τὸν
1101 1919 1218 1954 Κύριον;
1236 1919 1320 1946 Οὖπω
1345 1919 1400 1954 γὰρ
1428 1919 1539 1954 μείζων,
1555 1919 1635 1954 εἴπερ
1657 1918 1734 1945 ἔσται
1752 1918 1827 1949 ποτὲ,

1036 1965 1105 1991 κατὰ
1122 1965 1170 2000 τὴν
1187 1966 1298 1992 ἐκείνων
1323 1965 1459 2000 διάληψιν,
1478 1966 1537 1992 ὅτου
1564 1965 1643 2001 χάριν
1667 1965 1765 1991 ἑαυτὸν
1782 1965 1829 2000 μὲν

1036 2010 1112 2037 ὕδατι
1130 2010 1283 2045 βαπτίζειν,
1298 2011 1344 2038 τὸν
1360 2011 1388 2038 δὲ
1405 2011 1452 2038 τοῦ
1469 2011 1628 2047 Πνεύματος
1649 2010 1760 2038 ἔσεσθαι
1786 2020 1828 2046 χο-

1035 2056 1119 2091 ρηγὸν
1143 2057 1355 2093 διϊσχυρίξεται;
1379 2058 1434 2084 Καὶ
1459 2057 1539 2088 αὐτὸς
1566 2057 1626 2092 μὲν,
1646 2057 1684 2088 ὡς
1706 2056 1827 2091 οἰκέτης,

1034 2102 1086 2128 οὐδ’
1100 2102 1161 2129 ὅσον
1177 2103 1318 2137 ὰποθίγειν
1342 2103 1389 2129 τοῦ
1417 2103 1528 2138 ίμάντος
1552 2102 1712 2138 ἀποτολμᾷ·
1738 2102 1786 2129 τὸν
1801 2103 1828 2129 δὲ

1034 2148 1083 2182 ’τῆς
1098 2148 1155 2174 ἅλω
1172 2149 1310 2184 Δεσπότην
1334 2146 1404 2175 εἶναι
1428 2157 1504 2183 φησι.
1522 2149 1607 2175 Τοῦτο
1623 2148 1677 2184 γὰρ
1699 2149 1827 2184 σημαίνει

1032 2194 1072 2226 τὸ,
1089 2203 1099 2219 ι
1110 2194 1290 2230 Διακαθαριεῖ
1301 2195 1350 2230 τὴν
1360 2194 1450 2221 ἅλωνα
1465 2194 1558 2221 αὐτοῦ.
1568 2204 1576 2220 ›
1591 2194 1646 2220 Καὶ
1656 2193 1788 2229 διανομέα
1798 2203 1826 2219 τε

1033 2239 1079 2266 καὶ
1095 2240 1175 2266 οἱονεὶ
1189 2240 1347 2275 σημάντορα
1366 2240 1420 2266 τῶν
1435 2240 1543 2276 ἑκάστῳ
1563 2242 1724 2275 πρεπόντων
1739 2240 1825 2275 ὀφθή-

1033 2284 1129 2311 σεσθαι
1142 2284 1214 2319 λέγει
1226 2293 1232 2299 ”
1248 2285 1286 2317 ὼς
1300 2285 1345 2312 τὸν
1360 2284 1409 2320 μὲν
1419 2285 1522 2311 δίκαιόν
1534 2293 1564 2311 τε
1578 2285 1625 2311 καὶ
1635 2284 1739 2319 ἀγαθὸν
1751 2285 1825 2311 σίτου

1032 2331 1110 2366 δίκην
1132 2332 1192 2363 ταῖς
1216 2331 1352 2367 οὐρανίοις
1379 2331 1548 2366 εἱσκομίζειν
1573 2331 1680 2363 αὐλαῖς,
1696 2331 1785 2366 πυρὸς
1799 2331 1826 2357 δὲ

1032 2377 1166 2404 ποιεῖσθαι
1188 2377 1292 2414 τροφὴν
1309 2377 1412 2413 ἀχύρου
1427 2378 1528 2414 τρόπον
1547 2377 1766 2413 ἀποτιναχϐέντα
1781 2378 1826 2404 τὸν

1031 2422 1132 2450 ἄδικον.
1142 2423 1212 2449 Ἀλλ’
1227 2423 1306 2459 εἴπερ
1319 2421 1353 2459 ἦν
1370 2425 1397 2450 tv
1413 2425 1462 2459 ίσῳ
1479 2424 1570 2460 μέτρῳ
1582 2423 1620 2459 τῷ
1638 2423 1736 2458 μικρὸν
1747 2423 1824 2450 ὕστε-

1030 2476 1077 2504 ρον
1092 2468 1212 2504 ἐσομένῳ
1230 2469 1343 2504 μείζονι,
1356 2469 1383 2495 τί
1404 2468 1442 2503 μὴ
1461 2469 1509 2495 καὶ
1524 2469 1605 2500 αὐτὸς
1629 2467 1755 2503 βαπτίζει
1775 2468 1823 2503 μὲν

1032 2515 1061 2541 tv
1079 2514 1147 2550 ἁγίῳ
1163 2514 1300 2550 Πνεύματι
1310 2524 1316 2530 ·
1331 2515 1503 2551 διακαθαίρει
1519 2515 1546 2541 δὲ
1559 2515 1608 2550 τὴν
1623 2515 1714 2541 ἅλωνα
1728 2514 1821 2544 αὐτοῦ,

1031 2561 1077 2588 καὶ
1094 2562 1123 2588 τὸ
1140 2561 1301 2588 Δεσποτικδν
1325 2561 1432 2597 ἀξίωμα
1456 2561 1649 2596 περικείμενος
1667 2561 1754 2596 κρίνει
1773 2561 1821 2595 τὴν

1028 2607 1190 2642 οἰκουμένην
1214 2608 1243 2633 ἐν
1263 2607 1437 2642 δικαιοσύνης
1459 2606 1568 2641 Ἐπειδὴ
1584 2606 1612 2632 δὲ
1627 2605 1732 2631 τούτων
1746 2606 1821 2632 οὐδὲν

1028 2652 1042 2678 ὁ
1054 2652 1188 2688 μακάριος
1199 2653 1353 2688 Βαπτιστὴς
1370 2653 1496 2687 Ἰωάννης
1507 2652 1638 2678 ἐπιτελῶν
1650 2652 1818 2687 εὑρίσκεται,

1027 2699 1142 2734 πράττει
1159 2699 1186 2726 δὲ
1199 2701 1212 2726 ὁ
1225 2700 1341 2735 Χριστὸς
1358 2701 1385 2726 ὲν
1403 2700 1512 2735 ἐξουσίᾳ
1527 2699 1684 2734 θεοπρεπεῖ,
1698 2698 1749 2725 οὐκ
1765 2697 1820 2729 ἴσος

1027 2746 1081 2780 ἄρα
1099 2746 1201 2778 ἐκεῖνος
1225 2746 1263 2781 τῷ
1290 2745 1416 2773 τοσοῦτον
1442 2746 1613 2782 ὲξαλλομένῳ
1638 2746 1685 2772 καὶ
1710 2744 1821 2772 ἀναϐαι-

1026 2799 1107 2817 νοντι.
