1904 3026
77 132 115 162 {Si
789 124 974 154 TIIESAURU
981 124 1008 152 S.

422 189 522 216 ΑΛΛΟ.

103 247 154 283 Τὴν
166 245 210 276 διὰ
225 246 357 279 πίστεως
373 247 470 281 ἄφεσιν
485 244 700 280 ὑπισχνούμενος
715 243 781 279 ἡμῖν
796 243 811 269 6
822 242 869 269 τοῦ

75 293 133 320 Θεοῦ
160 292 258 326 Λόγος,
288 293 338 320 διὰ
372 293 419 319 τοῦ
449 293 589 329 προφήτου
620 291 702 327 φησὶν
739 290 869 317 Ἡσαΐου·

77 351 84 366 ι
107 339 174 373 Ἐγώ
186 339 246 374 εἰμι
262 338 277 364 ὁ
289 338 446 372 ὲξαλείφων
461 338 508 370 τὰς
524 338 640 373 ἀνομίας
653 346 710 370 σου,
726 337 774 364 καὶ
787 337 818 363 οὐ
833 336 870 372 μὴ

78 385 273 422 μνησθήσομαι.
295 395 305 410 ι
333 384 446 420 Ἐπειδὴ
461 384 490 410 δὲ
505 384 555 420 ήδη
582 384 682 420 παρῆν,
699 383 746 409 καὶ
764 382 806 409 διὰ
821 383 871 417 τῆς

76 433 146 467 ἁγίας
161 431 302 466 ἐγεννήθη
333 431 485 466 Παρθένου,
507 431 553 457 ἐπὶ
567 431 619 465 γῆς
638 438 668 457 τε
683 429 772 464 ὤφθη,
798 428 870 456 καθὰ

77 480 240 514 γέγραπται,
271 478 324 504 καὶ
361 479 416 509 τοῖς
447 475 601 513 ἀνθρώποις
630 476 869 511 συνανεστρὲφετο,

77 524 268 560 κατασημαίνει
293 526 357 556 τοῖς
382 524 482 560 ὁρῶσιν
504 523 585 551 αὑτὸν
606 525 620 550 ὁ
634 523 719 559 κήρυξ
736 524 783 550 καὶ
801 522 870 558 πρό-

77 573 174 608 δρομος,
196 574 245 598 καὶ
263 571 299 607 δὴ
324 571 373 598 καί
398 580 479 607 φησιν
501 572 516 597 ὁ
539 571 674 606 μακάριος
696 570 868 605 Βαπτιστής·

81 629 88 645 t
106 619 154 646 Ἴδε
165 619 179 645 ὁ
194 618 285 653 ἀμνὸς
299 619 352 646 τοῦ
369 618 449 650 Θεοῦ,
466 619 480 645 6
495 618 580 653 αἴρων
594 617 644 652 τὴν
664 616 801 652 ἁμαρτίαν
822 615 870 642 τοῦ

79 664 180 698 κόσμου.
212 673 222 689 ι
254 663 350 699 Εἴπερ
372 661 418 691 οὖν
439 663 526 696 ἔσται,
554 663 625 690 κατὰ
649 671 742 694 τινας,
772 661 871 697 μείζων

83 710 195 737 Ἰωάννου
210 710 338 744 Χριστὸς
355 711 384 737 ὲν
405 711 438 745 τῇ
462 709 586 744 βασιλείᾳ
602 709 657 736 τῶν
675 708 810 744 οὐρανῶν,
825 707 872 735 καὶ

79 755 146 782 τοῦτο
167 756 196 782 ἐν
210 756 326 783 ἐλπίσιν
342 756 399 791 ἔχει
421 757 452 782 τὸ
465 757 560 792 γέρας,
572 754 606 791 ἦν
627 755 681 790 ἄρα
701 755 808 786 πάντως
822 754 872 781 οὐκ

79 803 102 829 ὲν
115 801 273 836 ἐλαττώσει,
286 796 318 829 ἓν
335 803 439 838 ἰσότητι
455 803 495 834 δὲ,
505 802 577 828 κατὰ
589 802 619 828 τὸ
633 801 717 832 εἰκός.
734 798 801 827 Εἶτα
813 800 871 832 πῶς

79 848 109 875 τὰ
120 849 146 874 ὲν
163 848 213 882 ῐσῳ
232 847 335 883 μέτρῳ
352 848 479 874 τοσοῦτον
493 847 526 874 δι’
541 847 665 882 ἀλλήλων
687 846 873 881 ἀπολιμπάνε-

80 902 128 925 ut,
145 893 180 925 ὡς
198 893 244 920 τὸν
263 894 318 928 μὲν
333 894 465 921 δύνασθαι
488 893 535 920 τοῦ
552 894 657 928 κόσμου
672 893 720 928 τὴν
738 892 875 927 ἁμαρτίαν

81 939 208 974 ἀφαιρεῖν,
232 939 282 965 καὶ
303 938 387 966 τοῦτο
401 939 521 974 ἐνεργεῖν
537 938 765 971 ὲξουσιαστικῶς·
788 939 834 965 τὸν
847 939 876 965 δὲ

81 984 121 1010 τοῦ
143 984 326 1020 καθαίροντος
345 985 393 1012 καὶ
408 985 566 1019 ἁγιάζον-τος
581 985 677 1011 ἐπιδεᾶ
695 984 875 1017 καθεστάναις

85 1040 92 1056 ι
114 1031 210 1066 Χρείαν
225 1030 283 1066 γὰρ
308 1030 376 1064 ἐγὼ,
404 1031 496 1066 φησιν,
515 1030 570 1066 ἔχω
588 1030 640 1057 ὑπὸ
657 1030 704 1056 σοῦ
727 1029 878 1065 βαπτισθῆ-

83 1085 129 1103 vat.
144 1085 152 1101 ι
175 1076 288 1112 Ἐπειδὴ
315 1077 346 1103 δὲ
365 1077 414 1103 οὐκ
437 1077 467 1102 ὲν
489 1078 545 1108 τοῖς
562 1085 634 1108 τινος
653 1075 801 1112 δεομένοις,
819 1076 876 1102 ἀλλ’

85 1124 175 1155 ἐντοῖς
190 1122 347 1158 χορηγοῦσι
367 1123 398 1149 τὸ
417 1123 509 1158 μεῖζον
527 1123 634 1158 ὁρᾶται,
653 1123 700 1149 καὶ
717 1123 730 1149 6
757 1123 818 1157 μὲν,
839 1123 877 1155 ὡς

85 1168 149 1201 Θεὸς,
163 1168 279 1203 ἀφίησιν
303 1168 455 1203 ἁμαρτίας,
477 1169 490 1195 6
507 1168 536 1195 δὲ
559 1168 670 1194 δύναται
691 1168 770 1194 τοῦτο
791 1169 877 1195 ποιεῖν

86 1214 208 1250 οὐδαμῶς,
234 1215 288 1241 οὐκ
313 1214 372 1246 ἴσος
389 1214 443 1250 ἄρα
465 1214 505 1249 τῷ
526 1214 652 1242 τοσοῦτον
673 1214 876 1250 ἐξηλλαγμένῳ.

162 1281 268 1314 AAAO,
290 1281 334 1314 ὡς
350 1281 386 1307 ἐν
401 1280 527 1315 ἐπιτομῇ
548 1280 596 1307 καὶ
622 1279 778 1314 ἁπλότητι.

116 1339 144 1364 Εἰ
165 1338 268 1373 μείζων
282 1337 362 1365 ἔσται
376 1337 423 1364 τοῦ
438 1337 516 1372 ἁγίου
533 1336 696 1369 Βαπτιστοῦ,
709 1336 781 1366 κατά
793 1344 876 1367 τινας,

87 1383 202 1419 σωτὴρ
224 1384 256 1409 ὲν
281 1384 316 1418 τῇ
335 1382 459 1418 βασιλείᾳ.
472 1381 525 1408 τῶν
540 1381 675 1417 οὐρανῶν,
692 1381 709 1416 ἦ
724 1381 791 1413 ἴσος,
812 1380 828 1415 ἤ
849 1382 878 1406 ἐν

88 1429 222 1456 ἐλαττώσει
239 1429 305 1455 ἐστὶ
318 1429 390 1455 κατὰ
403 1429 448 1455 τὸν
461 1428 511 1463 τῆς
526 1427 758 1463 ὲνανθρωπήσεως
772 1427 876 1462 χρόνον.

94 1475 131 1501 Ἐν
142 1475 188 1510 μὲν
200 1472 248 1501 οὖν
259 1473 423 1507 ἐλαττώσει,
434 1473 570 1509 οὐδαμῶς.
588 1470 632 1499 Ἐν
642 1472 744 1507 ἰσότητι
757 1472 800 1498 δέ·
815 1471 878 1498 τοῦ·

89 1521 167 1554 τοτάρ
178 1520 236 1552 πώς
249 1522 312 1548 ἐστι
326 1520 356 1547 τὸ
367 1519 600 1556 πρεπωδέστερον.
619 1518 688 1545 Ἀλλ’
698 1518 776 1554 εἴπερ
791 1518 877 1549 ὅντως

89 1568 148 1602 ὁτῆς
157 1568 282 1604 ἰσότητος
292 1567 336 1594 ἐπ’
345 1567 446 1602 ἀμφοῖν
460 1565 577 1598 σώζεται
586 1565 674 1599 λόγος,
686 1564 823 1591 καλείσθω
831 1563 889 1592 καὶ.

95 1613 208 1649 Ἰωάννης
218 1613 306 1648 σοφία
318 1613 366 1640 καὶ
376 1612 491 1647 δύναμις
500 1611 547 1638 τοῦ
556 1611 675 1646 Πατρὸς,
685 1609 879 1646 χρηματιζέτω

90 1659 114 1685 δὲ
127 1669 135 1685 ι
146 1659 224 1687 εἰκὼν
234 1660 287 1686 καὶ
295 1659 450 1696 χαρακτὴρ,
462 1658 510 1685 καὶ
518 1658 690 1693 ἀπαύγασμα
699 1657 748 1692 τῆς
759 1656 879 1683 ὑποστά-

93 1714 151 1737 σεως
163 1705 256 1733 αὐτοῦ.
279 1705 389 1741 Φερὲτω
402 1705 449 1731 κα)⁵
464 1703 545 1736 αὐτὸς
564 1704 598 1732 τὰ
612 1703 701 1731 πάντα
718 1702 757 1738 τῷ
778 1703 881 1738 ῥήματι

91 1752 133 1786 τῆς
143 1751 285 1787 δυνάμεως
298 1751 383 1778 αὑτοῦ
396 1759 401 1766 -
418 1760 427 1776 ι
448 1751 571 1778 ἀκουέτω
583 1751 631 1777 καὶ
648 1749 729 1780 αὐτὸς
743 1749 820 1784 παρὰ
833 1747 880 1774 τοῦ

94 1797 203 1831 Πατρός·
218 1806 228 1824 ι
246 1797 316 1828 Υἱός
331 1805 382 1831 μου
400 1793 426 1822 εἷ
447 1796 489 1827 σὺ,
515 1795 570 1830 ἐγὼ
592 1795 713 1830 σήμερον
728 1791 881 1827 γεγέννηκά

96 1852 122 1870 σε
135 1853 141 1859 ·
156 1854 164 1870 ι
186 1845 233 1872 καί
248 1852 256 1859 ·
278 1853 287 1869 ι
305 1843 396 1870 Κάθου
412 1843 444 1869 ὲκ
460 1841 554 1873 δεξιῶν
578 1849 638 1876 μου,
651 1840 703 1871 ἓως
724 1839 756 1866 ἂν
769 1837 807 1864 Οῶ
819 1838 883 1868 τοὺς

94 1889 194 1924 ἐχθρούς
209 1898 260 1916 σου
277 1888 423 1916 ὑποπόδιον
439 1887 494 1914 τῶν
510 1887 598 1913 noon
619 1895 677 1912 σου.
697 1895 706 1911 ι
722 1883 882 1918 Εἰσαγέοοω

95 1936 134 1961 καὶ
144 1936 220 1968 αὐτὸς
235 1935 277 1967 ὡς
289 1935 460 1970 πρωτότοκος
479 1934 518 1965 εἰς
539 1933 588 1968 τὴν
603 1931 777 1967 οίκουμένην,
792 1938 879 1965 προσ-

95 1982 214 2010 ιωνείσθω
248 1981 329 2016 παρὰ
357 1980 412 2006 τῶν
440 1980 525 2013 ἁγίων
560 1978 702 2013 ἀγγέλων,
729 1976 832 2011 λεγέτω
854 1975 882 2002 δὲ

96 2027 260 2063 ἀνεγκλήτως
273 2028 340 2062 περὶ
355 2024 471 2053 ἑαυτοῦ·
491 2035 500 2051 ί
530 2025 602 2058 Ἐγὼ
626 2023 673 2051 καὶ
699 2024 713 2049 6
737 2021 833 2058 Πατὴρ
853 2021 882 2047 ἓν

96 2074 177 2109 ἐσμεν.
197 2074 226 2100 '0
244 2072 376 2108 ἑωρακὼς
392 2073 452 2109 ἐμὲ,
472 2072 578 2107 ἑώρακε
595 2070 640 2097 τὸν
655 2069 764 2105 Πατέρα
779 2077 787 2085 ⁸
808 2078 817 2094 ι
835 2068 882 2094 καὶ

97 2120 166 2146 πάλιν
176 2128 182 2133 ·
199 2130 209 2146 ι
231 2119 305 2153 Ἐγώ
319 2120 377 2154 εἰμι
390 2120 406 2154 ὴ
429 2119 577 2148 ἀνάστασις
592 2117 638 2144 καὶ
662 2117 678 2152 ἡ
693 2115 766 2151 ζωή·
786 2124 795 2141 ι
813 2114 860 2141 καί
873 2122 879 2128 ·

100 2175 108 2190 ι
126 2166 190 2200 Ἐγώ
205 2167 264 2201 εἰμι
286 2167 300 2192 6
321 2165 404 2200 ἄρτος
420 2166 434 2191 ὀ
455 2164 510 2197 ζῶν
524 2164 538 2190 ὁ
553 2165 584 2190 ἐκ
598 2162 646 2189 τοῦ
664 2160 779 2197 οὐρανοῦ
795 2168 880 2187 κατα-

1661 123 1712 152 102

1260 181 1373 210 ALIUD.

958 242 1029 270 Deus
1052 248 1103 276 per
1117 239 1279 276 prophetam
1296 240 1394 267 Isaiam
1409 239 1596 267 remissionem
1615 248 1662 275 per
1679 242 1710 269 tt-

922 289 983 317 dem
1000 289 1163 323 promittens
1186 296 1192 314 :
1219 296 1228 313 ι
1245 287 1319 322 Ego,
1353 287 1463 321 inquit,
1496 293 1555 314 Sum
1571 287 1616 321 qui
1637 286 1713 314 delco

923 335 1083 369 iniquitates
1101 339 1171 367 tuas,
1188 337 1214 361 et
1234 341 1287 361 non
1299 333 1461 361 recordabor
1478 333 1499 349 ³⁸
1511 353 1518 360 .
1540 342 1549 359 ι
1563 333 1630 361 Cum
1647 341 1713 361 vero

921 388 955 409 ex
970 386 1064 408 sancta
1080 380 1192 416 Virgine
1214 386 1293 408 natus
1319 386 1361 408 est
1387 385 1413 408 et
1431 382 1457 408 in
1483 386 1556 408 terra
1576 382 1713 417 apparuit,

922 428 992 456 sicut
1007 428 1136 462 scriptum
1154 428 1249 461 est",
1275 435 1391 462 cumque
1414 428 1571 456 hominilms
1585 433 1712 456 versatus

922 478 973 506 est,
987 474 1104 501 Joannes
1123 473 1242 509 Baptista
1257 474 1315 509 ejus
1341 483 1430 509 praeco
1451 480 1534 510 atque
1557 483 1710 511 praecursor

922 521 1040 548 ostendit
1059 521 1174 552 dicens;
1195 531 1204 547 ι
1222 521 1291 549 Ecce
1314 521 1407 556 Agnus
1424 522 1470 549 Dei
1487 523 1533 557 qui
1559 523 1629 550 tollit
1645 531 1710 557 pec-

922 572 983 594 cata
1013 567 1105 594 mundi
1134 567 1167 594 ³³.
1199 577 1207 593 ι
1241 567 1269 595 Si
1294 569 1387 603 igitur,
1402 573 1431 596 ut
1457 569 1578 597 nonnulli
1606 571 1710 603 volunt,

923 612 1047 640 Christus
1071 613 1176 640 iuturus
1193 618 1234 641 est
1248 614 1334 648 major
1361 615 1465 643 Joanne
1483 615 1509 642 in
1525 623 1608 652 regno
1630 616 1715 644 caelo—

923 667 992 692 rum,
1011 663 1091 694 atque
1107 660 1157 687 hoc
1173 661 1312 694 praemium
1330 669 1359 689 se
1377 667 1590 690 consecuturum
1609 669 1712 698 sperat,

923 709 981 732 erat
992 705 1084 740 igitur,
1095 711 1124 732 ut
1133 705 1215 733 verisi
1225 706 1286 734 mile
1296 711 1349 739 est,
1360 715 1411 734 non
1425 708 1523 738 minor.
1532 709 1579 736 sed
1591 710 1713 744 aequalis.

923 751 958 777 At
983 758 1048 778 vero
1076 759 1136 785 quze
1163 752 1277 786 mqualia
1299 757 1373 784 sunt,
1404 761 1456 788 quo
1472 761 1550 789 pacto
1575 761 1716 790 tantopere

924 797 996 824 inter
1012 804 1042 824 se
1057 797 1230 832 discrepant,
1258 804 1286 825 ut
1301 798 1345 825 hic
1366 799 1473 833 quidem
1488 806 1600 834 peccata
1622 801 1715 829 tuundi

891 865 911 892 Β
926 843 1020 870 tollere
1038 844 1134 878 possit,
1153 849 1234 878 atque
1249 845 1300 871 hoc.
1314 852 1347 871 ex
1361 852 1409 872 sua
1435 851 1568 879 potestate
1584 852 1714 881 praestet;

928 889 997 917 alter
1008 897 1072 917 vero
1082 895 1214 925 purgante
1225 895 1252 918 et
1267 891 1455 919 sanctiﬁcante
1469 893 1604 928 indigeat?
1620 903 1630 920 ι
1643 894 1718 930 Opus

928 937 1000 963 enim
1016 941 1067 970 est,
1083 935 1180 971 inquit,
1199 940 1228 963 ut
1247 938 1295 964 abs
1315 941 1340 964 te
1354 937 1477 972 haptizer
1489 938 1522 966 ".
1540 948 1549 965 ι
1569 939 1636 966 Cum
1653 947 1718 968 vero

929 990 982 1009 non
1002 982 1026 1009 is
1040 983 1085 1017 qui
1099 983 1191 1017 aliquo
1207 983 1318 1018 indiget,
1344 984 1391 1010 sed
1405 984 1428 1011 is
1453 984 1499 1019 qui
1530 984 1554 1011 id
1579 993 1631 1020 quo
1650 985 1719 1013 alius

929 1034 989 1063 eget
999 1029 1171 1063 suppeditare
1184 1035 1282 1064 potest,
1308 1029 1395 1064 major
1410 1030 1463 1062 sit,
1486 1035 1513 1057 et
1528 1031 1598 1058 Deus
1611 1031 1719 1065 quidem

929 1076 1053 1102 remittat
1077 1081 1186 1111 peccata
1201 1097 1207 1108 ,
1237 1077 1281 1104 hic
1304 1084 1369 1104 vero
1394 1077 1467 1104 nullo
1496 1081 1576 1112 pacto
1601 1078 1627 1105 id
1652 1085 1720 1112 pra:-

930 1126 1003 1149 stare
1020 1127 1102 1157 queat
1117 1131 1125 1149 :
1143 1130 1195 1150 non
1209 1128 1251 1151 est
1277 1123 1360 1158 igitur
1374 1123 1487 1159 aequalis
1512 1124 1548 1151 illi
1564 1131 1579 1151 a
1591 1131 1645 1159 quo
1660 1129 1720 1151 tan-

931 1173 1023 1203 topere
1035 1174 1189 1204 superatur.

1104 1277 1218 1310 ALIUD,
1232 1278 1362 1305 succincte
1376 1284 1400 1305 et
1425 1279 1535 1305 rudilcr.

967 1333 993 1360 Si
1012 1333 1151 1368 Servulor,
1178 1342 1206 1362 ut
1235 1336 1356 1362 nonnulli
1386 1337 1543 1371 opinantur,
1573 1335 1660 1371 major
1679 1341 1721 1363 est

929 1380 1032 1409 Joanne
1047 1383 1166 1416 Baptista
1185 1382 1210 1409 in
1232 1390 1315 1416 regno
1327 1382 1457 1409 cculorum
1469 1401 1476 1414 ,
1503 1386 1578 1410 certe
1599 1389 1632 1409 eo
1649 1388 1719 1410 tem-

929 1438 994 1465 pore
1009 1437 1062 1464 quo
1078 1429 1149 1456 inter
1167 1429 1291 1456 homines
1304 1433 1427 1456 versatus
1450 1433 1502 1461 est,
1532 1433 1579 1456 aut
1596 1429 1719 1464 requalis,

929 1480 976 1502 aut
986 1475 1074 1502 minor
1083 1482 1115 1502 eo
1127 1475 1188 1502 l'uit.
1201 1474 1287 1502 Mittor
1298 1479 1388 1502 autem
1398 1474 1471 1501 nulla
1484 1474 1601 1502 ratione.
1617 1474 1720 1509 [Equa-

930 1521 962 1550 lis
978 1522 1070 1556 igitur.
1100 1521 1155 1548 lloc
1173 1521 1243 1548 enim
1260 1526 1301 1548 est
1315 1521 1531 1548 eonvenientius.
1546 1522 1580 1547 At
1595 1521 1618 1548 si
1631 1528 1721 1556 atqua-

931 1569 970 1597 les
987 1569 1099 1596 omnino
1113 1568 1185 1595 inter
1200 1575 1228 1595 se
1243 1567 1365 1599 fuerunt,
1380 1572 1494 1595 vocetur
1505 1567 1587 1595 etiam
1601 1567 1720 1596 Joannes

930 1615 1062 1650 sapientia
1073 1619 1101 1641 et
1111 1614 1229 1649 potentia
1241 1613 1330 1640 Patris
1341 1613 1375 1646 ³⁵;
1384 1618 1496 1641 vocetur
1506 1614 1589 1641 etiam
1605 1623 1615 1640 ‹
1632 1614 1721 1648 imago

929 1666 957 1688 et
974 1661 1127 1692 character,
1145 1667 1177 1687 ac
1192 1660 1321 1694 splendor
1333 1659 1500 1687 cxsislentize
1515 1659 1615 1695 ipsius:
1629 1659 1722 1687 Portet

930 1708 1014 1735 etiam
1040 1707 1134 1734 omnia
1157 1708 1239 1733 verbo
1265 1706 1393 1741 potentia:
1419 1713 1475 1733 sua:
1492 1705 1527 1738 ³⁸,
1548 1716 1556 1731 ι
1582 1706 1675 1733 audiat
1694 1711 1722 1733 et

931 1754 989 1788 ipse
1006 1760 1020 1779 a
1036 1753 1138 1780 Patre:
1158 1761 1166 1778 ι
1187 1752 1271 1779 Filius
1287 1760 1362 1779 meus
1387 1759 1416 1779 es
1430 1757 1467 1784 tu,
1480 1759 1529 1785 ego
1546 1752 1625 1779 hodie
1643 1752 1721 1787 genui

931 1804 959 1826 te
972 1799 1006 1832 '7;
1024 1809 1033 1825 ι
1049 1799 1106 1833 98
1119 1803 1145 1826 et
1162 1808 1171 1824 ι
1192 1799 1262 1825 Sede
1275 1806 1289 1825 a
1305 1798 1408 1825 dextris
1425 1798 1502 1829 meis,
1518 1799 1604 1825 donec
1624 1805 1722 1832 ponam

931 1843 1057 1873 inimicOs
1076 1851 1135 1872 tuos
1152 1845 1299 1872 scabellum
1321 1845 1418 1879 pedum
1442 1849 1548 1871 tuorum
1561 1844 1594 1870 ³⁸.
1610 1853 1619 1870 ι
1638 1843 1721 1871 Intro-

932 1893 1046 1920 ducatur
1063 1893 1143 1920 etiaut
1159 1892 1218 1927 ipse
1230 1893 1256 1918 in
1268 1893 1360 1918 orbem
1377 1896 1511 1919 terrarum
1525 1895 1653 1926 tanquam
1664 1891 1720 1926 pri-

932 1939 1105 1974 mogenitus;
1123 1939 1253 1966 adoretur
1279 1946 1293 1965 a
1318 1938 1420 1965 sanctis
1442 1937 1564 1972 angelis,
1591 1943 1721 1972 recteque

933 1986 966 2013 de
980 1985 1072 2020 seipso
1087 1985 1160 2012 dicat
1176 1993 1183 2011 :
1205 1994 1214 2011 ι
1243 1984 1299 2019 Ego
1315 1989 1342 2012 et
1356 1984 1438 2012 Pater
1453 1991 1536 2011 unum
1550 1991 1653 2011 sumus.
1672 1983 1722 2017 Qui

932 2032 1000 2059 vidit
1015 2039 1067 2065 me,
1082 2031 1150 2058 vidit
1164 2034 1192 2058 et
1205 2031 1312 2058 Patrem
1323 2030 1345 2047 ”
1355 2039 1378 2064 ;ι
1398 2035 1425 2058 et
1439 2037 1545 2057 rursum
1560 2038 1567 2057 :
1581 2029 1652 2064 «Ego
1663 2037 1722 2056 sum

932 2078 1098 2107 resurrectio
1114 2083 1141 2106 et
1154 2078 1227 2112 vita;
1243 2077 1264 2093 ἰθ
1284 2087 1293 2103 ι
1311 2081 1338 2105 et
1355 2087 1364 2103 ‹
1383 2077 1438 2111 Ego
1454 2084 1512 2104 smn
1530 2077 1607 2111 panis
1629 2076 1723 2103 vivens

933 2126 979 2161 qui
996 2133 1011 2153 e
1036 2125 1106 2153 cmlo
1124 2125 1263 2158 descendi,
1290 2129 1318 2152 et
1338 2124 1421 2151 vitam
1449 2124 1516 2151 dans
1536 2123 1636 2150 mundo
1653 2123 1686 2151 “.
1710 2132 1720 2148 ι

935 2171 963 2199 Si
980 2179 1046 2199 vero
1061 2173 1118 2199 hate
1131 2172 1222 2198 omnia
1240 2175 1282 2198 est
1293 2170 1429 2203 Christus,
1441 2176 1493 2196 non
1509 2175 1600 2196 atttem
1617 2169 1662 2196 ille
1676 2169 1722 2203 qui

97 2210 148 2243 δὶς,
165 2213 209 2239 καὶ
222 2211 297 2247 ζωὴν
313 2211 402 2243 διδοὺς
415 2210 454 2245 τῷ
468 2210 573 2244 κόσμῳ.
596 2219 604 2234 ι
633 2207 664 2234 Εἰ
686 2207 715 2234 δὲ
729 2206 816 2233 ταῦτα
831 2205 877 2241 μὲν

934 2217 1058 2252 imperite
1074 2217 1186 2252 :cqualis
1202 2224 1263 2244 esse
1289 2217 1388 2244 dicitur
1405 2225 1412 2243 :
1432 2223 1486 2251 quo
1507 2222 1586 2250 pacto
1601 2222 1653 2242 non
1671 2215 1722 2242 ab-

97 2257 146 2283 ξστι
164 2258 252 2285 πάντα
277 2257 406 2292 Χριστὸς,
428 2256 518 2283 οὐκέτι
539 2255 567 2281 δὲ
583 2255 631 2282 καὶ
647 2255 660 2280 ὀ
677 2253 744 2289 πρὸς
770 2252 880 2286 ἰσότητα

97 2303 138 2338 τὴν
156 2304 218 2340 προς
243 2304 326 2331 αὑτὸν
351 2302 518 2338 καλούμενος
536 2300 660 2337 ἀμαθῶς,
689 2299 748 2330 πῶς
769 2299 800 2324 οὐ
819 2297 879 2324 λίαν

98 2349 248 2376 ἀπαίδευτον
258 2349 338 2375 παντί
351 2357 390 2384 τῳ
401 2349 525 2383 φανεῖται
536 2347 640 2379 λοιπὸν,
650 2346 680 2372 τὸ
694 2344 804 2381 μείζονὰ
815 2352 879 2371 ποτε

99 2396 250 2430 γενήσεσθαι
265 2395 388 2431 νομίζειν
403 2394 497 2427 αὐτοῦ,
511 2394 556 2421 τὸν
576 2393 618 2420 ἀεὶ
633 2392 712 2420 τοῦτο
724 2392 880 2427 ὑπάρχοντα

100 2441 220 2473 φυσικῶς,
236 2441 274 2473 ὡς
286 2441 354 2467 Θεόν
367 2449 373 2473 ;

435 2499 537 2526 ΛΛΛΟ.

131 2554 157 2582 Εἰ
177 2556 256 2592 ἐντῷ
280 2556 347 2584 ποτὲ
370 2555 420 2591 τὴν
441 2555 566 2582 Ὶωᾶννου
589 2554 797 2589 πλεονεκτήσειν
819 2553 883 2588 ἁρε-

100 2599 140 2635 τὴν
152 2601 312 2636 diuinam;
324 2601 473 2637 ὀφθήσεται
489 2601 617 2636 Χριστὸς,
629 2600 705 2627 οὐδὲν
716 2599 745 2625 ὲν
762 2598 836 2634 αὺτῷ
854 2598 884 2624 τὸ

101 2646 176 2680 μέγα·
189 2649 249 2676 ἐπεὶ
261 2649 310 2676 καὶ
321 2647 435 2682 ἄγγελοι
448 2647 590 2683 κρείττους
607 2646 690 2674 αὑτοῦ
709 2646 779 2673 κατὰ
794 2654 825 2680 γε
840 2645 885 2671 τὸν

100 2692 167 2728 λόγον
183 2696 231 2731 τῆς
250 2696 357 2727 οἰκείας
380 2695 500 2730 φύσεως,
526 2694 573 2721 καὶ
592 2694 642 2729 τῆς
662 2694 702 2725 εις
719 2692 785 2719 Θεὸν
807 2692 886 2718 εὐπε-

101 2741 165 2774 Gaia;
175 2744 221 2779 τὴν
238 2743 389 2779 ὑπεροχήν.
409 2739 474 2769 Εἶτα
492 2743 538 2768 ποῖ
555 2749 620 2768 ποτε
636 2740 767 2775 βαδιεῖται
781 2738 888 2770 Παῦλος

130 2831 148 2845 ²¹
161 2831 209 2859 lsa.
222 2839 299 2864 mn,
320 2831 369 2858 25.
409 2831 432 2849 ³1
449 2830 553 2858 Baruch
571 2836 613 2858 nt.
633 2829 678 2856 58.

103 2865 120 2880 "
135 2865 196 2894 l’sal.
211 2875 239 2901 ιι,
260 2867 285 2894 7.
333 2867 355 2883 ³⁸
371 2866 443 2896 Psal.
464 2873 517 2900 Ctx,
534 2867 557 2892 ί.
597 2865 618 2880 ³⁵
632 2865 707 2892 .loau.
726 2871 779 2896 xxv,
801 2863 826 2889 9.

718 2829 740 2844 "
757 2827 836 2856 Joan.
853 2834 872 2859 ι,
889 2826 934 2852 29.

868 2862 888 2877 ⁸⁰
901 2861 978 2888 ,1;)τιη.
997 2867 1033 2893 XI,
1048 2859 1092 2886 9.5.

936 2265 1048 2291 surdum
1064 2264 1137 2291 dictu
1160 2262 1266 2291 censeri
1288 2262 1402 2293 debeat.
1418 2261 1556 2290 Christum
1579 2261 1724 2296 aliquando

934 2309 1038 2339 Joanne
1062 2309 1191 2344 majorem
1214 2309 1345 2342 futurum,
1363 2309 1409 2344 qui
1429 2312 1525 2342 suapte
1541 2312 1637 2334 natura
1652 2313 1724 2334 sem-

933 2365 982 2392 per
999 2356 1085 2391 major
1100 2356 1162 2390 l'uit,
1181 2356 1308 2384 nimirum
1322 2354 1418 2382 Deus?

1271 2489 1387 2517 ALIUD.

972 2549 1001 2577 Si
1017 2548 1044 2576 in
1060 2547 1152 2575 iuturo
1165 2546 1264 2574 sreenlo
1281 2550 1387 2573 tantum
1401 2543 1526 2572 Christus
1543 2541 1656 2570 Joannis
1670 2541 1723 2569 vir-

935 2600 1019 2623 tutem
1035 2597 1213 2629 superaturus
1229 2597 1281 2624 est,
1297 2597 1373 2619 certe
1396 2590 1498 2618 nihilin
1512 2591 1571 2625 ipso
1593 2595 1722 2625 magnum

937 2648 979 2671 est
998 2651 1004 2670 :
1026 2649 1088 2670 cum
1104 2646 1130 2667 et
1149 2638 1239 2674 angeli
1262 2638 1389 2666 meliores
1413 2636 1671 2672 praestantioresque
1691 2642 1724 2662 eo

942 2690 998 2717 sint
1020 2688 1138 2724 propria:
1153 2694 1209 2714 sua:
1230 2690 1334 2712 natura:
1351 2684 1474 2715 ratione,
1494 2687 1521 2710 et
1536 2682 1644 2717 pictatis
1660 2689 1724 2716 erga

938 2736 1022 2763 Deum
1032 2733 1206 2763 excellentia.
1221 2731 1320 2759 Deinde
1330 2729 1396 2764 quid
1407 2730 1439 2758 de
1446 2728 1639 2764 sapientissimi
1653 2727 1724 2754 illius

974 2824 996 2840 “
1013 2824 1108 2852 Matth.
1125 2831 1166 2854 ιιι,
1183 2823 1226 2849 Η.
1266 2821 1288 2837 ³³
1308 2821 1314 2847 |
1331 2820 1394 2847 Cor.
1411 2827 1429 2852 ι,
1445 2818 1490 2845 24.
1530 2817 1552 2833 ³⁸
1568 2816 1681 2848 ιῐιιίιιίη,
1696 2814 1722 2842 '5.

1131 2859 1152 2874 λ’
1172 2858 1245 2885 Joau
1261 2865 1297 2888 v1,
1315 2857 1358 2883 55.
