1904 3026
205 133 258 159 165
283 158 288 162 .

203 185 277 214 Pauli
295 188 450 218 testimonio
462 194 594 224 statuent,
618 194 664 228 qui
688 195 826 224 Christum
844 203 920 226 tanto
943 207 986 226 su-

202 232 338 266 periorem
357 236 461 270 angelis
481 244 542 264 esse
566 242 679 266 testatur
692 260 700 272 ,
723 247 826 275 quanto
840 243 929 271 divina
944 252 992 271 na-

204 282 262 304 tura
280 285 372 306 creata
387 282 548 309 antecellit?
565 292 575 309 t
599 283 648 311 Cui
668 285 751 318 enim,
766 286 854 321 inquit
870 287 970 317 Paulus
981 310 989 323 ,

202 324 359 359 angelorum
382 334 503 361 unquam
522 328 592 356 dixit
614 337 621 355 :
639 329 710 358 Sede
737 338 751 358 a
772 331 875 361 dextris
900 335 991 363 meis?

201 368 296 398 Nonne
309 379 403 400 omnes
423 378 485 401 sunt
499 374 727 404 administratorii
740 378 852 412 spirittts
863 400 870 413 ,
897 380 922 409 in
939 382 989 408 mi-

200 416 342 444 nistcrium
370 418 445 445 missi
474 420 523 447 "7
550 429 560 446 ›
589 421 648 454 Quo
677 429 761 457 pacto
788 425 868 459 igitur
897 426 920 453 is
941 428 986 462 qui

200 466 276 490 tanto
292 469 334 491 est
347 465 450 500 angelis
471 469 646 500 praestantior
666 468 752 497 Filius
767 490 775 503 ,
805 476 833 498 ut
846 476 873 500 et
897 472 987 501 Patris

197 509 275 536 sedili
301 515 327 538 et
353 512 527 540 tabernaculo
552 514 724 550 adjungatur,
747 517 824 551 quasi
853 526 983 554 magnum

198 554 300 589 aliquid
332 561 360 584 et
388 559 551 592 prmclarum
579 560 611 587 tle
634 568 663 587 se
693 563 829 596 praedicet,
856 564 985 599 majorem

196 600 300 628 Joanne
315 603 431 636 Baptista
448 604 475 630 in
491 612 573 640 regno
590 606 720 634 ctelorum
735 608 805 641 fore,
831 617 893 637 cum
910 619 984 639 sem-

197 653 244 680 per
260 647 345 681 major
359 648 414 675 sit?
429 649 570 682 Quomodo
586 652 659 679 enim
674 660 727 680 non
751 654 788 681 sit
808 655 912 692 major,
937 657 984 693 qui

195 691 251 719 Deo
265 699 297 719 ac
312 692 385 720 Patri
397 695 509 729 aequalis
526 701 569 723 est
585 696 597 723 ἲ

522 751 636 780 ALIUD.

225 805 254 833 Si
270 805 388 834 Joannes
400 807 521 842 Baptista
536 814 594 836 erat
617 809 727 838 lucerna
739 831 748 844 ,
773 812 897 842 Christus
918 823 982 843 vero

716 140 744 167 S.
764 141 904 170 CYRILIJ
924 143 1161 175 ALEXANDRINI
1180 148 1339 177 ARClllEP.

1783 154 1838 186 161

1006 204 1030 232 Α
1044 202 1109 237 ἡμῖν
1122 204 1136 230 6
1149 204 1303 239 σοφώτατος
1323 207 1450 235 τοσοῦτον
1470 209 1594 244 ἀγγέλων
1611 211 1767 248 ὑπερτιθεὶς
1785 215 1834 240 τὸν

1042 248 1166 283 Χριστὸν,
1182 251 1243 278 ὅσον
1256 252 1273 287 ἡ
1290 252 1349 279 Θεία
1368 254 1448 288 φύσις
1462 255 1511 291 τὴν
1523 256 1640 293 γενητὴν
1656 258 1832 297 ὑπερτρὲχει.

1045 303 1054 319 ι
1067 295 1088 320 Τ
1091 295 1125 322 ίνι
1137 296 1202 332 γάρ,
1214 297 1286 330 εἷπε,
1302 299 1366 326 ποτὲ
1380 299 1433 327 τῶν
1446 301 1579 336 ἀγγέλων,
1595 304 1661 338 φησι
1674 295 1788 332 ’Κάθου
1799 307 1834 332 ὲκ

1039 339 1133 372 δεξιῶν
1149 350 1216 376 μου;
1238 343 1305 378 Οὐχὶ
1319 344 1419 377 πάντες
1432 347 1485 373 εἰσὶ
1499 347 1673 383 λειτουργικὰ
1687 349 1834 386 πνεύματα

1039 386 1079 417 είς
1094 386 1232 415 διακονίαν
1248 389 1484 426 ἀποστελλόμενα;
1503 402 1512 419 ι
1531 393 1594 426 Πῶς
1611 392 1657 421 οὗν
1670 395 1684 421 6
1702 396 1833 423 τοσοῦτον

1038 431 1102 464 τοὺς
1127 433 1251 461 Ἰωάννου
1275 436 1402 471 μείζονας
1423 439 1555 473 ἀγγέλους
1578 440 1733 469 ἀναϐαίνων
1753 442 1831 474 Υῐὺς,

1037 476 1076 508 ὡς
1093 479 1138 506 καὶ
1152 481 1206 512 τοῖς
1219 480 1265 507 τοῦ
1279 482 1385 518 Πατρδς
1407 483 1561 519 ὲνιδρύσθαι
1577 486 1685 519 θώκοις,
1699 488 1738 520 ὠς
1757 489 1833 524 μέγα

1037 531 1062 549 τι
1078 524 1123 550 καὶ
1137 524 1292 556 ἀξιόπιστον
1305 528 1347 563 ἐφ’
1361 529 1451 565 ἑαυτῷ
1471 539 1564 566 φησιν,
1583 532 1621 564 ὡς
1635 532 1711 560 ἔσται
1726 534 1832 569 μείζω-ι

1036 568 1119 595 αὑτοῦ
1134 571 1202 597 κατὰ
1216 571 1261 599 τὸν
1269 573 1318 609 τῆς
1327 573 1465 609 βασιλείας
1474 577 1580 613 καιρὸν,
1592 578 1680 605 καίτοι
1691 568 1832 614 «opaco»

1036 615 1105 650 ἔχων
1116 616 1177 649 διεὶς
1199 617 1261 650 Πῶς
1275 619 1330 655 γὰρ
1342 621 1391 656 οὐχ
1404 621 1490 654 οὕτως
1504 624 1519 650 6
1530 624 1559 650 ἐν
1580 623 1682 660 ἰσότητι
1697 624 1743 651 τοῦ
1758 624 1829 652 Θεοῦ

1035 661 1083 687 καὶ
1098 661 1205 698 Πατρός
1215 671 1222 696 ;

1375 769 1478 797 ᾹΛΛΟ.

1068 822 1100 848 Εἰ
1122 821 1219 858 λύχνος
1240 822 1274 860 ἦν
1294 825 1308 852 ό
1333 827 1468 862 μακάριος
1490 827 1656 864 Βαπτιστὴς,
1681 828 1738 864 φῶς
1757 829 1786 856 δὲ
1811 831 1826 856 6

191 852 292 884 lumen,
308 860 361 886 quo
382 859 460 888 pacto
476 854 528 881 erit
551 855 655 889 aequale
677 864 738 884 eum
761 858 872 887 lucerna
886 860 967 889 luutet

192 897 277 910 1n-..“
299 897 321 910 L3
349 903 392 910 -..ι
409 899 415 910 Σ
428 899 434 910 Ι
457 907 504 910 _...,
519 901 524 910 I
541 899 568 910 EII
583 909 587 910 ν
622 902 627 907 -
696 903 713 910 ι-
747 904 752 910 ι
798 905 803 910 ι
835 906 840 910 .

1034 852 1232 902 Χριστὸςξδπιῦς
1244 852 1273 896 έν
1294 852 1532 907 uerisimilis;
1544 875 1576 909 τῇ
1597 852 1737 910 λέξῖκφττέ
1752 875 1823 909 φῶς,

191 897 278 932 ipsum
299 897 332 931 ⁸³,
348 903 394 925 aut
408 899 434 926 id
454 901 524 934 quod
540 899 713 930 illuminandi
729 904 782 932 vim
798 905 888 939 habet,
915 914 978 934 cum

189 953 221 973 eo
245 946 315 980 quod
337 946 534 975 illuminatione
559 948 684 984 indiget?
709 951 786 984 Quod
809 960 873 980 vero
900 958 976 982 tanto

188 991 329 1018 intervallo
345 997 454 1027 superat
466 1013 473 1026 ,
491 1001 610 1028 quonam
627 1002 707 1030 pacto
721 998 813 1026 minus
829 1000 976 1033 existens,

187 1035 275 1071 majus
285 1036 332 1063 ﬁat
347 1036 358 1064 Ἰ

517 1085 632 1114 ALIUD.

225 1139 253 1166 Si
269 1139 292 1166 is
305 1140 349 1174 qui
368 1140 449 1168 habet
473 1148 613 1175 sponsam,
626 1151 742 1179 sponsus
771 1151 835 1180 est,
860 1147 912 1176 hoc
935 1155 976 1177 est

185 1185 318 1218 Christus,
333 1186 438 1214 anticus
465 1191 556 1215 autem
582 1190 675 1224 sponsi
701 1191 746 1226 qui
771 1197 827 1220 stat
850 1199 877 1221 et
900 1195 976 1222 audit

184 1231 284 1264 ipsum,
300 1231 351 1258 huc
379 1237 422 1259 est
437 1233 533 1260 beatus
554 1233 675 1263 Joannes
691 1236 823 1272 Baptista,
849 1240 974 1269 diversus

183 1276 277 1311 itaque
293 1277 327 1303 ab
341 1278 400 1312 ipso
424 1283 467 1306 est
502 1287 556 1307 non
578 1281 666 1308 solum
683 1290 798 1312 numero
815 1285 971 1320 distinctus,

182 1329 276 1349 verum
290 1323 373 1350 etiam
389 1324 546 1358 aequalitate
564 1326 705 1362 dignitatis
729 1334 756 1357 et
781 1330 893 1359 honoris
923 1333 972 1360 de-

181 1366 303 1394 stitutus.
324 1367 461 1402 Siquidem
475 1370 519 1397 hic
533 1378 628 1398 revera
643 1372 742 1401 festum
759 1375 830 1403 diem
850 1377 972 1410 inchoat,

181 1411 227 1439 ille
235 1420 299 1440 vero
315 1414 428 1442 alterius
437 1414 593 1444 festivitatis
605 1423 646 1445 est
655 1420 804 1456 particeps,
817 1429 850 1449 ac
860 1424 972 1458 proinde

181 1457 325 1486 illustrior.

512 1517 629 1548 ALIUD.

213 1569 333 1598 Joannes
351 1571 472 1607 Baptista
489 1574 526 1602 ila
539 1575 640 1604 alicubi
661 1577 694 1605 de
711 1578 859 1609 Servatorc
874 1587 969 1612 nostro

179 1617 246 1644 dicit
262 1625 268 1644 :
286 1626 296 1643 t
315 1618 366 1652 Qui
381 1619 414 1647 de
425 1628 533 1648 sursum
545 1623 630 1657 venit,
649 1631 731 1660 super
743 1633 839 1655 omnes
853 1634 896 1656 est
911 1629 943 1656 “.
956 1640 966 1658 ο

176 1661 233 1698 99
256 1663 357 1692 Deinde
379 1673 456 1693 suam
493 1668 573 1695 etiam
595 1671 779 1700 conditionem
803 1676 966 1710 explicans:

179 1716 190 1733 t
212 1709 262 1741 Qui
277 1710 310 1736 tle
328 1715 400 1738 terra
425 1716 477 1746 est,
500 1713 598 1748 inquit,
626 1720 733 1744 terrena
756 1709 876 1754 loquitur
891 1721 925 1749 ".
953 1732 963 1748 ι

177 1753 206 1780 Si
219 1761 284 1789 ergo
299 1755 430 1784 Servator
453 1758 477 1785 ei
487 1760 600 1794 aequalis
610 1767 663 1794 eat,
679 1764 777 1800 quippe
793 1753 838 1801 qui
849 1769 966 1796 nondum

174 1800 264 1835 majus
288 1802 415 1837 accepit,
443 1805 522 1839 nihil,
539 1811 567 1833 ut
591 1809 739 1837 verisimile
754 1800 809 1844 est,
830 1814 967 1843 obstiterit

175 1847 320 1881 quominus
335 1848 362 1874 id
377 1850 447 1883 quod
465 1854 605 1886 propriutn
638 1855 762 1884 alterutri
785 1863 847 1892 est,
879 1860 905 1887 in
924 1861 963 1888 al-

174 1897 260 1919 terum
275 1897 405 1928 transeat,
432 1896 468 1923 ita
481 1902 509 1924 ut
520 1897 640 1933 Baptista
656 1901 799 1931 desursum
827 1906 963 1934 omnium-

173 1945 226 1972 que
238 1946 381 1973 supremus
402 1948 560 1978 censeatur,
588 1945 714 1976 Christus
732 1956 797 1976 vero
826 1955 961 1981 terrenus.

173 1983 226 2011 Sed
243 1985 294 2012 boc
320 1985 469 2016 absurdum
495 1995 546 2017 est.
565 1991 615 2019 llic
636 1993 719 2025 enim,
747 1999 776 2022 ut
800 1998 963 2026 naturaliter

171 2030 253 2064 Deus,
265 2039 347 2067 super
357 2040 452 2062 omnes
464 2040 505 2063 est
521 2047 526 2064 :
540 2037 583 2064 ille
599 2046 664 2066 vero
678 2048 712 2067 ex
723 2041 854 2070 inferiore
864 2048 892 2072 et
906 2044 961 2073 Deo

171 2077 292 2111 subjecta
318 2084 443 2107 creatura
462 2087 584 2111 terrenus
605 2090 656 2112 est.
672 2085 729 2113 Non
752 2095 817 2123 ergo
834 2090 957 2125 aequalis,

168 2123 234 2156 quin
248 2123 338 2156 potius
355 2124 559 2160 incomparabili
577 2131 737 2158 excellentia
752 2140 767 2159 a
785 2134 894 2163 Christo
912 2123 959 2164 su-

169 2171 289 2201 peratur.
315 2169 374 2201 Quo
385 2176 463 2206 pacto
479 2173 562 2208 igitur
574 2177 680 2203 censeri
705 2182 795 2212 potest
815 2180 958 2216 aliquando

168 2211 275 2241 futurus
294 2215 390 2249 major,
406 2218 450 2251 qui
467 2226 575 2254 semper
592 2211 733 2257 tantopere
748 2225 901 2255 excelluit?

502 2319 618 2349 ALIUD.

203 2370 331 2400 Servalor
352 2378 412 2408 post
428 2380 654 2408 resurrectionem
671 2390 685 2410 a
710 2387 827 2414 mortuis
847 2387 953 2417 instau-
969 2394 973 2401 ‘

167 2423 230 2444 rans
245 2417 271 2444 in
287 2419 365 2446 nobis
383 2421 501 2454 priscam
519 2423 638 2459 Spiritus
655 2430 781 2465 gratiam,
809 2433 952 2468 inspiravit

165 2464 308 2497 apostolis,
325 2465 418 2495 dicens
431 2475 438 2493 :
451 2477 460 2493 ι
480 2469 600 2506 Accipite
614 2472 743 2509 Spiritum
756 2464 879 2508 sanctum
894 2481 926 2508 ".
939 2492 948 2507 ι

165 2507 198 2534 Et
213 2516 321 2537 rursum
345 2511 403 2546 ipse
418 2513 451 2540 de
475 2514 576 2549 Spiritu
597 2507 641 2547 ita
651 2522 689 2548 ait
708 2532 714 2549 :
739 2533 748 2549 ι
767 2524 833 2558 Quia
848 2507 880 2554 tle
892 2535 951 2555 meo

163 2554 277 2588 accipiet
291 2555 324 2582 ".
347 2566 356 2582 ι
376 2557 470 2587 Sedet
484 2561 604 2596 Spiritus
623 2566 724 2596 Christi
745 2554 864 2605 spiritus
885 2554 950 2600 san;

163 2602 224 2625 ctus
243 2607 263 2647 nr
286 2608 363 2629 saera
383 2602 522 2640 Scriptura
538 2611 706 2647 appellatur,
735 2602 812 2644 ut'in
836 2618 949 2647 Actibus

162 2646 342 2678 apostolorum
354 2648 452 2684 legitur
466 2662 472 2680 :
492 2664 501 2679 t
518 2655 586 2683 Cum
599 2666 662 2687 vero
677 2662 842 2690 transissent
856 2665 948 2692 Asiam

161 2695 188 2740 et
206 2691 318 2721 Galatiae
347 2698 501 2734 regionem,
531 2708 673 2732 tentarunt
697 2708 834 2740 proﬁcisci
859 2710 885 2737 in
905 2710 949 2738 Bi-

162 2735 298 2771 thyniam,
314 2743 342 2767 et
361 2749 414 2770 non
442 2747 565 2780 permisit
587 2757 635 2777 eos
658 2735 777 2785 Spiritus
798 2752 862 2782 Jesu
878 2755 912 2782 “.
934 2767 944 2783 ι

1031 913 1079 939 καὶ
1095 913 1124 939 τὸ
1145 913 1271 948 φωτίζειν
1286 917 1406 950 πεφυκδς
1423 917 1462 953 τῷ
1481 919 1569 953 φωτὸς
1585 920 1721 955 δεομένῳς
1744 920 1782 946 Τὸ
1794 920 1825 946 δὲ

1029 959 1155 985 τοσοῦτον
1170 960 1214 986 ἀεὶ
1227 961 1415 997 πλεονεκτοῦν,
1434 963 1493 997 πῶς
1512 965 1541 992 ὲν
1554 965 1700 995 ἐλαττώσει
1720 965 1761 999 ὃν,
1775 966 1824 993 ἐπὶ

1027 1005 1060 1031 τὸ
1074 1006 1167 1040 μεῖζον
1180 1007 1349 1043 ἀναϐήσεται
1359 1017 1366 1042 ;

1363 1099 1470 1135 {lt/mo.

1062 1155 1094 1181 El
1108 1155 1122 1182 6
1135 1155 1204 1190 ἔχων
1226 1157 1276 1192 τὴν
1296 1159 1405 1194 νύμφην
1422 1159 1538 1195 νυμφίος
1566 1159 1635 1193 ἐστὶ,
1650 1161 1791 1189 τουτέστιν
1806 1163 1821 1189 6

1026 1199 1153 1234 Χριστὸς,
1163 1202 1177 1227 6
1186 1202 1214 1228 δὲ
1225 1202 1301 1237 φίλος
1311 1204 1357 1230 τοῦ
1369 1206 1486 1240 νυμφίου
1499 1206 1512 1232 6
1523 1206 1644 1241 ἑστηκὼς
1654 1209 1701 1235 καὶ
1711 1209 1821 1236 ἀκούων

1025 1245 1118 1277 αὑτοῦ,
1132 1247 1272 1274 τουτέστιν
1283 1249 1298 1275 6
1312 1250 1447 1286 μακάριος
1467 1251 1635 1288 Βαπτιστὴς,
1649 1253 1744 1289 ἕτερος
1764 1255 1820 1290 ἄρα

1025 1293 1090 1328 παρ’
1105 1293 1185 1320 αὐτόν
1205 1295 1279 1322 ἐστιν
1300 1295 1331 1322 οὐ
1351 1296 1430 1331 μόνον
1450 1297 1571 1333 δηλονότι
1596 1299 1819 1337 διαστελλόμενος

1025 1337 1144 1374 ἀριθμῷ,
1156 1338 1224 1366 ἀλλὰ
1234 1340 1264 1366 τὸ
1275 1340 1331 1368 τσον
1345 1342 1395 1368 οὑκ
1409 1342 1477 1378 ἔχων
1489 1345 1517 1371 ἐν
1529 1345 1664 1381 ἀξιώματι
1678 1347 1726 1374 καὶ
1738 1350 1816 1383 τιμῇ.

1024 1385 1109 1420 Εἴπερ
1132 1386 1146 1412 6
1170 1386 1222 1421 μέν
1243 1386 1302 1414 ἔστι
1318 1389 1536 1426 πανηγυράρχης
1553 1391 1671 1428 ἀληθῶς,
1689 1394 1703 1420 6
1717 1393 1746 1421 δὲ
1766 1395 1818 1430 τῆς

1023 1430 1116 1466 ἑτέρου
1135 1432 1314 1468 πανηγύρεως
1330 1434 1454 1470 μέτοχος,
1468 1437 1515 1463 καὶ
1534 1437 1578 1465 διὰ
1591 1438 1669 1466 τοῦτο
1689 1439 1818 1478 λαμπρό-

1022 1486 1110 1513 τερος.

1364 1538 1468 1566 ΔΛΛΟ.

1057 1591 1142 1624 Αὐτός
1157 1592 1208 1619 πού
1222 1601 1304 1628 φησιν
1318 1594 1332 1620 6
1354 1593 1490 1630 μακάριος
1509 1595 1664 1632 Βατιτιστὴς
1685 1598 1752 1633 περὶ
1767 1599 1815 1626 τοῦ

1020 1637 1147 1673 Σωτῆρος
1173 1638 1253 1674 ἡμῶν
1276 1639 1396 1674 Χριστοῦ
1411 1649 1419 1658 υ
1444 1650 1455 1666 t
1484 1642 1514 1668 ὐ
1539 1642 1642 1670 ἄνωθεν
1663 1644 1813 1680 ἐρχόμενος

1019 1682 1111 1709 ἐπάνω
1127 1683 1236 1710 πάντων
1248 1685 1331 1712 ἐστίν.
1349 1695 1359 1711 ι
1388 1684 1455 1713 Eho.
1469 1687 1500 1714 τὸ
1517 1688 1616 1715 οἰκεῖον
1632 1689 1814 1718 ἔκκαλύπτων

1019 1728 1117 1764 μέτρον
1128 1737 1134 1744 ·
1152 1738 1161 1755 t
1185 1730 1214 1756 '0
1228 1730 1265 1757 ὢν
1279 1731 1311 1757 ἐκ
1324 1731 1373 1766 τῆς
1389 1732 1451 1766 γῆς,
1467 1726 1563 1769 φησὶν,
1576 1736 1612 1762 τὰ
1629 1735 1681 1771 τῆς
1696 1737 1750 1772 γῆς
1764 1737 1813 1765 λα-

1016 1775 1066 1802 λεῖ.
1086 1785 1095 1801 ι
1117 1775 1202 1812 Είπερ
1214 1774 1259 1804 οὖν
1276 1777 1305 1804 ἐν
1320 1777 1422 1814 ίσότητι
1435 1779 1557 1807 κείσεται
1571 1783 1605 1817 τῇ
1619 1781 1687 1816 πρὸς
1699 1783 1783 1810 αὐτὸν
1797 1786 1812 1811 ὀ

1017 1821 1121 1858 Σωτὴρ,
1139 1822 1175 1854 ὡς
1195 1822 1272 1850 οὔπω
1286 1823 1316 1850 τὸ
1332 1824 1423 1859 μεῖζον
1442 1826 1596 1860 ἀπολαϐὼν,
1614 1829 1699 1862 οὐδὲν,
1718 1829 1757 1862 ὡς
1772 1831 1811 1857 εἰ-

1015 1867 1073 1899 κὸς,
1089 1868 1251 1895 διακωλύσει
1267 1869 1314 1896 καὶ
1329 1870 1360 1896 τὸ
1380 1871 1503 1908 ἑκατέρῳ
1519 1873 1621 1908 κυρίως
1639 1875 1741 1910 προσὸν
1758 1885 1809 1912 με-

1014 1913 1153 1940 ταὸαίνειν
1175 1915 1221 1941 ἐπὶ
1237 1915 1282 1942 τὸν
1304 1916 1414 1952 ἕτερον’
1432 1917 1470 1950 ὡς
1484 1919 1602 1947 νοεῖσθαι
1618 1920 1679 1956 μὲν,
1701 1922 1808 1951 ἄνωθέν

1013 1967 1043 1986 τε
1058 1959 1104 1986 καὶ
1120 1960 1213 1987 ἐπάνω
1234 1961 1343 1989 πάντων
1358 1963 1403 1989 τὸν
1419 1963 1496 1998 ἆγιον
1515 1965 1681 2003 Βαπτιστὴν,
1703 1969 1758 1995 ἀπὸ
1778 1970 1807 1996 δὲ

1012 2004 1063 2040 τῆς
1083 2005 1136 2040 γῆς
1155 2005 1201 2032 τὸν
1216 2006 1328 2042 Κύριον.
1358 2007 1439 2035 Ἀλλὰ
1461 2009 1539 2038 τοῦτο
1560 2011 1669 2040 ἄτοπον.
1699 2014 1730 2040 '0
1754 2014 1806 2049 μὲν

1012 2050 1076 2086 γὰρ,
1097 2051 1135 2083 ὡς
1148 2053 1221 2079 κατὰ
1236 2053 1317 2088 φύσιν
1339 2053 1471 2090 ὑπάρχων
1487 2056 1562 2089 Θεὸς,
1580 2059 1673 2086 ἐπάνω
1693 2060 1805 2089 πάντων
1821 2065 1830 2073 ‘

1011 2095 1084 2122 ἐστίν
1095 2101 1102 2109 ⁶
1116 2096 1130 2122 6
1143 2096 1170 2122 δὲ
1185 2097 1234 2132 τῆς
1252 2098 1327 2124 κάτω
1347 2099 1394 2126 καὶ
1416 2100 1599 2138 ὑποκειμένης
1614 2104 1653 2140 τῷ
1667 2105 1727 2142 Θεῷ
1744 2108 1804 2135 κτί-

1011 2148 1080 2172 σεως
1104 2142 1268 2176 ὲκπεφυκὼς
1285 2145 1317 2170 ὲκ
1333 2145 1383 2180 τῆς
1399 2146 1452 2180 γῆς
1473 2147 1556 2175 ἐστιν.
1584 2150 1642 2177 Οὐκ
1660 2152 1717 2184 ἴσος
1735 2153 1801 2189 ἄρα,

1011 2186 1110 2221 μᾶλλον
1126 2187 1154 2214 δὲ
1178 2188 1354 2224 ἀσυγκρίτοις
1379 2191 1525 2228 ὑπεροχαῖς
1547 2186 1802 2233 παραχωρήσειντδ

967 2236 992 2266 ι)
1006 2234 1084 2268 νικᾷν
1101 2233 1140 2268 τῷ
1155 2235 1276 2270 Χριστῷ.
1295 2236 1358 2268 Πῶς
1377 2235 1424 2264 οὖν
1437 2238 1547 2266 ἔσεσθαί
1563 2249 1627 2268 ποτε
1645 2244 1800 2281 προσδοκη-

1009 2278 1122 2313 θήσεται
1141 2279 1242 2314 μείζων
1256 2281 1270 2306 6
1284 2281 1327 2307 ἀεὶ
1342 2282 1469 2310 τοσοῦτον
1485 2284 1698 2323 ὑπερκείμενος;

1348 2338 1452 2368 ΑΛΛΟ.

1041 2391 1120 2419 Μετὰ
1139 2391 1188 2428 τὴν
1209 2393 1241 2419 ἑκ
1267 2395 1372 2429 νεκρῶν
1399 2396 1545 2424 ἀναϐίωσιν
1569 2400 1753 2434 ἀνακαινίζων
1769 2404 1799 2430 ἐν

1006 2436 1071 2471 ἡμῖν
1083 2437 1097 2462 6
1109 2437 1204 2473 Σωτὴρ
1219 2437 1267 2473 τὴν
1281 2438 1463 2476 ἀρχαιοτάτην
1476 2442 1522 2468 τοῦ
1537 2444 1606 2471 1]νεὺ
1611 2454 1694 2480 ματος
1705 2448 1796 2483 χάριν,

1006 2481 1157 2517 ἐνεφύσησε
1174 2484 1229 2516 τοίς
1247 2484 1384 2519 μαθηταῖς
1408 2487 1511 2522 λέγων’
1534 2498 1544 2515 t
1562 2491 1666 2518 Λάϐετε
1682 2481 1797 2530 Πνεῦμα

1005 2527 1092 2561 ἅγιον.
1113 2538 1123 2555 ι
1140 2529 1195 2556 Καὶ
1216 2530 1296 2557 πάλιν
1314 2532 1395 2564 αὑτός
1413 2535 1464 2560 πού
1485 2544 1550 2570 φησι
1566 2538 1630 2573 περὶ
1646 2539 1693 2565 τοῦ
1708 2527 1797 2568 Πνεῦ-

1007 2583 1106 2609 ματος·
1126 2584 1135 2600 t
1156 2574 1217 2603 Ὀτι
1233 2577 1266 2603 ὲκ
1281 2577 1328 2604 τοῦ
1350 2578 1417 2613 ἐμοῦ
1441 2579 1583 2616 λαμϐάνει.
1610 2594 1620 2610 ι
1650 2585 1731 2612 Ἀλλὰ
1747 2588 1795 2614 καὶ

1004 2621 1116 2657 Πνεῦμα
1139 2623 1258 2658 Χριστοῦ
1277 2624 1307 2650 τὸ
1331 2625 1408 2658 ἆγιον
1428 2627 1540 2663 Πνεῦμα
1569 2630 1690 2658 καλεῖται
1717 2636 1796 2669 παρὰ

1003 2669 1062 2698 τατς
1075 2667 1160 2699 θείαις
1181 2668 1311 2704 Γραφαίς,
1333 2671 1403 2698 κατὰ
1426 2673 1457 2699 τὸ
1469 2675 1499 2700 ὲν
1518 2676 1579 2707 ταῖς
1597 2677 1717 2711 Πράξεσι
1738 2667 1795 2706 τιῖιν

1002 2713 1158 2741 ἀποστόλων
1171 2715 1296 2750 κείμενον
1309 2724 1315 2730 ·
1333 2726 1342 2742 t
1358 2717 1512 2752 Διελθόντες
1522 2720 1550 2747 δὲ
1569 2721 1662 2749 Ἀσίαν
1681 2724 1730 2750 καὶ
1743 2724 1794 2760 τὴν

1001 2759 1153 2795 Γαλατικὴν
1166 2760 1268 2796 χώραν,
1280 2762 1425 2798 ἐπείραζον
1445 2766 1485 2797 είς
1503 2766 1552 2801 τὴν
1565 2766 1692 2795 Βιθυνίαν
1703 2759 1791 2796 ἀπελ-

194 2812 216 2828 “
231 2814 310 2844 llebr.
327 2825 353 2849 ι.
371 2819 405 2846 l3
417 2841 424 2855 ,
443 2804 498 2851 Ηι.¹
525 2825 547 2840 ⁸³
560 2824 640 2853 Joan.
655 2835 682 2860 v,
696 2827 756 2856 5-5.
796 2830 817 2846 “
833 2831 910 2861 Joan.
931 2842 967 2870 nt,

194 2848 251 2877 Aet.
271 2858 327 2879 xvr.
344 2853 369 2879 'I.

1071 2836 1094 2853 "
1109 2836 1173 2864 ibid.
1214 2838 1235 2854 "
1248 2837 1325 2867 Joan.
1343 2847 1386 2873 xx,
1404 2840 1448 2868 22.
1507 2843 1528 2859 ⁸⁷
1541 2843 1621 2874 Joan.
1636 2853 1692 2879 xvr,
1708 2846 1754 2874 Η.

158 2845 183 2862 ⁸⁸
193 2848 251 2877 Aet.
271 2858 327 2886 xvr,
344 2845 369 2881 ⁵1.
