1904 3026
76 134 126 162 ‘65

792 129 810 154 Ὶ
818 129 931 154 ιιιδΑυ
938 128 980 153 KU
987 129 1015 152 δ.

79 195 143 225 θεῖν,
166 193 214 220 καὶ
230 193 285 220 οὐκ
309 194 402 220 εἴασεν
427 194 525 225 αὐτοὺς
550 192 580 220 τὺ
601 190 713 226 Πνεῦμα
735 189 836 225 Ἰησοῦ.
866 198 874 214 ι

934 187 958 214 Si
975 193 1040 221 ergo
1052 185 1176 215 Christus
1187 191 1216 214 ut
1235 186 1381 222 aliquando
1393 188 1500 216 futurus
1510 187 1596 222 major
1606 188 1713 218 Joatnte

78 240 166 274 Εἴπερ
185 235 233 264 οὖν
253 238 294 270 ὡς
314 238 448 274 ἐσόμενος
464 246 528 265 ποτε
546 237 646 273 μείζων
668 235 792 262 Ἰωάννου
807 234 877 269 Χρι-

81 285 153 317 στὸς,
174 286 204 312 ὲν
220 284 328 320 ἰσότητι
351 285 422 316 τέως
438 285 470 319 τῇ
496 283 563 319 πρὸς
587 282 668 309 αὑτὸν
688 280 876 316 εὑρεθήσεται,

80 331 239 360 ἁνανεούτω
253 331 383 362 κάκεῖνος
397 330 427 356 ὲν
444 330 507 364 ἡμῖν
523 328 570 364 τὴν
593 327 640 354 τοῦ
660 326 815 360 Πνεύματος
829 324 878 358 χά-

83 386 138 413 ριν,
153 377 201 404 καί
215 375 372 411 χορηγείτω
382 375 429 401 καὶ
443 373 533 406 αὐτὸς,
543 373 638 407 ὥσπερ
652 368 698 398 οὖν
714 369 799 396 ἐποίει
814 369 879 404 Χρι-

85 422 158 454 στὸς,
176 420 300 455 λεγέσθω
312 420 341 447 δὲ
356 420 403 446 καὶ
419 418 500 446 αὑτοῦ
519 416 630 451 Πνεῦμα
650 414 683 442 τὸ
703 415 732 441 ὲν
750 413 809 448 Θεῴ
830 412 878 439 καὶ

85 467 188 503 Πατρὶ,
203 466 294 501 βοάτω
305 466 352 492 καὶ
363 465 444 496 αὐτὸς
458 464 522 499 περὶ
534 462 581 489 τοῦ
597 460 667 488 Πνεύ
673 467 755 495 ματος
765 466 771 473 ·
788 467 797 484 ι
817 458 877 503 ’ρτι

86 513 119 538 ὲκ
132 501 183 538 τοῦ
207 509 273 545 ἐμοῦ
288 508 434 544 λαμϐάνει.
453 517 462 533 ι
484 506 565 533 Ἀλλὰ
579 505 658 532 τοῦτο
672 504 719 531 κα)⁴
735 503 814 538 μόνον
833 501 877 528 ὲν-

86 558 170 589 νοεῖν,
188 555 297 588 ἀσεϐές.
316 555 373 582 Οὐκ
390 554 443 589 ἄρα
461 553 518 584 ἴσος
540 551 599 579 ἐστὶ
619 551 657 586 τῷ
676 548 797 586 Χριστῷ,
817 547 878 573 οὐδὲ

87 603 137 638 ὀψὲ
162 602 359 638 παραχωρήσει
375 600 405 626 τὺ
425 599 527 635 μεῖζον,
549 597 593 624 ἀεὶ
617 597 648 623 τὸ
664 596 774 623 ἔλαττον
797 593 877 629 ἔχων,

89 649 137 676 καὶ
148 647 276 675 τοσοῦτον
291 645 458 682 ἡττώμενος,
474 645 536 671 ὅσον
552 643 694 678 ἄνθρωπος
710 640 789 668 Θεοῦ.

433 702 544 729 ΑΛΛΟ.’

123 761 190 788 Θεὸν
205 755 274 787 οντα
290 760 359 787 κατὰ
373 760 453 794 φύσιν
472 756 647 784 ἐπιδεικνύων
661 755 757 783 ἑαυτὸν
771 755 784 781 ὁ
800 753 876 786 Υῑδς,

88 806 298 834 ἀντιδιαστέλλει
314 807 347 840 τῇ
362 805 460 836 κτίσει,
475 803 521 829 καί
538 811 619 838 φησιν
632 809 639 816 ·
658 811 667 827 ι
693 799 763 835 Ἐγὼ
778 800 810 826 ἐκ
822 798 876 826 τῶν

930 232 1043 266 aequalis
1057 232 1160 259 interea
1175 233 1198 259 ei
1213 232 1276 266 fuit,
1298 233 1433 261 instauret
1450 234 1532 261 etiam
1549 234 1667 262 Joannes
1686 236 1712 262 in

930 277 1009 305 nobis
1025 278 1140 313 gratiam
1158 277 1285 313 Spiritus,
1308 279 1443 314 ducatque
1457 280 1540 306 etiam
1569 280 1627 314 ipse
1651 288 1713 312 nos,

931 328 960 350 ut
976 322 1040 350 fecit
1055 323 1192 357 Christus;
1205 325 1309 352 dicatur
1324 325 1443 360 et,ipsitts
1459 332 1520 353 esse
1535 324 1655 360 Spiritus
1666 325 1712 353 Dei

931 376 962 395 ac
977 369 1065 397 Patris
1082 379 1089 397 :
1108 370 1206 397 clamet
1231 371 1312 398 etiam
1340 371 1398 405 ipse
1413 374 1446 399 de
1461 371 1564 407 Spiritu
1587 380 1594 401 :
1619 381 1629 398 ι
1646 371 1712 405 Quia

929 413 963 441 de
977 421 1037 442 meo
1053 415 1177 449 accipiet.
1196 425 1206 442 ι
1216 415 1351 444 Caeterum
1365 417 1416 444 hoc
1424 417 1464 444 vel
1479 416 1535 444 sola
1549 417 1714 451 cogitatione

929 459 1041 494 itnpintn
1059 464 1111 487 cst.
1124 460 1182 488 Non
1197 466 1238 488 est
1254 462 1337 497 igitur
1360 462 1472 496 mqualis
1487 462 1608 495 Christo,
1626 469 1714 497 neque

930 505 956 531 in
970 503 1061 532 futuro
1075 505 1175 533 sacculo
1194 507 1300 534 desinet
1317 514 1378 534 esse
1401 506 1498 540 major,
1520 514 1582 534 cum
1609 514 1715 542 semper

929 550 1018 578 minor
1033 550 1125 584 fuerit,
1139 555 1268 586 tantoque
1282 552 1405 585 inferior,
1418 557 1447 580 ut
1460 553 1540 581 homo
1557 552 1623 582 Deo.

1258 689 1371 717 ALlUD.

962 747 1048 775 Filius
1065 747 1150 775 Deum
1171 754 1200 774 se
1227 747 1387 774 naturaliter
1407 754 1467 774 esse
1487 748 1644 781 ostendens,
1666 755 1714 782 op-

927 794 1001 828 ponit
1012 801 1042 821 se
1054 798 1185 820 creatura:
1200 793 1292 820 dicens
1307 792 1390 827 :tEgo
1399 799 1432 820 ex
1447 793 1572 828 supernis
1584 801 1654 826 sum,
1666 801 1714 821 vos

87 853 143 880 ἄνω
157 851 228 887 εἰμὶ,
243 851 323 886 ὑμεῖς
335 839 368 876 εκ
381 849 434 876 τῶν
449 848 523 875 κάτω
537 847 608 874 ἐστέ.
627 856 637 872 ι
657 845 761 873 Οὐκοῦν
774 845 876 879 λεγέτω

934 847 959 868 ει
972 840 1085 868 infernis
1099 840 1164 867 estis
1177 839 1210 866 ".
1228 848 1237 864 ι
1253 839 1418 874 Dicatigitur
1427 841 1508 866 etiam
1527 840 1578 867 hoc
1594 839 1710 868 loannes

87 898 166 925 τοῦτο
179 897 227 924 καὶ
240 897 254 923 ὁ
269 895 403 931 μακάριος
416 893 579 928 Βαπτιστὴς,
596 892 634 923 ὡς
647 890 723 917 οὖτιω
735 890 765 917 τὸ
776 891 804 916 ὲν
817 889 875 924 μεί-

88 944 163 976 ζοσιν
176 940 246 969 εἶναι
260 939 431 977 παραχωρῶν
441 939 480 974 τῷ
490 937 609 973 Χριστῷ,
623 937 701 972 εἴπερ
712 936 786 962 ἔσται
797 935 875 962 τοῦτό

88 996 165 1019 ποτε,
188 986 261 1014 κατὰ
277 987 326 1021 τήν
341 993 422 1011 τινων
437 983 575 1010 ὑπόνοιαν.
604 981 685 1009 Ἀλλὰ
704 980 757 1016 μὴν
768 981 801 1007 ἐκ
821 980 872 1015 τῆς

88 1035 139 1069 γῆς
156 1031 228 1060 εἷναί
242 1041 324 1068 φησιν
340 1031 446 1064 ἑαυτὸν,
463 1029 510 1057 καὶ
522 1029 552 1056 τὸ
568 1029 666 1056 οἰκεῖον
685 1029 736 1055 οὐκ
758 1027 875 1062 ἠγνόησε

91 1081 198 1116 μέτρον.
217 1079 326 1112 Μείζων
349 1079 405 1114 ἄρα
431 1078 557 1114 Χριστὸς,
578 1078 629 1104 οὐκ
650 1076 777 1111 ἐσόμενος
798 1074 876 1101 τοῦτο

91 1126 164 1159 ποτὲ,
187 1125 244 1152 ἀλλ’
262 1125 332 1161 ἔχων
356 1125 400 1151 ἀεὶ
424 1124 454 1151 τὸ
480 1124 560 1150 πλέον
585 1123 622 1154 ὼς
646 1122 711 1154 Θεὸς
733 1123 766 1148 ὲκ
789 1120 875 1148 Θεοῦ·

91 1170 166 1197 τοῦτο
182 1171 235 1206 γὰρ
252 1170 381 1205 σημαίνει
395 1169 435 1202 τὸ,
456 1177 465 1195 ι
488 1169 534 1195 Ἐκ
555 1168 608 1195 τῶν
624 1168 679 1195 ἄνω
693 1166 760 1201 εἰμί.
785 1175 795 1192 ι

433 1223 534 1251 ΑΛΛΟ.

129 1281 157 1308 ’0
187 1280 323 1316 μακάριος
353 1279 549 1315 εὐαγγελιστὴς
586 1279 713 1313 Ἰωάννης
739 1278 768 1305 τὸ
797 1278 876 1313 φύσει

94 1327 189 1363 προσὸν
207 1327 319 1361 ἀξίωμα
341 1325 381 1360 τῷ
401 1325 458 1360 Υίῴ
477 1325 661 1360 διερμηνεὺων
679 1323 809 1359 ἀκριϐῶς,
830 1324 877 1350 καὶ

92 1373 121 1399 τὸ
144 1372 268 1399 Ἰωάννου
286 1372 387 1408 μέτρον
403 1372 440 1404 ὡς
459 1372 563 1398 οἰκέτου
578 1371 691 1406 γνησίου
705 1370 875 1406 παρατιθεὶς,

91 1417 158 1444 οὕτω
177 1418 279 1452 φησί-θ’
313 1426 323 1442 ι
360 1416 482 1451 Ἐγένετο
508 1416 649 1451 ἄνθρωπος
674 1415 878 1451 ἀπεσταλμένος

91 1463 163 1500 παρὰ
181 1463 262 1498 Θεοῦ,
281 1463 368 1498 δνομα
385 1462 458 1499 αὐτῷ
484 1462 625 1498 Ἰωάννης·
647 1458 723 1494 οὗτος
740 1459 821 1497 ἦλθεν
839 1461 877 1492 εἰς

91 1510 253 1546 μαρτυρίαν,
273 1510 316 1536 ἵνα
338 1510 499 1545 μαρτυρήσῃ
515 1509 579 1544 περὶ
597 1508 645 1535 τοῦ
660 1508 757 1542 φωτός.
777 1507 832 1535 Ἦν
847 1506 878 1533 τὸ

90 1556 146 1590 φῶς
164 1555 195 1582 τὸ
216 1555 356 1591 ἀληθινὸν,
375 1555 389 1581 ὃ
406 1554 515 1589 φωτίζει
536 1555 624 1582 πάντα
640 1553 781 1589 ἄνθρωπον
799 1553 877 1587 ὲρχόο

90 1611 169 1638 μενον
182 1603 224 1634 είς
242 1602 289 1629 τὸν
310 1602 421 1637 κόσμον.
446 1611 455 1628 ι
474 1602 524 1628 Ποῖ
538 1610 602 1627 ποτε
617 1598 663 1627 οὖν
680 1600 734 1636 ἄρα
747 1599 879 1635 προκόψει

89 1647 206 1682 Χριστος
228 1648 286 1678 τοῖς
313 1646 435 1673 Ἰωάννου
453 1646 663 1682 συγκρινόμενος
690 1645 816 1680 μέτροις;
843 1644 880 1670 Ἦ

89 1692 145 1724 πῶς
159 1693 190 1719 οὗ
207 1692 302 1727 μεῖζον
321 1692 366 1719 ἀεὶ
380 1691 410 1718 ab
428 1691 555 1727 φωτίζειν
573 1691 642 1723 είδὸς
658 1691 705 1717 καὶ
721 1690 878 1725 δυνάμενον,

88 1738 134 1765 τοῦ
153 1738 284 1773 δεομένου
302 1738 477 1773 φωτίζεσθαι,
495 1738 542 1765 καὶ
558 1738 606 1772 τῆς
622 1737 675 1763 ἀπὸ
691 1736 738 1763 τοῦ
753 1736 879 1772 λαμπρύ-

88 1793 178 1816 νοντος
200 1783 351 1819 χρῄζοντος
372 1784 520 1819 χορηγίας;
540 1783 603 1815 Πῶς
617 1783 644 1810 δὲ
666 1782 727 1817 οὐχὶ
742 1782 851 1813 πάντως
866 1783 880 1809 ὁ

90 1830 157 1864 πρὸς
174 1830 260 1864 μάνην
282 1828 437 1865 μαρτυρίαν
456 1828 642 1864 παραληφθεὶς
657 1828 704 1854 καὶ
719 1827 798 1854 τοῦτο
811 1827 880 1863 ἔχων

89 1875 211 1910 ἀξίωμα,
227 1875 426 1910 παραχωρήσει
445 1875 474 1901 τὸ
494 1874 585 1910 μεῖζον
601 1874 643 1901 ἀεὶ
661 1873 699 1909 τῷ
714 1874 747 1901 δι’
762 1874 791 1900 ὃν
808 1874 880 1900 ἐστιν

90 1919 231 1956 ἐξαίρετος
241 1929 249 1953 ;

439 2020 540 2047 ΔΛΛΟ.

133 2076 347 2112 Ἀναλεγὸμενὸς
363 2084 428 2103 ποτε
439 2076 494 2107 τοῖς
513 2074 647 2106 Ἰουδαίοις
668 2074 767 2110 ἔφησεν
785 2076 799 2102 ὁ
815 2076 881 2111 Χρι-

91 2123 154 2155 στός
165 2131 171 2136 ·
192 2132 201 2148 ι
227 2123 322 2157 Ὑμεῖς
334 2121 522 2148 ἀπεστάλκατε
530 2119 601 2155 πρὸς
623 2120 758 2154 Ἰωάννην,
777 2119 823 2146 καὶ
835 2128 882 2154 με-

94 2169 257 2205 μαρτύρηκε
273 2168 306 2203 τῇ
323 2166 447 2202 ἀληθείᾳ.
474 2165 544 2200 Ἐγὼ
556 2165 584 2191 δὲ
603 2165 633 2191 οὐ
651 2165 725 2200 παρὰ
738 2164 881 2200 ἀνθρώπου

93 2216 143 2251 τὴν
155 2213 308 2250 μαρτυρίαν
324 2211 466 2247 λαμϐάνω.
488 2220 498 2237 ι
521 2210 590 2237 Ἀλλ’
605 2210 682 2246 εἴπερ
699 2211 757 2237 ἐστὶ
772 2211 819 2237 καὶ
832 2211 882 2246 τῆς

101 2261 226 2288 Ἰωάννου
259 2257 412 2294 μαρτυρίας
436 2256 566 2292 κρείττων
591 2257 605 2282 ὁ
629 2255 734 2291 Σωτὴρ,
755 2256 805 2282 οὑκ
828 2255 881 2290 ἄρα

94 2306 163 2338 ἴσος,
177 2304 246 2332 ἀλλὰ
259 2304 358 2340 μείζων
367 2303 412 2330 ἀεὶ
426 2303 470 2330 καὶ
480 2301 698 2337 ἀξιολογώτερος.
715 2302 745 2327 ὐ
758 2301 785 2328 δὲ
796 2301 882 2333 οὕτως

94 2351 165 2386 ἔχων
184 2351 231 2376 ποῖ
249 2358 312 2376 ποτε
340 2350 394 2384 ἄρα
419 2347 594 2383 προϐήσεται,
611 2346 628 2382 ἦ
646 2346 717 2382 πρὸς
742 2347 817 2373 ποῖον
839 2346 881 2372 ἔτι

97 2396 187 2432 μεῖζον
201 2395 368 2430 ἀναϐήσεται
381 2402 388 2426 ;

439 2448 540 2475 ΑΛΛΟ.

137 2506 166 2534 ⁸0
192 2507 325 2543 μακάριος
350 2503 487 2539 Ζαχαρίας
509 2503 523 2529 ὁ
543 2501 590 2528 τοῦ
614 2502 692 2536 ἁγίου
714 2501 881 2535 Βαπτιστοῦ,

100 2554 166 2581 κατὰ
182 2554 270 2589 σάρκα
296 2551 401 2586 πατὴρ,
417 2550 460 2576 ora
482 2549 531 2584 τὴν
551 2548 621 2583 ὑπὲρ
642 2547 724 2575 αὐτοῦ
745 2547 882 2582 προσῆγεν

102 2599 269 2636 εὐχαριστίαν
296 2597 358 2629 ταῖς
390 2598 422 2622 ὲκ
457 2593 623 2631 προφητείας
657 2592 883 2628 ἀναμεμιγμένην

103 2648 207 2681 ᾳωναῖς,
223 2644 433 2679 ἀπεφθέγγετο·
449 2651 457 2667 ι
475 2641 531 2667 Καὶ
552 2640 594 2672 σὺ,
611 2639 726 2670 παιδίον,
742 2639 884 2674 προφήτης

104 2692 203 2727 gata-mu
224 2690 372 2725 κληθήσῃ·
397 2686 572 2723 προπορεύσῃ
592 2685 646 2720 γὰρ
670 2685 722 2720 πρὸ
738 2684 883 2720 προσώπου

103 2737 194 2773 Κυρίου
217 2735 369 2772 ἑτοιμάσαι
392 2732 465 2767 αὺτῷ
488 2732 551 2758 λαὸν
581 2729 842 2764 κατεσκευασμένον.
872 2737 881 2754 ι

927 887 1056 922 Baptista,
1070 890 1100 913 ut
1111 885 1157 920 qui
1171 885 1290 913 nondum
1302 884 1497 919 tnajoritatem,
1512 889 1541 912 ut
1558 885 1597 912 ita
1612 884 1712 919 dicam,

925 932 981 960 sive
997 932 1183 960 excellentiam
1201 938 1276 959 suam
1291 930 1398 958 Christo
1412 930 1526 958 cesserit
1542 951 1550 963 ,
1580 937 1708 958 cessurus

911 971 984 1006 ‘eam
1001 979 1026 1005 in
1043 977 1134 1005 futuro
1151 977 1264 1009 saeculo,
1277 981 1306 1003 ut
1322 976 1445 1004 nonnulli
1461 976 1617 1010 opinantur.
1633 975 1715 1010 Atqui

927 1025 984 1060 ipse
996 1032 1025 1052 se
1041 1029 1178 1052 terrenum
1199 1030 1261 1051 esse
1276 1023 1324 1055 ait,
1340 1029 1428 1057 neque
1441 1030 1518 1049 suam
1531 1021 1715 1049 conditionem

926 1070 1042 1106 ignorat.
1061 1070 1146 1106 Major
1159 1071 1250 1105 itaque
1262 1073 1303 1096 est
1319 1069 1454 1101 Christus,
1468 1076 1521 1095 non
1541 1067 1567 1095 id
1582 1067 1711 1103 aliquan—

927 1117 961 1144 do
977 1116 1096 1149 futurus,
1112 1116 1159 1143 sed
1177 1123 1284 1150 semper
1300 1115 1435 1150 superior,
1453 1119 1483 1141 ut
1497 1114 1569 1142 Deus
1584 1121 1619 1141 cx
1635 1114 1712 1142 Deo:

928 1163 980 1191 hoc
992 1163 1065 1191 enim
1082 1161 1221 1197 signiﬁcat
1235 1161 1312 1195 illud,
1331 1162 1339 1186 ί
1358 1160 1413 1196 Ego
1428 1167 1461 1188 ex
1474 1160 1600 1195 supernis
1612 1167 1683 1188 sum.
1701 1168 1712 1186 ι

1264 1216 1379 1245 ALIUD.

963 1277 1062 1305 Beatus
1102 1275 1268 1311 evangelista
1310 1275 1429 1304 Joannes
1466 1275 1625 1309 dignitatem
1655 1281 1717 1308 qua:

928 1323 996 1350 Filio
1013 1322 1173 1349 naturaliter
1187 1321 1266 1354 inest,
1293 1325 1388 1356 aperte
1405 1319 1554 1354 explicans,
1581 1319 1661 1353 ιοο
1687 1323 1715 1345 et

931 1369 1045 1397 Joannis
1059 1367 1241 1396 conditionem
1254 1371 1284 1395 ut
1297 1367 1370 1394 servi
1383 1366 1469 1393 ﬁdelis
1488 1365 1657 1398 describens,
1678 1365 1715 1392 ita

928 1415 985 1442 ait:
1007 1423 1016 1440 ι
1034 1413 1100 1440 Erat
1124 1413 1204 1440 homo
1226 1413 1325 1440 missus
1346 1419 1362 1439 a
1379 1412 1444 1444 Deo,
1468 1410 1512 1438 cui
1537 1417 1635 1438 nomen
1659 1415 1718 1438 erat

928 1458 1049 1486 Joannes
1067 1457 1135 1486 :ltic
1150 1458 1223 1484 venit
1249 1457 1278 1483 in
1308 1456 1492 1483 testimonium
1506 1476 1514 1489 ,
1541 1459 1570 1482 ut
1597 1455 1718 1482 testimo-

930 1503 1002 1532 nium
1017 1503 1171 1539 perhiberet
1184 1502 1218 1530 de
1232 1500 1344 1532 lumine,
1358 1503 1387 1526 ut
1399 1506 1495 1527 omnes
1506 1498 1651 1526 crederent
1666 1504 1714 1532 per

930 1550 1028 1585 ipsum.
1051 1549 1116 1576 Erat
1128 1549 1174 1576 lux
1187 1555 1252 1575 vera
1267 1554 1326 1582 quae
1341 1545 1476 1573 illuminat
1496 1551 1605 1572 omnem
1628 1543 1717 1571 homi-

930 1604 990 1624 nem
1010 1596 1161 1623 venientem
1182 1594 1209 1621 in
1233 1594 1303 1620 hunc
1327 1592 1458 1620 mundum
1483 1591 1517 1618 '°.
1539 1600 1549 1616 ι
1565 1589 1624 1623 Quo
1639 1594 1719 1625 pacto

931 1641 1012 1675 igitur
1028 1640 1234 1676 promovebitut‘
1258 1637 1383 1666 Christus
1400 1635 1498 1663 Joanni
1520 1639 1694 1671 comparatus
1709 1634 1720 1660 ?

929 1687 983 1714 Aut
999 1687 1133 1721 quomodo
1162 1693 1217 1713 non
1245 1691 1352 1718 semper
1381 1682 1470 1717 major
1490 1681 1719 1716 przestantiorque

930 1735 985 1763 erit
1004 1734 1050 1769 qui
1074 1733 1226 1761 illuminare
1247 1732 1322 1759 novit
1343 1735 1372 1758 et
1393 1734 1483 1765 potest
1504 1735 1536 1756 eo
1557 1728 1603 1762 qui
1620 1727 1719 1754 illumi-

932 1781 1043 1809 natione
1058 1779 1183 1815 indiget?
1197 1778 1336 1812 Quomodo
1359 1784 1423 1804 vero
1440 1783 1492 1803 non
1511 1775 1620 1803 omnino
1634 1774 1657 1801 is
1671 1773 1717 1808 qui

931 1826 1019 1854 solum
1037 1826 1070 1853 ad
1099 1823 1290 1852 testimonium
1315 1821 1512 1857 perhibendum
1531 1824 1652 1854 sumptus
1667 1824 1719 1848 est.

931 1879 1019 1907 eaque
1046 1871 1103 1899 sola
1127 1870 1259 1906 dignitate
1289 1876 1321 1896 ac
1342 1874 1455 1895 munere
1478 1866 1614 1901 fungitur,
1642 1864 1722 1893 cedat

930 1926 1009 1946 suam
1037 1917 1225 1945 excellentiam
1255 1916 1313 1942 sive
1345 1913 1526 1949 majoritatem
1553 1912 1588 1939 illi
1611 1915 1722 1946 propter

932 1971 1012 1999 quem
1034 1963 1138 1990 electus
1153 1962 1214 1989 est?

1267 2014 1384 2043 ALIUD.

967 2073 1092 2102 Christus
1104 2079 1164 2100 cum
1194 2070 1295 2098 Judaeis
1320 2070 1476 2100 disserens,
1502 2067 1538 2094 ita
1565 2065 1665 2093 alicubi
1683 2065 1719 2092 in-

931 2120 1009 2155 quit:
1024 2128 1035 2144 ‹
1053 2117 1108 2145 Vos
1134 2117 1246 2144 misistis
1263 2115 1295 2143 ad
1320 2114 1462 2146 Joannem,
1487 2116 1513 2140 et
1533 2112 1577 2139 ille
1598 2111 1720 2138 testimo-

934 2168 1006 2194 nium
1023 2163 1161 2200 perhibuit
1179 2162 1298 2189 veritati.
1313 2161 1369 2195 Ego
1381 2164 1472 2186 autetn
1490 2166 1542 2185 non
1560 2158 1594 2185 ab
1609 2157 1718 2185 homine

897 2199 919 2227 θ
935 2199 1121 2239 testimonium
1135 2208 1239 2242 accipio
1251 2207 1284 2234 “.
1297 2216 1306 2233 ι
1319 2206 1399 2241 Atqui
1411 2213 1433 2233 ει
1445 2203 1598 2232 testimonio
1608 2202 1720 2231 Joannis

934 2255 1058 2291 superior
1072 2260 1114 2281 est
1127 2254 1268 2284 Servatur,
1284 2259 1335 2279 non
1348 2251 1432 2285 igitur
1443 2248 1566 2284 aequalis,
1577 2248 1624 2276 sed
1633 2247 1721 2282 major

932 2309 1040 2336 semper
1050 2305 1078 2328 et
1089 2300 1205 2333 dignior.
1221 2298 1270 2331 Qui
1287 2304 1351 2324 vero
1368 2296 1404 2323 ita
1425 2303 1454 2322 se
1467 2294 1557 2326 habet,
1573 2300 1628 2328 quo
1640 2298 1720 2327 pacto

932 2346 1147 2383 promovebitur,
1159 2348 1205 2371 aut
1219 2344 1252 2370 ad
1266 2342 1347 2378 quale
1365 2341 1452 2376 majus
1466 2339 1617 2368 evchetnr‘l

1275 2437 1389 2465 ALllJD.

970 2501 1069 2528 Beatus
1094 2496 1261 2528 Zacharias,
1290 2494 1376 2522 sancti
1411 2492 1538 2527 Baptista:
1568 2489 1714 2517 secundum

937 2553 1045 2574 carnem
1064 2548 1150 2579 pater,
1165 2548 1226 2569 cum
1239 2541 1386 2575 gratiarum
1410 2538 1542 2565 actionem
1556 2542 1604 2570 pro
1626 2542 1658 2562 eo
1680 2533 1720 2560 of-

939 2592 1036 2622 ferret,
1065 2587 1195 2624 ejusmodi
1211 2592 1303 2614 vocem
1321 2583 1478 2619 prophetico
1493 2581 1588 2616 spiritu
1614 2580 1719 2615 plenam

937 2638 1021 2666 edidit
1038 2645 1045 2664 :
1064 2645 1074 2662 ‹
1090 2636 1122 2663 Ει
1137 2639 1175 2666 tu,
1187 2640 1263 2668 puer,
1277 2630 1407 2666 propheta
1414 2627 1546 2655 Altissitni
1560 2625 1699 2654 vocaberis
1713 2633 1718 2650 :

938 2682 1046 2718 przcibis
1061 2682 1132 2708 enim
1152 2683 1215 2706 ante
1232 2677 1328 2704 faciem
1355 2673 1460 2701 Domini
1479 2673 1512 2699 ad
1531 2672 1679 2706 parandum
1697 2669 1720 2696 ei

937 2715 1065 2763 populum
1082 2727 1242 2753 instructum
1254 2724 1288 2750 ".
1305 2732 1314 2748 ι
1337 2721 1396 2756 ipse
1419 2719 1500 2747 etiam
1523 2725 1537 2745 a
1559 2716 1657 2745 Judmis
1679 2715 1717 2742 in-

131 2841 147 2857 ”
159 2839 235 2869 loan.
251 2845 318 2871 vni,
329 2836 380 2863 ‘25.
419 2835 441 2851 '°
453 2834 530 2862 Joan.
552 2842 572 2866 t,
586 2833 650 2861 6-9.
687 2833 709 2849 “
725 2832 801 2860 Joan.
816 2838 841 2864 v,
854 2831 898 2861 55,
912 2830 955 2857 54.
994 2829 1016 2845 "
1034 2828 1099 2856 Luc.
1116 2835 1135 2861 ι,
1150 2826 1192 2853 76.

1661 130 1713 157 166
1760 169 1765 173 1
