1904 3026
210 115 258 143 167

722 111 751 138 S.
771 108 909 138 CYRILLI
929 107 1165 134 ALEXANDRINI
1184 106 1345 135 ARCIIIEP.

1790 105 1846 133 N38

206 173 360 204 terrogatus
373 169 498 204 quisnam
513 173 604 197 esset:
629 179 637 195 ι
663 170 730 205 Ego.
747 170 844 204 inquit,
861 176 919 196 sum
941 175 991 195 vox

1049 168 1098 194 Καὶ
1115 167 1196 199 αὐτὸς
1213 167 1241 194 δέ
1262 176 1314 195 που
1328 166 1403 202 παρὰ
1417 165 1471 193 τῶν
1492 166 1625 194 Ἰουδαίων
1641 165 1672 192 τὸ
1688 166 1730 199 τίς
1744 166 1780 194 ἂν
1795 167 1845 201 εἴη

204 215 347 251 clamantis
360 215 387 242 in
399 215 508 243 deserto
522 225 530 244 :
549 216 704 251 Prmparate
718 215 788 242 viam
804 213 914 242 Domini
931 213 966 240 “.
983 223 992 239 ι

207 261 292 288 Dicite
308 260 390 295 igitur
405 260 483 288 nobis
498 261 543 295 qui
556 261 680 295 imperite
695 260 836 287 Christum
851 259 996 294 aliquando

207 306 421 340 promovendum
459 307 630 341 opinamini,
664 310 692 333 et
713 305 836 333 Joannis
868 305 994 332 virtutem

205 353 314 379 vixdum
329 353 355 379 in
376 351 469 379 futuro
481 353 580 380 saeculo
596 357 797 387 superaturum,
813 353 921 386 quando
933 359 995 386 pro-

205 399 285 431 pheta
299 398 429 425 Altissimi
446 406 498 425 non
515 398 614 425 merito
629 398 718 425 minor
732 398 838 426 censeri
853 398 996 426 debuerit?

205 444 319 477 Quando
346 451 411 470 vero
435 451 523 478 praeco
554 448 581 471 et
606 452 779 478 praecursor,
799 444 902 478 quique
922 443 994 471 servi

205 490 292 516 ollieio
307 490 436 523 fungitur,
458 488 570 523 aequalis
581 489 717 516 habeatur
734 490 758 517 ei
770 490 817 524 qui
832 489 994 516 naturaliter

208 536 335 562 Dominus
364 534 422 568 est?
448 534 534 568 Quam
556 535 663 569 quidem
693 543 749 562 rem
776 535 905 562 omnibus
928 535 995 562 satis

207 581 341 615 cognitam
356 587 416 607 esse
436 580 566 607 arbitror.
580 580 720 613 Quomodo
732 581 815 614 igitur
827 581 872 616 qui
888 587 995 614 semper

207 626 292 660 major
309 625 371 658 fuit,
393 630 542 659 temporum
561 626 716 653 evolutione
735 626 794 653 talis
808 626 862 660 fiet,
883 626 904 653 si
918 625 995 654 Chri—

206 677 264 698 stus
292 675 420 705 tanquam
450 671 556 698 futurus
576 671 664 705 major
688 670 791 699 Joanne
814 673 933 706 Baptista
959 673 994 700 ita

207 718 243 744 ait
271 725 278 743 :
308 726 317 742 ι
343 716 429 744 Minor
460 717 486 744 in
528 724 612 751 regno
642 717 771 745 cwlorum
813 719 900 754 major
937 718 995 753 ipso

206 761 258 788 crit
276 761 318 787 ⁸⁸⁸2
338 771 347 787 ›

1046 212 1265 248 διερωτώμενος·
1284 221 1294 238 ι
1319 211 1390 245 Ἐγὼ
1403 212 1477 247 φωνὴ
1495 211 1610 247 βοῶντος
1630 212 1658 238 ὲν
1673 213 1705 247 τῇ
1728 212 1844 247 ἐρήμῳ.

1046 258 1144 294 φησιν’
1177 258 1353 293 Ἑτοιμάσατε
1368 258 1418 292 τὴν
1434 257 1492 284 ὁδὸν
1506 257 1618 292 Κυρίου.
1636 266 1646 282 ›
1664 257 1766 291 Λέγετε
1783 256 1846 283 τοί-

1046 313 1093 331 νυν
1112 305 1178 340 ήμῖν
1192 305 1216 330 οί
1235 304 1438 339 προϐεϐλῆσθαι
1455 312 1520 330 ποτε
1538 303 1582 329 τὸν
1602 304 1720 338 Χριστὸν
1735 303 1784 329 ἐπὶ
1806 302 1845 328 τὸ

1048 350 1139 385 μεῖζον
1162 349 1274 385 ἀμαθῶς
1290 349 1499 381 ὑποπτεύοντες,
1524 349 1571 375 καὶ
1592 349 1623 374 τὸ
1645 348 1767 375 Ἰωάννου
1787 348 1844 383 μὲ-

1045 404 1110 431 τρον
1126 396 1319 431 ὑπεραλεῑσθαι
1336 396 1413 431 μόλις
1429 397 1458 422 ὲν
1478 397 1509 431 τῇ
1534 395 1656 431 βασιλείᾳ
1676 394 1731 421 τῶν
1749 395 1843 429 οὐρα-

1045 442 1108 473 νῶν,
1133 441 1197 468 πότε
1213 442 1260 468 τοῦ
1286 442 1414 476 Ὑψίστου
1439 442 1581 477 προφήτης
1599 442 1648 468 οὐκ
1668 441 1700 468 ἂν
1717 441 1843 468 ἐλάττων

1045 489 1132 514 νοοῖτο
1143 488 1255 519 δικαίως
1267 497 1274 520 ;
1292 488 1359 515 Πότε
1371 488 1399 514 δὲ
1423 489 1437 514 ὁ
1449 487 1536 524 κήρυξ
1550 488 1597 515 καὶ
1610 487 1763 522 πρόδρομος
1787 486 1843 513 καὶ

1044 532 1094 567 τὴν
1107 532 1200 568 οἰκέτῃ
1220 533 1379 568 πρέπουσαν
1397 533 1532 560 διακονίαν
1554 532 1730 568 ἀποπληρῶν,
1747 532 1789 563 είς
1805 531 1842 557 τὸ

1047 579 1102 605 ἴσον
1119 578 1256 606 ἀναϐαίνει
1273 580 1369 615 μέτρον
1385 579 1422 614 τῷ
1439 579 1508 606 κατὰ
1522 578 1602 612 φύσιν
1618 578 1729 614 Κυρίῳ;
1751 577 1840 607 ’Δλλ¹,

1044 622 1132 660 οἶμαι,
1156 625 1239 651 πᾶσίν
1260 626 1333 651 ἐστιν
1348 626 1361 652 ὁ
1383 625 1461 659 Λόγος
1483 625 1655 656 εὐσύνοπτος.
1678 624 1740 655 Πῶς
1758 621 1808 650 οὖν
1826 623 1842 648 ὁ

1047 671 1148 706 μείζων
1161 671 1214 704 ἀεὶ,
1229 671 1307 697 τοῦτο
1318 670 1393 697 ἔσται
1411 670 1480 697 κατὰ
1492 671 1614 706 καιροὺε,
1625 670 1704 705 εἴπερ
1720 669 1758 701 ὼς
1773 669 1840 695 ἐσό-

1046 725 1127 753 μενος
1144 715 1244 752 μείζων
1273 717 1394 743 Ἰωάννου
1417 717 1543 752 Χριστὸς,
1566 726 1576 742 ‹
1608 717 1637 742 Ὀ
1660 716 1839 752 μικρότερος.

1045 764 1136 798 φησὶν,
1160 764 1189 790 ἐν
1210 764 1242 798 τῇ
1264 763 1386 798 βασιλείᾳ
1407 762 1461 790 τῶν
1478 763 1610 799 οὐρανῶν,
1628 761 1727 798 μείζων
1750 761 1839 789 αὐτοῦ

1046 811 1120 837 ἐστιν
1132 818 1140 843 ;
1161 819 1170 835 ι

207 861 257 890 Pia
279 862 653 906 totius'eapilis“explicatio,
680 871 785 906 ,ςςιιειιηι
809 863 861 890 sive
885 870 991 897 scopum

1050 866 1352 906 Ἐξῄγῃσιςεὺσεὸῖὶις
1372 865 1514 906 Moeret}
1531 865 1706 905 xegajalov,
1726 864 1781 904 τρν
1799 863 1840 890 ἐν

383 897 457 924 illius
473 897 537 923 dicti
553 902 677 924 accurate
689 898 836 925 declaratis.

241 953 309 980 Cum
333 953 389 986 jam
416 953 483 980 satis
511 960 559 986 pro
586 960 645 979 meo
669 953 826 985 intellectu,
849 954 993 988 proposita:

207 997 367 1033 qumstionis
378 997 511 1025 rationem
522 998 752 1032 invcsligaverim,
769 998 845 1032 101
861 999 994 1033 singulas-

206 1051 258 1077 que
274 1042 332 1078 ejus
351 1047 442 1077 parles
452 1047 582 1069 accurate
606 1043 796 1076 pertractarim
812 1063 819 1075 ,
843 1048 869 1070 et
894 1045 994 1071 advel"-

205 1088 340 1116 sariorum
363 1087 505 1122 opiniones
529 1092 558 1114 ut
579 1088 661 1114 falsas
681 1087 821 1115 refutarim
835 1108 842 1120 ,
870 1093 994 1123 superest

207 1139 236 1160 ut
269 1141 363 1169 verum
394 1132 474 1167 hujus
503 1133 567 1160 dicti
591 1141 699 1161 sensum
725 1133 866 1168 explicem.
902 1134 993 1169 Neque

205 1181 279 1208 enim
297 1180 415 1207 arbitror
431 1179 554 1207 sullicere
567 1200 574 1211 .
599 1184 629 1206 ut
644 1186 691 1207 eos
707 1180 751 1214 qui
777 1180 847 1207 male
872 1181 994 1208 sentiunt

207 1228 369 1262 (statuentes
397 1226 524 1253 nimirum
555 1225 692 1252 Christum
723 1226 837 1260 quodam
871 1230 994 1262 tempore

207 1271 338 1306 majorem
353 1266 457 1298 Jo'anne
475 1270 619 1304 futurum),
634 1271 864 1305 reprehendamus
875 1291 883 1304 ,
899 1278 991 1299 verum

206 1315 288 1342 etiam
301 1315 483 1342 necessarium
501 1321 561 1341 esso
590 1320 629 1348 ut,
647 1315 728 1342 allata
744 1316 770 1342 in
793 1316 910 1342 medium
928 1323 992 1343 vera

206 1361 350 1394 sententia,
365 1360 531 1395 intelligatur
556 1367 608 1388 non
632 1365 733 1388 temere
750 1369 798 1388 nos
821 1362 855 1388 ad
877 1369 923 1390 eos
951 1370 993 1390 re-

206 1406 411 1441 prehendendos
440 1405 599 1433 accessisse.
637 1406 693 1440 Age
717 1406 797 1440 igitur
822 1411 902 1433 totam
935 1415 992 1434 rem

205 1452 293 1479 denuo
308 1451 463 1484 recitemus,
490 1456 625 1478 eteorum
656 1458 717 1485 quae
747 1458 760 1477 a
785 1451 893 1479 Christo
921 1452 992 1479 dicta

205 1503 267 1526 sunt
278 1505 388 1525 causam
399 1497 519 1524 breviter
535 1500 707 1524 recensentes
722 1516 729 1529 ,
754 1496 899 1524 doceamus
916 1497 992 1524 audi-

1079 899 1292 936 τῷὈεωρήματι
1307 901 1426 928 σκεπὸν
1437 899 1660 936 ,ἀπογυμνοῦσα
1675 899 1796 935 γυργῶς.

1087 959 1288 994 Ἐξαρκούντως
1302 959 1352 994 ἤδη
1366 958 1437 985 κατά
1451 966 1483 992 γε
1500 958 1544 984 τὸν
1563 957 1694 993 ἡμέτερον
1705 957 1769 983 νοῦν
1787 957 1839 982 τὸν

1044 1004 1072 1030 ἐν
1088 1005 1142 1035 τοῖς
1155 1003 1318 1038 προλαϐοῦσι
1333 1004 1526 1039 βασανίσαντες
1536 1003 1624 1037 λόγον,
1638 1003 1684 1030 καὶ
1699 1002 1754 1029 τῶν
1767 1002 1839 1028 θεω-

1046 1050 1174 1085 ρημάτων
1191 1050 1304 1076 ἕκαστον
1320 1050 1390 1085 μετὰ
1407 1050 1456 1084 τῆς
1476 1050 1588 1084 δεούσης
1604 1049 1745 1085 ἀκριϐείας
1765 1048 1838 1074 διευ-

1044 1097 1238 1132 κρινησάμενοι
1269 1096 1314 1123 τόν
1330 1104 1357 1122 τε
1378 1095 1432 1122 τῶν
1446 1095 1479 1121 δι’
1501 1095 1623 1126 ἐναντίας
1647 1094 1684 1126 ῶς
1705 1095 1755 1120 οὐκ
1777 1093 1837 1128 ἔχοι

1044 1141 1133 1173 καλῶς
1145 1140 1332 1175 διελέγξαντες
1349 1141 1459 1171 σκοπὸν,
1475 1141 1517 1166 ἐπ’
1528 1140 1598 1166 αὑτὰ
1614 1139 1646 1175 δὴ
1659 1139 1752 1166 λοιπὸν
1765 1138 1837 1165 ἰέναι

1045 1188 1193 1223 προσήκειν
1215 1187 1396 1223 ἐνενοήσαμεν
1416 1186 1451 1213 τὰ
1467 1186 1496 1218 ἐξ
1514 1185 1640 1221 ἀληθείας
1667 1185 1838 1220 θεωρήματα

1045 1234 1091 1260 καὶ
1118 1233 1166 1268 τὴν
1183 1234 1212 1259 ἐν
1228 1233 1267 1268 τῷ
1293 1233 1466 1268 παροισθέντι
1486 1231 1560 1268 ῥητῷ
1576 1231 1750 1258 διαπτύσσειν
1775 1230 1838 1257 διά-

1044 1287 1128 1305 νοιαν.
1146 1279 1182 1305 Οὐ
1196 1278 1250 1313 γὰρ
1262 1275 1338 1313 οἶμαι
1354 1278 1418 1309 δεῖν,
1435 1277 1473 1309 ὡς
1486 1277 1535 1303 οὐκ
1551 1277 1650 1312 ἄριστα
1664 1275 1764 1307 νοοῦσι,
1785 1275 1838 1310 μό-

1045 1333 1088 1351 νον
1104 1325 1232 1359 ἐπιτιμᾷν
1247 1325 1302 1356 τοῖς
1313 1324 1353 1350 ὅτι
1368 1323 1467 1358 μείζων
1483 1323 1559 1349 ἔσται
1574 1322 1690 1358 Χριστὸς
1707 1321 1835 1348 Ἰωάννου

1044 1371 1182 1397 κατάτινα
1192 1370 1285 1406 χρόνον
1297 1370 1472 1404 διειληφὸσιν,
1484 1369 1551 1395 ἀλλὰ
1561 1369 1607 1395 καὶ
1620 1368 1688 1403 αὐτῇ
1698 1369 1731 1402 τῇ
1744 1375 1837 1402 παρα-

1045 1417 1117 1443 θέσει
1138 1416 1192 1443 τῶν
1218 1416 1404 1451 ἀληθεστέρων
1429 1415 1536 1442 ἐννοιῶν
1563 1414 1765 1450 ἀποκρούεσθαι
1794 1413 1837 1448 τῷ

1046 1462 1082 1498 μὴ
1098 1462 1187 1488 δοκεῖν
1212 1462 1242 1488 οὺ
1264 1462 1377 1493 δεόντως
1399 1462 1578 1496 ἐπισκήπτειν
1593 1461 1693 1492 αὐτοῖς.
1711 1459 1779 1494 Φέρε
1801 1459 1836 1493 δὴ

1044 1505 1090 1532 οὖν
1106 1507 1148 1532 ἐπ’
1166 1505 1231 1533 αὐτὸ
1253 1506 1346 1532 λοιπὸν
1363 1506 1446 1541 ἴωμεν
1469 1506 1499 1532 τὸ
1518 1506 1693 1540 ἀνάγνωσμα,
1715 1504 1763 1531 καὶ
1779 1504 1836 1530 τῶν

207 1551 298 1577 tores,
329 1544 456 1579 quisnam
481 1543 517 1570 sit
530 1543 609 1577 hujus
638 1543 702 1570 dicti
726 1550 832 1577 scopus.
860 1543 991 1576 Quocirca

1049 1550 1197 1585 εἰρημένων
1212 1551 1297 1586 “παρὰ
1324 1551 1370 1577 τοῦ
1390 1551 1516 1586 Σωτῆρος
1542 1551 1620 1585 ἡμῶν
1640 1549 1760 1585 Χριστοῦ
1785 1550 1837 1584 τὴν

206 1592 279 1624 (nam
294 1590 356 1617 inde
366 1589 472 1617 initium
486 1588 633 1620 faciemus,
643 1596 703 1616 cum
714 1589 739 1616 in
754 1596 864 1616 carcere
876 1589 993 1617 Joannes

206 1635 336 1662 miracula
351 1634 454 1662 Christi
475 1634 644 1666 audivisset,
668 1634 758 1661 missis
786 1633 890 1661 duobus
911 1634 992 1661 disci-

205 1680 275 1714 pulis
290 1672 346 1708 suis
368 1679 438 1707 dixit
460 1680 484 1707 ei
503 1687 509 1703 :
529 1689 538 1705 ι
560 1679 600 1706 Tu
629 1687 658 1707 es
682 1679 727 1714 qui
756 1683 884 1706 venturus
898 1686 937 1713 es,
957 1687 991 1706 an

209 1726 291 1753 alium
310 1726 520 1760 exspectamus?
536 1734 545 1751 ι
563 1725 602 1752 Ad
620 1725 671 1752 hoc
690 1725 814 1752 Christus
830 1725 967 1760 respondit
983 1734 989 1751 :

208 1782 218 1798 ι
233 1772 333 1799 Euntes
350 1772 431 1799 dicite
444 1771 540 1798 Joanni
556 1779 616 1806 quae
632 1771 746 1798 audistis
758 1776 785 1798 et
797 1771 903 1798 vidistis
925 1772 958 1803 ⁵⁸,
978 1781 987 1797 ι

206 1822 233 1845 et
249 1817 380 1852 prmclara
400 1817 528 1844 miracula
543 1817 589 1844 abs
605 1824 635 1844 se
657 1816 728 1844 edita
744 1822 895 1844 enumerat.
924 1817 990 1844 Cum

206 1871 271 1890 vero
286 1862 406 1897 discipuli
431 1863 463 1889 ad
482 1861 614 1889 Joannem
640 1861 794 1896 rediissent,
814 1862 939 1889 Christus
954 1863 990 1890 ita

207 1909 240 1936 ad
265 1909 455 1936 circumfusam
484 1908 638 1935 Judzeorum
669 1908 775 1935 turbam
799 1908 905 1936 locutus
927 1914 989 1936 est:

209 1964 218 1980 ε
239 1955 307 1987 Quid
340 1955 435 1981 existis
461 1955 486 1980 in
519 1954 655 1980 desertum
683 1954 773 1981 videre
790 1974 797 1986 ,
831 1955 991 1981 arundinem

206 2005 288 2028 vento
306 2000 455 2036 agitatam?
471 2008 503 2026 an
521 2000 657 2026 hominem
675 2000 800 2027 mollibus
822 2000 992 2027 vestimentis

206 2047 328 2074 indutum
340 2046 351 2072 ?
363 2054 395 2072 an
410 2046 587 2080 prophetam?
611 2050 684 2072 certe
706 2046 768 2073 dico
784 2046 858 2073 vobis
889 2051 915 2073 et
932 2046 992 2080 plus

207 2100 286 2126 quam
309 2092 480 2126 prophetam.
500 2091 549 2118 llic
569 2092 640 2119 enim
667 2096 707 2118 cst
733 2092 766 2118 de
792 2099 844 2126 quo
861 2093 990 2127 scriptum

206 2143 248 2166 cst
264 2145 270 2163 :
289 2138 358 2164 Ecce
374 2145 423 2171 ego
441 2138 543 2164 mittam
560 2136 683 2171 angelum
703 2144 792 2163 meum
809 2143 873 2164 ante
893 2137 990 2165 faciem

208 2190 293 2216 tuam,
323 2184 368 2218 qui
398 2185 560 2218 praeparabit
586 2184 655 2210 viam
686 2189 757 2210 tuam
783 2188 846 2210 ante
872 2189 897 2210 te
912 2183 943 2210 “.
980 2193 989 2209 ι

208 2230 308 2258 Deinde
324 2231 398 2257 addit
413 2231 439 2256 id
456 2231 526 2265 quod
540 2231 722 2264 interrogatur
736 2237 742 2255 :
761 2239 770 2254 ‹
787 2230 889 2262 Amen,
912 2237 990 2258 amen

206 2277 268 2304 dico
297 2276 383 2308 vobis,
409 2284 461 2303 non
484 2276 602 2303 surrexit
630 2276 701 2303 inter
722 2281 800 2303 natos
821 2276 962 2303 mulierum
983 2296 990 2308 ,

206 2323 292 2358 major
308 2322 412 2350 Joanne
426 2322 561 2356 Baptista,
588 2323 634 2348 sed
654 2321 742 2348 minor
759 2322 785 2348 in
806 2329 887 2356 regno
907 2324 992 2350 ctelo«

206 2378 265 2396 rum
284 2369 367 2402 major
387 2369 444 2403 ipso
459 2372 501 2394 est
522 2367 556 2393 ⁸⁷.
576 2376 584 2392 ι
610 2367 703 2402 Neque
718 2367 761 2395 hic
788 2367 989 2396 ﬁnem'vcrbo-

207 2424 264 2442 rum
280 2415 357 2442 fecit.
375 2414 455 2441 Addit
469 2413 541 2440 enim
560 2413 651 2440 statim
672 2421 679 2440 :
699 2422 708 2439 ‹
737 2413 759 2440 Α
783 2414 878 2442 diebus
900 2420 988 2442 autem

207 2461 317 2488 Ioannis
333 2467 418 2494 usque
435 2467 507 2486 nunc
519 2466 629 2493 regnum
649 2458 778 2486 ctelorum
803 2460 855 2486 vim
878 2461 989 2495 patitur,

206 2510 233 2533 et
248 2506 359 2532 violenti
373 2504 479 2538 rapiunt
495 2503 559 2530 illud
574 2504 609 2530 ⁵³.
624 2513 633 2529 ι
648 2504 737 2539 Atque
759 2505 816 2533 lucc
828 2506 937 2540 quidem
950 2512 991 2534 est

207 2552 289 2580 totius
304 2551 401 2585 capitis
417 2557 532 2578 summa.
550 2550 624 2578 Nunc
640 2559 704 2578 vero
719 2558 824 2587 oportet
842 2558 870 2580 ut
883 2554 987 2588 singula

207 2600 397 2631 percurrentes
420 2595 552 2628 dicamus,
578 2603 657 2628 quam
682 2597 717 2624 ob
745 2605 852 2625 causam
872 2598 989 2627 Joannes

205 2641 326 2676 Baptista
344 2641 370 2667 in
387 2648 523 2668 carcerem
539 2641 678 2676 conjectus
695 2643 794 2676 fuerit;
813 2645 989 2678 quamobrem

206 2687 288 2713 etiam
317 2693 365 2720 per
383 2686 528 2721 discipulos
547 2694 610 2715 suos
634 2687 770 2715 Christum
796 2689 987 2724 interrogarit,

207 2737 296 2759 utrum
313 2733 369 2767 ipse
382 2734 492 2761 omnino
510 2737 582 2762 esset
593 2735 638 2769 qui
655 2739 784 2762 venturus
798 2740 875 2768 erat;
892 2735 989 2763 deinde

243 2807 268 2823 ”
280 2807 345 2836 Luc.
363 2817 404 2843 ιιι,
418 2810 453 2844 4;
470 2810 520 2838 lsa.
534 2819 577 2846 XL,
592 2811 618 2838 5.
660 2811 681 2828 ⁵⁵
695 2812 760 2839 Luc.
777 2820 824 2844 vn,
838 2813 883 2840 98.

923 2812 946 2828 ⁸⁵
958 2812 1052 2840 Matth.
1073 2822 1113 2848 ιιι,
1130 2814 1156 2848 5,
1173 2814 1198 2840 ιι.

1045 1596 1133 1622 αἰτίαν
1157 1596 1446 1632 ἀνακεφαλαιούμενοι,
1471 1598 1533 1628 τοὺς
1548 1596 1741 1632 ἀκροωμένους
1762 1596 1838 1622 διδά-

1045 1651 1164 1677 σκωμεν,
1181 1643 1222 1673 τίς
1238 1643 1271 1669 ἂν
1287 1642 1328 1678 εἴη
1344 1643 1436 1670 λοιπὸν
1447 1643 1460 1668 ὁ
1479 1643 1526 1669 τοῦ
1538 1643 1617 1677 λόγου
1630 1643 1740 1674 σκοπός.
1758 1643 1835 1668 Οὐκ-

1043 1687 1100 1719 οῦν,
1125 1686 1248 1713 ἐντεῦθεν
1274 1686 1327 1721 γὰρ
1351 1687 1400 1722 ἤδη
1428 1687 1476 1722 τὴν
1503 1687 1589 1722 ἀρχὴν
1618 1686 1798 1722 ποιησόμεθα,
1821 1687 1836 1713 ὁ

1050 1733 1176 1768 Ἰωάννης
1191 1735 1219 1760 ὲν
1244 1734 1281 1768 τῷ
1305 1733 1483 1769 δεσμωτηρίῳ
1507 1734 1624 1765 ἀκούσας
1641 1733 1673 1760 τὰ
1693 1733 1764 1768 ἔργα.
1785 1732 1833 1758 τοῦ

1043 1779 1178 1814 Χριστοῦ,
1203 1779 1314 1813 πέμψας
1344 1778 1390 1805 δύο
1416 1779 1469 1804 τῶν
1494 1779 1622 1814 μαθητῶν
1650 1779 1733 1806 αὑτοῦ
1756 1777 1835 1805 εἶπεν

1043 1824 1117 1860 αὑτῴ
1127 1832 1133 1838 ’
1148 1835 1157 1850 ι
1172 1825 1207 1851 Σὺ
1220 1823 1243 1851 εἷ
1257 1825 1271 1850 ὁ
1284 1825 1440 1860 ἐρχόμενος,
1455 1825 1470 1860 ἢ
1486 1825 1578 1860 ἕτερον
1593 1825 1807 1860 προσδοκῶμεν;
1822 1834 1830 1850 ι

1044 1870 1115 1905 Πρὸς
1132 1870 1217 1896 ταῦτα
1231 1871 1346 1906 Χριστὸς
1363 1871 1544 1905 ἀπεκρίνατο·
1565 1871 1776 1906 (Πορευθέντες
1792 1870 1834 1896 εἴη

1045 1924 1113 1942 πατε
1135 1916 1245 1952 Ἰωάννῃ
1266 1915 1284 1942 ἃ.
1302 1916 1436 1950 ἠκούσατε
1460 1917 1505 1942 καὶ
1520 1916 1642 1951 βλέπετε,
1674 1927 1682 1941 ι
1711 1917 1758 1943 καὶ
1783 1917 1835 1951 τὴν

1044 1960 1097 1987 τῶν
1119 1961 1239 1996 σημείων
1263 1961 1407 1996 καταλέγει
1434 1962 1643 1998 μεγαλουργίαν.
1672 1963 1782 1998 Ἐπειδὴ
1805 1963 1833 1989 δὲ

1044 2006 1112 2040 πρὸς
1131 2007 1175 2032 τον
1200 2006 1334 2041 μακάριον
1356 2007 1510 2043 Βαπτιστὴν
1535 2008 1616 2034 πάλιν
1639 2009 1835 2043 ἀνεκομίζοντο

1044 2053 1067 2078 οἱ
1082 2053 1210 2088 μαθηταὶ,
1227 2053 1300 2087 λέγει
1315 2053 1381 2088 πρὸς
1396 2054 1444 2088 τὴν
1461 2054 1644 2089 περιεστῶσαν
1658 2054 1764 2089 πληθὺν
1779 2055 1834 2081 τῶν

1051 2098 1180 2124 Ἰουδαίων
1204 2099 1217 2124 ὁ
1237 2099 1346 2134 Σωτήρ·
1373 2109 1382 2124 ι
1400 2099 1430 2125 Τί
1446 2099 1573 2134 ἐξήλθετε
1589 2101 1628 2131 εἰς
1655 2099 1704 2135 τὴν
1728 2100 1834 2135 ἔρημον

1046 2143 1118 2175 ἰδεῖν,
1143 2144 1265 2178 κάλαμον
1291 2144 1342 2170 ὑπὸ
1369 2144 1469 2179 ἀνέμου
1495 2145 1691 2180 σαλευόμενον;
1718 2145 1779 2172 ἀλλ’
1806 2147 1834 2172 ὲν

1008 2208 1029 2236 D
1047 2189 1305 2236 palaxoieripottlotg
1316 2190 1456 2225 ἄνθρωπον
1466 2191 1667 2226 ἡμφιεσμένον;
1681 2191 1749 2218 ἀλλὰ
1765 2200 1835 2227 προ-

1045 2235 1150 2270 φήτην;
1165 2235 1217 2261 Ναὶ
1233 2235 1303 2269 λέγω
1321 2237 1384 2271 ὑμῖν
1398 2237 1445 2263 καὶ
1463 2237 1653 2273 περισσότερον
1670 2238 1828 2273 προφήτου.

1045 2277 1128 2311 Οὗτος
1143 2280 1197 2316 γάρ
1216 2280 1272 2307 ἐστι
1288 2282 1350 2316 περὶ
1361 2279 1391 2308 οὗ
1408 2282 1579 2318 γέγραπται’
1606 2282 1670 2309 Ἰδοὺ
1688 2283 1834 2310 ἀποστελῶ

1043 2325 1087 2352 τὸν
1103 2326 1216 2360 ἄγγελόν
1230 2335 1278 2361 μου
1291 2327 1343 2361 πρὸ
1359 2327 1504 2361 προσώπου
1518 2336 1574 2360 σου,
1589 2328 1617 2359 ὃς
1631 2329 1834 2355 κατασκευάσει

1043 2372 1090 2407 τὴν
1108 2372 1167 2398 ὁδόν
1184 2381 1230 2399 σου
1254 2373 1408 2408 ἔμπροσθέν
1430 2382 1487 2400 σου.
1513 2383 1522 2399 ι
1549 2372 1615 2401 Εἶτα
1641 2375 1710 2410 πρὸς
1726 2376 1834 2407 τούτοις

1043 2419 1110 2454 φησι
1127 2418 1304 2454 ζητούμενον·
1332 2428 1341 2444 t
1368 2419 1463 2454 Ἀμὴν,
1490 2419 1564 2454 ἀμὴν
1582 2419 1654 2454 λέγω
1679 2420 1757 2455 ὑμῖν,
1783 2421 1834 2447 οὐκ

1043 2464 1191 2499 ἐγήγερται
1215 2465 1243 2490 ἐν
1266 2466 1405 2499 γεννητοῖς
1424 2465 1559 2499 γυναικῶν
1581 2465 1680 2500 μείζων
1707 2466 1834 2494 Ἰωάννου

1043 2509 1089 2535 τοῦ
1110 2509 1260 2536 Βαπτιστοῦ
1271 2518 1277 2524 ·
1299 2510 1313 2536 ὁ
1325 2510 1353 2536 δὲ
1374 2510 1534 2545 μικρότερος
1546 2512 1575 2537 ἐν
1588 2513 1619 2547 τῇ
1636 2511 1761 2548 βασιλείᾳ
1779 2512 1834 2539 τῶν

1041 2555 1175 2591 οὐρανῶν,
1190 2555 1290 2590 μείζων
1305 2556 1386 2582 αὑτοῦ
1404 2557 1472 2583 ἐστι.
1493 2566 1502 2582 ι
1522 2557 1573 2583 Καὶ
1587 2557 1616 2583 οὐ
1632 2557 1713 2592 μέχρι
1728 2558 1834 2586 τούτων

1041 2601 1055 2626 ὁ
1072 2600 1159 2634 λόγος.
1177 2600 1315 2636 Ἐπιφέρει
1327 2601 1381 2636 γὰρ
1390 2600 1470 2632 εὐθύς
1480 2610 1487 2616 ·
1503 2610 1512 2627 t
1535 2601 1600 2627 Ἀπὸ
1612 2601 1640 2627 δὲ
1654 2602 1708 2628 τῶν
1719 2603 1834 2637 ἡμερῶν

1048 2646 1171 2672 Ἰωάννου
1188 2646 1234 2672 τοῦ
1255 2646 1407 2673 Βαπτιστοῦ
1434 2647 1487 2678 ἕως
1505 2647 1566 2683 ἄρτι
1589 2648 1604 2683 ἡ
1629 2640 1756 2682 βασιλεία
1778 2648 1834 2678 τῶν

1041 2690 1162 2726 οὐρανῶν
1181 2692 1313 2726 βιάζεται,
1331 2692 1378 2718 καὶ
1396 2692 1502 2727 βιασταὶ
1518 2693 1686 2728 ἁρπάζουσιν
1704 2694 1804 2729 αὑτήν.
1822 2703 1831 2720 ι

1043 2736 1122 2764 ’Ὁλον
1138 2738 1166 2764 ἐν
1186 2737 1299 2771 τούτοις,
1316 2738 1352 2770 ὡς
1376 2738 1439 2770 ἔπος
1453 2739 1550 2771 εἰπεῖν,
1566 2739 1597 2765 τὸ
1618 2739 1770 2773 κεφάλαιον
1784 2739 1833 2775 τὴν

1238 2814 1338 2843 “Ibid.
1356 2815 1430 2842 7-10.

1469 2817 1492 2833 ⁵⁷
1508 2817 1574 2845 Ibid.
1590 2819 1630 2846 Η.
1672 2819 1776 2846 "Ibid.
1790 2818 1831 2845 1‘2.
