1904 3026
221 134 271 164 Hi

220 201 286 222 vcro
311 192 330 220 ii
354 191 387 221 ad
413 190 551 219 Christum
578 187 733 224 venissent,
761 191 814 219 hoc
837 190 1006 225 intelligens,

220 239 320 276 quippe
336 239 382 274 qui
396 245 476 266 verus
489 237 561 265 Deus
573 243 642 271 erat,
654 237 826 273 prteclariora
838 236 909 263 circa
925 243 1006 271 regre-

221 290 263 314 tos
289 291 370 320 opera
398 284 582 318 miraculoque
607 284 724 316 edebat,
750 289 831 317 quam
856 285 951 316 antea;
973 290 1005 311 ea

222 338 285 359 vero
301 335 375 359 certo
386 329 501 358 consilio
515 336 564 365 per
579 328 643 357 illud
658 333 762 363 tempus
775 329 931 362 pmstabat,
946 335 1006 362 quae

221 377 320 413 ipsum,
339 383 400 404 cum
415 376 449 403 ad
463 383 512 403 nos
526 375 654 406 venisset,
672 373 811 409 prophetae
824 373 1005 408 prmStiturum

219 423 409 458 praedixerant.
426 421 611 456 interrogatus
627 420 719 455 itaque
741 427 795 447 non
815 419 907 447 statim
922 419 1007 454 proli-

221 474 293 496 tetur
311 475 342 496 se
358 467 432 495 illum
456 473 525 499 esse,
540 466 588 493 sed
605 465 770 501 propheticis
782 465 1004 501 praedictionibus

221 513 354 542 factorum
372 517 399 540 et
415 511 611 539 miraculorum‘
623 511 836 546 magnitudinem
854 511 1004 545 adaplans:

222 568 232 586 ι
250 559 299 591 lle,
322 558 420 594 inquit,
445 562 473 585 et
487 557 642 585 renuntiate
658 556 754 584 Joanni
768 565 828 592 quae
849 556 964 584 audistis
980 560 1007 583 et

219 606 344 638 vidistis;
365 613 375 631 ι
392 603 508 632 audistis
521 604 593 632 enim
606 611 654 639 per
668 604 824 640 prophetas,
839 604 946 631 vidistis
957 611 1005 631 au-

220 656 272 679 tem
290 657 338 686 per
352 656 396 677 me
417 649 539 684 impleta.
557 649 627 677 Cum
653 650 744 686 itaque
766 650 793 678 hi
817 650 959 682 abiissent,
978 655 1006 678 ut

218 696 384 732 evangelista
404 696 462 730 ipse
476 700 602 731 testatur,
621 697 703 732 coepit
718 697 842 724 Christus
859 696 930 731 loqui
948 701 1005 723 tur-

218 742 262 770 bis
286 743 319 769 de
347 740 472 769 Joanne:
492 751 501 768 ι
520 741 590 775 Quid
612 741 709 770 existis
732 741 843 769 videre?
857 751 865 767 ι
895 746 922 769 et
946 749 1007 775 quas

217 787 346 822 deinceps
369 791 532 822 sequuntur.
552 786 741 814 Necessarium
762 793 827 814 vero
846 786 924 821 plane
944 785 1004 819 fuit,

212 836 248 860 .ut
260 831 387 860 Christus
401 832 434 859 de
445 830 550 860 Joanne
563 838 716 861 sermonem
732 831 843 859 faceret.
855 831 923 859 Cum
933 832 1005 859 enim

218 877 384 906 circumfusa
410 877 565 905 auditorum
585 877 663 905 turba
683 877 865 912 cognovisset,
889 876 1006 912 discipu-

219 924 260 952 los
274 922 390 952 Joannis
403 929 475 956 essc,
494 923 540 958 qui
555 922 796 958 interrogationem
810 922 884 950 illam
896 922 1005 950 Christo

220 969 434 1005 proposuissent,
448 976 565 1004 cumque
581 969 632 1003 ipsi
647 975 701 996 non
717 971 746 996 ut
760 975 809 996 sua
822 969 941 1003 ipsorum
953 969 1005 996 du-

219 1016 353 1044 bitatione
380 1022 442 1044 sese
469 1015 628 1047 liberarent,
645 1015 793 1047 venissent,
816 1015 864 1043 sed
890 1015 964 1043 illum
989 1023 1004 1043 a

219 1069 274 1097 quo
287 1061 363 1090 missi
375 1065 462 1094 erant,
474 1061 574 1096 quique
584 1061 627 1088 eis
640 1065 670 1088 ut
687 1061 713 1088 id
727 1061 946 1094 sciscitarentur,
964 1061 1006 1088 in-

217 1109 360 1144 iunxerat;
390 1106 524 1135 intellexit
549 1107 641 1134 statim
664 1106 805 1140 Christus,
835 1108 941 1142 quippe
959 1107 1005 1142 qui

220 1154 302 1183 corda
330 1158 358 1181 et
383 1152 561 1188 cogitationes
583 1152 721 1180 hominum
744 1153 864 1187 novit",
880 1150 1005 1186 dicturos

220 1206 280 1228 esse
300 1197 455 1231 nonnullos,
476 1202 522 1225 aut
537 1197 638 1233 alioqui
663 1205 755 1226 secum
771 1198 936 1233 cogitaturos
951 1207 958 1225 :
976 1198 1005 1226 Si

220 1245 248 1273 in
262 1245 334 1272 hunc
352 1250 437 1279 usque
451 1243 523 1271 diem
535 1242 654 1271 Joannes
666 1243 785 1278 Baptista
799 1243 938 1271 Christum
951 1251 1004 1270 non

218 1289 306 1324 novit,
318 1297 372 1326 quo
384 1293 464 1325 pacto
474 1288 553 1316 nobis
564 1288 638 1316 illum
649 1288 770 1316 ostendit
781 1288 874 1316 dicens
887 1297 893 1315 :
908 1297 918 1315 ι
935 1288 1005 1317 Ecca

218 1337 312 1372 Agnus
325 1336 384 1370 Dei,
395 1335 440 1372 qui
454 1334 524 1362 tollit
536 1338 678 1370 peccatum
694 1334 807 1362 mundi?
821 1344 833 1360 -ι
851 1334 884 1362 Ει
897 1335 1004 1370 quidem

219 1383 368 1412 verendum
387 1386 448 1410 orat
473 1388 508 1410 ne
533 1389 586 1410 non
610 1389 704 1416 parum
718 1380 808 1409 damni
826 1381 888 1409 inde
904 1382 930 1409 in
949 1386 1006 1409 tur-

215 1429 281 1456 bam
302 1427 464 1462 perveniret.
481 1426 676 1460 Quamobrem,
697 1430 727 1454 ut
750 1426 906 1461 scrupulum
931 1427 1005 1454 illam

219 1473 318 1501 animis
337 1480 431 1500 eorum
453 1472 586 1500 eximeret
603 1475 630 1498 et
653 1470 774 1498 scandali
799 1478 893 1498 ansam
910 1471 1004 1506 przri-

220 1523 306 1554 pcret,
328 1519 365 1546 ita
383 1519 419 1545 ad
441 1525 489 1546 eos
504 1517 561 1545 ait:
582 1526 591 1542 ι
605 1515 674 1549 Quid
699 1517 795 1544 existis
818 1517 845 1544 iu
868 1518 1004 1545 desertum

714 130 743 158 S.
763 128 900 159 CYBILLI
920 127 1153 157 ALEXANDBINI
1175 129 1334 160 ARCHIEP.

1742 117 1745 120 ”
1799 131 1854 158 ne

1020 192 1044 223 Α
1061 198 1120 226 μεν,
1136 190 1231 227 ὥσπερ
1246 191 1300 227 ’ἐπὶ
1319 191 1422 228 σκηνῆς
1440 191 1470 218 τὺ
1486 190 1539 218 τῶν
1563 190 1732 226 ἀγνοούντων
1762 199 1855 227 προσ-

1057 238 1156 264 ωπεῖον
1178 237 1266 273 ἐαυτῷ
1284 238 1416 273 περιθεὶς,
1436 238 1541 273 πέμπει
1554 238 1609 265 τῶν
1625 239 1733 266 οἰκείων
1756 239 1856 274 μαθη-

1055 282 1122 317 τῶν,
1134 283 1214 320 οἵπερ
1233 281 1303 321 ἦσαν
1322 283 1516 318 συνετώτεροι,
1536 285 1583 312 καὶ
1605 284 1637 320 δὴ
1653 286 1700 312 καὶ
1724 285 1855 312 ἀναπυν-

1057 327 1186 355 θάνεσθαι
1201 327 1317 360 κελεύει,
1333 327 1381 354 καὶ
1395 327 1438 355 διὰ
1452 327 1541 364 ζώσης
1555 329 1601 355 τοῦ
1615 329 1742 364 Σωτῆρος
1756 329 1856 364 φωνῆς

1056 373 1196 408 ἐκμαθεῖν,
1221 373 1246 399 εί
1271 373 1354 405 αὑτός
1378 374 1452 400 ἐστιν
1479 373 1712 409 προσδοκώμενος.
1737 375 1857 409 Ἐπειδὴ

1055 417 1084 443 δὲ
1097 415 1164 453 ἧκον
1177 418 1227 454 ἤδη
1242 418 1309 453 πρὸς
1325 417 1371 444 τὸν
1388 417 1491 453 Ἰησοῦν
1505 418 1530 444 ol
1544 418 1754 454 ἀπεσταλμένοι,
1769 417 1855 444 τοῦτο

1057 464 1161 498 συνεὶς,
1186 463 1233 490 ἅτε
1253 463 1286 499 δὴ
1308 463 1374 496 Θεὸς
1399 463 1529 499 ὑπάρχων
1553 463 1688 500 ἀληθινὸς,
1714 463 1857 490 πλουσιω-

1055 509 1138 546 τέραν
1151 511 1268 537 ἐποιεῖτο
1280 510 1329 546 τὴν
1341 510 1387 537 ἐπὶ
1400 511 1456 542 τοῖς
1469 510 1602 545 κάμνουσι
1620 511 1787 546 φιλοτιμίαν,
1801 509 1858 536 καὶ

1057 555 1217 592 παραδόξων
1239 556 1385 592 ηὑρίσκετο
1402 555 1518 591 ποιητὴς
1532 555 1591 582 τότε
1620 556 1720 590 μᾶλλον
1743 556 1761 592 ἢ
1780 555 1859 591 πρό-

1056 611 1151 639 τερον·
1168 603 1260 630 ἐκεῖνα
1275 603 1302 629 δέ
1321 601 1500 638 οἰκονομικῶς
1521 602 1664 638 εἰργάζετο
1686 604 1746 629 κατ’
1761 604 1858 630 ἐκεῖνο

1059 648 1176 684 μάλιστα
1202 647 1308 683 καιροῦ,
1323 647 1394 682 ἅπερ
1417 647 1496 674 αὑτὸν
1517 646 1693 680 ἐπιτελέσειν,
1707 649 1771 675 ὅταν
1785 648 1858 683 ἦχοι

1057 694 1127 730 πρὸς
1147 694 1230 729 ἡμᾶς,
1255 694 1279 720 οἱ
1298 693 1436 730 προφῆται
1460 693 1626 729 διήγγελλον.
1654 693 1858 729 Ἐρωτώμενος

1056 741 1157 773 τοίνυν,
1174 740 1223 767 οὐκ
1241 740 1321 772 εὐθὺς
1345 740 1451 775 ὑπαντᾷ
1467 740 1512 766 καί
1536 749 1601 776 φησι
1617 739 1658 773 τδ,
1677 739 1748 774 Ἐγώ
1765 741 1830 775 εἰμι
1846 760 1856 772 ,

1057 785 1124 813 ἀλλὰ
1140 787 1196 818 τοῖς
1210 785 1388 822 προφητικοϊς
1406 784 1565 820 κηρύγμασι
1579 785 1628 820 τὴν
1642 785 1671 811 ἐν
1681 786 1736 816 τοῖς
1751 785 1859 811 ἀποτε-

1056 831 1175 859 λεσθεϊσι
1187 831 1319 867 παραθεὶς
1332 831 1548 866 μεγαλουργίαν·
1567 841 1576 857 ι
1593 830 1787 866 Πορευθέντες,
1803 839 1859 866 φη-

1021 885 1043 913 B
1059 879 1110 911 σὶν,
1127 877 1310 912 ἀπαγγείλατε
1333 877 1442 913 Ἰωάννῃ
1457 877 1475 904 ἃ
1489 877 1574 904 εἴδετε
1599 876 1645 903 καὶ
1666 878 1806 912 ἠκούσατε
1817 884 1826 892 ’
1843 886 1855 903 ι

1059 924 1192 959 ἠκούσατε
1209 923 1257 959 μὲν
1269 923 1323 958 γὰρ
1338 922 1382 949 διὰ
1394 922 1448 949 τῶν
1465 922 1624 958 προφητῶν,
1641 922 1724 949 εἴδετε
1739 922 1769 949 δέ
1785 922 1859 957 πλη-

1059 969 1178 1005 ρωθέντα
1193 969 1226 996 δι’
1245 968 1323 1004 ἐμοῦ.
1351 968 1433 995 ’Λλλά
1455 968 1557 996 τούτων
1584 968 1785 1004 πορευομένων,
1815 969 1858 1001 ὡς

1058 1016 1139 1048 αὐτός
1152 1024 1236 1052 φησιν
1245 1015 1259 1041 ὁ
1273 1014 1479 1051 εὐαγγελιστὴς,
1490 1014 1590 1051 ἤρξατο
1603 1016 1616 1042 ὸ
1629 1016 1745 1051 Χριστὸς
1760 1015 1858 1050 λέγειν

1059 1064 1113 1094 τοῖς
1126 1062 1214 1097 δχλοις
1226 1062 1291 1096 περὶ
1309 1061 1447 1089 Ἰωάννου·
1465 1071 1474 1088 t
1488 1062 1521 1088 Τί
1537 1061 1663 1097 ἐξήλθετε
1679 1061 1761 1095 ἱδεῖν;
1775 1071 1785 1088 ι
1804 1063 1856 1089 καὶ

1057 1107 1093 1135 τὰ
1106 1107 1211 1139 τούτοις
1228 1107 1326 1144 ἐφεξῆς
1346 1107 1469 1143 κείμενα.
1491 1107 1651 1141 Ἀναγκαῖον
1663 1108 1691 1135 δέ
1705 1107 1787 1135 πάλιν
1803 1108 1856 1134 καὶ

1058 1153 1103 1181 τὸν
1125 1153 1189 1188 περὶ
1209 1152 1304 1179 τούτου
1322 1152 1401 1186 λόγον
1421 1153 1568 1189 ἐποιήσατο
1591 1153 1716 1189 Χριστός.
1736 1153 1855 1189 Ἐπειδὴ

1058 1199 1112 1235 γὰρ
1128 1199 1278 1234 ἐμάνθανεν
1294 1199 1310 1234 ἡ
1328 1198 1502 1234 περιεστῶσα
1516 1199 1570 1226 τῶν
1583 1199 1767 1235 ἀκροωμένων
1781 1199 1856 1234 πλη-

1059 1245 1123 1278 θὺς,
1149 1245 1187 1277 ὡς
1205 1242 1275 1280 ἦσαν
1300 1245 1349 1280 μὲν
1376 1244 1430 1271 τῶν
1448 1245 1570 1273 Ἰωάννου
1599 1244 1727 1280 μαθητῶν
1747 1245 1773 1271 οῑ
1801 1245 1855 1280 τὴν

1058 1290 1154 1318 πεῦσιν
1167 1291 1360 1326 προσάγοντες,
1371 1289 1438 1327 ἧκον
1449 1290 1477 1317 δὲ
1490 1291 1539 1317 οὐκ
1553 1291 1619 1323 ιδίας
1632 1291 1725 1327 ὥσπερ
1737 1291 1855 1326 ἀγνοίας

1059 1336 1202 1372 ζητοῦντες
1223 1337 1393 1377 ἀπαλλαγὴν,
1409 1336 1479 1364 ἀλλὰ
1496 1337 1546 1372 τῆς
1567 1337 1648 1364 αὑτοῦ
1673 1338 1855 1372 πεπομφότος

1059 1382 1106 1408 καὶ
1120 1381 1251 1418 διερωτᾷν
1272 1382 1479 1415 ἀναπείθοντος,
1503 1383 1665 1418 κατενόησεν
1688 1383 1735 1409 άτε
1753 1383 1787 1418 δὴ
1805 1384 1855 1410 καὶ

1058 1427 1172 1464 καρδίας
1194 1427 1280 1460 εἰδὼς,
1298 1429 1345 1454 καὶ
1364 1428 1398 1454 τὰ
1413 1429 1441 1454 ἐν
1459 1427 1499 1463 τῷ
1521 1428 1657 1465 ἀνθρώπῳ
1674 1430 1851 1464 γιγνώσκων,

1059 1473 1098 1500 ὅτι
1117 1474 1225 1505 πάντως
1245 1473 1338 1509 ἐροῦσι
1361 1482 1434 1505 τινες
1457 1474 1504 1500 καὶ
1529 1474 1682 1509 λογιοῦνται
1705 1476 1769 1503 καθ’
1785 1477 1851 1503 ἐαυ-

1059 1517 1138 1549 τούς⁶
1162 1518 1194 1544 El
1217 1518 1297 1554 μέχρι
1323 1519 1442 1554 σήμερον
1468 1519 1560 1553 ἀγνοεῖ
1584 1520 1628 1546 τὸν
1646 1521 1750 1556 Ἰησοῦν
1769 1522 1782 1548 ὁ
1801 1531 1854 1557 μα-

219 1565 331 1594 videre‘i
363 1564 532 1592 Arundinem
558 1568 639 1590 vento
667 1563 816 1595 agitatam?
833 1573 842 1589 ι
871 1564 1004 1591 Admirati

1060 1563 1152 1599 κάριος
1169 1564 1312 1599 Ἰωάννης,
1336 1564 1394 1595 πῶς
1416 1565 1483 1599 ἡμῖν
1499 1565 1581 1591 αὐτὸν
1605 1565 1725 1593 ἐδείκνυε
1748 1567 1851 1602 λέγων’

215 1610 298 1644 estis,
327 1610 430 1645 inquit,
449 1608 585 1636 Joannem
603 1608 771 1642 Baptistsm,
800 1613 828 1636 et
853 1609 1007 1644 frequenter

220 1656 299 1691 longa
325 1663 374 1691 per
393 1655 567 1683 solitudinem
592 1653 761 1688 proiectione
784 1654 858 1682 illum
883 1654 1006 1688 adiistis,

221 1701 314 1728 multis
328 1701 467 1728 laboribus
479 1699 635 1733 utilitatem,
653 1706 735 1734 quam
752 1699 815 1727 inde
831 1701 1009 1734 exspectaba-

221 1746 266 1779 tis,
281 1745 457 1773 redimentes.
473 1744 607 1772 Caeterum
622 1745 766 1772 temerarie
786 1744 908 1780 proiecto
920 1746 1008 1773 nulla-

220 1798 274 1826 que
290 1790 386 1818 idonea
406 1791 439 1818 de
458 1797 540 1817 causa
564 1789 640 1817 illum
655 1790 782 1817 admirati
805 1791 882 1824 estis,
900 1792 923 1818 si
945 1799 1006 1819 eun

219 1838 288 1866 adeo
311 1837 398 1864 levem
425 1835 600 1870 existimatis,
620 1840 650 1863 ut
670 1836 798 1864 arundini
823 1842 1005 1872 comparetur,

219 1889 281 1916 qua!
299 1881 427 1910 facillime
443 1882 469 1909 in
484 1881 609 1916 quamvis
628 1886 732 1916 partem
749 1887 830 1910 vento
851 1883 1005 1918 impellitur.

221 1925 360 1961 Quomodo
373 1926 452 1963 105
464 1927 537 1955 enim
557 1935 612 1955 non
627 1927 758 1962 ejusmodi
778 1935 839 1955 esse
855 1928 1006 1963 deprchen-

221 1975 311 2006 datur,
339 1973 374 2006 si,
397 1980 452 2008 prae
469 1980 566 2007 magna
590 1973 672 2001 animi
693 1972 812 2006 levitate,
827 1981 908 2009 quem
933 1975 1008 2002 novit

223 2025 302 2047 nosse
314 2026 344 2046 se
354 2018 509 2046 inliciatur?
524 2018 560 2045 At
574 2026 627 2046 non
641 2019 800 2048 arundinem
813 2025 897 2047 certe.
913 2029 922 2046 ι
938 2020 1007 2053 Quid

224 2068 314 2090 tamen
342 2063 438 2091 existis
453 2062 563 2090 videre?
576 2062 757 2091 Hontiuemne
782 2063 907 2090 mollibus
923 2063 1006 2091 vesti-

223 2110 322 2137 mentis
339 2109 482 2137 indutum!
498 2109 569 2137 Ecce
591 2109 636 2144 qui
660 2108 786 2136 mollibus
800 2109 958 2141 induuntur,
980 2108 1007 2136 in

223 2155 350 2183 domibus
366 2162 459 2190 regum
481 2159 556 2182 sunt.
573 2164 584 2181 ι
602 2154 691 2189 Atque
716 2154 750 2181 iis
770 2154 890 2188 quidem,
909 2154 1006 2188 inquit,

222 2200 426 2228 convenientius
434 2200 470 2228 sit
484 2200 594 2228 levitate
604 2200 686 2227 animi
700 2200 835 2228 laborare.
846 2199 924 2228 Unde
935 2201 1006 2228 enim

222 2246 267 2280 qui
281 2246 416 2282 perpetuis
431 2246 569 2274 laboribus
591 2254 651 2274 sese
667 2250 786 2279 exercet,
805 2253 1007 2282 corporeasque

222 2291 381 2319 aﬂ'ectiones
404 2292 514 2319 assidue
537 2291 662 2326 reprimit
686 2299 718 2318 ac
742 2292 845 2324 domat,
860 2292 886 2319 in
903 2297 1006 2320 tantam

225 2338 364 2366 levitatem
386 2337 440 2365 labi
456 2337 570 2373 posset?
593 2336 660 2365 Nam
687 2337 872 2373 hujuscemodi
898 2338 1006 2367 levitate

223 2384 321 2412 mentis
339 2383 464 2411 laborare
485 2387 527 2410 est
550 2382 646 2415 animi,
674 2383 769 2417 inqttit,
794 2384 840 2418 qui
869 2392 922 2412 non
950 2390 1006 2413 tam

222 2437 318 2465 aspera
332 2429 438 2457 vivendi
453 2430 568 2461 ratione,
583 2436 664 2463 quam
682 2430 826 2458 mundanis
843 2430 946 2460 deliciis
960 2433 1006 2460 tle-

223 2475 346 2503 iectetur.
363 2474 391 2502 Si
407 2481 472 2509 ergo
483 2481 544 2501 eum
562 2474 732 2502 admiramini
752 2479 879 2511 tanquam
891 2484 906 2504 a
918 2477 1008 2505 molli-

224 2519 259 2546 tie
268 2518 471 2550 abhorrentem,
488 2517 600 2546 tribuite
611 2518 692 2546 etiam
705 2518 743 2547 illi
756 2519 912 2549 ﬁrmitatem
924 2522 1006 2550 animi

223 2563 354 2598 ejusmodi
377 2562 519 2591 laboriosae
537 2564 598 2592 vitae
613 2566 826 2594 convenientem.
851 2567 880 2595 Si
895 2574 960 2596 vero
977 2569 1004 2596 in

222 2608 327 2644 optimo
341 2608 403 2636 vitae
416 2615 517 2643 genere
536 2610 603 2638 nihil
616 2611 733 2646 amplius
749 2612 878 2646 statuitis,
897 2614 944 2641 sed
958 2620 1006 2642 eo-

223 2654 284 2681 dem
301 2652 396 2681 ordiue
422 2654 527 2683 habetis
547 2662 608 2684 eum
621 2657 668 2692 qui
693 2657 799 2686 laborat
823 2666 884 2686 cum
908 2666 942 2687 eo
957 2659 1004 2695 qui

224 2698 376 2732 deiiciatur,
400 2706 459 2733 cur,
480 2699 645 2737 ‘contemptis
659 2702 692 2730 iis
707 2703 753 2738 qui
779 2703 873 2731 sericis
887 2704 1006 2732 vestibus

224 2747 337 2770 utuntur
353 2747 380 2772 et
402 2745 428 2772 in
452 2744 521 2773 aulis
543 2753 636 2782 regum
653 2752 813 2782 versantur,
835 2756 898 2777 eum
916 2748 961 2784 qui
978 2749 1005 2777 in

263 2833 284 2849 "
299 2833 367 2862 Psal.
385 2842 462 2869 xcnt,
483 2835 524 2863 lt.

1060 1617 1069 1633 ι
1086 1608 1138 1634 Ἴδε
1152 1609 1166 1634 ὁ
1176 1609 1272 1644 ’Δμνδς
1287 1608 1334 1635 τοῦ
1353 1608 1431 1642 Θεοῦ,
1444 1610 1460 1635 ὸ
1476 1610 1560 1645 αἴρων
1583 1611 1633 1645 τὴν
1651 1612 1793 1648 ἁμαρτίαν
1805 1613 1853 1640 τοῦ

1057 1654 1176 1689 κόσμου;
1192 1663 1201 1679 ι
1225 1654 1280 1681 Καὶ
1309 1652 1342 1690 ἦν
1366 1655 1396 1681 οὐ
1424 1656 1522 1690 μικρὸν
1547 1656 1672 1684 ἐντεῦθεν
1704 1658 1852 1686 ὑπολαϐεῖν

1057 1698 1166 1725 ἔσεσθαι
1177 1699 1232 1731 τοῖς
1245 1699 1333 1734 δχλοις
1345 1699 1375 1726 τὺ
1391 1699 1498 1736 βλάὸος.
1512 1701 1616 1728 Οὐκοῦν
1630 1701 1660 1728 τὸ
1675 1703 1853 1739 συμὸεόηκὸς

1058 1744 1148 1775 αὐτοῖς
1167 1743 1325 1779 θεραπεύων
1343 1745 1439 1778 πάθος,
1454 1746 1502 1772 καὶ
1524 1747 1574 1781 τὴν
1589 1747 1643 1774 ἀπὸ
1660 1747 1706 1774 τοῦ
1734 1749 1852 1776 σκανδά-

1057 1790 1114 1825 λου]
1131 1789 1232 1825 ζημίαν
1256 1790 1423 1826 ἁπορῤιζῶν,
1452 1791 1526 1826 λέγει
1551 1792 1618 1828 πρὸς
1646 1793 1765 1826 αὐτούς’
1785 1805 1794 1820 s
1819 1795 1852 1821 Τί

1057 1835 1182 1870 ἐξήλθετε
1199 1836 1239 1868 είς
1254 1835 1304 1871 την
1319 1835 1421 1871 ἔρημον
1440 1836 1521 1869 ίδεῖνς
1537 1837 1660 1873 κάλαμον
1677 1838 1731 1865 ὑπὸ
1749 1839 1851 1875 ἀνέμου

1059 1882 1256 1917 σαλευόμενονς
1273 1891 1282 1907 ι
1305 1882 1511 1917 Ἐθαυμάσατε,
1535 1883 1616 1918 φησὶ,
1638 1884 1684 1911 τὶν
1714 1885 1851 1920 μακάριον

1058 1927 1223 1961 Βαπτιστὴν,
1239 1926 1287 1953 καὶ
1308 1926 1340 1961 δὴ
1359 1927 1406 1952 καὶ
1423 1927 1472 1962 τὴν
1492 1928 1559 1963 πρὸς
1583 1929 1666 1955 αὑτὸν
1691 1930 1851 1965 ἀποδημίαν

1058 1971 1219 1999 ἐπονίσασθε
1241 1971 1381 2004 πολλάκις,
1397 1972 1447 2004 τὰς
1466 1972 1536 1999 οὕτω
1553 1974 1660 2008 μακρὰς
1676 1975 1727 2007 τῆς
1745 1975 1851 2011 ἐρήμου

1058 2017 1266 2053 κατατρίϐοντες
1280 2017 1367 2050 ὁδοὺς,
1385 2019 1432 2045 καὶ
1447 2018 1539 2054 ἱδρῶτι
1554 2019 1644 2055 πολλῷ
1659 2020 1709 2056 τὴν
1724 2021 1851 2049 ἐντεῦθεν

1057 2064 1190 2099 ὠφέλειαν
1214 2063 1374 2099 ὠνούμενοι.
1391 2065 1452 2100 Ἀρ*
1472 2062 1519 2092 οὖν
1534 2065 1596 2101 εικῆ
1617 2067 1664 2093 καὶ
1682 2067 1850 2103 προχείρως,

1058 2110 1150 2144 φησὶν,
1167 2109 1346 2145 ἐθαυμάζετε,
1361 2111 1440 2146 εῐπερ
1453 2110 1540 2143 οὕτως
1552 2112 1633 2138 αὐτὸν
1649 2112 1767 2148 ἐλαφρὸν
1777 2114 1851 2149 ἔχειν

1057 2155 1145 2182 οῗεοθι
1165 2155 1210 2182 τὸν
1230 2156 1302 2189 νοῦν,
1323 2156 1362 2188 ὡς
1380 2157 1569 2192 προσεοικέναι
1594 2158 1709 2194 καλάμῳ
1728 2159 1767 2194 τῷ
1789 2159 1851 2186 λίαν

1058 2200 1173 2235 ἑτοίμως
1192 2201 1234 2235 ἐφ’
1247 2201 1316 2236 ὓπερ
1334 2201 1367 2228 ἂν
1383 2201 1488 2237 συνωθῇ
1510 2202 1540 2229 τὸ
1555 2203 1663 2238 πνεῦμα
1681 2200 1861 2233 συννεύοντι.¹

1023 2239 1045 2266 Ῑ)
1060 2245 1121 2278 Πῶς
1135 2245 1188 2282 γὰρ
1202 2247 1261 2282 οὐχὶ
1274 2246 1392 2279 τοιοῦτος
1402 2247 1441 2274 ὢν
1453 2248 1640 2283 εὑρεθήσεται,
1657 2249 1737 2285 εἴπερ
1751 2250 1849 2283 ὃπως,

1056 2292 1086 2319 ὃν
1093 2291 1171 2325 οἶδεν,
1179 2293 1285 2327 άγνοεῖν
1291 2293 1426 2329 ὁμολογεῖ,
1435 2294 1466 2320 ἐκ
1475 2294 1575 2330 πολλῆς
1585 2302 1657 2326 τινος
1665 2295 1743 2322 τοῦτο
1753 2295 1851 2322 παθὼν

1056 2338 1205 2374 ἐλαφρίας;
1222 2338 1292 2365 Ἀλλ’
1306 2339 1335 2365 οὑ
1350 2339 1471 2374 κάλαμον
1489 2339 1538 2374 μιν
1550 2347 1557 2354 ·
1576 2350 1585 2366 ι
1600 2340 1632 2366 Τί
1647 2340 1676 2367 δὲ
1691 2341 1767 2376 ὅμως
1784 2341 1850 2368 ἰδεῖν

1056 2383 1198 2420 calens;
1211 2383 1369 2420 ΙἌνθρωπον
1380 2385 1409 2410 ἐν
1422 2384 1552 2420 μαλακοῖς
1563 2385 1767 2420 ἡμφιεσμένον;
1782 2387 1851 2413 Ἰδοὺ

1057 2428 1082 2454 οἱ
1096 2428 1131 2455 τὰ
1147 2428 1257 2464 μαλακά
1271 2428 1417 2464 φοροῦντες
1435 2430 1464 2457 ἐν
1478 2430 1535 2462 τοῖς
1549 2430 1634 2462 οἴκοις
1645 2430 1700 2456 τῶν
1715 2430 1850 2465 βασιλέων

1059 2474 1137 2503 εισίν.
1152 2484 1161 2501 ι
1178 2472 1224 2507 Οἷς
1243 2475 1275 2510 δὴ
1292 2475 1339 2502 καὶ
1359 2475 1461 2510 μᾶλλον
1475 2475 1509 2503 ἂν
1531 2476 1585 2512 εἵη,
1602 2477 1695 2512 φησὶν,
1713 2477 1851 2512 άρμοδιὼ·

1059 2529 1138 2556 τερον
1157 2520 1189 2547 τὸ
1210 2521 1239 2547 ἐν
1255 2521 1350 2556 φρεσὶν
1365 2521 1498 2556 ὑπάρχειν
1521 2522 1660 2557 ἐλαφραῖς.
1681 2522 1767 2550 Πόθεν
1796 2523 1850 2559 γὰρ

1059 2566 1073 2592 ὁ
1089 2565 1212 2598 σύντονος
1231 2565 1302 2592 οὕτω
1324 2566 1388 2602 περὶ
1412 2566 1461 2602 τὴν
1484 2566 1611 2602 ἄσκησιν,
1630 2567 1738 2602 βέϐαιός
1755 2576 1786 2595 τε
1806 2569 1851 2595 καὶ

1060 2611 1143 2644 πολὺς
1163 2613 1203 2643 εἰς
1222 2612 1253 2638 τὸ
1269 2612 1315 2639 καὶ
1333 2612 1422 2639 αὐτῶν
1434 2612 1489 2639 τῶν
1504 2613 1555 2648 τῆς
1571 2613 1671 2648 σαρκὸς
1695 2615 1850 2648 καταγωνί-

1061 2657 1155 2689 ζεσθαι
1171 2657 1275 2690 παθῶν,
1291 2658 1330 2690 είς
1346 2657 1481 2694 τοσαύτην
1498 2658 1617 2694 ἀμαθίαν
1633 2659 1801 2693 nequem;
1815 2660 1851 2686 Τὸ

1060 2703 1115 2739 γὰρ
1135 2705 1163 2730 ἐν
1179 2703 1291 2740 τοιαύτῃ
1312 2704 1419 2731 κεῖσθαι
1439 2705 1558 2737 διανοίας
1582 2705 1741 2740 κουφότητι,
1762 2706 1851 2741 ψυχῆς

1061 2750 1094 2776 ἂν
1108 2750 1162 2785 εἴη,
1179 2750 1272 2786 φησιν,
1286 2750 1316 2777 οὐ
1333 2751 1555 2786 σκληραγωγίαις
1575 2750 1687 2786 μᾶλλον,
1701 2751 1772 2779 ἀλλά
1794 2753 1851 2783 ταῖς
