1904 3026
227 104 277 132 175

720 97 748 124 S.
770 95 909 124 CYRILLI
929 92 1166 123 ALEXANDRINI
1184 91 1344 121 ARCUIEI’.

1802 84 1862 112 I76

224 159 356 191 declarat,
375 156 469 183 dicens
485 155 518 182 ad
532 154 624 182 Jesum
642 162 648 181 :
667 162 676 179 ι
693 152 767 188 Opus
784 153 848 180 mihi
864 156 906 179 est
921 156 950 179 ut
961 159 974 178 a

1112 159 1120 182 ;
1137 149 1292 186 ἐξαίρετον,
1314 148 1371 175 ἀλλ’
1394 146 1449 180 ἕξει
1465 146 1496 173 τὸ
1511 147 1603 182 μεῖζον
1619 145 1633 172 ὁ
1646 145 1714 181 πρὸς
1727 146 1778 181 τὴν
1799 145 1864 172 τῶν

225 211 250 233 te
276 204 396 239 baptizer
406 202 450 229 “'.
468 201 562 228 i‘Ecce
576 200 653 228 enim
674 199 697 227 is
715 200 760 234 qui
776 205 879 226 summa
900 196 1009 224 virlulis

223 249 391 285 perfectione
405 247 535 282 praeditus
552 250 621 277 erat,
637 242 910 279 regenerationis-per
924 241 1009 276 Spiri-

194 305 198 309 τ
224 302 280 323 tum
298 295 398 322 donum
414 293 512 328 poscit,
526 296 618 326 utpote
633 291 679 325 qui
694 297 742 325 per
762 289 789 316 id
811 288 898 323 major
919 287 1009 322 seipso

222 340 380 368 eﬂiciendus
394 343 478 371 esset,
496 344 583 372 neque
597 336 712 370 amplius
729 335 755 362 id
769 333 921 366 habiturus,
938 333 1010 368 quod

221 395 254 414 ex
271 386 387 414 muliere
399 389 481 412 natus
498 387 581 415 esset,
593 382 640 409 sed
657 381 690 407 ad
707 380 827 408 divinam
842 378 1009 406 nobilitatem

223 433 442 460 transl’ormatus.
461 429 545 463 Cujus
560 428 599 455 rei
622 427 702 454 ﬁdem
719 425 849 453 Servator
862 425 918 460 ipse
934 423 1008 455 facit,

222 486 275 506 non
292 479 396 510 dicens,
417 474 518 507 Habes,
537 473 637 505 amice,
653 472 850 507 perfectionem
873 471 900 498 in
919 470 1009 504 bonis,

221 525 305 552 etiam
317 523 384 551 citra
401 519 644 549 sanetillcationem
660 518 842 553 baptismatis,
864 517 911 545 sed
925 517 1010 552 signi-

221 571 308 598 ﬂeans
324 568 432 604 quidem
445 573 507 593 eum
520 571 693 600 summopere
710 571 743 591 ea
762 563 894 599 indigere.
909 562 1008 590 donum

221 622 310 643 tamen
328 614 386 648 ejus
400 613 444 640 rei
463 611 587 640 consulto
604 611 633 638 in
656 609 729 638 aliud
742 614 851 644 tempus
870 608 1008 637 diﬂerens.

221 657 276 688 lloc
293 661 366 687 enim
388 658 501 686 omnino
517 657 645 684 existimo
668 655 824 691 signiﬁcare
840 654 924 682 illud:
939 654 1010 681 c-Di-

220 707 298 734 mitte
317 706 397 733 modo
409 705 442 732 ⁵⁷.
461 714 470 730 ι
496 703 572 738 Quod
589 710 655 730 vero
678 709 773 730 rursus
789 708 899 737 regnum
925 701 1010 729 cwlo-

221 757 373 781 rumwocet
389 753 488 780 donum
505 751 625 786 Spiritus
642 749 743 782 sancti,
764 753 792 776 et
811 755 871 783 qua
886 755 935 783 per
947 755 1009 776 eum

220 800 358 828 confertur
375 797 552 826 credentibus
575 796 818 831 regenerationem,
838 794 951 822 minimo
966 801 1010 821 ne-

219 846 292 880 gotio
311 845 391 880 106
403 845 592 871 demonstrare
615 849 773 877 possumus,
797 849 830 868 cx
846 841 904 868 istis
923 840 1009 868 nostri
1024 835 1047 864 Β

220 892 373 921 Servatoris
385 891 477 918 verbis
494 899 500 917 :
519 898 529 915 ι
544 889 565 916 Δ
584 889 679 916 diebus
691 889 762 916 enim
775 887 898 921 Joannis,
912 887 1007 922 inquit,

220 945 304 973 usque
321 938 400 965 modo
424 943 535 972 regnum
556 936 688 964 caelorum
702 935 757 963 vim
777 934 891 969 patitur,
912 939 938 961 et
953 934 1009 962 vio-

221 984 285 1011 lenti
305 983 415 1018 rapiunt
431 983 499 1010 illud
509 983 542 1010 ⁸⁸.
559 991 569 1008 ι
589 982 655 1009 Nam
673 989 734 1009 cum
748 980 865 1008 Joannes
880 981 1010 1016 praedica-

219 1034 284 1057 ret:
301 1039 310 1055 ι
325 1029 423 1056 Parate
446 1029 516 1056 viam
541 1028 661 1061 Domini,
682 1031 772 1054 rectas
795 1027 879 1054 facile
898 1027 1009 1054 semitas

218 1075 277 1110 ejus
287 1076 310 1092 θ’
327 1084 334 1102 :
353 1084 363 1101 ι
384 1074 461 1102 mulli
484 1074 638 1102 auditorum
659 1081 673 1100 a
693 1073 813 1108 peccatis
835 1077 862 1100 et
890 1073 1009 1108 turpitu-

218 1122 282 1149 dine
301 1121 363 1148 vitae
387 1121 582 1152 desciscentes.
609 1127 707 1155 magno
731 1120 819 1147 studio
840 1123 868 1146 et
894 1124 1007 1147 conten-

220 1167 293 1195 tione
308 1167 390 1194 animi
408 1173 497 1194 mores
516 1173 580 1193 suos
593 1166 627 1192 ad
643 1164 751 1192 virtutis
764 1172 885 1194 normam
902 1172 1010 1199 compo-

220 1217 324 1244 nentes,
340 1211 387 1238 illii
402 1211 448 1238 Dei
465 1218 513 1246 per
529 1210 662 1245 Spiritum
677 1209 806 1237 declarati
825 1212 899 1241 sunt,
918 1213 1009 1236 mente

220 1258 325 1285 illorum
346 1256 481 1284 illustrata
503 1260 530 1283 et
546 1263 595 1290 per
616 1259 741 1282 sanctum
763 1254 927 1288 baptismum
944 1260 1009 1288 pur-

218 1309 290 1338 gata.
314 1303 393 1337 Atqui
410 1303 431 1330 si
453 1302 486 1329 iis
502 1302 548 1337 qui
570 1301 738 1330 contrariam
753 1301 910 1335 opinionem
931 1305 1006 1327 tuen-

219 1356 272 1382 tur,
290 1357 342 1377 non
358 1353 431 1376 recte
456 1355 544 1383 neque
566 1347 670 1375 utiliter
695 1347 766 1374 dicta
787 1346 844 1374 haec
861 1346 1007 1374 videntur:

218 1397 333 1424 doceant
353 1402 406 1430 qua
429 1394 462 1422 de
486 1401 566 1421 causa
582 1393 664 1424 dicat,
686 1400 701 1420 ο
719 1393 815 1420 diebus
829 1391 944 1420 Joannis
961 1391 1009 1419 Ba-

219 1441 304 1477 ptistae
327 1448 440 1476 regnum
465 1439 597 1468 cmlorutn
619 1439 677 1474 rapi
693 1447 700 1466 :
715 1438 815 1474 quippe
833 1438 905 1473 quod
930 1445 1008 1465 nemo

218 1493 278 1515 ante
299 1494 361 1514 eum
382 1485 513 1520 rapuerit.
531 1485 655 1518 Quonam
679 1484 762 1519 igitur
783 1491 845 1519 spes
861 1482 1006 1518 propheta-

219 1541 278 1561 rum
299 1532 403 1560 abibit?
427 1532 497 1565 Quid
515 1536 607 1558 tantus
633 1535 790 1558 sanctorum
811 1535 900 1558 cattus
915 1529 1007 1562 faciet,

217 1579 240 1606 si
258 1586 342 1614 regno
357 1577 490 1605 coriorum
506 1577 632 1605 exclusus
650 1577 711 1604 est?
733 1584 793 1604 cum
810 1580 874 1604 tunc
891 1577 1008 1611 primum

218 1624 331 1659 meper-it
353 1623 422 1657 rapi,
445 1623 555 1657 quando
577 1621 669 1648 multis
693 1621 859 1655 temporibus
875 1619 1009 1655 posterior

218 1674 344 1697 ostensus
373 1669 480 1696 tandem
508 1673 550 1695 est
576 1666 706 1699 Joannes,
730 1666 851 1694 clamans
870 1675 877 1692 ι
895 1674 904 1691 ι
921 1664 1009 1692 1)ωηί-

220 1716 331 1742 tentiam
349 1715 431 1749 agite,
454 1713 681 1748 appropinquavit
698 1712 771 1739 enim
795 1719 907 1746 regnum
926 1710 1009 1737 coelo-

219 1761 347 1788 rum".t
384 1760 518 1787 Caeterum
547 1758 626 1786 facile
656 1758 794 1785 intellectu
824 1762 867 1785 est
895 1764 1007 1791 regnum

219 1806 350 1832 caelorum
374 1805 473 1840 priscis
496 1804 577 1832 etiam
606 1804 730 1840 patribus
756 1809 881 1838 paratum
907 1802 1006 1836 fuisse,

219 1857 312 1886 utpote
325 1851 512 1879 conformibus
527 1850 638 1886 imagini
656 1849 716 1877 Filii
735 1851 787 1881 sui,
804 1855 886 1884 atque
905 1849 1008 1876 idcirco

218 1906 231 1923 ιι
251 1898 304 1930 Deo
324 1905 357 1924 ac
373 1897 454 1924 Patre
473 1896 654 1931 pra-cognitis.
671 1896 805 1930 Tempore
819 1902 882 1922 vero
897 1894 1008 1923 Joannis

217 1943 356 1978 Baptistae,
385 1949 467 1977 atque
495 1944 529 1970 ab
553 1950 586 1970 eo
616 1947 737 1977 tempore
763 1942 890 1976 deinceps
908 1941 1008 1969 donum

218 1989 336 2024 Spiritus
362 1989 462 2021 sancti,
481 1993 508 2016 et
524 1989 695 2023 rcgeneratio
710 1995 759 2022 per
774 1992 898 2015 sanctum
915 1985 1006 2021 Bapti-

218 2043 320 2067 smum,
347 2035 397 2062 lide
418 2035 533 2070 rapitur.
552 2035 618 2062 Cum
636 2034 727 2069 itaque
750 2034 807 2061 hate
825 2033 939 2067 quaestio
952 2032 1006 2066 jam

218 2081 292 2108 omni
312 2089 344 2108 ex
363 2087 440 2116 parte
457 2081 590 2116 explicata
608 2081 654 2113 sit,
672 2081 738 2107 satis
750 2083 862 2114 apparet
875 2085 955 2113 quam
973 2079 1008 2106 sit

219 2129 299 2153 inane
315 2133 346 2153 ac
366 2126 490 2153 frivolum
503 2127 661 2153 existimare
673 2126 804 2160 majorem
819 2124 928 2151 Christo
947 2131 1008 2151 esse

217 2171 376 2207 Baptistam.
399 2173 475 2206 Quod
493 2181 553 2200 cum
571 2173 607 2200 ita
627 2173 673 2205 sit,
694 2171 796 2199 corruit
814 2170 892 2205 plane
914 2170 1007 2197 adver-

216 2218 348 2246 sariorum
368 2219 493 2254 obiectio.

1060 195 1183 231 οὐρανῶν
1201 194 1340 230 βασιλείαν
1363 192 1530 228 κεκλημένος
1546 192 1591 218 διὰ
1605 191 1635 218 τὸ
1659 191 1763 228 μηκέτι
1788 199 1864 226 χρη-

1063 242 1188 278 ματίζειν
1201 241 1259 268 υίδν
1272 240 1411 276 γυναικὸς,
1426 240 1494 267 ἀλλὰ
1504 239 1579 271 θείας
1597 238 1645 274 μὲν
1657 238 1766 273 φύσεως
1779 238 1868 273 γενέ-

1061 289 1124 315 σθαι
1147 287 1286 320 κοινωνδν,
1308 287 1404 314 τέκνον
1424 286 1453 313 δὲ
1476 286 1527 321 ἤδη
1552 284 1694 312 καλεῖσθαι
1710 284 1791 317 Θεοῦ,
1810 285 1867 310 καὶ

1060 335 1085 361 εί
1104 333 1263 370 μικρότερος
1287 332 1329 368 εῐη
1352 331 1407 358 τῶν
1430 331 1460 358 ὲν
1475 331 1530 363 ἕξει
1548 330 1733 365 τελειοτέρων,
1755 329 1868 366 βρέφος

1060 389 1090 408 τε
1117 380 1157 407 ἔτι
1187 380 1273 407 νοοῖτο
1299 379 1386 414 βραχὺ
1413 378 1460 405 καὶ
1485 377 1637 414 ἀρτιγενές.
1661 377 1722 404 ὀτι
1746 376 1777 403 δὲ
1802 376 1868 402 τῶν

1066 426 1190 453 Ἰωάννου
1208 425 1326 460 μέτρων,
1351 424 1367 460 ἢ
1384 424 1432 450 καὶ
1448 423 1546 455 παντὸς
1562 422 1692 458 γεννητοῦ
1715 422 1868 456 γυναικῶν

1061 473 1078 508 ἡ
1093 472 1136 498 διὰ
1151 471 1199 498 τοῦ
1215 470 1376 505 Πνεύματος
1395 469 1572 505 ἁναγέννησις
1589 469 1639 495 οὐκ
1655 468 1738 504 ὀλίγῳ
1760 468 1869 495 διοίσει

1059 518 1146 553 τόπῳ,
1161 517 1192 544 οὐ
1207 516 1324 552 θύραθεν
1338 516 1405 550 ἡμῖν
1418 515 1432 541 ό
1453 515 1568 550 μάρτυς,
1589 511 1648 541 ἀλλ’
1659 514 1741 545 αὐτὸς
1756 513 1870 548 ἀσεϐή-

1062 573 1137 591 σεται
1159 563 1247 598 λέγων
1267 562 1335 598 πρὸς
1357 562 1402 588 τὸν
1422 560 1542 596 Ἰησοῦν·
1563 570 1572 586 ι
1594 559 1666 594 Ἐγὼ
1684 560 1782 596 χρείαν
1805 559 1869 594 ἔχω

1061 610 1113 637 ὑπὸ
1128 610 1174 637 σοῦ
1190 609 1384 645 βαπτισθῆναι.
1396 617 1406 634 ι
1426 607 1492 634 Ἰδοὺ
1510 607 1574 643 γὰρ,
1593 606 1646 633 ίδοῦ
1665 607 1756 634 καίτοι
1770 606 1803 633 τὸ
1820 605 1870 632 τέ-

1061 657 1132 684 λειον
1151 656 1220 692 ἔχων
1241 658 1269 683 ἐν
1286 656 1386 692 ἀρετῇ,
1410 655 1460 690 τῆς
1477 654 1521 681 διὰ
1544 653 1591 680 τοῦ
1609 653 1768 689 Πνεύματος
1791 653 1869 680 ἁνα-

1060 703 1214 738 γεννήσεως
1228 703 1278 737 τὴν
1294 702 1374 738 χάριν
1391 702 1472 733 αἰτεῖ,
1489 700 1527 732 ὡς
1548 701 1588 732 είς
1601 700 1632 727 τὸ
1648 701 1741 736 μεῖξον
1759 700 1776 735 ἦ
1795 700 1868 726 καθ’

1060 748 1158 776 ἑαυτὸν
1180 748 1214 775 δι’
1237 748 1322 783 αὐτῆς
1347 746 1568 782 ἀναϐησόμενος,
1593 747 1640 773 καὶ
1661 746 1692 773 τὸ
1715 746 1766 782 μὲν
1788 743 1868 772 εἶναι

1061 795 1190 830 γεννητὸς
1206 794 1336 829 γυναικὸς
1355 793 1404 828 οὺχ
1425 793 1494 826 ’ἐξων
1520 792 1570 824 ἔτι,
1589 792 1656 828 πρὸς
1673 792 1701 819 δὲ
1717 792 1767 827 τὴν
1783 791 1868 819 θείαν

1061 841 1201 876 εὐγένειαν
1222 839 1476 875 ἀναμορφούμενος.
1497 839 1606 866 Βεὸαιοϊ
1623 839 1652 865 δὲ
1669 838 1789 874 μάλιστα
1811 837 1866 872 τὴν

1060 887 1106 914 ἐπὶ
1129 887 1217 922 τούτῳ
1240 886 1333 913 πίστιν
1347 887 1362 912 ὁ
1375 885 1482 921 Σωτήρ·
1498 885 1601 920 Ἔχεις,
1624 881 1646 912 ὦ
1659 880 1747 918 οὗτος,
1762 883 1793 910 τὸ
1820 884 1868 910 τέ-

1059 934 1131 960 λειον
1155 933 1184 959 ἑν
1200 932 1324 967 ἀγαθοῖς,
1341 931 1391 958 οὐκ
1414 930 1510 963 εἰπὼν,
1534 931 1581 957 καὶ
1596 931 1657 966 δίχα
1672 930 1718 957 τοῦ
1742 930 1789 957 διὰ
1814 929 1868 965 βα-

1060 979 1214 1014 πτίσματος
1240 977 1396 1012 ἀγιασμοῦ,
1426 976 1535 1008 ἀλλ’ὡς
1549 977 1577 1003 ἐν
1603 976 1682 1012 χρείᾳ
1699 976 1749 1010 μὲν
1775 975 1866 1002 αὐτοῦ

1059 1025 1108 1052 καὶ
1127 1024 1187 1051 λίαν
1205 1024 1323 1059 ὑπάρχοι
1340 1023 1477 1050 συννεύων
1493 1024 1540 1050 καὶ
1558 1022 1765 1058 συντιθέμενος,
1784 1024 1866 1049 οἰκο-

1059 1070 1179 1106 νομικῶς
1193 1070 1221 1097 δὲ
1237 1070 1287 1105 τὴν
1305 1070 1385 1106 χάριν
1397 1069 1484 1105 ἑτέρῳ
1497 1069 1640 1104 φυλάττων
1655 1068 1754 1104 καιρῷ.
1772 1067 1866 1095 Τοῦτο

1059 1118 1114 1153 γὰρ
1129 1117 1162 1152 δὴ
1182 1116 1229 1143 καὶ
1247 1116 1350 1151 νομίζω
1365 1115 1405 1149 τὸ,
1427 1125 1437 1142 ‹
1454 1116 1540 1151 Ἀφες
1557 1115 1630 1150 ἄρτι,
1644 1124 1653 1141 ›
1672 1114 1782 1150 δηλοῦν.
1798 1114 1865 1141 Ὅτι

1059 1165 1087 1191 δὲ
1106 1164 1186 1192 πάλιν
1200 1163 1322 1200 οὐρανῶν
1339 1163 1478 1198 βασιλείαν
1498 1162 1632 1190 ἀποκαλεῖ
1645 1161 1695 1198 τὴν
1712 1161 1760 1188 τοῦ
1785 1160 1864 1187 θείου

1060 1212 1219 1247 Πνεύματος
1234 1211 1316 1243 δόσιν,
1337 1211 1385 1238 καὶ
1398 1211 1448 1246 τὴν
1464 1211 1498 1237 δι’
1510 1209 1592 1237 αὐτοῦ
1609 1211 1665 1241 τοῖς
1681 1208 1863 1236 πιστεύουσιν

1059 1258 1100 1289 εἱς
1120 1257 1187 1284 Θεδν
1208 1257 1398 1292 ἀναγέννησιν,
1421 1256 1452 1282 οὔ
1475 1255 1588 1292 μακρῶν
1605 1257 1671 1291 ἡμῖν
1694 1256 1789 1291 δεήσει
1812 1254 1862 1280 πό-

1059 1312 1124 1334 νων,
1138 1303 1178 1334 εἰς
1193 1303 1394 1338 ἐναργεστάτην
1410 1301 1558 1335 ἀπόδειξιν,
1573 1301 1668 1334 ἀλλ’ὲξ
1681 1301 1774 1328 αὐτῶν
1788 1300 1867 1327 εἰσό-

1061 1348 1132 1385 μεθα
1149 1348 1204 1374 τῶν
1226 1347 1273 1374 τοῦ
1297 1348 1424 1384 Σωτῆρος
1441 1347 1588 1384 ῥημάτων’
1607 1356 1616 1372 ι
1643 1347 1707 1373 ’Λπὺ
1733 1347 1790 1382 γὰρ
1808 1347 1864 1374 τῶν

1059 1393 1172 1429 ἡμερῶν
1190 1394 1314 1421 Ἰωάννου
1341 1393 1394 1425 ἓως
1410 1393 1488 1428 ἄρτι,
1515 1393 1607 1428 φησιν,
1623 1393 1639 1428 ἡ
1662 1392 1790 1428 βασιλεία
1808 1393 1862 1419 τῶν

1059 1439 1182 1474 οὐρανῶν
1199 1439 1332 1474 βιάζεται,
1353 1438 1400 1466 καὶ
1426 1438 1534 1473 βιασταὶ
1550 1438 1720 1473 ἁρπάζουσιν
1735 1438 1835 1472 αὑτήν.
1851 1448 1860 1463 ι

1063 1485 1190 1513 Ἰωάννου
1209 1485 1262 1521 γὰρ
1276 1487 1307 1521 δὴ
1322 1485 1361 1517 τὺ,
1379 1494 1388 1510 ι
1408 1485 1587 1520 Ἑτοιμάσατε
1602 1484 1650 1520 τὴν
1665 1484 1726 1511 eam
1739 1484 1860 1520 Κυρίου,

1022 1533 1045 1564 C
1061 1531 1187 1566 βοῶντος,
1203 1531 1311 1563 εὐθείας
1329 1533 1429 1558 ποιεῖτε
1442 1531 1491 1562 τὰς
1505 1530 1615 1567 τρίϐους
1628 1529 1724 1562 αὑτοῦ,
1735 1540 1746 1556 ι
1767 1530 1862 1556 πολλοι

1059 1577 1113 1605 τῶν
1126 1578 1318 1613 ἀκροωμένων,
1334 1578 1380 1604 τὸν
1394 1578 1422 1604 ὲν
1437 1577 1586 1613 ἁμαρτίαις
1598 1578 1636 1604 ἔτι
1649 1577 1696 1604 καὶ
1712 1578 1862 1612 ἀσχήμονα

1058 1625 1275 1660 παραιτούμενοι
1294 1625 1362 1660 βίον,
1387 1625 1480 1660 ἐφέσει
1498 1634 1527 1652 τε
1545 1626 1577 1661 τῇ
1603 1625 1672 1660 πρὸς
1696 1626 1727 1651 τὸ
1746 1624 1862 1661 ἄμεινον

1059 1671 1109 1698 σὺν
1124 1671 1170 1707 βία
1187 1672 1234 1698 καὶ
1247 1671 1315 1706 τόνῳ
1331 1672 1375 1698 τὸν
1398 1673 1497 1699 οἰκεῖον
1521 1672 1560 1703 εἰς
1581 1671 1680 1707 ἀρετὴν
1702 1671 1860 1706 ἀναρυθμί-

1059 1716 1151 1749 ζοντες
1163 1717 1264 1753 τρόπον
1282 1718 1418 1752 ,γεννητοὶ
1433 1717 1500 1744 Θεοῦ
1517 1717 1562 1744 διὰ
1577 1718 1738 1753 Πνεὺματος
1752 1718 1861 1744 ἀνεδεί-

1059 1769 1166 1793 κνυντο,
1182 1762 1385 1797 πεφωτισμένοι
1398 1762 1443 1789 τὸν
1459 1762 1520 1789 νοῦν
1535 1763 1581 1789 καὶ
1597 1763 1801 1799 κεκαθαρμένοι
1816 1763 1860 1790 διὰ

1057 1806 1105 1834 τοῦ
1122 1807 1200 1841 ἁγίου
1216 1807 1415 1843 βαπτίσματος.
1429 1809 1464 1834 Ἢ
1484 1809 1563 1844 εἴπερ
1579 1809 1629 1835 οὐκ
1650 1808 1741 1844 ὀρθῶς
1764 1818 1795 1836 τε
1813 1810 1860 1836 καὶ

1058 1852 1216 1886 ἀναγκαίως
1231 1853 1358 1888 εἰρῆσθαι
1374 1853 1408 1880 τὰ
1424 1853 1538 1880 τοιαῦτα
1557 1853 1632 1880 δοκεῖ
1651 1855 1708 1885 τοῖς
1730 1853 1782 1889 τὴν
1801 1854 1859 1880 ἐτέ-

1059 1907 1110 1934 ραν
1127 1899 1309 1935 πρεσϐεύουσι
1326 1899 1415 1932 δόξαν,
1431 1899 1632 1927 διδασκέτωσαν
1649 1901 1710 1927 ὅτου
1727 1901 1761 1936 δὴ
1776 1901 1858 1936 χάριν

1058 1945 1090 1971 ὲκ
1105 1944 1159 1971 τῶν
1185 1944 1308 1972 Ἰωάννου
1334 1946 1416 1982 φησιν
1439 1946 1553 1981 ἡμερῶν
1576 1946 1625 1982 τὴν
1650 1947 1704 1972 τῶν
1730 1947 1857 1982 οὐρανῶν

1059 1989 1197 2025 βασιλείαν
1225 1991 1413 2026 ἁρπάζεσθαι,
1429 1991 1467 2023 ὡς
1491 1991 1597 2022 οὐδενὸς
1620 1991 1673 2027 ἄρα
1694 1991 1749 2026 πρὸ
1772 1991 1856 2018 αὐτοῦ

1057 2036 1107 2071 τὴν
1126 2037 1180 2063 τῶν
1202 2037 1324 2073 οὐρανῶν
1346 2037 1483 2072 βασιλείαν
1509 2037 1691 2073 ἁρπάσαντος.
1714 2037 1768 2064 Ποῖ
1790 2045 1856 2064 ποτε

1059 2080 1106 2108 οὖν
1129 2083 1184 2118 ἄρα
1198 2082 1251 2109 τῶν
1268 2083 1416 2118 προφητῶν
1433 2084 1449 2118 ὴ
1472 2082 1550 2114 ἐλπὶς
1573 2083 1729 2119 οἱχήσεται;
1751 2082 1784 2108 Τί
1798 2082 1827 2109 δὲ
1843 2083 1856 2108 ὁ

1057 2126 1186 2158 τοσοῦτος
1213 2127 1266 2153 τῶν
1291 2128 1376 2162 ἁγίων
1398 2127 1497 2163 πράξει
1521 2128 1611 2163 χορὸς,
1636 2128 1714 2163 εἴπερ
1731 2126 1787 2159 ἔξω
1807 2127 1856 2163 τῆς

1057 2171 1112 2197 τῶν
1136 2172 1258 2207 οὐρανῶν
1280 2172 1420 2208 βασιλείας
1438 2174 1578 2206 κείσεται;
1601 2173 1661 2200 τότε
1684 2173 1717 2208 δὴ
1744 2173 1856 2209 πρῶτον

1023 2210 1044 2237 Ῑ)
1059 2216 1106 2242 τοῦ
1129 2217 1300 2253 ἁρπάζεσθαι
1316 2219 1450 2255 λαϐούσης
1471 2220 1568 2255 ἀρχὴν,
1583 2220 1627 2246 ὅτε
1645 2220 1754 2255 χρόνοις
1774 2221 1856 2246 ὑστε-

217 2268 303 2302 ρήσας
321 2269 445 2304 μακροῖς,
479 2267 621 2302 ἀνεδείχθη
641 2266 715 2302 μόλις
728 2267 741 2292 ὁ
773 2265 939 2300 Βιπτιστὴς,
960 2274 968 2290 ι
994 2265 1167 2297 Μετανοεῖτε,
1183 2266 1268 2300 λέγων
1284 2275 1291 2281 ο
1314 2267 1413 2303 ἦγγικε
1439 2268 1493 2304 γὰρ
1513 2270 1529 2304 ὴ
1548 2269 1671 2304 βασιλεία
1692 2268 1748 2294 τῶν
1770 2268 1856 2303 0-3pm-

215 2313 278 2340 νῶν.
299 2323 307 2339 ι
332 2314 400 2341 Ἀλλ’
421 2314 494 2340 ἔστιν
517 2314 692 2344 εὐσύνοπτον,
711 2311 749 2343 ὡς
766 2311 932 2346 ηὐτρέπιστο
954 2311 1005 2346 μὲν
1023 2311 1080 2343 τοῖς
1114 2312 1200 2346 ἁγίοις
1217 2313 1247 2339 τὺ
1276 2314 1304 2340 ὲν
1321 2313 1446 2350 βασιλείᾳ
1466 2314 1599 2349 γίνεσθαι,
1616 2315 1663 2341 καὶ
1679 2313 1777 2346 πάλαι,
1806 2315 1853 2341 ac:

215 2361 246 2396 δὴ
263 2362 309 2388 καὶ
326 2362 496 2397 σομμόρφοις
521 2361 672 2396 ὑπάρχουσι
696 2360 745 2394 τῆς
771 2360 874 2391 εἰκόνος
890 2359 936 2386 τοῦ
953 2359 1016 2386 Tim":
1034 2360 1127 2392 αὑτοῦ,
1148 2362 1196 2387 καὶ
1215 2361 1257 2388 διὰ
1278 2363 1356 2388 τοῦτο
1378 2363 1614 2399 προεγνωσμένοις
1646 2363 1722 2398 παρὰ
1737 2363 1777 2398 τῷ
1795 2363 1854 2398 Θεῷ

215 2407 262 2433 καὶ
278 2407 372 2442 Πατρί.
391 2407 469 2433 Κατὰ
486 2406 514 2432 δὲ
531 2406 576 2432 τὸν
593 2406 716 2432 Ἰωάννου
732 2405 837 2440 καιρὸν,
855 2404 902 2431 καὶ
914 2404 1007 2432 λοιπὸν
1026 2406 1135 2441 ἐφεξῆς,
1183 2406 1230 2432 τοῦ
1247 2407 1404 2443 Ιῖνειὶματος
1426 2408 1500 2440 δόσις
1522 2409 1569 2435 καὶ
1586 2410 1602 2444 ὴ
1619 2408 1664 2435 διὰ
1697 2408 1746 2434 τοῦ
1773 2409 1853 2443 ἁγίου

216 2453 402 2489 βαπτίσματος
433 2454 471 2484 εἰς
491 2452 556 2478 Θεὸν
574 2451 764 2487 ἁναγέννησις,
781 2452 823 2478 διὰ
859 2452 976 2484 πίστεως
998 2452 1162 2487 ἀρπάζεται,
1198 2454 1370 2488 Πανταχόθεν
1391 2454 1479 2482 τοίνυν
1506 2454 1733 2490 ἀποδεδειγμένου
1759 2456 1852 2490 σαφῶς

215 2500 260 2527 τοῦ
278 2500 465 2536 θεωρήματος,
486 2500 609 2535 περιττὸν
627 2499 675 2535 ἤδη
700 2500 869 2534 φαίνεταιτὸ
892 2500 1003 2536 μείζονά
1022 2510 1086 2528 ποτε
1119 2501 1166 2528 τοῦ
1187 2503 1314 2538 Σωτῆρος
1339 2503 1447 2530 ἔσεσθαι
1467 2505 1512 2530 τδν
1530 2504 1655 2539 Ἰωάννην
1689 2503 1851 2540 ὑπολαμϐά-

214 2555 279 2574 νειν.
304 2546 333 2572 Εἰ
361 2546 389 2572 δὲ
409 2545 486 2572 τοῦτο
510 2546 622 2580 ἀληθὲς,
649 2546 767 2574 λελύσθω
784 2547 865 2574 πάλιν
893 2546 946 2574 τῶν
964 2547 997 2575 δι’
1019 2548 1142 2581 ἐναντίας
1158 2549 1312 2585 πρόϐλημα.

253 2634 284 2648 ἐ·
299 2632 390 2660 Matth.
409 2641 427 2667 I,
442 2633 484 2661 Η.
525 2633 545 2648 ⁵⁷
563 2633 617 2661 Ibid
649 2634 691 2662 15.
732 2634 754 2650 ⁸⁸
767 2633 860 2663 Matth.
875 2643 914 2668 xl,
933 2635 974 2662 l2.

782 2633 860 2663 lallh.
875 2643 914 2668 xl,
933 2635 974 2662 12.
1015 2636 1037 2652 "
1050 2635 1143 2664 Matth.
1167 2645 1208 2668 In.
1223 2637 1250 2665 5.
1289 2637 1311 2653 "
1329 2637 1423 2666 Matth.
1441 2646 1477 2672 tv,
1497 2639 1534 2666 l7.
