1904 3026
45 188 79 215 ti‘l
737 193 847 222 'BUESA
855 193 956 225 URUS.

267 251 458 298 ΛΟΓΟΣ
496 256 567 306 ΙΒ.

44 341 80 373 ΕΙς
90 339 126 372 τὸ,
139 347 148 364 t
164 339 340 382 Ἑρ.τῷ
354 343 455 382 Ιζαζρῗὶῗ,
469 344 520 382 κᾳὶ
531 345 553 382 d_
560 345 661 382 Πᾳτὴρ
672 345 708 373 ἐν
719 346 795 382 ἐμοὶ,
807 357 816 373 ι

125 373 181 408 καὶ,
201 383 210 401 ι
230 375 306 411 Ἐγὼ
321 373 377 405 ita;
388 373 523 414 d'narhp
538 379 573 406 ἓν
584 373 686 415 scier.
701 391 710 407 ι

154 442 318 478 Ἁντίθεσις
336 446 377 479 ὡς
396 446 430 473 ἐκ
449 446 509 474 τῶν
527 448 691 482 αἱρετικῶν.

68 500 146 532 υῦδὲν,
161 501 236 535 φασὶ,
252 501 427 536 θαυμαστὸν,
443 504 467 530 εἰ
481 505 495 529 ὁ
511 504 607 541 Πατήρ
622 506 695 532 ἐστιν
708 506 736 533 ὲν
751 506 818 542 Υὶῷ,

42 546 169 577 utam;
182 546 211 572 ὲν
228 547 324 583 Ila-cpi.
336 569 344 581 ,
367 550 433 576 ὅπου
453 550 498 577 καὶ
522 551 586 586 περὶ
608 551 686 587 ἡμῶν
702 552 729 578 αἱ
750 552 819 579 θεῖαι

42 592 127 625 λέγουσι
139 592 243 627 Γραφαὶ
258 593 302 620 ὅτι
319 603 329 620 ι
343 594 387 621 Ἐν
402 595 477 631 αὐτῷ
491 596 583 631 ζῶμεν
596 597 643 623 καὶ
658 597 817 634 κινούμεθα,

42 637 76 662 ul
90 637 173 672 ἐσμέν.
186 646 195 662 ι
214 638 327 676 Ὠσπερ
343 638 391 668 οὖν
406 642 454 668 καὶ
474 643 555 678 ἡμεῖς
575 644 604 670 ὲν
622 644 696 680 αὑτῷ
716 643 818 680 ζῶμεν,

42 683 76 709 ut
94 683 244 718 κινούμεθα,
267 686 319 713 καὶ
343 686 438 722 ἐσμὲν,
461 687 587 724 καθάπερ
602 689 726 725 εἴρηται,
749 689 820 716 οὕτω

43 728 77 754 καὶ
88 729 100 754 6
111 728 170 760 Υἱός
184 730 260 756 ἐστιν
275 732 306 758 ὲν
323 732 422 767 Πατρί.
443 732 504 764 Πῶς
519 733 574 769 γὰρ
588 731 644 761 οἶόν
661 743 691 760 τε
708 734 820 770 μείζονα

43 777 90 802 6m
105 775 145 802 τοῦ
161 775 223 802 Υἱοῦ
244 779 351 813 χωρεῖν
366 780 394 805 ὲν
411 779 485 814 αὐτῷ
500 779 546 806 τὸν
565 780 692 815 “nepa;
707 781 742 807 Ἣ
760 780 819 812 πῶς

43 825 95 851 κιτά
107 825 168 852 πολὺ
180 826 227 853 τοῦ
246 827 360 863 Πατρὸς
376 829 572 864 ἐλαττούμενος
585 831 599 856 6
612 830 686 863 Υἱὸς,
703 831 730 857 ὲν
745 830 819 866 αὐτῷ

42 872 142 906 χωρῆσαι
154 873 298 909 δυνήσεται
314 877 364 902 καὶ
380 876 523 912 πληρῶσαι
539 877 569 904 τὸ
586 877 696 913 μεῖζον;

263 931 347 965 Πρὸς
363 932 451 959 τοῦτο
468 933 570 967 λύσις.

68 983 92 1008 ΕΞ
100 983 215 1020 καθάπερ
228 985 313 1021 σῶμα
326 987 356 1013 ἐν
369 986 474 1023 σώματι
488 990 587 1025 χωρεῖν
598 990 685 1017 οἴεσθε
699 990 743 1018 τὸν
755 991 819 1019 Υίὸν

44 1029 64 1054 ἐν
77 1029 161 1065 Πατρὶ,
175 1031 291 1063 είκότως
307 1032 353 1063 ἂν,
376 1031 465 1069 οἶμαι,
480 1035 529 1062 καὶ
545 1035 638 1071 ζητεῖν
652 1037 756 1064 ἕλοισθε
773 1037 819 1065 τὸν

44 1077 72 1106 εἰς
85 1076 201 1111 ἀλλήλους
221 1077 462 1115 ἀντεμὸιϐασμόν.
481 1081 543 1108 Ἐπὶ
564 1081 614 1117 μὲν
629 1082 684 1118 γὰρ
705 1083 819 1116 σκεύους

44 1121 174 1156 ὀστρακίνου
187 1124 269 1158 τυχὸν
287 1125 304 1160 ἢ
322 1125 352 1159 ἐξ
368 1126 464 1162 ἐτέρας
479 1128 552 1160 τινὸς
567 1127 634 1164 ὕλης
651 1138 818 1157 κατεσκευα-

46 1169 131 1202 σμένου,
143 1170 190 1196 οὐκ
203 1170 333 1206 ἄκομψον
351 1172 416 1204 ἴσως
431 1172 461 1199 τὺ
477 1173 568 1208 λέγειν
583 1174 620 1210 μὴ
638 1175 767 1203 δύνασθαι
788 1176 819 1203 τὸ

45 1212 114 1245 μεῖξον
144 1212 180 1248 τῷ
209 1214 338 1242 ἐλάττονι
364 1217 491 1250 γενέσθαι
523 1219 665 1255 χωρητὸν,
698 1221 759 1257 μηδ’
782 1219 816 1248 αὖ

45 1259 105 1284 πάλιν
116 1259 142 1285 τὸ
156 1259 264 1288 ἔλαττον
284 1262 463 1298 ἀναπληροῦν
477 1265 508 1291 τὸ
524 1266 626 1300 μεῖζον.
644 1267 706 1294 Ἐπὶ
719 1268 747 1294 δὲ
764 1268 818 1295 τῶν

45 1304 178 1339 ἀσωμάτων,
197 1307 244 1333 καὶ
268 1304 310 1335 ὧν
328 1310 345 1340 ἡ
371 1309 451 1344 φύσις
469 1310 499 1337 τὺ
516 1311 548 1338 ἔκ
567 1321 640 1345 τινος
664 1313 730 1350 ὕλης
748 1313 817 1342 εἶναι

45 1351 194 1386 διαπέφευγε,
216 1354 294 1380 ποῖον
314 1354 349 1381 ἂν
369 1354 426 1390 ἔχει
449 1356 529 1391 λόγον
549 1358 564 1393 ἡ
592 1359 744 1394 «ptimo-Lg;
761 1361 817 1388 Καὶ

44 1396 109 1424 ταῦτά
125 1407 207 1433 φαμεν
228 1400 267 1432 ὠς
283 1401 355 1437 πρὸς
371 1402 401 1429 τὸ
417 1403 514 1439 παρὸν,
530 1404 560 1431 τὸ
580 1406 645 1442 παρ’
659 1406 724 1442 ὑμῖν
743 1409 817 1443 ἀμα-

45 1442 84 1474 Θῶς
95 1444 278 1481 ὑπονοούμενον
301 1450 542 1484 συγχωρήσαντες,
557 1453 604 1479 καὶ
619 1453 745 1490 καθάπερ
766 1455 816 1482 αύ-

45 1489 75 1515 τοὶ
100 1491 263 1527 πλανώμενοι
285 1495 503 1528 πεπιστεύκατε,
528 1498 641 1533 μείζονα
674 1500 721 1527 τοῦ
748 1501 815 1528 Υίοῦ

46 1533 98 1563 εἶναι
110 1537 191 1572 λέγειν
208 1539 254 1565 τὸν
266 1540 391 1576 Πατέρα·
407 1543 421 1568 6
436 1542 464 1569 δὲ
475 1543 525 1578 τῆς
537 1544 664 1580 ἀληθείας
676 1546 756 1581 λόγος
766 1548 815 1584 οὐχ

45 1582 109 1614 οὕτως
121 1583 181 1618 ἔχει.
196 1586 276 1612 Ἐστι
296 1586 352 1623 γὰρ
368 1588 424 1619 [σος
446 1588 485 1624 τῷ
509 1591 597 1626 [lupi
618 1592 688 1619 κατὰ
710 1594 810 1622 πάντα.

1610 205 1659 233 178

1048 265 1334 315 ASSEBTIO
1369 272 1484 315 ΧΗ.

869 349 902 378 In
926 351 1015 379 illud:
1034 352 1117 393 (“Ego
1138 355 1174 393 iit
1187 344 1279 387 Patre,
1303 362 1326 384 et
1346 357 1424 384 Pater
1448 358 1474 385 in
1498 359 1579 393 me";
1599 369 1608 386 ι
1625 364 1660 393 et,

1014 397 1023 413 ι
1038 388 1094 424 Ego
1111 394 1135 416 et
1153 389 1235 418 Pater
1254 400 1335 419 unum
1355 401 1447 420 sumus
1456 393 1490 420 ⁷³.
1508 403 1517 420 ι

1095 456 1215 492 Objeclio
1237 458 1433 488 Itwreticorttm.

905 510 977 538 Nihil
993 512 1090 540 mirum
1113 519 1164 547 est,
1184 515 1320 551 inquiunt,
1344 517 1365 544 si
1383 517 1462 545 Pater
1477 523 1518 545 est
1539 519 1564 546 in
1581 519 1659 551 Filio,

870 562 896 584 et
912 557 997 585 Filius
1021 559 1046 586 in
1069 559 1161 594 Patre,
1189 570 1250 589 cum
1276 565 1308 591 de
1330 564 1406 591 nobis
1424 565 1505 592 etiam
1523 566 1601 601 107
1619 574 1661 593 sa-

870 610 922 630 crae
943 604 1091 640 Scripturae
1115 607 1216 642 dicant,
1235 610 1305 643 quod
1323 620 1332 636 ι
1349 611 1377 637 ln
1402 611 1460 646 ipso
1487 612 1615 646 vivimus,
1635 618 1660 640 et

870 657 1029 684 mct'emur,
1056 657 1083 680 et
1116 655 1254 683 sumus".
1272 665 1281 681 ι
1317 656 1550 689 Quemadmodum
1579 660 1660 695 igitur

870 697 950 723 etiam
971 705 1022 725 nos
1038 699 1064 726 in
1087 699 1145 734 ipso
1157 700 1283 733 vivimus,
1302 707 1328 729 et
1346 710 1496 737 movemur,
1514 710 1540 732 et
1553 713 1658 739 sumus,

869 742 940 769 sicut
960 743 1091 779 scriptum
1110 750 1161 778 est,
1184 746 1220 773 ita
1237 751 1264 774 et
1286 748 1371 775 Filius
1388 755 1429 776 est
1447 751 1473 777 in
1490 750 1579 778 Patre.
1601 752 1659 785 Quo

870 791 948 822 pacto
968 788 1039 815 enim
1053 788 1111 817 fieri
1125 794 1224 824 potest,
1239 796 1268 818 ut
1289 791 1369 820 Pater
1387 801 1446 820 cum
1466 795 1552 828 major
1563 796 1599 822 sit
1615 796 1659 822 Fi—

869 832 915 865 lio,
944 833 971 860 in
996 840 1029 861 eo
1046 834 1244 862 contineatur?
1266 836 1319 864 Aut
1343 838 1478 870 quomodo
1498 839 1589 872 Filius,
1615 841 1660 874 qui

870 878 954 906 multo
973 879 1063 907 minor
1077 885 1129 914 est,
1150 880 1280 915 majorem
1301 882 1413 916 implere
1428 884 1526 918 possit?

1133 937 1234 966 Salutio
1249 939 1413 974 objectiouis.

906 993 934 1021 Si
954 999 1096 1030 utcorpus
1119 1004 1234 1032 corpore
1261 998 1428 1030 continetur,
1455 998 1493 1026 ita
1513 999 1611 1027 Filium
1636 1001 1663 1029 in

871 1039 951 1067 Patre
964 1041 1098 1068 contineri
1115 1042 1290 1077 existimatis,
1306 1043 1404 1070 merito
1422 1044 1537 1072 fortasse
1552 1045 1663 1073 alterius

870 1085 896 1112 in
921 1084 1008 1112 altero
1033 1086 1233 1121 impositionem
1267 1087 1407 1122 qnmratis.
1445 1087 1512 1115 Nam
1543 1089 1569 1115 in
1600 1096 1663 1116 vase

870 1130 990 1165 ﬁgulino,
1015 1136 1061 1160 aut
1082 1140 1115 1160 ex
1135 1133 1187 1161 alia
1209 1133 1300 1168 aliqua
1324 1134 1438 1161 materia
1457 1134 1585 1166 conﬂato.
1608 1143 1662 1163 non

869 1177 961 1212 inepte
989 1178 1131 1212 dixeritis,
1157 1180 1246 1214 majus
1271 1180 1297 1207 in
1321 1181 1427 1210 minore
1449 1181 1585 1209 contineri
1609 1190 1661 1208 non

868 1231 968 1260 posse:
984 1232 1072 1260 neque
1093 1233 1188 1253 rursus
1200 1226 1290 1254 minus
1303 1234 1383 1261 posse
1408 1227 1520 1262 implere
1543 1227 1568 1254 id
1590 1229 1662 1262 quod

868 1269 956 1303 majus
971 1276 1022 1298 est.
1047 1270 1075 1298 In
1093 1271 1261 1307 incorporcis
1285 1280 1362 1306 vero,
1385 1277 1412 1300 et
1428 1281 1542 1308 quorum
1567 1280 1662 1302 natura

868 1316 957 1344 omnis
968 1317 1089 1345 materia:
1100 1325 1198 1352 expers
1206 1323 1258 1350 est,
1269 1326 1348 1353 quem
1360 1318 1448 1346 locum
1461 1319 1560 1346 habeat
1573 1323 1662 1348 vestra

867 1360 1129 1396 propositio'lAtqne
1142 1362 1199 1389 hmo
1213 1363 1322 1397 quidem
1334 1363 1359 1389 in
1372 1364 1518 1398 praesentia
1534 1364 1662 1396 diximus,

868 1407 969 1443 aliquid
990 1415 1006 1435 a
1033 1408 1111 1435 vobis
1137 1408 1261 1442 imperite
1285 1409 1387 1438 dictum
1414 1411 1604 1442 concedentes.
1635 1416 1663 1438 et

868 1454 1096 1488 quemadmodum
1111 1462 1160 1482 vos
1172 1459 1296 1482 errantes
1309 1455 1474 1488 credidistis,
1490 1455 1598 1484 Patrem
1617 1456 1662 1484 Fi-

867 1498 903 1526 lio
919 1498 1049 1533 majorem
1078 1499 1239 1532 dicendum;
1261 1500 1384 1528 veritatis
1408 1505 1499 1528 autem
1515 1502 1584 1529 ratio
1608 1509 1660 1529 non

867 1543 903 1571 ita
917 1551 946 1571 se
959 1544 1041 1571 habet
1056 1553 1063 1571 :
1077 1549 1118 1572 est
1131 1545 1204 1571 enim
1217 1545 1331 1579 tequalis
1343 1544 1415 1572 Patri
1429 1553 1478 1579 per
1492 1546 1592 1573 omnia.
1608 1546 1662 1574 Sed

868 1597 956 1625 neque
974 1597 1022 1617 vos
1038 1590 1170 1625 ejusmodi
1195 1591 1286 1618 verbis
1308 1599 1407 1618 usuros
1422 1592 1614 1625 existimarint,
1640 1595 1661 1620 si

47 1625 109 1662 οἶμαι
127 1630 146 1656 δ’
164 1628 195 1658 αὖ
210 1633 261 1659 οὐκ
285 1633 322 1660 ἂν
346 1634 418 1668 ὑμᾶς
441 1635 510 1667 ὅλως
531 1637 638 1670 τούτοις
658 1640 813 1675 χρήσασθαι

880 1635 1054 1670 ntelligeretis
1066 1636 1130 1670 quid
1148 1636 1184 1663 sit
1195 1643 1274 1664 verus
1287 1636 1377 1670 Pater,
1396 1638 1459 1673 quid
1473 1647 1551 1666 verus
1565 1639 1660 1672 Filius,

46 1675 86 1706 toi;
96 1674 182 1710 λόγοις,
197 1678 275 1713 εἷπερ
290 1679 381 1714 ᾔδειτε
399 1679 424 1706 τί
439 1680 512 1707 ἐστιν
529 1682 657 1718 ἀληθινὸς
678 1685 691 1711 6
705 1674 812 1722 Πατὴρ,

47 1721 80 1746 καὶ
92 1721 203 1757 ἀληθινῧς
215 1726 229 1750 ὁ
245 1725 322 1758 Υἱὸς,
340 1727 388 1753 καὶ
404 1728 430 1754 τί
448 1728 505 1762 φῶς
522 1729 638 1764 ἀόρατον
659 1731 704 1758 καὶ
718 1732 813 1767 ἀΐδιον,

47 1767 81 1792 ul.
99 1769 124 1795 τὸ
140 1770 310 1808 ἀπαύγασμα
333 1773 428 1806 αὑτοῦ,
451 1775 498 1802 καὶ
516 1776 541 1802 τί
558 1777 638 1803 πάλιν
654 1778 728 1805 ἐστὶν
745 1779 815 1806 ἀσώ-

49 1822 111 1847 ματος
124 1816 263 1850 ὑπόστασις
273 1819 321 1845 καὶ
335 1821 478 1856 χαρακτὴρ
489 1822 643 1858 ἀσώματος.
656 1825 687 1850 Εἰ
699 1824 752 1860 γὰρ
764 1826 814 1858 τὰς

48 1861 156 1894 περὶτῶν
176 1865 304 1891 τοιούτων
330 1867 441 1902 μνήμας
459 1868 529 1895 κατὰ
544 1868 593 1904 τὴν
608 1870 709 1906 ἀκριϐῆ
728 1872 813 1898 xani-

46 1903 107 1939 11;’,'«'.v
122 1908 156 1939 si;
171 1908 230 1935 νοῦν
255 1911 420 1946 ὲμφορεῖτε,
444 1913 553 1945 πάντως
574 1914 606 1941 ἂν
624 1915 671 1942 καὶ
694 1917 743 1953 τὴν
767 1917 812 1944 τοῦ

47 1950 97 1977 Θεσῦ
119 1953 190 1986 φύσιν
221 1955 416 1991 ἐπινοήσαντες,
441 1959 490 1985 οὐκ
518 1959 550 1986 ἆν
576 1960 613 1992 ὡς
633 1962 697 1997 περὶ
717 1964 813 1998 σωμά-

47 2005 86 2023 των
103 1999 291 2036 ἑφεντὰζεσοε,
317 2003 377 2030 ἀλλ’
400 2005 556 2038 ἀκολούθως
581 2009 637 2040 τοῖς
657 2009 814 2045 εἰρημένοις

48 2043 142 2078 ἀκριΰῶς
157 2048 285 2083 ἐζητεῖτε,
304 2050 364 2081 πῶς
380 2051 430 2086 μὲν
442 2053 455 2079 6
475 2053 539 2085 Υἱὸς
552 2054 580 2080 ἐν
600 2043 697 2090 Πατρί,
711 2043 769 2088 ἐκῶς
785 2057 813 2083 δέ

48 2089 124 2136 ἐστινὸ
143 2093 233 2130 Πατὴρ
251 2095 280 2122 ὲν
299 2096 368 2132 Υίῷ.
393 2097 437 2129 Ὠς
453 2099 508 2133 γὰρ
530 2089 684 2136 χαρακτὴρ,
707 2102 755 2128 καὶ
773 2104 813 2129 εἰ-

48 2135 96 2168 κὼν,
108 2139 147 2163 καὶ
159 2139 329 2176 ἀπαύγασμα
352 2143 398 2169 καὶ
420 2144 557 2179 ὁμοιότης,
579 2143 656 2177 οὗτος
672 2147 701 2173 ἐν
716 2147 813 2183 ἐκείνῳ

48 2181 146 2215 κὶκείνος
159 2185 185 2211 ἐν
200 2187 288 2222 τούτῳ
313 2188 449 2222 φαίνεται.
471 2191 580 2227 Ἐπειδὴ
595 2191 622 2218 δέ
641 2200 709 2226 φατε
728 2193 813 2228 μηδὲν

48 2224 98 2254 εἶναι
115 2229 272 2266 θαυμαστὺν,
292 2234 317 2259 εἱ
333 2235 380 2261 καὶ
394 2237 407 2262 ὁ
426 2235 490 2267 Υἱός
506 2238 579 2264 ἐστιν
600 2239 627 2264 ὲν
644 2239 746 2274 Πατρὶ,
768 2239 813 2266 διὰ

47 2273 69 2297 τὸ
79 2275 116 2300 καὶ
136 2278 202 2311 ἡμᾶς
217 2280 246 2306 ὲν
262 2280 339 2315 αὐτῷ
355 2282 488 2309 κινεῖσθαι
506 2283 553 2309 καὶ
578 2283 637 2319 ζῇν,
663 2285 812 2319 ἀναγκαῖον

867 1682 975 1717 etquid
994 1682 1083 1710 lumen
1106 1682 1251 1715 invisibile,
1275 1688 1302 1711 et
1317 1689 1461 1717 arlcrnum,
1485 1690 1512 1712 et
1534 1687 1662 1720 splendor

866 1727 937 1763 ejtts,
957 1729 1059 1763 etquid
1077 1736 1185 1756 rursum
1202 1730 1356 1766 hypostasis
1376 1731 1537 1766 incorporea
1557 1737 1584 1759 et
1597 1733 1662 1760 cha-

866 1778 956 1802 racter
969 1775 1155 1810 incorporeus.
1170 1775 1238 1802 Nam
1253 1777 1275 1803 si
1292 1776 1349 1804 lucc
1365 1777 1390 1804 in
1410 1778 1568 1806 memoriam
1583 1786 1660 1806 revo—

865 1825 959 1848 cantes
968 1826 1124 1848 accuratam
1136 1821 1340 1858 perfectamque
1350 1831 1442 1850 eorum
1454 1824 1660 1860 intelligentiam

866 1870 957 1893 mente
971 1868 1164 1902 conceperitis,
1179 1873 1251 1896 certe
1268 1869 1402 1897 intellecta
1421 1875 1517 1898 natura
1531 1871 1590 1904 Dei,
1606 1880 1660 1899 non

865 1912 924 1941 haec
941 1922 1071 1950 corporea
1094 1915 1323 1950 imaginaremini,
1340 1917 1397 1949 sed,
1410 1925 1440 1944 ea
1459 1917 1564 1944 ratione
1579 1926 1659 1951 quam

865 1959 993 1992 diximus,
1013 1959 1133 1995 perfecte
1150 1961 1323 1995 inquireretis
1350 1970 1405 1996 quo
1426 1968 1505 1996 pacto
1530 1963 1614 1990 Filius
1633 1964 1658 1990 in

865 2003 944 2031 Patre
953 2004 998 2037 sit,
1010 2009 1102 2039 etquo
1112 2010 1189 2040 pacto
1201 2006 1281 2034 Pater
1293 2006 1318 2033 in
1332 2006 1410 2034 Filio.
1426 2007 1657 2040 Quemadmodum

865 2051 938 2077 enim
954 2051 1111 2084 character,
1129 2056 1156 2079 et
1179 2052 1276 2087 imago,
1297 2058 1323 2080 et
1338 2053 1484 2088 splendor,
1512 2059 1594 2089 atque
1618 2055 1658 2082 si-

865 2096 988 2124 militudo
1001 2097 1034 2129 ",
1053 2097 1098 2125 hic
1114 2098 1139 2124 in
1155 2098 1247 2131 illo,et
1264 2098 1308 2125 ille
1325 2099 1351 2126 in
1372 2099 1423 2126 hoc
1440 2100 1573 2128 cernitur.
1588 2100 1656 2129 Cum

864 2149 929 2170 vero
944 2143 1039 2171 dicatis
1056 2144 1122 2171 nihil
1137 2144 1235 2171 mirum
1252 2152 1323 2178 esse,
1335 2145 1357 2172 si
1375 2146 1460 2174 Filius
1476 2146 1512 2174 sit
1525 2147 1551 2174 in
1565 2147 1655 2181 Patre,

864 2189 926 2223 quia
939 2194 967 2216 et
980 2197 1028 2217 nos
1041 2189 1067 2217 in
1078 2190 1135 2225 ipso
1147 2198 1288 2218 movemur
1297 2197 1324 2219 ct
1335 2192 1462 2225 vivimus,
1473 2195 1657 2222 necessarium

864 2235 976 2263 omnino
994 2235 1132 2263 declarare
1151 2242 1318 2272 quantopere
1333 2238 1414 2266 etiam
1433 2240 1485 2268 hac
1502 2240 1528 2268 in
1550 2246 1626 2275 parte
1642 2249 1657 2268 ει

865 2290 929 2310 vero
941 2283 1084 2310 aberretis.
1098 2281 1191 2318 Neque
1203 2284 1274 2311 enim
1289 2287 1516 2319 quemadmodum
1535 2287 1606 2315 Deus
1617 2293 1658 2315 est

48 2318 102 2352 ὑμᾶς
111 2322 154 2348 κάν
165 2323 249 2360 τούτῳ
262 2325 330 2352 πολὺ
346 2326 541 2362 πλανωμένους
554 2328 686 2361 ἐπιδεῖξαι
702 2329 749 2355 καὶ
759 2330 810 2365 τῆς

880 2336 890 2354 a
902 2335 1064 2362 unoquoque
1079 2332 1234 2355 sanctorum
1246 2337 1347 2365 eosque
1356 2330 1518 2363 sanctiﬁcat,
1530 2331 1566 2357 ita
1575 2331 1656 2359 etiam

47 2365 148 2400 ἀληθείας
164 2370 350 2406 ὲχὸεεηκότας
369 2373 413 2399 τὸν
428 2374 500 2408 ὅρον.
516 2376 553 2402 Ού
571 2376 625 2411 γὰρ
642 2376 768 2412 καθάπερ
783 2378 811 2403 ἐν

49 2411 131 2449 ἑκάστῳ
149 2416 200 2443 τῶν
222 2418 309 2452 ἁγίων
329 2419 471 2454 γινόμενος
494 2421 508 2447 ὁ
524 2421 590 2453 Θεὸς
620 2422 727 2456 ἁγιάζει
746 2422 810 2449 τού-

47 2465 101 2503 700;,
115 2461 193 2494 οὕτως
214 2464 274 2491 ἐστὶ
292 2465 339 2492 καὶ
355 2466 386 2492 ὲν
402 2466 441 2501 τῷ
461 2467 582 2503 Χριστῷ.
610 2469 680 2495 Ἀλλ’
695 2469 776 2501 αὐτὸς
797 2470 811 2496 ὁ

48 2502 95 2536 Υἱὸς
111 2506 214 2543 δύναμίς
230 2511 290 2536 ἐστι
306 2510 353 2537 καὶ
372 2512 454 2546 σοφία
475 2502 522 2540 τοῦ
541 2502 662 2550 Πατρὸς,
687 2515 809 2549 ἁγιάζων

49 2550 114 2578 πάντα
127 2554 158 2581 τὰ
174 2556 320 2591 μετέχοντα
333 2558 417 2585 αὑτοῦ
431 2559 460 2586 ὲν
475 2560 575 2596 Πατρὶ,
590 2561 671 2592 αὐτὸς
685 2561 714 2588 δὲ
729 2561 810 2589 πάλιν

49 2596 70 2621 0'3
79 2600 135 2626 κατά
146 2609 201 2628 τινα
217 2603 366 2637 μετουσίαν
378 2604 456 2639 ἆγιος
470 2605 507 2633 ὢν
527 2605 623 2642 ὥσπερ
637 2608 728 2642 ἡμεῖς,
748 2607 810 2634 οὐδὲ

49 2644 100 2688 tum
111 2647 181 2682 χάριν
198 2649 257 2682 Υἱὸς
271 2651 459 2686 κεκλημένος,
476 2652 544 2679 ἀλλὰ
559 2653 682 2688 γέννημα
698 2654 747 2688 τῆς
761 2653 810 2681 τοῦ

49 2687 129 2725 Πατρδς
144 2694 233 2726 οὐσίας
253 2696 388 2732 ὑπάρχων
407 2697 503 2724 ἀΐδιον.
525 2698 582 2725 Οὐκ
601 2687 658 2725 ἔστι
679 2699 708 2726 δὲ
726 2687 812 2727 itan“

862 2377 904 2400 est
924 2373 948 2400 in
965 2373 1084 2401 Christo.
1095 2373 1146 2401 Sed
1156 2374 1212 2408 ipse
1224 2373 1309 2402 Filius
1320 2381 1361 2402 est
1373 2375 1504 2410 sapientia
1524 2375 1614 2404 Patris
1631 2381 1657 2403 et

859 2419 978 2453 potentia
1001 2419 1035 2452 "',
1054 2420 1228 2447 sanetilicans
1247 2422 1338 2448 omnia
1352 2422 1543 2456 participantia
1557 2423 1606 2457 ipsi
1628 2423 1655 2450 in

861 2465 978 2500 Spiritu:
989 2466 1046 2501 ipse
1055 2465 1198 2494 veronulla
1207 2467 1413 2502 participatione
1424 2472 1544 2501 sanctus,
1559 2473 1587 2496 ut
1595 2477 1653 2497 nos.

860 2511 913 2540 Sed
939 2519 1028 2547 neque
1042 2520 1091 2547 per
1107 2513 1223 2547 gratiam
1236 2518 1278 2540 est
1294 2513 1392 2546 Filius,
1407 2514 1477 2540 sicut
1487 2522 1547 2548 nos,
1561 2516 1609 2542 sed
1622 2516 1655 2542 ah

862 2562 964 2585 αξιοι-ιω
976 2566 1009 2586 ex
1028 2558 1146 2586 essentia
1160 2558 1249 2586 Patris
1266 2559 1383 2594 genitus.
1397 2559 1489 2594 Neque
1504 2568 1599 2588 rursus
1612 2561 1656 2588 Fi-

863 2603 914 2632 lius
926 2603 1102 2637 in~Patroest,
1113 2605 1184 2632 sicut
1198 2612 1249 2632 nos
1261 2614 1267 2633 :
1281 2605 1414 2640 siquidem
1427 2613 1475 2633 nos
1485 2607 1510 2632 in
1523 2606 1579 2634 Deo
1588 2606 1656 2634 vivi-

864 2658 935 2683 ntus,
947 2655 975 2678 et
983 2657 1134 2683 movemur,
1144 2651 1367 2687 lOSetsumus.
1379 2652 1414 2678 At
1423 2659 1486 2680 vero
1497 2653 1655 2680 naturaliter

859 2696 954 2730 Filius,
964 2703 997 2724 ex
1008 2698 1126 2724 essentia
1145 2697 1236 2726 Patris
1244 2698 1324 2725 veluti
1335 2698 1445 2733 perenni
1455 2700 1571 2734 quodam
1582 2700 1655 2727 fonte

49 2733 112 2767 θίτως
125 2739 138 2764 ὁ
154 2739 213 2772 Υἱὸς
235 2741 265 2768 διν
286 2742 376 2777 llath
401 2742 527 2778 καθάπερ
545 2744 626 2778 ἡμεῖς
637 2752 643 2758 ·
662 2744 742 2778 ἡμεῖς
761 2743 811 2779 μὲν

50 2779 87 2815 Ἰάρ
99 2783 123 2810 ἐν
139 2785 193 2821 Θεῷ
211 2787 306 2823 ζῶμεν
320 2788 367 2814 καὶ
383 2788 543 2824 κινούμεθα,
558 2790 607 2816 καὶ
624 2789 707 2825 ἐσμέν
720 2799 726 2805 ·
752 2790 767 2816 6
782 2790 810 2816 δὲ

51 2827 101 2853 κατὰ
110 2829 180 2863 φύσιν
193 2833 266 2866 Υἱὸς,
281 2833 378 2869 ὥσπερ
391 2835 444 2862 ἀπό
460 2844 531 2867 τινος
545 2837 636 2871 πηγῆς
649 2837 691 2863 ἀεὶ
709 2836 808 2872 ζώσης,

859 2744 1019 2778 procedens,
1030 2743 1083 2770 vita
1096 2748 1138 2771 est
1149 2745 1308 2772 naturaliter
1322 2745 1412 2772 omnia
1425 2745 1564 2773 viviﬁcans
1577 2755 1583 2773 :
1599 2754 1651 2772 non

859 2796 908 2824 per
923 2790 1156 2824 participationem
1171 2790 1235 2818 vitae
1255 2791 1408 2819 vivilicatus
1422 2793 1492 2820 sicut
1506 2799 1565 2820 nos.
1586 2792 1652 2818 Nam

859 2835 958 2870 alioqui
976 2843 1028 2863 nOn
1042 2840 1114 2863 esset
1129 2836 1186 2870 ipse
1206 2836 1337 2865 naturalis
1349 2838 1413 2865 vita.
1427 2838 1503 2872 Quod
1520 2838 1591 2867 enim
1607 2846 1653 2864 as-

78 2916 169 2949 “Joan.
186 2931 237 2958 λιν,
259 2923 301 2952 ll.
343 2925 364 2940 ⁷²
383 2924 458 2952 Joan.
478 2933 504 2953 ιι.
522 2926 567 2955 50.
609 2928 631 2943 ⁷³
645 2927 704 2955 Act.
727 2934 794 2962 xvu,
811 2927 814 2952 ἵ

895 2926 916 2942 ⁷⁵
933 2926 1015 2956 llubr.
1031 2935 1049 2961 ι,
1065 2927 1090 2954 5.
1132 2925 1179 2965 “ll
1196 2927 1257 2955 Cor.
1276 2935 1295 2961 ι,
1314 2927 1358 2955 24.
