1904 3026
40 158 81 186 iSi

772 167 958 200 τιιεδΑυιιυ
964 172 993 201 S.

1644 180 1695 207 i83

41 216 130 249 οὗτίας
146 217 225 246 εἶναι
241 219 292 247 τοῦ
306 221 430 259 Πατρδς,
451 223 520 260 μετὰ
533 224 633 260 πολλῆς
645 232 717 257 τινος
731 224 782 260 τῆς
795 227 852 253 ἑπι-

912 229 1100 266 :ircumspeete
1111 231 1181 260 dixit
1193 241 1201 260 :
1216 241 1225 259 ι
1236 233 1293 270 Ego
1307 233 1333 262 in
1345 234 1436 268 Patre,
1449 240 1476 263 et
1489 235 1566 263 Pater
1580 236 1605 263 in
1617 243 1670 264 me.
1683 246 1692 262 ι

41 265 200 300 τηρήσεως,
218 276 229 293 ε
247 267 336 303 Ἐγὼ,
350 271 445 306 φησὶν,
459 271 488 298 ἐν
505 271 543 306 τῷ
556 272 656 308 Haupt.
671 272 719 299 καὶ
729 272 744 299 ό
758 272 852 310 Πατὴρ

44 310 70 336 ὲν
90 310 165 345 ὲμοί.
182 321 193 338 ι
218 313 281 341 Οὐκ
305 315 363 350 ἄρα
391 316 481 344 κοινὸν
505 317 562 353 ἔχει
592 317 662 353 μετά
690 316 799 351 πάντων
822 317 853 344 τὸ

48 356 165 392 ἀξίωμα,
179 358 244 386 ἀλλ’
257 360 361 393 ἰδιάζον
373 362 422 389 και
439 363 576 400 ἐξαίρετον
590 363 628 396 ὡς
649 363 724 398 Υῑδς,
742 363 789 390 καὶ
802 363 854 391 Λό-

49 411 105 436 γος,
121 404 170 430 καὶ
189 404 274 438 Θεός.

54 449 151 482 ΔΑΛΟ,
165 450 323 480 διδάσκον
337 454 492 524 ὅπωςὲχρὲῃ
508 455 590 483 νοεῖν
604 455 638 483 τὸ
654 456 854 491 προκείμενον

432 499 469 524 ητ
487 499 515 519 ν.

432 499 515 526 ητον.

94 531 123 559 '0
140 533 208 566 Υἱὸς
230 535 261 562 ὲν
281 536 322 572 τῷ
338 536 443 573 Πατρὶ,
469 537 516 564 καὶ
536 538 551 564 ὁ
567 537 661 574 Πατὴρ
686 538 715 564 ἐν
733 537 774 573 τῷ
795 537 854 573 Υίῷ

58 578 220 614 νικηθήσεται
245 581 320 608 κατὰ
343 582 440 609 τοῦτον
462 582 508 609 τὸν
530 583 640 618 τρόπον.
662 583 709 610 Ἐκ
732 582 783 618 τῆς
806 581 854 609 τοῦ

60 624 164 659 Harpe;
179 627 280 660 οὐσίας
293 628 430 664 προῆλθεν
444 629 458 656 ό
473 628 547 662 Υἱδς,
561 629 591 656 οὒ
607 629 733 663 καθάπερ
748 629 782 656 τὰ
800 628 855 656 κτί-

59 678 149 705 σματα
158 672 191 699 ὲκ
201 673 250 700 τοῦ
261 674 299 710 μὴ
311 674 434 707 δντοςείς
440 675 470 702 τὸ
481 672 549 702 εἶναι
563 674 741 711 παρελθὼν,ἢ
754 674 855 709 ἔξωθέν

59 716 137 744 ποθεν
149 718 202 753 τὴν
215 719 263 746 τοῦ
278 718 348 747 εἶναι
363 721 493 748 σύστασιν
505 721 585 757 ἔχων,
596 720 654 747 ἀλλ’
667 720 726 747 εστι
739 721 789 756 τῆς
805 721 853 748 τοῦ

59 764 239 799 γεννήσαντος
261 766 355 799 οὐσίας
377 767 407 794 τὸ
426 767 502 794 ἴδιον·
529 767 623 804 ὥσπερ
642 764 689 795 οὗν
709 768 742 794 ὲκ
766 767 854 803 φωτός

58 809 240 846 ἀπαύγασμα.
254 811 271 848 ἦ
287 813 335 839 καὶ
355 814 409 840 ἀπό
424 822 497 845 τινος
516 814 608 849 πηγῆς
627 813 748 841 ἐκϐαίνει
771 822 856 841 ποτα-

60 855 116 890 μός.
132 856 231 885 Ἔστιν
241 855 288 885 οὖν
300 859 357 891 τοῖς
368 859 452 895 ὁρῶσι
467 859 512 886 τὺν
527 859 602 892 Υῑὺν,
619 859 668 896 τὴν
683 859 730 886 τοῦ
747 859 855 895 Πατρδς

904 274 962 303 Non
986 276 1069 312 igitur
1085 274 1257 308 c'ommunem
1281 281 1354 308 illam
1379 282 1461 309 habet
1487 289 1547 309 cum
1570 282 1696 310 omnibus

904 320 1073 357 dignitatem,
1090 325 1137 352 sed
1153 326 1291 361 propriam
1308 327 1361 356 sibi
1384 335 1416 356 ac
1431 328 1594 363 peculiarem
1611 332 1641 355 ιιι
1650 327 1696 356 Fi-

903 366 965 401 lius,
981 374 1008 396 et
1020 369 1149 406 Verbum,
1168 376 1195 400 et
1208 373 1289 402 Deus.

903 457 1021 492 ALIUD,
1048 460 1142 488 docens
1166 469 1217 498 quo
1233 466 1318 498 pacto
1334 461 1435 490 dictum
1454 462 1527 490 istud
1551 461 1695 498 praefatum

1173 497 1371 532 intelligendum
1386 498 1430 526 sit.

939 538 1024 567 Filius
1041 540 1068 568 in
1085 541 1174 575 Patre,
1190 546 1217 569 et
1230 542 1312 571 Pater
1323 543 1350 571 in
1366 543 1435 571 Filio
1449 550 1510 571 esse
1526 542 1578 571 hac
1591 543 1696 570 ratione

905 586 1073 622 intelligitur.
1088 587 1172 616 Filius
1183 596 1216 616 ex
1233 589 1352 617 essentia
1364 589 1453 617 Patris
1472 589 1617 624 processit,
1630 595 1694 620 non,

904 633 1132 668 quemadmodum
1150 639 1293 668 creaturae,
1309 643 1342 663 ex
1357 643 1410 663 non
1425 643 1486 663 esse
1506 635 1540 662 ad
1558 641 1618 662 esse
1639 638 1695 662 tra-

904 680 1013 713 ductus,
1034 684 1082 707 ant
1101 680 1270 709 extrinsecus
1295 681 1476 715 substitutus;
1501 681 1548 709 sed
1574 686 1616 708 est
1637 681 1695 715 ipsa

904 726 1028 754 essentia:
1037 725 1126 754 Patris
1138 728 1300 761 proprietas,
1319 727 1388 755 sicut
1398 736 1430 755 ex
1442 728 1545 755 lumine
1556 727 1694 762 splendor,

904 775 995 798 ante:
1010 770 1102 806 aliquo
1120 770 1193 799 fonte
1216 771 1314 799 ﬂumen
1339 779 1492 807 promanat.
1515 772 1592 800 Licet
1614 772 1697 808 igitur

905 817 939 845 iis
951 817 998 852 qui
1022 817 1118 845 Filium
1134 818 1236 852 vident,
1257 819 1345 847 Patris
1368 819 1512 848 essentiam
1536 819 1652 852 intueri,
1670 821 1697 846 et

906 857 1035 898 genitoris
1045 864 1237 898 proprietatem
1250 872 1282 893 ex
1293 865 1347 893 hoc
1358 872 1531 900 cognoscere.
1541 865 1609 898 Quia
1624 865 1696 893 enim

56 901 150 929 οὐσίαν
163 903 243 939 ὁρᾷν,
258 905 306 931 καὶ
319 904 348 932 τδ
360 905 408 932 τοῦ
421 906 601 942 γεννήσαντος
615 905 681 933 ἴδιον
694 906 747 933 ἀπὺ
761 905 856 933 τούτου

912 909 1065 937 universum
1083 917 1145 938 esse
1157 910 1217 937 Filii
1230 918 1263 938 ex
1277 911 1395 938 essentia
1412 910 1503 937 Patris
1520 911 1651 945 procedit,
1667 917 1697 938 ea

57 949 258 985 νοεῖν.”οτιπερ
276 951 369 987 ἐπειδὴ
383 951 494 986 σύμπαν
507 952 537 979 τδ
546 949 616 980 εἶναι
625 953 671 979 τοῦ
685 952 750 979 Υἱοῦ
763 953 794 979 ὲκ
807 952 856 987 τῆς

57 994 101 1020 τοῦ
123 996 232 1031 Πατρδς
246 997 341 1030 οὐσίας
362 999 495 1034 πρόεισιν,
510 998 597 1031 οὕτως
611 999 686 1026 ἐστὶν
711 1000 740 1026 ὲν
755 998 855 1034 Πατρὶ,

58 1040 103 1066 καὶ
120 1042 206 1069 πάλιν
221 1043 255 1070 ἐκ
269 1044 323 1071 τῶν
339 1045 481 1078 ἐναντίων,
495 1046 509 1072 ὁ
528 1045 623 1081 Πατήρ
639 1046 713 1072 ἐστιν
734 1046 763 1072 ὲν
786 1045 855 1081 Υίῴ,

58 1087 209 1124 ἐπειδήπερ
231 1090 301 1125 ὅπερ
315 1091 391 1117 ἐστὶν
406 1091 487 1123 αὒτδς
509 1091 605 1126 φύσει,
629 1091 709 1118 τοῦτο
731 1091 778 1118 καὶ
799 1092 813 1118 ό
827 1091 856 1124 ἐξ

60 1133 139 1160 αὑτοῦ
155 1135 298 1170 προελθὼν
311 1136 379 1168 Θεὸς
399 1137 496 1172 Λόγος.
519 1138 646 1165 Φαίνεται
661 1138 689 1165 δὲ
713 1138 760 1165 καὶ
783 1137 856 1165 ἐστιν

59 1177 87 1203 ἐν
101 1178 166 1214 Υῐῷ,
182 1179 280 1216 ὥσπερ
292 1178 339 1208 οὖν
357 1181 406 1208 καὶ
418 1182 447 1208 ὲν
462 1181 501 1217 τῷ
517 1183 582 1218 παρ’
596 1182 679 1209 αὑτοῦ
697 1182 856 1218 προελθόντι

60 1223 255 1260 ἀπαυγάσματι
269 1227 283 1252 ό
297 1227 389 1262 ἥλιος,
413 1227 461 1255 καὶ
483 1228 513 1255 ἑν
531 1228 570 1264 τῷ
592 1228 665 1264 λόγῳ
678 1229 692 1255 ὸ
714 1228 792 1261 νοῦς,
809 1227 857 1255 καὶ

61 1270 87 1296 ὲν
103 1269 142 1305 τῷ
156 1271 274 1308 ποταμῷ
293 1273 310 1308 ἡ
326 1273 421 1300 τοῦτον
435 1274 623 1307 ἀναϐλύζουσα
647 1274 734 1310 πηγή.
750 1274 786 1300 Τὸ
801 1273 856 1309 γὰρ

62 1315 122 1342 ἴδιον
139 1317 189 1352 τῆς
206 1317 253 1344 τοῦ
279 1319 388 1354 Πατρός
410 1320 504 1352 οὐσίας
525 1321 553 1347 ὲν
571 1320 628 1355 Υίῷ
648 1320 786 1356 κείμενον,
807 1321 856 1348 καὶ

62 1362 107 1396 τῆς
125 1363 271 1399 θεότητος,
295 1365 328 1391 ἰν*
355 1366 441 1398 οὕτως
468 1366 549 1399 εἴπω,
586 1367 618 1393 τὸ
640 1364 711 1399 εἶδος
738 1367 855 1394 δεικνύει

62 1410 138 1436 πᾶσιν
148 1410 232 1438 αὑτὸν
247 1412 277 1438 ὲν
290 1412 377 1447 αὐτῷ.
399 1413 581 1448 Ἐπιτηρῆσαι
595 1413 624 1439 δὲ
638 1412 692 1448 χρὴ
708 1412 755 1439 καὶ
772 1413 857 1447 ἀναγ-

62 1456 140 1488 καίως
161 1457 264 1485 εἰδέναι
287 1459 384 1494 ὅτιπερ
403 1459 433 1486 οὺ
467 1461 518 1494 τῆς
541 1458 677 1495 τυχούσης
697 1460 857 1494 οἰκονομίας

62 1501 136 1528 ἓνεκα
152 1502 203 1538 τὴν
227 1503 356 1539 τοιαύτην
369 1505 384 1530 ό
398 1505 494 1541 Σωτὴρ
515 1504 610 1541 εἴρηκε
626 1505 729 1540 φωνήν.
748 1505 856 1541 Ἐπειδὴ

62 1547 111 1582 γὰρ
131 1547 182 1583 τὴν
207 1549 365 1584 ταυτότητα
388 1549 439 1583 τῆς
459 1550 568 1585 φύσεως
584 1550 618 1586 ἢν
642 1551 698 1586 ἔχει
718 1550 787 1587 πρὸς
809 1551 856 1578 τὸν

907 955 1013 984 ratione
1020 956 1093 983 estin
1109 955 1200 990 Patre,
1211 960 1238 984 et
1249 964 1264 985 e
1276 957 1413 985 contrario
1432 955 1513 984 Pater
1529 961 1569 984 est
1580 955 1607 983 in
1619 955 1698 989 Filio,

908 1002 1040 1037 siquidem
1061 1002 1086 1030 id
1110 1004 1181 1038 quod
1205 1003 1263 1038 ipse
1289 1008 1331 1031 est
1353 1008 1458 1035 natura,
1482 1003 1536 1031 hoe
1557 1002 1639 1030 etiam
1657 1007 1700 1030 est

908 1049 980 1076 Deus
989 1048 1107 1076 Verbum
1116 1057 1148 1076 ex
1160 1050 1218 1084 ipso
1227 1050 1386 1085 procedens.
1396 1050 1514 1085 Apparet
1526 1053 1615 1077 autent
1624 1052 1650 1076 et
1658 1051 1700 1076 est

907 1094 934 1122 in
947 1094 1016 1122 Filio
1032 1095 1258 1130 quemadmodum
1271 1097 1311 1124 sol
1327 1096 1354 1124 in
1367 1096 1510 1131 splendore
1528 1103 1608 1131 quem
1625 1095 1700 1122 emil-

909 1140 941 1168 tit
956 1148 988 1168 ex
1000 1148 1040 1173 se,
1055 1146 1083 1168 et
1095 1141 1168 1169 sicut
1182 1149 1257 1170 mens
1268 1142 1294 1169 in
1309 1149 1447 1176 sermone,
1457 1147 1486 1170 et
1502 1142 1563 1170 fons
1579 1142 1605 1169 in
1618 1140 1698 1169 ﬂuvio

907 1186 952 1220 qui
966 1193 1001 1214 ex
1015 1193 1044 1214 se
1055 1192 1208 1221 promanat.
1221 1187 1378 1223 Proprietas
1389 1189 1462 1216 enim
1473 1188 1599 1216 essentia:
1610 1188 1700 1216 Patris

908 1233 934 1260 in
957 1232 1026 1261 Filio
1047 1234 1110 1267 sita,
1132 1238 1161 1262 et
1177 1234 1339 1268 divinitatis,
1357 1239 1386 1262 ut
1411 1236 1448 1263 ita
1465 1235 1565 1268 dicam,
1581 1235 1698 1270 species,

908 1279 994 1314 ipsum
1005 1279 1031 1307 in
1040 1287 1074 1308 eo
1087 1287 1148 1308 esse
1159 1281 1285 1309 omnibus
1295 1281 1426 1309 ostendit.
1438 1281 1642 1309 Observandum
1651 1288 1701 1307 au-

907 1329 961 1352 tem
970 1329 1057 1358 ξομες
1070 1327 1223 1354 necessario
1237 1328 1390 1360 sciendum,
1403 1334 1457 1355 non
1469 1327 1571 1362 vulgari
1587 1325 1700 1354 consilio

908 1375 989 1406 atque
1008 1372 1213 1407 dispensatione
1234 1373 1304 1401 lianc
1321 1380 1415 1400 vocem
1433 1380 1447 1400 a
1471 1372 1617 1400 Servatore
1637 1379 1700 1406 pro-

906 1418 988 1445 latam
1005 1417 1099 1446 fuisse.
1116 1418 1183 1446 Cum
1204 1419 1288 1453 enim,
1310 1419 1478 1447 identitatem
1499 1423 1603 1446 natura:
1619 1424 1699 1452 quam

908 1464 988 1492 liabet
1002 1472 1062 1492 cum
1079 1464 1160 1492 Patre
1176 1465 1319 1493 Ostendere
1339 1465 1442 1498 volens,
1466 1465 1533 1492 dixit
1547 1472 1556 1492 :
1573 1473 1583 1490 ι
1601 1463 1656 1499 Ego
1672 1466 1704 1491 et

907 1510 988 1538 Pater
1005 1519 1088 1538 unum
1104 1518 1211 1543 sumus,
1229 1521 1237 1535 ι
1254 1518 1287 1538 ne
1312 1511 1372 1546 quis
1388 1510 1510 1538 eumdem
1533 1517 1594 1538 esse
1612 1509 1700 1544 suspi-

909 1561 1018 1585 caretur
1031 1557 1152 1590 Patrem,
1169 1561 1196 1585 et
1207 1557 1316 1591 Filium,
1335 1557 1399 1585 solis
1415 1560 1518 1584 tantum
1535 1555 1700 1586 nominibus,

62 1593 236 1629 γεννήσαντα,
253 1594 338 1627 δεῖξαι
364 1595 518 1631 βουληθεὶς,
543 1593 619 1623 εἶπεν
630 1616 638 1629 ,
655 1605 666 1623 ‹
686 1596 757 1630 Ἐγὼ
779 1596 825 1623 καὶ
842 1597 856 1624 ό

912 1611 965 1631 non
978 1604 1116 1639 iiypostasi
1135 1604 1161 1631 in
1172 1603 1332 1631 duaiitatem
1350 1610 1529 1639 personarum
1547 1602 1699 1629 distinctos:

62 1639 149 1675 Πατὴρ
162 1641 193 1667 ἓν
206 1642 304 1676 tapeti;
316 1651 325 1668 υ
341 1642 383 1669 ἵνα
401 1643 437 1678 μή
453 1651 494 1674 τις
506 1642 551 1669 τὸν
567 1641 650 1669 αὐτὸν
664 1640 732 1669 εἶναι.
747 1642 857 1678 Πατέρα

61 1684 104 1710 καὶ
117 1685 183 1712 Υἱὺν
199 1686 344 1723 ὑπολάϐῃ,
369 1687 460 1722 μόνοις
479 1687 595 1722 ὀνόμασι
618 1687 857 1723 διαστελλομένους

61 1730 97 1761 είς
108 1730 209 1764 δυάδα,
225 1731 310 1763 ὄντας
325 1731 353 1758 δὲ
368 1732 418 1768 οὐχ
431 1732 517 1764 οὕτως
540 1733 569 1759 ὲν
591 1733 757 1766 ὑποστάσει,
772 1734 857 1769 ἁναγο

61 1774 140 1807 uita;
165 1776 389 1813 ἐπεξηγούμενος
410 1779 479 1814 ὅπερ
498 1778 605 1814 είρηκε,
618 1779 666 1806 καὶ
683 1778 852 1814 σαφέστερον

59 1823 112 1853 ⁴τοῖς
124 1822 314 1858 ἀκροωμένοις
327 1824 392 1851 αὐτὸ
406 1824 554 1858 καθιστῶν,
566 1824 692 1860 ἐπιφέρει
707 1824 748 1858 τὸ,
765 1833 774 1850 ι
785 1823 856 1859 Ἐγὼ

59 1867 87 1892 ἐν
102 1867 140 1903 τῷ
161 1868 268 1904 Πατρὶ,
292 1869 341 1896 καὶ
354 1870 369 1896 ὁ
386 1870 480 1906 Πατὴρ
502 1870 532 1897 ἐν
555 1870 627 1906 ἐμοὶ,
642 1880 651 1896 ι
672 1870 715 1897 ἵνα
737 1869 782 1897 διὰ
806 1870 856 1906 μὲν

59 1911 114 1943 τοῦ,
130 1912 228 1941 τοῦτον
240 1915 269 1941 ὲν
285 1915 394 1950 ἐκείνῳ,
410 1916 537 1943 κάκεῖνον
546 1917 575 1943 ὲν
592 1915 679 1951 τούτῳ
698 1915 853 1951 φαίνεσθαι,

59 1958 105 1993 τὴν
118 1960 276 1995 ταυτότητα
290 1960 340 1996 τῆς
355 1960 480 1997 Θεότητος
495 1963 543 1989 καὶ
560 1963 609 1997 τῆς
624 1962 717 1994 οὐσίας
731 1962 782 1998 τὴν
797 1962 855 1989 ἐνό-

59 2013 126 2040 τητα
143 2005 240 2041 δείξῃ·
262 2006 308 2033 διὰ
322 2007 352 2034 δὲ
369 2006 417 2034 τοῦ
443 2007 536 2044 ἕτερον
556 2009 585 2035 ὲν
609 2008 694 2043 ἑτέρῳ
717 2005 796 2040 εἶναι,
816 2009 855 2043 μὴ

60 2051 87 2076 ἓν
97 2060 124 2078 τι
136 2051 168 2078 ὂν
183 2052 213 2080 ὲν
229 2052 342 2089 ἀριθμῷ
364 2053 461 2090 νοηθῇ,
472 2054 486 2081 ὃ
506 2055 572 2081 ποτὲ
599 2054 648 2089 μὲν
662 2054 770 2090 Πατὴρ,
789 2054 855 2081 ποτὲ

61 2097 86 2123 δὲ
102 2097 167 2130 Υἱὸς
181 2098 295 2132 λέγεται.
305 2107 312 2114 ·
327 2099 385 2126 ἀλλ’
406 2099 490 2132 ὄντως
502 2100 646 2135 ὑφεστῶτα
659 2100 784 2137 Πατέρα,
808 2100 856 2127 καὶ¹

61 2143 203 2178 ὑφεστῶτα
217 2144 284 2172 Υἱὸν
300 2145 498 2182 ἐναργέστερον
511 2146 651 2182 ἀποδείξῃ.

408 2193 512 2219 AAAO.

97 2236 128 2263 '0
146 2237 245 2273 Πατὴρ
261 2237 309 2264 καὶ
322 2237 338 2264 6
354 2237 418 2270 Υἱὸς
431 2237 461 2265 ἓν
482 2238 532 2274 μέν
545 2239 599 2265 εἰσι
616 2239 687 2266 κατὰ
701 2238 793 2274 φύσιν,
807 2238 856 2265 δύο

909 1650 1065 1679 necessario
1089 1650 1246 1685 utiliterque
1262 1649 1400 1685 explicans
1424 1649 1450 1677 id
1469 1648 1541 1684 quod
1562 1647 1645 1681 dixit,
1673 1652 1701 1674 et

908 1696 1080 1725 manifestius
1101 1696 1272 1724 auditoribus
1292 1695 1405 1728 iaciens,
1425 1694 1501 1723 addit
1522 1694 1574 1722 hoc
1593 1702 1600 1721 :
1619 1703 1628 1720 ι
1646 1693 1700 1729 Ego

908 1742 934 1770 in
951 1742 1043 1776 Patre,
1057 1746 1084 1769 et
1110 1740 1191 1769 Pater
1207 1741 1234 1768 in
1261 1749 1320 1775 me;
1339 1749 1348 1767 ι
1365 1745 1393 1768 ιιι
1409 1747 1457 1775 per
1478 1740 1539 1773 hoc,
1562 1739 1634 1774 quod
1657 1738 1700 1766 hic

907 1787 1016 1823 quidem
1031 1787 1057 1815 in
1071 1787 1128 1820 illo,
1141 1787 1186 1815 ille
1195 1793 1260 1815 vero
1270 1786 1298 1814 in
1313 1786 1365 1814 hoc
1376 1790 1517 1822 appareat,
1530 1785 1698 1813 identitatem

907 1833 1016 1862 deitatis
1036 1838 1064 1861 et
1092 1833 1218 1861 essentia:
1247 1833 1378 1861 unitatem
1408 1832 1591 1864 demonstret;
1617 1835 1700 1866 utqtte

906 1885 956 1913 per
970 1877 997 1906 id
1013 1877 1085 1913 quod
1099 1877 1170 1905 alter
1188 1877 1215 1905 in
1234 1877 1321 1905 altero
1344 1877 1392 1909 sit,
1411 1885 1464 1905 non
1480 1884 1562 1905 unum
1585 1883 1698 1904 numero

907 1931 967 1952 esse
980 1924 1158 1960 intelligatur,
1184 1923 1256 1960 quod
1277 1923 1424 1958 aliquando
1439 1923 1530 1955 Pater,
1551 1923 1698 1957 aliquando

907 1970 992 1999 Filius
1003 1974 1130 2003 vocetur;
1146 1969 1194 1998 sed
1210 1976 1274 1997 vere
1285 1973 1366 2004 atque
1381 1968 1550 2004 itypostatice
1565 1969 1698 1996 exsistere

907 2019 1030 2051 Patrem,
1046 2024 1111 2045 vere
1140 2017 1223 2044 etiam
1256 2021 1338 2051 atque
1360 2015 1531 2052 hypostalice
1562 2013 1696 2042 exsistere

907 2064 1008 2091 Filium
1022 2061 1245 2090 manifestissime
1259 2061 1395 2089 ostendat.

1194 2193 1276 2229 ιιο
1293 2191 1406 2220 suum

941 2241 1022 2269 Pater
1031 2245 1059 2269 et
1074 2240 1159 2269 Filius
1175 2247 1258 2268 unum
1274 2239 1385 2275 quidem
1400 2243 1465 2267 sunt
1486 2238 1633 2266 secundum
1651 2244 1699 2266 na-

61 2280 87 2307 at
105 2281 135 2308 δν
147 2281 270 2317 ἀριθμῷ,
283 2282 332 2317 οὐχ
346 2281 384 2313 ὡς
403 2282 463 2314 ἑνός
481 2291 554 2325 τινος
571 2284 610 2316 εἰς
623 2283 669 2310 δύο
680 2283 854 2319 καταδιαιρε-

912 2292 1007 2319 turam,
1027 2287 1083 2315 duo
1102 2293 1167 2314 vero
1191 2293 1321 2320 numero;
1347 2292 1435 2320 neque
1456 2285 1494 2313 ita
1515 2292 1548 2313 ac
1567 2285 1591 2312 si
1615 2292 1698 2312 unum

62 2328 154 2360 θέντος
172 2328 256 2364 μέρη,
275 2328 313 2360 ὡς
332 2325 402 2356 εῖναι
417 2328 510 2356 λοιπὸν
525 2331 575 2365 τῆς
589 2329 658 2366 πρὸς
676 2329 778 2365 ἄλληλα
799 2337 857 2356 κοι-

63 2374 158 2406 νωνίας
177 2383 208 2402 τε
224 2375 272 2402 καὶ
298 2375 416 2411 σχέσεως
437 2375 577 2411 ἀμέτοχα,
598 2375 660 2403 οὔτε
682 2375 735 2411 μὴν
752 2375 790 2407 ὼς
808 2375 857 2402 τοῦ

63 2420 143 2447 αὐτοῦ
162 2421 212 2448 καὶ
227 2421 287 2452 ἑνὸς
298 2421 397 2453 διττοῖς
414 2421 545 2457 ὀνόμασιν
560 2422 798 2457 ἀποκαλουμένου,
810 2421 856 2449 ἴνα

63 2467 89 2494 ὲν
107 2467 175 2504 μόνῃ
192 2468 365 2504 προσηγορίᾳ
378 2468 506 2504 φαίνηται
519 2468 570 2503 τῆς
585 2467 681 2500 δυάδος
694 2469 711 2504 ἡ
727 2467 855 2504 δύναμις·

62 2513 120 2541 οὐδὲ
139 2514 177 2546 ὠς
196 2513 244 2540 τοῦ
259 2513 344 2541 αὐτοῦ
367 2514 433 2542 ποτὲ
454 2515 503 2550 μὲν
524 2514 642 2550 Πατρὺς,
660 2514 725 2541 ποτὲ
745 2514 773 2541 δὲ
790 2513 857 2540 Υἱοῦ

63 2559 219 2596 λεγομένου,
236 2560 319 2587 τοῦτο
335 2560 388 2596 γὰρ
404 2560 551 2588 Σαϐελλίου
563 2560 594 2587 τὸ
609 2561 709 2596 δόγμα,
728 2560 786 2587 ἀλλ’
801 2560 857 2587 εἰσὶ

66 2606 111 2640 μὲν
123 2606 235 2642 ἀριθμῷ
249 2606 310 2633 δύο·
327 2606 386 2633 ἔστι
401 2606 456 2641 γὰρ
469 2607 483 2633 ὁ
503 2606 598 2642 Πατὴρ
616 2606 660 2633 ἀεὶ
675 2606 781 2642 Πατὴρ,
794 2606 856 2633 οὐδέ

64 2661 126 2679 ποτε
149 2653 190 2686 εἰς
213 2653 278 2680 Υἰὸν
309 2653 561 2688 μεταποιούμενος“
577 2652 624 2679 καὶ
643 2652 735 2686 πάλιν,
758 2654 772 2680 ὁ
792 2652 858 2685 Υἱὸς

64 2699 186 2726 οὐδέποτε
201 2700 242 2731 εἰς
256 2699 372 2735 Πατέρα
390 2699 633 2735 μεταϐαλλόμενος.
648 2699 726 2726 Οὕτω
739 2699 768 2726 δὲ
780 2699 857 2731 ὄντος

65 2745 108 2773 τοῦ
122 2748 298 2782 πράγματος,
311 2746 361 2773 καὶ
375 2746 405 2773 ὲν
419 2745 494 2773 δυάδι
507 2746 637 2781 κειμένου
662 2745 710 2772 τοῦ
727 2745 857 2781 ἀριθμοῦ,

69 2793 112 2820 uis.
125 2793 204 2828 φύσις
224 2793 399 2828 ἀμφοτέροις
416 2792 465 2818 καὶ
485 2792 502 2827 ὴ
522 2790 591 2827 αὐτὴ
611 2791 722 2826 θεύτης,
739 2792 858 2823 ἐοικότος

69 2840 105 2867 ἀεὶ
118 2845 164 2868 τοῦ
178 2841 358 2877 γεννήματος
373 2839 413 2873 τῷ
428 2838 604 2874 γεγεννηκότι
623 2837 755 2872 φυσικῶς.
770 2836 859 2864 Εἱκὼν

67 2887 112 2924 γάρ
125 2888 191 2923 ἐστι,
210 2888 260 2915 καὶ
275 2885 461 2921 ἀπαύγασμα,
477 2885 523 2926 καῖ.
536 2884 733 2926 χαρακτὴρτῆς
744 2884 860 2912 ὑποστά-

910 2332 1017 2368 aliquod
1029 2333 1056 2360 in
1071 2332 1139 2360 duas
1153 2336 1245 2366 partes
1255 2332 1433 2364 divideretur,
1445 2336 1475 2358 ut
1489 2338 1504 2358 a
1518 2334 1613 2358 mutua
1628 2331 1699 2359 inter

893 2387 936 2416 _se
970 2379 1100 2407 societate
1131 2377 1345 2413 habitudineque
1375 2378 1572 2413 sejungantur,
1611 2383 1698 2412 neque

906 2432 1003 2453 rursus
1018 2425 1054 2452 ita
1069 2428 1100 2453 ut
1114 2431 1198 2452 unum
1216 2427 1299 2458 atque
1321 2423 1392 2451 idem
1414 2423 1520 2451 duobus
1544 2423 1698 2451 nominibus

907 2476 1029 2505 vocetur,
1046 2475 1075 2499 ut
1087 2471 1114 2499 in
1129 2478 1183 2498 una
1199 2468 1379 2505 appellatione
1392 2469 1531 2497 dualitatis
1549 2469 1636 2497 virtus
1650 2476 1698 2503 ους

886 2552 890 2555 η
906 2521 1016 2551 pareat;
1043 2523 1132 2552 neque
1147 2519 1179 2543 ut
1193 2515 1263 2543 idem
1279 2514 1428 2549 aliquando
1440 2513 1530 2546 Pater,
1552 2514 1698 2549 aliquando

909 2561 995 2590 Filius
1006 2562 1123 2594 dicatur,
1142 2561 1195 2590 hoc
1209 2561 1280 2588 enim
1305 2559 1415 2588 Sabellii
1430 2560 1524 2595 dogma
1537 2563 1590 2591 est.
1601 2559 1648 2587 sed
1668 2564 1699 2586 ut

909 2609 964 2635 sint
975 2607 1027 2635 duo
1038 2615 1151 2635 numero
1164 2616 1171 2634 :
1182 2614 1245 2635 nam
1262 2605 1341 2634 Pater
1350 2612 1457 2640 seraper
1469 2610 1509 2632 est
1522 2604 1614 2637 Pater,
1631 2613 1700 2632 nun-

910 2660 991 2688 quam
1006 2652 1033 2680 in
1048 2652 1144 2680 Filium
1160 2656 1280 2680 mutatus
1294 2661 1303 2681 :
1317 2655 1346 2680 et
1366 2650 1451 2679 Filius
1467 2657 1575 2685 semper
1587 2654 1629 2678 est
1651 2649 1697 2678 Fi-

910 2700 974 2731 lius,
988 2706 1123 2734 nunquam
1138 2698 1166 2726 in
1187 2698 1297 2726 Patrem
1316 2702 1448 2726 mutatus.
1467 2697 1589 2732 Cumque
1610 2696 1647 2724 ita
1669 2703 1699 2723 se

908 2753 952 2774 res
967 2745 1076 2778 habeat,
1090 2749 1118 2772 et
1130 2744 1167 2771 sit
1184 2751 1296 2772 numero
1312 2744 1430 2772 dualitas
1443 2749 1629 2779 personarum,
1645 2749 1698 2769 una

908 2791 1017 2825 utrique
1037 2794 1080 2818 est
1100 2793 1206 2822 natura,
1223 2789 1372 2823 eademque
1391 2788 1478 2817 deitas
1491 2808 1499 2820 ,
1525 2795 1588 2815 cum
1613 2786 1699 2814 Filius

909 2843 1016 2871 semper
1034 2836 1068 2863 sit
1090 2835 1188 2863 similis
1202 2835 1226 2862 ei
1248 2833 1293 2869 qui
1321 2833 1483 2861 naturaliter
1511 2840 1572 2860 eum
1594 2830 1696 2867 genuit.

909 2883 955 2911 Est
977 2882 1048 2910 enim
1066 2882 1165 2916 imago,
1187 2885 1213 2910 et
1238 2879 1374 2915 splendor,
1398 2885 1424 2908 ct
1452 2881 1593 2909 character
1614 2878 1698 2913 hypo-
