1904 3026
217 158 269 187 ἥδ

216 219 320 242 staseos
328 220 452 243 essentne
464 216 553 244 Patris
563 217 655 245 Filius.
667 217 735 245 Nam
747 218 797 246 hac
804 219 907 247 ratione
918 227 999 247 unum
1014 226 1038 252 Α

215 260 330 287 dicimus
344 269 404 289 esse
421 262 516 296 Deum,
539 264 573 291 ob
595 264 764 291 identitatem
788 269 890 293 naturae
912 266 1002 295 Patris

215 313 274 345 eum
288 306 357 334 Filio
372 327 380 340 ,
394 312 421 335 et
437 308 496 336 Filii
515 317 575 336 cum
589 310 678 336 Patre.

551 375 664 402 ALIUD.

248 419 478 452 Quemadmodum
491 427 569 447 nemo
580 421 678 448 dixerit
689 422 856 457 splendorem
869 430 948 457 quem
962 425 1001 451 sol

212 473 245 492 ex
266 473 296 492 se
318 466 426 497 emittit,
443 465 514 492 aliud
536 472 563 493 et
582 467 718 495 diversum
739 473 833 495 natura
857 469 944 496 lumen
968 471 1001 497 ab

212 511 258 538 illo
273 519 343 544 esse,
358 519 444 546 neque
463 513 670 547 participatione
684 515 799 549 quadam
824 519 903 550 atque
923 515 1000 543 habi-

213 558 303 584 tudine
326 565 359 585 ex
384 557 442 592 ipso
471 558 528 586 sole
554 559 618 586 illud
645 560 703 588 ﬁeri
719 561 862 596 iudicabit,
878 562 927 588 sed
954 570 1000 589 na-

212 603 335 631 turaliter
347 611 378 631 ex
395 604 453 638 ipso
469 605 555 632 emitti
569 614 575 638 ;
599 610 626 632 et
639 606 689 633 duo
704 608 811 641 quidem
826 607 928 634 lumina
941 616 1001 636 esse

211 649 315 676 ratione
335 650 476 684 percipiet,
500 659 581 678 unum
601 656 690 679 tamen
712 657 806 680 natura
832 663 838 680 :
859 654 894 680 ita
919 655 999 681 etiam

211 684 289 720 nemo
302 699 374 722 recte
392 696 538 728 censuerit,
551 697 668 724 'tametsi
690 696 770 724 Pater
794 703 821 724 ct
842 698 928 726 Filius
947 700 1001 727 sint

210 746 322 766 numero
339 739 401 771 duo,
417 741 551 767 diversum
567 749 627 769 esse
651 742 748 769 Filium
765 750 781 770 a
795 743 875 770 Patre
895 744 1001 773 ratione

209 785 320 813 tleitatis
338 792 365 814 et
382 787 529 814 identitatis
544 789 678 815 essentiat.
694 789 747 816 Sed
762 790 833 817 sicut
856 791 895 818 sol
912 795 954 817 est
972 791 999 818 in

225 831 353 864 plendore
371 840 450 866 quem
470 841 502 859 ex
525 840 554 860 se
568 833 678 866 emittit,
694 838 721 861 et
737 834 862 869 splendor
879 835 905 862 in
917 835 973 862 sole
984 843 998 862 a

211 885 262 912 quo
286 879 366 906 exit:
393 879 428 905 ita
447 879 528 906 etiam
553 879 633 907 Pater
658 881 684 907 in
712 881 791 913 Filio,
808 885 834 908 et
858 881 942 909 Filius
970 882 996 909 in

209 922 301 955 Patre;
318 931 430 951 numero
451 924 559 958 quidem
583 925 607 952 in
625 925 691 952 duas
713 933 842 960 personas
865 927 996 959 distincti,
1013 918 1034 945 Β

208 975 290 1004 atque
314 969 351 996 ita
375 970 543 1005 hypostatice
567 971 740 1005 exsistentes,
762 972 904 1001 identitate
931 981 997 1002 vero

208 1018 312 1043 natura:
327 1015 354 1042 in
372 1023 453 1043 unam
466 1016 591 1044 deitatem
604 1017 718 1045 redacti.

545 1118 658 1146 ALIUD.

243 1161 272 1189 Si
283 1163 344 1197 quis
353 1163 471 1191 divinam
483 1164 651 1199 Scripturam
661 1171 788 1194 accurate
800 1169 994 1201 perscrutetur,

207 1207 327 1236 inveniet
344 1209 438 1236 iisdem
455 1210 610 1238 nominibus
622 1217 747 1239 vocatum
767 1212 877 1243 Filium,
898 1213 996 1246 quibus

205 1258 234 1281 et
248 1252 340 1287 Pater,
361 1261 473 1291 excepto
495 1257 566 1292 quod
588 1265 640 1285 non
666 1258 773 1286 dicatur
794 1258 890 1292 Pater;
915 1259 997 1294 idque

206 1300 266 1327 vice
278 1307 357 1327 versa
371 1300 479 1328 Patrem
496 1304 643 1337 comperiet
661 1304 756 1331 iisdem
779 1305 932 1332 nominibus
950 1312 996 1331 vo-

205 1344 262 1372 cari
284 1345 405 1378 Patrem,
429 1347 526 1381 quibus
549 1348 644 1381 Filius,
675 1357 707 1377 eo
726 1354 838 1384 excepto
851 1349 921 1384 quod
942 1357 993 1377 non

205 1391 420 1420 dicatur.Filius
436 1401 442 1419 :
459 1393 531 1428 quod
557 1394 666 1428 quidem
694 1395 844 1422 manifestis
865 1395 995 1429 exemplis

204 1437 312 1471 probari
324 1442 422 1472 potest.
433 1437 612 1473 Omnipotens
619 1439 710 1472 Pater,
721 1440 818 1468 dicitur
828 1446 854 1468 et
865 1442 899 1468 de
909 1441 992 1469 Filio:

207 1491 216 1506 ι
227 1481 290 1510 Haec
301 1483 366 1510 dicit
375 1484 420 1518 qui
430 1489 501 1518 erat,
510 1486 554 1519 qui
563 1491 693 1513 venturus
702 1491 754 1519 est,
764 1487 974 1521 omnipotens“.
982 1497 991 1512 I

206 1527 335 1556 Dominus
347 1529 428 1557 Pater
438 1539 444 1563 ;
455 1535 482 1557 ct
502 1540 510 1556 (
526 1531 598 1558 Unus
609 1533 736 1560 Dominus
749 1533 826 1560 Jesus
841 1534 991 1563 Christus»

203 1574 307 1602 Lumen
327 1575 428 1602 Pater:
446 1576 510 1604 dicit
533 1583 558 1605 et
575 1577 657 1606 Filius
672 1588 678 1605 ε
695 1588 704 1604 ι
718 1579 772 1613 Ego
786 1587 845 1607 sum
860 1580 903 1607 lux
919 1589 994 1607 mun-
1009 1585 1030 1614 ο

204 1619 280 1647 di".
300 1629 310 1646 ι
327 1619 408 1648 Pater
427 1622 538 1650 remittit
553 1629 663 1657 peccata
678 1632 685 1651 :
700 1625 815 1652 remittit
836 1631 863 1653 et
885 1626 969 1654 Filius
985 1636 990 1652 :

208 1675 217 1691 ι
232 1665 268 1693 Ut
279 1666 370 1695 sciatis
384 1667 469 1700 enim,
485 1669 582 1704 inquit,
597 1670 667 1704 quod
683 1669 768 1698 Filius
785 1671 900 1698 hominis
913 1672 994 1699 habet

205 1713 366 1744 potestatem
382 1712 410 1738 in
421 1715 492 1738 terra
506 1713 657 1741 remittendi
669 1721 778 1748 peccata
790 1715 824 1742 ⁶¹.
839 1726 848 1742 ι
862 1716 993 1749 Quoniam

206 1755 288 1790 igitur
311 1757 402 1784 omnia
425 1758 516 1785 insunt
534 1757 611 1790 Filio,
634 1767 692 1794 qua:
709 1759 793 1793 Patri,
816 1769 879 1788 vere
903 1762 992 1789 dicit:

206 1809 216 1825 ι
236 1800 331 1828 Omnia
347 1809 405 1836 qua:
427 1803 507 1830 habet
526 1804 602 1838 ιιι
616 1804 705 1836 Pater,
727 1813 784 1832 mea
806 1811 870 1834 sunt
884 1807 916 1834 ".
936 1817 944 1832 ι
962 1807 995 1834 Et

205 1854 299 1874 rursus
325 1848 357 1874 ad
378 1847 486 1876 Patrem
508 1857 585 1883 suum
611 1850 740 1885 loquens,
765 1853 830 1879 dlt‘Il
847 1862 853 1879 :
873 1862 882 1878 ι
898 1853 994 1880 Omnia

204 1898 263 1918 mea
278 1896 341 1928 sunt
359 1897 414 1924 tua,
432 1899 459 1920 et
475 1898 517 1920 tua
532 1900 595 1922 sunt
617 1903 674 1922 mea
691 1895 724 1923 ".
740 1905 749 1922 ι
769 1896 797 1924 Si
820 1905 884 1932 orgo
903 1899 993 1925 omnia

204 1944 264 1970 qua:
290 1937 380 1965 insunt
399 1938 483 1970 Patri,
506 1940 596 1967 insunt
616 1944 643 1967 et
665 1940 743 1973 Filio,
767 1946 794 1968 et
815 1950 830 1969 e
846 1944 992 1975 contrario,

203 1990 369 2017 quzecunque
384 1983 474 2010 insunt
492 1985 568 2018 Filio,
582 1985 674 2013 insunt
687 1993 713 2014 ct
729 1987 812 2020 Patri,
829 1996 879 2016 non
894 1990 990 2016 menti-

204 2034 247 2055 tur
273 2036 333 2056 cum
356 2029 444 2056 dicit:
464 2039 473 2054 ι
492 2030 546 2066 Ego
566 2031 590 2057 in
611 2030 701 2064 Patre,
722 2037 749 2060 et
767 2032 847 2060 Pater
863 2034 889 2060 in
909 2042 960 2067 me,
980 2044 989 2059 ι

203 2082 263 2100 cum
279 2081 372 2101 eorum
390 2083 449 2109 qum
463 2075 553 2103 insunt
570 2077 698 2105 identitas
716 2078 741 2105 in
759 2079 889 2106 dualitate
900 2087 992 2114 perso-

203 2127 298 2147 narum
313 2121 415 2155 absque
435 2122 488 2149 ulla
506 2123 656 2150 dilicrentia
679 2130 819 2158 appareat.
838 2125 913 2158 Quod
929 2134 989 2153 cum

202 2172 297 2192 verum
312 2167 422 2193 omnino
438 2168 488 2199 sit;
503 2169 642 2203 proprium
663 2174 736 2197 certe
755 2171 879 2205 genimen
899 2171 990 2199 Patris

203 2214 246 2238 cst
255 2210 341 2238 Filius
357 2218 364 2238 :
378 2219 466 2246 neque
478 2213 549 2240 enim
562 2214 678 2248 gestavit
699 2215 847 2241 secundum
864 2220 988 2243 naturam

710 163 739 190 S.
761 162 897 190 CYIIILLI
915 164 1149 193 ALEXANDRINI
1170 167 1328 196 ARCIIIEP.

1801 168 1858 195 184

1053 230 1122 254 creo);
1142 223 1193 258 τῆς
1209 225 1257 251 τοῦ
1277 225 1383 261 Πατρὶς
1401 223 1494 256 οὐσίας
1511 225 1524 250 ὁ
1539 224 1610 255 Υἱός.
1628 223 1705 251 θῦτω
1725 223 1782 259 γὰρ
1802 222 1860 250 ἓνὶ

1055 267 1143 302 φαμὲν
1158 267 1225 295 εἶναι
1240 268 1306 296 Θεὸν
1317 270 1359 296 διὰ
1372 270 1420 305 τὴν
1434 269 1584 303 ταντότητα
1603 270 1652 304 τῆς
1669 268 1782 303 φύσεως
1794 269 1855 294 Πα-

1053 313 1116 348 τρός
1133 313 1199 347 πρὸς
1211 314 1283 347 Τίδν,
1299 314 1346 341 καὶ
1360 313 1424 340 Υῐοῦ
1440 313 1507 349 πρὸς
1526 312 1645 348 Πατέρα.

1395 370 1496 397 ΔΛΛΟ.

1088 416 1193 450 ’Ὠσπερ
1209 417 1239 442 τὸ
1262 417 1293 443 ἐκ
1311 416 1357 443 τοῦ
1380 416 1454 451 ἡλίου
1472 415 1647 450 πεμπόμενον
1672 414 1852 449 ἀπαύγασμα

1052 462 1101 488 οὐκ
1116 461 1147 488 ἄν
1165 470 1206 493 τις
1229 461 1300 488 εἴποι
1316 461 1386 488 κατὰ
1402 462 1482 496 φύσιν
1498 462 1591 496 ἕτερον
1611 458 1679 487 εἶναι
1696 459 1755 494 φῶς
1779 460 1852 494 παρ’

1053 508 1167 540 ἐκεῖνον,
1188 508 1203 544 ἢ
1226 508 1296 535 κατὰ
1314 508 1460 544 μετουσίαν
1479 507 1540 534 τινὰ
1564 507 1610 533 καὶ
1635 506 1727 542 σχέσιν
1747 506 1798 540 τὴν
1819 505 1852 537 ἐξ

1052 555 1133 582 αὑτοῦ
1147 555 1252 583 τοιοῦτο
1265 556 1398 590 γίνεσθαι.
1417 555 1474 582 ἀλλ’
1487 554 1571 586 ὅντως
1593 554 1672 588 φύσει
1694 553 1792 589 προϊὸν
1819 553 1851 585 ἐξ

1052 600 1145 634 αὑτοῦ,
1159 602 1206 628 καὶ
1220 601 1267 628 δύο
1280 602 1328 637 μὲν
1341 601 1426 628 ταῦτα
1438 601 1514 635 φῶτα.
1529 600 1588 627 κατ’
1601 600 1721 626 ἐπίνοιαν
1735 599 1848 633 ὁρᾶται,

1051 646 1079 672 ἓν
1091 646 1119 673 δέ
1139 647 1192 672 εἰσι
1207 647 1277 673 κατὰ
1293 647 1384 682 φύσιν·
1401 646 1486 678 οὕτως
1503 646 1552 672 οὐκ
1568 645 1600 672 ἂν
1613 653 1654 676 ’τις
1671 644 1803 678 εὐλόγως.
1823 643 1850 668 εἰ

1052 692 1098 719 καὶ
1119 693 1158 724 εἰς
1174 693 1256 720 δυάδα
1272 693 1398 728 τέμνοιτο
1417 692 1523 727 Πατρός
1548 700 1576 718 τε
1594 692 1641 718 καὶ
1661 690 1728 717 Υἱοῦ
1744 691 1757 716 ὀ
1783 691 1850 724 ἀρι-

1051 739 1129 774 Θμὸς,
1144 739 1235 775 ἕτερόν
1247 747 1272 764 τι
1288 739 1364 773 παρὰ
1374 739 1419 765 τὸν
1436 738 1545 773 Πατέρα
1563 736 1677 772 ἐρεῖτον
1693 735 1769 767 Υἱὸν,
1781 736 1848 762 ὅσον

1051 786 1090 816 εἰς
1109 777 1157 820 την
1171 784 1285 819 θεότητα
1298 785 1344 811 καὶ
1360 784 1409 820 τὴν
1424 784 1573 818 ταυτότητα
1589 783 1637 818 τῆς
1649 782 1754 813 οὐσίας.
1772 781 1848 807 Ἀλλ’

1051 831 1145 866 ὥσπερ
1159 832 1173 857 ὁ
1187 831 1262 866 ἥλιος
1278 831 1306 856 ἐν
1323 830 1361 866 τῷ
1378 829 1574 864 ὰπαυγάσματί
1588 829 1645 855 ἐστι
1660 829 1697 863 τῷ
1714 828 1743 861 ἐξ
1759 828 1847 854 αὐτοῦ

1052 877 1227 913 προελθόντι,
1245 877 1291 903 καὶ
1309 876 1338 902 τὸ
1355 875 1526 910 ἀπαύγασμα
1544 876 1572 901 ἐν
1591 874 1630 910 τῷ
1654 874 1721 910 ἡλίῳ
1743 874 1789 908 ἀφ’
1813 870 1846 900 οὗ

1049 924 1095 950 καὶ
1109 923 1228 958 ἐξῆλθεν,
1247 922 1334 954 οὕτως
1353 922 1411 948 ἐστὶ
1429 922 1523 956 Πατὴρ
1538 922 1566 948 ὲν
1583 921 1650 956 Υἰῷ,
1667 921 1714 947 καὶ
1731 919 1795 951 Υἱὸς
1814 920 1846 945 ἐν

1049 967 1147 1003 Usipi,
1165 967 1272 1003 ἀριθμῷ
1290 967 1339 1002 μὲν
1357 967 1396 998 εἰς
1415 966 1498 992 δυάδα
1514 965 1684 1001 τεμνόμενοι,
1700 965 1749 991 καὶ.
1765 963 1846 994 ὖντες

1048 1013 1133 1045 οὕτως
1147 1014 1175 1040 ἐν
1190 1013 1345 1045 ὑποστάσει,
1361 1014 1394 1047 τῇ
1412 1012 1440 1038 δὲ
1455 1012 1598 1047 ταυτότητι
1611 1012 1660 1046 τῆς
1680 1011 1788 1045 φύσεως
1802 1010 1846 1042 εἰς

1051 1060 1114 1095 μίαν
1128 1059 1304 1095 σφιγγόμενοι
1319 1059 1444 1094 θεότητα.

1392 1116 1493 1142 AAAO.

1083 1164 1116 1191 Εἴ
1136 1173 1177 1195 τις
1200 1163 1320 1199 ἀκριϐῶς
1336 1162 1461 1194 ἐξετάσαι
1484 1161 1534 1194 τὴν
1557 1161 1631 1188 Θείαν
1649 1159 1772 1195 Γραφὴν,
1794 1158 1844 1184 εὑ-

1048 1211 1127 1246 ρήσει
1143 1209 1280 1240 τοσούτοις
1306 1208 1434 1243 ὀνόμασιν
1458 1206 1681 1241 ἁποκαλούμενον
1697 1205 1744 1231 τὸν
1765 1204 1842 1236 Υἰδν,

1047 1256 1175 1291 ὅσοισπερ
1186 1255 1218 1281 ἂν
1234 1255 1281 1281 ἴδοι
1297 1253 1401 1280 καὶτὸν
1418 1253 1540 1288 Πατέρα,
1558 1252 1618 1287 δίχα
1637 1251 1718 1286 μόνον
1732 1250 1781 1277 τοῦ
1797 1250 1844 1276 λέ-

1046 1301 1142 1336 γεσθαι
1159 1300 1284 1335 Πατέρα”
1300 1299 1345 1326 καὶ
1360 1299 1441 1326 πάλιν
1456 1300 1503 1326 ἐπὶ
1525 1295 1630 1334 Πατρὸς
1645 1298 1693 1333 τὴν
1715 1297 1776 1331 ἴσην
1793 1298 1843 1323 ἀν-

1045 1347 1203 1382 τιστροφὴν,
1218 1345 1354 1376 τοσούτοις
1367 1346 1495 1380 ὀνόμασιν
1509 1344 1730 1379 ἀποκαλούμενον
1746 1343 1840 1375 αὐτὸν,

1045 1393 1116 1423 ὅσοις
1130 1393 1175 1418 καὶ
1187 1393 1200 1417 ό
1214 1391 1286 1423 Υἱὸς,
1299 1390 1361 1425 δίχα
1377 1391 1456 1425 μόνον
1470 1390 1516 1416 τοῦ
1532 1389 1657 1423 λέγεσθαι
1674 1388 1747 1415 Υἱόν.
1760 1387 1842 1419 ’Ἥξει

1045 1437 1073 1463 δὲ
1088 1438 1154 1472 ἡμῖν
1168 1436 1215 1463 καὶ
1229 1436 1262 1462 δι’
1280 1435 1401 1471 ἐναργῶν
1419 1434 1581 1466 ἀποδείξεων
1595 1435 1608 1460 ό
1624 1434 1713 1467 λόγος.
1735 1433 1842 1459 Παντο-

1045 1484 1156 1519 κράτωρ
1168 1484 1181 1509 ὁ
1195 1482 1299 1517 Πατὴρ,
1315 1481 1426 1517 φέρεται
1442 1482 1487 1508 καὶ
1499 1482 1540 1515 ἐφ’
1554 1480 1635 1507 Υἱοῦ·
1651 1489 1659 1505 ι
1675 1479 1745 1506 Τάδε
1765 1479 1841 1512 λέγει

1044 1531 1058 1556 ό
1076 1528 1119 1565 ἧν,
1135 1530 1148 1555 ὁ
1163 1529 1324 1564 ἐρχόμενος,
1345 1528 1359 1553 ὁ
1379 1527 1586 1564 παντοκράτωρ.
1601 1536 1609 1552 t
1628 1526 1731 1561 Κύριος
1749 1526 1762 1551 ὁ
1781 1526 1843 1551 Πα-

1047 1575 1109 1610 τὴρ,
1139 1576 1185 1601 καὶ
1209 1584 1218 1600 ι
1235 1572 1282 1606 Εἷς
1306 1573 1407 1609 Κύριος
1434 1573 1537 1608 Ἰησοῦς
1571 1572 1698 1607 Χριστός.
1714 1581 1722 1597 ι
1747 1571 1809 1602 Φῶς
1827 1572 1842 1598 ό

1047 1620 1152 1656 Πατὴρ,
1174 1620 1246 1653 λέγει
1265 1620 1311 1646 καὶ
1332 1621 1346 1646 ὁ
1364 1620 1442 1651 Υἱός·
1462 1629 1470 1644 ‹
1493 1619 1565 1653 Ἐγώ
1589 1619 1646 1652 εἰμι
1662 1618 1692 1644 τὸ
1709 1617 1768 1652 φῶς
1793 1616 1841 1643 τοῦ

1046 1667 1159 1700 κόσμου.
1173 1674 1182 1690 ι
1204 1665 1232 1690 Ὀ
1247 1664 1342 1700 Πατὴρ
1362 1665 1473 1699 ἀφίησιν
1495 1663 1650 1698 ἁμαρτίας·
1673 1663 1745 1688 ποιεῖ
1760 1662 1843 1687 τοῦτο

1045 1711 1093 1738 καὶ
1107 1712 1120 1737 ὁ
1138 1711 1217 1741 Υἱός·
1238 1719 1247 1735 t
1264 1711 1322 1736 Ἵνα
1350 1711 1414 1745 γὰρ,
1435 1709 1527 1744 φησὶν,
1547 1708 1634 1743 εἰδῆτε
1651 1709 1691 1735 ὅτι
1713 1707 1842 1740 ἐξουσίαν

1045 1756 1100 1791 ἔχει
1117 1756 1130 1782 ὁ
1144 1756 1206 1787 Υἱὸς
1221 1754 1267 1782 τοῦ
1282 1755 1425 1790 ἀνθρώπου
1441 1755 1488 1781 ἐπὶ
1501 1754 1551 1789 τῆς
1565 1755 1616 1788 γῆς
1629 1753 1738 1788 ἀφιέναι
1753 1753 1842 1787 ἁμαρ-

1045 1803 1114 1833 τίας.
1133 1811 1141 1828 t
1164 1801 1273 1837 Ἐπειδὴ
1295 1801 1384 1828 τοίνυν
1402 1801 1490 1828 πάντα
1512 1801 1641 1836 πρόσεστι
1658 1799 1696 1834 τῷ
1712 1798 1771 1834 Tin
1790 1799 1842 1826 ὅσα.

1045 1849 1091 1875 καὶ
1112 1849 1139 1874 ὲν
1152 1848 1189 1883 τῷ
1207 1848 1305 1882 Πατρὶ,
1320 1847 1459 1883 ἀληθεύων
1474 1847 1563 1880 λέγει’
1583 1857 1592 1871 ι
1608 1846 1702 1872 Πάντα
1716 1846 1768 1872 ὅσα
1782 1845 1840 1880 ἔχει

1044 1895 1058 1920 ό
1072 1894 1182 1929 Πατὴρ,
1207 1894 1261 1928 ἐμά
1281 1895 1347 1920 ἐστι.
1364 1903 1373 1919 ›
1399 1894 1454 1920 Καὶ
1475 1893 1556 1920 πάλιν
1581 1892 1649 1928 πῴς
1672 1892 1716 1918 τὸν
1739 1891 1840 1918 ἑαυτοῦ

1044 1940 1154 1974 Πατέρα
1168 1940 1232 1971 τοὺς
1252 1939 1347 1973 λόγους
1373 1939 1533 1974 ποιούμενος
1560 1939 1674 1973 φάσκει·
1691 1948 1700 1963 ι
1717 1938 1760 1964 Τὰ
1785 1938 1841 1973 ἐμὲ

1043 1986 1132 2013 πάντα
1149 1986 1183 2012 σά
1198 1987 1264 2017 ἐστι,
1281 1985 1329 2012 καὶ
1343 1986 1377 2012 τὰ
1392 1986 1426 2012 σὰ
1443 1986 1523 2021 ἐμά.)
1541 1986 1569 2012 Ei
1586 1985 1675 2012 τοίνυν
1689 1985 1738 2011 ὅσα
1755 1985 1840 2019 πρόσ-

1043 2039 1101 2056 εστι
1116 2030 1154 2065 τῷ
1170 2031 1273 2065 Πατρὶ,
1293 2030 1379 2056 ταῦτα
1403 2031 1449 2057 καὶ
1465 2031 1503 2066 τῷ
1520 2030 1591 2066 Υἰῷ·
1615 2031 1663 2056 καὶ
1679 2030 1772 2060 πάλιν,
1789 2031 1840 2056 ὅσα

1043 2076 1172 2111 πρόσεστι
1187 2075 1225 2110 τῷ
1240 2075 1305 2110 Υἰῷ,
1318 2076 1403 2102 ταῦτα
1424 2077 1471 2102 καὶ
1487 2076 1525 2111 τῷ
1543 2077 1640 2110 Πατρὶ,
1659 2077 1689 2103 οὒ
1707 2076 1839 2111 ψεύδεται

1042 2121 1128 2155 λέγων
1139 2129 1145 2136 ’
1166 2130 1175 2146 ι
1193 2121 1263 2156 Ἐγὼ
1276 2122 1352 2156 ἐντῷ
1371 2122 1468 2155 Πατρὶ,
1484 2122 1531 2149 καὶ
1543 2123 1557 2148 ὁ
1572 2122 1666 2157 Πατὴρ
1691 2123 1720 2148 ὲν
1737 2122 1812 2157 ἐμοί’
1827 2132 1837 2148 ι

1040 2167 1090 2202 τῆς
1107 2167 1162 2193 τῶν
1180 2168 1333 2202 προσόντων
1353 2169 1516 2203 ταυτότητος
1539 2169 1567 2194 ἐν
1590 2170 1622 2203 τῇ
1641 2168 1717 2194 δυάδι
1739 2177 1836 2202 φαινο-

1043 2213 1126 2248 μένης
1140 2213 1368 2249 ἀπαριλλὰκτως.
1386 2214 1495 2250 Ἐπειδὴ
1508 2214 1536 2240 δὲ
1550 2214 1629 2241 τοῦτο
1646 2213 1756 2249 ἀληθὲς,
1772 2215 1838 2241 ἴδιον

202 2263 234 2284 ea
245 2264 304 2291 qua:
317 2256 452 2285 Genitoris
463 2263 537 2291 sunt,
553 2259 603 2286 nisi
617 2267 649 2286 ex
665 2260 722 2294 ipso
734 2265 789 2290 est;
800 2268 888 2295 neque
899 2262 989 2290 insunt

1060 2266 1073 2284 ν
1088 2259 1130 2294 εἴη
1145 2258 1267 2294 γέννημα
1285 2259 1331 2286 τοῦ
1350 2260 1455 2296 Πατρός
1473 2261 1487 2286 ό
1505 2260 1579 2291 Υἱός·
1593 2260 1623 2286 οὑ
1635 2259 1702 2294 ’γὰρ
1722 2259 1756 2286 ἂν
1773 2260 1836 2294 ἑφό-

202 2301 276 2329 Patri
290 2309 320 2329 ea
336 2310 395 2337 qua:
411 2303 472 2330 Filii
492 2308 564 2336 sunt,
586 2304 640 2331 nisi
660 2305 686 2332 id
710 2305 780 2339 quod
802 2307 920 2340 genitum
936 2313 989 2342 est,

202 2348 339 2382 proprium
353 2349 478 2377 essentia:
491 2357 546 2377 sua:
561 2354 642 2377 esset.

419 2438 532 2471 ALIUD,
549 2447 595 2474 per
608 2439 763 2474 exeinplum.

236 2496 479 2530 Quemadmodum,
501 2496 523 2523 si
542 2496 602 2530 quis
626 2497 770 2533 imaginem
791 2500 891 2534 optimc
912 2501 987 2536 depi-

200 2548 271 2570 ctam
287 2543 374 2570 videat
391 2546 473 2576 atque
491 2542 651 2576 admiretur,
675 2545 745 2580 regis
762 2546 826 2573 item
840 2546 943 2574 vultum
959 2552 987 2575 et

201 2595 369 2623 ("meumque
383 2588 409 2614 in
421 2587 465 2614 illo
474 2593 621 2616 cernuntur
632 2589 731 2617 intueri
740 2591 768 2618 in
781 2591 876 2619 tabella
889 2594 984 2627 possit,

202 2633 336 2668 iupiditas
354 2633 428 2659 illum
451 2633 570 2661 incessat
594 2643 683 2670 regem
707 2636 792 2670 ipsum
813 2638 919 2665 videndi
935 2647 942 2664 :
958 2644 986 2665 at

203 2679 297 2706 tabella
312 2680 408 2706 merito
421 2680 457 2707 illi
477 2681 568 2709 dicere
581 2684 666 2716 possit
683 2690 690 2709 :
707 2682 803 2710 Vidisﬁ
825 2691 877 2715 me.
896 2685 985 2711 vidisti

189 2730 227 2759 et
252 2732 341 2759 regem
355 2735 362 2759 ;
376 2730 404 2753 et
426 2734 556 2754 rursum:
576 2728 632 2762 Ego
654 2733 681 2755 et
705 2736 751 2756 rex
775 2737 857 2756 unum
879 2738 983 2761 sumus,

187 2762 330 2815 ;quantum
342 2772 375 2798 ad
386 2772 532 2806 perfectam
544 2773 747 2801 similitudinem
759 2775 870 2806 attinet;
886 2781 912 2802 et
925 2783 985 2802 rur-

778 2864 800 2880 "
817 2864 881 2892 Luc.
899 2873 922 2898 ι’,
941 2865 985 2892 ὶό.

241 2859 263 2876 ⁸ο
278 2861 362 2897 Apoc.
380 2870 415 2896 ιν,
429 2863 456 2890 9.
495 2863 516 2878 ⁸⁸
533 2862 609 2890 Joan.
623 2871 680 2896 \'ltl,
697 2863 737 2890 l2.

1043 2313 1105 2340 ρεσε
1124 2306 1194 2332 κατὰ
1212 2306 1292 2340 φύσιν
1309 2306 1344 2332 τὰ
1358 2306 1404 2332 τοῦ
1423 2307 1612 2342 γεννήσαντος,
1628 2306 1677 2333 οὐκ
1691 2305 1729 2332 ὢν
1746 2306 1777 2338 ἐξ
1789 2307 1838 2332 αὺ-

1039 2349 1098 2382 τοῦ,
1110 2350 1163 2377 οὐδ’
1174 2349 1207 2377 αὖ
1225 2351 1330 2386 προσῆν
1345 2351 1383 2386 τῷ
1397 2351 1484 2386 Ila-rp).
1498 2351 1533 2378 τὰ
1549 2350 1596 2377 τοῦ
1613 2351 1796 2385 γεννήματος,
1812 2351 1836 2377 ει

1042 2396 1079 2432 μὴ
1095 2397 1144 2433 τῆς
1161 2397 1254 2429 οὐσίας
1269 2397 1352 2424 αὑτοῦ
1369 2398 1434 2424 ἴδιον
1449 2398 1556 2434 ὑπῆρχε
1571 2397 1602 2424 τὸ
1620 2397 1766 2433 γεννηθέν.

1206 2453 1319 2484 ’Ἄλλως
1333 2452 1372 2485 ὡς
1386 2452 1421 2484 ἐξ
1439 2453 1666 2488 ὑποδείγματος.

1075 2506 1181 2542 ’Ὠσπερ
1192 2506 1224 2533 ἂν
1235 2507 1310 2539 εἴτις
1324 2508 1364 2539 εὶς
1377 2508 1468 2535 εἰκόνα
1480 2508 1721 2544 διαγεγραμμένην
1735 2509 1834 2546 ἄριστα

1041 2551 1143 2586 βλέποι,
1157 2552 1204 2578 καὶ
1218 2553 1406 2588 ἁποθαυμάζοι
1421 2554 1469 2589 μὲν
1480 2553 1510 2580 τὸ
1521 2554 1567 2580 τοῦ
1582 2554 1714 2589 βασιλέως
1728 2555 1830 2590 σχῆμα,

1040 2597 1086 2623 καὶ
1109 2598 1213 2632 ὅσαπερ
1235 2600 1264 2624 ἐν
1286 2599 1382 2634 ἐκείνῳ
1404 2599 1543 2633 φαίνεται,
1566 2600 1652 2626 ταῦτα
1675 2601 1723 2627 καὶ
1748 2602 1778 2627 ὲν
1798 2599 1830 2633 τῇ

1039 2646 1130 2679 γραφῇ
1153 2644 1301 2679 δυνάμενός
1317 2654 1346 2671 τε
1369 2646 1416 2672 καὶ
1437 2646 1507 2684 ἔχων
1521 2647 1598 2682 όρᾷν,
1621 2648 1661 2678 εἰς
1683 2647 1831 2682 ἐπιθυμίαν

1038 2686 1110 2712 ἔλθοι
1128 2687 1175 2713 τοῦ
1201 2689 1248 2714 καὶ
1268 2689 1348 2715 αὑτὸν
1366 2690 1430 2716 ἰδεῖν
1451 2690 1497 2716 τὸν
1517 2691 1643 2725 βασιλέα·
1659 2691 1731 2718 εἴποι
1757 2692 1779 2718 δ’
1801 2692 1831 2718 ἃν

1037 2732 1150 2764 εἰκότως
1164 2733 1232 2768 πρὸς
1250 2733 1330 2760 αὑτὸν
1343 2735 1359 2769 ἡ
1374 2737 1466 2770 γραφή
1478 2744 1484 2750 ·
1507 2736 1535 2762 '0
1554 2737 1683 2771 ἑωρακὼς
1701 2737 1764 2771 ἐμὲ,
1781 2736 1829 2763 ἐώ-

1039 2787 1106 2813 ρακε
1130 2779 1174 2805 τὸν
1189 2779 1309 2814 βασιλέα,
1327 2782 1374 2807 καὶ
1398 2781 1494 2808 πάλιν·
1516 2782 1587 2816 Ἐγὼ
1609 2783 1657 2809 καὶ
1671 2784 1685 2809 ό
1701 2783 1827 2818 βασιλεὺς

1024 2867 1045 2883 "‘
1060 2866 1137 2896 Joan.
1157 2877 1209 2900 χιι,
1231 2870 1270 2898 15,
1311 2872 1332 2888 ⁸⁸
1348 2871 1423 2900 Joan.
1442 2882 1509 2907 χιιι,
1528 2875 1570 2903 10.
