1904 3026
81 162 135 190 185

805 168 1025 197 THESAURUS.

1673 170 1725 198 185

78 223 110 249 ἓν
132 224 230 259 ἐσμεν,
245 223 309 251 ὅσον
325 223 367 257 εἰς
391 225 540 261 ὁμοιότητα
555 225 601 252 καὶ
617 226 818 262 ἀκριϐεστάτην
836 228 886 262 ἐμ-

944 236 997 255 ;um
1014 237 1021 255 :
1036 227 1092 262 Ego
1109 227 1135 254 in
1152 234 1224 262 rege,
1241 229 1267 253 et
1282 233 1329 253 rex
1347 225 1372 253 in
1389 233 1442 257 me,
1455 230 1534 261 juxta
1557 226 1650 254 formae
1665 236 1725 262 spe-

80 270 209 305 φέρειαν,
225 271 274 296 καὶ
291 270 393 298 πάλιν·
414 272 487 306 Ἐγὼ
503 273 531 298 ὲν
547 271 586 307 τῷ
604 271 718 307 βασιλεῖ,
739 273 787 299 καὶ
801 274 815 299 6
839 273 888 308 βα-

80 317 178 348 σιλεὺς
189 317 220 343 ὲν
232 317 306 352 ἐμοὶ,
328 318 401 345 κατὰ
421 318 452 345 τὸ
471 320 520 354 τῆς
536 319 644 354 μορφῆς
662 319 754 354 σχῆμα
775 319 815 354 (τὸ
833 320 889 356 γὰρ

80 361 156 394 εἶδος
171 363 202 389 τὸ
219 363 328 390 ἐκείνου
346 365 457 396 πάντως
474 366 552 400 φορεῖ
570 365 586 400 ἠ
606 365 716 400 γραφὴκ
728 365 775 391 καὶ
790 364 821 391 τὸ
839 365 888 400 τῆς

79 409 195 443 γραφῆς
219 407 291 441 εἶδος
316 410 346 436 ὲν
368 410 467 446 ἐκείνῳ
492 411 601 442 παντως
627 409 779 442 σώζεται)·
802 409 888 441 οὕτως

80 455 144 481 ἐστὶ
165 456 214 482 καὶ
235 456 249 482 6
266 456 332 488 Υἱὸς
347 456 452 490 λέγων·
471 465 480 482 ι
500 456 529 483 '0
551 455 681 491 ἑωρακὼς
704 456 763 491 ἐμὲ,
782 455 887 491 ἑώρακε

80 500 128 527 τὸν
147 501 272 537 Πατέρα.
289 502 376 536 Κάγὼ
392 503 440 528 καὶ
461 503 475 528 6
495 503 590 538 Πατὴρ
613 502 642 528 ἓν
657 503 750 537 ἐσμεν.
771 501 842 536 Ἐγὼ
858 503 887 528 ἐν

80 547 121 582 τῷ
138 548 243 583 Πατρὶ,
263 549 311 575 καὶ
330 549 344 574 6
359 549 454 584 Πατὴρ
467 549 496 576 ἐν
512 548 582 584 ἐμοί.
598 557 607 574 ι
625 549 661 575 Τὸ
680 548 735 584 γὰρ
754 548 818 575 ἴδιον
837 549 887 584 τῆς

80 593 128 619 τοῦ
150 594 263 630 Ηατρὸς
284 594 379 626 οὐσίας
399 595 617 630 ἀπαραλλάκτως
637 594 706 629 ἔχων
724 596 738 621 6
754 594 827 627 Υἱὸς,
846 595 886 620 εί-

82 638 140 665 κών
162 640 226 665 ἐστι
242 640 291 666 τοῦ
306 641 415 676 Πατρὺς
436 641 561 676 ἀκριϐὴς,
577 641 625 668 καὶ⁸
641 640 733 677 μορφὴ
756 640 803 667 τοῦ
825 648 887 675 γεν-

82 686 237 719 νήσαντος,
260 686 321 713 ὅλον
340 688 370 713 ἐν
396 687 480 722 ἑαυτῇ
505 687 667 720 δεικνύουσα
691 687 736 713 τὸν
759 695 888 721 γεγεννη-

82 731 162 758 κότα.
186 731 269 758 Οὕτω
294 732 348 767 γὰρ
371 733 477 767 νοήσεις
501 732 549 759 καὶ
568 732 599 759 τὸ
619 731 695 768 παρὰ
723 732 762 767 τῷ
787 732 886 768 Παύλῳ

82 777 233 812 κείμενον·
255 787 263 803 t
279 779 327 809 Ὃς
350 779 378 804 ἐν
403 779 493 813 μορφῇ
514 778 581 804 Θεοῦ
605 778 746 814 ὑπάρχων,
769 778 818 813 οὐχ
838 779 887 814 ἁρ-

81 823 199 858 παγμὸν
212 824 337 858 ἡγήσατο
352 824 382 850 τὸ
398 822 467 850 εἶναι
480 823 524 850 ἴσα
536 823 606 858 Θεῷ.
618 833 626 849 ι
644 825 715 855 Ἴσος
735 824 789 859 γὰρ
799 822 832 860 ἦν
847 823 886 859 τῷ

82 867 144 903 ϐεῴ
166 869 229 900 ὅλος
250 869 287 895 ὢν
307 869 387 901 Θεὸς,
409 869 504 905 ὥσπερ
524 870 570 896 καὶ
584 871 597 896 6
614 870 726 905 Πατήρ·
743 869 829 902 οὕτως
852 868 885 905 ἦν

939 274 1007 302 ciem
1033 275 1112 309 (nam
1136 274 1206 300 illius
1229 273 1342 300 formam
1368 272 1464 299 tabella
1486 272 1565 307 plane
1591 273 1683 305 refert,-
1700 279 1727 301 et

940 320 1026 348 forma
1041 320 1145 348 tabellte
1158 320 1214 347 sive
1226 320 1336 355 picturae
1350 320 1375 346 in
1390 319 1448 354 ipso
1461 319 1542 346 etiam
1555 318 1633 354 est);
1650 319 1686 347 ita
1700 324 1726 347 et

938 366 1023 394 Filius
1040 367 1104 394 dicit
1125 376 1132 393 :
1152 376 1162 392 ι
1178 366 1228 399 Qui
1253 365 1319 393 vidit
1335 373 1388 395 me.
1406 365 1473 392 vidit
1491 371 1518 392 et
1534 364 1642 392 Patrem
1657 365 1695 398 ⁸⁸;
1714 375 1724 391 ι

938 417 974 444 et,
994 422 1003 439 ι
1016 412 1072 448 Ego
1086 417 1111 440 et
1123 412 1203 439 Pater
1218 420 1300 439 unnm
1316 419 1410 439 sumus
1423 411 1458 438 ⁸⁸.
1478 411 1534 446 Ego
1553 412 1579 438 in
1598 411 1688 444 Patre,
1701 416 1727 439 et

939 458 1018 486 Pater
1033 459 1058 486 in
1078 466 1121 486 me
1137 459 1171 485 ⁸⁷.
1189 468 1198 485 ι
1216 458 1301 485 Filius
1314 457 1386 485 enim
1410 458 1512 485 habens
1530 458 1726 493 proprietatem

939 505 1065 533 essentia)
1077 504 1164 532 Patris
1176 505 1242 531 citra
1255 504 1335 532 ullam
1352 503 1542 536 dili'erentiam,
1553 508 1594 531 est
1607 502 1728 539 perfecta

939 551 1027 586 imago
1045 551 1131 578 Patris
1151 555 1177 578 et
1199 551 1285 577 forma
1304 550 1444 585 genitoris,
1460 554 1544 577 totum
1563 551 1589 576 in
1605 557 1634 576 se
1651 549 1727 584 geni-

940 602 1024 625 torem
1051 596 1172 624 referens
1202 601 1283 632 atque
1308 597 1472 631 exprimens.
1491 595 1529 623 Ita
1546 595 1618 622 enim
1643 595 1726 621 etiam

938 644 1003 671 illud
1015 643 1090 670 Pauli
1102 642 1236 677 intelliges
1250 651 1258 670 :
1273 652 1282 668 ι
1296 642 1417 675 Quicum
1433 647 1504 670 esset
1521 642 1546 678 in
1563 641 1649 668 forma
1666 641 1725 674 Dei,

938 698 991 717 non
1007 690 1128 724 rapinam
1142 689 1289 716 arbitratus
1299 692 1340 716 est
1352 695 1381 715 se
1392 695 1451 715 esse
1463 688 1591 722 aequalem
1602 687 1656 714 Deo
1669 688 1722 714 ⁸⁸⁸..)

937 737 1060 771 Ᾱζιιυῖιιὶε
1076 736 1148 763 enim
1170 739 1229 762 erat
1247 734 1301 761 Deo
1315 738 1388 761 totus
1408 733 1542 761 exsistens
1558 733 1639 772 Qeus,
1656 733 1725 759 sicut

937 788 963 811 et
977 783 1079 810 Pater:
1099 782 1134 809 ita
1157 786 1216 808 erat
1242 781 1268 808 in
1285 780 1393 807 Christo
1417 780 1546 807 mundum
1564 779 1614 806 sibi
1634 779 1726 805 conci-

937 830 1007 857 lians
1021 829 1091 856 Deus
1107 837 1114 856 :
1131 828 1167 855 ita
1184 834 1354 862 qumcunque
1377 831 1505 861 operatur
1521 825 1615 858 Filius,
1637 824 1727 852 Patris

938 884 1019 912 opera
1033 879 1106 903 sunt.
1126 875 1191 902 Cum
1207 874 1279 901 enim
1294 873 1365 899 nulla
1383 873 1452 900 inter
1469 879 1515 900 eos
1528 873 1563 899 sit
1577 873 1726 900 dilfercntia

82 915 111 941 ἐν
128 915 245 951 Χριστῷ
264 916 368 952 κόσμον
391 917 480 952 ἐαυτῷ
497 916 689 943 καταλλάττων
710 917 724 943 6
741 916 807 948 Θεὸς
818 925 824 931 ·
842 916 887 942 οὖ-

944 927 1068 958 ]υωιιυιῐι
1083 921 1115 948 ad
1130 921 1255 948 deitatem
1272 924 1298 947 et
1318 924 1454 951 naturam,
1471 919 1538 946 nihil
1558 919 1647 946 obstat
1660 926 1727 953 quo-

82 969 136 992 τως
152 961 225 996 ἅπερ
242 962 390 996 ἐργάζεται
406 964 419 989 6
435 963 508 995 Υἱὸς,
522 962 570 989 τοῦ
587 962 695 998 Πατρός
710 963 783 989 ἐστιν
805 962 884 998 ἔργα.

83 1007 223 1042 egestus;
240 1008 295 1043 γὰρ
309 1009 338 1036 ὲν
352 1009 445 1041 αὐτοῖς
457 1008 540 1044 οὗοης
555 1009 687 1044 διαφορᾶς
699 1009 760 1035 ὅσον
772 1009 811 1040 είς
829 1008 886 1034 θεό-

83 1061 153 1087 τητα
174 1054 223 1080 καὶ
240 1053 332 1088 φύσιν,
356 1055 386 1081 τὺ
402 1054 506 1082 κωλύον
527 1055 603 1082 οὐδὲν
625 1055 692 1092 ἔργα
712 1055 760 1082 τοῦ
778 1054 886 1090 Πατρὸς

83 1098 213 1132 λέγεσθαι
226 1100 261 1126 τὰ
274 1101 322 1127 τοῦ
340 1100 417 1133 Υἱοῦ,
433 1102 480 1128 καὶ
495 1101 526 1128 τὸ
543 1101 742 1136 ἀντικείμενον.

438 1159 539 1185 ΑΛΛΟ.

119 1214 150 1241 ΕΞ
167 1215 256 1242 πάντα
270 1216 322 1242 ὅσα
337 1215 482 1251 προσ-εστιν
494 1215 621 1251 ἐξαίρετα
632 1214 671 1250 τῷ
687 1214 786 1250 Πατρὶ,
798 1214 885 1241 ταῦτα

85 1262 220 1296 προσόντα
238 1263 284 1288 καὶ
301 1261 340 1297 τῷ
362 1262 420 1298 Υἰῷ
436 1262 575 1296 φαίνεται,
598 1262 628 1288 οὐ
644 1261 717 1288 κατὰ
730 1261 810 1296 χάριν
825 1262 884 1287 ἐπι-

85 1308 228 1340 γεγονότα,
242 1308 304 1333 οὐδὲ
322 1307 396 1334 κατά
418 1317 479 1334 τινα
500 1307 627 1343 μετοχὴν,
650 1307 719 1333 ἀλλὰ
743 1306 882 1341 φυσικῶς,

85 1351 177 1387 ὥσπερ
194 1353 242 1378 καὶ
262 1353 302 1386 τῷ
322 1353 514 1388 γεγεννηκότι,
532 1353 579 1379 καὶ
599 1353 629 1379 τὸ
651 1351 818 1388 μεσολαϐοῦν
838 1352 883 1378 οὖ-

85 1397 135 1430 δὲν,
154 1399 171 1434 ἦ
187 1399 219 1425 τὸ
236 1399 350 1434 μερίξον
371 1400 411 1430 εἰς
424 1399 615 1434 ἀνομοιότητα.
636 1399 715 1434 δῆλον
730 1399 763 1425 ἂν
778 1398 819 1432 εἴη
836 1397 883 1424 και)⁹

87 1443 166 1469 παντί
176 1451 216 1478 τῳ
233 1443 330 1478 σαφὲς,
342 1444 439 1479 ὅτιπερ
449 1444 515 1471 αὐτὸ
528 1445 578 1479 τῆς
592 1444 729 1479 πατρικῆς
743 1443 838 1474 οὐσίας
853 1443 883 1469 τὺ

87 1490 149 1517 ζῶον
164 1491 299 1525 ὑπάρχων
315 1492 330 1516 6
347 1490 421 1523 Υἱὸς,
441 1491 500 1517 ὅλον
514 1492 542 1517 ὲν
558 1489 647 1525 ἑαυτῷ
665 1491 743 1525 φορεῖ
756 1489 802 1517 τὸν
823 1490 882 1516 Πα-

87 1537 164 1570 τέρα-
178 1537 228 1562 καὶ
245 1536 307 1567 ὅλος
327 1536 402 1562 ἐστὶν
426 1537 455 1562 ὲν
471 1536 559 1571 Ila-cpi.
574 1535 643 1562 κατὰ
664 1536 714 1569 τὴν
729 1535 882 1570 ταυτότητα

85 1584 132 1618 τῆς
150 1582 248 1613 οὐσίας
258 1589 266 1596 ·
290 1582 338 1608 καὶ
351 1582 396 1608 δια
414 1590 454 1608 τοι
467 1581 547 1608 τοῦτο
559 1581 649 1613 καλῶς
662 1589 692 1607 τε
706 1580 753 1607 καὶ
772 1580 883 1607 ἀκολού-

939 969 1028 995 minus
1050 974 1131 1002 opera
1147 965 1209 993 Filii
1227 965 1353 993 dicantur
1368 972 1449 999 opera
1468 964 1567 997 Patris,
1586 968 1613 992 et
1629 971 1644 991 e
1664 970 1728 991 con-

938 1016 1021 1043 trario

1273 1161 1392 1190 ALIUD.

972 1220 1002 1248 Si
1029 1226 1197 1255 quaecunque
1221 1219 1321 1246 eximia
1336 1222 1397 1246 sunt
1415 1217 1441 1245 in
1466 1217 1559 1249 Putre,
1574 1223 1605 1244 ea
1619 1220 1646 1243 et
1661 1215 1729 1243 Filio

935 1265 1032 1293 adesse
1047 1269 1260 1300 cognoscuntur,
1278 1271 1330 1291 non
1348 1271 1394 1298 per
1418 1263 1534 1297 gratiam
1553 1261 1657 1295 adjecta
1683 1265 1729 1287 aut
1756 1278 1761 1287 μ

935 1319 982 1346 per
995 1310 1244 1345 participationem,
1260 1309 1306 1336 sed
1325 1307 1493 1339 naturaliter,
1513 1306 1584 1333 sicut
1601 1311 1628 1332 et
1646 1305 1728 1336 Patri,

935 1357 1093 1391 nullumque
1108 1355 1220 1382 omnino
1232 1359 1274 1382 est
1286 1354 1444 1386 discrimen,
1462 1357 1508 1379 aut
1521 1351 1728 1381 dissimilitudo;

935 1402 1109 1433 manifestum
1127 1402 1209 1429 etiam
1226 1400 1312 1427 cuivis
1334 1399 1415 1427 fuerit
1430 1400 1501 1434 quod
1518 1398 1604 1425 Filius
1618 1405 1679 1424 cum
1694 1397 1730 1425 sit

935 1450 1050 1484 ipsumet
1063 1448 1214 1483 proprietas
1230 1447 1354 1474 essentiae
1367 1445 1468 1478 Patrisl
1489 1449 1572 1472 totum
1589 1444 1615 1470 in
1637 1451 1665 1470 se
1680 1442 1731 1469 Pa-

936 1499 1003 1522 trem
1022 1497 1123 1527 gestat,
1140 1497 1167 1520 et
1182 1497 1255 1519 totus
1269 1495 1310 1518 est
1328 1491 1354 1518 in
1370 1490 1450 1517 Patre
1461 1489 1609 1516 secundum
1631 1487 1730 1515 identi—

936 1543 1018 1567 talem
1035 1539 1170 1566 essentitn.
1192 1538 1271 1572 112
1298 1537 1381 1564 Recte
1399 1537 1481 1570 igitur
1500 1540 1526 1562 et
1540 1535 1732 1562 convenienter

938 1586 1025 1613 dicit:
1047 1595 1057 1611 ι
1070 1585 1125 1620 Ego
1142 1585 1167 1612 in
1195 1584 1285 1616 Patre,
1304 1588 1331 1610 et
1347 1583 1426 1610 Pater
1449 1583 1475 1609 in
1492 1589 1552 1614 me;
1570 1591 1578 1607 ι
1595 1586 1632 1612 et,
1652 1589 1661 1607 ι
1678 1581 1733 1615 Ego

87 1617 136 1660 ea};
147 1629 206 1664 ἐρεῖ
215 1637 222 1643 ·
238 1637 247 1653 ι
260 1627 331 1662 Ἐγὼ
347 1629 375 1654 ὲν
388 1627 428 1662 τῷ
441 1627 539 1662 Ila-cpt,
553 1627 600 1653 καὶ
612 1628 627 1653 6
640 1626 734 1661 Πατὴρ
748 1627 775 1652 ὲν
787 1626 858 1661 ἐμοί.
872 1635 881 1651 ι

944 1637 966 1660 et
981 1631 1063 1659 Pater
1074 1638 1157 1659 unum
1172 1637 1276 1657 sumus.
1297 1638 1308 1656 ι
1325 1629 1391 1662 Quia
1414 1629 1486 1656 enim
1506 1627 1574 1655 nihil
1595 1627 1620 1654 in
1636 1634 1668 1654 eo
1686 1627 1731 1654 de-

88 1675 150 1706 Καὶ,
169 1685 178 1701 ι
198 1673 272 1709 Ἐγὼ
300 1674 349 1700 καὶ
371 1675 385 1700 6
404 1673 499 1709 Πατὴρ
514 1674 543 1700 ἓν
561 1674 654 1708 ἐσμεν.
671 1682 680 1698 ›
700 1671 748 1698 Διὰ
767 1672 822 1707 γὰρ
838 1671 884 1698 τοῦ

89 1722 167 1758 μηδὲν
180 1721 257 1756 αὐτῷ
274 1720 490 1756 παραλελεῖφθαι
502 1720 557 1746 τῶν
570 1720 620 1746 ὅσα
635 1719 764 1754 πρόσεστι
776 1717 815 1753 τῷ
831 1718 887 1744 Πα-

87 1769 140 1804 cpi,
152 1768 277 1799 τοιοῦτος
296 1766 373 1793 ἔσται
394 1766 502 1798 πάντως
517 1767 608 1797 ὁποῖος
630 1765 662 1791 ἂν
676 1765 718 1801 εἴη
734 1764 781 1791 καὶ
794 1765 808 1791 6
825 1772 887 1799 γεν-

89 1815 169 1851 νήσας
186 1815 281 1841 αὐτόν.

438 1870 539 1898 ΑΛΛΟ.

122 1927 216 1965 Πατὴρ
234 1929 359 1955 καλεῖται
373 1927 450 1958 Θεὸς,
467 1925 714 1962 συνεισφερομένης
732 1924 806 1959 αὐτῷ
822 1923 888 1951 πάν-

89 1982 140 2006 τως
153 1975 205 2009 τῆς
218 1974 364 2009 ὑπάρξεως
383 1973 429 2000 τοῦ
445 1972 527 1999 Υἱοῦ·
543 1972 574 1998 οὐ
592 1972 646 2007 γὰρ
662 1971 696 1998 ἂν
718 1971 761 2006 εἴη
779 1970 885 2005 Πατὴρ,

90 2020 135 2046 οὐκ
146 2020 217 2054 ἔχων
232 2019 278 2046 τὸν
292 2018 321 2051 ἐξ
339 2017 436 2044 ἑαυτοῦ
450 2017 614 2052 προελθόντα
626 2017 723 2051 Λόγον.
736 2016 790 2042 Καὶ
806 2015 887 2042 πάλιν

90 2065 166 2100 ήτοῦ
185 2064 252 2091 Υἱοῦ
277 2063 450 2100 προσηγορία
473 2063 630 2097 συνεισάγει
647 2063 756 2093 πάντως
770 2061 819 2098 τὴν
837 2059 884 2088 τοῦ

91 2112 194 2146 Πατρὸς
211 2110 340 2146 ὕπαρξιν.
356 2110 441 2138 Τοῦτο
461 2111 516 2146 γὰρ
537 2109 574 2141 ὡς
591 2111 658 2144 πρὸς
676 2109 765 2135 ἐκεῖνο
786 2107 886 2143 σημαί-

90 2165 172 2185 νεται.
187 2158 218 2184 Εἰ
233 2158 323 2185 τοίνυν
338 2157 495 2192 ἀναγκαίως
509 2156 622 2191 θάτερόν
638 2156 712 2182 ἐστιν
726 2155 754 2181 ὲν
769 2153 885 2190 θατέρῳ,

91 2205 135 2231 καὶ
147 2204 246 2239 Πατὴρ
263 2204 312 2238 μὲν
330 2203 493 2239 σημαίνεται
512 2202 581 2238 μετὰ
599 2202 647 2229 τοῦ
665 2201 731 2228 ἰδίου
750 2200 888 2235 γεννήμα-

90 2257 148 2280 τος·
164 2248 229 2280 Υἱὸς
253 2249 283 2275 δὲ
306 2249 418 2280 πάντως
436 2248 505 2284 μετὰ
521 2247 568 2274 τοῦ
586 2248 768 2283 γεννήσαντος
793 2245 884 2279 αὑτὸν,

938 1678 1073 1706 sitlcratur
1085 1684 1180 1705 eorum
1196 1684 1256 1711 quae
1275 1675 1347 1702 Patri
1366 1675 1468 1709 insunt,
1486 1673 1547 1701 talis
1564 1673 1675 1700 omnino
1692 1676 1733 1700 est

937 1724 1026 1759 qualis
1041 1728 1083 1751 est
1099 1723 1120 1751 is
1135 1724 1181 1759 qui
1195 1730 1256 1750 eum
1273 1721 1375 1757 genuit.

1281 1862 1395 1890 ALIUD.
1441 1867 1443 1869 '

974 1923 1055 1951 Pater
1070 1927 1183 1951 vocatur
1200 1921 1283 1953 Dens,
1306 1919 1441 1947 intellecta
1459 1917 1540 1946 simul
1557 1925 1617 1944 cum
1638 1923 1670 1944 eo
1686 1923 1733 1943 ex-

938 1970 1062 1998 sistentia
1077 1968 1149 2000 Filii,
1169 1974 1256 2002 neque
1268 1967 1339 1993 enim
1357 1970 1429 1993 esset
1443 1965 1534 1996 Pater,
1553 1971 1605 1990 non
1631 1963 1734 1990 habens

939 2016 1058 2044 Verbum
1083 2021 1117 2041 ex
1142 2021 1171 2041 se
1195 2012 1355 2048 procedens.
1380 2011 1414 2038 Et
1440 2010 1561 2037 vicissim
1589 2007 1733 2044 appellatio

939 2061 999 2089 Filii
1021 2059 1174 2087 necessario
1191 2059 1274 2085 etiam
1299 2057 1395 2084 statuit
1419 2054 1607 2083 exsistentiam
1632 2053 1731 2080 Patris.

939 2107 997 2135 lloc
1012 2107 1083 2134 enitn
1099 2109 1223 2139 respectu
1242 2104 1313 2131 illius
1328 2103 1436 2130 dicitur.
1453 2102 1481 2129 Si
1496 2108 1561 2136 ergo
1577 2099 1733 2127 necessario

940 2154 1056 2182 alterum
1072 2157 1114 2180 est
1129 2152 1156 2179 in
1176 2151 1273 2184 altero,
1296 2154 1324 2177 et
1343 2149 1424 2176 Pater
1438 2148 1545 2183 quidem
1564 2146 1733 2181 signiﬁcatur

941 2208 1003 2228 cum
1024 2198 1133 2234 proprio
1154 2205 1203 2226 suo
1225 2196 1306 2230 Filio,
1326 2201 1353 2223 et
1372 2195 1456 2222 Filius
1479 2201 1540 2221 cum
1565 2200 1615 2220 suo
1641 2192 1732 2222 Patre,

940 2254 1004 2274 vere
1024 2245 1147 2282 profecto
1170 2245 1237 2272 dicit
1261 2253 1268 2271 :
1292 2253 1301 2270 t
1319 2243 1375 2279 Ego
1395 2243 1422 2270 in
1444 2241 1535 2274 Patre,
1557 2244 1585 2267 et
1604 2239 1684 2266 Pater
1707 2238 1734 2264 in

91 2293 304 2329 προσαληθεὺει,
329 2293 433 2329 λέγων·
451 2303 460 2320 t
483 2292 554 2328 Ἐγὼ
570 2294 598 2320 ὲν
622 2292 660 2328 τῷ
679 2291 784 2328 Πατρὶ,
804 2291 853 2318 καὶ
872 2291 887 2317 6
899 2291 926 2321 D
940 2301 993 2321 me.
1010 2302 1019 2320 ι

91 2339 184 2375 Πατὴρ
197 2340 228 2366 ἐν
243 2339 316 2375 ἐμοί.
332 2348 342 2366 ι

131 2389 142 2398 ⁸
438 2395 541 2422 ΑΛΛΟ.

125 2453 156 2480 Εἰ
173 2453 228 2485 πᾶς
248 2453 262 2480 6
279 2453 417 2481 πιστεύων
437 2455 478 2486 εἰς
496 2453 542 2481 τὸν
559 2453 634 2485 Υῐὸν,
652 2453 691 2485 εῑς
709 2452 755 2479 τὸν
778 2451 889 2488 Πατέρα

66 2531 69 2534 Α
93 2499 227 2532 πιστεύει,
244 2499 292 2526 καὶ
313 2500 327 2525 6
344 2499 434 2535 τιμῶν
450 2499 495 2527 τὸν
515 2499 590 2532 Υίὸν,
606 2500 674 2535 τιμᾷ
693 2498 739 2526 τὸν
763 2498 888 2534 Πατέρα,

93 2546 136 2571 καὶ
157 2546 249 2578 πάλιν,
268 2547 282 2573 6
302 2546 466 2581 προσκυνῶν
484 2546 524 2582 τῷ
549 2546 654 2580 Πατρὶ,
680 2546 829 2581 προσκυνεῖ
850 2544 889 2580 τῷ

93 2591 156 2626 Υἱῷ,
172 2592 232 2624 πῶς
246 2593 298 2628 οὐχ
309 2589 388 2624 οὗτος
399 2593 427 2619 ἐν
439 2591 546 2628 ἐκείνῳ,
562 2593 687 2623 κάκεῖνος
702 2591 739 2618 ὢν
755 2592 784 2618 ὲν
800 2590 887 2626 τούτῳ

93 2637 262 2674 δειχθήσεται
278 2637 353 2665 κατὰ
371 2637 402 2664 τὸ
419 2637 469 2673 τῆς
489 2637 582 2670 οὐσίας
599 2637 824 2673 ὰπαράλλακτον;
840 2635 890 2662 Διὰ

93 2684 144 2720 γὰρ
160 2685 238 2711 τοῦτο
256 2684 305 2712 καὶ
323 2684 374 2720 μία
389 2684 574 2720 προσκύνησις
589 2685 606 2720 ἡ
620 2685 648 2711 ἐν
665 2683 722 2719 Υἱῷ
741 2683 789 2710 καὶ
804 2683 891 2718 Πατρὶ

94 2731 217 2766 ’χωομένη
229 2732 279 2758 σὺν
293 2731 365 2766 ἁγίῳ
379 2730 530 2767 Πνεύματι,
546 2731 593 2757 κα)⁵
603 2728 643 2762 εἷς
652 2730 718 2762 Θεὸς
734 2730 810 2765 παρὰ
823 2729 891 2756 πάν-

93 2785 142 2802 των
154 2777 343 2813 ὁμολογεῖται,
359 2776 406 2804 καὶ
419 2777 503 2810 ἔστιν,
519 2777 556 2809 ὡς
571 2777 698 2812 οὐδεμιᾶς
716 2776 817 2812 μεταξὺ
835 2784 891 2802 κει-

97 2822 171 2857 μένης
186 2823 326 2859 διαφορᾶς
345 2823 452 2859 Πατρός
464 2832 494 2850 τε
509 2823 556 2850 καὶ
570 2823 646 2857 Υἱοῦ,
667 2822 724 2850 ἀλλ’
749 2823 778 2849 ὲν
793 2821 891 2849 ταυτό-

127 2903 317 2936 ⁵¹1ναιι.ῑιν,
337 2902 362 2929 9.

403 2902 424 2917 θ’
436 2901 514 2929 .loan.
531 2911 554 2935 κ,
570 2902 613 2929 30.
656 2901 675 2915 ²τ
689 2900 763 2929 Joan,
785 2908 836 2934 ut,
856 2899 896 2928 Η.

1276 2390 1392 2420 ALlUD.

976 2450 1004 2478 Si
1026 2449 1115 2478 omnis
1137 2449 1184 2484 qui
1204 2448 1291 2476 credit
1312 2447 1340 2474 in
1363 2445 1475 2477 Filium,
1497 2442 1581 2471 credit
1602 2441 1684 2468 etiam
1707 2440 1733 2467 in

945 2497 1064 2530 Patrem,
1089 2500 1115 2523 et
1132 2496 1178 2530 qui
1196 2495 1262 2522 colit
1279 2494 1390 2525 Filium,
1415 2491 1482 2519 colit
1505 2495 1532 2517 et
1561 2488 1686 2521 Patrem;
1707 2491 1734 2513 et

944 2549 1048 2575 contra,
1064 2542 1109 2577 qui
1126 2542 1220 2568 adorat
1241 2541 1360 2573 Patrem,
1386 2538 1484 2566 adorat
1497 2541 1523 2564 et
1544 2535 1641 2563 Filium
1659 2542 1666 2561 :
1682 2541 1735 2568 quo

944 2594 1024 2624 pacto
1040 2595 1092 2615 non
1107 2580 1147 2615 'sit
1163 2586 1208 2614 hic
1227 2588 1254 2613 in
1269 2586 1324 2618 illo,
1344 2591 1372 2613 et
1388 2585 1434 2612 ille
1451 2585 1477 2611 in
1498 2583 1560 2615 hoe.
1578 2580 1733 2608 omnimodo

944 2635 1070 2664 essentiae
1091 2632 1286 2662 similitudine?
1312 2631 1418 2659 idcirco
1444 2630 1523 2663 unica
1549 2633 1591 2656 est
1612 2626 1735 2655 adoratio

943 2690 1003 2718 quae
1017 2680 1087 2709 Filio
1107 2685 1134 2708 et
1147 2679 1219 2707 Patri
1234 2685 1295 2706 eum
1312 2677 1414 2712 Spiritu
1427 2680 1522 2703 saneto
1540 2678 1692 2709 prastatur,
1708 2677 1735 2699 et

944 2717 1014 2756 unus
1029 2727 1101 2755 Deus
1117 2727 1151 2754 ab
1163 2724 1300 2756 omnibus,
1318 2727 1345 2750 et
1357 2721 1528 2757 praedicatur,
1550 2724 1577 2747 et
1591 2723 1649 2751 est;
1662 2717 1733 2752 quod

943 2775 1074 2802 nimirum
1099 2773 1172 2800 nulla
1188 2770 1340 2799 dili'erentia
1362 2768 1498 2804 disjungat
1513 2766 1621 2793 Patrem
1645 2768 1672 2791 et
1689 2763 1733 2790 Fi-

943 2820 1021 2852 lium,
1034 2819 1081 2847 sed
1098 2818 1239 2846 identitate
1255 2814 1379 2844 essentne
1393 2811 1498 2848 praediti
1520 2811 1590 2843 sint;
1614 2808 1734 2842 nihilque

936 2898 957 2914 “
975 2897 1090 2933 Philipp.
1111 2905 1140 2930 ιι,
1157 2896 1182 2923 6.
