  <div class='ocr_page' id='page_1' title='image "/cluster/home/n/w/nwhite01/storage/ocr_20150623/75/njp.32101077772786/113.png"; bbox 0 0 1904 3026; ppageno 0'>
   <div class='ocr_carea' id='block_1_1' title="bbox 183 139 234 168">
    <p class='ocr_par' dir='ltr' id='par_1_1' title="bbox 183 139 234 168">
     <span class='ocr_line' id='line_1_1' title="bbox 183 139 234 168; baseline -0.039 0"><span class='ocrx_word' id='word_1_1' title='bbox 183 139 234 168; x_wconf 79' lang='grc'><strong>187</strong></span> 
     </span>
    </p>
   </div>
   <div class='ocr_carea' id='block_1_2' title="bbox 177 198 1001 236">
    <p class='ocr_par' dir='ltr' id='par_1_2' title="bbox 177 198 1001 236">
     <span class='ocr_line' id='line_1_2' title="bbox 177 198 1001 236; baseline -0.001 -10"><span class='ocrx_word' id='word_1_2' title='bbox 177 199 295 227; x_wconf 87' lang='lat' dir='ltr'><strong>habeant</strong></span> <span class='ocrx_word' id='word_1_3' title='bbox 319 198 392 235; x_wconf 82' lang='lat' dir='ltr'><strong>quod</strong></span> <span class='ocrx_word' id='word_1_4' title='bbox 416 206 432 227; x_wconf 81' lang='grc' dir='ltr'><strong>ιι</strong></span> <span class='ocrx_word' id='word_1_5' title='bbox 456 200 572 228; x_wconf 89' lang='lat' dir='ltr'><strong>naturali</strong></span> <span class='ocrx_word' id='word_1_6' title='bbox 603 200 765 236; x_wconf 90' lang='lat' dir='ltr'><strong>proprietate</strong></span> <span class='ocrx_word' id='word_1_7' title='bbox 792 207 842 228; x_wconf 84' lang='lat' dir='ltr'><strong>eos</strong></span> <span class='ocrx_word' id='word_1_8' title='bbox 867 199 959 234; x_wconf 80' lang='lat' dir='ltr'><strong>sejun-</strong></span> <span class='ocrx_word' id='word_1_9' title='bbox 976 205 1001 233; x_wconf 69' lang='grc' dir='ltr'>Α</span> 
     </span>
    </p>
   </div>
   <div class='ocr_carea' id='block_1_3' title="bbox 176 250 232 280">
    <p class='ocr_par' dir='ltr' id='par_1_3' title="bbox 176 250 232 280">
     <span class='ocr_line' id='line_1_3' title="bbox 176 250 232 280; baseline 0.018 -8"><span class='ocrx_word' id='word_1_10' title='bbox 176 250 232 280; x_wconf 74' lang='grc' dir='ltr'>μί.</span> 
     </span>
    </p>
   </div>
   <div class='ocr_carea' id='block_1_4' title="bbox 514 303 629 332">
    <p class='ocr_par' dir='ltr' id='par_1_4' title="bbox 514 303 629 332">
     <span class='ocr_line' id='line_1_4' title="bbox 514 303 629 332; baseline 0.009 -2"><span class='ocrx_word' id='word_1_11' title='bbox 514 303 629 332; x_wconf 84' lang='lat' dir='ltr'><strong>ALIUD.</strong></span> 
     </span>
    </p>
   </div>
   <div class='ocr_carea' id='block_1_5' title="bbox 265 359 873 396">
    <p class='ocr_par' dir='ltr' id='par_1_5' title="bbox 265 359 873 396">
     <span class='ocr_line' id='line_1_5' title="bbox 265 359 873 396; baseline 0.003 -10"><span class='ocrx_word' id='word_1_12' title='bbox 265 359 365 395; x_wconf 79' lang='lat' dir='ltr'><strong>Dogma</strong></span> <span class='ocrx_word' id='word_1_13' title='bbox 381 360 460 389; x_wconf 75' lang='lat' dir='ltr'><strong>veluti</strong></span> <span class='ocrx_word' id='word_1_14' title='bbox 476 369 508 388; x_wconf 73' lang='lat' dir='ltr'><strong>es:</strong></span> <span class='ocrx_word' id='word_1_15' title='bbox 521 361 664 396; x_wconf 80' lang='lat' dir='ltr'><strong>objectione</strong></span> <span class='ocrx_word' id='word_1_16' title='bbox 680 361 873 388; x_wconf 75' lang='lat' dir='ltr'><strong>hwreticorum.</strong></span> 
     </span>
    </p>
   </div>
   <div class='ocr_carea' id='block_1_6' title="bbox 163 415 965 452">
    <p class='ocr_par' dir='ltr' id='par_1_6' title="bbox 163 415 965 452">
     <span class='ocr_line' id='line_1_6' title="bbox 163 415 965 452; baseline 0.004 -9"><span class='ocrx_word' id='word_1_17' title='bbox 163 417 165 420; x_wconf 84' lang='lat'>&#39;</span> <span class='ocrx_word' id='word_1_18' title='bbox 212 415 304 449; x_wconf 84' lang='lat' dir='ltr'><strong>Pater,</strong></span> <span class='ocrx_word' id='word_1_19' title='bbox 320 417 454 452; x_wconf 84' lang='lat' dir='ltr'><strong>inquiunt,</strong></span> <span class='ocrx_word' id='word_1_20' title='bbox 475 421 516 444; x_wconf 89' lang='lat' dir='ltr'><strong>est</strong></span> <span class='ocrx_word' id='word_1_21' title='bbox 542 417 567 444; x_wconf 93' lang='lat' dir='ltr'><strong>in</strong></span> <span class='ocrx_word' id='word_1_22' title='bbox 582 416 661 449; x_wconf 81' lang='lat' dir='ltr'><strong>Filio.</strong></span> <span class='ocrx_word' id='word_1_23' title='bbox 682 422 710 445; x_wconf 90' lang='lat' dir='ltr'><strong>et</strong></span> <span class='ocrx_word' id='word_1_24' title='bbox 724 416 809 446; x_wconf 88' lang='lat' dir='ltr'><strong>Filius</strong></span> <span class='ocrx_word' id='word_1_25' title='bbox 825 418 852 446; x_wconf 93' lang='lat' dir='ltr'><strong>in</strong></span> <span class='ocrx_word' id='word_1_26' title='bbox 871 417 965 451; x_wconf 84' lang='lat' dir='ltr'><strong>Patre,</strong></span> 
     </span>
    </p>
   </div>
   <div class='ocr_carea' id='block_1_7' title="bbox 176 461 965 492">
    <p class='ocr_par' dir='ltr' id='par_1_7' title="bbox 176 461 965 492">
     <span class='ocr_line' id='line_1_7' title="bbox 176 461 965 492; baseline 0.004 -4"><span class='ocrx_word' id='word_1_27' title='bbox 176 462 324 489; x_wconf 78' lang='lat' dir='ltr'><strong>secundum</strong></span> <span class='ocrx_word' id='word_1_28' title='bbox 351 462 483 489; x_wconf 86' lang='lat' dir='ltr'><strong>habitum.</strong></span> <span class='ocrx_word' id='word_1_29' title='bbox 499 461 564 489; x_wconf 88' lang='lat' dir='ltr'><strong>Cum</strong></span> <span class='ocrx_word' id='word_1_30' title='bbox 579 462 650 489; x_wconf 92' lang='lat' dir='ltr'><strong>enim</strong></span> <span class='ocrx_word' id='word_1_31' title='bbox 667 462 740 490; x_wconf 91' lang='lat' dir='ltr'><strong>nullo</strong></span> <span class='ocrx_word' id='word_1_32' title='bbox 753 464 834 491; x_wconf 92' lang='lat' dir='ltr'><strong>modo</strong></span> <span class='ocrx_word' id='word_1_33' title='bbox 860 463 965 492; x_wconf 84' lang='lat' dir='ltr'><strong>dissen-</strong></span> 
     </span>
    </p>
   </div>
   <div class='ocr_carea' id='block_1_8' title="bbox 178 506 966 544">
    <p class='ocr_par' dir='ltr' id='par_1_8' title="bbox 178 506 966 544">
     <span class='ocr_line' id='line_1_8' title="bbox 178 506 966 544; baseline 0.004 -10"><span class='ocrx_word' id='word_1_34' title='bbox 178 507 246 534; x_wconf 82' lang='lat' dir='ltr'><strong>tiant</strong></span> <span class='ocrx_word' id='word_1_35' title='bbox 260 507 288 534; x_wconf 89' lang='lat' dir='ltr'><strong>in</strong></span> <span class='ocrx_word' id='word_1_36' title='bbox 302 506 422 541; x_wconf 75' lang='lat' dir='ltr'><strong>iudiciis,</strong></span> <span class='ocrx_word' id='word_1_37' title='bbox 441 506 482 534; x_wconf 83' lang='lat' dir='ltr'><strong>vel</strong></span> <span class='ocrx_word' id='word_1_38' title='bbox 496 507 718 542; x_wconf 71' lang='lat' dir='ltr'><strong>cogitationibus,</strong></span> <span class='ocrx_word' id='word_1_39' title='bbox 735 509 784 537; x_wconf 88' lang='lat' dir='ltr'><strong>sed</strong></span> <span class='ocrx_word' id='word_1_40' title='bbox 799 516 966 544; x_wconf 73' lang='lat' dir='ltr'><strong>quaecunque</strong></span> 
     </span>
    </p>
   </div>
   <div class='ocr_carea' id='block_1_9' title="bbox 177 551 964 591">
    <p class='ocr_par' dir='ltr' id='par_1_9' title="bbox 177 551 964 591">
     <span class='ocr_line' id='line_1_9' title="bbox 177 551 964 591; baseline 0.005 -12"><span class='ocrx_word' id='word_1_41' title='bbox 177 552 234 580; x_wconf 82' lang='lat' dir='ltr'><strong>vult</strong></span> <span class='ocrx_word' id='word_1_42' title='bbox 246 551 337 586; x_wconf 86' lang='lat' dir='ltr'><strong>Pater,</strong></span> <span class='ocrx_word' id='word_1_43' title='bbox 355 560 386 580; x_wconf 80' lang='lat' dir='ltr'><strong>ea</strong></span> <span class='ocrx_word' id='word_1_44' title='bbox 400 552 456 580; x_wconf 91' lang='lat' dir='ltr'><strong>vult</strong></span> <span class='ocrx_word' id='word_1_45' title='bbox 471 557 499 581; x_wconf 93' lang='lat' dir='ltr'><strong>et</strong></span> <span class='ocrx_word' id='word_1_46' title='bbox 511 552 608 587; x_wconf 86' lang='lat' dir='ltr'><strong>Filius,</strong></span> <span class='ocrx_word' id='word_1_47' title='bbox 621 558 648 582; x_wconf 87' lang='lat' dir='ltr'><strong>et</strong></span> <span class='ocrx_word' id='word_1_48' title='bbox 663 554 783 583; x_wconf 85' lang='lat' dir='ltr'><strong>vicissim</strong></span> <span class='ocrx_word' id='word_1_49' title='bbox 797 562 964 591; x_wconf 73' lang='lat' dir='ltr'><strong>qurecunque</strong></span> 
     </span>
    </p>
   </div>
   <div class='ocr_carea' id='block_1_10' title="bbox 175 598 965 636">
    <p class='ocr_par' dir='ltr' id='par_1_10' title="bbox 175 598 965 636">
     <span class='ocr_line' id='line_1_10' title="bbox 175 598 965 636; baseline 0.005 -10"><span class='ocrx_word' id='word_1_50' title='bbox 175 598 234 626; x_wconf 87' lang='lat' dir='ltr'><strong>vult</strong></span> <span class='ocrx_word' id='word_1_51' title='bbox 243 598 336 632; x_wconf 83' lang='lat' dir='ltr'><strong>Filius,</strong></span> <span class='ocrx_word' id='word_1_52' title='bbox 346 599 403 626; x_wconf 90' lang='lat' dir='ltr'><strong>vult</strong></span> <span class='ocrx_word' id='word_1_53' title='bbox 415 604 442 627; x_wconf 90' lang='lat' dir='ltr'><strong>et</strong></span> <span class='ocrx_word' id='word_1_54' title='bbox 457 599 548 633; x_wconf 90' lang='lat' dir='ltr'><strong>Pater,</strong></span> <span class='ocrx_word' id='word_1_55' title='bbox 558 604 585 627; x_wconf 89' lang='lat' dir='ltr'><strong>et</strong></span> <span class='ocrx_word' id='word_1_56' title='bbox 597 608 747 629; x_wconf 82' lang='lat' dir='ltr'><strong>consensus</strong></span> <span class='ocrx_word' id='word_1_57' title='bbox 761 601 869 636; x_wconf 86' lang='lat' dir='ltr'><strong>quidem</strong></span> <span class='ocrx_word' id='word_1_58' title='bbox 883 606 965 636; x_wconf 87' lang='lat' dir='ltr'><strong>atque</strong></span> 
     </span>
    </p>
   </div>
   <div class='ocr_carea' id='block_1_11' title="bbox 176 645 964 684">
    <p class='ocr_par' dir='ltr' id='par_1_11' title="bbox 176 645 964 684">
     <span class='ocr_line' id='line_1_11' title="bbox 176 645 964 684; baseline 0.006 -12"><span class='ocrx_word' id='word_1_59' title='bbox 176 645 305 673; x_wconf 79' lang='lat' dir='ltr'><strong>identitas</strong></span> <span class='ocrx_word' id='word_1_60' title='bbox 320 645 488 674; x_wconf 74' lang='lat' dir='ltr'><strong>voluntatum</strong></span> <span class='ocrx_word' id='word_1_61' title='bbox 506 646 534 674; x_wconf 90' lang='lat' dir='ltr'><strong>in</strong></span> <span class='ocrx_word' id='word_1_62' title='bbox 547 647 587 674; x_wconf 88' lang='lat' dir='ltr'><strong>eis</strong></span> <span class='ocrx_word' id='word_1_63' title='bbox 600 646 827 682; x_wconf 87' lang='lat' dir='ltr'><strong>deprehenditur,</strong></span> <span class='ocrx_word' id='word_1_64' title='bbox 840 652 921 684; x_wconf 87' lang='lat' dir='ltr'><strong>atque</strong></span> <span class='ocrx_word' id='word_1_65' title='bbox 933 655 964 676; x_wconf 83' lang='lat' dir='ltr'><strong>ea</strong></span> 
     </span>
    </p>
   </div>
   <div class='ocr_carea' id='block_1_12' title="bbox 176 690 850 726">
    <p class='ocr_par' dir='ltr' id='par_1_12' title="bbox 176 690 850 726">
     <span class='ocr_line' id='line_1_12' title="bbox 176 690 850 726; baseline 0.004 -8"><span class='ocrx_word' id='word_1_66' title='bbox 176 691 280 719; x_wconf 84' lang='lat' dir='ltr'><strong>ratione</strong></span> <span class='ocrx_word' id='word_1_67' title='bbox 291 690 372 720; x_wconf 85' lang='lat' dir='ltr'><strong>Pater</strong></span> <span class='ocrx_word' id='word_1_68' title='bbox 386 696 426 720; x_wconf 87' lang='lat' dir='ltr'><strong>est</strong></span> <span class='ocrx_word' id='word_1_69' title='bbox 440 692 467 720; x_wconf 90' lang='lat' dir='ltr'><strong>in</strong></span> <span class='ocrx_word' id='word_1_70' title='bbox 482 692 563 726; x_wconf 85' lang='lat' dir='ltr'><strong>Filio,</strong></span> <span class='ocrx_word' id='word_1_71' title='bbox 577 696 605 720; x_wconf 86' lang='lat' dir='ltr'><strong>et</strong></span> <span class='ocrx_word' id='word_1_72' title='bbox 619 692 704 721; x_wconf 88' lang='lat' dir='ltr'><strong>Filius</strong></span> <span class='ocrx_word' id='word_1_73' title='bbox 720 693 746 720; x_wconf 89' lang='lat' dir='ltr'><strong>in</strong></span> <span class='ocrx_word' id='word_1_74' title='bbox 759 693 850 721; x_wconf 80' lang='lat' dir='ltr'><strong>Patre.</strong></span> 
     </span>
    </p>
   </div>
   <div class='ocr_carea' id='block_1_13' title="bbox 423 787 717 822">
    <p class='ocr_par' dir='ltr' id='par_1_13' title="bbox 423 787 717 822">
     <span class='ocr_line' id='line_1_13' title="bbox 423 787 717 822; baseline -0.003 -7"><span class='ocrx_word' id='word_1_75' title='bbox 423 787 528 815; x_wconf 82' lang='lat' dir='ltr'><strong>Salutio</strong></span> <span class='ocrx_word' id='word_1_76' title='bbox 553 787 717 822; x_wconf 75' lang='lat' dir='ltr'><strong>objectionir.</strong></span> 
     </span>
    </p>
   </div>
   <div class='ocr_carea' id='block_1_14' title="bbox 164 835 968 880">
    <p class='ocr_par' dir='ltr' id='par_1_14' title="bbox 164 835 968 880">
     <span class='ocr_line' id='line_1_14' title="bbox 164 835 968 880; baseline 0.001 -10"><span class='ocrx_word' id='word_1_77' title='bbox 164 835 170 843; x_wconf 66' lang='grc'><em>’</em></span> <span class='ocrx_word' id='word_1_78' title='bbox 209 842 315 871; x_wconf 76' lang='lat' dir='ltr'><strong>Licebit</strong></span> <span class='ocrx_word' id='word_1_79' title='bbox 328 843 409 878; x_wconf 71' lang='lat' dir='ltr'><strong>igitur</strong></span> <span class='ocrx_word' id='word_1_80' title='bbox 421 844 502 872; x_wconf 87' lang='lat' dir='ltr'><strong>etiam</strong></span> <span class='ocrx_word' id='word_1_81' title='bbox 516 843 631 880; x_wconf 72' lang='lat' dir='ltr'><strong>angelis,</strong></span> <span class='ocrx_word' id='word_1_82' title='bbox 647 847 694 871; x_wconf 88' lang='lat' dir='ltr'><strong>aut</strong></span> <span class='ocrx_word' id='word_1_83' title='bbox 710 842 770 871; x_wconf 87' lang='lat' dir='ltr'><strong>aliis</strong></span> <span class='ocrx_word' id='word_1_84' title='bbox 785 842 968 871; x_wconf 80' lang='lat' dir='ltr'><strong>rationalibus</strong></span> 
     </span>
    </p>
   </div>
   <div class='ocr_carea' id='block_1_15' title="bbox 174 882 1004 925">
    <p class='ocr_par' dir='ltr' id='par_1_15' title="bbox 174 882 1004 925">
     <span class='ocr_line' id='line_1_15' title="bbox 174 882 1004 925; baseline 0 -8"><span class='ocrx_word' id='word_1_85' title='bbox 174 890 366 924; x_wconf 85' lang='lat' dir='ltr'><strong>potestatibus.</strong></span> <span class='ocrx_word' id='word_1_86' title='bbox 384 890 417 917; x_wconf 91' lang='lat' dir='ltr'><strong>de</strong></span> <span class='ocrx_word' id='word_1_87' title='bbox 431 890 528 925; x_wconf 89' lang='lat' dir='ltr'><strong>quibus</strong></span> <span class='ocrx_word' id='word_1_88' title='bbox 552 890 695 918; x_wconf 86' lang='lat' dir='ltr'><strong>Psalmista</strong></span> <span class='ocrx_word' id='word_1_89' title='bbox 710 890 769 918; x_wconf 89' lang='lat' dir='ltr'><strong>ait:</strong></span> <span class='ocrx_word' id='word_1_90' title='bbox 788 899 797 916; x_wconf 74' lang='grc' dir='ltr'>ι</span> <span class='ocrx_word' id='word_1_91' title='bbox 814 889 968 917; x_wconf 86' lang='lat' dir='ltr'><strong>Benedicite</strong></span> <span class='ocrx_word' id='word_1_92' title='bbox 983 882 1004 910; x_wconf 78' lang='grc' dir='ltr'><strong>Β</strong></span> 
     </span>
    </p>
   </div>
   <div class='ocr_carea' id='block_1_16' title="bbox 176 935 967 972">
    <p class='ocr_par' dir='ltr' id='par_1_16' title="bbox 176 935 967 972">
     <span class='ocr_line' id='line_1_16' title="bbox 176 935 967 972; baseline 0.001 -9"><span class='ocrx_word' id='word_1_93' title='bbox 176 935 336 968; x_wconf 87' lang='lat' dir='ltr'><strong>Dominttm,</strong></span> <span class='ocrx_word' id='word_1_94' title='bbox 351 943 446 964; x_wconf 89' lang='lat' dir='ltr'><strong>omnes</strong></span> <span class='ocrx_word' id='word_1_95' title='bbox 457 935 543 972; x_wconf 79' lang='lat' dir='ltr'><strong>angeli</strong></span> <span class='ocrx_word' id='word_1_96' title='bbox 559 937 628 971; x_wconf 84' lang='lat' dir='ltr'><strong>ejus,</strong></span> <span class='ocrx_word' id='word_1_97' title='bbox 641 936 756 963; x_wconf 89' lang='lat' dir='ltr'><strong>ministri</strong></span> <span class='ocrx_word' id='word_1_98' title='bbox 768 935 826 969; x_wconf 81' lang='lat' dir='ltr'><strong>ejus</strong></span> <span class='ocrx_word' id='word_1_99' title='bbox 837 935 967 964; x_wconf 75' lang='lat' dir='ltr'><strong>facientes</strong></span> 
     </span>
    </p>
   </div>
   <div class='ocr_carea' id='block_1_17' title="bbox 175 981 966 1017">
    <p class='ocr_par' dir='ltr' id='par_1_17' title="bbox 175 981 966 1017">
     <span class='ocr_line' id='line_1_17' title="bbox 175 981 966 1017; baseline 0.003 -10"><span class='ocrx_word' id='word_1_100' title='bbox 175 981 342 1008; x_wconf 78' lang='lat' dir='ltr'><strong>voluntatem</strong></span> <span class='ocrx_word' id='word_1_101' title='bbox 375 981 434 1016; x_wconf 80' lang='lat' dir='ltr'><strong>ejus</strong></span> <span class='ocrx_word' id='word_1_102' title='bbox 456 982 490 1014; x_wconf 73' lang='grc'><strong>⁸⁸,</strong></span> <span class='ocrx_word' id='word_1_103' title='bbox 516 992 525 1008; x_wconf 75' lang='grc' dir='ltr'><strong>ι</strong></span> <span class='ocrx_word' id='word_1_104' title='bbox 552 982 705 1010; x_wconf 79' lang='lat' dir='ltr'><strong>Servatoris</strong></span> <span class='ocrx_word' id='word_1_105' title='bbox 741 981 800 1017; x_wconf 86' lang='lat' dir='ltr'><strong>ipsa</strong></span> <span class='ocrx_word' id='word_1_106' title='bbox 825 989 892 1009; x_wconf 86' lang='lat' dir='ltr'><strong>voce</strong></span> <span class='ocrx_word' id='word_1_107' title='bbox 917 981 966 1015; x_wconf 82' lang='lat' dir='ltr'><strong>uti,</strong></span> 
     </span>
    </p>
   </div>
   <div class='ocr_carea' id='block_1_18' title="bbox 176 1027 964 1062">
    <p class='ocr_par' dir='ltr' id='par_1_18' title="bbox 176 1027 964 1062">
     <span class='ocr_line' id='line_1_18' title="bbox 176 1027 964 1062; baseline 0.001 -9"><span class='ocrx_word' id='word_1_108' title='bbox 176 1027 329 1062; x_wconf 77' lang='lat' dir='ltr'><strong>singulique</strong></span> <span class='ocrx_word' id='word_1_109' title='bbox 341 1035 436 1055; x_wconf 90' lang='lat' dir='ltr'><strong>eorum</strong></span> <span class='ocrx_word' id='word_1_110' title='bbox 453 1028 545 1056; x_wconf 83' lang='lat' dir='ltr'><strong>dicere</strong></span> <span class='ocrx_word' id='word_1_111' title='bbox 570 1031 716 1062; x_wconf 88' lang='lat' dir='ltr'><strong>poterunt:</strong></span> <span class='ocrx_word' id='word_1_112' title='bbox 733 1037 742 1053; x_wconf 76' lang='grc' dir='ltr'><strong>ε</strong></span> <span class='ocrx_word' id='word_1_113' title='bbox 758 1027 814 1062; x_wconf 76' lang='lat' dir='ltr'><strong>Ego</strong></span> <span class='ocrx_word' id='word_1_114' title='bbox 829 1027 855 1055; x_wconf 90' lang='lat' dir='ltr'><strong>in</strong></span> <span class='ocrx_word' id='word_1_115' title='bbox 873 1027 964 1060; x_wconf 85' lang='lat' dir='ltr'><strong>Patre,</strong></span> 
     </span>
    </p>
   </div>
   <div class='ocr_carea' id='block_1_19' title="bbox 178 1073 963 1107">
    <p class='ocr_par' dir='ltr' id='par_1_19' title="bbox 178 1073 963 1107">
     <span class='ocr_line' id='line_1_19' title="bbox 178 1073 963 1107; baseline 0 -7"><span class='ocrx_word' id='word_1_116' title='bbox 178 1078 205 1100; x_wconf 90' lang='lat' dir='ltr'><strong>et</strong></span> <span class='ocrx_word' id='word_1_117' title='bbox 223 1073 304 1100; x_wconf 84' lang='lat' dir='ltr'><strong>Pater</strong></span> <span class='ocrx_word' id='word_1_118' title='bbox 316 1073 342 1100; x_wconf 92' lang='lat' dir='ltr'><strong>in</strong></span> <span class='ocrx_word' id='word_1_119' title='bbox 357 1081 409 1101; x_wconf 91' lang='lat' dir='ltr'><strong>me.</strong></span> <span class='ocrx_word' id='word_1_120' title='bbox 422 1083 431 1099; x_wconf 70' lang='grc' dir='ltr'>ι</span> <span class='ocrx_word' id='word_1_121' title='bbox 442 1088 475 1095; x_wconf 90' lang='grc'><strong><em>-</em></strong></span> <span class='ocrx_word' id='word_1_122' title='bbox 487 1083 496 1099; x_wconf 75' lang='grc' dir='ltr'>ι</span> <span class='ocrx_word' id='word_1_123' title='bbox 510 1073 560 1107; x_wconf 84' lang='lat' dir='ltr'><strong>Qui</strong></span> <span class='ocrx_word' id='word_1_124' title='bbox 572 1073 639 1100; x_wconf 87' lang='lat' dir='ltr'><strong>vidit</strong></span> <span class='ocrx_word' id='word_1_125' title='bbox 650 1073 816 1106; x_wconf 77' lang='lat' dir='ltr'><strong>tnc,viditet</strong></span> <span class='ocrx_word' id='word_1_126' title='bbox 829 1073 963 1101; x_wconf 68' lang='lat' dir='ltr'><strong>Patrem.)</strong></span> 
     </span>
    </p>
   </div>
   <div class='ocr_carea' id='block_1_20' title="bbox 176 1119 965 1154">
    <p class='ocr_par' dir='ltr' id='par_1_20' title="bbox 176 1119 965 1154">
     <span class='ocr_line' id='line_1_20' title="bbox 176 1119 965 1154; baseline -0.001 -7"><span class='ocrx_word' id='word_1_127' title='bbox 176 1119 281 1147; x_wconf 80' lang='lat' dir='ltr'><strong>Nemini</strong></span> <span class='ocrx_word' id='word_1_128' title='bbox 294 1119 365 1146; x_wconf 90' lang='lat' dir='ltr'><strong>enim</strong></span> <span class='ocrx_word' id='word_1_129' title='bbox 378 1119 487 1154; x_wconf 78' lang='lat' dir='ltr'><strong>dubium</strong></span> <span class='ocrx_word' id='word_1_130' title='bbox 495 1124 545 1152; x_wconf 88' lang='lat' dir='ltr'><strong>est,</strong></span> <span class='ocrx_word' id='word_1_131' title='bbox 555 1119 618 1154; x_wconf 87' lang='lat' dir='ltr'><strong>quin</strong></span> <span class='ocrx_word' id='word_1_132' title='bbox 632 1119 721 1147; x_wconf 89' lang='lat' dir='ltr'><strong>omnia</strong></span> <span class='ocrx_word' id='word_1_133' title='bbox 734 1127 794 1154; x_wconf 75' lang='lat' dir='ltr'><strong>qua:</strong></span> <span class='ocrx_word' id='word_1_134' title='bbox 806 1120 861 1146; x_wconf 92' lang='lat' dir='ltr'><strong>vult</strong></span> <span class='ocrx_word' id='word_1_135' title='bbox 871 1119 965 1153; x_wconf 87' lang='lat' dir='ltr'><strong>Pater,</strong></span> 
     </span>
    </p>
   </div>
   <div class='ocr_carea' id='block_1_21' title="bbox 177 1165 968 1201">
    <p class='ocr_par' dir='ltr' id='par_1_21' title="bbox 177 1165 968 1201">
     <span class='ocr_line' id='line_1_21' title="bbox 177 1165 968 1201; baseline 0.003 -9"><span class='ocrx_word' id='word_1_136' title='bbox 177 1166 261 1194; x_wconf 82' lang='lat' dir='ltr'><strong>velint</strong></span> <span class='ocrx_word' id='word_1_137' title='bbox 284 1166 364 1193; x_wconf 83' lang='lat' dir='ltr'><strong>etiam</strong></span> <span class='ocrx_word' id='word_1_138' title='bbox 387 1165 481 1200; x_wconf 74' lang='lat' dir='ltr'><strong>Angeli</strong></span> <span class='ocrx_word' id='word_1_139' title='bbox 506 1169 533 1193; x_wconf 89' lang='lat' dir='ltr'><strong>et</strong></span> <span class='ocrx_word' id='word_1_140' title='bbox 555 1165 728 1201; x_wconf 71' lang='lat' dir='ltr'><strong>Arcltangcli,</strong></span> <span class='ocrx_word' id='word_1_141' title='bbox 751 1170 778 1193; x_wconf 89' lang='lat' dir='ltr'><strong>et</strong></span> <span class='ocrx_word' id='word_1_142' title='bbox 802 1165 914 1199; x_wconf 85' lang='lat' dir='ltr'><strong>Throni,</strong></span> <span class='ocrx_word' id='word_1_143' title='bbox 940 1170 968 1194; x_wconf 84' lang='lat' dir='ltr'><strong>et</strong></span> 
     </span>
    </p>
   </div>
   <div class='ocr_carea' id='block_1_22' title="bbox 177 1210 967 1247">
    <p class='ocr_par' dir='ltr' id='par_1_22' title="bbox 177 1210 967 1247">
     <span class='ocr_line' id='line_1_22' title="bbox 177 1210 967 1247; baseline 0.001 -9"><span class='ocrx_word' id='word_1_144' title='bbox 177 1211 390 1245; x_wconf 85' lang='lat' dir='ltr'><strong>Dominationes,</strong></span> <span class='ocrx_word' id='word_1_145' title='bbox 409 1215 436 1238; x_wconf 88' lang='lat' dir='ltr'><strong>ct</strong></span> <span class='ocrx_word' id='word_1_146' title='bbox 453 1210 621 1244; x_wconf 85' lang='lat' dir='ltr'><strong>Potestates;</strong></span> <span class='ocrx_word' id='word_1_147' title='bbox 646 1218 732 1246; x_wconf 89' lang='lat' dir='ltr'><strong>neque</strong></span> <span class='ocrx_word' id='word_1_148' title='bbox 751 1212 898 1247; x_wconf 83' lang='lat' dir='ltr'><strong>quidquam</strong></span> <span class='ocrx_word' id='word_1_149' title='bbox 919 1212 967 1239; x_wconf 92' lang='lat' dir='ltr'><strong>ho-</strong></span> 
     </span>
    </p>
   </div>
   <div class='ocr_carea' id='block_1_23' title="bbox 177 1257 968 1292">
    <p class='ocr_par' dir='ltr' id='par_1_23' title="bbox 177 1257 968 1292">
     <span class='ocr_line' id='line_1_23' title="bbox 177 1257 968 1292; baseline 0.001 -8"><span class='ocrx_word' id='word_1_150' title='bbox 177 1265 236 1284; x_wconf 87' lang='lat' dir='ltr'><strong>rum</strong></span> <span class='ocrx_word' id='word_1_151' title='bbox 248 1257 372 1284; x_wconf 82' lang='lat' dir='ltr'><strong>dissentit</strong></span> <span class='ocrx_word' id='word_1_152' title='bbox 386 1265 400 1284; x_wconf 93' lang='lat' dir='ltr'><strong>a</strong></span> <span class='ocrx_word' id='word_1_153' title='bbox 411 1257 549 1285; x_wconf 84' lang='lat' dir='ltr'><strong>voluntate</strong></span> <span class='ocrx_word' id='word_1_154' title='bbox 563 1257 620 1284; x_wconf 88' lang='lat' dir='ltr'><strong>Dei.</strong></span> <span class='ocrx_word' id='word_1_155' title='bbox 634 1257 726 1292; x_wconf 80' lang='lat' dir='ltr'><strong>Neque</strong></span> <span class='ocrx_word' id='word_1_156' title='bbox 738 1258 811 1285; x_wconf 88' lang='lat' dir='ltr'><strong>enim</strong></span> <span class='ocrx_word' id='word_1_157' title='bbox 827 1262 968 1286; x_wconf 86' lang='lat' dir='ltr'><strong>manerent</strong></span> 
     </span>
    </p>
   </div>
   <div class='ocr_carea' id='block_1_24' title="bbox 176 1303 967 1339">
    <p class='ocr_par' dir='ltr' id='par_1_24' title="bbox 176 1303 967 1339">
     <span class='ocr_line' id='line_1_24' title="bbox 176 1303 967 1339; baseline 0.003 -10"><span class='ocrx_word' id='word_1_158' title='bbox 176 1303 204 1329; x_wconf 83' lang='lat' dir='ltr'><strong>in</strong></span> <span class='ocrx_word' id='word_1_159' title='bbox 229 1311 278 1331; x_wconf 87' lang='lat' dir='ltr'><strong>suo</strong></span> <span class='ocrx_word' id='word_1_160' title='bbox 296 1304 399 1336; x_wconf 83' lang='lat' dir='ltr'><strong>ordine,</strong></span> <span class='ocrx_word' id='word_1_161' title='bbox 419 1303 471 1330; x_wconf 84' lang='lat' dir='ltr'><strong>nisi</strong></span> <span class='ocrx_word' id='word_1_162' title='bbox 494 1303 566 1331; x_wconf 92' lang='lat' dir='ltr'><strong>hunc</strong></span> <span class='ocrx_word' id='word_1_163' title='bbox 593 1311 705 1338; x_wconf 88' lang='lat' dir='ltr'><strong>scopum</strong></span> <span class='ocrx_word' id='word_1_164' title='bbox 735 1304 786 1331; x_wconf 81' lang='lat' dir='ltr'><strong>sibi</strong></span> <span class='ocrx_word' id='word_1_165' title='bbox 814 1304 967 1339; x_wconf 82' lang='lat' dir='ltr'><strong>popositum</strong></span> 
     </span>
    </p>
   </div>
   <div class='ocr_carea' id='block_1_25' title="bbox 129 1343 967 1384">
    <p class='ocr_par' dir='ltr' id='par_1_25' title="bbox 129 1343 967 1384">
     <span class='ocr_line' id='line_1_25' title="bbox 129 1343 967 1384; baseline 0.002 -8"><span class='ocrx_word' id='word_1_166' title='bbox 129 1343 142 1357; x_wconf 75' lang='grc'>¹</span> <span class='ocrx_word' id='word_1_167' title='bbox 177 1349 307 1376; x_wconf 75' lang='lat' dir='ltr'><strong>haberent</strong></span> <span class='ocrx_word' id='word_1_168' title='bbox 316 1349 404 1384; x_wconf 77' lang='lat'><strong>113.</strong></span> <span class='ocrx_word' id='word_1_169' title='bbox 416 1349 482 1376; x_wconf 86' lang='lat' dir='ltr'><strong>Nam</strong></span> <span class='ocrx_word' id='word_1_170' title='bbox 493 1349 515 1376; x_wconf 86' lang='lat' dir='ltr'><strong>is</strong></span> <span class='ocrx_word' id='word_1_171' title='bbox 524 1350 569 1383; x_wconf 88' lang='lat' dir='ltr'><strong>qui</strong></span> <span class='ocrx_word' id='word_1_172' title='bbox 578 1349 650 1376; x_wconf 82' lang='lat' dir='ltr'><strong>aliud</strong></span> <span class='ocrx_word' id='word_1_173' title='bbox 659 1357 739 1384; x_wconf 86' lang='lat' dir='ltr'><strong>quam</strong></span> <span class='ocrx_word' id='word_1_174' title='bbox 749 1349 794 1378; x_wconf 93' lang='lat' dir='ltr'><strong>Det</strong></span> <span class='ocrx_word' id='word_1_175' title='bbox 803 1351 967 1378; x_wconf 85' lang='lat' dir='ltr'><strong>voluntatem</strong></span> 
     </span>
    </p>
   </div>
   <div class='ocr_carea' id='block_1_26' title="bbox 176 1394 966 1429">
    <p class='ocr_par' dir='ltr' id='par_1_26' title="bbox 176 1394 966 1429">
     <span class='ocr_line' id='line_1_26' title="bbox 176 1394 966 1429; baseline 0.005 -9"><span class='ocrx_word' id='word_1_176' title='bbox 176 1394 322 1428; x_wconf 65' lang='lat' dir='ltr'><strong>quaerebat,</strong></span> <span class='ocrx_word' id='word_1_177' title='bbox 335 1395 438 1422; x_wconf 79' lang='lat' dir='ltr'><strong>audivit</strong></span> <span class='ocrx_word' id='word_1_178' title='bbox 450 1404 456 1422; x_wconf 87' lang='lat'><strong>:</strong></span> <span class='ocrx_word' id='word_1_179' title='bbox 467 1394 543 1422; x_wconf 84' lang='lat' dir='ltr'><strong>Nunc</strong></span> <span class='ocrx_word' id='word_1_180' title='bbox 555 1399 643 1421; x_wconf 81' lang='lat' dir='ltr'><strong>autem</strong></span> <span class='ocrx_word' id='word_1_181' title='bbox 657 1396 689 1422; x_wconf 83' lang='lat' dir='ltr'><strong>ad</strong></span> <span class='ocrx_word' id='word_1_182' title='bbox 698 1395 799 1423; x_wconf 78' lang='lat' dir='ltr'><strong>inferos</strong></span> <span class='ocrx_word' id='word_1_183' title='bbox 809 1395 966 1429; x_wconf 85' lang='lat' dir='ltr'><strong>descendes,</strong></span> 
     </span>
    </p>
   </div>
   <div class='ocr_carea' id='block_1_27' title="bbox 175 1440 968 1477">
    <p class='ocr_par' dir='ltr' id='par_1_27' title="bbox 175 1440 968 1477">
     <span class='ocr_line' id='line_1_27' title="bbox 175 1440 968 1477; baseline 0.004 -10"><span class='ocrx_word' id='word_1_184' title='bbox 175 1446 199 1467; x_wconf 86' lang='lat' dir='ltr'><strong>et</strong></span> <span class='ocrx_word' id='word_1_185' title='bbox 236 1440 269 1467; x_wconf 89' lang='lat' dir='ltr'><strong>ad</strong></span> <span class='ocrx_word' id='word_1_186' title='bbox 295 1440 468 1468; x_wconf 76' lang='lat' dir='ltr'><strong>fundamenta</strong></span> <span class='ocrx_word' id='word_1_187' title='bbox 494 1445 584 1469; x_wconf 81' lang='lat' dir='ltr'><strong>terrtc.</strong></span> <span class='ocrx_word' id='word_1_188' title='bbox 612 1441 640 1468; x_wconf 91' lang='lat' dir='ltr'><strong>Si</strong></span> <span class='ocrx_word' id='word_1_189' title='bbox 665 1449 730 1476; x_wconf 80' lang='lat' dir='ltr'><strong>ergo</strong></span> <span class='ocrx_word' id='word_1_190' title='bbox 756 1443 968 1477; x_wconf 84' lang='lat' dir='ltr'><strong>unumquodque</strong></span> 
     </span>
    </p>
   </div>
   <div class='ocr_carea' id='block_1_28' title="bbox 176 1487 965 1523">
    <p class='ocr_par' dir='ltr' id='par_1_28' title="bbox 176 1487 965 1523">
     <span class='ocr_line' id='line_1_28' title="bbox 176 1487 965 1523; baseline 0.004 -10"><span class='ocrx_word' id='word_1_191' title='bbox 176 1493 269 1513; x_wconf 84' lang='lat' dir='ltr'><strong>eorum</strong></span> <span class='ocrx_word' id='word_1_192' title='bbox 285 1493 345 1521; x_wconf 67' lang='lat' dir='ltr'><strong>qua:</strong></span> <span class='ocrx_word' id='word_1_193' title='bbox 365 1487 438 1514; x_wconf 83' lang='lat' dir='ltr'><strong>dicta</strong></span> <span class='ocrx_word' id='word_1_194' title='bbox 456 1491 528 1520; x_wconf 87' lang='lat' dir='ltr'><strong>sunt,</strong></span> <span class='ocrx_word' id='word_1_195' title='bbox 546 1487 604 1514; x_wconf 91' lang='lat' dir='ltr'><strong>vult</strong></span> <span class='ocrx_word' id='word_1_196' title='bbox 622 1495 790 1523; x_wconf 74' lang='lat' dir='ltr'><strong>qumcunque</strong></span> <span class='ocrx_word' id='word_1_197' title='bbox 815 1488 884 1516; x_wconf 83' lang='lat' dir='ltr'><strong>Deus</strong></span> <span class='ocrx_word' id='word_1_198' title='bbox 898 1488 965 1521; x_wconf 87' lang='lat' dir='ltr'><strong>vult,</strong></span> 
     </span>
    </p>
   </div>
   <div class='ocr_carea' id='block_1_29' title="bbox 177 1531 966 1568">
    <p class='ocr_par' dir='ltr' id='par_1_29' title="bbox 177 1531 966 1568">
     <span class='ocr_line' id='line_1_29' title="bbox 177 1531 966 1568; baseline 0.004 -11"><span class='ocrx_word' id='word_1_199' title='bbox 177 1531 339 1566; x_wconf 88' lang='lat' dir='ltr'><strong>llrmttmque</strong></span> <span class='ocrx_word' id='word_1_200' title='bbox 352 1532 378 1559; x_wconf 90' lang='lat' dir='ltr'><strong>itt</strong></span> <span class='ocrx_word' id='word_1_201' title='bbox 394 1539 426 1560; x_wconf 86' lang='lat' dir='ltr'><strong>eo</strong></span> <span class='ocrx_word' id='word_1_202' title='bbox 449 1537 549 1565; x_wconf 88' lang='lat' dir='ltr'><strong>manet,</strong></span> <span class='ocrx_word' id='word_1_203' title='bbox 572 1540 704 1567; x_wconf 86' lang='lat' dir='ltr'><strong>suamque</strong></span> <span class='ocrx_word' id='word_1_204' title='bbox 725 1533 885 1568; x_wconf 80' lang='lat' dir='ltr'><strong>dignitatem</strong></span> <span class='ocrx_word' id='word_1_205' title='bbox 903 1534 966 1561; x_wconf 78' lang='lat' dir='ltr'><strong>reti-</strong></span> 
     </span>
    </p>
   </div>
   <div class='ocr_carea' id='block_1_30' title="bbox 177 1578 1002 1613">
    <p class='ocr_par' dir='ltr' id='par_1_30' title="bbox 177 1578 1002 1613">
     <span class='ocr_line' id='line_1_30' title="bbox 177 1578 1002 1613; baseline 0.001 -8"><span class='ocrx_word' id='word_1_206' title='bbox 177 1582 234 1611; x_wconf 81' lang='lat' dir='ltr'><strong>net,</strong></span> <span class='ocrx_word' id='word_1_207' title='bbox 253 1578 381 1613; x_wconf 85' lang='lat' dir='ltr'><strong>nullaque</strong></span> <span class='ocrx_word' id='word_1_208' title='bbox 403 1578 511 1606; x_wconf 81' lang='lat' dir='ltr'><strong>ratione</strong></span> <span class='ocrx_word' id='word_1_209' title='bbox 527 1578 569 1605; x_wconf 89' lang='lat' dir='ltr'><strong>his</strong></span> <span class='ocrx_word' id='word_1_210' title='bbox 587 1578 647 1605; x_wconf 84' lang='lat' dir='ltr'><strong>Filii</strong></span> <span class='ocrx_word' id='word_1_211' title='bbox 664 1579 754 1606; x_wconf 80' lang='lat' dir='ltr'><strong>verbis</strong></span> <span class='ocrx_word' id='word_1_212' title='bbox 767 1583 895 1612; x_wconf 85' lang='lat' dir='ltr'><strong>utuntur;</strong></span> <span class='ocrx_word' id='word_1_213' title='bbox 911 1587 964 1606; x_wconf 94' lang='lat' dir='ltr'><strong>non</strong></span> <span class='ocrx_word' id='word_1_214' title='bbox 979 1578 1002 1609; x_wconf 89' lang='lat' dir='ltr'><strong><em>C</em></strong></span> 
     </span>
    </p>
   </div>
   <div class='ocr_carea' id='block_1_31' title="bbox 178 1625 966 1659">
    <p class='ocr_par' dir='ltr' id='par_1_31' title="bbox 178 1625 966 1659">
     <span class='ocr_line' id='line_1_31' title="bbox 178 1625 966 1659; baseline 0.004 -9"><span class='ocrx_word' id='word_1_215' title='bbox 178 1631 326 1652; x_wconf 76' lang='lat' dir='ltr'><strong>consensus</strong></span> <span class='ocrx_word' id='word_1_216' title='bbox 344 1625 508 1657; x_wconf 86' lang='lat' dir='ltr'><strong>animorum,</strong></span> <span class='ocrx_word' id='word_1_217' title='bbox 529 1625 710 1659; x_wconf 75' lang='lat' dir='ltr'><strong>identitasque</strong></span> <span class='ocrx_word' id='word_1_218' title='bbox 731 1625 899 1652; x_wconf 80' lang='lat' dir='ltr'><strong>voluntatum</strong></span> <span class='ocrx_word' id='word_1_219' title='bbox 921 1626 966 1653; x_wconf 88' lang='lat' dir='ltr'><strong>dc-</strong></span> 
     </span>
    </p>
   </div>
   <div class='ocr_carea' id='block_1_32' title="bbox 177 1669 966 1710">
    <p class='ocr_par' dir='ltr' id='par_1_32' title="bbox 177 1669 966 1710">
     <span class='ocr_line' id='line_1_32' title="bbox 177 1669 966 1710; baseline 0.003 -13"><span class='ocrx_word' id='word_1_220' title='bbox 177 1669 264 1710; x_wconf 57' lang='lat' dir='ltr'><strong>clar.at</strong></span> <span class='ocrx_word' id='word_1_221' title='bbox 283 1669 380 1698; x_wconf 84' lang='lat' dir='ltr'><strong>Filium</strong></span> <span class='ocrx_word' id='word_1_222' title='bbox 397 1670 422 1697; x_wconf 92' lang='lat' dir='ltr'><strong>in</strong></span> <span class='ocrx_word' id='word_1_223' title='bbox 435 1669 515 1698; x_wconf 83' lang='lat' dir='ltr'><strong>Patre</strong></span> <span class='ocrx_word' id='word_1_224' title='bbox 529 1679 600 1703; x_wconf 86' lang='lat' dir='ltr'><strong>esse,</strong></span> <span class='ocrx_word' id='word_1_225' title='bbox 617 1676 645 1698; x_wconf 89' lang='lat' dir='ltr'><strong>ct</strong></span> <span class='ocrx_word' id='word_1_226' title='bbox 660 1670 768 1698; x_wconf 85' lang='lat' dir='ltr'><strong>Patrem</strong></span> <span class='ocrx_word' id='word_1_227' title='bbox 781 1671 807 1698; x_wconf 93' lang='lat' dir='ltr'><strong>in</strong></span> <span class='ocrx_word' id='word_1_228' title='bbox 824 1671 901 1702; x_wconf 79' lang='lat' dir='ltr'><strong>Filio.</strong></span> <span class='ocrx_word' id='word_1_229' title='bbox 919 1672 966 1699; x_wconf 85' lang='lat' dir='ltr'><strong>sed</strong></span> 
     </span>
    </p>
   </div>
   <div class='ocr_carea' id='block_1_33' title="bbox 176 1715 968 1751">
    <p class='ocr_par' dir='ltr' id='par_1_33' title="bbox 176 1715 968 1751">
     <span class='ocr_line' id='line_1_33' title="bbox 176 1715 968 1751; baseline 0.003 -9"><span class='ocrx_word' id='word_1_230' title='bbox 176 1715 330 1742; x_wconf 69' lang='lat' dir='ltr'><strong>omnimodo</strong></span> <span class='ocrx_word' id='word_1_231' title='bbox 345 1716 469 1742; x_wconf 73' lang='lat' dir='ltr'><strong>eSsentiae</strong></span> <span class='ocrx_word' id='word_1_232' title='bbox 483 1716 644 1748; x_wconf 79' lang='lat' dir='ltr'><strong>similitudo,</strong></span> <span class='ocrx_word' id='word_1_233' title='bbox 660 1719 687 1744; x_wconf 91' lang='lat' dir='ltr'><strong>et</strong></span> <span class='ocrx_word' id='word_1_234' title='bbox 701 1715 831 1744; x_wconf 85' lang='lat' dir='ltr'><strong>naturalis</strong></span> <span class='ocrx_word' id='word_1_235' title='bbox 845 1717 968 1751; x_wconf 86' lang='lat' dir='ltr'><strong>proprie-</strong></span> 
     </span>
    </p>
   </div>
   <div class='ocr_carea' id='block_1_34' title="bbox 179 1760 402 1788">
    <p class='ocr_par' dir='ltr' id='par_1_34' title="bbox 179 1760 402 1788">
     <span class='ocr_line' id='line_1_34' title="bbox 179 1760 402 1788; baseline 0 0"><span class='ocrx_word' id='word_1_236' title='bbox 179 1761 243 1788; x_wconf 88' lang='lat' dir='ltr'><strong>tatis</strong></span> <span class='ocrx_word' id='word_1_237' title='bbox 264 1760 402 1788; x_wconf 85' lang='lat' dir='ltr'><strong>identilas.</strong></span> 
     </span>
    </p>
   </div>
   <div class='ocr_carea' id='block_1_35' title="bbox 516 1862 631 1891">
    <p class='ocr_par' dir='ltr' id='par_1_35' title="bbox 516 1862 631 1891">
     <span class='ocr_line' id='line_1_35' title="bbox 516 1862 631 1891; baseline 0.009 -1"><span class='ocrx_word' id='word_1_238' title='bbox 516 1862 631 1891; x_wconf 80' lang='lat' dir='ltr'><strong>ALIUD.</strong></span> 
     </span>
    </p>
   </div>
   <div class='ocr_carea' id='block_1_36' title="bbox 213 1918 968 1953">
    <p class='ocr_par' dir='ltr' id='par_1_36' title="bbox 213 1918 968 1953">
     <span class='ocr_line' id='line_1_36' title="bbox 213 1918 968 1953; baseline 0.001 -6"><span class='ocrx_word' id='word_1_239' title='bbox 213 1918 286 1947; x_wconf 65' lang='lat' dir='ltr'><strong>Cum‘</strong></span> <span class='ocrx_word' id='word_1_240' title='bbox 296 1919 437 1947; x_wconf 89' lang='lat' dir='ltr'><strong>immotum</strong></span> <span class='ocrx_word' id='word_1_241' title='bbox 461 1923 489 1947; x_wconf 90' lang='lat' dir='ltr'><strong>et</strong></span> <span class='ocrx_word' id='word_1_242' title='bbox 505 1921 695 1948; x_wconf 87' lang='lat' dir='ltr'><strong>inconcussum</strong></span> <span class='ocrx_word' id='word_1_243' title='bbox 709 1924 812 1948; x_wconf 84' lang='lat' dir='ltr'><strong>statum</strong></span> <span class='ocrx_word' id='word_1_244' title='bbox 839 1920 968 1953; x_wconf 82' lang='lat' dir='ltr'><strong>habeant,</strong></span> 
     </span>
    </p>
   </div>
   <div class='ocr_carea' id='block_1_37' title="bbox 178 1965 969 2007">
    <p class='ocr_par' dir='ltr' id='par_1_37' title="bbox 178 1965 969 2007">
     <span class='ocr_line' id='line_1_37' title="bbox 178 1965 969 2007; baseline 0.001 -14"><span class='ocrx_word' id='word_1_245' title='bbox 178 1972 312 2000; x_wconf 74' lang='lat' dir='ltr'><strong>suumque</strong></span> <span class='ocrx_word' id='word_1_246' title='bbox 326 1965 508 2007; x_wconf 77' lang='lat' dir='ltr'><strong>principatum</strong></span> <span class='ocrx_word' id='word_1_247' title='bbox 525 1970 635 1993; x_wconf 80' lang='lat' dir='ltr'><strong>servent</strong></span> <span class='ocrx_word' id='word_1_248' title='bbox 648 1966 748 2000; x_wconf 80' lang='lat' dir='ltr'><strong>angeli,</strong></span> <span class='ocrx_word' id='word_1_249' title='bbox 758 1971 838 2001; x_wconf 82' lang='lat' dir='ltr'><strong>atque</strong></span> <span class='ocrx_word' id='word_1_250' title='bbox 852 1966 969 1994; x_wconf 82' lang='lat' dir='ltr'><strong>archan-</strong></span> 
     </span>
    </p>
   </div>
   <div class='ocr_carea' id='block_1_38' title="bbox 181 2010 969 2046">
    <p class='ocr_par' dir='ltr' id='par_1_38' title="bbox 181 2010 969 2046">
     <span class='ocr_line' id='line_1_38' title="bbox 181 2010 969 2046; baseline 0.001 -8"><span class='ocrx_word' id='word_1_251' title='bbox 181 2010 246 2046; x_wconf 71' lang='lat' dir='ltr'><strong>geli,</strong></span> <span class='ocrx_word' id='word_1_252' title='bbox 264 2010 377 2045; x_wconf 74' lang='lat' dir='ltr'><strong>aliteque</strong></span> <span class='ocrx_word' id='word_1_253' title='bbox 393 2010 436 2038; x_wconf 90' lang='lat' dir='ltr'><strong>his</strong></span> <span class='ocrx_word' id='word_1_254' title='bbox 458 2012 612 2046; x_wconf 85' lang='lat' dir='ltr'><strong>superiores</strong></span> <span class='ocrx_word' id='word_1_255' title='bbox 636 2011 783 2039; x_wconf 79' lang='lat' dir='ltr'><strong>rationales</strong></span> <span class='ocrx_word' id='word_1_256' title='bbox 810 2015 969 2046; x_wconf 84' lang='lat' dir='ltr'><strong>potestates,</strong></span> 
     </span>
    </p>
   </div>
   <div class='ocr_carea' id='block_1_39' title="bbox 179 2055 970 2092">
    <p class='ocr_par' dir='ltr' id='par_1_39' title="bbox 179 2055 970 2092">
     <span class='ocr_line' id='line_1_39' title="bbox 179 2055 970 2092; baseline -0.001 -8"><span class='ocrx_word' id='word_1_257' title='bbox 179 2055 352 2084; x_wconf 79' lang='lat' dir='ltr'><strong>manifestum</strong></span> <span class='ocrx_word' id='word_1_258' title='bbox 368 2063 434 2083; x_wconf 84' lang='lat' dir='ltr'><strong>sane</strong></span> <span class='ocrx_word' id='word_1_259' title='bbox 451 2060 493 2084; x_wconf 90' lang='lat' dir='ltr'><strong>est</strong></span> <span class='ocrx_word' id='word_1_260' title='bbox 505 2063 551 2084; x_wconf 88' lang='lat' dir='ltr'><strong>eos</strong></span> <span class='ocrx_word' id='word_1_261' title='bbox 564 2056 696 2084; x_wconf 78' lang='lat' dir='ltr'><strong>voluntati</strong></span> <span class='ocrx_word' id='word_1_262' title='bbox 726 2056 772 2084; x_wconf 87' lang='lat' dir='ltr'><strong>Dei</strong></span> <span class='ocrx_word' id='word_1_263' title='bbox 799 2064 970 2092; x_wconf 74' lang='lat' dir='ltr'><strong>nequaquam</strong></span> 
     </span>
    </p>
   </div>
   <div class='ocr_carea' id='block_1_40' title="bbox 179 2101 970 2136">
    <p class='ocr_par' dir='ltr' id='par_1_40' title="bbox 179 2101 970 2136">
     <span class='ocr_line' id='line_1_40' title="bbox 179 2101 970 2136; baseline 0 -8"><span class='ocrx_word' id='word_1_264' title='bbox 179 2107 338 2136; x_wconf 76' lang='lat' dir='ltr'><strong>repugnare,</strong></span> <span class='ocrx_word' id='word_1_265' title='bbox 354 2102 400 2128; x_wconf 83' lang='lat' dir='ltr'><strong>sed</strong></span> <span class='ocrx_word' id='word_1_266' title='bbox 413 2101 544 2129; x_wconf 89' lang='lat' dir='ltr'><strong>creatoris</strong></span> <span class='ocrx_word' id='word_1_267' title='bbox 558 2101 672 2136; x_wconf 83' lang='lat' dir='ltr'><strong>imperio</strong></span> <span class='ocrx_word' id='word_1_268' title='bbox 690 2109 722 2129; x_wconf 89' lang='lat' dir='ltr'><strong>ac</strong></span> <span class='ocrx_word' id='word_1_269' title='bbox 738 2101 842 2136; x_wconf 76' lang='lat' dir='ltr'><strong>legibus</strong></span> <span class='ocrx_word' id='word_1_270' title='bbox 867 2109 970 2129; x_wconf 82' lang='lat' dir='ltr'><strong>morem</strong></span> 
     </span>
    </p>
   </div>
   <div class='ocr_carea' id='block_1_41' title="bbox 179 2147 966 2182">
    <p class='ocr_par' dir='ltr' id='par_1_41' title="bbox 179 2147 966 2182">
     <span class='ocr_line' id='line_1_41' title="bbox 179 2147 966 2182; baseline 0.001 -9"><span class='ocrx_word' id='word_1_271' title='bbox 179 2153 284 2181; x_wconf 71' lang='lat' dir='ltr'><strong>gerere,</strong></span> <span class='ocrx_word' id='word_1_272' title='bbox 301 2154 431 2181; x_wconf 86' lang='lat' dir='ltr'><strong>suamque</strong></span> <span class='ocrx_word' id='word_1_273' title='bbox 439 2147 603 2175; x_wconf 83' lang='lat' dir='ltr'><strong>voluntatem</strong></span> <span class='ocrx_word' id='word_1_274' title='bbox 621 2148 654 2175; x_wconf 77' lang='lat' dir='ltr'><strong>ad</strong></span> <span class='ocrx_word' id='word_1_275' title='bbox 677 2147 795 2174; x_wconf 80' lang='lat' dir='ltr'><strong>divinant</strong></span> <span class='ocrx_word' id='word_1_276' title='bbox 807 2154 966 2182; x_wconf 73' lang='lat' dir='ltr'><strong>aggregare,</strong></span> 
     </span>
    </p>
   </div>
   <div class='ocr_carea' id='block_1_42' title="bbox 180 2191 971 2228">
    <p class='ocr_par' dir='ltr' id='par_1_42' title="bbox 180 2191 971 2228">
     <span class='ocr_line' id='line_1_42' title="bbox 180 2191 971 2228; baseline 0.005 -11"><span class='ocrx_word' id='word_1_277' title='bbox 180 2197 210 2219; x_wconf 89' lang='lat' dir='ltr'><strong>nt</strong></span> <span class='ocrx_word' id='word_1_278' title='bbox 223 2191 314 2220; x_wconf 82' lang='lat' dir='ltr'><strong>omnia</strong></span> <span class='ocrx_word' id='word_1_279' title='bbox 327 2197 355 2220; x_wconf 90' lang='lat' dir='ltr'><strong>et</strong></span> <span class='ocrx_word' id='word_1_280' title='bbox 368 2193 452 2221; x_wconf 83' lang='lat' dir='ltr'><strong>velint</strong></span> <span class='ocrx_word' id='word_1_281' title='bbox 474 2198 501 2221; x_wconf 91' lang='lat' dir='ltr'><strong>et</strong></span> <span class='ocrx_word' id='word_1_282' title='bbox 515 2194 616 2221; x_wconf 82' lang='lat' dir='ltr'><strong>faciant</strong></span> <span class='ocrx_word' id='word_1_283' title='bbox 631 2201 690 2228; x_wconf 83' lang='lat' dir='ltr'><strong>quae</strong></span> <span class='ocrx_word' id='word_1_284' title='bbox 713 2193 749 2220; x_wconf 91' lang='lat' dir='ltr'><strong>illi</strong></span> <span class='ocrx_word' id='word_1_285' title='bbox 767 2193 883 2228; x_wconf 83' lang='lat' dir='ltr'><strong>placent.</strong></span> <span class='ocrx_word' id='word_1_286' title='bbox 894 2194 971 2227; x_wconf 87' lang='lat' dir='ltr'><strong>Quod</strong></span> 
     </span>
    </p>
   </div>
   <div class='ocr_carea' id='block_1_43' title="bbox 179 2238 970 2274">
    <p class='ocr_par' dir='ltr' id='par_1_43' title="bbox 179 2238 970 2274">
     <span class='ocr_line' id='line_1_43' title="bbox 179 2238 970 2274; baseline 0.001 -9"><span class='ocrx_word' id='word_1_287' title='bbox 179 2245 242 2265; x_wconf 88' lang='lat' dir='ltr'><strong>cum</strong></span> <span class='ocrx_word' id='word_1_288' title='bbox 261 2238 297 2265; x_wconf 87' lang='lat' dir='ltr'><strong>ita</strong></span> <span class='ocrx_word' id='word_1_289' title='bbox 314 2238 361 2272; x_wconf 88' lang='lat' dir='ltr'><strong>sit,</strong></span> <span class='ocrx_word' id='word_1_290' title='bbox 373 2247 461 2273; x_wconf 85' lang='lat' dir='ltr'><strong>neque</strong></span> <span class='ocrx_word' id='word_1_291' title='bbox 476 2239 545 2267; x_wconf 84' lang='lat' dir='ltr'><strong>ullus</strong></span> <span class='ocrx_word' id='word_1_292' title='bbox 567 2239 677 2267; x_wconf 91' lang='lat' dir='ltr'><strong>omnino</strong></span> <span class='ocrx_word' id='word_1_293' title='bbox 706 2239 851 2272; x_wconf 87' lang='lat' dir='ltr'><strong>inlicietur,</strong></span> <span class='ocrx_word' id='word_1_294' title='bbox 873 2246 970 2274; x_wconf 76' lang='lat' dir='ltr'><strong>quam~</strong></span> 
     </span>
    </p>
   </div>
   <div class='ocr_carea' id='block_1_44' title="bbox 681 139 1292 170">
    <p class='ocr_par' dir='ltr' id='par_1_44' title="bbox 681 139 1292 170">
     <span class='ocr_line' id='line_1_44' title="bbox 681 139 1292 170; baseline 0 -1"><span class='ocrx_word' id='word_1_295' title='bbox 681 141 710 169; x_wconf 89' lang='lat' dir='ltr'><strong>S.</strong></span> <span class='ocrx_word' id='word_1_296' title='bbox 731 141 863 170; x_wconf 77' lang='lat' dir='ltr'><strong>CYRILLI</strong></span> <span class='ocrx_word' id='word_1_297' title='bbox 884 139 1118 168; x_wconf 62' lang='grc' dir='ltr'><strong>ΑιΕλΔΝῡιιιΝι</strong></span> <span class='ocrx_word' id='word_1_298' title='bbox 1137 139 1292 169; x_wconf 75' lang='lat' dir='ltr'><strong>ARClllEl‘.</strong></span> 
     </span>
    </p>
   </div>
   <div class='ocr_carea' id='block_1_45' title="bbox 1761 139 1815 168">
    <p class='ocr_par' dir='ltr' id='par_1_45' title="bbox 1761 139 1815 168">
     <span class='ocr_line' id='line_1_45' title="bbox 1761 139 1815 168; baseline 0.037 -2"><span class='ocrx_word' id='word_1_299' title='bbox 1761 139 1815 168; x_wconf 68' lang='grc'><strong>188</strong></span> 
     </span>
    </p>
   </div>
   <div class='ocr_carea' id='block_1_46' title="bbox 1013 197 1817 235">
    <p class='ocr_par' dir='ltr' id='par_1_46' title="bbox 1013 197 1817 235">
     <span class='ocr_line' id='line_1_46' title="bbox 1013 197 1817 235; baseline 0 -10"><span class='ocrx_word' id='word_1_300' title='bbox 1013 207 1075 234; x_wconf 84' lang='grc' dir='ltr'>τητι</span> <span class='ocrx_word' id='word_1_301' title='bbox 1090 200 1139 235; x_wconf 78' lang='grc' dir='ltr'>τῆς</span> <span class='ocrx_word' id='word_1_302' title='bbox 1161 199 1256 231; x_wconf 77' lang='grc' dir='ltr'><strong>οὐσίας</strong></span> <span class='ocrx_word' id='word_1_303' title='bbox 1272 198 1357 226; x_wconf 79' lang='grc' dir='ltr'>όντων</span> <span class='ocrx_word' id='word_1_304' title='bbox 1376 197 1422 225; x_wconf 77' lang='grc' dir='ltr'>καὶ</span> <span class='ocrx_word' id='word_1_305' title='bbox 1437 198 1512 225; x_wconf 72' lang='grc' dir='ltr'>οὐδὲν</span> <span class='ocrx_word' id='word_1_306' title='bbox 1528 197 1642 233; x_wconf 63' lang='grc' dir='ltr'>ἑχόντων</span> <span class='ocrx_word' id='word_1_307' title='bbox 1658 197 1673 225; x_wconf 78' lang='grc' dir='ltr'><strong>δ</strong></span> <span class='ocrx_word' id='word_1_308' title='bbox 1689 197 1740 234; x_wconf 81' lang='grc' dir='ltr'>τῆς</span> <span class='ocrx_word' id='word_1_309' title='bbox 1759 206 1817 232; x_wconf 81' lang='grc' dir='ltr'><strong>φυ-</strong></span> 
     </span>
    </p>
   </div>
   <div class='ocr_carea' id='block_1_47' title="bbox 1017 243 1579 281">
    <p class='ocr_par' dir='ltr' id='par_1_47' title="bbox 1017 243 1579 281">
     <span class='ocr_line' id='line_1_47' title="bbox 1017 243 1579 281; baseline -0.004 -9"><span class='ocrx_word' id='word_1_310' title='bbox 1017 245 1096 280; x_wconf 84' lang='grc' dir='ltr'>σικῆς</span> <span class='ocrx_word' id='word_1_311' title='bbox 1112 245 1242 281; x_wconf 77' lang='grc' dir='ltr'><strong>ἰδιότητος</strong></span> <span class='ocrx_word' id='word_1_312' title='bbox 1255 244 1402 281; x_wconf 76' lang='grc' dir='ltr'><strong>ἀποτέμνει</strong></span> <span class='ocrx_word' id='word_1_313' title='bbox 1415 244 1462 272; x_wconf 72' lang='grc' dir='ltr'>τὸν</span> <span class='ocrx_word' id='word_1_314' title='bbox 1477 243 1579 280; x_wconf 74' lang='grc' dir='ltr'>ἕτερον.</span> 
     </span>
    </p>
   </div>
   <div class='ocr_carea' id='block_1_48' title="bbox 1360 302 1462 329">
    <p class='ocr_par' dir='ltr' id='par_1_48' title="bbox 1360 302 1462 329">
     <span class='ocr_line' id='line_1_48' title="bbox 1360 302 1462 329; baseline 0 -1"><span class='ocrx_word' id='word_1_315' title='bbox 1360 302 1462 329; x_wconf 79' lang='lat' dir='ltr'><strong>AAAO.</strong></span> 
     </span>
    </p>
   </div>
   <div class='ocr_carea' id='block_1_49' title="bbox 1057 355 1770 393">
    <p class='ocr_par' dir='ltr' id='par_1_49' title="bbox 1057 355 1770 393">
     <span class='ocr_line' id='line_1_49' title="bbox 1057 355 1770 393; baseline -0.004 -8"><span class='ocrx_word' id='word_1_316' title='bbox 1057 358 1166 393; x_wconf 78' lang='grc' dir='ltr'>Δόγμα,</span> <span class='ocrx_word' id='word_1_317' title='bbox 1183 357 1223 391; x_wconf 79' lang='grc' dir='ltr'><strong>ᾡς</strong></span> <span class='ocrx_word' id='word_1_318' title='bbox 1235 357 1270 391; x_wconf 77' lang='grc' dir='ltr'><strong>ἐξ</strong></span> <span class='ocrx_word' id='word_1_319' title='bbox 1285 357 1463 390; x_wconf 75' lang='grc' dir='ltr'><strong>ἀντιθέσεως</strong></span> <span class='ocrx_word' id='word_1_320' title='bbox 1476 355 1535 384; x_wconf 77' lang='grc' dir='ltr'>τῶν</span> <span class='ocrx_word' id='word_1_321' title='bbox 1549 355 1770 391; x_wconf 71' lang='grc' dir='ltr'>χριστομάκων.</span> 
     </span>
    </p>
   </div>
   <div class='ocr_carea' id='block_1_50' title="bbox 1055 412 1818 451">
    <p class='ocr_par' dir='ltr' id='par_1_50' title="bbox 1055 412 1818 451">
     <span class='ocr_line' id='line_1_50' title="bbox 1055 412 1818 451; baseline -0.005 -9"><span class='ocrx_word' id='word_1_322' title='bbox 1055 415 1086 442; x_wconf 87' lang='lat'><strong>&#39;0</strong></span> <span class='ocrx_word' id='word_1_323' title='bbox 1101 415 1206 451; x_wconf 80' lang='grc' dir='ltr'>Πατὴρ,</span> <span class='ocrx_word' id='word_1_324' title='bbox 1223 414 1316 450; x_wconf 71' lang='grc' dir='ltr'>φασὶν,</span> <span class='ocrx_word' id='word_1_325' title='bbox 1330 415 1359 441; x_wconf 82' lang='grc' dir='ltr'><strong>ὲν</strong></span> <span class='ocrx_word' id='word_1_326' title='bbox 1379 413 1420 450; x_wconf 82' lang='grc' dir='ltr'>τῷ</span> <span class='ocrx_word' id='word_1_327' title='bbox 1438 413 1506 449; x_wconf 85' lang='grc' dir='ltr'><strong>Υἱῷ,</strong></span> <span class='ocrx_word' id='word_1_328' title='bbox 1519 414 1567 441; x_wconf 80' lang='grc' dir='ltr'><strong>καὶ</strong></span> <span class='ocrx_word' id='word_1_329' title='bbox 1585 413 1600 440; x_wconf 81' lang='lat'><strong><em>6</em></strong></span> <span class='ocrx_word' id='word_1_330' title='bbox 1614 412 1678 445; x_wconf 72' lang='lat' dir='ltr'><strong>rw;</strong></span> <span class='ocrx_word' id='word_1_331' title='bbox 1695 413 1771 439; x_wconf 73' lang='grc' dir='ltr'>ἐστιν</span> <span class='ocrx_word' id='word_1_332' title='bbox 1785 412 1818 438; x_wconf 84' lang='lat' dir='ltr'><strong>tv</strong></span> 
     </span>
    </p>
   </div>
   <div class='ocr_carea' id='block_1_51' title="bbox 1014 457 1819 498">
    <p class='ocr_par' dir='ltr' id='par_1_51' title="bbox 1014 457 1819 498">
     <span class='ocr_line' id='line_1_51' title="bbox 1014 457 1819 498; baseline -0.005 -10"><span class='ocrx_word' id='word_1_333' title='bbox 1014 461 1054 497; x_wconf 84' lang='grc' dir='ltr'><strong>τῷ</strong></span> <span class='ocrx_word' id='word_1_334' title='bbox 1071 461 1175 498; x_wconf 78' lang='grc' dir='ltr'>Πατρὶ,</span> <span class='ocrx_word' id='word_1_335' title='bbox 1199 461 1269 488; x_wconf 79' lang='grc' dir='ltr'>κατὰ</span> <span class='ocrx_word' id='word_1_336' title='bbox 1286 461 1345 488; x_wconf 78' lang='grc' dir='ltr'>τόδε</span> <span class='ocrx_word' id='word_1_337' title='bbox 1361 460 1393 488; x_wconf 76' lang='grc' dir='ltr'>τὸ</span> <span class='ocrx_word' id='word_1_338' title='bbox 1417 461 1522 496; x_wconf 76' lang='grc' dir='ltr'>σχῆμα.</span> <span class='ocrx_word' id='word_1_339' title='bbox 1540 458 1652 494; x_wconf 77' lang='grc' dir='ltr'><strong>Ἐπειδὴ</strong></span> <span class='ocrx_word' id='word_1_340' title='bbox 1675 457 1730 494; x_wconf 84' lang='grc' dir='ltr'>γὰρ</span> <span class='ocrx_word' id='word_1_341' title='bbox 1752 459 1819 484; x_wconf 82' lang='grc' dir='ltr'>κατ’</span> 
     </span>
    </p>
   </div>
   <div class='ocr_carea' id='block_1_52' title="bbox 1015 504 1818 544">
    <p class='ocr_par' dir='ltr' id='par_1_52' title="bbox 1015 504 1818 544">
     <span class='ocr_line' id='line_1_52' title="bbox 1015 504 1818 544; baseline -0.005 -10"><span class='ocrx_word' id='word_1_342' title='bbox 1015 507 1110 534; x_wconf 75' lang='grc' dir='ltr'>οὐδένα</span> <span class='ocrx_word' id='word_1_343' title='bbox 1133 508 1234 544; x_wconf 80' lang='grc' dir='ltr'><strong>τρόπον</strong></span> <span class='ocrx_word' id='word_1_344' title='bbox 1251 507 1431 542; x_wconf 75' lang='grc' dir='ltr'><strong>διαφωνοῦσιν</strong></span> <span class='ocrx_word' id='word_1_345' title='bbox 1454 507 1484 533; x_wconf 79' lang='grc' dir='ltr'><strong>ἐν</strong></span> <span class='ocrx_word' id='word_1_346' title='bbox 1502 507 1559 538; x_wconf 86' lang='grc' dir='ltr'>τοῖς</span> <span class='ocrx_word' id='word_1_347' title='bbox 1581 505 1727 541; x_wconf 75' lang='grc' dir='ltr'><strong>κρίμασιν,</strong></span> <span class='ocrx_word' id='word_1_348' title='bbox 1747 504 1765 539; x_wconf 74' lang='grc' dir='ltr'>ἢ</span> <span class='ocrx_word' id='word_1_349' title='bbox 1785 504 1818 530; x_wconf 82' lang='lat' dir='ltr'><strong>tv</strong></span> 
     </span>
    </p>
   </div>
   <div class='ocr_carea' id='block_1_53' title="bbox 1015 548 1819 588">
    <p class='ocr_par' dir='ltr' id='par_1_53' title="bbox 1015 548 1819 588">
     <span class='ocr_line' id='line_1_53' title="bbox 1015 548 1819 588; baseline -0.005 -8"><span class='ocrx_word' id='word_1_350' title='bbox 1015 554 1073 585; x_wconf 80' lang='grc' dir='ltr'>τοῖς</span> <span class='ocrx_word' id='word_1_351' title='bbox 1093 553 1237 588; x_wconf 82' lang='grc' dir='ltr'><strong>νοήμασιν,</strong></span> <span class='ocrx_word' id='word_1_352' title='bbox 1254 552 1313 580; x_wconf 80' lang='grc' dir='ltr'>ἀλλ’</span> <span class='ocrx_word' id='word_1_353' title='bbox 1326 552 1398 587; x_wconf 68' lang='grc' dir='ltr'>ἅπερ</span> <span class='ocrx_word' id='word_1_354' title='bbox 1414 552 1446 579; x_wconf 75' lang='grc' dir='ltr'>ἂν</span> <span class='ocrx_word' id='word_1_355' title='bbox 1461 552 1476 578; x_wconf 81' lang='grc' dir='ltr'><strong>ό</strong></span> <span class='ocrx_word' id='word_1_356' title='bbox 1493 551 1587 587; x_wconf 77' lang='grc' dir='ltr'>Πατὴρ</span> <span class='ocrx_word' id='word_1_357' title='bbox 1607 550 1749 586; x_wconf 81' lang='grc' dir='ltr'>βούληται,</span> <span class='ocrx_word' id='word_1_358' title='bbox 1765 548 1819 585; x_wconf 55' lang='grc' dir='ltr'><strong>καὶ</strong></span> 
     </span>
    </p>
   </div>
   <div class='ocr_carea' id='block_1_54' title="bbox 1016 596 1816 633">
    <p class='ocr_par' dir='ltr' id='par_1_54' title="bbox 1016 596 1816 633">
     <span class='ocr_line' id='line_1_54' title="bbox 1016 596 1816 633; baseline -0.005 -8"><span class='ocrx_word' id='word_1_359' title='bbox 1016 599 1030 625; x_wconf 87' lang='grc' dir='ltr'><strong><em>ὸ</em></strong></span> <span class='ocrx_word' id='word_1_360' title='bbox 1050 599 1115 631; x_wconf 76' lang='grc' dir='ltr'><strong>Υἱὸς</strong></span> <span class='ocrx_word' id='word_1_361' title='bbox 1138 598 1240 631; x_wconf 81' lang='grc' dir='ltr'>ταῦτα,</span> <span class='ocrx_word' id='word_1_362' title='bbox 1259 598 1308 625; x_wconf 80' lang='grc' dir='ltr'><strong>καὶ</strong></span> <span class='ocrx_word' id='word_1_363' title='bbox 1326 598 1408 626; x_wconf 83' lang='grc' dir='ltr'>πάλιν</span> <span class='ocrx_word' id='word_1_364' title='bbox 1425 597 1497 633; x_wconf 72' lang='grc' dir='ltr'>ᾇπερ</span> <span class='ocrx_word' id='word_1_365' title='bbox 1514 597 1548 624; x_wconf 76' lang='grc' dir='ltr'>ἂν</span> <span class='ocrx_word' id='word_1_366' title='bbox 1561 598 1575 623; x_wconf 86' lang='grc' dir='ltr'><strong>ό</strong></span> <span class='ocrx_word' id='word_1_367' title='bbox 1593 597 1659 628; x_wconf 72' lang='grc' dir='ltr'>Υίδς</span> <span class='ocrx_word' id='word_1_368' title='bbox 1677 596 1816 632; x_wconf 63' lang='grc' dir='ltr'><strong>ἐθελήσῃ,</strong></span> 
     </span>
    </p>
   </div>
   <div class='ocr_carea' id='block_1_55' title="bbox 1016 642 1821 680">
    <p class='ocr_par' dir='ltr' id='par_1_55' title="bbox 1016 642 1821 680">
     <span class='ocr_line' id='line_1_55' title="bbox 1016 642 1821 680; baseline -0.002 -9"><span class='ocrx_word' id='word_1_369' title='bbox 1016 643 1103 671; x_wconf 76' lang='grc' dir='ltr'>ταῦτα</span> <span class='ocrx_word' id='word_1_370' title='bbox 1124 644 1173 671; x_wconf 81' lang='grc' dir='ltr'><strong>καὶ</strong></span> <span class='ocrx_word' id='word_1_371' title='bbox 1184 644 1199 670; x_wconf 86' lang='grc' dir='ltr'><strong><em>ὁ</em></strong></span> <span class='ocrx_word' id='word_1_372' title='bbox 1216 643 1322 680; x_wconf 83' lang='grc' dir='ltr'>Πατὴρ,</span> <span class='ocrx_word' id='word_1_373' title='bbox 1341 644 1389 671; x_wconf 78' lang='grc' dir='ltr'>καὶ</span> <span class='ocrx_word' id='word_1_374' title='bbox 1404 643 1548 679; x_wconf 74' lang='grc' dir='ltr'><strong>συμφωνία</strong></span> <span class='ocrx_word' id='word_1_375' title='bbox 1563 652 1605 675; x_wconf 83' lang='grc' dir='ltr'>τις</span> <span class='ocrx_word' id='word_1_376' title='bbox 1619 643 1666 670; x_wconf 79' lang='grc' dir='ltr'>καὶ</span> <span class='ocrx_word' id='word_1_377' title='bbox 1680 642 1821 677; x_wconf 80' lang='grc' dir='ltr'><strong>ταυτότης</strong></span> 
     </span>
    </p>
   </div>
   <div class='ocr_carea' id='block_1_56' title="bbox 1018 687 1820 725">
    <p class='ocr_par' dir='ltr' id='par_1_56' title="bbox 1018 687 1820 725">
     <span class='ocr_line' id='line_1_56' title="bbox 1018 687 1820 725; baseline 0 -10"><span class='ocrx_word' id='word_1_378' title='bbox 1018 689 1178 725; x_wconf 77' lang='grc' dir='ltr'>θελημάτων</span> <span class='ocrx_word' id='word_1_379' title='bbox 1199 690 1247 717; x_wconf 72' lang='grc' dir='ltr'><strong>καὶ</strong></span> <span class='ocrx_word' id='word_1_380' title='bbox 1268 689 1382 725; x_wconf 83' lang='grc' dir='ltr'>γνώμης</span> <span class='ocrx_word' id='word_1_381' title='bbox 1407 690 1436 716; x_wconf 81' lang='lat' dir='ltr'><strong>tv</strong></span> <span class='ocrx_word' id='word_1_382' title='bbox 1464 689 1556 721; x_wconf 64' lang='grc' dir='ltr'>αὐτοῖς</span> <span class='ocrx_word' id='word_1_383' title='bbox 1579 689 1718 723; x_wconf 80' lang='grc' dir='ltr'>φαίνεται,</span> <span class='ocrx_word' id='word_1_384' title='bbox 1743 687 1820 715; x_wconf 73' lang='grc' dir='ltr'>κατὰ</span> 
     </span>
    </p>
   </div>
   <div class='ocr_carea' id='block_1_57' title="bbox 1017 734 1718 771">
    <p class='ocr_par' dir='ltr' id='par_1_57' title="bbox 1017 734 1718 771">
     <span class='ocr_line' id='line_1_57' title="bbox 1017 734 1718 771; baseline 0 -9"><span class='ocrx_word' id='word_1_385' title='bbox 1017 734 1095 762; x_wconf 77' lang='grc' dir='ltr'>τοῦτο</span> <span class='ocrx_word' id='word_1_386' title='bbox 1110 734 1206 770; x_wconf 79' lang='grc' dir='ltr'>Πατὴρ</span> <span class='ocrx_word' id='word_1_387' title='bbox 1220 737 1249 762; x_wconf 83' lang='lat' dir='ltr'><strong>tv</strong></span> <span class='ocrx_word' id='word_1_388' title='bbox 1263 735 1331 771; x_wconf 84' lang='grc' dir='ltr'><strong>Υιῷ,</strong></span> <span class='ocrx_word' id='word_1_389' title='bbox 1346 735 1394 762; x_wconf 75' lang='grc' dir='ltr'><strong>καὶ</strong></span> <span class='ocrx_word' id='word_1_390' title='bbox 1409 735 1475 767; x_wconf 82' lang='grc' dir='ltr'><strong>Υἱός</strong></span> <span class='ocrx_word' id='word_1_391' title='bbox 1489 736 1564 762; x_wconf 76' lang='grc' dir='ltr'>ἐστιν</span> <span class='ocrx_word' id='word_1_392' title='bbox 1576 735 1607 762; x_wconf 85' lang='lat' dir='ltr'><strong>tv</strong></span> <span class='ocrx_word' id='word_1_393' title='bbox 1620 735 1718 771; x_wconf 86' lang='grc' dir='ltr'>Πατρί.</span> 
     </span>
    </p>
   </div>
   <div class='ocr_carea' id='block_1_58' title="bbox 1267 790 1567 825">
    <p class='ocr_par' dir='ltr' id='par_1_58' title="bbox 1267 790 1567 825">
     <span class='ocr_line' id='line_1_58' title="bbox 1267 790 1567 825; baseline 0 -7"><span class='ocrx_word' id='word_1_394' title='bbox 1267 790 1345 825; x_wconf 83' lang='grc' dir='ltr'><strong>Πρὸς</strong></span> <span class='ocrx_word' id='word_1_395' title='bbox 1360 790 1450 817; x_wconf 81' lang='grc' dir='ltr'>τοῦτο</span> <span class='ocrx_word' id='word_1_396' title='bbox 1465 790 1567 823; x_wconf 80' lang='grc' dir='ltr'><strong>λύσις.</strong></span> 
     </span>
    </p>
   </div>
   <div class='ocr_carea' id='block_1_59' title="bbox 1059 844 1819 883">
    <p class='ocr_par' dir='ltr' id='par_1_59' title="bbox 1059 844 1819 883">
     <span class='ocr_line' id='line_1_59' title="bbox 1059 844 1819 883; baseline -0.004 -8"><span class='ocrx_word' id='word_1_397' title='bbox 1059 844 1177 883; x_wconf 78' lang='grc' dir='ltr'>’Δρόὗν</span> <span class='ocrx_word' id='word_1_398' title='bbox 1194 846 1302 880; x_wconf 78' lang='grc' dir='ltr'>ἐξέσται</span> <span class='ocrx_word' id='word_1_399' title='bbox 1320 847 1368 874; x_wconf 80' lang='grc' dir='ltr'><strong>καὶ</strong></span> <span class='ocrx_word' id='word_1_400' title='bbox 1387 847 1544 882; x_wconf 79' lang='grc' dir='ltr'>ἀγγέλοιςῆ</span> <span class='ocrx_word' id='word_1_401' title='bbox 1565 846 1613 874; x_wconf 67' lang='grc' dir='ltr'><strong>καὶ</strong></span> <span class='ocrx_word' id='word_1_402' title='bbox 1630 846 1725 877; x_wconf 72' lang='grc' dir='ltr'>ἄλλαις</span> <span class='ocrx_word' id='word_1_403' title='bbox 1739 846 1819 880; x_wconf 83' lang='grc' dir='ltr'>λογι-</span> 
     </span>
    </p>
   </div>
   <div class='ocr_carea' id='block_1_60' title="bbox 1021 889 1819 929">
    <p class='ocr_par' dir='ltr' id='par_1_60' title="bbox 1021 889 1819 929">
     <span class='ocr_line' id='line_1_60' title="bbox 1021 889 1819 929; baseline -0.003 -9"><span class='ocrx_word' id='word_1_404' title='bbox 1021 894 1082 925; x_wconf 82' lang='grc' dir='ltr'><strong>καῖς</strong></span> <span class='ocrx_word' id='word_1_405' title='bbox 1094 893 1235 929; x_wconf 81' lang='grc' dir='ltr'>δυνάμεσι,</span> <span class='ocrx_word' id='word_1_406' title='bbox 1252 894 1316 929; x_wconf 79' lang='grc' dir='ltr'>περὶ</span> <span class='ocrx_word' id='word_1_407' title='bbox 1328 889 1366 920; x_wconf 85' lang='grc' dir='ltr'><strong>ὧν</strong></span> <span class='ocrx_word' id='word_1_408' title='bbox 1378 894 1407 920; x_wconf 88' lang='lat' dir='ltr'><strong>tv</strong></span> <span class='ocrx_word' id='word_1_409' title='bbox 1422 893 1548 929; x_wconf 78' lang='grc' dir='ltr'><strong>Ψαλμοῖς</strong></span> <span class='ocrx_word' id='word_1_410' title='bbox 1562 893 1670 929; x_wconf 77' lang='grc' dir='ltr'>εἴρηται</span> <span class='ocrx_word' id='word_1_411' title='bbox 1681 901 1687 907; x_wconf 83' lang='grc'>·</span> <span class='ocrx_word' id='word_1_412' title='bbox 1708 902 1718 919; x_wconf 86' lang='grc'><strong>‹</strong></span> <span class='ocrx_word' id='word_1_413' title='bbox 1732 892 1819 919; x_wconf 77' lang='grc' dir='ltr'>Εὐλο-</span> 
     </span>
    </p>
   </div>
   <div class='ocr_carea' id='block_1_61' title="bbox 1020 937 1821 974">
    <p class='ocr_par' dir='ltr' id='par_1_61' title="bbox 1020 937 1821 974">
     <span class='ocr_line' id='line_1_61' title="bbox 1020 937 1821 974; baseline 0 -9"><span class='ocrx_word' id='word_1_414' title='bbox 1020 940 1093 973; x_wconf 77' lang='grc' dir='ltr'>γεϊτε</span> <span class='ocrx_word' id='word_1_415' title='bbox 1102 938 1146 966; x_wconf 75' lang='grc' dir='ltr'>τὸν</span> <span class='ocrx_word' id='word_1_416' title='bbox 1156 939 1268 974; x_wconf 75' lang='grc' dir='ltr'>Κύριον,</span> <span class='ocrx_word' id='word_1_417' title='bbox 1283 938 1382 971; x_wconf 70' lang='grc' dir='ltr'>πάντες</span> <span class='ocrx_word' id='word_1_418' title='bbox 1394 939 1419 965; x_wconf 80' lang='grc' dir='ltr'><strong>οἱ</strong></span> <span class='ocrx_word' id='word_1_419' title='bbox 1432 939 1542 973; x_wconf 78' lang='grc' dir='ltr'>ἄγγελοι</span> <span class='ocrx_word' id='word_1_420' title='bbox 1554 938 1647 971; x_wconf 77' lang='grc' dir='ltr'>αὑτοῦ,</span> <span class='ocrx_word' id='word_1_421' title='bbox 1661 937 1821 973; x_wconf 76' lang='grc' dir='ltr'>λειτουργοὶ</span> 
     </span>
    </p>
   </div>
   <div class='ocr_carea' id='block_1_62' title="bbox 1021 984 1820 1021">
    <p class='ocr_par' dir='ltr' id='par_1_62' title="bbox 1021 984 1820 1021">
     <span class='ocr_line' id='line_1_62' title="bbox 1021 984 1820 1021; baseline -0.001 -10"><span class='ocrx_word' id='word_1_422' title='bbox 1021 984 1103 1012; x_wconf 84' lang='grc' dir='ltr'>αὑτοῦ</span> <span class='ocrx_word' id='word_1_423' title='bbox 1125 984 1266 1018; x_wconf 78' lang='grc' dir='ltr'>ποιοῦντες</span> <span class='ocrx_word' id='word_1_424' title='bbox 1289 986 1320 1013; x_wconf 77' lang='grc' dir='ltr'>τὸ</span> <span class='ocrx_word' id='word_1_425' title='bbox 1335 985 1442 1021; x_wconf 82' lang='grc' dir='ltr'>Θέλημα</span> <span class='ocrx_word' id='word_1_426' title='bbox 1465 984 1560 1018; x_wconf 77' lang='grc' dir='ltr'>αὐτοῦ,</span> <span class='ocrx_word' id='word_1_427' title='bbox 1576 994 1585 1010; x_wconf 77' lang='grc' dir='ltr'><strong>ι</strong></span> <span class='ocrx_word' id='word_1_428' title='bbox 1611 985 1671 1017; x_wconf 78' lang='grc' dir='ltr'>ταῖς</span> <span class='ocrx_word' id='word_1_429' title='bbox 1686 984 1733 1011; x_wconf 78' lang='grc' dir='ltr'>τοῦ</span> <span class='ocrx_word' id='word_1_430' title='bbox 1757 984 1820 1010; x_wconf 81' lang='grc' dir='ltr'><strong>Σω-</strong></span> 
     </span>
    </p>
   </div>
   <div class='ocr_carea' id='block_1_63' title="bbox 1020 1029 1823 1066">
    <p class='ocr_par' dir='ltr' id='par_1_63' title="bbox 1020 1029 1823 1066">
     <span class='ocr_line' id='line_1_63' title="bbox 1020 1029 1823 1066; baseline 0 -10"><span class='ocrx_word' id='word_1_431' title='bbox 1020 1031 1102 1066; x_wconf 81' lang='grc' dir='ltr'>τῆρος</span> <span class='ocrx_word' id='word_1_432' title='bbox 1116 1030 1266 1066; x_wconf 81' lang='grc' dir='ltr'>κεχρῆσθαι</span> <span class='ocrx_word' id='word_1_433' title='bbox 1284 1032 1397 1066; x_wconf 83' lang='grc' dir='ltr'>φωναῖς,</span> <span class='ocrx_word' id='word_1_434' title='bbox 1407 1031 1443 1063; x_wconf 78' lang='grc' dir='ltr'><strong>ὡς</strong></span> <span class='ocrx_word' id='word_1_435' title='bbox 1459 1030 1574 1057; x_wconf 78' lang='grc' dir='ltr'>ἕκαστον</span> <span class='ocrx_word' id='word_1_436' title='bbox 1591 1031 1677 1056; x_wconf 76' lang='grc' dir='ltr'><strong>εἰπεῖν</strong></span> <span class='ocrx_word' id='word_1_437' title='bbox 1688 1039 1694 1045; x_wconf 89' lang='grc'><strong>·</strong></span> <span class='ocrx_word' id='word_1_438' title='bbox 1714 1039 1724 1056; x_wconf 78' lang='grc' dir='ltr'>ι</span> <span class='ocrx_word' id='word_1_439' title='bbox 1745 1029 1823 1064; x_wconf 80' lang='grc' dir='ltr'>Ἐγὼ</span> 
     </span>
    </p>
   </div>
   <div class='ocr_carea' id='block_1_64' title="bbox 1021 1075 1821 1111">
    <p class='ocr_par' dir='ltr' id='par_1_64' title="bbox 1021 1075 1821 1111">
     <span class='ocr_line' id='line_1_64' title="bbox 1021 1075 1821 1111; baseline 0 -10"><span class='ocrx_word' id='word_1_440' title='bbox 1021 1075 1050 1101; x_wconf 86' lang='grc' dir='ltr'>ὲν</span> <span class='ocrx_word' id='word_1_441' title='bbox 1064 1075 1103 1111; x_wconf 85' lang='grc' dir='ltr'>τῷ</span> <span class='ocrx_word' id='word_1_442' title='bbox 1117 1076 1214 1111; x_wconf 75' lang='grc' dir='ltr'>Πατρὶ,</span> <span class='ocrx_word' id='word_1_443' title='bbox 1235 1077 1283 1104; x_wconf 75' lang='grc' dir='ltr'><strong>καὶ</strong></span> <span class='ocrx_word' id='word_1_444' title='bbox 1299 1077 1314 1104; x_wconf 80' lang='grc' dir='ltr'>ὁ</span> <span class='ocrx_word' id='word_1_445' title='bbox 1331 1076 1427 1111; x_wconf 81' lang='grc' dir='ltr'>Πατὴρ</span> <span class='ocrx_word' id='word_1_446' title='bbox 1449 1076 1478 1102; x_wconf 86' lang='lat' dir='ltr'><strong>tv</strong></span> <span class='ocrx_word' id='word_1_447' title='bbox 1499 1075 1578 1111; x_wconf 69' lang='grc' dir='ltr'>ἐμοὶ,</span> <span class='ocrx_word' id='word_1_448' title='bbox 1591 1085 1601 1102; x_wconf 70' lang='grc' dir='ltr'>ι</span> <span class='ocrx_word' id='word_1_449' title='bbox 1625 1075 1672 1102; x_wconf 76' lang='grc' dir='ltr'><strong>καὶ</strong></span> <span class='ocrx_word' id='word_1_450' title='bbox 1689 1084 1698 1101; x_wconf 81' lang='lat' dir='ltr'><strong>t</strong></span> <span class='ocrx_word' id='word_1_451' title='bbox 1727 1075 1747 1101; x_wconf 92' lang='lat'>0</span> <span class='ocrx_word' id='word_1_452' title='bbox 1764 1075 1821 1101; x_wconf 79' lang='grc' dir='ltr'><strong>ἑω-</strong></span> 
     </span>
    </p>
   </div>
   <div class='ocr_carea' id='block_1_65' title="bbox 1022 1120 1822 1158">
    <p class='ocr_par' dir='ltr' id='par_1_65' title="bbox 1022 1120 1822 1158">
     <span class='ocr_line' id='line_1_65' title="bbox 1022 1120 1822 1158; baseline -0.001 -10"><span class='ocrx_word' id='word_1_453' title='bbox 1022 1121 1114 1157; x_wconf 83' lang='grc' dir='ltr'>ρακὼς</span> <span class='ocrx_word' id='word_1_454' title='bbox 1129 1122 1195 1157; x_wconf 77' lang='grc' dir='ltr'><strong>ἐμὲ,</strong></span> <span class='ocrx_word' id='word_1_455' title='bbox 1212 1121 1319 1158; x_wconf 78' lang='grc' dir='ltr'>ἑώρακε</span> <span class='ocrx_word' id='word_1_456' title='bbox 1336 1122 1382 1149; x_wconf 81' lang='grc' dir='ltr'>τὸν</span> <span class='ocrx_word' id='word_1_457' title='bbox 1396 1122 1515 1157; x_wconf 80' lang='grc' dir='ltr'>Πατέρα.</span> <span class='ocrx_word' id='word_1_458' title='bbox 1528 1131 1538 1148; x_wconf 69' lang='grc' dir='ltr'>ι</span> <span class='ocrx_word' id='word_1_459' title='bbox 1563 1121 1660 1148; x_wconf 83' lang='grc' dir='ltr'>Καίτοι</span> <span class='ocrx_word' id='word_1_460' title='bbox 1680 1120 1761 1148; x_wconf 84' lang='grc' dir='ltr'>παντί</span> <span class='ocrx_word' id='word_1_461' title='bbox 1776 1129 1822 1156; x_wconf 84' lang='grc' dir='ltr'><strong>τῳ</strong></span> 
     </span>
    </p>
   </div>
   <div class='ocr_carea' id='block_1_66' title="bbox 1020 1167 1822 1203">
    <p class='ocr_par' dir='ltr' id='par_1_66' title="bbox 1020 1167 1822 1203">
     <span class='ocr_line' id='line_1_66' title="bbox 1020 1167 1822 1203; baseline 0.001 -10"><span class='ocrx_word' id='word_1_462' title='bbox 1020 1167 1108 1202; x_wconf 87' lang='grc' dir='ltr'><strong>δῆλον,</strong></span> <span class='ocrx_word' id='word_1_463' title='bbox 1127 1168 1168 1194; x_wconf 85' lang='grc' dir='ltr'><strong>ὅτι</strong></span> <span class='ocrx_word' id='word_1_464' title='bbox 1183 1168 1274 1195; x_wconf 81' lang='grc' dir='ltr'>πάντα</span> <span class='ocrx_word' id='word_1_465' title='bbox 1286 1169 1336 1195; x_wconf 82' lang='grc' dir='ltr'>ὅσα</span> <span class='ocrx_word' id='word_1_466' title='bbox 1355 1167 1480 1203; x_wconf 84' lang='grc' dir='ltr'>βούλεται</span> <span class='ocrx_word' id='word_1_467' title='bbox 1496 1167 1578 1200; x_wconf 80' lang='grc' dir='ltr'><strong>Θεὸς,</strong></span> <span class='ocrx_word' id='word_1_468' title='bbox 1599 1167 1685 1195; x_wconf 80' lang='grc' dir='ltr'>ταῦτα</span> <span class='ocrx_word' id='word_1_469' title='bbox 1707 1168 1822 1199; x_wconf 76' lang='grc' dir='ltr'>πάντως</span> 
     </span>
    </p>
   </div>
   <div class='ocr_carea' id='block_1_67' title="bbox 1020 1213 1820 1250">
    <p class='ocr_par' dir='ltr' id='par_1_67' title="bbox 1020 1213 1820 1250">
     <span class='ocr_line' id='line_1_67' title="bbox 1020 1213 1820 1250; baseline 0.001 -11"><span class='ocrx_word' id='word_1_470' title='bbox 1020 1213 1068 1239; x_wconf 77' lang='grc' dir='ltr'><strong>καὶ</strong></span> <span class='ocrx_word' id='word_1_471' title='bbox 1081 1213 1208 1248; x_wconf 77' lang='grc' dir='ltr'>’Ἄγγελοι</span> <span class='ocrx_word' id='word_1_472' title='bbox 1223 1213 1373 1248; x_wconf 83' lang='grc' dir='ltr'>βούλονται,</span> <span class='ocrx_word' id='word_1_473' title='bbox 1387 1214 1434 1241; x_wconf 65' lang='grc' dir='ltr'><strong>καλ</strong></span> <span class='ocrx_word' id='word_1_474' title='bbox 1448 1214 1637 1250; x_wconf 80' lang='grc' dir='ltr'><strong>Ἀρχάγγελοι,</strong></span> <span class='ocrx_word' id='word_1_475' title='bbox 1651 1213 1698 1240; x_wconf 77' lang='grc' dir='ltr'>καὶ</span> <span class='ocrx_word' id='word_1_476' title='bbox 1709 1213 1820 1248; x_wconf 86' lang='grc' dir='ltr'>Θρόνοι,</span> 
     </span>
    </p>
   </div>
   <div class='ocr_carea' id='block_1_68' title="bbox 1020 1257 1821 1293">
    <p class='ocr_par' dir='ltr' id='par_1_68' title="bbox 1020 1257 1821 1293">
     <span class='ocr_line' id='line_1_68' title="bbox 1020 1257 1821 1293; baseline 0.001 -10"><span class='ocrx_word' id='word_1_477' title='bbox 1020 1257 1068 1284; x_wconf 72' lang='grc' dir='ltr'><strong>καὶ</strong></span> <span class='ocrx_word' id='word_1_478' title='bbox 1092 1258 1277 1293; x_wconf 78' lang='grc' dir='ltr'>κυριότητες,</span> <span class='ocrx_word' id='word_1_479' title='bbox 1300 1258 1348 1286; x_wconf 74' lang='grc' dir='ltr'><strong>καὶ</strong></span> <span class='ocrx_word' id='word_1_480' title='bbox 1368 1259 1520 1292; x_wconf 79' lang='grc' dir='ltr'>Ἐξουσίαι,</span> <span class='ocrx_word' id='word_1_481' title='bbox 1547 1258 1594 1285; x_wconf 71' lang='grc' dir='ltr'><strong>καὶ</strong></span> <span class='ocrx_word' id='word_1_482' title='bbox 1617 1258 1720 1285; x_wconf 83' lang='grc' dir='ltr'>τούτων</span> <span class='ocrx_word' id='word_1_483' title='bbox 1741 1257 1821 1284; x_wconf 70' lang='grc' dir='ltr'>οὐδὲν</span> 
     </span>
    </p>
   </div>
   <div class='ocr_carea' id='block_1_69' title="bbox 1020 1303 1819 1340">
    <p class='ocr_par' dir='ltr' id='par_1_69' title="bbox 1020 1303 1819 1340">
     <span class='ocr_line' id='line_1_69' title="bbox 1020 1303 1819 1340; baseline 0.001 -11"><span class='ocrx_word' id='word_1_484' title='bbox 1020 1303 1172 1338; x_wconf 80' lang='grc' dir='ltr'>διαφωνοῦν</span> <span class='ocrx_word' id='word_1_485' title='bbox 1192 1303 1352 1340; x_wconf 79' lang='grc' dir='ltr'>εὑρίσκεται</span> <span class='ocrx_word' id='word_1_486' title='bbox 1375 1305 1445 1340; x_wconf 73' lang='grc' dir='ltr'>πρὸς</span> <span class='ocrx_word' id='word_1_487' title='bbox 1460 1303 1509 1340; x_wconf 78' lang='grc' dir='ltr'>τὴν</span> <span class='ocrx_word' id='word_1_488' title='bbox 1528 1304 1605 1331; x_wconf 76' lang='grc' dir='ltr'>θείαν</span> <span class='ocrx_word' id='word_1_489' title='bbox 1625 1303 1763 1340; x_wconf 79' lang='grc' dir='ltr'>βούλησιν.</span> <span class='ocrx_word' id='word_1_490' title='bbox 1778 1303 1819 1330; x_wconf 79' lang='grc' dir='ltr'><strong>Οὐ</strong></span> 
     </span>
    </p>
   </div>
   <div class='ocr_carea' id='block_1_70' title="bbox 1020 1347 1821 1384">
    <p class='ocr_par' dir='ltr' id='par_1_70' title="bbox 1020 1347 1821 1384">
     <span class='ocr_line' id='line_1_70' title="bbox 1020 1347 1821 1384; baseline -0.001 -10"><span class='ocrx_word' id='word_1_491' title='bbox 1020 1347 1076 1384; x_wconf 85' lang='grc' dir='ltr'>γὰρ</span> <span class='ocrx_word' id='word_1_492' title='bbox 1090 1347 1124 1375; x_wconf 73' lang='grc' dir='ltr'><strong>ἂν</strong></span> <span class='ocrx_word' id='word_1_493' title='bbox 1140 1348 1247 1383; x_wconf 75' lang='grc' dir='ltr'>ἕμεινιν</span> <span class='ocrx_word' id='word_1_494' title='bbox 1260 1350 1289 1375; x_wconf 87' lang='lat' dir='ltr'><strong>tv</strong></span> <span class='ocrx_word' id='word_1_495' title='bbox 1301 1350 1335 1384; x_wconf 84' lang='grc' dir='ltr'>τῇ</span> <span class='ocrx_word' id='word_1_496' title='bbox 1349 1349 1438 1384; x_wconf 73' lang='grc' dir='ltr'>οίκείᾳ</span> <span class='ocrx_word' id='word_1_497' title='bbox 1454 1349 1540 1382; x_wconf 78' lang='grc' dir='ltr'><strong>τάξει,</strong></span> <span class='ocrx_word' id='word_1_498' title='bbox 1559 1349 1597 1384; x_wconf 84' lang='grc' dir='ltr'>μὴ</span> <span class='ocrx_word' id='word_1_499' title='bbox 1612 1348 1706 1374; x_wconf 85' lang='grc' dir='ltr'>τοῦτον</span> <span class='ocrx_word' id='word_1_500' title='bbox 1720 1347 1821 1383; x_wconf 64' lang='grc' dir='ltr'>ἔχοντα</span> 
     </span>
    </p>
   </div>
   <div class='ocr_carea' id='block_1_71' title="bbox 1020 1392 1822 1430">
    <p class='ocr_par' dir='ltr' id='par_1_71' title="bbox 1020 1392 1822 1430">
     <span class='ocr_line' id='line_1_71' title="bbox 1020 1392 1822 1430; baseline -0.001 -10"><span class='ocrx_word' id='word_1_501' title='bbox 1020 1394 1066 1420; x_wconf 74' lang='grc' dir='ltr'>τὸν</span> <span class='ocrx_word' id='word_1_502' title='bbox 1080 1394 1192 1421; x_wconf 83' lang='grc' dir='ltr'>σκοπόν.</span> <span class='ocrx_word' id='word_1_503' title='bbox 1210 1394 1240 1421; x_wconf 88' lang='lat'><strong>&#39;0</strong></span> <span class='ocrx_word' id='word_1_504' title='bbox 1259 1394 1313 1429; x_wconf 83' lang='grc' dir='ltr'>γὰρ</span> <span class='ocrx_word' id='word_1_505' title='bbox 1328 1394 1423 1430; x_wconf 75' lang='grc' dir='ltr'>ἕτερόν</span> <span class='ocrx_word' id='word_1_506' title='bbox 1443 1403 1468 1421; x_wconf 85' lang='grc' dir='ltr'><strong>τι</strong></span> <span class='ocrx_word' id='word_1_507' title='bbox 1486 1394 1561 1429; x_wconf 78' lang='grc' dir='ltr'>παρὰ</span> <span class='ocrx_word' id='word_1_508' title='bbox 1580 1393 1610 1420; x_wconf 84' lang='grc' dir='ltr'>τὸ</span> <span class='ocrx_word' id='word_1_509' title='bbox 1623 1393 1670 1420; x_wconf 84' lang='grc' dir='ltr'><strong>τοῦ</strong></span> <span class='ocrx_word' id='word_1_510' title='bbox 1684 1392 1753 1420; x_wconf 86' lang='grc' dir='ltr'>Θεοῦ</span> <span class='ocrx_word' id='word_1_511' title='bbox 1774 1392 1822 1419; x_wconf 73' lang='grc' dir='ltr'><strong>θέ-</strong></span> 
     </span>
    </p>
   </div>
   <div class='ocr_carea' id='block_1_72' title="bbox 1020 1438 1820 1475">
    <p class='ocr_par' dir='ltr' id='par_1_72' title="bbox 1020 1438 1820 1475">
     <span class='ocr_line' id='line_1_72' title="bbox 1020 1438 1820 1475; baseline -0.001 -9"><span class='ocrx_word' id='word_1_512' title='bbox 1020 1439 1094 1475; x_wconf 88' lang='grc' dir='ltr'>λημα</span> <span class='ocrx_word' id='word_1_513' title='bbox 1108 1441 1238 1475; x_wconf 80' lang='grc' dir='ltr'><strong>ζητήσας,</strong></span> <span class='ocrx_word' id='word_1_514' title='bbox 1254 1440 1370 1475; x_wconf 73' lang='grc' dir='ltr'><strong>ἤκουσε·</strong></span> <span class='ocrx_word' id='word_1_515' title='bbox 1386 1439 1443 1467; x_wconf 77' lang='grc' dir='ltr'><strong>Νῦν</strong></span> <span class='ocrx_word' id='word_1_516' title='bbox 1461 1439 1489 1467; x_wconf 77' lang='grc' dir='ltr'><strong>δὲ</strong></span> <span class='ocrx_word' id='word_1_517' title='bbox 1512 1440 1551 1472; x_wconf 80' lang='grc' dir='ltr'><strong>εἰς</strong></span> <span class='ocrx_word' id='word_1_518' title='bbox 1573 1439 1639 1475; x_wconf 76' lang='grc' dir='ltr'>ᾇόην</span> <span class='ocrx_word' id='word_1_519' title='bbox 1654 1438 1801 1474; x_wconf 76' lang='grc' dir='ltr'>καταδήσῃ</span> <span class='ocrx_word' id='word_1_520' title='bbox 1811 1457 1820 1470; x_wconf 85' lang='grc'>,</span> 
     </span>
    </p>
   </div>
   <div class='ocr_carea' id='block_1_73' title="bbox 1020 1484 1820 1521">
    <p class='ocr_par' dir='ltr' id='par_1_73' title="bbox 1020 1484 1820 1521">
     <span class='ocr_line' id='line_1_73' title="bbox 1020 1484 1820 1521; baseline -0.003 -9"><span class='ocrx_word' id='word_1_521' title='bbox 1020 1485 1068 1512; x_wconf 81' lang='grc' dir='ltr'><strong>καὶ</strong></span> <span class='ocrx_word' id='word_1_522' title='bbox 1082 1486 1122 1517; x_wconf 81' lang='grc' dir='ltr'><strong>εἰς</strong></span> <span class='ocrx_word' id='word_1_523' title='bbox 1134 1485 1169 1512; x_wconf 82' lang='grc' dir='ltr'>τὰ</span> <span class='ocrx_word' id='word_1_524' title='bbox 1186 1485 1300 1520; x_wconf 77' lang='grc' dir='ltr'><strong>θεμέλια</strong></span> <span class='ocrx_word' id='word_1_525' title='bbox 1313 1486 1364 1520; x_wconf 76' lang='grc' dir='ltr'>τῆς</span> <span class='ocrx_word' id='word_1_526' title='bbox 1384 1486 1446 1521; x_wconf 84' lang='grc' dir='ltr'><strong>γῆς.</strong></span> <span class='ocrx_word' id='word_1_527' title='bbox 1468 1485 1500 1513; x_wconf 77' lang='grc' dir='ltr'><strong>Εἰ</strong></span> <span class='ocrx_word' id='word_1_528' title='bbox 1520 1485 1610 1512; x_wconf 78' lang='grc' dir='ltr'><strong>τοίνυν</strong></span> <span class='ocrx_word' id='word_1_529' title='bbox 1630 1484 1746 1512; x_wconf 71' lang='grc' dir='ltr'>ἕκαστον</span> <span class='ocrx_word' id='word_1_530' title='bbox 1763 1484 1820 1510; x_wconf 84' lang='grc' dir='ltr'>τῶν</span> 
     </span>
    </p>
   </div>
   <div class='ocr_carea' id='block_1_74' title="bbox 1021 1531 1820 1567">
    <p class='ocr_par' dir='ltr' id='par_1_74' title="bbox 1021 1531 1820 1567">
     <span class='ocr_line' id='line_1_74' title="bbox 1021 1531 1820 1567; baseline -0.001 -10"><span class='ocrx_word' id='word_1_531' title='bbox 1021 1531 1174 1566; x_wconf 78' lang='grc' dir='ltr'><strong>εἰρημένων</strong></span> <span class='ocrx_word' id='word_1_532' title='bbox 1184 1531 1257 1558; x_wconf 79' lang='grc' dir='ltr'>θέλει</span> <span class='ocrx_word' id='word_1_533' title='bbox 1273 1532 1323 1566; x_wconf 76' lang='grc' dir='ltr'>μὲν</span> <span class='ocrx_word' id='word_1_534' title='bbox 1336 1532 1386 1558; x_wconf 81' lang='grc' dir='ltr'>ὅσα</span> <span class='ocrx_word' id='word_1_535' title='bbox 1402 1531 1528 1567; x_wconf 80' lang='grc' dir='ltr'>βούλεται</span> <span class='ocrx_word' id='word_1_536' title='bbox 1541 1531 1618 1563; x_wconf 68' lang='grc' dir='ltr'>Θεὸς,</span> <span class='ocrx_word' id='word_1_537' title='bbox 1632 1531 1732 1565; x_wconf 70' lang='grc' dir='ltr'>ἔστηκε</span> <span class='ocrx_word' id='word_1_538' title='bbox 1747 1531 1770 1557; x_wconf 78' lang='grc' dir='ltr'><strong>δ’</strong></span> <span class='ocrx_word' id='word_1_539' title='bbox 1788 1531 1820 1556; x_wconf 85' lang='lat' dir='ltr'><strong>tv</strong></span> 
     </span>
    </p>
   </div>
   <div class='ocr_carea' id='block_1_75' title="bbox 1017 1575 1820 1612">
    <p class='ocr_par' dir='ltr' id='par_1_75' title="bbox 1017 1575 1820 1612">
     <span class='ocr_line' id='line_1_75' title="bbox 1017 1575 1820 1612; baseline 0.001 -10"><span class='ocrx_word' id='word_1_540' title='bbox 1017 1576 1115 1611; x_wconf 84' lang='grc' dir='ltr'>τούτῳ,</span> <span class='ocrx_word' id='word_1_541' title='bbox 1132 1576 1179 1603; x_wconf 77' lang='grc' dir='ltr'><strong>καὶ</strong></span> <span class='ocrx_word' id='word_1_542' title='bbox 1204 1576 1285 1608; x_wconf 77' lang='grc' dir='ltr'>σώζει</span> <span class='ocrx_word' id='word_1_543' title='bbox 1307 1576 1358 1611; x_wconf 77' lang='grc' dir='ltr'>τὴν</span> <span class='ocrx_word' id='word_1_544' title='bbox 1381 1577 1487 1603; x_wconf 75' lang='grc' dir='ltr'><strong>οἰκείαν</strong></span> <span class='ocrx_word' id='word_1_545' title='bbox 1509 1576 1607 1612; x_wconf 78' lang='grc' dir='ltr'>ἀρχὴν,</span> <span class='ocrx_word' id='word_1_546' title='bbox 1628 1576 1675 1603; x_wconf 80' lang='grc' dir='ltr'><strong>καὶ</strong></span> <span class='ocrx_word' id='word_1_547' title='bbox 1697 1575 1820 1611; x_wconf 70' lang='grc' dir='ltr'>οὐδαμοῦ</span> 
     </span>
    </p>
   </div>
   <div class='ocr_carea' id='block_1_76' title="bbox 1017 1621 1820 1657">
    <p class='ocr_par' dir='ltr' id='par_1_76' title="bbox 1017 1621 1820 1657">
     <span class='ocr_line' id='line_1_76' title="bbox 1017 1621 1820 1657; baseline -0.002 -9"><span class='ocrx_word' id='word_1_548' title='bbox 1017 1622 1143 1656; x_wconf 76' lang='grc' dir='ltr'>φαίνεται</span> <span class='ocrx_word' id='word_1_549' title='bbox 1165 1623 1225 1654; x_wconf 80' lang='grc' dir='ltr'>ταῖς</span> <span class='ocrx_word' id='word_1_550' title='bbox 1248 1621 1295 1648; x_wconf 77' lang='grc' dir='ltr'>τοῦ</span> <span class='ocrx_word' id='word_1_551' title='bbox 1324 1621 1388 1648; x_wconf 84' lang='grc' dir='ltr'><strong>Υἱοῠ</strong></span> <span class='ocrx_word' id='word_1_552' title='bbox 1414 1622 1586 1657; x_wconf 74' lang='grc' dir='ltr'><strong>κεχρημένον</strong></span> <span class='ocrx_word' id='word_1_553' title='bbox 1614 1622 1736 1656; x_wconf 81' lang='grc' dir='ltr'>φωναῖς,</span> <span class='ocrx_word' id='word_1_554' title='bbox 1757 1621 1820 1655; x_wconf 66' lang='grc' dir='ltr'>οὐχὶ</span> 
     </span>
    </p>
   </div>
   <div class='ocr_carea' id='block_1_77' title="bbox 1017 1665 1819 1703">
    <p class='ocr_par' dir='ltr' id='par_1_77' title="bbox 1017 1665 1819 1703">
     <span class='ocr_line' id='line_1_77' title="bbox 1017 1665 1819 1703; baseline -0.002 -9"><span class='ocrx_word' id='word_1_555' title='bbox 1017 1668 1163 1703; x_wconf 69' lang='grc' dir='ltr'>συμφωνία</span> <span class='ocrx_word' id='word_1_556' title='bbox 1177 1667 1228 1703; x_wconf 83' lang='grc' dir='ltr'><strong>τῆς</strong></span> <span class='ocrx_word' id='word_1_557' title='bbox 1248 1667 1372 1702; x_wconf 81' lang='grc' dir='ltr'><strong>γνώμης,</strong></span> <span class='ocrx_word' id='word_1_558' title='bbox 1386 1667 1446 1694; x_wconf 68' lang='grc' dir='ltr'>οὐδὲ</span> <span class='ocrx_word' id='word_1_559' title='bbox 1460 1667 1491 1694; x_wconf 79' lang='grc' dir='ltr'>τὸ</span> <span class='ocrx_word' id='word_1_560' title='bbox 1513 1667 1658 1702; x_wconf 76' lang='grc' dir='ltr'>βούλεσθαι</span> <span class='ocrx_word' id='word_1_561' title='bbox 1678 1667 1712 1694; x_wconf 76' lang='grc' dir='ltr'>τὰ</span> <span class='ocrx_word' id='word_1_562' title='bbox 1731 1665 1819 1700; x_wconf 75' lang='grc' dir='ltr'>αὑτὰ,</span> 
     </span>
    </p>
   </div>
   <div class='ocr_carea' id='block_1_78' title="bbox 1016 1709 1821 1749">
    <p class='ocr_par' dir='ltr' id='par_1_78' title="bbox 1016 1709 1821 1749">
     <span class='ocr_line' id='line_1_78' title="bbox 1016 1709 1821 1749; baseline -0.001 -10"><span class='ocrx_word' id='word_1_563' title='bbox 1016 1713 1135 1740; x_wconf 80' lang='grc' dir='ltr'><strong>δεικνύει</strong></span> <span class='ocrx_word' id='word_1_564' title='bbox 1148 1713 1193 1740; x_wconf 79' lang='grc' dir='ltr'>τὸν</span> <span class='ocrx_word' id='word_1_565' title='bbox 1210 1713 1273 1740; x_wconf 79' lang='grc' dir='ltr'><strong>Υῑὺν</strong></span> <span class='ocrx_word' id='word_1_566' title='bbox 1291 1714 1320 1739; x_wconf 91' lang='lat' dir='ltr'><strong>tv</strong></span> <span class='ocrx_word' id='word_1_567' title='bbox 1338 1713 1425 1748; x_wconf 81' lang='grc' dir='ltr'>Πατρὶ</span> <span class='ocrx_word' id='word_1_568' title='bbox 1439 1713 1486 1739; x_wconf 78' lang='grc' dir='ltr'><strong>καὶ</strong></span> <span class='ocrx_word' id='word_1_569' title='bbox 1500 1713 1546 1740; x_wconf 76' lang='grc' dir='ltr'>τὸν</span> <span class='ocrx_word' id='word_1_570' title='bbox 1559 1709 1671 1749; x_wconf 71' lang='grc' dir='ltr'>Πατέρα</span> <span class='ocrx_word' id='word_1_571' title='bbox 1687 1712 1769 1740; x_wconf 76' lang='grc' dir='ltr'>πάλιν</span> <span class='ocrx_word' id='word_1_572' title='bbox 1787 1712 1821 1738; x_wconf 83' lang='lat' dir='ltr'><strong>tv</strong></span> 
     </span>
    </p>
   </div>
   <div class='ocr_carea' id='block_1_79' title="bbox 1018 1757 1819 1795">
    <p class='ocr_par' dir='ltr' id='par_1_79' title="bbox 1018 1757 1819 1795">
     <span class='ocr_line' id='line_1_79' title="bbox 1018 1757 1819 1795; baseline 0 -11"><span class='ocrx_word' id='word_1_573' title='bbox 1018 1759 1085 1794; x_wconf 84' lang='grc' dir='ltr'><strong>Υὶῷ,</strong></span> <span class='ocrx_word' id='word_1_574' title='bbox 1100 1759 1185 1795; x_wconf 79' lang='grc' dir='ltr'>ἀλλ“ἡ</span> <span class='ocrx_word' id='word_1_575' title='bbox 1200 1759 1248 1794; x_wconf 84' lang='grc' dir='ltr'>τῆς</span> <span class='ocrx_word' id='word_1_576' title='bbox 1268 1758 1361 1790; x_wconf 57' lang='lat' dir='ltr'><strong>obvia;</strong></span> <span class='ocrx_word' id='word_1_577' title='bbox 1383 1759 1595 1793; x_wconf 68' lang='grc' dir='ltr'>ἀπαράλλακτος</span> <span class='ocrx_word' id='word_1_578' title='bbox 1611 1758 1752 1795; x_wconf 73' lang='grc' dir='ltr'><strong>ὁμοιότης,</strong></span> <span class='ocrx_word' id='word_1_579' title='bbox 1768 1757 1819 1784; x_wconf 79' lang='grc' dir='ltr'>καὶ</span> 
     </span>
    </p>
   </div>
   <div class='ocr_carea' id='block_1_80' title="bbox 1019 1805 1727 1841">
    <p class='ocr_par' dir='ltr' id='par_1_80' title="bbox 1019 1805 1727 1841">
     <span class='ocr_line' id='line_1_80' title="bbox 1019 1805 1727 1841; baseline 0 -10"><span class='ocrx_word' id='word_1_580' title='bbox 1019 1806 1036 1840; x_wconf 83' lang='grc' dir='ltr'><strong>ἡ</strong></span> <span class='ocrx_word' id='word_1_581' title='bbox 1049 1805 1180 1841; x_wconf 79' lang='grc' dir='ltr'><strong>ταυτότης</strong></span> <span class='ocrx_word' id='word_1_582' title='bbox 1194 1805 1245 1840; x_wconf 76' lang='grc' dir='ltr'><strong>τῆς</strong></span> <span class='ocrx_word' id='word_1_583' title='bbox 1263 1805 1334 1832; x_wconf 78' lang='grc' dir='ltr'>κατὰ</span> <span class='ocrx_word' id='word_1_584' title='bbox 1349 1805 1430 1839; x_wconf 86' lang='grc' dir='ltr'>φύσιν</span> <span class='ocrx_word' id='word_1_585' title='bbox 1449 1805 1592 1839; x_wconf 81' lang='grc' dir='ltr'>ἰδιότητος.</span> <span class='ocrx_word' id='word_1_586' title='bbox 1721 1820 1727 1823; x_wconf 85' lang='grc'><strong><em>-</em></strong></span> 
     </span>
    </p>
   </div>
   <div class='ocr_carea' id='block_1_81' title="bbox 1359 1862 1462 1888">
    <p class='ocr_par' dir='ltr' id='par_1_81' title="bbox 1359 1862 1462 1888">
     <span class='ocr_line' id='line_1_81' title="bbox 1359 1862 1462 1888; baseline 0 0"><span class='ocrx_word' id='word_1_587' title='bbox 1359 1862 1462 1888; x_wconf 85' lang='grc' dir='ltr'><strong>ΔΛΛΟ.</strong></span> 
     </span>
    </p>
   </div>
   <div class='ocr_carea' id='block_1_82' title="bbox 1061 1918 1820 1955">
    <p class='ocr_par' dir='ltr' id='par_1_82' title="bbox 1061 1918 1820 1955">
     <span class='ocr_line' id='line_1_82' title="bbox 1061 1918 1820 1955; baseline 0.001 -10"><span class='ocrx_word' id='word_1_588' title='bbox 1061 1918 1170 1954; x_wconf 78' lang='grc' dir='ltr'><strong>Ἐπειδὴ</strong></span> <span class='ocrx_word' id='word_1_589' title='bbox 1199 1918 1326 1954; x_wconf 76' lang='grc' dir='ltr'>μένουσιν</span> <span class='ocrx_word' id='word_1_590' title='bbox 1350 1918 1501 1954; x_wconf 79' lang='grc' dir='ltr'>ἀκλόνητον</span> <span class='ocrx_word' id='word_1_591' title='bbox 1519 1918 1630 1954; x_wconf 78' lang='grc' dir='ltr'>ἔχοντες</span> <span class='ocrx_word' id='word_1_592' title='bbox 1647 1918 1698 1955; x_wconf 78' lang='grc' dir='ltr'>τὴν</span> <span class='ocrx_word' id='word_1_593' title='bbox 1721 1919 1820 1946; x_wconf 79' lang='grc' dir='ltr'><strong>στάσιν</strong></span> 
     </span>
    </p>
   </div>
   <div class='ocr_carea' id='block_1_83' title="bbox 1020 1959 1820 2001">
    <p class='ocr_par' dir='ltr' id='par_1_83' title="bbox 1020 1959 1820 2001">
     <span class='ocr_line' id='line_1_83' title="bbox 1020 1959 1820 2001; baseline 0.001 -10"><span class='ocrx_word' id='word_1_594' title='bbox 1020 1964 1067 1991; x_wconf 74' lang='grc' dir='ltr'>καὶ</span> <span class='ocrx_word' id='word_1_595' title='bbox 1092 1964 1225 1997; x_wconf 74' lang='grc' dir='ltr'>σώζοντες</span> <span class='ocrx_word' id='word_1_596' title='bbox 1251 1965 1302 2000; x_wconf 83' lang='grc' dir='ltr'><strong>τὴν</strong></span> <span class='ocrx_word' id='word_1_597' title='bbox 1328 1959 1442 1992; x_wconf 74' lang='grc' dir='ltr'>οἰκείαν“</span> <span class='ocrx_word' id='word_1_598' title='bbox 1457 1965 1545 2001; x_wconf 79' lang='grc' dir='ltr'>ἀρχὴν</span> <span class='ocrx_word' id='word_1_599' title='bbox 1571 1965 1698 2000; x_wconf 80' lang='grc' dir='ltr'>Ἀγγελοί</span> <span class='ocrx_word' id='word_1_600' title='bbox 1717 1974 1747 1993; x_wconf 78' lang='grc' dir='ltr'>τε</span> <span class='ocrx_word' id='word_1_601' title='bbox 1770 1965 1820 1993; x_wconf 81' lang='grc' dir='ltr'>καὶ</span> 
     </span>
    </p>
   </div>
   <div class='ocr_carea' id='block_1_84' title="bbox 1027 2010 1819 2047">
    <p class='ocr_par' dir='ltr' id='par_1_84' title="bbox 1027 2010 1819 2047">
     <span class='ocr_line' id='line_1_84' title="bbox 1027 2010 1819 2047; baseline 0.001 -10"><span class='ocrx_word' id='word_1_602' title='bbox 1027 2010 1217 2047; x_wconf 61' lang='grc' dir='ltr'><strong>Ἀρχάγγελοιν</strong></span> <span class='ocrx_word' id='word_1_603' title='bbox 1233 2011 1281 2038; x_wconf 68' lang='grc' dir='ltr'><strong>καὶ</strong></span> <span class='ocrx_word' id='word_1_604' title='bbox 1298 2011 1325 2038; x_wconf 75' lang='grc' dir='ltr'>αἱ</span> <span class='ocrx_word' id='word_1_605' title='bbox 1346 2010 1449 2038; x_wconf 85' lang='grc' dir='ltr'>τούτων</span> <span class='ocrx_word' id='word_1_606' title='bbox 1465 2011 1595 2046; x_wconf 73' lang='grc' dir='ltr'>ἀνωτέρω</span> <span class='ocrx_word' id='word_1_607' title='bbox 1610 2011 1720 2045; x_wconf 77' lang='grc' dir='ltr'><strong>λογικαὶ</strong></span> <span class='ocrx_word' id='word_1_608' title='bbox 1736 2011 1819 2038; x_wconf 79' lang='grc' dir='ltr'>διινᾶ-</span> 
     </span>
    </p>
   </div>
   <div class='ocr_carea' id='block_1_85' title="bbox 1022 2053 1819 2091">
    <p class='ocr_par' dir='ltr' id='par_1_85' title="bbox 1022 2053 1819 2091">
     <span class='ocr_line' id='line_1_85' title="bbox 1022 2053 1819 2091; baseline 0 -9"><span class='ocrx_word' id='word_1_609' title='bbox 1022 2064 1093 2091; x_wconf 79' lang='grc' dir='ltr'>μεις,</span> <span class='ocrx_word' id='word_1_610' title='bbox 1108 2055 1241 2091; x_wconf 77' lang='grc' dir='ltr'>πρόδηλον</span> <span class='ocrx_word' id='word_1_611' title='bbox 1281 2053 1415 2090; x_wconf 74' lang='grc' dir='ltr'><strong>δήπουθεν</strong></span> <span class='ocrx_word' id='word_1_612' title='bbox 1434 2055 1472 2087; x_wconf 78' lang='grc' dir='ltr'><strong>ὡς</strong></span> <span class='ocrx_word' id='word_1_613' title='bbox 1496 2056 1528 2082; x_wconf 89' lang='grc' dir='ltr'>οὺ</span> <span class='ocrx_word' id='word_1_614' title='bbox 1548 2055 1726 2088; x_wconf 69' lang='grc' dir='ltr'>στασιάζουσι</span> <span class='ocrx_word' id='word_1_615' title='bbox 1746 2055 1819 2082; x_wconf 77' lang='grc' dir='ltr'>κατὰ</span> 
     </span>
    </p>
   </div>
   <div class='ocr_carea' id='block_1_86' title="bbox 1019 2101 1819 2138">
    <p class='ocr_par' dir='ltr' id='par_1_86' title="bbox 1019 2101 1819 2138">
     <span class='ocr_line' id='line_1_86' title="bbox 1019 2101 1819 2138; baseline 0 -10"><span class='ocrx_word' id='word_1_616' title='bbox 1019 2101 1074 2129; x_wconf 82' lang='grc' dir='ltr'><strong>τῶν</strong></span> <span class='ocrx_word' id='word_1_617' title='bbox 1091 2101 1140 2128; x_wconf 82' lang='grc' dir='ltr'><strong>τοῦ</strong></span> <span class='ocrx_word' id='word_1_618' title='bbox 1156 2101 1224 2128; x_wconf 80' lang='grc' dir='ltr'><strong>Θεοῦ</strong></span> <span class='ocrx_word' id='word_1_619' title='bbox 1241 2101 1416 2138; x_wconf 76' lang='grc' dir='ltr'>θελημάτων,</span> <span class='ocrx_word' id='word_1_620' title='bbox 1433 2101 1490 2128; x_wconf 77' lang='grc' dir='ltr'>ἀλλ’</span> <span class='ocrx_word' id='word_1_621' title='bbox 1514 2101 1618 2128; x_wconf 66' lang='grc' dir='ltr'><strong>εἴκουσι</strong></span> <span class='ocrx_word' id='word_1_622' title='bbox 1633 2110 1663 2128; x_wconf 80' lang='grc' dir='ltr'>τε</span> <span class='ocrx_word' id='word_1_623' title='bbox 1681 2102 1730 2128; x_wconf 73' lang='grc' dir='ltr'><strong>καὶ</strong></span> <span class='ocrx_word' id='word_1_624' title='bbox 1749 2102 1819 2128; x_wconf 82' lang='grc' dir='ltr'><strong>ὑπο-</strong></span> 
     </span>
    </p>
   </div>
   <div class='ocr_carea' id='block_1_87' title="bbox 1020 2147 1820 2183">
    <p class='ocr_par' dir='ltr' id='par_1_87' title="bbox 1020 2147 1820 2183">
     <span class='ocr_line' id='line_1_87' title="bbox 1020 2147 1820 2183; baseline -0.001 -8"><span class='ocrx_word' id='word_1_625' title='bbox 1020 2148 1165 2175; x_wconf 81' lang='grc' dir='ltr'>τάσσονται</span> <span class='ocrx_word' id='word_1_626' title='bbox 1180 2148 1236 2179; x_wconf 81' lang='grc' dir='ltr'>τοῖς</span> <span class='ocrx_word' id='word_1_627' title='bbox 1251 2147 1299 2174; x_wconf 79' lang='grc' dir='ltr'><strong>τοῦ</strong></span> <span class='ocrx_word' id='word_1_628' title='bbox 1320 2147 1501 2183; x_wconf 71' lang='grc' dir='ltr'>πεποιηκότος</span> <span class='ocrx_word' id='word_1_629' title='bbox 1517 2148 1621 2182; x_wconf 82' lang='grc' dir='ltr'>νόμοις,</span> <span class='ocrx_word' id='word_1_630' title='bbox 1637 2148 1686 2174; x_wconf 72' lang='grc' dir='ltr'><strong>καὶ</strong></span> <span class='ocrx_word' id='word_1_631' title='bbox 1701 2147 1820 2182; x_wconf 70' lang='grc' dir='ltr'>σύμφω-</span> 
     </span>
    </p>
   </div>
   <div class='ocr_carea' id='block_1_88' title="bbox 1021 2192 1819 2229">
    <p class='ocr_par' dir='ltr' id='par_1_88' title="bbox 1021 2192 1819 2229">
     <span class='ocr_line' id='line_1_88' title="bbox 1021 2192 1819 2229; baseline -0.001 -10"><span class='ocrx_word' id='word_1_632' title='bbox 1021 2201 1066 2219; x_wconf 89' lang='grc' dir='ltr'><strong>νον</strong></span> <span class='ocrx_word' id='word_1_633' title='bbox 1083 2192 1177 2229; x_wconf 77' lang='grc' dir='ltr'>εχουσι</span> <span class='ocrx_word' id='word_1_634' title='bbox 1192 2192 1260 2228; x_wconf 81' lang='grc' dir='ltr'>πρὸς</span> <span class='ocrx_word' id='word_1_635' title='bbox 1277 2192 1344 2220; x_wconf 79' lang='grc' dir='ltr'>Θεὸν</span> <span class='ocrx_word' id='word_1_636' title='bbox 1354 2193 1405 2228; x_wconf 81' lang='grc' dir='ltr'>τὴν</span> <span class='ocrx_word' id='word_1_637' title='bbox 1421 2192 1545 2228; x_wconf 79' lang='grc' dir='ltr'>γνώμην,</span> <span class='ocrx_word' id='word_1_638' title='bbox 1559 2192 1597 2225; x_wconf 87' lang='grc' dir='ltr'><strong>ὡς</strong></span> <span class='ocrx_word' id='word_1_639' title='bbox 1616 2193 1706 2220; x_wconf 82' lang='grc' dir='ltr'>πάντα</span> <span class='ocrx_word' id='word_1_640' title='bbox 1721 2192 1819 2228; x_wconf 80' lang='grc' dir='ltr'><strong>βούλε-</strong></span> 
     </span>
    </p>
   </div>
   <div class='ocr_carea' id='block_1_89' title="bbox 1024 2238 1820 2275">
    <p class='ocr_par' dir='ltr' id='par_1_89' title="bbox 1024 2238 1820 2275">
     <span class='ocr_line' id='line_1_89' title="bbox 1024 2238 1820 2275; baseline 0 -9"><span class='ocrx_word' id='word_1_641' title='bbox 1024 2239 1086 2266; x_wconf 75' lang='grc' dir='ltr'>σθαί</span> <span class='ocrx_word' id='word_1_642' title='bbox 1104 2247 1133 2266; x_wconf 85' lang='grc' dir='ltr'>τε</span> <span class='ocrx_word' id='word_1_643' title='bbox 1145 2239 1193 2266; x_wconf 72' lang='grc' dir='ltr'><strong>καὶ</strong></span> <span class='ocrx_word' id='word_1_644' title='bbox 1206 2240 1293 2266; x_wconf 81' lang='grc' dir='ltr'>ποιεῖν</span> <span class='ocrx_word' id='word_1_645' title='bbox 1308 2239 1413 2275; x_wconf 71' lang='grc' dir='ltr'>ὅσαπερ</span> <span class='ocrx_word' id='word_1_646' title='bbox 1431 2238 1506 2275; x_wconf 83' lang='grc' dir='ltr'>αὺτῷ</span> <span class='ocrx_word' id='word_1_647' title='bbox 1522 2239 1604 2266; x_wconf 76' lang='grc' dir='ltr'><strong>δοκεῖ.</strong></span> <span class='ocrx_word' id='word_1_648' title='bbox 1626 2238 1705 2266; x_wconf 73' lang='grc' dir='ltr'>Οὕτω</span> <span class='ocrx_word' id='word_1_649' title='bbox 1727 2239 1820 2266; x_wconf 78' lang='grc' dir='ltr'>τοίνυν</span> 
     </span>
    </p>
   </div>
   <div class='ocr_carea' id='block_1_90' title="bbox 179 2284 967 2322">
    <p class='ocr_par' dir='ltr' id='par_1_90' title="bbox 179 2284 967 2320">
     <span class='ocr_line' id='line_1_90' title="bbox 179 2284 967 2320; baseline 0.001 -9"><span class='ocrx_word' id='word_1_650' title='bbox 179 2285 273 2312; x_wconf 93' lang='lat' dir='ltr'><strong>obrem</strong></span> <span class='ocrx_word' id='word_1_651' title='bbox 289 2284 360 2312; x_wconf 86' lang='lat' dir='ltr'><strong>solus</strong></span> <span class='ocrx_word' id='word_1_652' title='bbox 373 2285 457 2312; x_wconf 80' lang='lat' dir='ltr'><strong>Filius</strong></span> <span class='ocrx_word' id='word_1_653' title='bbox 475 2285 676 2320; x_wconf 79' lang='lat' dir='ltr'><strong>Uuigenitus,et</strong></span> <span class='ocrx_word' id='word_1_654' title='bbox 688 2284 803 2312; x_wconf 69' lang='lat' dir='ltr'><strong>Verbum</strong></span> <span class='ocrx_word' id='word_1_655' title='bbox 817 2293 848 2312; x_wconf 84' lang='lat' dir='ltr'><strong>ac</strong></span> <span class='ocrx_word' id='word_1_656' title='bbox 863 2286 967 2319; x_wconf 79' lang='lat' dir='ltr'><strong>sapien-</strong></span> 
     </span>
    </p>
   </div>
   <div class='ocr_carea' id='block_1_91' title="bbox 1044 2284 1818 2322">
    <p class='ocr_par' dir='ltr' id='par_1_91' title="bbox 1044 2285 1818 2322">
     <span class='ocr_line' id='line_1_91' title="bbox 1044 2285 1818 2322; baseline 0.001 -10"><span class='ocrx_word' id='word_1_657' title='bbox 1044 2293 1132 2320; x_wconf 76' lang='grc' dir='ltr'>(οντος</span> <span class='ocrx_word' id='word_1_658' title='bbox 1147 2285 1238 2318; x_wconf 80' lang='grc' dir='ltr'><strong>τοῦδε,</strong></span> <span class='ocrx_word' id='word_1_659' title='bbox 1257 2286 1305 2312; x_wconf 73' lang='grc' dir='ltr'>καὶ</span> <span class='ocrx_word' id='word_1_660' title='bbox 1327 2285 1594 2321; x_wconf 78' lang='grc' dir='ltr'>συνομολογονμένου</span> <span class='ocrx_word' id='word_1_661' title='bbox 1619 2286 1696 2322; x_wconf 84' lang='grc' dir='ltr'>παρὰ</span> <span class='ocrx_word' id='word_1_662' title='bbox 1721 2287 1818 2319; x_wconf 78' lang='grc' dir='ltr'>πᾶσιν,</span> 
     </span>
    </p>
   </div>
   <div class='ocr_carea' id='block_1_92' title="bbox 181 2329 969 2366">
    <p class='ocr_par' dir='ltr' id='par_1_92' title="bbox 181 2329 969 2366">
     <span class='ocr_line' id='line_1_92' title="bbox 181 2329 969 2366; baseline 0.003 -9"><span class='ocrx_word' id='word_1_663' title='bbox 181 2329 218 2357; x_wconf 90' lang='lat' dir='ltr'><strong>tia</strong></span> <span class='ocrx_word' id='word_1_664' title='bbox 230 2331 291 2358; x_wconf 81' lang='lat' dir='ltr'><strong>est?</strong></span> <span class='ocrx_word' id='word_1_665' title='bbox 311 2330 461 2366; x_wconf 83' lang='lat' dir='ltr'><strong>Oportebat</strong></span> <span class='ocrx_word' id='word_1_666' title='bbox 480 2332 552 2359; x_wconf 89' lang='lat' dir='ltr'><strong>enim</strong></span> <span class='ocrx_word' id='word_1_667' title='bbox 565 2331 695 2366; x_wconf 80' lang='lat' dir='ltr'><strong>profecto,</strong></span> <span class='ocrx_word' id='word_1_668' title='bbox 714 2332 736 2359; x_wconf 88' lang='lat' dir='ltr'><strong>si</strong></span> <span class='ocrx_word' id='word_1_669' title='bbox 768 2332 802 2358; x_wconf 88' lang='lat' dir='ltr'><strong>ob</strong></span> <span class='ocrx_word' id='word_1_670' title='bbox 817 2331 843 2359; x_wconf 87' lang='lat' dir='ltr'><strong>id</strong></span> <span class='ocrx_word' id='word_1_671' title='bbox 869 2332 969 2359; x_wconf 83' lang='lat' dir='ltr'><strong>dicitur</strong></span> 
     </span>
    </p>
   </div>
   <div class='ocr_carea' id='block_1_93' title="bbox 181 2375 969 2413">
    <p class='ocr_par' dir='ltr' id='par_1_93' title="bbox 181 2375 969 2413">
     <span class='ocr_line' id='line_1_93' title="bbox 181 2375 969 2413; baseline 0.006 -11"><span class='ocrx_word' id='word_1_672' title='bbox 181 2375 353 2411; x_wconf 76' lang='lat' dir='ltr'><strong>Unigenitus,</strong></span> <span class='ocrx_word' id='word_1_673' title='bbox 364 2381 391 2404; x_wconf 90' lang='lat' dir='ltr'><strong>et</strong></span> <span class='ocrx_word' id='word_1_674' title='bbox 403 2377 548 2411; x_wconf 83' lang='lat' dir='ltr'><strong>sapientia,</strong></span> <span class='ocrx_word' id='word_1_675' title='bbox 575 2381 603 2404; x_wconf 85' lang='lat' dir='ltr'><strong>et</strong></span> <span class='ocrx_word' id='word_1_676' title='bbox 632 2376 760 2410; x_wconf 78' lang='lat' dir='ltr'><strong>Verbum,</strong></span> <span class='ocrx_word' id='word_1_677' title='bbox 788 2378 852 2413; x_wconf 83' lang='lat' dir='ltr'><strong>quia</strong></span> <span class='ocrx_word' id='word_1_678' title='bbox 879 2379 969 2407; x_wconf 84' lang='lat' dir='ltr'><strong>omnia</strong></span> 
     </span>
    </p>
   </div>
   <div class='ocr_carea' id='block_1_94' title="bbox 179 2422 969 2458">
    <p class='ocr_par' dir='ltr' id='par_1_94' title="bbox 179 2422 969 2458">
     <span class='ocr_line' id='line_1_94' title="bbox 179 2422 969 2458; baseline 0.005 -10"><span class='ocrx_word' id='word_1_679' title='bbox 179 2430 241 2457; x_wconf 68' lang='lat' dir='ltr'><strong>qua:</strong></span> <span class='ocrx_word' id='word_1_680' title='bbox 257 2422 314 2449; x_wconf 89' lang='lat' dir='ltr'><strong>vult</strong></span> <span class='ocrx_word' id='word_1_681' title='bbox 333 2422 425 2454; x_wconf 83' lang='lat' dir='ltr'><strong>Pater,</strong></span> <span class='ocrx_word' id='word_1_682' title='bbox 440 2423 496 2450; x_wconf 87' lang='lat' dir='ltr'><strong>vult</strong></span> <span class='ocrx_word' id='word_1_683' title='bbox 513 2429 539 2450; x_wconf 87' lang='lat' dir='ltr'><strong>et</strong></span> <span class='ocrx_word' id='word_1_684' title='bbox 554 2424 621 2458; x_wconf 84' lang='lat' dir='ltr'><strong>ipsc.</strong></span> <span class='ocrx_word' id='word_1_685' title='bbox 639 2423 757 2458; x_wconf 86' lang='lat' dir='ltr'><strong>reliquas</strong></span> <span class='ocrx_word' id='word_1_686' title='bbox 780 2424 861 2451; x_wconf 85' lang='lat' dir='ltr'><strong>etiam</strong></span> <span class='ocrx_word' id='word_1_687' title='bbox 885 2425 969 2452; x_wconf 85' lang='lat' dir='ltr'><strong>ratio-</strong></span> 
     </span>
    </p>
   </div>
   <div class='ocr_carea' id='block_1_95' title="bbox 181 2468 971 2505">
    <p class='ocr_par' dir='ltr' id='par_1_95' title="bbox 181 2468 971 2505">
     <span class='ocr_line' id='line_1_95' title="bbox 181 2468 971 2505; baseline 0.005 -10"><span class='ocrx_word' id='word_1_688' title='bbox 181 2468 258 2496; x_wconf 84' lang='lat' dir='ltr'><strong>nales</strong></span> <span class='ocrx_word' id='word_1_689' title='bbox 272 2473 414 2496; x_wconf 80' lang='lat' dir='ltr'><strong>crealuras</strong></span> <span class='ocrx_word' id='word_1_690' title='bbox 442 2469 511 2496; x_wconf 84' lang='lat' dir='ltr'><strong>idem</strong></span> <span class='ocrx_word' id='word_1_691' title='bbox 537 2477 608 2502; x_wconf 85' lang='lat' dir='ltr'><strong>csse,</strong></span> <span class='ocrx_word' id='word_1_692' title='bbox 640 2469 788 2505; x_wconf 85' lang='lat' dir='ltr'><strong>iisdemque</strong></span> <span class='ocrx_word' id='word_1_693' title='bbox 818 2471 971 2499; x_wconf 87' lang='lat' dir='ltr'><strong>nominibus</strong></span> 
     </span>
    </p>
   </div>
   <div class='ocr_carea' id='block_1_96' title="bbox 181 2514 969 2550">
    <p class='ocr_par' dir='ltr' id='par_1_96' title="bbox 181 2514 969 2550">
     <span class='ocr_line' id='line_1_96' title="bbox 181 2514 969 2550; baseline 0.005 -10"><span class='ocrx_word' id='word_1_694' title='bbox 181 2514 240 2541; x_wconf 83' lang='lat' dir='ltr'><strong>illas</strong></span> <span class='ocrx_word' id='word_1_695' title='bbox 260 2514 400 2549; x_wconf 85' lang='lat' dir='ltr'><strong>appellari,</strong></span> <span class='ocrx_word' id='word_1_696' title='bbox 421 2515 519 2549; x_wconf 76' lang='lat' dir='ltr'><strong>quibus</strong></span> <span class='ocrx_word' id='word_1_697' title='bbox 536 2515 625 2542; x_wconf 84' lang='lat' dir='ltr'><strong>Filius.</strong></span> <span class='ocrx_word' id='word_1_698' title='bbox 643 2516 671 2543; x_wconf 87' lang='lat' dir='ltr'><strong>Si</strong></span> <span class='ocrx_word' id='word_1_699' title='bbox 694 2523 759 2544; x_wconf 86' lang='lat' dir='ltr'><strong>vero</strong></span> <span class='ocrx_word' id='word_1_700' title='bbox 778 2516 849 2544; x_wconf 89' lang='lat' dir='ltr'><strong>nulla</strong></span> <span class='ocrx_word' id='word_1_701' title='bbox 867 2524 901 2544; x_wconf 73' lang='lat' dir='ltr'><strong>cx</strong></span> <span class='ocrx_word' id='word_1_702' title='bbox 925 2517 969 2550; x_wconf 86' lang='lat' dir='ltr'><strong>iis,</strong></span> 
     </span>
    </p>
   </div>
   <div class='ocr_carea' id='block_1_97' title="bbox 180 2559 970 2598">
    <p class='ocr_par' dir='ltr' id='par_1_97' title="bbox 180 2559 970 2598">
     <span class='ocr_line' id='line_1_97' title="bbox 180 2559 970 2598; baseline 0.005 -12"><span class='ocrx_word' id='word_1_703' title='bbox 180 2564 228 2588; x_wconf 85' lang='lat' dir='ltr'><strong>aut</strong></span> <span class='ocrx_word' id='word_1_704' title='bbox 237 2560 397 2595; x_wconf 73' lang='lat' dir='ltr'><strong>Unigenitus</strong></span> <span class='ocrx_word' id='word_1_705' title='bbox 405 2565 446 2587; x_wconf 87' lang='lat' dir='ltr'><strong>est</strong></span> <span class='ocrx_word' id='word_1_706' title='bbox 459 2559 554 2593; x_wconf 82' lang='lat' dir='ltr'><strong>Filius,</strong></span> <span class='ocrx_word' id='word_1_707' title='bbox 568 2565 614 2588; x_wconf 89' lang='lat' dir='ltr'><strong>aut</strong></span> <span class='ocrx_word' id='word_1_708' title='bbox 624 2561 751 2595; x_wconf 77' lang='lat' dir='ltr'><strong>Verbum,</strong></span> <span class='ocrx_word' id='word_1_709' title='bbox 765 2570 850 2597; x_wconf 84' lang='lat' dir='ltr'><strong>neque</strong></span> <span class='ocrx_word' id='word_1_710' title='bbox 866 2563 970 2598; x_wconf 86' lang='lat' dir='ltr'><strong>sapien-</strong></span> 
     </span>
    </p>
   </div>
   <div class='ocr_carea' id='block_1_98' title="bbox 183 2604 968 2644">
    <p class='ocr_par' dir='ltr' id='par_1_98' title="bbox 183 2604 968 2644">
     <span class='ocr_line' id='line_1_98' title="bbox 183 2604 968 2644; baseline 0.005 -12"><span class='ocrx_word' id='word_1_711' title='bbox 183 2605 230 2638; x_wconf 82' lang='lat' dir='ltr'><strong>tia,</strong></span> <span class='ocrx_word' id='word_1_712' title='bbox 245 2612 333 2639; x_wconf 87' lang='lat' dir='ltr'><strong>neque</strong></span> <span class='ocrx_word' id='word_1_713' title='bbox 358 2604 459 2636; x_wconf 90' lang='lat' dir='ltr'><strong>lumen,</strong></span> <span class='ocrx_word' id='word_1_714' title='bbox 490 2613 577 2641; x_wconf 85' lang='lat' dir='ltr'><strong>neque</strong></span> <span class='ocrx_word' id='word_1_715' title='bbox 608 2607 745 2642; x_wconf 83' lang='lat' dir='ltr'><strong>splendor,</strong></span> <span class='ocrx_word' id='word_1_716' title='bbox 771 2616 858 2644; x_wconf 85' lang='lat' dir='ltr'><strong>neque</strong></span> <span class='ocrx_word' id='word_1_717' title='bbox 873 2609 968 2642; x_wconf 80' lang='lat' dir='ltr'><strong>forma,</strong></span> 
     </span>
    </p>
   </div>
   <div class='ocr_carea' id='block_1_99' title="bbox 183 2651 971 2690">
    <p class='ocr_par' dir='ltr' id='par_1_99' title="bbox 183 2651 971 2690">
     <span class='ocr_line' id='line_1_99' title="bbox 183 2651 971 2690; baseline 0.006 -13"><span class='ocrx_word' id='word_1_718' title='bbox 183 2658 271 2684; x_wconf 80' lang='lat' dir='ltr'><strong>neque</strong></span> <span class='ocrx_word' id='word_1_719' title='bbox 298 2651 387 2684; x_wconf 72' lang='lat' dir='ltr'><strong>imago</strong></span> <span class='ocrx_word' id='word_1_720' title='bbox 418 2651 527 2686; x_wconf 84' lang='lat' dir='ltr'><strong>Patris,</strong></span> <span class='ocrx_word' id='word_1_721' title='bbox 560 2654 741 2682; x_wconf 77' lang='lat' dir='ltr'><strong>necessarium</strong></span> <span class='ocrx_word' id='word_1_722' title='bbox 771 2655 851 2690; x_wconf 84' lang='lat' dir='ltr'><strong>plane</strong></span> <span class='ocrx_word' id='word_1_723' title='bbox 875 2660 917 2682; x_wconf 89' lang='lat' dir='ltr'><strong>est</strong></span> <span class='ocrx_word' id='word_1_724' title='bbox 942 2660 971 2682; x_wconf 91' lang='lat' dir='ltr'><strong>ttt</strong></span> 
     </span>
    </p>
   </div>
   <div class='ocr_carea' id='block_1_100' title="bbox 183 2695 970 2736">
    <p class='ocr_par' dir='ltr' id='par_1_100' title="bbox 183 2695 970 2736">
     <span class='ocr_line' id='line_1_100' title="bbox 183 2695 970 2736; baseline 0.01 -15"><span class='ocrx_word' id='word_1_725' title='bbox 183 2695 440 2727; x_wconf 84' lang='lat' dir='ltr'><strong>sentiamus,Filium</strong></span> <span class='ocrx_word' id='word_1_726' title='bbox 455 2706 507 2726; x_wconf 89' lang='lat' dir='ltr'><strong>non</strong></span> <span class='ocrx_word' id='word_1_727' title='bbox 518 2706 576 2727; x_wconf 75' lang='lat' dir='ltr'><strong>eam</strong></span> <span class='ocrx_word' id='word_1_728' title='bbox 588 2699 622 2727; x_wconf 90' lang='lat' dir='ltr'><strong>ob</strong></span> <span class='ocrx_word' id='word_1_729' title='bbox 636 2708 744 2728; x_wconf 80' lang='lat' dir='ltr'><strong>causam</strong></span> <span class='ocrx_word' id='word_1_730' title='bbox 760 2701 859 2729; x_wconf 78' lang='lat' dir='ltr'><strong>dixisse</strong></span> <span class='ocrx_word' id='word_1_731' title='bbox 876 2709 883 2727; x_wconf 92' lang='lat'><strong>:</strong></span> <span class='ocrx_word' id='word_1_732' title='bbox 900 2701 970 2736; x_wconf 70' lang='lat' dir='ltr'><strong>«Ego</strong></span> 
     </span>
    </p>
   </div>
   <div class='ocr_carea' id='block_1_101' title="bbox 184 2740 970 2782">
    <p class='ocr_par' dir='ltr' id='par_1_101' title="bbox 184 2740 970 2782">
     <span class='ocr_line' id='line_1_101' title="bbox 184 2740 970 2782; baseline 0.01 -15"><span class='ocrx_word' id='word_1_733' title='bbox 184 2740 210 2768; x_wconf 92' lang='lat' dir='ltr'><strong>in</strong></span> <span class='ocrx_word' id='word_1_734' title='bbox 225 2740 315 2773; x_wconf 85' lang='lat' dir='ltr'><strong>Patre,</strong></span> <span class='ocrx_word' id='word_1_735' title='bbox 329 2746 357 2768; x_wconf 87' lang='lat' dir='ltr'><strong>ct</strong></span> <span class='ocrx_word' id='word_1_736' title='bbox 367 2741 446 2772; x_wconf 83' lang='lat' dir='ltr'><strong>Pater</strong></span> <span class='ocrx_word' id='word_1_737' title='bbox 462 2744 486 2772; x_wconf 92' lang='lat' dir='ltr'><strong>in</strong></span> <span class='ocrx_word' id='word_1_738' title='bbox 500 2753 557 2780; x_wconf 85' lang='lat' dir='ltr'><strong>me;</strong></span> <span class='ocrx_word' id='word_1_739' title='bbox 574 2755 582 2773; x_wconf 74' lang='grc' dir='ltr'>ι</span> <span class='ocrx_word' id='word_1_740' title='bbox 603 2752 630 2775; x_wconf 90' lang='lat' dir='ltr'><strong>ct</strong></span> <span class='ocrx_word' id='word_1_741' title='bbox 641 2754 747 2775; x_wconf 90' lang='lat' dir='ltr'><strong>rursum</strong></span> <span class='ocrx_word' id='word_1_742' title='bbox 763 2756 769 2774; x_wconf 73' lang='grc' dir='ltr'><strong>ε</strong></span> <span class='ocrx_word' id='word_1_743' title='bbox 789 2756 798 2773; x_wconf 85' lang='lat' dir='ltr'><strong>t</strong></span> <span class='ocrx_word' id='word_1_744' title='bbox 811 2747 865 2782; x_wconf 77' lang='lat' dir='ltr'><strong>Ego</strong></span> <span class='ocrx_word' id='word_1_745' title='bbox 879 2752 906 2775; x_wconf 88' lang='lat' dir='ltr'><strong>ct</strong></span> <span class='ocrx_word' id='word_1_746' title='bbox 920 2747 970 2775; x_wconf 78' lang='lat' dir='ltr'><strong>Pa—</strong></span> 
     </span>
    </p>
   </div>
   <div class='ocr_carea' id='block_1_102' title="bbox 219 2829 460 2866">
    <p class='ocr_par' dir='ltr' id='par_1_102' title="bbox 219 2829 460 2866">
     <span class='ocr_line' id='line_1_102' title="bbox 219 2829 460 2866; baseline 0.017 -10"><span class='ocrx_word' id='word_1_747' title='bbox 219 2829 243 2846; x_wconf 85' lang='lat'><strong><em>&quot;</em></strong></span> <span class='ocrx_word' id='word_1_748' title='bbox 255 2829 325 2858; x_wconf 80' lang='lat' dir='ltr'><strong>Psnl.</strong></span> <span class='ocrx_word' id='word_1_749' title='bbox 341 2838 400 2866; x_wconf 81' lang='lat' dir='ltr'><strong>cttt,</strong></span> <span class='ocrx_word' id='word_1_750' title='bbox 416 2833 460 2860; x_wconf 70' lang='lat'><strong>20.</strong></span> 
     </span>
    </p>
   </div>
   <div class='ocr_carea' id='block_1_103' title="bbox 1013 2332 1819 2368">
    <p class='ocr_par' dir='ltr' id='par_1_103' title="bbox 1013 2332 1819 2368">
     <span class='ocr_line' id='line_1_103' title="bbox 1013 2332 1819 2368; baseline 0 -9"><span class='ocrx_word' id='word_1_751' title='bbox 1013 2333 1082 2359; x_wconf 68' lang='grc' dir='ltr'><strong>ῧτου</strong></span> <span class='ocrx_word' id='word_1_752' title='bbox 1098 2332 1130 2368; x_wconf 83' lang='grc' dir='ltr'><strong>δὴ</strong></span> <span class='ocrx_word' id='word_1_753' title='bbox 1151 2333 1230 2368; x_wconf 80' lang='grc' dir='ltr'>χάριν</span> <span class='ocrx_word' id='word_1_754' title='bbox 1257 2332 1336 2368; x_wconf 79' lang='grc' dir='ltr'>μόνος</span> <span class='ocrx_word' id='word_1_755' title='bbox 1359 2333 1373 2359; x_wconf 81' lang='grc' dir='ltr'>ὁ</span> <span class='ocrx_word' id='word_1_756' title='bbox 1392 2332 1456 2364; x_wconf 67' lang='lat' dir='ltr'><strong>Tib;</strong></span> <span class='ocrx_word' id='word_1_757' title='bbox 1474 2333 1643 2367; x_wconf 72' lang='grc' dir='ltr'>Μονογενὴς,</span> <span class='ocrx_word' id='word_1_758' title='bbox 1664 2333 1713 2359; x_wconf 74' lang='grc' dir='ltr'><strong>καὶ</strong></span> <span class='ocrx_word' id='word_1_759' title='bbox 1729 2333 1819 2366; x_wconf 77' lang='grc' dir='ltr'>Λόγος</span> 
     </span>
    </p>
   </div>
   <div class='ocr_carea' id='block_1_104' title="bbox 1022 2378 1819 2415">
    <p class='ocr_par' dir='ltr' id='par_1_104' title="bbox 1022 2378 1819 2415">
     <span class='ocr_line' id='line_1_104' title="bbox 1022 2378 1819 2415; baseline -0.001 -10"><span class='ocrx_word' id='word_1_760' title='bbox 1022 2379 1069 2405; x_wconf 70' lang='grc' dir='ltr'><strong>καὶ</strong></span> <span class='ocrx_word' id='word_1_761' title='bbox 1089 2378 1171 2413; x_wconf 80' lang='grc' dir='ltr'>σοφία</span> <span class='ocrx_word' id='word_1_762' title='bbox 1185 2378 1276 2410; x_wconf 57' lang='lat' dir='ltr'><strong>tactv;</strong></span> <span class='ocrx_word' id='word_1_763' title='bbox 1294 2378 1366 2405; x_wconf 81' lang='grc' dir='ltr'>Ἔδει</span> <span class='ocrx_word' id='word_1_764' title='bbox 1385 2379 1449 2414; x_wconf 77' lang='grc' dir='ltr'><strong>γὰρ,</strong></span> <span class='ocrx_word' id='word_1_765' title='bbox 1474 2379 1554 2415; x_wconf 74' lang='grc' dir='ltr'>εἴπερ</span> <span class='ocrx_word' id='word_1_766' title='bbox 1568 2378 1652 2410; x_wconf 70' lang='grc' dir='ltr'>ὅντως</span> <span class='ocrx_word' id='word_1_767' title='bbox 1675 2379 1706 2405; x_wconf 74' lang='grc' dir='ltr'>τὸ</span> <span class='ocrx_word' id='word_1_768' title='bbox 1728 2378 1819 2405; x_wconf 81' lang='grc' dir='ltr'>θέλειν</span> 
     </span>
    </p>
   </div>
   <div class='ocr_carea' id='block_1_105' title="bbox 1022 2425 1819 2461">
    <p class='ocr_par' dir='ltr' id='par_1_105' title="bbox 1022 2425 1819 2461">
     <span class='ocr_line' id='line_1_105' title="bbox 1022 2425 1819 2461; baseline -0.001 -8"><span class='ocrx_word' id='word_1_769' title='bbox 1022 2425 1072 2453; x_wconf 83' lang='grc' dir='ltr'><strong>ὅσα</strong></span> <span class='ocrx_word' id='word_1_770' title='bbox 1096 2425 1144 2452; x_wconf 77' lang='grc' dir='ltr'>καὶ</span> <span class='ocrx_word' id='word_1_771' title='bbox 1165 2426 1180 2452; x_wconf 83' lang='grc' dir='ltr'><strong>ὁ</strong></span> <span class='ocrx_word' id='word_1_772' title='bbox 1205 2425 1299 2460; x_wconf 81' lang='grc' dir='ltr'>Πατὴρ</span> <span class='ocrx_word' id='word_1_773' title='bbox 1327 2425 1466 2460; x_wconf 80' lang='grc' dir='ltr'>βούλεται,</span> <span class='ocrx_word' id='word_1_774' title='bbox 1502 2427 1643 2461; x_wconf 82' lang='grc' dir='ltr'><strong>Μονογενῆ</strong></span> <span class='ocrx_word' id='word_1_775' title='bbox 1673 2425 1819 2452; x_wconf 81' lang='grc' dir='ltr'>καλεῖσθαι</span> 
     </span>
    </p>
   </div>
   <div class='ocr_carea' id='block_1_106' title="bbox 1024 2471 1818 2506">
    <p class='ocr_par' dir='ltr' id='par_1_106' title="bbox 1024 2471 1818 2506">
     <span class='ocr_line' id='line_1_106' title="bbox 1024 2471 1818 2506; baseline 0.001 -9"><span class='ocrx_word' id='word_1_776' title='bbox 1024 2472 1107 2503; x_wconf 82' lang='grc' dir='ltr'><strong>ποιεῖ,</strong></span> <span class='ocrx_word' id='word_1_777' title='bbox 1124 2471 1171 2498; x_wconf 70' lang='grc' dir='ltr'><strong>καὶ</strong></span> <span class='ocrx_word' id='word_1_778' title='bbox 1186 2471 1292 2505; x_wconf 78' lang='grc' dir='ltr'>σοφίαν,</span> <span class='ocrx_word' id='word_1_779' title='bbox 1313 2471 1359 2498; x_wconf 82' lang='grc' dir='ltr'><strong>καὶ</strong></span> <span class='ocrx_word' id='word_1_780' title='bbox 1375 2472 1470 2506; x_wconf 81' lang='grc' dir='ltr'>Λόγον,</span> <span class='ocrx_word' id='word_1_781' title='bbox 1485 2472 1532 2498; x_wconf 62' lang='grc' dir='ltr'>καὶ</span> <span class='ocrx_word' id='word_1_782' title='bbox 1553 2472 1609 2504; x_wconf 82' lang='grc' dir='ltr'>τοῖς</span> <span class='ocrx_word' id='word_1_783' title='bbox 1632 2471 1725 2504; x_wconf 84' lang='grc' dir='ltr'>ἄλλοις</span> <span class='ocrx_word' id='word_1_784' title='bbox 1740 2471 1818 2506; x_wconf 87' lang='grc' dir='ltr'>λογι-</span> 
     </span>
    </p>
   </div>
   <div class='ocr_carea' id='block_1_107' title="bbox 1025 2516 1818 2554">
    <p class='ocr_par' dir='ltr' id='par_1_107' title="bbox 1025 2516 1818 2554">
     <span class='ocr_line' id='line_1_107' title="bbox 1025 2516 1818 2554; baseline 0.001 -11"><span class='ocrx_word' id='word_1_785' title='bbox 1025 2517 1083 2550; x_wconf 80' lang='grc' dir='ltr'>κοῖς</span> <span class='ocrx_word' id='word_1_786' title='bbox 1098 2517 1230 2552; x_wconf 77' lang='grc' dir='ltr'>κτίσμασι</span> <span class='ocrx_word' id='word_1_787' title='bbox 1243 2516 1329 2544; x_wconf 83' lang='grc' dir='ltr'>ταῦτα</span> <span class='ocrx_word' id='word_1_788' title='bbox 1345 2517 1489 2553; x_wconf 82' lang='grc' dir='ltr'><strong>ὑπάρχειν,</strong></span> <span class='ocrx_word' id='word_1_789' title='bbox 1504 2517 1551 2544; x_wconf 71' lang='grc' dir='ltr'>καὶ</span> <span class='ocrx_word' id='word_1_790' title='bbox 1565 2517 1704 2550; x_wconf 76' lang='grc' dir='ltr'>τοσούτοις</span> <span class='ocrx_word' id='word_1_791' title='bbox 1717 2518 1818 2554; x_wconf 81' lang='grc' dir='ltr'>ὀνόμαο</span> 
     </span>
    </p>
   </div>
   <div class='ocr_carea' id='block_1_108' title="bbox 1024 2562 1816 2600">
    <p class='ocr_par' dir='ltr' id='par_1_108' title="bbox 1024 2562 1816 2600">
     <span class='ocr_line' id='line_1_108' title="bbox 1024 2562 1816 2600; baseline 0.003 -11"><span class='ocrx_word' id='word_1_792' title='bbox 1024 2571 1066 2590; x_wconf 88' lang='grc' dir='ltr'><strong>σιν</strong></span> <span class='ocrx_word' id='word_1_793' title='bbox 1083 2562 1279 2590; x_wconf 77' lang='grc' dir='ltr'><strong>ἁποκαλεϊσῦαι</strong></span> <span class='ocrx_word' id='word_1_794' title='bbox 1294 2563 1341 2590; x_wconf 74' lang='grc' dir='ltr'><strong>καὶ</strong></span> <span class='ocrx_word' id='word_1_795' title='bbox 1353 2564 1433 2596; x_wconf 79' lang='grc' dir='ltr'>αὐτὰ,</span> <span class='ocrx_word' id='word_1_796' title='bbox 1449 2564 1580 2600; x_wconf 78' lang='grc' dir='ltr'><strong>ὅσοισπερ</strong></span> <span class='ocrx_word' id='word_1_797' title='bbox 1605 2563 1638 2590; x_wconf 81' lang='grc' dir='ltr'>ἂν</span> <span class='ocrx_word' id='word_1_798' title='bbox 1654 2564 1701 2590; x_wconf 75' lang='grc' dir='ltr'><strong>καὶ</strong></span> <span class='ocrx_word' id='word_1_799' title='bbox 1713 2565 1727 2590; x_wconf 86' lang='grc' dir='ltr'>ὁ</span> <span class='ocrx_word' id='word_1_800' title='bbox 1740 2564 1816 2596; x_wconf 81' lang='grc' dir='ltr'>Υίός.</span> 
     </span>
    </p>
   </div>
   <div class='ocr_carea' id='block_1_109' title="bbox 1023 2608 1817 2645">
    <p class='ocr_par' dir='ltr' id='par_1_109' title="bbox 1023 2608 1817 2645">
     <span class='ocr_line' id='line_1_109' title="bbox 1023 2608 1817 2645; baseline 0.001 -11"><span class='ocrx_word' id='word_1_801' title='bbox 1023 2609 1054 2635; x_wconf 83' lang='grc' dir='ltr'><strong>Εἰ</strong></span> <span class='ocrx_word' id='word_1_802' title='bbox 1069 2608 1097 2635; x_wconf 82' lang='grc' dir='ltr'>δὲ</span> <span class='ocrx_word' id='word_1_803' title='bbox 1115 2608 1217 2635; x_wconf 76' lang='grc' dir='ltr'>τούτων</span> <span class='ocrx_word' id='word_1_804' title='bbox 1231 2608 1318 2640; x_wconf 79' lang='grc' dir='ltr'><strong>οὐδὲν,</strong></span> <span class='ocrx_word' id='word_1_805' title='bbox 1331 2608 1392 2635; x_wconf 65' lang='grc' dir='ltr'>οὔτε</span> <span class='ocrx_word' id='word_1_806' title='bbox 1407 2609 1564 2645; x_wconf 78' lang='grc' dir='ltr'>Μονογενής</span> <span class='ocrx_word' id='word_1_807' title='bbox 1580 2610 1653 2636; x_wconf 75' lang='grc' dir='ltr'>ἐστιν</span> <span class='ocrx_word' id='word_1_808' title='bbox 1664 2609 1741 2643; x_wconf 78' lang='grc' dir='ltr'><strong>Υἱὸς,</strong></span> <span class='ocrx_word' id='word_1_809' title='bbox 1753 2608 1817 2636; x_wconf 71' lang='grc' dir='ltr'><strong>οὔτε</strong></span> 
     </span>
    </p>
   </div>
   <div class='ocr_carea' id='block_1_110' title="bbox 1023 2654 1816 2691">
    <p class='ocr_par' dir='ltr' id='par_1_110' title="bbox 1023 2654 1816 2691">
     <span class='ocr_line' id='line_1_110' title="bbox 1023 2654 1816 2691; baseline 0 -9"><span class='ocrx_word' id='word_1_810' title='bbox 1023 2655 1118 2688; x_wconf 81' lang='grc' dir='ltr'><strong>Λόγος,</strong></span> <span class='ocrx_word' id='word_1_811' title='bbox 1128 2654 1188 2681; x_wconf 71' lang='grc' dir='ltr'>οὕτε</span> <span class='ocrx_word' id='word_1_812' title='bbox 1210 2655 1300 2690; x_wconf 70' lang='grc' dir='ltr'>σοφία,</span> <span class='ocrx_word' id='word_1_813' title='bbox 1311 2654 1373 2682; x_wconf 74' lang='grc' dir='ltr'>οὔτε</span> <span class='ocrx_word' id='word_1_814' title='bbox 1390 2654 1459 2690; x_wconf 77' lang='grc' dir='ltr'><strong>φῶς.</strong></span> <span class='ocrx_word' id='word_1_815' title='bbox 1475 2654 1537 2682; x_wconf 78' lang='grc' dir='ltr'>οὔτε</span> <span class='ocrx_word' id='word_1_816' title='bbox 1554 2655 1737 2691; x_wconf 74' lang='grc' dir='ltr'>ἀπαύγασμα.</span> <span class='ocrx_word' id='word_1_817' title='bbox 1753 2655 1816 2682; x_wconf 77' lang='grc' dir='ltr'>οὗτε</span> 
     </span>
    </p>
   </div>
   <div class='ocr_carea' id='block_1_111' title="bbox 1025 2700 1815 2737">
    <p class='ocr_par' dir='ltr' id='par_1_111' title="bbox 1025 2700 1815 2737">
     <span class='ocr_line' id='line_1_111' title="bbox 1025 2700 1815 2737; baseline 0.001 -10"><span class='ocrx_word' id='word_1_818' title='bbox 1025 2700 1126 2737; x_wconf 69' lang='grc' dir='ltr'>μορφὴ,</span> <span class='ocrx_word' id='word_1_819' title='bbox 1150 2700 1212 2728; x_wconf 73' lang='grc' dir='ltr'>οὔτε</span> <span class='ocrx_word' id='word_1_820' title='bbox 1236 2700 1317 2727; x_wconf 77' lang='grc' dir='ltr'>εἰκὼν</span> <span class='ocrx_word' id='word_1_821' title='bbox 1335 2700 1382 2728; x_wconf 77' lang='grc' dir='ltr'>τοῦ</span> <span class='ocrx_word' id='word_1_822' title='bbox 1408 2701 1525 2737; x_wconf 79' lang='grc' dir='ltr'>Πατρδς,</span> <span class='ocrx_word' id='word_1_823' title='bbox 1543 2702 1693 2736; x_wconf 84' lang='grc' dir='ltr'>ἀναγκαῖον</span> <span class='ocrx_word' id='word_1_824' title='bbox 1716 2701 1815 2729; x_wconf 77' lang='grc' dir='ltr'>εἰδέναι</span> 
     </span>
    </p>
   </div>
   <div class='ocr_carea' id='block_1_112' title="bbox 1024 2746 1814 2784">
    <p class='ocr_par' dir='ltr' id='par_1_112' title="bbox 1024 2746 1814 2784">
     <span class='ocr_line' id='line_1_112' title="bbox 1024 2746 1814 2784; baseline 0.001 -10"><span class='ocrx_word' id='word_1_825' title='bbox 1024 2747 1127 2782; x_wconf 80' lang='grc' dir='ltr'><strong>λοιπὸν,</strong></span> <span class='ocrx_word' id='word_1_826' title='bbox 1143 2747 1238 2783; x_wconf 74' lang='grc' dir='ltr'>ὅτιπερ</span> <span class='ocrx_word' id='word_1_827' title='bbox 1254 2746 1285 2775; x_wconf 65' lang='grc' dir='ltr'><strong>οὐ</strong></span> <span class='ocrx_word' id='word_1_828' title='bbox 1300 2746 1328 2774; x_wconf 64' lang='grc' dir='ltr'>τὸ</span> <span class='ocrx_word' id='word_1_829' title='bbox 1354 2746 1495 2783; x_wconf 62' lang='grc' dir='ltr'><strong>βούλεσθαι</strong></span> <span class='ocrx_word' id='word_1_830' title='bbox 1512 2747 1545 2775; x_wconf 74' lang='grc' dir='ltr'>τὰ</span> <span class='ocrx_word' id='word_1_831' title='bbox 1565 2747 1634 2775; x_wconf 74' lang='grc' dir='ltr'>αὐτὰ</span> <span class='ocrx_word' id='word_1_832' title='bbox 1659 2747 1698 2784; x_wconf 82' lang='grc' dir='ltr'><strong>τῷ</strong></span> <span class='ocrx_word' id='word_1_833' title='bbox 1715 2747 1814 2784; x_wconf 66' lang='grc' dir='ltr'>Πατρὶ.</span> 
     </span>
    </p>
   </div>
  </div>
