1904 3026
110 162 156 190 189

826 163 1042 192 THE-SMZRUS.

1686 170 1737 199 190

109 221 166 249 οὐδὲ
185 219 217 246 τὸ
235 218 302 254 μίαν
319 219 397 254 ἔχειν
421 220 489 255 πρὸς
510 219 592 247 αὐτὸν
613 221 664 256 τὴν
683 221 795 256 γνώμην
815 230 902 257 παρα-

955 227 994 249 ter
1006 230 1087 250 unum
1099 230 1193 251 sumus
1206 232 1212 251 :
1226 234 1235 251 ι
1249 224 1309 259 quia
1325 225 1417 253 eadem
1433 225 1490 253 vult
1501 233 1559 261 qum
1571 225 1737 259 Pater,eam-

112 266 234 298 σκευάζει
249 265 344 298 λέγειν
362 266 410 292 τὸν
429 266 509 292 Υἰόν·
529 275 538 291 ι
559 265 628 300 Ἐγὼ
643 267 672 293 ὲν
685 266 724 302 τῷ
740 268 835 302 Ila-cpt,
856 267 902 293 καὶ

113 315 126 340 ό
138 312 231 348 Πατὴρ
247 312 277 338 ἐν
295 312 373 347 ἐμοὶ,
393 322 402 338 ι
425 313 472 340 καὶ
486 312 582 340 πάλιν·
603 322 612 338 t
635 313 706 347 Ἐγὼ
717 314 763 339 καὶ
781 314 795 339 ὁ
809 312 904 348 Πατὴρ

113 359 140 385 ἓν
156 359 237 394 ἐσμεν
247 366 255 372 ·
275 367 285 384 ι
305 358 365 384 ἀλλ’
380 359 431 391 ὃτι,
443 359 492 394 τῆς
505 358 550 385 τοῦ
565 359 672 395 [Ia-trib;
686 359 780 390 οὐσίας
794 359 903 394 γνήσιον

115 405 243 440 ὑπάρχων
257 405 396 440 γέννημα,
414 404 492 440 φέρει
507 404 556 439 μὲν
570 405 598 430 ἐν
616 404 703 439 ἐαυτῷ
718 404 763 430 τὸν
782 404 903 440 Πατέρα,

112 450 236 485 φαίνεται
252 450 282 476 δὲ
305 451 354 477 καὶ
377 450 461 481 αὐτὸς
484 451 513 476 ἐν
530 450 627 485 Πατρί.
645 449 766 485 Κρατοίη
788 449 810 475 δ’
830 448 864 476 ἂν
890 449 904 475 ὁ

113 496 192 527 αὐτὸς
205 491 285 527 οὗτος
300 495 382 529 λόγος
400 495 448 522 καὶ
470 495 514 521 ἐπ’
536 493 687 530 ἀνθρώπων
705 495 800 529 ἁγίων,
815 491 854 525 οἷς
873 493 904 520 τὸ

113 541 270 568 ἀκολουθεῖν
293 542 351 573 τοῖς
374 541 458 573 Θείοις
481 541 615 577 θελήμασι
645 541 755 572 σκοπὸς,
779 540 827 566 καὶ
853 539 903 566 οὐκ

113 587 185 613 εστιν
199 587 305 614 εἰπεῖν’
323 597 333 614 ε
358 587 431 622 Ἐγὼ
456 587 485 614 ὲν
502 587 541 623 τῷ
559 586 665 623 "arpi:
674 587 723 614 καὶ
736 587 750 613 ὁ
766 585 860 623 Πατὴρ
874 586 903 613 ὲν

112 633 184 668 ἐμοί.
198 642 208 658 ι

459 688 560 716 AAAO.

234 743 281 777 Ὠς
298 743 333 776 ἐξ
348 743 528 777 ἀντιθέσεως
547 743 606 770 τῶν
620 743 786 778 αἱρετικῶν.

149 811 182 838 Εἰ
196 811 227 838 τὸ
246 811 399 844 καλεῖσθαι,
419 811 511 846 φασὶν,
527 811 591 838 Υίδν
605 812 654 838 καὶ
673 811 765 838 είκόνα
779 810 825 838 τοῦ
846 811 903 838 Πα-

113 858 188 893 τρὺς,
210 858 259 884 ἕνα
275 858 349 893 αὐτῷ
362 858 433 884 κατὰ
448 857 529 893 φύσιν
543 858 690 893 ὲργάζεται
705 857 752 884 τὸν
772 857 904 889 τοιούτοις

954 268 1068 304 demque
1084 269 1239 297 habetcum
1266 270 1344 298 Patre
1372 271 1454 298 animi
1485 272 1663 302 sententiam:
1689 273 1736 300 sed

952 314 1027 348 quia,
1045 320 1106 341 cum
1120 315 1155 342 sit
1166 322 1258 342 verum
1273 323 1304 343 ac
1324 316 1469 350 genuinum
1487 317 1611 344 essentite
1649 316 1737 344 Patris

953 367 1072 394 germen,
1093 360 1184 395 ipsein
1198 361 1342 388 sePatrem
1351 367 1448 396 gestat,
1477 362 1588 397 ipseque
1615 362 1736 389 vicissim

954 405 979 431 in
998 404 1077 433 Patre
1097 407 1226 433 cernitur.
1244 406 1328 435 Porro
1344 408 1437 435 eadem
1454 415 1560 441 quoque
1579 407 1647 434 ratio
1661 407 1734 434 obti-

953 455 1014 478 neat
1028 451 1054 478 in
1072 453 1173 480 sanctis
1188 453 1350 484 hominibus,
1362 461 1475 488 quorum
1489 460 1586 488 scopus
1598 458 1676 487 atque
1693 452 1736 479 in-

953 497 1076 524 stitutum
1091 505 1151 525 cum
1162 499 1199 526 sit
1215 499 1311 526 divinae
1325 499 1454 527 voluntati
1469 499 1589 532 obedire,
1614 500 1646 525 de
1670 499 1738 533 seip-

953 543 990 571 εἰς
1008 547 1096 571 tamen
1113 544 1204 572 dicere
1218 553 1271 573 non
1287 548 1422 579 possunt:
1441 554 1451 570 ‹
1466 544 1521 580 Ego
1543 544 1569 572 in
1603 544 1691 576 Patre,
1709 549 1738 571 et

952 589 1034 618 Pater
1046 589 1073 617 in
1090 597 1140 618 me.
1157 599 1168 617 ι

1292 689 1407 717 ALIUD.

1142 743 1184 771 Ex
1195 744 1337 779 objectione
1358 745 1549 772 hwrcticonlm.

989 812 1030 844 Si,
1047 812 1179 846 inquiunt,
1194 812 1257 847 quia
1270 816 1380 839 vocatur
1391 811 1475 838 Filius
1490 816 1516 838 et
1535 811 1623 845 imago
1637 809 1736 841 Patris.

955 866 1038 886 unum
1050 866 1111 886 cum
1125 858 1182 893 ipso
1199 858 1358 885 naturaliter
1372 857 1436 885 facit
1450 865 1511 885 etnn
1527 857 1572 892 qui
1590 857 1736 889 ejuscemo-

113 904 244 938 ὀνόμασιν
270 903 535 939 ἅποσεμνυνόμενον,
559 903 586 930 τί
619 902 736 930 κωλύσει
762 903 809 930 καὶ
830 902 903 937 ἡμᾶς

955 905 980 932 di
999 905 1153 932 nominibus
1165 904 1310 939 insignitus
1330 903 1461 938 est.quid
1479 903 1613 930 obstiterit
1633 903 1738 937 quomi-

115 950 277 986 ἀνθρώπους
301 950 391 984 ὄντας,
415 950 565 985 ἐπειδήπερ
590 950 637 976 καὶ
661 949 714 976 υἱοὶ
735 949 904 984 κεκλήμεθα,

114 996 161 1023 καὶ
176 997 238 1022 κατ’
259 995 352 1022 εἰκόνα
366 995 520 1031 γεγόναμεν
535 994 613 1028 Θεοῦ,
630 994 740 1030 ὁμοίους
759 992 828 1022 εἶναι
844 996 904 1022 κατ’

114 1041 208 1068 οὐσίαν
223 1040 298 1076 αὐτῷ
307 1050 316 1074 ;

359 1108 438 1144 Πρὸς
453 1109 540 1137 τοῦτο
555 1109 655 1142 λύσις.

155 1164 226 1191 Ἀλλ’
241 1165 308 1200 ἡμῖν
331 1165 392 1200 μὲν,
410 1162 432 1192 ὦ
449 1164 594 1200 βέλτιστοι,
608 1164 678 1192 κατὰ
698 1164 779 1200 χάριν
790 1172 797 1179 ⁸
815 1163 853 1200 τῷ
875 1164 904 1191 δὲ

116 1211 182 1238 Θεοῦ
198 1211 282 1246 Λόγῳ
296 1211 368 1238 κατὰ
381 1210 461 1245 φύσιν
475 1210 553 1237 τοῦτο
565 1211 693 1246 ὑπάρχει.
709 1210 764 1237 Καὶ
780 1210 843 1245 περ).
856 1210 904 1245 μὲν

116 1255 218 1283 ἐκείνου
236 1256 365 1290 λέγεταιο
384 1265 393 1282 t
411 1255 460 1287 Τίς
476 1255 567 1291 ὅμοιός
583 1263 624 1282 σοι
637 1255 666 1281 ὲν
680 1254 760 1287 θεοῖς,
777 1254 878 1290 Κύριε;
893 1264 901 1279 ι

116 1301 150 1333 ὡς
162 1301 212 1328 οὐκ
223 1301 387 1328 ἐπείσακτον
404 1299 521 1336 ἔχοντος,
531 1301 598 1328 ἀλλὰ
614 1301 726 1336 φυσικὸν
738 1300 769 1328 τὸ
784 1301 902 1336 ἀξίωμα.

116 1347 181 1384 Περὶ
201 1348 230 1374 δὲ
246 1347 343 1383 ἡμῶν·
364 1356 373 1373 ι
404 1347 476 1382 Ἐγὼ
496 1346 577 1374 εἶπα·
598 1347 659 1374 Θεοί
682 1348 753 1380 ἐπε,
779 1348 826 1374 καὶ
845 1347 904 1374 Υἱοὶ

123 1395 249 1429 Ὑψίστου
264 1394 376 1426 πάντες.
397 1403 406 1419 ι
429 1393 524 1428 Ὑμεῖς
539 1394 567 1420 δὲ
585 1393 617 1429 δὴ
632 1393 670 1425 ὡς
685 1393 820 1430 ἄνθρωποι
836 1393 904 1420 ἀπο-

118 1441 260 1475 θνήσκετε,
275 1440 324 1466 καὶ
339 1439 376 1471 ὡς
390 1436 431 1471 εἷς
447 1439 500 1467 τῶν
522 1439 659 1474 ἀρχόντων
676 1439 801 1466 πίπτετε.
823 1439 866 1470 Ὧς
880 1439 904 1464 εἰ

120 1486 156 1522 μὴ
176 1487 269 1514 πᾶσαν
279 1485 464 1521 ποιησαίμεθα
478 1485 595 1522 σπουδὴν
612 1485 652 1519 είς
670 1485 700 1513 τὸ
715 1484 905 1522 παραιτεῖσθαι

117 1533 146 1560 τὸ
158 1533 270 1568 φαῦλον,
288 1532 383 1568 ῥᾳδίως
402 1532 432 1564 ἐξ
447 1529 484 1559 ὧν
499 1532 649 1568 εἰλήφαμεν
666 1532 812 1559 ἀποπεσεῖν
830 1532 906 1559 δυνά-

956 957 1006 977 nus
1028 949 1109 977 etiam
1138 957 1187 977 nos
1205 949 1328 977 homines
1344 949 1388 984 qui
1406 948 1453 976 ﬁlii
1469 955 1597 975 vocamur
1607 948 1640 980 ³³,
1652 952 1678 975 et
1705 948 1738 974 ad

956 996 1098 1030 imaginem
1113 995 1159 1023 Dei
1175 995 1240 1023 facti
1250 1002 1353 1028 sumus,
1366 994 1468 1023 similes
1482 993 1506 1021 ei
1527 993 1676 1021 secundum
1692 1000 1722 1020 es

956 1042 1070 1070 sentiam
1083 1041 1186 1069 simus?

1184 1108 1288 1136 Salutio
1308 1108 1477 1144 objectionis.

988 1167 1023 1194 At
1037 1167 1125 1199 nobis,
1138 1166 1236 1199 oboni,
1254 1173 1302 1202 per
1311 1165 1427 1201 gratiam
1444 1174 1450 1191 :
1467 1163 1555 1191 Verbo
1579 1166 1668 1190 autem
1691 1161 1738 1189 Der

956 1215 980 1241 id
996 1215 1154 1241 naturaliter
1186 1214 1266 1241 inest.
1303 1213 1341 1240 At:
1362 1212 1396 1240 de
1427 1211 1473 1238 illo
1498 1211 1605 1245 quidem
1620 1209 1738 1237 dicitur:

957 1268 966 1285 ι
984 1259 1049 1293 Quis
1060 1260 1156 1287 similis
1173 1259 1220 1287 tibi
1239 1259 1265 1286 in
1278 1258 1339 1290 diis,
1350 1256 1515 1286 Domine“?
1544 1265 1553 1282 ι
1574 1255 1673 1290 quique
1694 1255 1740 1290 qui

955 1312 1007 1332 non
1023 1305 1149 1336 ascititia,
1166 1304 1214 1331 sed
1230 1303 1344 1330 naturali
1369 1302 1501 1337 dignitate
1535 1300 1664 1335 pragditus
1695 1299 1739 1326 sit.

957 1350 1036 1386 114
1045 1350 1082 1378 De
1098 1350 1175 1378 nobis
1189 1357 1272 1377 vero:
1298 1359 1307 1375 ‹
1329 1350 1384 1384 Ego
1398 1348 1451 1375 dixi
1468 1357 1475 1375 :
1502 1347 1541 1374 Dii
1563 1347 1639 1378 estis,
1654 1350 1681 1373 et
1693 1345 1739 1372 ﬁlii

955 1396 1058 1424 Excelsi
1072 1403 1175 1424 omnes.
1196 1395 1248 1422 Vos
1268 1399 1357 1422 autent
1372 1395 1441 1422 sicut
1461 1392 1586 1421 homines
1601 1391 1740 1419 moriemi-

955 1442 993 1474 ni,
1012 1446 1039 1469 et
1054 1442 1124 1469 sicut
1140 1448 1207 1468 unus
1227 1439 1379 1475 principum
1397 1438 1498 1466 cadetis
1511 1438 1544 1464 ".
1561 1447 1570 1464 ›
1591 1436 1647 1464 Nisi
1669 1437 1740 1464 enim

955 1494 1059 1516 summo
1070 1487 1158 1515 studio
1169 1486 1263 1515 vitium
1279 1485 1421 1522 fugiamus,
1438 1483 1515 1513 facile
1531 1483 1562 1512 iis
1574 1490 1634 1519 qua:
1659 1490 1741 1511 acce-

955 1534 1217 1568 pimusexcidemus.
1249 1533 1409 1567 Accepimus
1434 1536 1522 1558 autem
1554 1530 1679 1565 gratiam,
1711 1533 1742 1556 ut

119 1577 196 1613 μεθα.
224 1577 385 1612 Εἰλήφαμεν
405 1577 435 1604 δὲ
460 1578 531 1605 κατὰ
555 1578 635 1612 χάριν
649 1578 679 1604 τὺ
701 1578 840 1605 καλεῖσθαι
856 1578 903 1605 καὶ

957 1588 1083 1608 vocemur
1098 1580 1144 1607 ﬁlii
1156 1583 1183 1606 et
1199 1579 1233 1606 dii
1248 1588 1255 1606 :
1285 1586 1344 1613 quae
1359 1578 1467 1612 quidem
1483 1576 1644 1604 naturaliter
1674 1575 1741 1602 Filio

117 1622 168 1649 eiet
182 1622 231 1649 καὶ
243 1622 309 1654 Θεοὶ,
323 1622 340 1649 ἃ
352 1623 384 1658 δὴ
396 1623 519 1657 φυσικῶς
531 1623 661 1658 πρόσεστι
678 1623 717 1658 τῷ
731 1623 797 1658 Υἰῷ.
814 1623 903 1650 Εἰκὼν

117 1668 144 1694 δὲ
158 1668 241 1695 πάλιν
261 1668 466 1704 χρηματίζομεν
484 1668 563 1701 Θεοῦ,
584 1669 734 1704 ἐπειδήπερ
747 1669 797 1704 τὴν
812 1668 905 1704 ἀληοι‹

115 1713 164 1750 γὴν
179 1714 273 1740 εἰκόνα
288 1714 333 1740 τὸν
346 1714 432 1748 Λόγον
444 1714 526 1741 αὐτοῦ
546 1714 708 1750 ἐδεξάμεθα,
727 1714 775 1741 καὶ
795 1714 904 1750 ᾤκησεν

115 1760 144 1787 ὲν
158 1760 236 1794 ἡμῖν,
251 1759 268 1795 ἢ
292 1760 340 1786 καὶ
358 1760 388 1786 ὲν
402 1759 568 1791 τελευταίοις
587 1761 694 1795 καιροῖς
710 1760 904 1796 ἑνηνθρὼπησε

115 1806 157 1833 διὰ
170 1806 221 1842 τὴν
235 1806 375 1842 ἡμετέραν
390 1805 538 1842 σωτηρίαν.
552 1805 640 1842 Πολλή
653 1814 696 1837 τις
709 1803 756 1833 οὖν
777 1807 824 1832 καὶ
837 1806 905 1841 ἄμε-

114 1860 178 1887 τρος
195 1853 213 1887 ή
238 1851 366 1888 διαφορὰ,
392 1851 494 1887 μεταξύ
514 1860 543 1878 τε
566 1852 644 1887 ἡμῶν
667 1851 722 1878 τῶν
737 1852 809 1878 κατὰ
824 1852 904 1887 χάριν

115 1897 294 1933 κεκλημένων
315 1897 397 1930 υἱῶν,
421 1897 470 1924 καὶ
490 1897 538 1924 τοῦ
561 1897 633 1925 κατὰ
653 1897 735 1932 φύσιν
759 1897 836 1929 ὄντος
857 1898 905 1924 καὶ

115 1943 262 1979 ἀληθινῶς.
278 1942 334 1970 Καὶ
355 1942 473 1978 φλυαρία
490 1943 589 1979 μᾶλλον
603 1943 681 1979 ὑμῶν
703 1944 719 1978 ἡ
736 1943 867 1978 πρότασις
884 1943 900 1977 ἢ

113 1988 204 2024 νόημα
219 1988 356 2024 χρήσιμον
369 1988 512 2015 δέδεικται.

457 2045 560 2072 ΑΛΛΟ.

148 2102 180 2128 Εἰ
192 2101 296 2137 ταύτης
309 2101 391 2129 ἕνεκα
404 2103 451 2129 καὶ
467 2102 551 2137 μόνης
565 2103 614 2137 τῆς
629 2100 717 2133 αἰτίας
731 2100 822 2136 ὅμοιον
837 2097 904 2126 εἶναι

115 2147 152 2181 τῷ
168 2148 258 2182 Πατρί
281 2156 349 2182 φατε
371 2147 418 2174 τὸν
443 2147 518 2179 Υἱὺν,
544 2144 566 2174 ὦ
591 2147 779 2182 χριστομάχοι,
808 2145 848 2172 ὅτι
872 2145 904 2180 δὴ

116 2193 194 2219 πάνθ’
211 2193 263 2219 ὅσα
277 2193 402 2228 βούλεται
419 2193 434 2219 ὁ
450 2193 554 2229 Πατὴρ,
570 2192 654 2219 ταῦτα
677 2192 723 2218 καὶ
744 2190 836 2224 αὐτὸς,
855 2191 905 2217 οὐκ

115 2239 191 2267 ἔσται
208 2239 248 2275 τῷ
270 2239 360 2275 Harp).
375 2239 474 2275 μᾶλλον
494 2238 672 2275 προσεοικὼς,
692 2237 760 2265 ἀλλὰ
778 2238 834 2269 τοῖς
858 2236 904 2263 τοῦ

115 2286 222 2321 Πατρὺς
248 2286 395 2321 Θελήμασι,
421 2285 476 2313 Καὶ
502 2286 516 2312 ὁ
541 2286 590 2321 μὲν
613 2285 718 2320 Πατὴρ,
742 2284 803 2311 καθ’
822 2283 904 2318 ὑμᾶς,

115 2331 228 2366 ὀνόματι
245 2331 323 2367 μόνον
338 2330 417 2358 τοῦτό
431 2333 503 2358 ἐστιν
513 2340 519 2346 ⁶
532 2332 545 2358 ὁ
555 2331 583 2358 δὲ
600 2331 671 2362 Υἱὸς,
685 2330 746 2357 οὔτε
761 2329 828 2362 υἱὸς,
843 2328 905 2356 οὗτε

115 2377 327 2413 ἀπαράλλακτος
341 2376 389 2404 τοῦ
413 2378 592 2413 γεννήσαντος
612 2376 702 2409 εἰκὼν,
727 2375 794 2403 ἀλλὰ
817 2374 905 2411 μόνων

115 2423 168 2450 τῶν
183 2423 346 2459 θελημάτων
358 2423 441 2451 αὐτοῦ
458 2423 589 2459 μιμητής.
612 2422 688 2449 Ἐπεὶ
702 2421 749 2449 καὶ
770 2423 783 2449 ὁ
798 2421 905 2453 Παῦλος

117 2470 241 2505 μιμητὴς
257 2469 389 2505 ὑπάρχων
400 2470 447 2497 τοῦ
458 2469 577 2506 Χριστοῦ
589 2469 636 2496 καὶ
648 2468 816 2505 προσεοικὼς
830 2467 905 2503 αὐτῷ

116 2515 185 2541 κατά
195 2524 225 2541 τε
237 2515 270 2542 τὸ
286 2515 429 2551 βούλεσθαι
446 2515 525 2542 πάνθ’
542 2516 591 2542 ὅσα
606 2515 653 2542 καὶ
671 2514 752 2547 αὐτὸς
767 2514 902 2545 ἐϐούλετο,

75 2583 80 2588 .
116 2561 162 2587 καὶ
177 2561 248 2588 κατὰ
261 2561 308 2588 τὸν
324 2561 373 2596 τῆς
386 2561 559 2593 διδασκαλίας
574 2562 661 2596 λόγον,
678 2561 734 2597 ἔχει
751 2560 798 2596 μὲν
812 2560 904 2587 εἰκόνα

115 2606 168 2633 τῶν
193 2607 357 2642 θελημάτων
376 2607 470 2639 αὑτοῦ,
494 2608 546 2634 οὐκ
567 2608 625 2634 ἔστι
648 2607 677 2634 δὲ
700 2607 771 2634 κατὰ
789 2606 868 2642 φύσιν
891 2607 905 2632 ὁ

116 2653 195 2684 αὐτὸς
219 2654 259 2689 τῷ
276 2653 334 2689 Υἰῷ
354 2654 401 2680 τοῦ
425 2653 503 2681 Θεοῦ.
523 2655 556 2680 Εἰ
574 2654 602 2680 δὲ
625 2653 704 2680 τοῦτο
722 2653 821 2680 ἄτοπον
837 2651 903 2687 ὁμοῦ

117 2699 163 2725 καὶ
177 2699 288 2731 ἀσεϐὲς,
308 2700 416 2735 ἀνάγκη
432 2700 525 2735 φέρειν
540 2699 588 2735 τὴν
607 2698 752 2734 ὁμοιότητα
769 2697 840 2725 κατὰ
855 2697 903 2733 μό-

76 2765 79 2770 .
117 2753 164 2777 νης
188 2745 239 2779 τῆς
261 2744 358 2776 οὐσίας
380 2744 506 2777 καὶτοὺς
525 2746 575 2780 τῆς
595 2744 702 2779 φύσεως
715 2743 902 2779 χαρακτῆρας.

60 2794 67 2804 ‘
116 2789 193 2816 οὕτω
213 2791 268 2826 γὰρ
285 2790 372 2822 ὅντως
394 2790 573 2826 ἀληθέστερον
596 2789 678 2817 εἰκὼν
698 2789 744 2816 τοῦ
770 2789 875 2824 Πατρός
889 2788 904 2814 ὁ

157 2881 178 2895 ’⁸³
194 2880 266 2908 Γριιί.
280 2888 374 2914 Lxxxt,
391 2882 416 2908 6.
457 2881 478 2896 ’³³
497 2879 566 2908 Psal.
583 2888 680 2912 LXXXV,
694 2880 720 2905 fi.

957 1627 1208 1655 insunt.\'ocantur
1217 1630 1305 1653 autem
1325 1625 1405 1653 etiam
1417 1625 1505 1660 imago
1523 1624 1581 1658 Dei,
1609 1623 1741 1657 siquidem

957 1681 1048 1700 veram
1060 1673 1201 1708 imaginem
1213 1672 1330 1700 Verbum
1346 1672 1430 1707 ipsius
1443 1671 1652 1706 suscepimus,et
1669 1668 1741 1696 habi-

959 1719 1026 1745 tavit
1041 1717 1069 1745 in
1092 1717 1211 1750 nobis“,
1224 1721 1252 1744 et
1268 1716 1370 1744 ultimis
1397 1715 1561 1751 temporibus
1595 1714 1683 1742 factus
1701 1718 1742 1741 est

959 1765 1039 1791 homo
1060 1768 1169 1799 propter
1189 1768 1308 1792 nostram
1331 1763 1456 1790 salutem.
1481 1762 1575 1797 Magna
1598 1761 1680 1796 igitur
1701 1764 1741 1787 at-

958 1817 1010 1844 que
1033 1809 1162 1837 immensa
1188 1813 1230 1837 est
1256 1808 1407 1836 dill‘erentia
1433 1808 1504 1835 inter
1529 1814 1578 1835 nos
1605 1813 1654 1842 per
1679 1813 1741 1841 gra-

959 1853 1023 1881 tiam
1040 1858 1150 1882 vocatos
1172 1853 1252 1886 ﬁlios,
1272 1858 1300 1881 et
1311 1861 1372 1882 eum
1388 1853 1432 1888 qui
1448 1860 1511 1880 vere
1529 1859 1561 1879 ac
1583 1851 1741 1879 naturaliter

957 1903 1000 1926 est
1015 1898 1108 1926 Filius.
1123 1897 1230 1927 Frivola
1245 1898 1326 1933 igitur
1336 1903 1418 1934 atque
1429 1897 1519 1926 inanis
1532 1897 1611 1932 plane
1631 1900 1674 1924 est
1702 1902 1747 1923 ve-

958 1949 1013 1972 stra
1030 1943 1155 1978 obiectio.

1291 2042 1404 2071 ALIUD.

994 2100 1022 2128 Si
1038 2107 1096 2128 eam
1112 2104 1138 2128 et
1153 2099 1260 2134 quidem
1273 2098 1356 2127 solatn
1368 2099 1403 2127 ob
1416 2105 1535 2132 causam,
1557 2104 1616 2130 vos,
1640 2097 1740 2125 Christi

958 2148 1063 2180 hostes,
1079 2147 1174 2175 Filium
1188 2147 1261 2175 Patri
1278 2145 1393 2174 similem
1405 2153 1465 2174 esse
1481 2145 1580 2177 dicitis,
1602 2145 1665 2180 quia
1681 2152 1737 2172 om-

958 2195 1002 2222 nia
1014 2202 1074 2230 qua:
1087 2193 1143 2222 vult
1158 2194 1249 2227 Pater,
1265 2193 1321 2220 vult
1329 2197 1356 2221 et
1371 2193 1439 2228 ipse,
1453 2199 1504 2219 non
1521 2192 1574 2219 erit
1599 2195 1652 2218 tam
1669 2190 1743 2219 Patti

917 2241 1064 2285 Dsimilis,
1077 2248 1158 2275 quam
1188 2239 1319 2267 voluntati
1348 2238 1448 2266 Patris.
1477 2237 1614 2285 EitAPater
1635 2237 1741 2272 quidem

951 2287 1030 2322 juxta
1045 2294 1102 2319 vos,
1121 2286 1230 2314 nomine
1244 2285 1330 2314 solum
1347 2286 1398 2313 hoc
1415 2289 1466 2317 est,
1484 2283 1570 2312 Filius
1582 2287 1672 2310 autem
1695 2290 1740 2309 ne-

954 2340 1006 2368 que
1017 2332 1098 2363 ﬁlius,
1117 2339 1204 2367 neque
1212 2331 1363 2360 omnimnda
1378 2329 1467 2358 Patris
1485 2330 1583 2363 imago,
1595 2329 1642 2355 sed
1656 2327 1741 2355 solum

953 2378 1100 2406 voluntatis
1114 2377 1171 2412 ejus
1186 2378 1316 2405 imitator.
1328 2375 1467 2411 Siquidem
1483 2380 1510 2402 et
1535 2373 1634 2402 Paulus
1653 2373 1742 2400 imita-

955 2429 997 2452 tor
1021 2424 1154 2452 cxsistens
1185 2423 1284 2452 Christi
1305 2423 1339 2457 ",
1370 2427 1397 2450 et
1435 2421 1530 2449 similis
1580 2420 1605 2447 ei
1635 2419 1662 2446 in
1709 2426 1741 2446 eo

953 2472 1024 2508 quod
1049 2470 1129 2499 vellet
1144 2471 1233 2498 omnia
1260 2477 1319 2506 quae
1351 2470 1418 2505 ipse,
1444 2472 1472 2496 et
1489 2467 1591 2495 ratione
1601 2465 1740 2498 doctrinae,

957 2517 1038 2545 habet
1052 2516 1160 2552 quidem
1176 2516 1321 2551 imaginem
1337 2515 1421 2550 ipsius
1442 2511 1597 2543 voluntatis,
1621 2519 1674 2538 non
1701 2515 1740 2538 est

957 2568 1046 2590 autem
1062 2561 1220 2589 naturaliter
1235 2561 1304 2588 idem
1319 2569 1379 2588 cum
1394 2559 1462 2587 Filio
1471 2558 1528 2585 Dei.
1541 2556 1617 2590 Quod
1627 2563 1687 2584 cum
1705 2556 1740 2583 ita

958 2609 1002 2641 sit,
1012 2608 1156 2635 absurdum
1174 2606 1288 2633 simulet
1317 2605 1429 2640 impium
1442 2608 1494 2635 est,
1508 2603 1534 2629 in
1553 2602 1605 2629 alia
1633 2607 1662 2628 re
1677 2607 1739 2627 con-

956 2654 1068 2681 stituere
1081 2651 1282 2679 similitudinem
1303 2650 1363 2677 Filii
1376 2657 1437 2678 cum
1456 2649 1547 2680 Patre,
1560 2651 1741 2682 prtcterquam

957 2700 983 2726 in
1005 2699 1061 2726 sola
1075 2697 1202 2729 essentia,
1232 2700 1260 2724 et
1283 2696 1309 2722 in
1336 2694 1541 2722 cltararteribus
1561 2697 1672 2719 naturze.
1703 2689 1740 2717 Ita

955 2744 1027 2771 enim
1037 2743 1159 2780 profecto
1167 2742 1256 2770 verius
1269 2741 1357 2775 imago
1368 2739 1456 2766 Patris
1472 2738 1556 2766 Filius
1572 2744 1632 2765 esse
1645 2741 1740 2763 osten-

957 2790 1039 2823 ditur,
1055 2789 1121 2817 adeo
1135 2793 1164 2816 ut
1178 2787 1268 2816 dicere
1282 2786 1384 2823 possit:
1406 2795 1415 2811 ι
1434 2785 1490 2820 Ego
1502 2785 1528 2811 ln
1545 2784 1636 2815 Patre,
1649 2785 1675 2809 et
1686 2780 1739 2807 Pa-

760 2879 782 2896 "
795 2878 864 2907 Γέται.
883 2886 973 2910 Lxxxt,
987 2878 1013 2905 8.
1053 2878 1075 2892 ’θ
1095 2876 1171 2905 Joau.
1187 2884 1204 2908 ι,
1225 2876 1264 2903 ιι,
1304 2875 1325 2892 ’⁵⁷
1341 2875 1350 2902 ι
1368 2874 1429 2902 Cor.
1447 2881 1483 2906 ιν,
1502 2871 1542 2899 t6.
