1904 3026
184 166 230 194 101

694 167 721 194 S.
743 166 883 194 llYlllLLl'
897 165 1130 194 ALEXANDRINI
1152 167 1314 200 All(‘llJEP.

1757 167 1812 193 ln‘l

183 232 225 253 ter
241 225 337 259 inme;
353 235 362 253 ι
379 231 406 255 et
423 228 529 254 misum
549 236 555 254 :
573 235 582 253 ι
601 228 650 261 Qui
676 227 743 255 vidit
772 235 824 259 inc,
850 226 917 254 vidit
939 231 959 252 cl

1019 225 1081 257 Υίὺς
1090 226 1323 261 ἀναδειχθήσεται,
1334 226 1370 258 ὡς
1386 227 1568 253 καὶδύνασθαι
1580 225 1669 259 λέγειν
1679 233 1685 240 ·
1705 234 1714 249 ι
1735 223 1810 256 Ἐγὼ

181 271 299 300 l’atrcm.
317 281 326 298 ι

389 379 504 415 ALIUD,
524 381 600 408 modo
624 381 789 414 explicativo.

217 435 253 462 lta
274 439 315 463 est
330 444 411 463 unum
431 437 546 465 Paleret
562 438 654 470 Filius,
667 445 754 472 eaque
766 438 871 465 ratione
887 437 966 465 simi-

181 481 214 509 lis
224 482 273 516 ipsi
282 488 334 514 est,
345 483 569 517 quemadmodum
579 485 604 510 in
619 484 695 510 nobis
705 483 787 511 Filius
799 484 904 511 ratione
919 491 964 511 es-

180 526 374 553 sentiazsimilis
382 534 441 554 esse
448 526 521 553 Patri
533 527 730 562 intelligitur,et
740 529 964 562 quemadmodum

179 571 307 605 splendor
314 579 345 599 ex
358 573 413 599 sole
420 573 697 606 proced’enstcirco,
708 581 768 601 cum
780 574 815 600 ita
827 580 857 601 se
865 573 966 601 habeat

180 618 263 645 Filius
283 618 314 645 ad
329 618 446 652 Patrem,
456 625 585 654 operante
601 620 668 647 Filio
682 625 812 654 operatur
821 625 845 647 et
862 620 944 647 Pater
955 630 964 648 :

179 671 264 698 eoque
274 672 378 692 rursum
406 666 438 692 ad
451 670 559 693 sanctos
571 667 696 693 veniente
709 666 782 693 venit
799 666 882 693 etiam
911 666 965 693 Pa-

179 715 230 743 ter,
248 711 318 738 sicut
354 712 411 745 ipse
432 712 489 739 ait:
505 721 514 738 ι
549 712 706 745 Veniemns,
727 719 776 747 ego
788 716 814 739 et
830 712 920 744 Pater,
938 717 965 740 et

179 757 342 784 mansionem
357 758 426 792 apud
442 759 527 793 ipsum
549 758 676 786 faciemus
689 759 721 786 ⁸⁸.
747 768 756 784 ι
771 758 867 786 Omnia
881 759 964 792 enim,

178 803 296 830 tttmodo
310 803 410 830 dictum
427 808 479 836 est,
495 811 509 830 a
533 803 613 831 Patre
627 812 675 839 per
705 804 801 831 Filium
819 804 904 832 liunt:
925 805 965 832 id-

177 850 250 877 circo
267 851 288 877 si
305 851 401 885 quibus
416 858 532 885 unquam
543 851 642 878 sanctis
653 851 737 886 gratia
753 852 813 878 data
826 856 876 884 est,
905 859 965 881 eam

178 895 257 923 Pater
273 904 319 931 per
335 896 431 924 Filium
446 897 558 932 largitus
572 897 656 924 fuisse
674 896 752 932 115
771 897 899 924 cernitur.
910 897 962 924 Cu-

175 941 219 975 jus
251 943 288 969 rei
312 942 412 970 Paulus
439 944 513 970 testis
537 947 588 975 est,
619 942 652 969 ad
668 943 797 977 quosdam
815 942 959 970 scribens:

1014 941 1089 976 παρὰ
1109 943 1215 976 Πατρὸς
1234 941 1268 968 δι’
1286 941 1351 968 Υἱοῦ
1375 941 1514 976 γίγνεται·
1539 941 1586 968 καὶ
1608 940 1673 975 γοῦν
1697 942 1723 968 εἴ
1739 941 1808 968 ποτέ
1854 977 1859 982 .

179 997 189 1011 ι
212 987 304 1015 Gratia
323 989 397 1016 vobis
409 994 435 1016 et
452 995 503 1023 pax
517 996 531 1015 a
544 989 598 1016 Deo
624 989 704 1016 Patre
729 994 755 1016 et
771 988 884 1016 Domino
900 988 962 1016 Jesu

176 1032 283 1060 Christo
296 1033 329 1059 ³ο.
352 1042 362 1058 ι
383 1034 415 1060 Ει
429 1035 485 1068 ipse
498 1041 605 1061 rursum
621 1033 683 1060 alibi
699 1042 706 1061 :
729 1042 738 1059 ι
754 1033 812 1068 lpse
828 1033 908 1061 Pater
936 1039 965 1062 et

177 1078 247 1106 Deus
258 1083 350 1106 noster
360 1084 387 1106 et
401 1079 529 1107 Dominus
542 1085 634 1108 noster
647 1079 725 1107 Jesus
733 1079 856 1107 Christus
866 1081 965 1115 dirigat

176 1125 246 1151 viam
261 1129 381 1153 nostram
395 1127 427 1152 ad
447 1133 494 1154 vos
518 1126 552 1154 ’°.
572 1135 581 1152 ι
601 1125 636 1154 At
660 1126 683 1154 si
701 1135 754 1154 non
777 1131 848 1154 esset
872 1128 963 1156 unitas

175 1171 263 1198 Patris
277 1179 340 1198 cum
356 1171 435 1204 Filio,
456 1172 569 1200 dixisset
592 1171 722 1207 profecto,
755 1171 878 1207 Dirigant
890 1172 960 1200 viam

175 1221 308 1249 nostram,
325 1221 354 1245 ut
371 1219 436 1245 duos
453 1218 628 1251 signiﬁcaret.
667 1218 744 1247 Nunc
758 1227 822 1247 vero
850 1219 877 1246 id
908 1229 961 1247 non

173 1263 262 1290 facit:
288 1265 417 1291 unitatem
459 1269 549 1292 autem
585 1263 674 1292 Patris
687 1270 714 1292 et
742 1265 802 1292 Filii
817 1265 959 1293 manifeste

174 1310 334 1341 observans,
363 1310 539 1345 singulariter
567 1311 644 1343 dixit,
673 1311 783 1346 dirigat,
808 1319 860 1338 non
881 1311 960 1346 quasi

171 1355 287 1383 seorsim
312 1355 401 1389 Pater,
417 1360 444 1383 et
469 1357 583 1384 seorsim
612 1356 697 1385 Filius
719 1358 870 1392 suppeditet
899 1365 962 1392 gra-

173 1401 249 1434 tiam,
273 1401 320 1429 sed
352 1406 478 1437 tanquam
512 1401 594 1430 Pater
630 1410 678 1438 per
717 1403 814 1430 Filium
849 1404 874 1431 in
899 1404 962 1438 Spi-

173 1447 225 1473 ritu
247 1452 342 1474 saneto
355 1455 387 1475 ex
400 1455 452 1475 una
462 1447 561 1475 deitate
574 1448 642 1475 dona
655 1457 702 1476 sua
713 1450 814 1477 sanctis
825 1450 959 1477 conlerat.

1016 273 1045 298 ὲν
1059 271 1099 306 τῷ
1113 272 1209 306 Πατρὶ,
1221 272 1267 298 καὶ
1283 273 1297 298 6
1311 272 1404 308 Πατὴρ
1417 273 1445 298 ἐν
1462 272 1534 306 ἐμοὶ,
1553 282 1561 297 ι
1575 271 1622 298 καὶ
1634 271 1730 298 πάλιν·
1747 279 1756 296 ε
1778 270 1810 295 ὐ

1017 315 1146 352 ἑωρακὼς
1161 316 1223 352 ὲμὲ,
1241 315 1346 352 ἑώρακε
1362 315 1409 342 τὸν
1425 316 1545 352 Πατέρα.
1570 325 1579 341 ›

1184 383 1285 415 ΑΛΛΟ,
1304 384 1404 418 τρόπῳ
1421 381 1632 418 διηγημίιτικῷ.

1052 439 1144 472 Οὕτως
1165 440 1194 466 ἓν
1218 441 1287 467 εἰσιν
1308 441 1323 466 6
1348 441 1442 476 Πατὴρ
1467 440 1514 467 καὶ
1533 441 1547 467 6
1569 440 1644 471 Υἱὸς,
1666 438 1714 466 καὶ
1734 438 1810 465 κατὰ

1015 485 1090 512 τόνδε
1117 485 1161 512 τὸν
1182 485 1283 521 τρόπον
1303 486 1427 521 ἐμφερής
1451 485 1524 512 ἔστιν
1549 485 1632 520 αὐτῷ,
1648 484 1686 516 ὡς
1704 484 1737 510 ἂν
1762 483 1809 518 ἐφ’

1016 531 1094 566 ἡμῶν
1113 531 1222 567 νοηθείη
1238 531 1295 563 υίὸς
1312 531 1377 568 πρὸς
1391 531 1437 558 τὸν
1453 531 1549 558 ἑαυτοῦ
1563 531 1667 567 πατέρα
1687 531 1761 557 κατά
1773 539 1808 564 γε

1015 576 1061 603 τὸν
1083 576 1131 611 τῆς
1154 576 1248 608 οὐσίας
1264 576 1352 610 λόγον,
1370 576 1416 602 καὶ
1430 576 1468 608 ὡς
1490 576 1523 602 ἂν
1540 575 1588 602 ἴδοι
1603 584 1645 607 τις
1669 575 1737 610 πρὸς
1759 574 1809 601 τὸν

1015 621 1090 656 ἥλιον
1105 621 1134 647 τὸ
1153 621 1181 654 ἐξ
1197 621 1278 648 αὑτοῦ
1290 621 1384 656 προϊὸν
1399 621 1578 656 ἀπαύγασμα.
1595 621 1643 648 Διὰ
1656 621 1710 657 γὰρ
1727 621 1807 647 τοῦτο

1016 667 1062 694 καὶ
1074 666 1118 693 διὰ
1127 667 1156 693 τὸ
1171 667 1257 698 οὕτως
1269 667 1341 702 ἔχειν
1355 667 1400 694 τὸν
1414 667 1476 694 Υἰὸν
1492 667 1559 703 πρὸς
1574 666 1618 693 τὸν
1634 666 1731 693 ἑαυτοῦ
1750 667 1809 692 Πα-

1015 712 1093 749 τέρα,
1112 712 1296 748 ἐργαζομένου
1315 712 1362 739 τοῦ
1391 711 1467 743 rio-3.
1488 713 1502 738 6
1530 711 1625 747 Πατὴρ
1646 710 1807 746 ἐργάζεται,

1015 758 1063 784 καὶ
1080 758 1149 793 πρὸς
1162 758 1224 790 τοὺς
1240 758 1333 792 ἁγίους
1350 757 1497 794 ἐρχομένου
1516 757 1597 784 πάλιν
1612 757 1704 790 αὐτοῦ,
1721 757 1734 783 6
1749 757 1810 783 Πα-

1015 804 1067 839 τήρ
1083 804 1156 830 ἐστιν
1178 805 1192 830 6
1214 804 1370 839 ἐρχόμενος,
1388 803 1425 834 ὼς
1440 802 1522 834 αὐτὸς
1537 803 1653 837 ἔφησεν·
1675 812 1684 829 ι
1715 802 1810 828 Ἐλευ-

1017 849 1130 883 σόμεθα,
1153 849 1207 883 ὲγὼ
1231 850 1278 875 καὶ
1299 850 1313 875 ὁ
1337 849 1441 884 Πατὴρ,
1464 849 1511 875 καὶ
1531 849 1614 884 μονὴν
1643 849 1707 884 παρ’
1729 847 1808 882 αὺτῷ

1017 896 1177 930 ποιήσομεν.
1197 903 1207 920 ι
1226 895 1317 922 Πάντα
1336 895 1401 930 γὰρ,
1425 895 1550 930 καθάπερ
1564 895 1613 930 ἠδη
1629 895 1808 930 προείρηται,

1015 995 1086 1013 τισιν
1100 986 1188 1021 ἁγίοις
1201 987 1306 1014 δέδοται
1320 987 1409 1022 χάρις,
1429 986 1532 1022 ταύτην
1551 987 1565 1014 ὁ
1578 987 1672 1022 Πατὴρ
1690 987 1723 1013 δι’
1737 985 1807 1013 Υίοῦ

1014 1034 1172 1068 χορηγήσας
1186 1033 1320 1068 φαίνεται.
1339 1034 1394 1060 Καὶ
1409 1033 1514 1069 μάρτυς
1533 1034 1547 1059 6
1569 1033 1675 1065 Παῦλος
1688 1033 1807 1068 γράφων

1014 1081 1082 1116 πρός
1095 1088 1186 1112 τινας·
1203 1089 1212 1106 ι
1229 1080 1317 1115 Χάρις
1331 1080 1395 1115 ὑμῖν
1411 1080 1457 1106 καὶ
1476 1080 1570 1115 εἰρήνη
1587 1079 1641 1106 ἀπὺ
1656 1079 1724 1105 Θεοῦ
1746 1080 1807 1106 Πα-

1013 1127 1077 1161 τρὸς
1099 1127 1145 1153 καὶ
1165 1126 1267 1162 Κυρίου
1293 1125 1379 1162 Ἰησοῦ
1402 1125 1530 1161 Χριστοῦ.
1555 1135 1564 1152 ι
1586 1126 1671 1152 Πάλιν
1688 1127 1702 1153 6
1723 1126 1807 1158 αὐτὸς

1014 1173 1116 1208 ἑτέροις
1132 1172 1312 1199 ἐπιστέλλων·
1336 1181 1345 1198 ι
1366 1172 1451 1204 Αὐτὸς
1469 1172 1496 1198 δὲ
1519 1173 1533 1198 6
1552 1172 1646 1208 Πατὴρ
1670 1173 1717 1199 καὶ
1736 1173 1806 1204 Θεὸς

1010 1220 1100 1256 ἡμῶν,
1116 1220 1162 1246 καὶ
1175 1221 1189 1246 6
1204 1219 1306 1255 Κύριος
1318 1219 1396 1255 ἡμῶν
1418 1219 1522 1254 Ἰησοῦς
1537 1220 1653 1254 Χριστὸς
1669 1219 1806 1247 κατευθύ-

1012 1276 1055 1294 ναι
1071 1267 1120 1301 τὴν
1137 1267 1195 1293 ὁδὸν
1209 1267 1286 1302 ἡμῶν
1305 1266 1373 1302 πρὸς
1387 1267 1467 1302 ὑμᾶς.
1493 1275 1503 1290 ι
1532 1266 1600 1292 ’Λλλ¹
1616 1267 1639 1292 εί
1659 1267 1695 1301 μή
1713 1275 1754 1298 τις
1770 1264 1806 1302 ἦν

1013 1314 1106 1349 ἑνότης
1122 1313 1209 1349 Πατρὶ
1226 1313 1292 1347 πρὸς
1306 1312 1379 1345 Υἱὸν,
1394 1310 1470 1338 εἶπεν
1485 1312 1528 1345 Ξιν,
1542 1311 1738 1339 Κατευθύνοιεν
1754 1311 1805 1346 τὴν

1013 1360 1072 1386 ὁδὸν
1085 1359 1171 1395 ἡμῶν,
1183 1359 1226 1386 ἵνα
1236 1359 1298 1390 τοὺς
1308 1358 1354 1385 δύο
1367 1359 1485 1394 σημάνῃ.
1498 1359 1566 1385 Νυνὶ
1580 1359 1607 1385 δὲ
1618 1358 1698 1385 τοῦτο
1712 1358 1761 1393 μὲν
1772 1358 1804 1384 οὺ

1014 1407 1102 1432 ποιεῖ·
1118 1405 1168 1440 τὴν
1184 1405 1212 1431 δὲ
1227 1405 1340 1439 ἑνότητα
1355 1405 1401 1431 τοῦ
1418 1405 1524 1440 Πατρδς
1546 1405 1592 1431 καὶ
1606 1404 1653 1431 τοῦ
1671 1404 1737 1430 Υίοῦ
1755 1413 1805 1439 τη-

1015 1452 1101 1487 ρήσας
1117 1451 1223 1486 σαφῶς,
1239 1451 1270 1478 τὸ
1284 1451 1462 1479 κατευθύναι
1482 1451 1602 1477 τέθεικεν
1623 1450 1720 1482 ἑνικῶς
1731 1459 1737 1465 ”
1755 1451 1805 1485 οὐχ

170 1491 209 1524 ὡς
229 1493 287 1528 ίδίᾳ
312 1493 361 1528 μὲν
383 1493 430 1520 τοῦ
451 1494 568 1528 Πατρὺς,
588 1495 642 1530 ἰδίᾳ
664 1495 692 1521 δὲ
716 1495 897 1531 χορηγοῦντος
912 1497 958 1523 τοῦ
980 1497 1056 1530 Υίοῦ,
1092 1497 1149 1525 ἀλλ’
1164 1497 1202 1530 ὡς
1234 1497 1339 1533 Πατρδς
1355 1497 1389 1523 δι’
1406 1497 1469 1523 Υίοῦ
1485 1497 1513 1523 ἐν
1526 1497 1596 1532 ἁγίῳ
1616 1496 1756 1531 Πνεὺματι
1773 1497 1805 1522 ἐκ

171 1538 220 1575 τῆς
241 1540 305 1576 μιᾶς
320 1539 446 1575 θεότητος
461 1541 645 1575 πεμπομένων
660 1542 714 1568 τῶν
729 1543 906 1578 χαρισμάτων
921 1544 961 1576 είς
980 1545 1041 1577 τοὺς
1061 1544 1166 1579 ἁγίους.

502 1597 618 1625 ALIUD.

1356 1602 1457 1628 AAAO.

210 1655 237 1683 Si
258 1660 399 1690 separatus
423 1658 495 1681 esset
523 1653 672 1681 secundum
709 1659 832 1682 naturam
860 1657 894 1683 ab
921 1663 959 1683 es-

1049 1657 1080 1683 Εί
1091 1657 1241 1692 κεχώριστο
1255 1657 1326 1684 κατὰ
1341 1657 1422 1692 φύσιν
1435 1657 1484 1691 τῆς
1500 1655 1546 1682 τοῦ
1560 1656 1664 1692 Πατρὺς
1680 1657 1776 1690 οὐσίας
1788 1659 1804 1685 6

173 1702 260 1729 scntia
274 1701 363 1728 Patris
387 1699 481 1732 Filius,
493 1704 519 1726 et
537 1699 587 1727 nisi
617 1700 688 1727 inter
709 1707 756 1728 eos
772 1701 961 1735 inseparabilis

173 1748 294 1782 quaedam
311 1747 400 1774 unitas
416 1746 603 1777 intercederet.
618 1746 705 1781 qualis
717 1752 758 1774 est
778 1748 850 1774 inter
867 1747 960 1782 splen-

173 1795 265 1821 dorem
277 1792 406 1825 elsolem,
424 1792 555 1819 suiliccret
571 1791 656 1819 solum
671 1791 778 1819 Patrem
792 1793 894 1820 sanctis
913 1793 961 1820 do-

174 1847 207 1867 na
219 1839 352 1870 conferre,
372 1845 423 1865 non
435 1838 553 1865 admisso
568 1838 647 1865 simul
657 1838 690 1866 ad
705 1839 755 1866 hoc
766 1839 845 1866 Filio.
857 1839 924 1866 Nam
937 1841 959 1867 si

172 1890 270 1912 creatae
283 1887 384 1910 natura:
395 1887 446 1916 est,
457 1888 483 1910 et
497 1883 633 1910 diversum
642 1883 705 1918 quid
726 1891 741 1910 a
757 1883 821 1917 Deo,
831 1892 911 1918 quam
924 1885 958 1913 ob

172 1923 282 1958 causam
297 1937 358 1957 cum
375 1929 445 1956 nulla
459 1936 491 1955 ex
509 1929 633 1956 omnibus
646 1930 777 1957 creaturis
804 1929 859 1958 Deo
882 1938 958 1958 com-

172 1976 292 2003 municet
304 1975 336 2002 ad
352 1975 502 2002 divinorum
516 1975 647 2002 donorum
675 1975 855 2010 largitionem,
885 1977 959 2004 solus

171 2021 229 2055 ipse
241 2021 416 2048 admittatur?
428 2019 512 2048 Nemo
524 2021 595 2047 enim
622 2020 691 2048 ferat
724 2021 841 2057 aliquem
866 2022 958 2049 dicen-

172 2072 225 2094 tem
239 2074 246 2092 :
263 2066 313 2093 Det
331 2066 376 2093 tibi
393 2066 535 2100 petitiones
549 2066 640 2093 cordis
655 2067 692 2094 tui
730 2067 800 2094 Dens
827 2067 907 2094 Pater
930 2071 957 2094 et

170 2112 295 2146 angelus;
317 2113 364 2139 sed
380 2119 466 2147 neque
481 2112 503 2139 si
523 2112 586 2147 quid
599 2113 686 2147 majus
715 2112 810 2146 angelo
823 2113 954 2140 nominet.

172 2158 228 2185 Soli
243 2158 314 2185 enim
339 2157 394 2184 Deo
411 2158 536 2185 convenit
550 2158 612 2191 hoc,
629 2158 704 2185 dare.
721 2157 749 2184 Si
762 2166 826 2185 vero
843 2158 888 2185 dat
903 2166 955 2186 non

170 2212 231 2231 cum
250 2203 301 2230 ulla
312 2211 343 2231 ex
361 2203 503 2237 creaturis,
521 2204 569 2230 sed
599 2211 659 2230 cum
680 2203 737 2231 solo
766 2202 835 2230 Filio
858 2208 883 2230 et
908 2211 956 2237 per

170 2249 266 2277 Filium
290 2249 316 2276 in
341 2249 442 2284 Spiritu
460 2254 566 2283 sancto,
596 2249 768 2276 manifestum
798 2249 865 2277 satis
892 2249 954 2278 hinc

170 2295 254 2323 fuerit
270 2296 344 2322 illum
363 2296 522 2324 naturaliter
541 2303 572 2323 ex
592 2295 708 2323 essentia
726 2294 816 2323 Patris
831 2296 952 2330 genitum

169 2349 239 2374 esse,
250 2341 412 2376 Patremque
439 2341 464 2368 in
480 2349 509 2368 se
535 2341 636 2368 habere
649 2349 655 2367 :
670 2341 811 2376 ipsumque
832 2342 951 2369 vicissim

1013 1702 1086 1735 Υἱὸς,
1103 1703 1150 1729 καὶ
1169 1704 1193 1729 εί
1217 1703 1254 1738 μή
1268 1711 1309 1734 τις
1322 1703 1415 1736 ἑνότης
1435 1701 1594 1733 ἀδιάστατος
1608 1700 1642 1736 ἦν
1661 1703 1690 1728 ἐν
1708 1703 1804 1735 αὐτοῖς

1009 1748 1106 1774 ὁποίαν
1129 1748 1183 1782 ἔχει
1199 1748 1230 1774 τὸ
1252 1748 1425 1782 ἀπαύγασμα
1439 1748 1507 1782 πρὸς
1523 1747 1569 1774 τὸν
1584 1748 1669 1782 ἥλιον,
1689 1748 1802 1783 ἐξήρκει

1010 1793 1056 1820 καὶ
1071 1793 1150 1828 μόνον
1167 1793 1213 1820 τὸν
1232 1793 1341 1828 Πατέρα
1355 1794 1410 1824 τοῖς
1431 1793 1519 1827 ἁγίοις
1533 1793 1679 1820 ἐπιδιδόναι
1703 1794 1737 1820 τὰ
1751 1803 1801 1830 χα-

1011 1838 1142 1874 ρίσματα,
1161 1839 1198 1874 μὴ
1217 1838 1553 1874 συμπαραλαμϐανομένου
1572 1839 1639 1874 πρὸς
1661 1839 1742 1866 τοῦτο
1755 1840 1802 1866 καὶ

1009 1883 1056 1910 τοῦ
1073 1884 1148 1911 Υίοῦ.
1163 1885 1194 1911 Et
1208 1883 1262 1918 γὰρ
1277 1884 1390 1919 χτιστῆς
1404 1886 1477 1911 ἐστιν
1491 1884 1595 1917 οὐσίας,
1607 1885 1654 1911 καὶ
1668 1885 1762 1920 ἕτερὸν
1774 1894 1801 1912 τι

1010 1929 1084 1964 παρὰ
1097 1929 1143 1956 τὸν
1158 1928 1234 1960 Θεὸν,
1248 1930 1324 1955 ποῖον
1340 1929 1396 1964 ἔχει
1409 1929 1487 1964 λόγον
1506 1930 1612 1961 οὐδενὸς
1633 1930 1688 1957 τῶν
1711 1931 1800 1957 ἄλλων

1008 1974 1167 2008 κτισμάτων
1184 1974 1422 2006 ἐπικοινωνοῦντος
1435 1974 1495 2009 Θεῷ
1509 1975 1577 2010 πρὸς
1596 1974 1644 2010 τὴν
1658 1975 1731 2002 δόσιν
1745 1975 1801 2002 τῶν

1009 2011 1089 2045 θείων
1109 2019 1299 2054 χαρισμάτων,
1317 2019 1395 2054 μόνον
1416 2019 1497 2046 αὑτὸν
1514 2019 1796 2054 παρα).αμ6άνεσθαι;

1008 2064 1045 2090 Οὐ
1068 2064 1122 2099 γὰρ
1146 2064 1271 2097 ἀνέξεταί
1297 2073 1338 2096 τις
1357 2064 1480 2098 λέγοντός
1503 2073 1592 2096 τινος’
1616 2065 1678 2100 Δοίη
1707 2073 1749 2091 σοι
1764 2066 1798 2092 τὰ

1007 2110 1147 2145 αἰτήματα
1165 2119 1210 2136 σου
1227 2111 1292 2142 Θεὸς
1313 2111 1392 2145 τυχὸν
1408 2111 1422 2136 6
1438 2110 1533 2146 Πατὴρ
1558 2111 1605 2137 καὶ
1625 2112 1639 2137 6
1662 2111 1797 2145 ἄγγελος’

1007 2156 1065 2182 ἀλλ’
1079 2155 1139 2182 οὐδὲ
1154 2156 1179 2182 εἴ
1189 2164 1214 2182 τι
1228 2156 1320 2190 μεῖζον
1334 2156 1492 2191 ὀνομάσειεν
1507 2156 1634 2190 ἀγγέλου.
1649 2157 1732 2192 Μόνῳ
1743 2157 1798 2192 γὰρ

1007 2202 1036 2228 τὺ
1051 2201 1150 2228 διδόναι
1166 2201 1264 2237 πρέπει
1281 2202 1349 2239 Θεῷ.
1374 2203 1405 2229 Εἰ
1418 2203 1446 2229 δὲ
1460 2203 1577 2235 δίδωσιν,
1593 2203 1623 2229 οὑ
1640 2203 1711 2238 μετά
1725 2212 1798 2235 τινος

1006 2247 1099 2283 ἑτέρου
1113 2248 1166 2273 τῶν
1181 2249 1349 2283 κτισμάτων,
1367 2248 1434 2275 ἀλλὰ
1456 2248 1528 2284 μόνῳ
1544 2249 1592 2275 σὺν
1614 2249 1670 2284 Υίῷ
1693 2249 1740 2276 καὶ
1762 2249 1797 2276 δι’

1006 2294 1072 2321 Υἱοῦ
1087 2295 1115 2321 ἐν
1131 2295 1200 2330 ἁγίῳ
1215 2294 1365 2330 Πνεύματι,
1386 2294 1464 2330 δῆλον
1479 2294 1604 2321 ἐντεῦθεν
1629 2295 1661 2321 ἂν
1681 2294 1724 2329 εἴη
1749 2295 1796 2321 καὶ

1008 2339 1088 2366 παντί
1107 2348 1143 2375 τῳ
1157 2339 1304 2374 γνώριμον,
1320 2341 1416 2375 ὅτιπερ
1437 2339 1487 2374 τῆς
1510 2340 1604 2371 οὐσίας
1624 2339 1672 2366 τοῦ
1687 2340 1796 2374 Πατρὸς

167 2387 342 2415 exsistentem
358 2386 385 2413 in
397 2386 476 2413 Patre
486 2385 577 2412 omnia
589 2385 694 2413 ellicere
708 2390 788 2420 atque
803 2387 953 2421 operari,et

1014 2386 1070 2412 διόν
1091 2386 1149 2412 ἔστι
1170 2386 1304 2422 γέννημα,
1321 2386 1367 2413 καὶ
1382 2386 1426 2413 τὸν
1441 2387 1550 2421 Πατέρα
1566 2386 1634 2421 ἔχων
1650 2386 1679 2412 ὲν
1694 2386 1794 2421 ἐαυτῷ,

168 2434 237 2462 dona
253 2434 355 2461 sanctis
370 2431 504 2461 conferre.
516 2431 592 2464 Quod
605 2435 632 2459 et
654 2431 754 2458 Paulus
771 2436 884 2460 testatur
914 2433 954 2460 di-

169 2487 233 2507 cens
248 2487 256 2506 :
276 2489 285 2505 ι
297 2479 405 2506 Gratias
418 2486 465 2512 ago
479 2477 531 2505 Deo
545 2485 604 2505 meo
624 2485 729 2512 semper
745 2478 777 2506 de
791 2479 866 2507 vobis
882 2487 945 2515 pro-

169 2529 228 2558 pter
239 2522 351 2558 gratiam
367 2522 413 2550 Dei
438 2530 498 2557 qna:
520 2522 581 2549 data
615 2522 691 2551 vobis
719 2523 745 2551 in
771 2523 881 2552 Christo
907 2524 952 2552 Je-

508 2668 622 2697 ALIUD.

355 2723 396 2751 Ex
414 2725 557 2758 obiectione
572 2726 764 2755 hereticorum.

204 2780 324 2814 Dixistis,
336 2781 420 2814 aiunt,
436 2782 534 2809 nullam
553 2789 737 2810 crcaturarum
753 2783 806 2812 Deo
823 2791 944 2810 commu-

203 2865 223 2878 ⁸
242 2868 317 2896 Joan.
336 2878 388 2903 λιν,
405 2872 449 2900 25,
490 2873 510 2887 ¹⁴⁹
529 2873 594 2899 Rom
622 2873 678 2904 1,7.

1005 2430 1087 2463 αὑτός
1101 2439 1131 2457 τε
1143 2431 1242 2466 ὁμοίως
1256 2431 1386 2466 ὑπάρχων
1399 2432 1428 2458 ὲν
1439 2430 1478 2466 τῷ
1491 2431 1596 2466 Ἡατρὶ,
1613 2431 1701 2457 πάντα
1719 2431 1796 2466 ἐνερ-

1004 2480 1048 2513 γεῖ
1061 2478 1108 2505 καὶ
1128 2478 1274 2514 ἐργάζεται
1296 2477 1342 2504 καὶ
1363 2478 1476 2513 χορηγεῖ
1489 2479 1545 2509 τοῖς
1563 2476 1649 2511 ἁγίοις
1671 2476 1722 2508 τὰς
1741 2477 1794 2503 δω-

1006 2524 1079 2560 ρεάς.
1104 2524 1159 2551 Καὶ
1185 2524 1288 2559 μάρτυς
1310 2523 1325 2549 6
1347 2522 1451 2555 Παῦλος
1468 2522 1573 2557 λέγων·
1596 2532 1606 2549 ε
1630 2523 1795 2558 Εὐχάριστῶ

1003 2568 1042 2604 τῷ
1056 2567 1115 2604 Θεῷ
1141 2577 1191 2604 μου
1215 2569 1329 2595 πάντοτε
1352 2568 1416 2604 περὶ
1432 2568 1509 2603 ὑμῶν
1530 2568 1576 2594 ἐπὶ
1589 2569 1621 2603 τῇ
1637 2569 1730 2603 χάριτι
1746 2567 1794 2594 τοῦ

1004 2613 1071 2640 Θεοῦ
1088 2614 1120 2648 τῇ
1133 2612 1240 2649 δοθείσῃ
1255 2613 1318 2648 ὑμῖν
1335 2612 1365 2638 ἐν
1379 2612 1490 2648 Χριστῷ
1512 2611 1611 2647 Ἰησοῦ.
1636 2621 1646 2637 ι

1341 2667 1444 2694 AAAO.
1644 2675 1647 2677 ’

1121 2725 1168 2758 Ὠς
1181 2725 1215 2757 ἐξ
1231 2725 1408 2758 ἀντιθέσεως
1427 2723 1486 2752 τῶν
1507 2722 1670 2759 αἱρετικῶν.

1037 2781 1184 2817 Εῐρήκατε,
1197 2782 1274 2815 φασὶ,
1290 2782 1372 2818 μηδὲν
1387 2782 1442 2809 τῶν
1464 2781 1619 2817 κτισμάτων
1641 2788 1790 2816 συμπαρασ

719 2872 861 2900 ⁷⁸1Τ1ιςς.
886 2880 925 2905 in,
949 2873 989 2899 ll.
1029 2872 1049 2887 "
1070 2871 1154 2899 Ιίῖιιι.
1176 2881 1194 2906 ι,
1210 2872 1235 2900 ό.
