1904 3026
85 105 127 132 193
797 101 880 129 TllEE

947 102 1018 129 RUS.

82 162 266 198 λαμϐάνεσθαι
281 163 327 199 τῷ
348 163 412 200 Θεῷ
429 164 459 190 ὲν
474 164 532 195 ταῖς
549 162 604 189 τῶν
627 161 806 198 χαρισμάτων
827 162 880 188 ὲπι-

947 161 1041 193 )icare,
1057 161 1084 188 in
1102 161 1236 188 donorum
1250 161 1495 197 largitionibuth
1518 164 1582 198 quid
1602 166 1728 194 statuetis

81 209 173 234 δόσεσι.
190 208 225 235 τί
245 207 298 236 οὖν
313 210 374 244 ἄρα
387 210 515 245 ποιήσετε
534 209 580 236 τὸν
595 209 766 244 πατριάρχην
787 207 884 234 Ἰακὼϐ

82 255 253 290 εὑρίσκοντες
269 256 302 282 ὲν
317 257 382 289 ταῖς
405 255 492 288 θείαις
509 256 632 290 Γραφαϊς
654 255 717 286 τοὺς
734 254 764 286 ὲξ
784 254 884 289 Ἰωσὴφ

82 300 238 335 εὑλογοὸντα
261 301 313 328 τόν
338 311 372 329 τε
401 301 522 337 Ἑφραῒμ
544 300 666 336 δηλονότι
690 300 738 327 καὶ
758 299 803 326 τὸν
824 300 885 326 Μα-

82 347 170 382 νασσῆ,
191 347 240 374 καὶ
259 347 405 382 λέγοντα·
430 357 439 374 ι
469 347 497 374 Ὀ
524 347 589 378 Θεὸς
615 346 630 372 ὁ
654 345 765 382 τρέφων
792 354 826 381 με
852 346 884 372 ὲκ

82 393 199 428 νεότητός
220 402 277 428 μου
298 393 360 426 ἕως
376 395 426 430 τῆς
447 394 553 429 ἡμέρας
575 392 689 428 ταύτης,
711 393 758 419 καὶ
772 393 786 418 ὁ
802 392 885 426 ἄγγε-

82 439 146 471 λοςὸ
167 439 308 475 ρυὁμενός
333 449 369 475 με
394 441 428 466 ὲκ
443 440 551 467 πάντων
566 439 620 466 τῶν
639 438 733 465 κακῶν
758 446 819 474 μου,
840 438 885 464 εὑ-

82 485 187 520 λογήσαι
206 486 244 512 τὰ
265 486 371 513 παιδία
386 486 492 519 caiisa;
509 495 518 511 ι
545 486 621 517 Ἰδοὺ,
640 485 732 521 φησὶν,
748 485 884 520 ὀνομάσας

82 532 152 564 Θεὸν,
169 532 363 568 προσ-τέθεικε
379 533 427 560 καὶ
443 532 488 560 τὸν
504 531 628 567 ἄγγελον,
644 532 683 564 ὡς
697 531 819 566 εὐλογεῖν
836 531 884 558 σὺν

85 578 151 612 αὐτῷ
168 579 341 608 δυνάμενον.

325 639 407 674 Πρὸς
429 639 522 667 ταῦτα
538 639 638 672 λύσις.

113 697 141 723 Εἰ
155 696 337 731 προφητικδν
359 697 524 733 ἐνυπάρχειν
540 698 648 734 πνεῦμα
665 697 704 733 τῷ
716 697 750 725 τὰ
769 697 883 725 τοιαῦτα

83 743 178 777 λέγοντι
194 741 416 777 ἒνομολογοῦσιν
430 743 454 769 οἱ
469 744 661 780 χριστομάχοι,
677 744 725 771 καὶ
738 745 883 771 πιστεύου-

84 797 120 815 σιν
135 789 219 818 ὅντως
234 787 320 821 ἆγιον
344 788 431 824 ἄνδρα
450 789 615 824 γεγενῆσθαι
631 790 676 817 τὸν
698 790 805 823 Ἰακὼϐ,
820 791 882 818 ὅτου

935 207 969 235 de
981 207 1136 242 patriarcha
1152 206 1246 240 Jacob,
1259 215 1320 235 cum
1339 209 1365 236 in
1386 209 1473 237 sacris
1491 210 1640 244 Scripturis
1655 211 1728 238 iuve-

935 253 1016 281 nietis
1026 262 1087 281 eum
1099 254 1213 288 posteris
1225 253 1324 289 Joseph
1340 256 1583 290 benedicentem,et
1598 256 1727 291 Ephraim

934 304 962 327 et
978 299 1105 332 Manassi,
1120 305 1147 328 et
1159 300 1292 328 dicentem
1311 309 1342 327 τι
1362 302 1432 329 Deus
1462 302 1507 337 qui
1539 310 1583 329 me
1608 303 1694 330 nutrit
1713 311 1728 329 ιι

933 345 1075 380 iuventute
1095 352 1154 373 mea
1166 347 1301 385 usquead
1317 347 1480 379 huucdiem.
1493 353 1520 375 et
1541 348 1653 383 angelus
1682 349 1728 382 qui

935 389 1033 418 liberat
1049 398 1091 418 me
1106 398 1139 419 ex
1149 392 1276 420 omnibus
1292 393 1369 421 malis
1379 394 1457 426 meis,
1478 393 1623 421 benedicat
1637 393 1730 428 pueris

935 436 996 464 istis
1011 436 1044 464 θ’.
1063 446 1072 463 ι
1089 437 1170 470 Ecce,
1193 438 1330 474 inquiunt,
1364 447 1424 467 cttm
1450 440 1616 467 nominasset
1650 439 1730 474 116

937 481 1031 516 Deum,
1043 483 1140 518 adjecit
1154 484 1235 511 etiam
1251 485 1386 520 angelum,
1406 489 1498 520 utpote
1530 485 1576 521 qui
1597 493 1647 512 una
1666 493 1728 512 cum

935 527 995 563 ipso
1008 528 1175 576 benedicere
1195 537 1296 566 posset.

1188 636 1293 664 Salutio
1307 637 1475 672 objectionia.

971 694 999 722 Si
1016 694 1107 722 hostes
1119 693 1220 721 Christi
1234 693 1354 721 fatentur
1371 695 1531 730 prophetico
1544 695 1641 730 spiritu
1653 694 1728 722 allia-

936 745 992 768 tum
1007 740 1091 768 fuisse
1100 739 1196 773 Jacob,
1212 748 1272 768 cum
1289 741 1420 776 ejusmodi
1437 741 1550 774 diceret,
1567 749 1655 777 neque
1680 741 1728 769 dif-

936 787 1048 814 ﬁtentur
1063 786 1137 814 illum
1153 794 1248 814 revera
1265 791 1391 814 sanctum
1411 786 1500 814 virum
1515 787 1611 820 fuisse,
1629 795 1727 823 quam-

83 833 110 868 δὴ
130 832 208 868 χάριν
228 831 377 868 τοσαύτην
398 833 472 869 αὐτῷ
493 835 677 870 περιτιθέντες
696 835 811 872 πλάνην,
831 836 880 863 οὐκ

947 832 1026 860 νιιιπειιι
1036 840 1083 860 eos
1103 837 1207 860 tantum
1222 840 1344 860 errorem
1357 833 1381 860 ei
1396 833 1533 860 ascribere
1548 841 1604 860 non
1630 834 1725 868 pudet,

84 877 250 912 αἰσχύνονται
269 879 312 910 ὡς
329 879 449 913 ἄγγελον
467 881 612 907 συνάπτειν
628 881 667 916 τῷ
682 881 791 909 πάντων
812 881 882 917 Θεῷ,

85 923 126 949 καὶ
139 923 273 951 δύνασθαι
292 926 473 960 συνευλογεῖν
484 925 523 962 τῷ
537 927 698 962 πεποιηκότι
713 928 743 954 τὸ
755 927 788 954 δι’
800 927 883 954 αὐτοῦ

84 970 224 1005 γενόμενον
241 972 392 1007 νομίζειν;
418 971 449 999 Et
472 972 500 999 δὲ
519 972 598 999 τοῦτο
615 973 726 1006 ἄτοπον,
745 973 883 1001 ἀκουέτω·-

88 1024 130 1043 ςιιν
146 1017 193 1044 καὶ
209 1018 280 1053 παρ’
304 1018 398 1053 ἡμῶν.
421 1019 453 1045 Et
478 1018 528 1053 μὲν
543 1019 619 1053 ἆγιον
637 1019 723 1051 ὅντως
740 1020 883 1047 πιστεύετε

87 1063 242 1098 γεγενῆσθαι
273 1064 325 1091 τὸν
359 1063 474 1098 Ἰακὼϐ,
509 1064 649 1091 παύσασθε
678 1065 884 1102 δυσφημοῦντες

88 1108 157 1134 αὐτόν
168 1118 174 1124 ·
192 1107 305 1143 ζητεῖτε
321 1109 351 1136 δὲ
370 1109 471 1145 μᾶλλον
485 1110 539 1136 τῶν
551 1110 705 1145 εἰρημένων
721 1110 785 1146 παρ’
800 1110 882 1137 αὑτοῦ

88 1154 129 1188 τὴν
139 1154 227 1189 ἀληθῆ
243 1155 382 1182 διάνοιαν.
399 1157 430 1183 Εἰ
442 1155 470 1182 δὲ
483 1156 535 1183 οὐκ
549 1154 583 1192 ἦν
595 1155 682 1191 ἅγιος,
694 1156 763 1192 πρὸς
780 1157 808 1183 δὲ
826 1159 883 1190 τοῖς

89 1199 167 1232 ἄλλοις
190 1200 283 1230 ἆπασι
311 1202 361 1229 καὶ
390 1202 469 1229 τοῦτο
493 1203 585 1238 λέγειν
604 1203 732 1238 τολμᾶτε,
763 1205 790 1230 τί
816 1204 884 1240 πρὺς

91 1247 248 1283 ἀνατροπὴν,
257 1248 299 1280 ὡς
310 1248 414 1283 οἴεσθε,
423 1249 478 1277 τῶν
489 1249 627 1277 τοσούτων
642 1250 691 1277 καὶ
702 1250 882 1285 τηλικούτων,

90 1292 174 1329 ἀνδρὸς
193 1295 244 1330 οὐχ
266 1295 350 1330 ἁγίου
369 1295 467 1332 φέρετε
490 1297 599 1332 φωνήν;
623 1297 810 1333 Παρελθόντες
828 1306 883 1324 τοι-

90 1339 181 1374 γαροῦν
207 1340 259 1373 τὰς
288 1342 371 1377 ὑμῶν
389 1342 522 1378 ἀμαθίας,
540 1343 748 1379 ἑρμηνεύσομεν
769 1343 829 1371 καθ’
853 1343 883 1371 ὂν

89 1386 125 1411 δεῖ
143 1386 243 1422 τρόπον
269 1388 321 1414 τοῦ
348 1388 521 1425 πατριάρχου
548 1390 611 1421 τοὺς
634 1389 742 1425 λόγους.
769 1390 813 1422 Ὠς
829 1390 883 1426 γὰρ

91 1431 151 1467 ἀνὴρ
167 1432 244 1466 ἅγιος
258 1434 309 1460 καὶ
326 1433 466 1470 Πνεύματι
479 1434 544 1469 θείῳ
562 1435 629 1470 πρὸς
646 1435 696 1470 τὴν
712 1435 814 1470 γνῶσιν
828 1435 883 1462 τῶν

91 1477 132 1513 τῆς
146 1477 289 1511 εὐσεϐείας
316 1479 461 1515 δογμάτων
484 1481 754 1517 παιδαγωγούμενος,
775 1482 883 1519 πρῶτον

937 884 1053 914 quantus
1076 878 1262 914 est,angelum
1281 879 1337 906 Deo
1355 878 1437 906 totius
1463 880 1582 906 universi
1613 879 1727 914 conjun-

937 933 1000 961 gere
1013 930 1040 953 et
1052 931 1147 961 putare
1163 930 1317 954 creaturam
1337 925 1418 953 simul
1430 933 1489 952 cum
1504 932 1536 952 eo
1547 933 1561 952 a
1575 933 1627 960 quo
1637 931 1729 954 creata

935 976 977 999 est
991 971 1152 999 benedicere
1166 971 1266 1006 posse?
1286 971 1314 998 Si
1333 979 1397 998 vero
1421 971 1473 999 hoc
1503 971 1651 999 absurdum
1677 977 1728 1006 est,

935 1017 1047 1045 audiant
1071 1025 1085 1044 a
1109 1017 1197 1046 nobis.
1218 1016 1247 1044 Si
1264 1021 1385 1044 sanctum
1401 1017 1512 1045 omnino
1529 1016 1612 1045 fuisse
1641 1017 1729 1045 virum

935 1062 1019 1091 Jacob
1032 1071 1189 1098 persuasum
1203 1063 1319 1095 habetis,
1337 1063 1453 1090 desinite
1477 1062 1611 1097 ejusmodi
1634 1067 1729 1091 contu-

935 1108 1016 1136 melia
1030 1115 1092 1135 eum
1103 1115 1219 1136 cncrare
1235 1117 1242 1136 :
1261 1112 1288 1135 at
1306 1108 1395 1142 potius
1418 1115 1511 1135 eorum
1528 1115 1588 1143 qua:
1599 1108 1668 1136 dixit
1680 1116 1728 1136 ve-

935 1162 994 1181 ram
1014 1154 1175 1182 sententiam
1191 1153 1363 1189 investigate.
1378 1152 1407 1181 Si
1420 1158 1510 1181 autem
1535 1159 1645 1182 sanctus
1675 1163 1728 1183 non

935 1200 997 1232 fuit,
1020 1205 1157 1235 etprmter
1169 1201 1221 1228 alia
1239 1201 1291 1228 hoc
1303 1200 1385 1228 etiam
1408 1201 1499 1228 dicere
1529 1202 1646 1234 audetis,
1678 1210 1730 1230 cur

935 1247 970 1274 ad
986 1247 1184 1275 subvertendas
1200 1254 1244 1274 res
1256 1246 1324 1274 tanti
1337 1247 1470 1274 momenti
1497 1249 1663 1276 auctoritate
1675 1249 1727 1276 viri

936 1300 988 1320 n0n
999 1292 1084 1320 sancti
1101 1292 1228 1320 utimini?
1252 1292 1387 1320 Cmterum
1416 1301 1465 1321 nos
1495 1294 1605 1322 omissis
1629 1295 1729 1322 vestris

935 1338 1130 1371 deliramentis,
1147 1338 1310 1373 patriarchae
1325 1339 1405 1366 verba
1421 1341 1556 1374 quomodo
1574 1340 1728 1376 intelligen-

935 1384 968 1412 da
980 1384 1045 1417 siut,
1060 1384 1269 1420 explicabimus.
1285 1384 1353 1412 Nam
1371 1390 1402 1413 ut
1418 1387 1460 1412 vir
1470 1390 1581 1414 sanctus
1594 1391 1621 1414 et
1636 1394 1650 1413 ιι
1667 1386 1729 1421 Spi-

936 1431 988 1458 ritu
1001 1431 1094 1459 divino
1111 1431 1144 1459 ad
1159 1431 1281 1459 notitiam
1301 1431 1456 1466 dogmatum
1478 1431 1589 1466 pietatis
1615 1432 1726 1465 ductus,

934 1478 1052 1513 primum
1065 1477 1174 1512 quidem
1186 1477 1254 1505 dixit
1275 1487 1282 1504 :
1302 1477 1375 1506 Deus
1391 1479 1436 1514 qui
1453 1479 1595 1507 nutritmc
1607 1479 1725 1514 ajuveu-

94 1524 136 1558 μὲν
163 1525 283 1561 ἔφησεν·
315 1527 345 1554 '0
369 1527 433 1559 Θεὸς
458 1528 472 1554 ὁ
493 1527 603 1563 τρέφων
641 1537 674 1564 με
698 1529 730 1556 ἐκ
759 1529 880 1565 νεότητός

949 1527 993 1550 ute
1023 1523 1248 1555 mea,benedicat
1264 1523 1355 1558 pueris
1370 1523 1457 1551 hisce.
1482 1524 1585 1552 Deinde
1608 1526 1666 1552 ait:
1697 1525 1729 1552 Et

93 1578 147 1604 μου,
164 1572 314 1608 εὐλογῆσαι
331 1573 366 1600 τὰ
385 1573 480 1600 παιδία
495 1573 591 1602 ταῦτα.
607 1572 675 1601 Εῐτά
695 1584 762 1611 φησι
776 1584 782 1590 ·
799 1576 854 1603 Καὶ
868 1576 882 1602 ὁ

93 1617 196 1651 ἄγγελος
214 1619 229 1645 ὁ
245 1619 383 1655 ρυόμενός
399 1629 432 1656 με
451 1621 483 1647 ὲκ
498 1621 607 1648 πάντων
626 1621 681 1649 τῶν
702 1622 796 1649 κακῶν
812 1631 863 1658 μου
873 1630 880 1638 ·

94 1664 131 1690 ἵνα
141 1664 182 1691 διὰ
195 1666 301 1700 μὲντοῦ
313 1666 418 1701 λέγειν,
432 1667 462 1694 Ὀ
470 1667 547 1704 ῥεὺς,
557 1669 677 1704 σημαίνῃ
691 1669 737 1696 τὸν
750 1669 858 1706 Πατέρα
872 1677 879 1685 '

95 1709 132 1736 διὰ
145 1710 173 1737 δὲ
184 1711 230 1738 τοῦ
252 1712 362 1746 λέγειν,
392 1713 421 1739 '0
433 1713 559 1747 ἄγγελος,
576 1713 622 1741 τὸν
641 1714 671 1747 ἐξ
683 1715 768 1742 αὑτοῦ
779 1715 879 1750 Λόγον.

96 1756 162 1791 ᾟδει
180 1757 234 1793 γὰρ
261 1758 306 1785 ὅτι
329 1758 453 1786 καλεῖται
479 1759 510 1786 τὸ
533 1759 619 1795 ὄνομα
645 1760 740 1794 αὑτοῦ,
760 1762 882 1797 μεγάλης

97 1802 183 1838 βουλῆς
199 1804 349 1840 Ἄγγελος.
368 1805 429 1832 Ὀτι
447 1805 476 1831 δὲ
488 1806 534 1832 τὸν
554 1806 619 1832 Υίὺν
634 1806 728 1833 ἐνθάδε
744 1808 822 1842 φησὶ,
836 1808 883 1834 καὶ

95 1850 122 1876 ιι)
134 1850 251 1878 τοιοῦτον
265 1851 399 1886 ἄγγελον,
413 1851 503 1878 ὁποῖον
521 1853 537 1887 ἡ
552 1852 683 1888 συνήθεια
695 1853 787 1880 δίδωσι
799 1855 882 1889 νοεῖν,

98 1895 208 1923 ἐντεῦθεν
219 1896 299 1924 ἔσται
312 1897 480 1932 καταφανές.
491 1897 618 1934 Εὶρηκὼς
629 1898 694 1934 γὰρ,
711 1899 741 1925 '0
754 1899 881 1934 ἄγγελος,

97 1941 137 1976 οὐχ
155 1942 242 1978 ἵστησι
265 1943 352 1980 μέχρι
375 1943 471 1970 τούτου
491 1943 537 1971 τὸν
562 1943 650 1978 λόγον.
676 1944 745 1971 ἀλλὰ
765 1946 883 1981 προστέ-

97 1989 192 2017 θεικεν·
212 2000 221 2017 ι
251 1992 286 2018 Ὀ
311 1993 444 2028 ρυὀμενός
469 2003 503 2029 με
527 1996 559 2022 ὲκ
582 1995 691 2022 πάντων
712 1995 766 2022 τῶν
789 1996 883 2023 κακῶν

99 2044 150 2070 μου.
165 2046 174 2063 ι
188 2038 249 2065 Ἰδω
256 2047 307 2074 μεν
322 2039 413 2068 τοίνυν
430 2042 462 2067 ὲκ
479 2041 533 2068 τῶν
549 2041 632 2068 αὑτοῦ
650 2042 830 2077 ῥημάτων,.εἰ
845 2043 883 2079 μὴ

98 2082 181 2115 άΘεὺς
193 2082 226 2120 ἦν
239 2086 257 2112 ὁ
275 2086 409 2122 ῥυόμενος
426 2087 518 2122 αὐτὸν,
535 2088 605 2115 ἀλλά
627 2097 669 2120 τις
690 2089 745 2115 τῶν
760 2089 882 2125 γενητῶν

98 2130 217 2164 ἀγγέλων.

935 1568 1046 1603 angelus
1061 1568 1107 1603 qui
1124 1568 1223 1596 liberat
1239 1576 1282 1596 me
1300 1568 1333 1596 ab
1343 1569 1469 1597 omnibus
1495 1569 1574 1597 malis
1589 1569 1675 1605 meis,
1700 1575 1730 1598 ut

934 1623 996 1643 cum
1009 1615 1239 1648 nominatDeum,
1255 1615 1387 1650 intelligat
1408 1615 1519 1644 Patrem
1536 1625 1543 1642 :
1560 1623 1622 1644 cum
1643 1624 1729 1652 ange-

934 1661 1010 1696 lum,
1037 1663 1155 1691 Vcrbum
1167 1671 1200 1690 ex
1224 1662 1306 1691 Patre
1327 1664 1473 1698 signiticet.
1518 1665 1626 1692 Sciebat
1656 1665 1728 1692 enim

935 1709 1026 1736 vocari
1042 1716 1140 1736 nomen
1153 1709 1222 1743 ejus,
1233 1709 1322 1744 magni
1343 1709 1451 1736 consilii
1466 1710 1583 1745 Angelus
1593 1710 1626 1737 ’³.
1653 1710 1729 1744 Quod

934 1761 999 1782 vero
1010 1753 1093 1782 Jacob
1109 1754 1253 1782 ibiFilium
1266 1754 1422 1790 signiﬁcare
1432 1755 1556 1789 voluerit,
1572 1763 1625 1782 non
1639 1760 1728 1782 autem

936 1799 1015 1827 talem
1028 1800 1166 1835 angelum,
1179 1801 1288 1834 qualem
1303 1801 1473 1827 consuetudo
1488 1805 1530 1827 est
1555 1808 1653 1828 vocare
1681 1809 1730 1828 au-

935 1847 1115 1882 gelum,inde
1130 1846 1304 1874 manifestum
1327 1851 1379 1874 est.
1403 1846 1470 1874 Cum
1498 1847 1582 1880 enim,
1606 1847 1729 1882 angelus,

934 1893 1013 1924 dixit.
1031 1899 1085 1920 non
1102 1891 1175 1919 sistit
1189 1892 1216 1919 in
1229 1898 1261 1919 co
1274 1898 1440 1924 sermonem,
1456 1891 1503 1918 sed
1534 1891 1629 1919 addit:
1649 1899 1659 1917 ι
1677 1891 1728 1924 Qui

935 1940 1035 1967 liberat
1050 1946 1095 1966 me
1106 1946 1140 1966 ex
1169 1938 1298 1966 omnibus
1329 1938 1408 1964 malis
1433 1937 1511 1964 meis.
1546 1946 1555 1963 ι
1583 1937 1729 1983 Videamus

935 1985 1026 2019 itaque
1040 1991 1073 2012 ex
1088 1983 1174 2018 ipsius
1187 1983 1290 2016 verbis,
1307 1990 1341 2010 an
1369 1989 1422 2009 non
1449 1982 1484 2009 sit
1502 1981 1573 2009 Deus
1596 1981 1647 2017 qui
1666 1989 1726 2010 eum

935 2032 1076 2059 liberatex
1089 2030 1219 2058 omnibus
1231 2029 1309 2057 malis
1332 2028 1401 2061 suis,
1417 2029 1463 2056 sed
1480 2027 1580 2063 aliquis
1594 2035 1628 2055 ex
1643 2035 1728 2063 ange-

936 2079 969 2106 lis
982 2078 1094 2106 creatis.

105 2186 260 2230 ’Δπςξδειξις
279 2190 414 2230 ςφεξῆςι
427 2190 482 2231 ὅτι.
495 2191 568 2223 Θεὸς
584 2189 627 2231 ἦνξ
645 2193 661 2219 ὀ
680 2193 836 2231 ρυᾴίιενος
849 2192 880 2219 ἐκ

947 2192 1140 2219 Demonstralur
1172 2190 1263 2231 Deum.
1281 2189 1364 2223 fuisse
1393 2188 1439 2231 qui
1463 2187 1582 2231 liberavit
1611 2187 1728 2222 patriar-

129 2226 243 2251 πάντων
258 2226 318 2252 τῶν
337 2226 438 2253 κακῶν
452 2227 507 2253 τὸν
520 2226 710 2262 πατριάρχην
731 2227 845 2255 Ἰακώϐ.

130 2281 237 2315 Λέγεται
263 2283 397 2310 παλαῖσαι
422 2283 490 2319 πρὸς
516 2284 562 2311 τὸν
582 2284 756 2320 πατριάρχην
784 2284 882 2311 Ἰακὼϐ

101 2326 208 2360 ἄγγελος,
236 2329 286 2356 καὶ
309 2330 389 2357 τοῦτο
415 2331 504 2357 κεῖται
529 2331 605 2366 παρὰ
629 2332 662 2367 τῇ
686 2330 746 2366 θείᾳ
773 2331 880 2366 Γραφῇ.

105 2372 173 2400 Ἀλλὰ
190 2375 299 2410 συπχὼν
323 2376 405 2403 αὐτὸν
425 2377 439 2403 ὁ
457 2377 534 2410 ἅγιος
551 2376 687 2411 ἔφασκεν·
709 2386 717 2403 ι
741 2377 778 2403 Οὺ
800 2378 836 2412 μή
853 2385 883 2404 σε

102 2418 157 2451 ἀνῶ,
176 2420 221 2447 ἐὰν
241 2421 279 2456 μή
305 2430 340 2457 με
356 2421 517 2458 εὐλογήσῃς.
537 2432 546 2449 ι
566 2420 620 2450 Ἦν
642 2423 670 2450 δὲ
684 2419 761 2456 οὗτος
778 2423 792 2449 ὁ
805 2424 880 2455 Θεός.

102 2463 175 2491 Αὐτοῦ
198 2475 227 2492 τε
250 2466 300 2493 τοῦ
321 2467 491 2504 πατριάρχου
512 2468 625 2504 φέρεται
645 2470 738 2505 φωνή·
770 2478 779 2495 ι
807 2467 882 2496 Εἶδον

103 2508 157 2536 Θεὸν
172 2511 318 2547 πρόσωπον
344 2513 413 2547 πρὸς
432 2513 588 2548 πρόσωπον.
617 2523 627 2540 ›
653 2513 753 2541 Τοῦτον
779 2513 824 2540 τὸν
845 2514 883 2545 ὡς

102 2554 200 2589 ἄγγελον
222 2557 298 2593 αὑτῷ
337 2557 454 2592 ὀφθέντα
488 2559 640 2595 παρεκάλει
668 2560 724 2592 τοῖς
757 2559 881 2593 ἐκγόνοις

104 2599 242 2638 ἐπιπέμψαι
258 2603 308 2638 τὴν
328 2602 464 2637 εὐλογίαν.

301 2665 404 2698 ΔΛΛΟ,
424 2665 459 2692 ἐκ
479 2665 538 2692 τῶν
560 2665 671 2693 αὐτῶν.

133 2721 211 2758 Ὠφθη
233 2723 274 2758 τῷ
296 2723 456 2759 πατριάρχῃ
478 2723 581 2758 Κύριος
597 2724 611 2750 ὁ
629 2723 705 2756 Θεὸς,
727 2723 764 2754 ὡς
781 2722 883 2758 γέγρα-

104 2772 165 2799 πται,
180 2769 222 2794 καὶ
239 2767 321 2795 εἶπεν
339 2768 430 2803 αὐτῷ·
452 2777 461 2794 ι
490 2769 556 2795 Ἰδοὺ
573 2769 628 2803 ἐγὼ
649 2768 717 2804 μετὰ
743 2768 800 2801 σοῦ,
822 2769 882 2795 δια-

131 2855 149 2870 "
164 2856 223 2885 Gen.
240 2865 341 2890 sum,
364 2857 404 2884 16.

1095 2227 1170 2254 citam
1185 2224 1268 2252 Iacob
1284 2232 1316 2251 ea:
1328 2224 1447 2250 euntibus
1458 2223 1546 2250 nullis.

970 2284 1091 2319 Angelus
1109 2283 1227 2310 luctatus
1241 2288 1301 2309 esse
1315 2280 1415 2308 dicitur
1431 2287 1492 2307 cutn
1506 2279 1662 2314 patriarcha
1680 2277 1727 2306 Ja-

935 2331 996 2364 cob,
1009 2331 1090 2365 idque
1105 2329 1195 2356 divitia
1205 2328 1347 2362 Scriptura
1363 2331 1489 2353 testatur.
1503 2327 1538 2352 At
1551 2330 1663 2353 sanctus
1688 2333 1725 2352 rc-

935 2377 1025 2404 tinens
1036 2384 1110 2408 eum,
1123 2375 1210 2402 dixit:
1225 2382 1234 2400 ι
1253 2372 1311 2401 Νοιι
1327 2372 1460 2400 dimittam
1479 2376 1513 2404 te,
1528 2372 1578 2398 nisi
1595 2371 1660 2398 mihi
1681 2371 1728 2398 be-

936 2421 1046 2450 nedicas
1057 2422 1090 2449 9*.
1108 2431 1117 2447 ›
1147 2421 1212 2447 Erat
1229 2423 1317 2446 autem
1339 2419 1361 2446 is
1371 2419 1450 2446 Deus.
1468 2417 1545 2451 Quod
1574 2422 1602 2444 et
1641 2416 1726 2451 ipsius

936 2468 1098 2502 patriarcha:
1110 2467 1192 2494 verba
1203 2466 1348 2494 ostendunt
1360 2464 1476 2492 dicentis
1491 2472 1497 2490 :
1511 2462 1573 2490 Vidi
1590 2462 1672 2489 Deum
1687 2463 1727 2489 ia-

937 2514 977 2541 cie
995 2514 1028 2540 ad
1040 2513 1138 2540 faciem
1155 2513 1189 2539 9’.
1207 2522 1216 2538 ι
1234 2513 1310 2540 Hunc
1333 2511 1424 2545 itaque
1439 2510 1485 2544 qui
1504 2513 1532 2537 ut
1549 2509 1660 2544 angelus
1675 2508 1725 2544 ipsi

937 2561 1012 2588 visus
1022 2565 1076 2593 est,
1091 2564 1167 2594 rogat
1182 2563 1212 2586 ut
1224 2557 1474 2595 puerisbeuedicat.

1205 2660 1321 2694 ALIUD,
1331 2669 1363 2687 ea:
1376 2660 1479 2687 iisdem.

973 2719 1055 2747 Visus
1063 2723 1104 2747 est
1120 2719 1284 2755 patriarcha:
1301 2719 1433 2746 Dominus
1450 2718 1530 2750 Deus,
1544 2721 1574 2744 ut
1595 2715 1726 2751 scriptum

936 2771 989 2799 cst,
1006 2771 1034 2794 et
1048 2766 1118 2794 dixit
1133 2766 1177 2793 ei:
1196 2775 1205 2792 ι
1225 2765 1294 2792 Ecce
1308 2773 1358 2800 ego
1377 2765 1455 2800 117
1474 2770 1562 2793 tecum
1590 2770 1662 2796 sum,
1678 2769 1725 2790 cu-

445 2857 467 2874 ”
488 2856 541 2885 isa.
560 2865 595 2891 Ix,
613 2857 628 2884 6
646 2864 700 2886 sec.
723 2856 804 2884 LXX.
844 2857 866 2873 "
884 2856 950 2884 Gen.
969 2864 1055 2890 xxxii,
1073 2855 1171 2884 ﬂi—Qb’.
1210 2856 1232 2872 θ’
1251 2854 1317 2882 ibid.
1332 2855 1376 2882 '50.

1677 105 1728 135 196
1776 125 1780 138 τ
