1904 3026
169 97 221 125 195

662 91 692 121 S.
713 91 850 119 CYRILLI
870 88 1102 118 ALEXANDRINI
1122 88 1282 116 ARCHIEP.

1746 86 1802 115 195

167 153 290 182 stodiens
307 157 332 180 te
350 151 377 180 iu
391 150 432 180 via
448 159 610 187 quocunque
629 150 693 178 ieris
707 151 741 176 ".
763 159 773 176 ι
789 149 859 176 Deus
875 148 956 183 igitur

1032 147 1151 174 υλάσσων
1169 155 1198 172 σε
1224 147 1254 173 ὲν
1270 147 1303 182 τῇ
1316 145 1367 181 ὁδῷ
1384 143 1414 173 οῦ
1431 145 1478 172 ἐὰν
1501 143 1646 180 Μρευθῇς.
1665 153 1675 169 ι
1691 143 1804 170 Οὐκοῦν

168 204 228 227 erat
244 199 290 235 qui
305 198 439 231 liberavit,
452 206 505 226 non
523 198 647 232 angelus.
668 196 702 223 Et
715 203 810 224 rursus
828 204 835 222 :
849 195 958 229 quando

169 245 260 273 Lahan
272 249 432 280 persecutus
444 248 484 271 est
496 242 579 270 Jacoh
594 247 622 269 et
643 240 858 275 comprehendit,
895 245 959 267 tunc

169 298 276 326 quoque
290 290 360 317 Deus
373 289 511 324 prohibuit
530 288 699 318 violentiam,
715 294 769 313 non
798 285 959 320 permittens

170 336 270 372 alloqui
282 336 377 364 Jacob.
390 336 467 369 Quod
487 340 577 361 autem
594 334 666 360 Deus
694 333 751 360 haec
776 331 813 359 illi
832 331 960 366 praestita

170 382 217 416 rit,
236 383 350 416 ipsemet
366 385 484 408 testatur
495 379 624 406 uxoribus
649 377 705 404 suis
727 376 819 404 dicens
836 385 842 403 :
871 386 880 402 ι
900 375 959 404 Non

170 428 245 456 dedit
261 427 330 455 Deus
341 432 504 462 poleslatetn
515 425 606 452 Lahan
623 423 809 451 malefaciendi
826 424 890 451 mihi
906 424 956 450 ".1

170 472 277 501 Rursus
293 480 354 500 cum
366 472 450 498 frater
466 470 536 498 Esau
553 470 601 505 ipsi
620 469 806 501 insidiaretur,
819 478 872 498 non
885 470 961 498 invo-

171 520 244 547 cavit
259 518 393 553 angelum,
410 516 457 544 sed
469 516 564 548 Deum,
576 515 683 543 dicens:
698 524 707 540 ι
726 514 807 550 Eripe
840 523 893 548 me,
909 515 961 544 Do-

171 566 255 597 mine,
273 565 306 591 de
327 570 408 590 manu
424 561 518 588 fratris
537 561 588 588 mei
604 559 687 593 Esau,
715 561 777 595 quia
797 560 878 589 timeo
917 561 960 596 ip-

171 618 230 637 sum
245 609 278 636 “.

171 717 287 750 ALIUD,
309 725 355 752 per
383 716 645 758 demonstrationem,
668 716 738 758 quod
770 715 884 742 Verbum
900 714 961 748 Dei,

429 756 526 786 species
541 756 624 785 ipsius
637 756 686 779 eu.

1007 193 1073 225 Θεὸς
1085 191 1118 229 ἧν
1133 194 1147 219 ὁ
1164 193 1304 229 ῥυόμενος,
1319 194 1365 219 καὶ
1376 193 1426 219 οὐκ
1436 191 1561 226 ἄγγελος.
1576 191 1632 218 Καὶ
1646 189 1742 222 πάλιν,
1753 189 1803 216 ὅτε

1007 240 1101 267 Λὰϐαν
1123 238 1270 271 κατεδίωξε
1294 239 1339 265 τὸν
1370 237 1466 265 Ἰακὼὸ
1486 238 1534 264 καὶ
1553 235 1705 266 κατέλαϐε.
1736 235 1804 261 τότε

1008 286 1090 313 πάλιν
1105 286 1172 317 Θεὸς
1191 284 1331 312 κεκώλυκε
1345 285 1394 320 τὴν
1410 284 1552 319 ἐπήρειαν,
1568 283 1598 310 οὐ
1615 281 1804 317 συγχωρήσας

1009 331 1123 367 λαλῆσαι
1135 332 1244 367 ῥήματα
1259 330 1326 366 πρὸς
1338 330 1384 356 τὸν
1401 329 1509 356 Ἰακώϐ.
1526 329 1585 355 ’Ὁτι
1598 328 1626 355 δὲ
1640 327 1708 359 Θεὸς
1723 326 1804 361 αὐτῷ

1009 378 1058 404 καὶ
1073 376 1152 403 τοῦτο
1165 376 1304 412 ἐξήνυσεν,
1323 375 1404 407 αὐτὸς
1418 375 1494 402 ἔσται
1512 374 1616 410 μάρτυς
1632 373 1719 407 λέγων
1731 372 1804 408 πρὸς

1009 424 1058 454 τὰς
1076 422 1174 450 ἑαυτοῦ
1193 423 1325 456 γυναῖκας
1337 430 1343 437 ·
1364 431 1374 448 ι
1394 422 1450 448 Οὐκ
1470 421 1568 447 ἔδωκεν
1582 420 1597 446 ὀ
1610 419 1676 450 Θεὸς
1691 419 1729 454 τῷ
1745 418 1805 445 Ad-

1011 470 1061 496 δαν
1083 468 1269 503 κακοποιῆσαι
1292 476 1335 503 με.
1357 476 1366 492 ι
1382 466 1437 494 Καὶ
1457 465 1537 493 πάλιν
1560 464 1806 499 ἑπιὸουλευόμενος

1011 516 1086 551 παρὰ
1108 515 1154 542 τοῦ
1176 514 1291 549 ἀδελφοῦ
1313 513 1409 545 Ἠσαῦ,
1426 513 1475 540 οὐκ
1495 511 1610 546 ἄγγελον
1629 510 1806 543 ἐπεκαλεῖτο,

1011 563 1080 591 ἀλλὰ
1095 563 1161 590 Θεὸν
1184 561 1332 597 παρεκάλει
1349 559 1432 595 βοῶν·
1460 569 1469 585 ‹
1501 557 1608 592 Ἐξελοῦ
1631 566 1675 593 με,
1702 556 1806 592 Κύριε,

1012 611 1043 636 ὲκ
1071 607 1162 644 χειρὸς
1185 607 1233 634 τοῦ
1257 604 1371 640 ἀδελφοῦ
1397 613 1448 640 μου
1472 603 1568 637 Ἡσαῦ,
1595 603 1637 629 ὅτι
1663 600 1807 636 φοδοῦμαι

1012 655 1104 682 αὐτόν.
1129 663 1138 680 ι

1014 722 1115 754 ΛΛΔΟ,
1135 718 1357 754 ἀποδεικτικῶς,
1376 718 1420 745 ὅτι
1432 717 1575 754 κόνΛότος
1596 716 1649 743 τοῦ
1669 715 1755 750 Θεοῦ,
1772 714 1810 742 τὸ

1255 753 1336 788 εἶδος
1351 753 1444 781 αὑτοῦ
1459 753 1554 780 ἐστιν.

206 821 337 850 Scrvator
352 820 449 848 alicubi
469 820 501 847 ad
513 818 620 847 Iudaeos
630 819 773 846 admodum
784 818 961 847 refractarios

1047 823 1130 857 Λέγει
1157 830 1208 849 που
1234 821 1301 857 προς
1331 820 1477 851 Ἰουδαίους
1499 819 1561 846 λίαν
1587 817 1769 849 ἀπειθοῦντας
1795 818 1811 844 ὸ

170 867 251 895 dicit:
269 875 278 892 ι
299 865 348 898 Qui
362 872 405 892 me
423 864 495 891 misit
508 863 601 895 Pater.
622 863 668 890 ille
684 863 869 891 testimonium
898 871 958 898 per-

170 911 259 938 hibuit
294 910 327 936 de
358 915 412 941 me,
445 908 522 942 cujus
546 915 639 936 vocem
683 915 732 936 nec
757 915 804 936 vos
847 916 963 944 unquam

172 955 297 988 audistis,
310 962 397 990 neque
405 955 524 989 speciem
535 954 594 989 ejus
606 954 723 987 vidistis,
733 959 760 981 et
775 955 889 982 verbum
907 955 965 989 ejus

171 1011 225 1031 non
242 1002 347 1030 habetis
367 1008 479 1028 manens
496 1001 523 1028 in
537 1001 633 1028 vobis:
656 1001 720 1036 quia
735 1008 815 1036 quem
843 1000 888 1028 ille
915 1002 966 1029 mi-

171 1051 217 1083 sit,
247 1049 310 1076 huic
338 1056 387 1076 vos
404 1056 456 1076 non
486 1048 610 1076 creditis.
630 1058 641 1075 ι
663 1048 730 1082 Quia
746 1049 828 1084 igitur
845 1056 896 1077 non
908 1055 966 1076 cre-

171 1093 396 1123 dideruntVerbo
409 1101 442 1121 ex
460 1093 539 1121 Putre
557 1094 651 1126 misso,
672 1093 801 1121 dicuntur
813 1101 903 1128 neque
918 1101 967 1121 vo-

171 1149 230 1170 cem
243 1141 293 1168 Dei
307 1141 428 1173 audisse,
457 1147 545 1175 neque
568 1140 684 1175 speciem
703 1139 762 1175 ejus
781 1147 897 1174 unquam
927 1140 967 1167 vi-

172 1187 304 1220 disse,sed
316 1194 403 1222 neque
420 1186 520 1214 habere
539 1186 694 1214 inhabitans
711 1186 737 1213 in
757 1186 826 1222 ipsis
843 1186 965 1214 verbum.

171 1233 255 1267 Atqui
293 1231 467 1258 manifestum
495 1231 546 1259 hoc
571 1231 754 1266 omnibusque
792 1231 966 1266 perspicuum

173 1286 234 1306 esse
247 1283 345 1313 potest,
367 1278 390 1304 si
402 1277 574 1311 recepissent
603 1285 664 1304 eum
694 1277 741 1312 qui
772 1277 869 1304 missus
897 1281 967 1310 erat,

173 1332 266 1352 vocem
279 1331 388 1359 quoque
407 1323 453 1350 Dei
469 1324 621 1356 audissent,
637 1327 663 1350 et
679 1323 796 1358 speciem
813 1322 870 1356 ejus
885 1323 968 1350 vidis-

179 1373 252 1401 sent,
263 1374 289 1395 et
302 1368 459 1395 habuissent
470 1367 623 1395 inhabitans
637 1367 664 1395 in
678 1368 742 1402 ipsis
761 1367 893 1394 Verbum.
905 1367 967 1395 llaec

174 1414 255 1450 igitur
276 1414 366 1441 omnia
383 1419 425 1441 est
436 1413 520 1441 Filius
536 1422 543 1440 :
576 1414 705 1441 nimirum
721 1421 784 1446 vox,
810 1415 924 1448 species.
941 1418 968 1441 et

159 1501 162 1503 _
176 1460 294 1488 Verbum
315 1460 416 1487 Patris.
435 1460 463 1487 Si
479 1465 568 1488 autem
581 1461 685 1495 species
697 1464 750 1494 est,
767 1465 841 1487 certe
856 1466 883 1487 et
901 1460 968 1487 inta-

1016 870 1113 905 Σωτήρ
1122 878 1129 885 ·
1144 878 1153 895 ι
1172 869 1202 895 '0
1211 867 1320 903 πέμψας
1333 875 1365 902 με
1376 866 1480 902 Πατὴρ,
1493 866 1596 896 ἐκεῖνος
1610 864 1812 900 μεμαρτύρηκε

1016 916 1082 952 περὶ
1092 915 1171 951 ἐμοῦ,
1187 914 1250 941 οὕτε
1266 914 1358 948 φωνὴν
1372 913 1453 939 αὐτοῦ
1465 911 1600 947 ἀκηκόατε
1615 909 1813 942 πώποτε,οῠτε

1016 960 1086 994 εἶδος
1099 961 1182 989 αὑτοῦ
1199 959 1352 995 ἑωράκατε,
1365 959 1413 986 καὶ
1424 958 1469 985 τὸν
1480 958 1559 992 λόγον
1571 957 1654 985 αὑτοῦ
1666 957 1716 984 οὐκ
1730 955 1812 991 ἔχετε

1016 1009 1047 1036 ὲν
1065 1009 1129 1044 ὑμῖν
1151 1007 1279 1043 μένοντα,
1294 1006 1336 1032 ὅτι
1351 1005 1380 1031 ὃν
1403 1003 1564 1032 ἀπέστειλεν
1581 1004 1696 1033 ἐκεῖνος,
1719 1001 1813 1036 τούτῳ

1017 1057 1098 1092 ὑμεῖς
1112 1055 1143 1082 οὐ
1162 1053 1318 1081 πιστεύετε.
1337 1061 1347 1079 ι
1366 1051 1462 1078 Τοίνυν
1479 1051 1519 1078 ὅτι
1541 1051 1580 1085 μὴ
1605 1048 1814 1075 πεπιστεύκασι

1017 1103 1056 1138 τῷ
1072 1103 1105 1129 ὲκ
1119 1100 1167 1128 τοῦ
1182 1099 1289 1136 Πατρδς
1309 1097 1488 1126 ἀποσταλέντι
1501 1097 1590 1132 Λόγῳ,
1606 1095 1668 1122 οὔτε
1686 1095 1736 1129 τῆς
1754 1103 1814 1138 φω-

1017 1137 1066 1184 νῆς
1082 1147 1230 1183 ἀκηκοέναι
1250 1146 1373 1180 λέγονται
1386 1144 1432 1172 τοῦ
1448 1142 1527 1174 Θεοῦ,
1547 1141 1609 1169 οὔτε
1628 1140 1681 1176 μὴν
1695 1140 1725 1167 τὸ
1740 1137 1814 1171 εἶδος

1018 1194 1100 1223 αὑτοῦ
1117 1193 1261 1220 τεθεᾶσθαι
1284 1191 1406 1223 πώποτε,
1421 1189 1477 1217 ἀλλ’
1494 1187 1556 1215 οῦτε
1582 1187 1654 1223 ἔχειν
1668 1187 1697 1213 ἒν
1719 1185 1814 1216 αὐτοῖς

1019 1239 1177 1267 ἐνοικοῦντα
1192 1238 1238 1264 τὸν
1254 1237 1344 1271 λόγον.
1361 1236 1439 1262 Ἔστι
1456 1233 1488 1270 δὴ
1509 1232 1602 1261 λοιπὸν
1621 1231 1708 1259 ἅπασι
1724 1229 1814 1264 σαφὲς

1019 1286 1066 1313 καὶ
1081 1285 1256 1316 εὐσύνοπτον,
1271 1283 1378 1316 ὅτιπερ,
1394 1282 1417 1307 εί
1432 1279 1558 1312 ἐδέξαντο
1572 1278 1619 1305 τὸν
1635 1274 1814 1310 ἀπεσταλμέ-

1019 1339 1073 1362 νον,
1089 1330 1210 1365 ἤκουσαν
1224 1327 1257 1354 ἂν
1274 1326 1321 1353 καὶ
1338 1325 1386 1360 τῆς
1405 1324 1499 1359 φωνῆς
1509 1323 1556 1350 τοῦ
1574 1321 1653 1354 Θεοῦ,
1669 1321 1716 1348 καὶ
1730 1319 1763 1346 τὺ
1775 1316 1816 1345 εἶ-

1018 1377 1063 1408 δος
1075 1376 1222 1403 ἐθεάσαντο
1236 1373 1328 1406 αὑτοῦ,
1342 1373 1389 1399 καὶ
1401 1369 1474 1406 εἶχον
1484 1369 1639 1396 ἐνοικοῦντα
1655 1368 1702 1394 τὸν
1712 1367 1814 1400 Λόγον.

1019 1420 1112 1447 Ταῦτα
1136 1419 1225 1446 τοίνυν
1243 1418 1332 1444 πάντα
1352 1417 1425 1443 ἐστὶν
1442 1417 1456 1442 ό
1478 1415 1551 1447 Υἱὸς,
1569 1413 1645 1448 φωνὴ
1667 1412 1716 1439 καὶ
1731 1409 1813 1444 εἶδος,

1019 1466 1066 1494 καὶ
1081 1466 1166 1500 Λόγος
1187 1463 1234 1491 τοῦ
1255 1463 1371 1499 Πατρός.
1390 1463 1421 1489 Εἰ
1439 1462 1467 1489 δὲ
1489 1459 1558 1493 εἶδός
1580 1460 1647 1492 ἐστι,
1669 1457 1749 1492 δῆλον
1772 1458 1816 1484 ὅτι

174 1514 219 1542 κο,
234 1511 260 1534 et
273 1507 423 1533 character
437 1510 478 1533 est
490 1507 510 1533 '.
526 1506 633 1534 Habcns
645 1506 737 1541 itaque
768 1510 797 1533 ut
825 1505 964 1532 character

1032 1512 1065 1538 Lai.
1081 1511 1162 1538 εἰκὼν
1178 1510 1226 1537 καὶ
1247 1509 1401 1545 χαρακτήρ.
1429 1508 1520 1543 Ἐχων
1540 1504 1585 1533 οὖν
1607 1505 1645 1536 ὠς
1668 1504 1816 1540 χαρακτὴρ

175 1552 202 1578 in
217 1559 247 1578 se
262 1550 424 1578 naturaliter
447 1551 637 1585 archetypum,
665 1550 723 1577 sive
748 1549 886 1585 exemplar
911 1549 969 1584 ejus

176 1597 254 1632 cujus
271 1601 313 1624 est
325 1597 479 1628 character,
497 1603 560 1623 vere
581 1596 665 1624 dicit:
688 1605 696 1621 ι
713 1594 768 1630 Ego
785 1597 810 1624 in
837 1596 928 1628 Patre,
942 1600 970 1623 et

177 1644 258 1670 Pater
274 1643 300 1671 in
319 1650 362 1670 me
378 1643 401 1676 ¹;
425 1651 434 1668 ι
463 1646 501 1674 et,
524 1651 533 1668 ι
562 1641 618 1677 Ego
650 1647 677 1669 et
703 1641 784 1670 Pater
811 1649 893 1669 unum
921 1649 969 1670 su-

178 1697 238 1717 mus
257 1690 278 1716 ³.
297 1698 307 1715 ι

213 1753 329 1787 ALIUD.
347 1754 484 1782 ostendens
495 1753 569 1816 quo;
579 1753 690 1795 Verbum
712 1759 818 1783 vocetur
837 1754 935 1788 speciei

569 1798 605 1816 ll.

569 1798 605 1817 ll.

215 1845 375 1873 Patriarcha
387 1844 472 1873 Iacob
484 1845 695 1880 cognominatus
712 1845 765 1872 fuit
784 1844 929 1879 aliquando
954 1851 969 1872 ι

179 1892 235 1921 Deo
250 1890 346 1919 Israel.
375 1900 385 1918 ι
405 1891 484 1923 Nam,
498 1895 526 1918 ul
541 1891 629 1926 inquit
643 1891 795 1925 Scriptura,
806 1895 917 1918 exortus
930 1895 972 1918 cst

183 1938 208 1965 ei
230 1937 270 1965 sol
283 1934 392 1972 quando
407 1937 644 1971 transiritspeeies
658 1936 703 1964 Dei
717 1936 737 1963 ⁸.
758 1946 768 1963 ι
784 1935 894 1971 Spemes
925 1943 971 1962 au-

181 1989 234 2012 tem
251 1984 300 2012 Dei
315 1984 444 2019 quidnam
462 1983 533 2011 aliud
546 1983 592 2015 sit,
606 1990 687 2017 quant
708 1983 731 2010 is
741 1983 785 2017 qui
806 1983 889 2010 libere
914 1981 971 2009 cla-

180 2035 256 2058 mat:
271 2039 282 2056 ι
296 2029 347 2064 Qui
366 2030 432 2057 vidit
445 2037 498 2061 me,
517 2029 581 2056 vidit
594 2033 622 2056 et
635 2028 743 2056 Patrem
755 2029 777 2056 ⁵.
811 2028 866 2063 Ego
881 2028 908 2055 in
922 2027 972 2054 Pa-

180 2081 232 2108 tre,
242 2081 269 2103 et
286 2076 365 2103 Pater
375 2076 402 2103 in
423 2083 484 2108 me;
504 2084 513 2101 ι
531 2080 568 2107 ct,
580 2085 590 2101 ί
608 2074 663 2110 Ego
680 2080 706 2102 et
724 2075 804 2102 Pater
820 2082 902 2102 unum
926 2082 973 2102 su-

182 2129 241 2150 mus
253 2122 264 2149 '!
287 2131 296 2149 ι

255 2219 418 2255 Objection:
430 2220 542 2248 hostium
557 2219 656 2247 Christi
666 2219 749 2254 plena
759 2219 902 2253 impietate.

218 2320 357 2353 Servatur.
377 2319 513 2356 inquiunt,
528 2321 586 2355 ipse
600 2320 706 2347 Patrem
721 2327 799 2346 suum
827 2327 875 2354 pro
896 2319 974 2347 disci-

183 2366 253 2400 pulis
268 2366 335 2398 suis.
350 2373 454 2401 proque
467 2366 601 2393 univorsis
615 2366 660 2400 qui
675 2366 755 2400 118
769 2366 795 2391 in
811 2366 897 2400 ipsutn
912 2373 972 2393 cre-

183 2413 260 2445 dunt,
274 2417 343 2445 orat,
369 2412 405 2439 ita
429 2413 521 2440 dicens
538 2421 544 2438 :
569 2420 578 2437 ι
599 2410 679 2438 Pater
692 2416 794 2443 sancte,
807 2411 910 2439 custodi
925 2419 972 2439 eos

184 2457 211 2484 iu
241 2457 350 2484 nomine
377 2462 422 2484 tuo
447 2465 516 2491 quos
542 2457 637 2484 dedisti
668 2457 744 2490 mihi,
764 2462 792 2484 ut
806 2457 860 2484 sint
889 2465 972 2484 unum

184 2502 254 2530 sicut
263 2507 290 2530 et
305 2511 354 2531 nos
374 2503 395 2531 ⁸.
415 2513 424 2529 ι
442 2503 476 2530 Et
488 2503 566 2537 paulo
583 2508 663 2538 post:
683 2513 692 2529 ι
710 2503 766 2532 Nec
779 2512 827 2539 pro
852 2504 911 2532 istis
927 2511 971 2532 so-

185 2547 218 2575 lis
233 2556 310 2583 rogo.
321 2549 369 2576 sed
379 2549 460 2576 etiam
475 2556 525 2584 pro
557 2549 728 2578 credentibus
745 2557 792 2585 per
818 2558 970 2578 sermonem

184 2600 276 2620 eorum
287 2593 313 2620 iu
331 2602 391 2621 me:
409 2599 436 2620 ut
446 2601 540 2621 omnes
557 2602 638 2622 unum
653 2596 719 2629 sint,
739 2598 809 2623 sicut
826 2601 864 2628 tu,
882 2596 971 2628 Pater,

186 2638 212 2665 iu
229 2643 319 2671 me,et
337 2647 386 2674 ego
400 2639 473 2674 inte,
490 2646 518 2668 ut
534 2647 560 2668 et
575 2642 625 2676 ipsi
647 2642 675 2670 iu
687 2643 764 2670 nobis
789 2651 875 2670 unum
893 2643 967 2676 sint;

185 2689 216 2711 ut
230 2684 346 2712 mundus
354 2686 446 2714 credat
461 2689 532 2722 quod
551 2693 578 2714 tu
602 2695 646 2716 me
666 2688 774 2716 misisti.
791 2689 825 2716 Et
847 2696 897 2723 ego
915 2688 971 2724 glo-

224 2770 248 2787 “
261 2772 329 2809 Gen.
346 2782 439 2808 xxrnt,
456 2776 502 2804 25.
540 2777 562 2793 "
580 2777 648 2804 Gen.
668 2785 742 2809 xxxt,
761 2777 786 2803 7.
825 2777 847 2792 "
862 2776 931 2804 Gen.
946 2784 1032 2808 xxxn.
1054 2776 1096 2804 Η.

1021 1557 1097 1586 κατὰ,
1118 1555 1199 1590 φύσιν
1222 1555 1250 1581 ὲν
1267 1554 1357 1589 ἑαυτῷ
1373 1553 1403 1580 τὸ
1426 1553 1613 1588 πρωτότυπον,
1630 1547 1660 1577 οὗ
1683 1550 1732 1576 καὶ
1757 1549 1816 1575 ἔστι

1021 1601 1175 1638 χαρακτὴρ,
1191 1600 1337 1635 ἀληθεύσει
1353 1599 1443 1633 λέγων
1455 1607 1461 1613 ·
1479 1607 1488 1624 ι
1510 1597 1580 1631 Ἐγὼ
1604 1598 1632 1623 ὲν
1654 1595 1694 1630 τῷ
1714 1595 1815 1630 lia-cpt,

1020 1649 1069 1676 καὶ
1082 1649 1096 1674 ὁ
1110 1646 1205 1683 Πατὴρ
1220 1648 1248 1673 ἐν
1265 1645 1326 1682 ὲμοί
1336 1653 1342 1660 ·
1363 1655 1372 1672 ι
1392 1645 1450 1679 καὶ,
1467 1653 1476 1670 ι
1500 1643 1570 1678 Ἐγὼ
1584 1643 1632 1669 καὶ
1648 1643 1662 1668 ὸ
1676 1641 1772 1677 Πατὴρ
1785 1641 1817 1668 ἓν

1021 1695 1115 1729 ἐσμεν.
1140 1702 1149 1719 ι

1021 1761 1125 1792 ΛΛΛΟ,
1158 1758 1308 1794 σημαῖνον
1338 1757 1409 1820 ὅτλό
1419 1754 1499 1788 εἶδος
1535 1753 1609 1782 Θεοῦ
1637 1752 1774 1780 καλεῖται
1801 1753 1818 1778 ὁ

1410 1800 1474 1820 γορ.

1410 1800 1474 1826 roc-

1064 1851 1094 1879 '0
1118 1851 1291 1887 πατριάρχης
1320 1847 1417 1875 Ἰακὼὸ
1442 1845 1640 1883 μετωνομάσθη
1667 1844 1745 1879 παρὰ
1768 1841 1816 1868 τοῦ

1022 1897 1090 1926 Θεοῦ
1111 1898 1158 1924 καὶ
1172 1897 1302 1931 κέκληται
1326 1895 1398 1922 κατὰ.
1415 1902 1475 1921 τινα
1494 1893 1590 1929 χρόνον
1619 1889 1738 1926 Ἰσραὴλ,
1760 1889 1816 1919 ὅτε,

1022 1944 1096 1972 καθά
1106 1952 1188 1979 φησιν
1199 1943 1216 1978 ὴ
1230 1942 1290 1969 Θεία
1301 1940 1407 1976 Γραφὴ,
1427 1949 1435 1965 ι
1456 1937 1604 1965 Ἀνέτειλεν
1618 1935 1692 1971 αὐτῷ
1704 1936 1718 1962 ό
1729 1932 1815 1979 ἥλιος,

1024 1991 1107 2028 ἡνίκα
1121 1989 1246 2025 παρῆλθε
1261 1988 1292 2015 τὸ
1307 1986 1375 2019 εἶδος
1388 1986 1434 2013 τοῦ
1450 1984 1529 2013 Θεοῦ,
1549 1993 1559 2010 ι
1575 1981 1651 2014 Εῐόος
1664 1982 1693 2008 δὲ
1708 1978 1817 2028 Θεοῦ-τί

1024 2026 1058 2065 ait
1083 2037 1178 2072 ῐτερον
1201 2035 1257 2070 εῐη,
1285 2035 1310 2060 εί
1335 2033 1372 2069 μὴ
1396 2033 1504 2062 πάντως
1527 2031 1541 2057 ὁ
1567 2029 1636 2065 μετὰ
1659 2026 1817 2063 παρρησίας

1024 2083 1114 2119 βοῶν·
1143 2091 1152 2108 ι
1187 2082 1216 2108 '0
1246 2079 1378 2116 ἑωρακὼς
1395 2078 1455 2114 ἐμὲ,
1483 2077 1589 2112 ἑώρακε
1617 2075 1662 2102 τὸν
1694 2072 1815 2119 ῌατέρα.

1030 2129 1101 2163 Ἐγὼ
1121 2129 1150 2155 ἐν
1173 2127 1212 2162 τῷ
1233 2127 1332 2162 Πατρὶ,
1349 2126 1397 2152 καὶ
1419 2126 1433 2151 ὸ
1456 2123 1550 2158 Πατὴρ
1571 2123 1600 2148 ὲν
1620 2118 1733 2147 ἐμοί-ἰ
1757 2119 1816 2151 καὶ,

1030 2183 1040 2199 ι
1063 2171 1132 2207 Ἐγὼ
1145 2173 1191 2198 καὶ
1203 2172 1216 2198 ὁ
1232 2171 1325 2207 Πατὴρ
1337 2170 1366 2197 ἓν
1382 2170 1483 2204 ὲσμεν;
1508 2177 1517 2194 ι

991 2217 1012 2244 D
1032 2229 1196 2260 Ἀντιθεσις
1220 2227 1260 2260 ὡς
1282 2226 1341 2254 ἀπὸ
1366 2225 1426 2252 τῶν
1439 2221 1658 2265 χριστομὰχων,
1676 2217 1818 2251 ἀσεϐείας

1374 2268 1483 2295 μεστη.

1061 2323 1235 2358 Εὑρίσκεται,
1265 2322 1359 2356 φασὶν,
1378 2320 1459 2352 αὐτὸς
1486 2319 1500 2345 ὁ
1523 2317 1619 2352 Σωτὴρ
1643 2315 1689 2342 τὸν
1716 2311 1814 2341 ἑαυτοῦ

1025 2369 1136 2404 Πατέρα
1161 2368 1327 2404 παρακαλῶν
1343 2367 1415 2402 ὺπέρ
1434 2365 1526 2393 τετῶν
1552 2363 1649 2390 ἑαυτοῦ
1673 2360 1815 2396 μαθητῶν,

1026 2415 1075 2441 καὶ
1088 2415 1158 2450 ὑπὲρ
1187 2415 1295 2441 πάντων
1309 2414 1362 2440 τῶν
1374 2414 1414 2444 εἰς
1433 2411 1512 2439 αὑτὸν
1528 2408 1760 2439 πεπιστευκότων,
1770 2406 1816 2433 καὶ

1024 2459 1096 2486 οὕτω
1119 2459 1223 2493 λέγων’
1247 2469 1256 2485 ι
1275 2458 1366 2494 Πάτερ
1381 2457 1452 2491 ἅγιε,
1468 2457 1587 2492 τήρησον
1610 2453 1708 2484 αὐτοὺς
1731 2453 1761 2479 ὲν
1778 2450 1814 2486 τῷ

1025 2505 1137 2540 ὀνόματί
1162 2514 1221 2536 σου,
1244 2505 1291 2536 οὒς
1311 2503 1429 2534 δέδωκάς
1447 2511 1502 2537 μοι,
1528 2501 1572 2528 ἴνα
1587 2497 1653 2526 ὦσιν
1673 2498 1702 2525 ἓν
1724 2496 1814 2527 καθὼς

1024 2552 1072 2578 καὶ
1085 2552 1174 2587 ἡμεῖς.
1194 2561 1203 2577 ι
1222 2551 1279 2578 Καὶ
1293 2550 1352 2585 μεθ’
1370 2550 1449 2584 ἕτερα
1461 2557 1468 2564 ⁸
1493 2558 1502 2573 ι
1526 2548 1564 2574 Οὐ
1581 2547 1645 2582 περὶ
1664 2545 1768 2572 τούτων
1787 2542 1814 2569 δλ

1027 2599 1116 2634 μόνων
1133 2597 1238 2633 ἐρωτῶ,
1261 2597 1328 2633 ἀλλὰ
1344 2597 1391 2623 καὶ
1415 2595 1479 2630 περὶ
1493 2594 1548 2621 τῶν
1571 2591 1754 2619 πιστευόντων
1772 2588 1814 2615 διὰ

1024 2643 1072 2669 τοῦ
1092 2642 1172 2676 λόγου
1186 2642 1276 2669 αὐτῶν
1294 2643 1333 2674 είς
1348 2641 1398 2676 ἐμὲ
1409 2649 1415 2656 ·
1432 2640 1477 2668 ἵνα
1496 2639 1595 2670 πάντες
1606 2638 1634 2664 ἓν
1648 2634 1710 2669 ὦσι,
1724 2634 1813 2666 καοὼς

1026 2689 1069 2721 σὺ,
1090 2687 1194 2724 Πατὴρ,
1216 2689 1245 2714 ἐν
1260 2688 1331 2723 ἐμοὶ,
1351 2686 1428 2722 κάγὼ
1444 2687 1474 2714 ὲν
1492 2685 1542 2715 σοι.
1566 2685 1609 2711 Eva.
1629 2683 1676 2710 καὶ
1696 2682 1774 2709 αὐτοὶ
1786 2681 1813 2706 ἐν

1149 2777 1170 2792 η
1184 2775 1263 2803 Joan.
1279 2783 1307 2805 ν,
1322 2775 1367 2805 57.
1381 2775 1426 2802 58.
1484 2776 1491 2791 ¹
1511 2773 1592 2802 ilehr.
1608 2781 1627 2807 ι,
1646 2774 1673 2801 5.
1714 2772 1724 2787 ¹
1735 2770 1812 2797 J0m-

187 2815 244 2842 XIV,
259 2808 301 2836 H.
339 2810 349 2826 ³
363 2810 439 2839 Joan.
454 2819 480 2842 ιι,
497 2811 541 2839 50.
580 2812 591 2827 ⁸
604 2812 671 2840 Gen.
690 2808 775 2846 usu,
793 2811 837 2838 51.
876 2812 886 2827 ⁸
901 2810 964 2838 Jouu

1033 2819 1057 2845 ν,
1075 2813 1101 2839 9.
1140 2812 1151 2828 ⁸
1166 2811 1244 2839 Joau.
1262 2818 1326 2843 xrn,
1345 2810 1388 2837 ll.
