1904 3026
83 108 128 137 197

791 108 1011 138 TllESAL'RUS.

1662 116 1714 146 198

81 169 137 203 ἡμῖν
149 166 177 194 ἓν
191 162 279 193 ὦσιν·
297 165 348 194 ἵνα
361 167 377 194 6
394 167 494 203 κόσμος
516 166 649 203 πιστεύσῃ
666 167 707 194 ὅτι
729 167 760 194 σύ
778 176 811 204 με
824 169 872 195 ἀπ-

929 169 996 197 riam
1008 177 1089 205 quam
1105 169 1202 198 dedisti
1215 170 1281 198 mihi
1295 170 1356 198 dedi
1379 171 1468 206 eis,ut
1481 172 1535 200 sint
1550 180 1632 202 unum
1644 175 1716 203 sicut

82 215 203 246 ἐπειλας.
224 213 318 249 Κάγὼ
336 216 391 251 τὴν
406 215 483 248 δόξαν
499 215 533 252 ἢν
556 215 675 248 δέδωκάς
699 225 755 252 μοι,
773 216 877 244 δέδωκα

81 262 170 293 αὐτοῖς,
179 260 224 287 ἵνα
239 257 311 287 ὦσιν
329 260 363 288 ἓν
372 260 461 294 καθὼς
469 262 549 297 ἡμεῖς
556 262 595 289 ἓν.
611 261 682 297 Ἐγὼ
694 263 722 289 ἐν
730 263 821 295 αὐτοῖς
829 263 876 290 καὶ

81 308 107 333 συ
115 307 141 333 ὲν
149 306 219 341 ἐμοὶ,
231 306 278 333 ἵνα
295 303 354 334 ὦσι
369 307 571 343 τετελειωμένοι
588 308 629 340 είς
640 308 669 336 ἐν
679 316 685 324 ³
700 308 742 335 ῐνα
753 308 875 345 γινώσκῃ

79 353 91 379 ὁ
110 352 206 387 κόσμος
225 352 269 379 ὅτι
286 352 322 379 σύ
349 362 384 389 με
407 353 591 386 ἀπέσταλκας.
614 363 624 380 ι
643 354 749 381 Οὐκοῦν
780 354 875 391 ὥσπερ

79 398 206 434 ἄνθρωποι
221 398 275 434 τὴν
304 399 392 434 φύσιν
404 399 482 431 οντες
496 401 576 436 ἡμεῖς
591 402 621 428 ὲν
641 400 680 436 τῷ
694 401 782 437 Πατρὶ
802 401 876 436 γινό-

81 443 150 479 μεθα,
166 442 238 470 οὕτω
254 444 306 471 καὶ
323 444 406 477 αὐτὸς
427 446 441 472 ὁ
456 445 520 477 Υίος
542 446 571 473 ἓν
590 447 649 473 ἐστι
666 446 735 482 πρὸς
755 446 800 474 τὸν
819 447 875 474 Πα-

79 489 145 524 τέρα.
160 488 214 515 Καὶ
235 488 326 521 αὐτὸς
349 490 376 516 δὲ
394 489 475 517 πάλιν
498 491 512 517 ὀ
534 491 641 526 Πατὴρ,
660 491 747 523 οὕτως
765 491 793 518 ἓν
814 492 874 519 ἐστι

79 535 138 570 πρὸς
151 534 196 562 τὸν
209 534 289 568 Υίὺν,
305 535 437 573 καθάπερ
452 537 501 564 καὶ
516 536 585 572 πρὸς
601 537 686 573 ἡμᾶς.
708 538 763 564 Καὶ
778 537 873 574 ὥσπερ

79 582 154 613 οὐδεὶς
164 580 323 616 ἀναγκάζει
342 581 421 617 λόγος
433 582 543 618 ὁμοίους
558 583 632 619 ἡμᾶς
647 581 716 610 εἶναι
735 584 806 611 κατὰ
822 583 873 619 φύ-

80 637 116 655 σιν
128 627 164 662 τῷ
176 627 280 663 ila-cpi,
297 627 344 654 ὅτι
359 627 392 664 δὴ
406 627 455 655 καὶ
469 628 538 664 πρὸς
552 628 633 656 αὑτὸν
646 628 675 656 ἓν
689 629 812 663 γίνεσθαι
828 630 872 656 λε-

80 674 182 708 γόμεθα,
194 673 285 706 οὕτως
294 674 352 701 οὐκ
364 674 472 710 ἀνάγκη
485 675 560 702 πᾶσα
573 674 662 709 λέγειν
672 675 704 702 ἐκ
714 675 765 711 τῆς
778 675 872 708 οὐσίας

79 718 138 747 εἶναι
151 719 197 746 τοῦ
214 720 331 756 Πατρδς
347 721 394 748 τὸν
412 721 484 752 Υίὸν.
496 721 645 757 ἐπειδήπερ
655 721 754 756 φησιν·
771 732 780 747 ι
799 721 871 756 Ἐγὼ

78 768 102 793 ὲν
115 766 150 802 τῷ
166 767 267 801 Πατρὶ,
286 767 339 794 καὶ
352 767 366 793 ό
381 767 477 803 Πατὴρ
493 767 523 794 ὲν
536 766 608 802 ἐμοί’.
627 776 638 794 ι
661 768 706 799 Ὠς
720 767 775 804 γὰρ
796 777 872 804 προ-

77 812 192 844 λαϐόντες
210 813 382 849 εἰρήκαμεν,
410 813 496 846 οὕτως
517 814 593 840 ἐστὶν
616 813 645 841 ὲν
670 814 770 850 Πατρὶ,
799 814 871 841 καθὰ

928 221 955 244 et
968 224 1016 244 nos
1029 225 1110 244 unum
1127 224 1229 245 sumus.
1246 217 1302 253 Ego
1315 218 1340 245 in
1366 218 1442 252 ipsis,
1466 223 1494 246 et
1515 223 1541 246 tu
1560 219 1586 246 in
1609 228 1668 253 me;
1687 227 1717 248 ut

927 262 982 290 sint
999 262 1112 298 perfecti
1130 263 1157 290 in
1169 271 1272 297 unum;
1299 267 1329 290 ut
1343 269 1487 298 cognoscat
1504 265 1620 292 mundus
1645 266 1716 300 quod

928 312 954 336 tu
972 316 1013 336 me
1028 308 1126 336 misisti
1143 309 1164 336 ⁷.
1185 318 1194 335 ι
1208 308 1439 342 Quemadmodum
1467 309 1550 345 igitur
1586 318 1636 338 nos
1670 312 1716 346 qui

926 352 1051 381 homines
1064 361 1167 388 sumus,
1181 353 1207 381 in
1223 353 1304 381 Patre
1317 362 1411 382 sumus
1426 363 1434 382 :
1459 355 1496 382 ita
1522 356 1605 383 etiam
1631 356 1716 384 Filius

925 406 1009 426 unum
1023 404 1064 427 est
1074 406 1137 427 cum
1152 399 1240 428 Patre.
1258 399 1291 428 Et
1308 401 1441 435 vicissim,
1454 400 1536 428 Pater
1550 402 1607 436 ipse
1628 402 1663 429 ita
1675 407 1716 430 est.

925 452 1009 473 unum
1030 453 1092 473 cum
1107 445 1186 478 Filio,
1199 446 1268 473 sicut
1281 451 1308 474 et
1321 446 1473 474 nobiscum.
1489 447 1522 474 Et
1538 449 1715 482 quemadmo-

925 493 987 518 dum
999 491 1071 518 nulia
1087 493 1156 520 ratio
1171 493 1252 528 cogit,
1266 497 1296 520 ut
1311 500 1360 520 nos
1373 492 1521 520 secundum
1536 498 1661 521 naturam
1677 495 1716 522 si-

924 535 1003 564 miles
1037 537 1122 565 simus
1157 538 1249 572 Patri,
1286 539 1332 574 qui
1363 546 1447 566 unum
1475 547 1537 566 cum
1564 539 1623 574 ipso
1656 540 1714 567 ﬁeri

924 582 1040 611 dicimur
1055 591 1063 609 :
1093 585 1129 611 ita
1141 592 1194 612 non
1208 592 1320 620 prorsus
1340 593 1450 613 necesse
1480 590 1522 613 est
1537 591 1567 613 ut
1581 586 1666 614 Filius
1678 586 1714 614 sit

923 637 956 657 ex
973 630 1089 657 e5sentia
1106 630 1205 662 Patris,
1224 631 1351 666 quoniam
1376 631 1434 658 ait:
1453 640 1463 657 ι
1482 631 1539 666 Ego
1569 631 1595 659 in
1621 631 1713 665 Patre,

923 680 951 702 et
963 675 1044 703 Pater
1055 678 1081 703 in
1094 683 1148 703 me.
1171 685 1181 702 ι
1195 675 1274 710 Nam,
1294 681 1325 704 ut
1338 681 1400 704 ante
1411 677 1542 710 diximus,
1557 677 1594 704 ita
1618 682 1659 705 est
1685 679 1711 705 in

922 721 1012 756 Patre,
1022 723 1094 751 sicut
1105 726 1131 749 et
1140 729 1197 749 nos.
1207 722 1261 749 Aut
1277 729 1342 757 ergo
1354 730 1466 751 necesse
1485 728 1526 751 est
1538 724 1616 751 lateri
1631 724 1712 751 etiam

923 776 973 796 nos
986 775 1020 796 ex
1041 768 1159 796 essentia
1172 767 1262 795 Patris
1272 775 1343 802 esse,
1355 769 1417 803 quia
1429 777 1512 796 unum
1528 769 1592 797 facti
1618 777 1711 797 sumus

923 821 984 842 cum
1001 814 1066 848 Deo,
1078 818 1123 841 aut
1135 814 1157 841 si
1171 814 1294 842 homines
1314 821 1457 842 manemus
1486 815 1593 842 etiamsi
1626 824 1710 844 unum

79 859 119 887 καὶ
129 860 217 894 ἡμεῖς.
235 859 274 886 Ἦ
292 860 388 887 τοίνυν
408 859 455 887 καὶ
473 860 548 895 ἡμᾶς
565 859 714 887 ἀκόλουθον
731 859 872 896 ὁμολογεῖν

929 860 1019 887 fiamus
1032 866 1093 887 cum
1107 858 1173 891 Deo,
1193 866 1300 893 mquum
1319 863 1369 892 est,
1383 864 1413 887 ut
1425 859 1495 888 idem
1515 860 1548 887 de
1568 859 1637 888 Filio
1648 868 1713 889 cen-

79 907 106 933 ὲχ
119 905 166 941 τῆς
181 905 280 937 οὐσίας
294 904 370 933 εἶναι
393 905 441 933 τοῦ
461 905 578 941 Πατρὺς,
593 905 638 932 διὰ
656 905 687 932 τὺ
703 905 732 932 ἓν
744 905 869 940 γίνεσθαι

80 953 138 988 πρὸς
153 952 230 984 Θεὸν,
257 952 274 988 ἢ
302 953 329 979 εἰ
353 953 470 988 μένομεν
495 951 644 988 ἄνθρωποι,
663 951 715 979 κᾶν
734 951 764 978 ἓν
785 951 870 985 γενώ-

82 998 140 1034 μεθα
152 998 220 1034 πρὸς
235 998 284 1025 τὸν
313 998 436 1034 Πατέρα,
451 998 555 1026 δίκαιον
572 998 620 1026 καὶ
634 999 677 1033 ἐφ’
703 998 769 1026 Υίοῦ
791 999 870 1026 τοῦτο

81 1048 185 1082 ορονείν.
212 1047 301 1074 Μένει
329 1047 385 1083 γὰρ
408 1046 455 1073 ἐπὶ
477 1047 526 1082 τῆς
554 1046 650 1074 ἑαυτοῦ
676 1047 794 1082 φύσεως,
817 1047 868 1074 οὐκ

81 1094 199 1130 ὑπάρχειν
215 1094 338 1130 λέγηται
356 1094 425 1130 πρὸς
441 1093 533 1120 αὐτόν.

353 1151 448 1185 Λύσις
461 1150 585 1186 ἐφεξῆς.

111 1204 196 1232 Ταῦτα
220 1206 272 1232 καὶ
299 1207 314 1233 ὁ
339 1206 396 1233 τῶν
412 1207 607 1243 χριστομάχων
629 1206 721 1243 πατὴρ
746 1207 794 1233 καὶ
817 1206 868 1242 τῆς

83 1250 201 1286 φλυαρίας
218 1251 313 1278 αὐτῶν
330 1252 448 1287 χορηγὸς
464 1252 590 1284 διάϐολος
612 1252 732 1288 είρηκὼς
749 1253 867 1288 ἢκουσε·

85 1307 94 1323 ι
107 1296 157 1324 Νῦν
170 1296 199 1324 δὲ
214 1298 256 1329 είς
270 1296 342 1333 ᾅδην
355 1298 499 1335 καταδήσῃ
517 1298 563 1325 καὶ
582 1299 624 1331 είς
639 1299 673 1325 τὰ
690 1298 803 1334 θεμέλια
817 1298 869 1334 τῆς

84 1343 134 1378 γῆς.
153 1352 162 1369 ι
184 1342 228 1375 Ὦς
244 1343 302 1379 γὰρ
319 1344 487 1380 τετόλμηκεν
503 1345 591 1371 είπείν
608 1345 710 1376 ἐκεῖνος
721 1353 727 1360 ·
744 1354 754 1372 ι
791 1345 870 1372 Ἀναο

84 1387 189 1423 ὁήσομαι
208 1388 307 1415 ἐπάνω
321 1388 378 1415 τῶν
391 1388 521 1423 νεφελῶν,
536 1389 583 1416 καὶ
598 1389 697 1425 ἔσομαι
720 1389 813 1425 ὅμοιος
828 1389 868 1424 τῷ

923 904 1224 934 seamus.Manetenim
1254 905 1280 932 in
1305 913 1352 933 sua
1385 910 1491 940 natura,
1517 913 1571 933 non
1593 906 1714 934 sublatus

924 952 951 980 in
962 951 1107 979 essentiam
1125 950 1227 985 Patris,
1240 951 1347 980 tametsi
1370 959 1452 979 unum
1477 959 1539 980 cum
1572 952 1630 987 ipso
1654 959 1716 980 esse

923 998 1039 1025 dicatur.
1540 1003 1544 1006 ”

904 1044 1059 1073 ἀναϐαίνων
1092 1044 1133 1076 είς
1156 1043 1206 1080 τὴν
1221 1044 1268 1070 τοῦ
1290 1042 1397 1080 Harpe;
1421 1044 1528 1078 οὐσίαν,
1553 1043 1606 1071 κᾶν
1622 1044 1661 1076 ὡς
1685 1043 1715 1071 ἓν

1179 1143 1284 1172 Salutio
1301 1144 1466 1179 objectionis.

954 1201 1016 1229 llaec
1031 1202 1089 1236 ipsa
1101 1201 1226 1229 diabolus
1241 1202 1340 1235 etiam,
1360 1202 1479 1230 hostium
1509 1201 1608 1230 Christi
1624 1207 1713 1238 pater,

917 1253 945 1276 et
959 1248 1068 1275 illorum
1102 1248 1266 1282 nugaeitatis
1296 1248 1502 1283 antesignanus,
1530 1248 1611 1281 dixit,
1634 1255 1715 1285 atque

917 1292 987 1325 ideo,
1002 1292 1122 1320 audivit:
1138 1301 1148 1319 ι
1164 1291 1241 1320 Nune
1251 1292 1285 1320 ad
1300 1291 1401 1320 inferos
1416 1294 1563 1321 descendes
1576 1293 1636 1320 etin
1650 1293 1714 1321 fun-

922 1337 1049 1365 damenta
1064 1342 1154 1365 terrae.
1167 1346 1178 1363 ι
1192 1338 1425 1371 Quemadmodum
1437 1338 1508 1365 enim
1519 1338 1562 1366 ille
1574 1346 1656 1366 ausus
1672 1344 1715 1367 est

921 1383 1011 1412 dicere
1029 1393 1035 1411 :
1055 1392 1064 1410 ι
1076 1383 1228 1411 Ascendam
1246 1391 1328 1418 super
1340 1384 1437 1417 nubes,
1451 1389 1479 1411 et
1493 1392 1540 1412 ero
1555 1385 1652 1412 similis
1665 1385 1713 1412 Al-

90 1433 212 1469 ’Υ-ίνίστῳ·
227 1444 237 1461 ι
255 1433 304 1462 τὸν
320 1434 403 1461 αὑτὸν
415 1434 446 1471 δὴ
463 1435 564 1471 τρόπον
576 1435 622 1462 καὶ
635 1430 718 1468 οὗτοι,
737 1434 804 1461 πολὺ
816 1434 867 1470 τῆς

929 1430 1027 1457 .issimo
1040 1429 1050 1445 ’
1066 1437 1072 1456 :
1087 1438 1096 1455 ι
1107 1430 1202 1457 eadem
1233 1428 1338 1457 ratione
1367 1429 1448 1456 etiam
1471 1429 1515 1457 isti
1529 1429 1653 1458 humana:
1664 1438 1714 1458 na~

85 1479 223 1515 ἀνθρώπων
245 1480 361 1515 φύσεως
385 1480 449 1512 τοὺς
470 1480 550 1517 ὄρους
573 1480 800 1516 ὑπερϐαινόμενοι
823 1480 870 1507 καὶ

84 1526 127 1561 τῆς
145 1526 235 1558 οὐσίας
258 1527 413 1559 ἀναϐάντες
428 1526 459 1554 τὸ
481 1526 592 1563 μέτρον,
609 1527 640 1554 οὐ
660 1526 805 1562 φοϐοῦνται
827 1526 872 1553 λέ-

87 1581 181 1605 γοντεςε
210 1572 350 1609 Ἐσόμεεια
373 1573 461 1609 ὅμοιοι
478 1572 516 1609 τῷ
541 1572 671 1608 Ὑψξπῳ.
696 1572 803 1608 Ὥσπερ
823 1569 871 1599 οὖν

88 1617 198 1653 ἀληθεύει
220 1620 234 1646 ὁ
258 1618 309 1646 τοῦ
325 1619 393 1646 Θεοῦ
408 1619 495 1654 Λόγος
512 1618 592 1654 βοῶν,
606 1619 647 1645 ὅτι
665 1627 674 1644 ‹
701 1617 772 1652 Ἐγὼ
788 1618 834 1645 καὶ
857 1618 871 1644 ὁ

89 1665 168 1701 Πατὴρ
185 1666 213 1692 ἓν
227 1667 329 1702 ἔσμεν,
347 1675 356 1692 ι
373 1666 416 1692 διὰ
430 1665 461 1692 τὸ
474 1665 524 1701 τῆς
540 1665 635 1697 οὐσίας
648 1664 869 1700 ἀπαράλλακτον,

88 1710 148 1738 οὕτω
169 1712 215 1739 καὶ
233 1713 259 1739 οι
284 1712 465 1748 χριστομάχοι
487 1711 590 1738 εἴποιεν
614 1710 647 1738 ἂν
675 1710 870 1745 ἀληθεύοντες·

96 1758 180 1793 Ἡμεῖς
189 1759 236 1786 καὶ
249 1759 267 1784 ὁ
276 1758 369 1793 πατὴρ
385 1757 464 1793 ἡμῶν
479 1758 494 1784 ὁ
506 1757 628 1789 διάδολος
643 1756 672 1784 ἒν
683 1756 829 1792 ὲσμεν,διὰ
839 1756 871 1783 τὸ

89 1803 130 1839 τῆς
141 1805 249 1841 γνώμης
271 1804 489 1840 ἀπαράλλακτον.
507 1804 555 1835 El;
565 1803 643 1830 τοῦτο
655 1803 684 1830 δὲ
698 1803 748 1840 ήδη
766 1803 871 1839 μωρίας

89 1850 229 1878 ἐλαύνουσιν
241 1851 285 1882 ὡς
301 1850 407 1877 οἴεσθαι
423 1849 494 1877 κατὰ
511 1849 592 1885 χάριν
605 1849 719 1884 ἔχοντας
736 1849 768 1876 τὸ
779 1848 872 1875 καλεῖ-

92 1897 142 1924 σθαι
154 1896 238 1930 θεοὺς,
256 1896 368 1932 ὁμοίους
387 1894 457 1923 εἶναι
470 1894 601 1923 δύνασθαι
623 1895 694 1924 κατὰ
718 1895 769 1931 τὴν
791 1895 873 1930 φύσιν

91 1942 129 1969 τοῦ
144 1942 189 1978 τὴν
207 1943 291 1978 χάριν
315 1941 520 1974 ὲπιδεδωκότος.
545 1941 600 1968 Καὶ
619 1941 674 1968 υίοὶ
696 1940 872 1976 κεκλημένοι,

92 1987 142 2015 καθ’
155 1989 305 2024 ὁμοιότητα
319 1988 366 2016 τοῦ
380 1987 450 2016 κατὰ
466 1988 546 2023 φύσιν
563 1987 641 2019 Υίοῦ,
665 1987 738 2019 ἴσους
760 1987 873 2020 ἑαυτοὺς

93 2033 151 2061 εἶναι
173 2035 336 2062 πιστεύουσι
360 2034 408 2061 τοῦ
428 2034 496 2070 πρὸς
517 2033 654 2061 υἱοθεσίαν
678 2033 871 2068 ἀναγαγόντος,

93 2081 132 2107 καὶ
143 2082 171 2108 τὸ
184 2083 251 2109 ίδιον
273 2081 358 2109 αὐτοῦ
379 2081 450 2108 κατὰ
467 2081 548 2116 φύσιν
564 2079 685 2116 ἀξίωμα,
706 2079 778 2107 κατὰ
793 2079 872 2115 χάριν

93 2128 171 2161 αὐτοῖς
185 2129 328 2160 ἐπιθέντος
341 2128 386 2156 διὰ
407 2127 509 2163 πολλὴν
526 2126 743 2162 φιλανθρωπίαν.

214 2185 380 2217 Ἀντιθεσις
394 2184 434 2217 ὡς
448 2183 482 2211 ἐκ
497 2183 557 2211 τῶν
573 2182 738 2218 αἵρετικῶν.

124 2239 178 2267 Κᾶν
196 2240 277 2276 λέγῃ,
305 2241 397 2276 φασὶν,
417 2240 431 2267 ὁ
455 2239 531 2273 Υἱὸς,
551 2238 623 2273 Ἐγὼ
645 2238 692 2266 καὶ
706 2239 720 2265 ὁ
739 2237 833 2274 Πατὴρ
847 2237 875 2264 ἓν

98 2283 177 2319 ὲτμεν,
192 2286 221 2313 οὐ
238 2286 350 2318 πάντως
364 2286 439 2312 ἔσται
453 2285 504 2321 τῆς
518 2285 603 2320 αὐτῆς
617 2283 711 2315 οὐσίας
725 2282 764 2319 τῷ
779 2282 877 2318 Πατρὶ,

98 2330 149 2358 ἐπεὶ
168 2333 211 2359 καὶ
230 2333 314 2368 ἡμεῖς
331 2332 470 2368 ἂνθρωποι
496 2331 568 2359 κατὰ
587 2330 669 2366 φύσιν
687 2330 773 2362 ὕντες,
791 2329 820 2356 ἓν
840 2329 878 2361 ὡς

100 2377 156 2412 πρδς
169 2378 211 2405 τὸν
226 2378 293 2405 Θεὸν
308 2378 457 2414 γινόμεθα·
475 2377 522 2404 καὶ
538 2377 644 2413 μάρτυς
665 2375 746 2407 αὐτὸς
763 2375 850 2409 λέγων
864 2374 879 2401 ό

101 2421 171 2455 Υἱός·
189 2433 198 2450 t
225 2424 316 2456 Θέλω,
340 2424 442 2458 Πάτερ,
469 2423 512 2450 ἵνα
538 2422 632 2458 ὥσπερ
650 2421 706 2456 ἐγὼ
727 2421 776 2448 καὶ
795 2421 827 2447 σὺ
849 2419 878 2446 ἓν

101 2467 180 2505 ἐσμεν,
192 2470 264 2497 οὕτω
281 2469 331 2497 καὶ
350 2469 427 2496 αὐτοὶ
441 2469 470 2495 ὲν
486 2469 551 2504 ἡμῖν
569 2467 598 2496 ἓν
615 2465 692 2495 ὦσιν.

331 2558 409 2593 Πρὸς
429 2557 517 2585 τοῦτο
532 2557 634 2589 λύσις.

132 2616 254 2648 Είοῦτως
274 2615 343 2642 εἰσὶν
360 2615 374 2641 ὸ
396 2613 492 2650 Πατὴρ
519 2613 566 2640 καὶ
586 2614 600 2639 ὁ
622 2611 690 2643 Υἱὸς
710 2611 750 2643 ἓν,
769 2610 806 2642 ὼς
832 2609 879 2636 καὶ

105 2662 170 2696 ἡμεῖς
187 2663 255 2698 πρὸς
278 2662 325 2688 τδν
343 2661 466 2696 Πατέρα,
491 2660 539 2687 καὶ
556 2660 570 2687 ό
594 2658 690 2694 Πατὴρ
707 2657 775 2693 πρὸς
795 2657 880 2692 ἡμᾶς,

105 2707 166 2734 οὐδὲν
179 2707 232 2743 ᾇρα
246 2707 279 2734 τὺ
295 2705 398 2742 μεταξὺ
413 2705 459 2732 τοῦ
474 2705 542 2733 Θεοῦ
556 2705 641 2740 Λόγου
656 2703 704 2731 καὶ
717 2702 807 2739 ἡμῶν,
823 2702 881 2729 ἀλλ’

105 2753 168 2780 ἔσται
185 2754 256 2781 κατὰ
273 2752 357 2788 φύσιν
372 2753 439 2788 ἡμῖν
453 2754 467 2779 ὸ
481 2752 572 2785 αὐτὸς,
583 2751 676 2778 διοίσει
696 2750 723 2777 δὲ
741 2749 823 2785 μόνον
841 2747 880 2783 τῷ

141 2839 228 2874 ’Joan.
248 2852 320 2879 xru,
337 2841 434 2871 20'2‘2.
474 2842 483 2858 ⁸
498 2841 549 2869 lsa.
567 2848 620 2872 xiv,
639 2840 680 2868 l9.
722 2838 733 2855 ’
746 2838 811 2866 ibid.
828 2837 869 2865 Η.

923 1478 989 1502 tura:
1001 1474 1101 1502 limites
1111 1474 1191 1509 longe
1208 1473 1401 1507 transilientes,
1419 1479 1447 1501 et
1476 1475 1638 1502 substantia:
1657 1484 1713 1504 suae

922 1519 1058 1547 modulum
1088 1519 1325 1551 transcendentes,
1351 1527 1405 1547 non
1442 1525 1571 1547 verentur
1587 1521 1710 1548 .dicere:

921 1564 1030 1593 Erimus
1044 1565 1312 1593 similesAltissimo.
1339 1565 1415 1593 Sicut
1444 1565 1526 1600 igitur
1558 1573 1623 1593 vere
1650 1567 1716 1594 dicit

924 1611 1040 1640 Verbum
1051 1611 1108 1645 Dei,
1121 1612 1242 1640 clamans
1255 1620 1262 1638 :
1283 1611 1354 1647 «Ego
1365 1615 1392 1639 et
1404 1611 1485 1639 Pater
1493 1620 1575 1639 unum
1590 1620 1711 1643 sumus»

921 1662 1032 1693 propter
1047 1657 1216 1685 identitatem
1229 1657 1355 1685 essentia:
1369 1666 1376 1684 :
1391 1657 1429 1685 ita
1441 1657 1521 1685 etiam
1530 1658 1622 1686 hostes
1635 1659 1715 1686 Citri-

922 1703 1057 1732 stidicant
1074 1709 1154 1730 vere:
1170 1701 1225 1731 Nos
1239 1706 1266 1730 et
1279 1707 1458 1737 paternoster
1472 1702 1595 1730 diabolus
1629 1711 1713 1730 unum

922 1757 1026 1782 sumus,
1041 1754 1152 1784 propter
1168 1749 1337 1776 voluntatum
1350 1749 1566 1776 similitudinem.
1581 1749 1630 1781 .Eo
1641 1749 1714 1777 enim

920 1795 977 1831 jam
989 1795 1133 1822 dementiae
1159 1799 1301 1828 venerunt,
1318 1799 1348 1821 ut
1379 1802 1440 1822 cum
1464 1803 1511 1830 per
1533 1795 1646 1829 gratiam
1688 1795 1714 1823 id

922 1840 1064 1869 ροηδεωιί
1077 1841 1131 1867 sint
1149 1844 1178 1867 ut
1193 1840 1230 1867 dii
1250 1843 1390 1871 vocentur,
1414 1839 1570 1866 existiment
1592 1847 1621 1867 se
1638 1840 1714 1868 sxmi-

923 1885 964 1914 les
976 1892 1037 1913 esse
1053 1892 1132 1921 posse
1145 1884 1293 1912 secundum
1305 1889 1432 1911 naturam
1446 1885 1470 1912 ei
1485 1884 1529 1919 qui
1560 1885 1625 1920 ipsis
1641 1885 1713 1912 illam

923 1932 1037 1967 gratiam
1050 1931 1161 1966 largitus
1180 1934 1232 1957 est.
1247 1930 1368 1964 Cumque
1379 1933 1511 1957 vocentur
1522 1930 1580 1961 lilii,
1594 1930 1627 1957 ad
1639 1930 1714 1958 simi-

922 1977 1063 2005 litudinem
1086 1976 1145 2011 ejus
1167 1975 1214 2011 qui
1232 1974 1395 2002 naturaliter
1426 1979 1468 2002 est
1482 1975 1577 2008 Filius,
1595 1975 1714 2010 aequales

923 2030 954 2052 se
966 2026 1063 2058 putant
1079 2022 1102 2050 ei
1119 2022 1163 2057 qui
1183 2029 1230 2050 eos
1244 2020 1393 2056 adoptavit,
1407 2020 1488 2056 119
1500 2021 1600 2056 quique
1624 2021 1712 2055 digni-

925 2073 1007 2098 tatem
1023 2076 1083 2105 quae
1096 2068 1149 2097 sibi
1165 2067 1325 2096 naturaliter
1338 2067 1449 2102 propria
1461 2071 1514 2100 est,
1531 2074 1579 2102 per
1599 2067 1713 2102 gratiam

890 2122 912 2150 ι)
926 2124 976 2153 pro
989 2115 1089 2152 ingenti
1108 2122 1158 2144 sua
1175 2113 1340 2149 benignitate
1354 2113 1393 2140 eis
1408 2112 1552 2141 concessit.

1151 2170 1271 2206 Objectio
1294 2170 1487 2198 Ittzrelicorum.

965 2230 1098 2264 Tametsi,
1127 2229 1265 2264 inquiunt,
1290 2227 1377 2256 Filius
1399 2228 1472 2255 dicat
1487 2236 1494 2254 :
1509 2226 1565 2262 Ego
1588 2230 1616 2254 et
1635 2225 1716 2254 Pater

928 2285 1012 2305 unum
1028 2283 1134 2308 sumus,
1149 2283 1204 2303 non
1220 2279 1311 2302 tamen
1323 2273 1376 2302 erit
1392 2273 1513 2308 ejusdem
1528 2279 1639 2307 prorsus
1653 2279 1714 2299 cum

928 2329 962 2350 eo
973 2322 1111 2353 assentire,
1122 2320 1257 2355 siquidem
1275 2323 1304 2346 et
1316 2326 1365 2346 nos
1380 2325 1442 2346 cum
1458 2322 1555 2345 natura
1569 2317 1654 2345 simus
1668 2317 1715 2344 bo-

929 2368 1028 2400 mines,
1045 2373 1128 2394 unum
1148 2373 1209 2393 cum
1234 2364 1291 2392 Deo
1313 2363 1463 2391 etiicimur:
1486 2362 1564 2396 cujus
1582 2362 1619 2390 rei
1639 2362 1716 2390 testis

929 2419 972 2443 est
989 2414 1047 2449 ipse
1058 2412 1145 2440 Filius
1162 2412 1256 2439 dicens
1271 2420 1278 2438 :
1298 2419 1308 2436 ‹
1329 2409 1404 2441 Volo.
1428 2408 1519 2440 Pater,
1537 2408 1649 2435 utsicut
1666 2415 1716 2442 ego

929 2465 958 2489 et
985 2467 1014 2489 tu
1039 2467 1122 2487 unum
1147 2465 1251 2490 sumus,
1279 2456 1317 2483 ita
1343 2460 1372 2483 et
1399 2454 1452 2490 ipsi
1482 2454 1508 2481 in
1537 2453 1616 2481 nobis
1633 2461 1716 2481 unum

929 2507 987 2535 sint
998 2507 1031 2534 ιο.
1047 2516 1056 2532 ι

1176 2549 1280 2579 Salutio
1299 2547 1466 2586 objectiom's,

969 2608 998 2636 Si
1018 2607 1100 2635 Pater
1116 2611 1144 2634 et
1162 2605 1248 2634 Filius
1269 2605 1305 2632 ita
1326 2607 1389 2631 sunt
1415 2609 1509 2634 unum,
1530 2601 1601 2628 sicut
1623 2604 1651 2628 et
1669 2606 1718 2628 nos

933 2662 995 2682 cum
1013 2653 1107 2685 Patre,
1133 2657 1158 2680 et
1176 2651 1258 2679 Pater
1280 2650 1420 2678 nobiscqu
1438 2656 1447 2675 :
1463 2647 1537 2675 nulla
1563 2647 1646 2681 igitur
1666 2646 1719 2673 erit

933 2699 1085 2728 diﬁ‘erentia
1099 2698 1173 2726 inter
1184 2698 1230 2726 Dei
1250 2697 1368 2725 Verbum
1384 2699 1411 2724 et
1425 2694 1552 2727 nos;sed
1569 2693 1622 2720 erit
1640 2696 1719 2720 natu-

933 2745 1028 2773 raliter
1046 2743 1118 2772 idem
1137 2743 1289 2776 nobiscum,
1303 2746 1329 2770 et
1349 2747 1469 2777 tempore
1481 2743 1587 2767 tantum
1601 2737 1717 2769 diﬂ‘eret,

911 2836 932 2852 “
949 2833 1026 2863 Joan.
1041 2840 1106 2867 xvu,
1122 2831 1163 2860 ει
