1904 3026
52 157 92 184 ⁸229
749 155 833 184 ΤΙΙΕΕ

891 155 936 185 ιιι]
942 156 970 184 S.

1623 166 1676 195 230

51 218 87 242 καὶ
103 214 263 250 πρεπόντως
289 214 327 241 ἂν
359 216 468 248 γίνοιτο.
490 215 594 250 Ὥσπερ
617 212 663 242 οὖν
689 215 735 242 καὶ
761 216 833 250 ἡλίου

890 216 1018 245 excludit.
1033 216 1122 246 Putris
1136 223 1227 248 autem
1252 219 1424 255 participalio
1445 229 1490 256 per
1516 222 1614 250 Filium
1648 225 1674 253 in

52 259 188 297 μετέχομεν
208 257 256 285 διὰ
280 259 337 293 τῆς
358 258 386 291 ἑξ
404 257 485 285 αὐτοῦ
506 258 668 294 τικτομένης
689 259 786 294 αὐγῆς,
802 259 831 285 οὐ

49 308 103 341 δίχα
112 305 281 340 θερμότητος
294 305 314 340 ἢ
329 304 379 339 τῆς
395 304 442 331 τοῦ
458 303 617 339 Πνεύματος
635 305 778 341 ἐνεργείας
791 306 832 332 εἱ-

51 351 105 378 κόνα
118 350 322 386 φέρει.¹Ὢσπερ
335 347 382 377 οὖν
403 349 442 385 τῷ
456 349 522 384 ἡλίῳ
535 350 584 376 οὐκ
604 350 636 377 ἄν
651 360 692 383 τις
705 351 831 386 ἀνόμοιον

51 397 108 424 εἶναι
124 397 195 430 λέγοι
214 396 246 422 τὸ
270 396 304 428 ἐξ
327 395 410 423 αὑτοῦ
435 396 610 431 πεμπόμενον
633 396 691 431 φῶς
707 397 766 432 ἤτοι
782 396 830 432 τὴν

51 442 199 478 θερμότητα,
209 441 256 468 διὰ
268 441 301 468 τὺ
316 441 384 476 μετὰ
397 441 499 469 τούτων
511 439 581 469 εἶναι
595 442 735 477 μεθεκτὺν,
744 442 830 474 οὕτως

51 489 113 515 οὐδὲν
124 487 276 521 ἀναγκάσει
294 488 340 513 τὸν
352 487 416 513 Υἰδν
430 487 556 522 ἀνόμοιον
569 486 638 514 εἶναι
651 487 690 523 τῷ
704 488 792 523 Πατρὶ
803 487 834 514 τὸ

51 535 77 560 δι’
89 532 164 560 αὑτοῦ
186 532 356 567 μετέχεσθαι
372 532 418 558 τὸν
439 532 558 568 Πατέρα.
574 532 682 560 Μᾶλλον
697 533 725 560 δὲ
742 533 834 568 ὅμοιον

51 582 102 606 ὂντα
117 578 183 605 κατὰ
198 578 293 605 πάντα
313 577 530 605 δεικνύει.”οπου
552 578 607 614 γὰρ
621 578 686 605 Υἱοῦ
707 579 833 614 μετέχον-

51 633 96 656 τες,
112 626 157 659 τῆς
169 623 216 650 τοῦ
232 624 346 659 Πατρὸς
361 623 507 659 μετουσίας
520 624 570 650 οὐκ
584 624 765 660 ἐστερήμεθα.
775 625 833 657 πῶς

51 671 91 697 οὐκ
101 669 171 696 {aut
187 669 327 704 ταυτότης
343 669 437 700 οὐσίας
451 669 557 704 Πατρὸς
579 669 628 696 καὶ
643 669 708 696 Υἱοῦ
721 678 728 702 ;
745 670 832 696 Ὅπου

50 716 73 742 ει
86 715 170 746 οὐςίας
185 715 335 750 ταυτότης.
354 715 431 742 ποῖον
443 715 498 748 ἕξει
509 715 592 742 τόπον
614 715 631 750 ἡ
653 715 830 751 ἀνομοιότης;

52 761 194 795 Λιγέτωσαν
208 761 233 787 οε
255 761 450 796 χριστομάχοι.

887 261 988 296 Spiritu
1005 265 1113 298 proprie
1125 266 1355 294 elconveuienter
1372 266 1411 293 iit.
1443 266 1674 300 Quemadmodum

887 307 969 341 igitur
980 312 1008 336 et
1032 309 1097 338 solis
1110 310 1256 346 participes
1284 311 1418 338 cilicimttr
1443 320 1491 346 per
1505 314 1676 347 splendorem

884 361 964 388 quem
981 362 1012 382 ex
1027 363 1056 384 se
1070 356 1166 392 gignit,
1182 365 1234 384 non
1268 358 1335 385 citra
1366 359 1484 386 calorem
1508 361 1552 394 qui
1588 361 1676 395 imago

884 401 1005 434 quaedam
1023 407 1065 430 est
1082 404 1247 437 operationis
1262 404 1380 439 Spiritus
1395 414 1401 432 :
1421 412 1499 432 nemo
1517 414 1579 433 vero
1599 406 1676 434 dixe-

886 445 1023 472 ritlumcu
1044 447 1100 474 sive
1123 448 1288 476 caliditatcm
1322 457 1382 484 quae
1403 458 1436 477 cx
1461 449 1519 478 sole
1540 451 1677 478 emittitur

887 490 1044 518 dissimilem
1061 492 1109 519 soli
1124 501 1192 526 esse,
1212 494 1290 529 137
1303 496 1364 529 quia
1379 503 1441 522 cum
1457 496 1499 522 his
1527 497 1567 522 sui
1591 497 1676 530 parti-

888 537 1017 571 cipatut':
1036 537 1071 564 ita
1096 538 1161 565 nihil
1181 544 1223 566 est
1248 541 1319 574 qttod
1346 546 1425 575 cogat
1441 541 1498 568 ideo
1516 541 1675 568 dissimilem

886 583 936 609 dici
951 581 1048 609 Filium
1061 591 1075 610 ξι
1092 584 1181 616 Putre,
1197 585 1257 619 quia
1274 593 1322 620 per
1335 587 1421 621 ipsum
1451 586 1538 613 Patris
1560 587 1674 621 partici—

886 634 932 660 pes
942 626 1083 655 eilicimur.
1098 628 1153 656 luto
1169 637 1231 657 vero
1257 629 1307 657 hoc
1328 638 1415 665 ipsum
1447 631 1561 658 similem
1579 633 1603 658 ei
1628 640 1676 666 per

885 673 976 699 otnnia
988 680 1048 700 esse
1068 673 1156 708 ipsum
1172 675 1300 702 ostendit.
1315 674 1383 702 Cum
1398 675 1470 703 enim
1482 676 1542 704 Filii
1564 678 1675 712 partici—

885 725 932 752 pes
946 718 1046 751 cti‘ccti,
1057 719 1144 747 Patris
1157 721 1401 749 communicatione
1426 729 1477 749 uou
1516 723 1673 757 privamur,

886 771 938 797 quo
952 770 1030 798 pacto
1044 772 1098 793 nou
1117 766 1154 794 sit
1183 766 1276 793 eadem
1305 768 1419 794 essentia
1431 767 1520 795 Patris
1542 774 1570 797 et
1595 767 1674 796 Filii?

53 810 92 837 libi
108 817 167 836 tero
197 814 242 835 est
262 809 394 836 identitas
423 808 557 841 assentire,
571 816 651 844 quem
670 809 758 837 locum
782 810 892 838 habebit
912 812 1126 842 dissimilitudo?
1145 814 1334 849 Respoudcant
1349 815 1426 844 nobis
1454 816 1546 844 hostes
1557 817 1672 845 Christi.

163 891 335 924 Ἀντιθεσις
356 891 396 924 ὡς
412 891 446 918 ἐκ
469 890 527 918 τῶν
542 890 706 926 αΙρετικῶν.

81 969 128 996 Καὶ
143 968 199 1000 πῶς
215 968 249 995 ἂν
263 968 321 1004 εἴη,
339 968 416 1002 φασὶ,
431 967 501 995 κατὰ
514 968 558 995 τὸν
574 968 624 1003 τῆς
643 969 737 1000 οὐσίας
754 968 831 1003 λόγον

54 1016 129 1049 ὅμοιος
143 1014 180 1048 τῷ
203 1014 296 1049 Πατρὶ
324 1015 338 1040 ὁ
362 1013 434 1047 Υἱὸς,
450 1014 478 1045 ὃς
504 1023 535 1049 γε
560 1014 686 1042 τοσοῦτον
714 1014 831 1042 ἐλάττων

56 1060 171 1095 φαίνεται,
185 1059 223 1092 ὡς
237 1059 308 1095 μηδὲ
321 1060 387 1097 όρᾷν
406 1059 505 1094 αὑτόν;
521 1061 575 1087 Καὶ
594 1060 674 1086 τοῦτο
687 1059 741 1097 γὰρ
752 1060 832 1091 αὑτός

55 1114 97 1132 που
105 1106 320 1142 διαμαρτύρεται
335 1106 432 1140 λέγων’
447 1115 455 1131 t
465 1105 531 1132 Θεὸν
551 1106 638 1137 οὐδεὶς
654 1105 760 1142 ἑώρακε
777 1106 833 1133 πώ-

57 1160 117 1179 ποτε·
133 1153 146 1180 ὁ
157 1152 308 1188 μονογενὴς
324 1151 400 1185 Θεὸς,
415 1151 429 1177 ὸ
443 1150 480 1179 ὢν
492 1152 531 1183 εἰς
551 1151 596 1178 τὸν
606 1152 705 1178 κόλπον
717 1151 763 1178 τοῦ
776 1153 832 1179 Πα-

57 1198 121 1232 τρδς,
144 1198 247 1229 ἐκεῖνος
272 1197 438 1232 ἐξηγήσατο.
456 1205 465 1223 ι
496 1197 528 1223 El
556 1196 646 1223 τοίνυν
677 1196 833 1232 ἀθεώρητον

57 1244 101 1275 τοῖς
110 1243 171 1270 πᾶσι
184 1242 230 1269 τὸν
241 1242 356 1278 Πατέρα
372 1241 454 1277 φησὶν
470 1242 484 1267 ὁ
500 1242 575 1274 Υἱὸς,
600 1242 629 1269 ὲν
643 1242 669 1268 δὲ
685 1243 741 1274 τοῖς
764 1243 832 1269 πᾶσι

58 1287 192 1320 καὶαῦτὺς,
217 1287 278 1319 πῶς
306 1287 339 1314 ἃν
368 1287 411 1321 εἴη
438 1287 507 1314 κατὰ
522 1287 571 1323 τὴν
598 1287 691 1314 οὐσίαν
715 1288 833 1323 ὂμοιοςὸ

58 1333 164 1360 τοσοῦτον
178 1333 339 1368 ἡττώμενος
350 1342 357 1366 ;

287 1400 369 1435 Πρὸς
379 1400 474 1428 τοῦτο’
484 1401 585 1433 λύσις.

87 1457 132 1483 Καὶ
144 1456 200 1488 πῶς
215 1456 267 1482 οὐκ
279 1456 411 1490 ἄντικρυς
422 1456 491 1490 αὐτῇ
505 1455 655 1490 μαχόμενοι
675 1456 708 1491 τῇ
721 1454 834 1491 ἀληθείᾳ

61 1502 180 1537 φανεῖσθε,
198 1502 246 1529 καὶ
260 1502 366 1533 πάσαις
387 1501 455 1536 ὁμοῦ
472 1502 532 1532 ταῖς
549 1500 637 1532 θείαις
654 1500 777 1535 Γραφαῐς
787 1501 834 1527 ἀν-

61 1549 222 1580 τιπίπτοντες,
238 1548 309 1583 μηδὲ
321 1547 397 1582 αὐτῷ
406 1546 533 1581 λέγοντες
543 1546 658 1582 ὁρᾶσθαι
672 1546 711 1582 τῷ
722 1547 778 1582 Υἰῷ
789 1547 834 1574 τὸν

1119 894 1239 930 Objectio
1252 895 1444 922 Inrrett'corum.

921 972 1017 1006 Atquo
1046 977 1135 1007 pacto,
1159 973 1244 1005 aiunt,
1260 972 1296 1000 sit
1317 973 1412 1000 similis
1431 972 1503 1000 Patri
1526 972 1611 1001 Filius
1631 982 1674 1001 ra-

888 1017 959 1044 tione
972 1019 1105 1050 assentiar,
1119 1018 1162 1053 qui
1180 1023 1254 1045 tanto
1270 1019 1358 1045 minor
1374 1026 1432 1045 esse
1449 1020 1580 1051 cernitur,
1600 1025 1628 1046 ut
1641 1027 1675 1047 ne

887 1061 977 1088 videat
993 1061 1100 1096 quidem
1116 1063 1222 1097 ipsum?
1235 1063 1310 1096 Quod
1325 1062 1431 1097 quidem
1448 1063 1503 1097 ipse
1513 1063 1576 1090 alibi
1591 1067 1674 1091 testa-

888 1111 940 1140 tur,
957 1107 1081 1143 inquiens
1098 1117 1103 1134 :
1126 1118 1134 1133 ι
1155 1108 1238 1135 Deum
1255 1116 1335 1135 nemo
1350 1108 1541 1143 vidituuquam
1558 1118 1565 1135 :
1582 1109 1676 1144 unige-

887 1154 960 1181 nitus
973 1153 1057 1181 Filius
1073 1154 1131 1188 Dei,
1147 1155 1193 1190 qui
1215 1160 1257 1182 est
1283 1155 1309 1182 iu
1341 1155 1400 1182 sinu
1420 1154 1517 1187 Patris,
1531 1155 1575 1181 ille
1589 1162 1674 1188 expo-

887 1199 984 1227 suit".
1001 1210 1009 1226 ι
1029 1200 1057 1228 Si
1072 1208 1135 1236 ergo
1151 1200 1235 1227 Filius
1249 1200 1355 1227 Patrem
1369 1200 1496 1227 omnibus
1514 1199 1674 1227 invisibilem

886 1252 947 1272 csse
965 1246 1039 1278 dicit,
1065 1251 1092 1273 et
1125 1246 1323 1281 significatione
1347 1246 1469 1274 omnium
1501 1245 1559 1280 ipse
1591 1245 1674 1272 etiam

887 1291 1135 1326 comprehenditur,
1151 1292 1285 1327 quomodo
1297 1291 1332 1319 sit
1346 1292 1442 1319 similis
1466 1291 1616 1318 secundum
1633 1297 1675 1317 es-

888 1338 1013 1370 sentiam,
1031 1337 1076 1372 qtti
1093 1342 1167 1365 tanto
1185 1337 1299 1365 inferior
1311 1338 1373 1364 est?

1139 1405 1245 1433 Salutio
1263 1405 1426 1439 objectiouis.

924 1463 958 1490 At
970 1469 1034 1489 vero
1063 1462 1197 1497 quomodo
1214 1469 1267 1489 non
1292 1465 1385 1496 aperte
1400 1467 1446 1487 vos
1469 1467 1531 1487 cum
1547 1459 1674 1487 omnibus

889 1508 1038 1543 Scripturis
1050 1507 1136 1535 sacris
1151 1511 1178 1535 et
1206 1507 1320 1534 veritate
1349 1513 1469 1540 pugnare
1497 1505 1675 1537 censeamini,

887 1554 933 1589 qui
948 1562 982 1581 ne
995 1555 1029 1581 ab
1039 1554 1097 1589 ipso
1110 1553 1217 1588 quidem
1227 1552 1296 1580 Filio
1309 1553 1394 1579 visum
1408 1559 1469 1579 esse
1483 1551 1592 1580 Patrem
1607 1558 1671 1579 cou-

60 1594 161 1629 Πατέρα,
170 1593 326 1629 κεκρύφθαι
344 1591 433 1628 δὲτὴν
442 1592 490 1619 τοῦ
501 1591 670 1626 Μονογενοῦς
686 1593 833 1628 αὐτοπρόσ-

890 1599 1009 1633 tenditis,
1025 1605 1053 1627 et
1080 1606 1173 1627 coram
1186 1599 1306 1626 intuendi
1319 1598 1407 1626 Patris
1433 1597 1587 1626 facultatem
1605 1597 1676 1626 Uni»

60 1647 122 1666 ωπον
139 1639 198 1666 θέαν
211 1648 218 1673 ;
230 1639 321 1665 καίτοι
337 1639 384 1665 καὶ
398 1637 480 1665 αὐτοῦ
498 1637 647 1674 διαρρήδην
662 1637 778 1672 βοῶντος
789 1638 836 1673 οὐχ

65 1687 97 1713 ὅτι
105 1687 144 1713 τὸν
150 1687 259 1723 Πατέρα
269 1686 378 1722 ἑώρακέ
389 1695 444 1720 τις,
456 1686 481 1712 εί
490 1686 549 1721 μὴὸ
560 1685 598 1712 ὣν
611 1686 687 1721 παρὰ
699 1686 745 1712 τοῦ
756 1686 835 1719 Θεοῦ,

62 1730 124 1764 οὗτος
132 1732 231 1768 ἑώρακε
246 1733 296 1760 τὸν
307 1732 428 1767 Πατέρα.
444 1731 506 1764 Πῶς
521 1731 549 1758 δὲ
566 1733 591 1758 εί
611 1733 649 1767 μὴ
660 1732 836 1767 κατάληπτός

64 1781 142 1806 ὲστινό
155 1779 248 1815 Πατὴρ
264 1778 307 1814 τῷ
321 1777 390 1813 Υῑῷ,
406 1777 454 1804 καὶ
471 1778 535 1813 ἡμῖν
560 1777 641 1804 αὑτὸν
655 1777 818 1804 ἐπιδεικνύει
829 1797 835 1809 ,

63 1825 143 1859 λέγων’
171 1834 180 1852 ι
201 1826 229 1852 '0
242 1823 377 1861 ἑωρακὼς
398 1823 460 1858 ἐμὲ,
483 1822 590 1859 ἑώρακε
615 1823 660 1850 τὸν
679 1823 806 1858 Πατέρα;
824 1833 832 1849 ι

66 1871 115 1902 Πῶς
127 1870 189 1897 δὲτὸ
205 1869 324 1904 Πνεῦμα
339 1867 421 1896 αὐτοῦ
445 1867 535 1894 πάντα
561 1866 707 1893 ἐπίσταται
734 1867 782 1893 καὶ
802 1866 837 1893 τὰ

66 1915 121 1951 βάθη
135 1915 178 1942 τοῦ
191 1915 270 1947 θεοῦ,
286 1913 413 1949 καθάπερ
427 1913 474 1940 καὶ
486 1912 516 1939 τὺ
542 1911 650 1947 πνεῦμα
670 1911 717 1938 τοῦ
734 1911 837 1947 ἀνθρὼ-

66 1970 106 1988 πω
117 1963 146 1989 τὰ
160 1963 186 1988 ὲν
201 1961 278 1996 αὺτῷ
288 1969 295 1994 ;
307 1959 370 1991 Πῶς
380 1959 407 1986 δὲ
423 1958 505 1985 πάλιν
532 1959 556 1985 οι
580 1959 640 1985 κατ’
654 1958 768 1994 οὐρανὸν
784 1958 835 1991 ἄγ-

66 2008 123 2041 γελοι
134 2007 207 2040 ὠςτδ
222 2006 322 2034 τούτου
339 2005 484 2040 πρόσωπον
500 2002 665 2038 θεωροῦντες
682 2002 837 2037 ἀνεγράφη-

68 2061 116 2083 σαν,
126 2053 147 2078 ιι
166 2052 230 2087 μηδὲ
243 2050 287 2086 τῷ
300 2050 359 2085 Υἱῷ
374 2048 455 2076 τοῦτο
466 2049 595 2083 ὑπάρχει,
624 2048 684 2075 καθ’
697 2048 787 2082 ὑμᾶς;
801 2048 837 2074 Ἢ

67 2096 112 2128 πῶς
125 2098 170 2124 οὐκ
187 2096 344 2132 ἀληθεύσει.
362 2095 458 2129 λέγων·
476 2103 485 2120 ι
504 2092 602 2125 Καθὼς
625 2092 755 2127 γινώσκει
773 2101 806 2128 με
821 2094 837 2120 ὀ

68 2143 153 2178 Πατὴρ,
165 2144 240 2177 κάγὼ
261 2141 390 2177 γινώσκω
415 2140 461 2167 τὸν
488 2140 612 2176 Πατέρα;
632 2149 641 2167 ι
661 2139 716 2166 Καὶ
737 2139 834 2168 πάλιν·

69 2195 77 2211 ι
89 2187 169 2219 οὐδεὶς
183 2187 362 2221 ἐπιγινώσκει
377 2185 423 2212 τὸν
438 2185 513 2217 Υίὺν,
532 2185 556 2211 εἰ
575 2185 612 2220 μὴ
627 2185 640 2210 ὸ
658 2184 763 2220 Πατὴρ,
776 2185 837 2213 οὐδὲ

67 2231 103 2258 τὸν
114 2232 214 2268 Πατέρα
232 2241 276 2264 τις
302 2230 491 2265 ἐπιγινώσκει,
517 2231 541 2258 εί
560 2230 598 2266 μὴ
624 2231 638 2256 ὁ
662 2230 736 2262 Υἱὸς,
751 2230 798 2256 καὶ
814 2227 836 2264 ᾧ

888 1645 979 1680 genito
998 1645 1133 1677 adimitis,
1153 1651 1214 1672 cum
1232 1644 1289 1678 ipse
1302 1648 1395 1678 aperte
1413 1643 1521 1675 clamet,
1540 1644 1610 1677 quod
1630 1650 1675 1671 ue-

888 1698 932 1718 mo
948 1689 1162 1717 videritPatrcut
1180 1689 1230 1716 nisi
1249 1690 1293 1724 qui
1310 1697 1342 1715 cx
1366 1689 1421 1715 Deo
1456 1693 1508 1720 est,
1524 1689 1581 1722 ipse
1607 1688 1677 1715 vidit

887 1735 1017 1762 Patrem?
1028 1735 1166 1768 Quomodo
1181 1740 1270 1762 autem
1285 1735 1334 1762 nisi
1350 1742 1363 1760 ει
1377 1733 1445 1761 Filio
1472 1734 1573 1768 percipi
1588 1739 1676 1768 potest

888 1781 977 1813 Pater,
994 1781 1070 1808 nobis
1081 1780 1161 1808 etiant
1185 1780 1272 1815 ipsunt
1300 1780 1428 1812 ostendit,
1449 1780 1542 1806 dicens
1558 1788 1564 1805 :
1582 1789 1592 1805 ι
1625 1779 1675 1812 Qui

888 1827 954 1854 \idit
971 1833 1024 1858 me,
1041 1826 1108 1853 vidit
1121 1825 1262 1853 etPatrem
1279 1825 1325 1852 "1'
1342 1834 1351 1852 ι
1365 1825 1504 1859 Quomodo
1517 1825 1598 1852 etiam
1615 1825 1675 1859 Spi-

888 1873 956 1900 ritus
969 1873 1028 1907 ejus
1039 1871 1128 1899 omnia
1148 1872 1232 1903 novit,
1257 1872 1339 1898 etiam
1367 1871 1457 1899 abdita
1469 1871 1526 1902 Dei.
1542 1872 1612 1898 sicut
1621 1871 1675 1904 spi-

889 1918 958 1945 ritus
973 1917 1090 1945 hominis
1103 1924 1162 1951 quae
1179 1917 1206 1943 in
1220 1917 1278 1952 ipso
1297 1921 1361 1943 sunt
1369 1916 1413 1942 "?
1427 1916 1567 1949 Quomodo
1581 1923 1675 1944 rursus

887 1962 976 1996 angeli
994 1962 1120 1989 caelestes
1129 1967 1256 1996 tanquam
1274 1961 1369 1988 faciem
1386 1961 1446 1995 ejus
1458 1961 1674 1994 contemplantes

886 2006 1016 2041 descripti
1034 2010 1107 2038 sunt,
1123 2005 1145 2032 si
1164 2012 1198 2031 ne
1217 2004 1287 2031 Filio
1302 2005 1410 2038 quidem
1429 2005 1480 2031 hoc
1495 2005 1673 2032 conceditur!

887 2052 942 2079 Aut
957 2051 1093 2085 quomodo
1110 2051 1264 2082 mentiatur,
1282 2050 1393 2077 dicens:
1415 2059 1425 2076 ι
1441 2048 1518 2077 Sicut
1532 2050 1673 2083 cognoscit

888 2105 931 2125 me
947 2097 1074 2127 Pater.et
1086 2104 1135 2132 ego
1148 2104 1281 2131 cognosco
1299 2095 1406 2123 Patrem
1418 2094 1462 2121 "‘3
1480 2105 1489 2121 ι
1507 2095 1539 2122 Ει
1553 2103 1646 2122 rursus
1663 2104 1670 2122 :

891 2154 899 2170 I
915 2143 999 2171 Nemo
1010 2143 1150 2178 coguOscit
1168 2142 1265 2170 Filiutu
1281 2142 1332 2169 uisi
1342 2141 1431 2174 Pater,
1446 2149 1497 2169 nec
1508 2140 1616 2169 Pan-em
1631 2141 1673 2168 ul-

888 2190 928 2217 lus
942 2189 1079 2225 coguoscit
1096 2189 1146 2216 nisi
1163 2188 1259 2220 Filius,
1273 2193 1300 2215 et
1314 2187 1355 2216 cui
1371 2187 1487 2216 Voluerit
1500 2187 1584 2214 Filius
1596 2194 1673 2213 reve-

888 2237 945 2264 lare
955 2236 999 2263 "i
1015 2245 1024 2261 ι
1041 2235 1092 2269 Qui
1106 2243 1169 2269 ergo
1184 2242 1237 2261 uou
1252 2234 1339 2262 solum
1358 2234 1443 2266 novit,
1457 2241 1549 2261 verum
1589 2233 1673 2259 etiam

68 2277 105 2303 ἐὰν
116 2278 234 2313 βούληται
257 2279 273 2304 ὁ
298 2277 362 2308 Tib;
389 2275 582 2310 ἀποκαλύψαις
602 2285 611 2301 ι
641 2275 669 2302 '0
683 2275 772 2303 τοίνυν
799 2276 833 2312 μὴ

890 2282 949 2309 aliis
961 2281 1082 2309 revelare
1095 2281 1202 2308 Patrem
1221 2284 1319 2314 potest,
1348 2279 1483 2314 quomodo
1510 2278 1596 2313 ipsqu
1620 2286 1673 2305 nou

70 2323 133 2357 μόνον
147 2323 227 2357 εἰδὼς,
240 2323 311 2350 ἀλλὰ
324 2322 372 2349 καὶ
387 2321 589 2350 ἀποκαλύπτειν
602 2321 705 2357 ἑτέροις
715 2321 759 2349 τὸν
777 2322 832 2348 Πα-

67 2369 120 2403 τέρα
132 2370 283 2405 δυνάμενος,
299 2367 358 2400 πῶς
376 2367 456 2395 αὑτὸν
470 2367 520 2402 οὺχ
534 2367 585 2402 δρᾷ
597 2375 604 2399 ἶ
616 2367 678 2399 Πῶς
688 2367 716 2394 δὲ
735 2368 785 2394 οὐκ
795 2365 833 2394 ⁰Ῑ“

68 2414 103 2441 ῧεν
115 2415 162 2448 ὀὲξ
172 2413 207 2442 ὧν
217 2417 293 2442 ἐστιν
306 2413 386 2445 αὐτὸς
395 2412 473 2444 εἰδὼς
486 2413 533 2440 τὸν
548 2413 667 2448 Πατέρα,
686 2413 733 2440 καὶ
746 2412 833 2447 λέγων

68 2461 123 2496 πρὸς
132 2462 214 2489 αὐτόν·
243 2473 252 2489 ι
267 2463 308 2490 Τὰ
332 2463 388 2498 ἐμὰ
416 2462 506 2490 πάντα
523 2462 558 2489 σά
586 2463 655 2495 ἔστι,
671 2462 718 2489 καὶ
741 2462 776 2490 τὰ
799 2462 833 2489 σὰ

70 2506 126 2540 ipa;
141 2516 149 2533 ι
167 2508 271 2544 Ὥσπερ
284 2506 341 2542 οὖν,
358 2509 437 2544 εῐπερ
454 2507 488 2545 ἦν
497 2508 653 2546 ἀθεώρητος
671 2508 755 2544 αὐτῷ,
771 2508 832 2535 καθ’

71 2551 135 2586 ὑμᾶς,
148 2555 161 2580 ὁ
173 2555 278 2591 Πατὴρ,
295 2555 346 2582 οὐκ
358 2554 392 2583 ἂν
405 2553 439 2591 ἦν
454 2555 527 2590 αὐτῷ
541 2555 602 2582 κατ’
622 2556 715 2582 οὐσίαν
730 2555 832 2590 ὅμοιος,

69 2597 138 2631 οὓτως
148 2600 290 2637 ἐπειδήπερ
301 2602 352 2637 ὁρᾷ
361 2602 408 2628 καὶ
421 2601 552 2636 γινώσκει
567 2601 612 2628 τὸν
625 2601 744 2636 Πατέρα,
757 2601 833 2627 ἔσται

71 2643 158 2677 πάντως
171 2647 242 2682 αὐτῷ
257 2647 330 2674 κατὰ
347 2647 434 2674 πάντα
462 2647 642 2682 προσεοικὼς,
661 2647 708 2674 καὶ
722 2646 831 2682 διαψεύ-

71 2695 131 2716 «ut
141 2691 216 2718 πάλιν
232 2693 283 2726 τῆς
300 2693 366 2728 παρ’
380 2692 456 2728 ὑμῶν
468 2692 650 2726 συκοφαντίας
661 2693 675 2719 ό
689 2692 778 2727 λόγος.

160 2747 360 2782 Ὰνθυποφορὰ
379 2749 418 2782 ὡς
436 2749 469 2775 ἐκ
488 2749 547 2777 τῶν
563 2747 725 2782 αΙρετικῶν.

98 2800 162 2829 Κατὰ
173 2803 260 2836 τοῦτο,
279 2803 359 2837 φασὶ,
373 2803 451 2831 μόνον
466 2804 558 2839 ὅμοιον
569 2801 640 2830 εἶναι
655 2802 777 2838 δώσομεν
787 2802 832 2828 τὸν

892 2327 984 2355 ridet?
997 2325 1197 2361 Autqttomodo
1216 2333 1268 2353 non
1284 2324 1409 2361 cognovit
1439 2325 1483 2358 qui
1503 2331 1536 2351 ex
1553 2330 1607 2357 quo
1632 2327 1674 2350 est

889 2372 948 2407 ipse
975 2371 1051 2399 novit
1077 2371 1206 2403 Patrem,
1236 2370 1338 2405 quique
1366 2370 1399 2396 ad
1427 2368 1535 2396 Patrem
1579 2367 1642 2395 dicit
1663 2377 1672 2394 :

894 2428 903 2444 ι
922 2418 1016 2446 Omnia
1035 2423 1094 2444 mea
1112 2421 1156 2443 tua
1169 2421 1243 2448 sunt,
1259 2420 1283 2443 et
1303 2421 1347 2443 tua
1374 2423 1432 2442 mea
1448 2415 1492 2441 "'i
1509 2423 1519 2440 ι
1536 2414 1672 2447 Quemad-

888 2464 995 2490 modum
1017 2461 1109 2495 igitur,
1123 2461 1175 2488 sia
1187 2459 1257 2487 Filio
1271 2459 1355 2487 videri
1374 2467 1427 2487 nou
1448 2462 1549 2494 poSsct.
1578 2463 1607 2484 ut
1621 2465 1670 2485 vos

886 2507 1044 2543 opinamini,
1058 2506 1155 2534 similis
1170 2506 1296 2533 essentia:
1312 2512 1372 2532 cum
1395 2511 1427 2532 eo
1443 2511 1495 2530 non
1522 2507 1614 2530 esset:
1636 2502 1672 2529 ita

887 2562 949 2582 cum
963 2554 1051 2581 rideat
1062 2558 1090 2580 et
1105 2556 1250 2586 cognoscat
1267 2551 1386 2582 Patrem,
1397 2548 1496 2576 similis
1519 2549 1600 2576 etiam
1625 2556 1673 2583 per

887 2600 978 2628 omnia
995 2599 1032 2627 illi
1051 2599 1141 2631 fuerit,
1159 2597 1420 2630 mendacissimaque
1433 2596 1483 2622 erit
1503 2600 1594 2623 vestra
1623 2602 1668 2623 ca-

887 2645 998 2673 inmnia.

994 2743 1074 2779 138
1092 2742 1209 2778 Objectio
1224 2741 1352 2776 replicans
1374 2740 1567 2768 hereticorum.

923 2799 1073 2826 Eotantum
1091 2798 1182 2832 modo,
1197 2802 1331 2833 inquiunt,
1349 2796 1464 2824 similem
1489 2802 1549 2823 esse
1574 2793 1672 2822 Filium

99 2871 197 2900 "Joan.
216 2882 235 2908 ι,
255 2875 300 2902 is.
340 2874 362 2890 “
372 2874 446 2902 Joau.
466 2884 521 2910 xtv,
537 2876 563 2904 9.
601 2876 643 2903 "’l
662 2878 723 2904 Cor.
740 2883 770 2908 tt,
792 2874 833 2902 li.

890 2870 985 2898 'Joau.
1003 2878 1030 2904 ι,
1048 2871 1089 2898 15.
1129 2871 1150 2887 ⁵⁸
1164 2870 1260 2898 Matth.
1281 2877 1319 2902 xt,
1339 2869 1384 2896 27.
1423 2868 1445 2884 ‘°
1457 2867 1534 2898 Joan.
1548 2865 1666 2898 xvu,10.
