1904 3026
203 106 256 133 255

717 100 746 127 S.
767 98 901 128 CYRILLI
920 95 1155 124 ALEXANDIHNI
1175 95 1334 124 ARCIIIEP.

1777 95 1835 124 236

202 167 354 196 Stunt,non
373 167 463 190 autetn
485 161 524 188 'ils
551 167 611 195 qua:
643 166 695 187 non
739 159 872 186 exsistunt
906 157 990 192 magis

1056 157 1070 182 ὑ
1084 158 1139 188 τοῖς
1156 157 1193 191 μὴ
1209 155 1269 183 οὖσι
1283 156 1407 191 δέχεσθαί
1434 165 1459 182 τι
1478 156 1710 191 πρεπωδέστερον,
1730 155 1838 190 συνθη-

200 210 346 237 conveniat
359 208 459 243 aliquid
475 208 610 242 accipere,
623 213 672 234 nus
688 206 775 233 etiam
801 205 985 232 concedimus.

201 256 335 283 Czeterum
349 255 412 282 illud
426 261 496 281 nunc
506 260 617 280 necesse
628 257 671 280 est
680 251 780 284 dicere,
793 250 865 285 quod
878 250 904 277 id
917 251 989 284 quod

201 302 299 336 accipit
313 301 413 335 aliquid
436 300 469 327 ab
481 299 545 333 alio,
572 304 701 333 tanquam
716 305 769 325 non
786 296 889 324 habens
914 297 988 324 acci-

200 350 249 384 pit.
262 348 290 376 Si
304 347 460 381 ergoI’ater
479 347 589 382 quidem
619 346 701 373 habet
727 345 788 376 hoc,
813 348 842 371 ut
878 343 914 371 sit
934 343 989 370 vita

201 395 348 422 secundum
374 393 533 424 essentiam,
553 391 601 419 dat
626 398 691 418 vero
711 390 736 417 id
750 389 832 421 Filio,
861 390 990 416 nimirum

201 446 230 468 ut
248 449 300 468 non
312 440 420 467 habenti
435 446 441 464 :
454 443 512 473 ‘quo
528 436 698 472 pactoigitur
712 436 764 464 erit
782 436 887 464 ratione
899 443 991 463 essen-

202 488 246 514 tia:
259 486 357 514 similis
369 485 404 517 ei,
420 485 452 512 ab
466 491 498 512 eo
511 483 647 518 accipiens
661 482 732 518 quod
745 483 859 517 ipsemet
875 489 927 510 non
940 483 989 509 ha-

203 532 264 559 bet?

457 585 562 612 Salutio
575 584 740 619 objectiom'n.

233 642 392 678 lnquirenda
404 646 445 670 est
458 647 586 670 accurate
601 641 667 669 dicti
689 641 775 676 ipsius
788 641 823 669 de
852 647 908 676 quo
933 640 990 675 agi-

202 698 270 723 nms,
286 698 302 717 ο
319 689 393 722 boni,
407 689 553 721 sententia,
567 695 599 716 ac
614 693 673 716 tum
687 687 802 716 rationis
814 687 868 714 vim
886 686 992 714 videbi-

200 745 271 765 mus.
289 737 309 763 A
322 736 401 763 nobis
415 735 488 763 enim
504 738 600 765 contra
613 733 740 761 audietis.
758 733 786 761 Si
798 733 838 760 sic
853 733 935 760 habet
951 732 991 759 vi-

201 787 255 809 tam
273 781 357 809 Filius
381 779 607 815 quemadmodum
630 783 656 806 et
692 778 782 810 Pater,
815 778 867 805 hoc
881 783 933 809 est,
964 777 991 804 in

202 830 301 864 seipso,
318 836 367 863 per
382 829 454 863 quod
471 827 642 863 signiﬁcatur
656 826 848 858 essentialiter,
868 826 932 860 quid
946 827 992 853 ob-

202 875 286 902 stabit
300 874 445 910 quominus
459 880 520 908 qua:
535 872 660 900 similiter
679 880 709 900 se
733 873 843 903 habent,
870 872 989 906 ejusdem

204 929 311 956 qttoque
326 921 382 948 sint
394 919 571 947 substantiae?
586 919 614 946 Si
628 919 701 946 enim
714 919 795 946 Pater
811 918 894 946 habet
907 918 989 945 vitam

201 968 228 994 in
252 967 351 1002 scipso,
365 971 391 993 et
403 965 487 993 Filius
503 965 621 992 vicissim
638 964 721 991 vitam
740 965 766 991 in
783 964 873 999 seipso
899 964 990 998 habet,

202 1021 255 1040 non
271 1020 319 1047 per
336 1012 526 1047 adiectionem,
543 1016 572 1038 ut
587 1018 634 1039 vos
650 1010 811 1044 opinamini,
845 1010 897 1037 erit
908 1010 990 1037 etiam

202 1058 276 1086 Patri
290 1059 439 1085 secundum
452 1057 600 1084 essentiam
619 1056 743 1090 aequalis,
761 1057 808 1090 qui
820 1056 913 1084 eodem
931 1062 990 1082 mo-

203 1105 236 1132 do
256 1105 340 1131 vitam
353 1104 435 1130 habet
446 1108 527 1138 atque
546 1102 600 1134 ille,
616 1108 705 1130 etnon
722 1102 812 1130 aliter.

554 1169 671 1198 ALIUD.

236 1228 264 1256 Si
279 1227 363 1255 Filius
381 1234 433 1254 non
444 1231 485 1254 est
504 1226 558 1254 vita
577 1225 726 1254 secundum
752 1228 889 1257 naturam,
911 1223 987 1260 ιιι

202 1282 256 1310 quo
273 1278 352 1308 pacto
368 1280 431 1300 vere
446 1272 511 1300 dicit
529 1281 535 1299 :
553 1281 563 1298 ι
582 1271 632 1305 Qui
642 1271 729 1299 credit
755 1270 847 1302 inme,
861 1269 942 1296 habet
953 1269 991 1295 vi-

202 1327 256 1349 tam
269 1326 396 1348 :cternam
411 1319 453 1346 "?
480 1328 489 1344 ι
521 1317 553 1345 Et
567 1324 678 1345 rursus:
704 1326 713 1342 ι
733 1315 802 1343 Oves
823 1321 990 1342 meaevocem

202 1374 290 1394 meam
308 1366 420 1394 audiunt
435 1365 472 1398 ⁶⁸;
490 1373 499 1390 ι
518 1369 546 1392 et
563 1373 570 1391 :
590 1373 599 1389 ι
613 1362 668 1398 Ego
681 1363 714 1390 do
730 1362 795 1397 ipsis
818 1361 899 1388 vitam
913 1365 991 1388 aeter-

203 1420 280 1446 nam;
298 1421 307 1437 ι
325 1416 352 1438 et
368 1417 462 1438 rursus
486 1419 491 1437 :
513 1418 522 1435 ι
543 1408 593 1442 Qui
610 1407 697 1436 credlt
714 1407 740 1435 in
757 1414 810 1439 me,
829 1413 881 1434 non
898 1409 991 1441 gusta-

204 1460 242 1486 bit
258 1462 373 1485 mortem
390 1457 415 1483 in
431 1460 562 1483 aeternum
576 1454 609 1480 η.
630 1462 639 1479 ι
653 1453 802 1488 Oportebat
821 1452 892 1479 enim
919 1451 992 1479 dice-

204 1513 249 1532 rc:
264 1503 314 1537 Qui
333 1502 419 1529 credit
432 1501 458 1528 in
473 1507 527 1531 me,
544 1499 660 1534 accipiet
691 1498 786 1531 vitam,
810 1504 891 1532 quam
919 1496 991 1524 dedit

1041 203 1143 238 σόμεθα
1157 203 1204 229 καὶ
1216 203 1302 230 αὐτοί.
1327 203 1396 229 ’Δλλ“
1412 203 1500 229 ἐκεῖνο
1508 203 1556 230 νῦν
1571 203 1718 237 ἀναγκαῖον
1733 203 1836 233 εἰπεῖν,

1039 249 1080 275 ὅτι
1095 249 1125 275 τὺ
1136 249 1279 284 δεχόμενον
1290 258 1316 275 τι
1329 249 1405 284 παρά
1417 257 1499 281 τινος,
1528 249 1566 281 ὡς
1580 250 1630 276 οὐκ
1645 249 1707 284 ἕχον
1722 249 1836 284 λαμ.θά-

1041 304 1090 322 νει.
1106 296 1135 322 El
1151 296 1242 322 τοίνυν
1256 295 1312 330 ἔχει
1328 295 1377 331 μὲν
1396 297 1409 322 6
1425 296 1519 331 Πατὴρ
1538 295 1568 322 τὺ
1597 293 1668 322 εἶναι
1695 295 1753 330 ζωὴ
1774 296 1838 321 κατ’

1040 342 1145 372 οὐσίαν,
1160 341 1251 368 δίδωτι
1266 341 1293 368 δὲ
1310 341 1389 368 τοῦτο
1402 341 1440 377 τῷ
1456 341 1513 377 Υῑῷ
1530 342 1567 374 ὡς
1583 343 1634 369 οὐκ
1646 342 1736 378 ἔχοντι
1753 342 1838 377 δηλα-

1040 387 1083 423 δὴ,
1097 387 1156 419 πῶς
1170 386 1216 414 οὖν
1231 387 1307 414 ἔσται
1322 389 1381 414 κατ’
1395 388 1487 415 οὐσίαν
1504 389 1594 423 ὅμοιος
1609 388 1684 424 αὐτῷ
1703 389 1772 423 παρ’
1789 389 1839 415 αὒ-

1042 432 1088 459 τοῦ
1108 433 1253 469 δεχόμενος
1268 434 1337 470 ὅπερ
1350 435 1431 466 αὐτὸς
1444 436 1494 462 οὐκ
1510 435 1583 470 ἔχει;

1291 577 1369 611 Πρὸς
1382 577 1469 606 τοῦτο
1483 578 1581 611 λύσις.

1084 632 1256 666 Ἐξεταστέον
1273 632 1405 668 ἀκριὸῶς,
1430 630 1452 659 ὢ
1471 632 1613 668 βέλτιστοι,
1625 634 1673 661 τοῦ
1687 635 1841 670 προτεθέν-

1042 687 1087 709 τος
1106 679 1189 714 ῥητοῦ
1200 679 1250 715 τὴν
1261 679 1391 710 διάνοιαν,
1405 680 1459 706 καὶ
1468 680 1529 706 τότε
1542 679 1589 707 τοῦ
1604 680 1683 715 λόγου
1694 681 1746 717 τὴν
1758 681 1840 707 δύνα-

1044 733 1091 758 μιν
1102 724 1234 760 ὀψόμεθα.
1255 725 1465 752 ’Λντακούσεσθε
1489 725 1543 760 γὰρ
1563 726 1628 761 παρ’
1647 725 1737 761 ἡμῶν,
1753 727 1778 752 εἱ
1790 725 1839 752 οὖα

1042 779 1097 802 τως
1112 771 1169 806 ἔχει
1186 771 1235 806 τὴν
1246 770 1318 806 ζωὴν
1332 771 1347 797 6
1359 771 1421 803 Υἱὸς
1435 771 1530 806 ὥσπερ
1542 771 1589 798 καὶ
1605 773 1619 798 6
1643 771 1752 807 Πατὴρ,
1772 780 1839 798 του-

1043 816 1144 847 τέστιν,
1161 817 1190 843 ὲν
1201 816 1300 851 ἐαυτῷ,
1317 816 1351 842 δι’
1368 813 1398 842 οὗ
1414 816 1444 843 τὸ
1458 817 1594 848 οὑσιωδῶς
1612 818 1795 853 σημαίνεται,
1811 818 1839 843 τί

1042 861 1160 888 κωλύσει
1175 861 1209 888 τὰ
1224 861 1326 896 ὁμοίως
1342 862 1448 897 ἔχοντα,
1461 862 1512 896 τῆς
1528 863 1612 898 αὐτῆς
1623 861 1692 890 εἶναι
1722 864 1771 890 καὶ
1790 864 1839 890 οὺ-

1043 907 1120 940 σίαςς
1140 908 1170 933 ει
1199 907 1252 943 γὰρ
1281 907 1295 933 6
1323 909 1418 944 Πατὴρ
1435 908 1490 943 ἔχει
1510 909 1560 944 τὴν
1588 909 1660 945 ζωὴν
1678 911 1706 936 ἐν
1734 910 1836 945 ἐαυτῷ,

1041 952 1099 988 ἔχει
1114 953 1142 980 δὲ
1159 953 1240 980 πάλιν
1255 953 1340 989 αὐτὴν
1353 955 1367 981 ό
1385 954 1448 986 Υἱὸς
1462 955 1491 982 ὲν
1506 954 1604 990 ἑαυτῷ,
1624 955 1675 982 οὐκ
1694 956 1724 982 ἐν
1749 964 1838 991 προσ-

1042 998 1130 1034 θήκης
1145 999 1234 1035 μέρει,
1249 999 1375 1036 καθάπερ
1389 1000 1468 1036 ὑμεῖς
1483 1010 1561 1035 φατε,
1578 1001 1654 1028 ἔσται
1669 1002 1766 1037 καὶτῷ
1778 1002 1838 1028 Πα-

1041 1044 1086 1079 cpt
1115 1044 1175 1071 κατ’
1202 1045 1296 1071 οὐσίαν
1324 1046 1395 1077 [σος.
1418 1047 1432 1072 6
1455 1046 1585 1078 ὡσαύτως
1609 1046 1678 1082 ἔχων
1693 1048 1744 1082 τὴν
1763 1046 1838 1083 ζωὴν

1041 1090 1138 1126 ἐκείνῳ
1149 1111 1156 1122 ,
1173 1090 1221 1117 καὶ
1239 1091 1288 1126 οὐχ
1305 1091 1414 1127 ἑτέρως.

1386 1157 1487 1186 ΑΛΛΟ.

1077 1213 1108 1240 Et
1126 1222 1162 1249 μη
1177 1213 1233 1249 ζωὴ
1249 1214 1318 1240 κατὰ
1342 1213 1423 1248 φύσιν
1443 1215 1516 1241 ἐστὶν
1531 1215 1545 1241 6
1558 1215 1631 1248 Υἱὸς,
1661 1215 1721 1247 πῶς
1733 1216 1839 1251 ἐπειλη-

1042 1259 1131 1285 θεύσει
1145 1259 1244 1293 λέγων’
1264 1269 1273 1285 ι
1292 1260 1321 1286 '0
1336 1259 1472 1287 πιστεύων
1491 1262 1531 1293 εἰς
1543 1261 1603 1296 ἐμὲ,
1614 1261 1670 1296 ἔχει
1683 1261 1757 1296 ζωὴν
1769 1262 1839 1288 αἰώ-

1042 1313 1114 1336 νιον;
1128 1314 1137 1330 ι
1155 1305 1209 1330 Καὶ
1223 1305 1312 1332 πάλιν·
1330 1315 1339 1330 ι
1361 1305 1402 1332 Τὰ
1417 1307 1542 1342 πρόϐατα
1566 1307 1600 1333 τὰ
1622 1307 1677 1342 ἐμὰ
1701 1307 1753 1342 τῆς
1768 1308 1838 1343 ἐμῆς

1041 1348 1134 1374 ἀκούει
1141 1349 1242 1384 φωνῆς.
1250 1359 1310 1375 ›-ι
1317 1349 1402 1384 Κάγὼ
1410 1350 1505 1386 δίδωμι
1514 1351 1604 1384 αὐτοῖς
1616 1351 1687 1386 ζωὴν
1696 1351 1818 1378 αἰώνιον.
1827 1362 1835 1377 ι

1042 1394 1096 1421 Καὶ
1111 1395 1203 1422 πάλιν·
1220 1405 1229 1421 ι
1255 1396 1284 1422 '0
1300 1395 1435 1422 πιστεύων
1452 1397 1491 1428 εἰς
1508 1397 1559 1431 ἐμὲ
1593 1397 1624 1423 οὐ
1645 1398 1682 1432 μὴ
1702 1398 1838 1433 γεύσηται

1042 1440 1158 1467 Θανάτου
1169 1442 1208 1472 εἰς
1225 1441 1270 1468 τὸν
1287 1441 1384 1468 αἰῶνα.
1403 1450 1411 1466 ι
1433 1441 1507 1468 Ἔδει
1535 1442 1590 1478 γὰρ
1613 1443 1703 1477 λέγειν
1714 1451 1721 1458 ·
1745 1444 1776 1470 '0
1792 1453 1838 1470 πι-

1043 1486 1144 1513 στεύων
1159 1488 1200 1518 el;
1225 1487 1275 1522 ἐμὲ
1293 1487 1407 1523 λήψεται
1422 1489 1486 1524 παρ’
1506 1489 1573 1524 ἐμοῦ
1589 1488 1670 1524 ζωὴν,
1685 1489 1718 1524 ἣν
1733 1489 1838 1516 δέδωκέ

204 1528 374 1577 ιιιὶιιὶιῐδίιιετ.
393 1545 557 1574 lteszum
573 1545 619 1580 qui
643 1543 790 1571 crediderit
805 1543 831 1569 in
855 1549 909 1574 me,
937 1549 989 1569 non

1056 1541 1089 1559 ιοι
1106 1534 1119 1559 6
1134 1533 1238 1568 Πατήρ.
1256 1534 1309 1560 Καὶ
1335 1533 1426 1560 πάλιν
1458 1533 1511 1562 Τὸν
1541 1535 1582 1566 εἰς
1603 1535 1653 1570 ἐμὲ
1673 1535 1839 1563 πιστεύοντα

203 1596 274 1623 ‘siuet
292 1594 372 1621 Pater
387 1596 496 1627 gustare
513 1596 638 1618 mortem.
656 1589 684 1616 Si
701 1596 765 1616 vero
780 1589 806 1616 id
823 1595 877 1616 non
892 1588 992 1615 dixisse

202 1641 334 1672 cernitur.
352 1640 399 1667 sed
416 1637 548 1674 promittit
579 1643 610 1664 se
641 1636 769 1663 daturum
800 1635 833 1662 iis
856 1635 902 1669 qui
929 1641 991 1662 cre-

203 1688 268 1714 dunt
283 1687 309 1713 in
320 1686 406 1720 ipsum
425 1685 507 1711 vitam
523 1690 584 1717 qua:
599 1681 760 1710 naturaliter
772 1685 800 1708 et
808 1679 992 1708 essentialiter

204 1734 255 1760 sibi
278 1732 328 1767 ipsi
346 1732 427 1763 inest,
460 1729 595 1764 quomodo
611 1727 723 1763 intelligi
741 1731 828 1762 potest
842 1725 939 1752 Filium
954 1725 993 1752 vi-

204 1785 258 1807 tam
286 1785 339 1805 non
369 1777 513 1804 habentem
539 1782 598 1802 eam
622 1781 636 1801 ο
659 1774 739 1801 Patre
755 1772 910 1807 accepisse?
937 1771 993 1799 Hoc

203 1826 275 1853 enim
296 1824 390 1859 quavis
403 1821 567 1857 blasphemia
581 1820 690 1856 gravius
708 1824 759 1847 est.
777 1818 842 1851 Sed,
867 1822 896 1845 ut
913 1817 993 1844 modo

204 1873 303 1899 dictum
316 1869 521 1904 est,proeedens
532 1875 564 1895 ex
576 1867 667 1900 Patre,
676 1865 766 1894 omnia
779 1872 838 1900 qum
852 1864 922 1891 illius
931 1867 994 1891 sunt

203 1918 282 1946 simul
293 1917 439 1944 secundum
454 1919 579 1942 naturam
591 1921 682 1941 secum
695 1912 773 1940 aﬂert
782 1932 789 1945 ,
807 1915 834 1938 et
843 1918 874 1939 ea
890 1910 993 1937 ratione

203 1971 254 1998 qua
293 1962 408 1997 accepit,
439 1961 538 1987 dicitur
568 1958 695 1994 splendor
723 1963 751 1986 et
781 1957 870 1991 imago
897 1956 991 1990 ipsius.

205 2008 292 2037 Unum
310 2011 399 2035 autem
431 2012 523 2033 eorum
549 2012 610 2040 quae
641 2003 716 2031 Patri
743 2003 837 2030 insunt
850 2001 930 2029 etiam
951 2005 993 2028 est

201 2055 267 2081 vita.

545 2148 659 2176 ALIUD.

1042 1577 1072 1604 οὐ
1086 1578 1259 1613 συγχωρήσει
1274 1578 1288 1604 6
1306 1578 1399 1614 Πατὴρ
1426 1577 1575 1612 γεύσασθαι
1602 1578 1730 1606 θανάτου.
1762 1579 1794 1605 Εἰ
1810 1579 1838 1606 δὲ

1043 1627 1122 1654 τοῦτο
1140 1627 1190 1662 μὲν
1205 1627 1322 1663 εἰρηκὼς
1333 1627 1363 1654 οὐ
1380 1627 1515 1662 φαίνεται,
1532 1627 1569 1659 ὡς
1586 1627 1613 1653 δὲ
1629 1627 1709 1662 φύσει
1721 1627 1838 1663 προσοῦ-

1044 1682 1093 1700 σαν
1105 1673 1195 1708 ἑαυτῷ
1216 1673 1266 1709 τὴν
1281 1673 1364 1709 ζωὴν,
1388 1674 1435 1701 καὶ
1451 1674 1490 1706 ὡς
1508 1673 1644 1706 οὑσιωδῶς
1657 1674 1838 1709 ὑπάρχουσαν

1044 1719 1072 1745 ὲν
1085 1718 1184 1754 ἑαυτῷ,
1199 1719 1296 1745 δώσειν
1320 1720 1376 1751 τοῖς
1400 1720 1441 1751 εις
1454 1719 1536 1746 αὐτὸν
1563 1719 1738 1746 πιστεύουσιν
1750 1720 1837 1753 ἑπαγ-

1044 1764 1177 1799 γέλλεται,
1194 1764 1252 1796 πῶς
1271 1765 1407 1800 ἐνδέχεται
1431 1767 1502 1792 νοεῖν
1526 1765 1576 1792 οὐκ
1599 1765 1695 1800 ἔχοντα
1708 1766 1754 1792 τὸν
1772 1766 1835 1792 my

1045 1812 1185 1848 εἰληφέναι
1198 1812 1301 1847 ταύτην
1309 1812 1383 1847 παρὰ
1396 1811 1442 1839 τοῦ
1458 1812 1582 1847 Πατρός;
1600 1812 1655 1838 Καὶ
1675 1812 1730 1848 γὰρ
1748 1813 1782 1840 ἂν
1793 1813 1834 1848 εἴη

1045 1858 1134 1893 πάσης
1148 1858 1276 1885 ἐπέκεινα
1291 1858 1446 1894 δυσφημίας
1471 1858 1550 1885 τοῦτό
1578 1867 1620 1892 γε.
1642 1859 1726 1891 Ἀλλ’,
1740 1859 1836 1894 ὥσπερ

1044 1906 1093 1940 ἤδη
1114 1905 1284 1941 προείρηται,
1297 1905 1435 1941 προελθὼν
1450 1906 1482 1932 ὲκ
1503 1906 1618 1941 Πατρὸς,
1636 1906 1725 1932 πάντα
1736 1906 1771 1932 τὰ
1786 1906 1836 1933 αὺ-

1043 1951 1090 1978 τοῦ
1107 1951 1177 1978 κατὰ
1190 1951 1270 1986 φύσιν
1300 1952 1443 1986 ἐπάγεται,
1471 1951 1519 1978 καὶ
1543 1951 1581 1983 ὼς
1601 1951 1732 1987 εἰληφὼς,
1765 1953 1835 1978 κατὰ

1043 1996 1122 2023 τοῦτο
1138 1997 1249 2029 νοεῖται,
1275 1996 1321 2022 καὶ
1349 1995 1518 2031 ἀπαύγασμα
1536 1997 1582 2023 καὶ
1602 1996 1684 2024 εἰκὼν
1704 1998 1836 2034 ὑπάρχων

1043 2042 1137 2070 αὑτοῦ.
1171 2043 1218 2070 Ἓν
1244 2042 1272 2070 δὲ
1298 2043 1353 2069 τῶν
1379 2043 1534 2078 προσόντων
1561 2044 1601 2071 τῶ
1624 2044 1712 2078 Πατρὶ
1745 2046 1793 2071 καὶ
1819 2047 1834 2079 ἡ

1041 2090 1112 2126 ζωή.

1388 2148 1490 2174 ΑΛΛΟ.

241 2208 270 2235 Si
288 2207 371 2234 Filius
387 2206 433 2234 Dei
446 2214 498 2234 non
516 2210 558 2233 est
572 2204 732 2232 naturaliter
742 2205 807 2237 vita,
829 2206 876 2233 sed
890 2210 990 2234 tantum

1078 2204 1109 2230 El
1127 2204 1164 2239 μὴ
1179 2204 1234 2240 ζωὴ
1245 2204 1314 2231 κατὰ
1331 2204 1410 2239 φύσιν
1423 2204 1498 2231 ἐστὶν
1511 2205 1525 2231 6
1538 2204 1602 2236 Υἱὸς
1612 2204 1659 2231 τοῦ
1673 2204 1756 2237 Θεοῦ,
1769 2204 1834 2231 ἀλλὰ

203 2254 265 2280 vita:
281 2252 426 2287 particeps,
441 2250 668 2285 quemadmodum
693 2251 787 2278 hostes
813 2250 913 2279 Christi
934 2252 991 2286 opi-

203 2305 321 2331 nantur,
337 2298 408 2324 aliud
439 2296 575 2331 quidpiam
603 2300 645 2322 est
671 2296 818 2323 secundum
845 2297 990 2324 essentiam

203 2353 283 2380 quam
299 2343 363 2371 illud
380 2342 451 2378 quod
465 2342 540 2368 abeo
554 2340 742 2376 participatnr.
782 2341 922 2375 Quomodo
942 2343 991 2378 igi-

204 2392 313 2425 turipse
336 2390 362 2416 in
395 2389 511 2416 medlntn
543 2388 644 2422 prodit,
672 2387 749 2416 nobis
766 2389 883 2416 dicens:
903 2398 912 2415 ι
936 2389 990 2424 Ego

203 2444 261 2463 sum
277 2435 354 2470 panis
372 2434 416 2468 qui
435 2434 467 2460 de
481 2434 550 2460 coelo
561 2433 698 2460 descendi.
714 2432 742 2460 Si
769 2434 830 2468 quis
842 2435 991 2462 comederit

203 2490 235 2508 ex
249 2483 300 2508 hoc
314 2487 393 2514 pane,
409 2479 481 2506 vivet
496 2479 521 2506 in
538 2484 667 2505 aeternum
684 2478 744 2505 7°?)
763 2478 990 2513 Oportebatenim

203 2521 243 2554 sic
259 2526 346 2561 potius
360 2525 460 2557 dicere,
477 2524 499 2551 si
519 2523 597 2552 modo
607 2524 663 2559 ipse
680 2531 732 2552 non
755 2530 815 2552 erat
840 2526 989 2552 secundum

203 2578 328 2598 naturam
347 2571 400 2597 vita
417 2571 473 2605 ipsa
487 2578 494 2597 :
508 2570 535 2597 ln
550 2577 591 2597 me
605 2575 645 2597 est
666 2570 743 2605 panis
758 2570 804 2605 qui
819 2570 852 2597 de
865 2570 933 2597 coelo
946 2571 993 2598 de.

203 2617 325 2649 scendit;
340 2620 377 2648 ct,
393 2615 421 2642 Si
436 2616 497 2651 quis
508 2616 654 2643 comederit
680 2624 711 2643 ex
729 2624 798 2651 pane
826 2617 871 2651 qui
896 2617 922 2644 in
949 2625 992 2644 me

202 2667 255 2694 est,
271 2662 342 2689 vivet
360 2662 386 2689 in
401 2667 541 2689 mternum.
557 2662 591 2689 At
605 2669 668 2689 vero
679 2670 740 2689 cum
755 2662 830 2695 dicit,
855 2662 910 2697 Ego
919 2670 991 2695 sum,

203 2709 320 2742 eeipsum
333 2709 463 2743 designat,
483 2717 534 2736 non
564 2713 654 2736 autem
682 2709 784 2743 aliquid
809 2716 903 2736 eorum
930 2717 991 2744 qua:

1044 2249 1117 2285 ζωῆς
1135 2249 1256 2285 μέτοχος,
1272 2250 1396 2286 καθάπερ
1410 2251 1435 2277 οἱ
1454 2250 1632 2286 χριστομάχοι
1656 2250 1750 2284 φασὶν,
1777 2251 1835 2277 ἓτε-

1046 2296 1090 2330 ρόν
1106 2296 1132 2322 τί
1145 2297 1201 2322 ἐστι
1213 2296 1273 2322 κατ’
1287 2297 1381 2323 οὐσίαν
1407 2296 1488 2328 αὐτὸς
1513 2296 1588 2331 παρὰ
1608 2295 1637 2322 τὸ
1654 2296 1835 2331 μετεχὸμενον

1046 2342 1090 2368 ὑπ’
1109 2342 1200 2368 αὑτοῦ.
1217 2342 1278 2374 Πῶς
1298 2340 1344 2369 οὖν
1364 2343 1431 2378 ἡμῖν
1457 2342 1538 2374 αὐτὸς
1565 2343 1604 2374 εἰς
1624 2343 1706 2378 μέσον
1727 2343 1835 2378 ἔρχεται

1044 2387 1146 2421 λέγων’
1166 2397 1176 2412 ι
1199 2387 1269 2421 Ἐγώ
1286 2389 1343 2422 ειμι
1356 2388 1369 2413 6
1388 2387 1469 2421 ἄρτος
1492 2388 1506 2413 6
1532 2388 1563 2413 ἐκ
1580 2386 1626 2413 τοῦ
1647 2387 1763 2422 οὐρανοῦ
1787 2396 1836 2414 x1-

1043 2434 1139 2466 ταῦάς.
1157 2434 1219 2460 Ἐάν
1234 2442 1276 2465 τις
1290 2434 1363 2469 φάγῃ
1391 2435 1422 2461 ὲκ
1436 2434 1530 2460 τούτου
1551 2433 1597 2460 τοῦ
1613 2434 1706 2469 ἄρτου,
1723 2434 1835 2468 ζήσεται

1044 2480 1084 2509 εἰς
1099 2479 1143 2505 τὸν
1162 2478 1262 2511 aliisve;
1281 2489 1289 2504 ι
1311 2479 1385 2506 Ἔδει
1401 2479 1454 2514 γὰρ
1470 2478 1556 2510 οὕτως
1579 2479 1675 2509 εἰπεῖν,
1693 2478 1774 2512 εἴπερ
1789 2478 1836 2504 οὐκ

1043 2522 1077 2560 ἦν
1095 2525 1165 2552 κατὰ
1183 2525 1263 2559 φύσιν
1276 2525 1356 2556 αὐτὸς
1385 2526 1401 2560 ἡ
1423 2525 1489 2560 ζωή·
1508 2524 1551 2550 Ἐν
1566 2518 1627 2558 ἐμοὶ
1641 2525 1655 2549 ὁ
1675 2524 1759 2558 ἄρτος
1777 2525 1792 2549 6
1806 2524 1835 2549 ἐκ

1042 2569 1088 2596 τοῦ
1100 2570 1214 2606 οὐρανοῦ
1227 2570 1359 2602 καταϐάς.
1374 2571 1439 2603 Καὶ,
1462 2570 1523 2597 Ἐάν
1542 2579 1583 2600 τις
1595 2570 1670 2606 φάγῃ
1683 2571 1715 2596 ἐκ
1731 2570 1777 2596 τοῦ
1790 2571 1835 2604 ἅρ-

1041 2625 1088 2643 του
1102 2617 1149 2643 τοῦ
1162 2618 1190 2643 ὲν
1205 2617 1277 2652 ἐμοὶ,
1296 2617 1408 2652 ζήσεται
1424 2618 1464 2648 εἰς
1487 2617 1532 2642 τὸν
1546 2616 1642 2643 αἰῶνα.
1667 2616 1738 2642 Νυνὶ
1753 2616 1781 2642 δὲ
1793 2615 1834 2641 λέ-

1042 2672 1097 2697 γων
1112 2664 1152 2695 τὸ,
1177 2664 1245 2697 Ἐγώ
1261 2665 1328 2698 εἰμι,
1347 2663 1442 2690 ἑαυτὸν
1454 2662 1552 2698 ὁρίζει,
1564 2663 1611 2688 καὶ
1623 2661 1672 2696 οὐχ
1690 2662 1719 2687 ἓν
1741 2670 1767 2687 τι
1784 2661 1836 2687 τῶν

1043 2709 1265 2743 προσγεγονότων
1281 2710 1339 2744 ἤτοι
1358 2709 1512 2744 προσόντων
1532 2707 1617 2743 αύτῷ.
1635 2708 1666 2734 Ei
1683 2707 1774 2734 τοίνυν
1791 2707 1828 2733 αὖ

240 2796 347 2824 “Joun.
367 2805 401 2830 τι,
415 2798 457 2824 Ιιτ.
495 2797 603 2825 “Joan.
624 2806 651 2830 κ,
668 2798 711 2824 ‘27.
752 2798 772 2814 ⁸³
785 2797 862 2826 Joatl.
877 2805 934 2830 vnt,
953 2798 986 2824 5'2

1056 2797 1150 2826 'Joan.
1173 2805 1208 2831 Vl,
1226 2799 1270 2826 51.
