1904 3026
79 166 122 195 ιιι
787 170 1005 200 τιιεειιυιιυδ.

1654 177 1706 206 249.

78 226 197 262 ἑωρακὼς
210 227 274 262 ἐμὲ,
287 229 404 265 ἑώρακε
416 231 460 257 τὸν
472 230 592 266 Πατέρα.
613 240 622 258 ι
637 231 668 258 El
681 231 770 258 τοίνυν
786 233 800 258 6
814 232 870 258 Πα-

930 233 989 260 ridit
1006 240 1059 265 me,
1080 233 1146 260 vidit
1164 239 1191 261 et
1207 233 1312 261 Patrem
1324 234 1357 261 ⁷⁸.
1383 244 1391 260 ι
1413 234 1440 261 Si
1464 235 1543 269 igitur
1574 236 1653 263 Pater
1679 239 1705 265 in

77 273 122 307 τὴρ
130 274 158 299 ὲν
171 273 228 308 Υἰῷ
239 274 378 308 φαίνεται
393 276 449 312 ζωὴ
459 276 528 303 κατὰ
543 276 624 312 φύσιν
640 277 780 312 ὑπάρχων,
793 277 869 303 ἔσται

77 319 147 347 τοῦτο
162 321 208 348 καὶ
223 321 238 347 6
257 321 339 354 Υἱὸς,
359 323 402 350 ἵνα
418 324 601 359 μὴνψεὺδηται
617 325 665 360 τὴν
676 323 814 360 ὁμοίωσιν.

78 378 174 410 ΔΔΛΟ,
194 377 231 404 ἐκ
265 377 330 406 τῶν
359 380 460 407 αὐτῶν
481 380 528 422 διὰ
551 381 605 415 τῆς
627 382 670 414 εἰς
684 381 797 408 ἄτοπον
816 381 869 408 da-

418 425 545 451 armrnc.

106 470 169 505 Φησί
180 479 233 497 που
248 471 376 507 Χριστός
388 480 394 487 ·
413 482 422 499 ι
443 474 471 499 '0
487 474 618 509 ἑωρακὼς
629 475 690 510 ἐμὲ,
707 475 814 510 ἑώρακε
825 475 870 502 τὸν

79 518 186 553 Πατέρα.
211 528 222 544 ι
240 519 274 546 Εἰ
295 520 392 548 τοίνυν
414 522 574 549 ἐπείσακτον
587 523 645 558 ἦτοι
658 523 729 550 κατὰ
743 524 871 559 μετοχὴν,

80 564 120 591 καὶ
130 565 178 591 οὐκ
196 565 337 598 οὐσιῶδες
357 565 413 602 ἔχει
425 567 455 593 τὸ
473 565 543 594 εἶναι
556 567 624 603 ζωὴ,
639 569 715 595 ἔσται
729 568 808 595 τοῦτο
825 569 872 596 καὶ

79 611 91 637 6
105 611 203 646 Πατήρ.
217 611 323 646 Φυγὼν
337 612 366 638 δὲ
380 612 427 639 τοῦ
442 613 522 648 λόγου
532 613 581 649 τὴν
598 614 724 647 ἀτοπίαν,
744 614 773 648 ἐξ
789 614 872 648 ἀνάγ-

80 665 123 690 κης
143 656 331 692 ὁμολογήσεις
360 658 390 686 τὸ
411 658 521 695 ἕτερον·
538 659 595 695 ζωὴ
616 659 670 695 γὰρ
697 660 769 687 κατὰ
790 659 871 694 φύσιν

79 703 90 729 ό
104 702 169 734 Υἱός.

423 764 524 790 AAAO.

107 818 137 845 Et
151 818 197 845 τοῦ
219 819 335 855 Πατρὸς
356 820 407 856 τὴν
424 820 518 847 οὐσίαν
540 820 553 847 6
570 821 633 853 Υἱὸς
655 821 873 857 ἀπαραλλάκτως

78 864 287 901 χαρακτηρίζειν
309 864 433 899 λέγεται,
450 865 509 892 ἐστι
525 865 553 893 δὲ
571 866 602 893 οὐ
619 867 692 894 κατὰ
707 866 789 900 φύσιν
804 867 871 902 ζωὴ,

919 278 988 306 Filio
997 283 1109 314 apparet
1118 279 1170 306 vita
1184 279 1343 307 naturaliter
1350 280 1552 314 exsistens,cril
1564 283 1614 309 hoc
1625 283 1705 310 etiam

923 324 1016 359 Filius,
1035 332 1068 352 ne
1081 325 1147 352 falsa
1162 325 1197 353 sit
1208 325 1365 354 similitudo.

956 382 1070 415 ALIUD,
1083 391 1115 410 ex
1127 383 1220 411 iisdem
1235 391 1293 411 cum
1311 385 1460 412 reductiona
1471 386 1504 412 ad
1516 387 1670 414 absurdum.

954 473 1080 500 Christus
1094 473 1191 502 alicubi
1208 474 1312 509 inquit:
1335 484 1343 500 ι
1361 474 1412 508 Qui
1437 476 1502 502 vidit
1518 484 1570 510 me,
1588 477 1653 504 vidit
1680 483 1708 504 et

921 517 1038 545 Patrem.
1053 527 1065 544 ι
1083 517 1110 545 Si
1137 526 1202 554 ergo
1216 519 1397 546 accesserium
1413 519 1465 546 hoc
1496 519 1534 546 illi
1566 525 1616 552 est,
1648 520 1707 548 sive

922 571 970 598 per
981 563 1225 598 participationem,
1251 568 1279 592 et
1306 572 1358 592 non
1379 565 1533 597 essentiale,
1560 566 1632 601 quod
1673 566 1708 593 sit

922 611 986 643 vita,
1009 611 1061 637 erit
1075 611 1125 638 hoc
1140 610 1220 638 etiam
1236 610 1325 638 Pater.
1343 610 1425 645 Cujus
1438 611 1501 639 dicti
1511 612 1705 640 absurditatem

922 656 1038 692 fugiens,
1054 657 1207 684 necessario
1224 656 1352 684 fateberis
1365 658 1529 685 mntrarium
1543 666 1549 685 :
1563 658 1617 685 vita
1634 658 1706 685 enim

923 707 963 730 est
976 702 1136 730 naturaliter
1150 703 1247 730 Filius.

1258 758 1371 786 ALIUD.

958 817 987 844 Si
1001 816 1086 844 Filius
1099 816 1187 844 Patris
1201 815 1344 843 essentiam
1358 815 1511 843 omnimoda
1529 814 1608 850 ιω
1631 814 1708 842 simi-

923 863 1034 891 litudine
1051 862 1204 898 exprimere
1223 862 1330 894 dicitur,
1344 866 1439 896 eatque
1454 861 1510 896 ipse
1525 869 1577 888 non
1596 865 1706 888 natura-

79 909 128 936 ἀλλ’
142 910 170 936 ἐν
183 910 352 946 προσθήκης
369 911 448 946 μέρει
471 912 550 939 τοῦτο
565 912 710 948 λαμὸάνει,
730 912 810 940 τοῦτο
825 914 872 940 καὶ

930 910 986 937 iter
998 909 1064 941 vita,
1078 909 1124 936 sed
1139 915 1187 944 per
1202 907 1380 943 adjectiouem
1398 907 1462 933 illud
1489 906 1597 941 accipit,
1627 906 1707 933 Pater

79 957 91 981 6
110 956 199 991 Πατὴρ
216 957 401 992 νοηθήσεται.
420 958 457 984 Τὸ
471 958 500 984 δὲ
515 959 543 985 ἐν
556 958 661 992 τούτοις
674 959 785 991 ἄτοπον,
801 968 872 995 παρ-

80 1002 181 1029 emicat
194 1002 225 1029 τδ
239 1003 380 1036 ἐναντίον,
394 1003 464 1039 ὅπερ
476 1004 534 1030 ἐστὶ
547 1005 593 1032 καὶ
612 1004 721 1040 ἀληθές.

416 1060 517 1087 AAAU.

110 1113 148 1141 Τὰ
160 1115 312 1151 ἑτερογενῆ
327 1124 357 1142 τε
371 1117 418 1143 καὶ
431 1117 563 1153 ἑτεροφυῆ
573 1118 623 1154 τὴν
638 1118 724 1154 αὐτὴν
733 1119 873 1155 ἐνέργειαν

81 1160 153 1194 ἒχειν,
167 1160 217 1187 οὐκ
231 1161 268 1188 ἄν
284 1170 332 1194 τις
349 1161 404 1198 δῴη
422 1163 578 1198 σωφρονῶν.
593 1164 661 1191 Οὐδὲ
674 1165 729 1200 γὰρ
749 1165 782 1192 ἂν
796 1165 875 1193 ὕδατι

82 1205 130 1242 πῦρ
139 1206 167 1233 ἓν
191 1215 218 1233 τι
239 1208 292 1235 ’καὶ
311 1209 412 1236 ταυτὸν
431 1209 618 1244 ἑνεργήσειεν,
633 1210 692 1237 ἀλλ’
710 1211 805 1246 ὥσπερ
821 1212 875 1238 ἀπ-

82 1253 281 1289 εσχοινισμένον
313 1254 407 1290 ἔχουσι
419 1256 468 1291 τῆς
479 1255 575 1288 οὐσίας
596 1256 657 1292 ἤτοι
671 1257 721 1292 τῆς
729 1258 874 1293 ποιότητος

83 1299 121 1326 τὸν
134 1299 222 1334 λόγον,
240 1301 321 1328 οὑτω
337 1302 386 1328 καὶ
400 1302 528 1338 διάφορον
542 1302 713 1330 ἀποδώσουσι
727 1304 777 1340 τὴν
798 1305 874 1340 ἐνέρ-

83 1352 160 1377 γειαν.
175 1345 206 1372 El
224 1345 323 1373 τοίνυν
342 1346 416 1380 ζωῆς
432 1346 509 1379 ὄντος
519 1347 589 1374 κατὰ
604 1348 685 1382 φύσιν
693 1348 740 1374 τοῦ
755 1349 872 1384 Πατρὸς,

84 1390 127 1417 οὑιι
140 1390 196 1418 ἐστι
219 1391 307 1418 τοῦτο
325 1391 386 1419 κατ’
398 1392 492 1420 οὐσίαν
507 1393 521 1419 6
537 1393 611 1426 Υἱὸς,
627 1393 721 1429 ὥσπερ
740 1395 796 1425 τοῖς
811 1403 874 1429 χρι-

85 1435 220 1471 στομάχοις
233 1436 325 1469 δοκεῖ,
337 1438 396 1469 πῶς
404 1437 453 1472 τὴν
466 1437 550 1474 αὐτὴν
562 1438 702 1474 ἐνέργειαν
715 1439 824 1474 φορέσει
835 1439 875 1475 τῷ

85 1481 163 1516 Πατρί
174 1490 181 1515 ;
194 1483 267 1517 Φησὶ
279 1483 337 1518 γάρ
354 1491 405 1509 που
422 1483 550 1519 Χριστὸς,
574 1484 614 1511 ὅτι
630 1484 735 1520 ’Ὠσπερ
752 1487 766 1511 6
779 1485 875 1523 Πατὴρ

85 1527 126 1558 οὓς
140 1527 210 1554 θέλει
229 1529 373 1561 ζωοποιεῖ,
389 1528 460 1556 οὕτω
478 1529 525 1556 καὶ
537 1531 551 1556 6
569 1529 632 1562 Υἱὸς
654 1530 700 1562 οὒς
713 1531 784 1558 θέλει
804 1531 873 1560 {tum

924 963 1032 992 quoque
1046 955 1098 983 hoc
1109 962 1171 983 esse
1184 954 1353 982 censebitur.
1379 953 1435 981 Hoc
1460 960 1525 980 vero
1552 952 1707 985 absurdum,

924 999 1171 1036 necessariojnfert
1186 999 1352 1028 contrarium
1364 1018 1371 1030 .
1387 998 1457 1033 quod
1472 1002 1500 1025 ct
1510 1005 1603 1025 verum
1623 1001 1675 1024 est.

1273 1055 1389 1083 ALIUD.

959 1114 1025 1149 Quae
1039 1113 1138 1142 diversi
1152 1117 1216 1141 sunt
1230 1113 1340 1149 generis
1351 1117 1379 1140 et
1397 1116 1513 1144 naturae,
1541 1118 1622 1138 nemo
1636 1118 1711 1139 com-

923 1169 972 1197 pos
987 1161 1086 1190 mentis
1095 1160 1219 1188 eamdem
1228 1160 1413 1195 operationem
1438 1158 1540 1186 habere
1557 1158 1645 1190 dicet;
1665 1165 1712 1184 ne-

924 1215 977 1244 que
986 1208 1058 1235 enim
1087 1207 1156 1242 ignis
1174 1211 1204 1234 et
1222 1213 1291 1241 aqua
1304 1205 1374 1233 idem
1406 1205 1539 1233 efﬁcient:
1554 1205 1602 1232 sed
1617 1212 1712 1239 quem-

924 1253 1068 1281 admodum
1094 1252 1228 1279 diversam
1255 1250 1356 1278 habent
1373 1251 1499 1278 essentia:
1511 1250 1567 1277 sive
1593 1249 1710 1284 qualita-

924 1299 960 1327 tis
973 1298 1118 1331 rationem,
1133 1298 1169 1325 ita
1176 1297 1259 1325 etiam
1277 1296 1411 1324 diversam
1423 1295 1611 1330 operationem
1620 1295 1711 1323 edent.

926 1343 954 1372 Si
964 1351 1029 1379 ergo
1039 1351 1100 1371 cum
1117 1342 1198 1370 Pater
1206 1342 1244 1370 sit
1255 1341 1416 1369 naturaliter
1432 1341 1498 1373 vita,
1519 1340 1604 1368 Filius
1622 1339 1648 1367 id
1666 1347 1713 1366 na-

926 1389 1050 1417 turaliter
1072 1396 1124 1416 non
1149 1392 1202 1422 est,
1237 1386 1463 1423 quemadmodum
1493 1387 1585 1414 hes-tes
1611 1385 1712 1412 Christi

924 1436 1079 1471 opinantur,
1089 1442 1142 1470 quo
1148 1438 1228 1469 pacto
1235 1434 1356 1461 eamdem
1368 1440 1428 1460 cum
1440 1432 1520 1460 Patre
1529 1431 1713 1467 operationem

926 1481 1054 1510 habebit?
1075 1480 1164 1516 lnquit
1184 1479 1257 1507 enim
1281 1478 1380 1506 alicubi
1400 1478 1527 1505 Christus
1547 1477 1619 1512 quod
1633 1475 1713 1503 «Sic-

926 1533 956 1556 ut
981 1528 1139 1562 Paterquos
1154 1525 1350 1557 vultvivilicat,
1363 1525 1400 1552 ita
1417 1529 1444 1551 et
1457 1524 1541 1551 Filius
1561 1530 1629 1558 quos
1656 1523 1714 1550 vult

86 1574 155 1600 ποιεῖ.
168 1574 204 1600 Οὐ
230 1583 248 1608 γ
257 1574 294 1609 ἀρ
302 1575 333 1610 δή
346 1583 397 1603 που
408 1575 598 1607 ζωοποιεῖσθαι
609 1576 658 1610 μὲν
669 1576 771 1612 ἑτέρως
781 1577 872 1613 ἐροῦσι

930 1574 1043 1602 rivilicat
1054 1573 1088 1600 ⁸ο.
1102 1582 1111 1599 ι
1123 1572 1215 1607 Neque
1223 1571 1295 1599 enim
1305 1570 1575 1598 viviﬁcaridicuntu-r
1582 1574 1715 1604 quotquot

85 1620 139 1650 reb;
153 1620 209 1647 ὅσοι
229 1621 313 1656 παρὰ
326 1621 373 1648 τοῦ
395 1622 500 1657 Πατρδς
514 1621 594 1649 τοῦτο
608 1622 788 1658 λαμῦάνουσι,
805 1623 874 1655 ζωο-

88 1667 211 1693 ωιείσθαι
230 1667 266 1694 δὲ
302 1667 383 1695 πάλιν
403 1668 463 1696 καθ’
480 1669 572 1705 ἕτερον
592 1670 692 1705 τρόπον
707 1670 770 1702 τοὺς
799 1670 875 1706 παρὰ

88 1712 127 1738 τοῦ
143 1713 205 1740 Tios
229 1713 316 1741 τοῦτο
335 1714 506 1750 δεχομένους.
532 1715 610 1743 Οὕτω
633 1715 688 1751 γὰρ
702 1715 787 1752 ἔφησε
809 1717 876 1748 ζωο-

89 1760 163 1785 ποιεῖν
174 1758 221 1786 τδν
241 1759 366 1795 Πατέρα,
382 1760 419 1792 ὡς
436 1761 468 1788 ἂν
481 1761 675 1797 ζωοποιήσειεν
686 1763 701 1788 6
714 1762 788 1794 Υἱὸς,
804 1771 875 1790 παν-

89 1804 162 1839 ταχοῦ
177 1805 226 1841 τὴν
257 1805 343 1842 αὐτὴν
358 1806 498 1842 ἐνέργειαν
509 1806 604 1843 ἔχοντα
618 1807 657 1842 τῷ
677 1807 766 1843 Ila-rp).
779 1807 875 1835 ἑαυτὸν

89 1850 250 1886 ὁριζόμενος.
271 1851 376 1878 Οὐκοῦν
392 1852 441 1878 οὐκ
456 1852 580 1888 ἀνόμοιος
597 1852 671 1879 ἔσται
689 1853 756 1889 πρὸς
773 1854 820 1880 τὸν
830 1862 876 1888 γε-

92 1896 244 1931 γεννηκότα·
268 1896 327 1923 ἀλλ’
348 1896 442 1932 ὥσπερ
461 1897 564 1929 ἐκεῖνος
584 1897 664 1932 φύσει
689 1897 745 1934 ζωὴ
766 1897 875 1934 λέγεται

93 1941 133 1969 καὶ
146 1941 231 1975 ἐστιν,
246 1941 319 1968 οὕτω
335 1941 383 1968 καὶ
397 1942 410 1968 6
425 1942 499 1975 Υἱός.

429 1999 531 2026 ΔΛΛΟ.

123 2053 151 2080 El
163 2054 212 2090 τὴν
227 2054 360 2089 ἀλήθειαν
374 2055 434 2085 ταῖς
458 2054 582 2081 Ἰωάννου
598 2055 699 2088 φωναῖς
713 2054 876 2090 ἐπιψηφιού-

95 2099 166 2132 μεϐα,
179 2100 269 2126 πάντα
293 2099 417 2133 δώσομεν
433 2098 597 2134 ἐργάζεσθαι
619 2099 652 2126 δι’
675 2098 739 2126 Υἱοῦ
757 2099 804 2126 τὸν
821 2100 877 2126 Πα-

93 2145 159 2180 τέρα.
178 2145 210 2171 Εἰ
227 2145 256 2172 δὲ
269 2145 362 2177 τοῦτο,
378 2144 408 2171 ἓν
424 2144 452 2170 δὲ
466 2144 520 2171 τῶν
535 2144 624 2180 ἔργων
642 2145 689 2171 τοῦ
706 2145 811 2180 Πατρδς
829 2145 876 2171 κα)⁸

94 2188 121 2215 τὺ
132 2188 270 2220 ζωοποιεῖν
283 2197 372 2222 τινας,
388 2188 464 2215 ἔσται
478 2189 534 2224 ζωὴ
554 2189 625 2215 κατὰ
637 2188 717 2223 φύσιν
729 2189 744 2216 ὀ
758 2189 831 2223 Υἱὸς,
843 2189 876 2216 δι’

95 2233 121 2262 οὗ
135 2235 167 2262 τὰ
181 2235 273 2262 πάντα
300 2234 498 2281 ζωοποιεῖχῐνα
518 2234 556 2281 μὴ
570 2235 646 2281 νςθος
673 2235 785 2270 μεσίτης
803 2244 875 2272 παρ·
892 2253 914 2281 D

97 2281 272 2316 εισαγὸμενος,
295 2280 430 2316 ἀμέτοχον
439 2280 512 2317 δείξῃ
531 2280 599 2307 Θεοῦ
621 2280 652 2308 τὸ
668 2282 700 2317 τῇ
713 2281 781 2317 πρὸς
793 2281 874 2310 αὑτὸν

97 2327 178 2362 σχέσει
190 2327 325 2359 ζωοποιού
329 2335 421 2362 μενον.

432 2386 534 2413 ΔΛΛΟ.

127 2441 156 2470 El
169 2443 283 2479 μεσίτης
297 2441 367 2471 Θεοῦ
382 2442 430 2470 καὶ
451 2442 603 2478 ἀνθρώπων
617 2443 691 2470 ἐστὶν
707 2445 721 2470 6
737 2443 810 2476 Υἱὸς,
822 2443 877 2470 ὦσ-

98 2495 144 2524 πιρ
158 2490 194 2521 εις
216 2489 333 2525 ἐνάτητα
350 2489 468 2523 φυσικὴν
490 2489 634 2516 συνάπτων
643 2489 678 2516 τὸ.
694 2489 776 2524 ἄκρα·
790 2490 876 2523 ἀναγ-

98 2535 165 2561 καῖον
185 2535 272 2561 εἰπεῖν
290 2535 343 2567 ὅτι,
371 2533 468 2570 ὥσπερ
481 2534 637 2570 ἀνθρώποις
656 2534 778 2570 συνήφθη
795 2543 875 2569 φυσι-

99 2580 146 2613 uir;
163 2581 305 2617 ἄνθρωπος
322 2580 453 2615 γεγονὼς,
468 2579 539 2607 οὕτω
553 2581 600 2608 καί
619 2581 667 2615 τῆς
680 2580 755 2612 θείας
769 2580 876 2615 φύσεως

98 2627 201 2663 ἤρτηται
211 2627 279 2659 Θεὸς
291 2627 363 2655 κατὰ
380 2626 460 2661 φύσιν
473 2626 613 2662 ὑπάρχων.
629 2627 660 2654 Et
672 2627 701 2654 δὲ
714 2627 802 2658 τοῦτο,
814 2627 876 2654 ἐπεὶ

98 2673 149 2699 κατ’
163 2673 256 2700 οὺσεαν
271 2673 321 2700 καὶ
338 2673 390 2699 οὐκ
403 2672 502 2705 ἔξωθεν
516 2672 573 2708 ἔχει
588 2673 618 2699 τὸ
634 2670 704 2699 εἶναι
721 2673 777 2708 ζωὴ
791 2674 805 2699 6
819 2674 876 2699 Πα-

98 2720 150 2756 τὴρ,
162 2721 238 2748 ἔσται
251 2720 375 2752 τοιοῦτος
389 2719 435 2747 καὶ
453 2721 467 2747 6
483 2720 619 2755 προσεχὴς
630 2719 704 2755 αὐτῷ
723 2720 769 2746 καὶ
781 2719 810 2752 ἐξ
827 2719 875 2745 αὺ-

98 2766 138 2793 τοῦ
149 2768 217 2794 κατὰ
229 2767 312 2801 φύσιν
325 2766 400 2797 Υἱός.

129 2888 232 2920 “lusu.
252 2896 306 2920 λιν,
324 2888 351 2916 9.
391 2887 413 2903 '°
425 2886 501 2915 Joau.
519 2895 545 2920 ν,
562 2887 605 2914 ιιι.

925 1627 940 1646 a
951 1619 1006 1647 Deo
1019 1618 1071 1646 hoc
1082 1617 1219 1653 accipiunt
1234 1626 1242 1644 :
1262 1616 1342 1643 aliter
1353 1622 1418 1643 vero
1430 1615 1475 1650 qui
1491 1622 1506 1642 a
1523 1614 1592 1642 Filio
1607 1614 1659 1642 hoc
1670 1622 1715 1641 ac-

925 1665 1039 1701 cipiunt.
1053 1664 1120 1692 Nam
1131 1664 1225 1692 eadem
1244 1664 1350 1692 ratione
1364 1663 1433 1691 dixit
1449 1663 1557 1690 Patrem
1573 1661 1713 1689 vivilicarc

925 1719 978 1747 qua
994 1711 1113 1739 viviﬁcat
1136 1709 1232 1742 Filius,
1250 1709 1394 1738 declarans
1416 1716 1445 1737 se
1465 1709 1538 1736 omni
1578 1715 1612 1735 ex
1639 1712 1716 1742 parte

926 1758 1048 1786 eamdem
1066 1765 1128 1785 cum
1139 1754 1220 1784 Patre
1230 1756 1415 1791 operationem
1444 1754 1556 1783 habere.
1580 1754 1714 1788 Quocirca

926 1812 979 1832 non
990 1802 1205 1832 dissimilisesta
1225 1802 1324 1834 Patre;
1345 1801 1392 1830 sed
1405 1800 1529 1830 sicutille
1555 1800 1715 1828 naturaliter

926 1851 981 1879 vita
994 1850 1091 1879 dicitur
1104 1853 1130 1878 et
1141 1853 1192 1882 est,
1210 1849 1248 1877 ita
1259 1853 1286 1877 et.
1301 1848 1396 1878 Filius.

1248 1992 1362 2021 ALIUD.

964 2052 992 2079 Si
1010 2050 1122 2079 Joannis
1137 2049 1227 2077 verbis
1247 2048 1327 2075 tidem
1348 2048 1518 2080 adhibemus,
1534 2047 1715 2075 concedamus

927 2099 1035 2126 Patrem
1049 2097 1138 2125 omnia
1155 2095 1264 2131 operari
1277 2102 1325 2130 per
1341 2094 1440 2122 Filium
1455 2094 1488 2121 ⁸¹.
1507 2093 1584 2127 Quod
1606 2094 1714 2128 quidem

926 2145 950 2173 si
970 2151 1063 2172 verum
1079 2147 1140 2175 est,
1161 2148 1244 2168 unum
1267 2147 1331 2168 vero
1350 2147 1384 2168 ex
1411 2139 1537 2174 operibus
1555 2138 1645 2167 Patris
1675 2145 1716 2167 est

927 2189 1071 2218 nonnullos
1082 2180 1234 2221 viviﬁcare,
1253 2190 1327 2214 certe
1341 2186 1502 2214 naturaliter
1519 2186 1573 2213 vita
1594 2186 1646 2213 erit
1672 2185 1716 2213 Fi-

928 2236 990 2269 lius,
1006 2241 1054 2270 per
1065 2241 1146 2268 quem
1159 2233 1252 2261 omnia
1262 2232 1392 2264 viviﬁcat,
1410 2239 1444 2260 ne
1461 2232 1570 2267 spurius
1580 2232 1716 2260 mediator

929 2281 1100 2309 introductus
1119 2286 1216 2314 expers
1228 2278 1450 2314 participationis
1479 2278 1524 2305 Dei
1537 2277 1662 2305 ostendat
1690 2277 1716 2305 id

930 2328 1001 2363 quod
1013 2331 1136 2362 respectu
1148 2325 1233 2360 ipsius
1248 2324 1414 2352 viviﬁeatum
1433 2328 1484 2351 est.

1264 2382 1381 2410 ALIUD.

964 2442 994 2470 Si
1010 2440 1095 2469 Filius
1111 2439 1244 2468 mediator
1264 2443 1310 2467 est
1329 2438 1377 2466 Dei
1404 2443 1432 2465 et
1458 2438 1599 2466 hominum
1611 2437 1645 2471 θ’,
1669 2439 1716 2472 qui

928 2493 1052 2516 extrema
1066 2485 1148 2514 veluti
1164 2486 1190 2513 in
1206 2485 1337 2512 unitatem
1353 2484 1489 2519 copulavit
1503 2492 1510 2511 :
1527 2483 1712 2511 necessarium

930 2538 972 2562 est
987 2539 1026 2567 ut,
1040 2532 1265 2568 quemadmodum
1278 2530 1434 2560 hominibus
1455 2529 1616 2558 naturaliter
1629 2537 1714 2564 copu-

929 2580 999 2608 latus
1011 2584 1063 2613 est.
1076 2586 1138 2607 cum
1155 2579 1242 2607 factus
1264 2581 1307 2605 est
1328 2577 1419 2610 homo,
1448 2576 1485 2605 ita
1511 2577 1594 2604 etiam
1619 2577 1716 2606 divinae

930 2630 1035 2653 naturae
1048 2625 1140 2653 unitas
1150 2624 1195 2658 sit,
1211 2624 1283 2654 Deus
1299 2630 1363 2651 vere
1392 2623 1538 2651 assistens.
1568 2622 1597 2650 Si
1625 2627 1715 2650 autem

928 2672 980 2699 hoc
996 2679 1088 2699 verum
1103 2675 1156 2704 est,
1169 2678 1232 2699 cum
1265 2669 1450 2697 essentialiter
1463 2676 1490 2697 et
1515 2676 1568 2697 non
1581 2669 1715 2696 extrinse-

928 2724 976 2745 cus
991 2717 1018 2744 id
1031 2717 1130 2745 habeat
1144 2716 1226 2744 Pater
1240 2716 1311 2751 quod
1324 2715 1361 2743 sit
1373 2715 1429 2743 vita
1445 2723 1454 2742 :
1477 2715 1531 2744 erit
1543 2714 1625 2742 etiam
1656 2722 1716 2741 om-

929 2762 993 2789 nino
1007 2761 1068 2788 talis
1080 2761 1126 2796 qui
1148 2761 1173 2788 ei
1193 2761 1354 2796 coniunctus
1372 2764 1425 2795 est,
1439 2765 1466 2788 et
1489 2759 1648 2788 naturaliter
1682 2765 1714 2786 ex

930 2808 988 2842 ipso
1004 2811 1046 2835 est
1058 2805 1153 2834 Filius.

645 2887 664 2901 ⁸¹
680 2885 756 2914 .luan.
776 2893 816 2919 ιιι,
831 2885 874 2912 55.
914 2885 935 2901 ’³³
948 2885 958 2912 1
973 2885 1094 2915 Timotlt.
1117 2893 1147 2917 ll,
1166 2885 1192 2913 5.
