1904 3026
191 178 241 206 135

521 232 637 260 ALIUD.

223 292 371 328 Scriptura;
385 292 486 328 passim
502 291 599 319 Filium
627 294 725 319 vocant
751 289 911 321 Veritatem,
947 294 974 316 et

189 346 246 373 Ipse
261 339 359 367 alicubi
374 340 406 367 de
421 339 510 372 seipso
528 338 582 365 ait:
601 347 610 364 t
628 337 684 370 Ego
712 343 771 364 sum
802 335 942 374 veritas”.
960 344 969 360 ι

190 384 218 410 Si
232 391 296 420 ergo
312 384 404 411 lictitia
426 384 453 410 in
463 384 520 418 ipso
533 384 586 410 vita
597 387 649 414 est,
668 390 720 410 non
736 386 827 409 autem
839 382 973 409 essentia~

189 430 252 458 liter
266 438 297 457 ac
315 437 387 463 vere,
401 437 454 464 quo
469 434 549 464 pacto
564 436 616 456 non
633 428 778 456 mentietur
791 427 887 456 dicens
901 428 974 461 seip-

188 482 248 501 sum
263 482 323 502 esse
339 474 502 502 veritatem?
517 473 597 508 Atqui
629 481 682 501 nott
697 472 846 500 mentitur:
861 472 973 506 impium

187 520 258 547 enim
269 521 319 548 ltoc
334 520 376 547 vel
389 520 446 548 sola
461 520 629 556 cogitatione
646 519 728 547 fuerit
745 527 752 545 :
769 519 870 547 veritas
882 523 973 546 autem

186 570 237 593 est.
250 565 321 594 Vere
337 566 417 600 igitur
431 565 485 594 vita
501 570 553 594 est.

474 666 553 703 ηε
571 666 686 694 ALIUD.

219 723 246 750 Si
264 723 358 751 notitia
379 723 469 751 Patris
481 724 600 751 viviﬁcat
627 731 674 752 eos
693 724 739 758 qui
758 724 830 751 illam
858 724 968 756 habent,

185 771 302 798 t'iviiicat
317 778 380 797 vero
395 769 520 797 similiter
533 769 614 797 etiam
630 769 724 797 notitia
756 769 815 796 Filii
834 778 840 796 :
858 777 912 804 quo
925 778 972 805 pa-

185 821 228 843 cto
241 823 294 844 non
310 815 391 843 luerit
404 815 566 842 naturaliter
577 815 659 848 idem,
669 815 715 850 qui
743 815 832 843 Patris
847 816 972 851 proprie-

185 867 252 889 tates
265 861 333 890 adeo
347 861 512 890 excellentes
527 862 607 889 habet
621 861 647 888 in
659 868 688 889 se
723 866 804 897 atque
828 862 886 896 ipse
920 861 971 889 Pa-

185 909 244 937 ter?

270 965 386 998 ALIUD,
405 973 451 1000 per
468 966 646 994 reductioncm
678 967 713 993 ad
726 966 881 996 absurdum.

222 1031 232 1047 ι
247 1021 479 1056 Quemadmodum
495 1022 593 1055 Pater,
611 1022 698 1057 inquit
722 1022 873 1058 Scriptura,
891 1024 973 1052 habet

185 1068 266 1095 vitam
285 1068 311 1095 in
326 1068 427 1103 seipso,
447 1068 482 1096 ita
498 1072 526 1096 ct
545 1067 613 1096 Filio
631 1068 706 1096 dedit
722 1068 822 1096 habere
851 1069 932 1096 vitam
946 1072 971 1097 in

188 1113 288 1147 scipso.
309 1122 318 1139 ι
338 1112 387 1140 llic
408 1112 453 1148 qui
479 1117 552 1140 recte
575 1112 676 1141 sentire
701 1113 814 1146 nolunt,
835 1121 971 1146 sumntum

188 1159 361 1193 blasphemiae
375 1157 524 1193 periculum
544 1158 696 1186 incurrunt.
711 1158 776 1186 Nam
793 1159 815 1187 ei
832 1158 911 1186 l’ater
931 1159 973 1187 di-

187 1206 258 1232 citur
274 1205 375 1233 habere
394 1204 421 1231 in
439 1205 529 1240 seipse
541 1204 635 1237 vitam,
651 1205 787 1232 diversum
820 1205 884 1240 quid
898 1210 940 1233 est
957 1213 970 1232 a

185 1252 239 1280 vita
255 1259 314 1288 qua:
336 1252 362 1279 in
387 1259 417 1280 se
443 1255 495 1280 est.
531 1251 559 1279 Si
586 1256 676 1279 autem
709 1252 760 1279 ltoc
787 1251 971 1287 duplicitatem

186 1299 328 1333 quamdam
346 1302 374 1326 et
389 1298 610 1333 compositionem
638 1297 741 1326 inferre
765 1298 891 1329 videtur,
918 1306 972 1334 quo

184 1349 261 1378 pacto
273 1345 354 1378 igitur
380 1344 493 1379 simplex
508 1350 535 1372 et
561 1352 614 1371 non
641 1345 807 1379 compositus
822 1344 971 1372 secundum

184 1391 329 1417 essentiam
346 1395 388 1417 est
401 1390 491 1418 Deus?
507 1391 559 1418 Sed
588 1391 639 1418 hoc
668 1391 818 1418 absurdum
835 1396 888 1418 est.
908 1391 970 1418 Vita

185 1436 266 1470 igitur
277 1444 357 1471 quam
379 1436 460 1463 habet
478 1436 559 1463 Pater
576 1436 602 1463 in
618 1436 718 1471 seipso,
735 1443 788 1463 non
818 1440 860 1464 est
876 1436 928 1464 alia
945 1441 973 1463 et

184 1482 288 1508 diversa
304 1481 424 1514 qutedam
438 1489 452 1508 a
468 1480 556 1508 Filio:
570 1486 597 1508 et
619 1481 750 1514 vicissim,
777 1482 830 1508 vita
855 1489 917 1516 qua:
944 1482 970 1509 itt

184 1527 252 1554 Filio
277 1532 319 1554 est
334 1535 386 1554 non
405 1532 457 1559 est.
483 1527 590 1555 diversa
614 1535 628 1554 a
647 1527 738 1560 Patre,
755 1532 782 1555 et
803 1535 866 1556 vere
884 1529 969 1556 dicit:

185 1581 195 1598 ο
217 1572 273 1607 Ego
290 1572 315 1600 in
329 1571 457 1605 Patre,et
475 1571 555 1599 Pater
570 1572 596 1599 in
610 1579 653 1600 me
664 1572 696 1600 “.
715 1582 724 1598 ι

528 1628 643 1657 ALIUD.

219 1685 284 1719 Qua:
297 1686 352 1713 Deo
367 1693 397 1713 ac
410 1685 483 1713 Patri
493 1686 596 1719 insunt,
608 1687 748 1715 naturales
770 1692 798 1715 et
813 1689 971 1717 essentialcs

183 1731 362 1768 proprietates
381 1739 481 1759 vocans
498 1731 607 1764 Paulus,
626 1732 725 1760 alicubi
750 1733 786 1761 ita
802 1734 841 1761 ait
857 1743 863 1761 :
882 1743 893 1760 ι
920 1735 970 1768 Qui

183 1777 257 1806 solus
276 1777 356 1806 habet
373 1779 605 1807 immortalitatem
622 1779 656 1807 ⁸⁵.
671 1789 680 1806 ι
695 1779 723 1807 Si
752 1788 817 1808 vero
833 1781 969 1816 quispiam

183 1825 276 1852 dicens
289 1824 532 1859 immortalitatem,
545 1825 612 1853 nihil
632 1826 702 1853 aliud
713 1833 761 1862 per
783 1827 809 1854 id
839 1827 971 1863 intelligat

182 1878 262 1904 quam
281 1871 375 1903 vitam,
386 1871 439 1898 vita
455 1876 544 1899 autem
554 1876 597 1900 est
610 1871 695 1899 Filius
711 1873 804 1900 dicens
821 1881 827 1899 :
843 1873 898 1909 Ego
910 1882 970 1902 sum

183 1917 236 1944 vita
247 1917 288 1951 ⁸⁶;
303 1924 369 1952 ergo
377 1917 546 1946 Paterhabet
563 1918 589 1945 in
604 1918 692 1953 seipse
717 1918 812 1950 vitam,
842 1920 970 1947 nimirum

183 1962 280 1990 Filium
295 1973 302 1990 :
319 1969 406 1998 neque
423 1963 558 1991 diversum
574 1965 638 1999 quid
654 1972 668 1991 a
688 1972 728 1992 se.
745 1964 805 2000 Ipse
831 1965 911 1993 etiam
935 1966 971 1993 si-

182 2009 280 2037 militer
296 2009 430 2037 exsistens
441 2009 506 2044 vita,
521 2009 594 2037 dedit
609 2011 728 2045 seipsum
743 2009 826 2042 Filio;
844 2019 896 2038 non
906 2015 968 2038 tan-

182 2063 262 2090 quam
285 2062 384 2090 corpus
401 2055 508 2090 corpori
522 2057 705 2089 committens,
726 2064 814 2092 neque
842 2062 970 2091 tanquam

181 2101 280 2128 cedens
295 2100 363 2129 Filio
372 2109 449 2129 suam
462 2102 670 2137 bypostasim,et
680 2103 810 2138 deinceps
818 2110 878 2131 esse
889 2111 969 2131 suunt

182 2147 208 2174 in
221 2146 290 2174 Filio
303 2147 425 2180 habens;
445 2148 492 2175 sed
512 2148 649 2176 exsistens
671 2148 696 2175 id
711 2147 782 2182 quod
795 2155 904 2183 semper
929 2153 971 2176 est

182 2193 264 2221 Pater
279 2201 311 2221 ac
331 2193 411 2222 Deus.
424 2194 554 2222 Essentite
568 2202 633 2222 vero
651 2194 803 2228 identitate,
825 2199 853 2222 et
866 2199 970 2223 natura:
986 2204 1008 2231 ο

182 2240 286 2268 unitate
297 2239 469 2269 inetiabiliter
484 2249 546 2269 cum
560 2241 648 2269 Verbo
660 2241 732 2275 quod
744 2248 777 2269 ex
792 2248 821 2269 se
836 2241 970 2276 processit

182 2285 335 2321 copulatus.

515 2341 633 2370 ALIUD.

217 2399 391 2434 Quaecunque
403 2399 565 2427 naturaliter
575 2406 607 2426 ac
620 2399 804 2428 essentialiler
825 2399 900 2428 Patri
929 2401 968 2428 in-

181 2453 241 2473 csse
255 2446 394 2478 dicuntur,
409 2445 454 2472 iHa
465 2445 555 2472 omnia
571 2447 614 2472 est
622 2444 716 2473 Filius.
735 2445 815 2474 Solus
828 2446 908 2474 Pater
924 2455 969 2474 ve-

182 2500 228 2519 rtts
252 2493 321 2520 Deus
336 2496 388 2524 est,
416 2492 477 2525 quia
489 2492 562 2519 solus
582 2492 663 2520 habet
683 2492 781 2520 Filium
805 2493 941 2521 dicentem
960 2503 966 2520 :

181 2538 236 2572 Ego
250 2546 309 2565 sum
326 2537 428 2565 veritas
442 2537 476 2563 δι.
502 2536 617 2571 Sapiens
646 2545 678 2565 ac
701 2543 798 2573 potens
819 2539 946 2566 similiter
960 2559 967 2571 ,

181 2584 243 2616 quia
255 2583 379 2610 Christus
396 2582 441 2610 Dei
459 2583 590 2617 patentia,
605 2588 632 2610 et
658 2583 704 2611 Dei
723 2584 866 2619 sapientia.
887 2584 968 2612 Solus

181 2631 280 2657 dicitur
293 2629 444 2656 inhabitare
466 2629 552 2657 lucem
581 2631 794 2658 ittaccessibileut
824 2631 866 2658 ”;
887 2631 969 2658 habet

181 2676 253 2702 enim
269 2675 295 2702 in
310 2674 400 2709 seipso
415 2675 568 2703 dicentem:
588 2676 644 2711 Ego
664 2684 722 2704 sum
746 2677 800 2704 lux.
822 2677 902 2704 Solus
920 2678 969 2704 itu-

183 2720 376 2748 ntortaiitaletn
387 2721 488 2749 habere
502 2721 611 2755 dicitur,
625 2722 687 2756 quia
701 2722 781 2749 habet
791 2723 817 2749 in
826 2731 857 2750 se
869 2723 967 2750 Filium

181 2766 316 2793 dicentem
333 2776 339 2793 :
357 2766 412 2802 Ego
427 2775 485 2795 sum
499 2768 563 2795 vita.
592 2767 620 2794 Si
650 2775 714 2803 ergo
735 2769 865 2803 quidquid
894 2768 968 2796 Patri

182 2813 321 2847 proprium
337 2819 389 2847 est,
405 2815 455 2843 hoc
475 2815 562 2850 ipsum
588 2819 631 2842 est
644 2814 744 2842 Filius:
757 2823 819 2842 cunt
833 2814 913 2842 Pater
929 2815 969 2841 di-

701 175 730 203 S.
751 174 888 203 CVRILLI
907 171 1142 201 ALEXANDRINI
1160 170 1318 199 ARCHIEP.

1761 169 1797 196 Si
1804 168 1820 196 ί

1367 238 1468 265 ᾹΛΛΟ.

1060 298 1201 334 Πανταχοῦ
1216 299 1261 325 τὸν
1279 297 1340 324 Υίδν
1355 297 1383 324 αι
1399 296 1467 323 θεῖαι
1480 294 1587 330 Γραφαὶ
1596 293 1725 321 καλοῦσιν
1740 293 1825 327 Ἀλή-

1025 345 1111 377 θειαν,
1123 345 1170 372 καὶ
1187 344 1267 374 αὐτὸς
1281 343 1309 369 δὲ
1324 342 1387 378 περὶ
1399 340 1496 368 ἑαυτοῦ
1507 339 1585 367 τοῦτὸ
1599 348 1680 374 φησιν
1690 347 1697 354 ·
1711 348 1722 365 t
1744 337 1820 372 Ἐγώ

1025 391 1092 425 είμι,
1106 390 1203 424 λέγων,
1222 390 1239 424 ἡ
1252 388 1376 424 ἀλήθεια.
1397 396 1407 413 ι
1427 387 1458 413 Εἰ
1478 386 1567 413 τοίνυν
1580 385 1777 420 διεψευσμένον
1787 384 1820 410 ἐν

1024 436 1098 472 αὐτῷ
1114 436 1144 462 τὸ
1161 436 1211 470 τῆς
1235 434 1309 470 ζωῆς
1324 435 1449 470 πρᾶγμα,
1469 433 1516 459 καὶ
1530 432 1580 459 οὐκ
1601 431 1740 464 οὐσιῶδες,
1754 431 1820 457 οὐδὲ

1024 482 1162 517 ἀληθινὸν,
1180 482 1238 512 πῶς
1254 482 1284 508 οὐ
1301 480 1432 516 ψεύσεται
1455 479 1542 513 λέγων
1563 478 1660 505 ἑαυτὸν
1683 476 1754 504 εἶναι
1765 478 1821 512 τὴν

1024 528 1168 563 ἀλήθειαν;
1192 527 1273 554 Ἀλλὰ
1293 527 1346 563 μὴν
1360 526 1391 553 οὺ
1412 525 1539 560 ψεύδεται
1551 533 1558 539 '
1574 524 1654 551 τοῦτο
1677 524 1733 559 γὰρ
1750 523 1820 549 ἀσε-

1025 573 1071 605 ϐὲς
1093 573 1140 601 καὶ
1160 573 1240 608 μόνον
1267 573 1383 599 ἐννοεῖν*
1399 569 1514 604 ἀλήθεια
1536 569 1564 596 δέ
1587 570 1671 598 ἐστιν,
1687 569 1746 595 Οὐκ
1762 568 1820 603 ἄρα

1024 619 1215 654 διεψευσμένον
1234 618 1290 654 ἔχει
1305 618 1335 645 τὸ
1355 615 1426 644 εἶναι
1441 616 1509 651 ζωή.

1365 673 1466 699 ᾹΛΔΟ.

1058 731 1089 758 Εἰ
1106 731 1232 764 ζωοποιεῖ
1244 730 1291 757 τοῦ
1306 728 1411 764 Πατρὸς
1425 729 1442 763 ὴ
1453 728 1552 762 γνῶσις
1563 728 1625 758 τοὺς
1640 726 1753 762 ἔχοντας
1769 724 1820 752 αὺ-

1023 777 1082 814 τὴν,
1106 777 1234 810 ζωοποιεῖ
1253 777 1281 804 δὲ
1301 776 1401 812 ὁμοίως
1419 775 1467 802 καὶ
1487 776 1503 810 ἡ
1526 773 1573 800 τοῦ
1592 773 1668 804 Υἱοῦ,
1690 771 1751 803 πῶς
1766 771 1819 798 οὐκ

1022 823 1098 849 ἔσται
1117 822 1176 848 κατ’
1190 821 1284 848 οὐσίαν
1295 821 1309 847 ὁ
1321 820 1412 851 αὐτὸς,
1427 820 1441 846 ὁ
1458 820 1517 850 ταῖς
1531 818 1578 845 τοῦ
1592 817 1699 853 Πατρὸς
1719 817 1821 851 ἰδιότη-

1023 877 1064 895 σιν
1080 868 1151 895 οὖτω
1170 866 1339 902 διαπρέπων,
1354 865 1392 896 ὡς
1408 864 1442 891 ἂν
1462 864 1487 891 εί
1505 863 1552 890 καὶ
1574 862 1653 894 αὐτὸς
1669 863 1683 889 ὁ
1700 862 1818 896 Πατήρ;

1113 969 1214 1000 ΑΛΛΟ,
1231 968 1280 994 διὰ
1295 967 1348 1001 τῆς
1362 968 1405 1000 εὶς
1424 965 1538 993 amator
1551 963 1725 999 ἀπαγωγῆς.

1061 1038 1070 1054 t
1083 1028 1190 1062 Ὠσπερ
1200 1027 1214 1052 ό
1224 1025 1330 1060 Πατὴρ,
1342 1024 1434 1058 φησὶν,
1446 1023 1502 1058 ἔχει
1512 1021 1584 1058 ζωὴν
1592 1022 1622 1047 ὲν
1632 1019 1733 1056 ἐαυτῷ,
1745 1020 1819 1046 οὕτω

1024 1074 1071 1100 καὶ
1088 1073 1127 1108 τῷ
1142 1071 1304 1107 Υίῴδέδωκε
1319 1070 1390 1105 ζωὴν
1404 1069 1476 1104 ἔχειν
1488 1070 1516 1095 ὲν
1532 1067 1634 1102 ἐαυτῷθ
1653 1077 1662 1093 υ
1680 1066 1819 1093 Ἐνταῦθα

1022 1120 1078 1150 τοῖς
1093 1119 1144 1144 οὐκ
1171 1116 1292 1143 ἐθέλουσι
1317 1117 1386 1142 νοεῖν
1401 1114 1500 1149 ὀρθῶς,
1519 1114 1559 1145 είς
1587 1112 1687 1149 πολλὴν
1702 1114 1718 1139 ὁ
1738 1112 1819 1147 λόγος

1023 1163 1190 1191 κινδυνεύσει
1207 1161 1364 1197 δυσφημίαν
1392 1160 1528 1187 ἐκπεσεῖν.
1558 1160 1588 1186 Εἰ
1609 1159 1664 1194 γὰρ
1686 1157 1761 1193 ἔχειν
1789 1159 1820 1185 ὲν

1024 1210 1113 1245 ἑαυτῷ
1131 1209 1240 1243 λέγεται
1254 1207 1327 1244 ζωὴν
1340 1208 1354 1233 ὁ
1370 1206 1476 1241 Πατὴρ,
1493 1205 1586 1240 ἕτερόν
1601 1205 1627 1231 τί
1643 1205 1719 1231 ἐστιν
1734 1205 1818 1236 αὐτὸς

1023 1256 1101 1292 παρὰ
1126 1255 1174 1290 τὴν
1190 1256 1218 1281 ἐν
1241 1254 1316 1289 αὑτῷ
1335 1253 1418 1288 ζωήν.
1447 1253 1478 1279 Et
1493 1252 1521 1278 δὲ
1547 1251 1626 1278 τοῦτο
1651 1250 1751 1286 διπλόη
1775 1260 1818 1282 τις

1022 1303 1118 1337 ὥσπερ
1128 1301 1174 1328 καὶ
1188 1301 1311 1332 σύνθεσις
1332 1301 1396 1335 περὶ
1409 1298 1491 1326 αὑτὸν
1504 1297 1680 1333 νοηθήσεται,
1698 1297 1758 1328 πῶς
1769 1294 1818 1324 οὖν

1023 1348 1124 1380 ἁπλοῦς
1134 1348 1181 1375 καὶ
1195 1347 1319 1378 σύνθετος
1331 1346 1389 1372 κατ’
1404 1345 1498 1372 οὐσίαν
1511 1345 1526 1371 ὸ
1539 1343 1622 1375 Θεός;
1643 1343 1723 1369 Ἀλλὰ
1736 1343 1818 1370 τοῦτο

1022 1396 1133 1423 ἄτοπον.
1155 1394 1187 1421 'H
1198 1394 1253 1428 ζωὴ
1275 1394 1328 1429 ἄρα
1340 1393 1373 1427 ἣν
1394 1392 1451 1426 ἔχει
1466 1391 1480 1418 ό
1496 1390 1591 1426 Πατὴρ
1605 1391 1634 1417 ἐν
1648 1390 1749 1425 ἑαυτῷ,
1767 1390 1817 1424 οὐχ

1023 1441 1103 1476 ἑτέρα
1115 1440 1157 1471 τίς
1171 1440 1230 1466 ἐστι
1255 1437 1332 1473 παρὰ
1345 1438 1391 1464 τὸν
1412 1437 1491 1464 Υίόν·
1510 1436 1557 1463 καὶ
1575 1436 1656 1462 πάλιν
1672 1437 1688 1471 ἡ
1714 1437 1744 1462 ὲν
1758 1435 1818 1470 Υξῷ

1022 1485 1090 1521 ζωὴ,
1107 1484 1156 1520 οὐχ
1170 1484 1250 1519 ἑτέρα
1267 1483 1308 1514 τίς
1322 1483 1380 1508 ἐστι
1395 1480 1472 1516 παρὰ
1487 1480 1532 1507 τὸν
1548 1479 1668 1515 Πατέρα,
1686 1479 1735 1506 καὶ
1749 1477 1816 1511 ἀλη-

1023 1531 1096 1558 Θεὺει
1109 1531 1194 1565 λέγων
1206 1538 1212 1544 ·
1230 1539 1239 1554 ‹
1261 1527 1333 1562 Ἐγὼ
1355 1527 1396 1554 ἐν.
1407 1527 1445 1562 τῷ
1460 1525 1547 1560 Πατρὶ
1563 1526 1610 1553 καὶ
1631 1525 1646 1552 ὁ
1667 1524 1764 1560 Πατὴρ
1787 1525 1817 1552 ἐν

983 1579 1005 1609 C
1021 1577 1092 1612 ἐμοί.
1113 1585 1122 1601 ι

1366 1629 1467 1656 ΑΛΛΟ.

1057 1686 1097 1714 Τὰ
1114 1687 1249 1723 προσόντα
1262 1685 1299 1721 τῷ
1313 1685 1372 1721 Θεῷ
1385 1686 1430 1712 καὶ
1444 1686 1530 1721 [la-cpt
1540 1685 1643 1719 φυσικά
1661 1693 1689 1711 τε
1708 1686 1756 1712 καὶ
1769 1685 1814 1712 οὐ·

1023 1735 1103 1769 σιώδη
1117 1734 1202 1768 λέγων
1229 1732 1372 1767 ἰδιώματα,
1393 1732 1460 1767 φησί
1478 1740 1528 1757 που
1547 1731 1667 1762 Παῦλος·
1685 1741 1694 1757 ‹
1721 1731 1750 1757 '0
1765 1731 1815 1766 μό-

1022 1789 1066 1812 νος
1081 1780 1150 1816 ἔχων
1179 1779 1337 1806 ἀθανασίαν.
1362 1788 1371 1804 t
1395 1778 1426 1804 Εἰ
1450 1778 1539 1804 τοίνυν
1555 1777 1630 1804 οὐδὲν
1656 1777 1752 1812 ἕτερόν
1772 1785 1815 1808 τις

1021 1826 1133 1862 ὁριεῖται
1150 1825 1237 1860 λέγων
1253 1824 1302 1859 τὴν
1315 1823 1466 1850 ἀθανασίαν
1484 1823 1559 1858 παρὰ
1573 1823 1622 1859 τὴν
1642 1822 1725 1858 ζωὴν,
1743 1822 1815 1858 αὕτη

1022 1872 1049 1898 δέ
1065 1872 1139 1898 ἐστιν
1161 1872 1174 1898 ὁ
1194 1871 1257 1902 Υίδς
1275 1872 1290 1897 ὁ
1307 1870 1409 1902 λέγων·
1443 1869 1514 1903 Ἐγώ
1525 1871 1581 1904 εἰμι
1600 1870 1616 1904 ἡ
1630 1868 1698 1904 ζωὴ,
1725 1869 1740 1894 ὁ
1757 1869 1812 1895 ῐῙα-

1022 1919 1073 1954 τὴρ
1088 1917 1144 1953 ἔχει
1161 1917 1233 1953 ζωὴν
1246 1917 1274 1943 ἐν
1295 1915 1393 1950 ἐαυτῷ,
1407 1915 1453 1942 τὸν
1473 1915 1535 1942 Υίὺν
1551 1915 1684 1950 δηλονότι,
1702 1914 1750 1941 καὶ
1765 1915 1814 1950 οὐχ

1021 1963 1114 1999 ἕτερόν
1126 1973 1152 1990 τι
1163 1962 1229 1998 παρ’
1242 1961 1334 1989 αὐτόν.
1351 1961 1436 1993 Αὐτός
1448 1970 1477 1988 τε
1488 1961 1588 1997 ὁμοίως
1599 1962 1729 1996 ὑπάρχων
1745 1961 1813 1996 ζωὴ,

1022 2008 1136 2034 δέδωκεν
1151 2007 1247 2034 ἑαυτὸν
1263 2006 1301 2041 τῷ
1318 2005 1376 2040 Υἱῷ
1387 2014 1393 2020 “
1416 2006 1465 2040 οὐχ
1479 2006 1517 2037 ὠς
1534 2005 1612 2040 σῶμα
1634 2007 1765 2041 χωρήσας
1786 2007 1813 2032 ἐν

1023 2053 1140 2088 σώματι,
1151 2053 1204 2079 οὐδ’
1215 2052 1252 2084 ὠς
1265 2052 1305 2087 τῷ
1318 2053 1374 2087 Υἰῳ
1387 2053 1594 2087 παραχωρήσας
1604 2052 1654 2088 τὴν
1668 2052 1738 2079 ἰδίαν
1752 2053 1811 2079 ὑπὸ

1023 2108 1128 2132 στασιν,
1144 2099 1190 2126 καὶ
1202 2100 1230 2125 ἐν
1242 2098 1317 2133 αὐτῷ
1326 2098 1418 2125 λοιπὸν
1427 2097 1457 2124 τὸ
1469 2097 1539 2125 εἶναι
1550 2098 1620 2133 ἔχων
1632 2107 1638 2114 ι
1654 2099 1712 2125 ἀλλ’
1726 2100 1810 2134 ὑπάρ-

1023 2155 1077 2181 χων
1092 2146 1142 2181 μὲν
1160 2145 1233 2172 τοῦθ’
1249 2146 1317 2181 ὅπερ
1333 2146 1408 2172 ἐστὶν
1430 2146 1474 2172 ἀεὶ
1497 2145 1592 2181 Πατὴρ
1615 2146 1662 2172 καὶ
1678 2146 1755 2178 Θεός.
1774 2147 1812 2181 Τῇ

1021 2192 1050 2218 δὲ
1064 2192 1114 2226 τῆς
1130 2191 1224 2224 οὐσίας
1237 2191 1382 2226 ταυτότητι
1399 2192 1445 2218 καὶ
1468 2193 1500 2226 τῇ
1519 2192 1567 2227 τῆς
1582 2192 1690 2226 φύσεως
1707 2192 1811 2226 ἑνότητι

1022 2238 1091 2273 πρὸς
1107 2238 1152 2264 τὸν
1163 2238 1191 2271 ἐξ
1203 2238 1284 2265 αὐτοῦ
1298 2239 1463 2274 προελθόντα
1472 2238 1557 2272 Λόγον
1571 2238 1736 2273 ἅποῤῥήτως
1750 2247 1810 2264 συν-

1021 2284 1159 2320 δούμενος.

1370 2344 1470 2370 ΛΛᾹΟ.

1057 2400 1127 2426 Ὅσα
1150 2402 1287 2436 προσεῖναι
1303 2400 1412 2434 λέγεται
1425 2400 1463 2435 τῷ
1499 2400 1562 2435 arpi,
1577 2399 1701 2433 φυσικῶς
1721 2408 1751 2425 τε
1768 2401 1810 2426 καὶ

1021 2446 1168 2478 οὑσιωδῶς,
1182 2446 1268 2473 ταῦτα
1282 2447 1370 2473 πάντα
1384 2447 1458 2473 ἐστὶν
1471 2447 1484 2472 ὁ
1498 2447 1571 2477 me.
1583 2445 1673 2477 Μόνος
1687 2445 1810 2481 ἀληθινὸς

1023 2493 1130 2527 λέγεται
1146 2492 1211 2524 Θεὸς
1233 2494 1247 2519 ὁ
1265 2493 1370 2528 Πατὴρ,
1394 2492 1489 2528 ἐπειδὴ
1513 2492 1592 2527 μόνος
1609 2491 1667 2526 ἔχει
1688 2491 1735 2518 τὸν
1752 2491 1815 2518 Υίδν

1023 2540 1068 2566 τὸν
1097 2539 1226 2573 λέγοντα·
1267 2538 1337 2573 Ἐγώ
1362 2539 1458 2574 εἰμιὴ
1496 2538 1620 2573 ἀλήθεια.
1653 2537 1740 2571 Σοφδς
1767 2538 1810 2564 και

1022 2585 1133 2616 δυνατὸς
1141 2585 1250 2620 ὁμοίιος.
1259 2585 1321 2611 ἐπεὶ
1334 2584 1448 2618 Χριστὸς
1462 2583 1531 2609 Θεοῦ
1544 2581 1671 2617 δύναμις,
1686 2582 1734 2608 καὶ
1747 2581 1812 2608 θεοῦ

1021 2631 1110 2665 σοφία.
1130 2631 1216 2661 Μόνος
1240 2630 1349 2664 λέγεται
1370 2631 1427 2664 φῶς
1453 2629 1537 2655 οἰκεῖ-ι
1565 2627 1732 2662 ἀπρόσιτον
1758 2627 1810 2662 ἔχει

1021 2677 1074 2712 γὰρ
1085 2677 1114 2703 ἐν
1133 2676 1221 2711 ἑαυτῴ
1234 2676 1280 2702 τὸν
1294 2675 1406 2709 λέγοντα
1418 2683 1423 2688 ·
1442 2674 1512 2708 Ἐγώ
1526 2674 1583 2709 εἰμι
1599 2673 1630 2699 τὸ
1646 2672 1716 2708 φῶς.
1728 2673 1812 2701 Μόνος

1021 2722 1092 2757 ἔχειν
1109 2722 1257 2749 ἀθανασίαν
1280 2721 1400 2755 λέγεται·
1413 2722 1467 2755 ἔχει
1488 2721 1542 2756 γὰρ
1560 2720 1588 2746 ὲν
1604 2719 1694 2753 ἐαυτῷ
1707 2718 1754 2745 τὸν
1771 2717 1813 2744 λέ-

1022 2777 1103 2802 γοντα
1120 2769 1198 2794 Υίόν·
1225 2768 1294 2802 Ἐγώ
1305 2769 1363 2802 εἰμι
1380 2769 1396 2802 ἡ
1412 2767 1478 2801 ζωή.
1495 2767 1526 2793 Εἰ
1548 2766 1637 2793 τοίνυν
1657 2765 1771 2799 σύμπαν
1784 2762 1811 2789 τὸ

1021 2815 1067 2842 τοῦ
1083 2815 1188 2850 Πατρός
1203 2815 1279 2845 ἴδιον,
1297 2814 1376 2840 τοῦτό
1398 2814 1472 2839 ἐστιν
1489 2814 1503 2839 ὁ
1520 2812 1592 2844 Υἱὸς,
1613 2813 1678 2838 ὅταν
1701 2811 1811 2844 λέγηται

219 2900 329 2930 ".loan.
347 2911 402 2937 xiv,
416 2906 444 2931 ii.
481 2904 504 2921 “
530 2905 593 2932 ibid.
616 2903 656 2930 Η).
704 2903 875 2930 ““1Ϊίιιιρι1ι.
894 2911 930 2934 vt,
955 2903 970 2929 lt

1045 2903 1066 2915 ""
1080 2902 1155 2929 .lonn.
1176 2910 1229 2935 τιν,
1248 2903 1272 2930 ti.
1314 2903 1333 2918 ’Ἰ
1351 2902 1414 2929 Ibid.
1457 2901 1501 2927 “l
1522 2899 1640 2935 ’[ἡιιιυιιι.
1659 2906 1695 2932 Vl,
1717 2899 1758 2926 i6.
