1904 3026
66 192 108 219 ἳί5
769 193 847 222 THE!

914 192 990 222 [ωε.

1642 195 1696 224 αις

65 252 125 287 ζωὴν
138 251 208 286 ἔχειν
218 252 233 279 ὁ
245 253 349 290 Πατὴρ
365 257 392 282 ἐν
403 256 501 290 ἑαυτῷ,
513 257 557 283 τὸν
573 256 635 282 Υὶὸν
652 257 790 291 σημαίνει,
804 255 847 282 καὶ

914 258 979 281 :atur
992 253 1094 280 habere
1108 253 1192 280 vitam
1203 252 1229 280 in
1244 253 1344 288 seipso,
1360 254 1457 281 Filium
1483 255 1627 289 Signiﬁcat,
1638 264 1692 284 non

64 298 102 332 οὐχ
113 297 201 333 ἕτερόν
215 307 243 324 τι
260 300 331 334 παρ’
344 302 434 329 αὐτόν.
460 302 605 338 ’Υπάρχων
619 302 647 328 δὲ
665 302 712 328 καὶ
728 302 808 334 αὐτὸς
822 302 851 328 ὲν

66 343 112 378 Υίῷ
122 345 188 371 κατὰ
199 344 229 371 τὸ
243 345 297 381 τῆς
308 347 407 379 οὐσίας
418 348 636 384 ἀπαράλλακτον.
653 349 700 375 καὶ
710 347 767 384 ζωὴ
780 349 850 376 κατὰ

66 389 133 422 φύσιν
145 389 192 423 ὣν,
208 390 335 419 δέδωκεν
353 393 447 420 ἑαυτὸν
458 393 542 429 αὐτῷ.

732 437 753 459 ο

403 485 503 522 ΔᾹΛΟ.

93 548 146 583 Ζωὴ
161 547 232 575 κατὰ
249 549 341 583 φύσιν
364 552 496 588 ὑπάρχων
512 554 526 579 ὸ
541 553 615 586 Υἱὸς.
633 554 757 589 δέχεσθαι
774 555 849 590 παρὰ

65 593 103 620 τοῦ
127 594 231 629 Πατρὸς
259 596 370 634 ταύτην
394 599 487 634 φησὶν,
507 599 557 635 οὐχ
624 600 711 634 Λόγος
733 601 807 628 ἐστὶν
831 601 848 636 ἢ

64 639 219 675 ἀπαύγασμα
234 643 368 675 φυσικῶς
387 644 444 680 ἔχει
457 646 492 673 τὰ
512 646 558 672 τοῦ
577 647 682 682 Πατρός
695 647 759 679 ἷδια,
781 648 850 675 ἀλλὰ

66 685 122 711 καθὸ
136 685 246 719 γέγονεν
270 687 432 723 ἄνθρωπος,
447 687 469 725 ᾧ
491 692 581 719 πάντα
602 693 739 720 θεόσδοτα.
756 695 849 721 Κατα-

65 728 146 766 ἔτήσει
162 732 191 759 δὲ
208 733 293 760 τοῦτο
309 736 397 771 σαφὲς
417 737 445 763 ὲν
465 739 522 770 τοῖς
539 738 649 774 ἑφεξῆς,
664 739 712 767 τοῦ
726 740 849 768 δεδόσθαι

64 776 104 811 τὴν
116 777 201 804 αἰτίαν
218 778 422 816 ἐξηγούμενος.
445 782 585 815 Ἐξουσίαν
598 783 663 821 γὰρ,
677 785 770 820 φησὶν,
781 785 849 813 ἔδω-

63 831 102 849 κεν
117 823 188 858 αὐτῷ
201 824 300 860 κρίσιν
312 829 412 860 ποιεῖν,
424 829 465 856 ὅτι
481 829 544 862 Υἱὸς
556 830 700 867 ἀνθρώπου
714 832 798 860 ἐστίν.
816 833 848 859 Et

62 868 85 894 δὲ
103 869 249 906 ἐπειδήπερ
266 872 334 904 Υἱὸς
349 873 496 910 ἀνθρώπου
519 876 589 910 ἐστὶ,
605 877 654 912 τὴν
668 878 714 904 ἐπὶ
734 878 774 913 τῷ
788 879 848 913 κρί-

902 299 1003 334 aliquid
1028 306 1043 326 a
1082 305 1111 326 se
1132 299 1281 328 diversum.
1328 299 1469 328 Exsistcns
1511 308 1576 328 vero
1610 302 1692 329 etiam

902 345 959 379 ipse
984 345 1010 371 in
1035 344 1102 372 Filio
1127 349 1236 380 propter
1266 345 1454 373 omnimodam
1498 347 1623 374 essentia:
1654 348 1694 375 si-

902 390 1092 423 militudinem,
1106 398 1166 418 eum
1179 391 1261 418 etiam
1292 391 1454 419 naturaliter
1476 392 1512 420 sit
1536 393 1602 427 vita,
1619 393 1694 421 dedit.

901 434 938 463 illi
949 436 1078 471 seipsum.

1197 493 1277 529 me
1289 492 1403 522 ALIUD.

935 548 1020 576 Filius
1037 549 1091 576 vita
1111 551 1271 579 naturaliter
1285 553 1431 584 exsistens.
1448 559 1508 580 eam
1525 560 1555 580 se
1572 561 1586 580 a
1610 554 1694 581 Patre

902 595 1025 629 accipere
1039 595 1115 629 dicit,
1130 604 1182 624 non
1197 601 1330 631 quatenus
1349 597 1468 625 Verbum
1483 603 1584 631 est,ant
1598 599 1689 634 splcn~

900 640 951 667 dor
965 641 1127 670 naturaliter
1142 642 1247 671 habens
1269 650 1329 678 quae
1352 643 1441 671 Patris
1471 645 1580 680 propria
1607 651 1692 680 sunt,

901 686 948 714 sed
962 690 1095 721 quatenus
1109 688 1195 716 factus
1211 693 1253 716 est
1269 689 1360 722 homo,
1372 690 1416 717 cui
1427 691 1518 718 omnia
1532 699 1547 718 a
1560 691 1615 719 Deo
1630 691 1692 719 data

901 738 973 761 sunt.
990 734 1067 768 Quod
1082 733 1170 769 ipsum
1186 734 1213 762 in
1242 735 1420 770 sequentibus
1444 741 1538 772 aperte
1559 737 1691 772 declarat,

900 787 1011 808 causam
1037 788 1087 808 cur
1105 780 1166 808 data
1194 781 1229 808 sit
1243 781 1394 817 explicans.
1411 781 1578 811 Potestatem
1606 784 1691 818 enim,

899 826 997 861 inquit,
1013 826 1086 854 dedit
1096 827 1121 854 ei
1135 827 1267 860 judicium
1281 827 1383 861 facere,
1397 829 1460 863 quia
1477 829 1562 857 Filius
1573 830 1693 858 hominis

899 877 941 900 est
952 872 985 899 ⁸⁸.
1001 871 1031 899 Si
1046 879 1111 900 vero
1126 872 1190 908 quia
1216 872 1301 901 Filius
1322 873 1440 902 hominis
1455 879 1507 907 est,
1532 880 1692 910 potestatem

63 924 108 942 νειν
125 915 247 949 ἐξουσίαν
269 919 416 955 εἰληφέναι
437 922 557 956 λέγεται,
580 923 626 950 τὸν
644 924 726 951 αὑτὸν
748 925 847 952 ἀνακυ-

914 917 1035 946 ndicandi
1045 919 1184 952 accepisse
1197 919 1307 951 dicitur,
1327 920 1422 947 eodem
1443 921 1524 948 modo
1542 928 1694 957 repetentes

63 960 202 994 κὶώσαντες
224 963 309 998 λόγον
331 966 465 1002 ἐροῦμεν·
486 968 595 1004 Ἐπειδὴ
621 969 684 1002 Υἰδς
704 971 848 1007 ἀνθρώπου

63 1006 152 1053 γέγονε,
167 1007 216 1045 τὴν
232 1010 388 1047 ὁμοιότητα
400 1013 518 1049 φορέσας
535 1014 589 1041 τῶν
602 1015 677 1051 παρὰ
692 1006 761 1043 Θεοῦ
774 1017 850 1053 δέχε-

64 1052 115 1078 σθαι
130 1053 160 1080 τὰ
177 1055 269 1082 πάντα
294 1059 470 1092 πεφυκότων,
494 1060 541 1087 καὶ
561 1060 634 1097 ζωὴν
649 1063 790 1098 εἰληφέναι
802 1052 848 1090 λέ-

63 1105 136 1130 γεται,
155 1099 223 1135 μόνῃ
241 1102 292 1128 καὶ
309 1104 401 1138 γυμνῇ
419 1105 452 1139 τῇ
471 1103 532 1140 Θείᾳ
546 1105 625 1138 φύσει
638 1107 740 1144 τηρῶν,
757 1108 804 1133 καὶ
819 1107 849 1134 τὸ

64 1144 165 1179 μετοχῆς
177 1155 252 1178 τινος
266 1148 448 1176 ἀνεπίδεκτον
465 1151 512 1177 καὶ
525 1150 555 1177 τὺ
563 1151 693 1179 δύνασθαι
709 1154 767 1185 τοῖς
781 1154 848 1180 πᾶσι

64 1189 90 1215 τὰ
103 1190 183 1218 πάντα
197 1195 340 1228 χορηγεῖν

241 1317 246 1318 ν
298 1266 482 1312 ΛΟΓΟΣ
520 1266 593 1313 ΙΕ’.

63 1340 106 1383 Εἰς
125 1341 202 1383 τρὲν
215 1344 297 1383 Διζιξῖς·
321 1347 506 1383 Παρογιμιαις,
526 1357 535 1374 ‹
557 1349 665 1383 Κύριος
688 1348 790 1376 ἔκτισέ
811 1357 849 1383 με

90 1376 180 1418 ᾀρχὴν
204 1376 289 1418 ὀδῷιλ
320 1376 572 1418 ᾳὺξοῇ”εις’ἔργα
599 1376 704 1411 but-of}.
724 1385 788 1411 Ὅτι
803 1376 847 1417 έὸ,

91 1410 197 1454 ἔδεῖξτεν,
213 1415 255 1454 ,σὺ
272 1415 354 1454 κῑᾲὰ
368 1416 423 1454 τῆς
437 1410 546 1451 οὗσίῖιέ
561 1419 615 1447 τοῦ
629 1410 725 1454 Λόγῖόυ
738 1410 847 1447 ite-iraa:

89 1446 153 1473 οὐδὲ
170 1449 288 1484 κτίσμα
310 1450 327 1484 ἢ
343 1446 457 1486 ποίῆμα
475 1455 492 1480 ὁ
514 1446 589 1487 Υίός.

92 1533 120 1560 Οί
133 1535 180 1570 τῆς
201 1537 315 1573 ⁷Δρείου
330 1540 428 1574 μανίας
443 1541 594 1576 προστάται
609 1542 657 1578 τὴν
672 1544 777 1571 ἑαυτῶν
789 1545 848 1572 ἀσέ-

65 1579 129 1626 ϐειαν
146 1582 284 1616 πιθανοῖς,
304 1584 342 1617 ὡς
362 1586 473 1618 οἴονται.
490 1588 708 1623 καλλωπίζοντες
730 1591 846 1626 ῥήμασι,

64 1624 172 1659 λέγουσι·
193 1629 313 1665 Κτίσμα
328 1631 402 1658 ἐστὶν
417 1633 431 1659 ό
448 1633 521 1665 Υἱὸς,
540 1635 598 1661 ἀλλ’
621 1635 669 1671 οὐχ
684 1624 774 1668 ὠςνὲν-
793 1637 848 1665 τῶν

64 1673 204 1719 κτισμάτων
215 1683 222 1690 ·
241 1676 355 1713 ποίημά
370 1678 453 1711 ἐστιν,
470 1679 527 1706 ἀλλ’
541 1681 590 1716 οὐχ
605 1681 642 1713 ὡς
655 1682 684 1708 ἓν
702 1683 755 1709 τῶν
770 1691 848 1719 ποιη-

67 1717 158 1765 μέιτωνο
178 1719 310 1756 γέννημά
331 1723 415 1756 ἐστιν,
435 1724 493 1751 ἀλλ’
514 1726 563 1761 οὐχ
578 1727 615 1760 ὡς
635 1727 664 1755 ἓν
677 1728 732 1756 τῶν
752 1717 848 1765 γεννή-

66 1772 155 1798 (sum.

145 1823 220 1858 Πρὸς
241 1825 342 1852 ταῦτα
356 1827 464 1861 λύσεις
479 1828 590 1866 ἐφεξῆς
604 1831 749 1867 διάφοροι.

94 1877 121 1904 Εἰ
139 1879 244 1915 ποίημά
260 1881 339 1908 ἐστιν
355 1881 370 1908 ὁ
386 1882 458 1916 Υἱὸς,
477 1885 535 1917 πῶς
549 1886 598 1922 οὐχ
613 1887 641 1914 ἒν
658 1888 712 1916 τῶν
728 1892 848 1926 ποιημά-

66 1925 179 1954 rerum!
197 1927 222 1952 εἰ
245 1927 320 1959 ὅλως
336 1928 449 1964 κτίσμα,
473 1931 531 1963 πῶς
547 1931 596 1968 οὐχ
613 1932 642 1959 ἓν
654 1933 709 1961 τῶν
731 1925 848 1972 κτισμά-

66 1977 127 2004 τωνς
143 1971 218 1999 Ἔστι
245 1973 303 2008 γὰρ
317 1973 397 2000 τοῦτο
419 1977 527 2011 φρονεῖν
545 1977 726 2011 γελοιότατον.
742 1981 773 2007 El
793 1982 847 2018 γὰρ

66 2015 122 2048 ὅλως
139 2017 288 2054 κτίσμασιν
302 2019 318 2054 ἢ
337 2021 488 2055 ποιήμασιν
507 2022 557 2048 οὐκ
572 2023 645 2051 ἐστιν
659 2015 817 2062 ἐναρίθμιος

67 2061 129 2095 Υἱὸς,
139 2063 198 2091 οὔτε
216 2065 325 2100 κτίσμα
341 2065 374 2092 ἂν
384 2067 425 2102 εἴη
441 2066 503 2094 οὒτε
518 2069 635 2104 ποίημα.
645 2071 677 2098 Εί
691 2071 718 2098 δὲ
735 2061 846 2109 ἐδιτίσθη

66 2108 115 2134 καῐν
129 2109 197 2144 ὑμᾶς
211 2111 260 2137 καὶ
279 2111 438 2147 πεποίηται,
454 2112 512 2145 πῶς
526 2114 576 2140 οὐκ
590 2115 747 2149 ἀναγκαίως
765 2118 802 2150 ὡς
817 2108 846 2148 ἓν

66 2152 129 2181 ἔσται
143 2156 194 2184 τῶν
213 2156 374 2192 γενομένων
385 2166 392 2190 ;

399 2304 501 2331 ΔΛΛΟ.

93 2359 167 2386 Φασὶν
179 2360 221 2387 ὅτι
236 2360 348 2395 ποίημά
358 2361 431 2387 ὲστιν
443 2362 457 2388 ὁ
473 2361 547 2396 Υἱὸς,
561 2362 619 2390 ἀλλ’
633 2364 682 2399 οὐχ
694 2365 731 2397 ὡς
747 2366 777 2392 ἓν
789 2361 845 2394 τῶν

67 2406 219 2440 ποιημάτων.
246 2407 304 2434 Καὶ
323 2406 463 2442 νομίζουσι
486 2408 546 2443 μὲν,
564 2409 701 2446 ἐξαίρετόν
725 2421 787 2440 τινα
800 2413 845 2442 διὰ

65 2450 145 2479 τούτου
159 2453 311 2488 προσάγειν
325 2453 399 2489 αὐτῷ
410 2454 460 2490 τὴν
469 2455 562 2491 τιμὴν,
576 2456 726 2494 ἐπειδήπερ
739 2459 845 2495 ποίημα

68 2495 107 2528 μὲν
118 2496 189 2532 εἶναι,
204 2500 236 2526 οὐ
249 2499 305 2535 μὴν
322 2500 361 2532 ὡς
375 2500 404 2526 ἓν
416 2509 443 2528 τι
456 2501 510 2528 τῶν
526 2503 687 2538 ποιημάτων
703 2505 845 2540 ὁμολογοῦ-

67 2549 101 2566 σιν
113 2543 197 2571 αὐτόν.
222 2544 294 2571 Ἀλλ’
307 2545 382 2573 οὐδὲν
395 2547 423 2573 ὲν
437 2547 525 2583 τούτῳ
535 2548 566 2575 τὸ
576 2548 714 2585 ἐξαίρετον
727 2558 733 2566 ·
746 2551 845 2579 ἀλλ’-ἓν

66 2596 87 2614 τι
99 2591 140 2617 καὶ
154 2592 234 2623 αὐτὸς
256 2591 313 2618 τῶν
334 2592 423 2619 ἄλλων
439 2595 574 2629 φανεῖται.
591 2595 664 2627 Ἕως
678 2597 732 2633 γὰρ
750 2596 783 2624 ἃν
800 2598 844 2625 ἐπ’

66 2636 134 2662 αὐτοῦ
151 2638 181 2664 τὺ
206 2638 377 2673 πεποιῆσθαι
392 2641 492 2676 κρατῇ,
517 2641 564 2667 καὶ
584 2639 654 2668 εἶναι
679 2642 782 2678 κτίσμα
799 2652 844 2671 πι-

68 2681 187 2718 utsin-rut,
201 2684 279 2711 οὐδέν
290 2693 317 2711 τι
329 2684 385 2712 τῶν
399 2685 487 2712 ἄλλων
501 2686 572 2713 κατὰ
585 2686 664 2714 τοῦτο
673 2688 777 2721 διοίσει,
788 2689 843 2716 κᾶν

66 2728 192 2769 διαλλάττει
207 2733 280 2759 κατὰ
296 2732 347 2769 τὴν
367 2733 458 2767 φύσιν,
474 2733 489 2769 ἥ
505 2734 577 2761 κατά
595 2743 656 2761 τινα
670 2736 770 2771 τρόπον
786 2737 845 2763 ἓτε-

69 2781 112 2807 ρω.
124 2776 196 2803 Οὖτω
211 2778 267 2812 γὰρ
291 2777 325 2805 ἄν
341 2786 384 2809 τις
402 2777 498 2813 ἔχοντα
515 2778 608 2812 βλέποι
622 2779 656 2806 τὰ
672 2782 844 2816 πεποιημένα

69 2822 128 2856 παρὰ
146 2822 211 2850 Θεοῦ
235 2824 394 2860 συγκρίνων
418 2825 486 2860 πρὸς
503 2825 614 2860 ἄλληλα.
643 2826 762 2862 Εὑρήσει
789 2827 843 2864 γὰρ

96 2910 196 2940 ¹³ιιοιιιι.
215 2922 240 2946 ν,
259 2913 308 2940 22.
342 2914 371 2929 ⁴⁰
385 2913 463 2940 Prov.
481 2921 537 2946 vnt,
554 2914 597 2942 22.

901 962 1032 991 dicemus
1045 970 1053 990 :
1072 962 1142 996 Quia
1153 964 1239 992 Filius
1250 965 1368 993 hominis
1393 966 1481 994 factus
1491 972 1542 999 εει,
1563 968 1693 996 similitu~

900 1008 990 1036 dinem
1001 1016 1098 1044 gerens
1107 1017 1202 1038 eorum
1221 1011 1268 1046 qui
1288 1011 1419 1046 quidquid
1435 1012 1546 1046 habent,
1559 1020 1574 1040 a
1585 1013 1639 1042 Deo
1649 1022 1693 1042 ac-

899 1054 1021 1089 cipiunt,
1038 1055 1123 1082 vitam
1141 1063 1251 1091 quoque
1281 1057 1424 1092 accepisse
1447 1057 1565 1092 dicitur;
1589 1060 1639 1088 soli
1662 1068 1694 1088 ac

900 1101 978 1128 nudae
990 1101 1089 1128 divina:
1098 1106 1203 1130 natura:
1219 1103 1245 1130 id
1257 1111 1411 1137 reservans,
1422 1104 1494 1139 quod
1508 1105 1609 1134 nullius
1630 1114 1694 1140 par-

901 1146 1064 1180 ticipationis
1075 1154 1159 1182 capax
1177 1148 1223 1182 sit,
1235 1150 1362 1185 quodque
1380 1150 1471 1178 omnia
1497 1152 1624 1180 omnibus
1639 1152 1694 1181 lar-

899 1191 988 1226 giatur
1005 1196 1086 1228 atque
1095 1194 1261 1229 suppeditet.

1081 1271 1370 1319 ASSERTIO
1409 1276 1510 1321 XV.

901 1344 933 1372 In
946 1346 1011 1386 Illud
1028 1347 1098 1380 quod
1113 1347 1222 1391 libro
1249 1348 1452 1391 Prprprbiorum
1477 1353 1587 1384 dicitur,
1612 1362 1621 1378 ι
1640 1353 1692 1391 Do-

934 1389 1020 1408 minus
1034 1388 1129 1409 creauit
1146 1391 1186 1409 me
1214 1388 1373 1417 principium
1400 1388 1503 1413 viarum
1536 1396 1645 1415 suarum
1663 1390 1693 1416 in

935 1423 1013 1455 opera
1027 1425 1076 1455 sua
1086 1417 1147 1455 ὀε-ι
1164 1417 1240 1455 Quod
1273 1419 1378 1446 verbum
1400 1420 1466 1447 illud
1477 1441 1484 1454 ,
1509 1424 1622 1455 creavit,
1640 1431 1692 1451 non

936 1451 968 1477 de
979 1453 1089 1479 essentia
1109 1452 1192 1490 ,γενὁὶ
1215 1454 1338 1487 dicatur;
1355 1451 1483 1490 quodque.
1493 1456 1576 1485 Filius
1590 1451 1642 1486 non
1658 1459 1692 1486 ait

935 1491 1058 1514 creatura
1075 1487 1114 1515 vel
1133 1495 1207 1522 opus.

933 1544 1125 1578 Quiinsaniam
1139 1544 1198 1573 Arii
1210 1550 1347 1574 sectantur
1365 1554 1396 1574 ac
1412 1552 1534 1581 tuentur,
1553 1549 1691 1578 verisimili

900 1591 927 1618 in
944 1591 1060 1626 speciem
1078 1591 1202 1619 oratione
1215 1591 1383 1626 impietatem
1396 1600 1472 1620 suam
1488 1594 1624 1628 fucantes,
1653 1597 1692 1624 ita

899 1636 992 1664 dicunt
1008 1636 1113 1666 :Filins
1127 1643 1170 1666 est
1183 1643 1323 1670 creatura,
1353 1641 1400 1667 sed
1426 1648 1478 1668 non
1496 1646 1624 1676 tanquam
1640 1649 1692 1670 uno

899 1688 1110 1716 creaturarum;
1136 1691 1203 1719 opus
1225 1689 1277 1719 est,
1306 1685 1353 1712 sed
1373 1694 1425 1714 non
1448 1686 1532 1714 veluti
1555 1695 1637 1715 unum
1657 1695 1692 1715 ex

898 1729 1041 1763 operibus;
1055 1737 1166 1766 germen
1184 1735 1239 1764 est,
1269 1732 1316 1759 sed
1329 1739 1382 1760 non
1397 1733 1476 1768 quasi
1486 1741 1570 1760 unum
1584 1740 1616 1761 ex
1630 1741 1692 1769 ger-

901 1774 1029 1803 minibus.

1011 1830 1099 1860 Vart’a:
1112 1832 1192 1867 hujus
1204 1838 1365 1868 operationis
1382 1835 1584 1870 confutationes.

933 1887 961 1914 Si
974 1887 1059 1915 Filius
1073 1893 1115 1916 est
1129 1896 1208 1923 opus,
1232 1897 1287 1924 quo
1312 1895 1390 1924 pacto
1413 1898 1467 1918 non
1491 1892 1543 1919 erit
1559 1900 1641 1919 unum
1656 1900 1691 1921 ex

898 1933 1081 1967 operibus?et
1092 1933 1114 1961 si
1137 1934 1248 1961 omnino
1259 1939 1384 1962 creatura
1399 1940 1450 1969 est,
1480 1937 1614 1970 quomodo
1637 1945 1690 1965 non

897 1979 950 2006 erit
964 1985 1018 2006 una
1034 1986 1068 2006 ex
1085 1979 1242 2007 creaturis?
1266 1979 1316 2007 Est
1338 1981 1411 2008 enim
1434 1981 1485 2008 hoc
1511 1982 1691 2011 vehementer

899 2024 1040 2051 ridiculum
1053 2023 1183 2059 cogitatu.
1201 2023 1269 2052 Nam
1284 2025 1307 2053 si
1323 2026 1348 2052 in
1371 2025 1527 2055 universum
1557 2029 1690 2055 creaturis

897 2075 943 2097 aut
955 2070 1083 2105 operibus
1097 2078 1150 2098 non
1170 2076 1377 2104 annumeratur,
1394 2077 1468 2100 certe
1498 2081 1587 2108 neque
1614 2080 1690 2102 crea-

898 2120 968 2149 tura,
986 2124 1073 2151 neque
1089 2124 1157 2151 opus
1172 2116 1264 2144 fuerit.
1278 2116 1307 2144 Si
1323 2125 1388 2145 vero
1401 2118 1480 2154 juxta
1501 2124 1617 2147 vestram
1632 2121 1691 2155 opi-

897 2161 1005 2190 nionem
1023 2167 1133 2190 creatus
1152 2167 1180 2190 et
1204 2162 1294 2192 factus
1317 2168 1370 2198 est,
1384 2165 1521 2199 quomodo
1537 2173 1589 2193 non
1610 2165 1691 2193 fuerit

896 2210 1051 2237 necessario
1066 2213 1193 2245 tanquam
1209 2218 1293 2238 unum
1305 2211 1405 2247 aliquid
1422 2219 1580 2242 exnumero
1596 2221 1690 2242 eorum

899 2262 957 2290 qute
969 2254 1040 2284 facta
1053 2259 1081 2282 et
1093 2260 1185 2284 creata
1204 2256 1287 2284 sunt?

1229 2311 1344 2340 ALIUD.

932 2366 1030 2394 Filium
1046 2375 1114 2403 opus
1125 2375 1186 2396 esse
1202 2369 1289 2402 aiunt,
1305 2369 1353 2397 sed
1369 2377 1422 2398 non
1447 2375 1576 2406 tanquam
1605 2379 1687 2400 unum

898 2420 930 2440 ex
946 2414 1084 2448 operibus.
1101 2413 1135 2442 Et
1153 2415 1262 2450 quidem
1277 2416 1435 2443 existimant
1460 2423 1489 2444 se
1507 2417 1558 2444 hac
1583 2418 1689 2446 ratione

898 2460 1028 2487 eximium
1052 2461 1197 2496 quemdam
1240 2461 1370 2489 honorem
1406 2461 1444 2489 illi
1468 2462 1585 2496 deferre,
1617 2465 1688 2499 quod

898 2510 1053 2534 creaturam
1066 2507 1175 2542 quidem
1187 2506 1262 2534 illum
1271 2514 1332 2535 esse
1347 2507 1446 2540 dicant,
1462 2515 1514 2535 non
1531 2513 1620 2537 tamen
1630 2510 1686 2537 vel-

899 2552 937 2578 uti
966 2559 1048 2580 unam
1067 2559 1083 2580 e
1108 2560 1221 2581 numero
1233 2558 1429 2581 creaturarum.
1459 2553 1593 2582 Caeterum
1622 2556 1688 2584 nihil

898 2598 928 2625 in
938 2598 989 2626 hoc
1002 2603 1045 2626 est
1058 2599 1207 2633 eximium;
1225 2599 1304 2636 147
1321 2601 1368 2627 sed
1386 2608 1468 2628 unum
1490 2601 1591 2636 aliquid
1618 2602 1689 2630 inter

897 2645 949 2671 alia
960 2649 1052 2672 creata
1064 2646 1214 2680 apparebit.
1231 2646 1357 2679 Quandiu
1370 2647 1442 2674 enim
1456 2649 1489 2674 de
1506 2655 1538 2675 eo
1567 2648 1620 2676 dici
1637 2656 1686 2683 po-

895 2691 958 2718 tcrit
969 2690 1069 2718 factum
1082 2699 1152 2724 esse,
1168 2697 1195 2719 et
1210 2698 1335 2720 creatura
1353 2700 1414 2721 esse
1444 2694 1570 2720 credetur
1585 2701 1592 2720 :
1620 2694 1686 2721 nihil

895 2736 929 2763 ab
944 2736 977 2763 iis
992 2736 1043 2764 hac
1058 2737 1083 2763 in
1098 2742 1174 2772 parte
1190 2738 1307 2771 dill'erel,
1319 2739 1426 2767 tametsi
1455 2740 1561 2767 ratione
1573 2745 1685 2772 naturae,

895 2787 941 2810 aut
956 2782 1009 2810 alio
1025 2782 1114 2818 aliquo
1128 2784 1208 2811 modo
1226 2784 1261 2811 sit
1279 2786 1461 2819 prwstantior.
1474 2786 1510 2812 lta
1523 2785 1594 2813 enim
1614 2785 1687 2812 vide-

897 2837 926 2856 re
940 2834 980 2857 est
994 2829 1094 2857 habere
1115 2838 1144 2858 sc
1155 2838 1214 2865 qtae
1228 2838 1243 2858 ιι
1260 2830 1313 2859 Deo
1327 2836 1418 2859 creata
1438 2835 1511 2866 sunt,
1530 2831 1561 2859 si,
1574 2831 1635 2866 quis
1651 2837 1683 2857 en
