1904 3026
204 169 255 197 ΞΠ

700 173 728 199 S.
750 172 884 200 CYlilLIJ
906 172 1138 200 ALEXANDNN.
1161 173 1321 202 AllClilEP.

1783 179 1838 206 268

206 233 280 261 inter
305 239 335 259 se
361 229 493 259 conferat.
516 229 636 257 Inveniet
665 229 737 256 enim
767 229 810 257 illa
833 229 991 256 excellentia

1068 230 1114 256 5:6
1128 231 1173 257 καὶ
1184 232 1245 262 ταῖς
1260 231 1406 266 ὑπεροχαῖς
1417 232 1533 259 νικῶντα
1550 232 1678 265 πολλάκις
1693 234 1728 260 τὰ
1740 234 1838 270 ἕτερα,

206 277 322 312 quadam
331 282 518 310 smpenumero
531 274 739 308 aliispraastare,
755 279 784 300 et
810 274 914 301 naturis
940 275 989 302 dif.

206 321 281 349 ferre
292 341 300 353 .
315 322 351 349 ita
365 325 396 348 ut
421 321 555 356 quispiam
569 321 659 348 dicere
672 320 759 354 possit
771 320 803 348 de
811 320 926 356 singulis
939 328 986 348 eo-

207 376 266 396 rum
283 375 290 394 :
305 368 437 395 Creatura
450 372 503 399 est,
520 366 566 394 sed
589 373 641 393 non
657 370 785 399 tauquam
797 373 849 393 una
866 373 898 393 ex
915 374 991 394 crea-

208 418 285 441 tuns.
302 412 424 447 Exempli
441 412 538 447 gratia,
551 410 591 439 sol
603 418 670 445 opus
683 414 791 443 est,uon
803 416 892 438 tamen
908 420 990 440 unum

206 466 240 487 ex
255 458 382 493 operibus
400 467 406 485 :
422 464 509 492 neque
520 457 592 484 enim
606 461 649 484 est
665 457 735 484 alius
757 457 809 484 sol.
837 457 924 484 Simili
949 465 992 484 ra-

206 506 280 533 tione
296 505 377 532 etiam
394 503 584 537 luna,coelum,
603 503 696 534 stella,
712 507 802 530 terra:
818 504 907 530 omnia
920 503 991 530 enim

208 552 266 579 ha-c
278 558 361 585 opera
375 554 450 583 sunt,
477 553 505 577 et
532 549 636 585 singula
654 556 759 582 eorum,
773 557 825 577 non
846 555 876 576 ut
909 557 992 577 unum

206 604 239 626 ex
247 595 530 631 operibusﬁteutune
540 595 612 623 enim
621 595 673 623 lioc
688 595 775 624 solum
786 601 930 623 eonnnune
945 595 993 623 ha-

206 642 280 675 bent,
299 642 371 676 quod
393 641 474 669 facta:
486 642 551 669 siut.
566 642 694 670 Formam
710 649 793 673 vero,
808 643 937 677 speciem,
951 648 993 670 at-

204 694 260 722 que
277 693 402 715 naturam
419 687 531 723 singulae
545 688 710 723 peculiarem
730 694 815 715 nactae
834 693 907 716 sunt.
918 687 993 717 Nihil

205 732 289 767 igitur
307 733 424 767 amplius
444 738 487 761 est
506 733 532 760 in
552 733 632 767 Filio,
643 734 666 761 si
682 733 773 761 factus
786 740 849 761 esse
866 733 991 767 dicatur;

205 779 315 807 etiamsi
333 779 406 807 aliud
423 779 524 815 aliquid
536 787 664 816 magnum
679 784 761 815 atque
784 781 916 808 eximium
938 787 994 815 pm

206 826 321 861 ntiquis
333 826 467 854 creaturis
481 827 596 854 exsistat
609 835 617 853 :
635 833 722 861 neque
738 826 811 854 enim
825 826 866 854 sol
879 827 914 854 ob
925 833 994 861 pree-

205 871 334 899 stantiam
348 879 425 903 suam
439 878 494 906 qua
510 871 615 906 reliqua
627 876 702 899 astra
713 871 790 907 longe
803 876 994 906 superat,opus

205 925 266 946 esse
278 918 392 946 desinet.
414 918 512 946 Eadem
545 925 610 946 vero
629 919 696 946 ratio
713 923 767 951 est,
795 918 878 946 etiam
896 925 990 945 earum
1009 908 1030 935 Β

205 971 266 998 qua
281 964 308 991 in
325 965 396 992 cutio
422 969 485 992 sunt
514 965 687 992 rationalium
703 968 879 999 potestatum,
893 964 992 999 quibus

205 1011 313 1046 quidem
329 1012 455 1040 omnibus
481 1019 627 1040 commune
648 1016 690 1040 est
702 1011 790 1040 factas
814 1018 887 1039 esse.
913 1010 994 1039 Ratio

208 1063 298 1086 autem
312 1066 364 1093 qua
384 1058 450 1094 quid
462 1066 576 1094 qumque
590 1065 685 1086 earum
702 1059 749 1091 sit,
766 1058 872 1086 diversa
888 1062 940 1086 est.

540 1113 654 1142 ALIUD.

240 1170 268 1198 Si
283 1169 378 1205 Filius,
392 1171 468 1206 juxta
483 1177 599 1199 vestram
624 1172 790 1206 opinionem,
800 1175 843 1198 est
857 1174 992 1202 creatura,

208 1223 299 1252 atque.
321 1218 346 1245 id
359 1225 419 1245 cum
434 1218 480 1250 sit,
503 1222 664 1253 potestatem
692 1217 774 1244 habet
790 1216 913 1248 creandi,
930 1215 994 1250 quia

207 1272 259 1295 non
275 1269 318 1292 est
335 1269 364 1291 ut
382 1272 434 1290 una
445 1264 608 1298 reliquarum
638 1267 824 1291 creaturarum
843 1270 850 1288 :
865 1268 913 1289 cur
942 1268 994 1289 cte-

208 1315 273 1336 terae
287 1317 394 1344 quoque
411 1314 542 1337 creaturae
560 1309 669 1336 creandi
685 1307 841 1336 facultatem
869 1315 923 1334 non
940 1307 992 1334 ita-

207 1356 298 1387 beant,
315 1355 379 1390 quia
397 1355 470 1382 varia
480 1358 521 1382 est
535 1362 565 1382 ac
580 1355 686 1382 diversa
714 1354 741 1382 in
773 1354 812 1382 eis
838 1358 946 1385 natura,
967 1356 995 1380 et

208 1408 376 1437 unaquaeque
388 1409 479 1428 earum
497 1405 621 1428 creatura
634 1405 686 1434 est,
719 1408 772 1428 non
799 1405 889 1427 tamen
911 1397 994 1426 veluti

206 1455 291 1475 unum
314 1447 416 1482 aliquid
429 1447 614 1482 reliquorum?
631 1446 720 1474 Unum
737 1446 809 1473 enim
828 1444 994 1476 estcmlum,

208 1492 337 1524 nnussol,
356 1500 407 1517 uua
427 1492 605 1523 luna,natura
618 1492 757 1519 stellarum
781 1498 846 1523 una,
870 1495 897 1518 et
922 1494 995 1517 terra

208 1545 273 1571 una,
285 1545 356 1564 unus
370 1537 452 1564 homo
473 1543 603 1572 quantum
622 1537 655 1564 ad
679 1537 858 1564 substantiam
873 1536 970 1563 attinet
988 1543 993 1559 :

208 1588 291 1618 atque
310 1583 353 1611 his
367 1584 477 1618 quidem
492 1583 559 1610 nihil
593 1584 665 1610 inter
682 1591 711 1611 se
754 1583 859 1610 ratione
893 1587 998 1609 natura

206 1632 416 1661 eommuneest,
435 1629 540 1656 tametsi
557 1630 682 1657 omnibus
713 1629 738 1656 id
774 1636 918 1656 commune
952 1628 996 1661 sit,

209 1674 282 1708 quod
295 1674 367 1702 facta
385 1674 450 1702 sint.
465 1675 537 1702 Nihil
552 1680 641 1702 tamen
656 1675 788 1702 creatoris
812 1675 840 1702 in
863 1675 998 1702 creaturis

210 1719 341 1753 cernitur.
355 1721 403 1748 sed
418 1720 506 1755 potius
515 1724 666 1748 creatorem
682 1720 800 1748 Verbum
817 1720 863 1747 Dei
873 1721 996 1752 adorant,

209 1770 238 1792 et
253 1765 364 1794 factoris
376 1766 489 1800 gloriam
503 1765 646 1793 extollunt.
670 1774 679 1792 ι
695 1765 763 1794 Catii
779 1766 851 1792 enim
866 1771 996 1793 enarrant

210 1811 323 1850 gloriam
333 1811 392 1842 Dei,
400 1817 427 1839 et
439 1812 638 1839 lirmamenturn
647 1811 770 1839 enuntiat
778 1818 860 1845 opera
872 1818 998 1838 manuum

210 1857 315 1890 ejus".
337 1867 346 1883 ι
368 1857 402 1884 Et
425 1857 650 1892 quemadmodum
674 1857 776 1885 Esdras
793 1856 853 1884 ait:
877 1865 885 1882 ι
903 1855 998 1883 Omnis

211 1908 282 1930 terra
299 1903 441 1932 veritatem
456 1907 545 1935 vocat.
557 1907 584 1931 et
598 1903 696 1931 coelum
712 1903 799 1937 ipsum
829 1902 935 1933 adorat,
972 1906 999 1929 et

210 1957 304 1977 omnes
315 1953 448 1976 creatura:
465 1948 550 1983 ipsam
567 1949 726 1976 tremiscunt
738 1948 770 1974 ".
791 1957 799 1973 ι
814 1946 898 1977 Filius
909 1953 998 1974 autem

210 1997 244 2023 de
265 1996 353 2030 scipso
371 1996 408 2022 ait
425 2003 431 2021 :
455 2004 464 2021 ι
484 1994 539 2030 Ego
554 2002 614 2022 sum
640 1995 740 2022 veritas
756 1994 789 2021 ”.
809 2004 818 2020 ι
842 1993 899 2021 Νοιι
933 2001 998 2028 ergo

211 2049 278 2076 opus
288 2045 340 2076 est,
360 2048 448 2075 neque
457 2046 583 2068 creatura
607 2039 642 2067 ob
663 2040 689 2066 id
714 2039 825 2066 creandi
845 2038 998 2066 facultatem

211 2089 327 2125 habens,
341 2088 403 2123 quia
417 2095 469 2114 non
483 2087 564 2114 veluti
581 2094 633 2114 uua
658 2091 846 2114 creaturarum
862 2090 902 2112 est
916 2093 924 2111 :
951 2084 998 2111 sed

211 2135 274 2168 quia
293 2142 355 2170 cum
372 2134 409 2161 sit
421 2133 561 2168 proprium
577 2139 688 2167 germen
706 2131 832 2160 essentia:
843 2130 944 2164 Patris,
955 2135 998 2158 to-

214 2186 269 2213 tum
282 2180 358 2207 illum
368 2180 394 2207 in
408 2179 497 2215 seipso
511 2178 669 2211 ostendens,
682 2177 763 2206 habet
771 2185 878 2213 quoque
889 2176 999 2204 creandi

213 2229 375 2263 potestatem
390 2229 419 2253 ut
430 2225 520 2253 Pater.

506 2281 587 2318 us
600 2280 716 2310 ALIUD.

249 2343 277 2369 Si
292 2341 376 2369 Filius
389 2346 428 2369 est
443 2343 617 2372 creatura,et
629 2339 757 2366 aduratur
773 2345 788 2364 a
802 2336 915 2372 reliquis
922 2343 1001 2364 crea-

215 2389 293 2422 turis,
308 2388 370 2423 quia
385 2388 522 2415 diversum
533 2385 597 2420 quid
615 2385 654 2416 ab,
667 2385 700 2412 iis
716 2383 836 2416 exsistit,
855 2390 943 2418 neque
959 2386 1002 2410 est

214 2435 289 2462 velut
304 2442 361 2468 una~
374 2438 572 2466 creaturarum,
591 2431 734 2466 oportebat
751 2429 835 2457 etiam
849 2429 909 2456 illas
941 2436 956 2455 a
969 2436 1000 2456 se

216 2481 330 2508 invicem
347 2479 467 2512 adorari,
483 2478 546 2513 quia
561 2477 667 2505 diversa
681 2477 754 2505 inter
769 2484 800 2504 se
823 2480 921 2504 natura
930 2483 998 2511 prae-

215 2527 278 2554 dita:
292 2530 365 2553 sunt.
382 2524 480 2560 Magna
490 2523 563 2550 enim
578 2527 620 2550 est
635 2522 660 2554 in
681 2521 813 2551 creaturis
829 2521 1001 2550 diii'erentia:

215 2576 242 2598 et
260 2577 427 2604 unaquaeque
447 2567 610 2604 peculiarem
627 2575 703 2596 suam
719 2572 843 2594 naturam
866 2567 924 2594 sive
935 2574 1002 2602 qua-

215 2617 320 2643 litatem
335 2615 517 2649 habet,neque
533 2613 559 2641 id
579 2614 666 2648 ipsum
682 2618 724 2641 est
735 2613 846 2640 omnino
854 2613 925 2647 quod
938 2613 1001 2640 alia.

217 2661 294 2688 Nulla
310 2666 398 2688 tamen
415 2668 447 2688 ex
482 2651 516 2688 iis
535 2661 674 2693 aduratur,
700 2660 764 2695 quin
791 2659 880 2694 potius
907 2666 1003 2686 omnes

217 2711 368 2734 creatorem
384 2706 499 2734 Verbum
515 2706 561 2734 Dei
579 2707 702 2734 adorant.
720 2705 778 2733 Non
793 2706 876 2741 igitur
891 2713 959 2732 unus
968 2712 1001 2732 ex

219 2751 352 2778 creaturis
367 2758 408 2780 est
422 2751 517 2784 Filius,
542 2760 629 2788 neque
647 2757 783 2784 creatura,
800 2756 829 2778 ut
847 2759 894 2778 vos
905 2750 1001 2784 opina-

219 2797 294 2824 u-ini.
312 2797 370 2831 Quo
384 2804 462 2833 pacto
476 2802 546 2826 enim
566 2800 588 2826 is
604 2799 647 2834 qui
671 2798 811 2829 aduratur,
837 2798 862 2824 in
891 2804 1004 2824 nutnero

1043 277 1090 303 καὶ
1103 279 1162 309 ταῖς
1177 277 1290 312 φύσεσιν
1306 278 1505 314 ἐξηλλαγμένα,
1522 278 1559 310 ὡς
1573 279 1702 306 δύνασθαί
1720 289 1781 306 τινα
1792 281 1839 306 λέ-

1042 330 1102 354 γειν
1119 323 1162 357 ἐφ’
1179 323 1296 350 ἑκάστου
1308 332 1336 350 τε
1352 324 1474 355 ἐκείνων,
1490 324 1595 360 ποίημά
1611 325 1695 358 ἐστιν,
1713 326 1772 352 ἀλλ’
1785 326 1837 360 οὐχ

1041 366 1079 398 ὡς
1095 366 1125 393 ἓν
1141 366 1193 393 τῶν
1216 368 1385 402 ποιημάτων.
1406 369 1435 396 ’0
1451 369 1525 404 ἥλιος
1542 369 1622 405 τυχὸν
1641 370 1746 406 ποίημα
1771 371 1837 406 μὲν,

1041 411 1091 446 οὐχ
1106 411 1144 443 ὡς
1167 411 1196 438 ἓν
1212 412 1241 438 δὲ
1259 412 1314 439 τῶν
1331 414 1506 449 ποιημάτων·
1532 415 1561 441 οὑ
1580 415 1633 451 γὰρ
1650 415 1724 442 ἐστιν
1740 417 1837 451 ἔτερος

1042 457 1126 493 ἥλιος.
1149 458 1179 486 'H
1205 458 1302 495 σελήνη
1323 460 1434 495 ὁμοίως,
1451 461 1464 488 ὁ
1485 461 1608 497 οὐρανὸς,
1626 463 1650 488 οἱ
1673 463 1800 498 ἀστέρες,

1043 503 1190 538 γῆ·,πάντα
1205 503 1261 539 γὰρ
1271 504 1358 531 ταῦτα
1371 505 1520 540 ποιήματα,
1536 507 1583 532 καὶ
1598 506 1713 533 ἕκαστον
1730 507 1836 539 αὐτῶν,

1042 549 1091 583 οὐχ
1106 549 1143 581 ὡς
1158 549 1188 575 ἓν
1209 548 1264 577 τῶν
1278 550 1447 585 ποιημάτων.
1461 552 1551 578 Μόνον
1575 552 1630 588 γὰρ
1648 553 1679 579 τὸ
1706 553 1837 586 γενέσθαι

1044 595 1132 622 κοινὸν
1142 595 1199 630 ἔχει
1211 596 1245 624 τὰ
1261 595 1410 631 κτίσματοιο
1425 597 1455 623 τὸ
1466 597 1495 623 δὶ
1512 597 1603 632 σχῆμα
1614 599 1661 624 καὶ
1671 598 1723 634 τὴν
1740 599 1835 632 φύσιν,

1044 640 1157 668 ἕκαστον
1174 641 1336 674 ἰδιάζουσαν.
1352 642 1435 670 Οὐδὲν
1451 640 1497 670 οὖν
1515 643 1545 669 τὸ
1560 643 1639 670 πλέον
1658 645 1687 671 ὲν
1707 644 1765 680 Υίῷ
1786 652 1839 670 πε-

1045 687 1174 722 ποιῆσθαι
1188 688 1336 724 λεγομένῳ,
1353 688 1404 716 κᾶν
1418 689 1511 724 ἕτερόν
1526 698 1554 716 τι
1575 690 1644 725 μέγα
1664 690 1711 716 καὶ
1726 689 1838 725 ἐξαίρε-

1045 742 1090 760 τον
1104 733 1215 770 ὑπάρχῃ
1229 735 1304 770 παρὰ
1316 734 1350 762 τὰ
1365 735 1432 762 ἄλλα
1449 737 1596 772 ποιήματα.
1611 736 1643 763 Τί
1659 736 1714 771 γὰρ
1729 736 1840 770 ὠφελή-

1046 788 1088 806 σει
1105 779 1150 807 τὸν
1165 781 1242 816 ἥλιον
1262 782 1303 813 εἰς
1317 781 1349 808 τὸ
1365 781 1402 818 μὴ
1415 779 1487 809 εῖναι
1512 783 1628 818 ποίημα,
1647 783 1677 809 τὸ
1699 782 1769 809 πολὺ
1782 782 1840 808 τῶν

1045 825 1169 860 ἀστέρων
1184 826 1348 862 ὐπερέχειν;
1369 827 1398 854 ὐ
1409 828 1438 855 δὲ
1450 828 1531 860 αὐτὸς
1549 825 1626 860 οὗτος
1644 829 1778 865 κρατήσει
1794 828 1840 854 λό-

1046 879 1094 905 γος
1112 872 1160 898 καὶ
1181 873 1227 899 ἐπὶ
1248 873 1302 900 τῶν
1318 874 1348 900 ὲν
1361 873 1468 909 οὐρανῷ
1492 874 1608 909 λογικῶν
1623 875 1777 910 δυνάμεων,
1795 871 1841 906 αἷς

1045 917 1126 944 πάλιν
1139 917 1170 944 τὸ
1190 918 1239 953 μὲν
1255 919 1421 953 πεποιῆσθαι
1435 919 1526 946 κοινόν
1545 920 1629 948 ἐστιν.
1651 920 1682 948 ὐ
1699 920 1728 947 δὲ
1750 919 1799 946 τοῦ
1814 920 1840 946 τί

1045 963 1161 990 ἕκαστον
1177 963 1220 999 εἴη
1235 964 1323 999 λόγος,
1340 964 1550 1001 ιξηλλαγμένος.

1385 1108 1486 1134 ΑΛΔΟ.

1080 1167 1112 1192 Εἰ
1128 1165 1234 1200 ποιημά
1249 1165 1316 1196 ἐστι,
1341 1163 1400 1190 καθ’
1421 1164 1503 1199 ὑμᾶς,
1520 1165 1534 1191 6
1549 1164 1622 1196 Υἱὸς,
1640 1166 1686 1191 καὶ
1706 1165 1788 1191 τοῦτο
1804 1165 1844 1191 ὢν

1045 1213 1104 1248 ἔχει
1119 1211 1151 1238 τὸ
1166 1211 1296 1238 δύνασθαι
1311 1211 1424 1243 κτίζειν,
1437 1211 1481 1237 διὰ
1504 1211 1534 1237 τὸ
1552 1210 1590 1246 μὴ
1609 1212 1646 1242 ὡς
1659 1211 1688 1237 ἓν
1704 1211 1845 1246 ὑπάρχειν

1045 1259 1100 1286 τῶν
1117 1259 1204 1286 ἄλλων
1227 1258 1396 1293 ποιημάτων,
1410 1258 1480 1284 ἔστω
1499 1257 1630 1292 ποιητικὰ
1650 1258 1697 1284 καὶ
1714 1257 1750 1284 τὰ
1760 1257 1846 1292 ἕτερα

1048 1305 1196 1340 κτίσματα,
1210 1304 1253 1331 διὰ
1269 1304 1298 1331 τὸ
1311 1303 1436 1339 ποικίλην
1448 1304 1478 1331 ὲν
1491 1303 1582 1335 αὐτοῖς
1595 1301 1664 1330 εἶναι
1680 1303 1731 1338 τὴν
1748 1303 1843 1337 φύσιν·

1048 1352 1096 1378 καὶ
1112 1351 1227 1378 ἕκαστον
1247 1349 1338 1377 αὐτῶν
1354 1348 1422 1376 εἶναι
1441 1349 1545 1385 ποίημα
1565 1349 1627 1385 μὲν,
1640 1349 1690 1384 οὺχ
1705 1349 1745 1380 ὡς
1769 1349 1800 1375 ἓν
1815 1348 1846 1375 δὲ

1049 1397 1103 1424 τῶν
1120 1397 1218 1424 ἄλλων.
1236 1393 1284 1428 Εἷς
1302 1395 1355 1432 γὰρ
1369 1397 1383 1422 6
1408 1395 1531 1431 οὐρανὸς,
1553 1395 1628 1431 ἥλιος
1645 1392 1697 1427 εἷς,
1722 1397 1774 1430 μία
1798 1402 1846 1421 σε·

1049 1444 1128 1480 λήνη,
1149 1443 1230 1478 φύσις
1244 1443 1365 1479 ἀστέρων
1384 1443 1443 1477 μία,
1462 1442 1511 1477 μία
1525 1451 1555 1469 τε
1571 1443 1618 1477 γῆ,
1634 1439 1675 1473 εἷς
1697 1441 1847 1477 ἅνθρωπος

1049 1490 1111 1517 ὅσον
1129 1491 1169 1522 είς
1184 1489 1293 1516 οὐσίαν·
1311 1488 1473 1516 καὶτούτων
1493 1488 1568 1515 οὐδὲν
1589 1487 1714 1523 ἀλλήλοις
1737 1489 1847 1514 ἐπικοι-

1048 1537 1129 1564 νωνεῖ
1144 1535 1216 1563 κατὰ
1223 1535 1270 1562 τὸν
1283 1535 1334 1570 τῆς
1347 1534 1453 1569 φύσεως
1467 1534 1557 1568 λόγον,
1569 1534 1593 1560 εί
1608 1534 1654 1561 καὶ
1667 1535 1736 1560 πᾶσι
1754 1534 1786 1560 τὸ
1801 1543 1847 1560 πε-

1048 1582 1177 1617 ποιῆσθαι
1189 1581 1288 1608 κοινόν.
1313 1580 1382 1607 Ἀλλ’
1395 1579 1472 1607 οὐδὲν
1482 1580 1512 1606 ὲν
1527 1581 1585 1611 τοῖς
1597 1580 1730 1615 κτίσμασι
1749 1580 1847 1614 φαίνε-

1047 1636 1092 1654 ται
1107 1626 1284 1662 δημιουργοῦ,
1299 1625 1367 1652 ἀλλὰ
1381 1625 1480 1660 μᾶλλον
1493 1626 1643 1660 προσκυνεῖ
1656 1624 1702 1651 τὴν
1712 1625 1847 1660 δημιουρ-

1048 1674 1095 1708 γὸν
1107 1673 1155 1700 τοῦ
1167 1672 1234 1699 Θεοῦ
1252 1672 1348 1706 Λόγον,
1364 1672 1411 1698 καὶ
1423 1670 1471 1697 τοῦ
1484 1670 1598 1706 ποιητοῦ
1615 1671 1663 1706 τὴν
1677 1669 1758 1703 δόξαν
1775 1671 1847 1697 ἀνα-

1048 1719 1108 1755 ϐοᾷ·
1126 1729 1135 1744 ε
1152 1719 1184 1745 Οἱ
1198 1717 1308 1753 οὐρανοὶ
1319 1717 1474 1753 διηγοῦνται
1488 1717 1566 1749 δόξαν
1576 1716 1654 1748 Θεοῦ,
1669 1717 1718 1743 καὶ
1732 1717 1846 1752 ποίησιν

1048 1765 1146 1800 χειρῶν
1162 1764 1244 1791 αὐτοῦ
1257 1763 1455 1798 ἀναγγέλλειτὺ
1464 1763 1634 1798 στερέωμα.»
1647 1763 1702 1789 Καὶ
1717 1763 1847 1798 καθάπερ

1048 1814 1063 1839 6
1080 1812 1198 1848 Ἔσδρας
1221 1811 1302 1845 φησι·
1324 1820 1334 1836 ι
1352 1811 1431 1837 Πᾶσα
1450 1811 1466 1845 ἡ
1483 1811 1518 1845 γῆ
1543 1810 1592 1844 τὴν
1607 1808 1737 1845 ἀλήθειαν
1756 1809 1845 1840 καλεῖ,

1050 1858 1096 1885 καὶ
1109 1858 1122 1884 ὁ
1136 1858 1249 1893 οὐρανὸς
1269 1857 1354 1892 αὐτὴν
1373 1857 1531 1892 προσκυνεῖ,
1551 1856 1597 1882 καὶ
1612 1855 1702 1882 πάντα
1716 1855 1752 1880 τὰ
1777 1855 1845 1890 ἔργα

1050 1904 1134 1939 αὐτὴν
1153 1905 1254 1930 σείεται
1273 1903 1320 1930 καὶ
1341 1903 1447 1938 τρέμει.
1468 1911 1476 1927 ι
1500 1903 1529 1929 Ὀ
1541 1902 1569 1929 δὲ
1581 1901 1644 1933 Υἱὸς
1660 1902 1726 1936 περὶ
1747 1901 1845 1927 ἑαυτοῦ

1050 1959 1148 1987 φησιν·
1167 1960 1175 1976 ι
1203 1950 1273 1984 Ἐγώ
1288 1950 1345 1985 εἰμι
1366 1950 1383 1984 ὴ
1403 1948 1529 1983 ἀλήθεια.
1553 1958 1563 1974 ι
1581 1949 1638 1975 Οὐκ
1657 1948 1711 1983 ἄρα
1738 1947 1846 1982 ποίημά

1050 1997 1135 2028 ἐστιν,
1147 1995 1208 2022 οὐδὲ
1233 1995 1335 2030 κτίσμα
1350 1995 1394 2021 διὰ
1407 1995 1486 2022 τοῦτο
1505 1994 1608 2026 κτίζειν
1627 1994 1788 2029 δυνάμενος,
1806 1994 1845 2019 ὅτι

1051 2043 1090 2079 μὴ
1105 2043 1142 2074 ὼς
1159 2043 1188 2069 ἓν
1202 2043 1260 2069 ἐστι
1275 2041 1329 2068 τῶν
1345 2041 1515 2076 ποιημάτων,
1529 2040 1586 2066 ἀλλ’
1599 2040 1640 2066 ὅτι
1659 2039 1710 2074 τῆς
1724 2039 1773 2066 τοῦ
1790 2040 1845 2066 Πα-

1049 2090 1114 2125 τρὸς
1129 2089 1222 2121 οὐσίας
1235 2089 1300 2116 ἴδιον
1311 2088 1440 2124 ὑπάρχων
1450 2087 1583 2123 γέννημα,
1598 2086 1658 2114 ὅλον
1672 2095 1703 2113 τε
1715 2088 1746 2113 ὲν
1757 2085 1847 2120 ἐαυτῷ

1051 2136 1182 2164 δεικνύων
1203 2135 1293 2168 αὑτὸν,
1309 2135 1366 2170 ἔχει
1387 2135 1435 2162 καὶ
1457 2134 1488 2162 τὸ
1504 2133 1633 2161 δύνασθαι
1658 2133 1763 2166 κτίζειν
1783 2133 1819 2164 ὡς
1832 2133 1847 2158 6

1015 2188 1039 2219 υ
1052 2182 1157 2218 Πατήρ.

1406 2284 1509 2311 ΛΛΔΟ.

1093 2341 1124 2368 Et
1137 2341 1240 2376 κτίσμα
1257 2340 1331 2368 ἐστὶν
1341 2342 1355 2367 6
1369 2341 1443 2374 Υἱὸς,
1459 2341 1652 2375 προσκυνεῖται
1666 2339 1695 2366 δὲ
1706 2339 1784 2374 παρὰ
1794 2339 1847 2365 τῶν

1055 2385 1144 2412 ἄλλων
1168 2385 1335 2420 κτισμάτων,
1358 2385 1402 2412 διὰ
1421 2385 1451 2412 τδ
1462 2385 1555 2420 ἕτερόν
1577 2394 1602 2412 τι
1620 2384 1756 2422 ὑπάρχειν
1781 2386 1847 2420 παρ’

1055 2429 1135 2462 αὐτὰ,
1159 2430 1206 2456 καὶ
1224 2428 1293 2457 εἶναι
1315 2429 1353 2465 μὴ
1369 2429 1406 2462 ὡς
1426 2430 1455 2456 ἒν
1468 2427 1521 2456 τῶν
1538 2429 1707 2464 κτισμάτων,
1725 2429 1781 2456 ἔδει
1796 2431 1846 2456 κὰ-

1056 2477 1134 2502 κεῖνα
1150 2475 1360 2511 προσκυνεῖσθαι
1375 2475 1440 2510 παρ’
1456 2475 1592 2510 ἀλλήλων,
1607 2475 1651 2502 διὰ
1669 2475 1700 2501 τὸ
1731 2475 1847 2510 ἐξηλλα-

1057 2522 1162 2558 γμένην
1177 2522 1249 2558 ἔχειν
1263 2522 1312 2558 τὴν
1325 2521 1406 2556 φύσιν
1423 2521 1491 2557 πρὸς
1503 2521 1615 2556 ἄλληλα.
1630 2521 1718 2557 Πολλὴ
1744 2522 1799 2556 γὰρ
1817 2522 1847 2548 ὲν

1030 2582 1046 2596 ο
1057 2570 1112 2600 τοῖς
1126 2569 1301 2604 ποιήμασινὴ
1315 2568 1432 2604 διαφορά
1441 2577 1448 2582 ·
1461 2568 1507 2594 καὶ
1520 2567 1592 2594 ἔστιν
1604 2569 1719 2595 ἕκαστον
1741 2568 1806 2595 ἰδεῖν
1819 2569 1848 2595 ἐν

1058 2612 1196 2649 ἔδιαζοὺσῃ
1224 2613 1302 2647 φύσει
1326 2614 1385 2648 ἦτοι
1411 2614 1544 2649 ποιότητι,
1565 2615 1611 2640 καὶ
1628 2614 1677 2649 οὐχ
1701 2614 1773 2649 ὅπερ
1789 2615 1849 2641 ἐστὶ

1057 2659 1165 2692 πάντως
1180 2659 1210 2686 τὸ
1232 2660 1333 2695 ἕτερον.
1353 2659 1422 2686 Ἀλλ’
1436 2659 1510 2686 οὐδὲν
1529 2661 1558 2686 ἐν
1574 2661 1664 2692 αὐτοῖς
1683 2662 1847 2695 προσκυνεῖ-

1057 2714 1110 2736 ται,
1126 2705 1214 2731 πάντα
1232 2705 1259 2731 δὲ
1274 2705 1319 2732 τὸν
1332 2705 1497 2740 δημιουργὸν
1510 2705 1556 2732 τοῦ
1577 2705 1645 2732 θεοῦ
1658 2705 1744 2739 Λόγον
1762 2714 1848 2741 προσ-

1057 2752 1141 2778 κυνεῖ.
1164 2752 1220 2778 Οὐκ
1235 2751 1288 2785 ἄρα
1311 2750 1340 2777 ἓν
1356 2750 1385 2783 ἐξ
1408 2751 1498 2778 αὐτῶν
1522 2753 1536 2778 ὸ
1558 2752 1631 2784 Υἱὸς,
1645 2751 1709 2778 οὐδὲ
1731 2752 1847 2787 κτίσμα,

1059 2797 1118 2823 καθ’
1145 2797 1224 2832 ὑμᾶς.
1250 2797 1344 2824 Ἔσται
1369 2797 1424 2831 γὰρ
1451 2798 1520 2824 κατὰ
1541 2797 1600 2824 τίνα
1626 2796 1731 2832 τρόπον,
1747 2797 1851 2833 ἐντοῖς,

255 2886 276 2902 ¹¹
291 2886 361 2915 Psai.
381 2896 455 2920 Mm,
472 2888 498 2915 2.
519 2889 542 2904 "
554 2887 586 2914 Ill
601 2888 677 2914 lusltr.
693 2894 729 2920 ιγ,
745 2886 789 2913 56.
829 2885 850 2900 ’⁸
862 2884 940 2913 Joun.
955 2892 1010 2918 xw,
1028 2885 1053 2911 ti.
