1904 3026
173 181 223 212 251

672 181 700 210 S.
722 179 858 210 CYRII.“
879 177 1113 206 ALEXANDRINI
1134 177 1294 206 ARCHIEP.

1758 178 1816 205 253

173 240 376 279 Deutonstratur
395 251 441 279 per
458 243 647 271 observationes
670 250 701 268 ea:
723 248 799 279 sacra
816 239 944 271 Scriptum

1034 237 1224 279 ιπᾴςειξις-ἐξ
1239 237 1448 279 ἐπιτηρήσεων
1460 237 1619 277 ποαςρικῷν,
1631 237 1674 264 ὅτι
1685 237 1727 279 ᾡς
1739 237 1815 279 85.64-

205 278 310 313 ,yetitua,
337 275 406 313 quod
428 279 499 305 nulla
523 283 705 305 creaturarum
719 275 855 313 adoretur
879 275 955 313 quasi

210 312 278 340 Dem
293 309 307 339 :7
317 309 436 348 quodque
447 322 476 340 ea
491 322 548 347 qua:
563 313 674 340 adorant
689 310 797 337 adorari
810 315 855 336 aut
874 309 956 343 glori-

205 347 283 382 ﬁcun'
298 347 349 375 non
365 350 520 376 sustineant.

209 403 305 431 Petrus
334 404 490 432 Cornelium
510 404 667 430 adorantem
689 409 719 429 se
735 400 860 436 prohibet
877 405 958 435 atque

171 454 256 482 arcet,
270 450 362 478 dicens
377 459 398 477 ει
411 450 448 478 Ne
457 449 554 482 iacias;
565 457 626 476 natn
637 453 665 475 et
674 455 724 483 ego
731 455 790 475 sum
803 447 884 474 homo
892 447 937 473 “‘.
945 456 954 472 I

171 496 290 532 Angelus
314 496 394 523 etiam
418 495 443 522 in
462 494 621 530 Apocalypsi
645 493 778 522 Joannem
799 493 956 521 adorantem

171 550 200 570 se
221 543 353 577 increpat,
377 541 493 568 dicens:
515 550 524 567 ι
540 541 612 568 Cave
629 548 663 568 ne
690 540 783 571 facias.
809 546 957 567 conservus

169 587 240 614 enim
257 591 318 614 tuus
342 593 412 619 sum,
437 591 464 614 et
486 586 600 614 fratrum
619 591 726 613 tuorum
751 585 956 620 prophetarum,

167 636 194 659 et
205 639 298 659 eorum
308 632 354 668 qui
370 633 620 661 custodiuntverba
631 633 693 660 libri
706 631 784 667 hujus
794 632 827 658 ’⁷.
841 641 851 658 ι
862 631 957 658 Manoe

167 684 275 711 quoque
292 681 396 712 patrem
415 677 587 712 Sampsonis,
603 677 768 704 sacriﬁcium
784 676 954 708 olferentem,

167 721 278 757 angelus
295 722 442 756 prohibuit,
458 723 572 750 dicens:
588 731 598 748 ‹
611 722 639 750 Si
653 723 820 751 sacritlcabis
837 722 955 753 haedum.

166 767 280 795 Domino
296 768 465 796 sacriﬁcabis
481 776 543 796 eum
555 769 591 795 ”.
605 778 615 795 ι
630 768 668 796 De
683 768 752 797 Filio
775 773 865 796 autem
887 767 956 796 scri-

165 818 238 847 ptum
251 818 313 842 est:
331 823 341 841 ι
358 814 478 842 Adorent
492 822 553 842 eum
569 821 664 843 omnes
677 815 765 849 angeli
783 814 829 843 Dei
850 814 883 841 ".
901 823 910 840 ι
927 812 954 840 In

164 858 230 886 Isaia
246 859 375 894 scriptum
390 864 432 887 est
449 869 456 888 :
477 870 486 886 ι
505 859 535 887 In
554 865 579 888 te
592 861 754 893 adorabunt,
767 865 794 889 et
809 860 835 888 in
854 865 880 888 te
892 864 953 886 vota

163 904 274 932 facient.
290 905 330 932 Tu
347 906 418 933 enim
437 913 468 934 es
490 906 571 939 Deus,
589 911 615 935 et
637 907 810 940 nescivinms,
830 907 899 934 Deus
915 905 955 934 Is-

164 953 219 980 racl
242 953 372 982 Servator
396 954 416 982 '.
432 965 442 981 ι
467 954 560 982 Fuerit
583 960 673 982 autem
691 954 875 982 verisimiliter
897 954 954 981 lucc

163 1006 214 1026 vox
235 1006 329 1026 eorum
344 1000 390 1035 qui
412 1008 443 1028 ex
461 1001 586 1036 gentibus
604 1000 692 1028 vocati
715 1004 788 1033 sunt,
801 1000 847 1036 qui
869 1000 952 1027 Deum

161 1045 288 1079 deinceps
301 1051 494 1081 cognoverunt.
513 1046 542 1074 Si
564 1053 629 1073 vero
642 1045 739 1073 Filium
755 1051 953 1082 cognoscentes

161 1090 244 1117 Deum
262 1096 458 1126 cognoverunt,
476 1097 503 1120 et
515 1095 642 1127 tanquam
659 1093 744 1120 Deutn
761 1092 886 1125 adorant,
899 1100 951 1119 non

161 1136 242 1171 igitur
265 1141 389 1164 creatura
415 1143 474 1171 est,
498 1145 531 1166 ne
561 1143 656 1174 gentes
682 1143 837 1167 creaturam
861 1139 951 1174 potius

158 1188 240 1215 quam
253 1181 410 1210 Creatorem
427 1183 516 1211 colere
527 1183 671 1212 videantur

496 1281 612 1311 ALIUD.

191 1337 317 1366 Christus
330 1339 364 1366 ad
381 1339 528 1374 discipulos
544 1347 609 1367 suos
628 1339 662 1368 ita
678 1339 715 1368 ait
732 1350 739 1368 ι
755 1349 764 1366 ι
780 1339 835 1368 Vos
846 1340 948 1368 vocatis

155 1392 210 1417 me,
235 1385 373 1416 Dominus,
404 1390 431 1412 et
455 1385 593 1421 Magister,
608 1391 634 1413 et
651 1390 724 1414 recte
749 1387 840 1414 dicitis
861 1396 868 1414 :
887 1395 947 1415 sutn

154 1431 226 1458 enim
238 1430 258 1458 '.
277 1439 286 1456 ι
304 1429 406 1458 Deinde
419 1430 539 1458 Thomas
557 1431 592 1458 ita
608 1431 640 1458 ad
657 1431 746 1466 ipsum
764 1431 849 1459 dicit:
869 1440 878 1458 ι
894 1432 947 1459 Do~

154 1476 245 1504 minus
268 1483 354 1509 meus,
373 1480 400 1503 et
425 1476 495 1504 Deus
515 1476 628 1508 meus';
648 1485 657 1501 ›
676 1484 763 1511 neque
779 1481 867 1505 tamen
884 1485 947 1512 pro-

154 1522 252 1555 hibuit,
281 1530 316 1550 ne
341 1522 489 1557 discipulus
513 1522 539 1550 id
573 1522 692 1555 diceret,
719 1523 945 1557 quemadmodum

154 1568 241 1604 angeli
264 1568 379 1596 sanctis.
402 1568 545 1596 Psalmista
561 1570 644 1596 etiam
663 1579 670 1598 :
689 1579 698 1595 ι
717 1570 847 1597 Thronus
871 1575 944 1603 tuus,

1045 273 1138 300 οὐδὲν
1152 272 1213 299 τῶν
1229 271 1401 306 κτισμάτων
1413 272 1628 306 προσκυνεῖται
1640 280 1647 287 ·
1665 273 1734 300 οὔτε
1745 271 1815 307 μὴν

1044 308 1297 342 προσκυνούμενα
1333 307 1471 342 ἀνέχεται
1506 307 1745 341 προσκυνεῖσθαι
1789 307 1812 341 ἡ

1045 343 1281 377 δοξολογεῖσθαι.

1050 399 1079 426 Ὀ
1095 399 1231 435 μακάριος
1246 399 1349 434 Πέτρος
1366 398 1573 435 προσκυνοῦντα
1586 399 1632 426 τὸν
1643 398 1813 435 Κορνήλιον,

1006 445 1151 472 διακωλύει
1163 445 1265 480 λέγων·
1278 455 1287 471 ι
1301 445 1347 480 Μὴ
1362 445 1444 472 ποίει·
1455 445 1504 472 καὶ
1519 446 1574 481 γὰρ
1592 445 1649 480 ὲγὼ
1663 445 1811 480 ἄνθρωπός

1008 491 1076 526 εἰμι.
1094 501 1103 517 ι
1113 490 1266 518 Ἐκώλυσεν
1279 490 1393 526 ἄγγελος
1402 491 1606 526 προσκυνοῦντα
1624 491 1670 518 τὸν
1677 491 1810 527 Ἰωάννην

1007 538 1035 564 ὲν
1046 539 1079 573 τῇ
1094 537 1485 572 αὑτοῦἈποκαλύψει,λέγων·
1497 547 1506 564 ι
1521 538 1592 574 Ὀρα
1606 538 1643 573 μή
1661 537 1809 569 σύνδουλός

1008 593 1055 611 σου
1071 585 1129 620 εἰμὶ
1139 606 1147 618 ,
1169 575 1218 611 καὶ
1238 584 1293 611 τῶν
1312 583 1436 618 ἀδελφῶν
1451 593 1498 611 σου
1513 584 1567 611 τῶν
1583 583 1741 619 προφητῶν,
1759 584 1810 610 καὶ

1005 629 1061 657 τῶν
1076 629 1267 664 φυλασσόντων
1284 631 1347 662 τοὺς
1360 630 1458 665 λόγους
1473 629 1520 656 τοῦ
1546 629 1648 664 βιὸλίου
1669 629 1777 656 τούτου.
1795 639 1806 654 ι

1007 675 1060 702 Τὸν
1084 676 1184 703 Μανιοὲ
1208 675 1256 703 τοῦ
1282 676 1402 711 Σαμψὼν
1424 676 1471 702 τὸν
1485 676 1592 711 πατέρα
1612 675 1706 702 ουσίαν
1720 684 1810 708 προσ-

1007 722 1127 756 άγοντα,
1155 722 1311 750 κεκώλυκεν
1337 723 1353 749 ὁ
1376 722 1491 757 ἄγγελος
1515 721 1618 756 λέγων·
1646 731 1655 748 ι
1676 722 1731 748 Καὶ
1757 722 1808 748 ἐὰν

1006 768 1124 804 ποιήσῃς
1149 768 1254 803 ἔριφον,
1278 768 1375 804 Κυρίῳ
1399 768 1522 803 ποιήσεις
1547 767 1638 794 αὐτόν.
1656 776 1665 793 ι
1684 767 1754 802 Περὶ
1776 767 1807 793 δὲ

1005 814 1052 841 τοῦ
1070 814 1134 841 Υίοῦ
1148 815 1318 849 γέγραπται·
1336 824 1346 840 ι
1360 814 1632 849 Προσκυνησάτωσαν
1646 813 1721 849 αὐτῷ
1731 814 1806 840 πάν-

1005 869 1051 892 τες
1065 861 1175 896 ἄγγελοι
1195 861 1273 888 Θεοῦ.
1288 870 1297 886 ι
1307 861 1352 887 Ἑν
1365 861 1404 896 τῷ
1417 861 1517 896 Ἡσαΐᾳ
1532 860 1687 896 γέγραπται
1704 860 1788 887 πάλιν
1797 868 1803 874 ·

1010 917 1018 932 ι
1037 908 1092 934 Ka‘t
1109 908 1138 934 ὲν
1156 907 1199 934 σοὶ¹
1215 907 1444 943 προσκυνήσουσι,
1460 907 1508 934 καὶ
1524 907 1555 934 ἐν
1570 907 1611 934 σοὶ
1633 906 1803 942 προσεύξον-

970 934 991 962 Β
1003 961 1059 980 ται.
1083 954 1120 980 Σὺ
1133 953 1189 989 γὰρ
1203 934 1254 980 alio
1267 934 1353 986 Θεὸς..
1363 953 1413 980 καὶ
1433 934 1484 980 οὐκ
1499 953 1626 988 ᾔδειμεν·
1644 934 1806 984 όΙΘεὸς-τοῦ

1010 999 1117 1035 Ἰσραὴλ
1143 999 1249 1034 Σωτήρ.
1267 1009 1276 1025 ι
1291 999 1341 1034 Εῐη
1363 998 1386 1025 δ’
1405 998 1438 1025 ἂν
1459 998 1572 1030 εἰκότως
1594 998 1648 1024 τῶν
1665 998 1695 1030 ἐξ
1716 998 1806 1025 ἐθνῶν

1003 1045 1180 1080 κεκλημένων
1202 1047 1219 1081 ἡ
1242 1045 1355 1081 τοιαύτη
1381 1045 1457 1081 φωνὴ
1485 1044 1580 1071 λοιπὸν
1603 1045 1804 1079 ἔπεγνωκότων

1001 1091 1077 1119 Θεόν.
1094 1093 1124 1119 Εἰ
1147 1092 1175 1118 δὲ
1200 1091 1246 1118 τὸν
1266 1091 1329 1118 Υἱὸν
1351 1091 1520 1125 ἐπιγνόντες,
1535 1091 1602 1117 Θεὸν
1627 1091 1802 1125 ἐπέγνωσαν,

1002 1138 1048 1165 καὶ
1071 1138 1109 1170 ὡς
1131 1137 1192 1173 Θεῷ
1215 1137 1426 1174 προσκυνοῦσιν,
1441 1137 1492 1164 οὐκ
1507 1137 1562 1172 ἄρα
1581 1137 1684 1173 κτίσμα
1713 1137 1802 1168 ἐστὶν,

1001 1184 1044 1211 ἵνα
1060 1185 1098 1219 μὴ
1114 1184 1195 1211 πάλιν
1213 1183 1345 1218 κτίσματι
1362 1183 1481 1218 λατρεύῃ
1503 1183 1538 1211 τὰ
1563 1183 1626 1218 ἔθνη
1650 1182 1728 1218 παρὰ
1755 1182 1803 1209 τὸν

1001 1230 1146 1261 κτίσαντα,
1508 1232 1514 1235 ’

1346 1286 1448 1314 AAAO.

1034 1343 1115 1381 Λέγει
1145 1343 1212 1379 πρὸς
1240 1345 1303 1376 τοὺς
1337 1335 1444 1372 ἑαυτοῦν
1464 1342 1589 1378 μαθητὰς
1613 1343 1628 1369 ὁ
1653 1342 1772 1378 Χριστός
1791 1351 1798 1357 ·

1002 1398 1011 1415 ι
1023 1390 1117 1425 Ὑμεῖς
1133 1389 1238 1416 καλεῖτέ
1253 1398 1298 1425 με,
1315 1390 1330 1416 ό
1344 1390 1448 1426 Κύριος
1465 1389 1512 1416 καὶ
1529 1390 1543 1416 ὁ
1559 1388 1738 1420 Διδάσκαλος,
1750 1389 1801 1414 καὶ

998 1435 1088 1467 καλῶς
1111 1436 1221 1470 λέγετε·
1235 1436 1294 1471 εἰμὶ
1311 1436 1376 1471 γάρ.
1393 1445 1402 1462 I
1420 1433 1487 1462 Εἶτα
1510 1435 1585 1469 λέγει
1601 1434 1669 1470 πρὸς
1686 1434 1769 1461 αὐτὸν
1784 1436 1800 1461 ὁ

997 1480 1098 1514 Θωμᾶς
1109 1488 1116 1495 ⁸
1137 1490 1146 1506 ι
1158 1480 1186 1506 '0
1202 1480 1304 1515 Κύριός
1318 1489 1383 1515 μου,
1402 1480 1449 1507 κού⁵
1463 1481 1477 1506 ὁ
1491 1479 1558 1511 Θεός
1582 1488 1644 1515 μου,
1661 1489 1670 1506 ι
1682 1479 1731 1506 καὶ
1746 1480 1798 1506 οὐκ

997 1525 1160 1552 ἀπεκώλυσε
1175 1526 1262 1553 ταῦτα
1277 1526 1390 1560 λέγοντα
1402 1526 1447 1552 τὸν
1463 1525 1587 1561 μαθητὴν
1601 1526 1639 1557 ὡς
1649 1526 1674 1552 οἱ
1684 1526 1798 1560 ἄγγελοι

996 1572 1058 1603 τοὺς
1070 1572 1238 1606 ἀγίους.Καὶ
1247 1572 1261 1598 ὁ
1273 1571 1425 1607 Ψαλμῳδός
1433 1578 1441 1586 ·
1456 1581 1465 1597 ι
1477 1572 1505 1598 '0
1518 1571 1612 1607 θρόνος
1624 1579 1682 1603 σου,
1694 1571 1795 1603 ὁΘεὸς,

154 1614 236 1647 Deus,
252 1614 332 1646 Deus.
350 1614 376 1642 in
393 1613 520 1642 saeculth
537 1615 626 1642 saeculi
640 1615 662 1642 ι.
677 1624 687 1641 ι
707 1614 788 1650 150
802 1615 835 1642 At
851 1616 874 1643 si
887 1620 944 1644 erat

1034 1616 1104 1650 θεὸς,
1126 1617 1167 1648 εἰς
1184 1617 1230 1644 τὸν
1245 1606 1395 1644 αἰῶνατοῦ
1414 1617 1522 1648 αἰῶνος.
1573 1616 1643 1643 Ἀλλ’
1659 1616 1741 1652 εἴπερ
1762 1615 1797 1652 ἦν

152 1666 278 1689 creatura
301 1661 384 1689 etiam
407 1661 475 1696 ipse,
493 1669 545 1688 non
564 1660 661 1689 fuiSset
691 1661 831 1694 adoratus,
857 1669 945 1697 neque

152 1711 264 1734 vocatus
282 1706 422 1740 Dominus,
448 1714 536 1742 neque
554 1707 659 1734 tulisset
673 1714 836 1742 quemquam
852 1707 943 1734 dicen-

154 1758 207 1780 tem
227 1762 234 1780 :
253 1751 292 1780 'l‘u
309 1760 339 1780 es
353 1753 424 1780 Deus
440 1760 525 1781 meus.
542 1752 609 1781 Cum
627 1761 691 1781 vero
708 1753 867 1780 naturaliter
886 1753 943 1781 lucc

152 1798 198 1830 sit,
215 1798 318 1826 habens
335 1805 366 1825 ea
380 1806 440 1832 quae
455 1797 544 1825 Patris
560 1803 633 1830 sunt,
652 1802 680 1825 ut
698 1796 783 1824 Filius
806 1801 833 1824 et
850 1804 942 1824 verum

153 1844 237 1877 ipsius
259 1851 381 1879 germen,
406 1843 525 1871 admittit
540 1844 621 1871 etiam
645 1851 692 1871 eos
707 1844 753 1878 qui
777 1842 839 1870 talia
864 1843 896 1870 de
914 1850 943 1870 se

152 1890 308 1924 pradicant,
328 1896 358 1917 ut
369 1897 460 1918 verum
476 1889 643 1925 proﬁtentes.

491 1943 606 1973 ALIUD.

152 2000 271 2036 ()ltjectio
290 2009 322 2028 ex
347 2001 511 2036 dogmatibus
534 2001 603 2034 Arii,
628 2009 687 2036 qua:
714 2010 811 2035 veram,
839 2007 867 2029 ut
890 2003 940 2037 ipai

182 2041 287 2070 putant,
306 2045 414 2063 causam
430 2036 556 2068 continet,
574 2043 678 2071 propter
697 2045 776 2071 quant
797 2038 883 2071 [actus
907 2039 940 2064 sit

186 2071 283 2104 Filius,
313 2078 336 2098 et
350 2072 407 2106 ejus
419 2080 463 2106 per
475 2072 573 2099 aolidae
591 2071 758 2107 syllogismo:
774 2073 910 2106 refutatio.

184 2162 264 2194 Cum,
280 2162 414 2197 inquiunt,
431 2161 501 2189 Deus
518 2161 597 2189 vellet
613 2165 798 2189 creaturarum
815 2166 938 2190 naturam

148 2207 322 2239 constituere,
338 2214 400 2234 cum
414 2206 459 2234 illa
474 2206 634 2234 immensam
644 2206 729 2241 ipsius
741 2207 795 2233 vim
810 2214 842 2234 ac
855 2207 940 2234 virtu-

149 2257 202 2279 tem
222 2259 320 2288 capere
345 2260 400 2280 non
432 2257 534 2288 posset,
568 2251 686 2286 primum
705 2252 809 2279 creavit
829 2252 938 2291 Filium,
955 2275 976 2302 ο

147 2305 225 2333 quem
252 2303 279 2326 ct
304 2297 421 2326 Verbum
443 2299 601 2330 nominavit,
630 2302 660 2324 ut
680 2304 730 2331 per
759 2297 833 2325 illum
860 2299 936 2334 quasi

147 2344 265 2372 medium
289 2345 402 2380 reliqum
425 2350 558 2372 creaturae
585 2348 668 2371 tanta:
691 2345 801 2372 virtutis
823 2352 936 2380 capaces

145 2389 328 2418 edicerentur.
342 2390 407 2418 Erat
416 2389 487 2417 enim
501 2389 602 2424 alioqui
615 2389 761 2417 absurdum
774 2390 934 2419 ineﬂ'abilem

147 2437 192 2465 Dei
210 2437 336 2464 virtutem
361 2437 395 2464 ad
420 2437 477 2464 hac
501 2435 612 2464 minima
634 2437 787 2472 pervenire,
809 2442 838 2466 et
861 2438 934 2466 circa

144 2483 212 2511 adeo
229 2483 308 2511 exilia
323 2483 458 2511 laborare.

402 2539 502 2568 Salutio
515 2540 679 2576 objectionis.

178 2594 206 2622 St
223 2595 349 2622 virtutem
364 2601 397 2622 ac
411 2595 559 2629 potentiam
573 2595 621 2624 Dei
635 2600 730 2628 natura
745 2604 929 2627 creaturarum

143 2647 241 2675 capere
254 2644 282 2667 ct
296 2639 367 2667 l'errc
382 2647 434 2667 non
450 2645 549 2675 potest,
566 2649 622 2676 quo
635 2648 715 2679 pacto
729 2651 788 2672 catn
807 2646 868 2673 tulit
885 2647 929 2674 Fi-

145 2686 207 2717 lius,
220 2693 281 2713 cum
297 2686 334 2713 sit
352 2690 379 2713 et
397 2686 454 2721 ipse
470 2691 582 2715 creatus
599 2688 739 2724 factusque
755 2698 770 2718 e
792 2691 886 2724 nihilo,
902 2697 930 2720 ut

143 2739 191 2759 vos
219 2732 355 2759 censetis?
379 2732 432 2760 Aut
458 2741 512 2769 quo
537 2741 616 2768 pacto
638 2736 765 2764 sustinuit
793 2737 929 2772 ingentem

144 2777 216 2805 illam
232 2776 319 2806 Patris
335 2779 534 2814 operationem.
548 2789 608 2808 cum
625 2782 670 2815 sit,
692 2786 721 2809 ut
735 2782 837 2815 dicitis.
853 2792 929 2812 crea-

175 2869 278 2912 ξ’·Λιιι.
293 2870 379 2912 Lugii.
452 2872 534 2912 Apoc.
552 2881 612 2912 imil
626 2874 666 2902 10.
704 2876 725 2892 ’⁵³
737 2875 824 2905 Judic.
843 2885 902 2912 xm,
919 2877 943 2906 εί.

143 2903 152 2918 ³
166 2903 241 2931 Iuau.
259 2913 302 2932 xx.
318 2906 362 2933 ‘23.
402 2907 410 2922 ⁵
422 2903 490 2935 I‘sul.
507 2915 578 2940 utv,
597 2909 621 2935 Ἰ.

996 1662 1100 1697 κτίσμα
1127 1663 1173 1689 καὶ
1200 1662 1292 1696 αὐτὸς,
1322 1663 1372 1689 οὐκ
1397 1662 1430 1690 ἂν
1456 1662 1659 1698 προσεκυνήθη,
1683 1663 1735 1689 οὐκ
1761 1664 1795 1689 ἂν

996 1707 1099 1742 ἐκλήθη
1123 1707 1236 1744 Κύριος,
1254 1708 1304 1735 οὐκ
1325 1709 1359 1736 ἂν
1383 1708 1515 1744 ἠνέσχετο
1531 1708 1638 1734 ἀκούων
1655 1708 1730 1740 τινὸς
1751 1708 1794 1735 λέ‹

995 1759 1108 1785 γοντος·
1125 1753 1161 1779 Σὺ
1185 1750 1212 1779 εἴ
1239 1753 1254 1779 ό
1276 1753 1342 1785 Θεός
1360 1753 1542 1789 μου.Ἐπειδὴ
1563 1752 1591 1779 δὲ
1618 1753 1689 1780 κατά
1710 1754 1793 1788 φύσιν

993 1797 1080 1826 ταῦτά
1093 1799 1177 1831 ἐστιν,
1193 1798 1261 1834 ἔχων
1277 1799 1312 1826 τὰ
1328 1799 1374 1826 τοῦ
1399 1799 1505 1836 Πατρὸς
1527 1799 1566 1831 ὡς
1580 1799 1643 1832 Υιὸς
1660 1801 1709 1826 καὶ
1725 1801 1793 1836 γννή-

994 1853 1052 1872 σιον
1065 1845 1200 1881 γέννημα,
1208 1845 1256 1873 καὶ
1267 1845 1430 1882 ἀποδέχεται
1443 1846 1508 1878 τοὺς
1522 1846 1557 1873 τὰ
1570 1846 1684 1874 τοιαῦτα
1697 1847 1790 1880 λέγον-

992 1899 1053 1923 τας.
1069 1891 1106 1924 ὡς
1118 1891 1316 1927 ὁμολογοῦντας
1331 1892 1362 1919 τὸ
1377 1892 1488 1928 ἀληθές,

1338 1950 1442 1978 ΔΛΛΟ.

998 2005 1162 2042 nimam;
1185 2007 1245 2035 ἀπὸ
1269 2007 1328 2034 τῶν
1353 2007 1467 2041 Ἀρείου
1491 2008 1663 2042 δογμάτων,
1688 2009 1790 2035 αἰτίαν

1026 2042 1144 2076 ἔχουσα
1173 2043 1225 2070 τοῦ
1253 2042 1435 2076 πεποιῆσθαι
1460 2043 1515 2070 τὸν
1533 2043 1612 2075 Υὶὸν,
1637 2043 1679 2076 ὡς
1703 2045 1788 2070 αὐτοὶ

1027 2077 1200 2112 νομίζουσιν
1214 2077 1325 2111 ἀληθῆ.
1347 2078 1396 2113 xui
1413 2078 1505 2112 λύσις
1522 2077 1633 2112 ἐφεξῆς
1644 2079 1721 2113 μετὰ
1740 2086 1788 2105 πι-

1027 2113 1190 2147 θανότητος
1205 2112 1432 2148 συλλογισμῶν.

1026 2168 1203 2204 Βουλόμενος,
1218 2170 1315 2203 φασιν,
1332 2170 1347 2195 ὁ
1363 2169 1417 2196 τῶν
1431 2169 1501 2197 ὅλων
1517 2169 1582 2201 Θεὸς
1597 2169 1648 2205 τὴν
1663 2170 1719 2196 τῶν
1742 2179 1786 2203 γε·

990 2213 1080 2249 νητῶν
1103 2214 1256 2250 ὑποστῆσαι
1283 2215 1376 2249 φύσιν,
1396 2215 1458 2241 ἐπεὶ
1483 2214 1521 2250 μὴ
1546 2215 1661 2250 ἠδύνατο
1686 2217 1788 2250 χωρεῖν

990 2258 1059 2294 αὕτη
1073 2259 1122 2294 τὴν
1134 2259 1254 2294 ἄκρατον
1268 2259 1351 2286 αὑτοῦ
1364 2259 1490 2295 δύναμιν,
1511 2260 1598 2292 κτίζει
1615 2260 1726 2294 πρῶτον
1740 2261 1786 2286 τὸν

990 2303 1064 2338 Υίὸν,
1084 2304 1114 2331 ὃν
1131 2305 1183 2331 καὶ·
1202 2305 1289 2339 Λόγον
1308 2305 1468 2340 ὠνόμασεν
1486 2305 1530 2333 ἵνα
1545 2306 1578 2332 δι’
1594 2305 1676 2333 αὐτοῦ
1700 2306 1786 2335 τᾶλλα

989 2351 1101 2386 γένηται
1119 2351 1202 2386 μέσον
1213 2351 1362 2387 γενομένου
1378 2353 1478 2388 χωρεῖν
1495 2352 1619 2387 ἰσχύοντα
1634 2352 1684 2388 τὴν
1699 2353 1785 2380 αὑτοῦ

989 2396 1066 2432 μόλις
1084 2397 1318 2433 δύναμιν.”Αλλως
1334 2407 1364 2425 τε
1376 2396 1410 2434 ἦν
1425 2398 1524 2425 ἄτοπον
1544 2398 1594 2434 τὴν
1619 2398 1724 2433 ἄφατον
1736 2399 1783 2427 τοῦ

987 2442 1055 2469 Θεοῦ
1073 2443 1188 2479 δύναμιν
1205 2444 1287 2480 μέχρι
1311 2443 1366 2471 τῶν
1383 2444 1476 2476 οὕτως
1494 2444 1642 2479 ἐλαχίστων
1666 2444 1782 2479 φθάσαι,

987 2489 1034 2518 καὶ
1051 2489 1224 2525 ἀσχολεῖσθαι
1240 2490 1288 2516 καὶ¹
1304 2489 1414 2525 περὶτὰ
1429 2489 1501 2516 οὓτω
1516 2490 1612 2526 μικρά.

1227 2546 1306 2582 Πρὸς
1326 2547 1414 2574 τοῦτο
1432 2547 1534 2580 λύσις.

1022 2602 1052 2629 Εἰ
1067 2603 1204 2640 ἀφόρητος
1217 2601 1251 2639 ἦν
1265 2603 1282 2639 ἡ
1296 2603 1343 2630 τοῦ
1356 2603 1425 2630 Θεοῦ
1447 2603 1562 2639 δύναμις
1579 2604 1612 2639 τῇ
1625 2604 1682 2630 τῶν
1696 2613 1781 2640 γενηι

984 2648 1037 2675 τῶν
1063 2648 1154 2683 φύσει,
1171 2649 1228 2680 πῶς
1251 2649 1337 2686 αὐτὴν
1361 2650 1477 2685 ἦνεγκεν
1491 2650 1506 2676 ό
1521 2649 1594 2682 Υἱὸς,
1609 2651 1725 2686 γενητὸς
1742 2651 1780 2679 ὢν

984 2695 1031 2721 καὶ
1044 2694 1125 2727 αὐτὸς
1140 2695 1188 2722 καὶ
1200 2694 1230 2727 ἐξ
1245 2695 1296 2725 οὒκ
1310 2695 1405 2729 ὄντων,
1419 2695 1481 2723 καθ’
1497 2696 1585 2730 ὑμᾶς
1602 2696 1665 2728 Πῶς
1678 2697 1707 2723 δὲ
1726 2698 1777 2724 ὑπ-

984 2739 1075 2774 έμεινε
1096 2740 1147 2775 τὴν
1168 2739 1288 2776 ἄκρατον
1302 2741 1469 2776 αὐτουργίαν
1483 2740 1531 2767 τοῦ
1549 2741 1654 2779 [ἰατρὸς
1672 2741 1777 2777 κτίσμα

985 2786 1127 2821 ὑπάρχων,
1140 2786 1178 2819 ὦς
1191 2795 1260 2822 φατε
1270 2796 1277 2802 υ
1298 2787 1418 2822 Ἀνάγκη
1437 2787 1491 2823 γὰρ
1507 2786 1523 2822 ἢ
1538 2786 1634 2814 τούτου
1648 2787 1777 2824 δυνηθέν-

984 2878 1172 2910 “Psalvat,
1193 2879 1216 2905 7.
1260 2878 1330 2906 'lsa.
1350 2886 1411 2910 xu.
1439 2879 1479 2906 lt.
1521 2877 1619 2906 ‘Ioan.
1645 2885 1715 2911 ιιυ,Δ
1731 2878 1778 2907 l3.
