1904 3026
56 546 64 591 J

80 194 129 222 253

786 197 1007 225 TIIESAURUS.

1655 196 1708 224 255

81 263 133 286 τος,
151 253 243 279 πᾶσαν
257 253 391 280 δύνασθαι
417 255 468 290 τὴν
484 255 570 282 κτίσιν
581 265 587 271 ·
603 256 619 291 ἢ
643 256 692 291 τῆς
714 257 797 292 ἄλλης
813 257 872 283 ἀτο-

928 257 1004 284 tura?
1017 256 1203 284 Necessarium
1214 255 1286 284 enim
1295 260 1348 288 est,
1362 258 1390 282 ut
1404 261 1465 282 cum
1476 254 1532 289 ipse
1543 253 1613 282 illius
1624 261 1709 288 capax

84 299 174 334 νούσης
193 298 323 330 κτίσεως.
340 300 523 327 συνασθενεῐν
543 302 590 328 καὶ
613 302 694 328 αὑτὸν
709 302 746 333 ὼς
762 302 874 336 κτιστῆς

84 346 144 372 ὅντα
161 345 283 378 φύσεως.
301 345 333 371 Εἰ
356 345 385 372 δὲ
411 346 550 382 ἐχώρησεν
567 348 580 373 ὁ
597 347 660 379 Υἱὸς
681 347 796 382 κτίσμα,
813 347 873 373 καθ’

87 392 162 426 ὑμᾶς,
176 391 310 426 ὑπάρχων
321 391 372 426 τὴν
385 391 432 418 τοῦ
448 392 552 428 Πατρδς
565 393 738 428 αὐτουργίαν,
755 390 874 429 χὼρήσει

87 437 130 463 καὶ
147 435 232 462 τᾶλλα
246 436 398 470 κτίσματι,
413 437 460 463 καὶ
474 437 586 473 περιττὴ
601 439 724 472 φανεῖται
745 438 838 465 λοιπὸν
856 439 873 474 ή

87 481 129 508 τοῦ
143 480 208 507 Υιοῦ
231 481 340 514 γένεσις
361 481 421 516 ’ήτοι
443 481 560 516 ποίησις,
576 482 618 508 ἵνα
638 482 672 509 τὰ
686 482 752 510 ἄλλα
766 482 873 518 κτισθῇ,

86 527 207 562 ἀτονήσει
225 527 255 553 δὲ
270 527 318 553 καὶ
334 527 365 553 τὸ
383 527 494 563 ὑϐρίζον
509 527 629 563 σόφισμα
648 529 679 554 τὸ
702 530 825 564 κρεῖττον
846 530 874 555 ἐν

87 573 233 608 ποιήμασιν
248 573 388 608 ἀπονέμον
401 572 440 608 τῷ
454 573 527 608 Υίῷ·
545 574 592 600 καὶ
618 574 651 600 δι’
670 571 709 600 ὦν
732 574 873 601 ὑπονοοῦσι

87 620 172 654 τιμᾷν,
186 618 318 654 ὑϐρισταὶ
344 618 445 654 μᾶλλον
467 619 626 647 ἁλώσονται.
643 620 679 646 Τὸ
693 619 747 656 γὰρ
763 621 830 652 ὅλως
845 621 875 646 ὲν

87 666 218 700 minuam
234 664 500 701 καταριθμούμενον,
518 665 636 700 γενητῆς
651 665 684 692 ἂν
698 666 740 701 εἴη
755 665 873 700 φύσεως,

87 711 133 738 κᾶν
146 711 280 746 ἀμέτροις
298 711 446 746 ὑπεροχαῖς
462 710 517 737 τῶν
529 711 617 738 ἄλλων
639 711 767 747 φαίνηται
782 713 874 747 κρεῖτ-

86 766 137 784 τον.
151 758 184 784 Εἰ
194 757 225 783 δὲ
240 757 341 784 ἄτοπον
356 753 427 783 εἷναί
441 766 506 792 φασι
518 757 548 784 τὸ
565 757 646 793 μέχρι
659 757 713 784 τῶν
726 757 874 793 ἐλαχίστων

86 802 186 837 φθάσαι
197 802 249 838 τὴν
263 802 423 836 ἄφατον¹τοῢ
435 802 502 829 Θεοῦ
512 803 636 838 δύναμιν,
647 803 874 831 δυσωπείσθωσαν

86 849 230 881 ἀκοῦοντες
244 849 371 883 λέγοντος
381 849 428 876 τοῦ
438 850 567 886 Χριστοῦ⁵
584 860 592 876 ι
606 851 673 886 οὐχ).
684 851 730 878 δύο
747 851 875 887 στρουθία

86 896 215 931 ἀσσαρίου
236 895 378 928 πωλεῖται,
395 895 443 922 καὶ
459 895 488 922 ἓν
505 895 535 928 ἐξ
549 896 638 922 αὐτῶν
651 897 681 923 οὐ
694 898 817 923 πεσεῖται
828 897 875 923 ἐπὶ

85 943 130 977 τὴν
137 942 190 977 γῆν
204 942 269 969 ἄνευ
284 942 330 968 τοῦ
340 942 447 978 Πατρδς
458 942 534 978 ὑμῶν
543 942 590 969 τοῦ
602 944 630 969 ὲν
642 944 698 975 τοῖς
708 943 849 979 (rip-avo?“
863 952 872 969 ι
892 932 912 960 Β

85 988 136 1014 Καὶ
154 987 249 1014 πάλιν·
263 997 273 1013 ‹
285 987 448 1023 Ἑκϐλέψατε
462 989 502 1020 εἰς
517 989 551 1016 τὰ
563 989 672 1016 πετεινὰ
686 989 732 1016 τοῦ
748 989 873 1024 οὐρανοῦ,

84 1035 121 1060 ὅτι
139 1035 171 1060 οὐ
187 1034 358 1069 σπείρουσιν.
371 1035 431 1061 οὐδὲ
444 1035 590 1070 Θερίζουσι,
604 1036 651 1062 καὶ
665 1036 678 1061 ὁ
690 1036 785 1072 Πατὴρ
798 1036 874 1072 ὑμῶν

85 1080 97 1104 ὁ
111 1080 237 1114 οὐράνιος
260 1080 356 1116 τρέφει
381 1081 461 1108 αὑτά.
477 1089 486 1106 ι
505 1081 559 1107 Καὶ
584 1081 665 1108 πάλιν
677 1089 684 1096 '
710 1090 720 1107 ‹
734 1082 765 1108 El
782 1081 809 1108 δὲ
827 1082 874 1109 τὸν

85 1125 177 1160 χόρτον
194 1125 243 1152 τοῦ
260 1126 348 1161 ἀγροῦ
366 1127 486 1162 σήμερον
500 1126 564 1154 ὄντα
586 1129 634 1154 καὶ
648 1127 741 1163 αὔριον
759 1128 797 1159 είς
813 1128 873 1154 κλί-

85 1171 162 1197 ϐανον
187 1171 365 1206 βαλλόμενον,
387 1173 402 1199 ὸ
429 1172 495 1204 Θεὸς
518 1172 603 1205 οὕτως
626 1173 799 1209 ἀμφιέννυσι,
814 1174 873 1206 πῶς

85 1217 140 1252 οὖχὶ
152 1217 255 1251 μᾶλλον
267 1218 339 1253 ὑμᾶς
348 1218 410 1248 ;›Τί
418 1219 439 1244 δ’
450 1218 482 1245 ἂν
493 1218 598 1253 γένοιτο
608 1219 704 1255 χόρτου
719 1220 764 1247 καὶ
777 1229 872 1256 στρου-

86 1262 147 1288 θίων
160 1262 364 1298 εὐτελέστερον,
374 1259 410 1289 ὧν
425 1262 454 1296 ἐξ
466 1263 635 1299 ἀγαθότητος
644 1265 658 1290 ὁ
669 1264 735 1297 Θεὸς
747 1267 871 1300 προνοεῖ;

86 1306 148 1334 εἶτα
165 1308 223 1338 πῶς
238 1308 268 1334 τὸ
284 1305 353 1335 εἶναι
371 1308 486 1344 ποιητὴς
503 1309 552 1336 οὐκ
567 1309 600 1336 ἂν
618 1309 771 1342 ἀξιώσειεν,
790 1307 828 1338 ὧν
842 1311 871 1338 οὗ

85 1355 259 1389 παραιτεῖται
283 1353 333 1389 τὴν
359 1355 505 1388 πρόνοιαν;
537 1354 605 1381 Ἀλλ’
619 1351 691 1382 οὗτοι
716 1355 800 1390 τύφον
823 1357 873 1383 οὐκ

85 1399 182 1430 ειδὸτες
206 1399 397 1434 προσάπτουσι
421 1399 459 1434 τῷ
479 1399 549 1435 Θεῷ,
572 1400 694 1434 λέγοντες
719 1401 800 1428 αὐτον
823 1402 874 1429 οὐκ

84 1443 173 1476 ἀξιοῦν
186 1444 242 1471 τῶν
254 1444 406 1479 ἐλαχίστων
426 1442 496 1471 εἶναι
513 1445 638 1481 ποιητήν.
653 1445 684 1472 El
699 1446 788 1474 τοίνυν
803 1446 872 1473 πάν-

83 1500 134 1518 των
148 1491 206 1517 ἐστὶ
219 1491 348 1526 ποιητὴς,
360 1490 455 1525 φθάνει
466 1491 494 1517 δὲ
507 1490 555 1517 καὶ
570 1490 650 1526 μέχρι
660 1491 713 1518 τῶν
725 1491 872 1527 ἐλαχίστων

82 1537 124 1563 διὰ
146 1536 433 1572 ψιλανορωπίαψτοίς
455 1536 521 1562 πᾶσι
547 1535 737 1574 χῳρούμενος,
759 1537 873 1572 περιττή

83 1582 134 1608 τῶν
148 1581 295 1617 αἱρετικῶν
309 1581 325 1617 ἡ
340 1581 476 1616 πρόφασις
488 1580 532 1607 διὰ
542 1581 576 1607 τὰ
592 1582 677 1617 μικρὰ
690 1582 744 1608 τῶν
756 1583 873 1618 κτισμά-

82 1636 134 1654 των
147 1627 352 1663 προϐεϐλῆσθαι
371 1626 505 1661 λεγόντων
521 1626 566 1653 τὸν
580 1627 653 1653 Υίόν.

924 303 969 335 sit,
986 310 1099 338 capaces
1121 303 1201 330 etiam
1226 301 1281 329 sint
1304 300 1414 335 reliqum.
1431 304 1562 328 creaturae
1582 308 1589 326 :
1615 304 1661 326 aut
1687 301 1709 326 si

924 349 1084 377 imbecillior
1098 349 1136 377 sit
1160 352 1348 376 creaturarum
1371 351 1479 379 natura,
1495 353 1575 380 quam
1599 350 1629 372 ut
1652 345 1711 380 ejus

924 403 1009 430 capax
1024 402 1084 423 esse
1106 395 1202 430 possit,
1216 395 1309 422 eadem
1323 392 1508 420 imbecillitate
1522 392 1602 420 etiam
1621 392 1710 426 ipsum

925 441 1058 473 laborare,
1073 441 1171 475 quippe
1186 439 1231 474 qui
1247 443 1345 466 creatae
1359 438 1394 466 sit
1409 442 1521 465 natur-:2.
1537 437 1566 465 Si
1583 445 1646 465 vero
1663 436 1710 464 Fi-

924 486 976 514 lius
990 493 1051 514 cum
1072 486 1107 513 sit
1122 490 1258 518 creatura,
1277 489 1306 511 ut
1322 492 1368 512 vos
1388 484 1547 519 opinamini,
1563 491 1646 518 capax
1661 483 1712 510 fuit

924 537 1044 567 paterna:
1055 531 1179 558 virtutis:
1192 538 1306 566 capaces
1317 534 1398 557 erunt
1409 534 1435 556 et
1447 533 1551 557 craterae
1561 534 1708 562 creaturae;

925 580 1005 610 atque
1020 576 1056 603 ita
1073 583 1272 611 supervacanea
1291 575 1373 604 fuerit
1399 575 1462 604 Filii
1483 577 1632 612 generatio,
1653 577 1712 604 sivo

925 621 1052 649 formatio
1073 621 1108 648 ad
1134 620 1187 648 alia
1206 621 1352 649 creandum
1368 630 1375 648 :
1391 625 1418 649 et
1443 621 1605 649 imbecillum
1632 621 1711 656 plane

925 673 1005 703 atque
1025 667 1105 695 inane
1119 667 1171 694 erit
1186 666 1410 695 contumeliosum
1434 668 1499 695 illud
1519 667 1656 695 inventum
1679 675 1712 695 ac

924 712 1063 746 cavillum,
1086 712 1157 747 quod
1179 714 1361 748 praestantiam
1386 714 1458 740 inter
1478 717 1618 740 creaturas
1642 713 1711 740 Filio

926 759 1019 787 tribuit
1035 769 1041 787 :
1057 762 1084 786 et
1100 766 1133 786 eo
1149 759 1209 793 ipso
1229 765 1283 793 quo
1306 758 1380 786 illum
1407 759 1510 787 honore
1531 758 1636 786 allicere
1651 765 1711 785 sese

925 804 1097 835 existimant,
1126 804 1316 832 contumeliosi
1347 805 1437 839 potius
1463 811 1524 832 esse
1553 809 1709 832 cernentur.

925 851 1002 884 Quod
1026 850 1098 878 enim
1123 849 1234 877 omnino
1255 850 1390 878 creaturis
1414 854 1608 877 annumeratur
1633 849 1710 877 facta:

926 901 1029 924 naturze
1042 896 1078 923 sit
1090 900 1208 931 oportet,
1225 896 1329 924 tametsi
1344 896 1477 923 immenso
1493 895 1633 922 intervallo
1651 894 1711 922 reli-

925 943 987 978 quis
1002 942 1175 978 praestantius
1187 941 1232 969 sit.
1247 941 1274 969 Si
1289 948 1353 969 vero
1368 941 1514 968 absurdum
1529 948 1589 968 esse
1601 944 1712 967 censent

925 988 958 1016 ad
973 988 1111 1016 minimam
1127 987 1208 1015 etiam
1224 987 1270 1015 Dei
1284 987 1430 1023 potentiam
1447 994 1478 1014 ac
1489 987 1614 1013 virtutem
1632 993 1711 1020 pene-

925 1039 1008 1068 trare,
1029 1034 1203 1066 erubescant,
1227 1041 1288 1061 cum
1309 1034 1447 1061 Christum
1468 1033 1554 1067 ipsum
1578 1032 1711 1059 dicentem

924 1081 1034 1109 audiant
1049 1089 1055 1108 :
1075 1089 1084 1107 ι
1103 1080 1197 1108 Nonne
1210 1080 1264 1108 duo
1281 1079 1427 1115 passerculi
1453 1086 1515 1107 asse
1536 1082 1671 1110 va-neunt,
1685 1085 1713 1105 et

924 1135 993 1155 unus
1014 1134 1047 1155 ex
1071 1128 1111 1154 eis
1135 1134 1187 1154 non
1215 1127 1293 1154 cadet
1319 1127 1346 1153 in
1374 1130 1475 1153 terram
1506 1126 1607 1159 absque
1633 1124 1714 1151 Patre

924 1178 1013 1201 vestro
1028 1173 1072 1208 qui
1089 1173 1115 1200 in
1139 1172 1216 1200 cmlis
1230 1177 1272 1200 est
1282 1166 1305 1199 ’³.
1325 1181 1335 1198 ι
1361 1172 1394 1199 Et
1411 1179 1506 1199 rursus
1523 1178 1531 1198 :
1551 1179 1560 1196 ι
1578 1170 1713 1205 Respicite

923 1218 1042 1245 volatilia
1063 1218 1136 1251 cmli,
1155 1218 1225 1253 quod
1251 1225 1305 1245 non
1329 1221 1425 1245 serunt
1441 1224 1528 1251 neque
1552 1220 1668 1249 metunt,
1685 1220 1713 1243 et

925 1264 1003 1291 Pater
1015 1268 1107 1291 vester
1118 1263 1236 1291 caelestis
1248 1264 1334 1290 nutrit
1345 1263 1389 1290 illa
1403 1263 1424 1290 θ.
1440 1272 1449 1289 ι
1462 1263 1497 1290 Εῑ
1511 1270 1619 1289 rursum
1634 1270 1642 1289 :
1660 1271 1670 1287 ε
1682 1261 1712 1289 Si

925 1308 1015 1336 fenum
1030 1309 1087 1344 agri
1107 1309 1178 1343 quod
1194 1308 1274 1336 hodie
1285 1312 1327 1336 est
1342 1313 1368 1336 et
1381 1316 1443 1336 cras
1455 1308 1482 1335 in
1494 1308 1630 1335 clibannm
1649 1307 1712 1334 mit-

926 1353 1001 1386 titur,
1018 1353 1088 1381 Deus
1102 1354 1142 1381 sie
1158 1353 1249 1386 vestit,
1274 1358 1377 1388 quanto
1393 1353 1478 1388 magis
1497 1361 1544 1381 vos
1567 1353 1596 1380 7?
1614 1362 1623 1378 ι
1644 1352 1712 1386 Quid

924 1402 1014 1425 autem
1031 1398 1092 1426 l'eno
1110 1403 1138 1426 et
1160 1399 1322 1434 passerculis
1343 1399 1420 1434 151
1440 1399 1519 1426 vilius
1541 1404 1593 1432 est,
1615 1399 1713 1433 quibus

925 1445 995 1473 Deus
1010 1452 1058 1480 pro
1071 1452 1119 1473 sua
1137 1445 1258 1473 bonitate
1276 1445 1420 1480 providet?
1438 1445 1492 1473 Aut
1508 1445 1645 1480 quomodo
1660 1452 1712 1471 non

924 1491 1050 1526 dignetur
1060 1498 1121 1518 esse
1135 1495 1243 1518 creator
1257 1497 1363 1523 eorum,
1382 1498 1496 1525 quorum
1514 1490 1713 1526 providentiam

924 1542 977 1562 non
1000 1535 1147 1563 detrectat?
1170 1535 1206 1562 At
1230 1534 1275 1562 isti
1300 1535 1456 1569 ignorantes
1478 1534 1633 1568 superbiam
1657 1533 1713 1560 Deo

924 1581 1094 1616 impingunt,
1118 1581 1239 1609 dicentes
1269 1588 1332 1608 eum
1364 1580 1506 1616 dedignari
1536 1580 1711 1607 minimarum

883 1621 904 1651 (ἶ
920 1632 1072 1655 creatorem
1087 1634 1160 1654 esse.
1178 1626 1207 1654 Si
1224 1633 1289 1662 ergo
1302 1626 1424 1654 omnium
1437 1631 1479 1654 est
1491 1629 1612 1657 creator,
1626 1629 1653 1652 et
1665 1631 1714 1658 pro

83 1683 129 1702 sua
147 1674 318 1710 benignitate
353 1674 436 1700 etiam
452 1673 485 1700 ad
522 1674 633 1700 minima
654 1679 787 1709 permeat,
805 1683 954 1710 omnesque
970 1675 1012 1703 sui
1045 1681 1159 1710 capaces
1179 1674 1253 1708 facit,
1273 1674 1362 1702 inanis
1378 1679 1420 1702 est
1440 1673 1631 1702 haereticorum
1649 1680 1713 1708 pro-

83 1721 179 1756 positio
195 1720 359 1753 dicentium,
371 1724 482 1754 propter
502 1719 619 1747 minores
631 1725 772 1749 creatnras
783 1723 941 1756 productum
954 1729 1016 1750 esse
1027 1720 1137 1750 Filium.

85 1780 144 1807 Ἔτι
156 1780 201 1812 εις
215 1778 250 1805 τὸ
279 1787 289 1804 ι
305 1777 412 1811 Κύοιος
423 1777 527 1840 (ξκῖτῖΞέ
543 1786 581 1812 με
595 1786 601 1792 ·
617 1787 626 1804 ι
649 1778 693 1806 ὅτι
710 1780 747 1806 οὺ
760 1779 872 1814 κτίσμα

374 1822 378 1825 ”
510 1823 535 1840 (‘-

374 1822 378 1825 '
423 1822 439 1839 ο
461 1822 535 1846 ιιος.

115 1871 145 1897 Εἰ
161 1869 222 1897 καθ’
239 1870 324 1904 ὑμᾶς,
339 1865 361 1896 ὦ
376 1869 515 1905 θεομάχοι,
526 1869 570 1896 διὰ
584 1869 614 1896 τὸ
632 1870 669 1906 μὴ
682 1870 810 1897 δύνασθαι
822 1870 871 1906 τήν

81 1916 134 1942 τῶν
145 1915 269 1950 γενητῶν
284 1915 366 1949 φύσιν
380 1914 504 1950 χωρῆσαι
514 1914 563 1950 τὴν
573 1915 692 1950 ἄκρατον
706 1916 871 1951 αὐτουργίαν

82 1960 126 1989 τοῦ
143 1959 210 1986 Θεοῦ
227 1959 278 1986 καὶ
292 1959 409 1994 Πατρδς,
427 1959 538 1995 μεσίτου
553 1956 632 1995 χρεία
646 1960 752 1994 γέγονε,
768 1961 816 1988 καὶ
827 1961 871 1988 οὓ-

82 2016 132 2038 τως
143 2006 235 2032 ἔκτισε
250 2005 296 2032 τον
308 2005 374 2032 Υἱδν
384 2007 398 2032 ὁ
413 2005 517 2041 Πατὴρ,
528 2005 586 2038 πῶς
601 2006 614 2032 ὁ
624 2006 686 2036 Υἱὸς
699 2006 811 2042 γενητὸς
821 2006 870 2040 ὥν,

82 2052 140 2078 καθ’
155 2053 241 2087 ὑμᾶς,
262 2051 388 2087 ἐχώρησε
404 2050 452 2077 τοῦ
475 2051 582 2087 Harpe;
595 2051 644 2087 τὴν
661 2051 794 2088 δύναμιν;
812 2053 871 2079 Ἀν-

82 2098 150 2132 ἀγκη
173 2097 229 2132 γὰρ
249 2096 299 2123 καὶ
321 2095 397 2131 αὐτῷ
419 2094 511 2122 δοῦναι
527 2096 573 2122 τὸν
593 2096 785 2131 μεσιτεύοντα-
802 2097 870 2124 ἀλλὰ

81 2144 214 2174 κάκεῖνος,
231 2142 256 2168 εἰ
282 2141 400 2177 ὑπάρχοι
414 2141 538 2177 γενητὸς,
555 2141 640 2168 δεῖται
657 2141 737 2169 πάλιν
753 2142 800 2169 τοῦ
821 2151 868 2178 με-

82 2187 243 2219 σιτεύοντος,
259 2188 308 2213 καὶ
332 2186 418 2218 οὕτως
433 2187 472 2218 είς
487 2187 600 2222 ἄπειρον
621 2188 741 2223 μεσιτῶν
763 2188 840 2224 δχλον
857 2189 870 2214 ἠ

81 2235 154 2268 λόγος
170 2233 332 2268 ἐκϐήσεται.
347 2233 455 2264 Εῑκᾳϊον
467 2231 512 2261 οὗν
527 2234 581 2269 ἄρα
595 2234 625 2261 τὸ
641 2235 705 2270 περὶ
717 2235 812 2262 τούτου
827 2236 871 2262 σόο

925 1778 960 1806 1η
974 1779 1052 1814 illud,
1069 1788 1081 1806 ‹
1095 1779 1164 1807 Deus
1179 1779 1302 1814 formavit
1325 1786 1365 1805 me
1376 1778 1387 1793 η
1410 1786 1417 1806 :
1434 1786 1444 1804 ι
1461 1777 1531 1812 quod
1558 1775 1642 1804 Filius
1662 1784 1714 1804 tum

1231 1815 1265 1841 ait
1281 1818 1413 1841 creatura.
1454 1820 1461 1825 ί

961 1871 989 1900 Si
1005 1871 1081 1906 juxta
1097 1874 1228 1904 vestram,
1249 1870 1295 1898 Dei
1317 1868 1421 1903 hostes,
1439 1868 1594 1904 opinionem
1612 1868 1714 1897 ideirco

923 1926 992 1954 opus
1005 1919 1056 1946 fuit
1071 1918 1232 1950 mediatore,
1253 1917 1317 1952 quia
1338 1921 1524 1944 creaturarum
1544 1919 1639 1942 natura
1662 1915 1714 1941 im-

923 1970 1043 1992 mensam
1055 1962 1102 1990 Dei
1118 1962 1244 1989 virtutem
1254 1967 1352 1996 capere
1363 1961 1390 1988 in
1402 1967 1432 1987 se
1443 1967 1496 1987 non
1507 1963 1622 1994 poterat,
1641 1959 1714 1986 ideo-

923 2016 977 2044 que
987 2008 1068 2036 Pater
1082 2007 1181 2034 Filium
1201 2006 1303 2034 creavit
1319 2015 1326 2034 :
1345 2013 1398 2041 quo
1413 2010 1493 2040 pacto
1510 2004 1603 2036 Filius,
1622 2004 1667 2039 qui
1685 2008 1714 2032 ut

923 2061 971 2082 vos
987 2053 1087 2087 dicitis,
1104 2056 1211 2080 creatus
1226 2056 1280 2085 est,
1294 2051 1339 2079 Dei
1354 2052 1482 2079 virtutem
1496 2057 1594 2085 capere
1609 2049 1714 2084 potuit?

923 2098 1040 2127 Necesse
1057 2098 1128 2126 enim
1146 2098 1228 2126 fuerit
1240 2098 1323 2126 etiam
1338 2098 1375 2125 illi
1398 2097 1575 2125 mediatorcm
1594 2096 1712 2131 aliquem

923 2145 988 2173 dare
1005 2153 1014 2172 :
1041 2149 1170 2172 caeterum
1197 2144 1279 2172 etiam
1301 2143 1356 2176 ille,
1381 2144 1402 2171 si
1421 2150 1529 2171 creatus
1543 2148 1595 2176 est,
1612 2143 1713 2177 indiget

924 2190 1088 2223 mediatore;
1104 2195 1187 2225 atque
1200 2190 1236 2217 ita
1251 2189 1329 2217 turba
1342 2189 1522 2217 mediatorum
1534 2188 1560 2216 in
1578 2188 1713 2216 infinitum

924 2241 1038 2264 crescet.
1064 2235 1202 2264 Frivolum
1217 2236 1310 2270 itaque
1321 2240 1365 2263 est
1384 2239 1503 2262 vestrum
1516 2239 1713 2268 commentum,

80 2290 176 2316 φισμα,
195 2281 287 2307 πᾶσαν
301 2279 370 2314 ὁμοῦ
381 2280 431 2314 τήν
445 2280 628 2315 δημιουργίαν
640 2281 801 2317 ἀνατρέπον.
816 2282 872 2317 Οὐχ

928 2282 1077 2310 universam
1097 2282 1178 2310 simul
1199 2282 1364 2310 creationem
1385 2281 1557 2309 subvertens.
1573 2281 1640 2308 Nam
1660 2289 1712 2308 non

81 2327 274 2363 εὑρισκομένου
291 2327 357 2362 γὰρ,
379 2326 479 2362 μᾶλλον
500 2327 529 2354 δὲ
552 2326 590 2362 μὴ
611 2325 777 2364 ζητουμένου
794 2337 868 2364 μεσι-

82 2373 214 2404 τεύοντος,
228 2373 280 2399 οὐκ
292 2372 326 2399 ἃν
339 2371 443 2408 ὑπέστη
459 2371 494 2400 τὰ
509 2374 617 2409 γενητὰ.

81 2430 186 2456 AAAO.‘
204 2428 267 2465 Τῷν
281 2427 641 2465 *ὀρθοδόξωνγλεγ-ότςτῳνι
665 2432 698 2458 El
721 2430 835 2465 κτίσμιί
853 2432 869 2458 ὀ

112 2464 188 2496 Υἱὸς,
197 2463 339 2500 πῶςᾲὲχει
351 2464 426 2500 κατὰ
436 2463 530 2500 φύσιν
540 2463 573 2490 τὸ
586 2463 662 2491 εἶναι
673 2463 870 2500 ὃημιοιξργὀςπ

114 2500 155 2535 οὐ
169 2501 226 2533 γὰρ
246 2498 326 2525 tam
341 2497 400 2525 τῶν
418 2499 586 2535 κτισμᾴτῳν
601 2500 690 2526 τοῦτό
755 2497 870 2535 diriguit-

112 2533 259 2570 ἡνεγκανν
271 2535 298 2570 o_l
324 2533 463 2570 qlps‘gqcol
484 2533 520 2561 τὰ
534 2532 767 2570 ὑποτεταγμένα,
779 2532 823 2562 ὧν
841 2537 870 2563 αι

113 2567 221 2602 λύσεις
235 2568 318 2595 εισὶν
330 2567 452 2603 ἐφεξῆς.

187 2626 396 2661 Ἀνθυποφορά
413 2627 453 2660 ὡς
472 2626 506 2654 ἐκ
525 2627 583 2655 τῶν
601 2618 765 2662 αιρεὴκῶν.

114 2683 236 2718 κτίσμα,
250 2683 344 2717 φασὶν,
361 2683 435 2710 ἔστιν
449 2684 463 2710 ὁ
478 2683 551 2716 Υἱὸς,
566 2686 613 2711 καὶ
627 2684 680 2711 τῶν
693 2674 815 2720 γενητῶν
831 2683 871 2717 εἷς

84 2730 212 2766 ὑπάρχει·
233 2730 266 2757 τὸ
281 2730 311 2757 δὲ
327 2730 431 2762 κτίζειν
446 2730 483 2762 ὡς
496 2730 572 2766 παρὰ
593 2730 752 2758 διδασκάλου
778 2731 870 2766 μαθὼν

84 2775 98 2809 ἢ
113 2776 246 2810 τεχνίτου,
262 2775 423 2811 ὑπηρέτησε
437 2776 504 2811 πρὸς
520 2776 569 2812 τὴν
586 2775 640 2802 τῶν
664 2776 752 2811 ἔργων
777 2777 870 2812 χρείαν

84 2821 119 2856 τῷ
131 2821 270 2854 διδάξαντι

115 2911 124 2925 ³
134 2911 226 2947 Matth,
249 2920 275 2943 κ,
293 2911 338 2938 "l‘J.

924 2328 1034 2356 invento
1048 2332 1095 2355 aut
1114 2328 1204 2363 potius
1221 2335 1275 2356 non
1297 2328 1410 2364 (ιυεείιο
1435 2328 1595 2360 mediatore,
1621 2331 1713 2354 creata

924 2381 976 2402 non
989 2374 1179 2402 substiterunt.

924 2431 1038 2458 ALIUD.
1049 2430 1114 2458 Cum
1124 2430 1262 2458 orthodoxi
1272 2431 1379 2457 dicull:
1391 2429 1421 2457 Si
1431 2429 1517 2458 Filius
1531 2433 1568 2456 eu
1580 2431 1712 2460 creatura,

959 2475 1010 2501 quo
1023 2471 1099 2501 pacto
1111 2466 1158 2492 hoc
1172 2466 1196 2492 ei
1209 2466 1331 2493 naturale
1340 2470 1388 2496 eu,
1406 2469 1435 2491 ut
1447 2466 1480 2492 sit
1493 2464 1619 2501 creatori!
1630 2471 1711 2497 neque

961 2499 1030 2528 enini
1047 2506 1229 2528 creaturarum
1249 2501 1384 2534 proprium
1403 2504 1439 2527 est
1453 2508 1462 2532 ,'
1484 2499 1603 2526 heretici
1620 2502 1713 2534 contra

958 2536 1084 2571 objiciunt
1099 2543 1157 2571 qua:
1173 2533 1329 2571 sequuntur,
1349 2543 1461 2571 quorum
1477 2535 1622 2562 solutiones
1635 2533 1712 2561 etiam

962 2571 1130 2607 adﬁcientur.

1152 2626 1272 2661 Objectio
1290 2626 1485 2654 haereticorum.

959 2685 1053 2718 Filius,
1071 2684 1206 2719 inquiunt,
1219 2687 1343 2711 creatura
1362 2690 1485 2717 unusque
1501 2687 1542 2710 cst
1553 2690 1586 2710 ex
1605 2682 1639 2709 iis
1651 2689 1712 2717 qua:

922 2731 992 2758 facta
1007 2736 1071 2758 sunt
1087 2739 1094 2757 :
1111 2729 1220 2757 creandi
1239 2736 1302 2756 vero
1319 2728 1474 2756 facultatem
1487 2736 1501 2755 a
1517 2727 1647 2762 magistro
1664 2733 1712 2754 aut

921 2777 1027 2805 artiﬁce
1038 2776 1143 2810 didicit,
1157 2780 1184 2803 et
1200 2776 1253 2804 Deo
1265 2776 1311 2811 qui
1324 2775 1411 2811 ipsum
1427 2774 1528 2808 docuit,
1545 2774 1571 2801 in
1584 2773 1710 2808 operibus

920 2822 978 2849 suis
995 2821 1170 2850 ministravit.

380 2911 388 2923 "
401 2911 491 2938 Matth.
512 2917 534 2938 vl
568 2911 610 2938 26.
651 2911 659 2926 ⁷
673 2910 738 2938 Ibid.
754 2911 796 2938 50.
837 2912 845 2926 '
859 2911 936 2942 i‘t'ov.
956 2919 1013 2944 \‘lll,
1031 2911 1075 2938 22.
