1904 3026
185 165 238 194 255

417 225 567 256 Solutionu
579 228 743 264 ohjectinis.

224 282 252 309 Si
270 283 401 319 quidquid
425 291 477 313 non
501 284 660 312 naturaliter
683 283 763 311 alicui
789 283 899 310 insittun
923 286 975 314 est,

187 328 235 355 sed
254 333 358 357 tantum
373 331 558 358 accldentarie
573 330 655 362 inest,
675 334 702 357 et
716 328 916 364 quodammodo
930 335 976 354 ae-

187 373 318 407 quisitum
333 379 385 406 est,
401 375 460 403 ﬂeri
475 380 563 411 potest
580 380 610 403 ut
630 375 776 411 aliquando
798 382 850 401 non
871 373 978 402 accidat

188 418 237 454 (ea
255 420 326 447 enim
349 425 390 448 est
420 421 600 449 accidentium
624 420 739 456 natura)
759 421 886 448 accidens
910 418 976 447 illud

188 470 236 497 per
249 466 319 499 quod
334 463 418 492 Filius
433 470 539 493 creator
558 470 610 498 est,
625 466 768 500 aliquando
786 466 810 492 in
826 473 859 492 eo
879 470 978 492 evane-

188 517 265 538 scere
288 511 398 545 poterit.
422 512 512 548 Atque
532 512 568 539 ita
590 511 720 547 dignitate
743 519 791 539 sua
814 510 976 546 privatiitur.

188 557 316 584 amittens
338 557 364 584 id
387 557 458 592 quod
477 556 620 584 didicerat.
645 555 710 584 Nam
725 556 749 584 is
769 556 814 591 qui
833 555 977 590 aliquando

187 601 259 635 quod
277 601 417 630 nesciebat
433 601 539 635 didicit,
558 605 646 636 potest
662 601 745 629 etiam
763 602 881 636 ejusdem
907 600 977 629 obli-

186 646 263 673 visci.

523 703 603 732 ALIU
608 702 638 732 D.

221 760 367 788 Crealuras
380 769 394 788 a
408 760 492 789 nihilo
503 762 537 790 ad
548 769 609 790 esse
622 762 773 794 traducere,
788 768 840 788 non
857 767 900 788 est
910 769 978 796 opus

186 807 264 839 ariis,
289 808 337 835 sed
366 807 504 837 facultatis
530 809 588 837 sive
609 810 738 844 polentia:
763 809 898 836 creativzc.
925 810 978 837 An

187 853 260 880 enim
278 861 308 880 ea
330 861 390 889 quae
409 855 544 882 exsistunt
566 855 592 882 in
610 854 683 882 aliud
698 855 761 890 quid
778 859 865 882 mutat
879 863 886 882 :
900 863 977 882 crea-

691 169 719 198 S.
741 167 874 197 CYBILLI
895 166 1129 195 ALEXANDRINI
1149 168 1312 199 ARCHIEP.

1769 173 1827 200 23!}

1303 228 1399 260 Λύσις
1417 227 1537 263 ἐφεξῆς.

1064 284 1094 310 Et
1111 285 1164 310 πᾶν
1179 284 1246 320 ὅπερ
1261 285 1294 312 ἄν
1307 293 1360 311 τινι
1376 285 1498 319 φαίνοιτο
1512 284 1695 320 συμϐεϐηκὸς,
1709 283 1758 311 καὶ
1771 285 1825 312 οὐκ

1027 329 1056 355 ὲν
1078 330 1113 364 τῇ
1135 329 1215 364 φύσει
1239 330 1376 365 κείμενον,
1396 331 1542 366 ἐπικτηθὲν
1554 330 1582 357 δέ
1595 339 1654 362 πως
1671 330 1743 357 κατὰ
1759 337 1823 358 tua

1027 374 1136 410 τρόπον,
1150 376 1229 402 τοῦτο
1244 376 1291 402 καὶ
1308 376 1501 412 ἀποσυμὸῆναι
1525 376 1635 403 δύναταί
1653 384 1730 408 ποτε,
1748 376 1823 402 οὕτω

1028 421 1135 455 φύσεως
1151 421 1258 456 ἔχοντος
1272 423 1317 448 ἀεὶ
1331 422 1378 449 τοῦ
1395 422 1608 457 συμϐεϐηκότος,
1623 422 1823 458 ἀποσυμϐήσε-

1027 466 1071 494 ταί
1085 474 1149 494 ποτε
1163 467 1209 494 τοῦ
1219 468 1282 494 Υἳοῦ
1298 468 1328 495 τὸ
1342 467 1411 494 εἶναι
1423 468 1598 504 δημιουργόν.
1612 469 1666 495 Καὶ
1680 469 1758 494 ἔσται
1773 468 1823 494 τοῦ

1027 511 1182 547 ἀξιώματος
1206 512 1318 548 ἕρημος.
1334 513 1479 541 ἀποῦαλὼν
1504 513 1572 548 ὅπερ
1595 513 1748 548 ἔμαθεν.”υ
1767 514 1823 548 γὰρ

1027 555 1096 588 ὅλως
1107 557 1139 582 ἐκ
1151 556 1199 583 τοῦ
1220 557 1257 592 μὴ
1271 557 1369 583 εἰδέναι
1380 566 1406 583 τι
1423 557 1491 593 πρὸς
1506 557 1535 584 τὸ
1550 558 1649 584 εἰδέναι
1672 558 1823 593 κεκλημέ-

1028 609 1082 633 νος,
1098 600 1204 634 δέξεταί
1216 609 1282 630 ποτε
1301 602 1348 629 καὶ
1363 603 1412 638 τῆς
1428 601 1512 638 λήθης
1531 602 1562 632 τι
1579 603 1675 635 πάθος.

1370 703 1463 730 ΔΛΛΟ

1064 757 1101 784 T6
1113 758 1146 784 ἐκ
1160 757 1207 785 τοῦ
1223 759 1261 794 μὴ
1275 757 1352 790 ὄντος
1364 759 1409 791 είς
1422 759 1453 785 τὸ
1470 756 1540 786 εἶναι
1557 760 1692 796 παράγειν
1708 760 1744 787 τὰ
1761 761 1824 788 κτί-

1028 811 1129 838 σματα,
1145 804 1175 830 οὐ
1199 804 1297 840 τέχνης
1319 805 1400 840 ἔργον
1423 806 1506 839 ἐστὶν,
1521 805 1589 833 ἀλλὰ
1613 806 1757 842 δυνάμεως
1772 807 1825 842 δη-

1030 849 1205 885 μιουργικῆς.
1220 850 1307 886 Τέχνη
1323 851 1373 886 μὲν
1389 851 1444 887 γὰρ
1464 851 1499 878 τὰ
1515 852 1579 878 ὄντα
1595 852 1662 888 προς
1684 853 1779 888 ἔτερόν
1796 860 1825 879 τι

188 897 241 924 trix
258 903 348 925 autent
370 898 494 932 facultas,
509 907 540 926 ea
564 907 624 934 qua:
644 907 698 927 non
711 900 849 928 exsistunt
870 900 933 928 facit
949 905 975 928 ut

1064 897 1228 929 τασκευάζει
1238 905 1245 912 θ
1258 897 1440 933 δημιουργιχὴ
1454 898 1482 925 δὲ
1504 897 1619 934 δύναμις
1632 898 1667 925 τὰ
1692 899 1729 934 μὴ
1755 899 1826 926 ὄντα

187 943 333 971 exsistant.
347 944 377 972 Si
393 952 458 981 ergo
474 947 510 973 ab
523 950 583 973 arte
598 945 677 981 153
693 950 739 973 aut
754 946 877 974 doctrina
892 951 980 981 potest

186 996 248 1016 esse
258 995 366 1018 creator
379 991 473 1024 Filius,
488 991 599 1019 videant
615 992 680 1026 quid
704 991 738 1019 de
756 991 837 1020 Patre
857 997 980 1020 statuere

187 1035 280 1067 velint.
299 1035 321 1063 si
344 1036 406 1071 quis
424 1037 506 1064 etiam
524 1036 558 1064 de
582 1037 628 1064 illo
645 1038 702 1065 hac
727 1037 811 1065 dicat.
837 1038 873 1065 At
895 1038 979 1072 dices,

188 1079 294 1108 Patrem
311 1082 420 1116 quidem
433 1087 531 1110 natura
548 1089 619 1116 esse,
634 1081 732 1110 Filium
750 1090 814 1110 vero
831 1083 957 1111 edoctum
971 1092 978 1110 :

188 1125 246 1153 neri
264 1126 355 1161 itaque
367 1132 455 1162 potest
473 1132 503 1155 ut
517 1128 578 1163 quis
591 1133 775 1164 consequatur
793 1129 915 1156 doctrina
931 1137 981 1157 na-

188 1172 302 1199 turalem
338 1174 521 1208 operationem
555 1175 614 1208 Dei,
632 1179 715 1208 utque
741 1175 854 1202 edoctus
874 1183 978 1209 creare,

188 1215 257 1243 idem
273 1217 433 1246 naturaliter
450 1219 569 1254 sitquod
584 1219 652 1254 ipse.
664 1218 772 1246 Nullum
789 1219 870 1255 igitur
883 1220 980 1247 discri-

188 1269 248 1289 men
272 1263 324 1290 erit
349 1263 420 1290 inter
449 1263 530 1292 Deum
551 1269 579 1292 et
608 1270 773 1298 creaturam,
800 1270 978 1300 praeterquam

187 1308 307 1335 scientia:
332 1309 481 1344 disparitas
504 1320 511 1337 :
537 1315 635 1338 natura
663 1316 752 1338 autem
779 1312 813 1338 ab
841 1312 899 1348 ipso
926 1320 979 1340 non

187 1352 352 1386 diﬂeremus.
369 1355 415 1382 sed
433 1355 489 1383 sola
505 1356 619 1384 scientia
634 1356 778 1384 inferiores
794 1357 839 1384 illo
853 1357 977 1386 erimus:

187 1406 247 1432 qua:
262 1400 305 1427 ulti
321 1400 425 1436 adjecta
444 1403 521 1430 nobis
541 1402 633 1436 fuerit,
649 1403 753 1431 erimus
771 1411 866 1431 mnues
883 1409 979 1432 natura

187 1446 234 1473 dii.
254 1446 394 1480 Quomodo
412 1448 496 1484 igitur
512 1457 582 1476 unus
603 1453 646 1476 est
666 1449 748 1482 Dens,
770 1449 793 1476 si
821 1457 870 1486 per
891 1450 979 1478 solam

187 1492 338 1520 doctrinam
350 1501 430 1528 quam
448 1495 655 1528 consequimur,
673 1494 709 1521 dii
733 1493 886 1522 cilicitnur?
908 1497 942 1522 At
954 1497 979 1524 si

187 1537 246 1572 ipsa
268 1546 298 1565 se
320 1539 415 1566 lterum
442 1540 681 1567 ratiocinationum
706 1540 862 1568 absurditas
879 1542 976 1576 prodit,

187 1584 349 1612 naturaliter
365 1585 458 1619 itaque
475 1589 584 1613 creator
602 1591 644 1613 est
666 1585 751 1612 Filius
762 1606 769 1617 ,
796 1593 848 1613 non
864 1594 913 1622 per
927 1588 976 1616 do-

187 1630 316 1663 ctrinam,
329 1635 358 1659 ut
373 1639 421 1660 vos
437 1633 599 1667 opinamini.

528 1700 641 1730 ALIUD.

222 1752 302 1780 Aliud
319 1754 458 1789 quidpiam
473 1761 514 1783 est
529 1757 672 1792 sapientia,
693 1758 766 1787 aliud
786 1760 894 1795 sapiens
911 1770 917 1790 :
936 1767 980 1788 sa-
1020 1793 1026 1800 η

188 1799 288 1834 pienlia
305 1801 376 1828 enim
393 1807 435 1829 est
447 1810 490 1830 res
507 1811 567 1839 quae
581 1811 676 1839 sapere
689 1805 767 1839 facit;
794 1807 902 1842 sapiens
916 1815 979 1836 vero

188 1846 234 1880 qui
255 1852 310 1873 rem
326 1854 386 1882 qua:
404 1855 501 1883 sapere
517 1849 593 1884 facit,
617 1850 738 1885 suscipit.
761 1851 790 1879 Si
810 1859 876 1888 ergo
893 1853 980 1881 Filius

188 1892 307 1927 seipsum
335 1895 499 1927 sapientiam
525 1902 587 1924 esse
611 1895 688 1929 dicit.
715 1898 848 1932 quomodo
871 1899 980 1934 sapiens

187 1937 300 1967 eﬂ'ectus
321 1940 382 1967 est!
410 1940 478 1968 Nam
503 1941 525 1968 si
549 1943 660 1970 omnino
683 1943 808 1971 doctrina
827 1944 979 1980 indigebat,

188 1991 241 2011 non
254 1989 312 2012 crat
326 1985 470 2020 sapientia.
484 1985 553 2015 Etsi
565 1988 697 2023 sapientia
711 1988 888 2017 accidentalis
902 1990 929 2018 in
945 1998 978 2018 eo

186 2035 238 2064 est,
256 2032 356 2066 poterit
378 2032 523 2068 aliquando
537 2032 601 2063 talis
619 2042 671 2062 non
688 2042 761 2067 esse,
782 2042 845 2063 cum
863 2035 890 2063 id
906 2035 976 2070 quod

187 2077 285 2104 accidit
303 2078 389 2112 possit
414 2078 496 2106 etiam
516 2085 569 2107 non
584 2081 717 2108 accidere.
735 2081 868 2114 Quidnam
895 2081 978 2117 igitur

186 2127 246 2149 erat
258 2127 320 2150 ante
331 2123 402 2151 hoc?
415 2125 547 2160 sapientia
560 2126 632 2153 enim
648 2134 700 2153 non
714 2131 783 2159 erat.
798 2134 859 2154 cum
870 2128 978 2162 sapien-

188 2167 225 2194 tia
239 2167 381 2203 indigeret.
399 2169 432 2197 At
451 2177 559 2206 semper
574 2170 623 2199 fuit
645 2171 776 2206 sapientia
797 2171 893 2199 Filius.
919 2172 976 2201 iioc

186 2213 258 2240 enim
280 2221 357 2242 sacra
376 2214 516 2251 Scriptura
529 2216 562 2244 de
579 2218 637 2251 ipso
650 2217 787 2251 praedicat.
804 2217 908 2246 Vanum
926 2219 977 2246 ita-

186 2267 240 2294 que
256 2264 283 2287 et
297 2260 442 2290 absurdum
460 2267 501 2290 est
520 2262 621 2296 dicere,
644 2261 714 2291 Filio
729 2262 832 2299 aliquid
849 2263 974 2293 doctrina

186 2307 327 2335 accidisse.

523 2365 634 2394 ALIUD.

222 2420 252 2451 Si
265 2421 378 2450 facultas
391 2421 502 2450 creandi
519 2420 587 2450 Filio
608 2430 657 2457 per
670 2422 822 2453 doctrinam
845 2425 971 2459 accessit,

185 2471 268 2501 atque
291 2467 327 2494 ita
343 2467 429 2495 factus
439 2472 480 2495 est
488 2473 595 2496 creator
607 2469 703 2502 Filius,
717 2470 823 2499 invidiae
838 2471 904 2499 vitio
920 2471 973 2498 Pa-

185 2514 254 2538 trem
270 2516 398 2544 onerant,
420 2512 443 2539 si
463 2519 525 2540 cum
541 2513 641 2542 multos
654 2515 753 2544 docere
768 2521 871 2552 posset,
889 2524 972 2545 unum

185 2561 290 2584 tantum
309 2558 412 2585 docuit.
433 2557 502 2591 Quid
524 2559 596 2587 enim
616 2561 762 2595 nocuisset,
782 2562 879 2591 multos
898 2563 972 2592 circa

185 2602 273 2635 ipsum
285 2606 424 2630 creatores
437 2603 554 2638 versari,
569 2605 796 2640 quemadmodum
812 2607 911 2636 multos
925 2616 971 2636 ar-

185 2648 331 2682 changelos
352 2653 433 2684 atque
446 2650 556 2685 angelos
582 2651 683 2680 habet?
710 2653 787 2681 Nunc
813 2661 879 2681 vero
900 2654 974 2684 solus

185 2693 270 2722 Filius
285 2699 414 2729 operatur
437 2703 497 2731 qua
521 2697 612 2727 Pater.
638 2698 806 2727 Naturaliter
829 2700 922 2735 itaque
947 2701 973 2728 ei

185 2739 278 2773 insita,
294 2748 347 2768 non
365 2743 486 2770 doctrina
506 2745 638 2780 acquisita
656 2750 698 2773 est
712 2745 822 2773 cmandi
845 2746 971 2780 facultas,

186 2793 221 2814 ne
235 2785 315 2814 Pater
331 2788 430 2816 invidia
459 2789 598 2819 laborasse
617 2796 764 2820 censeatur
780 2802 786 2819 :
806 2793 905 2828 quippe
924 2793 970 2828 qui

185 2840 240 2860 non
256 2833 358 2868 docuit,
377 2835 423 2862 sed
441 2843 474 2862 cx
492 2844 521 2863 sc
542 2837 635 2872 genuit
650 2846 732 2865 unum
748 2842 909 2871 creatorem,
925 2846 973 2874 pcr

186 2886 265 2914 quem
280 2881 368 2910 omnia
383 2887 519 2918 operatur.

1030 942 1099 977 πρὸς
1115 943 1146 969 τὸ
1162 941 1232 969 εἶναι
1247 943 1334 972 καλεῖ.
1353 944 1385 971 El
1404 943 1494 971 τοίνυν
1510 944 1564 971 ἀπὸ
1576 944 1673 980 τέχνης
1696 946 1744 971 καὶ
1767 953 1824 980 μα-

1030 988 1134 1024 οήσεως
1155 987 1225 1017 εἶναι
1242 989 1354 1017 δύναται
1376 989 1540 1026 δημιουργὸς
1557 991 1571 1017 ὁ
1586 990 1658 1023 Υἱὸς,
1675 992 1825 1025 ὀράτωσαν

1029 1033 1056 1060 τί
1071 1042 1136 1060 ποτε
1149 1034 1203 1070 ἄρα
1219 1035 1266 1061 καὶ
1282 1035 1346 1070 περὶ
1362 1035 1408 1062 τοῦ
1424 1035 1532 1071 Πατρὺς
1544 1034 1664 1070 ἐροῦσιν,
1681 1035 1762 1067 εἴτις
1773 1036 1826 1063 καὶ

1031 1081 1072 1106 ἐπ’
1086 1080 1169 1107 αὑτοῦ
1188 1080 1275 1108 ταῦτα
1289 1081 1379 1115 λέγοι·
1404 1081 1474 1108 Ἀλλ’
1486 1082 1568 1117 ἐρεῖς,
1582 1082 1623 1109 ὃτι
1643 1081 1723 1116 φύσει
1740 1082 1791 1117 μὲν
1811 1084 1826 1108 6

1030 1125 1135 1161 Πατὴρ,
1149 1125 1270 1158 διδακτὸς
1293 1126 1321 1153 δὲ
1346 1125 1448 1158 ὁΥίός.
1472 1126 1595 1159 Ἔξεστιν
1619 1124 1666 1153 οὖν
1688 1126 1827 1158 διδακτῶς

1031 1171 1182 1206 κτήσασθαί
1198 1180 1258 1198 τινα
1273 1171 1321 1207 τὴν
1334 1171 1452 1207 φυσικὴν
1466 1171 1608 1208 ἐνέργειαν
1619 1171 1666 1198 τοῦ
1679 1171 1760 1203 Θεοῦ,
1774 1172 1827 1198 καὶ

1032 1217 1151 1252 μαθόντα
1162 1217 1265 1249 κτίζειν
1280 1217 1403 1251 γενέσθαι
1416 1217 1495 1244 τοῦτο
1505 1219 1574 1254 ὅπερ
1587 1218 1645 1244 ἐστὶ
1657 1218 1728 1244 κατὰ
1739 1218 1826 1252 φύσιν

1030 1264 1120 1295 αὐτός.
1133 1263 1218 1290 Οὐδὲν
1226 1261 1274 1290 οὖν
1286 1263 1341 1300 ἄρα
1352 1264 1383 1291 τὸ
1395 1264 1496 1300 μεταξὺ
1511 1264 1578 1291 Θεοῦ
1591 1265 1636 1291 καὶ
1650 1265 1823 1299 κτισμάτων,

1030 1309 1054 1335 εἰ
1069 1309 1108 1345 μὴ
1123 1309 1223 1343 γνῶσις
1241 1310 1366 1346 περιττὴ,
1383 1310 1431 1337 καὶ
1448 1310 1528 1345 φύσει
1543 1311 1593 1345 μὲν
1611 1310 1678 1346 πρὸς
1691 1310 1775 1337 αὑτὸν
1791 1311 1824 1336 οὐ

1029 1355 1193 1391 διῃρήμεθα,
1212 1356 1281 1392 μόνῃ
1294 1356 1323 1382 δὲ
1339 1357 1373 1392 τῇ
1390 1356 1490 1391 γνώσει
1506 1357 1670 1393 λειπόμεθα·
1685 1354 1720 1392 ἧς
1737 1365 1825 1391 προσ-

1029 1401 1165 1436 τεθείσης,
1183 1401 1302 1437 ὲσόμεθα
1317 1402 1417 1434 πάντες
1439 1402 1510 1430 κατὰ
1525 1403 1604 1437 φύσιν
1618 1402 1684 1429 θεοί.
1697 1402 1761 1434 Πῶς
1775 1401 1824 1429 οὖν

1029 1445 1069 1480 εἷς
1086 1448 1161 1480 Θεὸς,
1179 1449 1203 1474 εί
1227 1449 1256 1474 ἐν
1281 1448 1354 1484 μόνῳ
1373 1449 1412 1484 τῷ
1437 1449 1534 1484 μαθεῖν
1548 1451 1638 1476 κεῖται
1649 1449 1679 1475 τὸ
1692 1449 1825 1483 γενέσθαι

1030 1494 1123 1528 θεούς;
1139 1495 1171 1521 Et
1185 1494 1213 1521 δὲ
1227 1495 1311 1531 πολλή
1326 1495 1368 1527 τίς
1389 1496 1463 1523 ἐστιν
1484 1497 1513 1523 ὲν
1528 1495 1632 1528 τούτοις
1645 1497 1661 1531 ἡ
1676 1495 1732 1522 τῶν
1748 1495 1825 1529 λογι-

1031 1540 1107 1576 σμῶν
1129 1541 1238 1573 ἀτοπία,
1253 1542 1375 1576 φυσικῶς
1401 1542 1455 1578 ἄρα
1479 1542 1644 1578 δημιουργὸς
1665 1543 1681 1570 6
1699 1542 1776 1575 Υἱὸς,
1791 1540 1826 1572 οὗ

1029 1587 1172 1629 διδακτῷς,
1188 1587 1248 1614 καθ’
1266 1589 1349 1623 ὑμᾶς.

1374 1701 1476 1728 ΔΛΛΟ.

1065 1757 1176 1793 Ἕτερον
1191 1758 1218 1784 τί
1231 1758 1288 1784 ἐστι
1305 1757 1396 1792 σοφία,
1410 1757 1457 1786 καὶ
1470 1757 1564 1792 ἕτερον
1582 1757 1596 1783 6
1619 1756 1701 1791 σοφός
1713 1763 1721 1771 ”
1739 1757 1756 1791 ὴ
1775 1756 1825 1792 μὲν

1029 1804 1085 1838 γὰρ
1102 1804 1184 1838 σοφία
1205 1803 1270 1830 αὐτὸ
1294 1803 1325 1829 τὸ
1350 1804 1466 1838 πρᾶγμα
1491 1802 1522 1830 τὸ
1545 1801 1645 1838 σοφοῦν
1661 1803 1749 1834 ἔστιν,
1767 1803 1781 1829 6
1795 1803 1825 1829 δὲ

1030 1849 1112 1884 copo;
1136 1850 1151 1876 6
1176 1849 1223 1876 τοῦ
1242 1849 1387 1884 σὀφοῦντος
1403 1850 1538 1881 δεκτικὸς.
1552 1849 1584 1876 Et
1607 1849 1700 1876 τοίνυν
1724 1849 1824 1883 σοφίαν

1029 1895 1124 1922 ἑαυτὸν
1137 1893 1206 1922 εἷναί
1216 1903 1297 1930 φησιν
1309 1896 1323 1921 6
1332 1895 1405 1928 Υἱὸς,
1415 1895 1473 1927 πῶς
1486 1894 1631 1929 Eunucho;
1643 1895 1675 1922 El
1688 1894 1745 1930 γὰρ
1755 1895 1823 1926 ὅλως

1028 1941 1113 1968 ἐδεῖτο
1133 1940 1287 1977 μαθήσεως,
1301 1941 1351 1968 οὐκ
1365 1939 1400 1977 ἦν
1415 1941 1506 1975 σοφία.
1522 1941 1578 1968 Καὶ
1598 1942 1621 1968 el
1647 1941 1822 1977 συμϐέϐηκεν

1028 1986 1102 2022 αὐτῷ
1115 1987 1145 2013 τὸ
1160 1987 1250 2022 σοφὸν,
1263 1986 1340 2014 ἔσται
1357 1988 1422 2014 ποτὲ
1436 1988 1484 2014 καὶ
1495 1987 1526 2014 οὐ
1541 1986 1671 2020 τοιοῦτος,
1686 1987 1736 2013 τοῦ
1751 1995 1821 2022 συμ-

1027 2032 1175 2068 ϐεϐηκότος
1202 2033 1248 2059 καὶ
1274 2033 1467 2068 ἀποσυμσῆναι
1488 2032 1648 2068 δυναμένου,
1665 2031 1698 2059 Τί
1720 2031 1768 2060 οὖν
1788 2032 1821 2069 ἦν

1028 2077 1081 2114 ἄρα
1109 2078 1162 2115 πρὸ
1185 2078 1299 2112 τούτους
1327 2078 1408 2114 σοφία
1431 2078 1485 2115 γὰρ
1510 2078 1560 2105 οὐκ
1588 2076 1634 2114 ἦν,
1658 2078 1820 2114 λειπόμενος

1028 2125 1195 2160 φρονήσεως.
1204 2125 1274 2152 Ἀλλ’
1295 2122 1330 2161 ἦν
1355 2125 1399 2151 ἀεὶ
1421 2124 1503 2160 σοφία
1527 2125 1542 2151 6
1563 2125 1638 2157 Υἱός.
1655 2124 1742 2152 Τοῦτο
1769 2126 1822 2161 γὰρ

1027 2170 1208 2205 κηρύττουσιν
1221 2171 1248 2198 ai
1264 2170 1334 2198 θεῖαι
1350 2170 1469 2207 Γραφαί.
1487 2170 1689 2206 Διεψευσμὲνον
1702 2171 1758 2207 ἄρα
1773 2172 1821 2198 καὶ

1027 2215 1133 2250 ἀμαθὲς
1157 2215 1188 2243 τὺ
1210 2217 1242 2244 ὲκ
1267 2216 1412 2253 μαθήσεώς
1438 2226 1464 2245 τι
1488 2218 1703 2253 προσγεγονέναι
1731 2218 1821 2252 λέγειν

1028 2262 1111 2298 αὐτῷ.

1372 2365 1474 2392 ΔΛΛΟ.

1063 2419 1094 2448 Εἰ
1106 2420 1229 2448 διδακτόν
1240 2421 1298 2448 ἐστι
1311 2422 1341 2448 τδ
1352 2421 1482 2449 δύνασθαι
1492 2423 1679 2458 δημιουργεῖν,
1689 2424 1738 2451 καὶ
1749 2424 1821 2452 οὕτω

1025 2465 1120 2500 γέγονε
1140 2466 1307 2502 δημιουργὸς
1328 2467 1430 2500 όΥιὺς,
1444 2468 1543 2502 φθόνου
1570 2468 1656 2500 πάθος
1675 2470 1819 2505 εἰσάγουσι

1023 2512 1135 2546 γεγονὸς
1149 2513 1217 2549 πρὸς
1232 2513 1278 2540 τὸν
1291 2512 1411 2550 Πατέρα,
1425 2515 1452 2541 εἴ
1461 2523 1493 2549 γε
1511 2514 1626 2547 πολλοὺς
1645 2516 1752 2549 διδάξαι
1773 2516 1817 2544 δυ-

1021 2559 1148 2594 νάμενος,
1163 2559 1211 2586 ἕνα
1227 2559 1309 2594 μόνον
1323 2560 1439 2592 ἐδίδαξε.
1454 2559 1489 2586 Τί
1512 2560 1567 2596 γὰρ
1590 2560 1686 2588 ἐλύπει
1704 2562 1819 2594 πολλοὺς

1024 2606 1090 2642 περὶ
1103 2606 1184 2633 αὐτὸν
1196 2603 1267 2633 εἶναι
1277 2606 1307 2642 δη
1312 2607 1470 2642 μιουργοὺς,
1479 2607 1575 2644 ὥσπερ
1588 2605 1634 2634 οὖν
1645 2609 1692 2636 καὶ
1704 2609 1819 2642 πολλοὺς

1024 2652 1211 2688 ἀρχαγγέλους
1224 2653 1272 2679 καὶ
1286 2653 1418 2687 ἀγγέλους
1433 2653 1504 2689 ἔχεις
1521 2653 1578 2680 Νῦν
1591 2654 1619 2681 δὲ
1636 2654 1718 2690 μόνος
1729 2656 1744 2682 ὁ
1755 2655 1818 2688 Υἱὸς

1024 2699 1058 2726 τὰ
1079 2699 1126 2726 τοῦ
1150 2699 1257 2736 Πατρὺς
1280 2700 1438 2736 ἐργάζεται.
1452 2701 1569 2728 Φυσικὸν
1584 2700 1631 2728 οὖν
1649 2701 1704 2738 ἄρα
1725 2702 1775 2729 καὶ
1787 2701 1817 2729 οὔ

1024 2746 1146 2772 διδακτὸν
1168 2747 1198 2772 ὲν
1222 2745 1296 2781 αὐτῷ
1317 2746 1347 2773 τὺ
1370 2746 1558 2782 δημιουργεῖν,
1573 2747 1617 2774 ἵνα
1641 2748 1690 2774 καὶ
1718 2748 1816 2783 φθόνου

1025 2792 1154 2827 φαίνηται
1167 2792 1297 2827 κρείττων
1309 2793 1323 2818 ὁ
1341 2794 1444 2829 Πατὴρ,
1456 2794 1485 2820 οὑ
1500 2794 1610 2826 διδάξας
1625 2794 1736 2829 μᾶλλον.
1749 2795 1817 2822 ἀλλὰ

1026 2839 1159 2874 γεννήσας
1180 2839 1208 2872 ἐξ
1226 2840 1323 2866 ἑαυτοῦ
1347 2841 1392 2867 τὸν
1415 2841 1462 2868 ἕνα
1484 2841 1660 2877 δημιουργὸν,
1675 2842 1710 2869 δι’
1727 2839 1758 2868 οὗ
1783 2841 1819 2868 τὰ

1029 2885 1116 2912 πάντα
1129 2886 1284 2920 ἐργάζεται.
