1904 3026
69 95 115 122 Elii
147 117 150 119 λ

769 108 881 135 ΤΙΙῐιὶδςὶ
889 107 932 135 [5ῐῖ
939 107 957 135 li
964 108 992 134 S.

1651 109 1705 137 9.02

77 162 183 195 ἔφασκε·
209 172 217 188 ι
232 164 313 192 Κατὰ
329 165 355 192 τί
368 166 511 201 γνώσομαι
531 166 627 199 ros-.0;
645 176 654 191 ι
682 167 874 194 Ἀπεστὲλλετο

933 181 938 197 ι
953 170 1010 202 Quo
1023 169 1100 203 signo
1115 175 1276 203 cognoscam
1295 167 1346 195 hoc
1358 167 1399 194 “1'
1411 176 1420 192 ι
1439 166 1595 194 Mittebatnr
1605 167 1704 200 Moses,

78 206 174 242 Μωσῆς
201 209 249 236 καί
273 218 359 246 φησιν
371 219 378 226 '
395 208 485 238 r'Eiv
499 212 656 247 ὲρωτήσωσί
680 221 725 247 με,
741 212 773 238 Τί
785 213 870 247 ὄνομα

78 252 166 289 eam};
186 255 213 281 τί
225 255 281 292 ἐρῶ
298 256 368 291 πρὸς
382 256 498 289 αὐτούς;
513 267 521 283 ι
538 257 592 284 Καὶ
613 259 627 284 ὁ
641 257 756 292 ἄγγελος
771 258 800 284 δὲ
813 259 827 284 ὁ
843 259 870 284 ἐν

81 300 117 335 ’ιῴ
129 301 253 338 Ζαχαρία
266 301 387 338 διηρώτα
410 302 487 334 Θεὸν,
505 302 609 337 λέγων’
632 313 641 329 ι
665 303 752 338 Κύριε
774 311 870 330 παντο-

82 346 201 381 κράτωρ,
213 346 265 377 ἓως
279 347 353 378 τίνος
364 347 393 374 οὑ
407 348 444 384 μὴ
455 348 570 384 ὲλεήσῃς
581 348 632 384 τὴν
650 348 825 384 Ἰερουσαλήμ
836 356 843 381 ;
859 357 868 374 ι

84 392 135 418 Καὶ
152 391 232 418 πάλιν
239 392 382 426 ἐκδέχεται
398 393 478 428 ἄχρις
495 393 528 420 ἂν
543 393 647 429 ἀκούσῃ
664 393 759 427 λόγους
772 393 872 425 καλοὺς

85 439 128 464 καὶ
153 438 387 473 παρακλητικούς.
413 439 466 466 Καὶ
493 440 507 465 ὀ
540 439 697 475 ’Λσὸακοὺμ
717 439 745 466 δέ
771 448 869 474 φησιν’

88 494 97 509 ι
122 485 182 510 Ἐπὶ
197 484 246 518 τῆς
268 484 394 519 φυλακῆς
408 494 460 520 μου
482 485 627 521 στήσομαι,
646 485 692 511 καὶ
705 485 871 520 ἐπιϐήσομαι

87 530 128 556 ἐπὶ
143 529 258 564 πέτραν,
275 530 321 555 καὶ
338 530 538 556 ἁποσκοπεύσω
558 529 605 556 τοῦ
623 530 687 556 ἰδεῖν
711 529 736 555 τί
760 529 871 564 λαλήσει

86 577 112 602 ὲν
123 575 182 610 ἐμοὶ
197 576 210 601 ὁ
224 575 300 606 Θεός.
322 585 331 600 ι
350 575 442 602 Ταῦτα
454 576 506 610 γὰρ
518 575 556 607 ὡς
570 575 650 602 δοῦλα
661 575 708 602 καὶ
719 576 870 611 ποιήματα,

87 622 129 647 καὶ
150 622 199 656 τῆς
225 620 272 647 τοῦ
298 621 378 655 λόγου
402 621 540 656 μεσιτείας
561 621 687 656 δεόμενα,
708 621 784 656 ἠξίου
806 622 871 657 παρ’

88 667 163 693 αὐτοῦ
187 667 363 694 διδάσκεσθαι
386 668 436 703 τὴν
462 667 560 703 βουλὴν
579 668 626 694 τοῦ
647 668 764 703 Πατρός.
789 668 817 694 'O
843 668 872 694 δὲ

90 714 145 744 Υἱὸς
161 713 308 748 μανθάνειν
322 713 372 740 οὐκ
388 713 512 748 ἐπιζητεῖ
535 713 620 747 Λόγος
641 713 679 739 ὢν
700 713 747 740 τοῦ
767 713 872 749 Πατρδς

88 759 131 786 καὶ
148 759 270 790 svo-33w;
290 758 427 794 βούλησις.
444 760 500 786 Οὐκ
521 759 576 794 ἄρα
589 759 621 786 ἐκ
647 759 794 795 μαθήσεως
815 759 872 794 ἔχει

90 807 114 832 τὸ
127 805 195 833 εἶναι
211 805 390 841 δημιουργὸς,
407 805 464 832 ἀλλ’
481 805 617 837 ούσιωδῶς
631 814 660 832 τε
677 805 723 832 καὶ
737 805 869 840 φυσικῶς.

88 863 143 889 Ἔτι
155 863 202 902 fit;
219 862 263 902 τέ)ἶ
280 871 289 887 ι
307 862 422 902 Κήριος.
437 861 589 902 ἕκτιιζέέιε
606 861 706 902 ἀρχὴν
721 861 870 902 oscitat):

118 897 178 924 τοῦ.
200 907 209 922 ι
228 897 294 924 ’Ότι
316 899 353 924 οὺ
374 898 484 931 κτίσμα
501 899 517 923 ὀ
533 897 610 930 Υἱὸς,
632 897 712 924 ἀλλὰ
727 896 767 929 τῷ
782 896 871 931 Harp!

117 932 282 965 συνιιΐδιυς.
309 933 409 965 ’Ὅπως
425 932 458 958 δὲ
481 932 538 966 χρὴ
559 932 640 958 νοεῖν
658 933 702 964 τὸ,
730 942 739 957 ι
764 932 872 965 Κύριος

119 968 217 995 ἐκτισέ
228 976 267 1002 με
280 968 379 1002 ἀρχὴν
393 966 472 994 ὁδῶν
488 967 592 998 αὑτοῦ,
615 977 624 994 ι
647 967 680 994 ὲκ
692 966 751 994 τῶν
759 967 872 1002 ἐφεξῆς

121 1002 262 1037 κειμένων
276 1003 427 1037 εἰσόμεθα.

119 1059 228 1094 Πρῶτον
242 1060 293 1095 μὲν
307 1061 396 1086 ἐκεῖνο
413 1060 465 1095 χρὴ
481 1059 582 1094 λέγειν,
605 1059 646 1086 ὁτι
660 1059 694 1086 τὰ
717 1067 872 1094 παροιμιω-

87 1107 131 1138 εὼς
159 1105 297 1141 λεγόμενα
327 1105 400 1133 δοκεῖ
430 1105 480 1141 μέν
509 1114 536 1132 τι
561 1106 703 1140 σημαίνειν
733 1105 803 1132 κατὰ
828 1105 873 1132 τὸν

88 1151 226 1186 πρόχειρον
240 1151 314 1184 νοῦν,
331 1151 386 1186 ἔχει
401 1150 428 1177 δὲ
446 1151 494 1186 οὐχ
509 1149 596 1183 οὕτως
616 1151 653 1182 ὡς
676 1151 794 1186 λέγεται,
816 1151 872 1178 ἀλλ’

88 1197 176 1231 ἑτέραν
198 1196 289 1223 ost/st
312 1196 442 1224 διάνοιαν.
461 1197 514 1223 Καὶ
531 1197 596 1231 γοῦν
618 1197 736 1232 ἔφασκεν
749 1199 763 1224 ὁ
779 1197 873 1233 Σωτὴρ

89 1242 149 1277 πρὸς
164 1243 227 1274 τοὺς
248 1242 348 1270 ἑαυτοῦ
365 1242 488 1279 μαθητάς
499 1250 507 1258 '
524 1252 533 1268 ι
551 1242 642 1269 Ταῦτα
663 1244 692 1269 ἐν
714 1243 874 1278 παροιμίαις

88 1288 218 1324 λελάληκα
231 1289 296 1324 ὑμῖν
307 1298 313 1304 ⁸
330 1289 438 1325 ἔρχεται
454 1289 482 1316 δὲ
496 1288 554 1325 ὥρα
567 1289 611 1315 ὅτε
633 1289 724 1316 οὐκέτι
736 1289 764 1315 ἐν
778 1297 874 1324 παροι-

89 1335 158 1369 μὲαις
173 1335 285 1370 λαλήσω
301 1335 374 1371 ὑμῖν,
389 1334 457 1367 ἀλλᾲ
472 1336 624 1371 παρρησίᾳ,
639 1345 648 1361 ι
664 1335 702 1366 ὡς
714 1336 764 1370 τῆς
779 1343 874 1370 παροι-

88 1381 148 1416 pia;
163 1381 214 1408 οὐκ
229 1381 345 1416 ἐχούσης
358 1381 407 1417 τὴν
421 1381 586 1417 παρρησίαν.
604 1381 641 1407 Τὸ
654 1381 743 1408 τοίνυν
758 1391 767 1406 ι
783 1381 873 1407 ἔκτισέ

88 1434 129 1460 με,
146 1436 155 1452 ι
182 1426 200 1461 ἡ
226 1426 308 1461 σοφία
334 1427 501 1462 γυμνότερον
523 1426 651 1460 λέγουσα,
676 1427 766 1461 τίθησι
793 1427 873 1453 πάλιν

88 1472 210 1508 τοιαύτην
223 1472 285 1499 τινὰ
302 1473 410 1508 φωνήν·
425 1482 435 1498 ι
456 1473 488 1498 Ἡ
505 1472 586 1507 σοφία
600 1471 775 1508 ᾠκοδόμησεν
790 1473 872 1508 ἑαυτῇ

886 842 908 871 Β

921 221 948 244 et
957 216 1026 243 dixit
1037 215 1074 242 ηε
1089 223 1097 239 ι
1112 214 1140 241 Si
1151 214 1319 248 interrogant
1331 220 1374 240 me
1387 222 1392 239 :
1404 212 1480 245 Quod
1492 216 1532 239 est
1541 219 1638 240 nomen
1647 213 1706 248 eius

921 263 967 298 qui
992 267 1018 289 te
1050 259 1144 288 inlisit?
1172 260 1235 294 quid
1259 260 1346 287 dicam
1373 259 1429 286 eis?
1452 267 1461 284 ι
1486 257 1603 292 Angelus
1623 258 1705 285 etiam

921 308 990 343 apud
1016 306 1175 335 Zachariam
1201 313 1215 332 a
1236 305 1292 333 Deo
1318 305 1468 340 qumrebat,
1493 304 1607 332 dicens:
1627 313 1636 329 ι
1653 303 1719 345 Do-I

923 355 996 382 mine
1017 353 1200 388 omnipotens,
1219 357 1358 386 usquequo
1380 358 1432 378 non
1447 350 1618 378 misereberis
1630 349 1707 377 Jeru-

922 402 1006 427 salem
1024 398 1066 425 "l
1081 407 1091 424 ›
1109 397 1142 425 Et
1157 397 1333 432 exspectabat
1345 403 1485 431 quousque
1499 395 1580 423 verba
1596 396 1666 423 bona
1680 399 1708 421 ct

922 444 1103 473 consolatoria
1128 444 1254 471 audiret.
1285 442 1318 470 Et
1349 441 1476 469 Halm-uc
1504 442 1592 476 inquit
1616 450 1625 469 :
1653 451 1661 467 ι
1679 441 1708 468 lu

922 499 980 519 mea
998 490 1121 518 custodia
1139 489 1229 522 stabo,
1244 494 1272 517 et
1282 488 1425 517 ascendam
1436 489 1462 516 in
1475 492 1590 523 petram,
1602 492 1630 515 et
1643 495 1708 515 con-

921 537 1046 565 siderabo
1066 535 1130 570 quid
1155 535 1281 570 loquatur
1306 535 1332 561 in
1358 541 1401 562 me
1424 533 1538 561 Deus".
1554 543 1564 559 ι
1587 533 1618 560 lli
1635 533 1707 560 enim

922 587 1059 610 omnesut
1075 582 1146 609 servi
1169 587 1195 609 et
1212 585 1356 613 creatum,
1375 580 1450 608 verbi
1472 579 1648 607 meditatione
1669 579 1708 606 in-

923 629 1060 664 digentes,
1075 627 1242 655 voluntatem
1269 631 1294 654 et
1326 626 1467 653 consilium
1497 625 1586 652 Patris
1613 625 1646 651 ab
1675 631 1708 651 eo

922 675 1029 702 discere
1046 673 1201 708 cupiebant.
1218 672 1301 699 Filius
1318 679 1380 699 vero
1397 679 1457 699 cum
1475 671 1510 699 sit
1525 670 1640 698 Verbum
1655 669 1707 697 Pa—

923 720 983 752 tris,
992 724 1019 747 ct
1032 718 1160 746 voluntas
1168 717 1217 752 ipsi
1229 717 1403 749 inexsistens,
1421 723 1472 743 non
1483 715 1580 750 quaerit
1592 715 1708 743 discere.

922 765 981 794 Non
995 765 1076 800 igitur
1093 772 1142 799 per
1154 764 1304 791 doctrinam
1323 763 1373 790 hoc
1389 767 1550 790 consecutus
1566 767 1608 789 est
1624 767 1651 788 ut
1673 761 1709 789 sit

923 816 1041 845 creator,
1064 811 1111 840 sed
1127 809 1309 838 cssenlialitcr
1326 813 1353 836 et
1375 808 1533 835 naturaliter
1549 809 1599 835 hoc
1617 808 1708 834 habet.

925 869 1018 896 Adhuc
1035 869 1063 896 in
1085 867 1163 899 illud,
1181 877 1190 892 ι
1208 866 1336 893 Dominus
1356 865 1450 892 creavit
1473 873 1512 891 me
1532 865 1636 891 initium
1655 864 1709 891 via-

960 913 1018 931 rum
1036 910 1146 930 suarum
1159 902 1189 928 ³³.
1207 911 1216 927 ι
1236 901 1312 933 Quod
1335 899 1421 927 Filius
1443 908 1494 926 non
1519 901 1551 926 sit
1577 906 1708 930 creatura,

960 940 1005 966 sed
1023 938 1172 966 omittemus
1194 936 1282 964 Patri.
1306 936 1442 968 Quomodo
1462 940 1548 961 autem
1568 935 1710 968 intelligere

961 979 1079 1009 oporteat
1096 972 1176 1004 illud,
1193 981 1202 997 ι
1219 971 1349 997 Dominus
1363 970 1458 1009 creauit
1477 978 1516 1009 ine
1535 970 1636 1009 initium
1655 968 1709 995 via-

960 1005 1019 1036 rum
1033 1016 1153 1040 suarum,
1169 1017 1179 1034 ι
1201 1015 1234 1034 ea:
1248 1006 1466 1040 consequentibus
1485 1005 1656 1039 intelligetur.

961 1064 1082 1092 Primum
1098 1063 1162 1091 illud
1179 1062 1321 1090 dicendum
1338 1066 1388 1094 est,
1407 1061 1515 1096 quando
1525 1069 1584 1095 qua}
1600 1069 1709 1096 prover-

927 1110 1034 1137 bialiter
1053 1109 1190 1141 dicuntur,
1215 1107 1338 1135 videntur
1360 1105 1515 1141 significare
1537 1105 1638 1139 aliquid
1665 1113 1709 1132 se-

926 1155 1043 1184 cundum
1057 1154 1166 1182 obvium
1182 1161 1289 1182 sensum
1303 1163 1310 1179 :
1324 1161 1377 1180 non
1393 1156 1482 1179 tamen
1495 1151 1530 1178 ita
1545 1156 1574 1178 ut
1588 1151 1713 1178 dicuntur

926 1209 987 1229 sese
1001 1201 1112 1234 habent,
1130 1200 1268 1234 aliumque
1285 1199 1453 1227 reconditum
1471 1206 1580 1225 sensum
1601 1198 1710 1225 habent.

926 1245 1029 1272 Idcirco
1046 1245 1175 1272 Servator
1189 1244 1222 1271 ad
1240 1243 1385 1278 discipulos
1401 1251 1464 1271 suos
1478 1243 1546 1270 dixit
1562 1252 1568 1270 :
1585 1253 1594 1269 ι
1611 1243 1672 1271 Haec
1686 1243 1711 1270 in

927 1291 1061 1326 parabolis
1073 1290 1182 1318 locutus
1195 1297 1254 1317 sum
1271 1289 1358 1322 vobis.
1369 1288 1414 1317 sed
1427 1289 1514 1316 veniet
1530 1289 1594 1316 hora
1606 1289 1713 1324 quando

928 1344 980 1364 non
1008 1336 1034 1363 in
1056 1335 1207 1370 proverbiis
1232 1334 1327 1369 loquar
1349 1334 1444 1366 vobis,
1468 1333 1515 1361 sed
1546 1333 1634 1368 palam
1646 1333 1684 1366 '°;
1701 1343 1710 1359 ι

927 1384 1027 1419 quippe
1045 1381 1118 1417 quod
1135 1382 1160 1408 in
1173 1381 1328 1416 proverbiis
1342 1387 1384 1408 res
1397 1380 1454 1415 ipsa
1469 1387 1520 1407 non
1536 1379 1622 1414 palam
1636 1387 1713 1414 aper-

929 1435 1009 1464 teque
1030 1428 1190 1464 explicetur.
1217 1427 1284 1454 Cum
1303 1427 1395 1461 itaque
1419 1427 1517 1454 nudius
1537 1426 1648 1454 dixisset
1664 1426 1713 1453 Sa-

928 1476 1039 1511 pientia,
1061 1484 1070 1501 ι
1085 1474 1188 1502 creavit
1206 1481 1258 1506 me,
1275 1482 1284 1499 ι
1303 1473 1434 1507 ejusmodi
1454 1473 1590 1508 quidpiam
1612 1473 1688 1500 addit
1704 1483 1710 1501 :

87 1515 166 1546 οἶκον.
194 1527 204 1544 ι
227 1517 261 1545 Ei.
276 1518 365 1545 τοίνυν
392 1519 409 1553 ἡ
431 1518 511 1552 σοφία
539 1518 588 1553 μὲν
613 1517 686 1544 ἔστιν
702 1519 716 1545 ὁ
736 1518 782 1545 τοῦ
807 1518 873 1545 Θεοῦ

933 1532 938 1549 ι
955 1521 1092 1557 Sapientia
1105 1520 1247 1548 aediﬁcavit
1270 1519 1320 1547 sibi
1336 1519 1444 1546 domum
1457 1519 1488 1546 ".
1507 1529 1515 1545 ι
1532 1519 1560 1547 Si
1582 1527 1646 1555 ergo
1661 1520 1712 1548 Sa-

88 1565 178 1598 Λόγος,
194 1564 278 1600 ἑαυτῇ
296 1564 324 1591 δὲ
339 1564 385 1590 τὸν
399 1562 471 1590 οἷκον
491 1565 637 1600 οίκοδομεϊ,
651 1564 702 1591 ποῦ
716 1564 745 1591 τὸ
761 1574 769 1590 ι
785 1563 876 1591 ἔκτισε

89 1618 119 1645 με
144 1620 152 1636 ι
175 1610 310 1646 χωρήσει,
333 1609 455 1642 πιθανῶς
476 1610 617 1646 ζητητέον.
647 1610 727 1637 Ἐστι
752 1611 843 1637 τοίνυν
863 1611 876 1637 ὁ

89 1655 162 1682 τοῦτο
173 1656 263 1690 λέγων
279 1656 408 1692 Χριστὸς,
424 1657 461 1688 ὡς
474 1657 523 1692 ἤδη
541 1656 649 1692 τεχθεὶς
668 1657 715 1683 καὶ
731 1657 877 1692 γενόμενος

88 1701 244 1737 ἄνθρωπος·
263 1702 306 1736 ἐφ’
320 1698 352 1728 οὗ
375 1702 416 1736 τὸ,
439 1711 448 1728 ι
469 1701 558 1729 ἔκτισε
582 1711 627 1738 με,
649 1712 658 1729 ι
677 1702 877 1738 ἀδυσφημήτως

89 1749 215 1779 κεὶσεται,
231 1747 302 1775 καθὸ
315 1747 468 1783 ἄνθρωπος,
480 1748 579 1783 Γέγονε
590 1749 619 1775 δὲ
631 1749 680 1784 τῆς
696 1749 792 1784 σοφίας
804 1747 878 1782 οἶκος

90 1794 129 1820 ὑπ’
159 1794 248 1829 αὐτῆς
284 1795 539 1831 κατεσκευασμένος
567 1795 598 1822 τὸ
632 1796 711 1831 σῶμα
738 1795 818 1823 τοῦτο
847 1796 878 1823 τδ

90 1839 173 1866 κοινὸν
196 1839 227 1865 τὺ
243 1839 276 1865 ὲκ
298 1839 348 1874 τῆς
365 1840 446 1874 ἁγίας
462 1839 601 1876 Παρθένου
621 1841 726 1877 τεχθὲν,
747 1843 776 1868 ὲν
788 1838 810 1876 ᾧ
831 1841 877 1868 εὐ-

90 1885 182 1921 δόκησε
203 1886 369 1920 κατοικῆσαι
393 1886 447 1912 πᾶν
474 1886 503 1913 τὸ
529 1886 667 1922 πλήρωμα
685 1888 734 1923 τῆς
753 1887 878 1924 θεότητος

91 1930 265 1964 σωματικῶς,
283 1929 355 1956 κατὰ
377 1929 426 1965 τὴν
447 1930 507 1956 τοῦ-
521 1930 628 1957 Παύλου
655 1931 757 1966 φωνήν.
773 1931 878 1958 Οὐκοῦν

91 1976 235 2012 ἐπειδήπερ
251 1976 266 2002 ὸ
281 1975 369 2009 Λόγος
385 1975 455 2012 σὰρξ
471 1975 590 2010 ἐγένετο,
610 1975 701 2012 τίθησι
719 1976 783 2012 περὶ
796 1975 878 2003 αὐτοῦ

92 2023 125 2054 ιδ,
143 2033 152 2049 ι
167 2023 259 2050 ἔκτισέ
278 2031 323 2058 με,
345 2032 354 2049 ι
374 2023 391 2059 ἡ
404 2023 464 2050 θεία
478 2024 586 2060 Γραφὴ,
602 2025 670 2052 καθὸ
685 2025 779 2060 γέγονε
794 2025 877 2058 adoi-

92 2070 132 2095 καὶ
149 2069 238 2102 οὓτως
255 2069 376 2096 νοεῖσθαι
393 2069 445 2105 χρὴ
461 2069 491 2097 τδ
506 2070 661 2106 λεγόμενον.

93 2147 190 2179 ΑΛΛΟ,
208 2147 279 2184 ’Ὅτι
298 2147 343 2184 τό.
366 2156 376 2173 ι
399 2148 500 2175 ἔκτισε
517 2156 566 2182 με,
593 2158 602 2174 ι
622 2149 718 2183 μόνον
731 2151 877 2184 κείμενον,

123 2183 157 2209 οὐ
172 2182 294 2225 πάξ-τως
305 2181 362 2215 τὴν
376 2184 475 2222 αἰτίαι*
487 2181 637 2225 {mla/rei,
653 2181 805 2225 dJ.1&_rii_r
818 2181 878 2225 ἀπζό
895 2195 916 2222 ι)

123 2226 203 2249 τινος
215 2217 280 2250 ἤτοι
296 2218 486 2251 κατασκευῆς
500 2218 518 2250 ἢ
533 2218 703 2252 πράγματος
718 2222 760 2252 εἰς
777 2221 833 2252 ἔτει
843 2222 878 2247 όν

125 2260 148 2278 τι
165 2244 527 2286 μέτὶὶστασιν.Ἕστώ’ὃέ,
541 2244 567 2279 si
773 2244 879 2282 ί

125 2295 190 2318 σειν,
207 2297 218 2313 ι
236 2287 414 2322 ἀδιορίστως
434 2288 483 2314 ἐπὶ
499 2289 637 2322 Χριστοῦ.

182 2307 190 2318 ,
207 2297 218 2313 ι
236 2297 414 2321 αοιοριστως
434 2297 483 2314 em
499 2297 637 2321 Αριστου.

129 2354 138 2369 ι
159 2344 263 2380 Κύριος
283 2344 374 2370 ἑκτισέ
393 2353 426 2380 με
446 2345 533 2380 ἀρχὴν
551 2345 619 2372 ὁδῶν
640 2346 741 2373 αὐτοῦ·
761 2356 770 2372 ι
795 2348 821 2374 εἴ
838 2356 879 2381 τις

96 2391 213 2427 ἀκριϐῶς
234 2391 323 2418 ἐθέλοι
346 2392 377 2418 τὸ
395 2392 587 2427 γεγραμμένον
607 2394 687 2426 νοεῖν,
710 2394 818 2430 εὑρήσει
838 2395 878 2427 τὸ,

99 2446 106 2460 ι
124 2437 240 2468 ἔκτισεν,
262 2447 271 2463 ι
293 2437 388 2464 ἐνθάδε
401 2437 430 2463 οὐ
446 2436 492 2463 τοῦ
507 2437 593 2471 Λόγου
613 2439 661 2473 τὴν
675 2439 768 2465 οὐσίαν
784 2441 882 2475 σημαῖ-

96 2490 135 2507 νον
156 2482 194 2513 ὡς
214 2482 416 2517 πεποιημένην,
430 2480 488 2508 ἀλλ’
504 2481 600 2517 ἑτέραν
616 2482 677 2510 τινὰ
700 2484 818 2511 διάνοιαν
837 2485 882 2520 ὁρ-

99 2528 149 2559 θήν.
170 2528 290 2562 Λέγεται
317 2527 373 2563 γὰρ
396 2526 536 2559 κτίζεσθαι
562 2528 609 2554 καὶ
627 2528 662 2555 τὰ
688 2529 751 2556 ὄντα
770 2538 798 2556 τε
820 2530 881 2565 ἤδη,

97 2575 137 2600 καὶ
158 2574 193 2600 τὰ
221 2575 306 2609 μήπω
332 2573 477 2608 γενόμενα,
496 2573 533 2599 Τὸ
551 2573 579 2599 δὲ
599 2574 722 2609 ὑπάρχον
744 2575 805 2610 ἤδη,
823 2575 882 2608 πῶς

98 2619 126 2644 ἂν
143 2619 248 2654 λέγοιτο
265 2619 418 2651 κτίζεσθαι,
434 2618 482 2645 καὶ
499 2618 586 2654 ἀρχὴν
607 2619 703 2655 ἑτέραν
720 2620 877 2655 λαμϐάνειν,

98 2664 236 2691 ἀκόλουθον
252 2665 327 2691 ἰδεῖν.
356 2665 418 2690 Ἐπὶ
436 2664 485 2699 μὲν
504 2664 559 2699 γὰρ
572 2664 626 2691 τῶν
640 2665 715 2692 οὔπω
730 2666 879 2700 γεγονότων

49 2723 52 2730 ι
98 2711 118 2736 εἰ
132 2711 220 2746 τεθείη
241 2711 284 2743 τὸ,
310 2720 320 2737 ι
346 2710 463 2743 ἔκτισεν,
495 2719 504 2736 ι
524 2711 640 2745 εὐλόγως
661 2711 694 2739 ἂν
712 2712 761 2747 τὴν
785 2713 815 2739 ὲκ
832 2713 878 2740 τοῦ

133 2800 153 2815 ’⁵
164 2800 231 2827 ﬁeri.
250 2807 295 2830 xv,
315 2799 343 2827 8.

102 2833 137 2859 23-
174 2835 195 2851 "
209 2835 291 2863 Prov.
310 2842 349 2868 ιγ,
368 2834 392 2862 1.
427 2835 460 2850 ἰ’
476 2834 626 2868 Coloss.u,
641 2836 665 2863 9.

395 2799 513 2835 “Exod.
533 2807 573 2832 Ill,
593 2800 637 2828 l3.
673 2798 692 2813 ¹⁷
709 2800 821 2829 Zachar.
839 2809 859 2835 I,
880 2801 921 2828 12.

928 1567 1028 1603 pientia
1051 1570 1091 1593 est
1107 1564 1224 1592 Verbum
1244 1564 1302 1597 Dei,
1323 1565 1490 1600 azdilicatque
1514 1565 1563 1592 sibi
1591 1565 1640 1600 ipsi
1663 1566 1713 1594 do-

927 1620 1013 1644 mum,
1028 1618 1144 1646 quonam
1164 1611 1240 1643 illud,
1257 1619 1267 1636 ι
1283 1610 1385 1638 creavit
1400 1619 1453 1644 me,
1473 1620 1482 1636 ι
1500 1612 1641 1646 pertineat,
1657 1620 1714 1640 me-

927 1659 981 1687 rito
992 1658 1077 1694 quaeri
1091 1661 1189 1693 potest.
1201 1656 1327 1684 Christus
1345 1657 1436 1692 itaque
1454 1662 1495 1684 est
1510 1658 1555 1692 qui
1574 1658 1626 1686 hoc
1637 1659 1714 1692 dicit,

928 1709 1021 1739 utpote
1031 1704 1086 1739 jam
1100 1708 1178 1731 natus
1193 1707 1220 1730 et
1234 1703 1314 1730 homo
1329 1702 1417 1730 factus
1430 1712 1437 1730 :
1453 1704 1486 1730 de
1501 1711 1554 1738 quo
1567 1709 1595 1731 ut
1608 1705 1716 1732 homine

928 1750 1005 1784 illud,
1019 1759 1029 1776 ι
1045 1750 1150 1778 creavit
1164 1757 1216 1782 me,
1232 1758 1242 1775 ι
1258 1749 1326 1776 citra
1343 1748 1537 1784 blasphemiam
1552 1750 1604 1777 dici
1617 1755 1716 1786 potest.

928 1797 1010 1825 Facta
1031 1802 1073 1825 cst
1094 1801 1185 1824 autem
1199 1795 1295 1823 domus
1312 1794 1453 1830 sapientiae
1473 1802 1487 1821 a
1510 1801 1540 1822 se
1562 1801 1715 1823 constructa

929 1850 1071 1871 commune
1091 1842 1142 1870 hoc
1157 1849 1256 1877 corpus
1276 1849 1309 1869 ex
1327 1845 1420 1868 sancta
1436 1840 1547 1875 Virgine
1565 1845 1666 1873 natum,
1689 1841 1715 1868 in

929 1897 982 1924 quo
997 1889 1106 1924 dignata
1123 1892 1167 1916 est
1182 1887 1307 1915 habitare
1323 1887 1402 1922 156
1414 1886 1550 1922 plenitudo
1568 1887 1716 1914 divinitatis

929 1935 1118 1971 corporaliter,
1137 1934 1213 1968 juxta
1234 1933 1307 1961 Pauli
1320 1940 1412 1960 vocem
1424 1932 1468 1960 "‘.
1478 1932 1544 1960 Cum
1558 1932 1640 1966 igitur
1651 1931 1716 1966 Ver—

930 1981 991 2008 bum
1012 1987 1076 2007 caro
1094 1979 1194 2006 factum
1214 1978 1259 2010 sit.
1278 1978 1311 2005 de
1328 1978 1386 2012 ipso
1402 1977 1467 2004 dicit
1480 1984 1557 2004 sacra
1576 1976 1715 2011 Scriptura

930 2025 1004 2053 illud.
1028 2034 1037 2051 ι
1060 2024 1162 2052 creavit
1184 2031 1238 2055 me,
1256 2032 1265 2048 ι
1289 2026 1422 2057 quatenus
1452 2021 1539 2049 lactus
1564 2027 1603 2049 est
1628 2030 1691 2050 caro
1707 2042 1714 2050 .

930 2072 1021 2106 itaque
1035 2069 1085 2097 hoc
1102 2069 1203 2097 dictum
1225 2067 1336 2102 intelligi
1352 2066 1443 2095 debet.

930 2150 1046 2181 ALlUD.
1064 2149 1140 2182 Quod
1163 2149 1211 2176 Itoc
1238 2147 1322 2175 solum
1343 2147 1467 2182 potitum,
1491 2155 1500 2172 ι
1520 2147 1615 2173 crearit
1637 2154 1687 2179 mp,
1704 2157 1713 2173 ι

965 2194 1017 2213 non
1032 2186 1057 2212 in
1072 2181 1222 2211 uniuersum
1236 2190 1342 2209 causam
1359 2181 1500 2216 signiﬁcat,
1519 2183 1563 2208 sed
1580 2190 1612 2208 ea:
1628 2181 1716 2216 aliqua

969 2221 1154 2248 constitit/ioue
1181 2218 1219 2245 vel
1245 2225 1272 2244 re
1289 2217 1489 2243 translationem
1510 2217 1537 2243 in
1558 2217 1651 2243 alium.
1677 2216 1717 2244 Sit

968 2264 1039 2286 vero,
1055 2256 1077 2281 si
1093 2254 1172 2285 voles,
1194 2253 1273 2285 illud,
1291 2261 1300 2278 ι
1316 2251 1412 2279 crearit
1424 2259 1474 2283 me,
1493 2260 1502 2277 )
1529 2252 1664 2286 indeﬁnite
1685 2253 1717 2279 de

968 2290 1076 2318 Christo
1091 2290 1199 2316 dictum.

970 2355 980 2372 ι
996 2347 1125 2373 Dominus
1140 2344 1244 2372 creavit
1265 2351 1308 2371 me
1321 2343 1428 2371 initium
1444 2343 1548 2370 viarum
1564 2350 1687 2375 suarum,
1706 2352 1716 2368 ι

933 2392 954 2420 si
966 2392 1027 2427 quis
1037 2395 1133 2419 exacte
1145 2389 1300 2424 intelligere
1312 2389 1386 2422 velit,
1403 2388 1533 2421 inveniet,
1552 2397 1561 2413 ι
1577 2389 1688 2422 creavit,
1705 2398 1714 2414 ι

932 2437 976 2465 hic
990 2443 1043 2464 n0n
1057 2435 1137 2463 Verbi
1151 2435 1296 2463 essentiam
1314 2433 1478 2468 signiﬁcare,
1495 2438 1524 2460 ut
1542 2433 1650 2466 factam,
1671 2435 1718 2461 scd

931 2483 1013 2510 alium
1040 2481 1183 2517 quemdam
1209 2484 1312 2508 rectum
1339 2486 1461 2506 sensum.
1490 2479 1619 2506 Dicuntur
1645 2480 1716 2506 enim

931 2529 1030 2560 creari,
1047 2532 1074 2555 et
1089 2535 1148 2562 quac
1161 2526 1216 2560 jam
1231 2526 1377 2557 exsistunt,
1396 2529 1424 2552 et
1438 2532 1496 2559 qua:
1511 2525 1629 2552 nondum
1648 2525 1717 2552 facta

931 2578 1005 2602 sunt.
1030 2572 1058 2601 ld
1073 2580 1138 2600 vero
1150 2571 1220 2606 quod
1241 2571 1298 2606 jam
1321 2570 1439 2602 exsistit,
1461 2569 1595 2604 quomodo
1614 2570 1719 2597 dicatur

931 2619 1031 2653 creari,
1059 2619 1184 2653 aliudque
1208 2617 1315 2644 initium
1344 2616 1474 2648 naucisei,
1495 2615 1641 2643 videndum
1665 2623 1716 2643 cst.

932 2665 999 2693 Nam
1024 2665 1046 2692 si
1071 2664 1103 2691 de
1127 2664 1161 2691 iis
1183 2670 1244 2698 quae
1271 2662 1390 2689 nondum
1417 2660 1487 2689 facta
1513 2666 1576 2688 sunt
1601 2661 1717 2693 dicatur,

936 2721 945 2738 ι
959 2711 1072 2744 creavit,
1089 2721 1098 2737 ι
1119 2717 1149 2738 ea
1171 2716 1232 2737 cam
1254 2713 1335 2736 antea
1352 2715 1404 2735 nou
1419 2711 1521 2741 essent,
1536 2707 1591 2742 jam
1610 2707 1642 2734 ad
1658 2714 1719 2734 eSse

968 2799 988 2815 ⁸³
1002 2800 1101 2827 llabac.
1117 2806 1146 2830 ll,
1164 2798 1189 2824 l.
1238 2797 1259 2813 ‘°
1273 2796 1353 2823 Prov.
1369 2803 1427 2827 vtu,
1445 2794 1490 2820 20.
1528 2794 1550 2810 ¹⁰
1565 2793 1642 2821 Joan.
1660 2799 1716 2826 (γι,
